4108 6446
319 373 429 434 261

1568 368 1901 429 samum
1941 327 2514 458 ΑιόοιοοετιοΑ.

3625 370 3746 431 262

315 505 402 556 νῦν
461 501 742 577 θεολογεῖ,
802 498 989 576 ὅτιπερ
1051 500 1079 554 ὁ
1142 500 1272 562 Θεὸς
1342 499 1434 555 καὶ
1488 499 1681 575 Πατὴρ
1737 497 1977 570 κινηθεὶς
2008 500 2057 566 Α
2093 496 2153 552 ἐκ
2208 502 2304 552 τοῦ
2353 497 2563 571 Πατρὸς
2615 496 3083 572 ἐκπορευόμενον·
3122 498 3288 572 μόνος
3346 498 3448 574 γὰρ
3508 495 3680 562 uino:
3714 501 3742 555 6

315 588 572 666 ἀχρόνως
644 588 736 643 xui
814 587 1170 664 ἀγαπητικῶς
1238 584 1517 662 προῆλθεν
1576 585 1652 647 εἰς
1713 583 1978 662 διάκρισιν

321 677 689 747 ὑποστάσεων,
720 676 940 754 ἀμερῶ)
995 698 1056 732 τε
1113 676 1206 731 καὶ
1266 675 1557 749 ἀμειώτως
1620 674 1800 748 μείνας
1828 673 1879 729 ἐν
1911 678 1980 748 τῇ

326 766 545 839 ὀλότητι
592 764 1037 843 ὑπιρηνωμένως
1087 764 1178 820 καὶ
1221 761 1707 840 ὑπερηπλωμένως
1751 767 1849 818 τοῦ
1899 762 1980 817 οἰ-

328 856 467 913 κείου
518 854 950 929 ἀπαυγάσματος
1007 853 1084 918 εἰς
1164 853 1385 930 ὕπαρξιν
1457 851 1846 928 προελθόντος,
1905 851 1980 914 ὡς

337 945 528 1007 εἰκόνος
576 944 781 1014 ζώσης,
810 943 902 999 καὶ
948 948 1048 999 τοῦ
1092 942 1353 1020 παναγίου
1384 941 1705 1015 ΙΙνεύματος
1747 961 1982 1017 προσκυ-

338 1037 503 1105 νητῶς
528 1032 619 1088 καὶ
677 1031 1050 1109 ὑπεραεννάως
1101 1027 1539 1107 ἐκπορευομένου
1597 1030 1657 1086 ἐκ
1713 1035 1811 1085 τοῦ
1868 1036 1982 1085 Πα-

338 1123 473 1200 τρὸς,
547 1122 624 1184 ὡς
697 1125 1044 1197 μυσταγωγεῖ
1119 1121 1147 1175 6
1219 1119 1435 1196 Κύριος.
1517 1118 1839 1196 Ἀγαθότητι
1925 1115 1983 1174 δὲ

338 1210 635 1284 ἐπληθύνθη
670 1210 760 1267 ἐπὶ
809 1209 1233 1288 τρισυπόστατον
1278 1207 1534 1286 θεαρχίαν
1576 1211 1612 1279 ἡ
1646 1207 1793 1263 αἰτία
1844 1206 1979 1263 πάν-

332 1324 427 1357 των
477 1300 570 1356 καὶ
618 1302 796 1377 πηγή.
830 1298 1007 1357 Ἀλλά
1052 1300 1177 1371 τὴν,
1222 1297 1403 1375 Πάτερ
1450 1301 1635 1372 ἡμῶν,
1666 1297 1978 1374 προσευχήν

328 1390 662 1466 ἑρμηνεύων,
715 1389 917 1445 οὑτωσί
968 1410 1086 1451 πως
1136 1387 1310 1465 λέγων
1358 1383 1867 1461 καταλαμϐάνεται·
1924 1387 1982 1440 Ὁ

325 1480 440 1541 Υἱὸς
489 1478 583 1535 καὶ
638 1479 703 1534 τὸ
754 1482 981 1552 Πνεῦμα
1024 1477 1089 1532 τὸ
1138 1479 1293 1554 ἅγιον
1345 1473 1631 1538 υύσιωδῶς
1676 1480 1757 1548 τῷ
1805 1474 1983 1552 Πατρὶ

323 1570 777 1647 συνυφεστήκασι,
813 1566 865 1639 ἐξ
919 1565 1085 1622 αὐτοῦ
1143 1587 1201 1622 τε
1261 1561 1390 1621 ὄντα
1435 1564 1525 1621 καὶ
1573 1564 1627 1620 ἐν
1655 1565 1803 1637 αὐτῷ
1833 1585 1984 1643 φυσι-

319 1662 432 1720 κῶς
499 1657 636 1731 ὑπὲρ
684 1655 861 1712 αἰτίαν
918 1656 1009 1711 καὶ
1066 1654 1258 1731 λόγον.
1303 1655 1551 1728 Μάξιμος
1612 1654 1706 1729 μὲν
1757 1651 1848 1709 οὖν
1899 1651 1986 1709 οὕ-

319 1768 452 1810 τως,
512 1746 590 1801 Τὰ
664 1743 724 1801 δὲ
785 1748 883 1801 τοῦ
938 1744 1086 1801 θείου
1145 1745 1400 1801 Ἰωάννου
1471 1747 1828 1818 Δαμασκηνοῦ
1893 1742 1983 1798 καὶ

319 1834 466 1940 πολύ
494 1856 556 1912 γε
582 1839 690 1891 τῶν
727 1839 826 1890 τοῦ
883 1833 1152 1910 μακαρίου
1211 1832 1466 1908 Μαξίμου
1516 1831 1842 1939 μακρότερα,
1873 1834 1986 1940 ἅμα
2017 1875 2065 1940 Β

300 1920 381 1980 δὲ
433 1925 526 1979 καὶ
582 1923 899 2003 σαφέστερα.
930 1924 1001 1978 Τὸ
1057 1927 1287 1997 Πνεῦμα
1341 1923 1407 1978 τὸ
1465 1923 1643 1997 ἅγιον,
1686 1921 1841 2000 φησί,
1891 1921 1982 1976 καὶ

320 2012 453 2068 αύτὸ
509 2012 604 2087 μὲν
651 2012 712 2068 ἐκ
757 2017 854 2068 τοῦ
908 2011 1124 2088 Πατρὸς
1174 2010 1237 2067 ού
1288 2015 1588 2087 γεννητῶς,
1638 2009 1765 2066 ἀλλ’
1823 2009 1983 2066 ἐκπο-

322 2105 549 2174 ρευτῶς.
588 2101 734 2172 Φησὶ
796 2098 854 2156 δὲ
896 2100 948 2156 ἐν
1007 2100 1288 2180 κεφαλαίῳ
1339 2104 1527 2171 ταῦτα,
1566 2104 1647 2172 τῷ
1700 2097 1825 2176 περί
1879 2106 1979 2169 τῆς

323 2188 746 2266 διακεκριμένης
819 2190 910 2245 καὶ
974 2188 1270 2264 ἡνωμένης
1341 2186 1646 2265 θεολογίας,
1707 2188 1797 2243 καὶ
1867 2188 1981 2262 μετ’

320 2279 490 2356 ὀλίγα
546 2280 599 2334 ἐν
657 2284 737 2353 τῷ
795 2279 975 2353 αὐτῷ’
1008 2282 1159 2354 ’Ἅμα
1216 2275 1274 2335 δὲ
1328 2277 1421 2333 καὶ
1477 2283 1574 2333 τοῦ
1617 2279 1744 2332 Υίοῦ
1797 2276 1857 2332 ἐκ
1882 2281 1980 2332 τοῦ

317 2369 541 2445 Πατρὸς
588 2368 863 2445 γέννησις,
912 2369 1004 2423 καὶ
1052 2370 1088 2438 ἡ
1131 2371 1230 2422 τοῦ
1291 2366 1449 2442 ἁγίου
1513 2364 1831 2440 ΙΙνεύματος
1892 2365 1979 2421 ἐκ-

313 2457 596 2533 πόρευσις,
627 2456 719 2513 καὶ
749 2458 926 2513 πάντα
953 2455 1053 2512 ὅσα
1078 2455 1193 2534 ἔχει
1226 2457 1257 2510 6
1285 2456 1407 2519 Υἱὸς
1462 2455 1552 2511 καὶ
1611 2456 1674 2510 τὸ
1732 2459 1978 2529 Πνεῦμα,

314 2546 383 2602 ἐκ
436 2550 538 2601 τοῦ
594 2545 811 2621 Πατρὸς
868 2541 1006 2623 ἔχει,
1060 2546 1150 2601 καὶ
1209 2544 1341 2600 αὐτὸ
1395 2545 1459 2600 τὸ
1516 2544 1672 2600 εἶναι.
1706 2543 1803 2599 Καὶ
1866 2544 1983 2617 μεθ’

308 2634 511 2713 ἕτερα·
543 2634 619 2689 Ού
665 2641 813 2710 τρεῖς
873 2634 1027 2699 θεοὺς
1087 2633 1318 2712 λέγομεν
1374 2635 1467 2689 τὸν
1501 2634 1719 2709 Πατέρα
1768 2633 1857 2689 καὶ
1885 2633 1978 2688 τὸν

314 2725 446 2784 Γὶὸν
508 2724 600 2779 xui
643 2725 707 2779 τὸ
755 2725 911 2800 ἅγιον
945 2728 1193 2798 Πνεῦμα.
1223 2721 1316 2779 ἕνα
1348 2720 1406 2779 δὲ
1460 2721 1672 2797 μᾶλλον
1720 2722 1847 2778 Θεὸν
1877 2723 1978 2791 τήν

311 2813 474 2890 ἁγίαν
530 2810 751 2890 Τριάδα,
813 2813 895 2875 οἷς
958 2812 1016 2869 ἓν
1070 2809 1243 2869 αἷίτιον
1321 2811 1453 2866 Υἱοῦ
1509 2812 1599 2866 xui
1658 2810 1979 2885 ΙΙνεύματος

309 2902 758 2981 ἀναφερομένων,
810 2902 873 2957 οὐ
946 2899 1360 2975 συντιθεμένων,
1401 2901 1438 2971 ἢ
1480 2898 1978 2980 συναλειφομένων.

311 2989 419 3045 Καὶ
481 2990 600 3063 μεθ’
655 2986 816 3066 ἕτερα
869 2986 1051 3052 αὖθις·
1109 2989 1228 3063 Χρὴ
1287 2986 1346 3043 δὲ
1401 2989 1682 3065 γινώσκειν
1745 2988 1829 3044 ὅτι
1886 2990 1978 3045 τὸν

310 3080 539 3156 Πατέρα
590 3077 654 3133 ού
703 3076 937 3154 λέγομεν
991 3074 1052 3133 ἔκ
1078 3099 1248 3151 τινος,
1295 3078 1526 3155 λέγομεν
1572 3075 1630 3133 δὲ
1676 3076 1834 3133 αὐτὸν
1882 3082 1981 3133 τοῦ

2091 589 2301 662 Πατήρ.
2336 588 2422 642 Ἐν
2453 584 2510 641 δέ
2540 607 2646 641 που
2676 590 2745 660 τῇ
2779 585 3261 661 ἐπιστολῇ,Ἡμῖν,
3294 589 3482 665 φησὶν,
3507 590 3583 651 εἷς
3614 589 3743 651 Θεὸς

2092 676 2120 729 6
2152 677 2363 752 Πατήρ,
2396 676 2486 730 xui
2519 677 2547 731 6
2590 675 2763 752 Λόγος
2794 675 2960 730 αὐτοῦ
3009 676 3101 731 xui
3153 677 3215 730 τὸ
3269 680 3490 749 Πνεῦμα
3544 677 3747 733 αὐτοῦ·

2092 764 2268 839 Λόγος
2315 762 2374 820 δὲ
2421 763 2778 819 ἐνυπόστατον
2846 762 3112 839 γέννημα,
3165 762 3249 818 διὸ
3310 763 3400 819 καὶ
3452 764 3594 829 Υἱός.
3644 765 3743 821 Καὶ

2095 859 2312 928 Πνεῦμα
2367 854 2723 910 ἐνυπόστατον
2775 853 3086 929 ἐκπόρευμα
3157 854 3246 910 xui
3316 849 3640 932 πρόϐλημα,
3686 855 3747 911 ἐκ

2092 944 2454 1020 Πατρὸςμέν,
2490 942 2559 999 δι’
2585 945 2713 1000 Υὶοῦ
2745 941 2821 1014 δὲ,
2853 943 2942 999 καὶ
2992 942 3093 998 οὐκ
3127 942 3179 1015 ἐξ
3227 944 3372 1015 Υἱοῦ,
3408 945 3485 1007 ὡς
3533 950 3747 1019 πνεῦμα

2093 1032 2355 1106 σιόματος
2400 1033 2590 1106 αὐτοῦ,
2622 1031 2792 1109 λόγαυ
2841 1031 3239 1109 ἐξαγγελτικόν.
3274 1033 3373 1089 Καὶ
3424 1034 3487 1088 τὸ
3533 1038 3749 1108 πνεῦμα

2091 1123 2234 1192 πνοή
2287 1119 2530 1195 λυομένη
2582 1121 2672 1177 καὶ
2721 1118 3079 1196 διαχεομένη,
3115 1122 3187 1184 ὡς
3221 1119 3279 1176 δὲ
3307 1123 3403 1177 κάν
3440 1144 3747 1196 μνημονευ-

2093 1210 2234 1275 θέντι
2285 1210 2453 1288 λόγῳ,
2496 1215 2690 1281 Τοῦτο,
2735 1212 2921 1289 φησὶν,
2967 1213 3104 1284 ἡμῖν
3159 1209 3584 1288 λατρευόμενον,
3631 1220 3748 1270 Πα-

2088 1301 2196 1377 τὴρ
2255 1301 2382 1354 Υἱοῦ
2441 1302 2721 1375 γεννήτωρ
2782 1298 3096 1375 ἀγέννητὸς.
3158 1298 3232 1354 Ού
3280 1300 3384 1378 γὰρ
3456 1297 3516 1356 ἔκ
3574 1323 3746 1366 τινος.

2090 1390 2214 1444 Υἱὸς
2260 1393 2360 1444 τοῦ
2408 1390 2625 1465 Πατρὸς
2673 1388 2937 1465 γέννημα,
2980 1389 3054 1452 ὡς
3108 1388 3160 1460 ἐξ
3207 1388 3371 1445 αὐτοῦ
3420 1391 3746 1468 γεγεννημέ-

2090 1499 2204 1541 νος.
2239 1482 2465 1552 Πνεῦμα
2496 1479 2647 1555 ἅγιον
2694 1481 2792 1533 τοῦ
2835 1482 2969 1532 Θεοῦ
3019 1477 3110 1532 καὶ
3160 1479 3399 1554 Πατρὸς,
3430 1480 3505 1541 ὡς
3552 1479 3603 1551 ἐξ
3651 1480 3746 1536 αύ-

2090 1572 2187 1623 τοῦ
2236 1566 2692 1643 ἐκπορευόμενον,
2733 1564 2864 1640 ὅπερ
2907 1566 2997 1621 καὶ
3046 1571 3146 1621 τοῦ
3188 1567 3317 1624 Υὶοῦ
3360 1567 3454 1642 μὲν
3506 1567 3744 1644 λέγεται,

2093 1657 2170 1720 ὡς
2226 1654 2294 1712 δι’
2350 1656 2515 1712 αὐτοῦ
2562 1656 2981 1734 φανερούμενον,
3027 1656 3117 1712 xui
3176 1660 3244 1732 τῇ
3292 1658 3463 1713 κτίσει
3525 1656 3745 1732 μεταδι-

2095 1743 2349 1820 δόμενον,
2382 1744 2512 1802 ἀλλ’
2536 1745 2637 1800 οὐκ
2661 1745 2713 1816 ἐξ
2745 1744 2908 1800 αὐτοῦ
2937 1741 3066 1821 ἕχον
3096 1745 3196 1814 τὴν
3228 1744 3474 1822 ὕπαρξιν.
3512 1771 3539 1798 ι)

2166 1834 2350 1898 Οὕτως
2399 1833 2506 1911 ἐγώ
2552 1856 2719 1913 φημι,
2750 1833 2841 1888 καὶ
2892 1833 3027 1889 αὐτά
3075 1855 3139 1910 γε
3184 1834 3251 1889 τὰ
3278 1832 3575 1911 πράγματα
3609 1857 3744 1914 μαρ-

2095 1930 2249 2002 τυρεῖ
2303 1923 2578 2000 ἐμψύχοις
2610 1924 2684 1986 ὡς
2735 1922 2794 1978 ἂν
2842 1920 2983 1978 εἷίποι
3041 1945 3123 1986 τις
3182 1925 3539 2001 μαρτυρίαις·
3599 1924 3746 2002 λέγω

2095 2012 2154 2070 δὲ
2182 2017 2270 2068 νῦν
2300 2014 2427 2076 τοὺς
2457 2017 2565 2069 τῶν
2602 2011 2882 2088 μακαρίων
2916 2011 3114 2088 λόγους
3158 2012 3235 2074 ὡς
3281 2014 3592 2090 πράγματα,
3619 2014 3747 2077 τοὺς

2093 2104 2168 2165 ὡς
2226 2100 2316 2157 διὰ
2366 2106 2464 2157 τοῦ
2519 2102 2645 2159 Υὶοῦ
2702 2099 3081 2178 ἐκπορεύεσθαι
3112 2100 3397 2178 εἰρηκότας
3430 2102 3492 2158 τὸ
3523 2107 3746 2177 Πνεῦμα

2096 2188 2265 2265 μηδὲν
2322 2188 2551 2246 ἀλλοῖον
2600 2190 2849 2259 ἐννοῆσαι
2875 2212 2887 2225 ·
2943 2187 3156 2264 μᾶλλον
3206 2190 3298 2264 μὲν
3342 2188 3459 2260 οὖν,
3489 2191 3747 2249 καὶκατά

2091 2281 2180 2335 τὸν
2213 2284 2339 2335 νοῦν
2388 2281 2775 2356 συνενεχθῆναι
2820 2284 2939 2342 τοῖς
2982 2279 3247 2356 πρώτοις,
3283 2279 3528 2352 μαθητὰς
3586 2276 3745 2345 ὄντας

2092 2367 2309 2424 ἐκείνων
2342 2368 2432 2423 καὶ
2462 2365 2720 2432 ὀπαδούς.
2754 2372 2884 2431 Πῶς
2931 2368 3036 2444 γὰρ
3095 2365 3347 2439 ἀλλοῖον,
3380 2370 3518 2425 ὅπου
3579 2371 3741 2445 μόνον

2092 2455 2261 2512 αἷίτιον
2319 2457 2443 2511 Υἱοῦ
2484 2457 2575 2511 καὶ
2624 2456 2940 2529 ΙΙνεύματος
3009 2457 3153 2512 ἴσασι
3217 2457 3308 2512 τὸν
3366 2457 3606 2536 Πατέρα,
3653 2460 3744 2517 καὶ

2095 2546 2267 2618 μόνην
2324 2546 2513 2620 πηγὴν
2566 2553 2667 2615 τῆς
2722 2545 2998 2618 θεότητος,
3028 2546 3120 2600 καὶ
3170 2545 3340 2622 ῥίζαν,
3391 2548 3483 2602 καὶ
3540 2547 3740 2625 ἀρχὴν,

2090 2635 2180 2690 καὶ
2223 2635 2321 2704 τήν
2373 2634 2433 2689 ἐκ
2485 2638 2584 2688 τοῦ
2626 2635 2753 2693 Υἱοῦ
2803 2634 3123 2709 ΙΙνεύματος
3171 2634 3395 2709 ὕπαρξιν
3440 2634 3741 2715 διαρρήδην

2089 2721 2518 2800 ἀπαγορεύουσιν
2544 2742 2560 2792 ;

2161 2810 2387 2868 Ἦδεσαν
2443 2813 2536 2886 μὲν
2586 2812 2689 2889 γὰρ
2737 2815 2941 2891 σαφῶς,
2975 2809 3069 2867 τίνα
3113 2811 3205 2866 καὶ
3253 2814 3599 2890 πειράσωμαι
3648 2814 3741 2871 σὺν

2091 2907 2208 2974 Θεῷ
2234 2902 2302 2957 τὰ
2328 2902 2452 2977 περὶ
2482 2901 2581 2970 τήν
2634 2899 2787 2975 ῥῆσιν
2834 2899 3153 2978 τρανότερον
3199 2904 3566 2972 καταστῆσαι·
3618 2901 3744 2979 ᾔδε..

2090 3012 2186 3071 σαν
2235 2991 2329 3064 μὲν
2381 2989 2470 3045 καὶ
2538 2988 2785 3063 Μάξιμος
2831 2991 2859 3044 6
2908 2990 3098 3065 μέγας,
3149 2990 3240 3045 καὶ
3290 2991 3319 3044 6
3367 2993 3510 3054 θεῖος
3567 2996 3740 3071 Ταράν

2089 3101 2227 3152 σιος,
2261 3075 2338 3135 ἔτι
2397 3078 2488 3134 καὶ
2518 3079 2547 3133 6
2589 3079 2735 3155 ἱερὸς
2782 3079 3057 3150 Ἰωάννης,
3088 3079 3151 3134 τὸ
3199 3084 3421 3153 Πνεῦμα
3474 3081 3537 3138 τὸ
3593 3083 3743 3160 ἅγιον

313 3168 444 3225 Υἳοῦ
491 3167 735 3242 Πατέρα.
765 3168 866 3222 Τὸν
921 3164 979 3222 δὲ
1027 3166 1147 3222 Γὶὸν
1202 3166 1264 3223 οὗ
1313 3165 1548 3242 λέγομεν
1583 3167 1823 3244 Πατέρα,
1854 3166 1983 3223 οὐδὲ
2028 3247 2035 3248 7
2092 3170 2153 3225 ἐκ
2207 3169 2421 3245 Πατρὸς
2481 3166 2930 3244 ἐκπορευόμενον,
2982 3168 3032 3242 ἐξ
3082 3165 3248 3246 οὗπερ
3306 3168 3590 3248 ὑφέστηκε,
3647 3174 3740 3228 καὶ

321 3254 577 3329 ἀναίτιον,
633 3254 864 3332 λέγομεν
915 3252 974 3311 δὲ
1018 3255 1178 3312 αὐτὸν
1212 3255 1301 3312 καὶ
1351 3254 1411 3311 ἐκ
1452 3261 1549 3312 τοῦ
1598 3257 1837 3333 Πατρὸς,
1885 3278 1976 3312 και
2008 3247 2051 3314 C
2087 3260 2188 3328 τὴν
2243 3265 2342 3327 τῆς
2399 3256 2766 3326 ὑποστάσεως,
2823 3255 2915 3311 xui
2988 3258 3085 3326 τὴν
3162 3262 3258 3313 τοῦ
3334 3247 3468 3314 εἶναι
3541 3259 3736 3321 αἰτίαν.

326 3344 450 3399 Υἱὸν
476 3349 569 3401 τοῦ
598 3345 845 3422 Πατρός.
877 3344 948 3400 Τὸ
980 3342 1038 3400 δὲ
1067 3350 1293 3420 Πνεῦμα
1319 3345 1383 3401 τὸ
1431 3347 1585 3422 ἅγιον
1634 3346 1725 3401 καὶ
1775 3345 1835 3402 ἐκ
1879 3351 1976 3401 τοῦ

310 3435 528 3508 ΙΙα-τρὸς
586 3433 841 3511 λέγομεν,
900 3432 993 3490 xui
1044 3439 1271 3509 Πνεῦμα
1322 3435 1542 3512 Πατρὸς
1593 3434 1972 3509 ὀνομάζομεν·

301 3521 367 3578 ἐκ
414 3528 515 3579 τοῦ
566 3524 696 3582 Υἱοῦ
740 3520 801 3579 δὲ
845 3525 909 3579 τὸ
954 3528 1181 3598 Πνεῦμα
1224 3523 1287 3579 οὗ
1339 3522 1594 3599 λέγομεν,
1642 3529 1870 3599 Πνεῦμα
1917 3522 1976 3581 δὲ

290 3614 436 3670 ’Υἱοῦ
490 3612 860 3687 ὀνομάζομεν.
925 3638 954 3666 ‹‹
1005 3614 1074 3669 Εἴ
1138 3634 1222 3676 τις
1279 3613 1404 3690 γὰρ,
1464 3639 1492 3666 ››
1554 3615 1582 3669 ὁ
1633 3614 1974 3678 Ἀπόστολος

294 3701 463 3780 φησί,
502 3725 533 3753 ι(
579 3706 810 3776 Πνεῦμα
866 3700 968 3758 οὐκ
1023 3697 1141 3779 ἔχει
1199 3706 1458 3778 Χριστοῦ.
1492 3727 1520 3755 n
1572 3702 1672 3757 Kui
1730 3700 1801 3758 δι’
1845 3704 1972 3758 Υίοῦ

293 3792 723 3870 πεφανερῶσθαι
775 3791 867 3847 καὶ
920 3788 1304 3864 μεταδίδοσθαι
1349 3793 1485 3865 ἡμῖν
1543 3789 1970 3868 ὁμολογοῦμενο

284 3879 606 3959 ἐνεφύσησε
632 3880 750 3961 λγάρ
808 3881 899 3936 καὶ
973 3880 1091 3936 εἶπε
1156 3886 1275 3944 τοῖς
1346 3882 1639 3954 μαθηταῖς,
1689 3905 1718 3933 ‹‹
1768 3876 1973 3938 Λάϐετε

284 3974 535 4043 Πνεῦμα
567 3971 742 4045 ἅγιον,
767 3995 797 4024 ››
833 3968 1016 4045 ὥσπερ
1049 3968 1109 4025 ἐκ
1140 3975 1237 4025 τοῦ
1267 3968 1436 4040 ἡλίου
1489 3970 1585 4044 μὲν
1623 3969 1659 4040 ἥ
1711 3992 1772 4026 τε
1817 3969 1970 4034 ἀκτίς

283 4058 384 4114 xui
441 4061 480 4129 ἡ
532 4054 833 4133 ἕλλαμψις.
879 4058 1059 4122 Αὐτὸς
1119 4058 1220 4136 γάρ
1288 4058 1430 4114 ἐστιν
1477 4061 1513 4129 ἡ
1562 4061 1715 4136 πηγὴ
1766 4066 1868 4130 τῆς
1911 4081 1972 4116 τε

286 4149 521 4211 ἀκτῖνος
569 4148 659 4203 xui
704 4154 810 4218 τῆς
857 4147 1206 4223 ἐλλάμψεως.
1242 4149 1342 4203 Διά
1385 4150 1485 4217 τῆς
1532 4147 1750 4212 ἀκτῖνος
1800 4152 1836 4220 ἡ
1883 4147 1971 4205 ἕλ-

289 4236 517 4313 λαμψις
569 4239 706 4311 ἡμῖν
753 4235 981 4311 δίδοται,
1022 4237 1112 4293 καὶ
1169 4236 1304 4309 αὕτη
1370 4235 1513 4294 ἐστὶν
1567 4240 1602 4308 ἡ
1662 4235 1972 4317 φωτίζουσα

286 4330 451 4401 ἡμᾶς
502 4327 595 4382 καὶ
650 4326 996 4404 μετεχομένη
1050 4327 1137 4407 ὑφ’
1182 4329 1366 4401 ἡμῶν.
1418 4327 1518 4382 Τὸν
1571 4324 1630 4383 δὲ
1676 4328 1798 4385 Υἱὸν
1847 4324 1971 4385 οὕτε

285 4420 390 4471 τοῦ
439 4416 772 4490 ΙΙνεύματος
817 4416 1074 4493 λέγομεν,
1117 4412 1241 4472 οὕτε
1294 4417 1402 4489 μὴν
1454 4415 1515 4471 ἐκ
1558 4415 1902 4492 ΙΙνεύματος.
1937 4443 1965 4471 ››

292 4509 481 4561 Ταῦτα
554 4505 650 4580 μὲν
710 4505 761 4561 ἐν
810 4503 1098 4585 κεφαλαέῳ
1142 4509 1223 4577 τῷ
1267 4502 1566 4579 εἰρημένῳ.
1620 4507 1845 4561 Ἔπεται
1911 4503 1970 4562 δὲ

292 4594 524 4657 τούτοις
572 4593 757 4669 ὥσπερ
807 4592 1032 4664 ἀληθῶς
1078 4598 1177 4649 τοῦ
1206 4593 1373 4649 αὐτοῦ
1421 4592 1547 4657 νοὸς
1599 4589 1727 4650 ὄντα
1771 4597 1967 4672 γεννή-
2000 4616 2047 4681 D

298 4704 449 4758 ματα
503 4684 597 4739 καὶ
658 4685 794 4761 ἅπερ
850 4683 903 4739 ἐν
954 4687 1036 4757 τῷ
1092 4683 1217 4760 περὶ
1273 4682 1434 4738 θείων
1469 4683 1747 4753 ὀνομάτων
1781 4683 1968 4763 φησῖν,

295 4776 375 4846 τῇ
409 4793 473 4828 τε
518 4773 656 4847 πρὸς
705 4770 984 4850 Ἰορδάνην
1043 4770 1329 4847 ἐπιστολῇ,
1383 4772 1475 4828 καὶ
1533 4771 1610 4828 ἔτι
1664 4794 1729 4850 γε
1785 4773 1837 4829 ἐν
1891 4778 1971 4846 τῷ

299 4859 467 4936 λόγῳ
496 4866 578 4934 τῷ
622 4862 723 4931 τὴν
767 4861 1070 4941 ἐπιγραφὴν
1117 4860 1193 4923 εἰς
1239 4861 1340 4931 τὴν
1392 4859 1672 4935 θεόσωμον
1716 4859 1970 4938 ἐπιδεχο-

300 4949 455 5023 μένῳ
509 4954 607 5005 τοῦ
656 4950 854 5023 Κυρίου
900 4953 1096 5029 ταφήν.
1132 4972 1161 5001 ι(
1189 4951 1247 5004 Ὁ
1304 4949 1520 5027 Πατὴρ,
1564 4950 1726 5028 φησὶν
1787 4949 1838 5005 ἐν
1891 4956 1971 5025 τῷ

293 5041 431 5116 περὶ
500 5039 658 5104 θείων
725 5039 1036 5114 ὀνομάτων,
1092 5039 1247 5115 πηγή
1314 5039 1404 5094 καὶ
1470 5038 1616 5095 αἰτία
1679 5040 1807 5098 Υἱοῦ
1878 5040 1969 5096 καὶ

291 5128 654 5204 ΙΙνεύματος.
686 5131 877 5207 Πατὴρ
925 5129 1093 5204 μόνου
1124 5131 1272 5203 Υἱυῦ,
1303 5129 1395 5184 καὶ
1442 5124 1749 5205 προϐολεὺς
1801 5129 1970 5187 ΙΙνεύ-

299 5240 505 5293 ματος.
545 5220 603 5274 Ὀ
661 5219 782 5283 Υἱὸς
860 5220 1002 5292 Υἱὸς,
1059 5218 1255 5295 Λόγος,
1312 5216 1495 5296 σοφία,
1554 5216 1645 5273 xui
1720 5215 1969 5294 δύναμις,

291 5308 490 5381 εἰκὼν,
559 5307 911 5386 ἀπαύγασμα,
973 5308 1262 5385 χαρακτὴρ
1326 5310 1425 5362 τοῦ
1492 5306 1710 5385 Πατρὸς
1765 5308 1857 5363 καὶ
1914 5308 1974 5364 ἐκ

287 5402 398 5455 τοῦ
446 5397 691 5472 Πατρὸς,
727 5396 838 5473 ούχ
897 5397 980 5459 ἱὸς
1014 5393 1077 5451 δὲ
1103 5400 1200 5451 τοῦ
1250 5394 1593 5470 ΙΙνεύματος.
1624 5396 1697 5451 Τὸ
1747 5398 1974 5471 Πνεῦμα

285 5488 357 5544 τὸ
390 5487 551 5563 ἅγιον
586 5491 814 5561 Πνεῦμα
840 5490 939 5542 τοῦ
970 5485 1210 5560 Πατρὸς,
1244 5484 1318 5547 ὡς
1364 5482 1425 5539 ἐκ
1470 5488 1567 5541 τοῦ
1615 5486 1834 5561 Πατρὸς
1889 5484 1973 5542 ἐκ-

281 5577 694 5655 πορευόμενον.
722 5571 965 5649 Οὐδεμία
991 5574 1093 5651 γὰρ
1125 5574 1273 5648 ὁρμή
1323 5569 1448 5627 ἄνευ
1497 5571 1835 5648 ΙΙνεύματος.
1870 5576 1972 5631 Καὶ

281 5668 421 5724 Υἱοῦ
455 5663 521 5723 δὲ
551 5667 789 5735 Πνεῦμα
817 5662 928 5741 οὐχ
957 5662 1034 5726 ὡς
1078 5659 1131 5734 ἐξ
1179 5660 1369 5733 αὐτοῦ,
1410 5659 1539 5717 ἀλλ’
1566 5660 1643 5727 ὡς
1693 5660 1762 5718 δι’
1807 5662 1975 5720 αὐτοῦ

2086 3344 2313 3417 ’ᾘδεσαν
2358 3343 2416 3400 δὲ
2441 3350 2604 3401 τοῦτο
2636 3342 2750 3419 ἅμα
2777 3346 2869 3400 xui
2920 3342 3009 3400 διὰ
3063 3350 3161 3402 τοῦ
3220 3347 3344 3401 Υἱοῦ
3400 3348 3592 3426 προϊὸν
3646 3352 3738 3407 καὶ

2087 3434 2486 3514 φανερούμενον
2526 3434 2619 3489 καὶ
2669 3433 2975 3509 ἐκλάμπον,
3006 3434 3099 3490 καὶ
3139 3435 3402 3514 πεφηνὸς,
3434 3437 3522 3492 καὶ
3579 3441 3738 3511 ἧκον,

2084 3524 2177 3580 καὶ
2207 3524 2647 3601 γνωριζόμενον·
2700 3522 2818 3578 ὅθεν
2873 3525 2964 3579 καὶ
3009 3523 3187 3601 εὕροις
3234 3525 3292 3579 ἃν
3346 3524 3565 3601 αὐτοὺς,
3599 3525 3739 3606 διερ-

2085 3613 2327 3690 χόμενος
2387 3611 2667 3686 ἐπιμελῶς
2723 3612 2792 3667 τὰ
2849 3611 3084 3685 ἐκείνων,
3119 3613 3209 3668 ὁτὲ
3268 3615 3363 3688 μὲν
3417 3614 3478 3671 ἐκ
3522 3618 3736 3695 ΙΙατρὸς

2084 3700 2343 3779 λέγοντας
2394 3699 2778 3778 ἐκπορεύεσθαι
2829 3701 2894 3757 τὸ
2940 3706 3164 3777 Πνεῦμα
3203 3704 3265 3758 τὸ
3313 3704 3488 3781 ἅγιον,
3543 3702 3634 3761 διὰ
3679 3704 3739 3762 δὲ

2080 3797 2181 3847 τοῦ
2238 3793 2364 3848 Υῖοῦ
2411 3790 2620 3871 πέφηνε
2674 3790 2765 3846 καὶ
2831 3790 3068 3868 πρόεισι,
3119 3791 3210 3847 καὶ
3297 3792 3586 3869 ἐκλάμπει,
3645 3797 3737 3851 xui

2083 3884 2422 3961 φανεροῦται,
2473 3881 2562 3935 xui
2626 3879 2978 3957 γνωρίζεται⁶
3040 3881 3131 3937 ὁτὲ
3191 3879 3249 3936 δὲ
3298 3881 3357 3936 ἐκ
3399 3885 3616 3961 Πατρὸς
3666 3882 3737 3940 δι’

2081 3971 2207 4026 Υῖοῦ
2239 3968 2587 4047 ἐκπορεύεται
2616 3968 2679 4025 τὸ
2714 3974 2942 4043 Πνεῦμα
2984 3970 3046 4025 τὸ
3086 3971 3260 4047 ἅγιον,
3292 3971 3401 4048 οὐχ
3447 3971 3600 4037 ὅπως
3649 3972 3734 4048 σὺ,

2082 4060 2217 4135 ἅπερ
2274 4058 2336 4113 ού
2389 4057 2707 4135 γέγραπται,
2768 4055 2892 4114 οὔτε
2967 4055 3109 4114 ἔστιν
3195 4058 3433 4125 ἐντεῦθεν
3520 4068 3735 4136 νοῆσαι,

2081 4145 2227 4226 λέγω
2283 4145 2352 4217 δὴ
2400 4148 2462 4202 τὸ
2506 4145 2577 4203 δι’
2608 4148 2734 4209 Υίοῦ
2761 4149 2861 4218 τὴν
2907 4147 3128 4226 ὕπαρξιν
3189 4144 3335 4225 ἔχειν
3393 4149 3457 4205 τὸ
3514 4156 3739 4226 Πνεῦμα

2078 4236 2142 4292 τὸ
2185 4238 2362 4312 ἅγιον,
2414 4236 2489 4298 ὡς
2537 4236 2627 4292 καὶ
2676 4235 2852 4292 αἰτίαν
2909 4235 2969 4292 ἐκ
3015 4237 3211 4293 τούτου
3268 4239 3597 4315 προσάπτειν
3646 4241 3737 4296 καὶ

2077 4330 2157 4398 τῷ
2182 4325 2292 4398 Υῖῷ
2341 4328 2439 4395 τῆς
2493 4330 2591 4381 τοῦ
2648 4325 2913 4403 παναγίου
2973 4326 3289 4401 ΙΙνεύματος
3347 4328 3733 4392 ὑποστάσεως’

2080 4411 2207 4469 ἀλλ’
2236 4413 2309 4469 ⁹ίν⁹
2342 4413 2724 4492 ἐκπορεύεσθαι
2757 4417 2853 4487 μὲν
2881 4414 2942 4471 ἐκ
2962 4420 3060 4471 τοῦ
3115 4417 3332 4490 Πατρὸς
3386 4419 3478 4473 καὶ
3537 4416 3737 4488 αἰτίου,

2079 4503 2199 4567 ὅθεν
2231 4504 2321 4559 καὶ
2344 4505 2447 4574 τήν
2480 4503 2703 4580 ὕπαρξιν
2756 4502 2895 4580 ἔχει,
2951 4503 3232 4579 μνησθείς,
3272 4510 3370 4560 τοῦ
3414 4514 3516 4577 τῆς
3571 4507 3740 4583 ὑπάρ-

2080 4592 2209 4664 ξεως
2263 4593 2470 4670 τρόπου
2528 4593 2699 4648 ἐκεῖσε
2773 4593 2957 4656 καλῶς
3032 4593 3313 4673 φέροντος,
3376 4594 3494 4651 ὅθεν
3552 4596 3643 4652 καὶ
3700 4599 3737 4668 ἡ

2085 4675 2335 4759 ὕπαρξις,
2364 4683 2507 4755 ὁμοῦ
2553 4679 2611 4737 δὲ
2657 4682 2746 4737 xui
2797 4679 2867 4737 δι’
2917 4684 3043 4738 Υίοῦ
3091 4684 3459 4761 προέρχεσθαι
3509 4686 3600 4741 xui
3652 4684 3738 4742 ἐκ-

2080 4771 2378 4849 φαίνεσθαι,
2425 4771 2516 4827 xui
2563 4770 2664 4826 ὅσα
2728 4772 2875 4845 παρά
2927 4778 3044 4835 τοῖς
3113 4772 3300 4836 αὐτοῖς
3372 4773 3588 4838 τούτοις
3647 4775 3738 4831 καὶ

2076 4865 2194 4922 τοῖς
2225 4858 2423 4923 ἄλλοις
2454 4860 2740 4938 θεοφόροις
2780 4859 3170 4943 τεθεολόγηται
3201 4860 3497 4939 διδαχθῇς’
3538 4868 3606 4939 τῇ
3635 4865 3738 4943 γὰρ

2081 4947 2142 5004 ἐκ
2192 4948 2410 5024 Πατρὸς
2465 4933 2646 5011 είς-τὸ
2695 4949 2831 5005 εἶναι
2882 4933 3108 5027 προόδῳ
3152 4956 3250 5007 τοῦ
3299 4933 3739 5027 Πνεῦματός,ὀύ

2079 5039 2184 5115 γάρ
2228 5035 2492 5117 ἀφέξομαι
2540 5059 2607 5093 τα
2648 5039 2784 5094 αύτά
2846 5038 3120 5102 πολλάκις
3169 5040 3413 5119 στρέφειν
3458 5042 3583 5117 περὶ
3629 5047 3740 5099 τῶν

2081 5126 2280 5200 αὐτῶν,
2317 5126 2419 5195 τὴν
2474 5126 2551 5189 εἷς
2608 5124 2833 5202 δύναμιν
2893 5131 3185 5207 σαφήνειαν
3246 5129 3606 5207 ἐργαζόμενος
3661 5135 3743 5205 τῷ

2081 5210 2293 5271 εὐσεϐεῖ
2334 5220 2443 5271 τῶν
2491 5215 2749 5294 Πατέρων
2801 5219 3040 5291 νοήματι
3088 5223 3158 5294 τῇ
3202 5217 3428 5295 προόδῳ
3482 5219 3671 5295 ταύτῃ,
3701 5219 3738 5291 ἡ

2084 5302 2154 5360 δι’
2182 5305 2309 5360 Υἱοῦ
2365 5308 2465 5360 τοῦ
2519 5304 2685 5361 αὐτοῦ
2745 5307 3064 5380 Πνεύματος
3119 5307 3488 5384 συντρέχουσα
3542 5306 3742 5388 ἐκφαν-

2083 5388 2190 5467 σις,
2221 5395 2339 5449 καθ’
2386 5393 2446 5448 ὃν
2490 5393 2693 5470 τρόπον
2734 5399 2804 5470 τῇ
2855 5394 2907 5467 ἐξ
2946 5395 3111 5467 ἡλίου
3157 5401 3255 5452 τοῦ
3304 5398 3485 5477 φωτὸς
3534 5396 3742 5472 ἐκλάμ-

2083 5486 2172 5557 ψει
2204 5485 2239 5553 ἡ
2273 5480 2363 5538 διὰ
2389 5488 2490 5552 τῆς
2547 5484 2765 5548 ἀκτῖνος
2821 5489 2920 5540 τοῦ
2963 5486 3129 5541 αὐτοῦ
3187 5486 3371 5566 φωτὸς
3399 5485 3620 5563 πρόεσις
3649 5488 3739 5543 καὶ

2086 5571 2410 5652 φανέρωσις.
2459 5577 2653 5628 Πεῖσαι
2726 5570 2787 5629 δέ
2861 5597 2953 5649 μοι
3034 5572 3185 5632 δοκεῖ
3254 5575 3382 5639 τοὺς
3440 5574 3739 5655 θεολόγους

2081 5659 2275 5719 τούσδε
2319 5660 2379 5718 ἐκ
2440 5663 2657 5742 Πατρὸς
2705 5660 2773 5720 δι’
2828 5665 2955 5722 Υἶοῦ
3007 5664 3390 5743 ἐκπορεύεσθαι
3441 5665 3611 5725 εἰπεῖν
3669 5668 3734 5726 τὸ
