4108 6434
416 332 534 389 26⁸7

1443 328 1758 391 GEORGII
1805 328 2063 389 CYPBII
2111 328 2228 389 cp.
2274 312 2802 389 PATRIARCHE

3700 325 3811 386 268

417 457 567 523 οἶδας
623 459 822 536 χωρὶς,
856 457 981 515 οὐδὲ
1015 460 1078 514 τὸ
1138 457 1225 513 διὰ
1280 463 1376 514 τοῦ
1434 459 1561 514 Υἱοῦ
1609 460 1925 537 πεφηνέναι,
1987 457 2062 519 ὡς
2094 460 2142 527 Α
2178 458 2297 526 ἅγιέ
2342 480 2447 531 μου
2492 456 2726 514 δέσποτα
2777 458 3021 533 βασιλεῦ,
3074 452 3268 528 δέομαι
3310 460 3410 524 τῆς
3447 461 3698 531 κραταιᾶς
3727 455 3811 511 καὶ

417 546 553 604 ἴδιον
612 546 759 620 αὐτῷ
819 552 897 619 τῷ
953 546 1115 620 ἀϊδίῳ
1154 548 1380 625 προσὸν,
1412 552 1535 602 νοῦν
1570 545 1741 623 ἔχων,
1775 547 1915 623 ἐρεῖς
1944 567 2077 601 ποτε

419 636 519 692 οὐκ
575 634 769 692 ἀίδιον.
802 634 1134 714 Σαφέστερον
1196 634 1254 691 δὲ
1316 641 1478 691 τοῦτο
1524 633 1623 692 ἔτι·
1660 638 1687 691 6
1718 644 2076 709 Θαυματουρ-

425 725 522 798 γὸς
566 725 667 800 γάρ
722 722 1094 801 διετράνωσεν,
1127 724 1187 780 ἐκ
1232 732 1331 794 τῆς
1376 724 1558 788 οὐσίας
1607 730 1703 780 τοῦ
1748 726 1959 801 Πατρὸς
2006 715 2077 777 δι’

425 813 554 867 Υἱοῦ
611 810 802 875 ἀϊδίως
864 813 1162 892 ἐκπεμφθέν
1219 815 1281 869 τὸ
1338 819 1558 888 Πνεῦμα
1605 812 1891 869 διδάσκων.
1923 815 2079 867 Ἀθα-

430 900 613 964 νάσιος
670 900 760 957 καὶ
821 901 1095 973 Ἰωάννης,
1155 902 1244 957 καὶ
1297 902 1477 958 εἰκόνα
1550 904 1685 958 κατὰ
1737 903 1800 957 τὸ
1857 900 2074 957 δυνατὸν

421 997 521 1060 τῆς
580 988 966 1062 ἀκαταλήπτου
1022 993 1111 1046 καὶ
1172 992 1404 1066 ἀοράτου
1435 989 1661 1067 Τριάδος
1700 993 1950 1062 τιθέντες,
1982 990 2070 1044 καὶ

422 1082 573 1151 ἡμᾶς
630 1080 707 1142 ὡς
763 1078 876 1134 ἐνὸν
939 1076 1255 1151 διὰταύτης
1289 1081 1363 1143 εἷς
1395 1079 1680 1157 ἐπίγνωσιν
1736 1088 1838 1149 τῆς
1900 1100 2070 1152 μακα-

426 1166 543 1243 ρίας
591 1172 1048 1245 χειραγωγοῦντες
1094 1168 1183 1223 καὶ
1254 1169 1541 1244 ἀνάγοντες
1611 1167 1842 1246 φύσεως,
1892 1168 1921 1222 6
1973 1167 2068 1240 μὶν

423 1254 607 1324 ἥλιον,
636 1255 968 1331 ἀπαύγασμα
1021 1256 1110 1311 καὶ
1144 1262 1279 1331 φῶς,
1313 1258 1341 1310 6
1399 1255 1456 1311 δὲ
1511 1255 1695 1328 ἥλιον,
1730 1258 1916 1311 ἀκτῖνα
1978 1254 2070 1311 καῖ

421 1344 521 1412 τήν
590 1342 658 1398 δι’
718 1344 884 1414 αὐτῆς
960 1339 1250 1418 ἔκλαμψιν,
1306 1343 1709 1416 καθυπέδειξαν.
1777 1343 1837 1399 Τί
1890 1344 2068 1401 τοίνυν

425 1430 526 1505 ἄρα
558 1452 641 1486 σοι
671 1430 915 1487 δοκοῦσιν
950 1433 1097 1488 οὗτοι
1128 1434 1190 1488 τὸ
1221 1437 1335 1511 φῶς
1362 1434 1453 1488 καὶ
1498 1436 1598 1503 τήν
1651 1430 1921 1507 ἔκλαμψιν
1982 1431 2072 1488 διὰ

421 1524 519 1574 τοῦ
604 1522 1026 1596 ἀπαυγάσματος
1084 1521 1163 1577 ἀεὶ
1217 1522 1306 1577 καὶ
1361 1530 1459 1592 τῆς
1520 1524 1735 1584 ἀκτῖνος
1808 1522 2070 1598 προϊόντα

426 1606 645 1678 εἰδέναι,
678 1611 712 1677 ἢ
746 1607 886 1664 ἔστιν
943 1610 1032 1666 6'15
1084 1611 1171 1665 καὶ
1208 1613 1284 1683 μὴ
1328 1609 1397 1666 δι’
1428 1611 1593 1681 αὐτῆς
1619 1631 1632 1680 ;
1662 1612 1823 1666 Ἐπάν
1867 1609 1924 1666 δὲ
1979 1611 2067 1667 καὶ

424 1698 551 1752 Υἱοῦ
606 1698 669 1752 τὸ
728 1703 944 1771 Πνεῦμα
998 1701 1074 1761 ὡς
1124 1698 1195 1754 δι’
1220 1700 1382 1755 αὐτοῦ
1422 1699 1814 1777 φανερούμενον
1851 1701 2069 1762 ἀκούοις

421 1785 576 1857 εἶναι,
609 1785 735 1865 ἀλλ’
791 1788 899 1863 οὐχ
955 1788 1029 1850 ὡς
1087 1787 1214 1865 ἕχον
1272 1791 1373 1858 τήν
1428 1789 1650 1865 ὕπαρξιν
1701 1788 1750 1861 ἐξ
1800 1788 1986 1856 αὐτοῦ,
2017 1787 2069 1843 τί
2103 1825 2151 1890 Β

418 1874 508 1928 καὶ
564 1873 673 1952 φῂς
730 1876 866 1952 πρὸς
923 1876 1089 1932 αὐτοῦ
1144 1882 1241 1932 τοῦ
1275 1879 1627 1950 Πνεύματος;
1661 1877 2071 1953 Μήνέγχρόνως

419 1960 509 2018 καί
563 1964 697 2018 ποτὲ
752 1970 895 2020 νοεῖν
954 1970 1051 2020 τοῦ
1110 1966 1237 2021 Υῖοῦ
1290 1967 1380 2020 καὶ
1432 1966 1531 2021 οὐκ
1583 1964 1774 2028 ἀϊδίως
1819 1966 1951 2020 εἶναι
2008 1966 2073 2021 τὸ

421 2055 672 2124 Πνεῦμα;
726 2059 955 2129 Ἄπαγε,
1014 2051 1156 2126 οἶδα,
1214 2054 1375 2128 ἐρεῖς.
1432 2052 1650 2116 Ἀϊδίως
1710 2052 1768 2110 δὲ
1820 2056 1911 2109 καὶ
1968 2055 2068 2114 ἀεί.

421 2136 486 2194 El
540 2135 586 2193 6’
639 2137 830 2202 ἀϊδίως
899 2145 1119 2214 Πνεῦμα
1175 2142 1302 2196 Υἱοῦ
1358 2142 1418 2196 τὸ
1476 2147 1714 2215 Πνεῦμα,
1748 2140 1955 2218 εἷ’ρηται
2015 2140 2073 2198 δὲ

417 2230 515 2281 τοῦ
573 2228 723 2295 Υἱοῦ,
755 2226 939 2284 61161’
985 2229 1150 2285 αὐτοῦ
1209 2236 1546 2309 φανεροῦται,
1579 2231 1668 2286 καὶ
1724 2229 1914 2295 ἀϊδίως
1970 2231 2073 2309 ἄρα

420 2311 510 2368 διὰ
561 2319 659 2370 τοῦ
715 2317 842 2371 Υὶοῦ
900 2320 1252 2396 φανεροῦσθαι
1311 2316 1449 2374 οἶδεν
1518 2319 1647 2374 αὐτὸ
1708 2321 1736 2375 6
1790 2325 1887 2375 τοῦ
1942 2322 2071 2375 Υἱοῦ

418 2406 640 2476 Πνεῦμα
717 2408 797 2477 τῷ
847 2402 917 2460 δι’
973 2406 1139 2461 αὐτοῦ
1194 2408 1324 2461 Υἱοῦ
1408 2410 1756 2485 φανεροῦσθαι
1837 2408 2070 2484 εἰρηκὼς

414 2488 565 2549 αὐτό.
599 2491 783 2567 Παύσῃ
837 2500 1151 2571 τοιγαροῦν,
1214 2496 1259 2549 ὧ
1318 2497 1495 2566 οὗτος,
1555 2497 1691 2573 πρὸς
1749 2498 1839 2552 16v
1898 2498 2070 2571 τόμον

413 2577 845 2655 ἀπομαχόμενος
898 2588 997 2637 τοῦ
1055 2582 1274 2653 λοιποῦ,
1307 2584 1343 2653 ἢ
1383 2584 1471 2639 καὶ
1530 2582 1609 2639 ἔτι
1656 2586 1756 2654 τὴν
1814 2584 2062 2662 γλῶτταν

413 2666 708 2743 ἐπαφήσεις
765 2669 930 2743 αὐτῷ,
962 2672 1053 2726 καὶ
1095 2678 1217 2734 ταῖς
1272 2672 1535 2747 μέμψεσιν
1597 2671 2062 2747 ἐπιδαψιλεύσεις,

412 2755 487 2818 ὡς
517 2755 575 2811 ἂν
605 2758 746 2831 ὁμοῦ
801 2761 891 2814 καὶ
949 2766 1128 2832 σαυτῷ
1179 2762 1276 2824 τὰς
1318 2763 1464 2838 παρὰ
1490 2767 1599 2816 τῶν
1634 2762 1914 2840 φρονίμων
1945 2762 2065 2818 ἐπι-

412 2841 700 2917 στημόνων
762 2847 1057 2925 ἐφελκύσῃς
1113 2849 1437 2922 ἀνθρώπων.
1471 2850 1581 2904 Οὐκ
1638 2850 1719 2923 ἃν,
1765 2852 1942 2925 οἶμαι,
1974 2874 2067 2907 το-

412 2936 602 2987 σοῦτον
630 2932 970 3012 ἀφιλόκαλος
1012 2934 1128 3007 εἷῆς
1187 2935 1469 3015 ἅνθρωπος
1526 2939 1616 2993 καὶ
1666 2944 1790 2994 νοῦν
1852 2940 2064 2996 ἐκτενυ-

316 3040 319 3043 ·
412 3017 725 3105 φλωμένος,
753 3021 890 3078 ὥστε
945 3023 1035 3079 καὶ
1095 3030 1274 3097 σαυτῷ
1329 3027 1450 3081 οὕτε
1509 3026 1773 3105 φρόνιμος
1843 3029 1994 3103 εἶναι,
2027 3031 2064 3099 ἢ

414 3102 589 3162 δοκεῖν
620 3114 868 3172 τοιοῦτος
903 3111 1201 3187 βασκάνειν.

411 3275 701 3331 Πιττάκιον
758 3282 854 3332 τοῦ
937 3278 1240 3355 ἀγιωτάτου
1322 3282 1412 3336 καὶ
1488 3282 1803 3359 σοφωτάτου
1880 3283 2065 3359 ἀρχιε-

482 3359 752 3420 πισκόπου
851 3369 1478 3432 Κωνσταντινουπόλεως
1598 3370 1717 3433 νέας
1816 3372 2063 3444 Ῥώμης,

481 3452 572 3506 καὶ
646 3451 1031 3528 οἶκουμενικοῦ
1094 3457 1438 3534 πατριάρχου
1512 3464 1680 3532 κυροῦ
1754 3460 2062 3535 Γρηγορίου

478 3545 580 3609 τῆς
656 3540 764 3595 ἀπὸ
834 3550 935 3613 τῆς
1010 3544 1230 3622 Κύπρου
1270 3542 1443 3622 ’πρὸς
1515 3546 1607 3601 τὸν
1684 3542 2059 3603 εὐσεϐέστατον

479 3627 570 3682 καὶ
661 3630 1028 3704 γαληνότατον
1135 3633 1363 3711 βασιλέα
1450 3634 1614 3712 κυρὸν
1710 3633 2059 3713 Ἀνδρόνικον

482 3720 684 3772 Δοῦκαν
761 3719 1037 3796 Ἀγγελον
1113 3723 1395 3797 Κομνηνὸν
1481 3723 1574 3779 τὸν
1649 3723 2058 3802 Παλαιολόγον,

482 3804 783 3863 ἀποσταλὶν
886 3809 1033 3883 αὐτῷ
1109 3810 1345 3879 ὁπηνίκα
1427 3814 1463 3881 ἡ
1540 3810 1881 3877 ἐπισύστασις
1971 3814 2058 3891 γέ-

478 3915 603 3969 γονε
701 3898 817 3953 κατ’
891 3899 1077 3972 αὐτοῦ,
1151 3905 1247 3956 τοῦ
1323 3899 1546 3979 Ἐφέσου
1619 3904 2058 3978 χρηματίσαντος

477 3984 730 4040 Ἰωάννου
792 3992 889 4042 τοῦ
961 3988 1151 4060 Χειλᾶ,
1208 3990 1299 4044 καὶ
1369 4011 1527 4045 τινων
1596 3990 1895 4068 ἀρχιερέων
1967 3994 2057 4048 καὶ

477 4070 782 4149 κληριγῶν,
859 4073 949 4132 διὰ
1040 4099 1192 4141 τινας
1285 4077 1467 4155 ῥήσεις
1541 4084 1639 4134 τοῦ
1711 4080 1887 4153 τόμου
1959 4087 2056 4137 τοῦ

476 4160 764 4235 γεγονότος
817 4164 964 4241 παρά
1032 4169 1130 4220 τοῦ
1202 4166 1454 4222 τοιούτου
1529 4167 1872 4245 πατριάρχου
1920 4170 2056 4225 κατά

473 4248 680 4304 Βέκκου
755 4249 959 4307 ἐκείνου
1031 4258 1128 4308 τοῦ
1202 4254 1646 4330 χρηματίσαντος
1709 4256 2053 4334 πατριάρχου

474 4339 1093 4404 Κωνσταντινουπόλεως
1165 4343 1256 4396 καὶ
1346 4348 1452 4398 τῶν
1552 4339 1758 4399 ἀσεϐῶν
1848 4343 2054 4421 δογμά-

468 4444 574 4478 των
652 4426 837 4487 αὐτοῦ.
868 4431 967 4492 “Ac
1043 4427 1109 4499 δὴ
1188 4430 1372 4509 ῥήσεις
1448 4434 1791 4509 ἡρμήνευκεν
1850 4436 1879 4490 ὁ
1934 4456 2050 4490 τοι-

470 4517 627 4614 οῦτος
702 4516 1428 4614 ἀγιώτα-το-ςλπατριάρχης
1502 4522 1666 4596 κυρὸς
1742 4523 2047 4614 Γρηγόριος
2080 4548 2127 4614 D

468 4600 795 4680 εὐφυέστατα
897 4605 1217 4683 ὀρθοδόξους
1338 4606 1498 4673 ούσας
1600 4611 1688 4665 κσὶ
1793 4607 2048 4685 εὐσεϐεῖς,

464 4690 554 4745 καὶ
626 4693 690 4747 16
763 4700 859 4750 τοῦ
912 4696 1134 4774 Μάρκου
1195 4696 1522 4775 βλάσφημον
1583 4699 1815 4775 γράμμα
1869 4701 2048 4757 ἀνεθε-

470 4780 710 4851 μάτισεν,
743 4784 819 4845 ὡς
894 4785 957 4839 οὐ
1031 4787 1167 4842 κατά
1236 4787 1329 4842 τὸν
1408 4783 1603 4857 εὐσεϐῆ
1677 4789 1878 4845 σκοπὸν
1951 4796 2050 4846 τοῦ

463 4866 640 4953 τόμου
713 4874 840 4948 παρ’
906 4874 1070 4930 αὐτοῦ
1144 4876 1406 4948 συντεθὲν,
1484 4874 1631 4931 ἀλλὰ
1702 4878 1838 4953 πρὸς
1915 4880 2050 4953 ἀπᾴ-

467 4951 660 5012 δουσαν
751 4963 841 5015 καὶ
937 4962 1262 5041 βλάσφημον
1378 4962 1582 5019 ἔννοιαν
1687 4951 2043 5043 ἀπαγόμενον.

465 5045 616 5100 Ὅθεν
693 5049 783 5103 καὶ
854 5052 945 5106 τὸν
1021 5055 1138 5107 κατ’
1210 5052 1374 5107 αὐτοῦ
1446 5054 1712 5129 γεγονότα
1765 5045 2042 5134 μιαρώτα-

459 5152 551 5188 τον
624 5136 819 5195 Χειλᾶν
896 5142 1141 5209 Ἰωάννην
1215 5143 1304 5198 τὸν
1401 5143 1815 5217 χρηματίσαντα
1886 5146 2037 5223 Ἐφέ-

457 5241 553 5277 σου
653 5228 996 5305 κατῄσχυνε,
1070 5231 1196 5295 τοὺς
1294 5228 1351 5286 δὲ
1445 5229 1672 5295 λοιποὺς
1765 5235 2039 5312 ἀρχιερεῖς

453 5312 592 5395 πρὸς
699 5320 986 5389 μετάνοιαν
1065 5320 1409 5393 ἐξεκαλέσατο
1443 5367 1457 5393 ,
1538 5322 1651 5394 ἅμα
1744 5324 1833 5378 καὶ
1908 5324 2035 5389 τοὺς

450 5397 773 5541 ἰληρικοὺς,
847 5409 947 5476 τὴν
1024 5409 1188 5464 αὐτοῦ
1262 5411 1467 5470 συνθεὶς
1544 5408 1822 5488 ἐγγράφως
1900 5414 2034 5486 ὁμο-

488 5508 554 5541 ογ
578 5511 661 5541 αν-

488 5508 661 5563 ογιαν.

2184 547 2338 622 ἀγίας
2370 547 2645 623 βασιλείας
2678 568 2793 617 σου,
2827 545 2879 600 ἐν
2912 548 3164 621 προσοχῇ
3212 548 3310 598 τοῦ
3355 543 3616 619 παρόντος
3663 543 3813 599 ἀκοῦ-

2184 636 2271 690 σαί
2330 657 2435 709 μου
2480 638 2820 713 γράμματος.
2865 636 3026 705 ’Δξιῶ
3069 634 3158 688 καὶ
3204 631 3332 695 τοὺς
3383 631 3605 697 ἐνταῦθα
3649 652 3812 689 συνει-

2185 724 2481 801 λεγμένους
2566 723 2891 799 ἱερωτάτους
2957 721 3234 798 ἀρχιερεῖς
3317 721 3453 776 κατά
3507 722 3598 777 τὸν
3664 720 3812 777 αὐτὸν

2184 813 2542 890 ἀκροάσασθαι
2605 812 2828 885 τρόπον.
2881 811 3031 874 Τινὲς
3097 815 3203 865 τῶν
3262 809 3568 886 ἰερωτάτων
3636 811 3815 887 ἀρχιε-

2185 905 2319 979 ρέων
2368 902 2459 957 καὶ
2509 901 2653 975 ἐμῶν
2702 900 2948 979 ἀδελφῶν
3005 900 3080 962 εἷς
3150 897 3406 975 ἔγκλημα
3466 900 3816 976 προφέρουσιν

2184 990 2307 1064 ἐμοὶ
2357 993 2419 1046 τὸ
2467 989 2706 1065 φλύαρον
2755 994 2853 1044 τοῦ
2884 990 3105 1065 Μάρκου
3163 987 3410 1063 χαρτίον.
3443 989 3580 1064 Ἐγὼ
3628 985 3685 1042 δὲ
3731 987 3818 1042 06-

2183 1077 2373 1134 δέποτε
2420 1075 2637 1133 σύνοιδα
2687 1076 2903 1150 ἐμαυτῷ
2955 1075 3257 1152 βλάσφημα
3333 1070 3457 1128 0615
3516 1068 3817 1151 γεγραφότι,

2182 1165 2304 1223 οὕτε
2352 1168 2704 1245 φρονήσαντι,
2739 1162 2862 1219 0615
2899 1163 3007 1217 τινὶ
3057 1162 3224 1236 ἑτέρῳ
3267 1160 3490 1240 γράφειν
3535 1162 3572 1231 ἢ
3615 1166 3817 1240 φρονεῖν

2183 1254 2603 1334 ὑφηγησαμένῳ.
2651 1254 2722 1308 Τὸ
2772 1251 2830 1307 δὲ
2878 1250 3103 1328 χαρτίον
3149 1254 3312 1311 τοῦτο
3357 1253 3614 1305 τοσοῦτον
3672 1245 3820 1304 0660-

2177 1349 2325 1399 τιοῦν
2379 1343 2505 1416 ἐμοὶ
2553 1344 2840 1419 προσήκει,
2892 1339 3031 1394 ὥστε
3083 1338 3173 1393 καὶ
3232 1337 3523 1410 ἀναθέματι
3589 1349 3816 1402 καθυπο-

2179 1428 2376 1488 ϐάλλω
2403 1433 2497 1493 τὰς
2527 1431 2578 1487 ἐν
2612 1430 2758 1502 αὐτῷ
2792 1427 3146 1506 βλασφημίας
3180 1428 3406 1488 ἀπάσας.

2251 1555 2521 1628 ’Δνάθεμα
2550 1553 2694 1630 λέγω
2723 1554 2812 1609 καὶ
2843 1551 3039 1614 πάσαις
3067 1555 3185 1613 ταῖς
3234 1550 3467 1626 αἱρέσεσι
3514 1550 3604 1605 καὶ
3657 1548 3815 1626 βλασ-

2180 1645 2437 1722 φημίαις,
2477 1643 2596 1698 ὅσαι
2652 1640 2847 1697 ἄνωθεν
2905 1638 2995 1696 καί
3055 1640 3132 1702 εἰς
3190 1637 3347 1715 δεῦρο
3406 1638 3677 1716 γεγόνασι,
3734 1637 3815 1694 καὶ

2185 1735 2317 1807 μετά
2356 1737 2523 1788 ταῦτα
2569 1734 2911 1807 γενήσονται.
2947 1729 3044 1784 Καὶ
3100 1728 3375 1804 βούλομαί
3421 1748 3482 1783 τε
3529 1728 3619 1783 καὶ
3666 1722 3818 1805 εὖχο-

2186 1844 2281 1897 μαι
2310 1822 2455 1897 παρά
2484 1826 2616 1876 Θεοῦ
2643 1821 2733 1875 καὶ
2779 1825 2886 1874 τῶν
2936 1818 3115 1891 θείων,
3146 1818 3238 1873 καὶ
3288 1817 3435 1892 παρά
3482 1817 3681 1879 παντὸς
3730 1819 3820 1871 τοῦ

2185 1910 2486 1987 μυστηρίου
2539 1916 2642 1979 τῆς
2711 1907 3022 1982 ἀμωμήτου
3104 1910 3212 1962 τῶν
3278 1909 3611 1982 Χριστιανῶν
3668 1906 3819 1980 ἡμῶν

2180 2000 2434 2071 πίστεως,
2481 2001 2548 2067 ἧς
2624 1996 2747 2052 ἄνευ
2822 1996 2923 2052 οὐκ
3008 1992 3118 2052 ἔστι
3186 1994 3453 2071 σωτηρία,
3524 1992 3667 2050 οὕτω
3737 2013 3821 2048 πι-

2182 2088 2405 2160 στεύειν,
2455 2087 2631 2148 οὕτως
2687 2083 3008 2161 ὁμολογεῖν,
3057 2086 3238 2149 καθὼς
3296 2081 3507 2141 κελεύει
3556 2084 3702 2155 Θεὸς,
3749 2080 3821 2144 ὡς

2177 2179 2277 2247 τὴν
2308 2176 2431 2251 περὶ
2470 2175 2635 2230 αὐτοῦ
2666 2178 2863 2250 γνῶσιν
2891 2178 3009 2235 τοῖς
3057 2172 3232 2249 ἁγίοις
3281 2170 3447 2227 αὐτοῦ
3497 2169 3816 2243 ἀπεκάλυψε,

2179 2266 2268 2320 καὶ
2313 2266 2388 2327 ὡς
2436 2267 2584 2339 ἡμᾶς
2649 2262 2803 2318 αὐτοὶ
2870 2262 3064 2317 ἐκεῖθεν
3134 2259 3535 2339 ἐλλαμφθέντες
3598 2258 3816 2334 ἐμυστα-

2176 2356 2451 2431 γώγησαν.
2501 2352 2600 2407 Καὶ
2647 2350 2885 2407 πιστεύω
2933 2347 3002 2419 δὴ
3051 2344 3285 2426 βεϐαίως
3333 2346 3478 2404 οὕτω
3539 2348 3629 2404 καὶ
3689 2348 3815 2421 ὁμο·

2180 2442 2349 2519 λογῶ,
2382 2440 2556 2496 πάντα
2606 2445 2701 2515 μὲν
2761 2438 2859 2494 ὅσα
2915 2440 3115 2515 γνήσια
3178 2444 3281 2508 τῆς
3340 2437 3641 2507 καθολικῆς
3703 2437 3815 2492 Ἐκ·

2176 2529 2407 2601 κλησίας
2460 2528 2707 2606 δόγματα
2750 2529 2801 2599 ἐξ
2852 2526 2992 2598 ὅλης
3039 2530 3225 2602 ψυχῆς
3285 2525 3683 2600 ἀσπαζόμενος,
3732 2524 3815 2579 καὶ

2175 2620 2242 2674 τά
2304 2618 2502 2685 ταύτης
2578 2616 2847 2691 ἀλλότρια
2912 2615 3307 2689 ἀποσειόμενος
3352 2615 3445 2670 καὶ
3499 2611 3818 2691 ἀποστρεφό-

2181 2729 2362 2781 μενος.
2392 2707 2455 2762 Εἰ
2488 2704 2546 2762 δέ
2573 2728 2678 2761 τινι
2710 2706 2833 2768 νοὸς
2867 2703 3112 2777 ἀσθενείᾳ
3157 2703 3258 2759 οὐκ
3305 2701 3673 2782 ἐνελάμφθην,
3704 2697 3820 2756 οὐδὲ

2174 2796 2473 2871 κατείληφα
2502 2792 2641 2852 ἔστιν
2672 2797 2733 2850 οὗ
2783 2799 2888 2850 τῶν
2945 2792 3113 2868 ἀγίων
3159 2796 3383 2871 Γραφῶν
3435 2792 3501 2849 τὸ
3549 2790 3817 2869 βούλημα,

2176 2885 2274 2939 οὐκ
2339 2885 2555 2959 ἀγαπῶ,
2613 2883 2769 2959 τύφῳ
2839 2881 3051 2955 ματαίῳ
3113 2880 3447 2953 νικώμενος,
3494 2884 3563 2955 τῇ
3635 2876 3819 2955 ἀγνοίᾳ

2172 2972 2340 3047 ταύτῃ
2383 2972 2635 3044 ἐμμένειν
2664 2990 2676 3003 ’
2731 2974 2878 3042 ζητῶ
2926 2967 2985 3025 δὲ
3029 2968 3234 3037 ταύτης
3299 2968 3516 3043 μᾶλλον
3581 2965 3819 3025 ἀπαλλα-

2173 3064 2355 3137 γῆναι,
2386 3061 2461 3123 ὡς
2506 3064 2691 3136 ψυχῆς
2740 3057 3136 3135 χαλεπωτάτου
3185 3060 3527 3141 νοσήματος,
3559 3057 3648 3113 καὶ
3685 3053 3820 3141 ἐτοι-

2092 3185 2136 3252 C
2179 3148 2282 3221 μός
2345 3148 2458 3221 εἶμι
2507 3149 2663 3204 παντὶ
2709 3146 2789 3220 τῷ
2841 3145 3106 3203 διδάσκειν
3171 3168 3239 3220 με
3283 3140 3596 3221 δυναμένῳ,
3642 3140 3822 3252 πόρἐ

2175 3234 2233 3291 6‘5
2280 3236 2456 3306 πάσης
2503 3235 2778 3312 εἰρωνείας
2827 3237 2854 3290 6
2902 3233 3093 3310 λόγος,
3143 3233 3373 3308 ἐμαυτὸν
3439 3235 3697 3311 παρέχειν
3742 3229 3814 3293 είς

2175 3327 2428 3399 μάθησίν.
2479 3326 2818 3399 Προστίθημι
2870 3322 2928 3379 δὲ
2972 3323 3061 3379 καὶ
3106 3327 3289 3379 τοῦτο’
3341 3322 3387 3378 εἰ
3441 3327 3686 3379 τοιοῦτον
3747 3317 3818 3374 εί-

2172 3433 2272 3488 χον
2325 3414 2523 3469 σκοπὸν
2564 3413 2785 3491 γράφων
2845 3412 2937 3468 τὸν
2994 3411 3188 3487 τόμον,
3220 3413 3409 3468 ὁποῖον
3473 3412 3535 3467 τὸ
3586 3408 3814 3491 φλύαρον

2168 3506 2266 3556 τοῦ
2323 3502 2545 3579 Μάρκου
2603 3501 2827 3579 χαρτίον
2888 3498 3016 3577 ἕχον
3071 3495 3575 3574 καταλαμϐάνεται,
3634 3500 3664 3554 ’ὁ
3731 3495 3816 3553 καὶ

2171 3588 2495 3669 φιλονεικῶν
2521 3611 2626 3664 τις,
2658 3589 2762 3644 οὐκ
2791 3587 2914 3644 οῖδα
2955 3589 3009 3644 τί
3060 3586 3362 3666 κερδήσων,
3397 3591 3691 3668 σαφήνειαν
3740 3584 3819 3642 λέ-

2168 3701 2253 3755 γει
2309 3684 2405 3735 τοῦ
2462 3679 2658 3753 τόμου,
2708 3673 3099 3751 ἠσϐολημένην
3159 3675 3413 3751 ἄντικρυς
3478 3677 3681 3754 χύτραν
3744 3675 3819 3743 τῷ

2169 3768 2379 3843 οὐρανῷ
2462 3763 2834 3843 παραϐάλλων
2883 3767 2919 3836 ἢ
2973 3765 3064 3821 καὶ
3132 3760 3489 3841 περιϐάλλων
3549 3764 3726 3836 αὐτὸν,
3769 3758 3812 3815 εἰ

2170 3857 2256 3912 ἐπὶ
2285 3862 2409 3912 νοῦν
2440 3858 2532 3911 τὸν
2562 3856 2692 3930 ἐμὸν
2736 3854 2966 3925 ἐπῆλθεν
3017 3855 3313 3929 ὁμώνυμον
3360 3856 3549 3933 φωνὴν
3596 3851 3810 3930 γράφειν

2166 3967 2223 4000 τε
2279 3946 2369 4001 καὶ
2418 3944 2701 4021 κηρύττειν
2745 3946 2845 4013 τὴν
2895 3948 2993 3999 τοῦ
3041 3943 3305 4020 παναγίου
3375 3943 3689 4017 Πνεύματος
3731 3937 3812 3994 ἐκ·

2165 4034 2443 4111 πόρευσιν,
2501 4034 2678 4095 καθὼς
2734 4035 2882 4106 ἡμᾶς
2943 4033 2995 4088 οἱ
3050 4032 3176 4107 περὶ
3224 4028 3433 4089 ¹Βέκκον
3515 4030 3819 4105 πάμπρωτα

2164 4119 2666 4193 ἀντικαθιστάμενοι
2714 4123 2930 4194 πρῶτον
2980 4117 3151 4191 τόμον
3203 4122 3662 4197 συκοφαντοῦντες
3712 4111 3814 4169 διέ-

2164 4204 2390 4281 ϐαλλον,
2441 4206 2626 4263 ἔπειτα
2686 4208 2803 4280 μετ’
2867 4206 3100 4270 ἐκείνονς
3152 4203 3331 4283 ἕτεροι
3391 4209 3492 4277 τήν
3561 4222 3813 4281 συκοφαν-

2159 4296 2276 4352 τίαν
2323 4296 2524 4366 ταύτην
2576 4294 2769 4351 ἐκεῖθεν
2821 4293 3213 4368 διαδεξάμενοι,
3246 4292 3516 4371 έπάρατος
3566 4292 3698 4365 εἷήν.
3744 4288 3809 4346 Εἴ

2161 4384 2219 4441 δὲ
2253 4386 2351 4458 μή,
2379 4384 2648 4439 σκοπείτω
2693 4385 2722 4439 6
2767 4388 3111 4461 συκοφαντῶν
3162 4383 3261 4456 ἐμὲ
3304 4384 3374 4438 τὰ
3430 4386 3672 4450 τοιαῦτα,
3719 4375 3812 4433 καὶ

2157 4472 2584 4545 καταλιμπάνων
2662 4474 2797 4549 ἅπερ
2901 4471 3183 4551 ὀφθαλμοὶ
3266 4471 3652 4547 ἀναγινώσκειν
3725 4462 3812 4521 καὶ

2158 4568 2298 4618 νοεῖν
2363 4563 2510 4635 αὐτῴ
2554 4557 3017 4627 ὑποδεικνύουσιν,
3078 4561 3156 4623 εἷς
3215 4557 3262 4615 δ’
3318 4557 3661 4619 ἀλλοκότους
3690 4570 3813 4633 φαν-

2160 4651 2349 4714 τασίας
2406 4651 2495 4707 καὶ
2541 4649 2778 4713 εἰκασίας
2830 4650 3051 4726 ὀνείρων
3102 4653 3329 4726 χωρῶν,
3364 4648 3519 4711 ὅπως
3563 4647 3657 4708 τάς
3704 4645 3807 4696 τῶν

2160 4738 2779 4817 Χριστιανοκατηγόρων
2847 4738 3115 4816 τιμωρίας
3187 4735 3529 4814 ἐκφεύξηται,
3580 4735 3705 4794 ὅσας
3754 4747 3811 4783 τε

2158 4835 2249 4885 νῦν
2304 4829 2486 4890 αὐτοῖς
2535 4827 2752 4890 κανόνες
2815 4828 3101 4905 ἐπάγουσιν
3164 4825 3303 4903 ἱεροὶ
3350 4824 3442 4880 καὶ
3494 4822 3649 4878 θείων
3698 4824 3809 4874 Πα-

2155 4918 2345 4993 τέρων.
2399 4917 2756 4990 θεσπίσματα,
2806 4917 2898 4972 καὶ
2933 4903 3080 4979 γὸσας
3134 4915 3197 4971 16
3250 4914 3385 4989 μετὰ
3439 4916 3606 4968 ταῦτα
3651 4912 3686 4979 ἡ
3735 4903 3810 4962 δι-

2154 5008 2281 5063 καία
2327 5011 2423 5061 τοῦ
2472 5004 2795 5062 δεσποτικοῦ
2841 5005 2931 5061 καὶ
2971 5009 3199 5085 φρικτοῦ
3235 5005 3484 5080 βήμποτος
3514 4994 3804 5085 ἀποδίδωσι
3914 5012 3920 5019 ·

2152 5101 2356 5172 ψῆφος.
2404 5101 2632 5172 Ἔγωγε,
2677 5092 2910 5149 δέσποτά
2956 5079 3061 5169 μου
3109 5079 3243 5171 ἅγιε
3277 5091 3525 5169 βασιλεῦ,
3558 5087 3679 5144 ὅσον
3724 5079 3802 5138 ἀεὶ

2150 5185 2438 5262 διαγέγονα
2486 5183 2676 5260 πόρρω
2717 5184 2826 5239 τῶν
2880 5188 2979 5239 τοῦ
3045 5184 3267 5257 Μάρκου
3334 5178 3698 5262 φρονημάτων
3745 5189 3804 5225 τε

2147 5261 2621 5350 καίίγραμμάτων
2677 5277 3035 5349 μαρτυροῦσι,
3065 5272 3154 5326 καὶ
3206 5269 3306 5325 ὅσα
3351 5269 3458 5344 πρὸ
3497 5269 3594 5321 τοῦ
3629 5261 3800 5350 τόμου

2144 5363 2379 5425 πολλοῖς
2413 5361 2580 5416 ἔτεσιν
2612 5358 2889 5416 ἐκδέδοταί
2949 5382 3066 5436 μοι,
3099 5362 3188 5416 καὶ
3245 5358 3344 5436 ὅσα
3405 5354 3543 5430 μετά
3582 5352 3672 5408 τὸν
3712 5346 3796 5436 τέ-

2149 5476 2272 5530 μον,
2306 5452 2357 5507 ἐν
2409 5452 2490 5513 οἷς
2544 5450 2737 5505 ἅπασιν
2793 5448 2906 5505 οὐδ’
2936 5434 2994 5506 ἂν
3048 5451 3197 5505 σκιὰν
3251 5434 3473 5522 εὑρήσοι
3502 5462 3586 5505 τις
3618 5434 3799 5530 ὁμοιό-

2138 5527 2325 5615 τητος.
2358 5543 2511 5595 Ἔστι
2566 5536 2659 5613 μέν
2704 5561 2758 5594 τι
2808 5544 2914 5595 τῶν
2968 5539 3213 5618 ἀρχῆθέν
3261 5555 3352 5611 μοι
3387 5527 3791 5618 συνταγμάτων,

450 5624 736 5705 Κρατιστε,
821 5630 1219 5712 θεοπρόϐλητε,
1296 5632 1597 5707 θεόστεπτε,
1690 5634 2023 5711 θεοδόξαστε,
2138 5614 2201 5707 ἐξ
2244 5632 2409 5706 οὗπερ
2460 5630 2556 5691 τὰς
2604 5629 2870 5705 πατρικὰς
2922 5630 2950 5683 6
3002 5614 3199 5690 Βέκκος
3265 5621 3590 5698 ἐπεχείρησε
3652 5614 3788 5691 χρή-
