4108 6448
261 427 389 490 269

1254 432 1357 492 DE
1405 432 1940 496 PRUCESSIONE
1983 437 2100 497 SP1
2164 437 2343 500 ITUS
2390 438 2697 502 SANGTI.

3569 447 3692 510 270

259 578 378 652 σεις
444 558 868 652 παρεεηγεῖσθαι
939 560 1029 652 καὶ
1101 561 1165 615 τὸ
1232 559 1472 652 κάτωθεν
1548 534 1923 652 γεγραμμένον
1956 573 2006 637 Α
2040 564 2241 620 λοιποῦ
2300 566 2448 637 ξένας
2524 568 2707 645 φωνὰς
2777 569 2867 625 καὶ
2937 572 3265 647 φρονήματα
3335 571 3685 652 ἐπιφημίζειν

264 644 603 723 δογματικὸν
644 647 877 722 χωρίον.
927 645 1051 703 Οἵδε
1099 653 1262 705 τοῦτο
1319 651 1409 705 καὶ
1443 651 1471 705 6
1502 652 1674 727 μέγας
1696 650 1925 729 λογοθέ⁴

261 756 388 807 της,
415 734 798 812 γινώσκεικαί
828 737 857 792 6
897 734 1301 816 Φιλαδελφίας,
1355 741 1383 795 6
1434 737 1492 795 δὲ
1537 741 1783 818 Ἐφέσου,
1834 739 1926 797 δο-

268 830 354 881 κεῖ
437 846 557 898 μοι,
637 822 729 880 καὶ
807 826 1147 902 μεταγράψας
1224 825 1340 903 ἔχει
1396 829 1526 905 παρ’
1586 828 1778 902 ὲαυτῷ.
1839 832 1925 886 Ἐν

270 913 445 987 τούτῳ
476 911 536 969 δὲ
564 913 657 969 καὶ
685 919 805 977 τοῖς
837 911 1034 978 ἄλλοις
1090 911 1286 971 ἅπασιν
1320 916 1423 972 ὑπὸ
1451 921 1549 972 τοῦ
1601 917 1764 991 ὀρθοῦ
1796 917 1922 996 δόγ-

278 1008 441 1075 ματος
487 1002 784 1080 ἡμετέροις
832 1005 1145 1076 πονήμασιν
1175 1004 1397 1068 ἀπαθῶς
1428 1005 1661 1082 δρῶντες
1707 1008 1761 1063 οἱ
1794 1010 1931 1084 βου-ι

274 1084 500 1161 λόμενοι
565 1090 670 1159 τὴν
741 1094 839 1144 τοῦ
885 1089 1062 1163 τόμου
1128 1094 1416 1170 σαφήνειαν
1491 1098 1924 1170 κατανοήτωσαν,

270 1177 365 1231 καὶ
416 1178 493 1251 μή
544 1177 598 1232 ἐν
628 1182 710 1250 τῷ
769 1174 938 1252 μηδὲν
986 1181 1124 1253 ἡμῖν
1162 1182 1500 1257 προσήκοντι
1532 1183 1756 1260 Μάρκου
1786 1204 1926 1262 χαρ-

260 1265 393 1340 τίῳ,
439 1268 882 1339 κατανοήτωσαν,
960 1266 1132 1346 λέγω,
1207 1269 1298 1325 καὶ
1374 1270 1775 1336 παυσάσθωσαν
1829 1276 1927 1328 τοῦ

2037 652 2184 727 ἐμοί.
2234 654 2441 732 Ἐχέτω
2487 657 2576 711 καὶ
2621 653 2774 721 ἕλεος
2823 657 3018 721 αὐτοὺς
3066 666 3164 729 τῆς
3209 665 3389 724 κακῶς
3449 683 3688 739 σπαρασ-

2036 742 2278 826 σομένης
2327 744 2653 816 Ἑκκλησίας
2706 747 2796 802 καὶ
2847 751 2953 802 τῶν
3012 746 3411 823 ἀπολλυμένων
3468 754 3685 827 ψυχῶν,

2037 829 2099 894 ἅς
2150 832 2250 888 οὐκ
2297 831 2385 888 ἐπὶ
2432 839 2593 890 τοῦτο
2642 836 2671 890 6
2721 833 3133 914 δημιουργήσας
3182 837 3333 908 Θεὸς,
3399 837 3527 896 ἀλλ’
3597 838 3689 897 ἐπὶ

2036 920 2280 995 σωτηρίᾳ
2338 920 2547 996 αἰωνίῳ
2617 926 2924 1000 παρήγαγε.
2996 926 3296 981 Κοπασάτω
3359 928 3395 996 ἡ
3460 927 3687 1000 τοιαύτη

2038 1013 2258 1092 θραῦσις
2304 1016 2405 1080 τῆς
2456 1009 2790 1087 φιλονεικίας
2837 1014 2997 1085 ἡμῶν
3049 1012 3140 1068 καὶ
3171 1012 3490 1092 φιλοτιμίας
3518 1014 3691 1071 αἰτίαν

2037 1091 2262 1171 ἔχουσα,
2323 1097 2414 1152 καὶ
2465 1096 2659 1172 δέομαι
2721 1102 3034 1158 κοπασάσω.
3096 1091 3316 1171 Ἐπειδὴ
3367 1102 3429 1157 οὐ
3479 1107 3695 1180 χρονιεῖ

2036 1184 2240 1261 Κύριος
2287 1185 2416 1249 τοὺς
2464 1192 2571 1243 τῶν
2602 1188 2870 1245 τοιούτων
2920 1189 3238 1247 σκανδάλων
3289 1189 3527 1255 ἐπόπτας
3561 1190 3693 1247 ἐπό-

2036 1276 2249 1349 ψεσθαι.
2306 1356 2311 1360 γ

257 1447 3665 1491 W

668 1608 1017 1739 ΤΟΥ
1080 1609 2174 1743 ΜΑΚΑΡΙΤΟΥ
2274 1616 3283 1748 ΓΡΗΓΟΡΙΟΥ

1336 1816 1776 1873 ΠΑΤΡΙΔΡΧΟΥ
1820 1821 2615 1874 ΚΩΝΣΤΔΝΤΙΝΟΥΠΟΔΕΩΣ

1537 1964 1809 2061 ΤΟΥ
1864 1965 2427 2063 ΚΥΠΡΙΟΥ

1125 2138 1285 2188 ΠΕΡΙ
1321 2138 1454 2190 ΤΗΣ
1493 2139 1984 2191 ΕΚΙΙΟΡΕΥΣΕΩΣ
2023 2138 2148 2191 ΤΟΥ
2185 2139 2387 2192 ΔΓΙΟΥ
2425 2141 2854 2197 ΠΝΕΥΜΑΤΟΣ.

1064 2275 1288 2340 (ΤΟΜΟΣ
1321 2280 1592 2338 ΔΓΔΠΗΣ,
1628 2276 1681 2325 ἐν
1710 2276 1889 2342 Γιασίφ
1914 2278 2003 2340 τῆς
2036 2277 2397 2344 Μολδολαχίας,
2424 2282 2562 2341 1698,
2593 2294 2716 2346 pag.
2741 2282 2880 2344 387.)

320 2552 434 2611 Οὐκ
488 2550 672 2647 ἔγωγε
727 2553 1010 2647 θαυμάζω,
1071 2549 1326 2647 φιλότης,
1368 2549 1435 2647 μεῗ
1507 2570 1593 2613 τις
1656 2551 1910 2647 ἀγροῖκος
1939 2581 1990 2647 Β
2023 2548 2441 2647 ἔνιπεριγριάιφει
2498 2554 2815 2647 πρόσωπον,
2880 2553 3175 2613 Ἰουδαϊκὸν
3237 2557 3342 2633 γὰρ
3388 2560 3572 2630 τοῦτο,
3630 2558 3669 2628 ἢ

247 2642 347 2717 ὧν,
399 2643 506 2698 ὑπὸ
557 2641 747 2717 λόγων
792 2640 1034 2717 ἐχόντων
1090 2638 1258 2717 μέχρι
1300 2642 1400 2694 τοῦ
1465 2639 1796 2718 φαινομένου
1848 2640 1912 2695 τὸ
1942 2636 1987 2647 ”
2020 2640 2112 2696 καὶ
2162 2636 2495 2698 Σαϐέλλειον
2530 2662 2544 2675 ο
2601 2643 2729 2719 τρία
2777 2640 2856 2711 δὲ,
2907 2645 2941 2698 ἅ
2989 2644 3080 2701 καὶ
3133 2644 3449 2708 ὑποστάσεις
3488 2643 3676 2702 καλεῖν

246 2742 477 2796 πιθανόν
536 2727 926 2805 παρασύρεται.
985 2729 1057 2784 Τὸ
1107 2728 1210 2805 γὰρ
1272 2724 1416 2801 μηδὲ
1479 2727 1707 2783 θέλοντα
1753 2724 1912 2782 δύνα-

247 2822 374 2875 σθαι
458 2824 721 2897 στροφαῖς
798 2816 982 2893 λογων
1058 2817 1149 2872 καὶ
1248 2815 1533 2892 αἰνίγμασι
1607 2810 1908 2889 συμϐαλεῖν

245 2908 439 2964 ἱκανὸν
472 2906 549 2970 εἰς
570 2905 898 2983 παραίτησιν
933 2925 947 2938 ·
999 2902 1128 2961 ἀλλ’
1175 2904 1374 2960 ὁπόταν
1404 2904 1494 2960 καὶ
1543 2902 1909 2977 πεπαιδευμέ-

248 3018 343 3061 νος
391 3017 480 3060 τις
526 2996 663 3051 εἶναι
714 2992 913 3068 δοκῶν,
956 2994 1047 3050 καὶ
1087 2994 1188 3064 τήν
1240 2993 1442 3049 σύνεσιν
1495 2988 1911 3070 στιϐαρὸς,ὥσ-

244 3107 309 3142 τε
355 3084 450 3141 καὶ
494 3081 1070 3162 ἄλλουςκαταρτίζειν
1117 3080 1351 3158 ἰσχύειν,
1404 3080 1497 3137 εἴτ’
1545 3078 1700 3136 οὐδὲν
1752 3078 1909 3155 ἄμει-

242 3195 342 3231 νον
394 3173 614 3230 ἐκείνων
662 3172 803 3249 πρὸς
863 3167 1127 3248 διάκρισιν
1194 3169 1452 3242 ἀληθείας
1514 3170 1605 3226 καὶ
1680 3167 1910 3245 ψεύδους

246 3260 541 3335 διάκειται,
597 3261 746 3317 τοῦτ’
801 3259 927 3334 ἐμοὶ
976 3263 1074 3315 τοῦ
1133 3260 1209 3333 μὴ
1266 3259 1431 3314 κακὸν
1492 3256 1667 3314 δοκεῖν
1721 3258 1821 3314 οὐκ
1849 3260 1909 3314 ἅν

247 3348 357 3429 ἔχῃ
419 3349 746 3427 παραίτησιν
781 3393 798 3420 ,
869 3349 1100 3425 γνώμης
1164 3351 1347 3426 σαφῶς
1424 3346 1482 3402 ὅν
1556 3346 1859 3422 ἀμάρτημα
1891 3391 1906 3417 ,

247 3440 400 3515 ὄκνῳ
457 3436 754 3519 φιλπονίας
807 3438 906 3506 τήν
985 3435 1240 3508 ἀλήθειαν
1326 3432 1751 3512 παραδιδούσης.
1807 3436 1908 3491 Καὶ

245 3529 377 3604 περὶ
430 3528 526 3603 μὶν
578 3524 644 3597 δὴ
695 3531 806 3582 τῶν
847 3523 1036 3581 ἄλλων
1088 3523 1141 3581 ο⁰ί
1181 3522 1337 3596 δίκην
1370 3523 1696 3601 θρεμμάτων
1734 3523 1909 3579 ὀπίσω

243 3623 358 3674 τῶν
410 3622 504 3672 νῦν
554 3614 873 3692 λεγομένων
922 3613 1198 3693 φέρονται,
1242 3611 1395 3689 ἀλγῶ
1456 3613 1553 3686 μὲυ
1606 3611 1716 3688 ἐγὼ
1762 3612 1910 3683 πλὴν

244 3707 300 3763 τί
350 3703 414 3761 ἄν
464 3727 549 3768 τις
592 3704 785 3775 ποιοίη
837 3702 1069 3759 ἑκόντων
1117 3703 1211 3766 τάς
1261 3706 1409 3780 σφῶν
1458 3700 1697 3764 διανοίας
1723 3700 1909 3778 ἐγχει-

246 3794 553 3870 ριζόντων;
629 3794 972 3873 φερέσθωσαν
1006 3813 1019 3826 ·
1082 3794 1179 3846 σοῦ
1229 3787 1287 3845 δὲ
1332 3788 1457 3847 ὅταν
1509 3794 1765 3845 τοσοῦτον
1818 3791 1908 3846 καὶ

245 3883 459 3940 συνέσει
509 3883 600 3939 καὶ
658 3879 853 3958 λόγοις
906 3883 1110 3958 κρατῇς
1165 3883 1274 3935 τῶν
1332 3876 1580 3948 πολλῶν,
1639 3878 1802 3956 λέγῃς
1850 3899 1909 3934 τε

2022 2727 2165 2784 οἶδεν
2200 2731 2228 2785 6
2255 2728 2443 2805 λόγος,
2475 2730 2550 2793 ὡς
2582 2730 2715 2809 εἶναι
2746 2733 2882 2805 ἡμῖν
2931 2732 2996 2787 τὸ
3046 2732 3515 2809 προσκυνούμενον
3566 2752 3674 2809 μο-

2019 2815 2154 2873 ναδα
2214 2817 2265 2874 ἐν
2315 2817 2526 2893 Τριάδι,
2574 2824 2654 2893 τῷ
2702 2820 2798 2893 μὲν
2829 2825 3008 2894 ταυνῷ
3035 2821 3126 2877 καὶ
3156 2821 3413 2896 ὁμοτίμῳ
3439 2829 3541 2892 τῆς
3570 2821 3676 2900 φύ-

2020 2927 2177 2977 σεως,
2223 2910 2303 2979 τῷ
2349 2926 2408 2961 τε
2455 2907 2642 2981 ὲνιαίῳ
2697 2915 2797 2979 τῆς
2844 2909 3052 2979 οὐσίας,
3101 2909 3191 2964 καὶ
3245 2913 3315 2984 τῇ
3378 2905 3670 2982 ταυτότητι

2016 3002 2118 3065 τῆς
2174 2998 2442 3067 κινήσεως
2499 2997 2589 3052 καὶ
2647 2994 2926 3072 δυνάμεως
2978 2998 3070 3053 καὶ
3126 2997 3416 3075 ἐνεργείας,
3456 2999 3548 3055 καὶ
3591 3002 3664 3075 τῇ

2016 3085 2153 3158 πρὸς
2204 3077 2256 3138 ἕν
2308 3084 2585 3158 συμπνοίᾳ
2628 3084 2720 3141 καὶ
2760 3086 3012 3159 συνουσίᾳ
3044 3084 3252 3161 μονάδα
3289 3105 3302 3121 ⁸
3344 3086 3581 3161 μάλιστα
3608 3084 3668 3144 δὲ

2014 3171 2107 3227 καὶ
2155 3176 2372 3247 πρῶτον
2417 3171 2474 3229 ἓν
2521 3171 2611 3229 καί
2659 3173 2790 3229 αὐτὸ
2835 3171 2890 3230 ἓν
2939 3175 3016 3238 ὡς
3067 3174 3156 3231 καὶ
3215 3177 3399 3253 πηγὴν
3465 3175 3668 3241 παντὸς

2018 3260 2157 3333 ἐνὸς,
2203 3262 2295 3316 καὶ
2343 3261 2509 3335 μύνον
2553 3259 2608 3318 ἓν
2654 3267 2775 3324 ταῖς
2824 3261 3057 3335 ἰδιότησι
3114 3261 3174 3319 δὲ
3218 3264 3309 3320 καὶ
3350 3256 3669 3321 ὑποστάσεσι

2015 3347 2237 3426 Τριάδα.
2314 3352 2372 3405 Ὀ
2446 3352 2634 3427 Πατὴρ
2708 3356 2878 3408 ταῦτα
2965 3354 2993 3408 6
3066 3353 3194 3416 Υἱὸς
3247 3352 3338 3409 καὶ
3390 3353 3456 3410 τὸ
3513 3354 3670 3429 ἅγιον

2019 3442 2261 3511 Πνεῦμα.
2310 3439 2367 3492 Ὀ
2415 3439 2510 3511 μὲν
2558 3441 2838 3517 γεννήτωρ
2903 3442 2994 3496 καὶ
3058 3435 3387 3516 προϐολεὺς,
3446 3442 3669 3506 ἀπαθῶς

2015 3525 2106 3580 καὶ
2137 3520 2413 3602 ἀχρόνως,
2442 3531 2549 3582 τῶν
2585 3525 2644 3582 δὲ
2670 3529 2734 3584 τὸ
2768 3529 2862 3603 μὲν
2913 3530 3176 3606 γέννημα,
3196 3530 3260 3585 τὸ
3308 3527 3367 3585 δὲ
3392 3525 3672 3609 ,πρόϐλη-

2021 3635 2116 3688 μα.
2166 3617 2325 3691 Τρεῖς
2377 3615 2718 3687 ὑποστάσεις,
2774 3618 2978 3673 τέλειαι
3021 3617 3111 3673 καὶ
3172 3617 3512 3696 ὑπερτέλειαι
3578 3619 3669 3675 καὶ

2016 3704 2136 3758 καθ’
2186 3703 2376 3767 ἑαυτὰς
2445 3705 2768 3782 ὑφεστῶσαι,
2824 3705 2969 3782 τρισὶ
3025 3713 3423 3784 χαρακτῆρσιν,
3480 3705 3670 3784 ἀμερί-

2018 3812 2160 3854 στως
2204 3791 2292 3847 καὶ
2342 3792 2676 3857 ἀδιαστάτως
2718 3794 2768 3850 ἐν
2821 3793 2903 3868 τῷ
2955 3797 3057 3866 τῆς
3091 3794 3275 3859 οὐσίας
3301 3800 3481 3870 ταυτῷ
3508 3815 3670 3874 μερι-

2020 3880 2262 3953 ζόμεναι.
2312 3882 2409 3944 Εἷς
2455 3882 2585 3945 Θεὸς
2632 3883 2699 3938 τά
2742 3881 2889 3961 τρία,
2921 3881 3003 3939 ὅτι
3047 3885 3144 3958 μία
3174 3884 3366 3955 θεότης
3399 3904 3412 3918 ·
3445 3885 3545 3960 μία
3573 3884 3667 3965 οὐ.

243 3971 492 4050 γνησίως
549 3973 679 4046 ὁρᾷν
734 3945 874 4046 πρὸς
942 3945 1133 4043 ἀκμάς,
1192 3967 1269 4031 εἰς
1346 3945 1681 4045 ἀμφιϐολίας
1716 3945 1904 4031 ’.δλως
1936 3945 1979 4012 C
2017 3945 2125 4042 άίά,
2177 3968 2339 4048 φύφις
2387 3971 2477 4025 καὶ
2525 3945 2803 4049 κυριότης.
2850 3945 3003 4038 ’ὸθεν
3047 3945 3163 4029 *καὶ
3223 3945 3368 4029 πᾶσα
3428 3945 3664 4050 ἀνάγκη,

242 4060 699 4136 ἐμπεπτωκότος,
753 4063 875 4122 πῶς
940 4059 1016 4132 μὴ
1090 4055 1469 4131 καθαψάμενος
1525 4056 1751 4123 ἱκανῶς,
1809 4054 1908 4110 οὐκ

242 4149 306 4206 ἂν
363 4149 564 4213 ἄλλοις
618 4152 718 4204 τοῦ
774 4144 1135 4204 καθαπτεσθαί
1215 4166 1320 4219 μου
1397 4141 1621 4206 δικαίως
1692 4143 1907 4219 παρέξω

243 4238 479 4317 καιρόν;
529 4237 707 4296 Ἀλλά
749 4241 915 4293 τοῦτο
964 4235 1058 4310 μὲν
1119 4234 1293 4296 οὕτως
1340 4230 1507 4305 ἔσται,
1540 4232 1689 4288 ἔσται
1720 4229 1777 4287 δὲ
1810 4252 1904 4305 με·-

240 4329 314 4384 τά
334 4332 510 4385 ταῦτα
539 4345 554 4359 ⁹
609 4327 674 4382 τὸ
705 4323 775 4382 δὶ·
788 4330 878 4381 νῦν
910 4323 1038 4401 ἕχον
1068 4323 1151 4379 ἐπ’
1179 4321 1321 4379 ἄλλο
1360 4323 1664 4400 τρέψομαι.
1722 4325 1907 4377 Ἔσται

242 4414 307 4473 δὲ
356 4420 524 4473 τοῦτο
567 4421 687 4479 τοῖς
738 4415 889 4492 παρά
942 4418 1039 4469 σοῦ
1071 4434 1166 4488 μοι
1194 4406 1695 4489 προϐαλλομένοις,
1730 4407 1801 4465 δι’
1832 4411 1907 4465 ὧν

244 4504 340 4561 καὶ
387 4504 634 4582 γενέσθαι
678 4497 994 4583 ἀμφίϐολος
1045 4506 1357 4577 μαρτυρεῖς,
1406 4501 1507 4569 τήν
1567 4499 1642 4562 ὡς
1674 4497 1791 4576 ἔχω
1823 4497 1911 4554 δυ-

249 4596 473 4670 νάμεως
503 4592 659 4650 λύσιν
692 4593 1018 4668 ἐπενεγκεῖν.

315 4688 551 4760 Πρῶτον
598 4683 663 4739 τὸ
694 4685 914 4759 πρῶτον
969 4683 1079 4737 τῶν
1144 4672 1621 4755 προϐαλλομένων
1687 4675 1909 4751 ἐκθέμε-

242 4794 363 4847 νος,
417 4770 504 4836 τίς
548 4792 702 4843 ποτε,
752 4768 908 4850 φησί,
956 4768 1148 4845 λόγος,
1202 4767 1385 4823 οὐσίαν
1431 4766 1527 4839 μὲν
1559 4767 1637 4840 μὴ
1669 4764 1908 4840 δοξάζειν

241 4861 642 4933 ἀνυπόστατον,
699 4858 829 4935 μηδ’
873 4858 938 4914 αὗ
988 4852 1279 4913 ὑπόστασιν
1333 4854 1602 4928 ἀνούσιον,
1653 4853 1911 4932 λέγοντας

246 4949 309 5007 δὲ
357 4952 517 5025 ὁμως
563 4950 628 5006 τὸ
672 4948 936 5024 πανάγιον
999 4950 1221 5020 Πνεῦμα
1268 4944 1328 5000 Ex
1388 4951 1489 5014 τῆς
1556 4944 1739 5007 οὐσίας
1807 4948 1910 4998 τοῦ

242 5041 400 5115 Ποῦ,
456 5040 535 5113 μὴ
586 5036 763 5116 λέγειν
817 5034 1020 5092 ἐθέλειν
1067 5035 1158 5091 καὶ
1202 5034 1262 5090 ἐκ
1286 5040 1387 5104 τῆς
1419 5032 1789 5102 ὐποστάσεως,
1819 5033 1910 5087 καὶ

239 5130 395 5185 ταῦτ’
445 5127 535 5184 ἐπὶ
577 5132 677 5183 τοῦ
735 5124 943 5203 Ππρὸς
997 5122 1127 5198 μηδ’
1174 5120 1356 5200 ἕτερον
1405 5120 1643 5193 δοξάζειν
1696 5122 1908 5177 ἀναινο-

248 5218 468 5292 μένους,
517 5215 667 5273 ἀλλά
708 5215 799 5271 καὶ
850 5214 911 5271 ἐκ
953 5221 1056 5285 τῆς
1095 5212 1283 5276 οὐσίας
1316 5209 1577 5288 λέγοντας
1606 5211 1695 5266 καὶ
1727 5210 1786 5266 ἐκ
1807 5218 1909 5282 τῆς

2013 4057 2076 4113 τό
2106 4071 2165 4113 τε
2210 4064 2325 4114 κατ’
2371 4057 2552 4115 οὐσίαν
2603 4057 2656 4114 ἔν
2703 4064 2773 4134 τῇ
2825 4060 3064 4139 μακαρίᾳ
3105 4060 3258 4140 φύσει
3287 4065 3356 4136 τῇ
3387 4061 3667 4139 ὁμολογίᾳ

2013 4151 2224 4221 τηρεῖν,
2253 4147 2350 4209 τάς
2379 4166 2438 4201 τε
2464 4151 2611 4223 τρεῖς
2645 4146 2964 4210 ὑποστάσεις
3012 4145 3306 4224 ὁμολογεῖν
3335 4169 3347 4183 ’
3407 4151 3547 4223 μήτε
3581 4152 3664 4222 τῷ

2014 4238 2122 4290 τῶν
2169 4235 2512 4290 ὑποστάσεων
2559 4235 2778 4312 ἀριθμῷ
2823 4234 3016 4310 ἀτόμῳ
3054 4235 3144 4291 καὶ
3191 4234 3382 4313 ἀμερεί
3427 4244 3528 4309 τῆς
3571 4236 3664 4293 οὐ·

2016 4323 2134 4386 σίας
2186 4321 2646 4398 λυμαινομένους,
2699 4326 2828 4399 μήτ’
2874 4325 2941 4379 αὗ
2975 4322 3065 4380 διὰ
3108 4329 3270 4380 τοῦτο
3297 4324 3362 4381 16
3388 4329 3496 4382 τῶν
3532 4326 3665 4382 ὑπο-

2019 4413 2254 4468 στάσεων
2304 4411 2580 4489 τριαόικόν
2624 4413 2973 4490 συγχέοντας.
3023 4413 3125 4469 Καὶ
3176 4414 3279 4491 γὰρ
3328 4411 3453 4471 οὔτε
3529 4434 3669 4489 συμ-

2023 4500 2301 4578 μερίζειτο
2354 4500 2414 4556 ἄν
2477 4506 2596 4564 τοῖς
2635 4505 3008 4578 χαρακτῆρσιν
3081 4504 3118 4569 ἡ
3162 4501 3422 4557 ἀνωτάτω
3490 4500 3666 4576 οὐσία,

2021 4589 2245 4660 άληθῶς
2307 4589 2406 4664 μία
2457 4589 2549 4645 καὶ
2605 4589 2808 4666 κυρίως
2864 4591 3205 4668 ὑπάρχουσα,
3265 4585 3389 4646 οὔτε
3448 4591 3558 4664 μὴν
3612 4590 3671 4647 αἱ

2023 4678 2344 4751 ὑποστάσεις
2393 4675 2483 4733 διὰ
2503 4678 2564 4734 τὸ
2605 4675 2661 4735 ἓν
2692 4686 2794 4750 τῆς
2826 4679 3010 4742 οὐσίας
3040 4676 3308 4750 συστολὴν
3355 4676 3672 4757 δεχόμεναι,

2020 4766 2098 4830 εἰς
2148 4767 2376 4845 ἀριθμὸν
2430 4764 2691 4823 ἐλάττονα
2743 4772 2853 4824 τῶν
2911 4772 3076 4845 τριῶν
3139 4767 3500 4846 ἀναχωροῖεν.
3568 4768 3672 4824 Καὶ

2018 4860 2185 4912 ταῦτα
2218 4856 2313 4931 μὲν
2346 4855 2521 4919 οὓτως
2534 4899 2548 4916 .

2091 4946 2241 5001 Ἐπεὶ
2280 4943 2339 5001 δέ
2385 4944 2550 5018 οὕτω,
2599 4945 2761 5001 παντί
2809 4967 2916 5001 που
2950 4942 3121 5016 δῆλον
3170 4946 3244 5009 ὡς
3272 4946 3335 5002 16
3366 4951 3581 5021 Πνεῦμα
3607 4945 3672 5002 16

2019 5034 2171 5112 ἃγιον
2219 5034 2279 5090 ἐκ
2323 5037 2424 5105 τῆς
2473 5034 2657 5099 οὐσίας
2704 5035 2996 5112 λεγόμενον
3043 5039 3141 5092 τοῦ
3205 5036 3437 5112 Πατρὸς,
3482 5032 3670 5099 καλῶς

2021 5122 2078 5179 Ξίν
2123 5120 2228 5200 ἔχῃ
2273 5124 2363 5179 καὶ
2413 5119 2644 5187 εὐσεϐῶς
2691 5126 2780 5181 καὶ
2830 5123 2889 5180 ἐκ
2932 5131 3035 5195 τῆς
3076 5128 3175 5179 τοῦ
3223 5124 3350 5180 Υἰοῦ
3391 5121 3666 5200 λέγεσθαι.

1981 5208 1985 5212 ’
2018 5213 2126 5270 Μία
2167 5214 2292 5290 γὰρ,
2342 5213 2429 5267 καὶ
2481 5213 2556 5275 ὡς
2603 5213 2757 5269 οὐσία
2803 5213 2904 5269 οὐκ
2941 5211 3081 5269 ἔστιν
3122 5212 3274 5276 ὅπως
3303 5213 3438 5269 ποτὶ
3467 5210 3670 5290 διαίρε-

245 5307 598 5369 ὗποστάσεως
656 5305 1150 5383 προστιθεμένους;
1208 5302 1301 5357 καὶ
1360 5301 1391 5356 6'
1451 5301 1544 5375 μὲν
1604 5300 1663 5356 ἐκ
1717 5321 1913 5379 προοι-
1942 5309 1989 5375 D
2020 5323 2101 5357 σιν
2148 5299 2395 5378 δέχοιτο.
2456 5301 2520 5356 Εἰ
2562 5298 2620 5356 δὲ
2651 5300 2896 5379 δέχοιτο,
2927 5301 3017 5357 καὶ
3048 5299 3406 5373 πληθύνοιτο,
3435 5301 3525 5357 καὶ
3556 5305 3674 5367 πῶς

248 5396 392 5470 μίων
422 5393 773 5473 προτείνεται
802 5397 1071 5451 τοιοῦτον.

315 5484 484 5549 Λύσις
530 5481 592 5541 δὲ
640 5485 779 5561 πρὸς
821 5486 984 5538 τοῦτο
1033 5481 1344 5558 κυριωτάτη
1418 5478 1655 5554 μάλιστα
1716 5478 1916 5555 γένοιτ’

246 5575 311 5631 ἄν
360 5575 453 5631 καὶ
502 5572 691 5654 ῥᾳδία,
723 5572 770 5628 εἰ
802 5569 913 5627 ὧδέ
941 5592 1060 5634 πως
1094 5570 1287 5647 μικρὸν
1323 5567 1573 5645 ἀνωτέρω
1609 5568 1913 5643 βουληθείη

246 5686 331 5729 τις
374 5666 467 5721 τὸν
497 5663 693 5741 Γλόγον
742 5663 1053 5739 ἀναγαγεῖν.
1125 5658 1414 5738 Μοναρχία
1475 5659 1538 5715 τὸ
1602 5661 1914 5733 τιμώμενον

245 5756 408 5829 ἡμῖν,
441 5753 527 5812 ὅτι
560 5752 657 5810 καὶ
690 5754 769 5817 εἷς
802 5751 936 5814 Θεὸς
965 5749 1184 5823 ἀληθής
1219 5770 1231 5783 ’
1297 5747 1569 5826 μόναρχία
1625 5744 1685 5803 δὲ
1713 5746 1822 5823 οὐχ
1847 5745 1916 5818 ἤν

2024 5390 2125 5468 ἂρα
2171 5390 2236 5446 τὸ
2280 5386 2337 5445 ἓν
2387 5389 2524 5465 αὐτῇ
2569 5391 2708 5446 κατά
2752 5391 2927 5447 πάντα
2980 5388 3147 5468 λόγον
3196 5389 3287 5446 καὶ
3329 5389 3531 5467 τρόπον
3565 5411 3673 5448 σω-

2025 5482 2274 5552 θήσεται;
2321 5480 2419 5534 Ἵν’
2483 5479 2575 5533 οὗν
2656 5480 2732 5553 μὴ
2800 5479 3085 5556 ἀναιρῆται
3151 5479 3217 5535 τὸ
3278 5474 3354 5549 ἱέν,
3417 5474 3676 5555 διαίρεσις

2027 5565 2254 5642 οὐδεμία
2299 5569 2416 5623 κατ’
2469 5567 2674 5639 οὐσίαν,
2737 5566 2863 5624 οὐδὲ
2926 5565 3178 5647 διαφορὰ,
3246 5565 3372 5623 οὐδὲ
3435 5567 3675 5640 πλῆθος.

2027 5657 2175 5713 Διότι
2226 5654 2283 5712 δὲ
2343 5655 2461 5732 μία,
2508 5658 2572 5713 τὸ
2622 5656 2683 5713 ἐκ
2727 5663 2830 5727 τῆς
2886 5656 3068 5721 οὐσίας
3099 5655 3549 5733 ὁμολογούμενον
3578 5660 3679 5714 τοῦ

2022 5738 2240 5823 Πατρὸς
2270 5750 2511 5822 Πνεῦμα,
2542 5746 2634 5803 καὶ
2695 5746 2755 5802 Ex
2798 5752 2900 5819 τῆς
2950 5745 3136 5811 οὐσίας
3184 5750 3283 5802 τοῦ
3329 5747 3459 5803 Υἱοῦ
3506 5746 3694 5830 ὑπάρ-”
