4108 6430
248 487 376 549 273

1258 494 1361 554 DE
1406 494 1944 558 PROGESSIONE
1990 497 2348 562 SPIRITUS
2391 499 2698 562 SANCTI.

3560 506 3682 568 274

248 621 568 711 γεννᾶσεξαι,
615 617 707 673 καὶ
774 614 924 674 ,ἔστιν
1003 622 1126 685 Υἱὸς
1184 624 1246 678 τὸ
1314 624 1668 701 γεννώμενον,
1732 626 1767 695 ἢ
1853 627 1916 682 τὸ
1944 631 2001 698 Α
2030 630 2178 701 ἡμᾶς
2212 627 2574 701 διδάσκουσιν,
2600 628 2692 684 ’ίνα
2724 631 2800 703 μὴ
2860 631 2950 685 καὶ
2999 630 3056 686 ’ὸν
3100 627 3272 687 οἷέσθε
3318 633 3534 711 Πατέρα
3577 640 3676 692 τοῦ

253 704 664 782 ἐκπορεύεσθαι,
716 708 806 762 καὶ
862 713 1081 782 Πνεῦμα
1139 711 1292 787 ἅγιόν
1343 711 1505 771 ἐστιν.
1552 720 1613 769 Ὃ
1672 711 1729 769 δὲ
1790 716 1917 787 μήτ’

259 794 642 869 ἐκπορεύεσθαι
701 794 899 860 ἐκεῖθεν
953 796 1187 875 λέγεται,
1244 804 1380 874 μήτε
1447 805 1742 877 γεννᾶσθαι,
1801 801 1914 857 οὐδ’

178 920 192 932 ς
263 883 323 938 ἂν
353 883 439 938 καὶ
473 882 535 938 ἐκ
578 888 678 939 τοῦ
724 886 933 960 Πατρὸς
986 884 1207 961 λέγοιτο
1238 890 1336 957 τὴν
1369 888 1589 964 ὕπαρξιν
1626 888 1793 966 ἔχειν,
1828 892 1912 945 ού-

261 968 319 1027 δέ
349 993 409 1047 γε
434 972 525 1027 τὸν
560 972 776 1050 Πατέρα
803 971 871 1028 π)
887 979 1059 1029 ουτεῖν
1093 978 1321 1053 φυσικὴν
1350 977 1529 1053 ἀρχὴν
1578 980 1665 1032 καὶ
1714 979 1906 1048 αἶτίαν,

256 1059 453 1125 ἐκεῖθεν
542 1063 620 1135 μὴ
699 1063 1062 1137 γεννώμενον,
1140 1062 1270 1138 μηδ’
1339 1065 1764 1141 ἐκπορευόμενον
1845 1068 1911 1123 τὰ

254 1149 603 1225 γνωρίσματα
657 1153 761 1220 τῆς
818 1150 878 1206 ἐκ
932 1152 1145 1229 Πατρὸς
1201 1159 1308 1207 τῶν
1370 1155 1679 1228 ὁμοουσίων
1741 1155 1908 1232 ὑπάρ-

252 1238 405 1309 ξεως.
454 1238 520 1293 Εἰ
580 1240 685 1313 γὰρ
743 1245 846 1295 πᾶν
900 1240 1031 1318 ὅπερ
1086 1242 1151 1297 ’ἐκ
1205 1248 1302 1297 τοῦ
1360 1245 1569 1320 Πατρὸς
1627 1243 1906 1308 ούσιωδῶς

246 1324 364 1402 ἔχει
412 1326 476 1381 τὸ
527 1326 682 1397 εἶναι,
731 1328 767 1397 ἢ
817 1330 1155 1405 γεννώμενον
1205 1332 1241 1400 ἢ
1293 1330 1715 1407 ἐκπορευόμενον
1767 1332 1904 1409 ἔχει,

238 1422 268 1478 ὃ
331 1424 476 1497 μήτε
550 1429 801 1500 γεννᾶται
873 1424 1094 1500 ἐκεῖθεν,
1156 1429 1295 1500 μήτε
1370 1428 1735 1505 ἐκπορεύεται,
1793 1428 1906 1485 οὐδ’

237 1510 300 1566 ἂν
332 1509 443 1588 ἔχῃ
470 1513 710 1586 πάντως,
742 1518 892 1592 φαῖεν
924 1513 1110 1578 καλῶς
1141 1517 1191 1570 οἱ
1221 1517 1319 1585 τήν
1366 1515 1523 1593 ἰσχὺν
1571 1523 1677 1573 τῶν
1722 1518 1904 1574 τοιού-

230 1620 343 1655 των
406 1599 590 1675 κόγων
663 1600 885 1665 εἰδότες.
936 1603 1140 1659 Οὐκοῦν
1201 1601 1403 1677 ἷ’δωμεν
1472 1606 1562 1659 καὶ
1627 1606 1901 1682 Κύριλλον

226 1689 324 1744 τὸν
376 1690 544 1759 θεῖον,
576 1692 733 1744 ποῖόν
793 1711 844 1745 τι
893 1692 1177 1769 γνώρισμα
1231 1696 1328 1748 τοῦ
1380 1694 1514 1749 εἶναι
1563 1696 1652 1749 τὸν
1688 1696 1808 1749 Υἱὸν
1846 1695 1905 1750 ἐκ

228 1782 334 1833 τοῦ
388 1778 604 1855 Πατρὸς
650 1778 884 1853 τίθησιν,
937 1780 998 1836 οὐ
1033 1786 1314 1857 πανταχοῦ
1355 1783 1454 1852 τὴν
1506 1784 1800 1859 γέννησιν,
1841 1785 1901 1839 Τί

233 1862 326 1920 δαὶ
384 1870 482 1922 τοῦ
550 1867 885 1942 Πνεύματος,
946 1868 1007 1924 οὗ
1057 1875 1341 1945 πανταχοῦ
1410 1872 1508 1940 τὴν
1588 1870 1898 1949 ἐκπόρευσιν

230 1954 328 2009 καὶ
370 1955 438 2009 τὸ
489 1954 906 2033 ἐκπορεύεσθαις
940 1957 1009 2013 Εἴ
1056 1957 1237 2013 τοίνυν
1282 1959 1359 2021 ὡς
1410 1960 1534 2033 ὑμῖν
1584 1958 1716 2033 ἔστι,
1766 1958 1899 2016 σὺῶ
1928 1954 2101 2061 Β

322 2043 337 2060 ,
441 2050 474 2061 Λ
541 2048 570 2059 η
687 2049 713 2060 .,,
941 2039 965 2061 ι’
1012 2045 1027 2061 9
1106 2045 1118 2061 ο
1284 2047 1299 2061 ι
1520 2049 1532 2061 ι
1762 2049 1776 2061 ι.

232 2043 378 2118 πρὸς
438 2048 573 2099 Θεοῦ
618 2049 785 2099 ταῦτα
834 2039 965 2123 περῖ
1009 2045 1215 2102 ἐκείνου
1274 2047 1724 2124 ἀποκρινόμενος,
1759 2049 1901 2104 ἐπει-

235 2129 334 2186 δὰν
368 2129 455 2187 ὅτι
497 2133 588 2187 καὶ
636 2131 695 2188 ἐκ
738 2138 836 2189 τοῦ
888 2134 1011 2189 Υἱοῦ
1059 2132 1320 2211 λέγοντος
1349 2138 1411 2191 τὸ
1460 2141 1681 2211 Πνεῦμα
1736 2138 1899 2193 ἀκού-

231 2241 353 2283 σοις
383 2219 599 2292 αὐτίκα,
628 2221 719 2276 καὶ
747 2222 812 2276 τὸ
844 2222 1042 2287 ἐκεῖθεν
1093 2220 1240 2299 ἔχειν
1284 2225 1382 2293 τὴν
1430 2224 1651 2300 ὕπαρξιν
1701 2229 1899 2302 καθαρ-

238 2308 453 2382 πάξεις,
504 2309 613 2387 οὐχ
651 2311 783 2384 ὁρᾷς
832 2311 905 2373 ὡς
957 2307 1241 2384 ἀσύμϐατα
1288 2313 1375 2367 καὶ
1426 2313 1525 2368 οὐκ
1572 2313 1631 2368 ἂν
1684 2314 1899 2387 μᾶλλον

233 2397 493 2453 τάναντία
544 2399 620 2471 μὴ
670 2398 902 2455 συνιέναι
954 2398 1250 2473 ἀλλήλοις,
1281 2402 1316 2470 ἢ
1349 2406 1514 2457 ταῦτα
1556 2402 1586 2457 6'
1625 2424 1688 2478 γε
1735 2402 1897 2459 λελο-

228 2486 492 2561 γισμένος
541 2486 925 2563 ὁμολογήσεις
957 2488 1017 2545 Τί
1058 2490 1150 2545 τὸν
1193 2490 1449 2568 θεοφόρον
1496 2496 1613 2554 τοῖς
1661 2494 1898 2569 κενοφώ-

228 2596 350 2639 νοις
382 2576 712 2648 συντάττεις,
746 2577 836 2632 καὶ
872 2577 1186 2653 μαχόμενον
1216 2578 1408 2649 ἐπίσης
1464 2581 1638 2652 ἐαυτῷ
1693 2602 1750 2637 τε
1768 2584 1895 2637 λκαὶ

232 2677 354 2734 τοῖς
386 2670 584 2736 ἄλλοις
616 2671 917 2744 δεικνύεις;
950 2676 1124 2748 ἑαυτῷ
1170 2677 1263 2749 μὲν
1311 2677 1356 2731 εἰ
1403 2682 1492 2732 νῦν
1550 2678 1643 2751 μὲν
1685 2676 1896 2736 τελείαν

233 2760 297 2816 ἐκ
346 2765 448 2816 τοῦ
496 2762 708 2838 Πατρὸς
769 2763 868 2832 τὴν
920 2762 1144 2840 ὕπαρξιν
1199 2763 1347 2841 λέγει
1404 2769 1500 2820 τοῦ
1557 2767 1891 2841 Πνεύματος,

229 2854 323 2905 νῦν
355 2846 415 2903 δὲ
463 2849 629 2920 αὐτὴν
668 2850 869 2923 ταύτην
915 2852 1005 2907 καὶ
1055 2852 1115 2909 ἐκ
1157 2858 1255 2908 τοῦ
1302 2855 1428 2909 Υἱοῦ
1459 2853 1747 2931 ὸμολογεῖ’
1780 2862 1894 2919 τοῖς

230 2935 435 3000 ἄλλοις
489 2936 548 2994 δὲ
610 2938 693 2994 ὅτι
760 2941 975 2996 πάντων
1020 2940 1079 2996 ἐκ
1124 2946 1219 2997 τοῦ
1266 2944 1477 3019 Πατρὸς
1529 2941 1889 3003 διδασκόντων

224 3028 291 3084 τὸ
324 3026 460 3082 εἶναι
506 3032 587 3101 τῷ
628 3028 928 3103 Πνεύματι,
965 3030 1126 3093 αὐτὸς
1175 3031 1265 3086 καὶ
1312 3032 1402 3086 τὸν
1452 3033 1572 3088 Υἱὸν
1603 3033 1738 3089 κατὰ
1789 3036 1888 3103 τὴν

227 3115 498 3192 ὑμετέραν
559 3115 816 3193 ἐξήγησιν
873 3117 1045 3175 αἷίτιον
1093 3119 1348 3196 κηρύττει
1405 3126 1502 3176 τοῦ
1554 3122 1886 3196 Πνεύματος.

225 3204 304 3259 Ού
360 3205 465 3281 γὰρ
534 3204 761 3271 ἐνταῦθα
832 3208 1098 3283 τράνωσις
1174 3209 1431 3280 ἀληθείας
1495 3212 1523 3280 ἡ
1577 3214 1887 3287 προσθήκη,

223 3297 326 3348 τοῦ
373 3290 431 3348 δὲ
477 3293 664 3357 καλῶς
704 3292 928 3372 ἔχοντος
975 3296 1303 3370 ἐναντίωσις,
1339 3297 1511 3369 έξίσου
1558 3304 1674 3362 ταῖς
1727 3300 1887 3377 ὑπερ-

228 3376 430 3445 ϐολαῖς
483 3387 606 3446 ταῖς
658 3382 1193 3459 ἀντικαθισταμέναις
1251 3388 1389 3463 πρὸς
1435 3388 1531 3449 τὰς
1566 3376 1887 3461 μεσότητας.

229 3480 339 3538 Καὶ
398 3481 508 3553 μὴν
567 3480 613 3536 εἰ
674 3480 850 3545 οὕτως
908 3481 1052 3559 ἔχων
1114 3484 1187 3545 ὡς
1247 3483 1397 3539 αὐτοί
1458 3487 1890 3563 φιλονεικοῦντες

232 3589 390 3646 φατε,
424 3568 578 3624 αὐτοί
633 3590 698 3644 γε
741 3570 896 3644 ὑμεῖς
948 3571 1039 3626 καὶ
1086 3572 1263 3647 κριταὶ
1309 3578 1407 3628 τοῦ
1454 3575 1776 3650 πράγματος
1803 3576 1889 3651 γί-

225 3660 405 3715 νεσθε.
439 3657 647 3729 Ἔξεστι
696 3658 823 3723 τοὺς
882 3659 1086 3723 ἄλλους
1132 3659 1553 3732 καταλιπόντας,
1606 3663 1659 3718 οἳ
1703 3668 1892 3719 τοσοῦ-

225 3765 321 3800 τον
394 3742 748 3822 διενηνόχασι
797 3745 1070 3821 Κύριλλον
1156 3749 1319 3820 μόνον
1400 3750 1741 3826 προσθέσθαι,
1799 3751 1890 3806 καὶ

224 3837 350 3895 πῶς
384 3829 611 3896 δικαίως
666 3838 746 3906 τῷ
800 3856 862 3912 γε
914 3842 1337 3914 καινοφωνοῦντι
1396 3839 1485 3893 καὶ
1546 3837 1687 3913 μηδὲ
1743 3838 1889 3913 αύτῷ

224 3915 567 3995 συμϐαίνειν
607 3919 896 3994 δοκοῦντις
954 3928 1283 4003 καὼοφωνεῖ
1335 3927 1436 4002 γὰρ
1495 3927 1584 3982 καί
1643 3926 1704 3983 οὒ
1749 3950 1886 4003 συμ-

220 4007 423 4081 ϐαίνει,
485 4008 593 4087 εἷ’γε
647 4008 730 4066 δεῖ
791 4006 981 4087 βέϐαια
1060 4013 1258 4087 μένειν,
1324 4014 1458 4091 ἅπερ
1537 4017 1691 4089 ὑμεῖς
1764 4017 1888 4093 περὶ

218 4104 334 4155 τῶν
388 4099 595 4155 ἐκείνου
643 4099 960 4177 ψηφίζεσθε.
1014 4102 1108 4157 Ἐκ
1156 4102 1373 4178 Πατρὸς
1425 4103 1769 4180 ἐκπορεύεται
1825 4106 1888 4162 τὸ

220 4193 471 4262 Πνεῦμα,
513 4187 603 4244 καὶ
651 4189 790 4266 πρὸς
838 4185 1028 4245 ἕνωσιν
1079 4191 1397 4247 συνάπτεται
1452 4197 1531 4265 τῷ
1589 4195 1699 4266 Υἱῷ
1752 4195 1889 4251 κατὰ

216 4277 312 4332 τὸν
361 4283 464 4346 τῆς
526 4277 960 4350 ὁμοουσιότητος
1011 4278 1200 4355 λόγον.
1253 4279 1530 4356 Κυρίλλου
1587 4282 1691 4359 γὰρ
1749 4282 1883 4353 αὕτη

220 4365 404 4445 φωνὴ,
455 4365 546 4420 καὶ
597 4367 754 4439 ὑμεῖς
802 4373 1272 4444 προσμαρτυρεῖτε
1342 4371 1431 4424 καὶ
1498 4369 1707 4427 τελείαν
1780 4379 1887 4427 ΙΙα-

215 4455 415 4532 τρόθεν
460 4454 741 4533 ἐμφαίνειν
791 4461 889 4512 τοῦ
936 4457 1304 4533 ΙΙαρακλήτου
1351 4459 1451 4527 τὴν
1520 4459 1741 4537 ὕπαρξιν
1799 4459 1887 4516 λέ-

217 4564 372 4619 γετε.
415 4548 534 4600 Ποῦ
594 4541 790 4600 λοιπὸν
848 4550 929 4617 τῷ
987 4544 1220 4621 δευτέρῳ
1249 4547 1452 4617 τόπος;
1489 4551 1614 4611 Πῶς
1647 4552 1886 4621 σωθήσε-

214 4655 309 4689 ται
343 4634 429 4703 τὸ,
469 4635 604 4689 ’Ότι
646 4633 738 4688 καὶ
797 4634 858 4690 ἐκ
907 4639 1004 4690 τοῦ
1062 4637 1191 4690 Υἱοῦ
1246 4636 1309 4691 τὸ
1372 4637 1500 4692 εἶναι
1531 4643 1609 4711 τῷ
1640 4639 1886 4713 ΙΙνεύμα-

2027 714 2301 791 δόγματος
2356 716 2501 793 ἔχειν
2564 718 2623 773 ἐκ
2672 722 2780 773 τῶν
2852 718 3034 795 λόγων
3112 717 3329 776 ἐκείνων
3401 719 3669 798 πολέμιον

2025 805 2151 878 ὑμῖν
2184 804 2466 877 ἐπιστήσαι
2494 828 2579 869 τις
2605 826 2618 877 ;

2092 930 2316 1002 Πνεῦμά
2373 929 2512 985 ἐστιν
2567 929 2626 986 ἐκ
2680 934 2811 985 Θεοῦ
2868 929 2957 984 καὶ
3014 932 3247 1008 Πατρὸς,
3278 929 3415 987 ἴδιον
3462 931 3519 988 δὲ
3572 936 3663 992 καὶ

2019 1015 2184 1071 αὐτοῦ
2236 1021 2332 1073 τοῦ
2381 1018 2508 1072 Υἱοῦ
2558 1016 2956 1091 διαμεμήνυοιεν
3007 1021 3043 1089 ἡ
3092 1019 3310 1090 κλῆσις.
3342 1021 3442 1077 Καὶ
3489 1020 3658 1097 αὖθις,

2019 1104 2094 1167 ὡς
2152 1105 2245 1160 Ἐκ
2300 1105 2517 1182 Πατρός
2571 1107 2631 1162 τέ
2686 1106 2794 1162 ἐστι
2849 1108 2939 1163 καὶ
2996 1105 3047 1163 ἐν
3106 1109 3281 1185 Πατρὶ
3334 1115 3573 1187 φυσικῶς
3628 1113 3658 1168 6

2017 1194 2162 1263 Υἱὸς,
2196 1192 2245 1264 ἐξ
2305 1194 2468 1249 αὐτοῦ
2526 1192 2584 1249 δὲ
2639 1195 2727 1249 καὶ
2787 1195 2838 1249 ἐν
2897 1195 3061 1270 αὐτῷ,
3091 1197 3153 1251 τὸ
3196 1193 3334 1253 ἴδιον
3384 1198 3548 1255 αὐτοῦ
3602 1221 3662 1258 τε

2015 1282 2106 1336 καὶ
2181 1286 2277 1336 τοῦ
2354 1284 2481 1338 Υἱοῦ
2550 1288 2788 1356 Πνεῦμα,
2843 1283 3113 1340 τουτέστιν
3186 1285 3251 1340 τὸ
3319 1286 3491 1362 ἅγιον,
3567 1290 3659 1344 καὶ

2016 1368 2234 1447 ἐπείπερ
2287 1369 2425 1427 ἐστὶν
2483 1371 2542 1426 ἐκ
2596 1377 2692 1428 τοῦ
2761 1373 2996 1448 Πατρὸς,
3060 1370 3197 1429 ἴδιον
3279 1378 3501 1449 Πνεῦμα
3568 1377 3658 1432 καὶ

2016 1457 2180 1514 αὐτοῦ
2235 1465 2456 1533 νοεῖται,
2513 1459 2602 1516 καὶ
2656 1464 2777 1523 νοῦς
2834 1460 2997 1516 αὐτοῦ
3060 1460 3403 1535 ὀνομάζεται.
3448 1463 3546 1519 Καί
3604 1465 3656 1522 ἐν

2015 1544 2230 1610 ἄλλοις.
2290 1548 2353 1605 Εἰ
2421 1549 2523 1625 γὰρ
2604 1549 2846 1624 πρόεισιν
2921 1549 2980 1605 ἐκ
3052 1551 3264 1625 Πατρὸς
3319 1553 3383 1607 τὸ
3439 1557 3662 1627 Πνεῦμα

2010 1635 2073 1690 τὸ
2133 1637 2309 1711 ἅγιον,
2341 1634 2468 1692 ἀλλ’
2500 1635 2716 1713 ἔρχεται
2776 1635 2844 1694 δι’
2895 1635 3044 1711 Υὶὸῦ,
3076 1639 3166 1694 καὶ
3222 1635 3340 1716 ἔχει
3396 1641 3574 1697 τοίνυν
3628 1644 3657 1697 ὁ

2012 1725 2141 1787 Θεὸς
2170 1724 2259 1780 καὶ
2292 1727 2480 1802 Πατὴρ
2511 1725 2562 1796 ἐξ
2593 1727 2784 1781 ἑαυτοῦ
2812 1747 2871 1782 τε
2914 1728 3004 1782 καὶ
3062 1726 3114 1783 ἐν
3174 1728 3347 1801 ἑαυτῷ
3400 1730 3464 1785 τὸ
3521 1726 3658 1786 ἴδιον

2008 1817 2253 1887 Πνεῦμα,
2285 1811 2400 1889 ἔχει
2457 1818 2618 1869 τοῦτο
2677 1814 2728 1871 ἐν
2788 1816 2961 1887 ἐαυτῷ
3016 1815 3106 1870 καὶ
3165 1816 3193 1870 6
3239 1817 3384 1890 Υἱὸς,
3435 1817 3654 1896 ἐπείπερ

2010 1899 2149 1957 ἐστὶν
2210 1902 2504 1975 ὁμοούσιος
2580 1901 2745 1975 αὐτῷ.
2806 1903 2905 1958 Καὶ
2963 1900 3128 1959 πάλιν
3207 1904 3258 1960 ἐν
3325 1911 3652 1982 Θησαυροῖς.

2157 1991 2247 2045 καὶ
2303 1993 2364 2045 τὸ
2420 1995 2641 2065 Πνεῦμα
2692 1992 2756 2047 τὸ
2804 1991 2863 2047 ἐκ
2904 1996 3058 2062 Θεοῦ,
3093 1992 3228 2063 εἶπε,
3262 1990 3525 2049 διδάσκων
3575 1995 3653 2057 ὡς

2009 2079 2070 2134 ἐκ
2124 2083 2221 2135 τοῦ
2276 2081 2493 2156 Πατρὸς
2550 2076 2668 2155 ἔχει
2730 2081 2829 2149 τὴν
2885 2079 3129 2154 ὕπαρξιν.
3172 2081 3271 2137 Καὶ
3332 2084 3533 2159 μακρὸν
3589 2081 3649 2139 ἂν

2009 2166 2092 2239 εἷή
2151 2169 2246 2229 τὰς
2300 2168 2426 2245 περὶ
2485 2172 2506 2195 *
2561 2172 2733 2231 πάσας
2793 2168 2991 2225 ἐκείνου
3076 2169 3257 2247 φωνὰς
3335 2170 3411 2233 εἷς
3493 2172 3653 2246 μέσον

2007 2263 2374 2332 προενεγκεῖν.
2428 2255 2606 2312 Ἀλλᾶ
2659 2257 2733 2330 τί,
2794 2256 2946 2336 φησί,
3003 2257 3066 2314 τὸ
3123 2257 3387 2335 ὑπάρχειν
3443 2259 3503 2315 ἐκ
3554 2265 3652 2316 τόῦ

2006 2346 2134 2400 Υἱοῦ
2196 2345 2470 2422 βούλεται,
2531 2346 2621 2401 καὶ
2676 2353 2752 2416 πῆ
2822 2348 3000 2425 φέρειν
3059 2346 3264 2411 ἐννοίας
3318 2346 3653 2426 λεγόμενον;

2008 2433 2217 2509 Φράσον
2254 2431 2319 2503 δὴ
2352 2435 2397 2490 εί
2432 2435 2506 2507 μὴ
2541 2438 2721 2512 σαφῶς
2752 2436 2852 2504 τὴν
2885 2435 2945 2489 ἐκ
2996 2440 3094 2490 τοῦ
3150 2437 3278 2491 Υἱοῦ
3332 2441 3430 2492 τοῦ
3486 2437 3654 2493 Πνεύ-

2010 2542 2178 2595 ματος
2238 2521 2459 2597 ὕπαρξιν
2529 2522 2803 2598 βούλεται.
2837 2521 2909 2577 Οὐ
2963 2522 3125 2578 τοῦτό
3155 2545 3219 2599 γε
3251 2523 3505 2598 βούλεται
3561 2525 3653 2581 οὗ·

2006 2608 2214 2684 δαμῶς,
2248 2609 2388 2669 ἄλλο
2448 2608 2505 2669 δὲ
2542 2611 2572 2665 ὃ
2612 2610 2703 2665 καὶ
2758 2610 2842 2665 σοὶ
2905 2609 3229 2686 βουλομένῳ
3287 2609 3456 2682 δῆλόν
3506 2613 3651 2688 ἐστι.

2002 2698 2161 2767 Πλὴν
2224 2698 2284 2755 ἐκ
2334 2703 2431 2753 τοῦ
2480 2700 2630 2755 Υἱοῦ.
2664 2698 2740 2753 Σὺ
2772 2696 2829 2754 δὲ
2858 2697 2962 2754 οἷέι
2994 2696 3182 2761 ἄλλως
3215 2699 3433 2755 ἐκεῖνοντ
3476 2699 3648 2777 λέγειν

2005 2783 2274 2849 εὐσεϐείας
2335 2783 2463 2844 ὄντα
2522 2785 2865 2846 διδάσκαλον.
2926 2788 3026 2842 Καὶ
3098 2787 3260 2843 πόθεν
3328 2786 3561 2855 ἄλλοθεν
3619 2791 3649 2845 6

2006 2877 2200 2952 μιαρὸς
2252 2871 2596 2948 κατεϐλήθη.
2637 2875 2960 2953 Νεστόριος;
3019 2875 3233 2950 Πέμπει
3305 2876 3367 2932 τὸ
3424 2879 3649 2952 Πνεῦμα

2001 2965 2231 3041 Χριστὸς
2300 2965 2537 3041 ἁγιάσαι,
2595 2967 2953 3035 ζωοποιῆσαι,
3022 2963 3399 3040 ἐλευθερῶσαι,
3474 2967 3647 3032 υἱοθε-

1997 3061 2180 3129 τῆσαι,
2237 3052 2507 3109 τουτέστιν
2565 3051 2767 3130 ἐνεργεῖ
2821 3057 2990 3110 ταῦτα
3046 3052 3139 3108 σὺν
3205 3057 3285 3126 τῷ
3341 3053 3644 3128 ῙΙνεύματι,

1998 3144 2033 3211 ἢ
2067 3140 2156 3197 διὰ
2211 3147 2306 3197 τοῦ
2364 3141 2698 3216 ΙΙνεύματος,
2737 3143 2773 3210 ἢ
2830 3141 2883 3197 ἐν
2948 3146 3027 3214 τῷ
3081 3140 3381 3216 Πνεύματι,
3414 3141 3476 3198 οὐ
3534 3141 3648 3200 δια-

1998 3232 2255 3307 φέρομαι.
2290 3228 2531 3286 Ἐκτελεῐ
2574 3232 2669 3293 τὰς
2719 3230 3042 3304 θεοσημείας
3101 3226 3385 3304 ἅνθρωπος
3448 3227 3518 3285 δι’
3547 3229 3648 3304 ἐμὲ

1924 3353 1966 3419 C
2003 3319 2313 3395 γενόμενος·
2357 3325 2474 3383 πῶς
2536 3318 2757 3419 ἐνεργεῖ,
2811 3324 2928 3419 πῶς
2983 3317 3228 3419 ἐκτελεῖ;
3275 3317 3511 3419 ⁵πότερον
3570 3317 3647 3419 ὥς

2001 3429 2087 3469 τις
2140 3410 2246 3462 τῶν
2307 3409 2443 3463 κατὰ
2497 3404 2657 3484 χάριν
2707 3408 2806 3476 τὴν
2853 3405 3048 3463 ἄνωθεν
3076 3407 3237 3483 χάριν
3271 3405 3531 3483 ἐχόντων,
3561 3406 3653 3462 καὶ

2000 3497 2197 3573 ἀρετῆς
2244 3495 2536 3566 ἀντίδοσιν,
2581 3496 2838 3567 τοιαύτην
2883 3495 3192 3573 εἰληφότων
3235 3494 3434 3571 ίσχύν;
3475 3492 3654 3552 Ἀλλὰ

1997 3589 2160 3641 τοῦτο
2220 3585 2310 3641 καὶ
2386 3584 2485 3640 οὐκ
2556 3578 2696 3640 ἄλλο
2749 3586 2784 3653 ἡ
2839 3583 3133 3658 Νεπορίου
3197 3583 3334 3639 κατὰ
3415 3587 3650 3660 Χριστοῦ

2001 3673 2170 3730 λύττα
2250 3674 2341 3728 καὶ
2422 3670 2834 3750 παραφροσύνη.
2909 3669 3087 3727 Ἀλλᾶ
3164 3675 3320 3742 πῶς;
3378 3673 3468 3734 Ὠς
3525 3671 3650 3735 Υἱὸς

2001 3759 2217 3833 δηλαδὴ
2282 3762 2578 3839 μονογενὴς
2640 3766 2735 3815 τοῦ
2802 3760 3018 3836 Πατρὸς
3072 3759 3162 3814 καὶ
3193 3760 3322 3822 Θεὸς
3352 3758 3525 3837 φύσει,
3555 3759 3647 3815 καὶ

1996 3851 2060 3906 τὸ
2091 3851 2151 3906 ἐκ
2174 3855 2270 3905 τοῦ
2300 3851 2511 3927 Πατρὸς
2549 3854 2775 3922 Πνεῦμα
2825 3850 3063 3927 συμφυὲς
3110 3847 3254 3923 ἔχων
3298 3846 3388 3903 καί
3439 3847 3649 3921 ὁμοούο

1998 3961 2137 3997 σιον.
2168 3942 2285 3994 Ὅτι
2327 3937 2494 4013 δοτήρ
2526 3938 2684 4008 ἐστιν,
2719 3939 2794 4001 ὡς
2844 3934 3076 4012 εἶ’ρηται,
3120 3936 3209 3992 καὶ
3257 3935 3502 4014 χορηγὸς
3550 3941 3648 3993 τοῦ

1999 4027 2336 4101 ΙΙνεύματος,
2391 4027 2481 4081 καὶ
2537 4029 2565 4081 ὁ
2621 4026 2767 4103 παρὰ
2819 4030 2916 4081 τοῦ
2964 4024 3280 4099 Ιῐνεύματος
3359 4024 3644 4102 ἁγιασμὸς,

1996 4121 2032 4188 ἡ
2064 4118 2198 4193 πρὸς
2255 4117 2317 4171 τὸ
2375 4115 2633 4171 ἀθάνατον
2692 4119 2790 4185 τῆς
2850 4115 3062 4191 φύσεως
3097 4110 3459 4187 μεταϐολὴ-ἡ
3509 4114 3646 4188 πρὸς

1995 4206 2058 4261 τὸ
2114 4210 2356 4281 κρεῖττον
2415 4203 2755 4279 μετάστασις,
2811 4202 2974 4258 αὐτοῦ
3050 4202 3160 4258 ἐστι
3217 4201 3393 4281 φύσει,
3452 4202 3527 4265 ὡς
3585 4203 3646 4259 ἐκ

1993 4299 2090 4349 τοῦ
2147 4295 2361 4369 Πατρὸς
2414 4294 2504 4348 καὶ
2562 4294 2726 4348 αὐτοῦ
2781 4291 3122 4365 Πνεύματος.
3173 4293 3272 4347 Καί
3312 4312 3376 4368 γε
3427 4293 3492 4347 τὸ
3550 4292 3641 4348 ού-

1995 4381 2208 4447 σιωδῶς
2262 4388 2423 4438 τοῦτο
2481 4387 2559 4455 τῷ
2600 4379 2790 4455 δοτῆρι
2849 4379 3060 4454 μᾶλλον
3117 4381 3209 4436 καὶ
3261 4379 3493 4457 χορηγῷ
3546 4385 3643 4436 τοῦ

1993 4473 2308 4547 Πνεύματος
2365 4470 2715 4549 προσάρμοζέ
2778 4492 2872 4544 μοι
2919 4467 3151 4545 σὺήπερ
3208 4468 3288 4543 τῷ
3345 4469 3641 4544 Πνεύματι.

1995 4561 2220 4637 Ἐκείγῳ
2270 4560 2374 4636 γὰρ
2432 4557 2704 4634 Κύριλλος
2770 4558 3100 4635 ἀπανταχεῦ,
3152 4556 3401 4633 ἐλέγχων
3462 4556 3642 4634 ὥσπερ

1996 4647 2085 4705 διὰ
2111 4649 2307 4705 τούτου
2364 4647 2670 4724 Νεστόριον·
2730 4647 2819 4702 καὶ
2874 4648 2975 4723 γὰρ
3034 4645 3207 4708 οὕτως
3264 4643 3403 4722 ἔχει.
3460 4644 3640 4702 Ψιλὸν

212 4742 314 4792 τις
380 4719 527 4798 λέγω
589 4719 649 4777 δὲ
724 4727 812 4778 νῦν
877 4724 943 4779 τὰ
1011 4725 1261 4801 ὑμέτερα·
1322 4728 1428 4782 Καὶ
1505 4727 1552 4781 εἴ
1624 4724 1795 4790 αἷίειος
1854 4730 1882 4784 ὃ
1914 4717 1960 4782 D
1997 4739 2090 4813 μὲν
2125 4738 2325 4800 ἐκεῖνος
2381 4717 2575 4815 ἔφασκε
2629 4738 2719 4791 τὸν
2778 4717 2978 4811 Κύριον
3008 4717 3373 4811 ἅνθρωπονζὸ
3401 4731 3458 4789 δὲ
3512 4734 3638 4789 Θεὸν

212 4812 542 4887 Μονογενὴς
599 4811 763 4866 αὐτοῦ
820 4813 909 4867 καὶ
966 4813 1137 4891 ἀρχὴ,
1169 4820 1288 4878 πῶς
1314 4813 1524 4871 τέλειον
1559 4815 1618 4873 ἐκ
1666 4819 1879 4892 Πατρὸς

215 4901 357 4957 εἶναι
403 4901 467 4957 τὸ
514 4906 760 4975 Πνεῦμα,
820 4902 911 4957 καὶ
966 4903 1025 4957 ἐκ
1106 4904 1274 4977 μόνου
1346 4910 1444 4960 τοῦ
1504 4907 1716 4982 ΙΙατρὸς
1784 4906 1876 4962 ἐκ-

210 4988 567 5065 πορεύεσθαι,
647 4988 679 5044 6'
734 5012 869 5069 φησι
948 4989 1245 5068 Κύριλλος,
1314 4992 1508 5067 Κύριον
1595 4991 1872 5068 διαμενεῖ,

210 5089 341 5163 ’Δρ’
400 5087 712 5151 αἰσθάνεσθε
755 5095 857 5158 τῆς
942 5086 1258 5168 διαφωνίας,
1318 5089 1452 5163 ὅσης
1528 5088 1611 5146 δεῖ
1662 5098 1875 5167 κρατεῖν

209 5176 277 5232 τὸ
309 5176 572 5254 ὑμέτερον
601 5197 615 5247 ;
648 5177 749 5232 Καὶ
792 5176 846 5232 τί
898 5179 972 5252 μὴ
1022 5182 1223 5255 σαφῶς,
1255 5181 1291 5249 ἢ
1332 5179 1499 5250 ἀτελῆ
1531 5182 1630 5250 τὴν
1665 5179 1725 5236 ἐκ
1778 5186 1873 5236 τοῦ

210 5267 431 5342 Πατρὸς
487 5266 714 5342 ὕπαρξιν
772 5270 871 5322 τοῦ
938 5268 1248 5342 Πνεύματος
1311 5267 1515 5346 λέγετε,
1556 5268 1874 5344 τελειουμέ-

204 5375 311 5426 νηδ
365 5352 426 5410 δὲ
471 5353 563 5410 διὰ
606 5360 707 5411 τοῦ
751 5356 902 5425 Υἱοῦ,
935 5357 969 5425 ἢ
1003 5359 1259 5433 περιττήν
1308 5379 1428 5411 τινα
1468 5356 1557 5413 καῖ
1596 5364 1712 5421 τοῖς
1757 5371 1873 5423 θεο-

206 5443 409 5520 λόγοις
460 5443 681 5506 εἶκαίως
738 5442 1238 5520 παρειλημμένην;
1296 5445 1502 5518 ἐκείνην
1573 5449 1675 5524 γὰρ
1740 5449 1874 5502 πάν-

202 5554 319 5597 τως
377 5534 640 5604 τοιαύτην
703 5532 1049 5603 οἷηθήσεσθε,
1100 5531 1308 5611 σφόδρα
1345 5536 1445 5604 τὴν
1481 5535 1539 5591 ἐκ
1594 5540 1692 5592 τοῦ
1747 5537 1874 5592 Υῖοῦ

206 5622 590 5700 ἀντεχόμενοι.
656 5623 730 5675 Ἦ
785 5620 837 5675 τί
901 5622 975 5693 μὴ
1034 5620 1280 5685 κάκείνας
1332 5628 1440 5678 τῶν
1479 5628 1575 5679 τοῦ
1635 5624 1874 5702 μεγάλου

206 5711 502 5792 Κυρίλλου
560 5714 762 5791 φωνῶν
824 5706 1067 5763 ἐκποδὼν
1109 5717 1336 5781 ποιεῖτε,
1369 5710 1486 5766 ὅσαι
1536 5718 1714 5790 σοφῶς
1773 5715 1871 5781 τὴν

201 5808 304 5861 τοῦ
366 5802 701 5879 Πνεύματος
757 5796 982 5876 ὕπαρξιν
1045 5798 1104 5854 ἐκ
1161 5804 1258 5855 τοῦ
1333 5806 1466 5856 Θεοῦ
1524 5801 1611 5857 καὶ
1661 5801 1875 5879 Πατρὸς

1987 4827 2249 4898 ἀληθινὸν
2310 4821 2695 4903 προσλαϐόντα
2751 4823 3175 4902 τὸννᾶνθρωποψ
3213 4827 3424 4900 μετοχῇ
3464 4822 3638 4879 ΙΙνεύ-

1990 4937 2157 4989 ματος
2217 4915 2419 4978 ἐκεῖνος
2477 4914 2637 4989 χάριν
2726 4908 2911 4969 λαϐεῖν
2984 4911 3293 4988 ἐργάζεσθαί
3348 4910 3417 4967 τὰ
3469 4909 3640 4988 παρά-

1987 5003 2133 5077 δοξα,
2197 5002 2369 5075 οῗκείᾳ
2452 5001 2678 5077 δυνάμει
2763 5002 2919 5063 οὗτος
2965 4999 3055 5056 καί
3112 4999 3266 5079 φύσει
3320 4999 3638 5078 πηγαζούσῃ

1983 5094 2075 5149 τὸν
2136 5093 2420 5169 ἁγιασμὸν,
2481 5089 2609 5147 ἀλλ’
2668 5091 2767 5146 οὐκ
2823 5086 3013 5160 ἔξωθεν
3072 5088 3278 5166 ἐχούσῃ
3329 5088 3639 5165 ἐργάζεσθαι

1983 5181 2051 5238 τὰ
2106 5179 2402 5256 παράδοξα.
2461 5180 2561 5235 Καὶ
2620 5181 2724 5256 γὰρ
2758 5181 2785 5234 6
2843 5179 2966 5242 Υἱὸς
3027 5179 3104 5242 ὡς
3165 5178 3295 5241 Θεὸς
3356 5175 3637 5241 ούσιωδῶς

1985 5268 2100 5347 ἔχει
2159 5267 2365 5324 διδόναι
2424 5268 2513 5324 καὶ
2569 5273 2831 5345 χορηγεῖν
2886 5267 2977 5324 καὶ
3023 5268 3256 5341 πέμπειν
3294 5267 3359 5322 τὸ
3416 5270 3636 5340 Πνεῦμα

1982 5362 2044 5415 τὸ
2103 5360 2280 5434 ἅγιοτ,
2312 5359 2386 5420 ὡς
2444 5356 2589 5420 εἰκὸς
2653 5361 2820 5412 ταῦτα
2874 5362 3031 5413 νοεῖν.
3061 5357 3133 5414 Τὸ
3190 5353 3248 5412 δὲ
3297 5356 3412 5411 κατ’
3452 5354 3637 5412 οὐσίαν

1965 5452 2257 5525 ,πατρικῶς
2289 5446 2455 5503 εἰπεῖν
2510 5448 2623 5520 ἅμα
2677 5445 2767 5500 καί
2824 5440 3058 5508 εὐσεϐῶς
3096 5441 3220 5501 οὔτε
3251 5442 3481 5519 δίδοται,
3513 5440 3638 5501 οὔτε

1982 5535 2275 5611 πέμπεται,
2319 5536 2418 5591 οὐκ
2476 5536 2735 5610 ἐκχεῖται,
2797 5534 2858 5589 οὐ
2919 5532 3196 5610 δωρεῖται,
3250 5532 3316 5590 οὔ
3366 5532 3632 5611 χορηγεί-

1981 5646 2092 5701 ται,
2125 5626 2171 5680 εἷ
2206 5626 2305 5698 μή,
2338 5626 2412 5687 ὡς
2439 5622 2671 5700 εἷ’ρηται,
2706 5623 3025 5697 οἰκονομίας
3074 5623 3228 5699 λόγῳ
3284 5621 3375 5678 καὶ
3434 5641 3632 5701 συγκα-

1984 5708 2281 5775 ταϐάσεως.
2336 5710 2512 5768 Ἀλλὰ
2566 5712 2617 5766 τί
2683 5714 2757 5785 μὴ
2811 5712 2900 5767 καὶ
2957 5711 3121 5767 αὐτοῦ
3172 5709 3451 5787 Κυρίλλου
3506 5712 3630 5785 περὶ

1983 5801 2177 5857 τούτου
2234 5800 2538 5874 ἀκούομεν;
2572 5800 2731 5875 Λέγει
2788 5799 2969 5855 τοίνυν
3012 5798 3212 5871 ἐκεῖνος
3272 5798 3448 5876 λέγων
3505 5797 3630 5874 περὶ
