4108 6426
443 442 565 508 2Ἷῦ
1474 441 1791 505 GEORGII
1836 439 2099 502 CYPRII
2142 437 2262 501 GP.
2305 436 2834 500 PATBIARCIUE
3721 438 3829 498 2'16

444 578 545 631 τοῦ
600 575 745 645 Υίοῦ,
778 571 910 637 Θεός
961 572 1070 629 ἐστι
1124 570 1299 649 φύσει,
1330 570 1420 627 καὶ
1475 572 1538 627 τὸ
1596 570 1655 627 ἐκ
1710 575 1843 628 Θεοῦ
1879 571 2089 646 Πατρὸς
2124 572 2177 638 Α
2206 565 2342 644 ἔχει·
2376 567 2437 624 οὔ
2465 568 2567 645 γὰρ
2604 569 2705 638 τὴν
2763 566 2929 636 αὐτὴν
2978 567 3292 643 ἁπανταχοῦ
3337 565 3427 621 καὶ
3476 564 3556 621 ἀεὶ
3612 564 3828 636 σώζουσι

450 661 879 741 ἐκπορευόμενον
936 666 1154 735 Πνεῦμα
1224 656 1409 724 διδοὺς
1487 660 1647 724 αὐτὸς
1716 666 1833 723 τοῖς
1903 659 2095 731 ἀξίοις,
2208 656 2434 731 δύναμιν
2469 657 2523 712 αἳ
2572 656 2765 736 φωναί.
2798 657 2999 712 ’Δκουε
3044 654 3292 730 Μαξίμου
3336 658 3432 710 τοῦ
3475 655 3614 710 πάνυ
3661 652 3831 733 λέγον-

447 752 541 808 καὶ
587 752 661 814 ὡς
719 748 831 822 ἰδίᾳ
886 747 1109 823 δυνάμει
1163 753 1231 823 τῇ
1287 751 1414 825 παρ’
1440 749 1604 805 αὐτοῦ
1657 749 1965 825 χρώμενος.
1999 747 2097 802 Καὶ
2202 766 2319 817 τος,
2380 744 2556 801 Ἀλλά
2623 742 2766 818 μηδὲ
2829 745 3163 821 παραγωγάς
3235 763 3385 806 τινας
3458 743 3547 798 καὶ
3621 761 3829 819 σχημα-

448 843 612 897 τοῦτο
688 836 861 900 διατίς
916 842 1036 893 Ὅτι
1108 837 1421 911 ὀμοούσιον,
1481 838 1665 916 φησὶν,
1715 836 1853 892 ἔστιν
1931 835 2095 909 αὐτῷ,
2204 832 2432 907 τισμοὺς
2489 832 2653 888 πάλιν
2712 833 2944 888 ἐπινοεῖν
2988 831 3039 888 ἐν
3072 837 3191 894 τοῖς
3245 831 3369 908 περὶ
3428 835 3559 887 Θεοῦ
3617 829 3831 905 ὀνόμασι

451 928 542 984 καὶ
591 926 723 1004 ὅπερ
772 925 831 982 ἂν
880 926 1122 1003 γενέσθαι
1180 924 1405 1002 λέγηται
1470 926 1616 1002 παρὰ
1668 930 1764 980 τοῦ
1821 929 1953 980 Θεοῦ
2008 923 2098 978 καὶ
2207 920 2489 984 Βασίλειος
2519 923 2548 977 6
2584 923 2752 996 μέγας
2802 919 3169 977 διακελεύεται
3219 937 3324 975 σοι’
3382 917 3523 994 μηδὲ
3574 920 3663 975 τὸν
3717 920 3829 975 Υἳὸν

455 1015 690 1092 Πατρὸς,
746 1019 908 1071 τοῦτο
955 1015 1171 1077 πάντως
1232 1014 1343 1069 ἐστὶ
1391 1011 1461 1069 δι’
1506 1015 1632 1069 Υἱοῦ
1689 1013 1741 1069 ἐν
1806 1012 2095 1086 Πνεύματι.
2210 1011 2386 1086 ἀρχὴν
2435 1008 2559 1086 λέγε
2603 1014 2699 1065 τοῦ
2749 1009 3081 1084 ΙΙνεύματος,
3127 1009 3157 1064 ὃ
3208 1006 3400 1085 μηδεὶς
3450 1006 3677 1085 εἶ’ρηκεν.
3710 1005 3835 1063 Οὐδὲ

456 1102 612 1161 ’Δλλ’
641 1102 791 1166 ὅπως
839 1102 984 1159 δόσιν
1034 1102 1245 1163 ἀκούων
1296 1105 1370 1177 μὴ
1417 1101 1709 1179 ἀλλότριόν
1756 1124 1809 1158 τι
1856 1108 1957 1172 τῆς
2003 1105 2101 1156 τοῦ
2209 1097 2503 1175 Κύριλλος·
2544 1099 2591 1153 εἰ
2638 1100 2742 1175 γὰρ
2790 1094 2931 1174 ᾔδει,
2965 1098 3064 1154 οὐκ
3110 1097 3169 1154 ἂν
3219 1098 3279 1154 ἐκ
3327 1101 3426 1154 τοῦ
3476 1098 3602 1152 Υὶοῦ
3655 1094 3833 1166 δεῆσαν

456 1199 773 1274 Πνεύματος
836 1203 1035 1274 νοήσῃς
1105 1197 1546 1274 μεγαλειότητος,
1611 1201 1679 1255 τὰ
1729 1206 1830 1269 τῆς
1906 1219 2101 1275 συγκα-
2211 1187 2378 1275 εἶπεῖν
2434 1187 2497 1242 τὸ
2554 1192 2796 1260 Πνεῦμα,
2853 1192 3085 1242 τοσαῦτα
3166 1184 3612 1263 προσδιωρίζετο,
3668 1184 3836 1275 ὥσπερ

453 1272 729 1351 ταϐἀσεως
771 1287 861 1344 καὶ
911 1272 1228 1361 οἰέονομίάς
1280 1287 1499 1365 ῥήματα
1555 1288 1632 1351 εἷς
1699 1288 1864 1358 αὐτὴν
1924 1272 2100 1365 φέρων
2212 1272 2405 1339 δεδιὼς
2465 1277 2539 1348 μή
2598 1296 2683 1338 τις
2738 1275 2798 1331 ἐκ
2853 1276 3049 1331 τούτου
3095 1275 3353 1346 τοιαύτην
3384 1275 3548 1351 σγοίη
3582 1273 3836 1346 ὑπόνοιαν,

457 1378 625 1441 τιθεὶς
667 1378 768 1446 τὴν
814 1380 912 1432 τοῦ
964 1376 1325 1451 Παρακλήτου
1373 1376 1580 1447 οὖσίαν,
1615 1375 1804 1453 βούλει
1848 1376 1961 1432 καὶ·
1988 1377 2101 1432 ἐτέ-
2213 1369 2283 1427 δι’
2312 1372 2477 1427 αὑτοῦ
2533 1378 2844 1449 προχεῖται,
2892 1378 3240 1450 χορηγεῖται,
3271 1371 3399 1428 ἀλλ’
3444 1369 3578 1428 ἴδιον
3626 1373 3714 1427 καὶ
3751 1371 3840 1428 οὐκ

463 1484 559 1539 ραν
615 1465 790 1519 αἰτίαν
839 1464 1062 1520 ἀκοῦσαι
1108 1469 1228 1527 πῶς
1285 1463 1600 1535 οὐσιωδῶς;
1648 1468 1790 1539 Ὅτι,
1834 1465 2017 1544 φησὶν,
2067 1468 2103 1535 ἡ
2212 1457 2403 1534 ἔξωθεν
2466 1461 2778 1533 ὑποστατὸν,
2810 1460 2935 1517 ἀλλ’
2966 1462 3067 1517 οὐκ
3123 1460 3438 1538 ἀλλότριον.
3490 1458 3644 1518 Ἀλλ’
3695 1460 3840 1516 ἐκπο-

460 1557 561 1608 τοῦ
619 1551 828 1630 Πατρὸς
858 1550 1089 1625 ἴδιότης,
1122 1552 1267 1609 ἀλλὰ
1328 1555 1403 1628 μὴ
1455 1556 1555 1623 τὴν
1611 1557 1712 1623 τῆς
1762 1555 2104 1616 ὑποστάσεως
2215 1549 2424 1625 ρεύεται
2477 1550 2571 1623 μὲν
2623 1550 2682 1604 ἐκ
2710 1550 2947 1626 Πατρὸς,
2978 1546 3089 1605 ἔστι
3141 1547 3200 1605 δὲ
3255 1549 3356 1605 οὐκ
3412 1547 3700 1627 ἀλλότριον
3753 1553 3841 1607 τοῦ

462 1640 688 1707 ἐνταῦθα
715 1644 1213 1719 χαρακτηριστικῆν
1249 1640 1499 1713 ἰδιότητα
1542 1645 1762 1718 νοήσῃς,
1793 1644 1858 1699 τὸ
1905 1641 1964 1699 δὲ
2007 1650 2108 1713 τῆς
2216 1639 2365 1711 Υἳοῦ,
2399 1637 2451 1709 ἐξ
2508 1639 2709 1716 ἀμφοῖν
2765 1635 3067 1711 οὖσιωδῶς,
3126 1639 3162 1708 ἢ
3223 1639 3282 1694 ἐκ
3332 1639 3547 1715 Πατρός
3604 1636 3671 1694 δι’
3726 1639 3841 1694 Υἱοῦ

465 1729 675 1809 φύσεως
758 1731 956 1787 οἰκεῖον
1033 1730 1123 1786 καὶ
1187 1730 1403 1807 γνήσίον
1467 1732 1760 1808 ἐνυπάρχει
1825 1736 1904 1805 τῷ
1973 1733 2111 1787 κατά
2216 1726 2612 1803 προχεόμενον.
2646 1727 2707 1782 Τί
2756 1748 2864 1799 σοι,
2895 1729 2941 1782 ὧ
2985 1727 3125 1799 πρὸς
3171 1732 3328 1799 Θεοῦ,
3354 1725 3605 1785 δοκοῦσιν
3656 1728 3706 1784 οἱ
3755 1748 3842 1802 με·

464 1816 621 1897 φύσιν
676 1818 767 1874 καὶ
816 1817 869 1891 ἐξ
925 1818 1090 1875 αὐτοῦ
1151 1819 1462 1896 γεννηθέντι
1521 1819 1703 1896 Λόγῳ.
1741 1821 1859 1876 Ἔτι
1933 1825 2111 1891 ζητεῖς
2220 1815 2429 1892 ρισμοὶ,
2515 1816 2568 1870 οἱ
2641 1814 3086 1893 προσδιορισμοὶ,
3163 1817 3228 1872 τὸ
3311 1815 3713 1895 ἐφερμηνεύειν,
3786 1813 3843 1871 τὸ

467 1904 647 1977 διατί;
694 1910 834 1979 Ὅτι,
912 1908 1068 1986 φησὶ,
1133 1912 1214 1981 τῷ
1280 1915 1382 2004 τῆς
1448 1909 1877 2004 ὁμοουσιότητος
1962 1908 2112 1985 λόγῳ
2143 1940 2189 2004 Β
2218 1904 2547 2004 θεραπεύειν,
2588 1906 2658 2004 τὸ
2708 1903 3130 2004 κεκολασμένον,
3161 1908 3197 1977 ἠ
3247 1902 3686 2004 ἐπιδιόρθωσιςὲι
3710 1904 3848 2004 ῘΔρά

466 2002 730 2066 συνῆπται
774 2000 857 2070 τῷ
912 1997 1023 2070 Υἳῷ
1087 1998 1223 2072 πρὸς
1296 1993 1507 2071 ἕνωσιν,
1557 1998 1646 2054 καὶ
1716 1997 1777 2053 ἐκ
1834 2002 1931 2053 τοῦ
1981 2002 2114 2054 Θεοῦ

467 2082 559 2139 καὶ
588 2085 825 2158 .ΙΙατρὸς
885 2083 1251 2161 ἐκπορεύεται.
1309 2084 1418 2142 Καὶ
1469 2084 1658 2156 πάλιν,
1691 2085 1774 2142 ὅτι
1828 2085 2113 2162 ἐκπορεύεο

467 2191 579 2243 ται,
610 2172 790 2251 φησὶν,
822 2174 883 2228 ἐκ
908 2178 1007 2229 τοῦ
1057 2167 1295 2249 ῙΙατρὸς,
1326 2172 1439 2231 ἔστι
1490 2173 1549 2230 δὲ
1594 2174 1747 2249 ὅμως
1789 2174 1888 2231 οὐκ
1942 2173 2113 2231 ἀλλό-

399 2280 408 2286 ’
465 2280 618 2336 τριον
666 2265 764 2317 τοῦ
815 2262 944 2317 Υἱοῦ
990 2263 1126 2318 κατὰ
1167 2260 1260 2319 τὸν
1305 2268 1408 2333 τῆς
1456 2263 1640 2327 οὐσίας
1673 2262 1863 2340 λόγον’
1891 2263 1982 2319 καὶ
2030 2261 2114 2319 ὅτι

465 2349 633 2407 πάλιν
708 2348 965 2426 ἆρῥήτως
1035 2350 1096 2406 ἐκ
1165 2355 1262 2407 τοῦ
1319 2352 1535 2428 ΙΙατρὸς
1603 2350 1968 2429 ἐκπορεύεται·
2027 2349 2118 2407 διὰ

463 2441 564 2494 τοῦ
609 2438 738 2494 Υἱοῦ
794 2435 854 2494 δὲ
900 2444 1222 2516 χορηγεῖται
1380 2440 1572 2499 κτίσει.
1622 2440 1806 2505 Οὕτως
1856 2442 1885 2497 6
1946 2442 2114 2519 μέγας

465 2525 598 2607 φησὶ
642 2524 944 2604 Κύριλλος.
975 2526 1075 2583 Καὶ
1121 2527 1185 2583 σύ
1231 2550 1295 2606 γε
1338 2528 1672 2604 πέμπεσθαι,
1733 2532 2114 2608 χορηγεῖσθαι,

464 2623 815 2698 προχεῖσθαι,
875 2619 1118 2689 δίδοσθαι
1193 2624 1340 2703 παρὰ
1410 2630 1509 2682 τοῦ
1578 2625 1794 2703 Ιῐατρὸς
1864 2626 1955 2682 καὶ
2020 2631 2116 2683 τοῦ

465 2710 618 2782 Υἶοῦ,
659 2708 739 2767 ἔτι
787 2708 846 2768 δὶ
881 2711 972 2767 καὶ
1023 2712 1287 2790 ὑπάρχειν
1337 2713 1428 2770 καὶ
1475 2714 1735 2793 προϊέναι’
1775 2716 1840 2771 τὸ
1897 2721 2117 2790 Πνεῦμα

468 2797 701 2873 ἀκούων,
780 2801 857 2874 μὴ
950 2803 1277 2881 καταφέρου,
1354 2801 1496 2877 μηδὲ
1573 2806 1893 2878 κατάπιπτε,
1968 2802 2117 2860 ἀλλὰ

465 2892 588 2950 ταῖς
652 2886 891 2963 ὑψηλαῖς
951 2891 1041 2945 καὶ
1116 2891 1434 2969 θεοπρεπέσι
1518 2891 1752 2967 μάλιστα
1820 2893 1944 2971 περὶ
2019 2898 2116 2948 τοῦ

466 2974 785 3049 Ιίνεύματος
842 2976 1067 3041 ἐννοίαις
1124 2978 1528 3056 ἐρηρεισμένος,
1587 2980 1676 3037 καὶ
1749 2983 1842 3037 τὸν
1902 2984 2118 3059 Πατέρα

474 3061 639 3135 μόνον
665 3065 853 3139 πηγὴν
891 3073 995 3137 τῆς
1046 3066 1302 3139 θεότητος
1346 3066 1505 3132 εἰδὼς
1552 3069 1642 3124 καὶ
1687 3070 1884 3136 αἰτίαν,
1914 3070 2115 3126 καταλ-

470 3148 663 3234 λήλως
718 3157 834 3215 τοῖς
885 3155 1201 3229 προσώποις
1260 3158 1358 3226 τήν
1434 3156 1713 3234 θεολογίαν
1787 3155 2115 3233 ἐκλάμϐανε,

474 3232 617 3308 μηδὲ
658 3235 789 3299 τοὺς
836 3238 1058 3315 καιροὺς
1121 3243 1481 3318 παρατρέχων
1544 3232 1921 3317 ἀνεξετάστως,
1977 3244 2118 3318 μηδὲ

467 3323 565 3386 τὰς
608 3323 966 3401 περιστάσεις,
1020 3327 1076 3382 αἳ
1131 3329 1261 3392 τοὺς
1332 3328 1534 3406 λόγους
1616 3324 1887 3405 ἐκίνησαν.
1945 3334 2119 3410 Ταύτῃ

467 3432 554 3501 τοι
602 3410 694 3466 καῖ
740 3411 800 3469 ἐκ
843 3419 941 3469 τοῦ
990 3417 1204 3493 ΙΙατρὸς
1251 3418 1346 3492 μὲν
1375 3419 1591 3475 πίστευε
1620 3419 1704 3477 ὅτι
1738 3422 1883 3499 ἀρχὴ
1918 3425 2117 3501 φυσική

470 3499 601 3588 Υἱοῦ
655 3502 746 3556 καὶ
804 3501 1147 3576 ΙΙνεύματος,
1204 3512 1529 3583 προχεῖσθαι
1608 3511 1697 3564 καὶ
1763 3499 2118 3588 χορηγεῖσθαι

468 3586 560 3643 καὶ
614 3587 877 3667 ὑπάρχειν
936 3592 1014 3654 ὡς
1074 3591 1125 3666 ἐξ
1192 3594 1366 3658 αἰτίας
1441 3596 1720 3670 τοιαύτης,
1901 3586 1958 3656 δέ
2020 3605 2119 3657 τοῦ

470 3676 627 3748 Υἱοῦ,
658 3676 734 3740 ὡς
778 3679 1077 3753 ὁμοουσίου
1128 3682 1218 3738 καὶ
1268 3685 1568 3763 ὁμοφυοῦς,
1602 3687 1677 3750 ὡς
1723 3685 1773 3761 ἐξ
1823 3687 2026 3744 ἐκείνου
2072 3691 2118 3763 ᾧ

472 3765 794 3822 συνάπτεται
862 3772 943 3842 τῷ
1013 3776 1114 3840 τῆς
1188 3771 1618 3846 ὁμοουσιότητος
1698 3773 1870 3853 λόγῳ,
1940 3777 1993 3833 ἐν
2072 3779 2118 3851 ᾧ

473 3853 795 3909 ἀναπαύεται
873 3857 964 3912 καὶ
1051 3855 1290 3936 ἵδρυται,
1364 3862 1455 3917 καὶ
1541 3862 1929 3940 ἀνεκφοίτητον
2016 3868 2116 3937 τὴν

475 3953 648 4041 μονὴν
705 3959 962 4025 ποιεῖται,
1003 3954 1064 4011 ἐκ
1109 3958 1326 4033 ΙΙατρὸς
1384 3959 1830 4036 ἐκπορευόμενον.
1863 3964 2117 4041 ’Υπάρχει

472 4037 534 4095 ἐκ
578 4045 675 4096 τοῦ
723 4043 851 4098 Υἱοῦ
897 4043 960 4098 τὸ
1010 4047 1252 4119 Πνεῦμα,
1299 4046 1571 4123 Κύριλλος
1617 4049 1851 4125 εἶ’ρηκεν,
1885 4037 2116 4108 ἀλλ’-ού

474 4126 544 4185 δι’
594 4128 760 4201 αὐτην
815 4130 980 4188 αὐτοῦ
1031 4135 1130 4204 τήν
1183 4134 1457 4210 ούσίωσιν,
1506 4136 1566 4193 ἐκ
1610 4139 1777 4213 μόνου
1821 4140 1925 4217 γάρ
1982 4141 2116 4214 αὕτη

468 4221 567 4274 τοῦ
624 4219 859 4295 Πατρὸς,
916 4216 1006 4276 διὰ
1052 4219 1111 4278 δὲ
1161 4228 1261 4278 τοῦ
1330 4220 1647 4300 Ιῐνεύματοξ
1702 4233 1800 4284 τοῦ
1856 4216 2118 4286 συναπτο-

475 4305 636 4381 μένου
680 4308 761 4381 τῷ
806 4309 917 4382 Υἱῷ
959 4312 1106 4386 παρὰ
1131 4317 1228 4367 τοῦ
1260 4315 1493 4391 ῙΙατρὸς,
1524 4316 1613 4371 καὶ
1646 4316 1699 4372 ἐν
1730 4316 1878 4391 αὐτῷ
1928 4320 2118 4392 μένον-

469 4414 565 4458 τος
623 4395 943 4472 ἀπόλαμψιν
1000 4400 1091 4454 καὶ
1149 4402 1468 4480 φανέρωσιν·
1527 4403 1831 4484 ἐκφαίνεται
1877 4408 1981 4484 γὰρ
2032 4404 2121 4463 διὰ

470 4487 570 4540 τοῦ
620 4485 746 4540 Υἱοῦ
796 4486 886 4542 καὶ
945 4485 1214 4562 ἐκλάμπει
1280 4490 1341 4546 ἐκ
1394 4494 1606 4571 ΙΙατρὸς
1667 4493 2117 4572 ἐκπορευόμενον,

472 4572 736 4649 Ὑπάρχει
904 4580 1001 4631 τοῦ
1050 4578 1199 4663 Υλὶοῦ,
1231 4576 1357 4634 ἀλλ’
1405 4580 1529 4637 ὅταν
1586 4582 1662 4645 ὡς
1721 4586 2117 4663 φανερούμενον

2224 2013 2310 2048 σοι
2361 1991 2535 2065 μάτην
2585 1991 2924 2069 ἐπεσωρεύθη
2986 1991 3154 2067 μηδὲν
3212 1994 3563 2068 σημαίνοντα,
3594 1992 3733 2050 ἀλλὰ
3775 1993 3844 2067 μὴ

2224 2078 2572 2137 διδασκαλίαν
2651 2080 2847 2159 ἐναργῆ
2908 2081 3042 2136 εἶναι
3096 2086 3196 2137 τοῦ
3248 2083 3338 2139 τὸν
3418 2082 3540 2138 Υῖὸν
3594 2079 3847 2157 μηδαμῶς

2224 2169 2480 2240 οἰηθῆναι
2536 2164 2633 2225 τοῦ
2692 2170 3013 2245 ΙΙνεύματος
3067 2167 3279 2241 αἷίτιον;
3340 2172 3487 2248 Ἐγὼ
3538 2172 3632 2245 μὲν
3688 2170 3846 2244 οἶμαι.

2224 2258 2292 2313 Ἦ
2320 2258 2373 2313 τί
2420 2278 2553 2314 ποτε
2608 2256 2711 2334 ἄρα
2768 2258 3114 2335 προσίστατο,
3148 2257 3329 2336 ὥσπερ
3387 2259 3449 2316 ἐκ
3501 2263 3599 2316 τοῦ
3653 2256 3850 2334 ΙΙατρὸς

2225 2345 2339 2401 οἶδε
2366 2346 2457 2402 καὶ
2486 2346 2764 2422 κηρύττει,
2800 2346 2944 2402 οὕτω
3001 2368 3107 2403 που
3163 2347 3421 2429 ἐμφανῶς
3478 2346 3656 2425 λέγειν
3710 2346 3851 2402 ἐκπο-

2225 2435 2467 2512 ρεύεσθαι
2523 2435 2613 2491 καὶ
2671 2436 2730 2491 ἐκ
2784 2439 2881 2491 τοῦ
2938 2435 3082 2507 Γὶοῦ,
3140 2436 3231 2492 καὶ
3285 2441 3456 2493 ταῦτα
3503 2438 3595 2493 τὸν
3658 2436 3853 2511 Πατέρα

2223 2524 2314 2578 καὶ
2347 2521 2527 2579 εἶ’δότα
2570 2521 2662 2579 καί
2713 2522 3085 2598 ὀνομάζοντα;
3119 2525 3155 2595 ἢ
3195 2524 3416 2589 πάντως
3471 2525 3729 2597 ἠπίστατο
3769 2524 3848 2579 τὸν

2225 2609 2388 2689 λόγον
2439 2612 2515 2674 είς
2568 2609 2828 2688 δυαρχίαν
2879 2612 3127 2691 φέροντα.
3170 2614 3273 2670 Καὶ
3321 2612 3510 2677 καλῶς
3569 2611 3848 2689 μοναρχίαν

2224 2700 2386 2764 αὐτὸς
2448 2705 2765 2778 προσκυνῶν
2837 2701 2929 2757 καὶ
3006 2699 3274 2758 διδάσκων
3353 2698 3610 2777 εὐσεϐῶς,
3667 2702 3851 2758 ἐκεῖνον

2225 2789 2301 2869 ὡς
2359 2789 2636 2852 ἀπωλείας
2709 2787 2931 2869 διέφυγε
2998 2790 3276 2866 πρόξενον.
3347 2791 3426 2847 Σὺ
3504 2792 3560 2848 δὶ
3632 2789 3852 2870 φιλονει-

2223 2866 2397 2950 κήσας
2453 2878 2542 2934 καὶ
2599 2875 2698 2952 ἔτι,
2728 2866 2819 2934 καί
2879 2878 3066 2950 ὀξύνας
3120 2879 3317 2942 ἱκανῶς
3366 2883 3469 2951 τῆν
3527 2866 3730 2961 φωνῆν,
3768 2877 3853 2939 τὰς

2228 2967 2496 3046 ἀφύκτους
2556 2988 2651 3022 σου
2709 2967 3004 3041 ἐρωτήσεις
3058 2968 3149 3023 καὶ
3195 2971 3486 3045 καρτερὰς,
3519 2970 3595 3033 ὡς
3643 2966 3758 3039 οἴει,
3789 2965 3855 3027 ὡς

2227 3054 2273 3112 δ’
2324 3056 2430 3133 ἐγώ
2481 3077 2648 3134 φημι,
2699 3058 2896 3130 σαθρᾶς
2953 3057 3045 3112 καὶ
3132 3057 3516 3134 μειρακιώδεις
3570 3057 3856 3134 προσάξεις.

2228 3155 2326 3208 Καὶ
2402 3158 2519 3216 πῶς
2584 3174 2747 3232 φησιν
2821 3152 3020 3216 ἐκεῖνος
3081 3153 3133 3226 ἐξ
3198 3154 3365 3210 αὐτοῦ
3445 3160 3700 3234 φυσικῶς,
3754 3157 3859 3214 πῶς

2229 3243 2495 3317 προϊέναι,
2528 3246 2646 3304 πῶς
2696 3242 2759 3297 τὸ
2814 3241 2903 3297 καὶ
2961 3242 3022 3297 τὸ
3071 3240 3403 3318 ἐρωτήσεις;
3438 3242 3596 3301 Ἀλλ’
3651 3241 3858 3318 ἀντερή.

2230 3330 2395 3404 σομαί
2440 3351 2499 3386 σε
2542 3331 2713 3407 κάγὼ,
2770 3334 2887 3393 πῶς
2948 3330 3111 3405 μόνος
3182 3331 3273 3386 καὶ
3350 3333 3561 3410 κυρίως
3619 3329 3781 3393 αἴτιος
3833 3328 3858 3382 6

2228 3421 2416 3494 Πατὴρ
2469 3423 2569 3474 τοῦ
2625 3417 2963 3493 ΙΙνεύματος,
2997 3419 3044 3474 εἴ
3099 3421 3190 3475 καὶ
3222 3421 3251 3475 6
3301 3420 3465 3493 Υἱός;
3507 3425 3626 3484 πῶς
3680 3418 3856 3496 ἀρχή;

2225 3512 2344 3571 πῶς
2390 3507 2527 3582 μόνη
2579 3510 2773 3583 πηγή,
2807 3507 2906 3563 Ναί
2946 3529 3131 3587 φησιν,
3165 3505 3351 3579 ἐπειδὴ
3399 3509 3463 3566 ἐκ
3506 3514 3601 3565 τοῦ
3629 3509 3752 3565 Υἱοῦ
3794 3506 3859 3567 ὡς
3944 3545 3952 3558 ι

2228 3598 2430 3673 ἀρχῆς.
2461 3597 2518 3651 Ὃ
2548 3594 2608 3651 δὲ
2637 3597 2762 3659 Υἱὸς
2791 3595 2852 3652 ἐκ
2895 3600 2992 3652 τοῦ
3042 3597 3275 3673 Ιῐατρὸς,
3309 3593 3401 3652 διὰ
3454 3603 3615 3654 τοῦτο
3669 3595 3754 3652 καὶ
3801 3593 3859 3649 τὸ

2229 3688 2447 3759 Πνεῦμα
2502 3685 2563 3740 ἐκ
2612 3689 2711 3740 τοῦ
2768 3684 3003 3759 Πατρός.
3061 3686 3363 3763 Ὑπέρευγιε⁸
3426 3687 3502 3750 ὡς
3573 3686 3649 3749 εἷς
3717 3682 3859 3759 ἀνάρ-

2229 3774 2355 3852 ῥουν
2411 3774 2537 3847 ὑμῖν
2593 3776 2621 3830 6
2665 3775 2863 3848 σεμνὸς
2917 3780 3019 3844 τῆς
3078 3774 3419 3851 αἰτιολογίας
3470 3775 3636 3852 λόγος
3674 3775 3855 3850 χωρεῖ.

2226 3862 2386 3933 ΙΙλήν
2437 3863 2571 3937 ἅπερ
2638 3863 2808 3939 ἐχρῆν
2863 3865 3015 3936 ἡμᾶς
3071 3859 3162 3919 διὰ
3228 3869 3452 3941 μακρῶν
3509 3864 3649 3942 πρὸς
3708 3864 3860 3918 ταῦτα

2229 3951 2415 4025 εἷ’πεῖν,
2452 3952 2586 4027 μετὰ
2639 3956 2808 4007 ταῦτα
2853 3950 3146 4027 εἰρήσεταιο
3197 3953 3314 4008 νυνὶ
3360 3951 3419 4009 δὲ
3463 3954 3537 4016 ὡς
3571 3951 3631 4009 ἐκ
3656 3946 3861 4027 προχεί-

2231 4061 2327 4117 ρου
2358 4039 2632 4117 Κύριλλον
2690 4039 2780 4094 καὶ
2836 4042 2944 4094 τῶν
2995 4037 3247 4117 λογάδων
3301 4040 3477 4105 ἐνίους
3525 4043 3706 4104 αὐτοῖς
3761 4039 3863 4095 ἐπι-

2227 4131 2516 4200 στήσαντες
2591 4133 2688 4184 τοῦ
2751 4127 3003 4184 τοιούτου
3063 4127 3591 4207 ἀπαλλαγησόμεθα.
3635 4130 3694 4185 Τί
3742 4124 3860 4207 φῂς,

2229 4219 2275 4273 ὦ
2319 4214 2507 4287 οὗτος;
2538 4220 2637 4273 τοῦ
2695 4214 2974 4294 Κυρίλλου
3030 4212 3180 4295 ἔχεις
3235 4224 3461 4276 τοιαῦτα
3516 4224 3623 4276 τῶν
3675 4213 3863 4292 δογμά-

2225 4327 2334 4363 των
2394 4301 2579 4362 λαϐὼν
2635 4310 2742 4362 ποῦ
2799 4327 2933 4362 ποτε
3006 4306 3304 4382 εἰρηκότος,
3364 4314 3472 4365 ποῦ
3544 4309 3860 4386 γράψαντος;

2228 4393 2504 4472 Κύριλλὸς
2565 4416 2649 4450 σοι
2706 4394 2791 4451 ὅτι
2838 4394 2899 4451 ἐκ
2923 4400 3022 4452 τοῦ
3053 4397 3180 4452 Υἳοῦ
3208 4397 3271 4453 τὸ
3302 4403 3543 4471 Πνεῦμα,
3578 4394 3666 4453 διὰ
3712 4397 3862 4451 τοῦτο

2229 4484 2290 4540 ἐκ
2341 4488 2439 4540 τοῦ
2497 4483 2726 4560 Πατρός.
2761 4483 2864 4542 Καὶ
2926 4486 3034 4558 μὴν
3092 4486 3154 4541 τὸ
3210 4484 3442 4543 ἐναντίον
3501 4487 3702 4548 ἐκεῖνος
3750 4484 3860 4560 βοᾷ’

2230 4584 2325 4638 Ἐκ
2375 4586 2478 4638 τοῦ
2536 4583 2755 4659 Ιῐατρὸς
2812 4581 3179 4658 ἐκπορεύεται,
3238 4583 3563 4641 συνάπτεται
3630 4587 3708 4657 τῷ
3771 4584 3863 4650 τῆς

474 4664 713 4751 νοῶμὲν,
770 4662 894 4751 ὅταν
973 4660 1281 4740 διδόμενον,
1353 4660 1742 4746 πεμπόμενον,
1802 4671 2125 4751 ἐμφυσώμε-
2154 4668 2661 4746 Ι),ὁμοουσιότητος
2745 4669 2899 4748 λόγῳ
2982 4673 3097 4728 καθ’
3150 4668 3341 4727 ἕνωσιν
3428 4678 3509 4747 τῷ
3591 4672 3716 4744 Υἱῷ.
3772 4664 3863 4723 Καὶ

474 4769 586 4820 νον,
620 4748 745 4805 ὅταν
804 4749 891 4807 ἐπὶ
931 4753 995 4808 τὸ
1045 4752 1377 4811 ἀνακαινίσαι
1421 4759 1521 4828 τήν
1587 4760 1760 4816 κτίσιν
1823 4748 2120 4839 ἐρχόμενον

475 4836 567 4893 καὶ
624 4835 910 4926 διδόμενον
970 4839 1114 4897 οὕτω
1169 4843 1260 4899 τὸν
1320 4846 1443 4902 Υἱὸν
1493 4843 1609 4923 ἔχει
1643 4835 1868 4923 δοτῆρα,
1889 4835 1983 4905 καί
2027 4870 2124 4926 χο-

479 4925 815 5004 ρηγούμενον
903 4931 1170 5008 χορηγὸν,
1228 4933 1319 4989 καὶ
1402 4938 1755 5010 πεμπόμενον
1839 4925 2124 5013 πέμποντα

473 5023 782 5098 νοουμένων
823 5026 905 5081 ἀεὶ
945 5026 1033 5083 ἐπὶ
1090 5033 1188 5085 τοῦ
1246 5032 1566 5107 ΙΙνεύματος
1604 5035 1812 5091 τούτων
1866 5037 1956 5092 καὶ
2012 5042 2120 5095 τῶν

470 5111 773 5202 τοιούτων,
815 5114 932 5170 ἀντὶ
988 5118 1089 5186 τῆς
1161 5117 1407 5184 εὐδοκίας
1473 5122 1556 5178 ἀεὶ
1627 5124 1717 5179 καὶ
1788 5121 2124 5202 συγκαταϐά-

472 5222 632 5289 σεως,
665 5200 781 5257 ἐπεὶ
837 5202 927 5259 καὶ
981 5206 1310 5284 κυριώτερον
1372 5209 1431 5265 ἂν
1492 5210 1717 5289 λέγοιτο
1765 5200 1895 5270 αὐτὸ
1950 5216 2126 5272 πάντα

473 5288 703 5361 διδόναι,
762 5290 937 5348 πάντα
1007 5301 1270 5372 χορηγεῖν
1325 5298 1415 5353 καὶ
1471 5297 1646 5375 ἥκειν,
1698 5301 1761 5358 οὐ
1817 5302 2124 5376 πέμπεσθαι

474 5378 655 5455 ὥσπερ
738 5380 829 5435 καὶ
910 5381 1143 5459 ἐνεργεῖν
1223 5383 1394 5442 πάντα
1440 5404 1443 5405 ⁷
1487 5387 1724 5466 λέγεται,
1803 5393 1893 5446 καὶ
1974 5398 2122 5448 πνεῖν

476 5466 625 5538 ὅσον,
654 5467 745 5523 καὶ
796 5467 886 5524 ὅτε
927 5469 1018 5526 καὶ
1063 5469 1146 5550 ἐφ’
1188 5472 1281 5535 οῦς
1331 5475 1607 5550 βούλεται,
1657 5479 1831 5534 πάντα
1877 5481 1935 5534 ὃν
1991 5481 2127 5553 μετὰ

477 5556 695 5632 ΙΙατρὸς
724 5556 815 5610 καὶ
844 5557 997 5627 Υἷοῦ,
1030 5557 1178 5629 πλὴν
1236 5569 1337 5632 τῆς
1394 5565 1737 5642 πατρότητος
1792 5568 1883 5622 καὶ
1941 5569 2126 5639 υἱότη-

476 5663 590 5704 τος.
624 5644 713 5713 Μὴ
763 5642 835 5732 δη
880 5646 945 5700 αὖ
991 5644 1134 5725 λέγε,
1162 5648 1237 5711 ὡς
1288 5649 1473 5722 ἐπειδή
1526 5654 1783 5731 ὑπάρχει,
1833 5657 2019 5732 φησὶν,
2069 5656 2129 5711 ἐκ

479 5737 577 5788 τοῦ
633 5734 784 5806 Υἱοῦ,
819 5730 909 5790 διὰ
962 5740 1122 5792 τοῦτο
1175 5738 1262 5793 καὶ
1311 5742 1408 5810 τήν
1456 5740 1678 5817 ὕπαρξιν
1738 5742 1797 5797 ἐκ
1843 5730 2126 5828 τοῦᾴΥἱοῦ

2229 4761 2400 4832 αὖθις,
2459 4761 2553 4815 Ἐκ
2604 4763 2700 4814 τοῦ
2758 4760 2975 4836 Ιῐατρὸς
3035 4759 3402 4836 ἐκπορεύεται·
3465 4759 3573 4818 ἔστι
3651 4757 3707 4816 δὲ
3776 4754 3865 4812 οὐκ

2229 4848 2522 4926 ἀλλότριον
2578 4853 2675 4903 τοῦ
2731 4849 2878 4906 Τὶοῦ.
2947 4850 3046 4904 Καὶ
3102 4847 3278 4918 αὖθις,
3340 4851 3435 4907 Ἐκ
3513 4854 3607 4905 τοῦ
3663 4844 3864 4921 ΙΙατρὸς

2232 4936 2596 5015 ἐκπορεύεται·
2657 4936 2747 4994 διὰ
2786 4934 2844 4992 δὲ
2898 4941 2995 4992 τοῦ
3050 4938 3178 4997 Υὶοῦ
3255 4944 3585 5016 χορηγεῖται
3634 4939 3701 5012 τῇ
3764 4929 3865 4990 κτί-

2232 5049 2333 5085 σει.
2368 5026 2470 5084 Καὶ
2527 5026 2587 5082 ἐκ
2645 5025 2813 5101 μόνου
2868 5031 2964 5081 τοῦ
3021 5028 3235 5102 ΙΙατρὸς
3293 5028 3369 5091 ὡς
3428 5028 3536 5084 ἀπὸ
3590 5025 3862 5100 στόματος,

2230 5117 2320 5172 καὶ
2378 5116 2454 5179 ὡς
2510 5115 2617 5171 ἀπὸ
2672 5122 2857 5192 πηγῆς
2910 5119 3009 5171 τοῦ
3074 5116 3306 5191 Πατρός.
3368 5117 3471 5176 Καὶ
3549 5114 3747 5193 μακρὸν
3808 5107 3862 5164 ἂν

2232 5203 2317 5278 εἴη
2376 5204 2549 5262 πάντα
2609 5207 2701 5261 τὸν
2761 5204 2813 5277 ἐξ
2879 5205 3084 5263 ἐκείνου
3141 5205 3370 5285 ἔλεγχον
3420 5207 3699 5287 φέροντας,
3747 5197 3862 5260 τοὺς

2232 5293 2564 5373 συκοφάντας
2671 5293 2876 5350 ἐκείνου
2964 5296 3102 5353 κατὰ
3212 5294 3508 5373 προσώπου
3615 5290 3860 5372 ῥαπίζειν.

2233 5389 2411 5447 Ἀλλὰ
2465 5392 2532 5446 τὰ
2580 5392 2719 5467 πρὸς
2774 5389 3151 5467 Θεοδώρητον,
3182 5391 3328 5470 λέγω
3378 5391 3436 5448 δὲ
3477 5393 3575 5460 τήν
3606 5386 3725 5464 περὶ
3750 5378 3864 5441 τού-

2230 5498 2327 5534 του
2389 5478 2717 5555 ἀπολογίαν,
2756 5483 2875 5543 πῶς
2935 5479 3383 5557 διακρούσονται;
3439 5480 3543 5535 τίσι
3604 5472 3861 5552 μηχαναῖς

2231 5567 2322 5622 καὶ
2379 5574 2636 5646 στροφαῖς
2696 5566 2913 5644 λόγων;
2961 5568 3098 5645 Οὐχὶ
3159 5568 3489 5646 κατηγορίαν
3549 5564 3702 5622 οὖσαν
3756 5557 3861 5616 κατ’

2235 5655 2409 5710 αὐτῶν
2464 5654 2834 5726 άποδείξουσιν
2862 5677 2885 5725 ;_
2908 5660 3050 5735 Ἔφη
3109 5659 3213 5733 γὰρ
3272 5655 3544 5733 Κύριλλος
3597 5651 3730 5730 πρὸς
3752 5646 3859 5735 ,τὸν

2236 5742 2522 5816 Νεστόριον
2611 5733 3052 5818 ἀποτεινόμενος,
3106 5746 3179 5809 ὡς
3265 5744 3423 5808 αὐτός
3498 5762 3676 5823 φησιν,
3732 5733 3856 5793 ἴδιον
