4108 6436
316 488 447 550 277

1319 487 1422 549 DE
1464 483 2006 548 PROCESSIONE
2050 484 2413 548 SPlRITUS
2459 487 2762 550 SANGTI.

3620 492 3741 557 278

315 617 457 674 εἶναι
508 616 572 672 τὸ
630 619 856 691 Πνεῦμα
900 618 998 673 τοῦ
1046 615 1198 674 Υἳοῦ.
1265 610 1728 690 Ἐπιλαμϐάνεται
1779 613 1836 669 66
1882 618 1980 669 106
2010 620 2057 685 Α
2092 635 2211 691 χειν
2263 618 2413 688 ἡμᾶς
2460 613 2749 692 διδάσκεις,
2802 618 2891 674 καὶ
2942 614 3320 693 λαμϐάνοντας
3352 619 3410 678 ἐκ
3439 626 3535 678 τοῦ
3566 622 3738 679 αἴτια-

316 704 494 784 λόγου
543 703 923 783 Θεοδώρητος,
969 705 1165 783 ἐρωτᾷ,
1216 704 1416 781 διαιρεῖ
1452 705 1543 761 καὶ
1576 704 1706 784 φησί
1736 723 1749 737 ⁸
1783 705 1849 761 Εἰ
1883 703 1976 777 μὲν

2089 708 2186 758 τοῦ
2234 709 2314 777 τῷ
2361 704 2497 779 αἶ’τῳ
2544 707 2894 782 χωρίζεσθαί,
2944 708 3035 763 καὶ
3084 709 3143 764 ἐκ
3207 714 3304 765 τοῦ
3364 716 3616 785 ποταμοῦ
3666 716 3736 787 τῇ

319 792 412 851 διὰ
455 800 624 852 ταῦτο
679 792 819 851 ἴδιον
872 792 1037 873 ἔφησε
1088 800 1185 851 τοῦ
1235 796 1384 868 Υἳοῦ,
1427 794 1771 872 ὅτιὸμοφυὶς
1802 793 1891 848 καὶ
1923 791 1982 847 ἐκ
2088 800 2265 867 πηγῆ.
2294 796 2446 849 Ἔστι
2470 796 2573 871 γὰρ
2603 796 2693 850 καὶ
2720 800 2882 852 τοῦτο
2910 801 3015 853 τῶν
3065 798 3387 861 Ἀθανασίου
3438 797 3733 878 παραδειγ-

321 886 533 960 Πατρὸς
583 883 1036 962 ἐκπορευόμενον,
1093 883 1612 961 συνομολογήσομεν
1644 903 1657 916 ⁸
1718 884 1764 938 εί
1819 880 1863 936 δ’
1895 881 1976 937 ὅτι

326 972 378 1045 ἐξ
405 975 532 1028 Υίοῦ
577 974 679 1043 τήν
733 972 957 1049 ὕπαρξιν
1011 972 1152 1048 ἔχει,
1205 973 1280 1035 ὡς
1331 970 1654 1049 βλάσφημον
1695 975 1855 1026 τοῦτο
1887 970 1976 1025 καὶ

326 1058 575 1125 δυσσεϐές
625 1062 1024 1140 ἀπορρίψομεν.
1081 1062 1189 1118 Καὶ
1232 1061 1369 1139 πρὸς
1435 1066 1596 1117 τοῦτο
1675 1057 1971 1135 Κύριλλος,

325 1148 511 1220 ἐπειδὴ
571 1148 685 1207 οὔτ’
731 1150 892 1215 αὐτὸς
958 1148 1199 1222 ἐδόξαζεν
1272 1150 1333 1207 ἐκ
1394 1155 1491 1205 τοῦ
1544 1149 1689 1204 Υἱοῦ¹
1726 1149 1823 1217 τήν
1878 1152 1975 1201 τοῦ

321 1239 638 1314 Πνεύματος
698 1238 945 1316 ὕπαρξιν,
1004 1240 1093 1295 καὶ
1144 1236 1495 1315 Θεοδώρητον
1556 1236 1739 1299 καλῶς
1806 1236 1975 1290 ἐπιτι-

320 1332 511 1403 μῶντα
572 1328 884 1406 ἐγίνωσκεν,
952 1326 1006 1383 εἶ’
1043 1350 1125 1391 τις
1174 1328 1317 1383 οὕτω
1381 1325 1610 1398 δοξάζει,
1677 1320 1788 1380 061’
1858 1323 1971 1402 ἐφι-

314 1416 631 1490 λονείκησε,
687 1421 777 1474 καὶ
822 1416 1075 1495 παρῆλθε
1122 1417 1258 1480 τέως
1304 1420 1451 1493 σιγῇ,
1484 1413 1653 1485 δῆλον
1689 1413 1750 1469 ἐκ
1774 1412 1970 1468 τούτου

307 1511 517 1579 ποιῶν,
592 1504 725 1581 μηδ’
783 1506 943 1563 αὐτὸν
997 1506 1128 1569 τοὺς
1191 1505 1364 1569 οὕτως
1432 1502 1715 1578 οἰομένους
1774 1499 1969 1557 ἀποδέ-

307 1607 530 1673 χεσθαι.
581 1599 703 1653 ’Ότι
748 1594 796 1652 δ’
842 1594 998 1670 ὅμως
1055 1592 1191 1651 ἴδιόν
1242 1593 1352 1650 ἐστι
1398 1597 1495 1649 τοῦ
1548 1594 1676 1647 Υίοῦ
1704 1592 1767 1646 τὸ
1799 1594 1965 1646 Πνεῦ-

311 1705 412 1758 μα,
477 1685 576 1740 κᾶν
638 1684 739 1741 ούκ
793 1683 895 1763 ἔχῃ
950 1684 1109 1740 αὐτὸν
1166 1688 1264 1739 τοῦ
1321 1684 1454 1739 εἶναι
1510 1682 1708 1757 ἀρχὴν,
1769 1680 1857 1735 τὸν
1908 1676 1967 1733 66

303 1772 528 1850 Πατέρα
581 1774 702 1840 ὃθεν
749 1774 839 1829 καὶ
905 1773 1276 1850 ἐκιτορθύεται,
1336 1769 1585 1852 σφοδρῶς
1648 1768 1962 1846 ἀγωνίζεται

303 1859 603 1932 δεικνύναι,
649 1861 742 1917 καὶ
787 1866 884 1917 τοῦ
953 1861 1126 1937 λόγου
1175 1866 1409 1917 ποιεῖται
1465 1860 1556 1915 τὸν
1626 1856 1959 1913 Ἀπόστολον

306 1970 582 2027 μαρτυρα,
634 1947 720 2022 εἴη
777 1948 836 2006 66
883 1951 1050 2006 εἰπεῖν
1102 1949 1187 2006 δτι
1243 1950 1334 2006 καὶ
1392 1946 1731 2026 Θεοδωρήτῳ
1802 1967 1959 2001 συνα-

298 2037 615 2113 γωνίζεναι.
665 2040 818 2093 Ὅθεν
867 2040 958 2093 καὶ
1015 2039 1262 2101 εἰπόντος
1337 2037 1559 2109 ἐκείνου,
1651 2033 1815 2090 Ἵδιον
1902 2032 1960 2089 δέ

299 2148 442 2206 φησι
491 2128 557 2182 τὸ
604 2131 827 2202 Πνεῦμα
870 2131 968 2182 τοῦ
1014 2127 1163 2197 Υἱοῦ,
1213 2127 1260 2182 εί
1320 2126 1413 2200 μὲν
1460 2127 1534 2188 ὡς
1584 2124 1822 2203 ὁμοφυές
1866 2123 1956 2179 καὶ

300 2214 367 2272 ἐκ
412 2214 629 2291 Ππρὸς
688 2215 1137 2293 ἐκπορευόμενον,
1187 2213 1728 2291 συνομολογήσομεν,
1759 2213 1849 2268 καὶ
1880 2213 1957 2275 ὡς

300 2299 503 2376 εὐσεϐῆ
562 2303 822 2379 δεξόμεθα
855 2305 955 2374 τήν
990 2306 1198 2384 φωνήν⁵
1233 2303 1358 2359 ἀλλ’
1389 2302 1492 2358 οὐκ
1518 2301 1811 2378 ἀλλότριόν
1845 2300 1955 2356 ἐστι

297 2398 401 2449 τοῦ
431 2394 584 2451 Υἱοῦ.
618 2393 718 2448 Καὶ
751 2392 1026 2470 Κύριλλος
1062 2393 1156 2467 μὲν
1190 2391 1374 2455 αὐτοῖς
1405 2391 1528 2468 περὶ
1556 2391 1752 2446 τούτου
1767 2394 1957 2445 τοσαῦ-

293 2502 366 2538 τα
393 2481 488 2537 καὶ
518 2477 597 2537 ἔτι
618 2480 818 2538 πλείω.

374 2587 442 2644 Τί
495 2586 556 2644 66
609 2587 891 2651 Διονύσιος
948 2589 976 2643 6
1037 2590 1228 2663 μέγας,
1285 2586 1375 2643 καὶ
1428 2585 1866 2657 ’Δθανάσιος;τί
1898 2583 1957 2641 66

297 2675 620 2751 Βασίλειος,
668 2677 758 2732 καὶ
807 2675 1042 2757 ἀδελφὸς
1092 2678 1120 2732 6
1171 2675 1369 2732 τούτου
1434 2675 1761 2752 Γρηγόριος;
1829 2681 1954 2738 Πῶς

300 2764 363 2822 66
404 2768 499 2822 καὶ
527 2767 638 2822 ’τὸν
685 2765 1118 2844 Χρυσοῤῥήμονα
1167 2765 1469 2838 ὑποίσουσι,
1520 2764 1609 2820 καὶ
1654 2766 1744 2819 τὸν
1803 2764 1954 2840 μέγι-

295 2876 426 2911 στον
478 2854 753 2929 Μάξιμον,
806 2856 923 2911 κατ’
968 2855 1141 2911 αὐτῶν
1206 2852 1632 2930 ἐπειγομένους;
1684 2852 1783 2909 Καὶ
1849 2874 1955 2909 πα-

297 2942 558 3022 ραλείψω
605 2945 707 3015 τήν
755 2942 1041 3021 οὐρανόθεν
1112 2944 1421 3020 βροντῶσαν
1490 2944 1676 3021 φωνὴν
1749 2942 1958 3019 Γρητό-

291 3054 440 3111 ριον,
504 3032 595 3088 καὶ
650 3034 713 3088 τὸ
774 3033 977 3107 λῆμμα
1039 3029 1415 3109 Θεοδωρήτου.
1476 3028 1809 3108 Παραλείψω
1864 3031 1954 3086 καὶ

288 3122 496 3179 Νεῖλον
555 3121 651 3177 τὸν
715 3120 883 3197 μέγαν
938 3121 991 3177 ἐν
1052 3122 1274 3193 ἀσκήσει
1329 3120 1419 3175 καὶ
1477 3120 1529 3175 ἐν
1557 3120 1718 3197 σοφίᾳ
1746 3118 1954 3194 δογμά-

288 3232 428 3268 των.
459 3207 933 3288 Παραδραμοῦμαι
979 3210 1070 3265 καὶ
1117 3211 1217 3280 τὴν
1270 3208 1489 3278 πολλὴν
1537 3207 1847 3280 ἐπιστήμην
1899 3205 1950 3263 ἔν

288 3320 356 3356 τε
399 3303 500 3354 τοῦ
546 3298 859 3373 Πνεύματος
915 3297 1005 3354 καὶ
1052 3303 1169 3361 τοῖς
1223 3296 1580 3375 ἀνθρωπίνοις
1641 3296 1830 3372 λόγοις
1859 3298 1949 3351 τὸν

297 3388 649 3463 Δαμασκόθεν
686 3408 699 3421 ·

298 3478 472 3554 λέγω,
548 3474 675 3532 οῦδὲ
751 3478 976 3550 μνήμης
1049 3476 1326 3547 ἠξίωσαν·
1402 3475 1494 3530 τὸν
1544 3475 1639 3548 μὲν
1682 3473 1831 3544 ἷῖτως,
1871 3476 1953 3531 ’ὁτι

298 3565 541 3629 παλαιὸς
595 3563 670 3621 ὥν
733 3565 1015 3641 θεολόγος,
1066 3563 1290 3620 ταπεινά
1354 3585 1474 3619 τινα
1516 3562 1825 3643 φθέγγεται,
1866 3564 1954 3619 καὶ

298 3662 403 3724 τῆς
451 3654 735 3735 προφάτου
784 3653 1067 3731 θεολογίας
1124 3655 1331 3728 ἀνάξια,
1373 3655 1501 3715 τοὺς
1562 3651 1621 3709 66
1668 3652 1751 3708 ὅτι
1802 3651 1953 3709 οὐδὲν

296 3743 490 3808 αὐτοῖς
518 3748 627 3800 τῶν
659 3742 874 3799 οἰκείων
904 3745 1001 3799 κάν
1034 3742 1220 3820 ἄκροις
1280 3743 1425 3814 ὄνυξι
1454 3742 1751 3819 παραξύσαι
1789 3743 1952 3820 παρέ-

295 3853 486 3910 χουσι.
534 3833 749 3895 Πάντας
804 3830 865 3887 66
909 3832 1135 3895 τούτους
1194 3834 1275 3887 ὅτι
1326 3831 1378 3887 ἐν
1412 3830 1604 3908 λόγοις
1637 3831 1953 3909 ἐμμέτροις,

291 3922 350 3979 ἐν
383 3921 729 4002 κεφαλαίοις,
767 3921 819 3977 ἐν
852 3917 1074 3996 ᾇσμασι,
1106 3919 1357 4000 σφοδρῶς
1387 3922 1503 3977 κατ’
1536 3922 1711 3977 αὐτῶν
1744 3922 1953 3978 ἀκοντί-

292 4018 501 4083 ζουσιν.

366 4107 549 4166 Ἀλλᾶ
595 4113 716 4173 πῶς
766 4129 919 4181 ποτε,
968 4109 1014 4163 ὦ
1066 4106 1241 4181 οῦτοι,
1296 4108 1433 4185 πρὸς
1484 4107 1757 4164 Διονύσιον
1789 4109 1955 4187 φιλο-

287 4200 605 4269 νεικήσετε;
652 4196 807 4268 Μόνη
860 4198 1034 4274 πηγὴ,
1082 4197 1242 4276 φησὶν
1311 4197 1534 4268 ἐκεῖνος,
1594 4204 1696 4268 τῆς
1764 4197 1953 4269 θεότη-

288 4308 390 4350 τος
441 4288 472 4342 ὁ
520 4288 730 4364 Πατήρ.
781 4286 882 4341 Καὶ
928 4284 1116 4358 πάλιν,
1170 4284 1386 4362 Πηγαία
1437 4285 1629 4358 θεότης
1662 4288 1689 4341 ὁ
1724 4290 1949 4364 Πατήρ.

294 4378 327 4433 6
392 4373 452 4431 66
503 4376 628 4438 Υἱὸς
681 4374 772 4431 καὶ
826 4375 890 4431 τὸ
948 4378 1167 4449 Πνεῦμα
1220 4378 1319 4445 τῆς
1381 4376 1634 4452 θεογόνου
1676 4376 1952 4448 θεότητος,

294 4463 356 4521 εἴ
378 4463 526 4520 οὕτω
556 4465 669 4541 χρή
712 4462 895 4542 φάναι,
948 4463 1175 4541 βλαστοὶ
1214 4463 1485 4543 θεόφυτοι,
1529 4464 1618 4520 καὶ
1671 4465 1784 4520 οἷον
1819 4466 1950 4537 ἄνθη

292 4554 394 4611 καὶ
453 4552 749 4628 ὖπερούσια
803 4557 976 4632 φῶτα.
1042 4552 1144 4608 Καὶ
1202 4552 1392 4626 πάλιν,
1453 4554 1544 4609 Ἐκ
1607 4559 1705 4609 τοῦ
1783 4552 1953 4610 ἆύλου

293 4644 395 4701 καὶ
450 4642 690 4719 ἀμεροῦς
746 4642 948 4718 ἀγαθοῦ
998 4641 1067 4697 τὰ
1133 4639 1389 4718 ἐγκάρδια
1454 4645 1550 4712 τῆς
1616 4642 1951 4719 ἄγαθότητος

779 3386 874 3451 οὕς
968 3384 1093 3443 οὐδὲ
1166 3361 1344 3458 αὐτοὶ,
1418 3385 1546 3449 τοὺς
1648 3361 2027 3450 ἀντιθέτουςθ

2092 878 2298 953 μάτων.

2157 1010 2283 1069 Πῶς
2326 1004 2384 1061 δέ
2424 1028 2506 1070 τις
2551 1009 2640 1063 καὶ
2684 1007 2967 1065 Βασίλειον
3000 1011 3236 1084 ἀκούων,
3280 1014 3431 1068 Ἔστι
3484 1013 3579 1086 μὲν
3626 1019 3732 1070 Πα-

2082 1094 2208 1169 τὴρ,
2253 1094 2462 1151 τέλειον
2514 1093 2654 1173 ἔχων
2701 1099 2764 1153 τὸ
2815 1098 2945 1154 εἶναι
2998 1101 3088 1155 καὶ
3156 1097 3390 1170 ἀνεδεὶς,
3448 1099 3729 1177 λέγοντος,

2085 1181 2208 1256 ῥίζα
2261 1185 2352 1238 καὶ
2409 1187 2564 1260 πηγὴ
2613 1189 2710 1241 τοῦ
2764 1188 2893 1242 Υὶοῦ
2948 1188 3037 1243 καὶ
3095 1193 3191 1243 τοῦ
3247 1189 3560 1263 Ιῐνεύματος
3617 1190 3730 1246 εἶτα

2081 1271 2371 1346 προίόντος
2416 1273 2505 1327 καὶ
2565 1273 2843 1351 λέγοντος,
2890 1276 2988 1331 Καὶ
3039 1278 3067 1332 6
3110 1278 3234 1341 Υἱὸς
3278 1280 3423 1354 παρὰ
3474 1283 3572 1334 τοῦ
3610 1281 3727 1337 ΙΙα-

2080 1360 2205 1435 τρὸς
2264 1360 2474 1434 ἐξῆλθε,
2525 1364 2615 1417 καὶ
2655 1363 2717 1418 τὸ
2762 1369 2991 1437 ΙΙνεῦμα
3034 1364 3093 1421 ἐκ
3152 1370 3251 1421 τοῦ
3310 1367 3522 1443 Πατρὸς
3565 1366 3725 1423 ἐκπο-

2081 1448 2310 1523 ρεύεται,
2347 1447 2489 1505 ,ἀλλ’
2536 1452 2563 1506 6
2614 1452 2710 1524 μὲν
2753 1451 2876 1516 Υίὸς
2923 1453 2983 1510 ἐκ
3026 1458 3123 1509 τοῦ
3177 1455 3392 1531 Πατρὸς
3432 1460 3724 1532 γεννητῶς,

2076 1536 2140 1591 τὸ
2167 1534 2225 1591 66
2272 1542 2498 1611 Ιῐνεῦμα
2545 1536 2796 1617 ἀρρήτως
2846 1542 2905 1598 ἐκ
2953 1547 3050 1598 τοῦ
3093 1548 3227 1599 Θεοῦ
3256 1563 3268 1575 ·
3314 1544 3404 1599 καὶ
3436 1543 3488 1600 ἐν
3522 1544 3727 1621 ἑτέροις·

2077 1624 2137 1681 ἐκ
2187 1630 2285 1681 τοῦ
2330 1632 2462 1682 Θεοῦ
2507 1629 2638 1684 εἶναι
2687 1629 2900 1706 λέγεται
2947 1634 3011 1687 τὸ
3059 1637 3281 1708 Πνεῦμα
3320 1633 3384 1689 τὸ
3413 1633 3585 1709 ἅγιον,
3618 1633 3727 1711 οὐχ

2075 1715 2150 1778 ὡς
2196 1716 2263 1770 τὰ
2305 1716 2477 1772 πάντα
2522 1717 2581 1774 ἐκ
2634 1723 2733 1774 τοῦ
2784 1725 2918 1775 Θεοῦ
2965 1720 3260 1798 προελθὸν,
3331 1721 3393 1778 ού
3455 1727 3721 1799 γεννητῶς

2075 1803 2150 1865 ὡς
2206 1806 2234 1859 6
2354 1805 2457 1878 ἱός,
2536 1806 2662 1863 ἀλλ’
2738 1809 2813 1870 ὡς
2886 1814 3112 1883 ΙΙνεῦμα
3186 1809 3455 1884 στόματος
3531 1810 3719 1882 αὐτοῦ,

2069 1892 2158 1947 καὶ
2202 1898 2425 1967 Πνεῦμα
2471 1901 2706 1972 Χριστοῦ
2742 1897 3088 1971 ᾠκειωμένον
3133 1898 3269 1955 κατὰ
3330 1898 3486 1978 φύσιν
3548 1904 3716 1973 αυτῷ-

1990 1988 2038 2053 Β
2068 1985 2185 2044 πῶς
2225 2002 2310 2045 τις
2372 1988 2541 2039 ταῦτα
2601 1982 2856 2061 λέγοντος
2917 1985 3122 2042 ἐκείνου
3169 1986 3380 2043 ἀκούων
3435 1987 3564 2064 οὐχὶ
3615 1991 3714 2059 τῆς

2070 2068 2309 2134 ἐπινοίας
2367 2073 2518 2146 ὑμῶν
2582 2074 3042 2151 καταγελάσεται;
3109 2078 3269 2132 ’Όταν
3329 2074 3387 2131 66
3439 2076 3529 2132 καὶ
3585 2075 3714 2140 τοὺς

2068 2154 2273 2215 ἄλλους
2332 2160 2556 2233 ἀθετῆτε
2615 2163 2751 2236 μετὰ
2810 2169 2919 2219 τῶν
2994 2164 3295 2241 εἰρημένων
3371 2165 3461 2221 καὶ
3533 2169 3714 2228 κακῶς

2069 2246 2300 2319 παίζητε
2351 2248 2401 2304 ἐν
2454 2251 2516 2305 ού
2564 2259 2814 2316 παικτοῖς
2858 2259 2977 2316 τοῖς
3023 2252 3264 2325 ἐκείνων,
3312 2255 3381 2310 τὰ
3411 2254 3506 2328 μὲν
3539 2275 3710 2332 παρα·
3754 2266 3767 2267 “

2066 2335 2377 2413 τρέχοντες,
2425 2340 2493 2394 τὰ
2540 2337 2598 2395 66
2645 2342 3136 2417 παρεξηγούμενοι,
3186 2343 3275 2399 καὶ
3332 2342 3711 2420 ἀπορρηγνύν-

2065 2446 2153 2488 τες
2208 2431 2306 2481 τοῦ
2356 2426 2542 2491 καλῶς
2600 2426 2801 2494 ἄνωθεν
2862 2430 3226 2510 ἐξυφασμένου
3285 2436 3543 2509 χιτῶνος,
3616 2454 3712 2488 κα-

2065 2519 2177 2578 κῶς
2244 2516 2369 2589 ὑμῖν
2444 2517 2651 2587 αὐτοῖς,
2712 2516 2819 2575 εἷ’θε
2876 2518 2934 2575 66
2990 2520 3197 2594 μόνοις,
3254 2522 3293 2591 ἢ
3355 2520 3497 2596 μηδὲ
3529 2521 3714 2595 μόνοις

2071 2603 2196 2677 ὑμῖν
2278 2604 2466 2668 αὐτοῖς
2539 2611 2753 2683 χιτῶνα
2819 2610 3059 2673 κάτωθεν
3131 2609 3377 2685 ῥάπτετε,
3449 2606 3712 2683 οῦμενουν

2071 2690 2256 2747 λάῖνον
2307 2695 2442 2759 κατᾲ
2480 2695 2572 2750 τὸν
2622 2697 2850 2773 ἀρχαῖον
2900 2695 3062 2773 λόγον
3093 2703 3209 2760 τοῖς
3241 2698 3479 2772 σώμασι,
3506 2704 3629 2761 ταῖς
3658 2696 3718 2755 66

2067 2780 2459 2859 ἁπλουστέραις
2517 2787 2722 2860 ψυχαῖς
2782 2782 2993 2841 δίκτυον
3062 2787 3153 2841 καὶ
3218 2784 3438 2863 παγίδα,
3511 2787 3548 2856 ἢ
3624 2787 3714 2843 καὶ

2067 2869 2325 2946 φάρμακα
2380 2870 2520 2948 πρὸς
2577 2872 2846 2948 σωτηρίαν
2905 2872 3030 2929 ὅντα
3082 2879 3199 2938 τοῖς
3251 2874 3310 2930 ἐκ
3343 2882 3443 2945 τῆς
3476 2872 3715 2938 διανοίας

2066 2951 2433 3033 δηλητηρίοις
2490 2958 2997 3036 ἐγκαταμιγνύντες,
3058 2960 3285 3017 θανάτου
3341 2967 3559 3037 κιρνᾶτε
3616 2984 3715 3019 πο-

2061 3044 2276 3120 τήριον.
2324 3050 2453 3109 ΙΙῶς
2508 3052 2674 3103 ταῦτα
2746 3054 3058 3123 ποιοῦντας,
3140 3050 3241 3107 οὐκ
3316 3047 3551 3126 ἀλγήσει
3625 3072 3711 3115 τις

2063 3132 2230 3207 ὁρῶν,
2264 3133 2324 3188 οὐ
2357 3131 2715 3211 δηχθήσεται,
2750 3137 2810 3192 οὐ
2852 3141 3111 3215 θρηνήσει
3156 3146 3256 3210 τῆς
3308 3139 3707 3218 ἀπογνώσεως;

2063 3218 2240 3276 Ἀλλὰ
2289 3223 2413 3298 περὶ
2478 3225 2571 3297 μὲν
2628 3231 2725 3281 τοῦ
2774 3226 3025 3283 τοιούτου
3074 3226 3346 3305 δόγματος
3396 3228 3571 3285 αὐτῶν
3617 3228 3708 3285 καὶ

2066 3308 2218 3373 αὗθις
2268 3316 2402 3366 Θεοῦ
2446 3334 2510 3387 γε
2546 3313 2887 3389 βουλομένου
2920 3316 3214 3393 ῥηθήσεται
3249 3336 3263 3350 ·
3294 3318 3409 3374 νυνῖ
3441 3315 3488 3373 δ’
3520 3315 3707 3389 ἐπειδὴ

2067 3398 2203 3472 πρὸς
2253 3400 2425 3455 αὐτῶν
2472 3400 2633 3458 οὗααν
2687 3401 2893 3460 οἷόνται
2940 3407 3039 3475 τὴν
3085 3407 3175 3462 τὸν
3204 3406 3323 3462 Υἱὸν
3358 3404 3585 3481 δύναμιν
3612 3410 3711 3462 τοῦ

2065 3490 2283 3565 ΙΙατρὸς
2332 3490 2421 3545 καὶ
2479 3491 2743 3569 ἐνέργειαν
2798 3493 3093 3572 φέσκουσαν
3123 3494 3300 3572 ῥῆσιν,
3348 3499 3445 3551 τοῦ
3488 3497 3616 3550 Υἱοῦ
3656 3492 3714 3550 66

2064 3576 2127 3632 16
2176 3580 2413 3653 Πνεῦμα.
2470 3581 2597 3658 φέρε
2648 3582 2736 3637 καὶ
2793 3584 2917 3657 περὶ
2964 3583 3160 3640 τούτου
3213 3584 3421 3661 βραχέα
3451 3582 3715 3659 διαληψό-

2071 3668 2208 3738 μεθα
2239 3686 2251 3701 °
2303 3667 2571 3745 ἐνέργειαν
2619 3672 2708 3725 τὸν
2762 3672 2878 3727 Υἱὸν
2929 3672 2964 3743 ἢ
3008 3672 3070 3727 τὸ
3117 3678 3344 3747 Πνεῦμα
3394 3674 3447 3729 οἱ
3478 3674 3574 3747 μὲν
3604 3677 3711 3728 τῶν

2065 3755 2325 3831 ΙΙατέρων
2382 3757 2668 3832 ὀνομάζειν
2720 3760 2782 3815 ού
2818 3759 3129 3837 βούλονται,
3161 3767 3361 3840 σαφῶς·
3392 3769 3495 3833 τῆς
3525 3768 3713 3841 φωνῆς
3766 3830 3773 3837 ,

2062 3844 2126 3899 τὸ
2176 3844 2228 3899 ἐν
2280 3846 2447 3923 ἑτέρῳ
2496 3847 2585 3903 καὶ
2643 3850 2718 3922 μὴ
2772 3852 2891 3905 καθ’
2945 3851 3103 3906 ἑαυτὸ
3155 3851 3452 3929 ὑφεστηκὸς
3520 3871 3717 3925 σημαι-

2063 3933 2283 4009 νούσης,
2331 3937 2383 3991 οἱ
2441 3934 2498 3991 66
2549 3938 2825 4017 φαίνονται
2881 3942 2973 3995 τὸν
3046 3938 3213 4015 λόγον
3254 3938 3710 4016 καταδεχόμενοι.

2065 4022 2357 4079 Φαίνονται
2409 4023 2486 4096 66,
2536 4025 2665 4084 ἀλλ’
2712 4028 2814 4083 οὐκ
2858 4028 2945 4084 ἐπὶ
2983 4028 3243 4084 τοιούτου
3275 4030 3708 4103 σημαινομένου,

2066 4109 2191 4166 οὐδὲ
2244 4114 2345 4188 γὰρ
2396 4114 2462 4184 ἦν
2516 4114 2659 4178 εἰκὸς
2705 4118 2827 4191 περὶ
2853 4122 2986 4173 Θεοῦ
3018 4118 3446 4196 φθεγγομένους,
3479 4116 3606 4173 ἀλλ’
3637 4118 3712 4180 ὡς

2012 4233 2017 4236 ο
2064 4197 2124 4254 ἄν
2179 4202 2271 4276 μὲν
2322 4201 2410 4257 καὶ
2454 4208 2551 4259 τοῦ
2613 4205 2823 4283 ΙΙατρὸς
2872 4207 3076 4262 ἅπασαν
3146 4205 3410 4284 ἐνέργειαν
3477 4207 3714 4282 θεωρου-

2068 4290 2235 4362 μένην
2282 4292 2419 4347 κατὰ
2462 4292 2524 4347 τὸ
2573 4293 2989 4370 ἀπαράλλακτον
3042 4295 3095 4350 ἐν
3145 4296 3257 4368 Υἱῴ
3294 4296 3383 4351 καὶ
3414 4296 3709 4369 ΙΙνεύματι,

2061 4378 2152 4433 καὶ
2197 4378 2595 4455 πληρουμένην
2643 4385 3059 4458 παραστήσωσιν
3089 4403 3102 4416 ’
3164 4383 3368 4461 ἐνεργεῖ
3397 4384 3521 4462 γὰρ,
3554 4382 3709 4463 φησὶ,

2064 4464 2135 4521 δι’
2181 4469 2309 4523 Υἱοῦ
2354 4469 2405 4525 ἐν
2458 4470 2735 4545 ῙῙνεύματι
2760 4473 2789 4527 6
2832 4475 3023 4550 Πατήρ
3049 4492 3062 4506 ⁸
3107 4472 3200 4528 ἵνα
3239 4472 3296 4529 66
3324 4474 3413 4530 καὶ
3442 4479 3558 4537 τοῖς
3590 4495 3711 4529 συν-

2062 4558 2314 4631 ημμένον
2368 4560 2609 4632 καθάπαξ
2655 4562 2745 4616 καὶ
2793 4561 2967 4633 πάντη
3018 4563 3081 4618 τὸ
3147 4562 3490 4638 συνημμένον
3555 4560 3709 4618 ἀδιά-

2064 4666 2254 4702 στατον
2324 4648 2415 4703 ἀπ’
2476 4648 2742 4721 ἀλλήλων
2800 4651 3126 4727 γνωρίσωσι.
3197 4651 3303 4708 Καί
3373 4652 3478 4728 γὰρ
3544 4650 3708 4728 ὅνπερ

292 4732 459 4810 ἐξέφυ
518 4734 690 4809 φῶτα.
767 4732 1007 4792 Ἐκεῖνος
1079 4735 1267 4817 ταῦτα.
1358 4731 1455 4785 Καὶ
1516 4731 1694 4805 ὑμεῖς,
1755 4732 1836 4787 611
1897 4733 1957 4789 ἐκ
1985 4726 2032 4791 D
2062 4735 2263 4810 τρόπον
2292 4739 2327 4807 ἡ
2362 4741 2559 4815 φυσική
2592 4760 2732 4801 τινος
2790 4726 3027 4817 ἐνέργεια
3075 4726 3397 4817 ἀχώριστόςέ
3437 4726 3574 4797 ἐστιν
3625 4726 3713 4796 ού-

288 4824 400 4877 τοῦ
428 4819 582 4893 1106,
623 4819 776 4897 φατὲ,
800 4819 865 4874 τὸ
921 4822 1163 4893 Πνεῦμα,
1215 4815 1305 4874 διὰ
1355 4823 1523 4889 ηοῦτο
1572 4819 1633 4876 ἐκ
1670 4824 1766 4875 τοῦ
1816 4827 1954 4877 Πατ-

292 4909 398 4987 ρός
426 4928 441 4979 ;

362 5005 708 5080 Ἀθανάσιος,
778 5006 872 5061 Ἐκ
950 5009 1048 5061 τοῦ
1124 5006 1335 5083 Πατρὸς
1417 5005 1782 5080 ἐκπορεύεται,
1861 5006 1952 5062 καὶ

285 5099 394 5153 τοῦ
434 5094 567 5151 Υἳοῦ
612 5090 751 5150 ἴδιον
799 5093 932 5149 εἶναι
982 5095 1136 5173 φησὶ,
1180 5094 1270 5150 καὶ
1313 5094 1441 5172 παρ’
1494 5094 1657 5151 αὐτοῦ
1708 5092 1950 5160 δίδοσθαι

286 5190 415 5247 τοῖς
467 5188 763 5258 μαθηταῖς,
812 5183 905 5238 καὶ
951 5189 1082 5239 πᾶσι
1146 5189 1266 5247 τοῖς
1315 5183 1653 5239 πιστεύουσιν
1712 5184 1788 5247 εἰς
1854 5184 1948 5240 αύ-

284 5273 410 5331 τόν.
459 5273 779 5337 Ἀθανάσιος
846 5270 1208 5348 ἐξηγούμενος
1278 5272 1361 5335 τίς
1428 5273 1566 5328 ἐστιν
1630 5274 1658 5328 6
1722 5274 1951 5348 κόσμος,

286 5364 318 5418 6
377 5363 457 5435 μὴ
508 5359 812 5435 δυνάμενος
855 5368 1109 5438 χωρῆσαι
1159 5362 1224 5416 τὸ
1263 5366 1484 5435 Πνεῦμα
1509 5362 1573 5418 16
1604 5362 1783 5439 ἆγιον,
1818 5363 1951 5441 φησὶ

282 5449 418 5515 τοὺς
465 5448 840 5528 ἀρνουμένους
883 5450 1015 5504 αὐτὸ
1068 5449 1128 5505 ἐκ
1176 5455 1276 5507 τοῦ
1323 5451 1535 5527 Πατρὸς
1585 5451 1637 5506 ἐν
1687 5457 1766 5525 τῷ
1814 5458 1953 5528 Χρι-

287 5545 425 5615 στῷ.
454 5545 512 5595 Ὀ
542 5537 592 5595 δ’
620 5538 784 5601 αὐτὸς
816 5544 937 5601 πῶς
969 5535 1109 5593 ἴδιόν
1149 5539 1263 5594 ἐστι
1309 5545 1407 5595 τοῦ
1454 5541 1583 5595 Υἱοῦ
1618 5538 1681 5596 τι)
1736 5545 1953 5613 Πνεῦμα

288 5627 586 5701 διδάσκων,
642 5630 785 5685 ⁹Ότι.
839 5627 996 5706 φησὶ,
1048 5628 1138 5682 καὶ
1184 5628 1248 5683 τὸ
1294 5633 1516 5701 Πνεῦμα
1564 5628 1623 5684 ἐκ
1666 5633 1763 5684 τοῦ
1794 5633 1949 5702 Θεοῦ,

286 5720 378 5777 καὶ
430 5722 460 5776 6
513 5718 644 5781 Υἱός
704 5715 765 5771 ἐκ
823 5720 919 5771 τοῦ
985 5720 1139 5773 Θεοῦ.
1210 5718 1543 5789 Ἀθανασιος,
1606 5720 1675 5773 T6
1743 5717 1801 5774 ἐκ
1854 5722 1950 5773 τοῦ

290 5809 481 5884 ἡλίου,
535 5805 723 5890 φησίν,
775 5804 830 5863 ἐν
885 5803 1261 5884 ἀπαυγέσματι
1306 5810 1443 5887 φῶς,
1486 5807 1575 5864 καὶ
1624 5806 1685 5864 σὺ
1742 5806 1952 5885 ἀνατρέ.

2063 4845 2213 4887 τινος
2262 4826 2501 4903 ἐνέργεια
2558 4826 2796 4904 λέγεται,
2847 4828 3155 4905 ἆχώριστος
3223 4827 3282 4885 66
3342 4836 3443 4900 τῆς
3507 4829 3708 4886 οἰκείας

2064 4913 2331 4991 ἐνεργείας
2378 4915 2467 4971 καὶ
2525 4919 2561 4987 ἡ
2613 4916 2769 4994 φύσις
2816 4917 2977 4987 αὐτὴ,
3027 4919 3090 4973 06
3138 4919 3238 4996 γὰρ
3270 4916 3709 4993 ἀπολιμπάνεται

2062 5002 2129 5058 τὰ
2188 5008 2412 5061 τοιαῦτα
2485 5004 2771 5080 ἀκλήλων,
2833 5007 3038 5062 σύνεστι
3100 5005 3159 5062 66
3214 5006 3427 5081 μᾶλλον
3490 5007 3572 5064 ἀεὶ
3619 5009 3711 5064 καὶ

2062 5094 2474 5169 ωνθεωρεῖται*
2530 5095 2673 5151 οὕτω
2719 5117 2849 5168 που,
2898 5095 3134 5169 μάλιστα
3185 5094 3244 5153 66
3270 5097 3360 5153 καὶ
3394 5097 3525 5171 ὑπὲρ
3551 5101 3712 5153 τοῦτο

2060 5183 2151 5238 καὶ
2200 5189 2371 5238 πᾶσαν
2423 5183 2753 5259 κατάληψιν,
2800 5186 2891 5241 καὶ
2936 5186 3027 5241 τὸν
3074 5185 3246 5263 Λόγον
3278 5184 3369 5242 καὶ
3397 5187 3459 5241 16
3488 5190 3714 5261 Πνεῦμα

2060 5271 2123 5326 16
2171 5272 2321 5347 ἅγιον
2374 5271 2763 5338 ἀπολείπεσθαί
2826 5295 2959 5330 ποτε
3004 5279 3102 5330 τοῦ
3150 5275 3389 5353 ΙΙατρὸς,
3463 5275 3551 5331 καὶ
3618 5276 3710 5331 τὸν

2060 5362 2274 5437 Πατέρα
2344 5360 2551 5417 τούτων
2641 5360 2939 5419 διίστασθαι
3022 5363 3355 5420 παντάποσιν
3428 5361 3712 5421 ἀδύνατον.

2061 5448 2176 5505 Ἀεὶ
2208 5451 2313 5527 γὰρ
2346 5450 2398 5506 ἐν
2425 5455 2504 5523 τῷ
2535 5451 2688 5528 Δόγῳ
2717 5452 2807 5507 καὶ
2867 5452 2920 5508 ἐν
2962 5454 3041 5526 τῷ
3091 5453 3366 5526 Πνεύματι
3419 5454 3447 5508 ὁ
3496 5454 3713 5531 Πατὴρ,

2059 5538 2149 5593 καὶ
2196 5540 2224 5593 6
2284 5539 2460 5616 Λόγος
2518 5540 2609 5595 καὶ
2664 5542 2727 5595 16
2780 5543 3002 5615 ΙΙνεῦμα
3042 5541 3093 5596 ἐν
3137 5540 3219 5614 τῷ
3268 5540 3466 5619 ΙΙατρὶ,
3497 5540 3609 5614 καὶ,
3642 5541 3719 5603 ὡς

2063 5627 2166 5707 ἔφη
2202 5629 2498 5701 Διονύσιος,
2539 5628 2599 5684 ἐκ
2627 5634 2723 5684 τοῦ
2752 5628 2921 5685 ἀΰλου
2953 5630 3041 5685 καὶ
3100 5630 3335 5707 ἀμεροῦς
3395 5631 3595 5705 ἀγαθοῦ
3649 5631 3716 5686 τὰ

2067 5717 2326 5794 ἐγκάρδια
2384 5725 2485 5787 τῆς
2552 5718 2889 5795 ἀγαθότητος
2964 5717 3194 5797 ἐκφύντα
3256 5723 3409 5797 φῶτα
3479 5724 3594 5781 τοῖς
3662 5717 3714 5773 ἐν

2066 5807 2213 5881 αύτῷ
2261 5807 2349 5863 καὶ
2393 5806 2444 5863 ἐν
2500 5807 2681 5870 αὐτοῖς
2729 5808 2816 5863 καὶ
2869 5808 2919 5864 ἐν
2971 5806 3243 5881 ἀλλήλοις
3306 5805 3583 5865 συναϊδίου
3645 5811 3714 5882 τῇ
