4108 6454
296 458 415 520 281

1287 458 1391 519 DE
1435 459 1975 520 PROGESSIONE
2018 457 2378 521 SPIRITUS
2423 459 2730 521 SANCTI.

3592 455 3714 516 282

296 596 508 665 Πατὴρ,
543 589 635 644 καὶ
680 588 883 665 κυρίως
928 589 1116 664 Πατήρ
1180 589 1271 642 καὶ
1342 583 1672 663 προϐολεὺς,
1725 589 1784 643 o6
1852 590 1952 664 γὰρ
1981 595 2038 661 Α
2066 608 2170 643 νων
2202 589 2290 643 καὶ
2329 588 2396 643 τὰ
2428 588 2659 663 ὑμέτερα
2687 591 2785 643 τοῦ
2817 587 3139 660 ΙΙνεύματος
3191 583 3337 641 αἷίτια
3366 584 3441 646 είς
3488 583 3543 639 ἓν
3590 598 3713 638 συνέ

296 679 568 758 ἀφέξομαι
614 676 887 740 πολλάκις
937 678 987 732 ἐν
1035 678 1252 740 τούτοις
1300 677 1686 755 στρεφόμενος·
1725 678 1773 732 εἷ’
1820 682 1948 752 γοῦν

297 767 440 824 ἔστιν
476 766 777 846 ἀμφότερα,
811 767 898 821 καὶ
942 765 1167 843 κυρίως.
1201 770 1270 836 ’ῌ
1317 764 1374 821 δὲ
1420 768 1601 843 πατὴρ
1651 766 1949 843 ἐγέννησεν,

296 857 411 933 οὐχ
543 854 601 911 δὲ
661 851 993 932 προϐολεὺς,
1044 855 1133 910 καὶ
1201 852 1322 911 οὔτε
1387 856 1447 911 τὸ
1513 857 1759 931 γέννημα
1818 857 1954 911 κατὰ

294 942 636 1023 πρόϐλησιν,
670 941 793 999 οὔτε
839 945 900 999 τὸ
946 940 1251 1021 πρόϐλημα
1297 947 1432 1000 κατὰ
1480 945 1743 1020 γέννησιν.
1774 949 1860 1017 Τῷ
1900 946 1953 1019 γ’

296 1035 359 1091 ἐκ
409 1040 507 1090 τοῦ
558 1036 768 1109 Πατρὸς
822 1032 1130 1109 γεννηθέντι
1180 1030 1329 1110 εἷ’περ
1375 1032 1543 1090 αἴτιον
1596 1032 1758 1096 δίδως
1819 1033 1953 1087 κατὰ

301 1123 458 1203 φύσιν
510 1124 645 1178 εἶναι
694 1127 792 1178 τοῦ
844 1123 1174 1197 Πνεύματος,
1227 1123 1287 1177 o6
1340 1120 1551 1195 μᾶλλον
1621 1122 1681 1177 ἃν
1726 1122 1947 1199 πρέπειν

300 1215 436 1268 κατᾶ
479 1212 727 1289 γέννησιν
776 1212 908 1267 εἶναι
940 1212 975 1280 ἢ
1021 1211 1155 1267 κατὰ
1201 1206 1527 1289 πρόϐλησιν.
1564 1212 1628 1266 El
1689 1209 1745 1266 δὲ
1792 1216 1950 1265 τοῦτο

305 1303 383 1376 μή
413 1308 720 1378 συγχωρεῖς
760 1301 816 1356 εὖ
862 1306 1057 1371 ποιῶν,
1090 1299 1259 1363 δεδὼς
1314 1303 1388 1374 μὴ
1446 1301 1533 1355 ἐπὶ
1582 1308 1681 1371 τῆς
1726 1298 1953 1377 Τριάδος

296 1390 350 1447 ἐν
484 1392 673 1467 Πατὴρ
725 1392 804 1452 εἷς
850 1390 939 1445 καὶ
986 1389 1210 1465 κυρίως,
1243 1388 1330 1445 καί
1381 1391 1502 1451 Υἱὸς
1562 1391 1637 1451 εἷς
1689 1389 1777 1443 καὶ
1853 1410 1955 1443 κυ-

295 1479 457 1556 ρίως,
497 1479 647 1541 υἱοὺς
700 1478 752 1548 ἐξ
803 1480 956 1551 υἱῶν,
1001 1479 1091 1533 καὶ
1139 1479 1373 1554 πατέρας
1421 1476 1480 1533 ἐκ
1525 1479 1770 1554 πατέρων
1807 1476 1955 1531 εἱσά-

292 1589 415 1643 γεις
460 1567 531 1622 τὰ
577 1567 933 1643 γνωρίσματα
977 1574 1080 1637 τῆς
1133 1566 1280 1621 κάτω
1323 1568 1642 1642 γεννήσεως,
1674 1565 1728 1620 τί
1760 1567 1788 1620 ὃ
1830 1565 1953 1621 τού-

288 1678 391 1713 του
441 1654 589 1711 πολὺ
635 1654 804 1711 πλέον
858 1655 1275 1731 ἀνοικειότερον,
1326 1653 1622 1731 ὁμολογεῖν
1682 1653 1955 1731 καταδέχῃ

292 1749 523 1818 Πνεῦμα
588 1742 641 1815 ἐξ
708 1746 874 1814 Υὶοῦς
918 1744 971 1798 τί
1018 1743 1207 1820 βούλει
1257 1744 1347 1799 καὶ
1407 1749 1521 1823 φῶς
1590 1747 1870 1821 γεννᾶσθαι
1915 1747 1951 1815 ἢ

293 1833 723 1910 ἐκπορεύεσθαι;
776 1834 851 1895 ὡς
909 1832 1082 1909 ἔγωγε
1127 1832 1227 1889 οὐκ
1274 1832 1388 1908 ἔχω
1434 1834 1488 1888 τί
1534 1834 1622 1889 καὶ
1677 1834 1950 1907 ὀνομάσω,

291 1925 382 1978 σοὶ
454 1923 748 1999 προσέχειν
819 1921 1176 1996 βουλόμενος.
1225 1926 1349 1985 Πῶς
1412 1919 1470 1976 δὲ
1541 1920 1681 1997 μηδέ
1740 1923 1950 1978 ἀκούειν
1984 1964 2033 2030 Β

291 2011 724 2030 ...ςη...ν,
850 2010 862 2030 ρ
1090 2010 1483 2030 ’.πη-π-
1763 2014 1787 2030 ι.
1879 2018 1904 2029 ς.

287 2013 417 2067 Υἱὸν
452 2012 506 2082 ἐξ
538 2012 667 2066 Υἱοῦ
699 2010 1052 2087 ἀνεχόμενος,
1086 2010 1137 2082 ἐξ
1176 2012 1305 2067 Υἱοῦ
1354 2016 1572 2085 Πνεῦμα
1619 2014 1956 2087 νομοθετεῖς,

290 2098 510 2175 μηδένα
556 2099 746 2176 λόγον,
784 2101 861 2173 μὴ
907 2107 1009 2170 τῆς
1058 2101 1414 2164 θεοπνεύστου
1460 2107 1699 2179 Γραφῆς,
1738 2103 1813 2175 μή
1857 2108 1957 2172 τῆς

287 2195 387 2245 τοῦ
437 2187 714 2265 δόγματος
746 2188 1098 2264 παγιότητος,
1134 2190 1210 2262 μὴ
1258 2188 1423 2244 αὐτοῦ
1469 2187 1535 2259 δὴ
1579 2194 1677 2246 τοῦ
1727 2189 1956 2265 εὐλόγου

287 2277 649 2351 ποιούμενος,
709 2276 909 2332 ὁπόταν
976 2277 1066 2332 καὶ
1138 2282 1306 2333 ταῦτα
1379 2282 1687 2350 νομοθετῶν
1770 2278 1960 2334 αὐτίκα

290 2366 479 2423 καὶτὸ
508 2367 627 2430 καθ’
660 2366 812 2439 ὑμῶν
867 2365 1198 2442 ἐπαγόμενον
1239 2369 1338 2436 τῆς
1392 2364 1656 2443 δυαρχίας
1707 2363 1960 2443 ἔγκλημα

301 2451 569 2533 βεϐαιοῖς.
607 2456 703 2510 Καὶ
756 2459 895 2529 πῶς,
943 2477 1096 2534 φησι,
1151 2450 1376 2532 βεϐαιῶ,
1431 2454 1580 2533 εἷίπερ
1630 2456 1705 2519 εἷς
1751 2456 1806 2512 ’ἐν
1865 2457 1955 2513 τὸν

296 2545 515 2619 Πατέρα
562 2543 651 2598 καὶ
702 2544 824 2598 Υἱὸν
894 2542 1190 2619 συνάγομεν
1239 2541 1450 2611 αἷίτιονς
1500 2545 1590 2599 καὶ
1651 2547 1755 2621 γάρ
1817 2544 1955 2600 ἐστιν

306 2630 484 2696 αἶ’τιος
534 2639 660 2709 παρ’
708 2636 844 2705 ἡμῖν
897 2633 925 2689 ὁ
974 2634 1182 2706 Πατὴρ,
1240 2630 1352 2688 ἔστι
1398 2630 1457 2687 δὲ
1511 2633 1601 2687 καὶ
1663 2633 1882 2703 ἀληθῶς
1931 2635 1958 2688 6

318 2724 445 2786 Υἱὸς
501 2727 597 2777 τοῦ
648 2722 984 2795 Πνεύματος,
1038 2720 1164 2777 ἀλλ’
1219 2723 1294 2784 εἷς
1352 2719 1524 2784 αἴτιος
1575 2722 1665 2777 καὶ
1724 2723 1784 2777 06
1840 2721 1957 2781 660.

305 2813 497 2867 Καίτοι
527 2817 691 2867 τοῦτο
740 2812 815 2873 ὡς
862 2811 1045 2875 καλῶς
1075 2807 1203 2886 ἔχον
1250 2810 1380 2883 ἐστὶ,
1416 2811 1713 2889 σαφέστατα
1761 2811 1820 2867 ἂν
1854 2813 1960 2867 καὶ

307 2901 526 2978 βραχὺς
576 2898 876 2971 ἀποδείξειε
927 2898 1106 2974 λόγος.
1157 2900 1506 2975 Δημιουργός
1577 2899 1685 2954 ἐστί
1748 2922 1807 2956 τε
1870 2900 1960 2955 καὶ

303 2990 523 3067 λέγεται
576 2991 604 3045 ὁ
656 2992 869 3067 Πατήρ.
905 2990 1249 3065 Δημιουργὸς
1296 2989 1387 3043 καὶ
1435 2991 1462 3045 ὁ
1512 2988 1657 3057 Υἱὸς,
1699 2989 1750 3060 ἐξ
1798 2988 1960 3044 αὐτοῦ

299 3081 408 3156 γὰρ
441 3079 533 3134 καὶ
566 3076 636 3134 δι’
666 3078 831 3133 αὑτοῦ
877 3078 947 3133 τὰ
991 3079 1165 3133 πάντα
1209 3076 1441 3152 ἐγένετο.
1475 3079 1822 3154 Δημιουργὸς
1871 3078 1961 3132 καὶ

301 3167 670 3245 δημιουργὸς,
732 3165 860 3222 ἀλλ’
902 3169 978 3229 εἴς
1049 3165 1411 3241 δημιουργός.
1460 3166 1628 3221 Τοῦτό
1694 3188 1827 3244 φησι
1871 3166 1961 3221 καὶ

301 3257 395 3314 ἐπὶ
439 3261 537 3312 τοῦ
604 3254 803 3328 αῗτίου,
844 3255 947 3310 καὶ
1017 3255 1227 3330 Πατρὸς
1275 3254 1365 3309 καὶ
1431 3255 1555 3309 Γὶοῦ
1620 3255 1960 3329 μεταγαγὼν,

297 3344 490 3410 καλῶς
541 3348 703 3420 ἡμῶν
752 3345 817 3400 τὸ
866 3343 922 3400 ἓν
973 3342 1144 3399 αίίιιον
1189 3343 1278 3399 καὶ
1316 3344 1415 3413 τὴν
1453 3342 1750 3419 μοναρχίαν
1800 3344 1960 3420 εὑρή-
1993 3332 2036 3399 C

297 3457 432 3499 σεις.
469 3434 635 3491 Αὐτοὶ
670 3434 765 3508 μὲν
799 3432 889 3488 οῦν
920 3437 1106 3489 ταῦτα.

372 3560 522 3634 Πρὸς
575 3556 634 3613 δὲ
678 3563 847 3613 ταῦτα
898 3555 1069 3619 ἄλλος
1124 3556 1218 3630 μὲν
1270 3553 1330 3611 ἄν
1373 3577 1457 3618 τις
1506 3554 1636 3618 ἴσως
1676 3554 1804 3632 ἔσχε
1835 3559 1958 3631 σιγῇ
2016 3557 2021 3559 Α

303 3649 476 3726 βύσας
505 3647 595 3702 καὶ
643 3647 712 3701 τὰ
756 3647 889 3716 ὦτα,
928 3647 1002 3718 μὴ
1055 3644 1274 3718 θεμιτὸν
1328 3643 1514 3720 κρίνας
1560 3646 1695 3721 πρὸς
1745 3641 1958 3719 ἄνδρας,

299 3738 357 3794 οἳ
383 3740 485 3806 τήν
538 3741 636 3791 τοῦ
684 3739 921 3805 ποιητοῦ
971 3741 1071 3804 τῆς
1116 3733 1342 3795 κτίσεως
1392 3732 1614 3808 ὕπαρξιν
1648 3735 1765 3797 καθ’
1797 3735 1965 3806 ὁμοι-

299 3828 478 3897 ότητα
500 3829 609 3881 τῶν
636 3822 966 3897 ποιημάτων
1025 3820 1486 3898 τροπολογοῦσιν,
1519 3823 1555 3891 ἢ
1588 3821 1746 3876 αὐτὸν
1798 3821 1962 3900 φθέγ-

291 3918 505 3993 γεσθαι,
560 3914 597 3984 ἢ
655 3911 1067 3991 φθεγγομένους
1114 3909 1349 3969 ἀκούειν.
1402 3908 1557 3980 ΙΙλὴν
1613 3909 1704 3965 ’ίνα
1755 3913 1828 3985 μή
1878 3932 1960 3974 τις

292 4004 463 4080 ΐσχίιν
493 4006 593 4057 τοῦ
620 4003 738 4057 κατ’
769 3999 964 4063 αὐτοὺς
1014 3999 1185 4076 λόγου
1232 4000 1331 4069 τὴν
1379 4001 1534 4076 σιγήν
1566 3998 1761 4071 οἷόιτο,
1794 4022 1865 4077 ιρη
1878 4000 1959 4073 μὶ,

290 4093 492 4169 ῥητέον
544 4090 677 4145 εἶναί
718 4111 771 4143 τι
819 4091 909 4144 καὶ
948 4089 1084 4165 πρὸς
1131 4092 1313 4144 τοῦτο.
1358 4089 1665 4164 Ιιαράγεται
1719 4088 1814 4161 μὲν
1868 4088 1959 4142 οὗν

288 4185 481 4238 ὁτιοῦν
529 4184 637 4235 τῶν
687 4178 995 4255 γινομένων
1040 4176 1100 4232 ἐκ
1146 4176 1362 4253 ΙΙατρὸς
1414 4174 1483 4231 δι’
1515 4178 1640 4235 Υἱοῦ
1690 4176 1741 4232 ἐν
1792 4175 1960 4232 ΙΙνεύ-

294 4291 450 4345 ματι,
484 4268 575 4324 καὶ
625 4268 750 4342 μίαν
804 4264 1211 4343 δημιουργικὴν
1261 4270 1365 4320 τῶν
1417 4260 1585 4321 ὄντων
1640 4267 1818 4341 ἀρχὴν
1867 4287 1959 4320 πι-

289 4359 578 4433 στεύομεν,
610 4357 765 4432 ὅμως
812 4357 903 4411 καὶ
949 4357 1039 4411 τὸν
1100 4356 1313 4430 Πατέρα
1377 4356 1551 4433 φαμὲν
1622 4352 1956 4431 δημιουργὸν

288 4451 387 4505 καὶ
420 4445 591 4502 αἶ’τιον
623 4446 779 4517 εἶναι,
811 4445 900 4501 καὶ
949 4444 1041 4501 τὸν
1073 4445 1192 4502 Υἱὸν
1246 4442 1531 4513 ὡσαύτως,
1581 4444 1672 4498 καὶ
1722 4443 1851 4498 αὐτὸ
1889 4441 1954 4513 δὴ

288 4539 358 4594 τὸ
405 4541 646 4610 Πνεῦμα,
690 4538 791 4604 τῆς
861 4540 1085 4613 Γραφῆς
1145 4535 1294 4607 ἡμᾶς
1349 4532 1486 4587 πάνυ
1529 4532 1714 4595 καλῶς
1761 4533 1850 4588 καὶ
1901 4531 1955 4588 ’ἐν

286 4625 519 4684 ἕκαστον
605 4623 946 4700 δημιουργὸν
1045 4620 1429 4694 διδασκούσης,
1476 4623 1567 4677 καὶ
1622 4619 1793 4677 αἷίιιον
1847 4628 1954 4679 τῶν

2062 680 2384 752 αχοήσεται.
2444 680 2647 753 Ἐχρῆν
2725 678 2829 754 γὰρ
2908 675 3033 749 πρὶν
3097 676 3131 745 ἢ
3206 678 3537 751 συναγαγεῖν,
3619 673 3711 727 καὶ

2062 764 2143 820 6'1:
2202 768 2321 821 καθ’
2379 767 2537 822 αὐτὸν
2598 768 2627 822 ὁ
2685 766 2805 823 Υἱὸς
2875 760 3048 827 αἷίτιος
3126 761 3338 839 λέγεται
3415 759 3705 832 δεικνύναι,

2066 855 2338 931 μάρτυρας
2408 856 2776 927 ποιησάμενον
2837 854 2871 923 ἣ
2921 852 3048 915 τοὺς
3115 850 3316 915 πάντας
3384 849 3705 927 ἀνθρώπων,

2060 945 2094 1012 ἣ
2122 949 2228 997 τῶν
2259 944 2473 999 πάντων
2502 945 2673 1006 τινάς.
2706 940 2859 1000 Ἀλλ’
2909 941 3008 997 οὐκ
3037 938 3147 997 ἔστι
3189 937 3377 1011 δεῖξαι.
3412 937 3568 996 Ἀλλ’
3598 934 3713 993 οὐδ’

2060 1034 2223 1106 ἡμεῖς
2256 1033 2549 1107 ἀνεξόμεθα
2580 1037 2687 1088 τῶν
2726 1028 2990 1105 μηδαμοῦ
3039 1029 3435 1107 εὑρισκομένων
3492 1030 3710 1107 φωνῶν.

2063 1119 2187 1176 066'
2234 1122 2291 1177 ὃν
2337 1119 2547 1196 εἷ’ρηκεν
2618 1117 2789 1177 αἰτιον
2856 1118 3033 1182 οὐδεὶς
3079 1124 3187 1176 ’τοῦ
3231 1118 3573 1193 ΙΙνεύματος,
3619 1137 3715 1171 πε-

2063 1216 2258 1287 ριττῶς
2309 1213 2422 1285 ἅμα
2470 1211 2560 1267 καὶ
2622 1210 2743 1268 λίαν
2800 1209 3115 1289 ἐπισφαλῶς
3170 1208 3520 1271 συνάπτοντες
3582 1206 3716 1280 μέτᾶ

2058 1304 2157 1356 τοῦ
2216 1301 2453 1375 ΙΙατρὸς,
2521 1300 2747 1377 ἐροῦμεν
2800 1304 2898 1356 τοῦ
2953 1299 3276 1373 ΙΙνεύματος
3325 1294 3520 1369 αἴτιον,
3566 1293 3717 1373 εἷ’περ

2061 1395 2205 1444 πᾶσα
2257 1389 2465 1465 ἀνάγκη
2518 1388 2616 1444 ὅσα
2668 1391 2803 1464 μετὰ
2846 1393 2946 1444 τοῦ
2993 1387 3207 1465 Πατρός
3238 1386 3350 1443 ἐστί
3385 1407 3445 1442 τε
3488 1385 3579 1442 καὶ
3628 1384 3718 1442 λέ-

2061 1499 2215 1555 γεται
2246 1480 2274 1533 ὁ
2322 1480 2469 1553 Υἱὸς,
2516 1483 2684 1535 ταῦτα
2737 1478 2827 1534 καὶ
2884 1479 3003 1543 καθ’
3061 1476 3245 1533 ἑαυτὸν
3307 1474 3575 1552 λέγεσθαι,
3621 1473 3717 1531 τέ-

2065 1566 2209 1630 λειος
2266 1565 2338 1623 ὢν
2400 1570 2551 1641 Θεὸς,
2583 1567 2673 1624 καὶ
2730 1566 2958 1630 τελείως
3006 1564 3151 1643 ἔχων
3185 1566 3338 1623 πάνθ’
3366 1564 3466 1621 ὅσα
3520 1562 3712 1623 θεολο-

2062 1656 2330 1733 γούμενος
2390 1655 2627 1734 λέγεται.
2662 1655 2919 1720 Βασιλεὺς
2976 1656 3069 1730 μὲν
3101 1656 3202 1732 γὰρ
3265 1656 3549 1729 μετὰ-τοῦ
3602 1659 3718 1709 ΙΙα-

2060 1746 2188 1823 τρὸς
2222 1746 2317 1820 εἷ’ς,
2367 1745 2456 1802 καὶ
2508 1747 2635 1810 Θεὸς
2689 1747 2787 1818 εἷς,
2819 1744 2908 1802 καὶ
2961 1743 3296 1821 δημιουργὸς
3337 1744 3435 1818 εἷς,
3476 1742 3566 1798 καὶ
3618 1743 3718 1817 μία

2060 1840 2168 1890 τῶν
2198 1835 2503 1912 γεγονότών
2545 1836 2717 1912 ἀρχή.
2751 1839 2864 1891 Ποῦ
2917 1832 3007 1891 οὖν
3064 1835 3153 1890 καὶ
3208 1834 3326 1888 καθ’
3354 1831 3511 1887 αὐτὸν
3569 1831 3715 1907 ἀρχὴ

2062 1924 2152 1980 καὶ
2186 1922 2359 1987 αἰτιος
2391 1930 2491 1979 τοῦ
2522 1925 2861 1998 ΙΙνεύματος,
2889 1922 2982 1979 τίνα
3022 1922 3115 1979 καὶ
3170 1921 3304 1997 μετᾶ
3356 1925 3454 1977 τοῦ
3510 1919 3722 1996 ΙΙατρὸς

2062 2017 2230 2068 ταῦτα
2286 2011 2512 2090 λέγηται
2572 2014 2663 2069 καὶ
2718 2013 2774 2069 ’ὲν
2803 2011 2995 2085 αἴτιον,
3028 2013 3118 2070 καὶ
3155 2011 3252 2086 μία
3280 2010 3428 2086 ἀρχὴ
3461 2006 3567 2065 δέει
3618 2010 3721 2078 τῆς

2064 2100 2415 2179 πολυαρχίας
2474 2101 2955 2178 συν.άγηται;οὗκ
3011 2098 3175 2172 ἔστιν,
3208 2096 3322 2154 οὐδ’
3379 2097 3546 2170 ἔσται,
3597 2095 3722 2152 οὐδὲ

2066 2194 2483 2268 συναχθήσεται,
2527 2182 2653 2248 οὑδέ
2697 2213 2780 2255 τις
2829 2192 2956 2264 ὑμῖν
3019 2190 3361 2260 πεισθήσεται
3415 2192 3583 2243 ταῦτα
3625 2184 3720 2242 λέ-

2064 2301 2272 2356 γουσιν,
2303 2277 2410 2343 ἕως
2442 2280 2500 2335 ἂν
2527 2279 2616 2335 καὶ
2644 2279 2829 2343 ἄλλως
2877 2279 3161 2335 πείθουσαν
3215 2279 3314 2348 τὴν
3366 2275 3714 2334 θεόπνευστον

2068 2368 2283 2443 εὑρίσκῃ
2314 2370 2555 2445 Γραφὴν.

2137 2490 2313 2548 Ἀλλᾶ
2366 2491 2491 2548 τόδε
2547 2494 2684 2567 πρὸς
2739 2497 2856 2555 τοῖς
2916 2491 3224 2568 εἰρημένοις
3273 2491 3549 2548 σκεπτέον’
3609 2498 3718 2561 Δη-

2072 2582 2328 2657 μιουργὸς
2394 2582 2485 2655 μὲν
2546 2581 2639 2636 καὶ
2698 2578 2872 2644 αἷ¹τιος
2930 2581 3021 2636 καὶ
3080 2581 3321 2652 ποιητὴς
3363 2581 3723 2657 εῒςήΤριὰς,

2070 2669 2167 2725 οὐκ
2206 2668 2392 2738 ἐπειδὴ
2452 2671 2479 2724 6
2534 2670 2628 2744 μὲν
2683 2672 2871 2747 Πατὴρ
2932 2669 3094 2737 ἐστιν,
3155 2670 3183 2725 ὁ
3241 2667 3299 2724 δὲ
3401 2667 3506 2742 ἱὸς,
3543 2669 3607 2725 τὸ
3666 2665 3724 2723 δὲ

2068 2763 2289 2831 Πνεῦμα
2345 2760 2519 2835 ἅγιον’
2583 2759 2645 2813 o6
2703 2761 2808 2835 γὰρ
2868 2756 3160 2829 δὴοταῦτα
3215 2753 3277 2814 τὸ
3351 2757 3548 2813 ἐνιαῖον
3607 2763 3723 2820 τοῖς

2071 2847 2381 2921 εἰρημένοις
2442 2847 2613 2903 ἐποίει
2671 2849 2819 2924 παρὰ
2883 2852 2963 2920 τῷ
3040 2852 3175 2920 Θεῷ·
3246 2845 3327 2901 ὅτι
3387 2843 3445 2902 δὲ
3504 2843 3722 2920 μᾶλλον

2070 2937 2199 2998 Θεὸς
2260 2938 2334 2999 εἷς
2415 2940 2450 3007 ἡ
2533 2938 2717 3009 Τριὰς,
2774 2936 2831 2992 ἓν
2902 2936 3219 3013 ἁπανταχοῦ
3287 2935 3526 3010 θέλημα,
3592 2933 3718 3009 μίαν

2070 3024 2335 3101 ἐνέργειαν
2397 3023 2762 3100 δεικνύμενος,
2821 3024 2856 3096 ἥ
2921 3026 2973 3102 γ’
3031 3024 3084 3081 ἐν
3139 3023 3354 3086 τούτοις
3411 3024 3600 3095 ἑνότης
3663 3022 3720 3079 ἓν

2068 3112 2256 3177 καλῶς
2310 3121 2409 3184 τῆς
2470 3112 2834 3191 δημιουργίας
2894 3112 3158 3170 δείκνυσιν
3222 3111 3415 3185 αἰετιον,
3467 3113 3563 3168 κᾶν
3618 3112 3722 3190 γὰρ

2071 3209 2210 3258 νοεῖν
2244 3204 2272 3258 6
2304 3205 2512 3278 Πατὴρ,
2542 3204 2639 3259 κᾶν
2698 3201 2901 3259 ἐθέλειν
2962 3201 3211 3280 λέγηται,
3254 3201 3469 3278 λέγεται
3527 3199 3586 3258 δὲ
3633 3202 3725 3258 καὶ

2074 3293 2103 3346 ὁ
2134 3293 2256 3354 Υἱὸς
2310 3291 2564 3369 ἐνεργεῖν,
2594 3290 2837 3348 τελειοῦν
2897 3289 2955 3346 δὲ
3008 3292 3072 3347 τὸ
3128 3294 3374 3365 Πνεῦμα,
3434 3288 3581 3346 ἀλλὰ
3635 3290 3727 3346 καὶ

2072 3385 2170 3435 τοῦ
2200 3383 2480 3453 νοήματος
2535 3381 2626 3437 καὶ
2682 3386 2780 3437 τοῦ
2837 3379 3148 3455 θελήματος
3172 3385 3269 3437 τοῦ
3314 3380 3524 3457 ΙΙατρὸς
3567 3380 3666 3457 ,καὶ
3699 3381 3728 3436 6

2068 3470 2193 3532 Υἱὸς
2251 3474 2503 3526 κοινωνεῖ
2557 3469 2646 3525 καὶ
2692 3470 2757 3526 τὸ
2816 3454 3053 3544 Πνεῦμα.
3093 3470 3192 3525 Καὶ
3250 3467 3314 3524 αὗ
3366 3454 3582 3545 ἐνεργεῖ.
3627 3468 3727 3524 ὅσα

2068 3559 2193 3621 Υἱὸς
2282 3561 2415 3632 μετὰ
2492 3563 2589 3614 τοῦ
2647 3557 2968 3633 ΙΙνεύματος
3021 3560 3050 3614 ὁ
3117 3560 3329 3634 Πατὴρ,
3387 3559 3476 3613 καὶ
3535 3557 3569 3612 ἃ
3626 3562 3724 3613 τοῦ

2072 3647 2394 3721 ΙΙνεύματός
2454 3647 2562 3703 ἐστι
2618 3647 2928 3718 τελειῶσαι,
2958 3651 3128 3704 ταῦτα
3180 3648 3270 3703 καὶ
3323 3648 3351 3703 6
3382 3648 3573 3722 ΙΙατήρ
3631 3645 3723 3703 σὺν

2069 3741 2149 3809 τῷ
2207 3737 2314 3808 Υἱῷ
2368 3735 2599 3809 τελειοῖ,
2633 3736 2695 3792 o6
2756 3734 3021 3815 διαφορᾶς
3081 3736 3269 3792 αἰτίων
3325 3739 3395 3810 τῇ
3451 3740 3558 3791 τῶν
3619 3757 3731 3814 φω-

2070 3829 2173 3879 νῶν
2251 3825 2612 3901 εἰσαγομένης
2690 3823 2989 3901 ἐναλλαγῇ,
3051 3823 3369 3902 διακρίσεως
3428 3821 3487 3880 δὲ
3557 3825 3728 3900 μόνης

2069 3918 2177 3968 τῶν
2240 3915 2606 3986 ὑποστάσεων,
2670 3915 2731 3984 ἣν
2789 3914 2886 3969 κάν
2955 3918 3074 3977 τοῖς
3146 3910 3357 3992 σφόδρα
3419 3913 3729 3988 ἡνωμένοις

2073 4000 2280 4079 σφόδρα
2334 4000 2424 4057 διὰ
2476 3999 2718 4072 σπουδῆς
2803 3999 2962 4079 ἔργον
3044 4007 3161 4065 τοῖς
3220 3998 3568 4065 διδασκάλοις
3628 4001 3731 4077 ἐμ-

2074 4091 2303 4169 φαίνειν,
2369 4089 2732 4165 βουλομένοις
2802 4090 2983 4167 ὥσπερ
3038 4090 3128 4147 τὸν
3183 4087 3276 4146 ἕνα
3331 4091 3459 4146 Θεὸν
3516 4095 3727 4167 τηρεῖν,

2072 4178 2216 4234 οὕτω
2270 4177 2336 4249 δὴ
2395 4179 2487 4234 καὶ
2542 4180 2637 4242 τὰς
2692 4184 2840 4255 τρεῖς
2898 4178 3218 4242 ὑποστάσεις
3259 4176 3580 4260 ὁμολογεῖν.
3616 4180 3726 4235 Ἐν-

2068 4273 2238 4335 ταῦθα
2295 4266 2352 4324 δὲ
2410 4267 2541 4324 ποία
2596 4290 2679 4332 τις
2738 4268 2926 4339 ἑνότης
2954 4268 3018 4324 τὸ
3074 4266 3129 4324 ἓν
3177 4271 3278 4338 τῆς
3327 4267 3503 4331 αἰτίας
3560 4266 3724 4345 παρί-

2070 4379 2270 4429 στησι,
2328 4357 2564 4435 Πότερον
2615 4365 2717 4428 τῆς
2775 4357 2997 4428 οὐσίας;
3030 4358 3129 4412 Καὶ
3184 4361 3303 4420 πῶς
3353 4355 3410 4413 ἓν
3459 4358 3579 4413 κατ’
3634 4356 3728 4412 06-

2070 4445 2186 4501 σίαν
2240 4446 2419 4522 ΙΙατρί
2464 4467 2523 4503 τε
2578 4448 2671 4502 καὶ
2728 4447 2836 4518 Υἱῷ
2891 4447 2954 4502 τὸ
3008 4450 3233 4521 Πνεῦμα
3288 4443 3725 4524 θεολογούμενον

2068 4535 2168 4591 οὐκ
2224 4534 2283 4591 ἂν
2339 4536 2429 4591 καὶ
2488 4535 2620 4591 0:616
2676 4531 3053 4612 προϐλητικὸν
3113 4533 3257 4590 ἔσται
3324 4535 3416 4591 καὶ
3475 4534 3730 4612 ἐκπορευ-

2064 4620 2254 4694 τικόν;
2315 4622 2478 4681 Ἀλλ’
2515 4627 2550 4695 ἡ
2605 4631 2706 4695 τῆς
2775 4623 3046 4700 ἐνεργείας
3120 4624 3209 4680 καὶ
3295 4620 3575 4698 δυνάμεως
3632 4625 3726 4680 καὶ

287 4712 463 4772 ὄντων
528 4713 846 4790 ὁμολογεῖν·
906 4712 997 4767 καὶ
1074 4711 1209 4766 αὐτὰ
1270 4710 1396 4788 τρία
1461 4710 1539 4773 εἷς
1605 4707 1699 4765 ἕνα
1766 4704 2044 4789 ΚύριονῙ)
2079 4712 2435 4788 βουλήσεως;
2492 4710 2673 4769 Ἀλλὰ
2728 4714 2852 4768 Θεὸν
2912 4711 3007 4768 ἕνα
3060 4713 3151 4768 καὶ
3209 4711 3549 4789 δημιουργὸν
3608 4711 3720 4788 ἕνα,

288 4800 533 4867 εὐσεϐῶς
590 4803 679 4858 κιοὶ
739 4802 871 4858 Θεὸν
953 4800 1235 4856 συνάπτειν
1303 4799 1393 4855 καὶ
1460 4797 1802 4876 δημιουργὸν
1878 4801 1958 4876 τῷ

281 4898 473 4965 ταυτῷ
529 4898 632 4963 τῆς
698 4891 911 4969 φύσεως
984 4891 1075 4945 καὶ
1154 4889 1425 4965 ἐνεργείας
1488 4888 1579 4944 καί
1651 4887 1953 4964 δυνάμεως,

284 4982 374 5041 ἔτι
418 5003 478 5038 τε
529 4978 848 5058 βουλήσεως
884 4984 980 5034 τοῦ
1028 4976 1326 5054 μοναδικοῦ
1364 4985 1464 5048 τῆς
1501 4977 1675 5049 αίτίας
1725 5000 1952 5055 συναγο-

286 5073 481 5147 μένου.
540 5068 701 5127 Ἀλλ’
749 5069 837 5124 ἐπὶ
878 5075 978 5139 τῆς
1042 5073 1140 5124 τοῦ
1202 5067 1524 5141 ΙΙνεύματος
1583 5067 1952 5144 ἐκπορεύσεως

279 5164 409 5224 πῶς
454 5163 618 5215 τοῦτο
668 5158 971 5234 θεωρητέον
1023 5156 1199 5227 ἐστίνς
1242 5155 1467 5232 Εἴρηται
1543 5156 1633 5230 μὲν
1703 5154 1794 5212 οῦν
1862 5156 1951 5215 διὰ

275 5252 381 5306 τοῦ
411 5249 541 5303 Υἶοῦ
570 5247 632 5301 τὸ
671 5251 894 5319 Πνεῦμα
937 5246 997 5301 ἐκ
1032 5251 1128 5301 τοῦ
1171 5247 1410 5320 ΙΙατρὸς,
1446 5242 1618 5306 αἴτιος
1669 5242 1727 5300 δὲ
1765 5247 1791 5300 6
1827 5247 1946 5310 Υἱὸς

277 5338 386 5394 οὐκ
433 5334 667 5411 εἷ’ρηται,
702 5332 829 5390 οὐδὲ
878 5335 1019 5411 ῥίζα,
1051 5333 1166 5390 066’
1204 5335 1375 5411 ἀργὴ,
1410 5332 1535 5397 οὐδὲ
1578 5330 1853 5411 προϐολή.
1888 5337 1945 5392 Ὁ

276 5426 340 5483 δὲ
374 5427 567 5502 Πατὴρ
623 5429 792 5480 ταῦτα
849 5424 1024 5479 πάντα
1078 5423 1168 5480 καὶ
1227 5428 1323 5479 τοῦ
1354 5424 1481 5478 Υἱοῦ
1518 5423 1735 5479 καὶτοῦ
1780 5424 1944 5481 ΙΙνεύ-

278 5536 473 5592 ματος.
507 5515 579 5570 Εῗ
606 5514 785 5569 τοίνυν
840 5511 1168 5590 δημιουργὸς
1204 5514 1299 5587 μὲν
1354 5510 1465 5584 ἰδίᾳ
1513 5514 1602 5568 καὶ
1666 5512 1800 5585 μετὰ
1845 5518 1941 5568 τοῦ

270 5606 491 5675 Πατρὸς
524 5604 555 5658 6
606 5603 729 5665 Υἱὸς
791 5599 965 5664 αίίτιος
1028 5600 1085 5657 δῖε
1145 5601 1245 5657 οὐκ
1300 5599 1592 5674 ἷδίᾳόὕτε
1648 5601 1782 5674 μετά
1837 5607 1938 5657 τοῦ

272 5695 519 5770 ΙΙατρὸς,
565 5691 728 5769 φησὶν
783 5694 819 5762 ἡ
881 5691 1091 5769 Γραφή,
1143 5690 1243 5746 οὐκ
1298 5688 1401 5767 ἄρα
1444 5692 1576 5746 ’καθ’
1634 5691 1937 5764 ὁμοιότητα

268 5790 369 5863 τοῦ
411 5781 761 5857 δημιουργοῦ
813 5780 903 5835 καὶ
955 5777 1296 5856 δημιουργοῦ
1354 5781 1430 5843 είς
1487 5778 1575 5835 ἕνα
1634 5782 1932 5858 συναγομέ-

2065 4801 2154 4856 καὶ
2211 4804 2449 4872 ποιητὴν
2526 4802 2617 4857 καὶ
2704 4801 2923 4879 Κύριον,
2979 4801 3069 4857 καὶ
3161 4801 3387 4879 βασιλέα
3463 4803 3721 4879 γνωρίζει

2062 4892 2160 4961 τὴν
2190 4891 2392 4968 Τριάδα
2444 4895 2612 4947 ταῦτα
2668 4894 2828 4964 ἡμῖν,
2861 4890 2924 4946 06
2984 4892 3092 4964 μὴν
3141 4891 3232 4946 καὶ
3289 4891 3364 4954 ὡς
3416 4888 3588 4954 αἶ’τιος
3642 4895 3719 4955 εἷς

2059 4986 2160 5050 τῆς
2236 4980 2512 5056 ὑπάρξεως
2587 4977 2859 5057 ἐμφαίνει.
2904 4984 3001 5034 τοῦ
3058 4979 3405 5054 ΙΙνεύματος.
3455 4982 3766 5058 Ὑπέρκει--

2058 5089 2146 5123 ται
2229 5069 2332 5143 γὰρ
2409 5068 2498 5123 καὶ
2578 5067 2842 5146 ἐνεργείας
2924 5068 3137 5139 ἀπάσης
3220 5069 3310 5125 καὶ
3379 5068 3722 5146 βουλήσεως,

2061 5156 2242 5233 ὥσπερ
2273 5160 2307 5227 ἡ
2338 5162 2435 5213 τοῦ
2492 5161 2840 5234 Μονογενοῦς
2896 5156 2958 5213 ἐκ
2996 5158 3210 5235 ΙΙατρὸς
3269 5157 3543 5235 γέννησις,
3576 5158 3720 5215 οὕτω

2058 5243 2125 5315 δὴ
2158 5247 2245 5301 καὶ
2279 5249 2313 5317 ἡ
2345 5251 2443 5302 τοῦ
2500 5245 2818 5320 ΙΙνεύματος
2878 5246 3216 5322 ἐκπόρευσις,
3274 5248 3365 5303 καὶ
3423 5247 3522 5304 οὐκ
3578 5244 3722 5304 ἔστιν

2055 5333 2310 5409 οὐδαμῶς
2396 5340 2675 5391 κατανοεῖν
2731 5334 2791 5391 ἐκ
2843 5335 3050 5391 τούτων
3135 5337 3228 5394 τὸν
3300 5341 3574 5414 γεννῶντα
3626 5337 3723 5407 καὶ

2052 5420 2462 5500 προϐάλλοντα.
2512 5425 2672 5479 Ὥστε
2726 5424 2817 5479 καὶ
2875 5427 3093 5500 μάταιοι
3153 5425 3332 5503 ἔμοιγ’
3364 5424 3455 5482 οῦν
3517 5426 3570 5481 οἱ
3617 5427 3722 5496 τήν

2050 5514 2256 5589 πέμψιν
2313 5512 2402 5568 καὶ
2464 5510 2609 5569 δόσιν
2666 5514 2758 5568 καὶ
2818 5514 3112 5591 χορηγίαν,
3172 5519 3357 5594 σαφῶς
3395 5513 3720 5587 θελήματος

2048 5596 2178 5657 ὄντα
2234 5601 2572 5679 πληρώσεις,
2623 5599 2935 5676 θελήματος
3014 5601 3257 5680 δεύτερα,
3310 5604 3516 5682 τρόπον
3601 5609 3702 5661 τοῦ

2072 5693 2133 5747 ἵει
2154 5714 2205 5748 αι
2264 5697 2343 5764 τῷ
2403 5688 2756 5767 ΙΙαρακλήτῳ
2836 5690 2895 5748 ἐκ
2973 5690 3342 5770 παραλλήλου
3425 5695 3726 5770 τιθέμενοι,

2070 5780 2252 5858 ὥσπερ
2318 5780 2483 5849 αὐτὴν
2561 5780 2812 5858 γέννησιν
2866 5781 2955 5837 καὶ
3026 5781 3191 5851 αὐτὴν
3266 5781 3598 5859 ἐκπὸρευοιν,
3651 5785 3726 5848 ὡς
