4108 6432
406 425 529 489 283

1434 432 1751 494 GEORGII
1796 431 2059 493 CYPRIl
2103 431 2223 493 GP.
2266 429 2794 492 PATRIARCHIE

3679 429 3786 493 284

410 558 469 613 ἃν
519 557 755 623 ἐντεῦθεν
803 564 1005 623 σκαιῶς
1065 582 1125 617 τε
1177 560 1268 617 καὶ
1333 562 1559 637 ἀμαθῶς
1636 563 1831 619 ἐκεῖθεν
1882 561 2053 636 ὕπαρ·
2084 568 2135 635 Α
2166 558 2411 616 δεικνῦσα
2470 557 2729 633 μονάδας.
2787 563 2882 617 Ἐκ
2944 564 3069 634 μιᾶς
3135 557 3193 615 66
3262 559 3337 622 εἷς
3392 558 3569 636 έτέραν
3631 558 3788 637 προά-

409 647 488 719 ξιν
573 652 653 720 τῷ
723 648 995 722 Πνεύματι
1078 649 1359 726 νείμωσιν,
1419 651 1537 717 ὅθεν
1617 653 1891 728 ἐκχεῖσθαι
1964 651 2054 706 καὶ

408 737 771 812 χορηγεῖσθαι
841 739 931 792 καὶ
1014 741 1320 812 πέμπεσθαι
1388 740 1626 816 λέγεται,
1678 741 1859 817 ὥσπερ
1934 739 2052 804 ὅθεν

410 825 501 881 καὶ
551 823 917 902 ἐκπορεύεται,
964 829 1056 884 τὸν
1098 829 1324 905 οὐρανὸν
1368 830 1445 892 εἰς
1493 833 1592 906 γῆν
1643 829 1916 892 κλίνοντες
1965 829 2055 884 καὶ

413 914 691 991 μιγνύντες
758 914 793 970 ἃ
842 917 918 989 μὴ
986 917 1209 995 πέφυκε,
1261 919 1350 974 καὶ
1420 921 1595 974 πάντα
1650 921 1900 997 φέροντες
1965 919 2055 973 καὶ

381 1004 754 1079 συγχέοντες.
812 1004 967 1075 Πλὴν
1018 1007 1118 1062 οὐκ
1183 1008 1242 1062 ἄν
1293 1029 1426 1063 ποτε
1490 1011 1524 1078 ἡ
1573 1012 1681 1063 τῶν
1750 1007 2052 1081 είρημὲνων

407 1089 676 1161 ταυτότης
704 1092 767 1146 τὸ
795 1090 850 1146 ’ἐν
898 1095 996 1162 τῆς
1030 1093 1219 1156 ἀἰτίας
1266 1094 1530 1171 συναγάγῃ
1578 1100 1674 1150 τοῦ
1718 1096 2051 1170 Πνεύματος.

479 1196 686 1253 Οὐκοῦν
746 1196 1030 1255 ἐπίλοιπον
1098 1199 1159 1255 ἃν
1204 1199 1284 1273 εἷίη
1331 1208 1569 1275 σκοπεῖν,
1620 1205 1694 1275 μή
1746 1223 1877 1257 ποτε
1922 1203 2057 1256 κατὰ

405 1285 470 1340 τὸ
516 1291 619 1355 τῆς
671 1286 1011 1352 ὑποστάσεως
1060 1290 1253 1345 ταυτὸν
1294 1290 1349 1346 ’ἐν
1380 1288 1551 1346 αἶίτιον
1584 1293 1612 1345 6
1648 1294 1833 1367 Πατὴρ
1888 1292 1978 1346 καὶ
2026 1291 2055 1345 6

407 1375 533 1436 Υἱὸς
577 1379 673 1430 τοῦ
723 1375 1038 1451 Πνεύματος
1088 1377 1336 1454 λέγηται.
1370 1381 1467 1435 Καὶ
1514 1381 1714 1442 παντὸς
1767 1381 1861 1454 μὲν
1912 1377 2054 1453 μᾶλ-

410 1463 506 1520 λον
558 1465 763 1519 ἄτοπον
806 1470 967 1521 τοῦτο
1014 1467 1104 1522 καὶ
1165 1463 1369 1531 ἀσεϐές·
1430 1467 1555 1525 ἀλλ’
1606 1470 1640 1539 ἦ
1697 1491 1758 1546 γε
1830 1468 2055 1543 σύναψις

408 1556 517 1607 τῶν
580 1552 768 1610 αἰτίων
824 1554 923 1610 οὐκ
982 1553 1147 1627 ἔστιν,
1216 1557 1290 1620 ὡς
1349 1557 1449 1614 οὑκ
1504 1558 1581 1622 είς
1646 1564 1807 1614 τοῦτο
1883 1559 2053 1637 φέρει.

409 1640 563 1713 Μόνη
616 1644 720 1719 γὰρ
763 1646 911 1719 πηγή
959 1652 1061 1715 τῆς
1122 1646 1378 1716 θεότητος
1426 1648 1453 1702 ὁ
1502 1648 1710 1724 Πατὴρ,
1760 1649 1907 1723 ἀρχὴ
1966 1648 2058 1702 καὶ

416 1728 539 1805 ῥίζα
590 1731 720 1787 Υἱοῦ
791 1733 881 1787 καὶ
952 1733 1292 1808 Πνεύματος.
1358 1737 1540 1792 Πάντα
1598 1736 1696 1792 ὅσα
1769 1735 1885 1812 ἔχει
1959 1739 2059 1791 τοῦ

410 1820 540 1875 Υἱοῦ
588 1820 734 1891 πλὴν
773 1825 875 1892 τῆς
920 1822 1118 1887 αῗτίας.
1171 1823 1457 1901 Θεολόγων
1506 1831 1674 1881 ταῦτα
1711 1825 1904 1904 φωναί.
1945 1829 2059 1881 Ποῦ

407 1912 535 1986 γοῦν
618 1910 682 1966 τὸ
768 1911 930 1984 μόνον
1016 1914 1191 1969 πάντα
1257 1913 1407 1978 ἐκτὸς
1491 1916 1682 1971 ἑαυτοῦ
1764 1913 2054 1970 ἀποκλεῖον
2092 1944 2139 2009 Β

409 1997 501 2054 καὶ
574 1998 637 2055 τὸ
710 1999 978 2078 ἡμέτερον
1046 2002 1315 2059 συναίτιον
1390 2003 1796 2080 καταδέχοιτο;
1863 2005 1897 2074 ἢ
1959 2004 2060 2081 γάρ

411 2084 850 2164 καταδεχόμενον
920 2090 1019 2146 οὐκ
1094 2090 1153 2146 ἂν
1225 2090 1464 2167 ἀληθεύῃ
1517 2095 1581 2150 τὸ
1657 2093 1820 2167 μόνον
1905 2094 2060 2166 εἶναι,

414 2174 452 2244 ἢ
484 2174 777 2251 ἀληθεῦον,
832 2176 932 2233 οὐκ
988 2178 1047 2234 ἃν
1103 2177 1475 2251 καταδέξηται.
1536 2181 1601 2239 Εἰ
1659 2180 1705 2237 δ’
1762 2181 2060 2259 ἀμφότερα,

420 2260 504 2319 δεῖ
549 2270 762 2341 κρατεῖν
821 2267 1056 2341 πάντως,
1104 2268 1194 2324 καὶ
1242 2268 1297 2324 ’ἐν
1345 2272 1636 2344 πρόσωπον
1682 2271 1811 2326 εἶναι
1864 2268 1947 2325 δεῖ
1999 2268 2062 2325 τὸ

410 2357 521 2408 τῶν
557 2352 742 2408 αἰτίων
793 2357 1124 2432 συναγωγὸν,
1155 2358 1251 2412 κᾶν
1300 2363 1419 2421 ταῖς
1473 2357 1701 2430 κλήσεσι
1740 2358 1917 2415 πλείω
1970 2356 2062 2414 δο-

416 2445 509 2516 κῇ.
548 2445 718 2497 Τοῦτο
767 2440 825 2498 66
866 2438 1164 2500 Σαϐέλλιοι
1217 2447 1310 2519 μὲν
1361 2451 1540 2511 κακῶς
1600 2447 1899 2523 ἐφρόνησαν
1956 2448 2060 2501 πά-

416 2529 509 2587 λαι
559 2535 740 2594 κακῶς
780 2532 1099 2603 σεσηπότες,
1146 2538 1237 2589 νῦν
1290 2533 1350 2591 δὲ
1393 2536 1483 2591 καὶ
1549 2541 1914 2610 μνημονεῦσαι
1968 2534 2064 2591 κᾶν

414 2615 672 2693 δαίμονες
721 2615 958 2698 ἕφριξαν.
1017 2620 1171 2682 Ἀλλ’
1230 2623 1481 2680 ἀνακτέον
1559 2624 1723 2681 πάλιν
1798 2624 1885 2681 ἐπὶ
1960 2625 2060 2693 τὴν

419 2707 597 2785 ῥῆσιν,
628 2707 718 2764 καὶ
750 2709 812 2764 τὸ
840 2716 1127 2788 προσεχῶς
1155 2712 1245 2770 καὶ
1274 2713 1338 2769 τὸ
1368 2710 1456 2768 διὰ
1482 2718 1580 2769 τοῦ
1610 2719 1922 2791 προσεχῶς,
1955 2712 1985 2769 δ
2010 2734 2064 2768 τι

415 2796 548 2853 ποτέ
581 2794 834 2872 βούλεται
864 2803 943 2872 τῷ
974 2796 1286 2876 διδασκάλῳ
1316 2805 1657 2877 σκεψώμεθα.

488 2902 888 2981 Πορευθέντες,
966 2908 1126 2983 φησὶν
1225 2910 1254 2964 6
1341 2910 1541 2986 Κύριος
1612 2916 1750 2975 ¹τοῖς
1839 2908 2065 2965 6710016-

417 2990 562 3061 λοις,
642 2993 1011 3066 μαθητεύσατε
1091 2995 1259 3052 πάντα
1350 3000 1419 3053 τὰ
1492 2994 1635 3068 ἔθνη,
1717 2998 2066 3074 βαπτίζοντες

417 3079 615 3139 αὐτοὺς
690 3082 768 3144 εἰς
841 3084 903 3138 τὸ
978 3082 1154 3158 ὄνομα
1224 3090 1322 3141 τοῦ
1382 3089 1617 3165 ΙΙατρὸς,
1647 3088 1737 3143 καὶ
1790 3093 1888 3143 τοῦ
1941 3089 2066 3143 Υῖοῦ

416 3169 507 3225 καὶ
561 3173 660 3224 τοῦ
725 3169 886 3246 ἁγίου
936 3171 1272 3246 ΙΙνεύματος.
1323 3176 1387 3229 Οἱ
1458 3174 1515 3230 66
1581 3175 1926 3252 ἐπορεύοντο,
1976 3176 2066 3231 καὶ

421 3257 815 3332 μαθητεύοντες
864 3262 1079 3336 πρῶτον
1148 3261 1223 3325 είς
1273 3262 1509 3339 Πατέρα,
1556 3265 1677 3319 Υἱὸν
1750 3266 1839 3320 καὶ
1915 3266 2068 3339 ἅγιον

420 3349 643 3420 Πνεῦμα
688 3348 980 3421 πιστεύειν,
1034 3348 1293 3420 ἀληθινὸν
1348 3352 1501 3423 Θεὸν,
1538 3353 1629 3407 καὶ
1690 3353 1852 3426 μόνον
1913 3352 2068 3424 Θεὸν,

421 3435 622 3498 παντὸς
662 3430 1017 3513 ξσεϐάσματος
1072 3440 1422 3513 ἀποστάντας,
1481 3441 1654 3504 οὕτως
1712 3441 1789 3505 είς
1842 3441 1905 3497 τὸ
1946 3437 2088 3497 ὄνο-’

413 3544 507 3599 ,μα
531 3527 697 3579 τοῦτο
727 3519 1036 3596 ἐϐάπτιζον.
1068 3528 1237 3585 Αὑται
1265 3529 1445 3584 τοίνυν
1504 3530 1559 3584 αἱ
1595 3527 1820 3602 κλήσεις
1867 3532 1929 3587 τὸ
1972 3538 2072 3600 τῆς

428 3609 731 3696 ὁμολογίας
787 3614 947 3686 ἡμῶν
995 3616 1299 3692 γνώρισμα.
1361 3615 1529 3673 Αὖται
1588 3616 1659 3673 δι’
1717 3619 1789 3673 ὧν
1849 3639 2072 3696 σφραγι-

430 3699 653 3774 ζόμεθα,
698 3692 790 3756 καὶ
846 3704 915 3757 τὰ
979 3700 1291 3778 δηλούμενα
1357 3707 1600 3782 γνησίως
1676 3692 2076 3783 ὁμολογοῦντες

427 3788 505 3851 εἷς
569 3788 836 3865 οὐρανοὺς
900 3792 1227 3868 ἀναγόμεθα.
1286 3795 1491 3858 Ταύτας
1551 3795 1694 3851 οὕτω
1753 3797 2074 3875 προσφέρειν

428 3875 528 3932 οὐκ
573 3875 828 3955 ἅγγελος,
879 3880 980 3936 οὑκ
1027 3878 1311 3953 ἄνθρωπος
1360 3881 1621 3958 ἐδίδαξεν,
1669 3883 1795 3941 ἀλλ’
1843 3885 2004 3947 αὐτὸς
2048 3886 2077 3939 6

430 3965 655 4043 Κύριος.
689 3968 788 4024 Διά
838 3974 1006 4026 ταῦτα
1058 3971 1150 4027 καὶ
1204 3979 1331 4049 παρ’
1386 3975 1521 4047 ἡμῖν
1578 3976 1613 4044 ἡ
1673 3981 1875 4051 χρῆσις
1933 3972 2078 4029 πολὺ

426 4055 492 4111 τὸ
522 4057 736 4134 ΙΙατρὸς
766 4054 882 4135 ἔχει
926 4055 1103 4133 ὄνομα
1147 4061 1238 4116 καὶ
1286 4062 1411 4118 Υἱοῦ
1456 4062 1547 4118 καὶ
1602 4062 1762 4138 ἀγίου
1823 4063 2077 4136 ΙΙνεύμα-

429 4165 546 4219 τος,
587 4145 678 4201 καὶ
736 4144 853 4224 ἔχει
906 4169 969 4226 γε
1024 4148 1261 4214 αἰωνίως
1320 4146 1555 4214 εὐσεϐῶς
1612 4151 2076 4229 προσκυνούμενα.

432 4234 532 4289 Διά
580 4239 742 4291 τοῦτο
796 4238 886 4292 καὶ
938 4238 1066 4294 Θεὸν
1114 4235 1209 4295 ἕνα
1269 4261 1353 4303 τις
1418 4238 1579 4304 εἰδὼς
1641 4243 1742 4311 τὴν
1813 4241 2077 4318 μακαρίαν

432 4323 588 4403 φύσιν
648 4324 702 4380 ἐν
756 4326 929 4402 τρισὶν
983 4328 1323 4401 ὑποστάσεσι,
1373 4330 1463 4385 καὶ
1519 4328 1610 4386 διὰ
1662 4334 1770 4385 τῶν
1829 4329 2077 4401 κλήσεων

427 4419 529 4483 τῆς
584 4411 811 4492 Τριάδος
883 4416 961 4480 εἰς
1038 4419 1137 4487 τὴν
1208 4417 1511 4494 ὁμολογίαν
1588 4425 1811 4496 χωρεῖν,
1862 4419 1963 4475 οὑκ
2019 4419 2077 4474 ἃν

431 4499 623 4566 ἄλλως
650 4503 686 4573 ἢ
719 4510 1013 4583 προσεχῶς
1046 4511 1127 4580 τῷ
1173 4508 1349 4582 Πατρὶ
1398 4506 1704 4585 ὁμολογοίη
1752 4509 1844 4564 τὸν
1896 4510 2078 4566 Μονο-

431 4598 587 4666 γενῆ,
634 4591 945 4669 ὁμολογοίη
1004 4592 1064 4650 66
1129 4595 1237 4673 οὐχ
1278 4596 1362 4653 6'11
1409 4598 1473 4653 16
1528 4598 1657 4654 εἶναι
1703 4595 1916 4672 μᾶλλον
1981 4601 2080 4652 τοῦ

2162 671 2351 726 γουσα,
2404 648 2532 705 ἀλλ’
2588 650 2718 726 οὐχὶ
2782 650 2846 704 τὸ
2924 649 3216 726 ὑστερίζειν
3286 651 3383 703 τοῦ
3446 651 3788 723 Μονογενοῦς,

2164 737 2289 794 0666
2317 738 2381 794 16
2415 736 2835 814 διατειχίζεσθαι
2873 741 2963 793 καὶ
3010 739 3073 793 τὸ
3122 737 3227 792 ἀπὸ
3268 741 3366 792 τοῦ
3414 736 3619 812 ΙΙατρὸς
3673 735 3791 791 εἶναι

2162 829 2445 903 προσώπῳ
2500 828 2628 899 τινὶ,
2678 828 2767 883 καὶ
2825 829 2929 903 γάρ
2986 827 3076 882 καὶ
3143 824 3326 902 τρίτον
3393 823 3683 903 ἐκφέρεται,
3736 822 3793 879 06

2165 913 2255 971 616
2280 918 2380 985 τὴν
2441 916 2763 981 ἀκολουθίαν
2806 921 2905 971 τοῦ
2962 915 3101 970 εἶναι
3150 914 3325 977 οὕτως
3380 912 3671 993 ἐκφέρεται,
3703 911 3793 987 μό-

2162 1026 2260 1075 νην
2324 1003 2383 1060 66
2436 1007 2535 1075 τὴν
2592 1005 2698 1060 ἀπὸ
2754 1010 2862 1061 τῶν
2908 1003 3215 1077 ὀνομάτων,
3248 1002 3322 1066 ὥς
3352 1024 3482 1079 φησι
3514 1000 3795 1079 Κύριλλος,

2163 1094 2428 1167 σύνταξιν,
2461 1098 2531 1150 ’Ή
2582 1116 2642 1150 τε
2691 1094 2791 1170 γὰρ
2839 1099 2937 1149 τοῦ
2985 1100 3246 1169 Σωτῆρος
3296 1093 3450 1171 φο.νή
3514 1091 3644 1165 μετά
3695 1098 3796 1148 ΙΙα-

2161 1184 2289 1259 τρὸς
2347 1184 2436 1238 καὶ
2494 1185 2619 1238 Υὶοῦ
2688 1182 3049 1238 συντάττουσα
3105 1180 3258 1256 ὅμως
3318 1180 3495 1257 τρίτον
3545 1181 3795 1254 ὠνόμασε,

2162 1273 2252 1327 καὶ
2300 1276 2335 1343 ἡ
2387 1272 2725 1349 προσηγορία
2788 1277 2885 1327 τοῦ
2957 1270 3274 1345 ΙΙνεύματος
3346 1269 3455 1346 ούχ
3508 1268 3676 1331 οὕτως
3731 1269 3797 1332 ὡς

2164 1364 2199 1431 ἡ
2257 1363 2473 1437 Πατρὸς
2526 1361 2616 1417 καὶ
2686 1362 2812 1416 Υἱοῦ
2888 1362 2986 1430 τὴν
3061 1359 3201 1435 πρὸς
3273 1355 3456 1436 ἕτερον
3533 1359 3795 1433 ἀναγκάζει

2166 1450 2475 1528 συνάφειαν,
2536 1450 2583 1505 εἰ
2644 1452 2719 1524 μή
2778 1471 2863 1512 τις
2928 1447 3181 1524 βούλεται
3239 1448 3302 1503 τὸ
3362 1448 3575 1524 ΙΙατρὸς
3638 1442 3800 1521 ὄνομα

2166 1537 2243 1600 εἷς
2272 1534 2551 1615 προϐολέα
2604 1534 2954 1612 μεταλαϐεῖν,
2981 1537 3108 1593 τότε
3145 1538 3247 1614 γὰρ
3296 1540 3586 1613 προσεχῶς
3614 1534 3674 1591 06
3716 1536 3798 1591 τὸν

2166 1627 2289 1681 Υῖὸν
2351 1627 2409 1682 ἂν
2465 1625 2602 1701 ἴδῃς,
2645 1626 2774 1683 αὐτὸ
2824 1625 2882 1682 66
2943 1626 3008 1683 16
3071 1621 3378 1702 πρόϐλημα
3434 1622 3796 1703 ἐφελκόμενον.

2164 1719 2333 1770 Τοῦτο
2379 1712 2437 1769 66
2484 1714 2586 1791 ἄρα
2633 1714 2732 1770 οὐκ
2780 1714 2837 1770 ἂν
2887 1717 2952 1783 ἧν
3000 1734 3153 1786 ποτε,
3204 1713 3250 1768 εἰ
3290 1712 3353 1768 τὸ
3413 1712 3545 1767 εἶναι
3596 1709 3653 1766 ἐκ
3691 1716 3803 1767 Πα-

2164 1804 2291 1880 τρὸς
2333 1804 2428 1877 μὲν
2486 1802 2564 1866 εἷς
2620 1801 2762 1876 Υἱὸν,
2804 1801 2856 1874 ἐξ
2914 1803 3038 1857 Υἱοῦ
3098 1798 3155 1857 66
3228 1801 3304 1864 είς
3364 1802 3584 1874 Πνεῦμα
3635 1797 3803 1855 τελευ-

2165 1898 2315 1948 ταῖον
2375 1886 2681 1969 προέϐαινε.
2734 1892 2833 1946 Καὶ
2889 1890 2954 1947 τὸ
3029 1890 3125 1965 μὶν
3205 1886 3273 1960 δὴ
3350 1892 3638 1965 προσεχῶς
3710 1884 3805 1942 ὧδέ

2171 2002 2288 2043 πως
2349 1979 2408 2036 ἃν
2470 1980 2707 2057 λέγοιτο.
2741 1985 2831 2036 Δεῖ
2889 1977 2947 2035 66
3000 1979 3092 2034 καὶ
3136 1976 3226 2034 διὰ
3250 1982 3350 2034 τοῦ
3380 1980 3670 2056 προσεχῶς
3725 1973 3807 2031 καὶ

2172 2070 2318 2133 ὅλως
2379 2068 2467 2125 διὰ
2538 2074 2635 2124 τοῦ
2706 2070 2831 2124 1"106
2899 2068 3307 2143 ἐπισκέψασθαι.
3362 2065 3519 2124 Ἀλλ’
3576 2066 3637 2122 06
3702 2069 3854 2127 ταῖς

2173 2159 2408 2233 ἐμαυτοῦ
2485 2157 2709 2213 ἐνταῦθα
2780 2162 2985 2234 φωναῖς
3042 2159 3414 2233 κεχρήσομαι,
3469 2157 3505 2225 ἢ
3557 2154 3637 2210 ἐπ’
3699 2152 3810 2210 ὀλί-

2170 2268 2289 2323 γον,
2320 2252 2438 2310 ταῖς
2500 2244 2557 2301 66
2611 2251 2719 2302 τῶν
2769 2246 3029 2321 Πατέρων
3080 2245 3290 2317 αὐταῖς,
3323 2242 3453 2300 ὥστ’
3480 2240 3646 2317 ἔξεστι
3697 2240 3810 2297 ταύ-

2170 2357 2266 2399 τας
2324 2335 2762 2411 ἆναλεγομένους
2818 2334 3013 2389 ἐκεῖθεν
3072 2332 3259 2396 καλῶς
3312 2333 3408 2388 τὸν
3470 2339 3572 2403 τῆς
3626 2328 3809 2402 λέξεως

2172 2421 2574 2480 ἐκδιδάσκεσθαι
2627 2428 2777 2481 νοῦν.
2810 2420 2914 2495 Εἴη
2976 2422 3070 2497 μὲν
3132 2421 3192 2477 ἂν
3247 2418 3339 2478 οὖν
3397 2421 3462 2478 τὸ
3492 2424 3711 2495 Πνεῦμα
3751 2417 3808 2473 τὸ

2174 2514 2327 2590 ἅγιον
2385 2510 2609 2569 καὶδιά
2660 2514 2760 2582 τὴν
2816 2517 2921 2568 τῶν
2980 2510 3176 2567 ἑαυτοῦ
3231 2510 3589 2589 χαρισμάτων
3641 2505 3809 2565 διανο-

2176 2604 2284 2677 μὴν
2344 2602 2432 2658 καὶ
2496 2599 2781 2676 μετάδοσιν
2843 2601 2902 2656 ἐκ
2957 2600 3175 2678 Πατρὸς
3205 2598 3686 2679 αὐτὸλλεγόμενον
3729 2594 3810 2652 διὰ

2171 2693 2322 2746 Υὶοῦο
2380 2692 2447 2747 ’Δ
2504 2691 2631 2767 γὰρ,
2690 2690 2853 2769 φησὶ,
2908 2691 2972 2746 τὸ
3031 2692 3256 2764 ΙΙνεῦμα
3320 2687 3531 2762 ἑκάστῳ
3593 2687 3812 2764 χορηγεῖ

2171 2781 2318 2857 παρά
2372 2784 2469 2835 τοῦ
2526 2781 2737 2857 Πατρὸς
2795 2777 2885 2834 διά
2938 2784 3035 2834 τοῦ
3093 2778 3271 2855 Λόγου
3330 2783 3675 2856 χορηγεῖταιο
3733 2770 3811 2845 εἴη

2174 2868 2221 2925 δ’
2276 2868 2335 2924 ἂν
2393 2868 2710 2942 νοούμενον,
2750 2868 2841 2924 καὶ
2897 2869 2973 2931 ὡς
3024 2868 3087 2923 τὸ
3154 2867 3214 2923 ἐκ
3260 2871 3360 2923 τοῦ
3417 2866 3585 2938 ἡλίου
3639 2864 3689 2921 ἐν
3741 2864 3815 2934 τῷ

2173 2958 2578 3034 ἀπαυγάσματι,
2609 2957 2699 3012 καὶ
2752 2954 2842 3012 διὰ
2895 2961 2993 3013 τοῦ
3053 2957 3478 3032 ἀπαυγάσματος
3507 2960 3643 3034 φῶς,
3665 2957 3814 3009 τοῦτο

2174 3047 2279 3123 γὰρ
2310 3045 2426 3122 ἔχει
2463 3048 2557 3119 μὲν
2608 3043 2813 3117 δηλοῦν
2862 3046 2951 3101 καὶ
2998 3047 3097 3115 τήν
3154 3046 3302 3121 παρά
3355 3049 3457 3100 τοῦ
3514 3043 3726 3121 ΙΙατρὸς
3769 3040 3816 3112 ἐξ

2175 3133 2354 3190 ἀϊδίου
2408 3139 2506 3190 τοῦ
2566 3133 2885 3209 ΙΙνεύματος
2942 3134 3078 3209 πρὸς
3138 3134 3258 3192 Υἳὸν
3321 3133 3627 3212 συνάφειαν·
3683 3151 3817 3207 γνω-

2178 3224 2322 3301 ρίζοι
2353 3221 2400 3279 δ’
2431 3224 2489 3278 ἂν
2517 3224 2607 3279 καὶ
2636 3225 2735 3293 τὴν
2770 3222 2838 3278 δι’
2880 3224 3010 3280 Υίοῦ
3060 3226 3157 3278 τοῦ
3205 3221 3528 3296 ΙΙνεύματος
3583 3217 3816 3301 ἔκφανσιν

2100 3309 2144 3376 C
2181 3312 2331 3376 ὅπως
2358 3314 2490 3368 ποτέ
2521 3334 2604 3368 σοι
2631 3313 2730 3382 τὴν
2764 3310 3011 3391 ἕκφανσιν
3048 3310 3239 3389 βούλει
3266 3317 3433 3387 νοεῖν,
3465 3309 3573 3367 εἷ’τε
3596 3312 3694 3380 τὴν
3747 3307 3816 3371 είς

2180 3404 2329 3477 ἡμᾶς
2386 3401 2475 3458 διὰ
2523 3406 2631 3458 τῶν
2682 3402 2998 3481 εὐεργεσιῶν
3055 3401 3375 3479 φανέρωσιν,
3410 3399 3519 3458 εἴτε
3572 3401 3669 3471 τήν
3711 3399 3817 3454 οἷον

2182 3488 2452 3565 ἔκλαμψιν
2480 3489 2570 3547 καὶ
2601 3489 2909 3568 ἀδιάκριτον
2942 3491 3017 3553 ὡς
3047 3490 3214 3546 εἷ’πεῖν
3266 3487 3355 3545 διὰ
3404 3494 3505 3547 τοῦ
3552 3490 3677 3545 Υἱοῦ
3726 3490 3817 3543 τοῦ

2186 3579 2502 3653 ΙΙνεύματος
2560 3577 2850 3657 διάκρισιν,
2879 3581 2999 3635 καθ’
3054 3580 3117 3649 ἣν
3172 3579 3264 3634 τὸν
3307 3577 3481 3635 ἄλλον
3544 3576 3821 3655 Παράκλη-

2182 3689 2275 3723 τον
2318 3670 2382 3724 16
2428 3673 2654 3743 Πνεῦμα
2697 3672 2795 3738 τῆς
2826 3666 3089 3739 ἀληθείας
3117 3669 3193 3729 ὡς
3224 3666 3336 3722 οἶόν
3362 3688 3425 3723 τε
3452 3673 3595 3723 νοεῖν
3628 3665 3823 3739 ἐλλαμ-

2184 3756 2418 3831 πόμεθα.
2453 3756 2609 3813 Ἀλλ’
2630 3757 2677 3813 εί
2706 3757 2895 3813 τοῦτόν
2926 3778 2990 3832 γε
3015 3756 3107 3811 τὸν
3135 3760 3261 3811 νοῦν
3294 3757 3385 3811 καὶ
3417 3757 3473 3812 0'1
3499 3758 3599 3827 τὴν
3651 3753 3824 3835 φωνὴν

2187 3846 2262 3908 είς
2316 3847 2417 3915 τήν
2462 3844 2747 3922 θεολογίαν
2809 3844 3108 3921 εἰσάγοντες
3168 3840 3351 3920 ἔσχον,
3402 3842 3579 3908 ἄλλος
3638 3844 3729 3919 μὲν
3782 3839 3825 3895 εἰ

2192 3937 2546 4012 μαρτυρήσει,
2578 3934 2679 3991 οὐκ
2734 3934 2794 3990 ἂν
2854 3936 2889 4004 ἡ
2956 3931 3226 4010 μαρτυρία
3279 3933 3614 4005 πιστεύοιτο,
3659 3928 3825 3992 οὐδεὶς

2188 4025 2313 4100 γὰρ,
2347 4023 2458 4093 ἐρεῖ
2508 4045 2590 4088 τις
2648 4028 2756 4080 τῶν
2815 4021 3147 4094 ἀντιπάλων,
3180 4019 3295 4078 οἶδε
3351 4021 3420 4077 16
3477 4026 3575 4079 106
3631 4019 3829 4095 ἐτέρου,

2187 4112 2341 4167 αὑτοὶ
2402 4111 2448 4168 δ’
2479 4111 2533 4168 εἷ’
2568 4110 2863 4190 μαρτυρίαν
2917 4114 3054 4185 ἡμῖν
3112 4108 3349 4173 οἴσουσιν
3412 4112 3467 4165 οἱ
3513 4116 3613 4181 τῆς
3655 4111 3829 4188 φωνῆς

2189 4201 2446 4278 Πατέρες,
2508 4201 2892 4279 ἀναντίρρητον
2962 4204 3081 4262 ταῖς
3166 4198 3442 4266 ἀληθείαις
3500 4200 3562 4255 τὸ
3616 4203 3830 4275 πρᾶγμα

2187 4293 2530 4363 ποιήσουσιν,
2563 4290 2693 4346 ὥστ’
2749 4289 2934 4352 αὐτοῖς
2992 4286 3216 4351 ἐκείνοις
3269 4292 3367 4344 τοῦ
3410 4286 3617 4345 λοιποῦ
3668 4304 3828 4361 προσ-

2190 4381 2368 4435 εκτέον
2394 4380 2487 4435 τὸν
2520 4384 2665 4437 νοῦν.

2259 4506 2317 4559 Ὀ
2397 4504 2575 4560 τοίνυν
2661 4503 2714 4559 ἐν
2794 4503 2974 4581 ἁγίοις
3034 4503 3346 4565 ’Δθανάσιος
3432 4501 3485 4559 ἐν
3569 4506 3647 4575 τῷ
3701 4495 3831 4556 κατὰ

2191 4593 2403 4669 Ἀρείου
2485 4593 2654 4671 τρίτῳ
2733 4592 2885 4669 λόγῳ
2968 4589 3095 4648 τάδε
3149 4590 3329 4670 φησίν·
3387 4591 3462 4647 06
3525 4594 3669 4665 τρεῖς
3744 4588 3830 4663 ἀρα

434 4680 751 4755 ΙΙνεύματος
801 4683 1012 4759 ἐγγίζον
1071 4672 1205 4740 ἐστὶν
1238 4691 1319 4758 τῷ
1379 4688 1574 4763 Ιῐατρὶ,
1636 4684 1924 4749 συναϊδίως
1975 4687 2079 4763 γὰρ
2111 4676 2158 4740 D
2189 4683 2317 4759 χάς,
2367 4681 2494 4739 0666
2573 4687 2719 4760 τρεῖς
2803 4686 3047 4759 Πατέρας
3100 4679 3407 4756 εἰσάγομεν,
3469 4676 3656 4748 ἐπειδὴ
3711 4672 3831 4763 0666

435 4770 603 4849 ἄμφω
671 4770 759 4825 καί
833 4772 1116 4848 ὁμοτίμως
1186 4775 1401 4849 ἐκεῖθεν,
1448 4775 1543 4832 κᾶν
1625 4775 1762 4851 μόνῃ
1831 4780 1899 4850 τῇ
1959 4796 2082 4831 συν-

432 4859 577 4930 τάξει
633 4863 742 4915 τῶν
802 4860 1084 4936 ὀνομάτων
1147 4865 1282 4939 μετά
1331 4865 1424 4921 τὸν
1472 4866 1593 4921 Υἱὸν
1627 4868 1659 4936 ἡ
1690 4869 1787 4920 τοῦ
1841 4864 2086 4939 ΙΙνεύμα-

433 4968 528 5011 τος
572 4955 772 5019 κΛῆσις
828 4953 1221 5031 προσφέρηται.
1271 4952 1446 5010 Ἀλλά
1485 4954 1576 5009 καὶ
1638 4952 1724 5010 διά
1788 4956 1887 5024 τὴν
1936 4953 2083 5010 ἐντο-

438 5036 541 5108 λὴν
575 5039 669 5113 μὲν
699 5041 790 5095 καὶ
831 5041 921 5097 τὸν
972 5044 1119 5120 παρά
1160 5048 1258 5099 τοῦ
1303 5047 1561 5119 Σωτῆρος
1617 5043 1783 5099 τύπον
1840 5050 1941 5114 τῆς
1998 5043 2084 5098 ἐκ·

435 5130 751 5207 φωνήσεως,
782 5127 995 5187 καὶδιά
1029 5134 1130 5202 τὴν
1177 5137 1287 5188 τῶν
1332 5132 1583 5205 κλήσεων
1634 5130 1885 5207 δύναμιν,
1937 5132 2085 5208 λέγω

431 5224 532 5288 τῆς
594 5218 828 5293 ΙΙατρὸς,
891 5220 981 5277 καὶ
1038 5223 1184 5296 Υἳοῦ,
1229 5220 1284 5277 αἵ
1337 5244 1400 5299 γε
1456 5222 1704 5299 σχετικαὶ
1763 5223 1936 5294 οὖσαι,
1996 5220 2086 5277 καὶ

435 5305 702 5379 ἀλλήλων
767 5307 1165 5388 ἐφελκυστικαὶ,
1218 5309 1372 5367 οὐδέν
1418 5333 1472 5367 τι
1525 5316 1634 5368 τῶν
1676 5314 1924 5368 ἁπάντων
1986 5333 2081 5384 με-

432 5396 562 5467 ταξὺ
620 5396 1034 5475 καταδέχονται,
1070 5398 1160 5455 διά
1202 5406 1364 5456 τοῦτο
1421 5405 1713 5477 προσεχῶς
1769 5402 1798 5455 ὁ
1831 5401 1951 5463 Υἱὸς
2007 5404 2085 5471 τῷ

388 5486 635 5573 ,Πατρί.
686 5489 758 5543 Τὸ
817 5486 875 5543 66
932 5494 1153 5562 Πνεῦμα
1206 5487 1369 5567 εἴργει
1427 5490 1520 5562 μὲν
1570 5494 1860 5566 προσεχῶς
1917 5489 2084 5544 εἰπεῖν

441 5579 617 5647 ἡτῶν
683 5577 965 5652 ὀνομάτων
1028 5576 1276 5653 δύναμις,
1338 5580 1454 5635 Υίὸν
1514 5579 1730 5653 ἀμέσως
1791 5579 2085 5634 συνάπτου-

441 5686 508 5720 σα
542 5670 622 5737 τῷ
651 5667 847 5744 ΙΙατρὶ,
879 5666 1048 5745 εἷ’ργει
1076 5667 1133 5724 66
1177 5669 1268 5724 καὶ
1315 5671 1349 5739 ἡ
1398 5666 1633 5746 πρόοδος
1680 5673 1779 5725 τοῦ
1831 5668 2087 5745 ἀριθμοῦ,

443 5751 691 5813 οὐδέποτ’
740 5756 896 5821 εὐθὺς
944 5762 1024 5831 τῷ
1068 5757 1387 5835 ἀριθμοῦντι
1442 5759 1576 5833 μετά
1639 5758 1760 5832 μίαν
1812 5755 1909 5813 δύο
1959 5777 2090 5833 προ-

2190 4776 2357 4846 τριῶν
2386 4772 2563 4843 ἡλίων
2598 4770 2897 4846 ὑπεθέμεθα
2939 4771 3040 4841 τὴν
3096 4768 3296 4840 εἳκόνα,
3327 4766 3477 4824 ἀλλά
3531 4767 3693 4838 ἥλιον
3748 4761 3833 4820 καὶ

2192 4860 2539 4938 ἀπαύγασμα,
2593 4861 2684 4915 καὶ
2738 4860 2803 4915 τὸ
2860 4860 2920 4915 ἐκ
2971 4862 3071 4915 τοῦ
3124 4856 3290 4928 ἡλίου
3359 4854 3412 4913 ἐν
3468 4861 3549 4930 τῷ
3605 4852 3834 4930 ἀπαυγά-

2194 4971 2358 5024 σματι
2418 4955 2557 5029 φῶς.
2613 4952 2774 5005 Ὥστε
2834 4945 3001 5021 ἔξεστί
3051 4968 3138 5003 σοι
3194 4951 3439 5018 σκοπεῖν,
3492 4945 3568 5009 ὡς
3629 4944 3689 4999 06
3740 4941 3833 5010 τὴν

2195 5038 2416 5116 ὕπαρξιν
2479 5038 2644 5109 αὐτὴν
2674 5040 2702 5094 6
2755 5038 2923 5113 μέγας
2981 5034 3220 5093 διδάσκει
3274 5032 3362 5091 διὰ
3420 5038 3517 5091 τοῦ
3573 5033 3718 5106 Υἳοῦ,
3746 5031 3839 5099 τὴν

2197 5127 2255 5185 66
2312 5130 2638 5208 φανέρωσιν,
2694 5127 2806 5201 καὶ,
2850 5128 2925 5189 ὡς
2979 5126 3210 5202 εἴρηται,
3268 5125 3369 5194 τὴν
3429 5121 3764 5197 ἀπόλαμψιν,

2194 5217 2285 5274 καὶ
2325 5204 2419 5280 -ὡς
2451 5204 2509 5271 r6
2570 5217 2733 5292 μέγας
2790 5214 3074 5276 Βασίλειος
3152 5209 3319 5291 ἔφησε
3368 5211 3461 5267 τὸν
3520 5204 3838 5287 γνωρισμόν.

2195 5309 2256 5365 Ὁ
2290 5304 2335 5361 δ’
2391 5306 2551 5369 αὐτὸς
2612 5305 2663 5361 ἐν
2712 5308 2781 5379 τῇ
2820 5305 2957 5379 πρὸς
3014 5300 3337 5378 Σεραπίωνα
3401 5296 3685 5372 ἐπιστολῇο
3741 5295 3840 5349 Τοῦ

2193 5395 2373 5452 τοίνυν
2440 5394 2653 5471 Πατρὸς
2709 5389 2866 5456 ὄντος
2936 5392 3141 5471 φωτὸς,
3197 5394 3295 5445 τοῦ
3354 5386 3413 5445 66
3465 5389 3593 5447 Υἱοῦ
3673 5384 3839 5440 ἀπαυ-

2195 5485 2470 5563 γάσματος
2556 5484 2742 5557 αὐτοῦ,
2790 5480 2988 5554 ἔξεστιν
3063 5482 3191 5554 ὁρᾷν
3275 5478 3368 5534 καὶ
3451 5477 3506 5533 ἐν
3595 5479 3674 5548 τῷ
3735 5471 3836 5563 ﬁt?

2195 5558 2258 5630 τὸ
2308 5558 2564 5647 ίΠνεῦμα
2634 5573 2697 5627 τὸ
2784 5572 2962 5647 ἅγιον,
3021 5570 3068 5643 ᾧ
3124 5566 3491 5648 φωτιζόμεθα,
3550 5563 3647 5620 Καὶ
3724 5558 3835 5635 μεθ’

2195 5659 2370 5739 ἕτερον
2402 5667 2507 5718 T06
2565 5660 2781 5739 ΙΙατρὸς
2838 5656 2991 5722 ὄντος
3048 5664 3259 5734 πηγῆς,
3300 5659 3399 5713 τοῦ
3454 5652 3513 5711 66
3569 5654 3690 5713 r106
3743 5667 3836 5739 110:-

2196 5735 2395 5828 ταμοῦ,
2445 5735 2721 5828 λεγόμεθα
2776 5749 2946 5807 πίνειν
3004 5747 3069 5804 τὸ
3127 5748 3352 5821 Πνεῦμα
3404 5744 3468 5801 16
3521 5744 3690 5819 ἅγιον.
3741 5735 3833 5794 Καὶ

3809 5118 3843 5186 ἢ
