4108 6438
312 428 438 492 285

1301 431 1405 491 DE
1448 428 1992 493 PROCESSIONE
2034 429 2395 494 SPIRITUS
2440 430 2747 492 SANCTI.

3516 452 3549 467 η
3608 429 3731 492 286

314 558 495 626 αὖθις·
545 558 757 636 Πέμψω
813 560 938 634 ὑμῖν
985 558 1078 616 τὸν
1111 557 1469 637 Παράκλητον
1504 560 1568 616 τὸ
1600 564 1839 633 Πνεῦμα,
1869 564 1967 629 τῆς
1996 558 2222 630 Αἰσασι
2287 561 2503 624 πάντες.
2564 558 2719 630 Πλὴν
2776 560 2866 617 καὶ
2920 558 3009 616 διὰ
3080 565 3178 616 τοῦ
3238 562 3360 619 Υἱοῦ
3430 561 3727 637 πεφηνέναι

314 647 582 721 ἀληθείας
629 647 662 705 6'
706 649 855 726 παρὰ
893 652 990 705 τοῦ
1036 649 1246 727 Πατρὸς
1301 648 1673 727 ἐκπορεύεται,
1724 648 1753 705 6'
1802 651 1829 706 6
1877 649 1972 705 κό-

317 758 461 813 σμος
521 736 586 794 06
636 733 856 794 δύναται
920 733 1132 811 λαϐεῖν,
1190 737 1249 801 ὅς
1316 739 1480 808 ἐστιν,
1541 739 1593 794 οἱ
1648 739 1975 815 ἀρνούμενοι

315 826 481 883 αὑτὸν
535 826 596 882 ἐκ
640 831 738 883 τοῦ
790 828 1002 904 Πατρὸς
1051 826 1103 883 Ev
1142 831 1222 899 τῷ
1249 829 1486 904 Χριστῷ.
1519 828 1584 885 Εἰ
1614 828 1795 883 τοίνυν
1832 824 1971 883 ἔστιν

316 916 382 973 ἐκ
433 919 534 971 τοῦ
592 916 803 992 [ἰατρὸς
856 914 1037 990 ἐν’τῷ
1084 921 1320 991 Χριστῷ,
1367 917 1422 973 τί
1464 916 1524 972 ἄν
1559 914 1643 988 εἴη
1674 918 1736 973 τὸ
1766 914 1855 972 διὰ
1876 920 1975 972 τοῦ

317 1005 471 1078 Υἰοῦ,
534 1004 583 1059 εἰ
644 1005 720 1080 μὴ
779 1002 832 1059 ἔν
889 1025 953 1081 γε
1000 1009 1107 1060 τῶν
1155 1004 1607 1080 προειρημένων;
1658 1005 1719 1060 06
1767 1006 1868 1082 γὰρ
1912 1001 1973 1060 ἄν

317 1100 508 1150 νοοῖτο
564 1092 655 1148 καὶ
714 1093 864 1156 αὗθις
923 1090 1013 1149 διὰ
1070 1098 1168 1149 τοῦ
1224 1094 1353 1148 Υἱοῦ
1384 1092 1631 1170 ὕπαρξις,
1665 1092 1844 1165 ὥσπερ
1877 1092 1977 1148 06x

325 1182 620 1259 ἀρκούσης,
676 1182 712 1252 ἢ
771 1181 1000 1244 ἀτελοῦς
1051 1179 1219 1252 οῦσης
1278 1185 1377 1251 τῆς
1435 1183 1493 1238 ἐκ
1564 1187 1662 1238 τοῦ
1735 1182 1973 1257 Πατρός.

320 1269 499 1330 Ἀλλὰ
555 1268 625 1340 δὴ
678 1270 768 1326 καὶ
828 1271 857 1325 ὁ
915 1268 1079 1347 λόγος
1133 1276 1235 1341 τῆς
1294 1269 1584 1345 εἰρημένης
1648 1270 1871 1343 εἰκόνος,
1918 1269 1977 1325 ἐκ

321 1363 423 1416 τοῦ
480 1358 671 1430 ἡλίου,
726 1359 910 1436 φησὶν,
962 1358 1014 1415 ἐν
1065 1363 1145 1431 τῷ
1183 1359 1566 1435 ἀπαυγάσματι
1598 1364 1733 1438 φῶς.
1765 1359 1830 1414 Εἰ
1858 1358 1974 1414 τοί-

316 1468 415 1504 νυν
460 1447 523 1503 ἐκ
551 1452 650 1503 τοῦ
698 1445 866 1517 ἡλίου
913 1446 965 1502 Ev
1014 1452 1095 1520 τῷ
1136 1448 1516 1525 ἀπαυγάσματι
1565 1445 1744 1526 φωτὸς
1804 1446 1974 1524 ὕπαρ-

318 1536 422 1609 ξις,
477 1536 570 1592 καὶ
628 1533 718 1591 διὰ
769 1539 868 1591 τοῦ
932 1535 1360 1611 ἀπαυγάσματος
1417 1538 1481 1591 τὸ
1538 1538 1652 1614 φῶς
1684 1533 1830 1612 λέγει
1869 1556 1975 1606 τις,

319 1624 427 1681 06x
453 1625 516 1680 ἄν
565 1623 730 1681 πάλιν
779 1625 854 1688 ὡς
902 1623 1102 1689 ἐκεῖθεν
1154 1624 1377 1702 ὕπαρξιν
1422 1620 1702 1698 λαμϐάνον
1754 1621 1978 1687 δικαίως

320 1713 484 1790 λέγοί
512 1733 528 1747 ⁶
598 1713 646 1768 εἰ
715 1715 792 1788 μή
859 1734 943 1776 τις
1006 1714 1070 1769 τὸ
1128 1712 1326 1769 ἐκεῖθεν
1402 1711 1702 1788 ἐκλάμπειν
1763 1710 1976 1787 (ἐπειδὴ

319 1800 625 1880 σύγκρατόν
684 1802 796 1858 ἐστι
853 1800 1044 1858 διόλου
1098 1806 1177 1876 τῷ
1247 1801 1648 1879 ἀπαυγάσματι)
1725 1800 1975 1857 οὐσίωσιν

318 1891 416 1947 καὶ
468 1890 693 1968 ὕπαρξιν
742 1889 986 1964 νομίζοι,
1044 1889 1176 1967 ὅπερ
1235 1890 1336 1947 06x
1383 1886 1523 1946 ἔστιν
1572 1888 1795 1960 ἀληθές.
1829 1887 1980 1945 Μᾶλ-

322 1976 425 2036 λον
472 1978 577 2057 γάρ
637 1978 935 2058 φανέρωσις
977 1982 1139 2035 τοῦτο
1186 1976 1330 2056 ἤπερ
1370 1978 1615 2055 ὕπαρξις.
1667 1977 1845 2036 Ἀλλά
1886 1978 1977 2034 καὶ

320 2069 386 2124 τὸ
442 2073 542 2123 τοῦ
596 2072 851 2141 ποταμοῦ
909 2065 1078 2145 ὕδωρ,
1138 2067 1185 2123 εἰ
1245 2067 1305 2123 ἐκ
1356 2072 1455 2123 τοῦ
1509 2072 1761 2141 ποταμοῦ
1819 2067 1895 2130 ὡς
1928 2066 1979 2138 ἐξ

315 2156 497 2220 αἰτίας
540 2161 639 2213 τοῦ
703 2153 840 2211 εἷ’ναι
902 2154 1071 2212 οἰ¹εταί
1123 2177 1229 2228 τις,
1290 2156 1380 2211 καὶ
1441 2155 1570 2232 οὐχὶ
1644 2154 1860 2230 μᾶλλον
1920 2154 1982 2211 ἐκ

314 2247 421 2316 τῆς
476 2247 665 2322 πηγῆς
721 2243 1037 2319 θαυμάζοιμ
1108 2242 1168 2300 ἄν
1226 2244 1357 2320 ἐγώ.
1420 2243 1577 2303 Ἀλλ’
1624 2244 1685 2300 ἐκ
1732 2248 1843 2300 τῶν
1882 2248 1980 2300 τοῦ

321 2332 568 2411 μεγάλου
597 2332 919 2389 ’Δθανασίου
950 2331 1059 2390 ὧδέ
1086 2354 1204 2397 πως
1238 2334 1298 2389 ἂν
1331 2330 1454 2410 ἔχοι
1497 2337 1567 2408 τῇ
1616 2338 1715 2389 τοῦ
1760 2354 1979 2410 προκει-

322 2422 494 2497 μένου
525 2420 739 2495 διανοίᾳ
767 2417 1068 2498 συμϐαλεῖν
1079 2464 1091 2478 .

394 2529 412 2550 ⁸
441 2534 483 2583 Ο
512 2525 573 2586 δὲ
618 2528 833 2597 Νύσσης
882 2527 1213 2605 Γρηγόριος,
1265 2526 1350 2583 ὅτι
1397 2528 1502 2584 οὑκ
1540 2516 1684 2585 ἄλλό
1715 2531 1917 2600 νοήσας
1944 2526 1981 2599 ἤ

317 2622 512 2689 τοῦτο,
574 2616 849 2694 ἐχρήσατο
904 2616 975 2692 τῇ
1031 2614 1140 2689 διὰ,
1201 2614 1453 2688 ἄκουσον,
1509 2614 1771 2693 λέγοντος
1808 2635 1821 2648 '
1900 2618 1985 2690 Ἐξ

320 2706 628 2783 ἀγεννήτου
675 2704 842 2776 ἡλίου
891 2703 1063 2762 ἄλλον
1116 2705 1272 2776 ἣλιον
1325 2710 1557 2780 νοῶμεν,
1609 2707 1750 2781 ὁμοῦ
1787 2709 1855 2781 τῇ
1885 2710 1984 2761 τοῦ

320 2796 555 2872 πρώτου
628 2793 842 2867 ἐπινοίᾳ
923 2799 1199 2870 γεννητῶς
1294 2793 1441 2867 αὐτῷ
1526 2794 1984 2869 συνεκκάμποντα,

319 2884 417 2940 καὶ
474 2884 613 2940 κατά
655 2881 830 2939 πάντα
876 2882 1139 2945 ὡσαύτως
1206 2881 1426 2960 ἔχοντα,
1485 2880 1681 2939 καλλει
1737 2880 1983 2958 δυνάμει,

324 2970 675 3047 λαμπηδόνι,
737 2972 970 3048 μεγέθει,
1029 2969 1408 3050 φαιδρότηται,
1463 2972 1555 3028 καὶ
1609 2977 1769 3027 πᾶσιν
1848 2972 1986 3044 ἅπαξ

319 3066 446 3124 τοῖς
502 3060 632 3135 περῖ
694 3060 787 3116 τὸν
860 3059 1021 3131 ἥλιον
1101 3061 1520 3135 θεωρουμένοις.
1598 3062 1700 3119 Καὶ
1766 3061 1933 3118 πάλιν
1968 3081 1981 3095 ’

322 3153 554 3227 Ἕτερον
633 3147 919 3224 ἐκλάμψαν
991 3144 1116 3204 οὕτε
1167 3146 1515 3223 διαστήματι,
1592 3146 1716 3206 οὔτε
1776 3149 1985 3229 φύσεως

324 3236 636 3315 ἑτερότητι,
695 3240 794 3293 τοῦ
842 3239 1059 3315 Ματρὸς
1106 3238 1142 3307 ἢ
1211 3240 1554 3314 Μονογενοῦς
1602 3238 1983 3312 ἀποτέμνεται.

324 3326 432 3384 Καὶ
490 3326 546 3382 ἐν
590 3331 670 3400 τῷ
730 3326 808 3390 εἰς
853 3327 945 3381 τὸν
1010 3328 1452 3404 πρωτομάρτυρα
1496 3328 1761 3406 Στέφανον
1811 3326 1984 3403 ἐγκω-

330 3415 468 3492 μίῳ.
531 3415 682 3471 Ἐπεὶ
731 3412 823 3470 οῦν
880 3413 932 3471 ἐν
989 3420 1069 3488 τῷ
1144 3415 1284 3494 φωτὶ
1355 3420 1453 3471 τοῦ
1530 3417 1760 3493 Ιῐατρὸς,
1829 3416 1984 3495 φησὶ,

323 3502 578 3561 τουτέστι
635 3508 714 3577 τῷ
765 3503 1047 3577 ῐΙνεύματι
1100 3508 1179 3577 τῷ
1233 3503 1376 3579 ἁγίῳ
1427 3509 1507 3578 τῷ
1565 3505 1763 3570 ἐκεῖθεν
1822 3504 1984 3560 ἐκπο-

325 3593 638 3671 ρευομένῳ,
694 3588 759 3648 16
818 3593 1104 3667 μονογενὲς
1159 3594 1451 3669 καθορᾶται
1501 3598 1635 3673 φῶς,
1697 3591 1788 3649 διὰ
1823 3598 1984 3649 τοῦτο

324 3681 825 3759 προκαταυγασθεὶς
878 3680 949 3756 τῇ
1007 3678 1134 3756 δόξῃ
1188 3686 1285 3737 τοῦ
1344 3681 1683 3756 Πνεύματος,
1756 3681 1847 3738 καί
1919 3681 1988 3737 τὰ

327 3772 478 3843 ἑξῆς.
534 3772 694 3847 Ὁρᾷς
752 3770 827 3832 ὡς
875 3771 1191 3847 ἁπανταχοῦ
1244 3769 1532 3845 σύμφωνός
1591 3772 1730 3827 ἐστιν
1814 3772 1987 3846 ἑαυτῷ

325 3859 360 3915 6
417 3856 770 3930 διδάσκαλος,
826 3858 927 3928 τήν
997 3858 1092 3931 μὲν
1148 3857 1466 3935 ἐκπόρευσιν
1520 3860 1610 3914 καὶ
1676 3858 1823 3922 ὅλως
1886 3860 1986 3931 τὴν

326 3946 557 4024 ὕπαρξιν
612 3951 713 4003 τοῦ
768 3944 1085 4021 Πνεύματος
1140 3946 1347 4003 τελείαν
1410 3944 1674 4003 διδάσκων
1750 3948 1810 4005 ἐκ
1886 3954 1984 4005 τοῦ

323 4036 574 4110 Πατρὸς,
632 4035 932 4110 ἐκλάμπειν
991 4032 1050 4091 δὲ
1110 4034 1272 4110 μόνον
1329 4035 1503 4113 λέγων
1561 4034 1653 4093 διὰ
1702 4041 1801 4094 τοῦ
1826 4038 1977 4112 Υίοῦ,

248 4204 251 4205 ν
322 4125 418 4181 καὶ
475 4127 592 4181 οἷον
650 4123 1000 4200 προλάμπειν
1048 4122 1232 4202 ὥσπερ
1292 4132 1392 4196 τῆς
1444 4125 1657 4188 ἀκτῖνος
1716 4126 1778 4181 τὸ
1845 4130 1981 4205 φῶς.

323 4210 510 4271 Ἀλλὰ
562 4211 628 4269 σύ
674 4234 737 4289 γε
795 4212 842 4267 εἰ
893 4213 970 4286 μὴ
1026 4210 1241 4268 τελείαν
1287 4212 1587 4289 ὁμολογεῖς
1644 4213 1704 4269 ἐκ
1743 4219 1842 4270 τοῦ
1873 4217 1984 4274 ῙΙα-

321 4304 460 4379 τρὸς
510 4302 612 4371 τὴν
673 4305 772 4357 τοῦ
832 4300 1150 4376 ῙΙνεύματος
1216 4301 1465 4379 ὕπαρξιν,
1522 4301 1986 4381 προσαναπλήρου

326 4389 425 4447 διὰ
470 4397 574 4463 τῆς
630 4389 702 4446 δι’
749 4391 876 4448 Υἳοῦ
928 4389 1274 4466 ἐκλάμψεως,
1324 4388 1775 4467 ἰ¹να’σεμνότερον
1831 4392 1869 4468 ᾖ
1922 4394 1987 4448 τὸ

326 4477 518 4556 δόγμα
560 4479 651 4535 καί
707 4479 1190 4556 θεοπρεπέστερον·
1252 4479 1362 4557 ἐγὼ
1412 4478 1471 4535 86
1507 4480 1716 4537 τέλειον
1755 4482 1820 4538 τὸ
1851 4481 1985 4537 εἶναι

324 4568 393 4624 ἐκ
461 4572 560 4624 τοῦ
632 4568 847 4646 Ιῐατρὸς
914 4568 1257 4644 ὁμολογήσω
1323 4570 1405 4642 τῷ
1472 4569 1769 4644 [Ινεύματι.
1827 4568 1985 4627 Διδά-

2083 648 2265 729 φησίν.
2315 648 2476 707 Ἀλλ’
2529 650 2735 713 ἐκεῖνος
2781 652 2917 724 ἡμῖν
2965 650 3057 719 καὶ
3094 649 3203 727 οὐχ
3250 648 3428 726 ἔτερος
3464 646 3559 704 ἴτω
3612 653 3722 706 τῶν

2083 736 2299 794 οἰκείων
2367 737 2658 813 ἐξηγητής.
2709 743 2804 793 Ἐκ
2856 742 2954 794 τοῦ
3010 737 3222 815 Ιιατρὸς
3281 737 3308 791 ὁ
3365 736 3509 810 Υἱὸς,
3569 737 3724 816 φησί,

2085 824 2153 883 δι’
2202 826 2264 881 06
2310 827 2377 883 τά
2429 828 2622 897 πάντα,
2683 828 2729 900 ᾦ
2785 826 3002 890 πάντως
3055 826 3119 882 τὸ
3175 828 3400 899 Πνεῦμα
3454 825 3516 881 τὸ
3573 827 3727 902 ἅγιον

2082 914 2407 992 ἀχωρίστως
2476 922 2886 974 συνεπινοεῖται.
2953 914 3028 971 O6
3098 914 3202 993 γὰρ
3261 910 3402 970 ἔστιν
3466 912 3519 970 ἐν
3574 934 3729 991 περι-

2082 1004 2205 1076 νοίᾳ
2303 1008 2399 1060 τοῦ
2491 1003 2618 1061 Υίοῦ
2700 1004 2961 1082 γενέσθαι,
3042 1005 3118 1079 μὴ
3194 1003 3736 1081 προκαταυγασθέντα

2081 1096 2161 1166 τῷ
2235 1091 2532 1167 Πνεύματι.
2612 1090 2832 1164 Ἐπειδή
2906 1093 3086 1149 τοίνυν
3160 1093 3224 1149 τὸ
3280 1093 3435 1169 ἅγιον
3487 1095 3735 1167 Πνεῦμα,

2084 1190 2174 1270 ἀφ’
2220 1191 2282 1246 οὗ
2329 1195 2474 1245 πᾶσα
2521 1190 2608 1245 ἐπὶ
2653 1192 2753 1261 τὴν
2796 1190 2969 1247 κτίσιν
3018 1194 3054 1262 ἡ
3103 1195 3212 1247 τῶν
3239 1190 3455 1267 ἀγαθῶν
3496 1189 3739 1268 χορηγία

2084 1280 2341 1355 πηγάζει,
2388 1283 2489 1335 κοῦ
2536 1281 2664 1335 Υἱοῦ
2718 1281 2813 1353 μὲν
2865 1277 3099 1358 εἷ’ρηται,
3150 1282 3196 1353 ᾧ
3240 1276 3577 1341 ἀδιαστάτως
3607 1299 3734 1356 συγ-

2084 1363 2580 1441 καταλαμϐάνεται,
2653 1374 2754 1438 τῆς
2810 1365 2869 1423 δὲ
2930 1371 3030 1424 τοῦ
3087 1367 3297 1444 Ιῐατρὸς
3344 1366 3517 1430 αἰτίας
3567 1366 3735 1441 ἐξημ-

2090 1455 2253 1529 μόνον
2306 1454 2424 1532 ἔχει
2476 1456 2540 1511 τὸ
2599 1456 2734 1512 εἰναι
2788 1456 2907 1513 ὅθεν
2956 1456 3048 1512 καὶ
3114 1456 3461 1534 ἐκπορεύεται
3492 1475 3506 1488 ·
3565 1459 3731 1512 τοῦτο

2086 1544 2442 1622 γνωριστικὸν
2477 1551 2581 1614 τῆς
2627 1546 2765 1601 κατά
2806 1547 2907 1615 τήν
2972 1545 3258 1602 ὑπόστασιν
3312 1543 3585 1617 ἰδιότητος
3632 1566 3734 1616 ση-

2092 1637 2243 1707 μεῖον
2292 1628 2433 1709 ἔχει,
2480 1634 2544 1690 τὸ
2595 1635 2731 1708 μετὰ
2784 1639 2881 1690 τοῦ
2929 1634 3055 1691 Υἱοῦ
3101 1636 3192 1690 καὶ
3239 1634 3331 1690 σὺν
3359 1633 3505 1707 αὑτῷ
3531 1631 3732 1711 γνωρί-

2091 1727 2293 1792 ζεσθαι,
2367 1723 2457 1778 καί
2528 1724 2592 1779 τὸ
2648 1723 2708 1779 ἐκ
2760 1729 2857 1779 τοῦ
2933 1725 3147 1799 ΙΙατρὸς
3200 1723 3505 1802 ὑφεστάναι.
3563 1724 3621 1778 Ὀ
3678 1719 3737 1780 δὲ

2090 1811 2209 1874 Υἱὸς
2269 1812 2298 1867 ὁ
2352 1812 2416 1867 τὸ
2488 1811 2915 1890 ἐκπορευόμενον
2981 1815 3204 1887 Πνεῦμα
3260 1811 3319 1868 ἐκ
3366 1816 3465 1868 τοῦ
3523 1812 3736 1889 ΙῙατρὸς

2090 1896 2161 1954 δι’
2217 1898 2407 1956 ἐαυτοῦ
2465 1900 2554 1955 καὶ
2615 1903 2730 1976 μεθ’
2787 1901 2977 1957 ἑαυτοῦ
3030 1901 3306 1979 γνωρίζων
3370 1900 3533 1975 μόνος
3578 1921 3739 1975 μονο-

2088 1992 2258 2065 γενῶς
2333 1988 2393 2045 ἐκ
2462 1990 2559 2045 τοῦ
2633 1990 2931 2067 ἀγεννήτου
2988 1991 3167 2070 φωτὸς
3225 1988 3532 2066 ἐκλάμψας,
3589 1986 3740 2045 οὐδε-

2093 2076 2216 2151 μίαν
2258 2077 2395 2133 κατᾶ
2432 2079 2495 2134 τὸ
2546 2077 2747 2149 ἰδιάζον
2797 2084 2905 2136 τῶν
2953 2078 3348 2154 γνωρισμάτων
3398 2081 3495 2150 τὴν
3543 2099 3741 2135 κοινω-
3828 2126 3837 2137 .

2087 2166 2204 2223 νίαν
2251 2166 2367 2244 ἔχει
2412 2169 2548 2245 πρὸς
2597 2170 2688 2225 τὸν
2759 2170 2997 2246 Πατέρα,
3050 2169 3086 2240 ἢ
3117 2170 3179 2225 τὸ
3215 2172 3436 2243 Ιῐνεῦμα
3461 2167 3526 2224 τὸ
3556 2168 3739 2246 ἅγιον,

2091 2253 2239 2312 ἀλλὰ
2290 2262 2408 2320 τοῖς
2459 2256 2767 2334 εἰρημένοις
2820 2257 3008 2332 μόνοις
3077 2256 3326 2331 σημείοις
3393 2255 3738 2334 γνωρίζεται.

2089 2354 2147 2409 Ὀ
2206 2351 2254 2410 δ’
2302 2353 2390 2411 ἐπὶ
2436 2356 2648 2410 πάντων
2706 2355 2861 2423 Θεὸς,
2903 2353 2993 2410 καὶ
3042 2352 3108 2410 τὰ
3158 2353 3304 2427 ἑξῆς.
3355 2353 3489 2409 Εἶτα
3533 2352 3597 2407 σύ
3646 2373 3739 2427 μοι

2091 2443 2384 2518 χρησμοὺς
2440 2443 2601 2499 πόθεν
2654 2442 2958 2505 ἀνασπάσας
3014 2439 3222 2497 δείκνυε
3292 2444 3428 2516 ἡμῖν
3504 2441 3565 2497 ἐκ
3642 2444 3742 2496 τοῦ

2090 2533 2218 2590 Υἱοῦ
2275 2532 2365 2587 καὶ
2421 2532 2605 2607 ἐτέραν
2660 2535 2757 2587 τοῦ
2815 2529 3132 2605 ΙΙνεύματος
3192 2529 3442 2608 ὕπαρξιν,
3498 2531 3599 2600 τήν
3649 2529 3741 2586 καὶ

2090 2624 2189 2675 τοῦ
2239 2622 2364 2677 Υἱοῦ
2409 2621 2578 2695 λέξιν,
2629 2620 2739 2696 υύχ
2786 2621 2860 2683 ὡς
2906 2620 2934 2675 ὁ
2981 2618 3158 2683 πολὺς
3210 2618 3369 2681 οὗτος
3413 2622 3515 2689 τὴν
3544 2617 3737 2674 θεολο-

2090 2708 2208 2787 γίαν
2276 2709 2578 2780 Βασίλειος,
2638 2710 2715 2772 ὡς
2789 2706 2835 2765 δ’
2906 2707 3109 2771 ἐθέλεις
3185 2706 3571 2783 ἐξηγούμενος.
3640 2706 3743 2762 Καὶ

2092 2796 2257 2854 πάλιν
2306 2799 2370 2854 τὸ
2442 2802 2731 2875 προσεχῶς
2803 2796 2892 2852 καὶ
2970 2794 3059 2852 διά
3128 2800 3227 2852 τοῦ
3299 2800 3590 2873 προσεχῶς
3663 2795 3745 2859 εἰς

2099 2886 2257 2962 μέσον
2308 2887 2548 2964 ἀγαγὼν,
2606 2887 2652 2942 εἰ
2723 2888 2798 2961 μὴ
2851 2883 3089 2962 δέχομαι
3133 2885 3226 2941 τὸν
3275 2884 3490 2957 Νύσσης
3544 2884 3743 2962 ἐρώτα,

2096 2976 2143 3031 εἰ
2220 2977 2295 3050 μὴ
2375 2976 2534 3031 αὐτὸν
2610 2978 2858 3051 ἡγοῦμαι
2933 2969 3203 3038 εὐσεϐείας
3276 2970 3623 3043 διδάσκαλον,
3697 2971 3746 3029 εἰ

2100 3066 2176 3139 μὴ
2252 3065 2553 3143 σαφέστατα
2628 3061 2720 3119 διὰ
2792 3068 2889 3119 τοῦ
2961 3064 3087 3118 Υἱοῦ
3159 3061 3249 3119 καὶ
3320 3061 3381 3118 ἐκ
3449 3066 3547 3117 τοῦ
3619 3062 3747 3118 Υἱοῦ

2097 3153 2360 3231 ὑπάρχειν
2436 3152 2662 3209 ἐνταῦθα
2708 3150 2854 3229 λέγει
2902 3153 2966 3208 τὸ
3020 3156 3269 3226 Πνεῦμα.
3329 3148 3486 3207 Ἀλλ’
3543 3149 3589 3205 ὦ
3628 3151 3752 3224 τὰν,

2099 3241 2262 3321 φαίην
2305 3242 2365 3297 ἇν
2443 3241 2571 3319 ἐγὼ,
2648 3241 2707 3296 σὶ
2782 3240 2872 3297 λέν
2950 3240 3051 3298 06x
3124 3240 3183 3296 ἃν
3261 3237 3518 3315 δεξαίμην
3590 3240 3750 3315 ποτὶ,

2099 3339 2273 3402 οὓτως
2321 3339 2676 3416 ἐξηγούμενον
2723 3338 2790 3393 τά
2864 3336 3069 3393 ἐκείνου
3104 3357 3117 3371 ·
3186 3336 3389 3393 ἐκεῖνον
3436 3335 3495 3392 δὲ
3540 3336 3631 3392 καὶ
3683 3338 3752 3394 τᾶ

2094 3426 2300 3485 ἐκείνου
2354 3431 2530 3502 τιμῶν
2587 3427 2689 3483 06x
2736 3426 2795 3482 ἂν
2855 3425 3298 3505 παραιτησαίμην
3351 3426 3441 3481 καὶ
3489 3422 3602 3482 ἅνω
3658 3428 3751 3505 φέ-

2098 3538 2208 3594 ρειν
2257 3523 2358 3589 τῆς
2399 3514 2666 3595 κεφαλῆς.
2716 3517 2869 3571 Ὅθεν
2922 3515 3134 3571 ἀκούων
3211 3513 3469 3591 λέγοντος
3540 3514 3601 3571 ἐκ
3654 3519 3752 3571 τοῦ

2095 3607 2308 3683 ΙΙατρὸς
2356 3605 2735 3683 ἐκπορεύεσθαι
2781 3603 2872 3660 καὶ
2918 3605 2981 3660 τὸ
3038 3604 3169 3661 εἶναι
3214 3601 3360 3683 ἔχειν
3410 3604 3474 3660 τὸ
3524 3608 3750 3679 Πνεῦμα

2093 3695 2181 3751 καί
2237 3696 2330 3750 τὸν
2389 3694 2601 3769 Πατέρα
2655 3690 2827 3749 αἷίτιον
2884 3692 3051 3770 ἔχειν,
3109 3693 3171 3749 06
3227 3694 3318 3749 16v
3375 3692 3518 3766 Υἱὸν,
3574 3696 3744 3749 ταῦτα

2095 3783 2358 3860 ὁμολογῶ
2404 3783 2494 3839 καὶ
2542 3782 2728 3856 αὐτὸς,
2777 3782 2867 3838 καί
2919 3782 3244 3858 ὁμολογεῖν,
3294 3781 3394 3837 οὐκ
3433 3780 3494 3837 ἂν
3519 3779 3749 3837 παυσαί-

2100 3892 2232 3945 μην.
2290 3873 2559 3947 Λέγοντος
2616 3870 2674 3927 δὲ
2729 3869 2894 3927 πάλιν
2952 3870 3043 3927 καὶ
3099 3875 3198 3929 τοῦ
3258 3870 3386 3925 Υἰοῦ
3443 3871 3600 3944 εἶναι,
3654 3870 3746 3925 καὶ

2104 3957 2242 4017 ἴδιον
2293 3964 2389 4015 τοῦ
2436 3961 2586 4031 Υἰοῦ,
2633 3959 2722 4015 καί
2775 3957 2845 4014 δι’
2891 3958 3056 4015 αὑτοῦ
3095 3957 3393 4033 ἐκλάμπειν
3442 3957 3532 4014 καὶ
3594 3979 3751 4038 φανε-

2096 4053 2318 4127 ροῦσθαι
2395 4049 2488 4103 καὶ
2561 4047 3034 4125 γνωρίζεσθαικαί
3107 4048 3415 4121 πέμπεσθαι
3499 4045 3589 4102 καὶ
3664 4043 3747 4101 δί-

2099 4135 2289 4193 δοσθαι
2329 4142 2447 4200 τοῖς
2493 4136 2665 4209 ἀξίοις
2713 4131 2925 4210 λαϐεῖν,
2962 4136 3368 4210 συντίθεμαιτῇ
3398 4132 3742 4208 διδασκαλίᾳ,

2094 4224 2185 4283 καί
2230 4227 2295 4282 16
2342 4224 2433 4281 διὰ
2477 4229 2573 4281 τοῦ
2622 4230 2911 4303 προσεχῶς
2956 4229 3119 4281 τοῦτο
3148 4226 3247 4294 τὴν
3286 4222 3547 4301 ὑμετέραν
3580 4223 3749 4301 ἀκρό-

2094 4313 2259 4372 πολιν
2303 4315 2389 4370 ὑπ’
2437 4314 2626 4389 ἐκείνῳ
2693 4312 3005 4389 διδασκάλῳ
3070 4312 3610 4391 χειραγωγούμενος,
3671 4310 3748 4376 εἰς

2096 4410 2149 4469 ἔν
2208 4409 2609 4485 ὁποιονδήποτε
2650 4412 2859 4468 τούτων
2928 4410 3105 4491 φέρων
3167 4410 3384 4485 τίθημι*
3450 4409 3596 4483 Φησί
3642 4410 3750 4486 γὰρ

2088 4498 2183 4556 ’ίνα
2232 4502 2297 4557 τὸ
2357 4501 2648 4577 μονογενὲς
2709 4499 2799 4557 ἐπὶ
2852 4504 2952 4556 τοῦ
3003 4501 3129 4556 Υὶοῦ
3162 4498 3317 4575 μένῃ,
3349 4498 3530 4555 καὶτὸ
3559 4496 3619 4554 ἐκ
3644 4502 3744 4553 τοῦ

2094 4590 2315 4666 ῙΙατρὸς
2366 4589 2501 4645 εἶναι
2551 4591 2615 4645 τὸ
2663 4593 2886 4663 Πνεῦμα
2935 4589 3011 4662 μὴ
3060 4582 3472 4667 ἀμφιϐάλλοιτο
3517 4592 3620 4656 τῆς
3647 4589 3750 4643 τοῦ

326 4677 525 4753 σκοξδξη
582 4658 695 4753 Ia?
871 4655 1020 4753 οὕῖίιξ
1075 4654 1254 4734 λέγειν
1290 4658 1473 4753 ὀί-τά
1545 4665 1662 4725 θεῖα
1714 4660 1872 4753 σοξροῖ
1930 4655 2066 4753 ξκῙ)
2094 4654 2233 4736 Υἱοῦ
2280 4679 2545 4753 μεσιτείας
2598 4677 2689 4733 καὶ
2736 4654 3019 4750 ὲαὺτῷιτὺ
3071 4654 3357 4751 μονογενὶς
3452 4654 3752 4753 φυλαττού-

320 4766 391 4802 τε
428 4742 499 4815 δὴ
549 4748 658 4800 τῶν
718 4742 905 4802 ἄλλων
953 4742 1157 4825 λόγων,
1217 4748 1307 4802 καὶ
1364 4746 1425 4803 ἐκ
1475 4753 1584 4804 τῶν
1620 4746 1990 4827 παραδειγμά-

322 4855 441 4892 των
488 4834 689 4905 αὐτῶν,
746 4837 869 4890 νοῦν
933 4831 1183 4914 λέγοντες
1247 4837 1338 4891 καὶ
1397 4835 1564 4913 λόγον
1619 4836 1710 4892 καὶ
1758 4842 1988 4913 πνεῦμα,

321 4919 522 4994 ἥλιον,
598 4922 820 4994 ἀκτῖνα,
896 4922 987 4979 καὶ
1063 4927 1201 5001 φῶς,
1276 4925 1480 5001 πηγὴν,
1556 4925 1823 5000 ποταμὸν,
1899 4928 1989 4982 καὶ

321 5009 504 5089 ὕδωρ.
552 5011 660 5068 Καὶ
708 5011 959 5088 περιττὸν
1012 5013 1073 5067 ἄν
1152 5008 1236 5084 εἴη
1303 5014 1516 5069 πάντων
1585 5014 1708 5085 ἐξῆς
1773 5035 1986 5088 μνημο-

317 5099 528 5171 νεύειν,
562 5098 633 5157 δι’
662 5101 736 5155 ὧν
770 5096 911 5156 ἔστιν
934 5100 1154 5178 ἀσφαλῆ
1185 5103 1284 5171 τὴν
1315 5102 1440 5180 περὶ
1470 5102 1666 5159 τούτου
1696 5106 1990 5173 κεκτῆσθαι

318 5188 531 5248 πίστιν.
561 5189 738 5265 Ταύτῃ
763 5210 850 5245 τοι
878 5190 971 5246 καὶ
999 5187 1283 5247 Βασίλειον
1332 5191 1497 5265 μόνον
1552 5193 1797 5269 μάρτυρα
1845 5192 1991 5249 ἐπισ-

317 5279 501 5350 τήσας
523 5276 613 5334 ἐπὶ
640 5279 708 5333 τὰ
737 5278 861 5352 έξῆς
896 5274 1301 5353 μεταϐήσομαι.

398 5387 523 5440 ’Ὁτι
573 5386 669 5458 μὲν
718 5385 748 5441 ὁ
802 5382 970 5461 μέγας
1018 5384 1181 5448 οὗτος
1228 5392 1332 5456 τῆς
1380 5386 1712 5460 οἰκουμένης
1762 5389 1987 5464 φωστὴρ

321 5470 578 5547 οὐδαμοῦ
634 5472 809 5549 λέγων
857 5472 999 5528 ἐστὶν
1049 5472 1110 5528 ἐκ
1158 5478 1255 5529 τοῦ
1304 5475 1429 5530 Υἰοῦ
1467 5477 1531 5531 τὸ
1562 5478 1809 5550 Πνεῦμα,
1841 5475 1901 5532 ἐκ
1929 5474 1989 5533 δὲ
2030 5554 2034 5558 Δ

316 5566 423 5622 τοῦ
478 5564 696 5640 ΙΙατρὸς
751 5561 843 5618 καὶ
899 5561 1031 5638 ούγὶ
1089 5560 1332 5637 ἐτέρωθι,
1389 5563 1554 5619 αὐτοῦ
1623 5565 1727 5640 γὰρ
1783 5564 1987 5622 ἐκείνου

315 5656 490 5710 τοῦτο
550 5653 734 5731 φωνή,
791 5649 882 5706 καὶ
941 5652 1126 5727 πηγὴν
1179 5652 1267 5706 καὶ
1329 5651 1475 5728 ῥίζαν
1531 5650 1653 5708 τῖδε
1699 5654 1760 5709 τὸ
1819 5655 1989 5711 Πατέ-

317 5764 412 5823 ρα,
466 5743 558 5800 καὶ
600 5739 776 5798 αἴτιον
822 5739 951 5793 Υἱοῦ
1002 5738 1091 5795 καὶ
1139 5739 1478 5814 ῙΙνεύματος.
1522 5741 1717 5820 τίχρὴ
1753 5740 1927 5819 λέγειν
1967 5762 1982 5815 ;

2100 4788 2224 4838 σης,
2281 4766 2372 4822 καὶ
2423 4767 2486 4822 τὸ
2543 4768 2769 4840 ΙΙνεῦμα
2824 4772 2926 4836 τῆς
2983 4771 3214 4843 φυσικῆς
3242 4765 3382 4840 πρὸς
3411 4764 3501 4820 τὸν
3534 4761 3753 4837 Ιῐατέρα

2100 4855 2338 4933 σχέσεως
2373 4857 2450 4930 μὴ
2475 4854 3221 4932 ἀπειργούσης.ηΙΙροσεχως,
3272 4852 3457 4932 φησὶν,
3512 4852 3540 4907 6
3596 4850 3739 4922 Υἱὸς,

2099 4946 2208 5021 οὐχ
2257 4943 2330 5000 ἵν’
2386 4942 2581 5018 αἶ’τιος,
2640 4945 2739 5014 ὡς,
2797 4944 2952 5017 ὑμεῖς
2982 4943 3134 5022 φατὲ,
3167 4939 3250 5012 εἴη
3281 4945 3378 4998 τοῦ
3409 4939 3742 5016 ΙΙνεύματος,

2097 5033 2226 5091 ἀλλ’
2282 5030 2468 5104 ἐπειδὴ
2524 5034 2827 5109 μονογενής
2857 5032 2997 5091 ἐστιν
3056 5032 3203 5105 Υἱὸς,
3243 5026 3384 5087 ἔστιν
3416 5028 3579 5095 εὐθὺς
3654 5049 3746 5084 συν

2098 5122 2486 5197 επενοούμενος
2527 5127 2608 5197 τῷ
2660 5120 2855 5198 ΙΙατρί.
2914 5120 2987 5177 06
3042 5122 3144 5197 γάρ
3204 5120 3344 5176 ἐστιν
3386 5119 3530 5183 εἰκὸς
3561 5118 3622 5175 ἐκ
3644 5117 3743 5174 τοῦ

2099 5212 2314 5290 Πατρὸς
2361 5206 2516 5275 ὄντος
2562 5215 2660 5267 τοῦ
2708 5210 2843 5266 εἶναι
2900 5209 2991 5266 καὶ
3044 5209 3126 5284 τῷ
3178 5207 3290 5284 Υἱῷ
3323 5208 3412 5266 καὶ
3457 5211 3539 5282 τῷ
3570 5204 3747 5264 ΙΙνεύ-

2101 5292 2251 5376 ματι.
2312 5298 2526 5358 έπειδάν
2584 5299 2948 5377 βουληθῶμεν
3013 5299 3096 5355 εἰς
3145 5297 3388 5371 δήλωσιν
3438 5303 3541 5369 τῆς
3570 5294 3747 5360 αἰτίας

2096 5389 2187 5445 καὶ
2232 5394 2339 5445 τῶν
2391 5389 2451 5446 Ex
2489 5396 2591 5460 τῆς
2650 5387 2821 5451 αἰτίας
2851 5396 3127 5465 χωρῆσαι.
3160 5386 3288 5443 ἀλλ’
3324 5386 3407 5443 ὅτι
3438 5384 3742 5444 συντάττειν

2097 5476 2205 5554 πρὸ
2232 5482 2331 5534 τοῦ
2363 5479 2487 5532 Υῖοῦ
2533 5482 2614 5550 τῷ
2663 5476 2863 5552 ΙΙατρί,
2921 5475 3003 5531 ὅτι
3032 5497 3095 5553 γε
3124 5476 3238 5533 οὐδ’
3275 5478 3311 5547 ἡ
3341 5480 3448 5532 τῶν
3490 5473 3741 5546 κλήσεων

2099 5566 2256 5642 ἰσχὺς
2320 5568 2624 5644 συγωρήσει
2660 5567 2793 5621 ποτὲ
2860 5561 3286 5643 παρεμϐάλλειν.
3363 5561 3520 5622 Ἀλλ’
3595 5561 3743 5619 ἐπει-

2099 5653 2166 5725 δὴ
2229 5656 2306 5730 μὴ
2364 5656 2500 5711 κατὰ
2542 5657 2642 5725 τὴν
2687 5658 2785 5711 τοῦ
2854 5654 2983 5711 εἰναι
3035 5652 3398 5725 ἀκολούθησιν
3444 5652 3743 5731 προσεχώς

2096 5747 2175 5816 τῷ
2233 5742 2406 5820 ΙΙατρὶ
2465 5744 2495 5799 ὁ
2552 5743 2675 5808 Υἱὸς
2735 5740 2947 5817 μᾶλλον
3014 5744 3143 5814 ἢτὸ
3171 5743 3415 5818 Πνεῦμα,
3449 5739 3538 5798 διὰ
3581 5761 3744 5798 τουτο
