4108 6432
384 408 503 472 287
570 432 595 463 ι

1414 419 1729 483 GEORGII
1775 420 2035 483 CYPRII
2079 419 2196 482 GP.
2243 421 2776 487 PATRIARCHE

3656 432 3768 497 288

394 559 482 640 οκ
708 630 773 640 Α.
830 542 1285 640 υύδὲ-διακόπτει
1481 552 1615 625 πρὸς
1660 552 1751 606 τὸν
1820 552 2263 624 ΙῐατέραΑσας,
2335 550 2726 616 ἀνενδοιάστως
2796 554 3065 631 ἐχρήσατε
3124 560 3195 630 τῇ
3254 561 3430 636 φωνῇ,
3485 561 3543 615 τὸ
3598 561 3763 640 εὐκρι-

387 628 649 703 σχέσεως.
703 630 780 688 Οὐ
825 633 925 709 γάρ
975 634 1113 689 ἐστιν
1166 637 1324 699 αὐτὸς
1380 637 1551 702 αἶίτιος
1614 645 1711 695 τοῦ
1779 640 2028 713 ΙΙνεύμα-

518 716 544 739 υ
582 720 593 739 9
657 719 671 739 9
790 720 804 740 9
855 722 867 737 \
1084 722 1109 744 ν
1440 728 1448 743 Ι
1602 731 1614 745 ι
1761 736 1780 745 υ
1950 728 1973 749 Ἰ

383 738 495 789 τος,
530 739 573 772 ιν
627 739 702 783 εις
747 741 905 776 αυτον
956 724 1049 796 μὲν
1084 746 1185 800 εχῃ
1214 729 1311 797 τήν
1348 749 1531 804 σχεσιν
1562 752 1625 784 το
1650 737 1885 802 ΙΙνευμα,
1922 751 2028 799 ειρ-

388 827 552 881 γηται
605 804 662 864 δὲ
709 813 806 864 τοῦ
854 812 1089 887 ΙΙατρὸς,
1146 814 1285 887 μηδέ
1331 838 1387 870 σε
1410 823 1511 871 τοῦ
1539 820 1601 873 τὸ
1634 824 1922 894 προςεχῶς
1952 819 2031 873 εἰ-

386 902 531 966 πεῖν,
566 897 655 952 καὶ
705 895 794 954 διὰ
833 904 931 954 τοῦ
985 908 1273 978 προσεχῶς
1321 906 1573 976 πειθέτω,
1610 908 1733 963 ἀλλ’
1764 908 1877 961 ὅθεν
1914 904 2028 981 ἔχει

385 985 636 1059 τὸεῖναι,
669 985 839 1043 ἐκεῖσε
868 990 956 1044 καὶ
990 990 1064 1052 ὡς
1098 992 1333 1047 αἴτιατὸν
1371 995 1707 1073 ἀναφέρεται.

454 1092 518 1148 Εἰ
571 1090 627 1148 δέ
672 1115 754 1156 τις
803 1095 893 1150 καὶ
936 1095 1194 1152 ἐπιπλέον
1241 1102 1363 1175 περί
1411 1103 1509 1169 τῆς
1560 1108 1654 1156 τοῦ
1713 1105 1839 1156 Υἰοῦ
1877 1125 2028 1175 μεσι-

386 1180 535 1245 τείας
583 1181 872 1255 ἐνίσταται,
931 1185 1019 1239 καὶ
1061 1186 1208 1250 ὅλως
1269 1190 1331 1243 τὸ
1370 1188 1459 1243 διά
1504 1196 1599 1245 τοῦ
1650 1194 1771 1249 Υἱοῦ
1820 1192 1905 1246 καὶ
1942 1190 2030 1246 διὰ

379 1271 478 1325 τοὺ
552 1278 840 1349 προσεχῶς
914 1276 1175 1351 παράγων
1257 1277 1509 1353 βούλεται
1578 1281 1778 1335 πείθειν
1856 1284 2025 1354 ἡμᾶς,

382 1358 419 1429 ἢ
475 1362 551 1434 μὴ
603 1360 817 1435 ἀμέσως
862 1362 1156 1440 ὁμολογεῖν
1209 1367 1271 1421 τὸ
1322 1373 1544 1441 Πνεῦμα
1591 1368 1650 1424 ἐκ
1676 1375 1773 1424 τοῦ
1812 1372 2028 1447 Πατρὸς

384 1452 661 1523 τιμῶντας
712 1451 836 1514 τοὺς
883 1452 1189 1529 εἰρηκότας,
1247 1457 1282 1525 ἢ
1339 1458 1413 1529 μὴ
1467 1457 1764 1534 ὁμολογεῖν
1822 1460 2026 1523 ἀθετεῖν

387 1536 517 1594 αὐαό
562 1559 622 1594 τε
661 1540 723 1594 τὸ
772 1537 953 1616 δόγμα
998 1542 1088 1596 καὶ
1135 1543 1259 1605 τοὺς
1312 1544 1577 1615 εἰπόντας,
1633 1548 1839 1623 βραχὺς
1890 1550 2025 1621 ἡμῖν

384 1626 527 1701 ὁμοῦ
583 1624 641 1684 δὲ
690 1630 779 1684 καὶ
828 1631 1001 1709 σαφὴς
1055 1632 1144 1687 καὶ
1177 1633 1204 1687 6
1235 1635 1370 1710 πρὸς
1402 1639 1569 1689 ταῦτα
1596 1636 1685 1690 καὶ
1714 1637 1780 1690 τὰ
1807 1642 2028 1691 τοιαῦτα

386 1714 569 1793 λόγος·
619 1718 811 1792 Ἡμεῖς
878 1719 1058 1777 τοίνυν
1129 1721 1219 1777 καὶ
1274 1724 1489 1797 ἀμέσως
1540 1725 1711 1802 φαμὲν
1767 1725 2029 1801 ὑπάρχειν

379 1804 444 1860 τὸ
487 1810 731 1880 Πνεῦμα,
783 1807 841 1863 ἐκ
884 1814 981 1864 τοῦ
1033 1811 1271 1887 ΙΙατρὸς,
1324 1812 1414 1867 καὶ
1455 1810 1543 1867 διὰ
1569 1818 1666 1868 τοῦ
1697 1815 1821 1868 Υἰοῦ
1853 1813 2028 1891 λέγειν

2157 641 2298 703 νείας
2345 642 2566 712 ἀξιῶσαι
2614 641 2703 698 διὰ
2748 644 2810 699 τὸ
2845 647 2920 718 μή
2979 651 3285 719 περιπεσεῖν
3324 648 3642 727 ταυτολογίᾳ
3692 652 3766 708 έν-

2138 732 2307 785 ταῦθα
2352 735 2842 806 παραιτησάμενος.
2893 734 2958 788 Εἰ
3023 734 3080 789 δὲ
3113 735 3189 807 μή
3240 741 3401 792 τοῦτο
3460 735 3604 794 δοκεῖ
3644 761 3768 810 τισι,

2144 818 2352 893 βραχὺς
2411 821 2438 874 6
2487 819 2671 896 λόγος’
2733 819 2994 892 δείξαντες
3053 824 3315 900 πρότερον
3367 830 3471 881 ποῦ
3498 832 3602 882 τῶν
3653 830 3766 885 ἐαυ-

2136 913 2235 962 τοῦ
2291 910 2319 962 6
2378 909 2679 985 Γρηγόριος
2735 909 2844 984 ὅδε,
2903 912 2937 980 ἢ
2996 910 3299 986 Βασίλειος,
3359 915 3760 992 ᾦπαρομαρτεῖ

2139 996 2463 1073 Γρηγόριος,
2514 1004 2768 1053 τοσοῦτον
2818 1000 3063 1075 εἰρήκασι
3149 1002 3273 1077 περί
3330 1007 3427 1058 τοῦ
3484 1004 3606 1060 Υἰοῦ
3650 1004 3769 1062 ὥστ’

2136 1084 2295 1139 κύτὸν
2356 1086 2449 1140 κᾶν
2512 1086 2803 1159 αἰνίξασθαι
2859 1094 2957 1142 τοῦ
3030 1090 3344 1164 ΙΙνεύματος
3418 1089 3604 1165 αἶ’τιον,
3684 1095 3766 1150 καὶ

2136 1180 2300 1229 τοῦτο
2356 1178 2681 1245 ποιήσαντες
2730 1181 2835 1231 τῶν
2892 1174 3073 1253 λόγων
3125 1178 3339 1235 ἐκείνων
3386 1178 3481 1235 εἷθ’
3510 1183 3585 1245 εἰς
3614 1182 3766 1255 ἐστιν,

2139 1260 2246 1317 εἴτε
2292 1262 2539 1335 πλείους,
2594 1267 2962 1342 συμπέρασμα
3019 1266 3290 1342 ἐχέτωσαν
3348 1270 3447 1337 τήν
3523 1271 3760 1328 νικῶσαν.

2137 1352 2258 1407 Εἶεν
2269 1396 2282 1409 .

2207 1474 2367 1531 Ἀλλ’
2423 1475 2608 1548 ἐπειδή
2665 1485 2716 1554 γ’
2780 1477 3008 1555 ἔσχατον
3070 1477 3274 1535 ἐκείνου
3326 1476 3763 1556 ἀντιλαμϐάνεται

2137 1564 2211 1627 ὥς
2271 1586 2412 1627 τινος
2462 1569 2570 1620 τῶν
2629 1564 2751 1621 λίαν
2813 1567 3077 1643 ἰσχυρῶν,
3134 1568 3224 1623 καὶ
3254 1570 3392 1646 πρὸς
3431 1568 3462 1625 6'
3492 1569 3649 1648 λόγος
3678 1571 3766 1628 οὐκ

2136 1650 2245 1708 ἔστι
2296 1660 2409 1716 τοῖς
2470 1653 2863 1732 ἀντιλέγουσιν,
2924 1655 2955 1711 6'
3005 1658 3143 1733 πρὸς
3194 1658 3517 1734 Σεραπίωνα
3558 1661 3763 1739 γράφων

2137 1742 2165 1796 6
2218 1741 2268 1795 έν
2331 1742 2530 1817 ἁγίοις,
2594 1745 2919 1815 ’Δθανάσιος,
2972 1745 3042 1799 Τὸ
3107 1750 3347 1821 Πνεῦμα,
3398 1745 3596 1824 λέγων,
3633 1750 3769 1826 παρὰ

2132 1835 2230 1886 τοῦ
2276 1833 2400 1886 Υἰοῦ
2454 1830 2739 1905 διδόμενον
2797 1835 2889 1888 καὶ
2958 1834 3330 1908 πεμπόμενον,
3389 1837 3480 1893 καὶ
3538 1837 3663 1893 αὐτὸ
3714 1835 3765 1893 ἐν

380 1893 480 1949 οὐκ
535 1894 883 1970 ἀναινόμεθαο
942 1898 1041 1953 Καὶ
1118 1896 1242 1955 οὔτε
1310 1901 1447 1956 κατά
1512 1901 1641 1964 τοὺς
1723 1903 2246 1996 ἀντιθέτουςΒέστι
2307 1921 2396 1975 καὶ
2454 1920 2517 1976 οὐ
2576 1893 2782 1995 ἐτυλλά,
2814 1921 2945 1978 οὐδὲ
2987 1893 3047 1980 ei
3075 1893 3407 1997 noixav'zv,
3442 1924 3586 1983 ἀλλά
3616 1927 3768 2001 μόνον

384 1982 577 2053 εἰπεῖν,
630 1985 846 2059 ἀμέσως
912 1987 1042 2044 αὐτὸ
1108 1987 1358 2066 λέγοντες
1416 1991 1477 2045 τὸ
1536 1989 1603 2044 δι’
1658 1993 1784 2045 Υίοῦ
1836 2012 2031 2063 καταρ-

383 2075 612 2147 γοῦμεν,
659 2071 783 2130 οὕτε
812 2075 875 2130 τὸ
908 2074 958 2131 δι
1008 2078 1135 2135 Υἱοῦ
1164 2078 1631 2155 ἀνομολογοῦντες
1687 2081 1749 2135 τὸ
1814 2081 2028 2152 ἀμέσως

380 2160 707 2235 ἀρνούμεθα.
776 2164 879 2222 Καὶ
954 2168 1059 2241 γὰρ
1136 2169 1351 2239 ἀμέσως
1434 2170 1527 2241 μὲν
1605 2167 2026 2245 δογματίζομεν.

384 2248 680 2328 ἐπειδήπερ
734 2254 834 2322 τήν
891 2256 1009 2309 καθ’
1067 2256 1351 2311 ὑπόστασιν
1407 2258 1652 2334 ὕπαρξιν,
1723 2259 1811 2313 καὶ
1882 2258 2029 2321 ’ὀλως

390 2340 523 2395 αὐτὸ
600 2339 668 2411 δὴ
742 2342 805 2397 τὸ
864 2343 992 2399 εἶναι
1050 2344 1100 2417 ἐξ
1161 2346 1324 2402 αὐτοῦ
1380 2352 1475 2402 τοῦ
1530 2349 1741 2423 Πατρὸς
1798 2347 1912 2423 ἔχει
1968 2349 2030 2403 τὸ

383 2432 631 2504 Πνεῦμα,
682 2430 772 2486 καὶ
821 2432 1023 2505 οὐχ’,ἐκ
1067 2440 1163 2489 τοῦ
1198 2437 1359 2491 Υίοῦ·
1420 2435 1545 2492 οὐδὲ
1600 2436 1689 2493 διὰ
1738 2444 1834 2492 τοῦ
1884 2439 2029 2510 Υἱοῦ,

383 2518 420 2588 ἧ
472 2520 574 2596 γὰρ
614 2519 672 2576 ἂν
722 2522 813 2575 καὶ
867 2522 1040 2587 αἰτιος
1092 2524 1233 2580 οὕτω
1274 2530 1371 2581 τοῦ
1421 2527 1785 2603 ΙΙαρακλήτου
1836 2529 1863 2582 6
1909 2528 2030 2589 Υἱὸς

385 2607 635 2684 ὑπῆρχεν
692 2610 1137 2689 ἀναμφηρίστως,
1222 2613 1354 2691 ὅπερ
1430 2613 1541 2670 οὔτ’
1619 2612 1827 2678 εὐσεϐές
1896 2616 2034 2694 ἐστι,

380 2697 471 2751 καὶ
530 2694 707 2762 οὐδεὶς
767 2698 1025 2757 οὐδέποτε
1084 2707 1192 2758 τῶν
1276 2704 1445 2780 ἁγίων
1507 2703 1617 2759 οὔτ’
1685 2704 1849 2760 εἰπὼν
1910 2704 2035 2761 οὐτε

381 2787 590 2863 γράψας
639 2787 824 2868 ἐφάνη.
875 2791 973 2846 Διά
1016 2796 1113 2847 τοῦ
1162 2793 1291 2848 Υἶοῦ
1335 2791 1392 2849 δέ
1450 2815 1622 2871 φαμεν
1676 2796 1937 2872 ὑπάρχειν
1972 2797 2034 2849 τὸ

380 2880 609 2951 Πνεῦμα
663 2879 753 2933 καὶ
808 2881 907 2949 τὴν
966 2881 1181 2955 ἀμέσως
1222 2881 1527 2959 ὁμολογίας
1583 2887 1742 2957 ἡμῶν
1806 2887 1882 2958 μὴ
1943 2885 2036 2941 λυσ-

386 2965 689 3040 μαίνεσθαι,
762 2968 943 3040 ἐπεινὴ
1021 2970 1081 3024 ἐκ
1149 2971 1362 3046 ΙΙατρὸς
1438 2971 1866 3045 ἐκπορευόμενον
1942 2974 2034 3028 καὶ

381 3052 740 3131 ὑφιστάμενον
816 3055 868 3127 ἐξ
944 3056 1005 3111 οὗ
1082 3055 1148 3127 δὴ
1222 3059 1312 3113 καὶ
1388 3061 1414 3114 6
1472 3062 1594 3121 Υἱὸς
1640 3067 1905 3136 γεννᾶται,
1964 3048 2036 3117 δι’

377 3141 542 3198 αὐτοῦ
594 3140 661 3213 δὴ
717 3149 815 3199 τοῦ
864 3146 988 3200 Υἰοῦ
1039 3148 1370 3223 προέρχεται
1441 3148 1533 3203 καί
1589 3147 1894 3223 ἐκλάμπει·
1947 3154 2033 3208 τέ-

382 3230 532 3287 λειον
565 3232 713 3302 πλὴν
742 3228 870 3309 ἔχον
928 3235 990 3289 τὸ
1050 3235 1183 3290 εἷται
1240 3238 1367 3312 παρ’
1416 3237 1579 3292 αὐτοῦ
1634 3244 1731 3293 τοῦ
1788 3241 2027 3317 Πατρός,

376 3322 497 3384 καθ’
574 3320 633 3376 ὅν
701 3319 767 3391 δὴ
824 3322 1025 3400 τρόπον
1080 3324 1170 3379 καὶ
1227 3327 1290 3380 τὸ
1350 3330 1462 3403 φῶς
1520 3325 1728 3403 εἷ’ρηται
1788 3326 1876 3382 διὰ
1930 3336 2029 3399 τῆς

378 3408 597 3473 ἀκτῖνος
630 3409 689 3466 ἐκ
742 3415 840 3466 τοῦ
885 3410 1073 3482 ἡλίου,
1105 3409 1235 3489 ἔχον
1272 3415 1364 3487 μὲν
1395 3417 1576 3491 πηγὴν
1608 3416 1696 3470 καὶ
1729 3416 1901 3471 αἰτίαν
1932 3422 2030 3473 τοῦ

384 3498 538 3574 εἶναι,
595 3500 682 3555 κτὶ
735 3501 985 3577 πκροχέα
1033 3504 1169 3557 κατά
1235 3502 1389 3580 φύσιν
1438 3504 1529 3559 τὸν
1605 3505 1765 3574 ἥλιον
1817 3507 1891 3569 ὡς
1942 3509 2031 3583 ἀρ-

386 3590 498 3663 χὴν
526 3588 691 3645 αὐτοῦ
722 3593 973 3669 φυσικὴν,
1010 3588 1147 3647 διιὸν
1188 3590 1246 3647 δὲ
1303 3591 1455 3667 ὅμως
1511 3596 1546 3664 ἢ
1580 3594 1668 3649 καὶ
1698 3594 1787 3650 καὶ
1836 3597 2027 3671 προῖὸν

378 3677 470 3735 καὶ
519 3675 799 3753 ἐκλάμπον
851 3678 941 3735 διὰ
985 3684 1084 3750 τῆς
1145 3682 1382 3755 ἀκτῖνος,
1440 3682 1490 3753 ἐξ
1521 3686 1585 3753 ἧς
1645 3684 1749 3760 οὐχ
1806 3684 2028 3761 ὕπαρξις

375 3772 456 3841 τῷ
514 3768 654 3845 φωτὶ
703 3767 818 3825 οὐδ’
865 3770 1143 3833 οὐσίωσις.
1194 3770 1354 3827 Ἀλλ’
1382 3771 1502 3841 ἥκει
1568 3794 1660 3847 μεν
1718 3771 1788 3827 δι’
1835 3774 2029 3845 αὐτῆς,

378 3856 453 3918 ὡς
483 3854 714 3933 εἴρηται,
749 3856 864 3935 ἔχει
898 3857 955 3916 δὲ
981 3859 1160 3937 ἀρχὴν
1209 3865 1305 3916 τοῦ
1353 3861 1485 3939 εἶναι
1541 3859 1610 3916 δι’
1652 3861 1841 3933 αὐτῆς,
1899 3865 1933 3932 ἢ
1977 3862 2028 3935 ἐξ

381 3944 549 4017 αὐτῆς
601 3946 873 4021 οὐδαμῶς,
934 3947 1079 4005 ἀλλά
1123 3951 1367 4024 καθαρῶς
1422 3950 1512 4005 καὶ
1570 3950 1788 4024 ἀμέσως
1837 3952 1895 4006 ἐκ
1930 3956 2028 4006 τοῦ

383 4033 571 4110 ἡλίου,
626 4036 677 4110 ἐξ
730 4034 790 4092 οὗ
840 4034 907 4107 δὴ
963 4039 1053 4092 καὶ
1097 4036 1232 4107 αὐτή
1266 4040 1300 4108 ἡ
1334 4038 1486 4099 ἀκτὶς
1520 4035 1589 4093 δι’
1619 4043 1791 4115 ἧσπερ
1819 4040 1881 4094 16
1912 4044 2027 4119 φῶς

385 4124 627 4207 φαίνεται
655 4125 871 4203 προῖόν.
906 4125 1003 4181 Καί
1031 4131 1199 4182 ταῦτα
1232 4127 1325 4201 μὲν
1368 4127 1563 4191 οὕτως.

451 4239 656 4289 Ἐκεῖνο
715 4231 774 4289 δὲ
834 4231 1043 4309 μηδένα
1098 4238 1202 4289 τῶν
1274 4233 1522 4289 ἀπάντων
1589 4231 1909 4311 θορυϐείτω,
1966 4236 2028 4291 τὸ

383 4328 824 4398 προεπιτοεῖσθαι
869 4328 966 4379 τοῦ
1015 4322 1325 4396 ΙΙνεύματες
1380 4324 1470 4379 τὸν
1530 4325 1673 4398 Υἱὸν,
1732 4325 1867 4379 κατὰ
1936 4326 2027 4380 τὸν

381 4419 483 4482 τῆς
538 4412 710 4476 αἰτίας
754 4412 941 4491 λόγον,
1003 4412 1033 4468 6'
1089 4414 1422 4491 προφέρουοι
1507 4418 1615 4469 τῶν
1668 4419 1765 4468 τοῦ
1817 4413 2029 4485 Νύσσης

380 4501 803 4579 Ἀντιρῥητικῶν
903 4504 1305 4565 ἀποσπάσαντες
1340 4521 1353 4533 ’
1448 4502 1829 4577 παραπλήσιον
1925 4506 2027 4579 γάρ

381 4596 501 4654 τοῖς
533 4591 841 4666 εἰρημένοις
864 4588 1082 4668 ἔχειτὸν
1114 4596 1261 4649 νοῦν.
1294 4597 1454 4667 Ἔχει
1476 4590 1533 4647 δὲ
1563 4593 1753 4655 οὕτως.
1777 4592 2026 4669 Ἐπείπερ

2141 2009 2272 2063 αὐτὸ
2320 2011 2560 2083 ΙΙνεῦμα.
2602 2012 2757 2073 Ἐνὸς
2789 2013 2893 2088 γάρ
2927 2011 3084 2075 ὄντος
3138 2017 3236 2069 τοῦ
3267 2015 3392 2073 Υἱοῦ
3451 2019 3546 2070 τοῦ
3580 2019 3769 2085 ζῶντος

2140 2098 2342 2173 Λόγου,
2399 2098 2522 2172 μίαν
2575 2100 2708 2155 εἶναι
2767 2098 2849 2155 δεῖ
2902 2100 3111 2158 τελείαν
3152 2101 3241 2157 καὶ
3279 2101 3474 2178 πλήρη
3504 2106 3599 2175 τήν
3631 2105 3772 2182 ἀγια-

2139 2189 2343 2256 στικήν*
2422 2188 2513 2243 καὶ
2607 2190 2941 2267 φωτιστικήν
3040 2191 3206 2263 ζωὴν,
3287 2188 3448 2248 οὖσαν
3524 2191 3770 2271 ἐνέργειαν

2140 2274 2302 2330 αὐτοῦ
2355 2278 2446 2331 καὶ
2501 2275 2727 2352 δωρεὰν,
2786 2277 2910 2347 ἥτις
2962 2280 3016 2355 γ’
3066 2278 3126 2335 ἐκ
3173 2281 3386 2358 Ιῐατρὸς
3434 2280 3647 2358 λέγεται
3692 2281 3772 2338 ἐκ·

2139 2364 2480 2439 πορεύεσθαι,
2531 2364 2717 2436 ἐπειδὴ
2794 2366 2854 2422 ἐκ
2927 2367 3025 2423 τοῦ
3100 2367 3278 2445 Λόγου
3334 2374 3436 2425 τοῦ
3490 2372 3633 2448 παρὰ
3683 2375 3771 2427 τοῦ

2139 2454 2352 2530 Πατρὸς
2412 2454 2877 2532 ὁμολογουμένως
2954 2455 3243 2532 ἐκλάμπει,
3301 2460 3393 2513 καὶ
3452 2457 3771 2518 ἀποστέλλε-

2138 2563 2225 2596 ται
2270 2542 2360 2598 καὶ
2408 2541 2613 2600 δίδοται
2647 2563 2660 2576 ”
2718 2546 2807 2600 καὶ
2866 2542 3051 2615 ἐπειδὴ
3109 2546 3174 2601 τὸ
3224 2551 3327 2602 πᾶν
3370 2545 3605 2613 ἐντεῦθεν
3638 2546 3773 2624 ἔχειν

2144 2629 2369 2706 θ’ἶονται,
2447 2631 2829 2707 ἐρωτάσθωσαν
2903 2632 2992 2690 διὰ
3055 2640 3214 2690 ποῖον
3274 2633 3379 2714 ἄρα
3434 2641 3542 2694 τῶν
3609 2637 3659 2694 ἐν
3712 2640 3775 2712 τῇ

2144 2720 2297 2797 ῥήσει
2399 2722 2564 2798 ταύτῃ
2660 2728 2915 2779 τοσοῦτον
3010 2729 3297 2803 φρονοῦσις
3371 2727 3609 2805 Πότερον
3678 2725 3776 2799 ὅτι,

2142 2808 2467 2884 Ἐκλάμπει,
2519 2811 2684 2889 Λέγει,
2758 2813 2848 2868 καὶ
2923 2813 3314 2870 ἀποστέλλεται
3374 2816 3466 2871 καὶ
3542 2814 3780 2886 δίδοται;

2145 2900 2246 2957 Καὶ
2304 2901 2411 2973 μὴν
2492 2900 2547 2954 αἱ
2634 2901 2728 2974 μὲν
2800 2901 3102 2980 ἐκφάνσεως
3174 2903 3554 2982 ἀπεφάνθησαν
3637 2904 3782 2959 οὖσαι

2144 2989 2337 3066 φωναὶ,
2396 2990 2451 3043 αἱ
2529 2986 2586 3044 δὲ
2642 2987 2887 3053 εὐδοκίας
2953 2991 3044 3047 καὶ
3102 2986 3573 3068 συγκαταϐάσεως.
3632 2991 3779 3051 Ἀλλ’

2145 3075 2276 3140 ἰίτως
2327 3077 2409 3133 ὅτι
2471 3075 2647 3155 δωρεά
2696 3079 2759 3133 τὸ
2820 3081 3074 3153 ΙΙνεῦμα;
3135 3081 3234 3135 Καὶ
3288 3080 3341 3136 τί
3398 3082 3545 3158 παρά
3589 3085 3779 3151 τοῦτο;

2144 3165 2285 3223 Ἰδοὺ
2344 3167 2446 3245 γὰρ
2498 3167 2587 3223 καὶ
2646 3168 2674 3223 6
2739 3168 2883 3235 Υἱὸς,
2953 3170 3240 3245 ἁγιασμὸς,
3298 3170 3389 3225 καὶ
3452 3168 3780 3241 δικαιοσύνη,

2143 3256 2233 3312 καὶ
2286 3256 2501 3333 εἰρήνη,
2554 3255 2643 3312 καὶ
2692 3254 3071 3331 ἀπολύτρωσις
3121 3260 3266 3332 παρὰ
3312 3263 3393 3331 τῷ
3451 3258 3782 3332 Ἀποστόλῳ,

2141 3345 2247 3423 οὐχ
2302 3346 2379 3408 ὡς
2433 3344 2595 3400 αὐτοῦ
2645 3340 2801 3409 ὅντος
2849 3351 3037 3420 ταῦτα,
3069 3344 3195 3401 ἀλλ’
3225 3346 3631 3423 ἐνεργήσαντος.
3686 3347 3779 3403 Καὶ

2136 3436 2199 3490 τὸ
2244 3438 2468 3508 Πνεῦμα
2520 3432 2621 3510 ἄρα
2663 3439 2853 3491 τοῦτον
2903 3436 2993 3490 τὸν
3042 3435 3264 3511 τρόπον,
3318 3434 3509 3507 ἐπειδή
3544 3437 3669 3512 παρ’
3697 3435 3782 3491 αὐ-

2136 3528 2234 3578 τοῦ
2282 3529 2384 3578 πᾶν
2436 3525 2633 3600 ἀγαθὸν
2693 3523 2768 3587 εἰς
2826 3528 2974 3598 ἡμᾶς
3033 3524 3177 3598 ἥκει,
3230 3525 3322 3579 καὶ
3400 3525 3521 3581 ὅσαι
3579 3525 3655 3589 εἰς
3704 3526 3781 3580 ἀν·

2140 3613 2391 3690 θρώπους
2450 3613 2769 3690 εὐεργεσίαι,
2830 3614 3029 3687 θεόθεν,
3115 3613 3278 3669 αὐτοῦ
3335 3613 3468 3691 εἰσιν
3529 3613 3783 3691 ἐνέργειαι

2136 3701 2225 3755 καὶ
2270 3699 2488 3775 δωρεαὶ,
2541 3698 2765 3765 εἰκότως
2818 3701 3055 3779 ἐνέργεια
3114 3700 3378 3773 κέκληται
3434 3704 3527 3759 καὶ
3592 3701 3779 3780 δωρεά.

2137 3791 2235 3844 Καὶ
2280 3795 2378 3845 τοῦ
2436 3792 2561 3847 Υἰοῦ
2618 3788 2696 3863 δὲ,
2758 3790 2841 3845 ότι
2894 3791 2962 3845 τὰ
3014 3794 3111 3845 τοῦ
3168 3792 3496 3864 ΙΙνεύματος
3527 3788 3659 3867 ἔργα
3689 3793 3782 3846 τοῦ

2230 3884 2257 3894 η.
2340 3879 2360 3901 3,
2511 3876 2520 3895 I
2888 3880 2901 3899 ν
2988 3877 3011 3899 ρι
3217 3877 3290 3899 av“
3499 3881 3513 3901 ε
3574 3887 3588 3909 ,
3744 3878 3754 3896 ι

2136 3881 2261 3936 Υἰου
2312 3901 2442 3934 εισιν
2494 3878 2643 3956 ἔργα,
2698 3879 2787 3935 καὶ
2846 3901 2946 3935 ουκ
2986 3900 3125 3935 εστιν
3176 3894 3349 3953 ουοεν,
3374 3902 3544 3957 φησιν
3588 3882 3786 3938 Αθανα-

2139 3990 2272 4037 σιος,
2331 3967 2362 4024 6'
2412 3969 2488 4040 μὴ
2534 3966 2623 4023 διὰ
2676 3973 2771 4024 τοῦ
2827 3968 3003 4045 Λόγου
3055 3968 3108 4024 ἐν
3156 3970 3435 4043 ΙΙνεύματι
3467 3970 3783 4027 σελειοῦται.

2138 4056 2293 4114 Ἀλλ’
2331 4056 2523 4128 ἐκεῖνο,
2580 4056 2763 4135 φησὶν,
2818 4054 3005 4127 ἐπειδή
3058 4057 3118 4112 ἐκ
3172 4062 3271 4113 τοῦ
3301 4058 3481 4135 Λόγου
3524 4057 3786 4132 ἐκλάμπει

2137 4147 2227 4200 καὶ
2265 4143 2659 4201 ἀποστέλλεται
2735 4146 2825 4201 καὶ
2900 4143 3127 4218 δίδοται,
3205 4143 3295 4201 διὰ
3365 4152 3530 4203 τοῦτο
3582 4146 3784 4222 λέγεται

2139 4233 2199 4290 ἐκ
2242 4240 2340 4290 τοῦ
2416 4236 2627 4313 ΙΙατρὸς
2694 4234 3096 4311 ἐκπορεύεσθαι.
3157 4234 3331 4310 Ἀλλ’,
3390 4235 3436 4291 ὦ
3491 4238 3783 4314 σοφώτατε,

2139 4323 2238 4379 οὐκ
2295 4322 2681 4401 αἰτιολογικῶς
2749 4324 2970 4380 ἐνταῦθα
3023 4321 3393 4400 παρείληπται
3448 4325 3513 4381 τὸ
3577 4321 3780 4395 ἐπειδὴ,

2138 4410 2265 4469 ἀλλ’
2340 4413 2416 4476 εἰς
2491 4412 2721 4487 σημείου
2798 4411 2964 4488 λόγον
3040 4408 3549 4489 παραλαμϐάνεται,
3598 4414 3780 4469 ὁποῖον

2138 4500 2386 4580 ἄντικρυς
2424 4504 2756 4577 τεθεώρηται
2831 4501 2921 4557 καὶ
2998 4500 3086 4556 ἐπὶ
3159 4505 3267 4556 τῶν
3345 4500 3438 4557 διὰ
3506 4507 3614 4558 τῶν
3686 4523 3782 4572 ση-

2144 4590 2309 4664 μείων
2379 4591 2690 4667 λεγόμενων
2769 4590 3184 4666 συλλογισμῶν.
3263 4593 3382 4667 Πῦρ
3439 4612 3610 4669 φαμεν
3667 4611 3788 4646 καυ-

389 4677 563 4744 αἰ¹τιος
597 4682 690 4754 μὲν
723 4682 849 4737 Υἰοῦ
881 4667 968 4736 καὶ
1027 4681 1337 4754 ΙΙνεύματος
1375 4683 1404 4736 6
1454 4683 1668 4756 Πατὴρ,
1726 4686 1805 4754 τῷ
1861 4667 2033 4755 Πατρὶ
2066 4667 2111 4734 D
2142 4682 2321 4754 θῆναι,
2382 4678 2675 4758 ἐπειδήπερ
2723 4679 2892 4757 τέφρα
2939 4681 3148 4754 ὁρᾶται,
3211 4677 3303 4733 καὶ
3360 4667 3554 4750 ἐπεεδὴ
3608 4677 3783 4750 πηλὸς

394 4767 453 4825 δὲ
584 4770 760 4847 Πατρὶ
811 4769 966 4834 εὐθὺς
1026 4776 1411 4825 συνεπινοεῖται
1470 4772 1498 4826 6
1545 4771 1668 4834 Υἱὸς
1745 4772 1880 4826 κατά
1932 4772 2031 4840 τὴν

389 4863 499 4915 τῶν
523 4858 659 4937 πρός
729 4881 782 4916 τι
858 4858 1013 4937 φύσιν
1070 4860 1157 4915 ὑπ’
1214 4857 1478 4930 ἀλλήλων
1537 4860 1910 4937 συναγομένων
1957 4859 2037 4933 τῷ

394 4947 568 5026 λόγῳ,
602 4950 755 5028 φησὶ,
787 4950 885 5018 τῆς
916 4946 1112 5021 αἰτίας,
1170 4945 1294 5019 ἤτοι
1346 4956 1446 5019 τῆς
1512 4950 1646 5025 πρὸς
1700 4949 1790 5004 τὸν
1825 4949 2038 5024 Πατέρα

386 5061 480 5095 τον
513 5037 684 5094 αἰίτιον
731 5039 995 5116 σχέσεως,
1038 5044 1440 5118 προεπινοεῖται
1488 5044 1584 5094 τοῦ
1631 5039 1954 5112 ΙΙνεύματος
2010 5040 2035 5095 5

393 5129 536 5200 Υἱὸς,
587 5129 714 5185 ἀλλ’
755 5128 883 5205 οὐχί
912 5129 1003 5184 καὶ
1031 5130 1168 5185 κατά
1194 5132 1293 5199 τὴν
1325 5133 1421 5184 τοῦ
1454 5128 1588 5184 εἶναι
1617 5126 1877 5202 πρόοδον,
1910 5125 2036 5183 οὐδὲ

387 5218 468 5291 τῷ
516 5218 688 5275 αἰτίαν
737 5217 897 5275 αὐτόν
945 5219 1207 5295 ὑπάρχειν
1254 5223 1350 5273 τοῦ
1403 5217 1746 5292 Πνεύματος.
1797 5216 1903 5273 Καί
1939 5238 2033 5289 μοι

387 5304 539 5363 δοκεῖ
584 5308 1027 5385 ἀπεριμερίμνως
1088 5307 1310 5363 ἐνταῦθα
1358 5309 1449 5363 τὸν
1501 5306 1666 5383 λόγον
1710 5314 1809 5376 τῆς
1859 5305 2032 5368 αἰτίας

390 5396 510 5453 ἀντὶ
564 5403 663 5453 τοῦ
727 5398 863 5473 πρὸς
932 5397 1024 5453 τὸν
1090 5394 1261 5452 αἷίτιον
1323 5395 1411 5452 διά
1466 5398 1565 5465 τὴν
1621 5397 1804 5472 σχέσιν
1863 5395 2033 5471 λόγου

390 5485 581 5559 εἰπεῖν,
635 5487 710 5561 μή
758 5481 1017 5565 φοϐηθεὶς
1075 5484 1133 5541 ἐκ
1186 5485 1382 5541 τούτου
1436 5486 1521 5541 τὸν
1576 5484 1694 5540 Υἱὸν
1734 5482 1879 5555 δόξαι
1936 5487 2033 5539 τοῦ

392 5575 711 5648 Πνεύματος
771 5575 941 5631 αἴτιον
1021 5572 1385 5652 δογματίζειν,
1446 5573 1533 5629 διὰ
1608 5575 1671 5629 τὸ
1754 5577 2033 5649 πανταχοῦ

392 5662 586 5742 φθάσαι
640 5660 872 5742 βεϐαίως
926 5664 1271 5741 ὁμολογῆσαι
1306 5666 1506 5742 ἀμφοῖν
1568 5662 1739 5718 αἴτιον
1770 5662 1860 5718 τὸν
1919 5665 2031 5719 110:-

384 5752 533 5833 τέρα.
582 5758 668 5828 Τῷ
716 5757 818 5832 γὰρ
866 5752 976 5825 ἤδη
1026 5751 1297 5816 πολλάκις
1342 5750 1774 5829 ὸμολογουμένῳ
1826 5753 2027 5827 θαρσή-

2148 4769 2316 4844 ὑγροῦ
2366 4768 2520 4832 λύσις
2570 4768 2798 4846 ἐγένετο.
2844 4773 2931 4831 Ὦς
2973 4766 3065 4822 οὗν
3128 4766 3210 4822 ὅτι
3268 4765 3452 4839 πηλὸς
3509 4769 3545 4839 ἢ
3596 4770 3781 4846 τέφρα,

2144 4857 2313 4935 πυρὸς
2368 4859 2404 4927 ἢ
2449 4857 2661 4933 χύσεως
2704 4858 2872 4933 ὑγροῦ
2929 4861 3156 4931 σημεῖον
3219 4855 3407 4930 μόνον,
3467 4856 3567 4913 οὐκ
3623 4856 3783 4926 αἰτία,

2145 4945 2320 5003 ἐκεῖνα
2394 4944 2452 5002 δὲ
2528 4945 2740 5021 μᾶλλον
2815 4944 3047 5018 τούτων,
3097 4944 3240 5000 οὕτω
3295 4945 3565 5011 κάνταῦθα
3610 4945 3671 5001 οὐ
3726 4946 3786 5000 τὸ

2145 5037 2448 5110 πέμπεσθαι
2505 5037 2652 5111 παρά
2703 5039 2800 5090 τοῦ
2856 5035 2983 5091 Υἱοῦ
3039 5035 3129 5089 καὶ
3187 5031 3425 5089 δίδοσθαι
3454 5041 3556 5105 τῆς
3588 5033 3647 5089 ἐκ
3675 5036 3783 5092 ΙΙα-

2142 5127 2268 5200 τρὸς
2313 5130 2410 5181 τοῦ
2468 5124 2791 5199 Πνεύματος
2838 5122 3208 5199 ἐκπορεύσεως
3282 5120 3479 5198 αἴτιον,
3530 5121 3657 5180 ἀλλ’
3704 5121 3783 5178 ὅτι

2145 5215 2205 5270 ἐκ
2247 5216 2457 5291 Πατρὸς
2515 5212 2860 5288 ἐκπορεύεται
2915 5212 3006 5267 καὶ
3075 5209 3411 5275 ἀδιαστάτως
3467 5213 3781 5267 συνάπτεται

2141 5309 2221 5376 τῷ
2278 5307 2407 5376 Υἰῷ,
2463 5302 2554 5359 καὶ
2611 5301 2852 5381 συλφυέσ
2925 5299 3064 5357 ἐστιν
3125 5300 3272 5374 αὐτῷ
3326 5299 3417 5356 καὶ
3450 5298 3782 5374 ὁμοιούσιον,

2145 5391 2235 5448 διὰ
2284 5398 2444 5448 τοῦτο
2495 5393 2523 5447 ὁ
2570 5392 2691 5455 Υἱὸς
2761 5390 2891 5446 αὐτὸ
2963 5395 3218 5467 χορηγεῖ,
3295 5388 3385 5445 καὶ
3454 5386 3649 5448 δίδωσι
3694 5387 3781 5444 καί

2143 5479 2488 5539 ἀποστέλλει.
2560 5480 2623 5537 Εἰ
2686 5482 2792 5555 μὴν
2849 5481 2951 5558 γὰρ
3008 5478 3227 5551 ἐκεῖθεν,
3304 5481 3445 5551 πῶς,
3505 5476 3566 5534 ἂν
3625 5476 3780 5539 αὐτὸς

2144 5571 2427 5647 ἐχορήγει,
2477 5570 2513 5639 ἢ
2564 5569 2724 5626 πόθεν
2770 5566 2913 5645 ἔχῶν
2965 5566 3178 5642 διένεμε
3202 5572 3325 5623 τοῖσ
3352 5566 3560 5638 ἀξίοις;
3591 5567 3654 5623 Εἰ
3684 5568 3783 5643 γὰρ

2141 5660 2314 5715 πάντα
2362 5659 2461 5715 ὃσα
2511 5657 2628 5736 ἔχει
2684 5660 2713 5715 6
2769 5659 2892 5721 Υἱὸς
2940 5657 3085 5736 παρά
3123 5661 3219 5712 τοῦ
3253 5657 3464 5734 ΙΙατρὸς
3498 5652 3636 5732 ἔχει,
3669 5654 3778 5733 ἔχει

2142 5746 2200 5805 δὲ
2256 5745 2461 5804 διδόναι
2512 5750 2576 5804 16
2635 5750 2859 5822 Πνεῦμα
2909 5748 2998 5803 καὶ
3057 5744 3442 5819 ἀποστάλλειν,
3491 5747 3637 5821 παρά
3686 5748 3779 5801 τοῦ
