4108 6444
417 371 529 433 291

1449 373 1764 437 GEORGII
1811 371 2069 436 CYPRII
2114 371 2231 431 ΟΡ.
2282 370 2804 433 ΡΔἹἮΙΑΒΟΗιΕ

3705 378 3814 441 292

420 499 636 577 ρέσεως,
671 499 753 554 ὅτι
811 505 1099 576 προσεχῶς
1159 501 1218 556 ἐκ
1269 504 1497 578 Πατρὸς,
1532 502 1658 559 ἀλλ’
1699 501 1759 557 06
1820 500 1889 558 8:’
1918 500 2070 572 Υἱοῦ,
2101 503 2156 569 Α
2185 500 2403 575 ΙΙατρὸς
2432 497 2797 574 ἐκπορεύεται.
2831 499 2948 576 Ούχ
2978 498 3121 555 οὕτω
3152 498 3210 556 δὲ
3248 504 3318 574 τῇ
3378 501 3599 576 ἀλῃθείᾳ
3653 499 3813 561 δοκεῖ’

418 587 781 664 ὑποκρύπτειν
840 588 1059 664 ἥγημαι
1118 589 1211 646 τὸν
1272 588 1434 667 λόγον
1490 589 1642 647 οὐδὲν
1677 588 1883 667 ἕτερον,
1920 588 2062 659 ἣὸτι

412 697 475 755 γε
522 677 569 733 εἷ
618 675 867 741 σύνθοιτό
916 699 1001 740 τις
1051 675 1122 732 δι’
1169 679 1297 733 Υἱοῦ
1351 681 1497 756 παρά
1554 681 1761 755 [ἰατρὸς
1794 679 1858 735 τὸ
1907 680 2060 755 ἅγιον

415 764 797 844 ἐκπορεύεσθαι
849 771 1089 840 Πνεῦμα,
1144 766 1332 822 αὐτίκα
1391 765 1573 841 δώσει,
1632 770 1706 831 ὡς
1773 768 1835 823 06
1891 788 2060 843 προσ-

415 859 560 932 εχῶς
617 854 677 910 ἐκ
729 859 828 910 τοῦ
883 856 1127 929 πρώτου,
1173 857 1447 911 τουτέστιν
1526 855 1585 912 ἐκ
1659 862 1757 912 τοῦ
1828 857 2059 933 Πατρὸς,

412 941 558 1001 ἀλλά
602 947 764 999 τοῦτο
808 942 996 1016 μόνον,
1045 941 1130 998 6'1:
1190 941 1279 999 διὰ
1347 948 1445 999 τοῦ
1507 949 1796 1022 προσεχῶς
1852 943 1912 999 έκ
1962 948 2060 998 τοῦ

404 1034 648 1109 πρώτου.
697 1034 760 1087 Ὃ
807 1030 990 1093 καλῶς
1038 1031 1190 1108 ἔχον,
1241 1033 1314 1095 ὡς
1380 1033 1526 1110 παρά
1579 1039 1677 1089 τοῦ
1744 1029 2057 1112 σοφωτάτου

402 1119 622 1192 Νύσσης
672 1120 854 1197 ῥηθὲν,
903 1121 994 1175 καὶ
1062 1123 1225 1195 ἡμεῖς
1288 1122 1658 1196 ἀσπαζόμεθα,
1709 1121 1753 1177 εἷ
1801 1121 2056 1197 ἀπαρνεῖ-

398 1209 488 1264 ταί
534 1230 618 1272 τις
669 1209 770 1265 κάκ
815 1213 913 1265 τοῦ
970 1210 1191 1286 πρώτου
1246 1211 1310 1266 τὸ
1375 1215 1688 1287 προσεχῶς.
1736 1210 1885 1266 Ἐπεὶ
1963 1209 2054 1265 καὶ

400 1299 428 1355 6
481 1297 648 1374 μέγας
694 1298 853 1362 οὗτος
895 1299 1081 1373 Πατὴρ
1129 1302 1421 1377 προσεχῶς
1474 1299 1739 1377 ὑπάρχειν
1782 1297 1876 1355 τδν
1925 1299 2049 1354 Υὶὸν

396 1386 458 1444 έκ
508 1391 605 1443 τοῦ
653 1387 864 1463 Πατρὸς
912 1387 1168 1464 εἰρηκὼς,
1203 1387 1303 1443 οὐκ
1351 1387 1495 1444 εἶπεν
1548 1389 1626 1452 ὡς
1667 1388 1729 1444 06
1759 1391 2049 1466 προσεχῶς

397 1475 457 1532 έκ
498 1480 597 1531 τοῦ
646 1475 858 1552 Πατρὸς
902 1477 965 1532 τὸ
1014 1480 1240 1549 Πνεῦμα
1284 1477 1347 1532 τὸ
1398 1477 1575 1551 ἅγιον,
1613 1474 1761 1532 ἀλλὰ
1810 1474 1900 1531 διὰ
1951 1480 2049 1532 τοῦ

395 1569 684 1642 προσεχῶς
731 1564 791 1620 ἐκ
838 1568 937 1620 τοῦ
980 1564 1224 1641 πρώτου,
1252 1563 1497 1621 τουτέστι
1549 1562 1620 1620 δι’
1646 1565 1785 1620 Υἱοῦ
1832 1564 1892 1620 έκ
1938 1569 2050 1620 ΙΙα-

394 1652 541 1727 τρός.
596 1656 863 1718 Ἐντεῦθεν
922 1650 981 1708 δὲ
1046 1650 1199 1709 οὐδὲν
1267 1655 1605 1732 ἀπεφήνατο,
1664 1650 1779 1709 068’
1835 1651 2046 1729 εἷ’ρηκεν

395 1739 478 1798 ὅτι
537 1741 598 1798 o6
646 1746 935 1818 προσεχῶς
986 1741 1046 1797 ἐκ
1104 1746 1202 1797 τοῦ
1253 1742 1496 1819 πρώτουο
1553 1742 1598 1798 εἰ
1653 1740 1756 1819 ἄρα
1808 1739 1898 1797 διὰ
1949 1745 2047 1797 τοῦ

392 1834 703 1907 προσεχῶς,
753 1829 814 1886 ἐκ
879 1834 976 1885 τοῦ
1032 1831 1275 1931 πρώτου.
1335 1832 1398 1885 Ὀ
1457 1828 1514 1886 δὲ
1572 1832 1648 1905 μὴ
1703 1828 2042 1905 τετόλμηκεν
2076 1866 2124 1931 Β

393 1919 597 1982 ἐκεῖνος
641 1918 832 1989 εἰπεῖν,
870 1921 1011 1992 μήτε
1053 1940 1137 1983 τις
1182 1915 1355 1983 ἄλλος
1412 1924 1520 1976 τῶν
1594 1920 1889 1999 ὑποφητῶν
1947 1923 2044 1975 τοῦ

389 2007 657 2083 παναγίου
689 2008 1009 2082 ῐΙνεύματος
1039 2008 1415 2086 σοφιζόμενος,
1446 2008 1529 2071 τίς
1558 2007 1706 2065 οὕτω
1760 2007 2046 2082 τολμηρὸς

387 2095 478 2152 καὶ
510 2092 860 2170 αὐθάδης,νῷ
881 2116 941 2152 τε
968 2095 1239 2171 ἐννοῆσαι,
1257 2096 1347 2152 καὶ
1377 2095 1636 2175 προέσθαι
1668 2094 1759 2152 διὰ
1785 2097 2046 2173 γλώσσης

387 2185 452 2241 τὸ
484 2183 675 2263 ῥῆμα;

464 2304 865 2382 ’Δναλαμϐάνω
922 2307 981 2365 δὲ
1042 2311 1143 2379 τήν
1210 2307 1493 2387 διαίρεσιν,
1536 2308 1611 2365 ἵν’
1662 2308 1794 2387 ὅπερ
1856 2307 2040 2381 δείξειν

390 2398 728 2472 προεθέμην,
771 2395 1039 2471 ἀποδείξω
1105 2402 1304 2477 σαφῶς.
1374 2399 1693 2476 Προεθέμην
1741 2397 1788 2454 δ’
1845 2397 1929 2453 6'1:
1978 2396 2041 2453 06

388 2485 577 2549 καλῶς
635 2485 838 2549 ἐκεῖνος
895 2489 1253 2562 προήνεγκεν,
1279 2485 1407 2543 ἀλλ’
1447 2487 1627 2564 ὥσπερ
1686 2486 2039 2565 σοφιζόμενος

386 2573 478 2631 καὶ
517 2573 655 2651 πρὸς
711 2572 765 2630 ἓν
814 2596 867 2629 τι
912 2580 1019 2633 τῶν
1071 2576 1285 2631 ἀτόπων
1338 2574 1674 2631 συνελαύνων
1725 2575 2038 2651 ἀναγκαίως

386 2662 447 2718 ἐκ
520 2667 617 2718 τοῦ
687 2662 858 2739 λόγου
920 2665 1011 2720 τὸν
1088 2665 1226 2740 πρὸς
1301 2666 1401 2734 τήν
1477 2670 1663 2720 πεῦσιν
1739 2666 2037 2735 ἀπαντῆσαι

384 2751 688 2826 ᾑρημένον,
746 2751 837 2807 καί
913 2750 1060 2807 δυοῖν
1136 2757 1243 2807 τῶν
1315 2748 1739 2829 προϐληθέντων
1812 2754 2038 2828 ἀποκρί-

384 2841 569 2894 νασθαι
627 2841 869 2914 θάτερον.
928 2841 999 2896 Τὸ
1054 2838 1102 2895 δ’
1156 2841 1223 2910 ἧν
1282 2843 1317 2911 ἣ
1376 2840 1653 2904 παντελῶς
1708 2842 1771 2897 τὸ
1812 2839 1880 2897 δι’
1913 2843 2039 2897 Υἳοῦ

390 2928 818 3002 ἀπαρνήσασθαι,
850 2929 885 2998 ἢ
931 2927 977 2983 εἰ
1031 2930 1106 3002 μὴ
1161 2927 1456 2984 διαπιστεῖν
1509 2928 1631 2999 ἐνῆν
1669 2936 1786 2993 τοῖς
1838 2929 2036 3006 λέγου-

388 3036 469 3071 σιν
512 3017 713 3093 ἀγίοις,
746 3018 806 3072 τὸ
837 3016 899 3071 06
956 3020 1244 3093 προσεχῶς
1302 3016 1362 3072 ἐκ
1405 3022 1504 3072 τοῦ
1557 3020 1769 3095 ΙΙατρὸς
1828 3020 2039 3098 ἀποφή-

382 3107 591 3161 νασθαι.
643 3104 812 3162 ΙῙοίαν
865 3109 1028 3160 τοῦτο
1084 3103 1143 3159 ἐκ
1204 3112 1305 3175 τῆς
1365 3103 1621 3175 ἀληθείας
1684 3104 1813 3182 ἔχον
1882 3108 2038 3184 ἀνάγ-

378 3212 504 3264 κην,
550 3192 597 3247 εἰ
653 3194 730 3266 μὴ
771 3193 831 3248 ἐκ
876 3200 976 3262 τῆς
1028 3192 1232 3248 ἀτόπου
1310 3192 1521 3268 μᾶλλον
1574 3193 1663 3249 καὶ
1721 3202 2036 3273 σοφιστικῆς

383 3281 744 3357 ἐρωτήσεως;
796 3278 974 3343 Εἰδὼς
1037 3282 1142 3357 γὰρ
1216 3281 1648 3349 συναληθεύοντα
1721 3282 1868 3355 αύτῷ
1935 3284 2035 3357 ἀμ-

383 3363 583 3449 φότερα
643 3369 712 3424 τὰ
769 3360 1065 3444 μέρη’τῆς
1115 3367 1448 3447 διαιρέσεως,
1498 3371 1533 3439 ἣ
1588 3369 1753 3444 ἃμφω
1821 3370 2034 3445 μᾶλλον

378 3457 476 3520 τάς
526 3460 816 3533 προτάσεις
860 3457 943 3513 6'1:
999 3454 1129 3532 μηδ’
1174 3457 1496 3514 ἀντίκεινται
1554 3456 1856 3531 ἀλλήλαις,
1902 3457 2036 3534 μηδ’

384 3543 528 3601 ἔστιν
561 3544 706 3608 ὅλως
756 3545 993 3601 ἐναντίον
1039 3546 1129 3601 καὶ
1177 3547 1495 3623 μαχόμενον
1550 3544 1703 3602 οὐδὲν
1755 3547 1807 3603 έν
1860 3549 2034 3625 ἀμφο-

380 3634 584 3708 τέροις,
619 3634 665 3690 εἰ
698 3635 841 3690 οὕτω
878 3632 1164 3711 προῦτεινε
1209 3636 1302 3690 τὸν
1355 3633 1540 3711 λόγον,
1575 3635 1657 3691 6'1:
1708 3634 1821 3691 ἔστι
1861 3658 1922 3713 γε
1968 3638 2031 3693 τὸ

383 3719 621 3793 δοξάζειν
659 3722 837 3800 ὀρθῶς
876 3723 921 3779 εί
970 3722 1071 3801 ἄρα
1119 3723 1179 3779 ἐκ
1224 3725 1447 3801 Πατρὸς
1495 3730 1683 3801 φρονεῖ
1730 3746 1811 3788 τις
1868 3725 2029 3781 ἐκπο-

379 3810 626 3888 ρεύεσθαι
676 3812 738 3867 τὸ
796 3817 1018 3887 Πνεῦμα
1072 3814 1134 3868 τὸ
1186 3814 1363 3889 ἅγιον,
1394 3813 1429 3882 ἢ
1461 3815 1569 3886 μὴν
1614 3814 1761 3891 παρὰ
1818 3814 2030 3889 ΙΙατρὸς

376 3896 449 3955 δι’
491 3900 639 3957 Υἱοῦ.
686 3905 741 3955 Ὀ
783 3897 841 3955 δὲ
887 3900 1371 3977 σλχηματισάμενος
1417 3902 1481 3955 τὸ
1546 3897 1851 3977 πρόϐλημα
1913 3899 2026 3959 ἑτέ-

374 4008 486 4065 ρως
532 3993 631 4043 τοῦ
676 3990 1161 4067 προσεχῶςιπαρά
1213 3991 1313 4059 τὴν
1367 3990 1733 4066 προκειμένην
1790 3990 2028 4070 εἰληφὼς

374 4077 598 4148 ζήτησιν
656 4078 746 4132 καὶ
803 4080 1083 4153 παρενθείς
1140 4077 1218 4133 ἐν’
1255 4082 1326 4153 τῇ
1388 4079 1667 4154 προτάσει,
1724 4074 1871 4150 ἔδοξε
1947 4081 2023 4153 μὴ

373 4164 538 4239 μόνον
568 4162 963 4223 διαλλάττοντα
990 4166 1321 4241 ποιούμενος
1350 4168 1419 4222 τὰ
1478 4167 1616 4242 μέρη
1676 4169 1772 4237 τῆς
1830 4175 2025 4238 καινῆς

368 4251 516 4327 αὐτῷ
572 4250 908 4331 διαιρέσεως,
964 4254 1113 4312 ἀλλά
1165 4255 1256 4310 καὶ
1312 4255 1525 4311 ἐναντία
1599 4255 1688 4311 καί
1745 4252 2025 4329 ἀξύμϐατα

368 4339 647 4414 ἀλλήλοις
696 4342 786 4399 καὶ
827 4347 896 4418 τῇ
956 4341 1187 4415 ἀληθείᾳ
1236 4342 1543 4419 μαχόμενα.
1585 4347 1717 4406 Πῶς
1765 4345 1869 4420 γὰρ
1919 4342 2020 4416 06’;

365 4427 695 4509 Ἐπειδήπερ
745 4436 826 4504 τῷ
878 4432 1208 4508 προσέχοντι
1273 4433 1365 4487 τὸν
1417 4436 1543 4486 νοῦν
1609 4437 1726 4495 τοῖς
1797 4431 2022 4509 εἰρημέ-

364 4539 481 4581 νοις
556 4519 883 4597 έκατέρωθεν
961 4520 1346 4598 ἀμφίκρημνος
1406 4520 1434 4575 6
1493 4519 1681 4596 λόγος,
1740 4520 1830 4576 καὶ
1895 4529 2021 4599 παρ’

360 4602 456 4662 ἕνα
501 4594 724 4672 πάντως
770 4606 984 4673 διωθῶν
1036 4594 1282 4680 όλισθον,
1336 4610 1370 4679 ἢ
1420 4609 1524 4685 γὰρ
1578 4594 1871 4683 Ὕαὶρήσεταί
1936 4594 2022 4674 τις
2053 4594 2100 4658 D

363 4693 608 4772 ἐκφυγεῖν
671 4698 735 4752 τὸ
818 4699 894 4771 μή
971 4701 1262 4773 προσεχῶς
1334 4697 1479 4772 παρά
1562 4697 1776 4773 ΙΙατρὸς
1863 4697 2038 4755 έκπο-’

365 4782 608 4859 ρεύεσθαι
683 4785 747 4840 τὸ
805 4790 1024 4859 Πνεῦμα
1080 4787 1142 4842 τὸ
1199 4787 1376 4861 ἅγιον,
1433 4785 1524 4841 καὶ
1584 4783 1868 4863 διαγράψει
1918 4792 2018 4843 τοῦ

366 4877 543 4947 χοροῦ
605 4877 714 4929 τῶν
770 4874 1046 4953 θεοφόρων
1114 4872 1323 4951 ἀνδρῶν
1392 4874 1520 4937 τοὺς
1597 4875 1883 4952 εἶ’ρηκότας
1933 4872 2017 4931 6'1:

369 4957 440 5016 8:’
486 4961 615 5016 Υἱοῦ
679 4963 825 5037 παρά
871 4964 1084 5039 ΙΙατρὸς
1149 4963 1517 5039 ἐκπορεύεται,
1568 4963 1643 5026 ὡς
1693 4964 1752 5018 ἂν
1823 4962 1906 5037 εἴη
1959 4964 2019 5021 ἐκ

362 5050 583 5125 ΙΙατρὸς
636 5056 946 5128 προσεχῶς,
978 5051 1102 5108 ἀλλ’
1158 5053 1218 5108 o6
1277 5050 1347 5107 8:’
1402 5053 1553 5120 Υἱοῦ,
1596 5052 1670 5114 ὡς
1727 5054 1755 5107 6
1811 5053 2016 5109 ἐκείνου

362 5133 534 5213 λόγος
590 5137 746 5217 φησί·
780 5140 814 5209 ἣ
873 5140 949 5213 μὴ
997 5140 1170 5212 πάντη
1228 5139 1355 5202 τοὺς
1412 5140 1662 5203 εἰπόντας
1725 5143 2016 5221 μεμφόμε-

359 5245 473 5298 νος,
514 5226 824 5282 τούναντίον
886 5230 981 5302 μὲν
1040 5227 1132 5285 06v
1192 5231 1326 5286 ἅπαν
1384 5229 1475 5284 καὶ
1532 5230 1799 5285 πιστεύων
1862 5231 2012 5308 εἰρη-

358 5314 507 5370 κέναι
537 5314 746 5381 καλῶς,
781 5315 827 5371 εἴ
857 5317 992 5372 κατά
1040 5318 1133 5373 τὸν
1192 5322 1312 5373 νοῦν
1359 5316 1532 5372 αὐτῶν
1582 5318 1672 5372 τὸν
1726 5323 1846 5373 νοῦν
1905 5323 2011 5374 τῶν

360 5400 661 5478 εῗρημένων
705 5401 1024 5479 έκλήψεται,
1070 5410 1237 5461 ταῦτα
1292 5402 1543 5468 δεδωκὼς
1600 5405 1689 5460 καὶ
1748 5409 1820 5477 τῇ
1874 5407 2013 5478 ἀξιο-

361 5490 548 5563 πιστίᾳ
602 5490 809 5548 τούτων
856 5494 1179 5568 συνθέμενος
1228 5492 1353 5550 οὐδὲ
1396 5494 1539 5549 οὕτω
1587 5492 1863 5570 διαδράσει
1919 5497 2010 5553 τὸν

360 5576 631 5638 κίνδυνον.
678 5577 780 5653 Εἷή
831 5584 936 5658 γὰρ
987 5583 1046 5638 ἂν
1098 5582 1361 5658 ἐλόμενος
1409 5581 1601 5653 έκεῖνο,
1634 5580 1718 5638 ὅτι
1765 5580 1835 5638 δι’
1883 5585 2012 5640 Υἱοῦ

362 5665 508 5743 παρᾶ
562 5670 773 5745 ΙΙατρὸς
829 5672 893 5726 τὸ
949 5677 1195 5747 Πνεῦμα,
1246 5670 1372 5728 ἀλλ’
1400 5662 1464 5726 06
1519 5675 1809 5746 προσεχῶς
1868 5673 2013 5749 παρά

2171 591 2458 662 προσεχῶς
2485 588 2585 663 γὰρ
2618 587 2678 642 ἐκ
2723 592 2823 643 τοῦ
2868 589 3102 662 ΙΙατρὸς,
3133 587 3183 643 εἴ
3225 590 3316 645 καὶ
3367 588 3435 645 δι’
3486 592 3614 647 Υἱοῦ
3670 594 3810 671 παρά

2173 675 2382 750 ΙΙατρὸς
2460 674 2829 750 ἐκπορεύεται,
2889 675 2972 731 6'1:
3048 678 3163 751 ἅμα
3218 676 3278 733 ἐκ
3342 680 3553 756 ΙΙατρὸς
3610 682 3638 736 6
3693 678 3811 747 Υίός

2168 782 2228 818 τε
2281 762 2370 817 καὶ
2422 764 2484 818 τὸ
2543 767 2763 836 Πνεῦμα
2816 765 2879 819 τὸ
2930 766 3105 841 ἅγιον,
3150 765 3240 821 καὶ
3299 765 3604 842 ὁμοδόξως,
3652 771 3725 834 ὡς
3779 773 3806 827 6

2175 849 2341 927 μέγας
2376 850 2520 905 εἶπεν
2552 851 2603 907 ἐν
2634 850 2891 929 θεολογίᾳ
2919 851 3247 928 Γρηγόριος.

2239 957 2343 1011 Κάν
2375 962 2455 1030 τῷ
2483 959 2688 1035 πρώτῳ
2728 962 2836 1013 τῶν
2888 958 3310 1035 Ἀνιιῤῥητικῶν
3339 962 3368 1016 6
3399 961 3614 1033 Νύσσης
3659 964 3803 1043 φησί’

2168 1046 2359 1121 Πατὴρ
2418 1044 2512 1119 μέν
2571 1043 2808 1123 ἄναρχος
2867 1047 2957 1101 καὶ
3016 1049 3331 1124 ἀγέννητος,
3360 1050 3449 1105 καὶ
3510 1051 3589 1106 ἀεὶ
3624 1054 3804 1131 Πατὴρ

2164 1134 2385 1207 νοεῖταὶ,
2420 1133 2471 1205 ἐξ
2523 1133 2689 1189 αὐτοῦ
2747 1132 2805 1189 δὲ
2857 1136 2993 1190 κατὰ
3046 1137 3109 1191 τὸ
3155 1138 3422 1215 προσεχὲς
3478 1137 3806 1206 ἀδιαστάτως

2166 1222 2194 1276 ὁ
2256 1224 2551 1300 μονογενὴς
2620 1223 2742 1286 Υἱὸς
2798 1229 3210 1281 συνεπινοεῖται⁶
3262 1225 3334 1282 δι’
3389 1227 3554 1283 αὐτοῦ
3608 1227 3667 1285 δὲ
3720 1229 3808 1286 καί

2171 1314 2286 1385 μετ’
2331 1310 2495 1368 αὐτοῦ
2544 1311 2670 1387 πρίν
2715 1333 2768 1367 τι
2815 1313 2968 1369 κενὸν
3019 1314 3109 1370 καὶ
3150 1314 3515 1373 ἀνυπόστατον
3573 1314 3683 1374 διὰ’
3714 1320 3805 1393 μέ-

2165 1420 2262 1455 σου
2303 1405 2669 1477 παρεμπεσεῖν
2717 1400 2902 1474 νόημα
2948 1401 3103 1466 εὐθὺς
3147 1404 3211 1459 τὸ
3267 1406 3493 1479 Πνεῦμα
3544 1406 3607 1462 τὸ
3661 1409 3801 1484 ἅγιον

2164 1490 2525 1563 συνημμένως
2575 1484 3069 1564 καταλαμϐάνεται,
3130 1491 3237 1569 οὐχ
3315 1492 3589 1571 ὑστερίζον
3670 1494 3799 1552 κατά

2156 1577 2256 1645 τήν
2289 1576 2511 1653 ὕπαρξιν
2545 1577 2679 1651 μετὰ
2708 1578 2798 1633 τὸν
2847 1578 2993 1649 Υίὸν,
3026 1577 3165 1636 ὥστε
3205 1581 3339 1637 ποτὲ
3392 1581 3485 1638 τὸν
3539 1587 3798 1661 μονογενῆ

2157 1664 2281 1719 Υίὸν
2313 1663 2446 1741 δίχα
2472 1670 2570 1721 τοῦ
2602 1665 2918 1740 Πνεύματος
2959 1675 3247 1740 νοηθῆναι,
3278 1667 3406 1725 ἀλλ’
3452 1670 3514 1727 ἐκ
3562 1672 3655 1746 μὲν
3701 1676 3796 1729 τοῦ

2155 1758 2289 1808 Θεοῦ
2343 1758 2451 1809 τῶν
2506 1753 2651 1811 ὅλων
2683 1756 2772 1810 καὶ
2801 1754 2933 1811 αὐτὸ
2961 1757 3059 1827 τὴν
3091 1755 3263 1813 αἰτίαν
3295 1756 3426 1835 ἔχον
3484 1764 3582 1815 τοῦ
3638 1761 3796 1834 εἶναι,

2154 1840 2273 1907 ὅθεν
2325 1842 2416 1898 καὶ
2463 1848 2528 1899 τῦ
2571 1846 2858 1921 μονογενές
2888 1844 2999 1901 ἔστι
3050 1850 3185 1925 φῶς,
3216 1844 3307 1903 διὰ
3360 1844 3419 1904 δὲ
3458 1853 3559 1904 τοῦ
3604 1849 3795 1921 ἀληθι-

2152 1935 2249 1986 νοῦ
2280 1933 2459 2010 φωτὸς
2493 1931 2798 2009 ἐκλάμψαν,
2831 1932 2891 1989 έκ
2925 1938 3025 1991 τοῦ
3077 1936 3293 2011 ΙΙατρὸς
3339 1937 3478 1992 κατὰ
3522 1938 3585 1993 τὸ
3629 1960 3790 2016 προσ-

2154 2019 2276 2096 εχὲς
2346 2017 2680 2085 ἀδιαστάτως
2746 2024 3173 2081 συνεπινοεῖσθαι
3247 2024 3340 2080 τὸν
3396 2024 3522 2082 Υίὸν
3599 2028 3796 2106 ἀνεφώ-

2151 2128 2302 2182 νησε,
2362 2106 2433 2163 δι’
2484 2108 2650 2165 αὐτοῦ
2707 2107 2766 2166 δὲ
2818 2110 2907 2166 καὶ
2968 2112 3084 2185 μετ’
3136 2112 3303 2168 αὐτοῦ
3347 2110 3793 2191 συγκαταλαμϐά-

2150 2197 2329 2283 νεσθαι
2376 2198 2439 2252 τὸ
2488 2198 2709 2271 Πνεῦμα
2754 2198 2818 2254 τὸ
2886 2199 3063 2275 ἅγιον.
3111 2206 3239 2258 Μετ’
3284 2200 3473 2271 αὐτοῦ,
3521 2202 3699 2283 φησὶν,
3750 2201 3795 2259 εί

2150 2284 2240 2339 καὶ
2299 2282 2368 2340 δι’
2415 2284 2601 2344 αὐτοῦ.
2633 2286 2699 2342 Εἰ
2759 2288 2873 2361 μετ’
2920 2288 3086 2344 αὐτοῦ
3151 2288 3213 2345 ἐκ
3262 2289 3361 2346 τοῦ
3416 2292 3646 2367 ΙΙατρὸς,
3676 2290 3788 2348 ὅθεν

2148 2373 2240 2428 καὶ
2293 2375 2391 2443 τήν
2443 2373 2617 2445 αῗτίαν
2674 2372 2791 2451 ἔχει
2838 2375 2936 2431 τοῦ
2967 2376 3125 2451 εἶναι,
3155 2382 3275 2442 πῶς
3305 2377 3368 2434 06
3397 2384 3686 2457 προσεχῶς
3739 2378 3795 2436 ἐκ

2146 2459 2244 2516 τοῦ
2302 2463 2512 2539 Πατρὸς
2572 2463 2706 2537 μετὰ
2757 2464 2855 2519 τοῦ
2914 2465 3085 2535 Υῖοῦ;
3117 2469 3236 2522 ’Ὀτι
3286 2472 3577 2545 προσεχῶς
3619 2470 3647 2524 6
3677 2468 3794 2531 Υἱὸς

2146 2550 2294 2626 παρά
2320 2549 2416 2605 τοῦ
2442 2553 2670 2627 Πατρὸς,
2701 2550 2791 2607 καί
2817 2550 2986 2608 ταῦτα
3025 2550 3094 2608 δι’
3121 2551 3287 2610 0:6106
3317 2556 3408 2610 καὶ
3464 2562 3577 2630 μετ’
3632 2556 3787 2613 αὐτοῦ

2147 2634 2696 2714 καταλαμϐανόμενον
2756 2643 3139 2715 συνημμένως,
3198 2643 3322 2717 πρίν
3372 2666 3427 2700 τι
3485 2646 3635 2701 κενὸν
3705 2644 3791 2701 καὶ

2149 2728 2512 2783 ἀνυπόστατον
2570 2726 2660 2782 διὰ
2719 2730 2885 2802 μέσου
2944 2737 3308 2806 παρεμπεσεῖν
3360 2732 3566 2807 νόημα.
3620 2733 3683 2789 Εἰ
3737 2730 3790 2789 δὲ

2152 2817 2227 2890 μὴ
2263 2816 2410 2872 κενὸν
2468 2817 2556 2872 καὶ
2612 2817 2976 2874 ἀνυπόστατον
3035 2820 3405 2897 παρεμπίπτει
3455 2824 3656 2896 νοήμα,
3689 2818 3788 2877 ποῦ

2146 2925 2229 2960 σοι
2278 2905 2465 2981 χώραν
2514 2903 2617 2977 ἕξει
2659 2906 2721 2960 τὸ
2774 2907 2848 2979 μή
2894 2908 3201 2984 προσεχές;
3235 2906 3411 2965 Ταῦτα
3445 2910 3540 2984 μὲν
3573 2910 3662 2965 οὗν
3705 2909 3787 2965 ἐπὶ

2142 2993 2423 3063 τοσοῦτον,
2466 2994 2577 3064 καὶ,
2608 2993 2813 3068 .οἶμαι,
2865 2994 3061 3058 ἱκανῶς
3110 2998 3245 3070 ἡμῖν
3297 2997 3536 3075 εἴρηται,
3583 3003 3696 3062 πῶς
3733 3018 3788 3054 τε

2144 3082 2245 3136 οὐκ
2298 3082 2547 3157 ἀσφαλὴς
2607 3089 2724 3145 τοῖς
2781 3085 2980 3139 οὑτωσὶ
3036 3085 3409 3162 προτείνουσιν
3441 3091 3476 3159 ἡ
3510 3088 3785 3164 ἐρώτησις,

2144 3170 2225 3233 τίς
2252 3192 2312 3225 τε
2363 3172 2391 3226 6
2441 3174 2575 3248 πρὸς
2633 3171 2829 3235 αὐτοὺς
2889 3171 3143 3249 ἔλεγχος,
3174 3171 3262 3229 οἵα
3315 3197 3375 3231 τε
3424 3176 3518 3232 καὶ
3574 3176 3691 3232 ὅθεν
3748 3178 3783 3246 ἢ

2142 3262 2242 3329 τῆς
2271 3259 2530 3331 ἀληθείας
2559 3258 2851 3332 ἀπόδειξις.

2213 3366 2433 3422 Κάκεῖνο
2467 3364 2525 3422 δὲ
2571 3367 2893 3447 ἀσύμφωνον
2950 3368 3097 3442 αὐτῷ
3149 3369 3240 3425 καὶ
3293 3375 3415 3435 τοῖς
3457 3369 3644 3448 λόγοις
3697 3370 3784 3427 αύ-

2139 3454 2256 3510 τοῦ·
2290 3453 2439 3511 δοκεῖ
2493 3456 2596 3533 γὰρ
2655 3454 2944 3521 διαπαντὸς
3003 3463 3120 3521 τοῖς
3176 3460 3269 3534 μὶν
3302 3457 3556 3536 λέγουσιν
3590 3461 3670 3517 ὅτι
3725 3459 3781 3516 ἐκ

2142 3544 2351 3620 Πατρὸς
2404 3544 2494 3599 καὶ
2544 3541 2672 3599 Υίοῦ
2731 3543 3076 3619 ἐκπορεύεται
3132 3546 3196 3603 τὸ
3254 3545 3477 3622 Πνεῦμα
3521 3551 3582 3605 τὸ
3616 3550 3779 3626 ἅγιον,

2145 3635 2219 3706 μή
2259 3631 2463 3695 τελέως
2511 3631 2671 3703 δῆθεν
2729 3634 3082 3706 συντίθεσθαι,
3112 3633 3477 3712 ἀποδέχεσθαι
3532 3635 3590 3694 δὲ
3640 3635 3779 3711 μᾶλ-

2140 3720 2236 3777 λον
2289 3720 2415 3784 τοὺς
2475 3721 2758 3799 εἰρηκότας
2816 3722 2899 3778 6'1:
2959 3723 3019 3779 ἐκ
3076 3725 3288 3801 Πατρὸς
3320 3723 3391 3780 δι’
3420 3724 3570 3796 Υἷοῦ,
3603 3725 3779 3787 καλῶς

2138 3815 2334 3878 ποιῶν,
2368 3809 2413 3864 εἰ
2468 3806 2570 3886 ἄρα
2597 3831 2658 3887 γε
2717 3810 2893 3887 ὀρθῶς
2944 3816 3051 3867 τῶν
3107 3810 3272 3868 ταῦτά
3299 3834 3360 3890 γε
3386 3815 3642 3891 φαμένων
3694 3812 3775 3868 ἐκ·

2137 3892 2405 3969 λαμϐάνει
2454 3898 2547 3952 τὸν
2600 3896 2744 3954 νοῦν.
2800 3896 2951 3969 Πλὴν
3011 3896 3153 3955 ἔστιν
3210 3899 3348 3956 ὅπου
3404 3902 3496 3959 καὶ
3541 3902 3592 3958 έν
3624 3899 3773 3957 πλεί-

2135 4007 2281 4048 στοις
2341 3985 2503 4049 αὐτὸς
2557 3987 2696 4063 πρὸς
2749 3988 2934 4042 ἑαυτὸν
2994 3985 3145 4044 δοκεῖ
3202 3986 3565 4067 διαφέρεσθαι.
3595 3989 3656 4046 Τί
3708 3986 3772 4059 δὴ

2135 4074 2351 4150 λέγων;
2386 4072 2491 4129 Νῦν
2520 4076 2615 4147 μὲν
2646 4076 2676 4131 6
2704 4075 2795 4130 καὶ
2839 4077 2976 4151 πρὸς
3020 4078 3101 4150 τῷ
3139 4075 3286 4133 τέλει
3336 4077 3551 4152 μᾶλλον
3602 4077 3776 4155 εἷ’ρηκε

2131 4161 2228 4219 τοῦ
2289 4163 2478 4239 λόγου,
2522 4164 2599 4226 ὡς
2656 4163 2756 4219 οὐκ
2810 4163 2869 4220 ἂν
2931 4163 2992 4221 ἐκ
3042 4163 3140 4220 τοῦ
3172 4165 3298 4222 Υἷοῦ
3353 4167 3775 4246 προηγουμένως

2133 4250 2355 4328 λεχθείη
2389 4253 2450 4307 τὸ
2479 4251 2741 4327 πανάγιον
2770 4250 3008 4327 Πνεῦμα,
3040 4253 3168 4311 ἀλλ’
3210 4253 3270 4310 ἐκ
3312 4255 3410 4311 τοῦ
3460 4256 3668 4333 Πατρὸς
3708 4251 3775 4309 δι’

2132 4339 2279 4397 Υἷοῦ.
2310 4341 2493 4417 Χρεὼν
2525 4342 2652 4418 γὰρ,
2703 4340 2888 4418 φησὶν,
2923 4341 3313 4419 ὁμολογεῖσθαι
3357 4346 3460 4416 τήν
3517 4343 3774 4419 πατρικὴν

2132 4429 2420 4485 ὑπόστασιν
2475 4430 2655 4507 ἀρχὴν
2711 4430 2801 4485 καὶ
2858 4429 3033 4486 αἰτίαν
3091 4431 3181 4486 καὶ
3229 4430 3325 4488 τοῦ
3356 4431 3487 4490 Υἷοῦ
3541 4433 3631 4489 καὶ
3680 4427 3772 4487 τοῦ

2131 4517 2444 4591 Πνεύματος
2498 4516 2685 4589 αὑτοῦ,
2740 4518 2902 4593 μόνος
2952 4519 3057 4597 γὰρ
3114 4516 3287 4584 αἴτιος
3343 4522 3372 4576 6
3429 4523 3636 4598 Πατὴρ,
3683 4517 3770 4575 καὶ

2131 4606 2231 4662 οὐκ
2287 4606 2346 4662 ἂν
2410 4604 2495 4677 εἷή
2559 4605 2732 4662 αἴτιον
2790 4607 3021 4683 ἀρχικὸν
3081 4610 3108 4664 6
3156 4609 3303 4673 Υἱός.
3336 4612 3520 4688 Μέχρι
3573 4608 3772 4665 τούτων

2131 4696 2287 4773 ὑγιὴς
2313 4694 2440 4757 ἴσως
2472 4695 2500 4750 6
2532 4692 2699 4771 λόγος
2727 4697 2914 4767 αὑτοῦ,
2944 4698 2991 4752 εί
3025 4700 3100 4770 μή
3130 4719 3214 4762 τις
3244 4698 3308 4754 τὸ
3339 4699 3568 4776 ἀρχικὸν
3604 4695 3766 4753 αἴτιον

2131 4784 2500 4854 ὑποπτεύσειε,
2533 4784 2750 4840 κάκεῖνο
2782 4781 2860 4855 δὲ,
2892 4785 2974 4841 6'1:
3007 4786 3107 4842 οὐκ
3135 4785 3194 4842 ἂν
3227 4786 3287 4842 ἐκ
3314 4786 3412 4843 τοῦ
3444 4786 3570 4843 Υίοῦ
3595 4806 3770 4860 προη-

2125 4873 2406 4949 γουμένως
2436 4871 2662 4949 λεχθείη
2720 4875 2782 4928 τὸ
2841 4872 3061 4949 Πνεῦμα
3108 4877 3171 4931 τὸ
3222 4877 3391 4953 ἅγιον.
3426 4878 3496 4932 Τὸ
3545 4877 3637 4949 μὲν
3669 4873 3766 4950 γὰρ

2123 4963 2187 5019 τὸ
2216 4967 2432 5040 πρῶτον
2466 4962 2514 5017 εἷ’
2544 4963 2619 5035 μὴ
2661 4964 2779 5027 καθ’
2811 4963 2989 5037 ἑαυτὸ,
3021 4962 3113 5020 καί
3168 4965 3334 5020 οἱονεί
3380 4987 3500 5029 πως
3548 4962 3767 5040 ἄσχετον

2123 5052 2212 5107 καὶ
2271 5050 2615 5128 ἀσύγκριτον,
2641 5061 2821 5107 νοοῖτο
2881 5053 2940 5107 ἃν
2997 5052 3142 5125 αύτῷ
3195 5054 3258 5110 τὸ
3317 5053 3545 5130 ἀρχικὸν
3572 5050 3760 5123 α’ίτιον,

2125 5140 2268 5196 οὕτω
2299 5138 2365 5211 δὴ
2400 5139 2635 5214 λέγοντι,
2667 5140 2756 5195 καὶ
2787 5140 2860 5202 ὡς
2895 5138 3063 5215 μηδὲν
3115 5137 3584 5220 ὑπεραναϐεϐηκὸς
3640 5137 3760 5215 ἔχον

2121 5227 2326 5306 ἕτερον,
2362 5227 2487 5284 ἀλλ’
2539 5227 2621 5284 6'1:
2679 5230 2793 5302 μετ’
2850 5229 3014 5287 αὐτοῦ
3070 5229 3241 5288 αἳτιον
3296 5232 3324 5287 ὁ
3372 5232 3518 5305 Υἲός,
3555 5229 3610 5285 ἓν
3671 5226 3759 5302 μὲν

2127 5321 2241 5395 μετ’
2297 5315 2484 5385 αὐτοῦ,
2515 5315 2609 5371 ἵνα
2671 5317 2746 5390 μή
2808 5315 2904 5372 δύο
2954 5319 3235 5392 νομίζοιτο
3295 5319 3458 5377 αθίτια.
3521 5310 3760 5398 φεύγοντι

2120 5429 2182 5485 γε
2211 5407 2353 5463 οὕτω
2398 5406 2461 5462 16
2518 5400 2815 5480 προδήλως
2873 5408 3057 5478 κακὸν,
3091 5408 3152 5463 06
3201 5410 3309 5483 μὴν
3339 5406 3397 5464 δὲ
3422 5408 3486 5463 τὸ
3514 5403 3757 5482 ἀρχικὸν,

2126 5497 2288 5572 μόνος
2321 5497 2427 5573 γὰρ
2461 5492 2617 5557 οὖτος
2649 5491 2823 5557 α’ίτιος
2853 5496 2881 5550 ὁ
2919 5500 3129 5573 Πατήρ.

2189 5591 2244 5640 '0
2302 5583 2459 5646 αὐτὸς
2510 5581 2615 5658 γὰρ
2673 5582 2764 5637 καὶ
2819 5579 2949 5640 τάδε
3006 5587 3193 5664 φησὶν,
3228 5584 3311 5642 6'1:
3353 5580 3753 5658 ὡςέκπρώτης

2120 5673 2296 5736 αἰτίας
2333 5671 2423 5727 καὶ
2461 5669 2641 5747 ἀρχῆς
2695 5668 2792 5726 τοῦ
2849 5673 3058 5749 Πατρὸς
3115 5675 3178 5730 16
3241 5673 3456 5749 Πνεῦμα
3481 5672 3543 5727 τὸ
3587 5670 3752 5745 ἅγιον,
