4108 6464
212 360 336 421 293

1217 358 1319 420 DE
1366 354 1901 420 PROCESSIONE
1945 350 2302 413 SPIBITUS
2346 351 2651 415 SANCTI.

3513 363 3636 424 294

212 486 408 551 καλῶς
467 487 529 543 ἂν
578 487 779 564 λέγων,
825 488 871 543 εἰ
928 488 1053 566 καφ⁹
1091 486 1148 543 6'v
1184 485 1597 559 διεστειλάμεθα
1621 487 1741 538 νοῦν
1773 482 1871 551 τὴν
1903 510 1956 576 Α
1987 480 2165 576 ἀρχὴν
2182 479 2281 576 ,καὶ
2315 478 2487 576 αἰτίαν
2517 486 2614 536 τοῦ
2659 483 2785 538 T106
2828 482 2917 538 καὶ
2956 489 3052 576 τοῦ
3086 486 3420 560 Πνεόματος.
3452 490 3634 556 Μόνος

220 575 499 650 σημασίαν
543 576 613 646 ἦν
660 575 1041 655 ἐφερμηνεόων
1088 580 1195 631 τῶν
1252 575 1469 649 λέξεων.
1520 573 1674 642 Πλήν
1721 573 1771 627 31
1803 571 1879 643 μὴ

218 665 364 722 κατὰ
404 666 469 720 τὸ
516 663 748 741 ἄσχετον
797 665 1021 728 έκεῖνος⁶
1068 663 1249 742 ὥσπερ
1290 663 1445 742 ἔφην,
1501 662 1592 717 καὶ
1620 662 1736 716 καθ’
1766 661 1882 715 εαυ-

219 755 288 812 τὸ
319 751 667 830 ἀσύγκριτον,
700 752 845 810 ἂλλά
898 754 1036 809 κατά
1090 754 1154 809 τὸ
1208 754 1356 828 παρὰ
1382 755 1545 807 τοῦτο
1593 747 1878 827 εἰρημένον

222 837 562 917 ἐκλαμϐάνει
608 843 710 912 τήν
769 838 1010 913 δήλωσιν
1072 846 1166 897 τοῦ
1224 842 1457 919 ἀρχικοῦ
1513 838 1603 894 καὶ
1659 839 1881 914 πρώτου

224 931 407 988 ἀίτίου
433 950 449 964 ·
503 929 594 986 6'16
639 928 787 1007 λέγει
842 935 1002 986 τοῦτο
1044 931 1173 986 εἰναι
1231 930 1322 986 τὸν
1352 928 1637 1006 ἀγέννητον
1670 923 1883 1001 Πατέρα

227 1020 319 1075 ἐπὶ
367 1026 472 1090 τῆς
520 1023 618 1074 τοῦ
650 1017 913 1095 παναγίου
943 1021 1258 1093 Πνεύματος
1292 1017 1679 1093 ἐκπορεόσεως,
1713 1013 1880 1091 βλάσ-

226 1130 417 1189 φημον
467 1110 716 1184 ἡγοῦμαι
746 1107 1028 1171 παντελῶς
1057 1109 1156 1177 τὴν
1205 1105 1464 1163 διάνοιαν.
1496 1101 1635 1163 Οὔτε
1663 1104 1766 1180 γὰρ
1797 1101 1880 1172 τὸ,

229 1198 399 1273 μόνος
450 1195 626 1258 αἴτιος
681 1197 711 1251 6
753 1197 964 1273 Πατὴρ,
1012 1192 1156 1273 ἔχων
1208 1197 1531 1268 σωθήσεται,
1564 1191 1690 1248 0666
1718 1193 1823 1268 γάρ
1854 1192 1883 1245 6

226 1287 471 1364 εἰρηκὼς
521 1285 681 1361 ἅγιος
731 1281 1062 1341 διεστείλατο
1092 1285 1176 1340 ’ὁτι
1212 1279 1373 1358 μόνος
1406 1286 1434 1339 6
1464 1284 1654 1360 Πατὴρ
1688 1279 1882 1350 αἶ’τιος,

227 1375 465 1454 ἀρχικὸν
492 1374 585 1429 καὶ
612 1375 713 1443 τὴς
742 1373 917 1436 αἰτίας
952 1373 1086 1447 μόνο
1121 1369 1315 1445 ἔδειξεν
1347 1373 1505 1428 αὐτὸν
1537 1369 1731 1427 αἴτιον.

309 1463 549 1521 Κάκεῖνο
580 1460 667 1536 δὰ,
699 1462 729 1517 6
764 1463 840 1536 μὴ
868 1466 1031 1518 τοῦτο
1061 1461 1207 1538 ἔχειν
1241 1461 1384 1517 οὕτω
1417 1458 1739 1537 δεχόμενος,
1767 1463 1887 1521 πῶς

237 1553 301 1609 ἂν
351 1551 772 1629 παραλογιεῖται
822 1550 853 1606 6'
892 1552 922 1606 6
983 1550 1150 1627 μέγας
1182 1550 1324 1607 εἶπεν
1383 1550 1434 1605 ἐν
1466 1548 1722 1625 θεολογίᾳ
1752 1555 1891 1624 Γρη-

233 1640 428 1718 γόριος
453 1659 468 1711 ;
530 1641 737 1711 Πάντα,
791 1637 991 1715 λέγων,
1043 1638 1143 1695 ὅσα
1185 1634 1302 1716 ἔχει
1334 1640 1362 1693 6
1390 1639 1602 1714 Πατὴρ,
1632 1641 1730 1692 τοῦ
1759 1637 1887 1690 T106

233 1729 389 1799 πλὴν
446 1731 547 1798 τῆς
599 1728 797 1791 αἰτίας.
855 1734 947 1784 Ἐκ
988 1727 1187 1784 τούτου
1218 1726 1276 1783 δέ
1329 1727 1642 1804 πεφώραται
1672 1724 1888 1780 κάκεῖνο

234 1819 317 1881 ὡς
366 1817 469 1872 οὐκ
521 1816 698 1893 ὀρθῶς
736 1813 870 1879 ἴσως
899 1815 1110 1894 ἐρρέθη.
1149 1818 1316 1874 Ποῖον
1350 1813 1417 1885 δὴ
1448 1813 1676 1872 κέκεῖνο.
1709 1814 1779 1868 Τὸ
1811 1812 1887 1874 ὡς

237 1906 343 1962 οὐκ
390 1907 453 1961 ἄν
500 1904 562 1961 ἐκ
605 1909 709 1960 τοῦ
753 1906 881 1960 T106
919 1904 1355 1981 προηγουμένως
1387 1902 1637 1979 λεχθείη,
1668 1900 1794 1957 ἀλλ’
1823 1900 1906 1956 ὅτι

232 1995 330 2051 καὶ
371 1993 566 2071 ῥηθείη
620 1991 767 2056 ὅλως
819 1993 896 2056 ὡς
935 1993 987 2065 ἐξ
1025 1992 1199 2057 αἰτίας
1237 1993 1424 2049 αὐτοῦ.
1455 1992 1521 2047 Εἰ
1558 1992 1652 2066 μὲν
1683 1990 1788 2067 γὰρ
1820 1991 1894 2051 ὡς

234 2083 301 2139 ἐκ
352 2086 454 2138 τοῦ
499 2082 715 2157 ΙΙατρὸς
752 2080 963 2137 τέλειον
994 2079 1123 2158 ἔχον
1149 2082 1211 2136 τὸ
1241 2081 1398 2152 εἰναι,
1454 2079 1544 2136 καὶ
1606 2079 1772 2152 μόνον
1800 2077 1895 2133 αὐ-

232 2174 331 2228 τὸν
382 2170 591 2246 αὖχοῦν
640 2168 834 2243 αἴτιον,
882 2171 1123 2226 κάκεῖθεν
1185 2168 1301 2244 ἃμα
1359 2168 1426 2238 δὴ
1477 2168 1779 2243 συμπροῖὸν
1819 2170 1899 2239 τῷ

236 2261 353 2332 Υἱῷ
426 2261 567 2316 κατὰ
618 2259 717 2329 τὴν
771 2259 964 2314 6100106
1023 2256 1288 2333 ἰδιότητα,
1339 2259 1452 2332 ἅμα
1505 2279 1563 2313 τε
1617 2257 1750 2327 ἧκον
1812 2252 1901 2310 διὰ

234 2346 465 2416 τούτου,
512 2347 604 2402 καὶ
662 2345 733 2401 δι’
780 2347 945 2402 αὑτοῦ
991 2345 1083 2403 καὶ
1129 2352 1255 2424 παρ’
1294 2345 1458 2401 αὐτοῦ
1490 2345 1789 2419 ἐκλάμπον,
1823 2343 1899 2405 ὡς

242 2435 299 2508 ἐξ
331 2433 504 2506 ἡλίου
560 2439 677 2514 φῶς
732 2435 824 2490 σὺν
849 2435 921 2510 τῇ
952 2437 1151 2503 ἀκτῖνι,
1218 2433 1309 2491 καί
1341 2433 1430 2490 διὰ
1457 2443 1555 2506 τῆς
1588 2434 1833 2500 ἀκτῖνος,
1862 2432 1897 2500 ἢ

243 2525 355 2580 κὰκ
408 2531 512 2593 τῆς
568 2525 804 2591 ἀκτῖνος,
861 2523 1192 2598 ἀπολάμπον
1258 2544 1319 2579 τε
1390 2526 1480 2579 καὶ
1554 2522 1900 2602 φαινόμενον,

246 2609 380 2669 0666
427 2613 533 2687 γὰρ
598 2611 894 2680 ἀποσταίην
954 2614 1015 2667 ἄν
1071 2616 1169 2667 τοῦ
1222 2609 1622 2687 ὑποδείγματος
1684 2609 1900 2680 τούτου,

241 2702 338 2756 καὶ
386 2700 553 2763 αὐτὸς
609 2701 890 2779 σύμφημι,
938 2701 1074 2756 κατά
1117 2699 1317 2771 ταύτην
1349 2701 1450 2777 γὰρ
1507 2698 1777 2762 πολλάκις
1802 2700 1901 2767 τήν

245 2789 435 2845 εἰκόνα
454 2790 545 2844 καὶ
594 2788 655 2845 ἐκ
696 2794 795 2845 τοῦ
832 2791 960 2844 T106
992 2790 1254 2865 ὑπάρχειν
1278 2790 1342 2845 τὸ
1396 2793 1654 2865 πανάγιον
1684 2791 1909 2861 Πνεῦμα

244 2883 371 2940 τοῖς
431 2877 917 2956 ΙΙνευματόφόροις
982 2875 1193 2955 ε’ίρηται
1250 2875 1496 2955 ἀνδράσι,
1553 2878 1643 2932 καὶ
1693 2876 1753 2931 ἐκ
1803 2882 1905 2945 τῆς

247 2966 440 3030 οὐσίας
490 2965 691 3022 τούτου
720 2966 966 3042 προῖέναι
1020 2987 1081 3021 τε
1135 2967 1225 3021 καὶ
1278 2966 1750 3043 προέρχεσθαικαὶ
1780 2964 1908 3020 ἀνα-

243 3052 473 3125 ϐλύζειν
516 3055 610 3110 καὶ
652 3054 915 3131 πηγάζειν
974 3054 1063 3110 καὶ
1120 3056 1467 3132 προχεῖσθαι,
1508 3052 1692 3110 κᾶλλα
1720 3074 1780 3108 τε
1813 3049 1911 3107 ὅσα

240 3146 347 3215 τήν
374 3142 574 3218 ὁμοίαν
595 3140 839 3214 δήλωσιν
872 3140 1011 3219 ἔχει·
1045 3142 1092 3197 εἰ
1124 3140 1171 3197 δ’
1199 3142 1277 3206 ὡς
1306 3141 1358 3216 ἐξ
1380 3142 1617 3218 ἀρχικῆς
1643 3141 1733 3197 καὶ
1755 3141 1907 3219 πρώ-

240 3254 348 3299 της
407 3231 590 3295 αἰτίας
636 3232 776 3287 κατά
814 3232 915 3301 τήν
948 3232 1353 3307 προειρημένην
1386 3230 1674 3307 ἑρμηνείαν
1706 3229 1764 3285 ἐκ
1792 3236 1904 3285 ΙΙα-
1938 3230 1981 3300 C

241 3321 376 3397 τρὸς
435 3320 872 3397 προηγουμένως
929 3317 1181 3397 λεχθείη,
1214 3319 1309 3374 εἶθ’
1348 3320 1490 3393 ὁμοῦ
1518 3323 1622 3374 κάκ
1648 3322 1747 3374 τοῦ
1776 3320 1906 3373 T106

243 3410 323 3473 ὡς
356 3408 508 3472 ὅλως
554 3408 756 3479 αἰτίας,
796 3407 1078 3472 παντελῶς
1131 3406 1428 3485 ἀλλότριον
1459 3409 1522 3463 τὸ
1580 3405 1782 3484 δόγμα,
1815 3408 1906 3462 καὶ

244 3502 318 3573 τῇ
349 3497 587 3569 ἀληθείᾳ
611 3496 904 3570 πολέμιον.
936 3496 1010 3552 06
1038 3498 1141 3553 πὰν
1200 3497 1304 3574 γὰρ
1360 3496 1425 3552 τὸ
1456 3494 1516 3552 ἔκ
1540 3517 1688 3559 τινος
1737 3494 1909 3571 ὑπάρ-

253 3606 358 3663 χον
417 3584 524 3657 ἤδη
558 3584 679 3662 ἔχει
733 3587 825 3641 καὶ
880 3586 983 3655 τήν
1032 3584 1254 3662 ὕπαρξιν
1283 3585 1481 3650 ἐκεῖθεν
1513 3590 1529 3615 ‘
1567 3584 1804 3662 ὑπάρχει
1853 3582 1911 3640 66

250 3676 391 3729 ἅπαν
456 3672 697 3749 μάλιστα
742 3673 942 3739 ἐκεῖθεν
1003 3673 1123 3739 ὅθεν
1173 3674 1264 3730 καὶ
1312 3675 1413 3743 τὴν
1464 3672 1686 3750 ὕπαρξιν
1739 3669 1910 3749 ἔσχη-

254 3784 371 3819 κεν.

328 3886 493 3957 Πλὴν
538 3885 755 3942 κάκεῖνο
812 3886 1260 3962 περιεργάζομαι,
1328 3885 1421 3941 καὶ
1492 3882 1715 3948 δικαίως
1780 3881 1914 3948 ἴσως

254 3975 712 4054 περιεργάζομαι·
764 3979 881 4042 ηῶς
926 3974 1092 4030 εἰπὼν
1142 3973 1225 4030 ὅτι
1290 3975 1472 4051 χρεὼν
1527 3974 1915 4051 ὁμολογεῖσθαι

250 4067 355 4136 τὴν
405 4066 686 4140 ΙΙατρικήν
739 4062 1030 4120 ὑπόστασιν
1080 4064 1257 4140 ἀρχὴν
1307 4061 1398 4118 καί
1455 4063 1627 4118 αἰτίαν
1658 4068 1757 4119 τοῦ
1786 4065 1915 4118 T106

255 4154 348 4209 καὶ
401 4157 503 4209 τοῦ
556 4152 877 4227 Ιίνεὺματος
927 4151 1111 4224 αὑτοῦ,
1166 4151 1328 4226 μόνος
1386 4153 1489 4228 γάρ
1534 4150 1708 4215 αἷίειος
1736 4154 1914 4210 6110:-

256 4245 388 4317 τήρ,
436 4241 529 4297 καὶ
579 4240 678 4297 οὐκ
724 4240 786 4297 ἄν
815 4239 898 4313 εἴη
950 4237 1122 4297 αἶ’τιον
1165 4241 1392 4318 ἀρχικὸν
1431 4241 1459 4295 6
1489 4241 1611 4304 Υἰὸς
1642 4240 1795 4304 ὄντος
1824 4240 1916 4296 αό-

1989 569 2093 644 γάρ
2143 564 2315 655 αἴτιος
2375 570 2404 623 6
2435 571 2646 647 Πατὴρ,
2685 573 2774 626 καὶ
2805 572 2905 629 οὐκ
2934 570 2994 628 ἄν
3029 574 3111 644 εἰή
3146 573 3317 655 αἰτίον
3349 577 3579 655 ἀρχικὸν
3603 583 3632 637 6

1988 656 2134 727 Υἱὸς,
2176 653 2333 718 ὄντος
2386 656 2532 729 αὑτῷ
2581 659 2756 720 αἰτίου
2802 665 2899 715 τοῦ
2930 662 3164 739 Πατρός.
3199 653 3393 738 ίὗαμὲν
3418 653 3484 737 δὴ
3513 674 3637 724 ταῦ-

1988 765 2074 815 τα,
2122 744 2312 835 φησὶν,
2344 743 2547 835 Δἐπειδὴ
2603 746 2727 819 μίαν
2778 749 2954 823 ἀρχὴν
2982 752 3072 806 τὸν
3104 752 3322 827 Πατέρα
3349 755 3439 810 τὸν
3473 757 3636 835 ἄναρ-

1988 852 2088 908 χον
2118 829 2517 908 δογματίζομεν
2577 837 2665 890 καὶ
2695 836 2920 901 κτίσεως
2948 839 3038 894 καὶ
3069 840 3345 912 θεότητος’
3379 851 3483 915 τῆς
3519 829 3639 903 κτί-

1989 941 2124 982 σεως
2152 924 2465 995 ποιητικὴν,
2532 931 2630 994 τῆς
2686 924 2941 996 θεότητος
2982 931 3232 1005 φυσικήν.
3285 929 3440 988 Ἀλλ’
3484 931 3639 991 οὐδὲν

1992 1007 2245 1094 ἁρμόζων
2303 1015 2382 1082 τῷ
2439 1017 2624 1084 σκοπῷ
2660 1018 2767 1068 τῶν
2808 1015 3110 1091 εἰρημένων
3140 1018 3167 1071 6
3214 1017 3408 1094 λόγος.
3453 1023 3635 1087 Μόνος

1990 1096 2115 1186 γὰρ,
2147 1093 2318 1161 αἴτιος
2379 1100 2407 1153 6
2466 1102 2654 1176 Πατὴρ
2706 1103 2834 1157 T106
2883 1105 2971 1159 καὶ
3021 1093 3359 1180 Ιίνεῦματος,
3411 1115 3510 1165 τοῦ
3542 1113 3638 1186 μὲν

1992 1185 2132 1240 κατά
2177 1186 2447 1261 γέννησιν,
2495 1194 2592 1244 106
2642 1188 2700 1245 66
2752 1192 2889 1248 κατά
2943 1195 3042 1263 τὴν
3088 1193 3424 1271 έκπόρευσιν.
3474 1185 3551 1256 Τά
3580 1199 3641 1257 66

1997 1274 2213 1329 αἰτιατά
2256 1275 2346 1330 καὶ
2404 1278 2569 1355 ἄμφω
2618 1278 2678 1335 ἐκ
2698 1285 2796 1335 106
2825 1283 3064 1358 Πατρός·
3097 1282 3265 1341 Οὐδὲν
3299 1283 3358 1343 66
3388 1286 3535 1352 ὅλως
3557 1287 3643 1345 αἶ’-

1996 1382 2112 1417 τιον
2163 1364 2382 1441 θάτερον
2433 1365 2678 1442 θατέρου,
2712 1367 2836 1424 οὕτε
2868 1370 3051 1443 μόνον,
3081 1372 3207 1428 οὒτε
3236 1375 3372 1445 μετὰ
3397 1381 3494 1432 τοῦ
3525 1380 3641 1437 ΙΙα-

1992 1449 2143 1540 τρός.
2185 1450 2297 1507 Οὐκ
2324 1454 2427 1531 ἄρα
2472 1462 2728 1511 κοινωνεῖ
2775 1455 2921 1521 ὅλως
2970 1460 2997 1513 6
3045 1461 3167 1524 Υἱὸς
3195 1467 3274 1536 τῷ
3303 1464 3479 1540 ΙΙατρὶ
3508 1467 3646 1524 κατὰ

1993 1539 2087 1632 τὸν
2133 1546 2234 1610 τῆς
2263 1540 2466 1632 ⁸αἰτίας
2520 1541 2682 1621 λόγον
2723 1545 2810 1601 ἐπὶ
2850 1551 2916 1622 τῇ
2950 1547 3260 1625 ἐκπορεόσει
3299 1553 3391 1608 καὶ
3423 1554 3644 1632 ὑπάρξει

1995 1629 2092 1717 τοῦ
2120 1628 2476 1717 Πνεόματος.
2524 1633 2693 1696 Οὗτος
2739 1635 2767 1689 6
2815 1642 2914 1706 τῆς
2955 1636 3216 1708 ἀληθείας
3248 1638 3437 1717 λόγος.
3469 1628 3647 1701 Ταῦτα

1998 1713 2059 1768 ἂν
2090 1716 2207 1794 εἶχε
2238 1720 2677 1793 συμπεραίνουσα
2705 1720 2888 1785 καλῶς
2918 1727 2953 1795 ἡ
3015 1723 3296 1791 ἀπόδοσις.
3332 1713 3409 1785 ⁷Ὀ
3450 1728 3509 1786 66
3556 1732 3647 1787 ἐπὶ

1984 1804 2096 1871 ,τήν
2144 1808 2438 1877 ποιητικὴν
2483 1809 2655 1864 αἰτίαν
2707 1807 3036 1883 μεταϐαίνει.
3094 1811 3412 1873 Μεταϐαίνει
3462 1816 3521 1874 66
3550 1820 3651 1877 οὐκ

1935 1871 1984 1936 Β
2014 1890 2199 1988 οἶδἰὃ.
2243 1871 2296 1949 τι
2356 1871 2716 1972 βουλόμενοςί
2777 1901 2931 1971 Πλὴν
2977 1901 3137 1974 ἀπείη
3173 1901 3231 1959 66
3257 1871 3651 1988 τὸ

2004 1986 2102 2036 106
2134 1980 2327 2058 λόγου.

2077 2107 2194 2181 Χρὴ
2259 2108 2352 2181 μὲν
2415 2107 2503 2197 οὗν
2557 2107 2827 2188 διερευνᾷν
2882 2117 2999 2177 πῶς
3063 2113 3165 2192 ἄρα
3241 2113 3388 2196 λέγει
3446 2117 3653 2197 δογμα-

2008 2191 2171 2263 τίζειν
2247 2196 2339 2251 τὸν
2392 2194 2629 2274 ἄναρχον
2699 2201 2911 2277 Πατέρα
2968 2204 3146 2281 ἀρχὴν
3209 2191 3331 2280 μίαν
3393 2209 3484 2264 καὶ
3524 2191 3654 2266 ’δὲτι-

2010 2302 2145 2377 σεως
2203 2284 2293 2338 καὶ
2348 2285 2646 2377 θεότητος·
2705 2293 3005 2362 ποεητικὴν
3060 2300 3161 2365 τῆς
3210 2295 3457 2371 κτίσεως,
3507 2319 3662 2377 φυσι-

2008 2372 2109 2440 κὴν
2140 2378 2241 2441 τῆς
2270 2373 2545 2446 θεότητος.
2603 2377 2669 2434 Εἰ
2723 2380 2816 2452 μὲν
2880 2383 3017 2436 κατά
3059 2383 3252 2438 ταυτὸν
3296 2372 3530 2450 κτίσεως.
3566 2386 3658 2443 καὶ

2011 2459 2287 2548 θεότητος,
2321 2460 2466 2538 λέγω
2522 2462 2581 2519 66
2636 2466 2769 2544 ὅπερ
2828 2468 2927 2523 οὐκ
2953 2469 3114 2533 αὐτὸς
3164 2469 3515 2548 διεστείλατο,
3570 2474 3655 2545 εἴη

2018 2545 2065 2602 δ’
2096 2547 2157 2603 ἂν
2205 2550 2280 2613 ὡς
2328 2553 2564 2625 καθάπερ
2611 2553 2699 2609 ἐπὶ
2746 2563 2848 2625 τῆς
2879 2557 3134 2628 θεότητος
3157 2558 3308 2616 οὐδὲν
3339 2545 3519 2636 ἕτερον
3545 2567 3654 2618 τῶν

2013 2641 2178 2713 τριῶν
2225 2640 2531 2713 προσώπων
2566 2643 2712 2718 ἀρχὴ
2756 2645 2882 2699 T106
2918 2667 2978 2701 τε
3006 2647 3095 2702 καὶ
3126 2648 3465 2722 Πνεόματος,
3495 2650 3543 2706 εἰ
3578 2650 3654 2724 μὴ

2016 2727 2043 2781 6
2093 2730 2280 2801 Πατήρ
2335 2728 2535 2801 μόνος·
2570 2730 2713 2785 οὕτω
2773 2729 2839 2801 δὴ
2899 2732 2989 2787 καὶ
3044 2734 3131 2789 ἐπὶ
3183 2743 3286 2806 τῆς
3322 2737 3570 2806 κτίσεως,
3604 2739 3661 2793 Ὀ

2015 2816 2203 2891 Πατὴρ
2251 2817 2347 2889 μία
2388 2819 2533 2895 ἀρχῆ⁸
2566 2818 2654 2873 καὶ
2713 2819 2850 2894 μόνη
2888 2820 3058 2898 ἀρχή.
3094 2819 3260 2881 Βαϐαὶ
3285 2828 3383 2895 τῆς
3419 2824 3663 2905 βλασφη-

1948 2936 1961 2959 ε
2021 2905 2185 2978 μίαςί
2238 2905 2408 2977 ἐξεῖλε
2453 2909 2557 2983 γὰρ
2602 2910 2631 2964 6
2680 2907 2848 2984 λόγος
2895 2919 2996 2981 τῆς
3026 2920 3324 2985 ποιητικῆς
3352 2914 3525 2978 αἰτίας
3550 2921 3661 2971 τῶν

2016 2994 2327 3067 κτισμάτων
2375 2998 2465 3051 τὸν
2526 2998 2648 3052 Υἰὸν
2707 2998 2797 3053 καὶ
2853 3000 2915 3054 τὸ
2970 3000 3232 3077 πανάγιον
3293 3007 3530 3078 Πνεῦμα.
3562 3004 3663 3060 Καὶ

2015 3087 2133 3146 πῶς
2180 3082 2516 3162 δημιουργὸς
2575 3088 2603 3141 6
2662 3087 2784 3149 Υἱός
2830 3106 2999 3157 ;πως
3057 3087 3116 3145 66
3163 3088 3600 3169 συνδημιουργὸς
3633 3094 3664 3147 6

2021 3171 2420 3248 ΙΙαράκλητος;
2482 3179 2602 3238 πῶς
2651 3173 2709 3230 66
2739 3173 2829 3230 διὰ
2871 3182 2970 3232 τοῦ
3025 3179 3202 3255 Λόγου
3232 3180 3407 3235 πάντα
3434 3180 3666 3258 ἐγένετο,

2018 3263 2108 3317 καὶ
2138 3262 2316 3339 χωρὶς
2356 3264 2520 3318 αὐτοῦ
2550 3263 2754 3340 ἐγένετο
2780 3262 2907 3320 0666
2934 3263 2990 3321 ἓν
3022 3265 3053 3321 6'
3105 3268 3330 3344 γέγονε,
3361 3274 3490 3333 Πῶς
3531 3269 3667 3326 αἰώ-

2016 3372 2123 3407 νων
2164 3353 2403 3422 ποιητής
2436 3354 2463 3408 6
2516 3352 2676 3423 T164;
2721 3359 2797 3408 Δι’
2840 3352 3027 3424 αὐτοῦ,
3060 3355 3186 3432 γὰρ,
3221 3358 3375 3434 φησὶ,
3413 3358 3503 3414 καὶ
3536 3357 3668 3422 τοὺς

2018 3440 2217 3503 αἰῶνας
2273 3440 2517 3512 ἐποίησε.
2542 3444 2666 3503 ΙΙως
2724 3463 2783 3498 τε
2810 3447 2889 3514 τῷ
2918 3441 3073 3519 λόγῳ
3105 3445 3303 3520 Κυρίου
3361 3446 3413 3501 01
3445 3446 3667 3521 οὐρανοὶ

2019 3531 2418 3604 ἐστερεώθησαν
2462 3529 2553 3584 καὶ
2602 3530 2683 3601 τῷ
2713 3529 2978 3604 πνεύματι
3007 3537 3106 3588 τοῦ
3164 3533 3471 3607 στόματος;
3508 3534 3664 3592 Μᾶλ-

2017 3640 2111 3675 κον
2145 3617 2202 3673 66
2247 3622 2368 3678 πῶς
2399 3618 2427 3672 6
2460 3619 2652 3693 Πατὴρ
2680 3616 2748 3673 δι’
2779 3620 2909 3674 T106
2949 3619 3000 3675 ἐν
3057 3622 3339 3695 Ιινεύματι
3370 3622 3513 3698 ἀγίῳ
3566 3630 3668 3679 1151-

2021 3729 2113 3764 σαν
2155 3708 2252 3776 τήν
2300 3706 2518 3775 κτιστήν
2563 3706 2827 3777 ὑπέστησε
2869 3708 3043 3784 φύσιν,
3088 3709 3188 3781 ὅση
3239 3712 3408 3783 ὁρατή
3437 3714 3529 3767 καὶ
3560 3712 3660 3783 ὃση

2023 3797 2273 3874 ἀόρατος,
2315 3795 2367 3866 ἐξ
2398 3795 2460 3849 οὗ
2486 3794 2575 3850 καὶ
2608 3792 2948 3871 δημιουργὸς
3003 3799 3081 3859 εἷς
3134 3801 3170 3868 ἡ
3202 3800 3387 3875 Τριάς,
3428 3800 3520 3855 καὶ
3567 3799 3666 3876 ἀρ-

2021 3888 2131 3963 χής
2157 3905 2171 3955 ;
2209 3930 2222 3943 .
2258 3927 2272 3941 .
2311 3928 2322 3941 .
2356 3925 2372 3940 .
2401 3885 2492 3938 τὸν
2544 3882 2705 3959 λόγον
2732 3889 2985 3960 τοῦτον,
3014 3887 3111 3960 μία
3139 3889 3229 3941 καὶ
3260 3887 3406 3943 αἰτία
3431 3892 3511 3961 τῷ
3536 3909 3672 3945 ταυ-

2020 3981 2099 4048 τῷ
2140 3981 2241 4045 τῆς
2292 3972 2561 4049 ἐνεργεὶας
2617 3973 2706 4027 καὶ
2772 3971 3089 4047 βουλήσεως
3147 3975 3239 4030 καὶ
3288 3973 3593 4049 δυνάμεως,
3626 3977 3674 4033 εἴ

2020 4069 2189 4120 ταῦτα
2234 4061 2430 4128 οὕτως,
2479 4060 2569 4115 καὶ
2619 4058 2796 4123 οὐδεὶς
2848 4060 3037 4125 ἄλλως
3078 4063 3209 4139 ἐρεῖ,
3242 4063 3318 4128 ὥς
3346 4084 3430 4127 τις
3453 4063 3672 4135 ἀληθὴς

2023 4151 2396 4228 κροσκυνητής
2443 4156 2544 4218 τῆς
2588 4148 2739 4225 ἀγίας
2778 4148 3029 4225 Τριάδος,
3064 4148 3258 4222 δῆλον,
3318 4152 3411 4208 ἐπῖ
3443 4155 3538 4226 μὲν
3567 4160 3671 4223 τῆς

2026 4239 2316 4315 θεολογίας
2367 4238 2616 4314 ἄσχετον·
2680 4234 2748 4291 ἷ¹ν⁹
2805 4238 3014 4312 ὁμοίως
3060 4238 3209 4304 αὖθις
3258 4240 3366 4316 ἐρῶ
3412 4242 3504 4297 καὶ
3557 4243 3674 4297 καθ’

246 4334 330 4404 τῷ
358 4329 562 4405 αἰτίου,
604 4329 719 4386 εἶτα
748 4328 1014 4405 ἐπήγαγε,
1049 4329 1186 4386 Μίαν
1218 4329 1319 4406 γὰρ
1350 4328 1528 4406 ἀρχὴν
1562 4329 1654 4385 τὸν
1699 4331 1918 4407 Πατέρα
2027 4329 2204 4397 ἑαυτὸ,
2255 4327 2346 4383 καὶ
2396 4324 2739 4401 ἀσύγκριτον,
2788 4326 2852 4381 τὸ
2899 4327 3126 4405 ἀρχικὸν
3173 4329 3264 4384 καὶ
3312 4332 3530 4406 πρῶτον
3581 4327 3670 4385 ἐκ-

257 4420 354 4475 τὸν
408 4409 647 4495 ἄναρᾶον
694 4414 1120 4494 δογματίζομεν,
1166 4416 1257 4472 καὶ
1305 4416 1530 4480 κτίσεως
1576 4417 1668 4473 καὶ
1725 4417 1915 4489 θεότη-

257 4529 381 4579 τος,
411 4513 515 4577 τῆς
566 4506 794 4569 κτίσεως
825 4507 1144 4578 ποιητικὴν,
1184 4506 1415 4584 φυσικὴν
1470 4508 1570 4575 τῆς
1638 4505 1913 4577 θεότητος.

2027 4413 2362 4492 λαμϐάνεται
2392 4412 2582 4487 αἴτιον,
2642 4414 2870 4490 ἀσχετον
2926 4413 2985 4471 66
3025 4413 3200 4491 λέγων
3252 4416 3341 4472 ἐπὶ
3390 4418 3454 4473 16
3501 4417 3675 4474 αἰτια-

2023 4508 2115 4562 τὸν
2158 4511 2250 4561 νῦν
2303 4505 2331 4558 6
2376 4502 2539 4580 λόγος
2573 4503 2714 4578 ὁρῶν
2748 4505 2902 4582 φησί,
2936 4506 3174 4582 σχέσεως
3204 4506 3304 4582 γὰο
3332 4510 3498 4562 ναῦτα
3530 4505 3675 4580 μᾶλ-

257 4593 404 4652 0666
447 4596 553 4670 γὰρ
600 4593 769 4651 ταῦτά
795 4616 861 4671 γε
898 4593 1101 4657 τελέως
1132 4594 1376 4669 ὑποψίας
1437 4593 1610 4657 ἐκτός.
1644 4595 1791 4671 Ἐρεῖ
1817 4596 1922 4672 γὰρ
1953 4593 1999 4657 D
2031 4594 2126 4651 λον
2162 4592 2425 4667 ὀνόματα,
2482 4589 2610 4647 ἀλλ’
2637 4591 2719 4647 ὅτι
2786 4594 2861 4665 μὴ
2893 4594 3030 4669 πρὸς
3070 4592 3213 4649 ἃλλο
3257 4594 3467 4671 λέγεται
3499 4592 3671 4651 αἷίτιον

257 4685 290 4740 6
337 4682 637 4748 διευθύνων
686 4684 778 4739 τὸν
810 4682 1002 4759 λόγον,
1031 4684 1123 4738 καὶ
1175 4680 1397 4745 δικαίως
1425 4679 1557 4747 ἴσως
1587 4682 1715 4759 ἐρεῖ·
1749 4683 1818 4741 Τί
1849 4681 1916 4753 δὴ

262 4771 612 4850 βουλόμενος
650 4772 925 4843 ἐντεῦθεν;
994 4772 1110 4841 Τὴν
1178 4772 1272 4846 μὲν
1332 4770 1589 4827 ἀπόδοσιν
1644 4773 1769 4850 περὶ
1816 4778 1918 4843 τῆς

252 4861 552 4939 θεολογίας
598 4859 836 4917 ἐποιεῖτο
899 4864 997 4917 τοῦ
1057 4859 1398 4934 ΙΙνεόματος,
1456 4855 1539 4915 ότι
1598 4854 1657 4916 ἐκ
1703 4860 1918 4938 ΙΙατρὸς

257 4949 333 5008 δι’
363 4950 499 5005 Υἰοῦ
535 4993 549 5008 .
586 4991 602 5008 .
637 4994 651 5007 .
686 4993 700 5008 .
736 4994 750 5008 .
786 4993 801 5009 .
834 4947 892 5005 66
916 4953 1016 5005 106
1076 4949 1286 5024 ΙΙατρὸς
1319 4949 1548 5025 ἀρχικὸν
1579 4949 1669 5005 καὶ
1700 4954 1915 5027 πρῶτον

262 5038 465 5110 αἴτιον,
514 5038 604 5095 καὶ
667 5038 832 5115 μόνος
878 5036 1028 5115 ἀρχὴ
1081 5038 1170 5115 καὶ
1211 5036 1358 5093 αἰτία
1387 5038 1514 5093 Υἰοῦ
1544 5058 1602 5093 τε
1630 5037 1717 5094 καὶ
1748 5039 1918 5097 ΙΙνεό-

266 5149 466 5204 ματος,
525 5131 863 5204 μετενήνοχε
911 5125 970 5182 66
1018 5125 1198 5203 ὥσπερ
1250 5124 1559 5200 ἐξεπίτηδες
1599 5128 1691 5183 τὸν
1752 5126 1919 5203 λόγον

259 5219 350 5275 ἐπὶ
380 5219 484 5288 τὴν
517 5218 743 5286 κτιστήν
777 5216 962 5285 οὐσίαν
991 5216 1081 5271 καὶ
1125 5217 1386 5294 τρεπτὴν,
1425 5215 1516 5271 καὶ
1566 5217 1669 5272 ὑπὸ
1717 5217 1917 5293 γρόνον

257 5309 591 5382 κινουμένην
642 5306 679 5376 ἢ
731 5307 1020 5379 μένουσαν.
1067 5306 1137 5360 Τὸ
1188 5304 1293 5382 γὰρ
1340 5302 1647 5381 ὑπόδειγμα
1691 5311 1789 5361 τοῦ
1820 5304 1918 5361 λό-

262 5420 391 5475 γου,
451 5397 565 5466 ὃτι,
622 5394 781 5474 φησὶ,
847 5398 1017 5449 ταῦτα
1084 5394 1331 5471 λέγοντες
1360 5392 1561 5470 ὅσαπερ
1595 5393 1809 5471 ἐρρέθη,
1844 5395 1918 5459 ὡς

258 5488 362 5545 οὐκ
436 5484 498 5542 ἄν
577 5483 641 5539 ἐκ
711 5488 812 5539 τοῦ
887 5483 1016 5537 T106
1089 5481 1523 5559 προηγουμένως
1587 5482 1808 5560 λεχθείη
1858 5486 1920 5540 τὸ

252 5581 487 5651 Πνεῦμα
543 5574 610 5631 16
666 5572 850 5650 ἃγιον,
910 5568 1036 5626 ἀλλ’
1090 5569 1151 5627 ἐκ
1220 5574 1318 5627 τοῦ
1391 5571 1604 5643 ΙΙατρὸς
1668 5568 1729 5627 δῖ’
1768 5573 1917 5630 T106.

248 5670 433 5748 χρεὼν
491 5665 603 5745 γὰρ
661 5659 1061 5737 εμολογεῖσθαι
1128 5662 1226 5730 τὴν
1291 5660 1569 5736 Πατρικὴν
1629 5659 1917 5721 ὑπόστασιν

2026 4689 2241 4763 πρῶτον
2281 4682 2409 4737 αὐτὸ
2457 4680 2546 4735 καὶ
2595 4681 2821 4756 ἀρχικὸν
2874 4681 3164 4757 λεγέμενον
3223 4680 3416 4740 αἶ’τιον.
3462 4683 3585 4738 Ἐπὶ
3615 4680 3677 4739 66

2024 4780 2125 4845 τῆς
2154 4778 2377 4840 κτιστῆς
2406 4770 2496 4825 καὶ
2531 4769 2634 4824 ὑπὸ
2662 4769 2831 4846 γένεσι
2864 4770 3098 4848 φύσεως,
3158 4771 3267 4847 οὐχ
3313 4772 3397 4827 ὃτι
3444 4769 3529 4828 δεῖ
3571 4779 3673 4844 τῆς

2026 4868 2320 4933 ποιητικῆς
2360 4859 2534 4921 αἰτίας
2580 4859 2671 4913 τὸν
2732 4855 3065 4935 δημιουργὸν
3134 4859 3336 4935 ἐξάγειν
3382 4861 3530 4934 Υἱὸν,
3579 4860 3670 4917 καὶ

2025 4955 2088 5010 16
2131 4944 2564 5023 συνδημιουργὼ
2606 4947 2697 5002 καὶ
2763 4947 3163 5025 τελεσινυργὸν-
3214 4954 3447 5023 Πνεῦμα,
3511 4949 3672 5024 μόνον

2029 5039 2090 5096 ἄν
2170 5037 2359 5116 ῥηθείη
2437 5036 2466 5090 6
2541 5036 2728 5111 Πατὴρ
2804 5032 2998 5107 αἰίτιον,
3055 5034 3203 5093 ἀλλᾶ
3274 5037 3364 5093 καὶ
3439 5037 3669 5114 ἀρχικὸν

2027 5132 2245 5207 πρῶτον
2275 5123 2444 5181 αἴτιον
2478 5125 2506 5179 6
2536 5124 2745 5200 Πατὴρ¹
2784 5122 2869 5179 ὅτι
2914 5126 3041 5201 παρ’
3086 5125 3251 5180 αὑτοῦ
3306 5127 3368 5182 τὸ
3413 5126 3543 5182 εἶναι
3591 5131 3675 5200 τῷ

2030 5221 2138 5290 Υἰῷ
2192 5216 2283 5272 καὶ
2330 5218 2410 5287 τῶ
2452 5213 2746 5285 Πνεύματι.
2780 5212 2882 5268 Καὶ
2913 5213 3086 5269 πάντα
3124 5212 3182 5269 66
3226 5216 3295 5269 τὰ
3348 5218 3447 5269 τοῦ
3503 5221 3679 5271 Μονο-

2029 5311 2219 5384 γενοῦς
2268 5303 2358 5360 καὶ
2419 5307 2514 5357 τοῦ
2581 5300 2893 5373 Πνεόματος
2958 5302 3034 5365 εἰς
3104 5302 3262 5358 αὐτὸν
3319 5303 3387 5372 τὴ
3448 5304 3672 5377 πρώτην

2031 5396 2347 5474 ἀναφέρεται
2397 5390 2593 5462 αἰτίαν,
2644 5387 2822 5459 ἀλλην
2867 5390 2959 5444 σὺν
3009 5390 3156 5464 αὐτῷ
3199 5392 3289 5447 καὶ
3338 5392 3454 5466 μετ’
3510 5391 3675 5447 αὐτοῦ

2030 5489 2058 5541 6
2091 5485 2213 5546 Υἰὸς
2238 5481 2328 5537 καὶ
2384 5479 2447 5534 τὸ
2476 5475 2733 5554 πανάγιον
2766 5483 3005 5552 Πνεῦμα,
3046 5478 3192 5557 ἀρχὴ
3245 5480 3344 5555 μία
3387 5480 3477 5536 καὶ
3524 5479 3672 5535 αἰτία

2026 5581 2127 5644 τῆς
2180 5575 2289 5627 τῶν
2365 5563 2534 5623 ὄντων
2611 5574 2944 5642 παραγωγῆς
3015 5568 3105 5623 καὶ
3179 5573 3503 5632 συστάσεως.
3551 5569 3673 5624 Ὅτι

2033 5664 2210 5739 ὥσπερ
2260 5658 2322 5717 06
2375 5656 2691 5732 μεμέρισται
2753 5658 2823 5729 τῇ
2891 5655 3043 5732 φύσει
3116 5657 3185 5713 τὰ
3236 5658 3381 5732 τρία,
3426 5653 3551 5713 οὔτε
3600 5661 3671 5732 τῇ
