4108 6434
435 344 555 405 295

431 470 684 546 δυνάμει,
744 468 868 527 οὔτε
920 475 990 545 τῇ
1046 470 1327 547 βουλήσει,

432 562 782 638 μεμέρισται.
845 558 1124 615 Κάνταῦθα
1179 558 1231 613 ἔν
1287 553 1416 612 ὅντα
1471 559 1540 613 τὰ
1592 557 1716 632 τρία
1770 555 1860 611 καὶ
1922 554 2078 629 λεγό-

431 670 563 723 μενα
603 649 799 717 αἴτιον,
852 643 1087 711 εὐσεϐῶς
1134 647 1225 702 καὶ
1262 648 1588 717 νοηθήσεται
1641 646 1731 700 καί
1766 644 2080 720 ῥηθήσεται,

427 735 613 808 ἐπειδὴ
673 738 736 793 τὸ
796 735 848 792 ἔν
913 736 1043 811 οὐχὶ
1100 735 1319 811 συγχέει
1372 736 1441 790 10‘1
1497 734 1782 809 πρόσωπα.
1834 736 1977 787 Ἐκεῖ
2027 729 2085 784 66

434 826 481 883 εἰ
529 825 1021 903 συμπαραλήψεται
1065 826 1093 880 6
1151 825 1322 899 λόγος
1364 821 1444 896 τῷ
1488 822 1659 897 Πατρὶ
1706 821 1797 876 καὶ
1827 822 1916 875 τὸν
1964 819 2084 878 Υἰὸν

432 914 605 972 αἰτιον
656 914 744 970 ἐπὶ
799 917 869 988 τῇ
922 918 1021 968 τοῦ
1066 911 1222 989 άγίου
1281 911 1591 984 Πνεύματος
1658 910 1968 985 ἐκπορεύσει
2020 907 2081 961 οῦ

430 1003 576 1081 λέγω
607 1002 756 1066 ὅπως
788 999 954 1073 ἀτελῆ
985 1002 1084 1071 τῆν
1119 1002 1180 1057 ἐκ
1216 1002 1424 1076 Πατρὸς
1475 1004 1571 1054 τοῦ
1616 998 1928 1071 Πνεύματος
1979 994 2081 1066 δη-

431 1093 627 1148 λώσειν
661 1091 906 1165 ὕπαρξιν,
939 1089 1054 1145 ἐπεὶ
1084 1089 1172 1144 καί
1235 1090 1263 1143 6
1295 1089 1413 1149 Γίὸς
1460 1088 1654 1149 αἴτιος.
1706 1085 1863 1160 Λέγω
1904 1082 1950 1139 δ’
1998 1084 2080 1139 6'11

427 1177 519 1234 καὶ
561 1177 638 1242 εἰς
666 1175 720 1233 ἓν
767 1177 982 1234 συνέλοι
1039 1176 1107 1232 τὰ
1162 1174 1280 1247 δύο,
1339 1175 1428 1231 καὶ
1477 1176 1577 1230 οῦκ
1622 1174 1765 1229 ἔσται
1810 1171 1982 1243 δηλον
2034 1172 2081 1226 εἰ

428 1267 730 1344 Πατὴρκαὶ
760 1266 906 1333 Υἱὸς,
961 1263 997 1335 ἧ
1058 1266 1242 1340 Πατὴρ
1278 1264 1442 1338 μόνον
1475 1262 1774 1342 ἀμφότερα,
1826 1264 1860 1330 ἦ
1914 1260 2077 1333 μόνον

430 1355 577 1430 Υἱὸς,
628 1355 674 1412 εἰ
726 1357 802 1429 μὴ
850 1354 912 1409 τὸ
967 1357 1067 1424 τῆς
1096 1353 1271 1417 αἰτίας
1300 1353 1391 1408 καὶ
1423 1353 1602 1429 ἀρχῆς
1632 1349 1925 1407 κωλύσειεν
1959 1350 2080 1404 δνο-

436 1465 531 1519 μα,
570 1444 659 1499 καὶ
710 1444 787 1507 εἰς
842 1444 1053 1520 Πατέρα
1114 1442 1329 1517 μᾶλλον
1392 1439 1647 1496 ἀναλύσει
1712 1440 1747 1508 ἢ
1808 1440 1925 1493 Υἰὸν
1984 1441 2082 1492 τοῦ

434 1534 644 1607 Πατρὸς
704 1532 793 1587 καὶ
849 1536 944 1586 τοῦ
976 1536 1317 1606 Μονογενοῦς
1348 1532 1542 1602 ὄνομα,
1599 1528 1683 1583 6'11
1722 1529 1814 1592 μὲν
1849 1529 1938 1581 οῦν
1974 1526 2081 1602 οὐχ

431 1621 515 1677 ὅτι
564 1622 676 1699 χρή
721 1621 811 1676 καὶ
855 1620 942 1675 ἐπὶ
985 1627 1086 1689 τῆς
1119 1627 1349 1697 φυσικῆς
1380 1619 1553 1680 αἰτίας
1588 1616 1929 1688 διανοεῖσθαι,
1961 1617 2081 1679 καθ’

430 1710 497 1780 ἢν
552 1711 581 1765 ὁ
640 1710 734 1783 μὲν
762 1709 882 1784 Υἰος
914 1706 973 1763 ἐκ
999 1712 1096 1763 τοῦ
1128 1708 1339 1783 Πατρὸς
1372 1711 1664 1782 γεννητιῖκ,
1698 1705 1758 1760 τὸ
1808 1703 1864 1759 δὲ
1913 1708 2078 1759 Πνεῦ-

1464 337 1777 399 GEORGII
1824 334 2085 396 CYPRII
2128 333 2242 393 ΟΡ.
2292 334 2821 395 ΡΑΤΒΙΑΒΟΗλΕ

1390 467 1514 524 οῦτε
1565 470 1641 541 μὴ
1706 472 1775 541 τῇ
1843 464 2079 540 ἐνεργείᾳ
2108 468 2163 533 Α
2192 465 2428 526 πείθεται
2462 464 2645 526 αὐτοῖς
2678 464 2913 526 ἐκείνους
2971 464 3265 540 εἰρηκόσιν,
3296 464 3490 528 ἀλλοις
3530 487 3587 522 τε
3643 469 3818 525 ὁπόσοι

3710 342 3818 402 296

2191 551 2286 608 τοῦ
2320 552 2482 608 αὐτοῦ
2518 552 2781 629 μετέσχον
2838 552 3251 630 πληρώματος·
3307 554 3389 609 6'11
3452 555 3610 628 μόνος
3656 560 3683 612 6
3728 564 3823 614 Πα-

2190 643 2293 717 τὴρ
2326 641 2499 704 αἰτιος
2529 660 2541 673 ·
2602 641 2685 696 ὅτι
2713 642 2886 696 πάντα
2953 641 3050 697 ὅσα
3080 640 3194 717 ἔχει
3251 645 3280 698 6
3332 646 3515 719 Πατὴρ
3554 644 3648 699 τοῦ
3709 645 3823 707 Υἰοῦ

2191 730 2337 800 πλὴν
2369 737 2469 800 τῆς
2495 730 2690 793 αἰτίας.
2724 729 2861 786 Οὐδὲ
2889 732 2993 806 γάρ
3034 730 3304 809 ἀφέξομαι
3350 736 3457 788 τῶν
3509 733 3658 789 θείων
3705 735 3819 789 τού-

2191 839 2298 873 των
2350 826 2450 888 τῆς
2497 817 2783 893 θεολογίας
2834 824 3066 898 φωνῶνσ
3128 819 3210 875 δτι
3264 822 3401 897 πρὸς
3444 818 3497 875 ἓν
3548 818 3711 877 αἴτιον
3739 824 3822 878 τὸν

2200 906 2425 982 Πατέρα,
2480 909 2506 962 6
2556 908 2675 969 ι’ίὸς
2719 909 2807 962 καὶ
2867 910 2929 963 τὸ
2986 912 3250 984 πανάγιον
3296 910 3545 986 ἀναφέται
3580 916 3818 983 Πνεῦμα·

2193 994 2274 1049 δτι
2337 996 2457 1070 ῥίζα
2513 996 2601 1051 καὶ
2658 997 2815 1071 πηγὴ
2849 997 2977 1051 Υἰοῦ
3034 998 3124 1052 καὶ
3185 998 3497 1071 ΙΙνεύματος
3556 1000 3818 1075 ὁΠατήρ·

2192 1085 2274 1137 ὅτι
2314 1084 2476 1155 μόνος
2529 1086 2824 1159 ἀγτννητνς
2883 1086 2971 1139 καὶ
3009 1086 3173 1159 μόνος
3203 1088 3357 1162 πηγή
3390 1095 3490 1156 τῆς
3523 1089 3820 1159 θεότητοςὸ

2194 1175 2378 1248 Πατήρ
2406 1194 2417 1206 ·
2468 1173 2555 1227 καὶ
2585 1175 2652 1227 τὰ
2680 1172 2858 1228 πλείω
2886 1173 3289 1249 παραλέλοιπεν
3320 1177 3348 1230 ὁ
3381 1174 3544 1251 λόγος
3569 1178 3631 1233 τὸ
3660 1178 3821 1252 ἀσύμ-

2194 1282 2387 1335 μετρον
2438 1262 2819 1340 ὑφερώμενοςο
2888 1260 3033 1333 πλὴν
3092 1262 3259 1319 ταῦτα
3315 1264 3488 1320 πάντα
3543 1267 3819 1342 παρίστησι

2190 1355 2371 1427 σαφῶς
2417 1349 2496 1423 τῷ
2539 1352 2638 1420 τῆν
2688 1349 2947 1422 ἀλήθειαν
3000 1350 3331 1429 ἀπεριέργως
3387 1353 3704 1429 βουλόμένῳ
3735 1361 3821 1426 ζη·

2189 1443 2297 1492 τεῖν
2349 1439 2464 1500 οἳας
2515 1442 2751 1515 ἡχονται
2826 1440 3031 1503 ἐννοίας
3105 1442 3160 1496 αἰ
3235 1442 3652 1518 ἀνατεταγμέναι
3721 1450 3818 1499 τῶν

2191 1527 2355 1601 ἀγίων
2416 1528 2610 1605 φωναὶ,
2670 1528 2799 1583 ἐπάν
2851 1529 3041 1606 ἐρρέθη
3088 1530 3305 1595 τούτοις
3367 1527 3626 1601 δηλονότι
3660 1532 3737 1588 ὅτι
3765 1533 3825 1588 ἐκ

2191 1617 2401 1691 Πατρὸς
2456 1616 2519 1670 τὸ
2577 1616 2795 1690 Πνεῦμα
2849 1616 2921 1673 δι’
2966 1619 3095 1673 Υἰοῦ
3144 1618 3490 1694 ἐκπορεύεται
3521 1620 3820 1697 ἢύπάρχει,

2187 1703 2277 1756 καὶ
2311 1702 2576 1776 ἐκλάμπει
2614 1706 2705 1759 καὶ
2750 1712 3042 1782 προχεῖται
3070 1707 3160 1762 καί
3186 1708 3414 1786 πέφηνε,
3448 1708 3537 1763 καὶ
3572 1715 3670 1764 πᾶν
3704 1710 3747 1764 εἳ
3773 1731 3822 1765 τι

431 1819 507 1872 μα
531 1798 595 1854 τὸ
645 1797 801 1873 ’ἅγιον
860 1797 1197 1873 ἐκπορευτῶς
1256 1795 1316 1851 ἐκ
1364 1800 1462 1850 τοῦ
1511 1799 1645 1850 Θεοῦ
1703 1792 1791 1848 καὶ
1846 1793 2076 1867 Πατρὸς,
2109 1838 2155 1903 Β
2187 1792 2608 1865 τοιουτότροπον
2640 1793 2846 1870 ἓτερον.

442 1888 456 1903 ο
562 1888 577 1903 9
728 1886 742 1903 \
882 1886 899 1903 \
1069 1885 1084 1903 ς
1218 1889 1245 1899 ς-
1439 1884 1459 1903 ).
1701 1887 1723 1898 ν
1794 1882 1833 1903 ,\
1866 1902 1869 1903 ,
1906 1887 1997 1903 II’,,,
2028 1880 2038 1903 Ι
2436 1896 2446 1903 .
2582 1897 2618 1903 --
2728 1898 2741 1903 -
2797 1901 2805 1903 Α

426 1888 502 1952 ὡς
552 1886 781 1965 ἀρχικὸν
843 1886 937 1959 μὲν
995 1885 1086 1940 καὶ
1135 1889 1353 1960 πρῶτον
1403 1884 1573 1939 αἶ’τιον
1609 1887 1750 1937 νοεῖν
1783 1882 1871 1936 τὸν
1906 1880 2076 1937 Πατέ-

430 1996 516 2053 ρα,
557 1969 1117 2051 συμπαραλαμϐάνειν
1171 1971 1229 2028 δέ
1274 1970 1422 2035 ’ὀλως
1480 1972 1569 2027 καὶ
1626 1972 1714 2025 τὸν
1753 1972 1871 2031 Υἰὸν
1906 1966 2074 2023 αἴτιον

429 2064 519 2120 ἐπὶ
564 2068 634 2139 τῇ
680 2063 899 2139 ὑπάρξει
957 2067 1054 2117 τοῦ
1112 2061 1446 2133 Πνεύματος,
1495 2060 1609 2114 καθ’
1654 2058 1735 2127 δν,
1791 2056 1863 2119 ὣς
1919 2078 2073 2133 φασιν

429 2151 647 2222 ἐκεῖνοι,
707 2151 893 2228 τρόκεν
944 2150 1035 2205 καὶ
1073 2149 1161 2204 ἐπὶ
1215 2156 1316 2218 τῆς
1359 2150 1652 2219 ποιητικῆς
1698 2146 1869 2208 αἰτίας
1909 2145 2076 2220 ἀρχι-

426 2242 522 2297 κὸν
555 2241 644 2296 καὶ
674 2234 890 2315 πρῶτον
950 2235 1118 2293 αἶ’τιον
1153 2236 1443 2314 ῥηθήσεται
1492 2237 1519 2289 6
1568 2238 1753 2310 Πατήρ
1804 2235 1901 2288 οὐκ
1941 2234 2073 2287 ἀπο-

427 2331 700 2401 ξενοῦντες
728 2329 819 2383 τὸν
906 2326 985 2382 ἰὸν
1012 2327 1102 2381 καί
1158 2327 1219 2381 τὸ
1255 2330 1477 2398 Πνεῦμα
1521 2332 1617 2393 τῆς
1671 2322 2073 2398 δημιουργικῆς

427 2419 604 2481 αἰτίας
633 2422 740 2472 τῶν
773 2414 1109 2489 κτισμάτων,
1143 2419 1324 2493 σαφῶς
1385 2416 1413 2469 6
1444 2411 1610 2488 λόγος
1644 2414 1732 2467 καὶ
1768 2412 1900 2485 μετὰ
1933 2411 2074 2481 ἀλη-

427 2506 572 2569 θείας
601 2504 863 2576 ἀπέδειξε.

497 2617 610 2670 Ποῦ
664 2611 766 2688 γάρ
815 2610 873 2666 ἃν
927 2607 1009 2680 εἰίη
1061 2606 1246 2671 ἄλλως
1297 2608 1501 2684 ἀρχικὴ
1541 2607 1630 2663 καί
1688 2609 1879 2683 πρώτη
1930 2606 2076 2660 αἰτία

428 2706 526 2759 τοῦ
574 2702 916 2777 Μονογενοῦς
964 2699 1055 2753 καὶ
1107 2701 1206 2752 τοῦ
1254 2696 1580 2769 Πνεύματος,
1641 2697 1668 2750 ὁ
1722 2695 2073 2772 προάναρχος

428 2790 617 2864 Πατὴρ
647 2788 739 2844 καὶ
769 2786 1025 2857 ἀναίτιος,
1085 2785 1131 2840 εἰ
1173 2786 1250 2858 μὴ
1307 2786 1426 2849 καθ’
1454 2785 1521 2854 ἢν
1564 2781 1631 2853 δὴ
1668 2784 1838 2857 μόνην
1890 2782 2070 2853 διεση-

430 2877 716 2954 μηνάμεθα
770 2874 1051 2947 δήλωσιν;
1108 2873 1180 2929 Τὸ
1236 2870 1294 2927 δέ
1323 2872 1462 2928 ἐστιν
1497 2874 1571 2935 ὡς
1604 2873 1705 2928 οῦκ
1750 2871 1887 2928 ἔστιν
1924 2871 2067 2942 ἄλλη

427 2970 535 3044 πρὸ
582 2966 749 3035 αὐτῆς
802 2965 1135 3040 ὑπεράρχιος
1161 2984 1173 2997 ο
1224 2962 1260 3032 ἦ
1282 2961 1382 3037 γὰρ
1407 2960 1465 3016 ἃν
1501 2961 1687 3034 ἐκείνμ
1713 2965 1776 3031 ἦν
1803 2963 1831 3017 6
1860 2964 2066 3035 Πατήρ.

423 3056 499 3112 Οῦ
535 3056 610 3130 μή
643 3056 728 3111 ’ὁτι
782 3055 917 3110 κατά
973 3057 1134 3108 τοῦτο
1165 3051 1370 3128 ἀρχική
1402 3073 1460 3106 τε
1504 3053 1594 3106 καὶ
1651 3052 1867 3128 πρώτη,
1901 3052 1973 3113 ὡς
2006 3050 2065 3106 ἄν

419 3165 504 3207 τις
548 3141 693 3215 ἄλλη
749 3143 862 3216 μετ’
909 3141 1073 3197 αὐτοῦ
1119 3142 1155 3210 ἢ
1211 3140 1303 3194 σὺν
1334 3140 1479 3212 αύτῷ
1506 3146 1625 3203 ταῖς
1658 3140 1917 3201 ἐπινοίαις
1950 3162 2068 3193 συν-

419 3233 692 3289 τάττοιτο.
726 3204 903 3286 Ἔστω
935 3226 993 3284 δὲ
1053 3230 1080 3283 6
1101 3228 1247 3299 T164,
1288 3228 1423 3283 καθά
1450 3249 1587 3290 τινες
1619 3233 1724 3283 τῶν
1758 3226 2065 3303 ἀλλοτρίων
2099 3204 2142 3271 C

424 3318 745 3400 ἐφρόνησαν,
778 3317 905 3373 ἐπάν
956 3316 1102 3392 παρά
1161 3318 1371 3391 Πατρὸς
1400 3316 1462 3370 τὸ
1514 3320 1733 3389 Πνεῦμα
1787 3315 2073 3392 ἐκπορεύε-

426 3421 548 3474 σθαι
583 3407 825 3483 λέγοιτο,
882 3407 916 3474 ἢ
968 3405 1113 3479 παρᾶ
1160 3404 1368 3480 Πατρὸς
1414 3406 1475 3459 τὸ
1526 3409 1743 3477 Πνεῦμα
1809 3402 1876 3459 δι’
1926 3405 2072 3474 Υἰοῦ,

420 3494 564 3553 οῦτω
594 3496 697 3573 γάρ
731 3496 813 3563 ἂν,
862 3494 897 3564 ἢ
941 3494 1013 3556 ὡς
1042 3493 1101 3549 ἐκ
1132 3490 1279 3548 δυοῖν
1308 3492 1504 3547 αἰτίαιν
1554 3494 1764 3569 Πατρός
1795 3493 1885 3548 καὶ
1919 3494 2068 3562 Υἰοῦ,

419 3588 461 3659 ᾗ
518 3585 593 3648 ὡς
626 3584 687 3639 ἐκ
730 3588 855 3657 μιᾶς
917 3584 1118 3661 ἀμφοῖν
1176 3582 1240 3636 τὸ
1296 3581 1554 3657 πανάγιον
1607 3580 1779 3636 ἔσεται
1835 3586 2074 3654 Πνεῦμα,

421 3672 571 3753 φέρει
634 3669 691 3727 δέ
721 3672 797 3734 εἰς
852 3669 974 3744 μίαν
1012 3669 1361 3747 βλασφημίαν
1393 3669 1724 3748 ἀμφότεραν,
1754 3672 1849 3723 κᾶν
1881 3669 1931 3724 ἐν
1960 3676 2075 3733 τοῖς

422 3761 681 3824 ἐναντίοις
727 3759 1062 3837 εὑρίσκηταυ
1110 3758 1288 3821 Μόνος
1335 3760 1363 3814 6
1412 3759 1622 3831 ΙΙατὴρ,
1674 3758 1836 3835 φησὶν
1884 3757 2075 3830 α’ίτιος,

421 3851 467 3907 εἰ
520 3850 608 3906 καὶ
656 3849 716 3905 ἐκ
760 3849 969 3925 Πατρὸς
1018 3846 1088 3902 δι’
1130 3848 1256 3903 Υἰοῦ
1302 3848 1365 3903 τὸ
1410 3849 1667 3923 πανάγιον
1728 3846 2075 3922 ἐκπορεύεται

422 3943 666 4013 Πνεῦμα.
726 3937 905 3994 Πάντα
952 3935 1050 3991 ὅσα
1105 3933 1220 4012 ἔχει
1279 3936 1307 3990 6
1365 3937 1550 4009 Πατὴρ
1605 3940 1701 3990 τοῦ
1756 3936 1896 4006 Υἰοῦ,
1930 3935 2078 4005 πλην

425 4035 527 4099 τῆς
572 4027 764 4097 αἰτίας,
814 4034 914 4096 τῆς
960 4032 1191 4105 φυσικῆς
1248 4023 1422 4087 αἰτίας
1482 4021 1761 4095 δηλονότι.
1811 4031 1919 4105 Τῆς
1973 4025 2075 4101 γάρ

428 4123 724 4188 ποιητικῆς
770 4112 896 4171 οὐδὲ
943 4101 997 4169 οἰ
1042 4115 1142 4182 τὴν
1191 4112 1486 4186 ὁμοτιμίαν
1515 4101 1831 4176 ἀθετοῦντες
1854 4120 1953 4182 τῆς
1985 4113 2078 4189 φύ-

429 4226 563 4268 σεως
630 4202 940 4278 ἐτόλμησαν
1010 4200 1349 4278 φθέγξασθαι.
1401 4204 1466 4255 "0
1525 4198 1582 4255 δὲ
1642 4202 1693 4256 οἱ
1752 4203 2077 4274 θεοκήρυκες

427 4294 660 4370 Πατέρες
716 4292 808 4348 καί
868 4293 1144 4369 ὑποφῆται
1208 4294 1310 4345 τοῦ
1367 4289 1682 4363 Πνεύματος
1731 4292 1857 4366 παρ’
1914 4290 2077 4345 αὐτοῦ

426 4382 811 4459 ἐνηχηθέντες,
869 4380 905 4450 ἢ
964 4380 1054 4435 καὶ
1114 4380 1404 4452 μυηθέντες
1455 4383 1552 4433 τοῦ
1600 4378 1940 4452 Πνεύματος,
1980 4400 2078 4434 σα·-

427 4470 574 4549 φέσιν
626 4469 769 4525 οὕτω
822 4469 913 4523 καὶ
968 4464 1275 4544 προδηλοις
1320 4465 1545 4539 ὀνόμασί
1599 4487 1659 4521 τε
1712 4468 1802 4522 καί
1850 4466 2076 4529 ἐννοίαις

2260 1896 2526 1970 Σημαίνει
2578 1897 2635 1953 δὲ
2685 1898 2819 1954 αὐτὰ
2876 1899 2942 1970 δὴ
3002 1906 3168 1956 ταῦτα
3225 1901 3257 1956 ἃ
3298 1906 3510 1978 τρανῶς
3569 1904 3597 1958 6
3666 1903 3820 1980 μέγας

2188 1985 2472 2059 ἐρμηνεύει
2531 1985 2837 2057 Βασίλειος,
2909 1989 3106 2044 οῦτῶσὶ
3194 1993 3435 2068 φάσκων·
3497 1990 3711 2061 Ἐπειδή
3761 1994 3819 2047 τὸ

2187 2074 2338 2147 ἅγιον
2374 2079 2610 2148 Πνεῦμα,
2661 2076 2747 2154 ἀφ’
2804 2077 2866 2131 οῦ
2924 2084 3070 2133 πᾶσα
3119 2076 3206 2133 ἐπὶ
3263 2080 3361 2147 τήν
3422 2080 3662 2151 κτίσική
3720 2085 3816 2135 τῶν

2186 2162 2397 2235 ἀγαθῶν
2450 2165 2690 2240 χορηγία
2734 2167 2989 2241 πηγάζει,
3046 2171 3144 2221 τοῦ
3194 2165 3318 2221 Υἰοῦ
3373 2169 3477 2240 μὰν
3525 2170 3818 2244 ἧρτηταιῷ

2185 2247 2516 2313 ἀδιαστάτως
2549 2250 3148 2327 συγκαταλαμϐάνεται,
3201 2258 3300 2324 τῆς
3357 2253 3415 2310 δέ
3480 2256 3577 2312 τοῦ
3624 2258 3817 2332 Πατρὸς

2184 2337 2355 2400 αἰτίας
2388 2339 2689 2413 ἐξημμένον
2746 2339 2863 2417 ἔχει
2918 2343 2981 2397 τὸ
3039 2343 3194 2412 εἰναι,
3230 2344 3347 2399 ὅθεν
3405 2345 3496 2400 καὶ
3550 2344 3819 2421 ἐκπορεύε-

2185 2448 2295 2497 ται,
2325 2426 2486 2483 τοῦτο
2518 2432 2872 2506 γνωριστικὸν
2929 2438 3031 2501 τῆς
3060 2434 3196 2487 κατά
3238 2434 3336 2502 τὴν
3372 2434 3660 2490 ὑπόστασιν
3696 2432 3818 2489 ἰδιό-

2183 2536 2348 2585 τητος
2401 2524 2630 2591 σημεῖον
2682 2516 2838 2595 ἔχει,·
2873 2521 3009 2593 μετά
3063 2519 3159 2575 τοῦ
3212 2520 3336 2576 Υἰοῦ
3382 2523 3476 2577 καὶ
3535 2522 3626 2577 σῦν
3684 2522 3821 2593 αὐτῷ

2180 2604 2553 2680 γνωρίζεσθαι,
2585 2607 2766 2662 καὶτὸ
2800 2607 2858 2664 ἐκ
2911 2606 3007 2663 τοῦ
3062 2611 3269 2681 Πατρὸς
3319 2610 3647 2688 ὑφεστάναι·
3684 2612 3711 2666 6
3770 2608 3822 2665 δὲ

2180 2691 2304 2754 Υἰὸς
2366 2694 2394 2747 6
2449 2695 2512 2749 16
2544 2694 2604 2749 ἐκ
2651 2696 2746 2750 τοῦ
2796 2697 3005 2773 Πατρὸς
3038 2696 3467 2775 ἐκπορευόμενον
3500 2698 3713 2773 Πνεῦμα
3752 2696 3817 2754 δι’

2181 2779 2371 2835 ἑαυτοῦ
2418 2784 2506 2837 καί
2566 2791 2679 2857 μεθ’
2709 2784 2900 2840 ἑαυτοῦ
2940 2786 3218 2862 γνωρίζων
3271 2787 3438 2860 μόνος
3502 2790 3817 2864 μονογενῶς,

2180 2866 2240 2923 ἐκ
2282 2869 2379 2924 τοῦ
2436 2871 2725 2947 ἀγεννήτου
2782 2876 2963 2951 φωτὸς
3022 2872 3329 2949 ἐκλάμψας,
3392 2874 3647 2951 οὐδεμίαν
3694 2875 3822 2931 κατά

2174 2958 2238 3013 τὸ
2272 2956 2473 3029 ἰδιάζον
2506 2963 2603 3031 τήν
2647 2964 2930 3017 κοινωνίαν
2959 2968 3066 3018 τῶν
3098 2964 3489 3039 γνωρισμάτων
3546 2965 3660 3042 ἔχει
3694 2965 3817 3039 πρὸς

2173 3047 2265 3101 τὸν
2302 3048 2528 3122 Πατέρα,
2561 3053 2594 3119 ἢ
2622 3052 2757 3124 πρὸς
2813 3053 2875 3106 τὸ
2907 3050 3125 3125 Πνεῦμα
3178 3053 3241 3107 τὸ
3299 3056 3472 3128 ἅγιον,
3524 3053 3667 3110 ἀλλὰ
3710 3058 3817 3115 τοῖς

2176 3136 2489 3211 εἰρημένοις
2523 3140 2774 3213 σημείοις
2812 3140 3002 3214 μόνοςς
3034 3142 3373 3217 γεωρίζεται·

2254 3245 2353 3298 Καὶ
2406 3246 2433 3299 6
2484 3246 2638 3321 ἅγιος
2694 3247 2999 3324 Γρηγόριος
3052 3248 3285 3319 Νύσσης.
3346 3253 3434 3321 Τῷ
3486 3250 3655 3326 Πατρὶ
3699 3248 3825 3303 κατᾶ

2181 3332 2244 3386 τὸ
2276 3334 2522 3389 ἅκτιστον
2585 3336 2983 3409 συναπτόμενον
3034 3338 3095 3391 τὸ
3127 3335 3347 3409 Πνεῦμα
3402 3339 3467 3392 τὸ
3501 3339 3677 3413 ἅγιον,
3726 3336 3825 3390 πά-

2185 3420 2270 3475 λιν
2314 3420 2476 3477 αύτοῦ
2531 3423 2610 3497 τῷ
2665 3427 2741 3497 μὴ
2776 3427 2961 3501 Πατὴρ
3021 3425 3155 3480 εἶναι
3204 3427 3447 3503 καθάπερ
3490 3426 3686 3488 ἐκεῖνος
3718 3423 3824 3481 δια-

2186 3508 2505 3584 χωρίζεται.
2536 3516 2613 3586 Τῇ
2676 3510 2732 3567 δὶ
2790 3514 2925 3590 πρὸς
2983 3515 3073 3569 τὸν
3123 3513 3244 3571 Υἰὸν
3296 3515 3434 3570 κατά
3490 3517 3553 3569 τὸ
3586 3514 3820 3569 ἅκτιστον

2188 3597 2443 3675 συναφείῃ
2499 3601 2589 3654 καί
2650 3599 2701 3655 ἐν
2762 3600 2842 3675 τῷ
2896 3603 2995 3670 τῆν
3046 3602 3217 3658 αἰτίαν
3268 3609 3372 3672 τῆς
3452 3603 3726 3679 ὑπάρξεως
3772 3599 3827 3655 ἐκ

2188 3685 2319 3742 Θεοῦ
2349 3692 2453 3742 τῶν
2507 3688 2649 3744 ὅλων
2702 3687 2867 3766 ἔχειν,
2908 3691 3187 3770 ἀφίσταται
3245 3689 3410 3746 πάλιν
3442 3697 3523 3765 τῷ
3552 3690 3820 3760 ἰδιάζοντι,

2188 3774 2239 3830 ἐν
2288 3777 2368 3847 τῷ
2422 3779 2559 3849 μήτε
2614 3783 2921 3853 μονογενῶς
2980 3779 3040 3834 ἐκ
3105 3777 3201 3835 τοῦ
3258 3781 3470 3855 Πατρὸς
3541 3781 3825 3848 ὑποστῆναι

2186 3863 2275 3918 καὶ
2306 3864 2357 3918 ἐν
2389 3870 2467 3937 τῷ
2498 3864 2567 3920 δι’
2619 3865 2781 3920 αὑτοῦ
2809 3864 2905 3921 τδῦ
2944 3866 3069 3927 Υἰοῦ
3126 3869 3420 3945 πεφηνέναι
3466 3869 3557 3923 καὶ
3617 3869 3665 3923 ἐν
3714 3870 3824 3927 τοῖς

2186 3953 2443 4008 ἀνωτάτω
2488 3953 2744 4030 ῥῆθεῖσιν,
2797 3953 2957 4010 Ἀλλ’
3002 3956 3060 4010 ἐκ
3111 3958 3204 4029 μὲν
3252 3955 3348 4011 τοῦ
3376 3956 3511 4012 Θεοῦ
3550 3963 3656 4013 τῶν
3689 3956 3824 4011 ὅλων

2186 4042 2275 4095 καὶ
2322 4041 2451 4097 αὐτὸ
2510 4044 2572 4097 16
2623 4041 2844 4117 Πνεῦμα
2875 4041 3089 4114 δηλαδὴ
3148 4046 3246 4114 τῆν
3279 4045 3454 4099 αἰτίαν
3485 4042 3615 4120 ἔχον
3646 4041 3738 4098 τοῦ
3769 4040 3834 4095 εἰ·

2185 4152 2266 4185 ναι
2316 4130 2430 4186 ὅθεν
2473 4131 2562 4186 καὶ
2620 4132 2683 4186 τὸ
2736 4134 3021 4207 μονογενές
3050 4133 3159 4188 ἐστι
3191 4138 3328 4212 φῶς,
3359 4131 3451 4189 διά
3482 4132 3542 4189 δέ
3568 4131 3663 4188 τοῦ
3693 4129 3828 4200 ἀλη-

2186 4217 2331 4273 θινοῦ
2381 4220 2561 4297 φωτὸς
2612 4218 2894 4295 ἐκλάμψαν
2939 4218 3062 4277 οὔτε
3114 4219 3442 4296 διαστήματι
3476 4218 3601 4278 οὔτε
3628 4220 3827 4300 φύσεως

2187 4306 2461 4383 ἑτερότητι
2523 4306 2620 4362 τοῦ
2651 4310 2859 4386 Πατρὸς
2913 4310 2948 4379 ἢ
3007 4308 3103 4365 τοῦ
3162 4308 3507 4387 Μονογενοῦς
3540 4308 3825 4393 ἀποτέμνε-

2184 4417 2292 4453 ται.

2259 4486 2270 4505 ’
2302 4487 2345 4543 Ο
2399 4485 2560 4549 αὐτὸς
2590 4486 2740 4548 αῦθις
2797 4487 3243 4566 συγγραφόμενος
3274 4488 3364 4544 τὸν
3405 4490 3526 4566 βίον
3557 4486 3653 4544 τοῦ
3684 4487 3827 4561 ὁμω-

424 4556 744 4654 ῖταρέδοσαᾨ
794 4557 877 4621 τίς
932 4554 1115 4654 ἔσξταξ
1158 4559 1419 4654 ’ξξσδξδτον
1464 4555 1699 4654 ἐναργεῖς
1756 4563 1857 4654 τῆς
1889 4554 2079 4611 ἑαυτοῦ
2109 4563 2154 4626 D
2186 4575 2358 4646 νύμου
2416 4574 2506 4629 καὶ
2566 4554 2992 4651 Θαυματουργόῦ
3022 4554 3366 4654 Τρηγορίου,
3406 4554 3517 4634 ¹καί
3565 4579 3665 4646 τὴν
3710 4554 3835 4629 ἀπο⁶

425 4650 614 4722 ψυχῆς
645 4645 735 4701 καὶ
795 4644 1068 4721 σωτηρίας
1099 4639 1413 4715 ἐπίϐουλος,
1448 4643 1525 4705 ὡς
1586 4648 1747 4698 τοῦτο
1785 4644 1878 4716 μὲν
1912 4666 2072 4720 παρι-

427 4733 560 4807 δεῖν,
613 4734 707 4790 εῖτ’
756 4734 1019 4813 ἀφέμενος
1067 4732 1268 4794 ἐκείνος
1315 4753 1373 4787 τε
1417 4730 1506 4787 καί
1563 4738 1683 4795 τοῖς
1732 4732 1947 4787 ἐκείνων
1997 4734 2074 4797 ὡς

426 4822 655 4894 ἀληθεσι
699 4824 838 4879 πάνυ
896 4818 1133 4898 βεϐαίοις
1169 4821 1404 4897 θαρρεῖν,
1448 4822 1540 4875 τὸν
1572 4825 1696 4875 νοῦν
1732 4820 1973 4877 ἐνδοῦναι
2003 4826 2071 4897 τῇ

421 4915 531 4967 τῶν
562 4910 697 4967 νέων
733 4909 1072 4967 διδασκάλων
1103 4910 1285 4985 πλάνῇ
1318 4909 1703 4989 συμφέρεσθαι.

494 5017 838 5095 Συμφέροιτο
871 5015 917 5072 δ’
946 5016 1005 5072 ἂν
1068 5020 1136 5091 τῇ
1186 5015 1365 5090 πλάνῃ
1422 5020 1491 5089 τῇ
1544 5015 1757 5071 ἐκείνων
1809 5015 1866 5078 6'4
1929 5020 2073 5093 παρά

420 5109 527 5162 τῶν
563 5106 719 5176 ἱερῶν
753 5105 1105 5182 Εὐαγγελίων
1136 5104 1185 5160 ἔν
1217 5126 1277 5161 τε
1296 5109 1375 5176 τῷ
1414 5099 1680 5177 συμϐόλῳ
1708 5112 1810 5174 τῆς
1841 5107 2071 5170 πίστεως

421 5194 711 5270 ἀναμαθὼν
770 5196 927 5272 παρὰ,
960 5196 1166 5269 Πατρὸς
1219 5193 1646 5269 ἐκπορευόμενον
1711 5194 1775 5249 16
1852 5201 2072 5268 Πνεῦμα

421 5285 483 5339 16
516 5284 689 5359 ἅγιον,
737 5284 830 5339 εἶτ’
874 5283 1039 5346 ἐνίοις
1086 5287 1191 5338 τῶν
1248 5282 1413 5359 ἀγίων
1461 5281 1803 5357 ἐντυγχάνων
1846 5282 1914 5337 δι’
1946 5284 2071 5340 Υἰοῦ

422 5372 568 5448 παρὰ
615 5374 822 5449 11011964
873 5372 1298 5448 ἐκπορευόμενον
1354 5368 1591 5446 λέγουσι,
1634 5373 1958 5447 προχεῖσθάί
2011 5395 2072 5429 τε

423 5457 706 5523 ούσιωδῶς
735 5462 825 5516 καὶ
855 5460 1173 5539 πεφηνέναι,
1204 5460 1239 5528 ἢ
1278 5457 1368 5513 καὶ
1415 5458 1659 5532 προϊέναι
1720 5461 1811 5514 καὶ
1857 5460 2069 5534 ἐκλάμ-

422 5568 541 5604 πειν
592 5548 642 5622 ἐξ
690 5549 916 5629 ἀμφοῖν,
960 5550 995 5620 ἢ
1056 5550 1131 5622 μὴ
1192 5552 1337 5622 ποιρά
1402 5546 1612 5623 Πατρὸς
1672 5544 1739 5602 δι’
1810 5548 1954 5623 Υἰοῦ,
2006 5552 2101 5615 ού,

421 5638 560 5714 πρὸς
586 5639 689 5708 τήτ
722 5639 887 5715 ὀρθὴν
938 5637 1215 5716 ἐκδέχεται
1262 5637 1359 5698 τὰς
1408 5635 1591 5712 ῥήσεις
1648 5634 1909 5709 διάνοιαν,
1944 5637 2070 5697 οὐδὲ

2184 4662 2417 4736 κάλυψιν
2446 4670 2547 4733 τῆς
2578 4662 2810 4725 πίστεως
2842 4663 3197 4738 ἐκτιθέμενος,
3252 4663 3320 4735 ἦν
3378 4668 3408 4721 ὁ
3464 4666 3627 4742 μέγας
3681 4663 3826 4738 εὐαγ-

2182 4749 2461 4827 γελιστῆς.
2509 4753 2767 4823 Ἰωάννης
2817 4752 3037 4816 ἐπιστὰς
3088 4753 3275 4828 ἐκείνῳ
3325 4753 3393 4809 δι’
3433 4749 3829 4816 61111101114661-

2185 4837 2332 4910 δαξεν
2358 4860 2371 4873 ·
2432 4843 2467 4909 ἡ
2501 4839 2559 4895 δέ
2582 4842 2747 4910 ἐστιν,
2779 4843 2871 4904 Εἷς
2932 4843 3061 4904 Θεὸς
3092 4845 3277 4919 Πατῆρ
3308 4843 3484 4920 Λόγευ
3520 4849 3716 4913 ζῶντος
3746 4859 3828 4894 σο·

2184 4928 2305 5006 φίας
2333 4931 2644 5007 ὑφεστώσης
2694 4930 2783 4985 καὶ
2827 4928 3107 5005 δυναμεως
3132 4932 3221 4986 καὶ
3255 4935 3607 5009 χαρακτῆρος
3638 4927 3826 5000 ἀϊδίου,

2181 5017 2389 5079 τέλειος
2436 5017 2650 5074 τελείου
2698 5023 2997 5097 γεννήτωρ,
3052 5024 3235 5096 ΙΙατῆρ
3284 5020 3412 5076 Υἰοῦ
3482 5015 3819 5097 μονογενοῦς,

2183 5109 2257 5169 εἷς
2308 5106 2525 5180 Κύριος,
2581 5107 2747 5181 μόνος
2811 5107 2871 5163 ἐκ
2919 5109 3106 5182 μόνου,
3169 5110 3296 5171 Θεὸς
3341 5110 3401 5165 ἐκ
3447 5108 3603 5182 Θεοῦ,
3659 5124 3826 5183 χαρα-

2180 5197 2317 5273 κτὴρ
2383 5196 2471 5250 καὶ
2523 5196 2680 5251 εἰκὼν
2727 5199 2826 5265 τῆς
2869 5197 3147 5271 θεότητος,
3171 5198 3347 5274 Λόγος
3378 5196 3642 5274 ἄναρχος,
3674 5193 3828 5272 σοφία

2179 5292 2280 5354 τῆς
2337 5290 2443 5340 τῶν
2503 5284 2647 5341 ὅλων
2708 5284 3011 5349 συστάσεως
3065 5289 3401 5363 περιεκτική,
3462 5287 3554 5342 καὶ
3608 5284 3825 5357 δύναμις

2178 5379 2277 5448 τῇς
2322 5374 2460 5444 ὅλης
2509 5374 2734 5436 κτίσεως
2783 5378 3069 5446 ποιητικὴ,
3118 5377 3239 5437 Υἱὸς
3279 5375 3539 5445 ἀληθινὸς
3570 5366 3824 5442 ἀληθινοῦ

2182 5465 2413 5537 Πατρὸς,
2463 5463 2693 5538 ἀόρατος
2758 5463 3009 5540 ἀοράτου,
3078 5464 3166 5520 καί
3227 5466 3495 5541 ἄφθαρτος
3536 5463 3818 5541 ἀφθάρτου,

2177 5553 2266 5608 καὶ
2297 5552 2556 5616 ἀθάνατος
2605 5552 2903 5625 ἀθανάτου,
2958 5556 3048 5610 καὶ
3081 5552 3279 5624 ἀίδιος,
3314 5550 3512 5610 ἀϊδίνυ.
3544 5555 3635 5607 Ἕν
3664 5545 3817 5607 Πνεῦο

2183 5662 2257 5715 μα
2308 5640 2455 5716 ἅγιον
2487 5640 2547 5696 ἐκ
2593 5639 2728 5698 Θεοῦ
2770 5643 2870 5712 τήν
2917 5641 3145 5720 ὕπαρξιν
3168 5642 3318 5718 ἔχον.
3350 5642 3451 5697 Καὶ
3482 5639 3658 5702 οὐδεὶς
3687 5638 3814 5714 ἔγνω
3846 5650 3857 5665 ³
