4108 6444
277 382 383 447 297

1260 381 1364 444 DE
1404 379 1944 446 PROGESSIONE
1988 379 2350 454 SPIRITUS
2395 382 2703 447 SANCTI.

3561 386 3684 448 298

269 478 355 569 τὸν
400 509 617 589 Πατέρα
660 510 708 567 εἰ
758 512 834 586 μὴ
886 512 917 566 ὁ
966 509 1110 575 Υἱός.
1162 512 1262 567 Καὶ
1308 513 1345 582 ἡ
1393 494 1555 589 Τριὰς
1605 512 1692 589 ὑφ’
1722 508 1916 581 ἑαυτῆς
1945 509 2180 592 Ατρός.
2211 496 2284 566 Οῦ
2338 506 2524 585 μόνον,
2560 510 2642 568 6'1:
2689 513 2749 569 ἐκ
2791 518 2890 587 τοῦ
2937 516 3148 592 Πατρὸς
3196 515 3562 592 ἐκπορεύεται·
3615 517 3680 575 o6

269 600 455 675 μόνηᾷ
479 602 824 679 γινώσκεται.
856 604 995 656 Νοῦν
1047 598 1123 673 δὲ,
1158 601 1312 679 φησὶ.
1359 598 1564 675 Κυρίου
1609 601 1692 664 τίς
1734 597 1918 678 ’ἔγνω;
1962 652 1967 659 .

261 690 348 747 ἐπὶ
395 687 456 747 δὲ
494 690 565 746 τὰ
614 686 818 766 ἔσχατα
862 696 963 761 τῆς
1027 689 1220 768 σοφίας
1282 689 1449 747 06106
1522 688 1606 753 τίς
1658 690 1919 767 ἀφίκετο;

259 779 360 836 Καὶ
385 779 435 836 εἰ
466 778 660 858 σοφίαν
694 779 999 856 ἀγνοοῦμεν
1043 783 1202 851 Θεοῦ,
1234 778 1325 834 καὶ
1383 779 1492 857 πρὸ
1548 782 1710 853 ἡμῶν
1762 779 1922 856 ἄγγε-

260 864 351 925 λοι
381 870 438 926 01
462 872 563 939 τῆς
595 867 944 945 ὑψηλοτέρας
983 867 1074 924 καὶ
1114 869 1450 946 νοερωτὲρας
1500 863 1648 931 ὄντες
1694 866 1922 944 θεωρίας

261 958 356 1014 καὶ
384 959 658 1034 γνώσεως,
691 962 811 1020 πῶς
867 955 927 1013 ἂν
955 956 1141 1021 αὐτοῖς
1175 962 1294 1021 τοῖς
1323 962 1424 1013 τοῦ
1470 961 1604 1013 Θεοῦ
1656 951 1919 1032 ἐμϐατεύ-

270 1063 489 1122 σωμενς
521 1045 618 1102 Διά
668 1050 834 1102 τοῦτο
883 1044 973 1101 ἐπὶ
1021 1051 1131 1101 τῶν
1181 1049 1457 1123 πατρικῶν
1503 1045 1645 1123 ὅρων
1703 1046 1922 1119 ἱστάμε-

270 1155 357 1192 νοι
416 1132 579 1210 μηδέν
633 1157 688 1192 τι
737 1133 905 1191 πλέον
954 1139 1064 1191 τῶν
1110 1140 1228 1197 τοῖς
1275 1134 1543 1212 Πατράσιν
1612 1133 1916 1211 εἰρημένων

270 1218 710 1300 ἐπιζητήσωμεν.
755 1222 1024 1303 Εἰρήκασι
1074 1216 1181 1299 μὲν·
1214 1223 1331 1302 γὰρ·
1363 1224 1626 1297 κάκεῖνοι,
1658 1222 1785 1280 ἀλλ’
1831 1222 1922 1302 ἀφ’

268 1308 469 1371 ἑαυτῶν
521 1315 618 1389 μὲν
664 1308 842 1388 οὐδὲν,
876 1311 977 1369 6'00:
1027 1309 1087 1369 δὲ
1133 1313 1195 1369 ἐκ
1232 1319 1333 1383 τῆς
1379 1313 1732 1378 θεοπνεύστου
1780 1318 1917 1387 Γρα-

265 1411 372 1484 φῆς
421 1399 812 1481 ἐδιδάχθησαν,
869 1404 906 1474 ἢ
954 1404 1102 1480 παρὰ
1140 1404 1239 1459 τοῦ
1287 1403 1555 1479 παναγίου
1602 1402 1918 1478 ἐμυήθησαν

261 1492 603 1567 Πνεύματος.
629 1494 711 1548 Τὰ
758 1490 806 1548 δ’
854 1490 1015 1555 ἄλλα,
1046 1488 1221 1562 ἔθετο,
1252 1490 1409 1571 φησὶ,
1439 1491 1639 1554 σκότος
1679 1491 1918 1567 ἀποκρυ-

266 1584 374 1661 φὴν
404 1580 594 1638 αὐτοῦ·
646 1581 741 1638 καὶ
784 1581 868 1645 τίς
912 1585 993 1655 τῷ
1042 1576 1444 1658 ὑπερϐάλλοντι
1489 1578 1631 1660 φωτί
1676 1582 1778 1651 τῆς
1822 1576 1917 1634 ’δό-

263 1676 362 1746 ξης
392 1671 660 1741 ἀτενίσας,
691 1671 783 1727 καὶ
816 1668 957 1745 μηδὲ
982 1675 1053 1746 τῇ
1080 1670 1254 1747 πέτρᾳ
1293 1670 1611 1734 σκεπασθεὶς
1658 1670 1750 1725 τὸν
1800 1668 1920 1734 ’θεό-

256 1781 403 1833 πτην
483 1761 723 1838 ὑπερῆρε
787 1762 1019 1832 Μωσῆν,
1092 1758 1258 1834 μόλις
1322 1757 1758 1816 κατοπτεύσαντα
1822 1761 1918 1813 τοῦ

258 1853 398 1907 Θεοῦ
426 1848 500 1906 τὰ
526 1848 748 1905 ὀπίσθια
770 1868 784 1921 ;
1067 1866 1071 1873 ‘

334 1957 402 2013 Οἳ
431 1952 493 2012 δὲ
519 1952 611 2012 καὶ
639 1957 781 2032 πρὸς
807 1955 871 2011 τὸ
903 1954 1070 2030 μόνος
1119 1954 1436 2028 ἐνίστανται,
1469 1955 1561 2011 καὶ
1614 1954 1669 2010 τί
1714 1952 1939 2027 καινὸνι

262 2048 449 2127 φασὶν,
482 2045 591 2102 ἀπὸ
646 2050 743 2102 τοῦ
800 2044 996 2122 λόγου,
1018 2044 1075 2100 εἰ
1138 2040 1305 2121 μόνον
1372 2041 1517 2101 οὕτω
1568 2043 1661 2101 τὸν
1711 2043 1925 2118 Πατέρα

260 2132 638 2241 παραδίδωσιν
698 2130 870 2190 αἴτιον
896 2153 923 2205 ;·
980 2130 1158 2191 Μόνον
1225 2133 1327 2211 γὰρ
1386 2133 1477 2189 καὶ
1501 2132 1624 2240 ’τὸν
1688 2137 1926 2241 ξωτῆρα

262 2217 520 2302 χορηγὸν
545 2228 645 2281 τοῦ
675 2222 995 2297 Πνεύματος
1037 2223 1065 2277 6
1114 2222 1282 2300 μέγας
1323 2219 1636 2284 Ἀθανάσιος
1685 2217 1922 2298 εἷ’ρηκεν,

268 2314 378 2391 οὑχ
407 2310 493 2370 ὅτι
527 2314 605 2387 μὴ
636 2313 729 2368 καὶ
758 2311 787 2367 6
824 2312 1013 2389 Πατὴρ
1061 2309 1309 2388 χορηγός
1331 2310 1335 2315 ’
1358 2309 1469 2365 ἐστι
1494 2332 1498 2337 θ
1526 2312 1625 2365 τοῦ
1680 2306 1927 2382 Πνεύμα-

265 2397 389 2467 τος.
415 2402 580 2479 Λέγει
613 2399 671 2457 δὲ
698 2400 872 2457 καὶέν
924 2398 1286 2476 Εὑαγγελίοις
1335 2400 1363 2454 6
1405 2398 1604 2475 Κύριος
1651 2397 1776 2474 περὶ
1822 2402 1925 2466 τῆς

267 2492 487 2568 ἡμέρας
520 2488 733 2561 ἐκείνης
783 2490 873 2545 καὶ
917 2495 1019 2559 τῆς
1070 2488 1240 2566 ὥρας,
1275 2485 1485 2562 μηδένα
1530 2484 1748 2556 εἰδέναι,
1785 2481 1927 2559 μηδὲ

263 2581 395 2645 τοῦς
424 2579 701 2660 ’ἀγγέλους
733 2577 1031 2651 αὐτοὺς,ἐί
1075 2578 1153 2652 μὴ
1196 2575 1291 2633 τόν
1336 2575 1549 2654 Πατέρα
1598 2574 1788 2649 μόνον,
1820 2572 1929 2649 οὑχ

264 2670 343 2733 ὡς
397 2669 728 2746 ἀγνοοῦντος
776 2666 993 2730 πάντως
1034 2669 1133 2722 τοῦ
1180 2664 1401 2738 Υἲοῦ,‹ἣ
1457 2666 1707 2740 μήνντοῦ
1756 2682 1926 2718 πανα-

261 2757 388 2837 γίου
437 2755 782 2832 Πνεύματος.
833 2754 934 2810 Καὶ
973 2756 1126 2819 αυθις
1169 2754 1198 2809 ὁ
1242 2754 1367 2818 Υἱὸς
1416 2755 1555 2831 πρὸς
1601 2754 1694 2808 τὸν
1737 2752 1929 2807 ἑαυτοῦ

264 2848 486 2925 Πατέρα
514 2846 703 2925 φησὶν,
737 2842 889 2916 Αὕτη
949 2843 1089 2900 ἐστὶν
1120 2845 1156 2913 ἡ
1189 2842 1410 2906 αἰώνιος
1467 2843 1581 2913 ζωὴ
1626 2840 1722 2897 ’ίνα
1772 2840 1931 2918 γινώ-

266 2955 439 2993 σκωσι
470 2935 532 2990 σὲ
557 2933 653 2990 τὸν
683 2933 846 3008 μόνον
875 2930 1134 3002 ἀληθινὸν
1179 2932 1308 2988 Θεὸν
1360 2930 1450 2987 καὶ
1498 2931 1558 2986 ’ὸν
1607 2927 1930 2991 ἀπέστειλας

265 3028 487 3096 Ἰησοῦν
536 3022 793 3099 Χριστόν.
833 3021 899 3077 Εἰ
960 3021 1128 3097 μόνος
1174 3019 1444 3092 ’ἀληθινὸς
1499 3019 1627 3083 Θεὸς
1659 3019 1929 3101 Πατὴρ,

271 3119 398 3177 πῶς
455 3113 586 3176 Θεὸς
634 3111 727 3167 καὶ
775 3111 805 3166 6
852 3111 978 3174 Υἱὸς
1024 3109 1117 3167 καὶ
1161 3111 1224 3166 τὸ
1272 3113 1531 3184 Πνεῦμα;
1580 3107 1801 3185 Λέγεται
1851 3104 1930 3179 δὲ,

279 3202 470 3283 φασὶν,
494 3201 602 3257 ἐκεῖ
631 3201 729 3276 μὲν
767 3199 853 3256 6'1:
887 3198 1031 3256 πᾶσά
1075 3196 1161 3262 τις
1216 3192 1371 3275 ἑτέρα
1410 3202 1614 3275 γνῶσις
1659 3200 1769 3254 τῶν
1819 3217 1935 3273 γεν-

282 3288 745 3368 νητῶντέξαργεῖ,
805 3288 1031 3345 ἐνταῦθα
1088 3286 1147 3344 δὲ
1196 3285 1287 3345 ’ίνα
1338 3292 1445 3351 πᾶς
1501 3308 1585 3351 τις
1638 3286 1934 3365 ἓτεροφυὴς

291 3379 428 3443 Θεὸς
483 3379 892 3454 ἀποπέμπηται.
954 3375 1150 3440 Καλῶς
1228 3377 1326 3452 μὲν
1395 3375 1485 3433 ἐπὶ
1552 3374 1782 3446 τούτων,
1842 3373 1942 3430 οὑκ

286 3467 544 3548 ἀσφαλῶς
574 3466 633 3525 δὲ
663 3467 790 3525 ὅταν
822 3467 947 3545 περὶ
999 3467 1175 3522 αὐτῶν
1201 3472 1429 3536 ποιῆται
1456 3468 1567 3521 τῶν
1628 3462 1943 3539 ἰδιωμάτων

284 3559 388 3627 τὴν
421 3553 775 3613 διδασκαλίαν
804 3556 842 3625 ἢ
872 3551 1160 3630 θεολογίαν
1205 3556 1235 3610 6
1267 3552 1433 3630 λόγος
1478 3557 1586 3609 τῶν
1637 3554 1944 3629 θεαρχικῶν

289 3645 661 3703 ὑποστάσεων.
691 3643 874 3706 Μόνος
904 3643 933 3698 6
989 3643 1179 3717 Πατὴρ
1244 3641 1561 3717 ἀγέννητος,
1593 3640 1676 3696 6'1:
1734 3641 1763 3696 6
1820 3639 1946 3702 Υἱὸς

286 3735 571 3811 γεννητὸς,
599 3734 666 3790 τὸ
692 3730 753 3789 δὲ
797 3736 1019 3806 Πνεῦμα
1066 3730 1410 3809 ἐκπορευτόν.
1441 3730 1597 3802 Μόνη
1651 3731 1820 3805 πηγὴ.
1857 3727 1947 3784 καὶ

290 3824 419 3903 ῥίζα
472 3824 607 3879 Υἱοῦ
650 3821 743 3879 καὶ
807 3819 1124 3896 Πνεύματος
1177 3821 1206 3876 6
1254 3821 1465 3896 Πατὴρ,
1506 3819 1589 3875 ὅτι
1656 3819 1734 3894 μή
1794 3819 1946 3895 πηγή

287 3910 441 3988 μηδὲ
497 3911 623 3990 ῥίζα
685 3913 785 3980 τῆς
845 3909 1103 3981 θεότητος
1161 3909 1191 3964 6
1247 3909 1389 3979 Υἱὸς,
1420 3908 1457 3979 ἢ
1497 3908 1561 3963 τὸ
1612 3911 1835 3981 Πνεῦμα
1885 3906 1950 3962 τὸ

283 4004 476 4079 ἅγιον.
508 4000 688 4077 Ἀρχὴ
746 4000 849 4077 γὰρ
898 3996 1036 4069 ὅλης
1088 4004 1192 4069 τῆς
1236 3997 1495 4069 θεότητος
1542 3998 1571 4052 6
1616 3998 1830 4072 Πατὴρ,
1860 3992 1952 4051 καῒ

288 4091 396 4167 μία
437 4089 591 4166 ἀρχὴ
640 4087 732 4145 καὶ
785 4087 884 4162 μία
929 4085 1096 4147 αἰτία.
1135 4091 1313 4144 Ταῦτα
1349 4084 1653 4162 λεγόμενος
1681 4085 1709 4139 6
1738 4085 1952 4160 Πατὴρ,

283 4180 515 4243 τούτοις
570 4178 664 4235 καὶ
717 4176 802 4251 τῷ
853 4177 1137 4253 ἀγεννήτῳ
1189 4197 1251 4233 τε
1304 4174 1397 4233 καὶ
1433 4174 1659 4249 ἀναιτίῳ
1687 4179 1786 4230 τοῦ
1824 4174 1955 4229 1‘106

287 4268 518 4326 καὶτοῦ
546 4264 863 4342 Πνεύματος
921 4263 1318 4339 διαστέλλεται,
1351 4262 1414 4320 o6
1462 4267 1573 4319 τῶν
1631 4261 1885 4320 ἀντιθέων
1916 4263 1953 4332 ἢ

289 4358 393 4413 καὶ
447 4353 800 4432 ψευδομένων
859 4356 1037 4411 θεῶνι⁴
1066 4355 1142 4409 ⁸Ο’
1186 4353 1281 4427 μὲν
1326 4352 1712 4431 ’γὰρ”Πατήρ,
1771 4350 1955 4430 φησὶν,

290 4443 547 4509 ἀναίτιος
573 4444 665 4501 καὶ
693 4444 1008 4519 ἀγέννητος,
1041 4441 1106 4499 06
1133 4441 1261 4519 76.0
1286 4438 1348 4497 ἔκ
1386 4461 1557 4513 τινος,
1590 4437 1718 4496 οὐδὲ
1761 4439 1815 4513 ἐξ
1862 4438 1956 4495 06-

286 4539 402 4592 τοῦ
446 4534 512 4590 τὸ
560 4532 697 4589 εἶναι
742 4518 881 4609 ἔχει’
933 4532 965 4588 6
1011 4528 1072 4587 δὲ
1115 4518 1263 4594 Υἱὸς
1290 4530 1352 4586 ἐκ
1393 4533 1491 4586 τοῦ
1531 4531 1745 4607 Πατρὸς
1770 4548 1961 4604 γεννη-

1950 1894 2000 1958 Β

2034 599 2168 673 μετὰ
2217 605 2312 655 τοῦ
2356 603 2591 679 Πατρὸς,
2620 601 2703 658 6'1:
2758 601 2919 676 μόνος
2965 601 3137 659 αἷίτιος
3177 606 3206 660 6
3237 607 3444 679 Πατήρ.
3472 608 3677 683 ’Ὠσπερ

2030 688 2141 744 ἐκεῖ
2199 689 2347 766 ῥίζα
2372 691 2461 747 καὶ
2517 694 2674 767 πηγή
2741 692 2906 766 μόνος
2963 691 3531 770 λεγόμενοςὸΠατὴρ
3579 700 3679 751 τοῦ

2028 777 2157 832 Υἱοῦ
2185 779 2276 834 καὶ
2323 784 2422 836 τοῦ
2479 780 2745 858 παναγίου
2810 781 3124 857 Πνεύματος
3181 780 3520 839 διεστέλλετο
3584 784 3678 840 τὸν

2028 867 2188 922 αὑτὸν
2236 867 2465 924 ἐνταῦθα
2516 869 2718 946 τρόπον
2783 865 2951 944 μόνος
3006 869 3178 934 αἷίτιος
3234 871 3524 947 εἰρημένος
3579 876 3701 928 τοῦ-

2010 956 2158 1011 Υἰοῦ
2188 953 2583 1014 διαστέλλεταισ
2624 956 2749 1015 οὔτε
2795 957 2854 1014 δὲ
2901 960 3013 1015 ἐκεῖ
3067 960 3429 1037 ἐτεροουσίου,
3464 960 3678 1036 μᾶλλον

2030 1042 2089 1100 δὲ
2121 1042 2384 1118 μηδόλως
2415 1043 2586 1119 οῦσης
2617 1048 2862 1105 ἀντιθέου
2895 1048 3175 1122 θεότητος,
3210 1046 3335 1106 0615
3364 1048 3422 1106 δὲ
3459 1049 3512 1106 ἐν
3558 1049 3688 1105 τυύ-

2024 1150 2141 1197 τοις
2198 1135 2522 1214 ἐτεροφυοῦς
2580 1136 2670 1191 καὶ
2728 1135 3029 1214 ἀλλοτρίου
3098 1140 3419 1216 προσώπου.
3477 1141 3686 1195 Ἐκεῖνο

2028 1220 2089 1278 δὲ
2115 1229 2304 1280 πιστοῖ
2330 1224 2400 1283 τὰ
2428 1222 2723 1300 λεγόμενα,
2760 1224 2929 1300 μηδὲν
2962 1230 3132 1298 ἧττον
3160 1228 3250 1284 καὶ
3281 1228 3415 1284 αὐτά
3461 1228 3511 1301 ἐξ
3561 1230 3685 1284 ἐαυ-

2023 1315 2131 1368 τῶν
2176 1314 2278 1383 τήν
2310 1314 2488 1369 πίστιν
2522 1315 2853 1392 παρέχοντα.
2886 1316 3110 1394 Ἐρρέθη
3173 1314 3231 1372 δὲ
3284 1318 3375 1373 καὶ
3430 1317 3686 1395 ἀνωτέρω

2028 1399 2129 1457 ὅσα
2176 1399 2295 1478 ἔχει
2346 1404 2375 1458 6
2422 1405 2608 1479 Πατὴρ
2656 1408 2752 1459 τοῦ
2801 1405 2931 1460 Υἱοῦ
2969 1403 3116 1475 πλὴν
3163 1408 3265 1476 τῆς
3304 1406 3499 1470 αἰτίας.
3530 1407 3689 1470 Τίνος

2028 1488 2205 1546 ἄλλου
2234 1490 2397 1569 χάριν
2427 1492 2528 1561 τήν
2562 1489 2861 1563 διαστολὴν
2906 1493 3108 1565 ταύτην
3158 1494 3491 1567 πεποίηται;
3525 1494 3688 1551 Οὐδε-

2024 1580 2115 1642 νὸς
2174 1576 2240 1650 δὴ
2294 1582 2530 1654 πάντως,
2569 1581 2605 1650 ἢ
2634 1585 2734 1637 τοῦ
2781 1578 3006 1658 ἔχοντος
3039 1582 3108 1639 τὰ
3134 1585 3308 1639 πάντα
3336 1585 3484 1654 Υἱοῦ,
3513 1583 3612 1639 6'00
3655 1584 3683 1639 6

2027 1674 2292 1745 γεννῆσας
2355 1671 2565 1747 Πατὴρ,
2620 1668 2766 1739 πλὴν
2818 1678 2919 1742 τῆς
2947 1665 3147 1735 αἰτίαςξ
3180 1672 3370 1736 Δΐτίας
3407 1670 3467 1728 δὲ
3493 1672 3675 1745 τίνος;

2025 1760 2135 1827 Τῆς
2164 1765 2486 1829 ποιητικῆς,
2518 1756 2665 1814 ἀλλὰ
2713 1759 2890 1835 χωρὶς
2934 1765 3043 1816 τῶν
3092 1761 3390 1838 εἰρημένων
3424 1763 3453 1816 ὁ
3483 1763 3673 1838 Πατήρ

2029 1843 2121 1901 διὰ
2144 1850 2243 1902 τοῦ
2271 1847 2450 1923 Λόγου
2482 1846 2535 1903 ἐν
2568 1846 2843 1922 Πνεύματι
2885 1849 3029 1926 ἁγίῳ
3069 1851 3138 1905 τὰ
3184 1849 3357 1905 πάντα
3403 1855 3572 1921 ποιεῖ,
3603 1850 3682 1914 ὡς

2031 1935 2061 1989 6
2095 1935 2263 2010 μέγας
2317 1932 2419 2013 ἔφη
2478 1938 2579 2006 τῆς
2637 1936 2923 1999 ἀθανασίας
2979 1937 3290 2011 ἐπώνυμος.
3325 1939 3577 1994 Λείπεται
3626 1935 3686 1994 δὲ

2028 2030 2133 2094 τῆς
2189 2031 2421 2104 φυσικῆς
2478 2024 2697 2099 ἐννοεῖν,
2729 2025 2876 2082 ἀλλὰ
2925 2033 3029 2097 τῆς
3055 2026 3220 2083 06106
3247 2030 3345 2082 106
3375 2028 3526 2084 Υἱοῦ.
3584 2027 3685 2083 Καὶ

2030 2115 2194 2168 τοῦτο
2216 2110 2415 2185 δῆλον,
2443 2112 2694 2189 προῆλθε
2719 2114 2822 2191 γὰρ
2855 2114 2916 2170 ἐκ
2943 2119 3042 2170 τοῦ
3070 2117 3279 2191 Πατρὸς
3327 2114 3444 2181 ὅθεν
3500 2119 3686 2195 γεγέν-

2032 2220 2213 2273 νηται.
2256 2200 2433 2270 Δῆλον
2493 2199 2552 2257 δὲ
2607 2200 2693 2257 61:
2728 2202 2819 2258 καὶ
2846 2207 2944 2259 τοῦ
2974 2203 3311 2278 Πνεύματος.
3336 2206 3538 2284 Ἄμφω
3582 2205 3685 2282 γὰρ
3746 2224 3751 2229 ι

2035 2290 2095 2345 ἐκ
2146 2294 2244 2345 τοῦ
2288 2291 2520 2365 Πατρὸς,
2553 2290 2582 2345 6
2635 2292 2730 2364 μὲν
2778 2298 3072 2367 γεννητῶς,
3102 2293 3167 2348 τὸ
3209 2291 3269 2349 δὲ
3321 2292 3684 2371 ἐκπορευτῶς,

2036 2379 2111 2442 ὡς
2140 2376 2416 2442 πολλάκις
2446 2376 2657 2455 εἴρηκεν
2691 2382 2719 2435 6
2752 2379 2938 2457 λόγος,
2969 2386 3048 2455 τῷ
3078 2387 3296 2457 συνεχεῖ
3321 2389 3426 2453 τῆς
3458 2385 3685 2457 μνήμης

2038 2468 2276 2545 ἁγιάζων
2303 2471 2412 2523 τῶν
2446 2466 2718 2544 λεγόντων
2746 2469 2783 2539 ἢ
2812 2469 2903 2524 καὶ
2936 2469 3242 2527 ἀκουόντων
3275 2469 3365 2527 τὸν
3399 2476 3551 2530 νοῦν.

2110 2572 2290 2631 Ἀλλὰ
2331 2575 2399 2630 τὰ
2440 2566 2711 2649 ὁμώνυμα
2757 2575 2948 2631 αὐτίκα
3003 2580 3111 2632 τῶν
3179 2576 3397 2652 λέξεων,
3449 2576 3688 2657 πέφηνεν

2039 2662 2099 2719 ἐκ
2147 2667 2245 2718 τοῦ
2300 2663 2513 2739 Πατρὸς
2541 2664 2569 2718 6
2616 2664 3042 2743 I‘16q,-1téq>'qv5v
3105 2665 3164 2720 ἐκ
3215 2670 3314 2721 τοῦ
3368 2668 3582 2742 Πατρὸς
3621 2666 3686 2722 τὸ

2037 2756 2259 2826 Πνεῦμα
2315 2752 2378 2807 τὸ
2436 2753 2611 2830 ἅγιον,
2658 2752 2933 2829 προῆλθεν
2992 2753 3051 2809 ἐκ
3100 2756 3312 2832 Πατρὸς
3368 2755 3397 2809 6
3452 2755 3688 2827 1160,16

2039 2845 2260 2915 Πνεῦμα
2311 2842 2375 2897 τὸ
2431 2841 2608 2917 ἅγιον,
2667 2839 2968 2918 ἐξέλαμψεν
3018 2841 3215 2899 ἐκεῖθεν
3272 2844 3335 2898 τὸ
3397 2844 3689 2919 μονογενὲς

2040 2933 2179 3008 φῶς,
2210 2927 2509 3004 ἐξέλαμψεν
2547 2929 2746 2995 ἐκεῖθεν
2803 2931 2868 2986 τὸ
2919 2929 3268 3006 παράκλητον
3324 2936 3460 3011 φῶς,
3487 2931 3577 2988 καὶ
3623 2933 3734 2987 τιδι’

2043 3018 2307 3075 ἐνεστῶτα
2332 3018 2424 3073 καὶ
2468 3014 2641 3074 ἀίδιον
2671 3020 2773 3089 την
2807 3016 3050 3091 δήλωσιν
3108 3015 3309 3096 ἔχοντα
3365 3020 3426 3076 ἐκ
3480 3021 3695 3096 Πατρὸς

2042 3106 2324 3186 ἀμφότερα
2369 3106 2634 3184 πρόεισιν,
2667 3106 2727 3163 ἐκ
2772 3108 2984 3184 Πατρὸς
3035 3109 3384 3186 προέρχεται,
3424 3107 3694 3184 ἐκλάμπει

2046 3196 2108 3253 ἐκ
2150 3196 2381 3272 Πατρὸς,
2441 3194 2760 3253 καὶτᾶλλα
2814 3195 2912 3251 ὅσα
2957 3200 2994 3269 ἡ
3055 3199 3240 3276 Γραφή
3302 3197 3354 3253 ἐν
3415 3196 3697 3277 διαφόροις

2046 3284 2360 3361 παρίστησι.
2390 3285 2606 3341 Τούτων
2664 3283 2721 3341 δὲ
2777 3283 2921 3342 οὕτω
2968 3307 3030 3362 γε
3080 3288 3345 3361 κειμένων
3393 3287 3484 3343 καὶ
3539 3285 3697 3364 λεγο-

2054 3375 2223 3450 μένων
2256 3371 2371 3429 ’ἐπὶ
2428 3378 2525 3430 τοῦ
2580 3374 2793 3452 Πατρὸς
2850 3373 2940 3430 ὅτε
2973 3397 3059 3439 τις
3089 3374 3263 3432 ἐθέλει
3294 3372 3497 3446 δηλοῦν
3529 3375 3612 3432 ὅτι
3643 3374 3697 3447 ἐξ

2052 3464 2216 3520 αὑτοῦ
2245 3464 2274 3519 6
2305 3465 2424 3527 Υἱὸς
2454 3463 2544 3519 καὶ
2570 3465 2634 3519 τὸ
2680 3464 2943 3541 πανάγιον
2992 3468 3212 3539 Πνεῦμα
3263 3464 3353 3520 καὶ
3407 3467 3508 3536 τὴν
3563 3464 3700 3520 ἐκεῖ-

2054 3565 2140 3618 θεν
2201 3554 2409 3608 τούτων
2472 3552 2851 3627 σημαινόντων
2938 3552 3174 3631 ἐναργῶς
3226 3553 3472 3632 ὕπαρξιν,
3528 3555 3614 3618 τίς
3669 3556 3699 3610 6

2055 3641 2219 3718 λόγος
2249 3642 2295 3696 εἰ
2324 3640 2416 3696 καὶ
2443 3639 2529 3696 ἐπὶ
2567 3645 2664 3697 τοῦ
2708 3642 2838 3697 Υἱοῦ
2895 3639 3182 3718 λέγοιντο;
3213 3641 3301 3698 ὅτε
3358 3641 3616 3713 δηλονότι
3648 3643 3701 3717 ἐξ

2056 3731 2259 3810 ἀμφοῖν
2287 3729 2509 3806 εὕρηται
2555 3729 2718 3793 ἐνίοις
2776 3730 3059 3806 εἰρημένον
3115 3736 3221 3788 τῶν
3279 3730 3446 3809 ἀγίων
3506 3733 3701 3810 προϊὸν

2054 3821 2120 3876 τὸ
2148 3822 2370 3893 Πνεῦμα
2394 3820 2457 3874 τὸ
2504 3819 2674 3897 ἅγιον,
2704 3820 2975 3875 τουτέστιν
3030 3819 3090 3877 ἐκ
3139 3821 3351 3898 Πατρὸς
3403 3821 3495 3877 καὶ
3550 3823 3703 3893 Υἱοῦ,

2058 3909 2096 3978 ἢ
2131 3908 2239 3982 μὴν
2271 3908 2418 3985 παρᾶ
2445 3908 2655 3984 Πατρὸς
2687 3904 2759 3963 δι’
2786 3908 2932 3981 Υἱοῦ,
2964 3909 3001 3978 ἢ
3045 3908 3136 3964 καὶ
3184 3910 3446 3988 πεφηνὸς,
3476 3910 3567 3966 καὶ
3617 3909 3708 3966 ἐκ·

2062 3994 2283 4072 λάμπον
2332 3996 2423 4052 καὶ
2463 3995 2898 4072 προερχόμενον,
2930 3994 2968 4067 ἤ
2998 3997 3103 4052 κάκ
3144 4005 3249 4068 τῆς
3294 3998 3480 4061 οὐσίας
3530 4000 3710 4078 ἀμφο-

2060 4087 2231 4163 τέρων
2293 4084 2560 4161 ὑπάρχον·
2593 4082 2630 4156 ἤ
2660 4084 2825 4142 πάλιν
2885 4085 2945 4141 ἐκ
2999 4087 3211 4164 Πατρὸς
3266 4088 3357 4143 καὶ
3410 4089 3557 4162 Υἱοῦ,
3604 4087 3709 4165 ούγ

2065 4173 2246 4251 ὥσπερ
2277 4172 2384 4228 ἀπὸ
2438 4177 2536 4228 τοῦ
2592 4174 2824 4250 Πατρὸς,
2858 4172 3001 4229 οὕτω
3059 4171 3127 4244 δὴ
3184 4174 3275 4230 καὶ
3321 4173 3427 4230 ἀπὸ
3455 4181 3553 4231 τοῦ
3582 4176 3711 4231 1‘106

2064 4258 2211 4341 ἔχειν
2245 4259 2633 4338 ὁμολογεῖσθαι
2662 4263 2763 4332 τὴν
2794 4260 3041 4338 ὕπαρξιν.

2133 4371 2312 4424 Ἔστω
2370 4363 2429 4423 δὲ
2483 4368 2630 4441 παρά
2673 4369 2884 4445 Πατρὸς
2916 4365 2986 4423 δι’
3014 4370 3161 4429 Υἱοῦ.
3195 4374 3417 4448 Πρῶτον
3482 4372 3577 4447 μὲν
3630 4392 3714 4427 οτι

2072 4458 2150 4533 μὴ
2176 4457 2240 4513 τὸ
2271 4455 2331 4512 ἔκ
2354 4477 2504 4520 τινος
2562 4456 2809 4533 ὑπάρχον
2863 4454 2974 4530 ἤδη
3039 4454 3155 4536 ἔχει
3206 4459 3297 4515 καὶ
3344 4460 3444 4531 τὴν
3490 4459 3714 4538 ὕπαρξιν

2070 4546 2294 4620 ἐκεῖθεν,
2327 4543 2537 4623 εἴρηται
2566 4546 2669 4624 γὰρ
2700 4547 2974 4621 ἀνωτέρω,
3006 4546 3136 4604 ἀλλ’
3164 4546 3248 4604 6'1:
3299 4553 3369 4604 τὰ
3411 4550 3511 4619 τὴν
3543 4548 3717 4626 ῦπαρ-

293 4628 438 4686 τῶς-
464 4623 537 4717 Τὸ
588 4619 922 4717 δξιῐξνεῦμα
974 4619 1040 4676 τὸ
1094 4620 1244 4717 ιον
1440 4616 1572 4717 ξίῦτδ
1628 4617 1741 4717 “Et
1756 4616 1816 4672 ἐκ
1861 4619 1962 4717 Ξοῖξ
1992 4624 2039 4689 D
2070 4633 2147 4708 ξιν
2194 4616 2395 4711 ἔχοντα
2447 4616 2683 4712 ὑπάρχει
2711 4657 2773 4711 γε
2802 4616 3024 4708 ἐκεῖθεν,
3049 4635 3165 4692 ὅθεν
3220 4633 3400 4713 ἔσχων
3454 4616 3723 4717 εἰληφότα

296 4713 547 4790 Πατρὸς,
607 4709 735 4767 ἀλλ’
793 4709 855 4767 06
910 4712 1201 4787 γεννητῶς,
1258 4705 1407 4764 611"
1443 4705 1803 4785 ἐκπορευτῶς.
1861 4703 1964 4761 Καὶ

299 4800 470 4868 αὖθις
513 4802 578 4858 τὸ
619 4804 845 4875 Πνεῦμα
883 4800 946 4854 τὸ
996 4799 1151 4874 ἅγιον
1202 4800 1425 4871 Πνεῦμα
1469 4801 1567 4852 τοῦ
1623 4796 1858 4872 Πατρὸς,
1887 4795 1966 4859 ὡς

293 4890 368 4948 ἐκ
396 4893 497 4945 τοῦ
545 4888 760 4964 Πατρὸς
808 4886 1262 4961 ἐκπορευόμενον,
1292 4884 1383 4941 καὶ
1429 4885 1558 4940 Υἳοῦ
1616 4882 1673 4940 δὲ
1722 4888 1964 4958 Πνεῦμα,

296 4979 423 5055 οὐχ
451 4978 530 5042 ὡς
558 4977 610 5050 ἐξ
654 4977 842 5047 06106,
873 4974 999 5033 ἀλλ’
1041 4974 1117 5038 ὡς
1168 4971 1239 5030 δι’
1285 4973 1455 5030 06106
1503 4974 1563 5030 ἐκ
1610 4978 1708 5029 τοῦ
1756 4974 1966 5049 Πατρὸς

298 5066 769 5145 ἐκπορευόμενον,
824 5064 988 5139 μόνος
1036 5066 1140 5141 γὰρ
1203 5060 1375 5126 αἴτιος
1419 5064 1449 5118 6
1497 5065 1708 5139 Πατήρ.
1766 5063 1968 5138 Μόνος,

299 5157 399 5214 ὅτι
434 5157 515 5231 μὴ
547 5158 639 5212 καὶ
669 5157 698 5212 6
731 5155 858 5218 Υἱὸς
887 5151 1082 5217 αἷίτιος.

385 5259 683 5341 Πρόδηλος
711 5264 748 5333 ἡ
777 5265 888 5317 τῶν
921 5256 1228 5337 λεγομένων
1274 5255 1592 5323 ἀκολουθία.
1624 5257 1810 5314 Εἰπὼν
1867 5258 1971 5335 γὰρ

299 5353 400 5409 ὅτι
450 5351 514 5408 ἐκ
557 5352 773 5429 Πατρὸς
804 5347 877 5405 δι’
923 5349 1052 5404 Υὶοῦ
1092 5350 1194 5420 τὴν
1237 5346 1471 5422 ὑποψίαν
1520 5352 1693 5403 πᾶσαν
1739 5344 1968 5403 ἀνεῖλεν.

268 5440 527 5500 ῖΕϊκαί
565 5438 640 5497 δι’
685 5440 817 5495 r106
858 5436 922 5494 16
964 5442 1182 5512 Πνεῦμα
1226 5437 1377 5513 παρὰ
1420 5437 1632 5514 Πατρὸς
1691 5434 1977 5511 ἐκπορεύε-

299 5530 717 5608 σθαιλέγεται,
748 5526 898 5586 ἀλλά
926 5548 991 5603 γε
1028 5525 1119 5600 δὴ,
1152 5525 1308 5605 φησὶ,
1347 5525 1422 5599 μὴ
1480 5520 1653 5602 γάϐῃς
1691 5522 1841 5587 ὅλως
1899 5523 1977 5587 εἰς

290 5626 437 5681 νοῦν
477 5618 655 5678 αἴτιον
701 5616 996 5694 τυγχάνειν
1042 5617 1135 5672 τὸν
1183 5621 1469 5691 Μονογενῆ
1507 5618 1588 5688 τῷ
1628 5613 1979 5691 Παρακλήτῳ

297 5713 403 5771 ἐπὶ
430 5714 635 5789 τῇτοῦ
684 5707 825 5765 εἶναι
866 5702 1126 5783 προόδῳ,
1152 5704 1192 5778 ἢ
1228 5703 1418 5780 μόνον,
1446 5703 1484 5776 ἢ
1519 5704 1656 5780 μετὰ
1708 5706 1812 5762 τοῦ
1867 5708 1979 5762 Πα-

646 5810 912 5900 Pin-mon.
963 5835 1077 5898 Gn.
1120 5812 1353 5901 CXLII.
1447 5826 1453 5837 “

2070 4726 2171 4794 τὴν
2228 4724 2475 4800 ὕπαρξιν.
2538 4725 2797 4800 Ὑπάρχει
2856 4726 2958 4803 γὰρ
3013 4727 3120 4781 κάκ
3181 4730 3280 4781 τοῦ
3352 4733 3603 4802 ποταμοῦ
3658 4728 3723 4783 τὸ

2074 4812 2373 4891 ἀρυόμενον
2435 4811 2603 4888 ὕδωρ,
2664 4812 2900 4890 ὑπάρχει
2959 4811 3019 4869 δὲ
3068 4815 3160 4869 καὶ
3216 4816 3280 4870 τὸ
3337 4820 3453 4894 φῶς
3509 4816 3570 4871 ἐκ
3620 4819 3722 4886 τῆς

2077 4905 2316 4965 ἀκτῖνοςο
2349 4900 2475 4958 ἁλλ’
2508 4899 2791 4976 οὐδέτερον
2840 4903 3016 4958 αὐτῶε
3063 4900 3319 4977 οὐδεμίαν
3362 4904 3415 4975 ἐξ
3463 4905 3576 4967 ἑνὸς
3615 4909 3724 4961 τῶν

2077 4990 2383 5068 εἰρημένων
2440 4992 2542 5061 τὴν
2600 4990 2775 5046 αἰτίαν
2830 4987 2944 5067 ἔχει
2990 4996 3088 5046 τοῦ
3118 4992 3268 5050 εἶναι.
3300 4994 3370 5047 Τὸ
3398 4994 3493 5067 μὲν
3521 4995 3625 5072 γὰρ
3669 4993 3730 5050 ἐκ

2077 5087 2180 5150 τῆς
2212 5082 2419 5156 πηγῆς,
2451 5077 2600 5156 λέγω
2633 5077 2691 5134 δὲ
2731 5081 2938 5156 πηγὴν,
2969 5079 3084 5135 ὅθεν
3138 5081 3368 5137 ὑποστὰν
3426 5084 3526 5152 τὴν
3583 5083 3732 5160 πρώ-

2079 5189 2179 5240 την
2213 5168 2378 5246 ἐκρεῖ,
2408 5167 2473 5223 τὸ
2504 5165 2563 5223 δὲ
2590 5168 2652 5223 τὸ
2692 5173 2805 5246 φῶς
2857 5168 2919 5224 ἐκ
2957 5173 3056 5224 τοῦ
3103 5168 3290 5245 ἡλίου,
3323 5171 3440 5227 ὅθεν
3485 5172 3728 5247 ἁπαυγά-

2086 5262 2175 5328 ζον
2234 5255 2600 5331 συνεκλάμπει
2662 5261 2732 5332 τῇ
2790 5258 2965 5313 ἀκτῖνι
3009 5258 3101 5313 καὶ
3159 5256 3229 5314 δι’
3278 5258 3444 5330 αὐτῆς
3494 5260 3731 5338 πρόεισι.

2082 5344 2271 5402 Τᾶλλα
2301 5344 2413 5401 δὲὸ
2470 5353 2572 5417 τῆς
2621 5345 2941 5420 ὁμωνυμίας
3001 5344 3172 5423 λόγος
3225 5344 3451 5425 ἤρκεσεν
3508 5348 3736 5412 ἐκείνοις

2088 5433 2574 5512 συμπαραληφθεὶς
2640 5436 2767 5512 παρ’
2822 5434 2969 5507 αὑτῷ
3023 5440 3103 5509 τῷ
3150 5434 3435 5515 κεφαλαίῳ
3461 5442 3570 5493 τῶν
3602 5439 3738 5493 ἁπο-

2090 5527 2247 5599 ριῶν,
2273 5521 2478 5599 ῥᾳδίως
2537 5520 2789 5578 ἐπιλῦσαι
2839 5528 3011 5579 πᾶσαν
3052 5524 3154 5593 τὴν
3207 5524 3331 5594 ἑξῆς
3386 5520 3737 5603 ἀμφισϐήτη-

2088 5632 2192 5672 σιν.
2222 5614 2396 5668 Ὅπου
2449 5611 2550 5689 γὰρ
2599 5614 2636 5684 ἡ
2678 5612 2921 5687 σημασία
2965 5616 3073 5668 τῶν
3115 5616 3306 5692 φωνῶν
3337 5614 3619 5689 κοινοτέρα
3648 5615 3738 5669 καὶ

2101 5701 2367 5781 διάφορον
2389 5701 2490 5773 τὴν
2524 5697 2768 5776 δήλωσιν
2799 5698 3026 5779 ἔχουσα,
3056 5701 3137 5767 τίς
3175 5697 3317 5760 ἔσται
3367 5704 3533 5768 πόνος
3562 5703 3598 5777 ἤ
3636 5704 3742 5763 κίν-

3348 5832 3424 5895 10
