4108 6430
488 447 610 508 299

1523 443 1841 507 GEORGII
1885 442 2149 506 CYPRII
2193 444 2308 505 GP.
2357 443 2886 507 PATRIARCHE

3761 445 3864 512 300

492 576 648 639 δυνος
709 575 789 652 ἐφ’
845 575 1067 631 ἑκάστου
1109 576 1200 631 τὸν
1253 575 1410 652 ὀρθὸν
1478 571 1926 650 ἀναλαμϐάνοντα
1990 577 2138 647 νοῦν,
2173 579 2230 645 Α
2257 580 2417 630 πᾶσιν
2469 574 2730 651 ἑψόμεθα,
2773 575 2864 631 καὶ
2907 577 2975 630 τὰ
3025 576 3120 650 μὲν
3162 575 3390 652 ἐροῦμεν
3435 573 3625 655 ὅσαπερ
3671 575 3870 645 ἐκείνοις

485 666 586 735 τὴν
639 665 978 740 ἁρμόζουσαν
1030 664 1324 741 προσάγειν
1369 669 1448 738 τῷ
1498 669 1685 738 σκοπῷ
1748 668 1854 719 τῶν
1917 684 2140 740 προκει-

493 752 664 827 μένων
719 753 808 807 καὶ
868 753 1152 809 ἀνόθευτον
1205 753 1448 824 ἔννοιαν;
1484 753 1548 808 Εἰ
1599 752 1700 829 γάρ
1731 775 1812 815 τις
1851 752 2143 831 πεφηνέναι

488 841 661 919 λέγων
696 842 785 897 καὶ
845 841 1140 917 ἐκλάμπειν
1192 843 1282 898 καὶ
1335 843 1599 920 ὑπάρχειν
1645 843 1792 917 παρὰ
1832 846 1929 896 τοῦ
1973 861 2146 917 προα-

488 928 698 1008 νάρχου
753 932 963 1006 Πατρὸς
1000 934 1091 988 τὸν
1142 933 1264 987 Υἱὸν
1313 932 1402 988 καὶ
1465 933 1529 987 τὸ
1595 931 1858 1006 πανάγιον
1905 935 2143 1003 Πνεῦμα,

404 1024 406 1026 ’
488 1019 672 1076 τᾶλλα
707 1041 766 1075 τε
806 1020 980 1076 ὁπόσα
1023 1021 1383 1096 σεσημείωται
1414 1018 1551 1092 ἤδη,
1582 1021 1678 1076 κᾶν
1721 1019 1768 1075 εἰ
1811 1016 1978 1094 μηδὲν
2027 1016 2144 1073 δια-

491 1109 786 1182 στείλαιτο,
837 1110 936 1166 οὐκ
977 1106 1116 1165 ἔστιν
1159 1109 1315 1184 ὅμως
1361 1111 1435 1172 ὡς
1474 1109 1574 1165 οὐκ
1631 1108 1784 1172 εὐθὺς
1842 1105 2142 1178 διανίστησι

489 1199 664 1254 πάντα
708 1200 808 1268 τὴν
871 1206 972 1269 τῆς
1023 1197 1295 1261 εὐσεϐείας
1342 1196 1609 1277 τρόφιμον
1670 1195 1958 1274 δογμάτων
2009 1195 2146 1252 κατά

490 1286 590 1354 τὴν
651 1284 832 1357 ἀληθῆ
908 1287 996 1341 καὶ
1066 1285 1353 1342 ἄπταιστον
1423 1290 1520 1349 τάς
1592 1284 1764 1357 λέξεις
1825 1283 2141 1360 ἑρμηνεύων

491 1374 792 1450 ὑπόληψιν,
823 1377 1042 1431 κάκεῖνα
1073 1375 1252 1452 λέγειν
1285 1374 1596 1450 διαιροῦντα
1643 1374 1850 1447 καλῶς,
1884 1374 1966 1429 ὅτι
2013 1378 2141 1429 ταῦ-

487 1486 554 1518 τα
585 1466 612 1518 ὁ
652 1465 773 1526 Υἱὸς
802 1465 947 1542 παρά
986 1466 1214 1542 Πατρὸς,
1251 1463 1397 1520 ἀλλά
1442 1466 1578 1520 κατά
1612 1467 1711 1535 τήν
1769 1465 1960 1519 ἑαυτοῦ
1998 1462 2145 1538 παρὰ

490 1555 698 1625 Πατρὸς
731 1553 1002 1627 γέννησιν·
1035 1559 1202 1608 ταῦτα
1241 1553 1299 1608 δὲ
1329 1553 1419 1608 καὶ
1457 1554 1521 1608 τὺ
1568 1552 1920 1630 παράκλητον
1971 1557 2141 1607 Πνεῦ-

495 1664 587 1716 μα,
650 1641 795 1698 ἀλλά
859 1645 994 1698 κατά
1043 1645 1134 1698 τὸν
1198 1641 1470 1712 ἰδιάζοντα
1530 1643 1734 1720 τρόπον
1793 1649 1893 1712 τῆς
1953 1643 2144 1696 ἑαυτοῦ

491 1731 687 1785 ἐκεῖθεν
742 1732 1038 1808 ὑπάρξεως.
1082 1730 1262 1802 Δῆλον
1299 1729 1354 1786 δὲ
1403 1732 1477 1794 ὡς
1517 1733 1633 1786 καθ’
1686 1732 1744 1785 ’ὸν
1792 1729 1922 1785 αὑτό
1970 1750 2144 1808 φαμεν

487 1821 633 1895 παρά
675 1821 883 1895 Πατρὸς
938 1821 1338 1896 ἐκπορεύεσθαι.
1383 1821 1445 1875 Εἰ
1485 1825 1651 1875 ταῦτα
1691 1818 1862 1881 οὕτως
1906 1819 1996 1873 καὶ
2046 1839 2139 1873 σα-

489 1911 593 1986 φὴς
625 1917 724 1979 τῆς
759 1909 1018 1980 ἀληθείας
1051 1911 1078 1965 ὁ
1122 1909 1307 1987 λόγος,
1338 1909 1392 1964 τί
1441 1908 1500 1964 ἂν
1547 1909 1961 1979 ἀκολουθήσειεν
2015 1908 2140 1962 ἄτο-

487 2019 588 2053 πον
623 1997 668 2052 εἰ
699 1997 878 2075 ὥσπερ
917 1999 1012 2060 τὰς
1061 1998 1223 2062 αὑτὰς
1275 1999 1456 2075 φωνάς
1505 1998 1616 2053 ἐκεῖ
1654 1996 1923 2074 λεγόντων
1978 1999 2138 2070 ἡμῶν

488 2087 577 2142 καὶ
636 2085 988 2160 διαιρούντων
1045 2089 1144 2157 τήν
1204 2083 1431 2160 ἔννοιαν,
1481 2085 1570 2142 καὶ
1638 2089 1803 2141 ταῦτα
1882 2082 1948 2154 δὴ
2015 2086 2140 2160 περὶ

491 2173 639 2230 δυοῖν
690 2178 995 2251 προσώπων
1044 2175 1126 2232 ὅτι
1175 2175 1226 2248 ἐξ
1267 2177 1383 2238 ἐνὸς
1427 2181 1524 2230 τοῦ
1571 2176 1793 2252 πρώτου
1844 2173 1933 2229 καὶ
1965 2173 2141 2228 αἰτίου

709 2265 718 2286 ν
923 2266 936 2286 \
1295 2265 1322 2284 υ
1526 2266 1540 2286 \
1695 2264 1709 2284 κ
1905 2281 1916 2294 _
1992 2262 2012 2284 ν,
2078 2262 2088 2281 ι

487 2287 833 2339 ποιουμενων
883 2287 972 2321 τον
1029 2265 1218 2340 λόγον,
1261 2286 1404 2320 ουτω
1453 2287 1542 2320 και
1588 2285 1712 2338 περι
1762 2262 2007 2334 ένός,Ει
2056 2264 2139 2318 ὁτι

489 2354 540 2424 ἐξ
588 2355 790 2434 ἀμφοῖν
838 2357 872 2425 ἢ
928 2357 1034 2428 μὴν
1086 2353 1176 2410 διὰ
1220 2353 1416 2410 τούτου
1468 2355 1596 2428 παρ’
1635 2352 1858 2424 ἐκείνου,
1898 2351 2042 2429 λέγω
2083 2349 2142 2407 δὲ

481 2447 580 2498 τοῦ
638 2443 1003 2519 Παρακλήτου
1036 2444 1094 2498 ἐκ
1149 2443 1360 2520 Πατρὸς
1417 2443 1506 2498 καὶ
1562 2443 1714 2514 Υἱοῦ,
1747 2443 1782 2512 ἢ
1836 2443 1973 2516 μὴν,
1993 2441 2142 2518 παρά

485 2533 698 2608 Πατρὸς
746 2530 815 2588 δι’
857 2534 1003 2602 Υἱοῦ,
1037 2532 1099 2588 οὐ
1146 2534 1209 2587 τὸ
1254 2532 1435 2588 κοινὸν
1485 2529 1862 2603 ἀποπλανήσει
1900 2537 2003 2600 τῆς
2055 2528 2142 2584 Λέ-

491 2624 645 2694 ξεως,
675 2619 821 2677 ἀλλά
874 2624 937 2677 τὸ
992 2629 1093 2693 τῆς
1150 2621 1358 2686 ἐννοίας
1408 2619 1556 2685 αὖθις
1609 2619 1814 2691 ἰδιάζον
1863 2620 2001 2696 πρὸς
2045 2619 2138 2674 τὸν

497 2711 656 2789 ὀρθὸν
687 2709 1051 2788 καθοδηγησει
1082 2711 1306 2769 σκοπόν.

559 2797 850 2877 Ὀδηγήσει
892 2799 969 2875 δὲ,
1028 2801 1074 2858 εἰ
1129 2805 1199 2876 τῇ
1257 2797 1501 2875 εὐσεϐείᾳ
1561 2805 1669 2858 τῶν
1727 2801 1983 2878 ΙΙατέρων
2052 2797 2139 2854 ἐπὶ

2255 663 2471 741 ἐρρέθη,
2513 666 2864 739 σιωπήσομεν
2917 662 2976 720 δὲ
3028 666 3061 719 ἂ
3124 663 3350 728 ἐκείνοις
3407 673 3667 737 σιωπῆσαι
3720 667 3868 748 ἀσφα-

2257 753 2349 816 λὲς
2379 751 2578 826 ἔδοξεν.
2613 752 2805 824 Ἔδοξε
2843 751 2902 808 δὲ
2940 753 3032 809 τὸν
3069 755 3164 827 μὲν
3200 754 3324 809 Υἱὸν
3380 751 3619 819 οὐδόλως
3662 755 3871 813 ἀνειπεῖν

2249 847 2350 898 τοῦ
2407 842 2723 917 Πνεὺματος
2781 840 2977 898 αἴτιονο
3039 845 3358 919 ἁπανταχοῦ
3423 841 3482 898 δὲ
3535 845 3622 900 τὸν
3687 847 3875 922 Πατέρα

2255 931 2580 1008 ἀνεκήρυξαν
2624 929 2795 988 αἴτιον
2848 931 2939 987 καὶ
2991 933 3154 1005 μόνον
3203 930 3377 988 αἴτιον
3427 931 3602 1010 ὥσπερ
3645 938 3736 989 τοῦ
3782 941 3875 990 Mo-

2252 1024 2532 1096 νογενοῦς,
2559 1019 2704 1076 οὕτω
2723 1041 2784 1097 γε
2809 1019 2900 1076 καὶ
2933 1025 3030 1076 τοῦ
3078 1017 3436 1098 παρακλήτου
3484 1020 3572 1077 καὶ
3623 1026 3874 1092 ζωοποιοῦ

2254 1110 2591 1183 Πνεὺματος.

2327 1198 2540 1278 Πέφηνε
2591 1199 2772 1256 τοίνυν
2811 1196 2902 1254 καὶ
2961 1197 3193 1276 ὑπαρχει
3251 1199 3342 1255 καὶ
3393 1197 3658 1274 ἐκλάμπει
3703 1198 3874 1256 ἐκΠα-

2250 1288 2380 1365 τρὸς
2417 1289 2480 1344 τὸ
2510 1292 2732 1362 Πνεῦμα
2758 1287 2822 1344 τὸ
2871 1286 3058 1363 ἅγιονρ
3085 1289 3160 1350 ὡς
3207 1286 3260 1359 ἐξ
3307 1287 3480 1351 αἰτίας
3524 1292 3685 1344 ταῦτα
3721 1287 3872 1344 πάντα

2249 1383 2347 1433 τοῦ
2380 1377 2589 1455 Πατρὸς
2629 1376 2868 1453 λέγεται.
2901 1377 3142 1455 Πέφηνεν
3193 1375 3344 1439 αὖθις
3386 1377 3478 1432 καὶ
3527 1377 3747 1455 ὑπάρχει
3794 1376 3872 1431 καὶ

2253 1467 2520 1540 ἐκλάμπει
2565 1467 2616 1538 ἐξ
2646 1467 2796 1540 Υἱοῦ,
2826 1467 2862 1536 ἢ
2899 1467 3006 1540 μὴν
3047 1469 3195 1544 παρά
3243 1468 3456 1542 Πατρὸς
3504 1464 3573 1522 δι’
3613 1467 3752 1537 Υἱοῦ,
3779 1465 3871 1540 οὐχ

2252 1558 2327 1618 ὡς
2359 1557 2410 1626 ἐξ
2451 1556 2626 1618 αἰτίας
2655 1554 2803 1618 ὅλως
2843 1559 2942 1610 τοῦ
2971 1556 3118 1625 Υἱοῦ,
3144 1556 3181 1624 ἢ
3218 1555 3410 1628 μόνου,
3441 1553 3478 1625 ἤ
3505 1556 3636 1629 μετὰ
3663 1554 3871 1630 Πατρὸς,

2253 1645 2377 1701 ἀλλ’
2407 1645 2490 1700 ὅτι
2523 1645 2882 1723 ὑφιστάμενον
2915 1643 3115 1708 ἐκεῖθεν
3159 1644 3218 1699 ἐκ
3271 1651 3374 1714 τῆς
3434 1651 3701 1718 Πατρικῆς
3754 1644 3872 1697 ὑπο-

2253 1736 2507 1807 στάσεως,
2556 1738 2665 1789 τῶν
2713 1734 2815 1811 γὰρ
2870 1732 3046 1789 αὐτῶν
3113 1733 3212 1789 οὐκ
3270 1735 3646 1809 ἀποστήσομαι
3701 1734 3871 1812 φωνῶν

2251 1825 2327 1886 ὡς
2383 1823 2774 1898 θεοπνεύστων,
2834 1825 2979 1898 μένει
3028 1823 3081 1880 ἐν
3132 1825 3258 1896 Υἱῷ,
3310 1825 3401 1878 καὶ
3454 1823 3874 1899 συμπαρομαρτεῖ

2249 1912 2329 1988 τῷ
2375 1913 2556 1990 Λόγῳ.
2591 1914 2670 1968 Δι’
2711 1913 2877 1968 αὑτοῦ
2925 1911 2983 1968 δὲ
3023 1912 3115 1968 καὶ
3171 1913 3363 1990 προϊὸν
3430 1909 3754 1972 ἀδιαστάτως
3795 1906 3872 1962 καὶ

2251 2005 2653 2082 ἀνεκφοιτήτως
2739 2001 3041 2082 ἐκφαίνεται
3118 2002 3208 2058 καὶ
3281 2001 3612 2077 ἀπολάμπει
3683 1995 3874 2082 ἀϊδίοις.

2248 2081 2399 2147 Εἶτα
2426 2095 2746 2168 χορηγεῖται
2795 2081 2886 2146 καὶ
2948 2093 3018 2165 τῇ
3065 2089 3233 2146 κτίσει
3301 2091 3430 2167 παρ’
3483 2089 3642 2145 αὐτοῦ
3695 2086 3778 2142 καὶ
3818 2081 3879 2138 δι’

2249 2180 2413 2235 αὐτοῦ
2459 2181 2607 2254 παρά
2654 2181 2863 2257 Πατρὸς
2899 2177 3268 2254 μεταδίδοται,
3301 2184 3529 2253 Πνεῦμα
3576 2179 3631 2233 ὃν
3685 2173 3876 2249 Πατρὸς

2247 2269 2336 2324 καὶ
2393 2270 2522 2325 Υἱοῦ
2579 2269 2816 2347 ὁμοφυὶς
2871 2269 3074 2348 ἀμφοῖν
3126 2270 3218 2324 καὶ
3250 2267 3539 2344 ὁμόδοξον,
3579 2271 3745 2322 Ταῦτα
3791 2262 3874 2337 μὲν

2250 2357 2340 2414 οὗν
2373 2361 2558 2432 ἡμεῖς,
2589 2359 2679 2413 καὶ
2710 2357 2755 2413 εἰ
2792 2359 2867 2433 μὴ
2902 2359 3124 2431 ἱκανῶς,
3157 2357 3305 2414 ἀλλά
3355 2358 3590 2434 μετρίως
3630 2352 3752 2416 ἴσως
3788 2349 3872 2412 τᾶς

2247 2452 2354 2503 τῶν
2407 2446 2693 2503 ἀντιθέτων
2733 2444 3058 2521 διελύσαμεν
3102 2445 3390 2509 ἐνστάσεις.
3425 2446 3657 2511 Εὐθέτου
3702 2439 3756 2497 δὲ
3793 2459 3872 2494 τε·

2247 2535 2553 2613 τυχηκότες
2590 2539 2806 2611 καιροῦ,
2833 2534 2960 2611 τάχ’
2991 2535 3052 2590 ἂν
3098 2536 3189 2590 καὶ
3237 2533 3569 2610 τελεώτερον
3617 2528 3872 2588 διαλύσαι-

2254 2647 2348 2701 μεν
2399 2630 2496 2682 τοῦ
2546 2622 2912 2703 Παρακλήτου
2961 2629 3414 2703 συμμαχοῦντος,
3446 2623 3535 2680 καὶ
3579 2621 3641 2677 τὸ
3687 2614 3875 2682 ἀσθενὲς

2249 2717 2285 2786 ἢ
2295 2719 2409 2791 μῶν
2444 2714 2810 2791 ἐνισχόοντος.

908 3149 1033 3199 ΤΟΥ
1063 3146 1472 3203 ΣΟΦΩΤΑΤΟΥ
1508 3148 1626 3199 ΚΑΙ
1663 3145 2186 3206 ΜΑΚΑΡΙΩΤΔΤΟΥ
2224 3143 2650 3198 ΠΑΤΡΙΔΡΧΟΥ
2687 3142 3487 3199 ΚΩΝΣΤΔΝΤΙΝΟΥΠΟΛΕΩΣ

1055 3315 1856 3490 ΚΥΡΟΥ
1989 3311 3328 3486 ΓΡΗΓΟΡΙΟΥ

1735 3602 1986 3700 ΤΟΥ
2063 3599 2626 3698 ΚΥΠΡΙΟΥ

937 3861 941 3866 _
1038 3800 1258 3850 ΛΟΓΟΣ
1299 3800 1410 3850 ΕΙΣ
1451 3798 1577 3849 TON
1616 3797 1816 3848 APION
1858 3797 1973 3848 ΚΑΙ
2013 3791 2620 3851 ΜΕΓΑΛΟΜΑΡΤΥΡΑ
2657 3792 2774 3845 ΚΔΙ
2812 3791 3333 3848 ΤΡΟΠΑΙΟΦΟΡΟΝ

1635 3959 2709 4092 ΓΕΩΡΓΙΟΝ

1146 4303 1708 4367 SAPIENTISSIMI
1749 4305 1850 4365 ET
1897 4304 2337 4367 BEATISSIMI
2380 4301 2904 4364 PATRIARCHAE
2945 4302 3208 4365 CPOLIS

893 4463 1552 4634 DOMNI
1677 4459 2671 4629 GREGORII
2783 4459 3459 4628 CYPRII

903 4706 1338 4771 LAUDATIO
1383 4702 1695 4769 SANCTI
1735 4704 2020 4768 MAGNI
2059 4705 2134 4768 Μ

2255 4703 2506 4767 TYRIS
2549 4703 2674 4767 ΕΤ
2727 4702 3436 4768 TRIUMPHATORIS

1825 4857 2517 4983 GEORGII

1248 5055 1351 5120 (Ex
1379 5053 1496 5106 cod.
1527 5053 1695 5106 Vatic.
1724 5053 1782 5103 in
1812 5053 1982 5118 Aprili
2009 5053 2378 5116 Bollandiano,
2409 5055 2537 5105 tom.
2574 5053 2660 5116 ΠΙ,
2690 5065 2745 5118 p.
2775 5052 3068 5117 Hii-XXV.)

1949 5302 2352 5361 PROLOGUS.

525 5428 574 5481 1.
609 5424 812 5480 Solent
840 5428 1097 5480 oratores
1129 5423 1245 5479 fere
1275 5420 1492 5493 singuli
1513 5436 1742 5490 aequum
1764 5424 2103 5489 ceueere,ut

455 5515 686 5570 labores
733 5512 824 5568 sui
873 5513 1068 5585 magni
1107 5513 1431 5578 videantur,
1467 5509 1606 5581 quia
1635 5508 1905 5580 expeditu
1957 5508 2097 5564 illu-

2212 5509 2440 5580 ἑκάστῳ,
2473 5505 2600 5569 τοὺς
2657 5505 2773 5561 καθ’
2805 5505 3009 5561 ἑαυτῶν
3062 5488 3279 5582 ἀγῶνας
3341 5500 3623 5581 μεγάλους
3670 5488 3750 5550 οῗε

2282 5420 2348 5476 α’.
2377 5418 2536 5480 Ἕθος
2593 5419 2754 5472 τοῦτο
2809 5420 2918 5471 τῶν
2978 5413 3168 5493 λόγοις
3216 5414 3641 5493 ἀγωνιζομένων
3671 5396 3854 5480 σχεδὸν

2282 5509 2420 5545 ὗμιν-η..
2473 5505 2600 5545 ρηὲιρ
2657 5505 2773 5545 νηιν
2805 5505 3009 5545 imm-Em
3066 5506 3279 5545 ἦνὶἷιυηρ
3343 5500 3623 5545 ιιςνᾶληυε
3670 5488 3855 5545 οἴεσθαι

449 5609 604 5660 stres
633 5601 810 5658 simul
842 5606 901 5658 et
929 5601 1194 5658 difﬁciles
1221 5619 1236 5669 ;
1263 5601 1442 5672 idque
1491 5602 1554 5654 ut
1597 5597 1687 5654 vel
1718 5597 1780 5654 in
1831 5613 1899 5654 eo
1937 5599 2095 5669 quod

2251 5600 2408 5670 ξιοῦν,
2463 5596 2552 5650 καὶ
2605 5593 2894 5672 λαμπροὺς
2960 5593 3052 5649 καὶ
3111 5592 3398 5672 δυσχερεῖς
3460 5591 3674 5655 ἀνῦσαι,
3706 5593 3855 5672 ξυγ-

450 5689 820 5764 deliquerint,
850 5690 1103 5760 veniam,
1134 5689 1225 5745 vel
1255 5706 1325 5746 ex
1353 5703 1420 5743 eo
1451 5686 1603 5758 quod
1649 5688 1803 5741 recte
1855 5699 2094 5757 perege-

440 5782 584 5856 rint,
637 5778 873 5854 laudem
920 5779 1036 5840 sibi
1082 5779 1515 5848 demerentur.
1544 5775 1661 5848 Ego
1712 5777 1932 5854 autem,
1965 5791 2094 5836 ora-

2203 5685 2431 5762 γνώμην
2513 5684 2688 5756 ἑαυτῷ
2741 5670 2844 5753 “hic
2900 5681 3071 5754 ἥττης
3115 5681 3154 5754 ἤ
3202 5670 3294 5739 τὸν
3359 5683 3463 5737 τοῦ
3527 5670 3852 5762 κατορθᾶκξαι

2206 5755 2419 5833 ἔπαινον
2463 5755 2700 5832 ἐντεῦθεν
2749 5771 3293 5850 κατασκευαζομένῳ.
3342 5768 3509 5828 Ἀλλ’
3559 5765 3638 5830 εἰς
3684 5755 3857 5834 Γεὼρ-
