  <div class='ocr_page' id='page_1' title='image "/cluster/home/n/w/nwhite01/storage/ocr_20150623/142/coo.31924054870476/158.png"; bbox 0 0 4108 6474; ppageno 0'>
   <div class='ocr_carea' id='block_1_1' title="bbox 245 459 2398 526">
    <p class='ocr_par' dir='ltr' id='par_1_1' title="bbox 245 459 2398 526">
     <span class='ocr_line' id='line_1_1' title="bbox 245 459 2398 526; baseline -0.001 -2"><span class='ocrx_word' id='word_1_1' title='bbox 245 461 352 526; x_wconf 63' lang='grc'>’301</span> <span class='ocrx_word' id='word_1_2' title='bbox 1487 459 1892 522; x_wconf 82' lang='lat' dir='ltr'>LAUDATIO</span> <span class='ocrx_word' id='word_1_3' title='bbox 1937 461 2004 522; x_wconf 88' lang='lat' dir='ltr'>S.</span> <span class='ocrx_word' id='word_1_4' title='bbox 2053 460 2398 524; x_wconf 84' lang='lat' dir='ltr'>GEORGII.</span> 
     </span>
    </p>
   </div>
   <div class='ocr_carea' id='block_1_2' title="bbox 3533 463 3650 525">
    <p class='ocr_par' dir='ltr' id='par_1_2' title="bbox 3533 463 3650 525">
     <span class='ocr_line' id='line_1_2' title="bbox 3533 463 3650 525; baseline 0.017 -2"><span class='ocrx_word' id='word_1_5' title='bbox 3533 463 3650 525; x_wconf 71' lang='grc'>302</span> 
     </span>
    </p>
   </div>
   <div class='ocr_carea' id='block_1_3' title="bbox 251 589 1896 671">
    <p class='ocr_par' dir='ltr' id='par_1_3' title="bbox 251 589 1885 671">
     <span class='ocr_line' id='line_1_3' title="bbox 251 589 1885 671; baseline -0.001 -24"><span class='ocrx_word' id='word_1_6' title='bbox 251 613 356 671; x_wconf 86' lang='grc' dir='ltr'>γιον</span> <span class='ocrx_word' id='word_1_7' title='bbox 396 591 534 667; x_wconf 88' lang='grc' dir='ltr'>ἐμοῦ</span> <span class='ocrx_word' id='word_1_8' title='bbox 585 592 650 646; x_wconf 85' lang='grc' dir='ltr'>τὸ</span> <span class='ocrx_word' id='word_1_9' title='bbox 696 591 836 668; x_wconf 88' lang='grc' dir='ltr'>μέγα</span> <span class='ocrx_word' id='word_1_10' title='bbox 898 595 1007 647; x_wconf 90' lang='grc' dir='ltr'>τῶν</span> <span class='ocrx_word' id='word_1_11' title='bbox 1055 589 1309 660; x_wconf 78' lang='grc' dir='ltr'>ἀθλητῶν</span> <span class='ocrx_word' id='word_1_12' title='bbox 1355 589 1530 664; x_wconf 74' lang='grc' dir='ltr'>ὄνομα</span> <span class='ocrx_word' id='word_1_13' title='bbox 1584 591 1885 667; x_wconf 84' lang='grc' dir='ltr'>βλέποντος</span> 
     </span>
    </p>
   </div>
   <div class='ocr_carea' id='block_1_4' title="bbox 2010 589 3650 671">
    <p class='ocr_par' dir='ltr' id='par_1_4' title="bbox 2010 592 3650 666">
     <span class='ocr_line' id='line_1_4' title="bbox 2010 592 3650 666; baseline 0.002 -19"><span class='ocrx_word' id='word_1_14' title='bbox 2010 593 2217 651; x_wconf 74' lang='lat' dir='ltr'>tionem</span> <span class='ocrx_word' id='word_1_15' title='bbox 2248 594 2560 650; x_wconf 90' lang='lat' dir='ltr'>habiturus</span> <span class='ocrx_word' id='word_1_16' title='bbox 2598 595 2670 650; x_wconf 92' lang='lat' dir='ltr'>de</span> <span class='ocrx_word' id='word_1_17' title='bbox 2711 593 2978 666; x_wconf 90' lang='lat' dir='ltr'>Georgio,</span> <span class='ocrx_word' id='word_1_18' title='bbox 3005 609 3218 666; x_wconf 87' lang='lat' dir='ltr'>magno</span> <span class='ocrx_word' id='word_1_19' title='bbox 3265 593 3364 648; x_wconf 93' lang='lat' dir='ltr'>illo</span> <span class='ocrx_word' id='word_1_20' title='bbox 3394 592 3650 650; x_wconf 83' lang='lat' dir='ltr'>athleta-</span> 
     </span>
    </p>
   </div>
   <div class='ocr_carea' id='block_1_5' title="bbox 246 680 1889 758">
    <p class='ocr_par' dir='ltr' id='par_1_5' title="bbox 246 680 1889 758">
     <span class='ocr_line' id='line_1_5' title="bbox 246 680 1889 758; baseline -0.003 -19"><span class='ocrx_word' id='word_1_21' title='bbox 246 688 320 757; x_wconf 85' lang='grc' dir='ltr'>τῷ</span> <span class='ocrx_word' id='word_1_22' title='bbox 356 682 522 758; x_wconf 83' lang='grc' dir='ltr'>λόγῳ,</span> <span class='ocrx_word' id='word_1_23' title='bbox 569 680 662 738; x_wconf 82' lang='grc' dir='ltr'>καὶ</span> <span class='ocrx_word' id='word_1_24' title='bbox 709 685 967 736; x_wconf 87' lang='grc' dir='ltr'>τοσοῦτον</span> <span class='ocrx_word' id='word_1_25' title='bbox 1019 680 1323 745; x_wconf 71' lang='grc' dir='ltr'>ὑποθέσεως</span> <span class='ocrx_word' id='word_1_26' title='bbox 1376 681 1600 755; x_wconf 87' lang='grc' dir='ltr'>μέγεθος</span> <span class='ocrx_word' id='word_1_27' title='bbox 1647 687 1746 750; x_wconf 81' lang='grc' dir='ltr'>την</span> <span class='ocrx_word' id='word_1_28' title='bbox 1796 680 1889 735; x_wconf 84' lang='grc' dir='ltr'>αύ-</span> 
     </span>
    </p>
   </div>
   <div class='ocr_carea' id='block_1_6' title="bbox 244 767 1887 852">
    <p class='ocr_par' dir='ltr' id='par_1_6' title="bbox 244 767 1887 852">
     <span class='ocr_line' id='line_1_6' title="bbox 244 767 1887 852; baseline -0.003 -23"><span class='ocrx_word' id='word_1_29' title='bbox 244 777 335 829; x_wconf 85' lang='grc' dir='ltr'>τοῦ</span> <span class='ocrx_word' id='word_1_30' title='bbox 378 771 650 852; x_wconf 72' lang='grc' dir='ltr'>εὐφημίαν</span> <span class='ocrx_word' id='word_1_31' title='bbox 702 769 925 848; x_wconf 80' lang='grc' dir='ltr'>ἅρασθαι</span> <span class='ocrx_word' id='word_1_32' title='bbox 973 775 1341 846; x_wconf 85' lang='grc' dir='ltr'>πειρωμένου,</span> <span class='ocrx_word' id='word_1_33' title='bbox 1393 769 1492 824; x_wconf 84' lang='grc' dir='ltr'>οὐκ</span> <span class='ocrx_word' id='word_1_34' title='bbox 1539 767 1660 825; x_wconf 81' lang='grc' dir='ltr'>οἶδα</span> <span class='ocrx_word' id='word_1_35' title='bbox 1705 769 1789 832; x_wconf 91' lang='grc' dir='ltr'>τίς</span> <span class='ocrx_word' id='word_1_36' title='bbox 1829 768 1887 824; x_wconf 77' lang='grc' dir='ltr'>ἂν</span> 
     </span>
    </p>
   </div>
   <div class='ocr_carea' id='block_1_7' title="bbox 244 857 1889 938">
    <p class='ocr_par' dir='ltr' id='par_1_7' title="bbox 244 857 1889 938">
     <span class='ocr_line' id='line_1_7' title="bbox 244 857 1889 938; baseline -0.004 -19"><span class='ocrx_word' id='word_1_37' title='bbox 244 862 447 938; x_wconf 87' lang='grc' dir='ltr'>γένοιτο</span> <span class='ocrx_word' id='word_1_38' title='bbox 478 858 838 938; x_wconf 83' lang='grc' dir='ltr'>δικαιότερος,</span> <span class='ocrx_word' id='word_1_39' title='bbox 885 859 1011 937; x_wconf 84' lang='grc' dir='ltr'>περὶ</span> <span class='ocrx_word' id='word_1_40' title='bbox 1056 857 1235 930; x_wconf 83' lang='grc' dir='ltr'>ἄλλης</span> <span class='ocrx_word' id='word_1_41' title='bbox 1288 858 1592 922; x_wconf 70' lang='grc' dir='ltr'>ὑποθέσεως</span> <span class='ocrx_word' id='word_1_42' title='bbox 1636 858 1889 914; x_wconf 81' lang='grc' dir='ltr'>καθιστά-</span> 
     </span>
    </p>
   </div>
   <div class='ocr_carea' id='block_1_8' title="bbox 251 945 1886 1027">
    <p class='ocr_par' dir='ltr' id='par_1_8' title="bbox 251 945 1886 1027">
     <span class='ocr_line' id='line_1_8' title="bbox 251 945 1886 1027; baseline -0.002 -21"><span class='ocrx_word' id='word_1_43' title='bbox 251 973 402 1027; x_wconf 84' lang='grc' dir='ltr'>μενος</span> <span class='ocrx_word' id='word_1_44' title='bbox 472 952 570 1020; x_wconf 74' lang='grc' dir='ltr'>τήν</span> <span class='ocrx_word' id='word_1_45' title='bbox 650 945 893 1019; x_wconf 80' lang='grc' dir='ltr'>σπουδὴν</span> <span class='ocrx_word' id='word_1_46' title='bbox 938 995 952 1021; x_wconf 90' lang='grc'>,</span> <span class='ocrx_word' id='word_1_47' title='bbox 1013 946 1104 1002; x_wconf 82' lang='grc' dir='ltr'>καὶ</span> <span class='ocrx_word' id='word_1_48' title='bbox 1180 947 1643 1024; x_wconf 74' lang='grc' dir='ltr'>προκαταγγεῖλαι</span> <span class='ocrx_word' id='word_1_49' title='bbox 1725 948 1886 1024; x_wconf 86' lang='grc' dir='ltr'>μέγαν</span> 
     </span>
    </p>
   </div>
   <div class='ocr_carea' id='block_1_9' title="bbox 251 1035 1890 1115">
    <p class='ocr_par' dir='ltr' id='par_1_9' title="bbox 251 1035 1890 1115">
     <span class='ocr_line' id='line_1_9' title="bbox 251 1035 1890 1115; baseline -0.004 -19"><span class='ocrx_word' id='word_1_50' title='bbox 251 1041 382 1096; x_wconf 80' lang='grc' dir='ltr'>εἶναι</span> <span class='ocrx_word' id='word_1_51' title='bbox 406 1040 494 1096; x_wconf 81' lang='grc' dir='ltr'>τὸν</span> <span class='ocrx_word' id='word_1_52' title='bbox 542 1038 749 1115; x_wconf 80' lang='grc' dir='ltr'>ἀγῶνα,</span> <span class='ocrx_word' id='word_1_53' title='bbox 781 1037 871 1093; x_wconf 81' lang='grc' dir='ltr'>καὶ</span> <span class='ocrx_word' id='word_1_54' title='bbox 922 1035 1091 1092; x_wconf 89' lang='grc' dir='ltr'>δεῖσαι</span> <span class='ocrx_word' id='word_1_55' title='bbox 1143 1036 1484 1114; x_wconf 82' lang='grc' dir='ltr'>προσελθεῖν,</span> <span class='ocrx_word' id='word_1_56' title='bbox 1531 1036 1567 1106; x_wconf 75' lang='grc' dir='ltr'>ἣ</span> <span class='ocrx_word' id='word_1_57' title='bbox 1620 1036 1709 1092; x_wconf 86' lang='grc' dir='ltr'>καὶ</span> <span class='ocrx_word' id='word_1_58' title='bbox 1760 1057 1890 1112; x_wconf 87' lang='grc' dir='ltr'>συγ-</span> 
     </span>
    </p>
   </div>
   <div class='ocr_carea' id='block_1_10' title="bbox 252 1121 1891 1206">
    <p class='ocr_par' dir='ltr' id='par_1_10' title="bbox 252 1121 1891 1206">
     <span class='ocr_line' id='line_1_10' title="bbox 252 1121 1891 1206; baseline -0.003 -22"><span class='ocrx_word' id='word_1_59' title='bbox 252 1131 444 1206; x_wconf 86' lang='grc' dir='ltr'>γώμην</span> <span class='ocrx_word' id='word_1_60' title='bbox 474 1127 813 1199; x_wconf 72' lang='grc' dir='ltr'>αἰτήσασθαι.</span> <span class='ocrx_word' id='word_1_61' title='bbox 861 1127 1065 1203; x_wconf 84' lang='grc' dir='ltr'>Ἕγωγ⁷</span> <span class='ocrx_word' id='word_1_62' title='bbox 1113 1126 1208 1181; x_wconf 83' lang='grc' dir='ltr'>οῦν</span> <span class='ocrx_word' id='word_1_63' title='bbox 1249 1130 1506 1181; x_wconf 88' lang='grc' dir='ltr'>τοσοῦτον</span> <span class='ocrx_word' id='word_1_64' title='bbox 1557 1121 1672 1201; x_wconf 79' lang='grc' dir='ltr'>ἔχω</span> <span class='ocrx_word' id='word_1_65' title='bbox 1721 1124 1891 1200; x_wconf 88' lang='grc' dir='ltr'>χαλε-</span> 
     </span>
    </p>
   </div>
   <div class='ocr_carea' id='block_1_11' title="bbox 253 1211 1888 1289">
    <p class='ocr_par' dir='ltr' id='par_1_11' title="bbox 253 1211 1888 1289">
     <span class='ocr_line' id='line_1_11' title="bbox 253 1211 1888 1289; baseline -0.004 -15"><span class='ocrx_word' id='word_1_66' title='bbox 253 1220 351 1274; x_wconf 85' lang='grc' dir='ltr'>πὸν</span> <span class='ocrx_word' id='word_1_67' title='bbox 405 1217 455 1273; x_wconf 86' lang='grc' dir='ltr'>ἐν</span> <span class='ocrx_word' id='word_1_68' title='bbox 499 1215 678 1289; x_wconf 86' lang='grc' dir='ltr'>τούτῳ</span> <span class='ocrx_word' id='word_1_69' title='bbox 734 1216 1070 1286; x_wconf 76' lang='grc' dir='ltr'>κατανοήσας</span> <span class='ocrx_word' id='word_1_70' title='bbox 1102 1259 1121 1283; x_wconf 89' lang='grc'>,</span> <span class='ocrx_word' id='word_1_71' title='bbox 1171 1212 1309 1269; x_wconf 80' lang='grc' dir='ltr'>ὥστε</span> <span class='ocrx_word' id='word_1_72' title='bbox 1367 1235 1460 1286; x_wconf 89' lang='grc' dir='ltr'>μοι</span> <span class='ocrx_word' id='word_1_73' title='bbox 1527 1211 1672 1268; x_wconf 88' lang='grc' dir='ltr'>δοκῶ</span> <span class='ocrx_word' id='word_1_74' title='bbox 1729 1212 1888 1286; x_wconf 89' lang='grc' dir='ltr'>μόνον</span> 
     </span>
    </p>
   </div>
   <div class='ocr_carea' id='block_1_12' title="bbox 255 1301 1891 1382">
    <p class='ocr_par' dir='ltr' id='par_1_12' title="bbox 255 1301 1891 1382">
     <span class='ocr_line' id='line_1_12' title="bbox 255 1301 1891 1382; baseline -0.004 -19"><span class='ocrx_word' id='word_1_75' title='bbox 255 1305 502 1382; x_wconf 78' lang='grc' dir='ltr'>ἁψαμένῳ</span> <span class='ocrx_word' id='word_1_76' title='bbox 534 1351 549 1379; x_wconf 88' lang='grc'>,</span> <span class='ocrx_word' id='word_1_77' title='bbox 624 1302 1010 1380; x_wconf 80' lang='grc' dir='ltr'>παραπλήσιόν</span> <span class='ocrx_word' id='word_1_78' title='bbox 1087 1325 1140 1359; x_wconf 91' lang='grc' dir='ltr'>τι</span> <span class='ocrx_word' id='word_1_79' title='bbox 1233 1301 1554 1367; x_wconf 70' lang='grc' dir='ltr'>πεπονθέναι</span> <span class='ocrx_word' id='word_1_80' title='bbox 1636 1307 1753 1365; x_wconf 86' lang='grc' dir='ltr'>τοῖς</span> <span class='ocrx_word' id='word_1_81' title='bbox 1840 1302 1891 1373; x_wconf 81' lang='grc' dir='ltr'>ἐξ</span> 
     </span>
    </p>
   </div>
   <div class='ocr_carea' id='block_1_13' title="bbox 250 1388 1892 1473">
    <p class='ocr_par' dir='ltr' id='par_1_13' title="bbox 250 1388 1892 1473">
     <span class='ocr_line' id='line_1_13' title="bbox 250 1388 1892 1473; baseline -0.004 -21"><span class='ocrx_word' id='word_1_82' title='bbox 250 1395 484 1473; x_wconf 77' lang='grc' dir='ltr'>ἀπειρίας</span> <span class='ocrx_word' id='word_1_83' title='bbox 533 1394 859 1468; x_wconf 81' lang='grc' dir='ltr'>ἐπιθυμοῦσι</span> <span class='ocrx_word' id='word_1_84' title='bbox 922 1393 1016 1467; x_wconf 76' lang='grc' dir='ltr'>μὲν</span> <span class='ocrx_word' id='word_1_85' title='bbox 1074 1388 1369 1448; x_wconf 76' lang='grc' dir='ltr'>ἐπιϐαίνειν</span> <span class='ocrx_word' id='word_1_86' title='bbox 1426 1392 1719 1464; x_wconf 78' lang='grc' dir='ltr'>θαλάσσης,</span> <span class='ocrx_word' id='word_1_87' title='bbox 1770 1391 1892 1446; x_wconf 85' lang='grc' dir='ltr'>ἐπι-</span> 
     </span>
    </p>
   </div>
   <div class='ocr_carea' id='block_1_14' title="bbox 248 1479 1891 1557">
    <p class='ocr_par' dir='ltr' id='par_1_14' title="bbox 248 1479 1891 1557">
     <span class='ocr_line' id='line_1_14' title="bbox 248 1479 1891 1557; baseline -0.004 -16"><span class='ocrx_word' id='word_1_88' title='bbox 248 1480 498 1555; x_wconf 75' lang='grc' dir='ltr'>ϐεϐηκόσι</span> <span class='ocrx_word' id='word_1_89' title='bbox 549 1481 609 1539; x_wconf 72' lang='grc' dir='ltr'>δὲ</span> <span class='ocrx_word' id='word_1_90' title='bbox 655 1482 810 1557; x_wconf 79' lang='grc' dir='ltr'>ὅμως</span> <span class='ocrx_word' id='word_1_91' title='bbox 856 1482 933 1546; x_wconf 85' lang='grc' dir='ltr'>εἰς</span> <span class='ocrx_word' id='word_1_92' title='bbox 978 1481 1288 1537; x_wconf 85' lang='grc' dir='ltr'>τούναντίον</span> <span class='ocrx_word' id='word_1_93' title='bbox 1329 1483 1395 1537; x_wconf 75' lang='grc' dir='ltr'>τὰ</span> <span class='ocrx_word' id='word_1_94' title='bbox 1448 1488 1548 1551; x_wconf 87' lang='grc' dir='ltr'>τῆς</span> <span class='ocrx_word' id='word_1_95' title='bbox 1601 1479 1891 1555; x_wconf 82' lang='grc' dir='ltr'>ἐπιθυμίας</span> 
     </span>
    </p>
   </div>
   <div class='ocr_carea' id='block_1_15' title="bbox 243 1569 1891 1650">
    <p class='ocr_par' dir='ltr' id='par_1_15' title="bbox 243 1569 1891 1650">
     <span class='ocr_line' id='line_1_15' title="bbox 243 1569 1891 1650; baseline -0.004 -20"><span class='ocrx_word' id='word_1_96' title='bbox 243 1577 417 1650; x_wconf 88' lang='grc' dir='ltr'>χωρεῖ</span> <span class='ocrx_word' id='word_1_97' title='bbox 461 1619 478 1645; x_wconf 85' lang='grc'>,</span> <span class='ocrx_word' id='word_1_98' title='bbox 562 1569 878 1648; x_wconf 84' lang='grc' dir='ltr'>δυσχέρειαν</span> <span class='ocrx_word' id='word_1_99' title='bbox 951 1570 1226 1646; x_wconf 80' lang='grc' dir='ltr'>πελάγους</span> <span class='ocrx_word' id='word_1_100' title='bbox 1309 1571 1678 1644; x_wconf 81' lang='grc' dir='ltr'>καταμαθοῦσι</span> <span class='ocrx_word' id='word_1_101' title='bbox 1731 1615 1746 1641; x_wconf 86' lang='grc'>,</span> <span class='ocrx_word' id='word_1_102' title='bbox 1801 1569 1891 1624; x_wconf 85' lang='grc' dir='ltr'>καὶ</span> 
     </span>
    </p>
   </div>
   <div class='ocr_carea' id='block_1_16' title="bbox 240 1655 1892 1732">
    <p class='ocr_par' dir='ltr' id='par_1_16' title="bbox 240 1655 1892 1732">
     <span class='ocr_line' id='line_1_16' title="bbox 240 1655 1892 1732; baseline -0.004 -16"><span class='ocrx_word' id='word_1_103' title='bbox 240 1658 402 1716; x_wconf 82' lang='grc' dir='ltr'>σάλον</span> <span class='ocrx_word' id='word_1_104' title='bbox 451 1659 544 1714; x_wconf 81' lang='grc' dir='ltr'>καὶ</span> <span class='ocrx_word' id='word_1_105' title='bbox 591 1656 848 1713; x_wconf 82' lang='grc' dir='ltr'>κλύδωνα</span> <span class='ocrx_word' id='word_1_106' title='bbox 891 1657 982 1712; x_wconf 87' lang='grc' dir='ltr'>καὶ</span> <span class='ocrx_word' id='word_1_107' title='bbox 1031 1657 1128 1713; x_wconf 81' lang='grc' dir='ltr'>ὅτα</span> <span class='ocrx_word' id='word_1_108' title='bbox 1171 1656 1317 1713; x_wconf 81' lang='grc' dir='ltr'>πολὺ</span> <span class='ocrx_word' id='word_1_109' title='bbox 1367 1655 1580 1730; x_wconf 81' lang='grc' dir='ltr'>μᾶλλον</span> <span class='ocrx_word' id='word_1_110' title='bbox 1639 1655 1892 1732; x_wconf 65' lang='grc' dir='ltr'>εὔχεσθαι</span> 
     </span>
    </p>
   </div>
   <div class='ocr_carea' id='block_1_17' title="bbox 237 1744 1892 1826">
    <p class='ocr_par' dir='ltr' id='par_1_17' title="bbox 237 1744 1892 1826">
     <span class='ocr_line' id='line_1_17' title="bbox 237 1744 1892 1826; baseline -0.003 -21"><span class='ocrx_word' id='word_1_111' title='bbox 237 1748 625 1826; x_wconf 84' lang='grc' dir='ltr'>καταναγκάζει</span> <span class='ocrx_word' id='word_1_112' title='bbox 698 1748 799 1817; x_wconf 80' lang='grc' dir='ltr'>τήν</span> <span class='ocrx_word' id='word_1_113' title='bbox 869 1746 1068 1811; x_wconf 86' lang='grc' dir='ltr'>ἐκεῖθεν</span> <span class='ocrx_word' id='word_1_114' title='bbox 1141 1744 1466 1822; x_wconf 74' lang='grc' dir='ltr'>ἀπαλλαγὴν</span> <span class='ocrx_word' id='word_1_115' title='bbox 1518 1765 1530 1777; x_wconf 94' lang='grc'><strong>·</strong></span> <span class='ocrx_word' id='word_1_116' title='bbox 1608 1745 1726 1812; x_wconf 78' lang='grc' dir='ltr'>ὅθεν</span> <span class='ocrx_word' id='word_1_117' title='bbox 1802 1745 1892 1802; x_wconf 86' lang='grc' dir='ltr'>καὶ</span> 
     </span>
    </p>
   </div>
   <div class='ocr_carea' id='block_1_18' title="bbox 240 1834 1893 1913">
    <p class='ocr_par' dir='ltr' id='par_1_18' title="bbox 240 1834 1893 1913">
     <span class='ocr_line' id='line_1_18' title="bbox 240 1834 1893 1913; baseline -0.002 -18"><span class='ocrx_word' id='word_1_118' title='bbox 240 1838 477 1910; x_wconf 78' lang='grc' dir='ltr'>ἀπέστην</span> <span class='ocrx_word' id='word_1_119' title='bbox 509 1838 570 1893; x_wconf 77' lang='grc' dir='ltr'>ἂν</span> <span class='ocrx_word' id='word_1_120' title='bbox 622 1835 832 1910; x_wconf 79' lang='grc' dir='ltr'>αὐτίκα,</span> <span class='ocrx_word' id='word_1_121' title='bbox 883 1837 930 1891; x_wconf 73' lang='grc' dir='ltr'>εἰ</span> <span class='ocrx_word' id='word_1_122' title='bbox 977 1838 1052 1910; x_wconf 81' lang='grc' dir='ltr'>μή</span> <span class='ocrx_word' id='word_1_123' title='bbox 1110 1837 1178 1910; x_wconf 88' lang='grc' dir='ltr'>μέ</span> <span class='ocrx_word' id='word_1_124' title='bbox 1225 1857 1306 1898; x_wconf 91' lang='grc' dir='ltr'>τις</span> <span class='ocrx_word' id='word_1_125' title='bbox 1353 1834 1557 1913; x_wconf 81' lang='grc' dir='ltr'>ἀνάγκη</span> <span class='ocrx_word' id='word_1_126' title='bbox 1613 1835 1673 1890; x_wconf 90' lang='grc' dir='ltr'>ἐκ</span> <span class='ocrx_word' id='word_1_127' title='bbox 1715 1857 1893 1913; x_wconf 88' lang='grc' dir='ltr'>προη-</span> 
     </span>
    </p>
   </div>
   <div class='ocr_carea' id='block_1_19' title="bbox 238 1925 1894 2004">
    <p class='ocr_par' dir='ltr' id='par_1_19' title="bbox 238 1925 1894 2004">
     <span class='ocr_line' id='line_1_19' title="bbox 238 1925 1894 2004; baseline 0.005 -31"><span class='ocrx_word' id='word_1_128' title='bbox 238 1927 560 2004; x_wconf 73' lang='grc' dir='ltr'>γησαμένης</span> <span class='ocrx_word' id='word_1_129' title='bbox 635 1926 806 2002; x_wconf 74' lang='grc' dir='ltr'>εὐχῆς</span> <span class='ocrx_word' id='word_1_130' title='bbox 875 1929 1226 2002; x_wconf 78' lang='grc' dir='ltr'>κατασχοῦσα</span> <span class='ocrx_word' id='word_1_131' title='bbox 1280 1925 1348 1995; x_wconf 78' lang='grc' dir='ltr'>ἦν</span> <span class='ocrx_word' id='word_1_132' title='bbox 1381 1968 1396 1995; x_wconf 86' lang='grc'>,</span> <span class='ocrx_word' id='word_1_133' title='bbox 1462 1926 1536 1998; x_wconf 84' lang='grc' dir='ltr'>μή</span> <span class='ocrx_word' id='word_1_134' title='bbox 1613 1946 1748 1981; x_wconf 89' lang='grc' dir='ltr'>ποτε</span> <span class='ocrx_word' id='word_1_135' title='bbox 1800 1925 1894 1981; x_wconf 86' lang='grc' dir='ltr'>τὸν</span> 
     </span>
    </p>
   </div>
   <div class='ocr_carea' id='block_1_20' title="bbox 239 2013 1897 2095">
    <p class='ocr_par' dir='ltr' id='par_1_20' title="bbox 239 2013 1897 2095">
     <span class='ocr_line' id='line_1_20' title="bbox 239 2013 1897 2095; baseline -0.004 -21"><span class='ocrx_word' id='word_1_136' title='bbox 239 2017 403 2095; x_wconf 89' lang='grc' dir='ltr'>λόγον</span> <span class='ocrx_word' id='word_1_137' title='bbox 456 2015 710 2094; x_wconf 58' lang='grc' dir='ltr'>ἐξυφῶαι</span> <span class='ocrx_word' id='word_1_138' title='bbox 755 2019 836 2087; x_wconf 82' lang='grc' dir='ltr'>τῷ</span> <span class='ocrx_word' id='word_1_139' title='bbox 883 2015 1127 2092; x_wconf 83' lang='grc' dir='ltr'>Μάρτυρι</span> <span class='ocrx_word' id='word_1_140' title='bbox 1202 2013 1395 2090; x_wconf 86' lang='grc' dir='ltr'>βιαίως</span> <span class='ocrx_word' id='word_1_141' title='bbox 1452 2013 1678 2070; x_wconf 85' lang='grc' dir='ltr'>ἐνταῦθα</span> <span class='ocrx_word' id='word_1_142' title='bbox 1727 2016 1897 2085; x_wconf 82' lang='grc' dir='ltr'>συνή-</span> 
     </span>
    </p>
   </div>
   <div class='ocr_carea' id='block_1_21' title="bbox 235 2107 420 2164">
    <p class='ocr_par' dir='ltr' id='par_1_21' title="bbox 235 2107 420 2164">
     <span class='ocr_line' id='line_1_21' title="bbox 235 2107 420 2164; baseline 0 0"><span class='ocrx_word' id='word_1_143' title='bbox 235 2107 395 2164; x_wconf 88' lang='grc' dir='ltr'>λασεν</span> <span class='ocrx_word' id='word_1_144' title='bbox 405 2151 420 2164; x_wconf 95' lang='grc'><strong>.</strong></span> 
     </span>
    </p>
   </div>
   <div class='ocr_carea' id='block_1_22' title="bbox 310 2187 1897 2270">
    <p class='ocr_par' dir='ltr' id='par_1_22' title="bbox 310 2187 1897 2270">
     <span class='ocr_line' id='line_1_22' title="bbox 310 2187 1897 2270; baseline -0.004 -17"><span class='ocrx_word' id='word_1_145' title='bbox 310 2197 378 2270; x_wconf 85' lang='grc' dir='ltr'>β’.</span> <span class='ocrx_word' id='word_1_146' title='bbox 412 2191 576 2250; x_wconf 82' lang='grc' dir='ltr'>Ἀλλ’</span> <span class='ocrx_word' id='word_1_147' title='bbox 607 2190 794 2264; x_wconf 80' lang='grc' dir='ltr'>ἐπειδή</span> <span class='ocrx_word' id='word_1_148' title='bbox 832 2213 924 2267; x_wconf 92' lang='grc' dir='ltr'>μοι</span> <span class='ocrx_word' id='word_1_149' title='bbox 957 2190 1206 2255; x_wconf 82' lang='grc' dir='ltr'>ἀνάδοσις</span> <span class='ocrx_word' id='word_1_150' title='bbox 1258 2191 1356 2248; x_wconf 78' lang='grc' dir='ltr'>οὐκ</span> <span class='ocrx_word' id='word_1_151' title='bbox 1407 2187 1567 2263; x_wconf 78' lang='grc' dir='ltr'>ἔστιν,</span> <span class='ocrx_word' id='word_1_152' title='bbox 1619 2190 1735 2248; x_wconf 78' lang='grc' dir='ltr'>οὐδ’</span> <span class='ocrx_word' id='word_1_153' title='bbox 1765 2191 1897 2248; x_wconf 83' lang='grc' dir='ltr'>ἀπο-</span> 
     </span>
    </p>
   </div>
   <div class='ocr_carea' id='block_1_23' title="bbox 233 2276 1894 2364">
    <p class='ocr_par' dir='ltr' id='par_1_23' title="bbox 233 2276 1894 2364">
     <span class='ocr_line' id='line_1_23' title="bbox 233 2276 1894 2364; baseline -0.002 -25"><span class='ocrx_word' id='word_1_154' title='bbox 233 2285 383 2364; x_wconf 83' lang='grc' dir='ltr'>φυγή</span> <span class='ocrx_word' id='word_1_155' title='bbox 422 2287 541 2346; x_wconf 89' lang='grc' dir='ltr'>τοῖς</span> <span class='ocrx_word' id='word_1_156' title='bbox 589 2281 828 2356; x_wconf 77' lang='grc' dir='ltr'>ἐμαυτοῦ</span> <span class='ocrx_word' id='word_1_157' title='bbox 871 2280 1325 2358; x_wconf 75' lang='grc' dir='ltr'>περιειλημμένῳ</span> <span class='ocrx_word' id='word_1_158' title='bbox 1376 2279 1619 2356; x_wconf 82' lang='grc' dir='ltr'>δεσμοῖς,</span> <span class='ocrx_word' id='word_1_159' title='bbox 1653 2276 1894 2337; x_wconf 79' lang='grc' dir='ltr'>ἐπιϐοῶ-</span> 
     </span>
    </p>
   </div>
   <div class='ocr_carea' id='block_1_24' title="bbox 236 2370 1896 2448">
    <p class='ocr_par' dir='ltr' id='par_1_24' title="bbox 236 2370 1896 2448">
     <span class='ocr_line' id='line_1_24' title="bbox 236 2370 1896 2448; baseline -0.001 -20"><span class='ocrx_word' id='word_1_160' title='bbox 236 2395 333 2448; x_wconf 87' lang='grc' dir='ltr'>μαι</span> <span class='ocrx_word' id='word_1_161' title='bbox 392 2373 530 2428; x_wconf 82' lang='grc' dir='ltr'>κατᾶ</span> <span class='ocrx_word' id='word_1_162' title='bbox 583 2375 691 2427; x_wconf 87' lang='grc' dir='ltr'>τῶν</span> <span class='ocrx_word' id='word_1_163' title='bbox 742 2370 986 2444; x_wconf 80' lang='grc' dir='ltr'>ἀποριῶν</span> <span class='ocrx_word' id='word_1_164' title='bbox 1035 2371 1133 2440; x_wconf 77' lang='grc' dir='ltr'>τὴν</span> <span class='ocrx_word' id='word_1_165' title='bbox 1192 2371 1528 2448; x_wconf 78' lang='grc' dir='ltr'>μαρτυρικὴν</span> <span class='ocrx_word' id='word_1_166' title='bbox 1577 2370 1761 2447; x_wconf 89' lang='grc' dir='ltr'>χάριν,</span> <span class='ocrx_word' id='word_1_167' title='bbox 1804 2371 1896 2426; x_wconf 80' lang='grc' dir='ltr'>καὶ</span> 
     </span>
    </p>
   </div>
   <div class='ocr_carea' id='block_1_25' title="bbox 233 2457 1898 2533">
    <p class='ocr_par' dir='ltr' id='par_1_25' title="bbox 233 2457 1898 2533">
     <span class='ocr_line' id='line_1_25' title="bbox 233 2457 1898 2533; baseline -0.001 -16"><span class='ocrx_word' id='word_1_168' title='bbox 233 2460 325 2518; x_wconf 84' lang='grc' dir='ltr'>διὰ</span> <span class='ocrx_word' id='word_1_169' title='bbox 380 2462 444 2516; x_wconf 87' lang='grc' dir='ltr'>τὸ</span> <span class='ocrx_word' id='word_1_170' title='bbox 501 2459 727 2532; x_wconf 87' lang='grc' dir='ltr'>σύνηθες</span> <span class='ocrx_word' id='word_1_171' title='bbox 799 2458 887 2514; x_wconf 86' lang='grc' dir='ltr'>ἐπὶ</span> <span class='ocrx_word' id='word_1_172' title='bbox 942 2462 1041 2528; x_wconf 78' lang='grc' dir='ltr'>τῆς</span> <span class='ocrx_word' id='word_1_173' title='bbox 1097 2457 1436 2533; x_wconf 66' lang='grc' dir='ltr'>ἐπικλήσεως</span> <span class='ocrx_word' id='word_1_174' title='bbox 1491 2461 1582 2514; x_wconf 87' lang='grc' dir='ltr'>καὶ</span> <span class='ocrx_word' id='word_1_175' title='bbox 1653 2463 1753 2530; x_wconf 77' lang='grc' dir='ltr'>τὴν</span> <span class='ocrx_word' id='word_1_176' title='bbox 1815 2461 1898 2520; x_wconf 84' lang='grc' dir='ltr'>ἀεὶ</span> 
     </span>
    </p>
   </div>
   <div class='ocr_carea' id='block_1_26' title="bbox 229 2548 1897 2624">
    <p class='ocr_par' dir='ltr' id='par_1_26' title="bbox 229 2548 1897 2624">
     <span class='ocr_line' id='line_1_26' title="bbox 229 2548 1897 2624; baseline -0.002 -17"><span class='ocrx_word' id='word_1_177' title='bbox 229 2550 581 2621; x_wconf 81' lang='grc' dir='ltr'>συναίσθησιν</span> <span class='ocrx_word' id='word_1_178' title='bbox 639 2556 740 2618; x_wconf 85' lang='grc' dir='ltr'>τῆς</span> <span class='ocrx_word' id='word_1_179' title='bbox 797 2549 925 2624; x_wconf 83' lang='grc' dir='ltr'>παρ’</span> <span class='ocrx_word' id='word_1_180' title='bbox 981 2548 1147 2604; x_wconf 82' lang='grc' dir='ltr'>αὐτοῦ</span> <span class='ocrx_word' id='word_1_181' title='bbox 1209 2549 1487 2624; x_wconf 87' lang='grc' dir='ltr'>βοηθείας,</span> <span class='ocrx_word' id='word_1_182' title='bbox 1545 2548 1782 2622; x_wconf 89' lang='grc' dir='ltr'>μάλιστα</span> <span class='ocrx_word' id='word_1_183' title='bbox 1841 2548 1897 2604; x_wconf 72' lang='grc' dir='ltr'>δὲ</span> 
     </span>
    </p>
   </div>
   <div class='ocr_carea' id='block_1_27' title="bbox 228 2635 1894 2712">
    <p class='ocr_par' dir='ltr' id='par_1_27' title="bbox 228 2635 1894 2712">
     <span class='ocr_line' id='line_1_27' title="bbox 228 2635 1894 2712; baseline -0.001 -16"><span class='ocrx_word' id='word_1_184' title='bbox 228 2640 324 2696; x_wconf 85' lang='grc' dir='ltr'>καὶ</span> <span class='ocrx_word' id='word_1_185' title='bbox 364 2639 428 2694; x_wconf 86' lang='grc' dir='ltr'>τὸ</span> <span class='ocrx_word' id='word_1_186' title='bbox 473 2639 676 2694; x_wconf 73' lang='grc' dir='ltr'>οἱκεῖον</span> <span class='ocrx_word' id='word_1_187' title='bbox 726 2644 828 2708; x_wconf 78' lang='grc' dir='ltr'>τῆς</span> <span class='ocrx_word' id='word_1_188' title='bbox 879 2636 1205 2706; x_wconf 72' lang='grc' dir='ltr'>ὑποθέσεως,</span> <span class='ocrx_word' id='word_1_189' title='bbox 1255 2637 1340 2693; x_wconf 80' lang='grc' dir='ltr'>ὅτι</span> <span class='ocrx_word' id='word_1_190' title='bbox 1393 2635 1568 2712; x_wconf 83' lang='grc' dir='ltr'>δῶρον</span> <span class='ocrx_word' id='word_1_191' title='bbox 1612 2637 1758 2711; x_wconf 85' lang='grc' dir='ltr'>αύτῷ</span> <span class='ocrx_word' id='word_1_192' title='bbox 1801 2639 1894 2694; x_wconf 89' lang='grc' dir='ltr'>τὸν</span> 
     </span>
    </p>
   </div>
   <div class='ocr_carea' id='block_1_28' title="bbox 228 2727 1896 2806">
    <p class='ocr_par' dir='ltr' id='par_1_28' title="bbox 228 2727 1896 2806">
     <span class='ocr_line' id='line_1_28' title="bbox 228 2727 1896 2806; baseline -0.002 -19"><span class='ocrx_word' id='word_1_193' title='bbox 228 2729 404 2806; x_wconf 85' lang='grc' dir='ltr'>λόγον</span> <span class='ocrx_word' id='word_1_194' title='bbox 446 2727 824 2805; x_wconf 88' lang='grc' dir='ltr'>προσάγομεν.</span> <span class='ocrx_word' id='word_1_195' title='bbox 880 2727 946 2782; x_wconf 79' lang='grc' dir='ltr'>Εἰ</span> <span class='ocrx_word' id='word_1_196' title='bbox 992 2727 1095 2804; x_wconf 83' lang='grc' dir='ltr'>γὰρ</span> <span class='ocrx_word' id='word_1_197' title='bbox 1141 2727 1232 2782; x_wconf 87' lang='grc' dir='ltr'>καὶ</span> <span class='ocrx_word' id='word_1_198' title='bbox 1290 2728 1588 2782; x_wconf 77' lang='grc' dir='ltr'>ὁποσονοῦν</span> <span class='ocrx_word' id='word_1_199' title='bbox 1644 2727 1896 2783; x_wconf 86' lang='grc' dir='ltr'>ἐπιπνεύ-</span> 
     </span>
    </p>
   </div>
   <div class='ocr_carea' id='block_1_29' title="bbox 227 2815 1897 2893">
    <p class='ocr_par' dir='ltr' id='par_1_29' title="bbox 227 2815 1897 2893">
     <span class='ocr_line' id='line_1_29' title="bbox 227 2815 1897 2893; baseline -0.003 -18"><span class='ocrx_word' id='word_1_200' title='bbox 227 2840 340 2875; x_wconf 86' lang='grc' dir='ltr'>σειε</span> <span class='ocrx_word' id='word_1_201' title='bbox 385 2817 597 2891; x_wconf 86' lang='grc' dir='ltr'>ταύτης</span> <span class='ocrx_word' id='word_1_202' title='bbox 644 2817 793 2891; x_wconf 81' lang='grc' dir='ltr'>ἐμοὶ,</span> <span class='ocrx_word' id='word_1_203' title='bbox 839 2815 905 2886; x_wconf 74' lang='grc' dir='ltr'>ἥν</span> <span class='ocrx_word' id='word_1_204' title='bbox 955 2815 1274 2888; x_wconf 79' lang='grc' dir='ltr'>πλουτήσας</span> <span class='ocrx_word' id='word_1_205' title='bbox 1314 2815 1516 2878; x_wconf 88' lang='grc' dir='ltr'>ἐκεῖνος</span> <span class='ocrx_word' id='word_1_206' title='bbox 1561 2817 1707 2893; x_wconf 82' lang='grc' dir='ltr'>παρὰ</span> <span class='ocrx_word' id='word_1_207' title='bbox 1764 2820 1897 2873; x_wconf 90' lang='grc' dir='ltr'>Θεοῦ</span> 
     </span>
    </p>
   </div>
   <div class='ocr_carea' id='block_1_30' title="bbox 224 2905 1894 2987">
    <p class='ocr_par' dir='ltr' id='par_1_30' title="bbox 224 2905 1894 2987">
     <span class='ocr_line' id='line_1_30' title="bbox 224 2905 1894 2987; baseline -0.002 -23"><span class='ocrx_word' id='word_1_208' title='bbox 224 2907 416 2987; x_wconf 82' lang='grc' dir='ltr'>χάριν,</span> <span class='ocrx_word' id='word_1_209' title='bbox 477 2906 756 2984; x_wconf 77' lang='grc' dir='ltr'>ἐκαρτέρει</span> <span class='ocrx_word' id='word_1_210' title='bbox 814 2906 909 2980; x_wconf 77' lang='grc' dir='ltr'>μὲν</span> <span class='ocrx_word' id='word_1_211' title='bbox 953 2905 1182 2982; x_wconf 80' lang='grc' dir='ltr'>πάσχων</span> <span class='ocrx_word' id='word_1_212' title='bbox 1230 2905 1266 2960; x_wconf 77' lang='grc' dir='ltr'>ἃ</span> <span class='ocrx_word' id='word_1_213' title='bbox 1318 2907 1394 2980; x_wconf 79' lang='grc' dir='ltr'>μὴ</span> <span class='ocrx_word' id='word_1_214' title='bbox 1445 2906 1650 2984; x_wconf 84' lang='grc' dir='ltr'>πέφυκε</span> <span class='ocrx_word' id='word_1_215' title='bbox 1695 2905 1894 2983; x_wconf 84' lang='grc' dir='ltr'>στέγειν</span> 
     </span>
    </p>
   </div>
   <div class='ocr_carea' id='block_1_31' title="bbox 222 2993 1893 3076">
    <p class='ocr_par' dir='ltr' id='par_1_31' title="bbox 222 2993 1893 3076">
     <span class='ocr_line' id='line_1_31' title="bbox 222 2993 1893 3076; baseline -0.002 -23"><span class='ocrx_word' id='word_1_216' title='bbox 222 3002 262 3068; x_wconf 81' lang='grc' dir='ltr'>ἡ</span> <span class='ocrx_word' id='word_1_217' title='bbox 314 2997 500 3076; x_wconf 86' lang='grc' dir='ltr'>φύσις,</span> <span class='ocrx_word' id='word_1_218' title='bbox 547 2994 833 3072; x_wconf 78' lang='grc' dir='ltr'>εἰργάζετο</span> <span class='ocrx_word' id='word_1_219' title='bbox 882 2993 940 3050; x_wconf 74' lang='grc' dir='ltr'>δὲ</span> <span class='ocrx_word' id='word_1_220' title='bbox 989 2993 1130 3072; x_wconf 89' lang='grc' dir='ltr'>δρῶν</span> <span class='ocrx_word' id='word_1_221' title='bbox 1179 2994 1278 3050; x_wconf 77' lang='grc' dir='ltr'>ὅσα</span> <span class='ocrx_word' id='word_1_222' title='bbox 1330 2996 1406 3070; x_wconf 78' lang='grc' dir='ltr'>μὴ</span> <span class='ocrx_word' id='word_1_223' title='bbox 1462 2993 1606 3051; x_wconf 79' lang='grc' dir='ltr'>οἶδεν</span> <span class='ocrx_word' id='word_1_224' title='bbox 1640 2998 1674 3066; x_wconf 85' lang='grc' dir='ltr'><strong>ἡ</strong></span> <span class='ocrx_word' id='word_1_225' title='bbox 1719 2995 1893 3074; x_wconf 88' lang='grc' dir='ltr'>φύσις·</span> 
     </span>
    </p>
   </div>
   <div class='ocr_carea' id='block_1_32' title="bbox 227 3083 1898 3161">
    <p class='ocr_par' dir='ltr' id='par_1_32' title="bbox 227 3083 1898 3161">
     <span class='ocr_line' id='line_1_32' title="bbox 227 3083 1898 3161; baseline -0.001 -19"><span class='ocrx_word' id='word_1_226' title='bbox 227 3087 334 3142; x_wconf 80' lang='grc' dir='ltr'>οὐκ</span> <span class='ocrx_word' id='word_1_227' title='bbox 381 3084 651 3142; x_wconf 84' lang='grc' dir='ltr'>ἐνδοιάσω</span> <span class='ocrx_word' id='word_1_228' title='bbox 695 3085 825 3161; x_wconf 86' lang='grc' dir='ltr'>περὶ</span> <span class='ocrx_word' id='word_1_229' title='bbox 869 3088 966 3140; x_wconf 90' lang='grc' dir='ltr'>τοῦ</span> <span class='ocrx_word' id='word_1_230' title='bbox 1024 3083 1456 3161; x_wconf 80' lang='grc' dir='ltr'>ἐγχειρήματος,</span> <span class='ocrx_word' id='word_1_231' title='bbox 1507 3083 1552 3139; x_wconf 78' lang='grc' dir='ltr'>εἰ</span> <span class='ocrx_word' id='word_1_232' title='bbox 1611 3085 1689 3147; x_wconf 79' lang='grc' dir='ltr'>εὶς</span> <span class='ocrx_word' id='word_1_233' title='bbox 1735 3083 1898 3148; x_wconf 85' lang='grc' dir='ltr'>τέλος</span> 
     </span>
    </p>
   </div>
   <div class='ocr_carea' id='block_1_33' title="bbox 228 3170 1898 3254">
    <p class='ocr_par' dir='ltr' id='par_1_33' title="bbox 228 3170 1898 3254">
     <span class='ocr_line' id='line_1_33' title="bbox 228 3170 1898 3254; baseline -0.002 -22"><span class='ocrx_word' id='word_1_234' title='bbox 228 3176 519 3254; x_wconf 77' lang='grc' dir='ltr'>ἀφίξομαι,</span> <span class='ocrx_word' id='word_1_235' title='bbox 549 3173 675 3231; x_wconf 76' lang='grc' dir='ltr'>οὐδὲ</span> <span class='ocrx_word' id='word_1_236' title='bbox 725 3175 827 3243; x_wconf 82' lang='grc' dir='ltr'>τήν</span> <span class='ocrx_word' id='word_1_237' title='bbox 879 3174 1087 3250; x_wconf 77' lang='grc' dir='ltr'>ἀγαθὴν</span> <span class='ocrx_word' id='word_1_238' title='bbox 1136 3170 1333 3229; x_wconf 82' lang='grc' dir='ltr'>ἐλπίδα</span> <span class='ocrx_word' id='word_1_239' title='bbox 1360 3175 1698 3249; x_wconf 74' lang='grc' dir='ltr'>προήσομαι.</span> <span class='ocrx_word' id='word_1_240' title='bbox 1739 3170 1898 3229; x_wconf 84' lang='grc' dir='ltr'>Ἀλλ’</span> 
     </span>
    </p>
   </div>
   <div class='ocr_carea' id='block_1_34' title="bbox 234 3259 1892 3339">
    <p class='ocr_par' dir='ltr' id='par_1_34' title="bbox 234 3259 1892 3339">
     <span class='ocr_line' id='line_1_34' title="bbox 234 3259 1892 3339; baseline -0.001 -21"><span class='ocrx_word' id='word_1_241' title='bbox 234 3262 466 3338; x_wconf 76' lang='grc' dir='ltr'>ἀρκτέον</span> <span class='ocrx_word' id='word_1_242' title='bbox 519 3261 624 3335; x_wconf 73' lang='grc' dir='ltr'>ἤδη</span> <span class='ocrx_word' id='word_1_243' title='bbox 675 3267 776 3318; x_wconf 88' lang='grc' dir='ltr'>τοῦ</span> <span class='ocrx_word' id='word_1_244' title='bbox 834 3259 1002 3338; x_wconf 89' lang='grc' dir='ltr'>λόγου</span> <span class='ocrx_word' id='word_1_245' title='bbox 1052 3265 1122 3337; x_wconf 77' lang='grc' dir='ltr'>τῇ</span> <span class='ocrx_word' id='word_1_246' title='bbox 1182 3261 1383 3318; x_wconf 89' lang='grc' dir='ltr'>ἐκείνου</span> <span class='ocrx_word' id='word_1_247' title='bbox 1439 3261 1725 3339; x_wconf 78' lang='grc' dir='ltr'>ἐπικουρίᾳ</span> <span class='ocrx_word' id='word_1_248' title='bbox 1765 3263 1892 3338; x_wconf 73' lang='grc' dir='ltr'>θαρ-</span> 
     </span>
    </p>
   </div>
   <div class='ocr_carea' id='block_1_35' title="bbox 241 3355 533 3424">
    <p class='ocr_par' dir='ltr' id='par_1_35' title="bbox 241 3355 533 3424">
     <span class='ocr_line' id='line_1_35' title="bbox 241 3355 533 3424; baseline 0.017 -19"><span class='ocrx_word' id='word_1_249' title='bbox 241 3355 314 3424; x_wconf 68' lang='grc' dir='ltr'>σή</span> <span class='ocrx_word' id='word_1_250' title='bbox 324 3372 533 3415; x_wconf 86' lang='grc' dir='ltr'>σαντας.</span> 
     </span>
    </p>
   </div>
   <div class='ocr_carea' id='block_1_36' title="bbox 2002 684 3654 755">
    <p class='ocr_par' dir='ltr' id='par_1_36' title="bbox 2002 684 3654 755">
     <span class='ocr_line' id='line_1_36' title="bbox 2002 684 3654 755; baseline 0.001 -18"><span class='ocrx_word' id='word_1_251' title='bbox 2002 699 2135 738; x_wconf 89' lang='lat' dir='ltr'>rum</span> <span class='ocrx_word' id='word_1_252' title='bbox 2167 684 2422 755; x_wconf 86' lang='lat' dir='ltr'>nomine,</span> <span class='ocrx_word' id='word_1_253' title='bbox 2454 687 2808 755; x_wconf 76' lang='lat' dir='ltr'>tantumque</span> <span class='ocrx_word' id='word_1_254' title='bbox 2838 686 3276 754; x_wconf 84' lang='lat' dir='ltr'>argumentum,</span> <span class='ocrx_word' id='word_1_255' title='bbox 3309 687 3530 753; x_wconf 90' lang='lat' dir='ltr'>quanta</span> <span class='ocrx_word' id='word_1_256' title='bbox 3561 686 3654 738; x_wconf 89' lang='lat' dir='ltr'>est</span> 
     </span>
    </p>
   </div>
   <div class='ocr_carea' id='block_1_37' title="bbox 2001 771 3650 844">
    <p class='ocr_par' dir='ltr' id='par_1_37' title="bbox 2001 771 3650 844">
     <span class='ocr_line' id='line_1_37' title="bbox 2001 771 3650 844; baseline 0.001 -19"><span class='ocrx_word' id='word_1_257' title='bbox 2001 771 2188 843; x_wconf 88' lang='lat' dir='ltr'>ipsius</span> <span class='ocrx_word' id='word_1_258' title='bbox 2215 771 2495 844; x_wconf 83' lang='lat' dir='ltr'>laudatio,</span> <span class='ocrx_word' id='word_1_259' title='bbox 2517 775 2957 843; x_wconf 86' lang='lat' dir='ltr'>assumpturus,</span> <span class='ocrx_word' id='word_1_260' title='bbox 2989 771 3184 827; x_wconf 91' lang='lat' dir='ltr'>nescio</span> <span class='ocrx_word' id='word_1_261' title='bbox 3202 776 3403 826; x_wconf 85' lang='lat' dir='ltr'>utrum</span> <span class='ocrx_word' id='word_1_262' title='bbox 3424 771 3650 842; x_wconf 90' lang='lat' dir='ltr'>justius</span> 
     </span>
    </p>
   </div>
   <div class='ocr_carea' id='block_1_38' title="bbox 2000 859 3647 934">
    <p class='ocr_par' dir='ltr' id='par_1_38' title="bbox 2000 859 3647 934">
     <span class='ocr_line' id='line_1_38' title="bbox 2000 859 3647 934; baseline -0.001 -17"><span class='ocrx_word' id='word_1_263' title='bbox 2000 859 2236 933; x_wconf 84' lang='lat' dir='ltr'>aliquis,</span> <span class='ocrx_word' id='word_1_264' title='bbox 2260 861 2436 918; x_wconf 79' lang='lat' dir='ltr'>alicui</span> <span class='ocrx_word' id='word_1_265' title='bbox 2467 861 2720 917; x_wconf 79' lang='lat' dir='ltr'>materiae</span> <span class='ocrx_word' id='word_1_266' title='bbox 2743 877 2917 917; x_wconf 89' lang='lat' dir='ltr'>suum</span> <span class='ocrx_word' id='word_1_267' title='bbox 2934 860 3338 934; x_wconf 88' lang='lat' dir='ltr'>applicaturus</span> <span class='ocrx_word' id='word_1_268' title='bbox 3360 860 3647 928; x_wconf 90' lang='lat' dir='ltr'>studium,</span> 
     </span>
    </p>
   </div>
   <div class='ocr_carea' id='block_1_39' title="bbox 2000 949 3650 1022">
    <p class='ocr_par' dir='ltr' id='par_1_39' title="bbox 2000 949 3650 1022">
     <span class='ocr_line' id='line_1_39' title="bbox 2000 949 3650 1022; baseline -0.001 -18"><span class='ocrx_word' id='word_1_269' title='bbox 2000 949 2230 1021; x_wconf 67' lang='lat' dir='ltr'>praefari</span> <span class='ocrx_word' id='word_1_270' title='bbox 2260 951 2466 1022; x_wconf 86' lang='lat' dir='ltr'>possit,</span> <span class='ocrx_word' id='word_1_271' title='bbox 2511 966 2794 1022; x_wconf 90' lang='lat' dir='ltr'>magnum</span> <span class='ocrx_word' id='word_1_272' title='bbox 2843 966 2972 1006; x_wconf 91' lang='lat' dir='ltr'>esse</span> <span class='ocrx_word' id='word_1_273' title='bbox 3002 950 3284 1018; x_wconf 85' lang='lat' dir='ltr'>laborem,</span> <span class='ocrx_word' id='word_1_274' title='bbox 3317 965 3494 1021; x_wconf 87' lang='lat' dir='ltr'>quem</span> <span class='ocrx_word' id='word_1_275' title='bbox 3542 965 3650 1021; x_wconf 88' lang='lat' dir='ltr'>ag-</span> 
     </span>
    </p>
   </div>
   <div class='ocr_carea' id='block_1_40' title="bbox 1999 1037 3649 1112">
    <p class='ocr_par' dir='ltr' id='par_1_40' title="bbox 1999 1037 3649 1112">
     <span class='ocr_line' id='line_1_40' title="bbox 1999 1037 3649 1112; baseline -0.001 -19"><span class='ocrx_word' id='word_1_276' title='bbox 1999 1038 2164 1110; x_wconf 83' lang='lat' dir='ltr'>gredi</span> <span class='ocrx_word' id='word_1_277' title='bbox 2193 1039 2415 1108; x_wconf 82' lang='lat' dir='ltr'>timeat,</span> <span class='ocrx_word' id='word_1_278' title='bbox 2440 1043 2497 1096; x_wconf 91' lang='lat' dir='ltr'>et</span> <span class='ocrx_word' id='word_1_279' title='bbox 2527 1039 2698 1111; x_wconf 88' lang='lat' dir='ltr'>cujus</span> <span class='ocrx_word' id='word_1_280' title='bbox 2718 1039 2978 1112; x_wconf 88' lang='lat' dir='ltr'>suscepti</span> <span class='ocrx_word' id='word_1_281' title='bbox 3007 1038 3264 1112; x_wconf 84' lang='lat' dir='ltr'>postulet</span> <span class='ocrx_word' id='word_1_282' title='bbox 3281 1037 3392 1094; x_wconf 91' lang='lat' dir='ltr'>sibi</span> <span class='ocrx_word' id='word_1_283' title='bbox 3414 1037 3649 1094; x_wconf 86' lang='lat' dir='ltr'>veniam</span> 
     </span>
    </p>
   </div>
   <div class='ocr_carea' id='block_1_41' title="bbox 2000 1126 3653 1201">
    <p class='ocr_par' dir='ltr' id='par_1_41' title="bbox 2000 1126 3653 1201">
     <span class='ocr_line' id='line_1_41' title="bbox 2000 1126 3653 1201; baseline 0 -19"><span class='ocrx_word' id='word_1_284' title='bbox 2000 1127 2149 1183; x_wconf 91' lang='lat' dir='ltr'>dari.</span> <span class='ocrx_word' id='word_1_285' title='bbox 2183 1127 2369 1201; x_wconf 85' lang='lat' dir='ltr'>Igitur</span> <span class='ocrx_word' id='word_1_286' title='bbox 2413 1128 2678 1184; x_wconf 88' lang='lat' dir='ltr'>animum</span> <span class='ocrx_word' id='word_1_287' title='bbox 2709 1129 2769 1184; x_wconf 89' lang='lat' dir='ltr'>in</span> <span class='ocrx_word' id='word_1_288' title='bbox 2812 1145 2947 1184; x_wconf 90' lang='lat' dir='ltr'>eum</span> <span class='ocrx_word' id='word_1_289' title='bbox 2997 1129 3307 1184; x_wconf 91' lang='lat' dir='ltr'>intendens</span> <span class='ocrx_word' id='word_1_290' title='bbox 3365 1128 3451 1184; x_wconf 90' lang='lat' dir='ltr'>sic</span> <span class='ocrx_word' id='word_1_291' title='bbox 3479 1126 3653 1199; x_wconf 85' lang='lat' dir='ltr'>plane</span> 
     </span>
    </p>
   </div>
   <div class='ocr_carea' id='block_1_42' title="bbox 2002 1217 3652 1290">
    <p class='ocr_par' dir='ltr' id='par_1_42' title="bbox 2002 1217 3652 1290">
     <span class='ocr_line' id='line_1_42' title="bbox 2002 1217 3652 1290; baseline 0.001 -18"><span class='ocrx_word' id='word_1_292' title='bbox 2002 1233 2206 1288; x_wconf 91' lang='lat' dir='ltr'>angor,</span> <span class='ocrx_word' id='word_1_293' title='bbox 2235 1222 2302 1273; x_wconf 93' lang='lat' dir='ltr'>ut</span> <span class='ocrx_word' id='word_1_294' title='bbox 2349 1217 2496 1273; x_wconf 90' lang='lat' dir='ltr'>mihi</span> <span class='ocrx_word' id='word_1_295' title='bbox 2541 1217 2756 1284; x_wconf 87' lang='lat' dir='ltr'>videar,</span> <span class='ocrx_word' id='word_1_296' title='bbox 2793 1234 2928 1274; x_wconf 85' lang='lat' dir='ltr'>eum</span> <span class='ocrx_word' id='word_1_297' title='bbox 2974 1217 3064 1274; x_wconf 89' lang='lat' dir='ltr'>vel</span> <span class='ocrx_word' id='word_1_298' title='bbox 3095 1217 3303 1290; x_wconf 85' lang='lat' dir='ltr'>primis</span> <span class='ocrx_word' id='word_1_299' title='bbox 3353 1218 3652 1289; x_wconf 90' lang='lat' dir='ltr'>attigendo</span> 
     </span>
    </p>
   </div>
   <div class='ocr_carea' id='block_1_43' title="bbox 2003 1304 3656 1378">
    <p class='ocr_par' dir='ltr' id='par_1_43' title="bbox 2003 1304 3656 1378">
     <span class='ocr_line' id='line_1_43' title="bbox 2003 1304 3656 1378; baseline 0 -18"><span class='ocrx_word' id='word_1_300' title='bbox 2003 1304 2223 1376; x_wconf 83' lang='lat' dir='ltr'>digitis,</span> <span class='ocrx_word' id='word_1_301' title='bbox 2256 1306 2412 1362; x_wconf 91' lang='lat' dir='ltr'>idem</span> <span class='ocrx_word' id='word_1_302' title='bbox 2435 1307 2754 1378; x_wconf 88' lang='lat' dir='ltr'>pati,quod</span> <span class='ocrx_word' id='word_1_303' title='bbox 2787 1306 2830 1360; x_wconf 90' lang='lat' dir='ltr'>ii</span> <span class='ocrx_word' id='word_1_304' title='bbox 2862 1306 2962 1378; x_wconf 87' lang='lat' dir='ltr'>qui</span> <span class='ocrx_word' id='word_1_305' title='bbox 2994 1322 3063 1362; x_wconf 83' lang='lat' dir='ltr'>ex</span> <span class='ocrx_word' id='word_1_306' title='bbox 3086 1306 3381 1378; x_wconf 85' lang='lat' dir='ltr'>imperitia</span> <span class='ocrx_word' id='word_1_307' title='bbox 3408 1305 3656 1378; x_wconf 90' lang='lat' dir='ltr'>cupiunt</span> 
     </span>
    </p>
   </div>
   <div class='ocr_carea' id='block_1_44' title="bbox 2002 1395 3654 1462">
    <p class='ocr_par' dir='ltr' id='par_1_44' title="bbox 2002 1395 3654 1462">
     <span class='ocr_line' id='line_1_44' title="bbox 2002 1395 3654 1462; baseline 0 -12"><span class='ocrx_word' id='word_1_308' title='bbox 2002 1411 2163 1450; x_wconf 90' lang='lat' dir='ltr'>mare</span> <span class='ocrx_word' id='word_1_309' title='bbox 2193 1396 2604 1462; x_wconf 86' lang='lat' dir='ltr'>conscendere,</span> <span class='ocrx_word' id='word_1_310' title='bbox 2637 1397 3094 1452; x_wconf 86' lang='lat' dir='ltr'>conscendentes</span> <span class='ocrx_word' id='word_1_311' title='bbox 3126 1399 3322 1452; x_wconf 89' lang='lat' dir='ltr'>autem</span> <span class='ocrx_word' id='word_1_312' title='bbox 3352 1395 3412 1450; x_wconf 91' lang='lat' dir='ltr'>in</span> <span class='ocrx_word' id='word_1_313' title='bbox 3446 1396 3654 1452; x_wconf 87' lang='lat' dir='ltr'>adver-</span> 
     </span>
    </p>
   </div>
   <div class='ocr_carea' id='block_1_45' title="bbox 2003 1483 3649 1556">
    <p class='ocr_par' dir='ltr' id='par_1_45' title="bbox 2003 1483 3649 1556">
     <span class='ocr_line' id='line_1_45' title="bbox 2003 1483 3649 1556; baseline -0.001 -16"><span class='ocrx_word' id='word_1_314' title='bbox 2003 1501 2134 1540; x_wconf 90' lang='lat' dir='ltr'>sum</span> <span class='ocrx_word' id='word_1_315' title='bbox 2165 1483 2334 1540; x_wconf 88' lang='lat' dir='ltr'>littus</span> <span class='ocrx_word' id='word_1_316' title='bbox 2385 1486 2766 1556; x_wconf 84' lang='lat' dir='ltr'>protendunt,</span> <span class='ocrx_word' id='word_1_317' title='bbox 2803 1484 3110 1556; x_wconf 89' lang='lat' dir='ltr'>desideria,</span> <span class='ocrx_word' id='word_1_318' title='bbox 3161 1485 3512 1556; x_wconf 88' lang='lat' dir='ltr'>experiendo</span> <span class='ocrx_word' id='word_1_319' title='bbox 3565 1484 3649 1540; x_wconf 89' lang='lat' dir='ltr'>di-</span> 
     </span>
    </p>
   </div>
   <div class='ocr_carea' id='block_1_46' title="bbox 2002 1573 3654 1646">
    <p class='ocr_par' dir='ltr' id='par_1_46' title="bbox 2002 1573 3654 1646">
     <span class='ocr_line' id='line_1_46' title="bbox 2002 1573 3654 1646; baseline -0.001 -17"><span class='ocrx_word' id='word_1_320' title='bbox 2002 1577 2229 1630; x_wconf 86' lang='lat' dir='ltr'>scentes</span> <span class='ocrx_word' id='word_1_321' title='bbox 2259 1573 2535 1629; x_wconf 65' lang='lat' dir='ltr'>saevitiem</span> <span class='ocrx_word' id='word_1_322' title='bbox 2577 1573 2789 1646; x_wconf 85' lang='lat' dir='ltr'>pelagi,</span> <span class='ocrx_word' id='word_1_323' title='bbox 2824 1575 3072 1646; x_wconf 89' lang='lat' dir='ltr'>ejusque</span> <span class='ocrx_word' id='word_1_324' title='bbox 3102 1573 3387 1645; x_wconf 86' lang='lat' dir='ltr'>procellas</span> <span class='ocrx_word' id='word_1_325' title='bbox 3416 1578 3474 1630; x_wconf 88' lang='lat' dir='ltr'>et</span> <span class='ocrx_word' id='word_1_326' title='bbox 3503 1577 3654 1629; x_wconf 90' lang='lat' dir='ltr'>tem-</span> 
     </span>
    </p>
   </div>
   <div class='ocr_carea' id='block_1_47' title="bbox 2002 1662 3654 1735">
    <p class='ocr_par' dir='ltr' id='par_1_47' title="bbox 2002 1662 3654 1735">
     <span class='ocr_line' id='line_1_47' title="bbox 2002 1662 3654 1735; baseline 0.001 -17"><span class='ocrx_word' id='word_1_327' title='bbox 2002 1667 2256 1735; x_wconf 87' lang='lat' dir='ltr'>pestates</span> <span class='ocrx_word' id='word_1_328' title='bbox 2287 1667 2344 1719; x_wconf 89' lang='lat' dir='ltr'>et</span> <span class='ocrx_word' id='word_1_329' title='bbox 2373 1679 2739 1734; x_wconf 72' lang='lat' dir='ltr'>quaecunque</span> <span class='ocrx_word' id='word_1_330' title='bbox 2785 1662 2900 1718; x_wconf 85' lang='lat' dir='ltr'>alia</span> <span class='ocrx_word' id='word_1_331' title='bbox 2929 1662 3119 1719; x_wconf 88' lang='lat' dir='ltr'>solent</span> <span class='ocrx_word' id='word_1_332' title='bbox 3170 1679 3392 1735; x_wconf 88' lang='lat' dir='ltr'>cogere,</span> <span class='ocrx_word' id='word_1_333' title='bbox 3424 1666 3492 1719; x_wconf 91' lang='lat' dir='ltr'>ut</span> <span class='ocrx_word' id='word_1_334' title='bbox 3520 1663 3654 1735; x_wconf 90' lang='lat' dir='ltr'>quis</span> 
     </span>
    </p>
   </div>
   <div class='ocr_carea' id='block_1_48' title="bbox 2002 1751 3655 1824">
    <p class='ocr_par' dir='ltr' id='par_1_48' title="bbox 2002 1751 3655 1824">
     <span class='ocr_line' id='line_1_48' title="bbox 2002 1751 3655 1824; baseline 0.001 -17"><span class='ocrx_word' id='word_1_335' title='bbox 2002 1755 2164 1824; x_wconf 88' lang='lat' dir='ltr'>optet</span> <span class='ocrx_word' id='word_1_336' title='bbox 2195 1752 2330 1807; x_wconf 91' lang='lat' dir='ltr'>inde</span> <span class='ocrx_word' id='word_1_337' title='bbox 2353 1752 2557 1807; x_wconf 91' lang='lat' dir='ltr'>abesse</span> <span class='ocrx_word' id='word_1_338' title='bbox 2577 1751 2832 1824; x_wconf 88' lang='lat' dir='ltr'>longius.</span> <span class='ocrx_word' id='word_1_339' title='bbox 2862 1753 3024 1816; x_wconf 91' lang='lat' dir='ltr'>Quod</span> <span class='ocrx_word' id='word_1_340' title='bbox 3048 1769 3188 1808; x_wconf 87' lang='lat' dir='ltr'>sane</span> <span class='ocrx_word' id='word_1_341' title='bbox 3218 1752 3374 1808; x_wconf 87' lang='lat' dir='ltr'>haud</span> <span class='ocrx_word' id='word_1_342' title='bbox 3399 1751 3655 1808; x_wconf 88' lang='lat' dir='ltr'>multum</span> 
     </span>
    </p>
   </div>
   <div class='ocr_carea' id='block_1_49' title="bbox 2002 1841 3654 1912">
    <p class='ocr_par' dir='ltr' id='par_1_49' title="bbox 2002 1841 3654 1912">
     <span class='ocr_line' id='line_1_49' title="bbox 2002 1841 3654 1912; baseline 0.001 -17"><span class='ocrx_word' id='word_1_343' title='bbox 2002 1841 2170 1896; x_wconf 89' lang='lat' dir='ltr'>abest</span> <span class='ocrx_word' id='word_1_344' title='bbox 2199 1858 2232 1896; x_wconf 93' lang='lat' dir='ltr'>a</span> <span class='ocrx_word' id='word_1_345' title='bbox 2279 1857 2394 1907; x_wconf 89' lang='lat' dir='ltr'>me,</span> <span class='ocrx_word' id='word_1_346' title='bbox 2426 1841 2540 1897; x_wconf 91' lang='lat' dir='ltr'>nisi</span> <span class='ocrx_word' id='word_1_347' title='bbox 2571 1841 2644 1896; x_wconf 86' lang='lat' dir='ltr'>ab</span> <span class='ocrx_word' id='word_1_348' title='bbox 2694 1841 2986 1912; x_wconf 88' lang='lat' dir='ltr'>ejusmodi</span> <span class='ocrx_word' id='word_1_349' title='bbox 3035 1845 3167 1897; x_wconf 84' lang='lat' dir='ltr'>voto</span> <span class='ocrx_word' id='word_1_350' title='bbox 3215 1841 3479 1897; x_wconf 90' lang='lat' dir='ltr'>faciendo</span> <span class='ocrx_word' id='word_1_351' title='bbox 3518 1857 3654 1912; x_wconf 91' lang='lat' dir='ltr'>pro-</span> 
     </span>
    </p>
   </div>
   <div class='ocr_carea' id='block_1_50' title="bbox 2002 1929 3650 2001">
    <p class='ocr_par' dir='ltr' id='par_1_50' title="bbox 2002 1929 3650 2001">
     <span class='ocr_line' id='line_1_50' title="bbox 2002 1929 3650 2001; baseline -0.001 -15"><span class='ocrx_word' id='word_1_352' title='bbox 2002 1930 2213 1986; x_wconf 90' lang='lat' dir='ltr'>hibens</span> <span class='ocrx_word' id='word_1_353' title='bbox 2245 1930 2568 1986; x_wconf 85' lang='lat' dir='ltr'>necessitas</span> <span class='ocrx_word' id='word_1_354' title='bbox 2600 1931 2869 2001; x_wconf 69' lang='lat' dir='ltr'>quaedam</span> <span class='ocrx_word' id='word_1_355' title='bbox 2899 1929 3180 1986; x_wconf 88' lang='lat' dir='ltr'>violenter</span> <span class='ocrx_word' id='word_1_356' title='bbox 3210 1930 3325 1986; x_wconf 91' lang='lat' dir='ltr'>huc</span> <span class='ocrx_word' id='word_1_357' title='bbox 3354 1929 3650 1997; x_wconf 85' lang='lat' dir='ltr'>traxisset,</span> 
     </span>
    </p>
   </div>
   <div class='ocr_carea' id='block_1_51' title="bbox 2005 2018 3657 2092">
    <p class='ocr_par' dir='ltr' id='par_1_51' title="bbox 2005 2018 3657 2092">
     <span class='ocr_line' id='line_1_51' title="bbox 2005 2018 3657 2092; baseline -0.001 -17"><span class='ocrx_word' id='word_1_358' title='bbox 2005 2019 2078 2075; x_wconf 89' lang='lat' dir='ltr'>ad</span> <span class='ocrx_word' id='word_1_359' title='bbox 2108 2019 2430 2075; x_wconf 89' lang='lat' dir='ltr'>orationem</span> <span class='ocrx_word' id='word_1_360' title='bbox 2461 2018 2775 2090; x_wconf 91' lang='lat' dir='ltr'>aliquando</span> <span class='ocrx_word' id='word_1_361' title='bbox 2806 2019 3044 2076; x_wconf 84' lang='lat' dir='ltr'>tandem</span> <span class='ocrx_word' id='word_1_362' title='bbox 3077 2019 3317 2092; x_wconf 83' lang='lat' dir='ltr'>Martyri</span> <span class='ocrx_word' id='word_1_363' title='bbox 3346 2022 3657 2092; x_wconf 86' lang='lat' dir='ltr'>pertexen—</span> 
     </span>
    </p>
   </div>
   <div class='ocr_carea' id='block_1_52' title="bbox 2007 2108 2165 2163">
    <p class='ocr_par' dir='ltr' id='par_1_52' title="bbox 2007 2108 2165 2163">
     <span class='ocr_line' id='line_1_52' title="bbox 2007 2108 2165 2163; baseline -0.013 0"><span class='ocrx_word' id='word_1_364' title='bbox 2007 2108 2165 2163; x_wconf 91' lang='lat' dir='ltr'>dam.</span> 
     </span>
    </p>
   </div>
   <div class='ocr_carea' id='block_1_53' title="bbox 2074 2197 3652 2271">
    <p class='ocr_par' dir='ltr' id='par_1_53' title="bbox 2074 2197 3652 2271">
     <span class='ocr_line' id='line_1_53' title="bbox 2074 2197 3652 2271; baseline 0.001 -19"><span class='ocrx_word' id='word_1_365' title='bbox 2074 2197 2130 2252; x_wconf 86' lang='lat'>2.</span> <span class='ocrx_word' id='word_1_366' title='bbox 2159 2197 2448 2264; x_wconf 85' lang='lat' dir='ltr'>Quoniam</span> <span class='ocrx_word' id='word_1_367' title='bbox 2493 2214 2627 2254; x_wconf 89' lang='lat' dir='ltr'>vero</span> <span class='ocrx_word' id='word_1_368' title='bbox 2684 2214 2872 2270; x_wconf 90' lang='lat' dir='ltr'>neque</span> <span class='ocrx_word' id='word_1_369' title='bbox 2917 2197 3227 2254; x_wconf 87' lang='lat' dir='ltr'>solutionis</span> <span class='ocrx_word' id='word_1_370' title='bbox 3275 2214 3411 2270; x_wconf 90' lang='lat' dir='ltr'>spes</span> <span class='ocrx_word' id='word_1_371' title='bbox 3457 2214 3652 2271; x_wconf 90' lang='lat' dir='ltr'>neque</span> 
     </span>
    </p>
   </div>
   <div class='ocr_carea' id='block_1_54' title="bbox 2005 2285 3656 2358">
    <p class='ocr_par' dir='ltr' id='par_1_54' title="bbox 2005 2285 3656 2358">
     <span class='ocr_line' id='line_1_54' title="bbox 2005 2285 3656 2358; baseline 0.001 -17"><span class='ocrx_word' id='word_1_372' title='bbox 2005 2285 2204 2358; x_wconf 83' lang='lat' dir='ltr'>eﬁ&#39;ugii</span> <span class='ocrx_word' id='word_1_373' title='bbox 2238 2285 2400 2341; x_wconf 93' lang='lat' dir='ltr'>locus</span> <span class='ocrx_word' id='word_1_374' title='bbox 2431 2286 2574 2341; x_wconf 91' lang='lat' dir='ltr'>mihi</span> <span class='ocrx_word' id='word_1_375' title='bbox 2607 2291 2718 2355; x_wconf 89' lang='lat' dir='ltr'>est,</span> <span class='ocrx_word' id='word_1_376' title='bbox 2752 2287 3005 2358; x_wconf 90' lang='lat' dir='ltr'>propriis</span> <span class='ocrx_word' id='word_1_377' title='bbox 3035 2288 3352 2343; x_wconf 90' lang='lat' dir='ltr'>constricto</span> <span class='ocrx_word' id='word_1_378' title='bbox 3380 2287 3656 2355; x_wconf 88' lang='lat' dir='ltr'>vinculis,</span> 
     </span>
    </p>
   </div>
   <div class='ocr_carea' id='block_1_55' title="bbox 2007 2374 3656 2448">
    <p class='ocr_par' dir='ltr' id='par_1_55' title="bbox 2007 2374 3656 2448">
     <span class='ocr_line' id='line_1_55' title="bbox 2007 2374 3656 2448; baseline 0.001 -18"><span class='ocrx_word' id='word_1_379' title='bbox 2007 2374 2282 2441; x_wconf 88' lang='lat' dir='ltr'>inclamo,</span> <span class='ocrx_word' id='word_1_380' title='bbox 2313 2378 2380 2430; x_wconf 92' lang='lat' dir='ltr'>ut</span> <span class='ocrx_word' id='word_1_381' title='bbox 2428 2375 2618 2431; x_wconf 89' lang='lat' dir='ltr'>solent</span> <span class='ocrx_word' id='word_1_382' title='bbox 2662 2375 2721 2431; x_wconf 93' lang='lat' dir='ltr'>in</span> <span class='ocrx_word' id='word_1_383' title='bbox 2761 2376 3053 2448; x_wconf 85' lang='lat' dir='ltr'>angustiis</span> <span class='ocrx_word' id='word_1_384' title='bbox 3100 2376 3469 2448; x_wconf 88' lang='lat' dir='ltr'>deprehensi,</span> <span class='ocrx_word' id='word_1_385' title='bbox 3503 2378 3656 2433; x_wconf 91' lang='lat' dir='ltr'>Mar-</span> 
     </span>
    </p>
   </div>
   <div class='ocr_carea' id='block_1_56' title="bbox 2005 2462 3652 2538">
    <p class='ocr_par' dir='ltr' id='par_1_56' title="bbox 2005 2462 3652 2538">
     <span class='ocr_line' id='line_1_56' title="bbox 2005 2462 3652 2538; baseline 0.002 -20"><span class='ocrx_word' id='word_1_386' title='bbox 2005 2464 2150 2538; x_wconf 84' lang='lat' dir='ltr'>tyris</span> <span class='ocrx_word' id='word_1_387' title='bbox 2180 2462 2428 2536; x_wconf 87' lang='lat' dir='ltr'>gratiam</span> <span class='ocrx_word' id='word_1_388' title='bbox 2456 2480 2469 2531; x_wconf 91' lang='lat'>;</span> <span class='ocrx_word' id='word_1_389' title='bbox 2501 2467 2630 2518; x_wconf 90' lang='lat' dir='ltr'>tum</span> <span class='ocrx_word' id='word_1_390' title='bbox 2661 2463 2801 2536; x_wconf 88' lang='lat' dir='ltr'>quia</span> <span class='ocrx_word' id='word_1_391' title='bbox 2837 2465 3106 2520; x_wconf 90' lang='lat' dir='ltr'>consuevi</span> <span class='ocrx_word' id='word_1_392' title='bbox 3133 2464 3331 2537; x_wconf 88' lang='lat' dir='ltr'>ipsum</span> <span class='ocrx_word' id='word_1_393' title='bbox 3364 2465 3652 2533; x_wconf 89' lang='lat' dir='ltr'>invocare,</span> 
     </span>
    </p>
   </div>
   <div class='ocr_carea' id='block_1_57' title="bbox 2008 2551 3652 2624">
    <p class='ocr_par' dir='ltr' id='par_1_57' title="bbox 2008 2551 3652 2624">
     <span class='ocr_line' id='line_1_57' title="bbox 2008 2551 3652 2624; baseline 0.001 -15"><span class='ocrx_word' id='word_1_394' title='bbox 2008 2556 2132 2609; x_wconf 85' lang='lat' dir='ltr'>tum</span> <span class='ocrx_word' id='word_1_395' title='bbox 2165 2551 2303 2624; x_wconf 90' lang='lat' dir='ltr'>quia</span> <span class='ocrx_word' id='word_1_396' title='bbox 2336 2567 2569 2624; x_wconf 90' lang='lat' dir='ltr'>semper</span> <span class='ocrx_word' id='word_1_397' title='bbox 2597 2551 2785 2624; x_wconf 90' lang='lat' dir='ltr'>ipsius</span> <span class='ocrx_word' id='word_1_398' title='bbox 2814 2557 3153 2624; x_wconf 90' lang='lat' dir='ltr'>promptum</span> <span class='ocrx_word' id='word_1_399' title='bbox 3207 2552 3490 2610; x_wconf 83' lang='lat' dir='ltr'>auxilium</span> <span class='ocrx_word' id='word_1_400' title='bbox 3517 2570 3652 2610; x_wconf 88' lang='lat' dir='ltr'>sum</span> 
     </span>
    </p>
   </div>
   <div class='ocr_carea' id='block_1_58' title="bbox 2006 2641 3654 2714">
    <p class='ocr_par' dir='ltr' id='par_1_58' title="bbox 2006 2641 3654 2714">
     <span class='ocr_line' id='line_1_58' title="bbox 2006 2641 3654 2714; baseline 0 -17"><span class='ocrx_word' id='word_1_401' title='bbox 2006 2646 2302 2714; x_wconf 87' lang='lat' dir='ltr'>expertus,</span> <span class='ocrx_word' id='word_1_402' title='bbox 2334 2641 2587 2696; x_wconf 87' lang='lat' dir='ltr'>maxime</span> <span class='ocrx_word' id='word_1_403' title='bbox 2618 2645 2836 2712; x_wconf 87' lang='lat' dir='ltr'>autem,</span> <span class='ocrx_word' id='word_1_404' title='bbox 2869 2642 3008 2714; x_wconf 87' lang='lat' dir='ltr'>quia</span> <span class='ocrx_word' id='word_1_405' title='bbox 3038 2658 3172 2698; x_wconf 90' lang='lat' dir='ltr'>cum</span> <span class='ocrx_word' id='word_1_406' title='bbox 3203 2642 3313 2698; x_wconf 92' lang='lat' dir='ltr'>hoc</span> <span class='ocrx_word' id='word_1_407' title='bbox 3342 2658 3654 2714; x_wconf 88' lang='lat' dir='ltr'>argumen-</span> 
     </span>
    </p>
   </div>
   <div class='ocr_carea' id='block_1_59' title="bbox 2003 2730 3653 2802">
    <p class='ocr_par' dir='ltr' id='par_1_59' title="bbox 2003 2730 3653 2802">
     <span class='ocr_line' id='line_1_59' title="bbox 2003 2730 3653 2802; baseline 0 -16"><span class='ocrx_word' id='word_1_408' title='bbox 2003 2735 2133 2787; x_wconf 87' lang='lat' dir='ltr'>tum</span> <span class='ocrx_word' id='word_1_409' title='bbox 2163 2731 2277 2802; x_wconf 84' lang='lat' dir='ltr'>ipsi</span> <span class='ocrx_word' id='word_1_410' title='bbox 2307 2732 2385 2786; x_wconf 88' lang='lat' dir='ltr'>sit</span> <span class='ocrx_word' id='word_1_411' title='bbox 2413 2730 2952 2802; x_wconf 89' lang='lat' dir='ltr'>proprium,ipsum</span> <span class='ocrx_word' id='word_1_412' title='bbox 2972 2730 3129 2786; x_wconf 91' lang='lat' dir='ltr'>hunc</span> <span class='ocrx_word' id='word_1_413' title='bbox 3159 2747 3492 2787; x_wconf 89' lang='lat' dir='ltr'>sermonem</span> <span class='ocrx_word' id='word_1_414' title='bbox 3522 2748 3653 2786; x_wconf 88' lang='lat' dir='ltr'>mu-</span> 
     </span>
    </p>
   </div>
   <div class='ocr_carea' id='block_1_60' title="bbox 2005 2819 3655 2893">
    <p class='ocr_par' dir='ltr' id='par_1_60' title="bbox 2005 2819 3655 2893">
     <span class='ocr_line' id='line_1_60' title="bbox 2005 2819 3655 2893; baseline 0 -18"><span class='ocrx_word' id='word_1_415' title='bbox 2005 2821 2164 2876; x_wconf 89' lang='lat' dir='ltr'>neris</span> <span class='ocrx_word' id='word_1_416' title='bbox 2193 2820 2318 2876; x_wconf 92' lang='lat' dir='ltr'>loco</span> <span class='ocrx_word' id='word_1_417' title='bbox 2349 2819 2539 2876; x_wconf 89' lang='lat' dir='ltr'>eidem</span> <span class='ocrx_word' id='word_1_418' title='bbox 2561 2819 2881 2875; x_wconf 81' lang='lat' dir='ltr'>aﬂ‘erimus.</span> <span class='ocrx_word' id='word_1_419' title='bbox 2911 2819 2972 2875; x_wconf 91' lang='lat' dir='ltr'>Si</span> <span class='ocrx_word' id='word_1_420' title='bbox 3000 2819 3158 2875; x_wconf 88' lang='lat' dir='ltr'>enim</span> <span class='ocrx_word' id='word_1_421' title='bbox 3189 2821 3655 2893; x_wconf 89' lang='lat' dir='ltr'>quotiescunque</span> 
     </span>
    </p>
   </div>
   <div class='ocr_carea' id='block_1_61' title="bbox 2007 2908 3653 2982">
    <p class='ocr_par' dir='ltr' id='par_1_61' title="bbox 2007 2908 3653 2982">
     <span class='ocr_line' id='line_1_61' title="bbox 2007 2908 3653 2982; baseline 0.001 -17"><span class='ocrx_word' id='word_1_422' title='bbox 2007 2909 2230 2981; x_wconf 89' lang='lat' dir='ltr'>aspirat</span> <span class='ocrx_word' id='word_1_423' title='bbox 2260 2908 2406 2963; x_wconf 91' lang='lat' dir='ltr'>mihi</span> <span class='ocrx_word' id='word_1_424' title='bbox 2437 2925 2585 2976; x_wconf 92' lang='lat' dir='ltr'>eam,</span> <span class='ocrx_word' id='word_1_425' title='bbox 2605 2908 2774 2979; x_wconf 90' lang='lat' dir='ltr'>cujus</span> <span class='ocrx_word' id='word_1_426' title='bbox 2805 2909 2930 2980; x_wconf 90' lang='lat' dir='ltr'>ipse</span> <span class='ocrx_word' id='word_1_427' title='bbox 2958 2909 3115 2982; x_wconf 90' lang='lat' dir='ltr'>apud</span> <span class='ocrx_word' id='word_1_428' title='bbox 3144 2909 3330 2965; x_wconf 90' lang='lat' dir='ltr'>Deum</span> <span class='ocrx_word' id='word_1_429' title='bbox 3361 2909 3520 2966; x_wconf 90' lang='lat' dir='ltr'>dives</span> <span class='ocrx_word' id='word_1_430' title='bbox 3542 2913 3653 2978; x_wconf 90' lang='lat' dir='ltr'>est,</span> 
     </span>
    </p>
   </div>
   <div class='ocr_carea' id='block_1_62' title="bbox 2006 2996 3654 3071">
    <p class='ocr_par' dir='ltr' id='par_1_62' title="bbox 2006 2996 3654 3071">
     <span class='ocr_line' id='line_1_62' title="bbox 2006 2996 3654 3071; baseline 0.001 -17"><span class='ocrx_word' id='word_1_431' title='bbox 2006 2997 2278 3071; x_wconf 89' lang='lat' dir='ltr'>gratiam,</span> <span class='ocrx_word' id='word_1_432' title='bbox 2332 2996 2607 3054; x_wconf 86' lang='lat' dir='ltr'>toleraret</span> <span class='ocrx_word' id='word_1_433' title='bbox 2660 2996 2884 3068; x_wconf 91' lang='lat' dir='ltr'>aliquid</span> <span class='ocrx_word' id='word_1_434' title='bbox 2947 3014 3014 3054; x_wconf 88' lang='lat' dir='ltr'>ea</span> <span class='ocrx_word' id='word_1_435' title='bbox 3079 2998 3307 3070; x_wconf 89' lang='lat' dir='ltr'>patiens</span> <span class='ocrx_word' id='word_1_436' title='bbox 3356 3015 3487 3070; x_wconf 78' lang='lat' dir='ltr'>quae</span> <span class='ocrx_word' id='word_1_437' title='bbox 3536 3016 3654 3055; x_wconf 91' lang='lat' dir='ltr'>non</span> 
     </span>
    </p>
   </div>
   <div class='ocr_carea' id='block_1_63' title="bbox 2007 3085 3651 3160">
    <p class='ocr_par' dir='ltr' id='par_1_63' title="bbox 2007 3085 3651 3160">
     <span class='ocr_line' id='line_1_63' title="bbox 2007 3085 3651 3160; baseline -0.001 -17"><span class='ocrx_word' id='word_1_438' title='bbox 2007 3092 2206 3160; x_wconf 87' lang='lat' dir='ltr'>posset</span> <span class='ocrx_word' id='word_1_439' title='bbox 2234 3085 2530 3142; x_wconf 90' lang='lat' dir='ltr'>sustinere</span> <span class='ocrx_word' id='word_1_440' title='bbox 2559 3090 2791 3158; x_wconf 91' lang='lat' dir='ltr'>natura,</span> <span class='ocrx_word' id='word_1_441' title='bbox 2826 3091 2928 3142; x_wconf 88' lang='lat' dir='ltr'>aut</span> <span class='ocrx_word' id='word_1_442' title='bbox 2954 3087 3220 3158; x_wconf 90' lang='lat' dir='ltr'>ejusdem</span> <span class='ocrx_word' id='word_1_443' title='bbox 3252 3091 3472 3144; x_wconf 68' lang='lat' dir='ltr'>naturae</span> <span class='ocrx_word' id='word_1_444' title='bbox 3505 3088 3651 3143; x_wconf 91' lang='lat' dir='ltr'>ﬁnes</span> 
     </span>
    </p>
   </div>
   <div class='ocr_carea' id='block_1_64' title="bbox 2006 3175 3656 3248">
    <p class='ocr_par' dir='ltr' id='par_1_64' title="bbox 2006 3175 3656 3248">
     <span class='ocr_line' id='line_1_64' title="bbox 2006 3175 3656 3248; baseline -0.001 -15"><span class='ocrx_word' id='word_1_445' title='bbox 2006 3177 2242 3233; x_wconf 87' lang='lat' dir='ltr'>deberet</span> <span class='ocrx_word' id='word_1_446' title='bbox 2269 3175 2599 3247; x_wconf 88' lang='lat' dir='ltr'>transgredi</span> <span class='ocrx_word' id='word_1_447' title='bbox 2630 3175 2944 3247; x_wconf 88' lang='lat' dir='ltr'>operando,</span> <span class='ocrx_word' id='word_1_448' title='bbox 2966 3179 3165 3232; x_wconf 90' lang='lat' dir='ltr'>tamen</span> <span class='ocrx_word' id='word_1_449' title='bbox 3197 3193 3270 3232; x_wconf 92' lang='lat' dir='ltr'>ne</span> <span class='ocrx_word' id='word_1_450' title='bbox 3300 3176 3386 3232; x_wconf 92' lang='lat' dir='ltr'>sic</span> <span class='ocrx_word' id='word_1_451' title='bbox 3415 3176 3656 3248; x_wconf 88' lang='lat' dir='ltr'>quidem</span> 
     </span>
    </p>
   </div>
   <div class='ocr_carea' id='block_1_65' title="bbox 2007 3264 3659 3337">
    <p class='ocr_par' dir='ltr' id='par_1_65' title="bbox 2007 3264 3659 3337">
     <span class='ocr_line' id='line_1_65' title="bbox 2007 3264 3659 3337; baseline 0.001 -16"><span class='ocrx_word' id='word_1_452' title='bbox 2007 3265 2343 3322; x_wconf 87' lang='lat' dir='ltr'>dubitarem</span> <span class='ocrx_word' id='word_1_453' title='bbox 2375 3265 2447 3320; x_wconf 89' lang='lat' dir='ltr'>ad</span> <span class='ocrx_word' id='word_1_454' title='bbox 2465 3264 2642 3320; x_wconf 87' lang='lat' dir='ltr'>ﬁnem</span> <span class='ocrx_word' id='word_1_455' title='bbox 2665 3265 2957 3320; x_wconf 88' lang='lat' dir='ltr'>adducere</span> <span class='ocrx_word' id='word_1_456' title='bbox 2976 3265 3127 3335; x_wconf 93' lang='lat' dir='ltr'>quod</span> <span class='ocrx_word' id='word_1_457' title='bbox 3151 3266 3659 3337; x_wconf 86' lang='lat' dir='ltr'>proposui,neque</span> 
     </span>
    </p>
   </div>
   <div class='ocr_carea' id='block_1_66' title="bbox 1927 3332 3654 3427">
    <p class='ocr_par' dir='ltr' id='par_1_66' title="bbox 1927 3332 3654 3427">
     <span class='ocr_line' id='line_1_66' title="bbox 1927 3332 3654 3427; baseline -0.001 -16"><span class='ocrx_word' id='word_1_458' title='bbox 1927 3332 1970 3400; x_wconf 62' lang='grc' dir='ltr'>(ἶ</span> <span class='ocrx_word' id='word_1_459' title='bbox 2008 3354 2283 3411; x_wconf 88' lang='lat' dir='ltr'>ﬁduciam</span> <span class='ocrx_word' id='word_1_460' title='bbox 2315 3355 2530 3410; x_wconf 89' lang='lat' dir='ltr'>bonam</span> <span class='ocrx_word' id='word_1_461' title='bbox 2561 3352 2918 3409; x_wconf 86' lang='lat' dir='ltr'>dimitterem</span> <span class='ocrx_word' id='word_1_462' title='bbox 2955 3373 2969 3411; x_wconf 89' lang='lat'><strong>:</strong></span> <span class='ocrx_word' id='word_1_463' title='bbox 3000 3358 3219 3426; x_wconf 92' lang='lat' dir='ltr'>quanto</span> <span class='ocrx_word' id='word_1_464' title='bbox 3251 3355 3442 3427; x_wconf 89' lang='lat' dir='ltr'>magis</span> <span class='ocrx_word' id='word_1_465' title='bbox 3476 3371 3654 3426; x_wconf 90' lang='lat' dir='ltr'>nunc,</span> 
     </span>
    </p>
   </div>
   <div class='ocr_carea' id='block_1_67' title="bbox 2003 3441 3660 3514">
    <p class='ocr_par' dir='ltr' id='par_1_67' title="bbox 2003 3441 3660 3514">
     <span class='ocr_line' id='line_1_67' title="bbox 2003 3441 3660 3514; baseline -0.001 -13"><span class='ocrx_word' id='word_1_466' title='bbox 2003 3460 2138 3501; x_wconf 90' lang='lat' dir='ltr'>cum</span> <span class='ocrx_word' id='word_1_467' title='bbox 2171 3443 2448 3512; x_wconf 89' lang='lat' dir='ltr'>sufﬁciat,</span> <span class='ocrx_word' id='word_1_468' title='bbox 2479 3442 2530 3498; x_wconf 88' lang='lat' dir='ltr'>si</span> <span class='ocrx_word' id='word_1_469' title='bbox 2561 3442 2732 3498; x_wconf 89' lang='lat' dir='ltr'>nobis</span> <span class='ocrx_word' id='word_1_470' title='bbox 2760 3442 2820 3497; x_wconf 91' lang='lat' dir='ltr'>in</span> <span class='ocrx_word' id='word_1_471' title='bbox 2852 3441 3041 3514; x_wconf 89' lang='lat' dir='ltr'>ipsius</span> <span class='ocrx_word' id='word_1_472' title='bbox 3072 3443 3288 3500; x_wconf 85' lang='lat' dir='ltr'>auxilio</span> <span class='ocrx_word' id='word_1_473' title='bbox 3320 3443 3660 3501; x_wconf 85' lang='lat' dir='ltr'>conﬁdenti-</span> 
     </span>
    </p>
   </div>
   <div class='ocr_carea' id='block_1_68' title="bbox 2003 3531 3094 3605">
    <p class='ocr_par' dir='ltr' id='par_1_68' title="bbox 2003 3531 3094 3605">
     <span class='ocr_line' id='line_1_68' title="bbox 2003 3531 3094 3605; baseline -0.004 -15"><span class='ocrx_word' id='word_1_474' title='bbox 2003 3535 2115 3590; x_wconf 90' lang='lat' dir='ltr'>bus</span> <span class='ocrx_word' id='word_1_475' title='bbox 2147 3532 2429 3605; x_wconf 89' lang='lat' dir='ltr'>loquendi</span> <span class='ocrx_word' id='word_1_476' title='bbox 2460 3531 2684 3587; x_wconf 88' lang='lat' dir='ltr'>tribuat</span> <span class='ocrx_word' id='word_1_477' title='bbox 2713 3531 3046 3588; x_wconf 81' lang='lat' dir='ltr'>facultatem</span> <span class='ocrx_word' id='word_1_478' title='bbox 3065 3532 3094 3586; x_wconf 67' lang='grc' dir='ltr'><strong>Τ</strong></span> 
     </span>
    </p>
   </div>
   <div class='ocr_carea' id='block_1_69' title="bbox 1785 3710 2105 3769">
    <p class='ocr_par' dir='ltr' id='par_1_69' title="bbox 1785 3710 2105 3769">
     <span class='ocr_line' id='line_1_69' title="bbox 1785 3710 2105 3769; baseline -0.003 -2"><span class='ocrx_word' id='word_1_479' title='bbox 1785 3710 2019 3769; x_wconf 86' lang='lat' dir='ltr'>CAPUT</span> <span class='ocrx_word' id='word_1_480' title='bbox 2059 3713 2105 3767; x_wconf 93' lang='grc' dir='ltr'>Ι.</span> 
     </span>
    </p>
   </div>
   <div class='ocr_carea' id='block_1_70' title="bbox 572 3836 3311 3910">
    <p class='ocr_par' dir='ltr' id='par_1_70' title="bbox 572 3836 3311 3910">
     <span class='ocr_line' id='line_1_70' title="bbox 572 3836 3311 3910; baseline -0.001 -13"><span class='ocrx_word' id='word_1_481' title='bbox 572 3839 769 3897; x_wconf 74' lang='lat' dir='ltr'>Sancti</span> <span class='ocrx_word' id='word_1_482' title='bbox 797 3836 1042 3910; x_wconf 81' lang='lat' dir='ltr'>Gregorii</span> <span class='ocrx_word' id='word_1_483' title='bbox 1065 3837 1272 3909; x_wconf 80' lang='lat' dir='ltr'>patria,</span> <span class='ocrx_word' id='word_1_484' title='bbox 1302 3843 1578 3908; x_wconf 81' lang='lat' dir='ltr'>parentes,</span> <span class='ocrx_word' id='word_1_485' title='bbox 1609 3836 1812 3894; x_wconf 81' lang='lat' dir='ltr'>oblatio</span> <span class='ocrx_word' id='word_1_486' title='bbox 1839 3839 1932 3894; x_wconf 78' lang='lat' dir='ltr'>sui</span> <span class='ocrx_word' id='word_1_487' title='bbox 1962 3839 2225 3894; x_wconf 80' lang='lat' dir='ltr'>ultronea</span> <span class='ocrx_word' id='word_1_488' title='bbox 2249 3839 2300 3892; x_wconf 82' lang='lat' dir='ltr'>et</span> <span class='ocrx_word' id='word_1_489' title='bbox 2323 3837 2513 3909; x_wconf 77' lang='lat' dir='ltr'>prima</span> <span class='ocrx_word' id='word_1_490' title='bbox 2535 3850 2725 3891; x_wconf 86' lang='lat' dir='ltr'>coram</span> <span class='ocrx_word' id='word_1_491' title='bbox 2754 3843 2992 3906; x_wconf 79' lang='lat' dir='ltr'>tyranno</span> <span class='ocrx_word' id='word_1_492' title='bbox 3022 3841 3311 3895; x_wconf 83' lang='lat' dir='ltr'>tormenta.</span> 
     </span>
    </p>
   </div>
   <div class='ocr_carea' id='block_1_71' title="bbox 305 4002 1907 4085">
    <p class='ocr_par' dir='ltr' id='par_1_71' title="bbox 305 4002 1907 4085">
     <span class='ocr_line' id='line_1_71' title="bbox 305 4002 1907 4085; baseline -0.003 -21"><span class='ocrx_word' id='word_1_493' title='bbox 305 4009 379 4085; x_wconf 90' lang='grc' dir='ltr'>γ’.</span> <span class='ocrx_word' id='word_1_494' title='bbox 411 4007 479 4063; x_wconf 77' lang='grc' dir='ltr'>Εἰ</span> <span class='ocrx_word' id='word_1_495' title='bbox 517 4008 612 4082; x_wconf 79' lang='grc' dir='ltr'>μὲν</span> <span class='ocrx_word' id='word_1_496' title='bbox 657 4004 750 4062; x_wconf 86' lang='grc' dir='ltr'>οῦν</span> <span class='ocrx_word' id='word_1_497' title='bbox 801 4005 921 4077; x_wconf 75' lang='grc' dir='ltr'>ἐξῆν</span> <span class='ocrx_word' id='word_1_498' title='bbox 975 4026 1068 4079; x_wconf 90' lang='grc' dir='ltr'>μοι</span> <span class='ocrx_word' id='word_1_499' title='bbox 1113 4006 1253 4080; x_wconf 72' lang='grc' dir='ltr'>ᾗπερ</span> <span class='ocrx_word' id='word_1_500' title='bbox 1304 4003 1413 4081; x_wconf 83' lang='grc' dir='ltr'>ἐγὼ</span> <span class='ocrx_word' id='word_1_501' title='bbox 1466 4003 1739 4081; x_wconf 87' lang='grc' dir='ltr'>βούλομαι</span> <span class='ocrx_word' id='word_1_502' title='bbox 1792 4002 1907 4060; x_wconf 89' lang='grc' dir='ltr'>δια-</span> 
     </span>
    </p>
   </div>
   <div class='ocr_carea' id='block_1_72' title="bbox 235 4091 1914 4172">
    <p class='ocr_par' dir='ltr' id='par_1_72' title="bbox 235 4091 1914 4172">
     <span class='ocr_line' id='line_1_72' title="bbox 235 4091 1914 4172; baseline -0.004 -18"><span class='ocrx_word' id='word_1_503' title='bbox 235 4099 428 4162; x_wconf 84' lang='grc' dir='ltr'>θέσθαι</span> <span class='ocrx_word' id='word_1_504' title='bbox 474 4097 572 4152; x_wconf 83' lang='grc' dir='ltr'>τὸν</span> <span class='ocrx_word' id='word_1_505' title='bbox 619 4093 813 4171; x_wconf 85' lang='grc' dir='ltr'>λόγον,</span> <span class='ocrx_word' id='word_1_506' title='bbox 866 4091 1014 4149; x_wconf 78' lang='grc' dir='ltr'>ἀλλὰ</span> <span class='ocrx_word' id='word_1_507' title='bbox 1067 4095 1165 4169; x_wconf 82' lang='grc' dir='ltr'>μὴ,</span> <span class='ocrx_word' id='word_1_508' title='bbox 1215 4092 1354 4172; x_wconf 75' lang='grc' dir='ltr'>πρὸς</span> <span class='ocrx_word' id='word_1_509' title='bbox 1400 4093 1492 4149; x_wconf 85' lang='grc' dir='ltr'>τὸν</span> <span class='ocrx_word' id='word_1_510' title='bbox 1541 4096 1914 4171; x_wconf 80' lang='grc' dir='ltr'>κεκρατηκότα</span> 
     </span>
    </p>
   </div>
   <div class='ocr_carea' id='block_1_73' title="bbox 235 4180 1913 4264">
    <p class='ocr_par' dir='ltr' id='par_1_73' title="bbox 235 4180 1913 4264">
     <span class='ocr_line' id='line_1_73' title="bbox 235 4180 1913 4264; baseline -0.002 -22"><span class='ocrx_word' id='word_1_511' title='bbox 235 4185 393 4264; x_wconf 75' lang='grc' dir='ltr'>παρὰ</span> <span class='ocrx_word' id='word_1_512' title='bbox 427 4189 552 4247; x_wconf 89' lang='grc' dir='ltr'>τοῖς</span> <span class='ocrx_word' id='word_1_513' title='bbox 597 4181 838 4247; x_wconf 82' lang='grc' dir='ltr'>πολλοῖς</span> <span class='ocrx_word' id='word_1_514' title='bbox 880 4182 1069 4258; x_wconf 91' lang='grc' dir='ltr'>νόμον,</span> <span class='ocrx_word' id='word_1_515' title='bbox 1121 4181 1248 4239; x_wconf 73' lang='grc' dir='ltr'>οὕτε</span> <span class='ocrx_word' id='word_1_516' title='bbox 1292 4180 1556 4260; x_wconf 88' lang='grc' dir='ltr'>πατρίδος</span> <span class='ocrx_word' id='word_1_517' title='bbox 1605 4182 1913 4258; x_wconf 87' lang='grc' dir='ltr'>μνημονεύ-</span> 
     </span>
    </p>
   </div>
   <div class='ocr_carea' id='block_1_74' title="bbox 242 4266 1915 4350">
    <p class='ocr_par' dir='ltr' id='par_1_74' title="bbox 242 4266 1915 4350">
     <span class='ocr_line' id='line_1_74' title="bbox 242 4266 1915 4350; baseline -0.003 -19"><span class='ocrx_word' id='word_1_518' title='bbox 242 4296 334 4348; x_wconf 88' lang='grc' dir='ltr'>σα,</span> <span class='ocrx_word' id='word_1_519' title='bbox 393 4275 472 4338; x_wconf 84' lang='grc' dir='ltr'>ὡς</span> <span class='ocrx_word' id='word_1_520' title='bbox 528 4270 648 4350; x_wconf 80' lang='grc' dir='ltr'>ἔχει</span> <span class='ocrx_word' id='word_1_521' title='bbox 703 4272 948 4335; x_wconf 85' lang='grc' dir='ltr'>κάλλους</span> <span class='ocrx_word' id='word_1_522' title='bbox 1005 4293 1066 4328; x_wconf 89' lang='grc' dir='ltr'>τε</span> <span class='ocrx_word' id='word_1_523' title='bbox 1121 4273 1213 4328; x_wconf 86' lang='grc' dir='ltr'>καί</span> <span class='ocrx_word' id='word_1_524' title='bbox 1268 4271 1548 4348; x_wconf 86' lang='grc' dir='ltr'>μεγέθους,</span> <span class='ocrx_word' id='word_1_525' title='bbox 1599 4266 1915 4334; x_wconf 68' lang='grc' dir='ltr'>οὕτετινὸς</span> 
     </span>
    </p>
   </div>
   <div class='ocr_carea' id='block_1_75' title="bbox 244 4356 1920 4434">
    <p class='ocr_par' dir='ltr' id='par_1_75' title="bbox 244 4356 1920 4434">
     <span class='ocr_line' id='line_1_75' title="bbox 244 4356 1920 4434; baseline -0.003 -14"><span class='ocrx_word' id='word_1_526' title='bbox 244 4363 432 4420; x_wconf 75' lang='grc' dir='ltr'>ἄλλου</span> <span class='ocrx_word' id='word_1_527' title='bbox 477 4367 586 4418; x_wconf 90' lang='grc' dir='ltr'>τῶν</span> <span class='ocrx_word' id='word_1_528' title='bbox 635 4361 851 4434; x_wconf 59' lang='grc' dir='ltr'>ἔξωθεν</span> <span class='ocrx_word' id='word_1_529' title='bbox 902 4361 1129 4424; x_wconf 82' lang='grc' dir='ltr'>ἐκείνοις</span> <span class='ocrx_word' id='word_1_530' title='bbox 1185 4362 1245 4416; x_wconf 81' lang='grc' dir='ltr'>ἃν</span> <span class='ocrx_word' id='word_1_531' title='bbox 1300 4356 1605 4417; x_wconf 78' lang='grc' dir='ltr'>ἐπέϐαλλον</span> <span class='ocrx_word' id='word_1_532' title='bbox 1655 4360 1808 4424; x_wconf 77' lang='grc' dir='ltr'>εὑθὺς</span> <span class='ocrx_word' id='word_1_533' title='bbox 1867 4361 1920 4431; x_wconf 80' lang='grc' dir='ltr'>ἐξ</span> 
     </span>
    </p>
   </div>
   <div class='ocr_carea' id='block_1_76' title="bbox 2092 4006 3670 4079">
    <p class='ocr_par' dir='ltr' id='par_1_76' title="bbox 2092 4006 3670 4079">
     <span class='ocr_line' id='line_1_76' title="bbox 2092 4006 3670 4079; baseline 0.003 -16"><span class='ocrx_word' id='word_1_534' title='bbox 2092 4008 2147 4063; x_wconf 89' lang='grc'>3.</span> <span class='ocrx_word' id='word_1_535' title='bbox 2181 4007 2240 4063; x_wconf 90' lang='lat' dir='ltr'>Si</span> <span class='ocrx_word' id='word_1_536' title='bbox 2269 4006 2471 4063; x_wconf 82' lang='lat' dir='ltr'>liceret</span> <span class='ocrx_word' id='word_1_537' title='bbox 2516 4006 2662 4062; x_wconf 89' lang='lat' dir='ltr'>mihi</span> <span class='ocrx_word' id='word_1_538' title='bbox 2706 4022 2810 4079; x_wconf 91' lang='lat' dir='ltr'>pro</span> <span class='ocrx_word' id='word_1_539' title='bbox 2859 4007 3144 4064; x_wconf 89' lang='lat' dir='ltr'>arbitratu</span> <span class='ocrx_word' id='word_1_540' title='bbox 3193 4009 3516 4067; x_wconf 87' lang='lat' dir='ltr'>orationem</span> <span class='ocrx_word' id='word_1_541' title='bbox 3548 4011 3670 4068; x_wconf 88' lang='lat' dir='ltr'>dis-</span> 
     </span>
    </p>
   </div>
   <div class='ocr_carea' id='block_1_77' title="bbox 2023 4095 3676 4169">
    <p class='ocr_par' dir='ltr' id='par_1_77' title="bbox 2023 4095 3676 4169">
     <span class='ocr_line' id='line_1_77' title="bbox 2023 4095 3676 4169; baseline 0.004 -18"><span class='ocrx_word' id='word_1_542' title='bbox 2023 4111 2260 4169; x_wconf 90' lang='lat' dir='ltr'>ponere,</span> <span class='ocrx_word' id='word_1_543' title='bbox 2295 4113 2410 4152; x_wconf 89' lang='lat' dir='ltr'>non</span> <span class='ocrx_word' id='word_1_544' title='bbox 2456 4095 2713 4168; x_wconf 86' lang='lat' dir='ltr'>obligato</span> <span class='ocrx_word' id='word_1_545' title='bbox 2743 4099 2792 4151; x_wconf 92' lang='lat' dir='ltr'>ei</span> <span class='ocrx_word' id='word_1_546' title='bbox 2843 4113 2968 4167; x_wconf 83' lang='lat' dir='ltr'>quae</span> <span class='ocrx_word' id='word_1_547' title='bbox 2997 4101 3064 4152; x_wconf 91' lang='lat' dir='ltr'>ut</span> <span class='ocrx_word' id='word_1_548' title='bbox 3111 4097 3436 4169; x_wconf 89' lang='lat' dir='ltr'>plurimum</span> <span class='ocrx_word' id='word_1_549' title='bbox 3470 4101 3676 4157; x_wconf 90' lang='lat' dir='ltr'>obser-</span> 
     </span>
    </p>
   </div>
   <div class='ocr_carea' id='block_1_78' title="bbox 2022 4184 3679 4258">
    <p class='ocr_par' dir='ltr' id='par_1_78' title="bbox 2022 4184 3679 4258">
     <span class='ocr_line' id='line_1_78' title="bbox 2022 4184 3679 4258; baseline 0.003 -18"><span class='ocrx_word' id='word_1_550' title='bbox 2022 4189 2193 4242; x_wconf 89' lang='lat' dir='ltr'>vatur</span> <span class='ocrx_word' id='word_1_551' title='bbox 2220 4184 2373 4258; x_wconf 88' lang='lat' dir='ltr'>legi;</span> <span class='ocrx_word' id='word_1_552' title='bbox 2407 4201 2523 4240; x_wconf 93' lang='lat' dir='ltr'>non</span> <span class='ocrx_word' id='word_1_553' title='bbox 2575 4185 2777 4257; x_wconf 90' lang='lat' dir='ltr'>utique</span> <span class='ocrx_word' id='word_1_554' title='bbox 2827 4186 3030 4257; x_wconf 71' lang='lat' dir='ltr'>patriae</span> <span class='ocrx_word' id='word_1_555' title='bbox 3076 4186 3282 4244; x_wconf 90' lang='lat' dir='ltr'>vellem</span> <span class='ocrx_word' id='word_1_556' title='bbox 3316 4190 3679 4257; x_wconf 88' lang='lat' dir='ltr'>meminisse,</span> 
     </span>
    </p>
   </div>
   <div class='ocr_carea' id='block_1_79' title="bbox 2029 4273 3687 4347">
    <p class='ocr_par' dir='ltr' id='par_1_79' title="bbox 2029 4273 3687 4347">
     <span class='ocr_line' id='line_1_79' title="bbox 2029 4273 3687 4347; baseline 0.003 -17"><span class='ocrx_word' id='word_1_557' title='bbox 2029 4273 2189 4330; x_wconf 90' lang='lat' dir='ltr'>velut</span> <span class='ocrx_word' id='word_1_558' title='bbox 2239 4289 2463 4346; x_wconf 67' lang='lat' dir='ltr'>magnai</span> <span class='ocrx_word' id='word_1_559' title='bbox 2514 4276 2689 4344; x_wconf 89' lang='lat' dir='ltr'>atque</span> <span class='ocrx_word' id='word_1_560' title='bbox 2737 4273 3033 4347; x_wconf 63' lang='lat' dir='ltr'>speciosw,</span> <span class='ocrx_word' id='word_1_561' title='bbox 3080 4292 3266 4347; x_wconf 85' lang='lat' dir='ltr'>neque</span> <span class='ocrx_word' id='word_1_562' title='bbox 3313 4283 3687 4336; x_wconf 85' lang='lat' dir='ltr'>externorum</span> 
     </span>
    </p>
   </div>
   <div class='ocr_carea' id='block_1_80' title="bbox 2032 4363 3689 4441">
    <p class='ocr_par' dir='ltr' id='par_1_80' title="bbox 2032 4363 3689 4441">
     <span class='ocr_line' id='line_1_80' title="bbox 2032 4363 3689 4441; baseline 0.004 -23"><span class='ocrx_word' id='word_1_563' title='bbox 2032 4377 2521 4435; x_wconf 90' lang='lat' dir='ltr'>quorumcunque</span> <span class='ocrx_word' id='word_1_564' title='bbox 2577 4363 2878 4431; x_wconf 89' lang='lat' dir='ltr'>decorum,</span> <span class='ocrx_word' id='word_1_565' title='bbox 2929 4365 3030 4419; x_wconf 90' lang='lat' dir='ltr'>sed</span> <span class='ocrx_word' id='word_1_566' title='bbox 3080 4365 3278 4421; x_wconf 88' lang='lat' dir='ltr'>statim</span> <span class='ocrx_word' id='word_1_567' title='bbox 3329 4385 3363 4423; x_wconf 88' lang='lat' dir='ltr'>a</span> <span class='ocrx_word' id='word_1_568' title='bbox 3403 4367 3689 4441; x_wconf 89' lang='lat' dir='ltr'>principio</span> 
     </span>
    </p>
   </div>
   <div class='ocr_carea' id='block_1_81' title="bbox 242 4448 1896 4530">
    <p class='ocr_par' dir='ltr' id='par_1_81' title="bbox 242 4448 1896 4530">
     <span class='ocr_line' id='line_1_81' title="bbox 242 4448 1896 4530; baseline -0.002 -21"><span class='ocrx_word' id='word_1_569' title='bbox 242 4453 459 4530; x_wconf 75' lang='grc' dir='ltr'>ἀρχῆς,</span> <span class='ocrx_word' id='word_1_570' title='bbox 517 4452 554 4506; x_wconf 83' lang='grc' dir='ltr'>’ἆ</span> <span class='ocrx_word' id='word_1_571' title='bbox 608 4453 746 4528; x_wconf 85' lang='grc' dir='ltr'>πρὸς</span> <span class='ocrx_word' id='word_1_572' title='bbox 801 4452 901 4520; x_wconf 80' lang='grc' dir='ltr'>τήν</span> <span class='ocrx_word' id='word_1_573' title='bbox 963 4450 1235 4530; x_wconf 80' lang='grc' dir='ltr'>εὐφημίαν</span> <span class='ocrx_word' id='word_1_574' title='bbox 1288 4448 1540 4526; x_wconf 80' lang='grc' dir='ltr'>ἄντικρυς</span> <span class='ocrx_word' id='word_1_575' title='bbox 1599 4451 1768 4529; x_wconf 80' lang='grc' dir='ltr'>φέρει.</span> <span class='ocrx_word' id='word_1_576' title='bbox 1821 4457 1896 4505; x_wconf 87' lang='grc' dir='ltr'>Κα</span> 
     </span>
    </p>
   </div>
   <div class='ocr_carea' id='block_1_82' title="bbox 2010 4448 3694 4530">
    <p class='ocr_par' dir='ltr' id='par_1_82' title="bbox 2043 4451 3694 4530">
     <span class='ocr_line' id='line_1_82' title="bbox 2043 4451 3694 4530; baseline 0.003 -21"><span class='ocrx_word' id='word_1_577' title='bbox 2043 4469 2112 4509; x_wconf 90' lang='lat' dir='ltr'>ea</span> <span class='ocrx_word' id='word_1_578' title='bbox 2142 4451 2662 4524; x_wconf 88' lang='lat' dir='ltr'>apprehenderem,</span> <span class='ocrx_word' id='word_1_579' title='bbox 2708 4469 2835 4523; x_wconf 84' lang='lat' dir='ltr'>quae</span> <span class='ocrx_word' id='word_1_580' title='bbox 2865 4453 2938 4508; x_wconf 88' lang='lat' dir='ltr'>ad</span> <span class='ocrx_word' id='word_1_581' title='bbox 2967 4453 3366 4512; x_wconf 87' lang='lat' dir='ltr'>laudationem</span> <span class='ocrx_word' id='word_1_582' title='bbox 3398 4458 3694 4530; x_wconf 69' lang='lat' dir='ltr'>praecipua</span> 
     </span>
    </p>
   </div>
   <div class='ocr_carea' id='block_1_83' title="bbox 241 4536 1896 4620">
    <p class='ocr_par' dir='ltr' id='par_1_83' title="bbox 241 4536 1894 4620">
     <span class='ocr_line' id='line_1_83' title="bbox 241 4536 1894 4620; baseline -0.001 -24"><span class='ocrx_word' id='word_1_583' title='bbox 241 4543 359 4620; x_wconf 81' lang='grc' dir='ltr'>γάρ</span> <span class='ocrx_word' id='word_1_584' title='bbox 397 4563 496 4615; x_wconf 89' lang='grc' dir='ltr'>μοι</span> <span class='ocrx_word' id='word_1_585' title='bbox 541 4539 678 4596; x_wconf 89' lang='grc' dir='ltr'>πάνυ</span> <span class='ocrx_word' id='word_1_586' title='bbox 719 4561 773 4595; x_wconf 91' lang='grc' dir='ltr'>τι</span> <span class='ocrx_word' id='word_1_587' title='bbox 822 4540 1387 4616; x_wconf 73' lang='grc' dir='ltr'>σμικρολογουμένων</span> <span class='ocrx_word' id='word_1_588' title='bbox 1439 4538 1598 4616; x_wconf 79' lang='grc' dir='ltr'>ἔργον</span> <span class='ocrx_word' id='word_1_589' title='bbox 1648 4539 1781 4594; x_wconf 85' lang='grc' dir='ltr'>εἶναι</span> <span class='ocrx_word' id='word_1_590' title='bbox 1831 4536 1894 4594; x_wconf 82' lang='grc' dir='ltr'>δο</span> 
     </span>
    </p>
   </div>
   <div class='ocr_carea' id='block_1_84' title="bbox 2010 4536 3690 4620">
    <p class='ocr_par' dir='ltr' id='par_1_84' title="bbox 2035 4539 3690 4614">
     <span class='ocr_line' id='line_1_84' title="bbox 2035 4539 3690 4614; baseline 0.003 -18"><span class='ocrx_word' id='word_1_591' title='bbox 2035 4543 2196 4596; x_wconf 91' lang='lat' dir='ltr'>sunt.</span> <span class='ocrx_word' id='word_1_592' title='bbox 2228 4539 2456 4594; x_wconf 86' lang='lat' dir='ltr'>Etenim</span> <span class='ocrx_word' id='word_1_593' title='bbox 2479 4539 2905 4596; x_wconf 89' lang='lat' dir='ltr'>minutulorum</span> <span class='ocrx_word' id='word_1_594' title='bbox 2937 4559 3085 4614; x_wconf 90' lang='lat' dir='ltr'>opus</span> <span class='ocrx_word' id='word_1_595' title='bbox 3106 4543 3252 4598; x_wconf 90' lang='lat' dir='ltr'>mihi</span> <span class='ocrx_word' id='word_1_596' title='bbox 3283 4561 3412 4601; x_wconf 87' lang='lat' dir='ltr'>esse</span> <span class='ocrx_word' id='word_1_597' title='bbox 3441 4546 3690 4614; x_wconf 88' lang='lat' dir='ltr'>videtur,</span> 
     </span>
    </p>
   </div>
   <div class='ocr_carea' id='block_1_85' title="bbox 242 4626 1896 4722">
    <p class='ocr_par' dir='ltr' id='par_1_85' title="bbox 242 4626 1895 4707">
     <span class='ocr_line' id='line_1_85' title="bbox 242 4626 1895 4707; baseline -0.002 -21"><span class='ocrx_word' id='word_1_598' title='bbox 242 4637 362 4703; x_wconf 86' lang='grc' dir='ltr'>κεῖ,</span> <span class='ocrx_word' id='word_1_599' title='bbox 423 4626 653 4707; x_wconf 82' lang='grc' dir='ltr'>ἔχοντας</span> <span class='ocrx_word' id='word_1_600' title='bbox 713 4629 1004 4706; x_wconf 88' lang='grc' dir='ltr'>ἐγκωμίων</span> <span class='ocrx_word' id='word_1_601' title='bbox 1061 4631 1159 4691; x_wconf 79' lang='grc' dir='ltr'>τὰς</span> <span class='ocrx_word' id='word_1_602' title='bbox 1219 4628 1435 4684; x_wconf 87' lang='grc' dir='ltr'>πάντων</span> <span class='ocrx_word' id='word_1_603' title='bbox 1489 4628 1743 4704; x_wconf 83' lang='grc' dir='ltr'>μεγίστας</span> <span class='ocrx_word' id='word_1_604' title='bbox 1793 4629 1895 4683; x_wconf 92' lang='grc' dir='ltr'>ὑπο</span> 
     </span>
    </p>
   </div>
   <div class='ocr_carea' id='block_1_86' title="bbox 2010 4626 3693 4722">
    <p class='ocr_par' dir='ltr' id='par_1_86' title="bbox 2010 4627 3693 4704">
     <span class='ocr_line' id='line_1_86' title="bbox 2010 4627 3693 4704; baseline 0.004 -22"><span class='ocrx_word' id='word_1_605' title='bbox 2010 4683 2011 4700; x_wconf 30' lang='grc' dir='ltr'><strong>η</strong></span> <span class='ocrx_word' id='word_1_606' title='bbox 2045 4628 2105 4683; x_wconf 91' lang='lat' dir='ltr'>in</span> <span class='ocrx_word' id='word_1_607' title='bbox 2139 4627 2221 4684; x_wconf 88' lang='lat' dir='ltr'>eis</span> <span class='ocrx_word' id='word_1_608' title='bbox 2252 4629 2636 4700; x_wconf 89' lang='lat' dir='ltr'>argumentis,</span> <span class='ocrx_word' id='word_1_609' title='bbox 2660 4644 2786 4700; x_wconf 64' lang='lat' dir='ltr'>qua:</span> <span class='ocrx_word' id='word_1_610' title='bbox 2821 4647 3056 4686; x_wconf 89' lang='lat' dir='ltr'>omnem</span> <span class='ocrx_word' id='word_1_611' title='bbox 3087 4639 3371 4704; x_wconf 90' lang='lat' dir='ltr'>superant</span> <span class='ocrx_word' id='word_1_612' title='bbox 3392 4650 3693 4690; x_wconf 89' lang='lat' dir='ltr'>commen-</span> 
     </span>
    </p>
   </div>
   <div class='ocr_carea' id='block_1_87' title="bbox 247 4715 1896 4794">
    <p class='ocr_par' dir='ltr' id='par_1_87' title="bbox 247 4715 1896 4793">
     <span class='ocr_line' id='line_1_87' title="bbox 247 4715 1896 4793; baseline -0.001 -18"><span class='ocrx_word' id='word_1_613' title='bbox 247 4720 477 4792; x_wconf 83' lang='grc' dir='ltr'>θέσεις,</span> <span class='ocrx_word' id='word_1_614' title='bbox 539 4716 788 4790; x_wconf 83' lang='grc' dir='ltr'>διεξιέναι</span> <span class='ocrx_word' id='word_1_615' title='bbox 841 4722 1020 4788; x_wconf 86' lang='grc' dir='ltr'>ζητεῖν</span> <span class='ocrx_word' id='word_1_616' title='bbox 1060 4764 1075 4788; x_wconf 90' lang='grc'>,</span> <span class='ocrx_word' id='word_1_617' title='bbox 1131 4719 1239 4773; x_wconf 82' lang='grc' dir='ltr'>κάκ</span> <span class='ocrx_word' id='word_1_618' title='bbox 1292 4722 1401 4772; x_wconf 89' lang='grc' dir='ltr'>τῶν</span> <span class='ocrx_word' id='word_1_619' title='bbox 1461 4715 1768 4793; x_wconf 88' lang='grc' dir='ltr'>ἐλαχίστων</span> <span class='ocrx_word' id='word_1_620' title='bbox 1829 4718 1896 4786; x_wconf 79' lang='grc' dir='ltr'>τῆ</span> 
     </span>
    </p>
   </div>
   <div class='ocr_carea' id='block_1_88' title="bbox 2010 4715 3696 4794">
    <p class='ocr_par' dir='ltr' id='par_1_88' title="bbox 2045 4716 3696 4794">
     <span class='ocr_line' id='line_1_88' title="bbox 2045 4716 3696 4794; baseline 0.003 -22"><span class='ocrx_word' id='word_1_621' title='bbox 2045 4716 2366 4785; x_wconf 89' lang='lat' dir='ltr'>dationem,</span> <span class='ocrx_word' id='word_1_622' title='bbox 2417 4716 2646 4789; x_wconf 90' lang='lat' dir='ltr'>digredi</span> <span class='ocrx_word' id='word_1_623' title='bbox 2693 4718 2765 4772; x_wconf 90' lang='lat' dir='ltr'>ad</span> <span class='ocrx_word' id='word_1_624' title='bbox 2819 4719 3045 4790; x_wconf 88' lang='lat' dir='ltr'>inﬁma,</span> <span class='ocrx_word' id='word_1_625' title='bbox 3107 4735 3177 4775; x_wconf 88' lang='lat' dir='ltr'>ex</span> <span class='ocrx_word' id='word_1_626' title='bbox 3224 4721 3416 4793; x_wconf 86' lang='lat' dir='ltr'>iisque</span> <span class='ocrx_word' id='word_1_627' title='bbox 3462 4727 3696 4794; x_wconf 84' lang='lat' dir='ltr'>captare</span> 
     </span>
    </p>
   </div>
   <div class='ocr_carea' id='block_1_89' title="bbox 249 4803 1896 4888">
    <p class='ocr_par' dir='ltr' id='par_1_89' title="bbox 249 4803 1896 4888">
     <span class='ocr_line' id='line_1_89' title="bbox 249 4803 1896 4888; baseline -0.001 -26"><span class='ocrx_word' id='word_1_628' title='bbox 249 4807 541 4888; x_wconf 76' lang='grc' dir='ltr'>εὐφημίαν</span> <span class='ocrx_word' id='word_1_629' title='bbox 594 4805 942 4884; x_wconf 87' lang='grc' dir='ltr'>ἐργάζεσθαι,</span> <span class='ocrx_word' id='word_1_630' title='bbox 993 4805 1175 4881; x_wconf 81' lang='grc' dir='ltr'>ὥσπερ</span> <span class='ocrx_word' id='word_1_631' title='bbox 1224 4805 1324 4861; x_wconf 89' lang='grc' dir='ltr'>ούκ</span> <span class='ocrx_word' id='word_1_632' title='bbox 1369 4805 1429 4861; x_wconf 80' lang='grc' dir='ltr'>ἃν</span> <span class='ocrx_word' id='word_1_633' title='bbox 1482 4803 1719 4868; x_wconf 77' lang='grc' dir='ltr'>δυνατῶς</span> <span class='ocrx_word' id='word_1_634' title='bbox 1767 4805 1896 4881; x_wconf 78' lang='grc' dir='ltr'>ἐχού</span> 
     </span>
    </p>
   </div>
   <div class='ocr_carea' id='block_1_90' title="bbox 2010 4803 3694 4888">
    <p class='ocr_par' dir='ltr' id='par_1_90' title="bbox 2044 4805 3694 4879">
     <span class='ocr_line' id='line_1_90' title="bbox 2044 4805 3694 4879; baseline 0.001 -17"><span class='ocrx_word' id='word_1_635' title='bbox 2044 4805 2445 4862; x_wconf 90' lang='lat' dir='ltr'>encomiorum</span> <span class='ocrx_word' id='word_1_636' title='bbox 2499 4805 2828 4874; x_wconf 86' lang='lat' dir='ltr'>materiam,</span> <span class='ocrx_word' id='word_1_637' title='bbox 2863 4810 3148 4879; x_wconf 86' lang='lat' dir='ltr'>tanquam</span> <span class='ocrx_word' id='word_1_638' title='bbox 3198 4808 3323 4865; x_wconf 89' lang='lat' dir='ltr'>sine</span> <span class='ocrx_word' id='word_1_639' title='bbox 3373 4810 3468 4866; x_wconf 89' lang='lat' dir='ltr'>his</span> <span class='ocrx_word' id='word_1_640' title='bbox 3498 4809 3694 4866; x_wconf 89' lang='lat' dir='ltr'>subsi-</span> 
     </span>
    </p>
   </div>
   <div class='ocr_carea' id='block_1_91' title="bbox 251 4892 1896 4972">
    <p class='ocr_par' dir='ltr' id='par_1_91' title="bbox 251 4892 1896 4972">
     <span class='ocr_line' id='line_1_91' title="bbox 251 4892 1896 4972; baseline -0.002 -20"><span class='ocrx_word' id='word_1_641' title='bbox 251 4919 367 4970; x_wconf 81' lang='grc' dir='ltr'>σης</span> <span class='ocrx_word' id='word_1_642' title='bbox 422 4898 549 4953; x_wconf 82' lang='grc' dir='ltr'>ἄνευ</span> <span class='ocrx_word' id='word_1_643' title='bbox 596 4896 806 4952; x_wconf 87' lang='grc' dir='ltr'>τούτων</span> <span class='ocrx_word' id='word_1_644' title='bbox 854 4902 1131 4969; x_wconf 79' lang='grc' dir='ltr'>συστῆναι,</span> <span class='ocrx_word' id='word_1_645' title='bbox 1179 4892 1217 4964; x_wconf 72' lang='grc' dir='ltr'>ἤ</span> <span class='ocrx_word' id='word_1_646' title='bbox 1274 4893 1512 4972; x_wconf 82' lang='grc' dir='ltr'>ἐχούσης</span> <span class='ocrx_word' id='word_1_647' title='bbox 1564 4896 1681 4968; x_wconf 75' lang='grc' dir='ltr'>μὲν,</span> <span class='ocrx_word' id='word_1_648' title='bbox 1738 4895 1801 4950; x_wconf 87' lang='grc' dir='ltr'>ού</span> <span class='ocrx_word' id='word_1_649' title='bbox 1847 4914 1896 4949; x_wconf 87' lang='grc' dir='ltr'>τε</span> 
     </span>
    </p>
   </div>
   <div class='ocr_carea' id='block_1_92' title="bbox 2010 4892 3699 4972">
    <p class='ocr_par' dir='ltr' id='par_1_92' title="bbox 2046 4893 3699 4970">
     <span class='ocr_line' id='line_1_92' title="bbox 2046 4893 3699 4970; baseline 0.002 -20"><span class='ocrx_word' id='word_1_650' title='bbox 2046 4900 2198 4951; x_wconf 88' lang='lat' dir='ltr'>stere</span> <span class='ocrx_word' id='word_1_651' title='bbox 2227 4911 2344 4950; x_wconf 92' lang='lat' dir='ltr'>non</span> <span class='ocrx_word' id='word_1_652' title='bbox 2378 4899 2593 4967; x_wconf 87' lang='lat' dir='ltr'>posset,</span> <span class='ocrx_word' id='word_1_653' title='bbox 2628 4899 2730 4950; x_wconf 87' lang='lat' dir='ltr'>aut</span> <span class='ocrx_word' id='word_1_654' title='bbox 2777 4893 2984 4950; x_wconf 88' lang='lat' dir='ltr'>saltem</span> <span class='ocrx_word' id='word_1_655' title='bbox 3016 4897 3216 4953; x_wconf 89' lang='lat' dir='ltr'>minus</span> <span class='ocrx_word' id='word_1_656' title='bbox 3265 4900 3519 4970; x_wconf 87' lang='lat' dir='ltr'>perfecta</span> <span class='ocrx_word' id='word_1_657' title='bbox 3550 4900 3699 4954; x_wconf 83' lang='lat' dir='ltr'>foret</span> 
     </span>
    </p>
   </div>
   <div class='ocr_carea' id='block_1_93' title="bbox 253 4981 1896 5062">
    <p class='ocr_par' dir='ltr' id='par_1_93' title="bbox 253 4981 1896 5062">
     <span class='ocr_line' id='line_1_93' title="bbox 253 4981 1896 5062; baseline -0.002 -20"><span class='ocrx_word' id='word_1_658' title='bbox 253 4987 438 5047; x_wconf 81' lang='grc' dir='ltr'>λείως</span> <span class='ocrx_word' id='word_1_659' title='bbox 469 4983 550 5056; x_wconf 72' lang='grc' dir='ltr'>δὲ,</span> <span class='ocrx_word' id='word_1_660' title='bbox 584 4983 812 5056; x_wconf 86' lang='grc' dir='ltr'>δεούσης</span> <span class='ocrx_word' id='word_1_661' title='bbox 859 4985 960 5062; x_wconf 80' lang='grc' dir='ltr'>γὰρ</span> <span class='ocrx_word' id='word_1_662' title='bbox 1009 4991 1108 5055; x_wconf 73' lang='grc' dir='ltr'>τῆς</span> <span class='ocrx_word' id='word_1_663' title='bbox 1163 4985 1257 5058; x_wconf 72' lang='grc' dir='ltr'>μὲν</span> <span class='ocrx_word' id='word_1_664' title='bbox 1308 4985 1454 5058; x_wconf 89' lang='grc' dir='ltr'>παρὰ</span> <span class='ocrx_word' id='word_1_665' title='bbox 1504 4989 1620 5056; x_wconf 78' lang='grc' dir='ltr'>Θεῷ</span> <span class='ocrx_word' id='word_1_666' title='bbox 1669 4981 1829 5055; x_wconf 83' lang='grc' dir='ltr'>δόξης</span> <span class='ocrx_word' id='word_1_667' title='bbox 1860 5005 1896 5038; x_wconf 67' lang='grc' dir='ltr'>τι</span> 
     </span>
    </p>
   </div>
   <div class='ocr_carea' id='block_1_94' title="bbox 2010 4981 3699 5062">
    <p class='ocr_par' dir='ltr' id='par_1_94' title="bbox 2047 4981 3699 5060">
     <span class='ocr_line' id='line_1_94' title="bbox 2047 4981 3699 5060; baseline 0.004 -24"><span class='ocrx_word' id='word_1_668' title='bbox 2047 4981 2232 5056; x_wconf 85' lang='lat' dir='ltr'>gloria</span> <span class='ocrx_word' id='word_1_669' title='bbox 2263 4983 2535 5055; x_wconf 63' lang='lat' dir='ltr'>Martyris</span> <span class='ocrx_word' id='word_1_670' title='bbox 2587 4983 2740 5055; x_wconf 91' lang='lat' dir='ltr'>apud</span> <span class='ocrx_word' id='word_1_671' title='bbox 2777 4988 2954 5038; x_wconf 88' lang='lat' dir='ltr'>Deum</span> <span class='ocrx_word' id='word_1_672' title='bbox 3002 4985 3408 5059; x_wconf 89' lang='lat' dir='ltr'>hominesque.</span> <span class='ocrx_word' id='word_1_673' title='bbox 3441 4989 3523 5043; x_wconf 81' lang='lat' dir='ltr'><strong>Ex</strong></span> <span class='ocrx_word' id='word_1_674' title='bbox 3554 5004 3699 5060; x_wconf 88' lang='lat' dir='ltr'>qua-</span> 
     </span>
    </p>
   </div>
   <div class='ocr_carea' id='block_1_95' title="bbox 257 5069 1896 5152">
    <p class='ocr_par' dir='ltr' id='par_1_95' title="bbox 257 5069 1896 5152">
     <span class='ocr_line' id='line_1_95' title="bbox 257 5069 1896 5152; baseline -0.003 -21"><span class='ocrx_word' id='word_1_675' title='bbox 257 5074 547 5152; x_wconf 74' lang='grc' dir='ltr'>Μάρτυρι,</span> <span class='ocrx_word' id='word_1_676' title='bbox 594 5081 696 5144; x_wconf 85' lang='grc' dir='ltr'>τῆς</span> <span class='ocrx_word' id='word_1_677' title='bbox 747 5071 805 5128; x_wconf 76' lang='grc' dir='ltr'>δὲ</span> <span class='ocrx_word' id='word_1_678' title='bbox 849 5074 977 5148; x_wconf 90' lang='grc' dir='ltr'>παρ’</span> <span class='ocrx_word' id='word_1_679' title='bbox 1019 5073 1347 5150; x_wconf 84' lang='grc' dir='ltr'>ἀνθρώποις.</span> <span class='ocrx_word' id='word_1_680' title='bbox 1404 5073 1465 5128; x_wconf 80' lang='grc' dir='ltr'>Εἰ</span> <span class='ocrx_word' id='word_1_681' title='bbox 1509 5073 1604 5146; x_wconf 75' lang='grc' dir='ltr'>μὲν</span> <span class='ocrx_word' id='word_1_682' title='bbox 1645 5069 1896 5128; x_wconf 85' lang='grc' dir='ltr'>ὁποίανδ</span> 
     </span>
    </p>
   </div>
   <div class='ocr_carea' id='block_1_96' title="bbox 2010 5069 3702 5152">
    <p class='ocr_par' dir='ltr' id='par_1_96' title="bbox 2050 5071 3702 5148">
     <span class='ocr_line' id='line_1_96' title="bbox 2050 5071 3702 5148; baseline 0.002 -20"><span class='ocrx_word' id='word_1_683' title='bbox 2050 5088 2282 5144; x_wconf 89' lang='lat' dir='ltr'>cunque</span> <span class='ocrx_word' id='word_1_684' title='bbox 2309 5071 2465 5127; x_wconf 88' lang='lat' dir='ltr'>enim</span> <span class='ocrx_word' id='word_1_685' title='bbox 2491 5077 2653 5144; x_wconf 90' lang='lat' dir='ltr'>parte</span> <span class='ocrx_word' id='word_1_686' title='bbox 2683 5071 2834 5127; x_wconf 90' lang='lat' dir='ltr'>hanc</span> <span class='ocrx_word' id='word_1_687' title='bbox 2863 5072 3112 5129; x_wconf 90' lang='lat' dir='ltr'>velimus</span> <span class='ocrx_word' id='word_1_688' title='bbox 3140 5075 3386 5133; x_wconf 91' lang='lat' dir='ltr'>dicendo</span> <span class='ocrx_word' id='word_1_689' title='bbox 3417 5078 3702 5148; x_wconf 89' lang='lat' dir='ltr'>majorem</span> 
     </span>
    </p>
   </div>
   <div class='ocr_carea' id='block_1_97' title="bbox 255 5160 1896 5237">
    <p class='ocr_par' dir='ltr' id='par_1_97' title="bbox 255 5161 1896 5236">
     <span class='ocr_line' id='line_1_97' title="bbox 255 5161 1896 5236; baseline -0.004 -16"><span class='ocrx_word' id='word_1_690' title='bbox 255 5184 393 5220; x_wconf 81' lang='grc' dir='ltr'>τινα</span> <span class='ocrx_word' id='word_1_691' title='bbox 465 5162 676 5218; x_wconf 83' lang='grc' dir='ltr'>τούτων</span> <span class='ocrx_word' id='word_1_692' title='bbox 756 5161 1067 5236; x_wconf 89' lang='grc' dir='ltr'>ἐμέλλομεν</span> <span class='ocrx_word' id='word_1_693' title='bbox 1150 5161 1374 5236; x_wconf 89' lang='grc' dir='ltr'>μείζονα</span> <span class='ocrx_word' id='word_1_694' title='bbox 1448 5167 1624 5216; x_wconf 88' lang='grc' dir='ltr'>ποιεῖν</span> <span class='ocrx_word' id='word_1_695' title='bbox 1719 5161 1778 5217; x_wconf 89' lang='grc' dir='ltr'>ἐκ</span> <span class='ocrx_word' id='word_1_696' title='bbox 1843 5182 1896 5215; x_wconf 80' lang='grc' dir='ltr'>τε</span> 
     </span>
    </p>
   </div>
   <div class='ocr_carea' id='block_1_98' title="bbox 2010 5160 3708 5237">
    <p class='ocr_par' dir='ltr' id='par_1_98' title="bbox 2057 5160 3708 5237">
     <span class='ocr_line' id='line_1_98' title="bbox 2057 5160 3708 5237; baseline 0.002 -20"><span class='ocrx_word' id='word_1_697' title='bbox 2057 5161 2266 5230; x_wconf 81' lang='lat' dir='ltr'>facere,</span> <span class='ocrx_word' id='word_1_698' title='bbox 2318 5177 2440 5216; x_wconf 90' lang='lat' dir='ltr'>rem</span> <span class='ocrx_word' id='word_1_699' title='bbox 2493 5160 2787 5232; x_wconf 89' lang='lat' dir='ltr'>egerimus</span> <span class='ocrx_word' id='word_1_700' title='bbox 2833 5161 3228 5233; x_wconf 88' lang='lat' dir='ltr'>inconcinam,</span> <span class='ocrx_word' id='word_1_701' title='bbox 3263 5166 3460 5220; x_wconf 90' lang='lat' dir='ltr'>omnia</span> <span class='ocrx_word' id='word_1_702' title='bbox 3511 5165 3708 5237; x_wconf 90' lang='lat' dir='ltr'>requi-</span> 
     </span>
    </p>
   </div>
   <div class='ocr_carea' id='block_1_99' title="bbox 259 5247 1896 5325">
    <p class='ocr_par' dir='ltr' id='par_1_99' title="bbox 259 5249 1896 5325">
     <span class='ocr_line' id='line_1_99' title="bbox 259 5249 1896 5325; baseline -0.003 -16"><span class='ocrx_word' id='word_1_703' title='bbox 259 5253 513 5310; x_wconf 80' lang='grc' dir='ltr'>πλείονα</span> <span class='ocrx_word' id='word_1_704' title='bbox 563 5252 757 5322; x_wconf 82' lang='grc' dir='ltr'>εἰπεῖν,</span> <span class='ocrx_word' id='word_1_705' title='bbox 810 5249 1004 5306; x_wconf 78' lang='grc' dir='ltr'>ἄτοποι</span> <span class='ocrx_word' id='word_1_706' title='bbox 1060 5249 1342 5313; x_wconf 89' lang='grc' dir='ltr'>παντελῶς</span> <span class='ocrx_word' id='word_1_707' title='bbox 1391 5253 1531 5325; x_wconf 77' lang='grc' dir='ltr'>ἦμεν</span> <span class='ocrx_word' id='word_1_708' title='bbox 1572 5295 1586 5321; x_wconf 91' lang='grc'>,</span> <span class='ocrx_word' id='word_1_709' title='bbox 1639 5253 1714 5325; x_wconf 76' lang='grc' dir='ltr'>μὴ</span> <span class='ocrx_word' id='word_1_710' title='bbox 1772 5249 1896 5306; x_wconf 66' lang='grc' dir='ltr'>πάντ</span> 
     </span>
    </p>
   </div>
   <div class='ocr_carea' id='block_1_100' title="bbox 2010 5247 3713 5325">
    <p class='ocr_par' dir='ltr' id='par_1_100' title="bbox 2060 5247 3713 5318">
     <span class='ocr_line' id='line_1_100' title="bbox 2060 5247 3713 5318; baseline 0.003 -13"><span class='ocrx_word' id='word_1_711' title='bbox 2060 5250 2262 5318; x_wconf 90' lang='lat' dir='ltr'>rendo,</span> <span class='ocrx_word' id='word_1_712' title='bbox 2297 5266 2402 5305; x_wconf 89' lang='lat' dir='ltr'>nec</span> <span class='ocrx_word' id='word_1_713' title='bbox 2433 5254 2629 5304; x_wconf 87' lang='lat' dir='ltr'>tamen</span> <span class='ocrx_word' id='word_1_714' title='bbox 2672 5247 2732 5304; x_wconf 89' lang='lat' dir='ltr'>in</span> <span class='ocrx_word' id='word_1_715' title='bbox 2765 5251 3026 5306; x_wconf 91' lang='lat' dir='ltr'>medium</span> <span class='ocrx_word' id='word_1_716' title='bbox 3076 5253 3438 5309; x_wconf 91' lang='lat' dir='ltr'>adducendo.</span> <span class='ocrx_word' id='word_1_717' title='bbox 3467 5255 3613 5310; x_wconf 89' lang='lat' dir='ltr'>Nam</span> <span class='ocrx_word' id='word_1_718' title='bbox 3644 5271 3713 5310; x_wconf 86' lang='lat' dir='ltr'>ea</span> 
     </span>
    </p>
   </div>
   <div class='ocr_carea' id='block_1_101' title="bbox 258 5336 1896 5418">
    <p class='ocr_par' dir='ltr' id='par_1_101' title="bbox 258 5337 1896 5418">
     <span class='ocr_line' id='line_1_101' title="bbox 258 5337 1896 5418; baseline -0.003 -20"><span class='ocrx_word' id='word_1_719' title='bbox 258 5343 605 5418; x_wconf 81' lang='grc' dir='ltr'>προσθέντες</span> <span class='ocrx_word' id='word_1_720' title='bbox 662 5341 740 5403; x_wconf 80' lang='grc' dir='ltr'>εἷς</span> <span class='ocrx_word' id='word_1_721' title='bbox 794 5340 982 5413; x_wconf 84' lang='grc' dir='ltr'>μέσον,</span> <span class='ocrx_word' id='word_1_722' title='bbox 1032 5339 1121 5394; x_wconf 78' lang='grc' dir='ltr'>καὶ</span> <span class='ocrx_word' id='word_1_723' title='bbox 1180 5340 1356 5394; x_wconf 85' lang='grc' dir='ltr'>πάντα</span> <span class='ocrx_word' id='word_1_724' title='bbox 1416 5341 1766 5411; x_wconf 75' lang='grc' dir='ltr'>ζητήσαντες·</span> <span class='ocrx_word' id='word_1_725' title='bbox 1832 5337 1896 5394; x_wconf 86' lang='grc' dir='ltr'>ἐπ</span> 
     </span>
    </p>
   </div>
   <div class='ocr_carea' id='block_1_102' title="bbox 2010 5336 3715 5418">
    <p class='ocr_par' dir='ltr' id='par_1_102' title="bbox 2062 5337 3715 5411">
     <span class='ocr_line' id='line_1_102' title="bbox 2062 5337 3715 5411; baseline 0.003 -17"><span class='ocrx_word' id='word_1_726' title='bbox 2062 5356 2192 5411; x_wconf 67' lang='lat' dir='ltr'>qua:</span> <span class='ocrx_word' id='word_1_727' title='bbox 2223 5355 2293 5394; x_wconf 85' lang='lat' dir='ltr'>ex</span> <span class='ocrx_word' id='word_1_728' title='bbox 2324 5339 2440 5394; x_wconf 90' lang='lat' dir='ltr'>Deo</span> <span class='ocrx_word' id='word_1_729' title='bbox 2471 5343 2559 5394; x_wconf 90' lang='lat' dir='ltr'>est</span> <span class='ocrx_word' id='word_1_730' title='bbox 2587 5337 2793 5410; x_wconf 88' lang='lat' dir='ltr'>gloria,</span> <span class='ocrx_word' id='word_1_731' title='bbox 2827 5356 2961 5395; x_wconf 88' lang='lat' dir='ltr'>cum</span> <span class='ocrx_word' id='word_1_732' title='bbox 3001 5341 3305 5397; x_wconf 88' lang='lat' dir='ltr'>ratiocinio</span> <span class='ocrx_word' id='word_1_733' title='bbox 3336 5349 3535 5399; x_wconf 88' lang='lat' dir='ltr'>nostro</span> <span class='ocrx_word' id='word_1_734' title='bbox 3567 5343 3715 5399; x_wconf 90' lang='lat' dir='ltr'>sub-</span> 
     </span>
    </p>
   </div>
   <div class='ocr_carea' id='block_1_103' title="bbox 261 5427 1896 5506">
    <p class='ocr_par' dir='ltr' id='par_1_103' title="bbox 261 5427 1892 5506">
     <span class='ocr_line' id='line_1_103' title="bbox 261 5427 1892 5506; baseline -0.005 -18"><span class='ocrx_word' id='word_1_735' title='bbox 261 5430 316 5488; x_wconf 75' lang='grc' dir='ltr'>δ’</span> <span class='ocrx_word' id='word_1_736' title='bbox 382 5433 424 5500; x_wconf 80' lang='grc' dir='ltr'>ἡ</span> <span class='ocrx_word' id='word_1_737' title='bbox 487 5432 610 5504; x_wconf 77' lang='grc' dir='ltr'>μὲν,</span> <span class='ocrx_word' id='word_1_738' title='bbox 662 5429 954 5506; x_wconf 87' lang='grc' dir='ltr'>λογισμοῖς</span> <span class='ocrx_word' id='word_1_739' title='bbox 1023 5429 1321 5504; x_wconf 77' lang='grc' dir='ltr'>ἡμετέροις</span> <span class='ocrx_word' id='word_1_740' title='bbox 1383 5427 1490 5503; x_wconf 83' lang='grc' dir='ltr'>οὐχ</span> <span class='ocrx_word' id='word_1_741' title='bbox 1546 5427 1892 5482; x_wconf 86' lang='grc' dir='ltr'>ὑποπίπτουσ</span> 
     </span>
    </p>
   </div>
   <div class='ocr_carea' id='block_1_104' title="bbox 2010 5427 3718 5506">
    <p class='ocr_par' dir='ltr' id='par_1_104' title="bbox 2052 5427 3718 5504">
     <span class='ocr_line' id='line_1_104' title="bbox 2052 5427 3718 5504; baseline 0.002 -19"><span class='ocrx_word' id='word_1_742' title='bbox 2052 5430 2212 5500; x_wconf 89' lang='lat' dir='ltr'>jecta</span> <span class='ocrx_word' id='word_1_743' title='bbox 2245 5445 2360 5483; x_wconf 90' lang='lat' dir='ltr'>non</span> <span class='ocrx_word' id='word_1_744' title='bbox 2395 5427 2492 5492; x_wconf 92' lang='lat' dir='ltr'>sit,</span> <span class='ocrx_word' id='word_1_745' title='bbox 2525 5427 2685 5482; x_wconf 90' lang='lat' dir='ltr'>nullo</span> <span class='ocrx_word' id='word_1_746' title='bbox 2717 5429 2888 5484; x_wconf 90' lang='lat' dir='ltr'>modo</span> <span class='ocrx_word' id='word_1_747' title='bbox 2939 5434 3130 5500; x_wconf 91' lang='lat' dir='ltr'>potest</span> <span class='ocrx_word' id='word_1_748' title='bbox 3159 5437 3540 5504; x_wconf 89' lang='lat' dir='ltr'>augmentum</span> <span class='ocrx_word' id='word_1_749' title='bbox 3573 5448 3718 5504; x_wconf 88' lang='lat' dir='ltr'>qua-</span> 
     </span>
    </p>
   </div>
   <div class='ocr_carea' id='block_1_105' title="bbox 260 5513 1896 5593">
    <p class='ocr_par' dir='ltr' id='par_1_105' title="bbox 260 5513 1896 5593">
     <span class='ocr_line' id='line_1_105' title="bbox 260 5513 1896 5593; baseline -0.005 -15"><span class='ocrx_word' id='word_1_750' title='bbox 260 5518 398 5578; x_wconf 77' lang='grc' dir='ltr'>οὐδ’</span> <span class='ocrx_word' id='word_1_751' title='bbox 457 5519 520 5575; x_wconf 75' lang='grc' dir='ltr'>ἂν</span> <span class='ocrx_word' id='word_1_752' title='bbox 691 5521 856 5592; x_wconf 77' lang='grc' dir='ltr'>ἡμῶν</span> <span class='ocrx_word' id='word_1_753' title='bbox 913 5513 1236 5589; x_wconf 68' lang='grc' dir='ltr'>ὁτῳδήποτε</span> <span class='ocrx_word' id='word_1_754' title='bbox 1290 5516 1480 5593; x_wconf 84' lang='grc' dir='ltr'>τρόπῳ</span> <span class='ocrx_word' id='word_1_755' title='bbox 1535 5517 1818 5590; x_wconf 87' lang='grc' dir='ltr'>πρόσθεσιν</span> <span class='ocrx_word' id='word_1_756' title='bbox 1871 5513 1896 5570; x_wconf 87' lang='grc' dir='ltr'>δ</span> 
     </span>
    </p>
   </div>
   <div class='ocr_carea' id='block_1_106' title="bbox 2010 5513 3719 5593">
    <p class='ocr_par' dir='ltr' id='par_1_106' title="bbox 2063 5515 3719 5590">
     <span class='ocr_line' id='line_1_106' title="bbox 2063 5515 3719 5590; baseline 0.002 -17"><span class='ocrx_word' id='word_1_757' title='bbox 2063 5517 2355 5590; x_wconf 90' lang='lat' dir='ltr'>lecunque</span> <span class='ocrx_word' id='word_1_758' title='bbox 2405 5534 2439 5572; x_wconf 91' lang='lat' dir='ltr'>a</span> <span class='ocrx_word' id='word_1_759' title='bbox 2469 5515 2636 5571; x_wconf 87' lang='lat' dir='ltr'>nobis</span> <span class='ocrx_word' id='word_1_760' title='bbox 2686 5516 2985 5588; x_wconf 89' lang='lat' dir='ltr'>accipere;</span> <span class='ocrx_word' id='word_1_761' title='bbox 3020 5536 3146 5590; x_wconf 67' lang='lat' dir='ltr'>quas</span> <span class='ocrx_word' id='word_1_762' title='bbox 3179 5525 3372 5576; x_wconf 87' lang='lat' dir='ltr'>autem</span> <span class='ocrx_word' id='word_1_763' title='bbox 3425 5522 3496 5576; x_wconf 89' lang='lat' dir='ltr'>ab</span> <span class='ocrx_word' id='word_1_764' title='bbox 3528 5521 3719 5577; x_wconf 90' lang='lat' dir='ltr'>homi-</span> 
     </span>
    </p>
   </div>
   <div class='ocr_carea' id='block_1_107' title="bbox 260 5604 1896 5689">
    <p class='ocr_par' dir='ltr' id='par_1_107' title="bbox 260 5604 1896 5689">
     <span class='ocr_line' id='line_1_107' title="bbox 260 5604 1896 5689; baseline -0.006 -21"><span class='ocrx_word' id='word_1_765' title='bbox 260 5629 468 5689; x_wconf 83' lang='grc' dir='ltr'>χοιτο⁶</span> <span class='ocrx_word' id='word_1_766' title='bbox 527 5611 562 5679; x_wconf 80' lang='grc' dir='ltr'>ἡ</span> <span class='ocrx_word' id='word_1_767' title='bbox 617 5605 676 5664; x_wconf 75' lang='grc' dir='ltr'>δὲ</span> <span class='ocrx_word' id='word_1_768' title='bbox 731 5604 1258 5684; x_wconf 86' lang='grc' dir='ltr'>προκατειλημμένη</span> <span class='ocrx_word' id='word_1_769' title='bbox 1336 5611 1455 5668; x_wconf 89' lang='grc' dir='ltr'>ταῖς</span> <span class='ocrx_word' id='word_1_770' title='bbox 1515 5605 1762 5660; x_wconf 83' lang='grc' dir='ltr'>ἁπάντων</span> <span class='ocrx_word' id='word_1_771' title='bbox 1823 5605 1896 5659; x_wconf 80' lang='grc' dir='ltr'>οῦ‹</span> 
     </span>
    </p>
   </div>
   <div class='ocr_carea' id='block_1_108' title="bbox 2010 5604 3722 5689">
    <p class='ocr_par' dir='ltr' id='par_1_108' title="bbox 2067 5605 3722 5678">
     <span class='ocr_line' id='line_1_108' title="bbox 2067 5605 3722 5678; baseline 0.003 -17"><span class='ocrx_word' id='word_1_772' title='bbox 2067 5605 2245 5661; x_wconf 90' lang='lat' dir='ltr'>nibus</span> <span class='ocrx_word' id='word_1_773' title='bbox 2284 5606 2568 5677; x_wconf 90' lang='lat' dir='ltr'>provenit,</span> <span class='ocrx_word' id='word_1_774' title='bbox 2602 5622 2737 5660; x_wconf 87' lang='lat' dir='ltr'>cum</span> <span class='ocrx_word' id='word_1_775' title='bbox 2761 5608 2888 5676; x_wconf 89' lang='lat' dir='ltr'>jam</span> <span class='ocrx_word' id='word_1_776' title='bbox 2936 5610 3163 5678; x_wconf 88' lang='lat' dir='ltr'>pridem</span> <span class='ocrx_word' id='word_1_777' title='bbox 3211 5609 3268 5664; x_wconf 92' lang='lat' dir='ltr'>in</span> <span class='ocrx_word' id='word_1_778' title='bbox 3302 5611 3568 5665; x_wconf 86' lang='lat' dir='ltr'>omnium</span> <span class='ocrx_word' id='word_1_779' title='bbox 3600 5611 3722 5666; x_wconf 85' lang='lat' dir='ltr'>ani-</span> 
     </span>
    </p>
   </div>
   <div class='ocr_carea' id='block_1_109' title="bbox 261 5692 1896 5782">
    <p class='ocr_par' dir='ltr' id='par_1_109' title="bbox 261 5692 1896 5782">
     <span class='ocr_line' id='line_1_109' title="bbox 261 5692 1896 5782; baseline -0.006 -25"><span class='ocrx_word' id='word_1_780' title='bbox 261 5705 512 5779; x_wconf 77' lang='grc' dir='ltr'>ψυχαῖς,</span> <span class='ocrx_word' id='word_1_781' title='bbox 553 5695 670 5753; x_wconf 78' lang='grc' dir='ltr'>οὐδ’</span> <span class='ocrx_word' id='word_1_782' title='bbox 724 5697 784 5751; x_wconf 79' lang='grc' dir='ltr'>ἄν</span> <span class='ocrx_word' id='word_1_783' title='bbox 832 5716 982 5758; x_wconf 88' lang='grc' dir='ltr'>τινος</span> <span class='ocrx_word' id='word_1_784' title='bbox 1023 5693 1294 5782; x_wconf 76' lang='grc' dir='ltr'>ἐξηγητρῦ</span> <span class='ocrx_word' id='word_1_785' title='bbox 1344 5692 1545 5763; x_wconf 86' lang='grc' dir='ltr'>δέοιτο,</span> <span class='ocrx_word' id='word_1_786' title='bbox 1598 5693 1736 5749; x_wconf 82' lang='grc' dir='ltr'>ὥστε</span> <span class='ocrx_word' id='word_1_787' title='bbox 1781 5714 1896 5771; x_wconf 64' lang='grc' dir='ltr'>παρι</span> 
     </span>
    </p>
   </div>
   <div class='ocr_carea' id='block_1_110' title="bbox 2010 5692 3720 5782">
    <p class='ocr_par' dir='ltr' id='par_1_110' title="bbox 2070 5694 3720 5770">
     <span class='ocr_line' id='line_1_110' title="bbox 2070 5694 3720 5770; baseline 0.001 -20"><span class='ocrx_word' id='word_1_788' title='bbox 2070 5694 2183 5750; x_wconf 90' lang='lat' dir='ltr'>mis</span> <span class='ocrx_word' id='word_1_789' title='bbox 2229 5695 2484 5766; x_wconf 82' lang='lat' dir='ltr'>perfecta</span> <span class='ocrx_word' id='word_1_790' title='bbox 2530 5695 2626 5763; x_wconf 91' lang='lat' dir='ltr'>sit,</span> <span class='ocrx_word' id='word_1_791' title='bbox 2680 5711 2794 5750; x_wconf 92' lang='lat' dir='ltr'>non</span> <span class='ocrx_word' id='word_1_792' title='bbox 2845 5701 2974 5769; x_wconf 90' lang='lat' dir='ltr'>eget</span> <span class='ocrx_word' id='word_1_793' title='bbox 3021 5699 3346 5770; x_wconf 86' lang='lat' dir='ltr'>expositorc</span> <span class='ocrx_word' id='word_1_794' title='bbox 3397 5698 3613 5769; x_wconf 87' lang='lat' dir='ltr'>aliquo,</span> <span class='ocrx_word' id='word_1_795' title='bbox 3657 5703 3720 5752; x_wconf 87' lang='lat' dir='ltr'>ut</span> 
     </span>
    </p>
   </div>
   <div class='ocr_carea' id='block_1_111' title="bbox 264 5781 1896 5873">
    <p class='ocr_par' dir='ltr' id='par_1_111' title="bbox 264 5781 1896 5869">
     <span class='ocr_line' id='line_1_111' title="bbox 264 5781 1896 5869; baseline -0.01 -20"><span class='ocrx_word' id='word_1_796' title='bbox 264 5790 552 5869; x_wconf 74' lang='grc' dir='ltr'>δεχθῆναι</span> <span class='ocrx_word' id='word_1_797' title='bbox 613 5785 766 5861; x_wconf 72' lang='grc' dir='ltr'>(οὕτε</span> <span class='ocrx_word' id='word_1_798' title='bbox 815 5785 918 5863; x_wconf 75' lang='grc' dir='ltr'>γὰρ</span> <span class='ocrx_word' id='word_1_799' title='bbox 976 5781 1213 5859; x_wconf 83' lang='grc' dir='ltr'>ἡλιακοῦ</span> <span class='ocrx_word' id='word_1_800' title='bbox 1267 5783 1470 5867; x_wconf 83' lang='grc' dir='ltr'>φωτὸς,</span> <span class='ocrx_word' id='word_1_801' title='bbox 1502 5785 1576 5848; x_wconf 88' lang='grc' dir='ltr'>ὡς</span> <span class='ocrx_word' id='word_1_802' title='bbox 1633 5781 1716 5857; x_wconf 67' lang='grc' dir='ltr'>εἴη</span> <span class='ocrx_word' id='word_1_803' title='bbox 1763 5785 1896 5867; x_wconf 72' lang='grc' dir='ltr'>φώτι</span> 
     </span>
    </p>
   </div>
   <div class='ocr_carea' id='block_1_112' title="bbox 2010 5781 3718 5873">
    <p class='ocr_par' dir='ltr' id='par_1_112' title="bbox 2071 5783 3718 5873">
     <span class='ocr_line' id='line_1_112' title="bbox 2071 5783 3718 5873; baseline 0.004 -32"><span class='ocrx_word' id='word_1_804' title='bbox 2071 5784 2248 5857; x_wconf 87' lang='lat' dir='ltr'>recipi</span> <span class='ocrx_word' id='word_1_805' title='bbox 2282 5784 2486 5857; x_wconf 87' lang='lat' dir='ltr'>possit.</span> <span class='ocrx_word' id='word_1_806' title='bbox 2519 5783 2679 5846; x_wconf 86' lang='lat' dir='ltr'>Sicut</span> <span class='ocrx_word' id='word_1_807' title='bbox 2707 5785 2864 5842; x_wconf 89' lang='lat' dir='ltr'>enim</span> <span class='ocrx_word' id='word_1_808' title='bbox 2911 5803 3027 5843; x_wconf 89' lang='lat' dir='ltr'>non</span> <span class='ocrx_word' id='word_1_809' title='bbox 3078 5793 3418 5873; x_wconf 80' lang='lat' dir='ltr'>exspectant</span> <span class='ocrx_word' id='word_1_810' title='bbox 3450 5789 3718 5847; x_wconf 79' lang='lat' dir='ltr'>homines</span> 
     </span>
    </p>
   </div>
  </div>
