4108 6428
1526 463 1843 532 GEORGII
1887 455 2152 522 CYPRII
2195 453 2314 516 cp.
2354 429 2890 514 'pATa'IAacHzE

3755 418 3866 502 Μ,

505 623 750 686 luminis
769 615 976 677 solaris
992 606 1376 685 cognoscendi
1395 597 1977 675 magistrum,utpote
1997 588 2153 662 quod
2182 620 2194 653 λ

2305 583 2513 636 πάντων
2561 580 2970 652 λαμπροτατον,
3010 568 3212 644 ’ἔξωθεν
3261 565 3578 624 διδάσκαλον
3617 565 3871 641 ἀναμενο-

2423 667 2447 686 ν
2490 681 2506 686 -
2732 685 2739 686 ,
2827 661 2854 686 Ἰ
2893 665 2905 685 ν
2960 661 3018 686 ur
3066 660 3184 686 _-_!
3233 661 3333 686 ...⁸3-
3385 655 3538 686 --πὲ-
3585 655 3846 686 δεμ-έιυι-

509 718 806 775 luminum
864 705 1131 762 omnium
1179 703 1264 754 est
1313 693 1748 756 clarissimum;
1797 685 1880 740 ita
1928 697 2030 736 nec
2086 678 2156 732 de

509 806 684 864 istius
715 798 998 862 claritate,
1035 796 1099 847 ut
1143 805 1270 860 quas
1319 797 1650 840 sermonem
1681 790 1914 833 omnem
1947 767 2160 841 cogita-

788 856 1051 949 excellat,
1075 856 1297 948 indiget
1327 873 1459 946 quis
1489 867 1724 926 aliunde
1756 859 1969 920 doceri.
1994 856 2160 922 Quod

741 977 851 1034 erit
899 947 1084 1046 opera:
1155 947 1223 1021 in,
1265 963 1483 1020 talibus
1554 955 1837 1031 ponendae
1881 947 2159 1023 pretium,

516 1035 752 1145 qpuando
801 1035 1056 1133 congrue
1106 1054 1512 1111 omitterentur
1562 1045 1685 1113 illa,
1717 1057 1846 1113 quas
1895 1035 2032 1100 dixi,
2064 1048 2162 1088 ex-

1551 1135 1583 1145 ..
1932 1124 2136 1145 ___L___

522 1124 632 1145 γη
913 1124 947 1133 υ

514 1166 704 1226 terna,
737 1153 853 1211 nisi
883 1149 1131 1207 aliorum
1173 1155 1408 1214 quoque
1439 1135 1682 1193 auribus
1712 1127 1896 1188 oratio
1927 1124 2162 1181 subser-

515 1251 667 1308 viret
689 1248 717 1302 ?

589 1360 643 1413 4.
672 1355 734 1412 Si
763 1356 959 1408 tamen
991 1342 1138 1402 tanti
1169 1338 1366 1397 Sancti
1397 1333 1648 1408 patriam
1689 1326 1929 1386 omnino
1956 1320 2168 1378 vellem

518 1451 581 1505 in
611 1455 942 1503 sermonem
981 1435 1280 1498 inducere,
1312 1423 1523 1482 ccelum
1573 1420 1775 1491 utique
1804 1414 2166 1478 inducerem,

521 1537 750 1594 felicem
780 1529 943 1585 illam
974 1528 1031 1581 et
1057 1513 1602 1578 incommutabilem
1633 1508 1954 1582 regionem,
1988 1514 2170 1572 ange-

521 1628 736 1689 lorum,
771 1620 1035 1689 inquam,
1081 1609 1328 1683 patriam
1363 1622 1376 1660 :
1408 1619 1514 1659 nec
1546 1599 1703 1656 enim
1747 1595 1921 1653 aliam
1950 1593 2011 1647 in
2041 1591 2170 1662 ipso

519 1715 759 1772 laudare
809 1703 1099 1769 convenit,
1128 1697 1230 1772 qui
1264 1697 1420 1751 istuc
1468 1685 1970 1746 conversationem
2000 1695 2171 1735 suam

522 1798 965 1860 immaculatam
987 1791 1072 1847 sic
1091 1783 1490 1847 transtulerat,
1505 1783 1570 1834 ut
1589 1791 1779 1848 neque
1802 1787 2011 1846 parum
2029 1766 2171 1840 quid

522 1893 740 1948 distare
772 1888 845 1942 ab
875 1879 1099 1954 angelis
1130 1876 1445 1933 videretur.
1469 1865 1754 1934 Quoniam
1787 1858 2174 1918 nihilominus

2270 692 2362 745 μεν
2417 667 2694 746 ἄνθρωποι
2728 685 2742 698 ·
2794 661 2905 720 οὔτ’
2953 661 3019 716 αὗ
3063 660 3188 736 περὶ
3232 661 3333 729 τῆς
3385 655 3541 712 τοῦδε
3585 655 3874 731 λαμπρότηφ

2264 782 2380 832 τος,
2431 745 2525 820 ὡς
2552 755 2635 828 εἷή
2687 754 2848 832 λόγον
2905 746 3323 826 ὑπερϐάλλουσα
3369 747 3460 803 καὶ
3503 745 3748 820 διάνοιαν,
3785 750 3880 817 ’ζη-

2265 851 2418 920 τήσει
2473 869 2557 910 τις
2614 843 2868 922 έτέρωθεν
2929 838 3300 916 διδαχθῆναι)·
3357 837 3412 892 τί
3460 834 3646 891 λοιπὸν
3703 834 3879 903 έκτῆς

2269 935 2580 1016 περιεργίας
2611 933 2673 990 τὸ
2703 920 2926 1010 κέρδος,
2975 927 3117 984 ὥστε
3161 925 3462 1016 παρέλιπον
3512 925 3568 980 ἂν
3600 922 3728 1000 ἅπερ
3769 920 3879 1000 ἔφην

2273 1009 2522 1098 δεόντως,
2573 1021 2723 1100 εἷ’περ
2779 1022 2855 1096 μή
2900 1019 3090 1081 ἀκοαῖς
3129 1018 3157 1072 6
3207 1014 3375 1090 λόγος
3415 1012 3722 1091 ἀλλοτρίαις
3747 1009 3884 1067 ἐδού-

2273 1115 2426 1172 λευεν
2463 1135 2477 1186 ;

2349 1309 2413 1371 δ’,
2462 1310 2529 1366 Ei
2555 1304 2792 1386 πατρίδα
2835 1303 2973 1369 τέως
3023 1301 3255 1379 εἰσάγειν
3302 1305 3400 1357 τοῦ
3427 1297 3682 1376 τοσούτου
3709 1292 3889 1374 βουλό-

2283 1421 2442 1476 μενος
2477 1447 2492 1474 ,
2546 1399 2639 1454 τὸν
2668 1372 2677 1386 .
2709 1395 2934 1472 οὐρανὸν
2994 1372 3283 1469 εἰσήγαγον
3339 1390 3423 1461 ἂν,
3480 1389 3577 1457 τήν
3619 1372 3886 1460 ἀνώλεθρον

2277 1470 2367 1546 καὶ
2419 1470 2717 1562 εὐδαίμονα
2760 1470 3059 1556 κατοικίαν,
3107 1481 3208 1551 τὴν
3251 1484 3360 1535 τῶν
3392 1475 3634 1555 ἀγγέλων
3663 1470 3890 1550 πατρίδα-

2281 1577 2406 1636 οὐδὲ
2459 1579 2560 1654 γὰρ
2619 1573 2796 1646 ἄλλην
2869 1572 3012 1633 εἰκὸς
3085 1567 3436 1648 ἐπιφημίζειν
3507 1565 3650 1638 αύτῷ
3681 1606 3695 1633 ,
3749 1562 3894 1618 ἐκεῖσε

2285 1647 2631 1744 μεταθεμένῳ
2673 1666 2918 1740 καθαρῶς
2964 1662 3028 1716 τὸ
3076 1647 3406 1732 πολίτευμα,
3456 1655 3545 1710 καὶ
3579 1649 3713 1728 μηδὲ
3743 1647 3893 1728 βραχύ

2279 1782 2330 1815 τι
2389 1758 2517 1833 παρ’
2575 1752 2841 1832 ἀγγέλους
2905 1749 3285 1824 ήλαττωμένῳ
3320 1791 3334 1804 .
3389 1745 3540 1801 Ἐπεὶ
3611 1739 3666 1798 δὲ
3730 1741 3896 1799 πάντες

2284 1844 2478 1925 σχεδὸν
2531 1843 2622 1900 καὶ
2673 1843 2772 1911 τήν
2822 1842 2970 1896 κάτω
2999 1835 3288 1914 παροικίαν
3335 1835 3667 1906 ἐπιζητοῦσι,
3693 1830 3776 1885 καὶ
3826 1827 3901 1881 τὸν

523 1910 740 1948 σιειᾶτο
772 1910 845 1942 uu
875 1910 1099 1954 ᾶιιὸῦιιθ
1137 1910 1445 1933 νιυυιυυιμο
1471 1910 1754 1934 gum”...—
1788 1910 2122 1918 ..η---η-ηη
2158 1910 2167 1912 ἡ

523 1996 730 2038 omnes
762 1977 880 2031 fere
926 1987 1056 2026 eam
1088 1979 1321 2040 quoque
1368 1958 1698 2031 requirunt,
1731 1969 1858 2024 quas
1909 1951 1971 2004 in
2001 1945 2174 2003 terris

2305 1934 2444 2010 \(SYOV
2480 1931 2718 1987 ἐντεῦθεν
2767 1910 3098 2004 ὡρμημένον
3151 1923 3325 1985 οὕτως
3373 1919 3486 1994 ὁδῷ
3531 1923 3730 1996 χωρεῖν
3757 1910 3905 1990 ἀξιόῦ-

2396 2022 2411 2040 s
2463 2020 2480 2040 ε
2554 2021 2568 2040 ς
2723 2017 2841 2040 μη-
2889 2015 2994 2040 ξιξ--
3048 2015 3225 2040 ,Αιηηη
3271 2013 3360 2040 --.Α
3410 2010 3540 2040 ..εξ--
3619 2009 3675 2040 ...κ
3735 1995 3905 2040 ,εηὶιωρ

525 2067 820 2128 nascendo
849 2061 1150 2118 obtinetur
1175 2080 1192 2123 ς
1224 2056 1279 2109 et
1309 2048 1602 2106 aestimant
1638 2054 1971 2100 sermonem
2003 2037 2076 2092 ab
2106 2051 2175 2090 ea

527 2162 771 2217 ductum
803 2169 912 2210 sua
939 2149 1024 2204 ire
1051 2145 1144 2201 via
1175 2122 1189 2198 ὲ
1223 2142 1348 2197 haec
1377 2137 1554 2194 etiam
1599 2132 1652 2190 ei
1680 2131 1791 2187 fuit
1818 2128 1978 2185 haud
2009 2122 2175 2181 facile

528 2247 806 2318 cuiquam
835 2237 1001 2296 alteri
1041 2248 1282 2291 cessura
1328 2229 1388 2282 in
1419 2224 1702 2290 claritate,
1735 2223 1793 2276 et
1840 2232 2017 2289 quam
2051 2213 2178 2270 sine

529 2336 719 2393 multa
750 2326 1135 2388 admiratione
1169 2337 1272 2376 nec
1303 2329 1640 2390 percurrere
1695 2307 1886 2365 valeat
1935 2302 2174 2375 aliquis.

530 2423 943 2497 Cappadocum
989 2414 1147 2471 enim
1193 2407 1512 2482 regionem,
1546 2417 1671 2473 quea
1713 2399 1994 2454 Sanctum
2023 2392 2182 2448 hunc

529 2483 688 2579 tulit,
721 2509 927 2566 merito
961 2503 1197 2576 quidem
1227 2494 1481 2554 laudarit
1521 2486 1818 2563 quispiam
1849 2501 1918 2549 ex
1947 2483 2058 2538 hoc
2087 2496 2183 2537 ca-

531 2570 686 2679 ῥὶιθζ
705 2599 857 2672 quod
907 2570 1087 2652 situm
1139 2592 1309 2646 nacta
1350 2586 1767 2657 opportunum,
1821 2579 1879 2630 et
1924 2590 1959 2629 a
2004 2570 2184 2627 conﬁ-

533 2695 698 2752 nium
731 2689 1038 2763 regionum
1061 2681 1252 2738 aliena
1284 2671 1642 2736 excessibus,
1663 2667 1817 2723 valet
1847 2665 1918 2719 ad
1949 2676 2183 2718 omnem

535 2782 891 2859 genituram,
924 2773 1225 2847 proferens
1276 2760 1675 2838 pulcherrima
1723 2767 1970 2828 quaeque
2019 2754 2188 2806 terrae

1173 2858 1179 2859 ,
1638 2849 1653 2859 ,
2121 2837 2184 2859 Α,

544 2837 801 2948 Dgemina,
833 2867 1013 2936 idque
1040 2837 1293 2916 minime
1332 2867 1523 2926 parce,
1557 2849 1657 2904 sed
1690 2859 1868 2918 quam
1899 2839 2089 2897 multa
2118 2837 2189 2893 ad

542 2929 723 3020 vitam
771 2958 1094 3013 humanam
1142 2944 1497 3003 conducunt.
1543 2935 1738 2994 Nihilo
1791 2931 1989 2988 minus
2029 2929 2192 3000 juste

545 3067 677 3108 eam
719 3037 1212 3105 commendaverit
1257 3029 1492 3102 aliquis,
1527 3025 1682 3098 quod
1728 3020 1950 3077 incolas
1979 3018 2196 3074 habeat

547 3142 620 3197 ab
651 3135 876 3207 origine
905 3136 1158 3192 Graecos,
1189 3137 1375 3196 genus
1417 3116 1726 3173 hominum
1757 3108 2039 3183 peculiari
2071 3105 2195 3179 pol-

544 3196 673 3284 lens
706 3196 936 3280 dicendi
985 3214 1282 3280 facultate,
1314 3212 1372 3265 et
1417 3207 1652 3279 propter
1699 3198 2038 3258 continuam
2069 3196 2196 3266 ejus

547 3317 631 3374 rei
673 3308 1171 3370 exercitationem,
1199 3298 1430 3373 egregie
1479 3307 1694 3350 ornans
1741 3291 1990 3345 matrem
2021 3287 2195 3343 natu-

548 3422 698 3473 ram,
721 3399 1033 3474 ipsiusmet
1061 3393 1208 3448 ﬁnes
1247 3379 1762 3457 supergrediendo.
1795 3377 1906 3433 Sed
1929 3392 2045 3431 non
2072 3379 2194 3430 tam

549 3497 661 3552 hoc
690 3489 956 3548 omnium
988 3485 1115 3554 ejus
1166 3481 1444 3535 decorum
1479 3465 2034 3546 praestantissimum
2066 3463 2200 3536 quis

554 3551 783 3646 dixerit,
815 3590 994 3649 quam
1025 3551 1180 3642 quod
1227 3563 1462 3638 pietatis
1512 3558 1959 3613 fundamentum
1990 3551 2206 3607 habeat

554 3689 671 3745 pra:
699 3640 921 3724 caeteris
953 3640 1226 3724 solidum,
1258 3653 1416 3709 unde
1463 3653 1522 3705 et
1551 3651 1877 3718 martyrum
1928 3646 1986 3698 et
2021 3640 2206 3711 magi-

558 3766 813 3817 strorum
844 3749 1104 3808 veritatis
1136 3745 1414 3801 consueto
1463 3751 1699 3808 semper
1725 3731 2046 3790 abundavit
2075 3745 2208 3801 pro-

557 3853 736 3905 ventu
778 3842 991 3901 etenim
1024 3832 1312 3909 superiori
1362 3833 1548 3896 aetate,
1582 3842 1717 3881 cum
1771 3820 2211 3895 persecutiones

562 3939 866 4004 ferverent,
901 3928 1063 3986 nulla
1091 3907 1290 3998 plures
1338 3923 1439 3974 aut
1468 3913 1815 3971 illustriores
1847 3908 2074 3983 pugiles
2105 3907 2214 3963 ob-

555 4027 699 4101 jecit
743 4020 966 4086 errori;
1001 4020 1202 4089 postea
1250 4013 1466 4075 autem,
1512 4021 1647 4061 cum
1691 4001 1863 4057 turbo
1915 4000 2214 4053 haareseon

566 4113 932 4177 incubuit,et
959 4111 1082 4162 tota
1111 4117 1257 4175 pene
1286 4096 1544 4155 Ecclesia
1572 4093 1762 4149 eidem
1793 4091 2102 4146 timeretur
2125 4084 2215 4139 in-

563 4203 885 4266 volvenda;
920 4195 1045 4252 sola
1088 4194 1240 4247 inter
1268 4204 1474 4244 omnes
1517 4188 1574 4241 et
1604 4197 1786 4254 supra
1831 4193 2034 4234 omnes
2065 4173 2216 4230 exci-

561 4301 695 4350 tans
716 4263 1050 4347 communis
1069 4281 1205 4337 fidei
1229 4279 1714 4351 propugnatores,
1735 4286 1838 4342 per
1853 4269 2014 4339 ipsos
2035 4263 2217 4320 totius

559 4380 818 4439 universi
866 4371 1315 4431 inundationem
1371 4361 1667 4436 repressit.
1729 4358 1867 4421 Quae
1915 4370 2048 4410 cum
2099 4351 2220 4408 sint

560 4469 856 4545 praeclara,
892 4461 1186 4536 quomodo
1220 4473 1336 4512 non
1388 4452 1619 4525 possint
1670 4447 1834 4502 illam
1864 4460 1982 4499 non
2011 4442 2219 4496 idonce

562 4573 840 4616 exornare
860 4555 888 4609 ?
921 4551 1188 4607 Laudum
1213 4552 1413 4600 tamen
1436 4541 1607 4610 cujus
1637 4535 1903 4593 omnium
1924 4530 2220 4604 praecipua

564 4657 622 4704 et
672 4645 981 4702 universus
1033 4634 1248 4710 speciei
1296 4634 1538 4688 ornatus
1585 4628 1636 4682 is
1668 4628 1776 4693 est,
1827 4637 2003 4695 quem
2043 4618 2219 4675 modo

565 4732 1004 4808 praedicandum
1035 4721 1436 4794 suscepimus.

638 4845 692 4897 5.
726 4840 892 4895 Nunc
922 4850 1056 4889 vero
1087 4847 1223 4886 cum
1255 4828 1326 4884 ad
1357 4823 1606 4898 gloriam
1623 4820 1886 4876 conferre
1915 4817 2152 4885 ducam,
2172 4813 2222 4871 si

570 4931 669 5003 qui
700 4930 967 5001 parentes
995 4918 1221 4986 habuit,
1245 4916 1483 4973 eosdem
1515 4909 1691 4966 fuerit
1715 4907 2059 4973 aemulatus;
2093 4921 2224 4976 pro-

569 5034 784 5092 ponere
814 5011 1082 5071 convenit
1126 5007 1284 5080 quod
1330 5005 1458 5074 ejus
1488 5000 1784 5072 genitores
1833 4995 2058 5051 nobiles
2089 4993 2220 5066 qui-

570 5082 702 5163 dem
735 5105 950 5161 fuerint
977 5114 1204 5173 genere,
1240 5094 1340 5150 sed
1383 5089 1698 5147 nobiliores
1737 5085 1981 5158 pietate;
2007 5082 2219 5154 opibus

566 5172 1013 5252 transeuntibus
1033 5186 1262 5244 divites.
1280 5183 1379 5239 sed
1404 5177 1783 5236 manentibus
1801 5172 2216 5246 opulentiores,

567 5289 711 5342 dum
743 5279 1052 5356 praesentia
1076 5280 1234 5333 recta
1264 5267 1653 5342 dispergendo
1683 5267 1884 5320 futura
1915 5261 2027 5317 sibi
2058 5276 2217 5316 com-

564 5377 869 5447 pararunt.
901 5370 983 5424 Ex
1028 5367 1122 5421 his
1153 5367 1316 5435 pater
1359 5377 1477 5414 sua:
1505 5355 1830 5412 secundum
1861 5353 2047 5406 Deum
2079 5365 2215 5405 con-

560 5460 906 5518 versationis
930 5458 1174 5527 adeptus
1193 5455 1282 5507 est
1312 5447 1640 5520 praemium,
1665 5443 1821 5515 quod
1843 5441 2024 5496 vitam
2058 5455 2214 5493 mar-

560 5558 653 5623 tyr
683 5545 1111 5607 consummavit
1145 5560 1156 5597 :
1193 5545 1381 5596 mater
1419 5553 1576 5602 vero,
1610 5550 1779 5605 pares
1810 5531 1934 5586 viro
1966 5545 2213 5584 coronas

563 5643 896 5703 consecuta,
966 5635 1305 5688 incruentas
1363 5631 1583 5692 tamen,
1633 5621 1900 5677 eamdem
1973 5617 2213 5690 quidem

563 5745 741 5801 quam
759 5727 846 5787 vir
865 5719 1231 5782 suushabuit
1245 5711 1705 5780 voluntatem,ad
1728 5723 1991 5783 pugnam
2014 5710 2211 5763 autem

563 5820 837 5878 admissa
868 5832 986 5875 non
1032 5815 1142 5882 est,
1191 5801 1563 5874 imbecilliori
1617 5799 1781 5859 sexui
1830 5795 2209 5872 parcentibus

2251 4711 2299 4776 D

2282 2044 2364 2079 σιν
2393 2020 2481 2077 ἐπὶ
2512 2021 2579 2076 τὰ
2631 1995 2999 2096 πρόσω-’.ἔστι
3046 2015 3225 2070 τοίνυν
3271 2013 3360 2068 καὶ
3408 1995 3570 2080 αὕτη,
3617 1995 3677 2064 οὗ
3733 1995 3905 2084 ῥᾳδίως

2283 2111 2438 2190 ἑτέρᾳ
2493 2117 2595 2180 τῆς
2653 2091 2959 2186 ἐπιφανείας
3015 2106 3428 2181 παραχωροῦσα
3461 2148 3478 2175 ,
3536 2095 3647 2155 οὐδ’
3704 2097 3786 2152 οἷα
3832 2091 3907 2147 καὶ

2285 2185 2659 2279 παραδραμεῖν
2741 2185 2906 2266 αὐτὴν
2965 2215 3090 2249 τινα
3149 2194 3224 2267 μή
3285 2185 3906 2270 σφόδραθαυμάζοντα.

2284 2273 2394 2361 Τῆς
2441 2273 2814 2344 Καππαδοκῶν
2860 2285 3071 2360 χώρας,
3121 2279 3158 2352 ἤ
3205 2281 3297 2336 τὸν
3328 2283 3585 2335 τοσοῦτον
3634 2273 3904 2348 ἐξήνεγκεν,

2292 2379 2559 2437 ἐπαινέσοι
2591 2377 2684 2452 μὲν
2713 2373 2773 2430 ἄν
2818 2395 2921 2444 τις,
2965 2371 3054 2427 καὶ
3100 2374 3262 2427 τοῦτο
3313 2367 3560 2439 δικαίως,
3610 2363 3692 2420 ὅτι
3734 2363 3904 2421 θέσεως

2291 2469 2544 2545 λαχοῦσα
2593 2465 2868 2544 εὐκαίρου,
2913 2462 3002 2518 καὶ
3049 2462 3148 2523 τὰς
3192 2464 3300 2515 τῶν
3347 2460 3602 2535 ὁρώντων
3637 2446 3910 2530 ὑπερϐολὰς

2295 2558 2696 2638 διαφεύγουσα,
2751 2534 2980 2631 ’ἔρρωτο
3033 2550 3172 2628 πρὸς
3248 2534 3458 2610 ἁπάσας
3512 2545 3672 2622 γονᾶς
3721 2541 3755 2596 ἃ
3802 2534 3914 2594 κᾶλ-

2296 2649 2457 2706 λιστα
2529 2653 2634 2722 γῆς
2711 2643 2822 2699 ἐστι
2890 2643 3203 2716 γεννήματα
3251 2684 3265 2710 ,
3334 2639 3427 2692 καὶ
3508 2634 3707 2714 ἄφθονα
3773 2628 3920 2684 πάντα

2297 2740 2552 2816 προῗσχει
2610 2733 2782 2791 ὁπόσα
2838 2731 2974 2809 πρὸς
3020 2729 3113 2784 τὸν
3171 2726 3516 2804 ἀνθρώπινον
3588 2722 3700 2800 βίον
3753 2716 3919 2774 τελεῖ’

2300 2803 2569 2885 ἐπαινέσαι
2630 2822 2676 2879 δ’
2735 2821 2842 2899 οὐχ
2877 2803 3083 2892 Ἵῆττον,
3144 2815 3228 2872 ὅτι
3274 2803 3366 2872 καὶ
3428 2815 3714 2889 οἰκήτορας
3779 2803 3920 2884 ἐφάνη

2301 2918 2657 2987 πλουτήσασα
2707 2913 2770 2967 τὸ
2829 2910 3074 2965 ἀνέκαθεν
3134 2905 3443 2979 Ἕλληνας,
3499 2903 3653 2980 γένος
3710 2899 3926 2976 aeuum-

2308 3009 2464 3083 μένον
2517 3007 2587 3078 τῇ
2645 3007 2751 3057 τῶν
2812 2999 2994 3076 λόγων
3025 2995 3201 3076 φύσει,
3252 2994 3342 3050 καὶ
3395 2992 3488 3050 διὰ
3529 2994 3625 3062 τήν
3667 2991 3717 3046 έν
3741 2985 3926 3043 τούτοις

2305 3098 2395 3153 καὶ
2458 3094 2591 3169 μετά
2645 3089 2852 3146 τούτων
2907 3087 3122 3170 κίνησιν
3177 3084 3269 3140 καὶ
3331 3085 3478 3155 ζωήν
3506 3127 3522 3155 ,
3575 3083 3674 3151 τήν
3751 3073 3930 3154 μητέρα

2307 3187 2462 3267 φύσιν
2515 3184 2583 3240 τὰ
2638 3180 2820 3236 εἰκότα
2870 3157 3169 3251 τετιμηκὸς
3223 3178 3304 3248 τῷ
3362 3178 3464 3229 τοῦ
3541 3171 3698 3249 ὅρους
3753 3157 3929 3222 ἐπιϐε-

2320 3247 2331 3267 .
2993 3247 3002 3251 _
3058 3247 3064 3248 ,

2308 3273 2538 3331 ϐαιῶσαι
2590 3271 2749 3344 αὐτῇ.
2813 3267 2886 3323 Οὐ
2942 3267 3048 3342 μὴν
3098 3263 3156 3320 δὲ
3200 3267 3464 3320 τοσοῦτον
3514 3247 3690 3333 ἀξίως,
3745 3256 3856 3312 ὅσον
3894 3247 3931 3304 εἷ

2227 3337 2271 3404 C
2306 3365 2397 3422 xui
2455 3357 2725 3422 εὐσεϐείας
2783 3356 2978 3435 ἔδαφος
3037 3353 3256 3431 λέγοιτο
3287 3397 3308 3427 ,
3366 3351 3586 3408 πάντων
3665 3348 3790 3420 αὐτῇ
3841 3343 3930 3394 τῶν

2312 3452 2497 3511 ἄλλων
2553 3430 2980 3522 ἐπισημότατον,
3035 3430 3127 3499 xui
3180 3446 3356 3498 τελεῖν
3426 3441 3522 3516 μὲν
3579 3439 3712 3512 αὐτῇ
3750 3430 3929 3501 συνήθη

2311 3547 2410 3614 τὴν
2444 3545 2553 3598 τῶν
2612 3513 2898 3616 μαρτύρων
2941 3513 3042 3606 τῆς
3085 3531 3342 3603 ἀληθείας
3403 3513 3595 3610 ερορᾶν,
3649 3524 3834 3595 συνήθη
3889 3513 3934 3570 δὲ

2313 3634 2404 3689 καὶ
2431 3633 2530 3702 τήν
2581 3633 2687 3684 τῶν
2734 3623 3097 3682 διδασκάλων.
3146 3621 3234 3676 Ἐν
3279 3620 3381 3697 γὰρ
3418 3609 3550 3682 τοῖς
3599 3616 3709 3673 ἂνω
3751 3609 3933 3686 καιροῖς

2314 3727 2422 3778 τῶν
2454 3718 2712 3794 διωγμῶν
2765 3712 3141 3788 ἀκμαζόντων,
3193 3695 3388 3764 οὔκουν
3446 3706 3594 3778 ἄλλη
3642 3725 3724 3766 τις
3751 3695 3942 3757 πλείους

2318 3811 2354 3882 ἤ
2405 3805 2823 3886 λαμπροτέρους
2881 3799 3180 3879 ἀγωνιστὰς
3211 3799 3350 3854 κατά
3393 3801 3504 3868 ’τῆς
3552 3794 3764 3863 πλάνης
3809 3779 3947 3862 πρού-

2322 3897 2579 3956 ϐάλλετο·
2635 3896 2731 3951 κάν
2787 3898 2904 3956 τοῖς
2958 3891 3093 3965 μετὰ
3136 3892 3305 3944 ταῦτα
3353 3884 3414 3941 δὲ
3457 3886 3684 3964 χρόνοις
3727 3883 3818 3936 τοῦ
3859 3875 3948 3928 τῶν

2324 3991 2580 4064 αἱρέσεων
2633 3982 2919 4044 κλύδωνος
2960 3961 3238 4052 έπιόντος,
3287 3975 3377 4032 καὶ
3420 3961 3595 4031 πάσαν
3657 3961 3817 4046 ἄρδην
3858 3963 3955 4018 ἘΑ-

2324 4051 2556 4150 κλησίαν
2646 4071 2998 4132 ἀπειλοῦντος
3059 4068 3208 4131 ἐντὸς
3297 4064 3764 4140 καταλήψεσθαι,
3843 4051 3958 4128 μόνη

2324 4174 2433 4224 τῶν
2493 4163 2681 4222 ἄλλων
2717 4161 2808 4218 καὶ
2856 4160 2990 4236 ὑπὲρ
3027 4162 3138 4214 τῶν
3182 4153 3370 4212 ἄλλων
3427 4155 3560 4216 τοὺς
3615 4146 3820 4208 κοινοὺς
3869 4140 3961 4196 ἀνι·

2329 4263 2508 4314 στῶσα
2561 4249 2897 4327 προϐόλους,
2955 4232 3008 4304 έν
3083 4245 3268 4308 αὐτοῖς
3333 4233 3439 4314 τὴν
3501 4250 3605 4314 τῆς
3661 4232 3959 4307 οἰκουμένης

2330 4323 2614 4404 ἐπίκλυσιν
2645 4343 2982 4418 περιέθραυε.
3031 4337 3131 4392 Καὶ
3178 4335 3411 4412 λαμπρᾶ
3463 4335 3560 4409 μὲν
3610 4331 3772 4399 αὐτῆς
3817 4323 3959 4418 ταῦτα

2333 4401 2465 4404 *μηνί
2718 4401 2726 4418 Ι
2836 4401 2846 4418 Ι
3256 4401 3266 4409 -
3342 4401 3351 4412 I
3464 4401 3475 4409 υ

2327 4438 2419 4493 xui
2469 4436 2722 4495 ἐπιεικῶς
2777 4430 2894 4507 ἔχει
2947 4431 3194 4502 κοσμεῖν·
3253 4428 3374 4487 πῶς
3431 4426 3537 4501 γὰρ
3597 4419 3658 4477 οὕ
3692 4411 3872 4490 ςάλλὰ
3908 4401 3958 4459 τό

2327 4549 2387 4604 γε
2438 4521 2732 4604 κεφάλαιον
2775 4496 2884 4576 των
2935 4496 3169 4574 ἐπαίνων
3227 4514 3320 4570 καὶ
3367 4514 3400 4568 ’ὁ
3441 4496 3662 4588 σύμπας
3701 4513 3802 4577 τῆς
3829 4496 3960 4580 φιλο·

2327 4601 2524 4690 τιμίας
2543 4612 2751 4686 κόσμος
2782 4610 2811 4664 ὁ
2839 4612 2933 4664 νῦν
2962 4606 3103 4662 ἐστιν
3132 4601 3579 4683 εὐφημούμενος.

2403 4815 2461 4870 ε’.
2521 4809 2773 4887 Πατέρων
2831 4807 2924 4882 μὲν
2973 4798 3284 4882 γενόμενοι,
3334 4800 3427 4855 καὶ
3459 4800 3774 4873 ἀποχρῆναι
3805 4773 3964 4842 αὐτοῖς

3544 4886 3548 4887 ν
3707 4885 3734 4887 --
3952 4866 3964 4887 ἱ

2333 4903 2409 4966 εἷς
2443 4866 2762 4980 φιλοτιμίαν
2795 4866 3034 4973 ἥγημαι,
3085 4866 3167 4947 ότι
3214 4866 3376 4945 τοῦδε
3417 4866 3650 4962 πατέρες
3695 4885 3842 4951 ἦσαν’
3869 4866 3967 4930 νυνῖ

3192 4979 3195 4980 ,
3292 4979 3299 4980 ,
3591 4976 3602 4980 _
3747 4971 3758 4980 ,
3903 4959 3938 4980 ,ν

2396 4959 2407 4966 ’
2456 4959 2465 4980 Δ
2637 4959 2648 4974 I
2821 4959 2830 4966 '
2851 4959 2861 4973 ι
2896 4959 2928 4969 'l
3019 4959 3033 4968 ν
3561 4959 3569 4962 _

2333 4989 2547 5047 δὲ’ἕστι
2600 4991 2939 5064 προσθεῖναι,
2973 4983 3056 5038 ὅτι
3115 4979 3206 5036 καὶ
3255 4979 3494 5054 εὐγενεῖς
3543 4976 3645 5044 τὴν
3696 4971 3837 5026 κάτω
3865 4959 3968 5038 γέν-

3369 5063 3377 5064 ί
3634 5061 3643 5064 λ
3720 5058 3731 5064 -
3920 5047 3932 5064 κ

2646 5047 2655 5064 ι
2760 5047 2774 5051 ν
2925 5047 2936 5055 1
3331 5047 3340 5054 υ

2329 5102 2510 5153 νησιν,
2567 5073 2923 5154 εόγενὲστεροι
2982 5069 3040 5127 δὲ
3079 5071 3179 5139 τὴν
3229 5063 3528 5137 εὐσέϐειαν,
3589 5058 3838 5118 πλούσιοι
3879 5047 3964 5116 τὴν

3897 5135 3918 5154 α
3949 5134 3964 5154 \

2341 5134 2423 5153 "I‘
2444 5134 2451 5135 ί
2497 5134 2510 5149 ι
2640 5134 2650 5154 ι
2840 5134 2848 5152 ι
3138 5134 3147 5139 -
3515 5134 3521 5137 .

2333 5170 2554 5247 ῥέουσαν
2599 5165 2795 5237 κτίσιν,
2845 5160 3248 5234 πλουσιώτεροι
3310 5157 3367 5212 δὲ
3423 5157 3525 5225 τὴν
3564 5154 3843 5229 μένουσαν,
3894 5134 3968 5192 διὰ

3386 5243 3398 5247 -
3625 5242 3635 5247 -
3770 5230 3843 5247 l“
3917 5241 3964 5247 --

2326 5263 2423 5314 τοῦ
2477 5257 2545 5312 τὰ
2607 5253 2851 5331 παρόντα
2926 5230 3233 5326 σκορπίζειν
3314 5243 3503 5306 καλῶς
3579 5242 3650 5297 τὰ
3720 5230 3966 5315 μέλλοντα

2841 5309 3036 5416 πατὴρΙ
3086 5309 3179 5413 μέν
3212 5384 3227 5410 ,
3287 5335 3452 5411 γέρας
3510 5339 3614 5402 τῆς
3670 5309 3804 5384 κατὰ
3856 5309 3966 5416 θξόν

2327 5347 2575 5403 κατακτώ
2586 5364 2733 5418 μενοι
2769 5362 2782 5376 ·

3840 5403 3967 5463 τέλει

2326 5435 2610 5497 πολιτείας
2668 5430 2963 5508 εὑράμενος
3035 5428 3098 5484 τὸ
3152 5426 3244 5482 τὸν
3310 5423 3427 5500 βίον
3501 5417 3791 5498 σφραγίσαι

2332 5522 2665 5604 μαρτυρικῷ·
2713 5497 2899 5597 μήτηρ
2939 5517 2995 5575 δὲ
3041 5522 3148 5573 τῶν
3203 5497 3332 5570 ἴσων
3379 5516 3462 5584 τῷ
3508 5497 3671 5588 ’ἀνδρὶ
3719 5497 3966 5602 στεφάνων

2332 5583 2342 5602 ι
2409 5583 2418 5604 ι
2509 5583 2518 5601 .
2619 5583 2629 5597 .
2714 5583 2788 5597 ..
2852 5583 2879 5596 ..
3437 5583 3443 5584 ,

2325 5616 2678 5691 έπιτυχοῦσα,
2739 5611 2785 5666 εἷ
2843 5609 2933 5666 καὶ
2992 5607 3322 5680 ἀναίμακτος
3378 5601 3449 5671 ἦν
3511 5583 3846 5677 στεςρανῖτις,
3882 5583 3968 5650 τὴν

2321 5705 2488 5775 αὐτὴν
2543 5703 2636 5778 μὲν
2667 5698 2974 5777 προθυμίαν
3017 5700 3097 5770 τῷ
3122 5677 3299 5771 ’ἀνδρί
3340 5690 3576 5767 ἔχουσα,
3639 5677 3973 5755 ἀποτυχοῦσα

2322 5792 2380 5852 δὲ
2408 5761 2563 5871 ὅμως
2613 5761 2722 5864 τῆς
2770 5761 3080 5863 ἀθλήσεως,
3136 5761 3253 5855 ἧς’
3289 5761 3412 5837 τού-
3436 5761 3650 5852 θήλεος
3713 5761 3971 5839 ἀσθενείας
