4108 6438
263 625 529 704 δείγματα
601 623 985 702 προδείξαντες
1055 631 1135 700 τῷ
1217 624 1442 701 παιδὶ,

261 805 498 882 αἵματος
549 805 692 881 πρὸς
746 805 847 878 τὴν
908 803 1366 883 εἷδωλολατρείαν
1423 807 1934 870 ἀντικαταστάσεως·

265 894 396 966 ἆδὴ
453 893 816 972 παρειληφὼς
865 893 1057 968 αὐτὸς,
1107 894 1289 972 ὥσπερ
1346 894 1518 952 ἄλλον
1556 896 1674 952 τινὰ
1728 896 1934 972 κλῆρον

273 989 532 1062 πατρῷον
565 1029 580 1056 ,
632 983 725 1039 καὶ
803 981 987 1047 καλῶς
1042 988 1111 1060 τῇ
1169 984 1418 1061 γεωργίᾳ
1469 990 1566 1040 τοῦ
1620 984 1935 1058 Πνεῦματος

273 1072 860 1151 προσεξεργασάμενος,
919 1073 1028 1150 οὐχ
1085 1072 1207 1130 ὅσον
1273 1074 1438 1150 μόνον
1502 1075 1576 1138 εἰς
1637 1075 1820 1130 ἑκατὸν
1884 1074 1934 1146 ἐξ

273 1164 396 1230 ἑνὸς
448 1157 712 1240 προϐῆναι
772 1163 864 1218 καὶ
919 1161 1308 1234 πληθυνθῆναι
1384 1163 1678 1235 πεποίηκεν
1714 1210 1728 1236 ,
1790 1161 1934 1218 ἀλλά

271 1273 397 1308 τινα
478 1251 642 1327 λόγον
747 1249 1044 1315 ἐπιδόσεως
1147 1248 1559 1327 ἀνυπέρϐλητον
1637 1251 1928 1323 δέξασθαι.

272 1340 454 1399 Πάντα
497 1340 626 1418 γὰρ,
657 1339 732 1408 ὥς
773 1362 858 1406 τις
908 1338 1126 1418 ἄριστος
1175 1345 1286 1397 τῶν
1332 1343 1450 1407 καθ’
1495 1342 1681 1398 ἑαυτὸν
1714 1341 1928 1401 οἰκονό-

267 1452 393 1505 μσς,
452 1430 795 1503 μετατίθεται
874 1431 1010 1506 πρὸς
1089 1429 1314 1506 οὐρανὸν
1381 1431 1486 1487 ἀπὸ
1540 1435 1650 1488 τῶν
1707 1430 1930 1495 ἐνταῦθα

256 1518 348 1578 καὶ
409 1519 864 1593 μετασκευάζεται
937 1517 1052 1576 οὐδ’
1110 1519 1276 1576 αὐτοῦ
1330 1522 1654 1598 φεισάμενος
1707 1521 1867 1594 σώμα
1896 1553 1926 1564 -

251 1629 374 1680 τος,
419 1609 503 1682 μὴ
553 1609 646 1677 καὶ
699 1613 863 1664 τοῦτο
913 1615 1330 1688 καρποφορῆσαι
1378 1614 1521 1683 Θεῷ’
1573 1611 1666 1665 καὶ
1717 1610 1746 1665 ὁ
1795 1607 1923 1685 τρό-

249 1718 384 1766 πος,
429 1698 546 1761 οἷος
581 1716 596 1768 ;
630 1696 704 1752 Οὐ
750 1697 852 1773 γὰρ
906 1697 1071 1771 μόνον
1123 1697 1193 1753 δι’
1251 1698 1469 1776 ἁγνείας
1523 1697 1921 1774 καθαρότητος,

251 1783 408 1844 ἀλλά
454 1785 550 1842 καὶ
609 1782 676 1841 δι’
730 1783 985 1860 α’ίματος,
1044 1786 1136 1842 καὶ
1186 1786 1286 1842 οὐκ
1333 1785 1453 1842 ἄνευ
1499 1790 1608 1842 τῶν
1654 1784 1919 1864 μεγίστων

248 1873 548 1946 κινδύνων.

322 1990 393 2048 ς’.
451 1981 832 2060 Ἐστρατεύετο
896 1983 991 2058 μὲν
1043 1983 1135 2040 οὗν
1193 1980 1306 2055 ἤδη
1373 1987 1453 2056 τῷ
1507 1981 1656 2039 κάτω
1713 1981 1928 2059 βασιλεῖ

245 2073 343 2128 καὶ
395 2069 768 2151 ἐδορυφόρει,
825 2071 1038 2134 νεανίας
1118 2073 1288 2150 μέγας
1365 2070 1498 2128 ἰδεῖν
1555 2073 1645 2128 καὶ
1705 2072 1876 2135 καλὸς
1910 2121 1925 2150 ,

251 2155 494 2242 φοϐερὸς
552 2158 944 2234 συμπλακῆναι
993 2204 1008 2231 ,
1065 2167 1312 2238 γενναῖος
1353 2208 1370 2229 ,
1431 2161 1871 2237 ἀκαταγώνιστος
1909 2197 1925 2224 ,

249 2251 348 2307 καὶ
397 2253 576 2305 ταῦτα
629 2251 769 2324 πρὸς
823 2249 954 2314 τοὺς
1012 2251 1330 2326 ὁρωμένους
1390 2249 1645 2326 ἐχθρούς·
1698 2247 1923 2323 δαίμοσι

250 2338 337 2409 δὲ,
399 2337 581 2416 ὥσπερ
657 2337 786 2416 δρᾷν
866 2339 944 2402 εἷς
1013 2339 1208 2404 αὐτοὺς
1281 2341 1534 2417 πεφυκὼς
1602 2340 1694 2394 καὶ
1748 2339 1921 2403 πάθος

245 2429 456 2498 ἐκεῖθεν
512 2425 577 2482 οὒ
633 2427 1014 2505 προσιέμενος,
1071 2425 1148 2484 ἔτι
1215 2427 1426 2502 μᾶλλον
1504 2424 1775 2506 ἐμϐριθὴς
1829 2426 1920 2483 καῖ

246 2520 476 2594 ἄμαχος
551 2517 644 2572 καὶ
699 2517 993 2594 ἀπρόσιτος
1027 2560 1044 2575 .
1102 2517 1282 2574 Ἀλλά
1342 2517 1722 2592 μετατάττεται
1754 2563 1770 2590 ,
1825 2519 1916 2572 καὶ

241 2608 348 2677 τὴν
417 2605 701 2682 στρατείαν
779 2605 898 2663 ἀντὶ
975 2605 1239 2682 Καίσαρος
1320 2612 1556 2663 ποιεῖται
1628 2611 1863 2684 Χριστοῦ
1898 2628 1910 2641 ο

244 2693 322 2753 ὢν
360 2695 458 2769 μὲν
492 2691 563 2764 δή
608 2695 703 2750 καὶ
749 2700 966 2771 πρῶτον
1014 2699 1270 2772 Χριστοῦ,
1323 2694 1470 2752 ἀλλὰ
1513 2700 1602 2751 νῦν
1649 2695 1910 2754 τελεώτε-

241 2805 363 2861 ρον,
397 2783 483 2840 ετι
537 2781 694 2838 οὐδὲν
745 2781 925 2840 ἐδίδου
970 2783 1165 2858 κόσμῳ
1213 2783 1340 2840 οὐδὲ
1366 2789 1446 2858 τῷ
1481 2786 1906 2862 κοσμοκράτορι,

241 2871 398 2929 ἀλλὰ
477 2874 656 2928 πάντα
740 2872 917 2952 φέρων
992 2873 1367 2950 προσανετίθει
1443 2879 1558 2947 Θεῷ
1591 2918 1605 2942 ,
1688 2873 1778 2930 ὅτε
1846 2873 1908 2929 οὐ

234 2961 500 3040 κρύπτων
579 2960 812 3018 διετέλει
881 2964 974 3018 τὸν
1042 2963 1460 3039 Χριστιανισμὸν
1522 2961 1649 3019 οὐδὲ
1701 2964 1905 3036 τρόπον

235 3054 369 3112 τινὰ
421 3051 806 3131 σοφιζόμενος,
856 3049 1004 3108 ἀλλὰ
1059 3050 1404 3126 δημοσιεύων
1450 3053 1540 3108 καὶ
1597 3053 1902 3129 παρῥησια-

240 3141 506 3215 ξάμενος.
561 3140 660 3198 Καὶ
711 3140 782 3196 τὰ
841 3141 936 3215 μὲν
994 3139 1062 3211 δὴ
1109 3141 1378 3218 προοίμια
1430 3149 1531 3212 τῆς
1595 3142 1902 3220 παρῥησίας

244 3227 431 3302 αδτῷ,
489 3230 625 3303 ὁρῶν
675 3230 767 3286 τὸν
841 3227 1086 3308 διωγμὸν
1164 3229 1346 3308 ὥσπερ
1401 3229 1683 3308 καταιγίδα
1737 3253 1838 3310 σφο
1871 3265 1900 3275 -

250 3316 406 3394 δρῶς
435 3317 746 3397 φερόμενον,
795 3318 888 3374 καὶ
938 3320 1140 3383 πάντας
1187 3317 1335 3390 πλὴν
1372 3318 1578 3396 ὀλίγων
1617 3320 1900 3394 καταλαμ-

249 3402 482 3463 ϐάνοντα
527 3407 612 3462 καὶ
659 3412 770 3463 τῶν
827 3405 1135 3464 διωκόντων
1189 3413 1470 3482 ποιοῦντα,
1519 3411 1620 3480 τήν
1663 3430 1724 3464 τε
1753 3409 1906 3465 εὐσέ-

245 3490 399 3562 ϐειαν
438 3495 876 3573 τυραννουμένην
925 3497 1016 3552 καὶ
1061 3496 1189 3560 τοὺς
1236 3495 1470 3560 διώκτας
1537 3495 1908 3576 φιλονεικοῦν-

237 3606 361 3658 τας,
416 3583 603 3662 ὥσπερ
646 3590 754 3640 τῶν
810 3584 1078 3660 σωμάτων
1130 3585 1274 3641 οὕτω
1325 3584 1392 3656 δὴ
1442 3593 1654 3661 κρατεῖν
1682 3586 1770 3642 καὶ
1803 3591 1904 3662 ψυ-

233 3679 382 3753 χῶν,
414 3675 503 3739 αἱς
531 3676 664 3746 Θεὸς
711 3674 1036 3749 αὐτονομίαν
1085 3676 1316 3752 γνώμης
1358 3675 1684 3752 παρέσχετο,
1731 3681 1906 3750 θυμοῦ

237 3763 458 3821 δικαίου
513 3764 608 3820 καὶ
669 3763 844 3835 ζήλου
898 3763 1230 3838 πληροῦται”
1289 3765 1380 3834 καὶ
1437 3764 1612 3821 πάντα
1667 3763 1904 3842 μεγαλο-

232 3853 440 3930 ψύχως
487 3853 685 3909 ἑαυτοῦ
710 3899 724 3925 ,
770 3852 1008 3930 καθάπερ
1057 3853 1148 3910 καὶ
1196 3854 1249 3908 οἱ
1297 3855 1523 3929 πυγμὴν
1575 3854 1610 3924 ἢ
1660 3854 1905 3931 παγκρά-

230 3963 354 3997 τιον
404 3940 836 4018 ἀγωνιζόμενοι,
887 3942 1217 4020 ἀπορρίψας,
1265 3942 1303 4012 ἢ
1356 3940 1570 4015 μᾶλλον
1603 3942 1770 3998 εἰπεῖν
1817 3940 1908 3998 διὰ

233 4035 350 4088 τῶν
423 4032 678 4102 πενήτων
752 4029 832 4094 εἷς
907 4029 1170 4108 οὐρανοὺς
1247 4031 1614 4106 παραπέμψας
1649 4078 1664 4102 ,
1737 4031 1902 4104 μόνον

236 4120 420 4193 ἑπιτῷ
448 4117 769 4176 ωαλείπει
796 4120 860 4175 τὸ
907 4124 1088 4194 σῶμα,
1142 4121 1190 4194 ᾧ
1221 4117 1506 4198 διενεγκεῖν
1530 4121 1623 4176 τὸν
1658 4119 1906 4195 πόλεμον

237 4206 502 4284 tam».

317 4408 380 4478 ζ’.
405 4405 526 4462 Εἶθ’
581 4406 659 4470 ὡς
717 4407 777 4461 ἂν
832 4405 1010 4480 ἑαυτῷ
1070 4404 1638 4485 μεγαλοπρεπέστερον
1681 4408 1745 4463 τὸ
1783 4407 1904 4463 θέα-

230 4515 371 4572 τρον
397 4495 645 4572 γένηται,
699 4494 790 4550 καὶ
845 4494 1056 4568 μᾶλλον
1101 4497 1400 4575 περιφανὴς
1435 4498 1464 4551 ὁ
1493 4497 1664 4572 ἀγὼν,
1695 4498 1906 4574 ἡμέραν

236 4584 584 4659 έπιτηρήσας
633 4582 688 4639 ἐν
820 4581 1146 4658 δημοτελῶς
1191 4585 1462 4661 ἑορτάζειν
1511 4582 1638 4657 ἔδει,
1687 4584 1794 4641 ἔδει
1848 4584 1905 4641 δὲ

1538 403 1944 472 LAUDATIO
1985 405 2054 469 s.
2099 405 2483 504 occasu._

270 531 614 618 φεισαμένων
663 538 774 604 τῶν
852 529 1097 594 διωκτῶν
1128 551 1142 568 ·
1203 533 1504 616 ἀμφότεροι
1576 537 1667 594 καὶ
1734 559 1912 616 παρα·

270 625 294 648 δ
333 626 346 646 Ι
452 647 455 648 ,
520 647 523 648 ,
611 647 635 648 η
660 647 668 648 κ
692 647 699 648 ,
720 623 746 648 ᾗ
785 625 828 648 Ι)
856 647 862 648 ,
1095 631 1121 641 θ’
1284 647 1287 648 ,
1326 624 1372 648 δῖ
1576 629 1591 648 \
1740 629 1751 648 1

2046 541 2560 616 persecutoribus:
2593 543 2836 614 uterque
2895 540 3091 596 autem
3143 533 3409 610 exempla
3454 533 3696 608 reliquit
3804 561 3812 570 -

263 629 529 704 δείγματα
601 629 985 702 προδείξαντες
1055 631 1135 700 τῷ
1217 629 1376 683 παιδὶ
1425 675 1442 701 ,
1502 629 1592 683 καὶ
1659 629 1940 705 σπέρματα

261 714 646 794 παρασχόντες
717 710 989 778 εὐσεϐείας
1018 761 1034 790 ,
1111 714 1507 796 φιλοπτωχίας
1543 764 1557 791 ,
1615 725 1716 788 τῆς
1773 719 1940 795 μέχρι

3575 397 3695 465 306

2051 631 2426 701 ﬁlio,semiua
2455 631 2720 705 praebens
2759 628 3057 703 religionis
3086 643 3224 702 erga
3254 624 3697 694 Deum,miseri-

2050 722 2261 778 cordia;
2306 722 2367 777 in
2406 738 2712 795 pauperes,
2762 725 2821 776 et
2850 719 3191 775 constantia:
3234 733 3422 788 usque
3452 716 3524 770 ad
3559 732 3694 771 san-

2049 812 2288 884 guinem
2345 816 2547 868 contra
2590 809 2980 866 idololatriam
3033 811 3396 880 pugnaturae.
3434 806 3567 870 Qua:
3598 803 3696 860 ille

2047 903 2394 974 suscipiens,
2429 901 2585 957 velut
2630 901 2930 956 meliorem
2969 897 3392 963 haareditatem,
3445 899 3501 950 et
3533 893 3695 949 omni

2047 993 2294 1064 spiritus
2325 991 2635 1064 disciplina
2659 991 2838 1062 probe
2869 988 3155 1054 excultus,
3188 1003 3304 1041 non
3335 983 3527 1040 solum
3555 999 3691 1038 cen-

2044 1087 2173 1138 tum
2205 1098 2274 1138 ex
2304 1099 2420 1138 uno
2453 1080 2822 1152 ampliﬁcans
2879 1077 3144 1150 protulit,
3205 1075 3306 1131 sed
3366 1074 3686 1146 quamdam

2042 1171 2387 1226 incrementi
2420 1171 2706 1226 rationem
2737 1167 3018 1239 suscepit,
3052 1165 3146 1221 cui
3193 1163 3507 1237 superaddi
3539 1161 3688 1217 nihil

2041 1264 2258 1334 posset.
2291 1260 2502 1315 Omnia
2529 1259 2684 1314 enim
2719 1275 2846 1324 sua,
2869 1261 3147 1326 tanquam
3179 1254 3429 1326 optimes
3459 1252 3691 1323 dispen-

2040 1353 2257 1416 sator,e
2286 1349 2456 1406 terris
2485 1349 2546 1402 in
2577 1347 2786 1404 cmlum
2811 1344 3113 1401 transtulit
3140 1362 3153 1411 ;
3186 1359 3292 1398 nec
3313 1341 3426 1414 ipsi
3448 1341 3686 1413 quidem

2039 1455 2282 1510 parcens
2339 1436 2587 1508 corpori,
2643 1435 2958 1508 quominus
3015 1451 3082 1489 ex
3139 1432 3250 1486 hoc
3308 1431 3690 1485 fructificaret

2036 1527 2153 1583 Deo
2182 1545 2196 1594 ;
2230 1526 2411 1597 idque
2440 1543 2556 1581 non
2585 1529 2815 1581 tantum
2847 1540 2950 1595 per
2979 1521 3310 1578 castitatem
3338 1519 3684 1592 puritatem-

2036 1615 2277 1688 que,sed
2301 1616 2476 1671 etiam
2494 1630 2596 1686 per
2617 1612 2925 1686 sanguinis
2944 1608 3473 1675 eﬂ‘usionem,inter
3496 1607 3683 1664 multa

2034 1704 2408 1778 maximaque
2449 1701 2809 1760 discrimina.

2105 1991 2160 2046 6.
2192 1990 2480 2047 Militabat
2509 1989 2606 2046 ille
2645 1989 2901 2062 primum
2963 1991 3193 2044 terreno
3224 1985 3346 2059 regi
3399 1987 3458 2041 et
3515 1999 3686 2041 arma

2036 2079 2278 2149 ferebat,
2329 2080 2564 2152 juvenis
2618 2082 2855 2150 aspectu
2913 2075 3152 2150 grandis
3202 2078 3378 2148 atque
3409 2075 3678 2142 decorus,

2032 2154 2353 2242 congressu
2420 2167 2848 2235 formidabilis,
2927 2163 3344 2238 insuperabilis
3407 2163 3678 2220 hostibus

2032 2258 2364 2315 visibilibus
2391 2277 2404 2327 ;
2437 2262 2639 2314 contra
2660 2258 2954 2312 daemones
2975 2272 3131 2326 vero,
3153 2254 3255 2309 ubi
3285 2269 3420 2309 cum
3450 2253 3524 2308 iis
3555 2269 3678 2309 rem

2035 2347 2250 2405 habere
2290 2348 2481 2421 coepit,
2518 2346 2664 2402 nihil
2717 2345 2790 2401 ab
2847 2346 2929 2400 eis
2963 2344 3214 2417 patiens,
3272 2342 3458 2398 multo
3490 2343 3680 2398 adhuc

2031 2437 2220 2510 magis
2250 2442 2527 2494 constans
2559 2441 2618 2492 et
2675 2434 2928 2490 invictus
2966 2433 3257 2506 apparuit.
3291 2433 3556 2488 Tandem
3589 2435 3677 2487 ta-

2027 2541 2162 2582 men
2189 2526 2412 2582 militiaa
2437 2541 2624 2598 genus
2648 2524 3102 2595 mutavit,seque
3125 2521 3447 2577 aCzesareis
3469 2521 3679 2577 castris

2025 2616 2098 2670 ad
2123 2615 2337 2671 Christi
2360 2615 2530 2687 signa
2559 2613 2865 2669 transtulit
2894 2629 2907 2668 :
2933 2629 3047 2666 non
3078 2611 3340 2683 quasi’ab
3372 2610 3536 2665 initio
3560 2626 3677 2666 non

2021 2704 2232 2761 fuisset
2261 2703 2482 2760 eisdem
2515 2703 2806 2770 addictus,
2861 2701 2961 2756 sed
2994 2704 3134 2755 tunc
3176 2699 3472 2772 pefectiori
3501 2697 3676 2771 longe

2020 2795 2192 2850 modo
2224 2795 2281 2849 id
2315 2793 2448 2862 fuit,
2479 2792 2712 2864 quando
2737 2790 2883 2846 nihil
2923 2789 3167 2854 mundo,
3201 2788 3344 2843 nihil
3373 2788 3673 2844 mundano

2017 2883 2357 2955 imperatori
2389 2884 2634 2948 donans,
2679 2881 2879 2935 omnia
2927 2879 3140 2935 detulit
3169 2877 3496 2949 obtulitque
3525 2878 3665 2934 Deo.

2016 2977 2222 3043 Itaque
2250 2970 2706 3027 Christianitatis
2757 2968 2995 3024 titulum
3047 2985 3164 3023 non
3194 2967 3446 3022 habebat
3477 2966 3668 3022 occul-

2013 3066 2163 3129 tum,
2199 3065 2298 3117 aut
2323 3061 2580 3133 quadam
2612 3059 2840 3114 ratione
2888 3056 3329 3113 dissimulatum
3362 3074 3375 3123 ;
3411 3057 3510 3112 sed
3548 3073 3657 3128 pu-

2013 3150 2163 3207 blice
2192 3165 2327 3205 eum
2378 3147 2648 3220 vulgans,
2699 3147 2947 3202 ﬁdenter
3002 3146 3404 3218 profitebatur.
3437 3144 3661 3200 Princi-

2013 3239 2179 3311 pium
2210 3243 2408 3293 autem
2437 3235 2810 3308 experiundae
2833 3233 3171 3290 constantiae
3204 3233 3316 3306 ipsi
3349 3233 3480 3298 fuit,
3504 3234 3661 3304 quod

2013 3327 2218 3384 videns
2266 3324 2733 3398 persecutionem
2792 3323 2980 3378 instar
3010 3321 3272 3395 procellae
3324 3321 3463 3377 ferri
3491 3321 3665 3376 vehe-

2017 3417 2296 3483 mentius,
2347 3419 2405 3470 et
2463 3412 2665 3486 paucis
2722 3412 2975 3484 exceptis
3031 3428 3235 3467 omnes
3292 3427 3441 3484 pene
3495 3411 3566 3466 ab
3597 3427 3668 3466 ea

2016 3503 2431 3576 comprehendi
2463 3507 2638 3574 atque
2695 3500 3166 3574 persecutoribus
3214 3499 3447 3572 subjici,
3482 3499 3662 3572 pieta-

2014 3597 2133 3649 tem
2164 3609 2298 3648 vero
2330 3609 2432 3664 per
2460 3591 2831 3663 tyrannidem
2883 3590 3091 3662 premi,
3124 3589 3300 3661 idque
3329 3589 3423 3661 agi
3456 3593 3520 3644 ut
3550 3606 3666 3644 non

2013 3686 2245 3738 tantum
2270 3680 2614 3753 corporibus
2636 3679 2726 3735 vis
2747 3678 3191 3749 inferretur,sed
3216 3677 3392 3732 etiam
3415 3681 3664 3745 mentes,

2016 3787 2163 3843 quas
2211 3769 2304 3825 sui
2353 3768 2578 3824 arbitrii
2609 3784 2739 3823 esse
2769 3766 2952 3823 voluit
2980 3767 3157 3836 Deus,
3189 3765 3666 3838 pertraherentur

2013 3860 2075 3915 in
2115 3859 2478 3924 servitutem,
2513 3856 2918 3930 indignatione
2943 3857 3107 3926 justa
3133 3871 3198 3910 ac
3228 3854 3349 3910 zelo
3379 3855 3663 3928 impletus

2015 3949 2131 4006 sit:
2165 3950 2538 4019 quapropter,
2570 3945 2728 4002 velut
2756 3944 2976 3999 luctam
3008 3960 3338 4016 pugnamve
3362 3943 3662 4016 ingressu-

2015 4055 2138 4104 rus,
2199 4052 2414 4109 magno
2461 4035 2659 4091 animo
2721 4037 2933 4089 cuncta
2995 4032 3209 4104 abjecit
3254 4037 3509 4100 externa,
3562 4037 3664 4088 aut

2012 4127 2208 4183 verius
2237 4141 2342 4199 per
2374 4141 2584 4182 manus
2616 4139 2939 4195 pauperum
2971 4121 3303 4178 transmisit
3332 4122 3390 4176 in
3422 4121 3661 4193 paradi—

2015 4233 2169 4284 sum,
2203 4219 2269 4271 ut
2297 4213 2489 4271 solum
2524 4212 2637 4269 sibi
2668 4228 2881 4284 corpus
2911 4215 3186 4282 servaret,
3247 4211 3400 4283 quod
3433 4210 3660 4266 nudum

2012 4309 2139 4362 erat
2165 4305 2537 4377 expositurus
2566 4301 2895 4358 certamini.

2082 4414 2139 4468 7.
2174 4411 2390 4468 Deinde
2419 4414 2486 4466 ut
2514 4410 2810 4465 theatrum
2844 4424 3079 4481 quoque
3107 4423 3170 4463 se
3200 4407 3446 4478 dignum
3476 4406 3660 4462 habe-

2015 4506 2105 4559 ret
2131 4505 2188 4558 et
2232 4499 2421 4571 magis
2469 4498 2698 4554 illustre
2754 4498 3033 4568 stadium,
3097 4496 3424 4552 observavit
3479 4495 3658 4563 diem,

2015 4608 2134 4663 qua
2195 4589 2499 4662 oportebat
2545 4585 2848 4660 publicum
2896 4585 2988 4658 agi
3046 4586 3287 4652 festum,
3345 4584 3661 4655 ipsumque

233 4674 334 4728 καὶ
420 4672 818 4743 Διοκλητιανὸν
907 4673 1066 4729 αὐτὸν
1143 4680 1388 4750 παρεῖναι
1469 4680 1590 4738 τοῖς
1663 4674 1898 4746 πλήθεσι

2025 4662 2433 4736 5iocletianum
2457 4677 2661 4732 adesse
2685 4675 3080 4742 multitudini,
3096 4673 3309 4730 festivae
3340 4671 3657 4728 hilaritatis

235 4763 673 4839 συνεορτάζοντα
705 4805 720 4834 ,
771 4761 952 4837 ὥσπερ
1003 4761 1146 4818 λέων
1199 4765 1372 4818 πάντα
1436 4761 1900 4840 προδεικνύμενος

234 4846 477 4927 σοϐαρὰ,
537 4848 701 4924 εἶδος,
770 4850 1044 4929 φρόνημα,
1111 4849 1370 4928 βάδισμα,
1424 4857 1532 4930 πῦρ
1586 4875 1647 4909 τε
1702 4853 1899 4924 πνέων,

232 4941 334 4997 καὶ
393 4939 828 5018 βλοσσυρότερον
880 4935 1275 5018 περιϐλέπων,
1331 4939 1583 5016 εἷ’σεισιν,
1641 4941 1902 5015 ἀπτοήτῳ

235 5029 466 5106 γνώμῃ,
521 5027 757 5106 λαμπρᾷ
959 5029 1112 5105 τωνῇ
1137 5075 1154 5102 ,
1211 5029 1565 5107 ἀνακηρότων
1626 5032 1854 5107 Χριστὸν
1885 5078 1898 5104 ,

237 5117 597 5192 μοκτηρίζων
627 5117 756 5180 τοὺς
798 5115 1092 5192 δαίμονας,
1144 5121 1209 5175 Ὠ
1257 5123 1440 5197 ψυχῆς
1487 5119 1694 5191 ἐκείνης
1747 5119 1902 5194 ζήλῳ

236 5211 379 5265 Θεοῦ
421 5206 888 5280 κατεσθιομένηςί
922 5205 967 5262 ὣ
1011 5212 1147 5264 Θεοῦ
1205 5207 1429 5283 ἔρωτος,
1477 5209 1620 5264 οὕτω
1669 5207 1901 5287 φλέγον-

233 5317 333 5358 voc
389 5296 482 5352 καὶ
539 5296 685 5352 οὕτω
743 5300 1022 5358 κινοῦντος
1095 5297 1224 5360 τοὺς
1297 5296 1564 5374 ἐραστάςί
1623 5297 1715 5359 Τίς
1771 5317 1903 5352 ποτε

232 5389 500 5443 τοσοῦτον
559 5385 784 5458 ἐξετάκη
849 5384 1067 5461 βλέπων
1125 5386 1512 5447 ἀσυνετοῦντας
1545 5405 1560 5454 ;
1591 5386 1675 5448 τίς
1719 5390 1903 5441 τοιοῦ-

229 5496 332 5533 τον
392 5474 656 5551 φρόνημα
724 5474 866 5528 κατά
942 5474 1128 5550 καιρὸν
1209 5471 1544 5544 ἐπεδείξατος
1619 5473 1703 5535 τίς
1769 5474 1906 5528 κατὰ

236 5564 406 5643 λόγον
439 5561 893 5641 ἠνδραγαθήσατο
929 5582 942 5622 :
975 5560 1138 5617 Οὐδὲν
1185 5563 1308 5617 τότε
1355 5563 1446 5617 τὸν
1491 5563 1644 5617 τόνον
1697 5561 1901 5638 ἐχάλα-

237 5677 353 5726 σεν,
402 5653 467 5710 οὗ
506 5654 610 5724 τήν
652 5651 964 5729 προθυμίαν
1014 5647 1317 5725 ἤμϐλυνεν,
1374 5651 1474 5707 οὐκ
1520 5649 1740 5707 ἀπειλαὶ
1781 5672 1905 5730 φρι-

235 5742 438 5810 κώδεις
468 5742 527 5800 ait
556 5743 698 5800 κατά
724 5745 836 5798 τῶν
890 5735 1126 5797 εὐσεϐεῖν
1175 5741 1472 5820 ᾑρημένων
1499 5741 1775 5822 ἐφέροντο,
1808 5742 1906 5798 οὐκ

2009 4768 2377 4842 participem.
2463 4766 2628 4821 Tunc
2685 4764 2907 4820 scilicet
2959 4763 3146 4819 leonis
3202 4762 3389 4818 instar
3443 4763 3654 4832 fronte,

2009 4857 2216 4925 oculis,
2250 4857 2484 4912 incessu
2516 4853 3062 4926 magnanimitatem
3102 4851 3452 4908 ostentantis
3482 4855 3659 4923 atque

2009 4947 2205 5020 ignem
2221 4944 2501 5018 spirantis
2523 4947 2580 4998 et
2598 4947 2756 4998 torve
2776 4940 3657 5012 circumspectantis,ingressus

2009 5040 2100 5092 est
2145 5039 2340 5090 mente
2383 5031 2794 5104 imperterrita,
2855 5035 2913 5086 et
2964 5028 3121 5085 clora
3169 5046 3307 5085 voce
3355 5028 3657 5086 Christum

2010 5125 2357 5197 pradicans,
2389 5123 2802 5192 dasmonesque
2831 5119 3228 5175 subsannans.
3288 5119 3332 5174 Ο
3393 5118 3655 5174 animam

2011 5213 2208 5268 divino
2267 5214 2612 5266 mstuantem
2660 5208 2818 5264 zelo!
2853 5225 2884 5263 o
2931 5224 3191 5263 amorem
3235 5207 3336 5263 Dei
3368 5207 3451 5262 sic
3481 5223 3655 5261 uren-

2011 5308 2151 5370 tem,
2196 5301 2278 5357 sic
2327 5304 2654 5355 moventem
2717 5297 3029 5352 amantes!
3081 5297 3222 5361 Quis
3261 5313 3524 5367 unquam
3577 5296 3660 5350 ita

2011 5391 2202 5447 elatus
2231 5395 2320 5445 est
2350 5389 2556 5443 videns
2605 5386 3047 5443 idololatrarum
3102 5384 3421 5441 amentiam
3451 5384 3478 5439 ?
3523 5384 3659 5455 quis

2010 5479 2188 5535 talem
2220 5495 2323 5550 pro
2354 5482 2611 5547 tempore
2655 5475 2914 5546 praetulit
2939 5474 3288 5546 sapientiam
3320 5474 3347 5527 ‘I
3396 5472 3530 5544 quis
3556 5490 3659 5544 pro

2013 5568 2235 5622 ratione
2265 5566 2382 5637 egit
2413 5570 2532 5618 tam
2575 5564 2898 5635 generose?
2926 5562 3082 5618 Nihil
3136 5567 3260 5617 erat
3289 5563 3445 5634 quod
3477 5561 3658 5616 animi

2011 5656 2206 5712 laxare
2238 5654 2646 5716 intentionem,
2693 5652 2842 5706 nihil
2890 5654 3046 5724 quod
3096 5652 3280 5708 aciem
3331 5656 3530 5723 posset
3559 5651 3662 5706 ob-

2014 5745 2260 5802 tundere
2312 5760 2325 5798 :
2378 5759 2492 5798 non
2555 5739 2866 5798 horribiles
2933 5740 3104 5796 minae
3167 5744 3368 5796 contra
3429 5739 3663 5812 pietatis
