4108 6430
464 416 579 480 307

1491 415 1802 480 GEORGII
1849 414 2112 479 CYPRII
2157 415 2276 480 CP.
2319 415 2847 481 PATRIARCHIE

3740 418 3848 486 308
3870 411 3875 417 ’

465 551 785 606 sectatores
805 547 1187 622 promulgatae
1212 567 1225 620 ;
1260 566 1375 607 non
1405 552 1629 623 species
1657 552 1826 608 variae
1855 557 2108 608 tormen-

2232 546 2338 620 εἷ”δη
2397 549 2776 627 κολαστηρίων
2852 549 2903 605 ἐν
2967 546 3274 630 ὀφθαλμοῖς
3349 555 3575 608 παντοῖα
3643 552 3846 630 προκεί-

463 643 684 701 torum,
715 639 901 694 oculis
931 641 1200 710 objectm;
1235 658 1349 695 non
1411 642 1693 696 memoria
1739 642 2108 696 cruciatuum

463 730 742 784 adversus
773 734 1010 785 sanctos
1039 730 1282 784 antehac
1311 731 1902 802 excogitatorum,qui
1934 731 2109 786 etiam

464 817 577 888 ipsi
610 821 778 872 erant
807 819 1098 874 subeundi
1129 836 1143 886 ;
1177 835 1292 874 non
1322 819 1453 890 ipsa
1480 821 1820 875 eorumdem
1849 819 2110 875 toleran-

462 906 546 962 tia
569 924 582 973 ;
615 924 731 962 non
764 912 981 963 mortes
1011 908 1660 980 diversimodae,quibus
1685 907 1885 963 ﬁdeles
1909 909 1981 963 ab
2003 909 2112 964 hac

458 995 581 1050 vita
629 995 1070 1068 expellebantur
1111 996 1430 1052 violenter:
1473 997 1746 1052 omnibus
1794 997 1951 1052 enim
1984 996 2113 1053 istis

460 1083 638 1139 altius
661 1089 917 1139 mentem
942 1085 1334 1153 extulit,velut
1355 1086 1404 1140 si
1427 1091 1588 1141 extra
1607 1103 1821 1158 corpus
1852 1087 2110 1158 positus,

461 1173 743 1230 adversus
773 1173 1065 1229 culturam
1096 1175 1431 1230 daemonum
1458 1175 1674 1230 initum
1695 1181 1850 1230 esset
1878 1191 2113 1247 genero-

464 1279 598 1318 sum
631 1267 946 1318 certamen.
969 1267 1130 1318 Hanc
1161 1263 1340 1319 animi
1374 1263 1777 1320 fortitudinem
1809 1263 2114 1320 exhorrue-

465 1356 607 1408 runt
635 1353 1016 1418 daemones,et
1046 1369 1251 1408 omnes
1271 1353 1700 1408 daemoniorum
1732 1352 2024 1421 cultores;
2055 1353 2113 1407 in

462 1440 573 1496 hac
603 1441 716 1497 sibi
741 1440 1219 1513 complacuerunt
1247 1443 1318 1498 de
1347 1442 1489 1497 coelo
1522 1442 1734 1514 angeli,
1778 1445 1835 1497 et
1865 1443 2116 1514 desuper

469 1534 829 1602 spectatores
887 1531 1093 1602 agonis
1142 1533 1270 1602 ejus
1324 1531 1460 1586 facti
1491 1531 1726 1587 beatum
1762 1531 2116 1604 praedicave-

463 1624 640 1688 runt;
709 1619 830 1674 haac
873 1619 1298 1676 Diocletianum
1347 1621 1628 1687 confudit,
1683 1621 1784 1692 qui
1841 1620 2116 1676 ﬁduciam

461 1713 692 1766 tantam
723 1725 900 1765 suum
931 1725 1059 1766 esse
1090 1710 1433 1781 despectum
1464 1709 1904 1782 interpretatus,
1924 1711 2118 1766 furore

461 1801 522 1854 et
549 1797 955 1870 indignatione
987 1798 1248 1870 repletus
1278 1802 1390 1854 est.

533 1887 586 1940 8.
621 1887 755 1951 Quae
788 1903 959 1959 porro
991 1890 1307 1943 consecuta
1335 1890 1494 1956 sunt,
1529 1887 1772 1959 majoris
1803 1888 2115 1957 cujusdam

467 1993 647 2048 quam
689 1976 964 2032 humanas
993 1976 1226 2033 virtutis
1255 1992 1486 2049 eguere,
1522 1981 1586 2031 ut
1614 1982 1908 2033 certamen
1938 1994 2116 2032 suum

465 2069 666 2137 posset
695 2065 944 2121 Sanctus
975 2081 1164 2137 usque
1194 2066 1266 2120 ad
1291 2066 1468 2120 ﬁnem
1500 2065 1760 2138 exsequi.
1792 2066 1932 2130 Quis
1960 2065 2116 2122 enim

467 2154 661 2209 verbis
692 2154 1053 2210 sufﬁcienter
1108 2153 1480 2226 explicaverit
1535 2159 1636 2208 aut
1682 2154 2115 2211 immanitatem

468 2242 895 2314 torquentium,
919 2247 1022 2298 aut
1044 2243 1444 2298 fortitudinem
1473 2243 1760 2315 Martyris,
1791 2260 1906 2315 qua
1937 2244 2118 2299 obﬁr-

471 2332 747 2387 mabatur
775 2333 847 2387 ad
878 2332 1155 2403 pericula,
1180 2333 1370 2404 iisque
1401 2332 1711 2388 resistebat
1743 2349 1923 2405 supra
1953 2337 2120 2388 natu-

469 2438 547 2476 rae
579 2421 910 2477 communis
941 2438 1280 2478 mensuram
1310 2421 1338 2476 ?
1369 2422 1578 2477 Beatus
1629 2422 1738 2477 Job
1771 2422 2121 2494 praedicatur

466 2515 755 2582 tanquam
778 2510 1088 2588 hominum
1109 2511 1581 2583 patientissimus
1603 2511 2121 2584 generosissimus-

469 2616 630 2672 que:
666 2600 767 2654 sed
817 2599 1060 2656 tentatio
1113 2605 1317 2656 contra
1354 2617 1534 2671 quam
1597 2601 1953 2673 depugnavit
2009 2602 2122 2658 fuit

470 2688 898 2756 involuntaria;
941 2689 1260 2761 requisitus
1316 2689 1472 2745 enim
1521 2694 1578 2745 et
1624 2690 1876 2745 traditus
1938 2691 2047 2746 fuit
2104 2709 2117 2746 :

472 2778 574 2850 qui
606 2782 802 2834 autem
833 2779 948 2834 ista
977 2779 1281 2850 sustinuit,
1313 2779 1575 2852 seipsum
1605 2779 1665 2834 in
1699 2796 1910 2835 manus
1941 2785 2121 2836 torto-

471 2884 605 2923 rum
635 2867 817 2937 dedit,
847 2867 1118 2923 inventus
1149 2872 1207 2923 et
1235 2867 1468 2924 oblatus
1506 2883 1694 2939 neque
1723 2869 2123 2940 quaerentibus

473 2972 666 3028 neque
709 2956 1045 3028 petentibus
1092 2972 1249 3012 eum.
1298 2957 1384 3011 Ad
1429 2961 1758 3012 extremum
1800 2974 1934 3013 vero
1967 2957 2125 3015 labo-

478 3062 614 3102 rum
639 3046 767 3116 ejus
797 3059 913 3100 non
945 3030 1226 3117 pau1atim
1255 3044 1478 3101 inﬂicta
1523 3049 1612 3101 est
1642 3045 1832 3118 plaga,
1865 3045 2042 3102 veluti
2074 3046 2125 3103 si

479 3135 552 3190 ad
584 3133 928 3206 patientiam
960 3133 1176 3206 praliis
1233 3133 1548 3190 levioribus
1578 3140 1978 3204 exerceretur;
2020 3137 2121 3192 sed

476 3227 762 3294 tanquam
793 3221 1286 3294 generosissimus
1319 3226 1495 3295 atque
1539 3222 1983 3294 expertissimus
2011 3225 2122 3280 mi-

2225 659 2376 711 μενα,
2409 638 2474 693 ού
2522 641 2714 712 μνήμη
2778 640 3022 715 βασάνων
3068 639 3124 695 αἲ
3172 645 3289 704 τοῖς
3341 641 3700 720 προειληφόσι
3753 649 3849 699 τῶν

2222 728 2390 805 ἁγίων
2425 727 2742 806 ἐπήχθησαν
2776 729 2863 783 καὶ
2913 728 3071 784 αὐτὸν
3123 727 3464 806 διαδέχεσθαι
3516 729 3768 806 ἔμελλον,
3798 733 3853 788 ού

2218 818 2287 872 τὰ
2343 817 2553 872 ἐκείνων
2614 819 2934 890 παθήματα,
2992 819 3101 895 ούχ
3155 819 3206 874 οἱ
3259 819 3475 876 θάνατοι
3525 820 3594 875 δι’
3645 822 3716 876 ὧν
3759 826 3857 877 τῶν

2221 906 2501 982 παρόντων
2578 907 2770 982 βιαίως
2849 906 3130 978 ἐξέστησαν
3166 926 3179 939 ·
3237 907 3450 964 πάντων
3511 906 3570 964 δὲ
3627 909 3857 986 ὑπεράνω

2223 997 2422 1065 στήσας
2479 996 2577 1064 τὴν
2636 996 2886 1069 γνώμην,
2945 995 3092 1059 ὅστις
3147 1001 3257 1052 τῶν
3315 993 3416 1069 ἔξω
3474 999 3745 1072 σώματος,
3777 999 3858 1053 ἀν-

2225 1081 2531 1158 δρικώτατα
2605 1081 2963 1140 ἐπαποδύεται
3039 1087 3176 1140 κατά
3248 1090 3346 1156 τῆς
3421 1092 3528 1141 τῶν
3601 1085 3857 1161 δαιμόνων

2221 1179 2436 1245 τιμῆς.
2496 1177 2664 1228 Τοῦτο
2737 1173 2801 1228 τὸ
2873 1173 3129 1252 φρόνημα
3204 1171 3460 1249 δαίμονες
3514 1173 3726 1254 ἔφριξαν
3781 1177 3860 1232 καὶ

2223 1260 2418 1324 πάντες
2497 1263 2549 1316 οἱ
2607 1260 2881 1335 δαιμόνων
2938 1263 3282 1339 θεραπευταί·
3343 1268 3503 1319 τοῦτο
3563 1265 3616 1319 οἱ
3671 1265 3720 1320 ἐν
3776 1263 3859 1319 ού-

2226 1355 2407 1426 ρανοῖς
2465 1348 2765 1425 ᾐδέσθησαν
2825 1349 3074 1429 ἄγγελοι,
3130 1353 3217 1408 καὶ
3275 1353 3477 1418 ἄνωθεν
3542 1365 3721 1418 θεαται
3772 1356 3858 1408 τοῦ

2226 1439 2429 1515 ἀγῶνος
2488 1439 2890 1515 προκόπτοντες
2950 1439 3276 1518 ἐμακάρισαν
3313 1461 3326 1475 ·
3384 1446 3548 1497 τοῦτο
3603 1441 3691 1496 καὶ
3746 1448 3856 1497 Διο-

2223 1527 2517 1598 κλητιανὸς
2562 1529 2888 1605 αἰσχυνθεὶς,
2937 1527 3028 1584 καί
3082 1530 3482 1609 καταφρόνησιν
3539 1532 3727 1588 εαυτοῦ
3767 1533 3856 1600 τὴν

2225 1616 2528 1693 παρῥησίαν
2616 1616 2934 1697 ὑπειληφὼς
2970 1665 2985 1692 ,
3053 1618 3282 1694 ἀθυμίας
3360 1619 3700 1695 ἐμπίπλαται
3778 1618 3858 1675 καί

2227 1711 2424 1781 θυμοῦ.

2298 1887 2368 1956 η’.
2402 1887 2477 1940 Τὰ
2527 1883 2585 1940 δὲ
2633 1886 2871 1952 ἐντεῦθεν
2921 1888 3171 1962 μείζονός
3239 1909 3388 1952 τινος
3438 1886 3546 1946 ἔδει
3599 1885 3860 1962 δυνάμεως

2225 1974 2261 2043 ἢ
2293 1973 2661 2051 ἀνθρωπίνης,
2713 1973 2852 2030 ὥστε
2891 1972 2980 2030 διὰ
3024 1975 3221 2040 τέλους
3259 1975 3421 2048 ἀξίως
3469 1977 3686 2055 ἰσχῦσαι
3739 1974 3863 2048 διεξ-

2229 2061 2363 2118 ιέναι
2414 2064 2514 2133 τήν
2575 2061 2825 2136 ἄθλησιν.
2885 2069 3010 2128 Πῶς
3067 2063 3126 2120 ἄν
3184 2087 3269 2129 τις
3312 2065 3511 2128 ἱκανῶς
3561 2065 3751 2138 ἐξείποι
3793 2069 3866 2138 τῷ

2227 2149 2384 2227 λόγῳ
2441 2152 2477 2222 ἢ
2531 2157 2639 2207 τῶν
2699 2151 3047 2223 κολαζόντων
3104 2154 3206 2223 τήν
3255 2152 3865 2229 ἀγριότητα,ἢέκείνου

2223 2241 2323 2309 τήν
2355 2240 2659 2317 καρτερίαν,
2725 2244 2839 2315 μεθ’
2896 2243 2964 2312 ἧς
3021 2240 3227 2320 ἔρρωτο
3275 2245 3413 2298 κατά
3455 2249 3562 2299 τῶν
3594 2243 3858 2313 κινδύνων,

2226 2328 2316 2383 καὶ
2365 2328 2605 2405 ἀντεῖχεν
2669 2331 2800 2404 ὑπὲρ
2847 2332 2914 2386 τὰ
2962 2333 3132 2408 μέτρα
3175 2339 3275 2403 τῆς
3323 2332 3538 2411 φύσεως
3589 2333 3731 2405 ;Τὸν
3781 2333 3864 2406 μὲν

2230 2416 2298 2486 δὴ
2334 2419 2594 2495 μακάριον
2658 2416 2783 2476 Ἰὼϐ
2835 2421 3208 2497 γενναιότατον
3258 2421 3565 2499 ἀνθρώπων
3621 2423 3707 2478 καὶ
3752 2441 3867 2496 καρ-

2227 2507 2586 2582 τερικώτατον
2670 2509 3063 2587 ἀναγράφουσιν
3109 2528 3123 2541 ·
3210 2507 3338 2566 ἀλλ’
3426 2513 3454 2566 6
3538 2512 3865 2589 πειρασμὸς,

2229 2596 2364 2673 πρὸς
2413 2596 2469 2651 ὃν
2531 2595 2809 2668 ἐπάλαιεν,
2859 2597 3114 2662 ἀκούσιος
3165 2600 3232 2670 ἧν
3289 2599 3601 2671 (ἐξαιτεῖται
3639 2602 3739 2677 γὰρ
3789 2598 3867 2654 ναὶ

2231 2683 2633 2761 παραδίδοται)’
2697 2688 2724 2742 ὁ
2782 2685 2840 2742 δὲ
2895 2687 3070 2764 φέρων
3133 2687 3316 2746 ἐαυτὸν
3383 2687 3696 2764 παρέδωκεν
3763 2692 3868 2750 ταῖς

2237 2777 2604 2850 βασανισταῖς,
2653 2778 2728 2850 μὴ
2787 2782 3008 2848 ζητοῦσι
3062 2776 3192 2852 μηδ’
3239 2777 3586 2856 ἐπερωτῶσιν
3646 2775 3868 2855 εὑρισκό-

2237 2883 2400 2937 μενος
2431 2865 2520 2919 καὶ
2552 2865 3000 2944 ἐμφανιζόμενος·
3049 2864 3127 2930 εἷ¹ς
3159 2888 3218 2922 τε
3261 2869 3354 2923 τὸν
3404 2867 3634 2945 ἔσχατον
3686 2866 3869 2923 ἐκείνου

2232 2956 2336 3006 τῶν
2371 2951 2551 3008 ἄθλων
2581 2955 2681 3023 τὴν
2733 2953 2954 3032 πληγὴν
3005 2955 3068 3011 ού
3097 2955 3234 3011 κατὰ
3267 2958 3464 3030 μικρὸν
3493 2954 3751 3034 προῆλθε,
3780 2955 3868 3024 τήν

2233 3042 2516 3117 καρτερίαν
2577 3043 2691 3097 οἷον
2748 3042 2799 3097 ἐν
2859 3049 2976 3106 τοῖς
3027 3043 3278 3100 ἐλάττοσι
3332 3045 3827 3123 προπαιδευόμενος
3856 3088 3870 3113 ,

2233 3127 2363 3184 ἀλλ’
2395 3131 2468 3193 ὡς
2513 3128 2566 3186 εἷ’
2604 3153 2689 3194 τις
2742 3133 3121 3208 γενναιότατος
3169 3136 3311 3209 ὁμοῦ
3360 3137 3454 3191 καὶ
3505 3134 3870 3212 ἐμπειρότατος

2237 3219 2478 3276 ὁπλιτων
2508 3225 2625 3283 τοῖς
2661 3221 2938 3296 μεγίστοις
2983 3221 3253 3286 κινδύνοις
3305 3223 3366 3279 ἐκ
3415 3224 3718 3303 προοιμίων
3763 3221 3870 3292 ἐνή-

474 3310 582 3379 les,
640 3310 914 3366 maximis
987 3311 1189 3366 statim
1239 3327 1273 3365 a
1330 3311 1619 3384 principio
1680 3311 2119 3368 discriminibus

2237 3307 2391 3381 λατο,
2443 3308 2474 3364 6'
2519 3331 2578 3365 τε
2631 3311 2900 3387 πειράζων
2951 3311 3194 3384 ἐνταῦθα,
3245 3312 3290 3367 εί
3346 3297 3764 3392 καὶ-ἅνθρωπος
3790 3311 3870 3382 ἧν,

475 3404 567 3456 est
612 3399 916 3472 objectus;
957 3403 1022 3454 ut
1063 3399 1199 3455 inde
1245 3399 1710 3472 experimentum
1769 3404 2121 3471 sumeretur,

473 3492 675 3544 utrum
705 3489 881 3544 homo
911 3492 1067 3544 esset
1087 3487 1176 3544 vel
1208 3489 1543 3544 communis
1565 3490 1873 3547 nobiscum
1904 3493 2124 3547 naturae

473 3577 788 3650 particeps.

542 3667 597 3720 9.
631 3665 1031 3723 Diocletianus
1051 3682 1187 3722 vero
1219 3666 1374 3722 intra
1403 3683 1466 3723 se
1497 3667 1752 3724 habebat
1783 3669 2121 3725 daamonum

472 3755 846 3811 incitantium
876 3755 1229 3827 legionem,a
1257 3755 1493 3827 quibus,
1525 3757 1659 3813 licet
1688 3757 1958 3828 Martyris
1982 3776 2120 3815 con-

473 3844 751 3900 stantiam
781 3845 1021 3916 ipsimet
1041 3845 1538 3918 obstupescerent,
1559 3845 1839 3903 furiosius
1869 3864 2122 3904 commo-

471 3934 735 4002 vebatur,
783 3937 848 3988 ut
894 3934 1174 4006 suspendi
1233 3950 1367 3989 eum
1417 3939 1474 3989 et
1518 3935 1820 3991 dirissima
1874 3953 2123 4008 qumque

466 4023 705 4094 juberet
734 4022 956 4094 perpeti
990 4040 1003 4078 :
1039 4022 1325 4095 quidquid
1357 4028 1552 4080 autem
1593 4024 1796 4095 jussit,
1844 4026 2122 4083 continuo

475 4111 835 4168 exsecutioni
863 4112 1208 4168 mandatum
1241 4115 1344 4168 est.
1384 4113 1864 4186 Suspendebatur
1891 4114 1950 4170 in
1982 4132 2120 4172 con-

475 4204 678 4273 spectu
719 4199 1008 4269 omnium,
1048 4201 1484 4270 verberabatur,
1534 4202 1914 4272 laniabatur;
1949 4210 2120 4261 conto

472 4289 725 4361 denique
753 4305 857 4361 per
883 4293 1148 4345 ventrem
1195 4294 1325 4345 acto
1371 4291 1791 4348 vulnerabatur
1821 4309 1834 4348 :
1869 4310 2120 4365 quorum

470 4378 587 4434 ista
616 4379 855 4449 quidem
886 4395 952 4434 eo
999 4378 1292 4434 faciebant
1349 4385 1417 4435 ut
1460 4380 1690 4436 dolores
1721 4381 2123 4438 incuterentur

468 4466 726 4537 Martyri,
759 4466 866 4524 hoc
893 4483 1027 4522 vero
1075 4467 1250 4522 etiam
1299 4472 1364 4522 ut
1407 4486 1566 4525 mors
1610 4468 2065 4542 subsequeretur
2105 4497 2116 4540 ;

2105 4517 2119 4540 ’

470 4570 587 4608 non
618 4553 775 4609 enim
819 4553 1204 4609 intendebant
1233 4571 1368 4610 eum
1425 4556 1496 4611 de
1541 4557 1736 4613 medio
1785 4558 1990 4615 tollere
2019 4577 2122 4632 per

470 4658 696 4708 necem,
729 4642 1043 4697 cui.brevis
1072 4647 1227 4698 esset
1276 4645 1569 4700 cruciatus
1601 4646 1971 4718 conjunctus.
2006 4650 2118 4706 Sed

2232 4646 2573 4722 ἀνείργοντος
2628 4651 2728 4702 τοῦ
2787 4651 2920 4703 Θεοῦ
2975 4665 2990 4680 ο

472 4746 664 4802 neque
693 4730 1216 4802 ista,quantumvis
1244 4732 1632 4806 vehementia,
1649 4740 1965 4808 potuerunt
1985 4755 2119 4795 eum

474 4818 842 4888 contristare,
865 4819 1211 4891 prohibente
1229 4821 1286 4877 id
1318 4821 1433 4878 Deo
1459 4840 1472 4891 ;
1507 4839 1697 4896 neque
1714 4829 1928 4881 contus
1955 4827 2125 4899 quid-

477 4924 655 4979 quam
689 4908 926 4964 omnino
985 4909 1201 4977 nocuit,
1263 4915 1543 4982 tanquam
1588 4930 1621 4968 a
1677 4913 1937 4970 solidiori
1999 4933 2122 4972 ma-

476 4997 644 5063 teria,
689 4997 873 5053 ferrea
915 4997 1187 5054 videlicet
1243 5003 1346 5056 aut
1393 5001 1788 5071 adamantina,
1851 5005 2124 5076 repulsus

479 5089 656 5157 atque
686 5089 943 5154 retusus,
979 5088 1248 5143 fortassis
1279 5093 1334 5144 et
1365 5089 1636 5162 Martyris
1669 5108 1879 5164 corpus
1915 5095 2125 5150 reveri-

475 5178 594 5242 tus,
628 5179 685 5230 et
711 5174 1225 5232 insensibilitatem
1247 5179 1479 5250 tyranni
1512 5180 1870 5253 redarguens
1903 5199 1916 5237 :
1947 5183 2128 5255 siqui-

477 5264 612 5319 dem
644 5265 788 5336 ipse,
825 5265 1045 5321 ferreus
1074 5266 1385 5334 exsisteus,
1417 5267 1856 5324 absterrebatur
1883 5271 1954 5326 ab
1984 5271 2127 5328 infe-

475 5353 658 5408 renda
679 5370 827 5408 noxa
850 5371 862 5422 ;
889 5353 985 5409 ille
1006 5356 1493 5426 autem,animarn
1514 5357 1739 5413 habens
1758 5359 2122 5428 rationalem,

475 5458 590 5497 non
648 5445 772 5498 erat
828 5442 1292 5515 placabilis;uti
1347 5460 1449 5499 nec
1506 5443 1769 5516 placatus
1837 5447 1966 5514 fuit,
2019 5465 2125 5504 nec

544 5602 812 5679 (l)_l_Ia_nc
843 5603 1151 5676 periodum
1198 5619 1642 5679 recognpscens,
1673 5607 1941 5662 existimo
1991 5607 2125 5679 plus

474 5670 918 5749 aliquiddees'se
941 5691 1121 5749 quam
1167 5670 1376 5749 nomen
1400 5670 1926 5749 Diocletiani,quod
1950 5670 2124 5734 inter-

471 5745 753 5814 pretando
782 5745 1152 5804 addidimus:
1181 5747 1415 5804 videtur
1443 5748 1602 5803 enim
1631 5745 1859 5806 institui
1889 5767 2125 5824 compa-

2237 3398 2326 3454 καὶ
2355 3399 2456 3470 τῆς
2485 3400 2602 3454 καθ’
2632 3401 2780 3474 ἡμᾶς
2811 3400 3040 3478 φύσεως.

2305 3667 2592 3739 θ’.(1).....
2662 3665 2808 3723 ἀλλὰ
2863 3665 3107 3744 λεγεῶνα
3153 3670 3480 3743 πνευμάτων
3541 3671 3684 3747 εἶχεν
3739 3663 3868 3723 ἔνδο-

2233 3757 2318 3810 θεν
2360 3753 2786 3830 διερεθιζόντων,
2837 3757 2922 3834 ὑφ’
2980 3759 3053 3813 ὧν
3101 3755 3168 3827 δὴ
3211 3757 3334 3814 τότε
3381 3759 3702 3837 πληγέντων
3743 3754 3864 3831 πρὸς

2228 3845 2328 3913 τὴν
2385 3844 2690 3922 παρῥησίαν
2761 3850 2860 3901 τοῦ
2941 3848 3214 3923 μάρτυρος
3247 3891 3262 3919 ,
3325 3851 3695 3924 μανικώτερον
3761 3846 3870 3901 ὑπε-

2230 3939 2430 3989 κινεῖτο
2463 3978 2477 4005 ,
2533 3934 2624 3989 καὶ
2683 3934 3008 4012 ἀναρτᾶσθαι
3065 3935 3156 3990 καὶ
3216 3934 3362 3993 δεινά
3425 3938 3601 3994 πάντα
3655 3937 3863 4012 πάσχειν

2231 4020 2587 4098 διεκελεύετο,
2619 4023 2710 4078 καὶ
2757 4025 2931 4079 πάντα
2974 4024 3119 4100 εἶχεν
3169 4024 3324 4090 εὐθὺς
3377 4027 3458 4091 ὡς
3511 4024 3866 4083 διεκελεύετο.

2231 4113 2527 4188 Ἀνηρτᾶτο
2582 4111 2801 4168 πάντων
2859 4113 3139 4190 ὁρώντων,
3196 4113 3419 4189 ᾐκίζετο
3454 4159 3469 4187 ,
3529 4114 3734 4190 ἐξέετο,
3785 4109 3868 4167 καὶ

2228 4199 2539 4256 τελευταῖον
2597 4206 2772 4275 κοντῷ
2837 4202 2974 4258 κατὰ
3034 4209 3139 4274 τῆς
3188 4204 3426 4280 γαστρὸς
3484 4204 3823 4282 ἐτιτρώσκετο
3850 4215 3868 4235 ο

2228 4294 2393 4346 τοῦτο
2428 4290 2522 4364 μὲν
2549 4287 2642 4346 ’ίνα
2685 4290 2777 4345 καὶ
2809 4288 2994 4346 ὀδῦναι
3047 4289 3311 4367 γένοιντο,
3359 4297 3526 4349 τοῦτο
3567 4290 3624 4348 δὲ
3657 4288 3744 4345 ἵνα
3786 4284 3870 4343 καὶ

2232 4380 2457 4444 θάνατος
2517 4377 2837 4456 ἐπιγένοιτο*
2899 4379 2960 4435 οὐ
3011 4381 3116 4456 γὰρ
3167 4380 3432 4437 ἐσκόπουν
3489 4380 3645 4438 αὐτόν
3693 4377 3870 4454 μετελ-

2229 4470 2337 4524 θεῖν
2375 4470 2636 4545 βραχεῖαν
2686 4467 2871 4544 ἔχοντι
2919 4471 3018 4538 τήν
3056 4466 3254 4540 ὀδύνην
3303 4471 3539 4544 θανάτῳ.
3580 4469 3731 4539 Πλὴν
3761 4462 3870 4522 οὔτε

2229 4557 2422 4627 ἐκεῖνα,
2456 4558 2532 4620 ὡς
2561 4559 2666 4634 ἄρα
2715 4558 2806 4613 καὶ
2855 4556 3230 4636 σφοδρότητος
3279 4558 3420 4634 εἶχε,
3470 4559 3658 4616 λυπεῖν
3715 4557 3869 4631 εἶχεν,

3049 4646 3140 4702 καὶ
3201 4648 3228 4702 6
3297 4649 3492 4711 κοντὸς
3553 4647 3867 4704 παντάπασιν

2233 4736 2500 4812 ἠπράκτει
2535 4777 2550 4805 ,
2635 4734 2815 4811 ὥσπερ
2890 4734 2950 4791 ἐκ
3014 4733 3366 4812 στερῥοτέρας
3443 4738 3591 4800 τινὸς
3675 4733 3868 4814 φύσεως

2234 4821 2461 4900 σιδηρᾶς
2518 4824 2554 4893 ἢ
2615 4822 2982 4897 ἀδαμαντίνης
3042 4823 3456 4898 ἀντωθούμενός
3511 4847 3571 4882 τε
3606 4825 3694 4882 καὶ
3747 4821 3869 4878 ἀπο-

2232 4907 2588 4987 κρουόμενος,
2638 4914 2785 4988 τάχα
2829 4912 2920 4967 καὶ
2976 4913 3038 4967 τὸ
3099 4914 3428 4990 μαρτυρικὸν
3489 4908 3869 4986 εὐλαϐούμενος

2235 5004 2413 5072 σῶμα,
2446 4999 2591 5076 τάχα
2636 5001 2726 5055 καὶ
2773 5005 2871 5054 τοῦ
2921 5000 3185 5074 τυράννου
3221 5008 3324 5071 τῆς
3370 5000 3721 5074 ἀναισθησίας
3762 5016 3871 5054 κατ-

2233 5093 2473 5165 ηγορῶν·
2509 5086 2656 5166 εἷίπερ
2714 5090 2741 5144 ὁ
2804 5090 2920 5164 μὲν,
2955 5088 3182 5170 σίδῃρος
3239 5089 3336 5159 ὢν,
3368 5091 3662 5168 ἀπέσχετο,
3718 5089 3745 5144 6
3800 5082 3868 5155 δὲ,

2235 5175 2464 5253 λογικὴν
2517 5179 2702 5254 ψυχὴν
2769 5176 2914 5254 ἔχων
2949 5224 2964 5251 ,
3026 5179 3126 5234 οὐκ
3197 5177 3400 5252 ἔμελλε
3480 5177 3868 5234 δυσωπεῖσθαι·

2236 5265 2414 5341 ὥσπερ
2474 5267 2576 5344 ἄρα
2632 5264 2747 5322 οὐδ’
2803 5265 3134 5323 ἐδυσωπεῖτο
3217 5265 3341 5322 οὐδὲ
3397 5268 3716 5324 ἀνεκόπτετο
3779 5266 3869 5330 τῆς

2234 5354 2323 5410 ἐπὶ
2381 5357 2444 5410 τὸ
2499 5353 2751 5425 κολάζειν
2803 5357 3032 5432 ὁρμῆς,
3092 5355 3400 5412 τούναντίον
3483 5357 3579 5431 μὲν
3646 5352 3736 5410 οὖν
3791 5347 3869 5406 καὶ

2239 5444 2404 5520 βαρὺς
2435 5442 2512 5500 ἔτι
2549 5443 2761 5517 μᾶλλον
2811 5445 2878 5516 ἣν
2926 5445 3016 5500 καὶ
3068 5443 3302 5524 σφοδρὸς
3359 5444 3449 5500 ἐπὶ
3490 5444 3688 5518 τούτῳ,
3721 5435 3869 5497 οἱονεῖ

2235 5608 2382 5680 ratio
2407 5608 2560 5664 inter
2581 5625 2769 5664 unum
2799 5608 2968 5663 illum
3000 5609 3456 5680 daemonem,qui
3488 5609 3700 5680 Jobum
3721 5605 3868 5660 exer-

2235 5679 2375 5752 cuit,
2429 5684 2487 5735 et
2534 5680 2954 5752 multosfillos,
3006 5681 3106 5752 qui
3138 5679 3564 5737 Diocletianum
3605 5679 3865 5737 adversus

2235 5751 2550 5824 Georgium
2579 5751 2991 5810 stimulabant.
