  <div class='ocr_page' id='page_1' title='image "/cluster/home/n/w/nwhite01/storage/ocr_20150623/142/coo.31924054870476/162.png"; bbox 0 0 4108 6452; ppageno 0'>
   <div class='ocr_carea' id='block_1_1' title="bbox 348 385 471 457">
    <p class='ocr_par' dir='ltr' id='par_1_1' title="bbox 348 385 471 457">
     <span class='ocr_line' id='line_1_1' title="bbox 348 385 471 457; baseline 0 0"><span class='ocrx_word' id='word_1_1' title='bbox 348 385 471 457; x_wconf 74' lang='lat'>309</span> 
     </span>
    </p>
   </div>
   <div class='ocr_carea' id='block_1_2' title="bbox 1608 389 2512 458">
    <p class='ocr_par' dir='ltr' id='par_1_2' title="bbox 1608 389 2512 458">
     <span class='ocr_line' id='line_1_2' title="bbox 1608 389 2512 458; baseline 0.001 -1"><span class='ocrx_word' id='word_1_2' title='bbox 1608 389 2009 458; x_wconf 67' lang='lat' dir='ltr'>LAUDATIO</span> <span class='ocrx_word' id='word_1_3' title='bbox 2052 391 2118 457; x_wconf 89' lang='lat' dir='ltr'>S.</span> <span class='ocrx_word' id='word_1_4' title='bbox 2167 391 2512 458; x_wconf 84' lang='lat' dir='ltr'>GEORGII.</span> 
     </span>
    </p>
   </div>
   <div class='ocr_carea' id='block_1_3' title="bbox 3637 392 3759 462">
    <p class='ocr_par' dir='ltr' id='par_1_3' title="bbox 3637 392 3759 462">
     <span class='ocr_line' id='line_1_3' title="bbox 3637 392 3759 462; baseline -0.016 0"><span class='ocrx_word' id='word_1_5' title='bbox 3637 392 3759 462; x_wconf 77' lang='lat'>310</span> 
     </span>
    </p>
   </div>
   <div class='ocr_carea' id='block_1_4' title="bbox 329 518 1974 610">
    <p class='ocr_par' dir='ltr' id='par_1_4' title="bbox 329 518 1974 604">
     <span class='ocr_line' id='line_1_4' title="bbox 329 518 1974 604; baseline 0 -22"><span class='ocrx_word' id='word_1_6' title='bbox 329 523 586 601; x_wconf 76' lang='grc' dir='ltr'>μείζονος</span> <span class='ocrx_word' id='word_1_7' title='bbox 639 518 828 588; x_wconf 76' lang='grc' dir='ltr'>κακίας</span> <span class='ocrx_word' id='word_1_8' title='bbox 878 519 957 588; x_wconf 80' lang='grc' dir='ltr'>εἷς</span> <span class='ocrx_word' id='word_1_9' title='bbox 1013 520 1269 604; x_wconf 79' lang='grc' dir='ltr'>ἀφορμὴν</span> <span class='ocrx_word' id='word_1_10' title='bbox 1349 526 1448 581; x_wconf 73' lang='grc' dir='ltr'>τοῖ’)</span> <span class='ocrx_word' id='word_1_11' title='bbox 1523 523 1800 599; x_wconf 75' lang='grc' dir='ltr'>θαύματος</span> <span class='ocrx_word' id='word_1_12' title='bbox 1844 525 1974 599; x_wconf 81' lang='grc' dir='ltr'>αύτᾷ</span> 
     </span>
    </p>
   </div>
   <div class='ocr_carea' id='block_1_5' title="bbox 2088 518 3756 610">
    <p class='ocr_par' dir='ltr' id='par_1_5' title="bbox 2102 527 3756 604">
     <span class='ocr_line' id='line_1_5' title="bbox 2102 527 3756 604; baseline 0.002 -21"><span class='ocrx_word' id='word_1_13' title='bbox 2102 527 2444 602; x_wconf 90' lang='lat' dir='ltr'>impeditus,</span> <span class='ocrx_word' id='word_1_14' title='bbox 2495 544 2610 603; x_wconf 89' lang='lat' dir='ltr'>quo</span> <span class='ocrx_word' id='word_1_15' title='bbox 2672 527 2870 587; x_wconf 89' lang='lat' dir='ltr'>minus</span> <span class='ocrx_word' id='word_1_16' title='bbox 2911 545 3044 588; x_wconf 89' lang='lat' dir='ltr'>eum</span> <span class='ocrx_word' id='word_1_17' title='bbox 3103 527 3362 604; x_wconf 81' lang='lat' dir='ltr'>amplius</span> <span class='ocrx_word' id='word_1_18' title='bbox 3414 527 3586 588; x_wconf 76' lang='lat' dir='ltr'>vellet</span> <span class='ocrx_word' id='word_1_19' title='bbox 3631 533 3756 588; x_wconf 87' lang='lat' dir='ltr'>tor-</span> 
     </span>
    </p>
   </div>
   <div class='ocr_carea' id='block_1_6' title="bbox 320 612 1984 692">
    <p class='ocr_par' dir='ltr' id='par_1_6' title="bbox 320 612 1984 692">
     <span class='ocr_line' id='line_1_6' title="bbox 320 612 1984 692; baseline -0.001 -21"><span class='ocrx_word' id='word_1_20' title='bbox 320 615 618 692; x_wconf 86' lang='grc' dir='ltr'>γεγονότος</span> <span class='ocrx_word' id='word_1_21' title='bbox 667 616 796 690; x_wconf 88' lang='grc' dir='ltr'>(τῶν</span> <span class='ocrx_word' id='word_1_22' title='bbox 853 615 956 692; x_wconf 75' lang='grc' dir='ltr'>γὰρ</span> <span class='ocrx_word' id='word_1_23' title='bbox 1026 614 1256 676; x_wconf 81' lang='grc' dir='ltr'>ἀνιάτως</span> <span class='ocrx_word' id='word_1_24' title='bbox 1312 612 1553 691; x_wconf 86' lang='grc' dir='ltr'>ἐχόντων</span> <span class='ocrx_word' id='word_1_25' title='bbox 1603 613 1740 686; x_wconf 72' lang='grc' dir='ltr'>αὕτη</span> <span class='ocrx_word' id='word_1_26' title='bbox 1807 612 1984 687; x_wconf 80' lang='grc' dir='ltr'>δήπου</span> 
     </span>
    </p>
   </div>
   <div class='ocr_carea' id='block_1_7' title="bbox 321 698 1983 785">
    <p class='ocr_par' dir='ltr' id='par_1_7' title="bbox 321 698 1983 785">
     <span class='ocr_line' id='line_1_7' title="bbox 321 698 1983 785; baseline -0.001 -25"><span class='ocrx_word' id='word_1_27' title='bbox 321 705 486 785; x_wconf 87' lang='grc' dir='ltr'>φύσις</span> <span class='ocrx_word' id='word_1_28' title='bbox 534 703 613 767; x_wconf 73' lang='grc' dir='ltr'>εἷς</span> <span class='ocrx_word' id='word_1_29' title='bbox 661 698 874 780; x_wconf 92' lang='grc' dir='ltr'>βλάϐην</span> <span class='ocrx_word' id='word_1_30' title='bbox 919 704 1269 779; x_wconf 85' lang='grc' dir='ltr'>μετατρέπειν</span> <span class='ocrx_word' id='word_1_31' title='bbox 1318 701 1521 759; x_wconf 80' lang='grc' dir='ltr'>οἷ’κείαν</span> <span class='ocrx_word' id='word_1_32' title='bbox 1576 705 1636 759; x_wconf 86' lang='grc' dir='ltr'>ἐκ</span> <span class='ocrx_word' id='word_1_33' title='bbox 1684 708 1782 774; x_wconf 75' lang='grc' dir='ltr'>τῆς</span> <span class='ocrx_word' id='word_1_34' title='bbox 1834 703 1983 760; x_wconf 86' lang='grc' dir='ltr'>ἐνού-</span> 
     </span>
    </p>
   </div>
   <div class='ocr_carea' id='block_1_8' title="bbox 321 789 1984 872">
    <p class='ocr_par' dir='ltr' id='par_1_8' title="bbox 321 789 1984 872">
     <span class='ocr_line' id='line_1_8' title="bbox 321 789 1984 872; baseline -0.002 -21"><span class='ocrx_word' id='word_1_35' title='bbox 321 815 426 867; x_wconf 88' lang='grc' dir='ltr'>σης</span> <span class='ocrx_word' id='word_1_36' title='bbox 481 793 832 866; x_wconf 76' lang='grc' dir='ltr'>κακοηθείας,</span> <span class='ocrx_word' id='word_1_37' title='bbox 881 791 1014 872; x_wconf 73' lang='grc' dir='ltr'>ὅπερ</span> <span class='ocrx_word' id='word_1_38' title='bbox 1073 789 1135 849; x_wconf 72' lang='grc' dir='ltr'>ἄν</span> <span class='ocrx_word' id='word_1_39' title='bbox 1193 813 1278 856; x_wconf 89' lang='grc' dir='ltr'>τις</span> <span class='ocrx_word' id='word_1_40' title='bbox 1333 792 1423 848; x_wconf 83' lang='grc' dir='ltr'>καί</span> <span class='ocrx_word' id='word_1_41' title='bbox 1479 791 1816 871; x_wconf 70' lang='grc' dir='ltr'>προσενέγκῃ</span> <span class='ocrx_word' id='word_1_42' title='bbox 1875 815 1984 848; x_wconf 92' lang='grc' dir='ltr'>σω-</span> 
     </span>
    </p>
   </div>
   <div class='ocr_carea' id='block_1_9' title="bbox 318 878 1986 962">
    <p class='ocr_par' dir='ltr' id='par_1_9' title="bbox 318 878 1986 962">
     <span class='ocr_line' id='line_1_9' title="bbox 318 878 1986 962; baseline -0.001 -24"><span class='ocrx_word' id='word_1_43' title='bbox 318 881 521 961; x_wconf 87' lang='grc' dir='ltr'>τηρίας</span> <span class='ocrx_word' id='word_1_44' title='bbox 550 883 883 962; x_wconf 86' lang='grc' dir='ltr'>φάρμακον)·</span> <span class='ocrx_word' id='word_1_45' title='bbox 926 880 1016 938; x_wconf 76' lang='grc' dir='ltr'>διὰ</span> <span class='ocrx_word' id='word_1_46' title='bbox 1060 886 1222 938; x_wconf 79' lang='grc' dir='ltr'>τοῦτο</span> <span class='ocrx_word' id='word_1_47' title='bbox 1270 881 1361 938; x_wconf 81' lang='grc' dir='ltr'>καὶ</span> <span class='ocrx_word' id='word_1_48' title='bbox 1415 878 1638 956; x_wconf 74' lang='grc' dir='ltr'>ἕτοιμος</span> <span class='ocrx_word' id='word_1_49' title='bbox 1677 883 1744 953; x_wconf 78' lang='grc' dir='ltr'>ἦν</span> <span class='ocrx_word' id='word_1_50' title='bbox 1793 881 1986 938; x_wconf 81' lang='grc' dir='ltr'>αὐτίκα</span> 
     </span>
    </p>
   </div>
   <div class='ocr_carea' id='block_1_10' title="bbox 322 967 1982 1049">
    <p class='ocr_par' dir='ltr' id='par_1_10' title="bbox 322 967 1982 1049">
     <span class='ocr_line' id='line_1_10' title="bbox 322 967 1982 1049; baseline -0.002 -20"><span class='ocrx_word' id='word_1_51' title='bbox 322 972 481 1044; x_wconf 84' lang='grc' dir='ltr'>τότε,</span> <span class='ocrx_word' id='word_1_52' title='bbox 529 969 941 1049; x_wconf 83' lang='grc' dir='ltr'>χαλεπωτέραις</span> <span class='ocrx_word' id='word_1_53' title='bbox 982 976 1104 1035; x_wconf 81' lang='grc' dir='ltr'>ταῖς</span> <span class='ocrx_word' id='word_1_54' title='bbox 1147 971 1439 1047; x_wconf 84' lang='grc' dir='ltr'>τιμωρίαις</span> <span class='ocrx_word' id='word_1_55' title='bbox 1486 967 1748 1047; x_wconf 87' lang='grc' dir='ltr'>ἐκτρίϐειν</span> <span class='ocrx_word' id='word_1_56' title='bbox 1800 971 1982 1026; x_wconf 80' lang='grc' dir='ltr'>αὐτόν·</span> 
     </span>
    </p>
   </div>
   <div class='ocr_carea' id='block_1_11' title="bbox 331 1057 1984 1138">
    <p class='ocr_par' dir='ltr' id='par_1_11' title="bbox 331 1057 1984 1138">
     <span class='ocr_line' id='line_1_11' title="bbox 331 1057 1984 1138; baseline -0.002 -20"><span class='ocrx_word' id='word_1_57' title='bbox 331 1061 480 1118; x_wconf 75' lang='grc' dir='ltr'>ὥστε</span> <span class='ocrx_word' id='word_1_58' title='bbox 522 1063 629 1134; x_wconf 80' lang='grc' dir='ltr'>καὶ,</span> <span class='ocrx_word' id='word_1_59' title='bbox 658 1059 742 1116; x_wconf 74' lang='grc' dir='ltr'>ὅτι</span> <span class='ocrx_word' id='word_1_60' title='bbox 795 1062 870 1136; x_wconf 81' lang='grc' dir='ltr'>μὴ</span> <span class='ocrx_word' id='word_1_61' title='bbox 921 1060 1085 1125; x_wconf 85' lang='grc' dir='ltr'>σέλας</span> <span class='ocrx_word' id='word_1_62' title='bbox 1125 1061 1216 1131; x_wconf 79' lang='grc' dir='ltr'>ἦν,</span> <span class='ocrx_word' id='word_1_63' title='bbox 1247 1057 1427 1116; x_wconf 79' lang='grc' dir='ltr'>ἄδειαν</span> <span class='ocrx_word' id='word_1_64' title='bbox 1483 1061 1740 1138; x_wconf 89' lang='grc' dir='ltr'>παρέχων</span> <span class='ocrx_word' id='word_1_65' title='bbox 1793 1059 1984 1134; x_wconf 84' lang='grc' dir='ltr'>ἐκείνῳ</span> 
     </span>
    </p>
   </div>
   <div class='ocr_carea' id='block_1_12' title="bbox 328 1149 1520 1229">
    <p class='ocr_par' dir='ltr' id='par_1_12' title="bbox 328 1149 1520 1229">
     <span class='ocr_line' id='line_1_12' title="bbox 328 1149 1520 1229; baseline 0 -21"><span class='ocrx_word' id='word_1_66' title='bbox 328 1153 474 1208; x_wconf 82' lang='grc' dir='ltr'>κατά</span> <span class='ocrx_word' id='word_1_67' title='bbox 498 1155 592 1207; x_wconf 76' lang='grc' dir='ltr'>τοῦ</span> <span class='ocrx_word' id='word_1_68' title='bbox 623 1155 955 1229; x_wconf 87' lang='grc' dir='ltr'>μαρτυρικοῦ</span> <span class='ocrx_word' id='word_1_69' title='bbox 991 1150 1169 1206; x_wconf 85' lang='grc' dir='ltr'>νώτου</span> <span class='ocrx_word' id='word_1_70' title='bbox 1199 1149 1520 1208; x_wconf 85' lang='grc' dir='ltr'>τεκταίνειν.</span> 
     </span>
    </p>
   </div>
   <div class='ocr_carea' id='block_1_13' title="bbox 2099 619 3748 692">
    <p class='ocr_par' dir='ltr' id='par_1_13' title="bbox 2099 619 3748 692">
     <span class='ocr_line' id='line_1_13' title="bbox 2099 619 3748 692; baseline 0.002 -20"><span class='ocrx_word' id='word_1_71' title='bbox 2099 632 2312 690; x_wconf 81' lang='lat' dir='ltr'>quare;</span> <span class='ocrx_word' id='word_1_72' title='bbox 2353 619 2455 674; x_wconf 91' lang='lat' dir='ltr'>sed</span> <span class='ocrx_word' id='word_1_73' title='bbox 2485 635 2517 675; x_wconf 92' lang='lat' dir='ltr'>e</span> <span class='ocrx_word' id='word_1_74' title='bbox 2570 624 2774 677; x_wconf 89' lang='lat' dir='ltr'>contra</span> <span class='ocrx_word' id='word_1_75' title='bbox 2829 619 3158 692; x_wconf 83' lang='lat' dir='ltr'>impensius</span> <span class='ocrx_word' id='word_1_76' title='bbox 3215 620 3391 676; x_wconf 90' lang='lat' dir='ltr'>etiam</span> <span class='ocrx_word' id='word_1_77' title='bbox 3427 620 3748 676; x_wconf 87' lang='lat' dir='ltr'>vehemen-</span> 
     </span>
    </p>
   </div>
   <div class='ocr_carea' id='block_1_14' title="bbox 2096 707 3750 782">
    <p class='ocr_par' dir='ltr' id='par_1_14' title="bbox 2096 707 3750 782">
     <span class='ocr_line' id='line_1_14' title="bbox 2096 707 3750 782; baseline 0.002 -20"><span class='ocrx_word' id='word_1_78' title='bbox 2096 707 2332 778; x_wconf 89' lang='lat' dir='ltr'>tiusque</span> <span class='ocrx_word' id='word_1_79' title='bbox 2360 708 2418 762; x_wconf 90' lang='lat' dir='ltr'>in</span> <span class='ocrx_word' id='word_1_80' title='bbox 2448 708 2506 763; x_wconf 93' lang='lat' dir='ltr'>id</span> <span class='ocrx_word' id='word_1_81' title='bbox 2537 708 2824 765; x_wconf 85' lang='lat' dir='ltr'>incubuit.</span> <span class='ocrx_word' id='word_1_82' title='bbox 2865 712 3062 782; x_wconf 86' lang='lat' dir='ltr'>Itaque</span> <span class='ocrx_word' id='word_1_83' title='bbox 3086 709 3314 766; x_wconf 87' lang='lat' dir='ltr'>auctior</span> <span class='ocrx_word' id='word_1_84' title='bbox 3342 709 3750 782; x_wconf 90' lang='lat' dir='ltr'>semperillius</span> 
     </span>
    </p>
   </div>
   <div class='ocr_carea' id='block_1_15' title="bbox 2095 795 3748 872">
    <p class='ocr_par' dir='ltr' id='par_1_15' title="bbox 2095 795 3748 872">
     <span class='ocr_line' id='line_1_15' title="bbox 2095 795 3748 872; baseline 0.002 -22"><span class='ocrx_word' id='word_1_85' title='bbox 2095 795 2330 853; x_wconf 88' lang='lat' dir='ltr'>malicia</span> <span class='ocrx_word' id='word_1_86' title='bbox 2361 798 2609 869; x_wconf 75' lang='lat' dir='ltr'>praebuit</span> <span class='ocrx_word' id='word_1_87' title='bbox 2638 799 2882 872; x_wconf 78' lang='lat' dir='ltr'>Martyri</span> <span class='ocrx_word' id='word_1_88' title='bbox 2914 799 3157 871; x_wconf 78' lang='lat' dir='ltr'>majoris</span> <span class='ocrx_word' id='word_1_89' title='bbox 3191 797 3461 855; x_wconf 86' lang='lat' dir='ltr'>miraculi</span> <span class='ocrx_word' id='word_1_90' title='bbox 3491 798 3748 855; x_wconf 87' lang='lat' dir='ltr'>occasio-</span> 
     </span>
    </p>
   </div>
   <div class='ocr_carea' id='block_1_16' title="bbox 2094 886 3750 961">
    <p class='ocr_par' dir='ltr' id='par_1_16' title="bbox 2094 886 3750 961">
     <span class='ocr_line' id='line_1_16' title="bbox 2094 886 3750 961; baseline 0.002 -22"><span class='ocrx_word' id='word_1_91' title='bbox 2094 900 2230 940; x_wconf 87' lang='lat' dir='ltr'>nem</span> <span class='ocrx_word' id='word_1_92' title='bbox 2264 901 2276 939; x_wconf 90' lang='lat'><strong>:</strong></span> <span class='ocrx_word' id='word_1_93' title='bbox 2311 886 2732 943; x_wconf 89' lang='lat' dir='ltr'>incurabilium</span> <span class='ocrx_word' id='word_1_94' title='bbox 2755 888 2910 944; x_wconf 91' lang='lat' dir='ltr'>enim</span> <span class='ocrx_word' id='word_1_95' title='bbox 2944 894 3051 960; x_wconf 90' lang='lat' dir='ltr'>est,</span> <span class='ocrx_word' id='word_1_96' title='bbox 3092 889 3247 961; x_wconf 90' lang='lat' dir='ltr'>quod</span> <span class='ocrx_word' id='word_1_97' title='bbox 3282 889 3410 960; x_wconf 89' lang='lat' dir='ltr'>ipsa</span> <span class='ocrx_word' id='word_1_98' title='bbox 3440 891 3654 943; x_wconf 88' lang='lat' dir='ltr'>natura</span> <span class='ocrx_word' id='word_1_99' title='bbox 3681 903 3750 943; x_wconf 84' lang='lat' dir='ltr'>ex</span> 
     </span>
    </p>
   </div>
   <div class='ocr_carea' id='block_1_17' title="bbox 2094 973 3749 1050">
    <p class='ocr_par' dir='ltr' id='par_1_17' title="bbox 2094 973 3749 1050">
     <span class='ocr_line' id='line_1_17' title="bbox 2094 973 3749 1050; baseline 0.003 -23"><span class='ocrx_word' id='word_1_100' title='bbox 2094 973 2272 1028; x_wconf 89' lang='lat' dir='ltr'>insita</span> <span class='ocrx_word' id='word_1_101' title='bbox 2293 974 2661 1048; x_wconf 80' lang='lat' dir='ltr'>malignitate</span> <span class='ocrx_word' id='word_1_102' title='bbox 2694 977 2754 1033; x_wconf 93' lang='lat' dir='ltr'>in</span> <span class='ocrx_word' id='word_1_103' title='bbox 2780 978 3082 1050; x_wconf 90' lang='lat' dir='ltr'>proprium</span> <span class='ocrx_word' id='word_1_104' title='bbox 3118 981 3749 1034; x_wconf 86' lang='lat' dir='ltr'>convertatnocumen-</span> 
     </span>
    </p>
   </div>
   <div class='ocr_carea' id='block_1_18' title="bbox 2091 1063 3747 1140">
    <p class='ocr_par' dir='ltr' id='par_1_18' title="bbox 2091 1063 3747 1140">
     <span class='ocr_line' id='line_1_18' title="bbox 2091 1063 3747 1140; baseline 0.002 -23"><span class='ocrx_word' id='word_1_105' title='bbox 2091 1065 2241 1129; x_wconf 89' lang='lat' dir='ltr'>tum,</span> <span class='ocrx_word' id='word_1_106' title='bbox 2275 1063 2324 1119; x_wconf 92' lang='lat' dir='ltr'>si</span> <span class='ocrx_word' id='word_1_107' title='bbox 2355 1067 2512 1136; x_wconf 90' lang='lat' dir='ltr'>quod</span> <span class='ocrx_word' id='word_1_108' title='bbox 2541 1067 2869 1138; x_wconf 87' lang='lat' dir='ltr'>applicetur</span> <span class='ocrx_word' id='word_1_109' title='bbox 2899 1067 3157 1124; x_wconf 87' lang='lat' dir='ltr'>salutare</span> <span class='ocrx_word' id='word_1_110' title='bbox 3216 1067 3603 1140; x_wconf 88' lang='lat' dir='ltr'>pharmacum</span> <span class='ocrx_word' id='word_1_111' title='bbox 3639 1083 3652 1121; x_wconf 95' lang='lat'>:</span> <span class='ocrx_word' id='word_1_112' title='bbox 3688 1069 3747 1121; x_wconf 90' lang='lat' dir='ltr'>et</span> 
     </span>
    </p>
   </div>
   <div class='ocr_carea' id='block_1_19' title="bbox 2095 1155 3743 1230">
    <p class='ocr_par' dir='ltr' id='par_1_19' title="bbox 2095 1155 3743 1230">
     <span class='ocr_line' id='line_1_19' title="bbox 2095 1155 3743 1230; baseline 0.002 -24"><span class='ocrx_word' id='word_1_113' title='bbox 2095 1156 2400 1224; x_wconf 88' lang='lat' dir='ltr'>propterea</span> <span class='ocrx_word' id='word_1_114' title='bbox 2423 1155 2721 1211; x_wconf 83' lang='lat' dir='ltr'>nitebatur</span> <span class='ocrx_word' id='word_1_115' title='bbox 2749 1157 3062 1230; x_wconf 89' lang='lat' dir='ltr'>Martyrem</span> <span class='ocrx_word' id='word_1_116' title='bbox 3093 1155 3465 1229; x_wconf 84' lang='lat' dir='ltr'>gravioribus</span> <span class='ocrx_word' id='word_1_117' title='bbox 3505 1172 3570 1212; x_wconf 90' lang='lat' dir='ltr'>ac</span> <span class='ocrx_word' id='word_1_118' title='bbox 3611 1171 3743 1227; x_wconf 88' lang='lat' dir='ltr'>gra-</span> 
     </span>
    </p>
   </div>
   <div class='ocr_carea' id='block_1_20' title="bbox 328 1239 3748 1317">
    <p class='ocr_par' dir='ltr' id='par_1_20' title="bbox 328 1239 3748 1317">
     <span class='ocr_line' id='line_1_20' title="bbox 328 1239 3748 1317; baseline 0 -19"><span class='ocrx_word' id='word_1_119' title='bbox 328 1242 590 1300; x_wconf 85' lang='lat' dir='ltr'>vioribus</span> <span class='ocrx_word' id='word_1_120' title='bbox 644 1257 874 1313; x_wconf 88' lang='lat' dir='ltr'>semper</span> <span class='ocrx_word' id='word_1_121' title='bbox 926 1241 1234 1314; x_wconf 85' lang='lat' dir='ltr'>suppliciis</span> <span class='ocrx_word' id='word_1_122' title='bbox 1264 1245 1594 1302; x_wconf 84' lang='lat' dir='ltr'>conterere:</span> <span class='ocrx_word' id='word_1_123' title='bbox 1657 1239 1800 1296; x_wconf 89' lang='lat' dir='ltr'>adeo</span> <span class='ocrx_word' id='word_1_124' title='bbox 1844 1243 1910 1294; x_wconf 91' lang='lat' dir='ltr'>ut</span> <span class='ocrx_word' id='word_1_125' title='bbox 1958 1255 2063 1296; x_wconf 88' lang='lat' dir='ltr'>nec</span> <span class='ocrx_word' id='word_1_126' title='bbox 2093 1241 2400 1299; x_wconf 87' lang='lat' dir='ltr'>deﬁciente</span> <span class='ocrx_word' id='word_1_127' title='bbox 2443 1244 2681 1316; x_wconf 90' lang='lat' dir='ltr'>quidem</span> <span class='ocrx_word' id='word_1_128' title='bbox 2730 1245 2977 1314; x_wconf 90' lang='lat' dir='ltr'>lumine,</span> <span class='ocrx_word' id='word_1_129' title='bbox 3024 1246 3516 1303; x_wconf 88' lang='lat' dir='ltr'>verecundaretur</span> <span class='ocrx_word' id='word_1_130' title='bbox 3569 1261 3748 1317; x_wconf 85' lang='lat' dir='ltr'>supra</span> 
     </span>
    </p>
   </div>
   <div class='ocr_carea' id='block_1_21' title="bbox 327 1327 1983 1404">
    <p class='ocr_par' dir='ltr' id='par_1_21' title="bbox 327 1327 1983 1404">
     <span class='ocr_line' id='line_1_21' title="bbox 327 1327 1983 1404; baseline -0.004 -16"><span class='ocrx_word' id='word_1_131' title='bbox 327 1332 569 1389; x_wconf 88' lang='lat' dir='ltr'>dorsum</span> <span class='ocrx_word' id='word_1_132' title='bbox 597 1331 888 1404; x_wconf 80' lang='lat' dir='ltr'>Martyris,</span> <span class='ocrx_word' id='word_1_133' title='bbox 920 1335 988 1387; x_wconf 90' lang='lat' dir='ltr'>ut</span> <span class='ocrx_word' id='word_1_134' title='bbox 1015 1329 1332 1386; x_wconf 87' lang='lat' dir='ltr'>Psalmista</span> <span class='ocrx_word' id='word_1_135' title='bbox 1360 1329 1641 1402; x_wconf 89' lang='lat' dir='ltr'>loquitur,</span> <span class='ocrx_word' id='word_1_136' title='bbox 1675 1327 1983 1384; x_wconf 84' lang='lat' dir='ltr'>fabricare.</span> 
     </span>
    </p>
   </div>
   <div class='ocr_carea' id='block_1_22' title="bbox 398 1414 1980 1495">
    <p class='ocr_par' dir='ltr' id='par_1_22' title="bbox 398 1414 1980 1495">
     <span class='ocr_line' id='line_1_22' title="bbox 398 1414 1980 1495; baseline 0 -23"><span class='ocrx_word' id='word_1_137' title='bbox 398 1425 451 1474; x_wconf 90' lang='grc' dir='ltr'>ι’.</span> <span class='ocrx_word' id='word_1_138' title='bbox 505 1416 667 1474; x_wconf 82' lang='grc' dir='ltr'>Ἀλλ’</span> <span class='ocrx_word' id='word_1_139' title='bbox 719 1417 862 1495; x_wconf 78' lang='grc' dir='ltr'>εἶργε</span> <span class='ocrx_word' id='word_1_140' title='bbox 913 1424 984 1488; x_wconf 86' lang='grc' dir='ltr'>τῆ</span> <span class='ocrx_word' id='word_1_141' title='bbox 1039 1416 1443 1494; x_wconf 79' lang='grc' dir='ltr'>ἐπιγειρήσεως</span> <span class='ocrx_word' id='word_1_142' title='bbox 1508 1415 1596 1488; x_wconf 78' lang='grc' dir='ltr'>νὺξ</span> <span class='ocrx_word' id='word_1_143' title='bbox 1655 1414 1980 1472; x_wconf 77' lang='grc' dir='ltr'>ἐπελθοῦσα.</span> 
     </span>
    </p>
   </div>
   <div class='ocr_carea' id='block_1_23' title="bbox 318 1502 1979 1586">
    <p class='ocr_par' dir='ltr' id='par_1_23' title="bbox 318 1502 1979 1586">
     <span class='ocr_line' id='line_1_23' title="bbox 318 1502 1979 1586; baseline -0.002 -23"><span class='ocrx_word' id='word_1_144' title='bbox 318 1505 612 1564; x_wconf 87' lang='grc' dir='ltr'>Δεινότατα</span> <span class='ocrx_word' id='word_1_145' title='bbox 665 1502 848 1586; x_wconf 78' lang='grc' dir='ltr'>ἔφερε·</span> <span class='ocrx_word' id='word_1_146' title='bbox 916 1506 1143 1584; x_wconf 82' lang='grc' dir='ltr'>βάσανον</span> <span class='ocrx_word' id='word_1_147' title='bbox 1229 1506 1404 1579; x_wconf 75' lang='grc' dir='ltr'>ἑαυτῷ</span> <span class='ocrx_word' id='word_1_148' title='bbox 1483 1505 1581 1575; x_wconf 79' lang='grc' dir='ltr'>τήν</span> <span class='ocrx_word' id='word_1_149' title='bbox 1675 1505 1979 1582; x_wconf 77' lang='grc' dir='ltr'>βαρυτάτην</span> 
     </span>
    </p>
   </div>
   <div class='ocr_carea' id='block_1_24' title="bbox 315 1592 1977 1671">
    <p class='ocr_par' dir='ltr' id='par_1_24' title="bbox 315 1592 1977 1671">
     <span class='ocr_line' id='line_1_24' title="bbox 315 1592 1977 1671; baseline -0.001 -20"><span class='ocrx_word' id='word_1_150' title='bbox 315 1595 580 1671; x_wconf 81' lang='grc' dir='ltr'>οἰόμενος</span> <span class='ocrx_word' id='word_1_151' title='bbox 636 1597 700 1651; x_wconf 86' lang='grc' dir='ltr'>τὸ</span> <span class='ocrx_word' id='word_1_152' title='bbox 754 1594 845 1651; x_wconf 87' lang='grc' dir='ltr'>καὶ</span> <span class='ocrx_word' id='word_1_153' title='bbox 908 1593 1128 1670; x_wconf 83' lang='grc' dir='ltr'>μετρίας</span> <span class='ocrx_word' id='word_1_154' title='bbox 1189 1593 1486 1670; x_wconf 83' lang='grc' dir='ltr'>ἀνακωχῆς</span> <span class='ocrx_word' id='word_1_155' title='bbox 1539 1592 1736 1649; x_wconf 85' lang='grc' dir='ltr'>ἐκεῖνον</span> <span class='ocrx_word' id='word_1_156' title='bbox 1766 1599 1977 1670; x_wconf 76' lang='grc' dir='ltr'>τυγεῖν.</span> 
     </span>
    </p>
   </div>
   <div class='ocr_carea' id='block_1_25' title="bbox 313 1680 1978 1758">
    <p class='ocr_par' dir='ltr' id='par_1_25' title="bbox 313 1680 1978 1758">
     <span class='ocr_line' id='line_1_25' title="bbox 313 1680 1978 1758; baseline -0.001 -19"><span class='ocrx_word' id='word_1_157' title='bbox 313 1683 392 1741; x_wconf 81' lang='grc' dir='ltr'>Ού</span> <span class='ocrx_word' id='word_1_158' title='bbox 442 1685 555 1758; x_wconf 74' lang='grc' dir='ltr'>μὴν</span> <span class='ocrx_word' id='word_1_159' title='bbox 604 1681 664 1740; x_wconf 76' lang='grc' dir='ltr'>δὲ</span> <span class='ocrx_word' id='word_1_160' title='bbox 709 1683 801 1740; x_wconf 78' lang='grc' dir='ltr'>καὶ</span> <span class='ocrx_word' id='word_1_161' title='bbox 848 1682 1183 1739; x_wconf 89' lang='grc' dir='ltr'>παντάπασιν</span> <span class='ocrx_word' id='word_1_162' title='bbox 1233 1683 1335 1738; x_wconf 85' lang='grc' dir='ltr'>ὑπὸ</span> <span class='ocrx_word' id='word_1_163' title='bbox 1403 1681 1712 1758; x_wconf 81' lang='grc' dir='ltr'>προθυμίας</span> <span class='ocrx_word' id='word_1_164' title='bbox 1785 1680 1978 1756; x_wconf 70' lang='grc' dir='ltr'>ἠμέλει</span> 
     </span>
    </p>
   </div>
   <div class='ocr_carea' id='block_1_26' title="bbox 315 1769 1974 1850">
    <p class='ocr_par' dir='ltr' id='par_1_26' title="bbox 315 1769 1974 1850">
     <span class='ocr_line' id='line_1_26' title="bbox 315 1769 1974 1850; baseline -0.003 -20"><span class='ocrx_word' id='word_1_165' title='bbox 315 1771 411 1830; x_wconf 74' lang='grc' dir='ltr'>διὰ</span> <span class='ocrx_word' id='word_1_166' title='bbox 464 1775 568 1844; x_wconf 78' lang='grc' dir='ltr'>τὴν</span> <span class='ocrx_word' id='word_1_167' title='bbox 629 1771 798 1850; x_wconf 82' lang='grc' dir='ltr'>ὥραν,</span> <span class='ocrx_word' id='word_1_168' title='bbox 841 1769 956 1828; x_wconf 78' lang='grc' dir='ltr'>οὐδ’</span> <span class='ocrx_word' id='word_1_169' title='bbox 1012 1769 1346 1830; x_wconf 78' lang='grc' dir='ltr'>ἀνεϐάλλετο</span> <span class='ocrx_word' id='word_1_170' title='bbox 1400 1772 1496 1834; x_wconf 78' lang='grc' dir='ltr'>τὰς</span> <span class='ocrx_word' id='word_1_171' title='bbox 1554 1771 1828 1838; x_wconf 78' lang='grc' dir='ltr'>κολάσεις,</span> <span class='ocrx_word' id='word_1_172' title='bbox 1891 1771 1974 1826; x_wconf 80' lang='grc' dir='ltr'>ὅτι</span> 
     </span>
    </p>
   </div>
   <div class='ocr_carea' id='block_1_27' title="bbox 317 1858 1974 1940">
    <p class='ocr_par' dir='ltr' id='par_1_27' title="bbox 317 1858 1974 1940">
     <span class='ocr_line' id='line_1_27' title="bbox 317 1858 1974 1940; baseline -0.002 -21"><span class='ocrx_word' id='word_1_173' title='bbox 317 1861 468 1938; x_wconf 73' lang='grc' dir='ltr'>μηδὶ</span> <span class='ocrx_word' id='word_1_174' title='bbox 493 1869 597 1935; x_wconf 84' lang='grc' dir='ltr'>τῆς</span> <span class='ocrx_word' id='word_1_175' title='bbox 627 1859 938 1940; x_wconf 86' lang='grc' dir='ltr'>θηριώδους</span> <span class='ocrx_word' id='word_1_176' title='bbox 965 1862 1033 1933; x_wconf 76' lang='grc' dir='ltr'>ἦν</span> <span class='ocrx_word' id='word_1_177' title='bbox 1083 1861 1290 1917; x_wconf 85' lang='grc' dir='ltr'>ἐκείνου</span> <span class='ocrx_word' id='word_1_178' title='bbox 1336 1864 1522 1937; x_wconf 82' lang='grc' dir='ltr'>ψυχῆς</span> <span class='ocrx_word' id='word_1_179' title='bbox 1568 1859 1728 1916; x_wconf 74' lang='grc' dir='ltr'>εἷ’κειν</span> <span class='ocrx_word' id='word_1_180' title='bbox 1779 1858 1974 1916; x_wconf 63' lang='grc' dir='ltr'>εῗδέναι</span> 
     </span>
    </p>
   </div>
   <div class='ocr_carea' id='block_1_28' title="bbox 2165 1421 3748 1495">
    <p class='ocr_par' dir='ltr' id='par_1_28' title="bbox 2165 1421 3748 1495">
     <span class='ocr_line' id='line_1_28' title="bbox 2165 1421 3748 1495; baseline 0 -19"><span class='ocrx_word' id='word_1_181' title='bbox 2165 1423 2252 1476; x_wconf 92' lang='grc'>10.</span> <span class='ocrx_word' id='word_1_182' title='bbox 2285 1422 2396 1476; x_wconf 91' lang='lat' dir='ltr'>Sed</span> <span class='ocrx_word' id='word_1_183' title='bbox 2427 1425 2621 1478; x_wconf 87' lang='lat' dir='ltr'>tamen</span> <span class='ocrx_word' id='word_1_184' title='bbox 2656 1423 3072 1494; x_wconf 81' lang='lat' dir='ltr'>superveniens</span> <span class='ocrx_word' id='word_1_185' title='bbox 3119 1441 3234 1479; x_wconf 86' lang='lat' dir='ltr'>nox</span> <span class='ocrx_word' id='word_1_186' title='bbox 3281 1423 3468 1495; x_wconf 85' lang='lat' dir='ltr'>coegit</span> <span class='ocrx_word' id='word_1_187' title='bbox 3519 1423 3591 1478; x_wconf 89' lang='lat' dir='ltr'>ab</span> <span class='ocrx_word' id='word_1_188' title='bbox 3650 1421 3748 1476; x_wconf 92' lang='lat' dir='ltr'>in-</span> 
     </span>
    </p>
   </div>
   <div class='ocr_carea' id='block_1_29' title="bbox 2091 1510 3765 1585">
    <p class='ocr_par' dir='ltr' id='par_1_29' title="bbox 2091 1510 3765 1585">
     <span class='ocr_line' id='line_1_29' title="bbox 2091 1510 3765 1585; baseline 0 -19"><span class='ocrx_word' id='word_1_189' title='bbox 2091 1514 2257 1583; x_wconf 91' lang='lat' dir='ltr'>cepto</span> <span class='ocrx_word' id='word_1_190' title='bbox 2288 1510 2571 1567; x_wconf 87' lang='lat' dir='ltr'>desistere</span> <span class='ocrx_word' id='word_1_191' title='bbox 2600 1513 2793 1584; x_wconf 86' lang='lat' dir='ltr'>,-quod</span> <span class='ocrx_word' id='word_1_192' title='bbox 2830 1511 3255 1569; x_wconf 87' lang='lat' dir='ltr'>Diocletianum</span> <span class='ocrx_word' id='word_1_193' title='bbox 3297 1512 3598 1585; x_wconf 76' lang='lat' dir='ltr'>aegerrime</span> <span class='ocrx_word' id='word_1_194' title='bbox 3639 1511 3765 1567; x_wconf 91' lang='lat' dir='ltr'>ha--</span> 
     </span>
    </p>
   </div>
   <div class='ocr_carea' id='block_1_30' title="bbox 2088 1599 3744 1675">
    <p class='ocr_par' dir='ltr' id='par_1_30' title="bbox 2088 1599 3744 1675">
     <span class='ocr_line' id='line_1_30' title="bbox 2088 1599 3744 1675; baseline 0.001 -21"><span class='ocrx_word' id='word_1_195' title='bbox 2088 1599 2238 1670; x_wconf 92' lang='lat' dir='ltr'>buit,</span> <span class='ocrx_word' id='word_1_196' title='bbox 2261 1599 2361 1672; x_wconf 91' lang='lat' dir='ltr'>qui</span> <span class='ocrx_word' id='word_1_197' title='bbox 2386 1601 2711 1656; x_wconf 86' lang='lat' dir='ltr'>maximum</span> <span class='ocrx_word' id='word_1_198' title='bbox 2744 1601 2857 1656; x_wconf 90' lang='lat' dir='ltr'>sibi</span> <span class='ocrx_word' id='word_1_199' title='bbox 2887 1602 3196 1673; x_wconf 85' lang='lat' dir='ltr'>reputabat</span> <span class='ocrx_word' id='word_1_200' title='bbox 3252 1601 3628 1675; x_wconf 88' lang='lat' dir='ltr'>supplicium,</span> <span class='ocrx_word' id='word_1_201' title='bbox 3694 1600 3744 1657; x_wconf 88' lang='lat' dir='ltr'>si</span> 
     </span>
    </p>
   </div>
   <div class='ocr_carea' id='block_1_31' title="bbox 2084 1687 3745 1747">
    <p class='ocr_par' dir='ltr' id='par_1_31' title="bbox 2084 1687 3745 1747">
     <span class='ocr_line' id='line_1_31' title="bbox 2084 1687 3745 1747; baseline 0.001 -4"><span class='ocrx_word' id='word_1_202' title='bbox 2084 1687 2187 1744; x_wconf 91' lang='lat' dir='ltr'>ille</span> <span class='ocrx_word' id='word_1_203' title='bbox 2213 1688 2299 1744; x_wconf 92' lang='lat' dir='ltr'>vel</span> <span class='ocrx_word' id='word_1_204' title='bbox 2331 1689 2578 1745; x_wconf 88' lang='lat' dir='ltr'>modicis</span> <span class='ocrx_word' id='word_1_205' title='bbox 2608 1689 2898 1746; x_wconf 83' lang='lat' dir='ltr'>frueretur</span> <span class='ocrx_word' id='word_1_206' title='bbox 2924 1690 3196 1746; x_wconf 87' lang='lat' dir='ltr'>induciis.</span> <span class='ocrx_word' id='word_1_207' title='bbox 3229 1691 3355 1747; x_wconf 88' lang='lat' dir='ltr'>Non</span> <span class='ocrx_word' id='word_1_208' title='bbox 3383 1694 3584 1746; x_wconf 89' lang='lat' dir='ltr'>tamen</span> <span class='ocrx_word' id='word_1_209' title='bbox 3649 1705 3745 1745; x_wconf 89' lang='lat' dir='ltr'>ne-</span> 
     </span>
    </p>
   </div>
   <div class='ocr_carea' id='block_1_32' title="bbox 2085 1778 3743 1852">
    <p class='ocr_par' dir='ltr' id='par_1_32' title="bbox 2085 1778 3743 1852">
     <span class='ocr_line' id='line_1_32' title="bbox 2085 1778 3743 1852; baseline 0 -18"><span class='ocrx_word' id='word_1_210' title='bbox 2085 1794 2201 1850; x_wconf 89' lang='lat' dir='ltr'>que</span> <span class='ocrx_word' id='word_1_211' title='bbox 2230 1778 2460 1850; x_wconf 89' lang='lat' dir='ltr'>pertale</span> <span class='ocrx_word' id='word_1_212' title='bbox 2491 1783 2727 1852; x_wconf 88' lang='lat' dir='ltr'>tempus</span> <span class='ocrx_word' id='word_1_213' title='bbox 2741 1779 3375 1852; x_wconf 88' lang='lat' dir='ltr'>remisitpropositum,</span> <span class='ocrx_word' id='word_1_214' title='bbox 3399 1794 3590 1850; x_wconf 89' lang='lat' dir='ltr'>neque</span> <span class='ocrx_word' id='word_1_215' title='bbox 3605 1795 3743 1834; x_wconf 89' lang='lat' dir='ltr'>cru-</span> 
     </span>
    </p>
   </div>
   <div class='ocr_carea' id='block_1_33' title="bbox 2083 1866 3745 1942">
    <p class='ocr_par' dir='ltr' id='par_1_33' title="bbox 2083 1866 3745 1942">
     <span class='ocr_line' id='line_1_33' title="bbox 2083 1866 3745 1942; baseline 0.001 -20"><span class='ocrx_word' id='word_1_216' title='bbox 2083 1866 2270 1922; x_wconf 84' lang='lat' dir='ltr'>ciatus</span> <span class='ocrx_word' id='word_1_217' title='bbox 2300 1867 2531 1923; x_wconf 76' lang='lat' dir='ltr'>differre</span> <span class='ocrx_word' id='word_1_218' title='bbox 2553 1868 2835 1924; x_wconf 88' lang='lat' dir='ltr'>sustinuit</span> <span class='ocrx_word' id='word_1_219' title='bbox 2854 1869 2992 1941; x_wconf 92' lang='lat' dir='ltr'>(non</span> <span class='ocrx_word' id='word_1_220' title='bbox 3027 1870 3183 1926; x_wconf 82' lang='lat' dir='ltr'>enim</span> <span class='ocrx_word' id='word_1_221' title='bbox 3207 1869 3538 1942; x_wconf 90' lang='lat' dir='ltr'>patiebatur</span> <span class='ocrx_word' id='word_1_222' title='bbox 3565 1867 3745 1924; x_wconf 76' lang='lat' dir='ltr'>effera</span> 
     </span>
    </p>
   </div>
   <div class='ocr_carea' id='block_1_34' title="bbox 308 1948 1974 2031">
    <p class='ocr_par' dir='ltr' id='par_1_34' title="bbox 308 1948 1974 2029">
     <span class='ocr_line' id='line_1_34' title="bbox 308 1948 1974 2029; baseline -0.003 -20"><span class='ocrx_word' id='word_1_223' title='bbox 308 1952 559 2027; x_wconf 76' lang='grc' dir='ltr'>τοιούτῳ</span> <span class='ocrx_word' id='word_1_224' title='bbox 614 1957 809 2026; x_wconf 82' lang='grc' dir='ltr'>καιρῷ·</span> <span class='ocrx_word' id='word_1_225' title='bbox 870 1950 1018 2007; x_wconf 85' lang='grc' dir='ltr'>ἀλλά</span> <span class='ocrx_word' id='word_1_226' title='bbox 1069 1971 1176 2007; x_wconf 90' lang='grc' dir='ltr'>τινι</span> <span class='ocrx_word' id='word_1_227' title='bbox 1244 1955 1476 2029; x_wconf 81' lang='grc' dir='ltr'>φρουρᾷ,</span> <span class='ocrx_word' id='word_1_228' title='bbox 1507 1950 1598 2005; x_wconf 82' lang='grc' dir='ltr'>καὶ</span> <span class='ocrx_word' id='word_1_229' title='bbox 1655 1949 1792 2024; x_wconf 81' lang='grc' dir='ltr'>αὑτῇ</span> <span class='ocrx_word' id='word_1_230' title='bbox 1851 1948 1974 2004; x_wconf 90' lang='grc' dir='ltr'>δυσ-</span> 
     </span>
    </p>
   </div>
   <div class='ocr_carea' id='block_1_35' title="bbox 2088 1948 3739 2031">
    <p class='ocr_par' dir='ltr' id='par_1_35' title="bbox 2088 1955 3739 2031">
     <span class='ocr_line' id='line_1_35' title="bbox 2088 1955 3739 2031; baseline 0.001 -20"><span class='ocrx_word' id='word_1_231' title='bbox 2088 1955 2214 2026; x_wconf 88' lang='lat' dir='ltr'>ejus</span> <span class='ocrx_word' id='word_1_232' title='bbox 2235 1957 2434 2012; x_wconf 88' lang='lat' dir='ltr'>anima</span> <span class='ocrx_word' id='word_1_233' title='bbox 2463 1961 2529 2013; x_wconf 88' lang='lat' dir='ltr'>ut</span> <span class='ocrx_word' id='word_1_234' title='bbox 2548 1958 2798 2030; x_wconf 87' lang='lat' dir='ltr'>tempori</span> <span class='ocrx_word' id='word_1_235' title='bbox 2829 1958 3117 2031; x_wconf 86' lang='lat' dir='ltr'>tantisper</span> <span class='ocrx_word' id='word_1_236' title='bbox 3144 1956 3739 2031; x_wconf 88' lang='lat' dir='ltr'>obsequeretur),sed</span> 
     </span>
    </p>
   </div>
   <div class='ocr_carea' id='block_1_36' title="bbox 311 2036 1982 2121">
    <p class='ocr_par' dir='ltr' id='par_1_36' title="bbox 311 2036 1982 2121">
     <span class='ocr_line' id='line_1_36' title="bbox 311 2036 1982 2121; baseline -0.003 -23"><span class='ocrx_word' id='word_1_237' title='bbox 311 2042 619 2121; x_wconf 82' lang='grc' dir='ltr'>χερεστάτῃ</span> <span class='ocrx_word' id='word_1_238' title='bbox 671 2046 780 2097; x_wconf 89' lang='grc' dir='ltr'>τῶν</span> <span class='ocrx_word' id='word_1_239' title='bbox 832 2043 1072 2114; x_wconf 84' lang='grc' dir='ltr'>ἁπασῶν,</span> <span class='ocrx_word' id='word_1_240' title='bbox 1133 2037 1247 2114; x_wconf 75' lang='grc' dir='ltr'>ὅσῳ</span> <span class='ocrx_word' id='word_1_241' title='bbox 1301 2039 1393 2095; x_wconf 87' lang='grc' dir='ltr'>καὶ</span> <span class='ocrx_word' id='word_1_242' title='bbox 1449 2036 1722 2112; x_wconf 80' lang='grc' dir='ltr'>δυσώδης,</span> <span class='ocrx_word' id='word_1_243' title='bbox 1779 2039 1847 2109; x_wconf 82' lang='grc' dir='ltr'>ἦν</span> <span class='ocrx_word' id='word_1_244' title='bbox 1891 2039 1982 2095; x_wconf 85' lang='grc' dir='ltr'>καὶ</span> 
     </span>
    </p>
   </div>
   <div class='ocr_carea' id='block_1_37' title="bbox 313 2125 1982 2210">
    <p class='ocr_par' dir='ltr' id='par_1_37' title="bbox 313 2125 1982 2210">
     <span class='ocr_line' id='line_1_37' title="bbox 313 2125 1982 2210; baseline -0.002 -23"><span class='ocrx_word' id='word_1_245' title='bbox 313 2128 578 2210; x_wconf 79' lang='grc' dir='ltr'>ζοφώδης</span> <span class='ocrx_word' id='word_1_246' title='bbox 656 2129 747 2186; x_wconf 90' lang='grc' dir='ltr'>καὶ</span> <span class='ocrx_word' id='word_1_247' title='bbox 829 2135 955 2201; x_wconf 83' lang='grc' dir='ltr'>σκιᾷ</span> <span class='ocrx_word' id='word_1_248' title='bbox 1038 2131 1270 2185; x_wconf 89' lang='grc' dir='ltr'>θανάτου</span> <span class='ocrx_word' id='word_1_249' title='bbox 1338 2128 1687 2205; x_wconf 88' lang='grc' dir='ltr'>παρείκαστο,</span> <span class='ocrx_word' id='word_1_250' title='bbox 1757 2125 1982 2198; x_wconf 84' lang='grc' dir='ltr'>δοθῆναι</span> 
     </span>
    </p>
   </div>
   <div class='ocr_carea' id='block_1_38' title="bbox 308 2215 1980 2295">
    <p class='ocr_par' dir='ltr' id='par_1_38' title="bbox 308 2215 1980 2295">
     <span class='ocr_line' id='line_1_38' title="bbox 308 2215 1980 2295; baseline -0.002 -18"><span class='ocrx_word' id='word_1_251' title='bbox 308 2219 551 2278; x_wconf 84' lang='grc' dir='ltr'>κελεύει.</span> <span class='ocrx_word' id='word_1_252' title='bbox 584 2220 684 2276; x_wconf 79' lang='grc' dir='ltr'>Καὶ</span> <span class='ocrx_word' id='word_1_253' title='bbox 739 2223 805 2288; x_wconf 76' lang='grc' dir='ltr'>ἧν</span> <span class='ocrx_word' id='word_1_254' title='bbox 865 2217 1028 2275; x_wconf 81' lang='grc' dir='ltr'>τοῦτό</span> <span class='ocrx_word' id='word_1_255' title='bbox 1070 2239 1133 2295; x_wconf 90' lang='grc' dir='ltr'>γε</span> <span class='ocrx_word' id='word_1_256' title='bbox 1196 2224 1544 2295; x_wconf 87' lang='grc' dir='ltr'>παραχρῆμα</span> <span class='ocrx_word' id='word_1_257' title='bbox 1603 2221 1794 2272; x_wconf 77' lang='grc' dir='ltr'>τοῦτον</span> <span class='ocrx_word' id='word_1_258' title='bbox 1851 2215 1980 2293; x_wconf 81' lang='grc' dir='ltr'>ἔχον</span> 
     </span>
    </p>
   </div>
   <div class='ocr_carea' id='block_1_39' title="bbox 309 2304 1980 2386">
    <p class='ocr_par' dir='ltr' id='par_1_39' title="bbox 309 2304 1980 2386">
     <span class='ocr_line' id='line_1_39' title="bbox 309 2304 1980 2386; baseline -0.002 -20"><span class='ocrx_word' id='word_1_259' title='bbox 309 2311 407 2366; x_wconf 82' lang='grc' dir='ltr'>τὸν</span> <span class='ocrx_word' id='word_1_260' title='bbox 439 2309 668 2386; x_wconf 89' lang='grc' dir='ltr'>τρόπον,</span> <span class='ocrx_word' id='word_1_261' title='bbox 694 2309 741 2364; x_wconf 82' lang='grc' dir='ltr'>εἰ</span> <span class='ocrx_word' id='word_1_262' title='bbox 778 2310 852 2383; x_wconf 77' lang='grc' dir='ltr'>μή</span> <span class='ocrx_word' id='word_1_263' title='bbox 902 2330 956 2364; x_wconf 90' lang='grc' dir='ltr'>τι</span> <span class='ocrx_word' id='word_1_264' title='bbox 1008 2305 1258 2382; x_wconf 89' lang='grc' dir='ltr'>δεύτερον</span> <span class='ocrx_word' id='word_1_265' title='bbox 1313 2308 1404 2362; x_wconf 86' lang='grc' dir='ltr'>καὶ</span> <span class='ocrx_word' id='word_1_266' title='bbox 1459 2304 1644 2383; x_wconf 90' lang='grc' dir='ltr'>τρίτον</span> <span class='ocrx_word' id='word_1_267' title='bbox 1693 2306 1815 2378; x_wconf 67' lang='grc' dir='ltr'>ἑξῆς</span> <span class='ocrx_word' id='word_1_268' title='bbox 1858 2307 1980 2362; x_wconf 85' lang='grc' dir='ltr'>ἐπε-</span> 
     </span>
    </p>
   </div>
   <div class='ocr_carea' id='block_1_40' title="bbox 307 2391 1980 2475">
    <p class='ocr_par' dir='ltr' id='par_1_40' title="bbox 307 2391 1980 2475">
     <span class='ocr_line' id='line_1_40' title="bbox 307 2391 1980 2475; baseline -0.003 -20"><span class='ocrx_word' id='word_1_269' title='bbox 307 2400 477 2469; x_wconf 85' lang='grc' dir='ltr'>τίθει,</span> <span class='ocrx_word' id='word_1_270' title='bbox 540 2396 722 2475; x_wconf 81' lang='grc' dir='ltr'>ὥσπερ</span> <span class='ocrx_word' id='word_1_271' title='bbox 781 2391 1129 2470; x_wconf 79' lang='grc' dir='ltr'>ἀναϐαθμοὺς</span> <span class='ocrx_word' id='word_1_272' title='bbox 1199 2400 1377 2452; x_wconf 80' lang='grc' dir='ltr'>κακῶν</span> <span class='ocrx_word' id='word_1_273' title='bbox 1453 2395 1759 2469; x_wconf 73' lang='grc' dir='ltr'>τιθέμενος·</span> <span class='ocrx_word' id='word_1_274' title='bbox 1807 2399 1872 2465; x_wconf 74' lang='grc' dir='ltr'>ἦν</span> <span class='ocrx_word' id='word_1_275' title='bbox 1920 2394 1980 2451; x_wconf 80' lang='grc' dir='ltr'>ἃν</span> 
     </span>
    </p>
   </div>
   <div class='ocr_carea' id='block_1_41' title="bbox 310 2482 1979 2566">
    <p class='ocr_par' dir='ltr' id='par_1_41' title="bbox 310 2482 1979 2566">
     <span class='ocr_line' id='line_1_41' title="bbox 310 2482 1979 2566; baseline -0.003 -21"><span class='ocrx_word' id='word_1_276' title='bbox 310 2489 376 2545; x_wconf 84' lang='grc' dir='ltr'>τὸ</span> <span class='ocrx_word' id='word_1_277' title='bbox 441 2487 610 2566; x_wconf 82' lang='grc' dir='ltr'>μέχρι</span> <span class='ocrx_word' id='word_1_278' title='bbox 677 2485 874 2543; x_wconf 90' lang='grc' dir='ltr'>τούτου</span> <span class='ocrx_word' id='word_1_279' title='bbox 937 2484 1383 2563; x_wconf 80' lang='grc' dir='ltr'>διανυκτερεύειν,</span> <span class='ocrx_word' id='word_1_280' title='bbox 1434 2485 1511 2548; x_wconf 85' lang='grc' dir='ltr'>ὡς</span> <span class='ocrx_word' id='word_1_281' title='bbox 1568 2486 1619 2540; x_wconf 91' lang='grc' dir='ltr'>ἐν</span> <span class='ocrx_word' id='word_1_282' title='bbox 1686 2482 1979 2562; x_wconf 80' lang='grc' dir='ltr'>παραϐολῇ</span> 
     </span>
    </p>
   </div>
   <div class='ocr_carea' id='block_1_42' title="bbox 312 2572 1979 2657">
    <p class='ocr_par' dir='ltr' id='par_1_42' title="bbox 312 2572 1979 2657">
     <span class='ocr_line' id='line_1_42' title="bbox 312 2572 1979 2657; baseline -0.003 -23"><span class='ocrx_word' id='word_1_283' title='bbox 312 2582 500 2634; x_wconf 82' lang='grc' dir='ltr'>κακῶν</span> <span class='ocrx_word' id='word_1_284' title='bbox 587 2574 772 2657; x_wconf 83' lang='grc' dir='ltr'>φάναι,</span> <span class='ocrx_word' id='word_1_285' title='bbox 835 2574 1028 2653; x_wconf 89' lang='grc' dir='ltr'>μετρία</span> <span class='ocrx_word' id='word_1_286' title='bbox 1102 2573 1503 2654; x_wconf 76' lang='grc' dir='ltr'>φιλανθρωπία.</span> <span class='ocrx_word' id='word_1_287' title='bbox 1571 2573 1700 2629; x_wconf 82' lang='grc' dir='ltr'>Νυνὶ</span> <span class='ocrx_word' id='word_1_288' title='bbox 1773 2572 1831 2629; x_wconf 74' lang='grc' dir='ltr'>δὲ</span> <span class='ocrx_word' id='word_1_289' title='bbox 1889 2575 1979 2629; x_wconf 85' lang='grc' dir='ltr'>καὶ</span> 
     </span>
    </p>
   </div>
   <div class='ocr_carea' id='block_1_43' title="bbox 325 2660 1977 2742">
    <p class='ocr_par' dir='ltr' id='par_1_43' title="bbox 325 2660 1977 2742">
     <span class='ocr_line' id='line_1_43' title="bbox 325 2660 1977 2742; baseline -0.003 -19"><span class='ocrx_word' id='word_1_290' title='bbox 325 2665 492 2739; x_wconf 82' lang='grc' dir='ltr'>ξύλον</span> <span class='ocrx_word' id='word_1_291' title='bbox 547 2667 891 2742; x_wconf 74' lang='grc' dir='ltr'>πιεστήριον,</span> <span class='ocrx_word' id='word_1_292' title='bbox 921 2663 1086 2720; x_wconf 79' lang='grc' dir='ltr'>αὑτοῦ</span> <span class='ocrx_word' id='word_1_293' title='bbox 1122 2661 1544 2742; x_wconf 84' lang='grc' dir='ltr'>κατασφαλίζον,</span> <span class='ocrx_word' id='word_1_294' title='bbox 1575 2662 1705 2726; x_wconf 82' lang='grc' dir='ltr'>τοὺς</span> <span class='ocrx_word' id='word_1_295' title='bbox 1755 2660 1927 2726; x_wconf 86' lang='grc' dir='ltr'>πόδας</span> <span class='ocrx_word' id='word_1_296' title='bbox 1962 2681 1977 2732; x_wconf 90' lang='grc'><strong>;</strong></span> 
     </span>
    </p>
   </div>
   <div class='ocr_carea' id='block_1_44' title="bbox 315 2750 1978 2829">
    <p class='ocr_par' dir='ltr' id='par_1_44' title="bbox 315 2750 1978 2829">
     <span class='ocr_line' id='line_1_44' title="bbox 315 2750 1978 2829; baseline -0.004 -16"><span class='ocrx_word' id='word_1_297' title='bbox 315 2750 629 2822; x_wconf 83' lang='grc' dir='ltr'>συνέθλιϐε·</span> <span class='ocrx_word' id='word_1_298' title='bbox 684 2753 777 2810; x_wconf 84' lang='grc' dir='ltr'>καὶ</span> <span class='ocrx_word' id='word_1_299' title='bbox 834 2752 987 2816; x_wconf 88' lang='grc' dir='ltr'>λίθος</span> <span class='ocrx_word' id='word_1_300' title='bbox 1047 2752 1234 2829; x_wconf 88' lang='grc' dir='ltr'>μέγας,</span> <span class='ocrx_word' id='word_1_301' title='bbox 1279 2754 1338 2808; x_wconf 78' lang='grc' dir='ltr'>ὃν</span> <span class='ocrx_word' id='word_1_302' title='bbox 1399 2752 1500 2808; x_wconf 82' lang='grc' dir='ltr'>οὐκ</span> <span class='ocrx_word' id='word_1_303' title='bbox 1549 2752 1608 2808; x_wconf 80' lang='grc' dir='ltr'>ἂν</span> <span class='ocrx_word' id='word_1_304' title='bbox 1667 2757 1873 2828; x_wconf 82' lang='grc' dir='ltr'>χεῖρες,</span> <span class='ocrx_word' id='word_1_305' title='bbox 1933 2753 1978 2807; x_wconf 78' lang='grc' dir='ltr'>εἰ</span> 
     </span>
    </p>
   </div>
   <div class='ocr_carea' id='block_1_45' title="bbox 318 2840 1979 2921">
    <p class='ocr_par' dir='ltr' id='par_1_45' title="bbox 318 2840 1979 2921">
     <span class='ocr_line' id='line_1_45' title="bbox 318 2840 1979 2921; baseline -0.002 -21"><span class='ocrx_word' id='word_1_306' title='bbox 318 2847 396 2921; x_wconf 84' lang='grc' dir='ltr'>μὴ</span> <span class='ocrx_word' id='word_1_307' title='bbox 480 2843 576 2900; x_wconf 84' lang='grc' dir='ltr'>καὶ</span> <span class='ocrx_word' id='word_1_308' title='bbox 661 2844 1044 2920; x_wconf 73' lang='grc' dir='ltr'>μηχανήματα</span> <span class='ocrx_word' id='word_1_309' title='bbox 1096 2841 1354 2917; x_wconf 87' lang='grc' dir='ltr'>προσείη,</span> <span class='ocrx_word' id='word_1_310' title='bbox 1421 2843 1719 2914; x_wconf 85' lang='grc' dir='ltr'>κινήσαιεν,</span> <span class='ocrx_word' id='word_1_311' title='bbox 1783 2840 1979 2896; x_wconf 85' lang='grc' dir='ltr'>ὑπτίου</span> 
     </span>
    </p>
   </div>
   <div class='ocr_carea' id='block_1_46' title="bbox 309 2929 1981 3013">
    <p class='ocr_par' dir='ltr' id='par_1_46' title="bbox 309 2929 1981 3013">
     <span class='ocr_line' id='line_1_46' title="bbox 309 2929 1981 3013; baseline -0.004 -21"><span class='ocrx_word' id='word_1_312' title='bbox 309 2931 854 3013; x_wconf 85' lang='grc' dir='ltr'>προσανακλιθέντυς</span> <span class='ocrx_word' id='word_1_313' title='bbox 883 2933 1020 2987; x_wconf 88' lang='grc' dir='ltr'>κατά</span> <span class='ocrx_word' id='word_1_314' title='bbox 1054 2935 1163 2986; x_wconf 92' lang='grc' dir='ltr'>τῶν</span> <span class='ocrx_word' id='word_1_315' title='bbox 1220 2931 1452 3008; x_wconf 89' lang='grc' dir='ltr'>στέρνων</span> <span class='ocrx_word' id='word_1_316' title='bbox 1516 2929 1740 2998; x_wconf 80' lang='grc' dir='ltr'>ἐτίθετο,</span> <span class='ocrx_word' id='word_1_317' title='bbox 1779 2931 1981 3007; x_wconf 85' lang='grc' dir='ltr'>βάρους</span> 
     </span>
    </p>
   </div>
   <div class='ocr_carea' id='block_1_47' title="bbox 313 3019 1978 3102">
    <p class='ocr_par' dir='ltr' id='par_1_47' title="bbox 313 3019 1978 3102">
     <span class='ocr_line' id='line_1_47' title="bbox 313 3019 1978 3102; baseline -0.004 -22"><span class='ocrx_word' id='word_1_318' title='bbox 313 3019 604 3102; x_wconf 72' lang='grc' dir='ltr'>ὑπερϐολῇ</span> <span class='ocrx_word' id='word_1_319' title='bbox 665 3021 910 3078; x_wconf 89' lang='grc' dir='ltr'>συνθλῶν</span> <span class='ocrx_word' id='word_1_320' title='bbox 975 3021 1112 3076; x_wconf 80' lang='grc' dir='ltr'>ἅπαν</span> <span class='ocrx_word' id='word_1_321' title='bbox 1164 3020 1228 3075; x_wconf 88' lang='grc' dir='ltr'>τὸ</span> <span class='ocrx_word' id='word_1_322' title='bbox 1287 3019 1664 3094; x_wconf 85' lang='grc' dir='ltr'>ὑποκείμενον,</span> <span class='ocrx_word' id='word_1_323' title='bbox 1706 3021 1798 3074; x_wconf 83' lang='grc' dir='ltr'>καὶ</span> <span class='ocrx_word' id='word_1_324' title='bbox 1857 3041 1978 3075; x_wconf 89' lang='grc' dir='ltr'>συν-</span> 
     </span>
    </p>
   </div>
   <div class='ocr_carea' id='block_1_48' title="bbox 312 3108 1975 3190">
    <p class='ocr_par' dir='ltr' id='par_1_48' title="bbox 312 3108 1975 3190">
     <span class='ocr_line' id='line_1_48' title="bbox 312 3108 1975 3190; baseline -0.004 -21"><span class='ocrx_word' id='word_1_325' title='bbox 312 3108 514 3190; x_wconf 78' lang='grc' dir='ltr'>τριϐὴν</span> <span class='ocrx_word' id='word_1_326' title='bbox 582 3113 725 3186; x_wconf 73' lang='grc' dir='ltr'>ὁμοῦ</span> <span class='ocrx_word' id='word_1_327' title='bbox 782 3109 874 3166; x_wconf 86' lang='grc' dir='ltr'>καὶ</span> <span class='ocrx_word' id='word_1_328' title='bbox 947 3109 1098 3187; x_wconf 75' lang='grc' dir='ltr'>ῥῆξιν</span> <span class='ocrx_word' id='word_1_329' title='bbox 1169 3109 1467 3179; x_wconf 76' lang='grc' dir='ltr'>ὑποστῆναι</span> <span class='ocrx_word' id='word_1_330' title='bbox 1537 3108 1975 3185; x_wconf 83' lang='grc' dir='ltr'>καταναγκάζων·</span> 
     </span>
    </p>
   </div>
   <div class='ocr_carea' id='block_1_49' title="bbox 317 3195 1976 3276">
    <p class='ocr_par' dir='ltr' id='par_1_49' title="bbox 317 3195 1976 3276">
     <span class='ocr_line' id='line_1_49' title="bbox 317 3195 1976 3276; baseline -0.002 -20"><span class='ocrx_word' id='word_1_331' title='bbox 317 3202 422 3256; x_wconf 65' lang='grc' dir='ltr'>κᾶν</span> <span class='ocrx_word' id='word_1_332' title='bbox 454 3199 676 3270; x_wconf 78' lang='grc' dir='ltr'>ἐκεῖνος,</span> <span class='ocrx_word' id='word_1_333' title='bbox 718 3199 903 3276; x_wconf 82' lang='grc' dir='ltr'>ὥσπερ</span> <span class='ocrx_word' id='word_1_334' title='bbox 931 3200 1030 3269; x_wconf 81' lang='grc' dir='ltr'>τήν</span> <span class='ocrx_word' id='word_1_335' title='bbox 1090 3200 1276 3274; x_wconf 78' lang='grc' dir='ltr'>ψυχὴν</span> <span class='ocrx_word' id='word_1_336' title='bbox 1340 3197 1404 3253; x_wconf 84' lang='grc' dir='ltr'>ού</span> <span class='ocrx_word' id='word_1_337' title='bbox 1461 3195 1704 3269; x_wconf 79' lang='grc' dir='ltr'>δέξασθαί</span> <span class='ocrx_word' id='word_1_338' title='bbox 1759 3220 1813 3253; x_wconf 93' lang='grc' dir='ltr'>τι</span> <span class='ocrx_word' id='word_1_339' title='bbox 1868 3203 1976 3254; x_wconf 90' lang='grc' dir='ltr'>τῶν</span> 
     </span>
    </p>
   </div>
   <div class='ocr_carea' id='block_1_50' title="bbox 327 3284 2054 3391">
    <p class='ocr_par' dir='ltr' id='par_1_50' title="bbox 327 3284 2054 3391">
     <span class='ocr_line' id='line_1_50' title="bbox 327 3284 2054 3391; baseline -0.001 -47"><span class='ocrx_word' id='word_1_340' title='bbox 327 3284 540 3345; x_wconf 84' lang='grc' dir='ltr'>ἀσεϐῶν</span> <span class='ocrx_word' id='word_1_341' title='bbox 585 3289 1038 3366; x_wconf 82' lang='grc' dir='ltr'>προσταγμάτων,</span> <span class='ocrx_word' id='word_1_342' title='bbox 1073 3287 1216 3343; x_wconf 75' lang='grc' dir='ltr'>οὕτω</span> <span class='ocrx_word' id='word_1_343' title='bbox 1257 3285 1324 3356; x_wconf 82' lang='grc' dir='ltr'>δὴ</span> <span class='ocrx_word' id='word_1_344' title='bbox 1370 3287 1460 3342; x_wconf 83' lang='grc' dir='ltr'>καὶ</span> <span class='ocrx_word' id='word_1_345' title='bbox 1508 3289 1571 3342; x_wconf 81' lang='grc' dir='ltr'>τὸ</span> <span class='ocrx_word' id='word_1_346' title='bbox 1629 3292 1788 3361; x_wconf 78' lang='grc' dir='ltr'>σῶμα</span> <span class='ocrx_word' id='word_1_347' title='bbox 1835 3287 1980 3343; x_wconf 87' lang='grc' dir='ltr'>ἀνέν-</span> <span class='ocrx_word' id='word_1_348' title='bbox 2010 3324 2054 3391; x_wconf 76' lang='lat' dir='ltr'><strong>C</strong></span> 
     </span>
     <span class='ocr_line' id='line_1_51' title="bbox 333 3373 1949 3391; baseline 0 0"><span class='ocrx_word' id='word_1_349' title='bbox 333 3375 360 3391; x_wconf 59' lang='grc' dir='ltr'>κ</span> <span class='ocrx_word' id='word_1_350' title='bbox 541 3381 570 3391; x_wconf 78' lang='lat'>-</span> <span class='ocrx_word' id='word_1_351' title='bbox 690 3379 702 3391; x_wconf 85' lang='lat'>.</span> <span class='ocrx_word' id='word_1_352' title='bbox 867 3375 950 3391; x_wconf 54' lang='grc' dir='ltr'>...η</span> <span class='ocrx_word' id='word_1_353' title='bbox 1126 3373 1153 3391; x_wconf 79' lang='grc' dir='ltr'>,ι</span> <span class='ocrx_word' id='word_1_354' title='bbox 1330 3376 1383 3391; x_wconf 69' lang='grc' dir='ltr'>ι..</span> <span class='ocrx_word' id='word_1_355' title='bbox 1479 3375 1493 3391; x_wconf 84' lang='grc'>.</span> <span class='ocrx_word' id='word_1_356' title='bbox 1564 3379 1612 3391; x_wconf 65' lang='grc' dir='ltr'>..η</span> <span class='ocrx_word' id='word_1_357' title='bbox 1745 3378 1759 3391; x_wconf 83' lang='grc'>.</span> <span class='ocrx_word' id='word_1_358' title='bbox 1837 3374 1861 3391; x_wconf 56' lang='grc' dir='ltr'>εκ</span> <span class='ocrx_word' id='word_1_359' title='bbox 1898 3377 1949 3391; x_wconf 77' lang='grc'>.,</span> 
     </span>
    </p>
   </div>
   <div class='ocr_carea' id='block_1_51' title="bbox 327 3373 1979 3452">
    <p class='ocr_par' dir='ltr' id='par_1_51' title="bbox 327 3373 1979 3452">
     <span class='ocr_line' id='line_1_52' title="bbox 327 3373 1979 3452; baseline -0.001 -19"><span class='ocrx_word' id='word_1_360' title='bbox 327 3375 487 3440; x_wconf 85' lang='grc' dir='ltr'>δοτος</span> <span class='ocrx_word' id='word_1_361' title='bbox 531 3381 615 3451; x_wconf 78' lang='grc' dir='ltr'>ἧν,</span> <span class='ocrx_word' id='word_1_362' title='bbox 652 3379 714 3433; x_wconf 89' lang='grc' dir='ltr'>τὸ</span> <span class='ocrx_word' id='word_1_363' title='bbox 779 3375 1042 3452; x_wconf 86' lang='grc' dir='ltr'>μηδόλως</span> <span class='ocrx_word' id='word_1_364' title='bbox 1098 3373 1261 3433; x_wconf 79' lang='grc' dir='ltr'>εἷ’κειν</span> <span class='ocrx_word' id='word_1_365' title='bbox 1329 3376 1421 3452; x_wconf 82' lang='grc' dir='ltr'>βίᾳ</span> <span class='ocrx_word' id='word_1_366' title='bbox 1476 3375 1672 3433; x_wconf 88' lang='grc' dir='ltr'>ἐκεῖθεν</span> <span class='ocrx_word' id='word_1_367' title='bbox 1735 3374 1979 3447; x_wconf 78' lang='grc' dir='ltr'>ἀναδεξά-</span> 
     </span>
    </p>
   </div>
   <div class='ocr_carea' id='block_1_52' title="bbox 321 3460 1974 3544">
    <p class='ocr_par' dir='ltr' id='par_1_52' title="bbox 321 3460 1974 3544">
     <span class='ocr_line' id='line_1_53' title="bbox 321 3460 1974 3544; baseline -0.001 -22"><span class='ocrx_word' id='word_1_368' title='bbox 321 3489 506 3542; x_wconf 84' lang='grc' dir='ltr'>μενον.</span> <span class='ocrx_word' id='word_1_369' title='bbox 559 3468 640 3523; x_wconf 82' lang='grc' dir='ltr'>Ἐν</span> <span class='ocrx_word' id='word_1_370' title='bbox 697 3469 801 3544; x_wconf 78' lang='grc' dir='ltr'>γὰρ</span> <span class='ocrx_word' id='word_1_371' title='bbox 857 3472 977 3530; x_wconf 87' lang='grc' dir='ltr'>τοῖς</span> <span class='ocrx_word' id='word_1_372' title='bbox 1029 3467 1161 3540; x_wconf 77' lang='grc' dir='ltr'>ὑπὲρ</span> <span class='ocrx_word' id='word_1_373' title='bbox 1212 3460 1483 3528; x_wconf 81' lang='grc' dir='ltr'>εὐσεϐείας</span> <span class='ocrx_word' id='word_1_374' title='bbox 1531 3465 1730 3542; x_wconf 87' lang='grc' dir='ltr'>ἀγῶσιν</span> <span class='ocrx_word' id='word_1_375' title='bbox 1781 3469 1816 3535; x_wconf 83' lang='grc' dir='ltr'>ἠ</span> <span class='ocrx_word' id='word_1_376' title='bbox 1866 3470 1974 3520; x_wconf 91' lang='grc' dir='ltr'>τῶν</span> 
     </span>
    </p>
   </div>
   <div class='ocr_carea' id='block_1_53' title="bbox 315 3551 1974 3633">
    <p class='ocr_par' dir='ltr' id='par_1_53' title="bbox 315 3551 1974 3633">
     <span class='ocr_line' id='line_1_54' title="bbox 315 3551 1974 3633; baseline -0.002 -21"><span class='ocrx_word' id='word_1_377' title='bbox 315 3557 586 3630; x_wconf 84' lang='grc' dir='ltr'>σωμάτων</span> <span class='ocrx_word' id='word_1_378' title='bbox 643 3555 809 3632; x_wconf 78' lang='grc' dir='ltr'>ῥώμη</span> <span class='ocrx_word' id='word_1_379' title='bbox 895 3559 1079 3633; x_wconf 80' lang='grc' dir='ltr'>σαφῶς</span> <span class='ocrx_word' id='word_1_380' title='bbox 1153 3554 1414 3628; x_wconf 84' lang='grc' dir='ltr'>ἀρτᾶσθαι</span> <span class='ocrx_word' id='word_1_381' title='bbox 1486 3551 1638 3610; x_wconf 82' lang='grc' dir='ltr'>δοκεῖ</span> <span class='ocrx_word' id='word_1_382' title='bbox 1689 3561 1792 3624; x_wconf 80' lang='grc' dir='ltr'>τῆς</span> <span class='ocrx_word' id='word_1_383' title='bbox 1851 3575 1974 3629; x_wconf 87' lang='grc' dir='ltr'>γεν-</span> 
     </span>
    </p>
   </div>
   <div class='ocr_carea' id='block_1_54' title="bbox 308 3639 1974 3720">
    <p class='ocr_par' dir='ltr' id='par_1_54' title="bbox 308 3639 1974 3720">
     <span class='ocr_line' id='line_1_55' title="bbox 308 3639 1974 3720; baseline -0.002 -19"><span class='ocrx_word' id='word_1_384' title='bbox 308 3645 601 3717; x_wconf 84' lang='grc' dir='ltr'>ναιότητος</span> <span class='ocrx_word' id='word_1_385' title='bbox 674 3650 777 3714; x_wconf 83' lang='grc' dir='ltr'>τῆς</span> <span class='ocrx_word' id='word_1_386' title='bbox 851 3647 1060 3720; x_wconf 81' lang='grc' dir='ltr'>ψυχῆς·</span> <span class='ocrx_word' id='word_1_387' title='bbox 1121 3643 1197 3706; x_wconf 85' lang='grc' dir='ltr'>ὡς</span> <span class='ocrx_word' id='word_1_388' title='bbox 1271 3642 1450 3714; x_wconf 86' lang='grc' dir='ltr'>ἐκείνη</span> <span class='ocrx_word' id='word_1_389' title='bbox 1525 3643 1662 3720; x_wconf 86' lang='grc' dir='ltr'>πρὸς</span> <span class='ocrx_word' id='word_1_390' title='bbox 1735 3639 1974 3698; x_wconf 79' lang='grc' dir='ltr'>ἔνστασιν</span> 
     </span>
    </p>
   </div>
   <div class='ocr_carea' id='block_1_55' title="bbox 307 3729 1973 3811">
    <p class='ocr_par' dir='ltr' id='par_1_55' title="bbox 307 3729 1973 3811">
     <span class='ocr_line' id='line_1_56' title="bbox 307 3729 1973 3811; baseline -0.003 -21"><span class='ocrx_word' id='word_1_391' title='bbox 307 3733 624 3811; x_wconf 85' lang='grc' dir='ltr'>προθυμίας</span> <span class='ocrx_word' id='word_1_392' title='bbox 668 3729 816 3809; x_wconf 81' lang='grc' dir='ltr'>ἔχει,</span> <span class='ocrx_word' id='word_1_393' title='bbox 845 3734 937 3788; x_wconf 86' lang='grc' dir='ltr'>καὶ</span> <span class='ocrx_word' id='word_1_394' title='bbox 964 3730 1094 3788; x_wconf 84' lang='grc' dir='ltr'>τάδε</span> <span class='ocrx_word' id='word_1_395' title='bbox 1143 3732 1278 3807; x_wconf 89' lang='grc' dir='ltr'>πρὸς</span> <span class='ocrx_word' id='word_1_396' title='bbox 1335 3732 1400 3786; x_wconf 85' lang='grc' dir='ltr'>τὸ</span> <span class='ocrx_word' id='word_1_397' title='bbox 1456 3731 1740 3807; x_wconf 88' lang='grc' dir='ltr'>πάσχοντα</span> <span class='ocrx_word' id='word_1_398' title='bbox 1795 3731 1973 3810; x_wconf 83' lang='grc' dir='ltr'>φέρειν</span> 
     </span>
    </p>
   </div>
   <div class='ocr_carea' id='block_1_56' title="bbox 305 3817 1974 3901">
    <p class='ocr_par' dir='ltr' id='par_1_56' title="bbox 305 3817 1974 3901">
     <span class='ocr_line' id='line_1_57' title="bbox 305 3817 1974 3901; baseline -0.002 -23"><span class='ocrx_word' id='word_1_399' title='bbox 305 3821 582 3901; x_wconf 74' lang='grc' dir='ltr'>ἴσχυρῶς·</span> <span class='ocrx_word' id='word_1_400' title='bbox 645 3820 862 3896; x_wconf 78' lang='grc' dir='ltr'>μᾶλλον</span> <span class='ocrx_word' id='word_1_401' title='bbox 897 3819 975 3893; x_wconf 76' lang='grc' dir='ltr'>δὲ,</span> <span class='ocrx_word' id='word_1_402' title='bbox 1005 3819 1099 3877; x_wconf 67' lang='grc' dir='ltr'>’ίνα</span> <span class='ocrx_word' id='word_1_403' title='bbox 1132 3820 1348 3898; x_wconf 88' lang='grc' dir='ltr'>βέλτιον</span> <span class='ocrx_word' id='word_1_404' title='bbox 1409 3817 1598 3890; x_wconf 89' lang='grc' dir='ltr'>διέλω,</span> <span class='ocrx_word' id='word_1_405' title='bbox 1631 3824 1816 3896; x_wconf 76' lang='grc' dir='ltr'>ψυχῆς</span> <span class='ocrx_word' id='word_1_406' title='bbox 1881 3821 1974 3895; x_wconf 76' lang='grc' dir='ltr'>μὲν</span> 
     </span>
    </p>
   </div>
   <div class='ocr_carea' id='block_1_57' title="bbox 301 3907 1977 3984">
    <p class='ocr_par' dir='ltr' id='par_1_57' title="bbox 301 3907 1977 3984">
     <span class='ocr_line' id='line_1_58' title="bbox 301 3907 1977 3984; baseline -0.003 -16"><span class='ocrx_word' id='word_1_407' title='bbox 301 3915 497 3978; x_wconf 77' lang='grc' dir='ltr'>σθένος</span> <span class='ocrx_word' id='word_1_408' title='bbox 557 3911 612 3968; x_wconf 89' lang='grc' dir='ltr'>ἐν</span> <span class='ocrx_word' id='word_1_409' title='bbox 666 3917 786 3973; x_wconf 80' lang='grc' dir='ltr'>τοῖς</span> <span class='ocrx_word' id='word_1_410' title='bbox 846 3911 1120 3973; x_wconf 89' lang='grc' dir='ltr'>τοιούτοις</span> <span class='ocrx_word' id='word_1_411' title='bbox 1207 3909 1400 3984; x_wconf 84' lang='grc' dir='ltr'>ἐμπνεῖ</span> <span class='ocrx_word' id='word_1_412' title='bbox 1455 3911 1607 3981; x_wconf 86' lang='grc' dir='ltr'>Οεὸς,</span> <span class='ocrx_word' id='word_1_413' title='bbox 1657 3913 1873 3982; x_wconf 81' lang='grc' dir='ltr'>σώματι</span> <span class='ocrx_word' id='word_1_414' title='bbox 1919 3907 1977 3964; x_wconf 80' lang='grc' dir='ltr'>δὲ</span> 
     </span>
    </p>
   </div>
   <div class='ocr_carea' id='block_1_58' title="bbox 298 3995 1977 4079">
    <p class='ocr_par' dir='ltr' id='par_1_58' title="bbox 298 3995 1977 4079">
     <span class='ocr_line' id='line_1_59' title="bbox 298 3995 1977 4079; baseline -0.001 -23"><span class='ocrx_word' id='word_1_415' title='bbox 298 4003 487 4078; x_wconf 75' lang='grc' dir='ltr'>ψυχὴ,</span> <span class='ocrx_word' id='word_1_416' title='bbox 517 4001 610 4056; x_wconf 82' lang='grc' dir='ltr'>καὶ</span> <span class='ocrx_word' id='word_1_417' title='bbox 668 3998 1010 4079; x_wconf 75' lang='grc' dir='ltr'>ἀμφοτέροις</span> <span class='ocrx_word' id='word_1_418' title='bbox 1067 3998 1221 4067; x_wconf 86' lang='grc' dir='ltr'>Θεὸς,</span> <span class='ocrx_word' id='word_1_419' title='bbox 1280 4002 1408 4075; x_wconf 87' lang='grc' dir='ltr'>παρ’</span> <span class='ocrx_word' id='word_1_420' title='bbox 1463 3995 1525 4053; x_wconf 73' lang='grc' dir='ltr'>οὗ</span> <span class='ocrx_word' id='word_1_421' title='bbox 1583 3995 1650 4067; x_wconf 79' lang='grc' dir='ltr'>δὴ</span> <span class='ocrx_word' id='word_1_422' title='bbox 1705 3998 1795 4054; x_wconf 84' lang='grc' dir='ltr'>καὶ</span> <span class='ocrx_word' id='word_1_423' title='bbox 1854 3998 1977 4054; x_wconf 88' lang='grc' dir='ltr'>τότε</span> 
     </span>
    </p>
   </div>
   <div class='ocr_carea' id='block_1_59' title="bbox 302 4085 1688 4166">
    <p class='ocr_par' dir='ltr' id='par_1_59' title="bbox 302 4085 1688 4166">
     <span class='ocr_line' id='line_1_60' title="bbox 302 4085 1688 4166; baseline -0.001 -20"><span class='ocrx_word' id='word_1_424' title='bbox 302 4089 660 4166; x_wconf 77' lang='grc' dir='ltr'>ρωννύμενος</span> <span class='ocrx_word' id='word_1_425' title='bbox 689 4088 782 4145; x_wconf 78' lang='grc' dir='ltr'>καὶ</span> <span class='ocrx_word' id='word_1_426' title='bbox 810 4085 969 4144; x_wconf 87' lang='grc' dir='ltr'>τόνδε</span> <span class='ocrx_word' id='word_1_427' title='bbox 994 4088 1087 4144; x_wconf 84' lang='grc' dir='ltr'>τὸν</span> <span class='ocrx_word' id='word_1_428' title='bbox 1118 4085 1368 4144; x_wconf 86' lang='grc' dir='ltr'>κίνδυνον</span> <span class='ocrx_word' id='word_1_429' title='bbox 1401 4087 1688 4164; x_wconf 74' lang='grc' dir='ltr'>ὑπερέσχε.</span> 
     </span>
    </p>
   </div>
   <div class='ocr_carea' id='block_1_60' title="bbox 2093 2045 3743 2119">
    <p class='ocr_par' dir='ltr' id='par_1_60' title="bbox 2093 2045 3743 2119">
     <span class='ocr_line' id='line_1_61' title="bbox 2093 2045 3743 2119; baseline -0.001 -18"><span class='ocrx_word' id='word_1_430' title='bbox 2093 2045 2376 2102; x_wconf 87' lang='lat' dir='ltr'>Sanctum</span> <span class='ocrx_word' id='word_1_431' title='bbox 2408 2045 2631 2102; x_wconf 89' lang='lat' dir='ltr'>includi</span> <span class='ocrx_word' id='word_1_432' title='bbox 2653 2046 2839 2116; x_wconf 89' lang='lat' dir='ltr'>jussit</span> <span class='ocrx_word' id='word_1_433' title='bbox 2863 2046 3102 2115; x_wconf 84' lang='lat' dir='ltr'>carceri,</span> <span class='ocrx_word' id='word_1_434' title='bbox 3123 2047 3294 2119; x_wconf 90' lang='lat' dir='ltr'>eique</span> <span class='ocrx_word' id='word_1_435' title='bbox 3325 2046 3592 2102; x_wconf 90' lang='lat' dir='ltr'>omnium</span> <span class='ocrx_word' id='word_1_436' title='bbox 3614 2061 3743 2101; x_wconf 87' lang='lat' dir='ltr'>mo-</span> 
     </span>
    </p>
   </div>
   <div class='ocr_carea' id='block_1_61' title="bbox 2091 2132 3732 2207">
    <p class='ocr_par' dir='ltr' id='par_1_61' title="bbox 2091 2132 3732 2207">
     <span class='ocr_line' id='line_1_62' title="bbox 2091 2132 3732 2207; baseline 0.001 -18"><span class='ocrx_word' id='word_1_437' title='bbox 2091 2132 2430 2202; x_wconf 90' lang='lat' dir='ltr'>lestissimo,</span> <span class='ocrx_word' id='word_1_438' title='bbox 2490 2138 2556 2190; x_wconf 90' lang='lat' dir='ltr'>ut</span> <span class='ocrx_word' id='word_1_439' title='bbox 2624 2134 2727 2207; x_wconf 92' lang='lat' dir='ltr'>qui</span> <span class='ocrx_word' id='word_1_440' title='bbox 2766 2135 3004 2192; x_wconf 78' lang='lat' dir='ltr'>fcetidus</span> <span class='ocrx_word' id='word_1_441' title='bbox 3051 2140 3205 2192; x_wconf 89' lang='lat' dir='ltr'>esset</span> <span class='ocrx_word' id='word_1_442' title='bbox 3256 2138 3315 2191; x_wconf 90' lang='lat' dir='ltr'>et</span> <span class='ocrx_word' id='word_1_443' title='bbox 3360 2135 3732 2203; x_wconf 84' lang='lat' dir='ltr'>tenebrosus,</span> 
     </span>
    </p>
   </div>
   <div class='ocr_carea' id='block_1_62' title="bbox 2094 2224 3738 2297">
    <p class='ocr_par' dir='ltr' id='par_1_62' title="bbox 2094 2224 3738 2297">
     <span class='ocr_line' id='line_1_63' title="bbox 2094 2224 3738 2297; baseline 0 -19"><span class='ocrx_word' id='word_1_444' title='bbox 2094 2226 2270 2295; x_wconf 89' lang='lat' dir='ltr'>atque</span> <span class='ocrx_word' id='word_1_445' title='bbox 2299 2224 2521 2278; x_wconf 66' lang='lat' dir='ltr'>umbrae</span> <span class='ocrx_word' id='word_1_446' title='bbox 2549 2224 2755 2280; x_wconf 84' lang='lat' dir='ltr'>mortis</span> <span class='ocrx_word' id='word_1_447' title='bbox 2785 2225 3222 2280; x_wconf 88' lang='lat' dir='ltr'>assimilandus.</span> <span class='ocrx_word' id='word_1_448' title='bbox 3252 2226 3441 2297; x_wconf 85' lang='lat' dir='ltr'>Atque</span> <span class='ocrx_word' id='word_1_449' title='bbox 3471 2224 3577 2280; x_wconf 94' lang='lat' dir='ltr'>boc</span> <span class='ocrx_word' id='word_1_450' title='bbox 3612 2224 3738 2295; x_wconf 91' lang='lat' dir='ltr'>qui-</span> 
     </span>
    </p>
   </div>
   <div class='ocr_carea' id='block_1_63' title="bbox 2093 2312 3740 2386">
    <p class='ocr_par' dir='ltr' id='par_1_63' title="bbox 2093 2312 3740 2386">
     <span class='ocr_line' id='line_1_64' title="bbox 2093 2312 3740 2386; baseline 0.001 -20"><span class='ocrx_word' id='word_1_451' title='bbox 2093 2312 2227 2367; x_wconf 89' lang='lat' dir='ltr'>dem</span> <span class='ocrx_word' id='word_1_452' title='bbox 2250 2312 2322 2367; x_wconf 89' lang='lat' dir='ltr'>ad</span> <span class='ocrx_word' id='word_1_453' title='bbox 2353 2312 2536 2368; x_wconf 88' lang='lat' dir='ltr'>istum</span> <span class='ocrx_word' id='word_1_454' title='bbox 2568 2314 2812 2369; x_wconf 90' lang='lat' dir='ltr'>modum</span> <span class='ocrx_word' id='word_1_455' title='bbox 2847 2331 2910 2370; x_wconf 93' lang='lat' dir='ltr'>se</span> <span class='ocrx_word' id='word_1_456' title='bbox 2937 2313 3264 2386; x_wconf 82' lang='lat' dir='ltr'>habuisset,</span> <span class='ocrx_word' id='word_1_457' title='bbox 3299 2313 3411 2369; x_wconf 89' lang='lat' dir='ltr'>nisi</span> <span class='ocrx_word' id='word_1_458' title='bbox 3445 2317 3502 2368; x_wconf 91' lang='lat' dir='ltr'>et</span> <span class='ocrx_word' id='word_1_459' title='bbox 3531 2329 3740 2368; x_wconf 74' lang='lat' dir='ltr'>secun~</span> 
     </span>
    </p>
   </div>
   <div class='ocr_carea' id='block_1_64' title="bbox 2093 2401 3845 2475">
    <p class='ocr_par' dir='ltr' id='par_1_64' title="bbox 2093 2401 3845 2475">
     <span class='ocr_line' id='line_1_65' title="bbox 2093 2401 3845 2475; baseline 0.001 -20"><span class='ocrx_word' id='word_1_460' title='bbox 2093 2401 2236 2456; x_wconf 92' lang='lat' dir='ltr'>dum</span> <span class='ocrx_word' id='word_1_461' title='bbox 2265 2405 2322 2456; x_wconf 88' lang='lat' dir='ltr'>et</span> <span class='ocrx_word' id='word_1_462' title='bbox 2349 2401 2588 2457; x_wconf 88' lang='lat' dir='ltr'>tertium</span> <span class='ocrx_word' id='word_1_463' title='bbox 2611 2402 3280 2475; x_wconf 88' lang='lat' dir='ltr'>addidisset,velutquos</span> <span class='ocrx_word' id='word_1_464' title='bbox 3302 2403 3437 2458; x_wconf 92' lang='lat' dir='ltr'>dam</span> <span class='ocrx_word' id='word_1_465' title='bbox 3452 2402 3743 2458; x_wconf 90' lang='lat' dir='ltr'>malorum</span> <span class='ocrx_word' id='word_1_466' title='bbox 3831 2427 3845 2444; x_wconf 74' lang='grc' dir='ltr'>ι</span> 
     </span>
    </p>
   </div>
   <div class='ocr_carea' id='block_1_65' title="bbox 2094 2489 3740 2564">
    <p class='ocr_par' dir='ltr' id='par_1_65' title="bbox 2094 2489 3740 2564">
     <span class='ocr_line' id='line_1_66' title="bbox 2094 2489 3740 2564; baseline 0.001 -20"><span class='ocrx_word' id='word_1_467' title='bbox 2094 2490 2312 2562; x_wconf 90' lang='lat' dir='ltr'>gradus</span> <span class='ocrx_word' id='word_1_468' title='bbox 2327 2489 2648 2562; x_wconf 87' lang='lat' dir='ltr'>disponens</span> <span class='ocrx_word' id='word_1_469' title='bbox 2666 2509 2679 2560; x_wconf 90' lang='lat'><strong>;</strong></span> <span class='ocrx_word' id='word_1_470' title='bbox 2694 2491 3035 2548; x_wconf 88' lang='lat' dir='ltr'>humanitas</span> <span class='ocrx_word' id='word_1_471' title='bbox 3057 2492 3214 2548; x_wconf 90' lang='lat' dir='ltr'>enim</span> <span class='ocrx_word' id='word_1_472' title='bbox 3230 2509 3304 2564; x_wconf 90' lang='lat' dir='ltr'>qu</span> <span class='ocrx_word' id='word_1_473' title='bbox 3314 2492 3394 2547; x_wconf 58' lang='lat' dir='ltr'>aed</span> <span class='ocrx_word' id='word_1_474' title='bbox 3405 2508 3498 2547; x_wconf 91' lang='lat' dir='ltr'>am</span> <span class='ocrx_word' id='word_1_475' title='bbox 3513 2491 3740 2561; x_wconf 89' lang='lat' dir='ltr'>fuisset,</span> 
     </span>
    </p>
   </div>
   <div class='ocr_carea' id='block_1_66' title="bbox 2092 2579 3739 2654">
    <p class='ocr_par' dir='ltr' id='par_1_66' title="bbox 2092 2579 3739 2654">
     <span class='ocr_line' id='line_1_67' title="bbox 2092 2579 3739 2654; baseline -0.001 -19"><span class='ocrx_word' id='word_1_476' title='bbox 2092 2595 2283 2652; x_wconf 89' lang='lat' dir='ltr'>usque</span> <span class='ocrx_word' id='word_1_477' title='bbox 2314 2579 2454 2635; x_wconf 93' lang='lat' dir='ltr'>dum</span> <span class='ocrx_word' id='word_1_478' title='bbox 2478 2597 2593 2636; x_wconf 83' lang='lat' dir='ltr'>nox</span> <span class='ocrx_word' id='word_1_479' title='bbox 2622 2581 3107 2648; x_wconf 87' lang='lat' dir='ltr'>transiret,videri</span> <span class='ocrx_word' id='word_1_480' title='bbox 3131 2580 3418 2654; x_wconf 89' lang='lat' dir='ltr'>supplicia</span> <span class='ocrx_word' id='word_1_481' title='bbox 3447 2579 3739 2636; x_wconf 90' lang='lat' dir='ltr'>divisisse.</span> 
     </span>
    </p>
   </div>
   <div class='ocr_carea' id='block_1_67' title="bbox 2091 2667 3746 2741">
    <p class='ocr_par' dir='ltr' id='par_1_67' title="bbox 2091 2667 3746 2741">
     <span class='ocr_line' id='line_1_68' title="bbox 2091 2667 3746 2741; baseline 0 -18"><span class='ocrx_word' id='word_1_482' title='bbox 2091 2669 2238 2740; x_wconf 85' lang='lat' dir='ltr'>Ergo</span> <span class='ocrx_word' id='word_1_483' title='bbox 2261 2672 2319 2724; x_wconf 91' lang='lat' dir='ltr'>et</span> <span class='ocrx_word' id='word_1_484' title='bbox 2343 2667 2504 2741; x_wconf 92' lang='lat' dir='ltr'>ligno</span> <span class='ocrx_word' id='word_1_485' title='bbox 2553 2669 2731 2740; x_wconf 89' lang='lat' dir='ltr'>pedes</span> <span class='ocrx_word' id='word_1_486' title='bbox 2780 2669 3129 2741; x_wconf 88' lang='lat' dir='ltr'>astringinte</span> <span class='ocrx_word' id='word_1_487' title='bbox 3186 2670 3482 2725; x_wconf 88' lang='lat' dir='ltr'>cruciatus</span> <span class='ocrx_word' id='word_1_488' title='bbox 3535 2671 3653 2736; x_wconf 85' lang='lat' dir='ltr'>est;</span> <span class='ocrx_word' id='word_1_489' title='bbox 3687 2670 3746 2723; x_wconf 90' lang='lat' dir='ltr'>et</span> 
     </span>
    </p>
   </div>
   <div class='ocr_carea' id='block_1_68' title="bbox 2091 2756 3738 2830">
    <p class='ocr_par' dir='ltr' id='par_1_68' title="bbox 2091 2756 3738 2830">
     <span class='ocr_line' id='line_1_69' title="bbox 2091 2756 3738 2830; baseline 0.001 -18"><span class='ocrx_word' id='word_1_490' title='bbox 2091 2756 2243 2829; x_wconf 88' lang='lat' dir='ltr'>lapis</span> <span class='ocrx_word' id='word_1_491' title='bbox 2274 2773 2550 2830; x_wconf 86' lang='lat' dir='ltr'>magnus,</span> <span class='ocrx_word' id='word_1_492' title='bbox 2583 2775 2760 2830; x_wconf 87' lang='lat' dir='ltr'>quem</span> <span class='ocrx_word' id='word_1_493' title='bbox 2779 2759 2873 2814; x_wconf 86' lang='lat' dir='ltr'>vix</span> <span class='ocrx_word' id='word_1_494' title='bbox 2903 2758 3210 2827; x_wconf 81' lang='lat' dir='ltr'>machinae,</span> <span class='ocrx_word' id='word_1_495' title='bbox 3248 2759 3468 2814; x_wconf 89' lang='lat' dir='ltr'>nedum</span> <span class='ocrx_word' id='word_1_496' title='bbox 3502 2773 3738 2826; x_wconf 89' lang='lat' dir='ltr'>manus,</span> 
     </span>
    </p>
   </div>
   <div class='ocr_carea' id='block_1_69' title="bbox 2093 2847 3742 2919">
    <p class='ocr_par' dir='ltr' id='par_1_69' title="bbox 2093 2847 3742 2919">
     <span class='ocr_line' id='line_1_70' title="bbox 2093 2847 3742 2919; baseline -0.001 -17"><span class='ocrx_word' id='word_1_497' title='bbox 2093 2862 2324 2902; x_wconf 89' lang='lat' dir='ltr'>movere</span> <span class='ocrx_word' id='word_1_498' title='bbox 2355 2850 2625 2918; x_wconf 89' lang='lat' dir='ltr'>poterant</span> <span class='ocrx_word' id='word_1_499' title='bbox 2671 2847 2884 2919; x_wconf 90' lang='lat' dir='ltr'>supino</span> <span class='ocrx_word' id='word_1_500' title='bbox 2924 2847 3147 2918; x_wconf 91' lang='lat' dir='ltr'>jacenti</span> <span class='ocrx_word' id='word_1_501' title='bbox 3183 2863 3362 2918; x_wconf 89' lang='lat' dir='ltr'>supra</span> <span class='ocrx_word' id='word_1_502' title='bbox 3391 2849 3595 2918; x_wconf 89' lang='lat' dir='ltr'>pectus</span> <span class='ocrx_word' id='word_1_503' title='bbox 3653 2849 3742 2901; x_wconf 90' lang='lat' dir='ltr'>est</span> 
     </span>
    </p>
   </div>
   <div class='ocr_carea' id='block_1_70' title="bbox 2091 2935 3744 3009">
    <p class='ocr_par' dir='ltr' id='par_1_70' title="bbox 2091 2935 3744 3009">
     <span class='ocr_line' id='line_1_71' title="bbox 2091 2935 3744 3009; baseline 0 -19"><span class='ocrx_word' id='word_1_504' title='bbox 2091 2935 2540 3008; x_wconf 88' lang='lat' dir='ltr'>positus,nimio</span> <span class='ocrx_word' id='word_1_505' title='bbox 2570 2937 2826 3007; x_wconf 90' lang='lat' dir='ltr'>pondere</span> <span class='ocrx_word' id='word_1_506' title='bbox 2842 2938 3238 3009; x_wconf 89' lang='lat' dir='ltr'>comprimens</span> <span class='ocrx_word' id='word_1_507' title='bbox 3263 2936 3596 3007; x_wconf 88' lang='lat' dir='ltr'>subjectum</span> <span class='ocrx_word' id='word_1_508' title='bbox 3621 2951 3744 2990; x_wconf 91' lang='lat' dir='ltr'>cor-</span> 
     </span>
    </p>
   </div>
   <div class='ocr_carea' id='block_1_71' title="bbox 2092 3022 3742 3097">
    <p class='ocr_par' dir='ltr' id='par_1_71' title="bbox 2092 3022 3742 3097">
     <span class='ocr_line' id='line_1_72' title="bbox 2092 3022 3742 3097; baseline 0.002 -20"><span class='ocrx_word' id='word_1_509' title='bbox 2092 3040 2205 3096; x_wconf 89' lang='lat' dir='ltr'>pus</span> <span class='ocrx_word' id='word_1_510' title='bbox 2235 3022 2506 3096; x_wconf 87' lang='lat' dir='ltr'>illudque</span> <span class='ocrx_word' id='word_1_511' title='bbox 2555 3041 2769 3097; x_wconf 83' lang='lat' dir='ltr'>cogens</span> <span class='ocrx_word' id='word_1_512' title='bbox 2818 3025 2997 3081; x_wconf 90' lang='lat' dir='ltr'>simul</span> <span class='ocrx_word' id='word_1_513' title='bbox 3049 3030 3105 3081; x_wconf 93' lang='lat' dir='ltr'>ct</span> <span class='ocrx_word' id='word_1_514' title='bbox 3163 3025 3571 3081; x_wconf 88' lang='lat' dir='ltr'>contritionem</span> <span class='ocrx_word' id='word_1_515' title='bbox 3615 3040 3742 3080; x_wconf 88' lang='lat' dir='ltr'>car-</span> 
     </span>
    </p>
   </div>
   <div class='ocr_carea' id='block_1_72' title="bbox 2092 3113 3740 3185">
    <p class='ocr_par' dir='ltr' id='par_1_72' title="bbox 2092 3113 3740 3185">
     <span class='ocr_line' id='line_1_73' title="bbox 2092 3113 3740 3185; baseline 0.001 -17"><span class='ocrx_word' id='word_1_516' title='bbox 2092 3113 2258 3168; x_wconf 90' lang='lat' dir='ltr'>nium</span> <span class='ocrx_word' id='word_1_517' title='bbox 2281 3117 2339 3168; x_wconf 91' lang='lat' dir='ltr'>et</span> <span class='ocrx_word' id='word_1_518' title='bbox 2358 3113 2813 3170; x_wconf 68' lang='lat' dir='ltr'>contractionem</span> <span class='ocrx_word' id='word_1_519' title='bbox 2838 3114 3060 3170; x_wconf 91' lang='lat' dir='ltr'>ossium</span> <span class='ocrx_word' id='word_1_520' title='bbox 3098 3114 3386 3170; x_wconf 88' lang='lat' dir='ltr'>sustinere</span> <span class='ocrx_word' id='word_1_521' title='bbox 3421 3132 3434 3182; x_wconf 89' lang='lat'><strong>;</strong></span> <span class='ocrx_word' id='word_1_522' title='bbox 3470 3113 3740 3185; x_wconf 89' lang='lat' dir='ltr'>quamvis</span> 
     </span>
    </p>
   </div>
   <div class='ocr_carea' id='block_1_73' title="bbox 2090 3201 3738 3275">
    <p class='ocr_par' dir='ltr' id='par_1_73' title="bbox 2090 3201 3738 3275">
     <span class='ocr_line' id='line_1_74' title="bbox 2090 3201 3738 3275; baseline 0.001 -19"><span class='ocrx_word' id='word_1_523' title='bbox 2090 3201 2236 3274; x_wconf 90' lang='lat' dir='ltr'>ispe,</span> <span class='ocrx_word' id='word_1_524' title='bbox 2270 3202 2426 3258; x_wconf 91' lang='lat' dir='ltr'>sicut</span> <span class='ocrx_word' id='word_1_525' title='bbox 2446 3203 2639 3273; x_wconf 89' lang='lat' dir='ltr'>quoad</span> <span class='ocrx_word' id='word_1_526' title='bbox 2662 3204 2922 3259; x_wconf 88' lang='lat' dir='ltr'>animam</span> <span class='ocrx_word' id='word_1_527' title='bbox 2954 3203 3098 3258; x_wconf 87' lang='lat' dir='ltr'>nihil</span> <span class='ocrx_word' id='word_1_528' title='bbox 3131 3203 3492 3275; x_wconf 90' lang='lat' dir='ltr'>suscipiebat</span> <span class='ocrx_word' id='word_1_529' title='bbox 3522 3202 3738 3274; x_wconf 89' lang='lat' dir='ltr'>impio-</span> 
     </span>
    </p>
   </div>
   <div class='ocr_carea' id='block_1_74' title="bbox 2092 3290 3740 3363">
    <p class='ocr_par' dir='ltr' id='par_1_74' title="bbox 2092 3290 3740 3363">
     <span class='ocr_line' id='line_1_75' title="bbox 2092 3290 3740 3363; baseline 0.001 -18"><span class='ocrx_word' id='word_1_530' title='bbox 2092 3307 2225 3346; x_wconf 91' lang='lat' dir='ltr'>rum</span> <span class='ocrx_word' id='word_1_531' title='bbox 2256 3291 2848 3362; x_wconf 86' lang='lat' dir='ltr'>mandatorum,itaet</span> <span class='ocrx_word' id='word_1_532' title='bbox 2871 3293 3061 3363; x_wconf 90' lang='lat' dir='ltr'>quoad</span> <span class='ocrx_word' id='word_1_533' title='bbox 3093 3290 3740 3363; x_wconf 88' lang='lat' dir='ltr'>corpusinsuperabilis</span> 
     </span>
    </p>
   </div>
   <div class='ocr_carea' id='block_1_75' title="bbox 2089 3379 3739 3453">
    <p class='ocr_par' dir='ltr' id='par_1_75' title="bbox 2089 3379 3739 3453">
     <span class='ocr_line' id='line_1_76' title="bbox 2089 3379 3739 3453; baseline 0.001 -18"><span class='ocrx_word' id='word_1_534' title='bbox 2089 3383 2230 3447; x_wconf 88' lang='lat' dir='ltr'>erat,</span> <span class='ocrx_word' id='word_1_535' title='bbox 2256 3379 2480 3435; x_wconf 89' lang='lat' dir='ltr'>nullam</span> <span class='ocrx_word' id='word_1_536' title='bbox 2540 3379 2780 3436; x_wconf 88' lang='lat' dir='ltr'>omnino</span> <span class='ocrx_word' id='word_1_537' title='bbox 2837 3380 3041 3436; x_wconf 88' lang='lat' dir='ltr'>exinde</span> <span class='ocrx_word' id='word_1_538' title='bbox 3090 3380 3319 3453; x_wconf 89' lang='lat' dir='ltr'>patiens</span> <span class='ocrx_word' id='word_1_539' title='bbox 3375 3379 3739 3436; x_wconf 89' lang='lat' dir='ltr'>violentiam.</span> 
     </span>
    </p>
   </div>
   <div class='ocr_carea' id='block_1_76' title="bbox 2089 3468 3742 3541">
    <p class='ocr_par' dir='ltr' id='par_1_76' title="bbox 2089 3468 3742 3541">
     <span class='ocr_line' id='line_1_77' title="bbox 2089 3468 3742 3541; baseline 0.001 -17"><span class='ocrx_word' id='word_1_540' title='bbox 2089 3469 2398 3524; x_wconf 87' lang='lat' dir='ltr'>Enimvero</span> <span class='ocrx_word' id='word_1_541' title='bbox 2429 3468 2491 3523; x_wconf 92' lang='lat' dir='ltr'>in</span> <span class='ocrx_word' id='word_1_542' title='bbox 2535 3469 2960 3526; x_wconf 87' lang='lat' dir='ltr'>certaminibus</span> <span class='ocrx_word' id='word_1_543' title='bbox 3006 3469 3148 3536; x_wconf 89' lang='lat' dir='ltr'>illis,</span> <span class='ocrx_word' id='word_1_544' title='bbox 3180 3487 3309 3541; x_wconf 77' lang='lat' dir='ltr'>quae</span> <span class='ocrx_word' id='word_1_545' title='bbox 3367 3486 3470 3541; x_wconf 90' lang='lat' dir='ltr'>pro</span> <span class='ocrx_word' id='word_1_546' title='bbox 3528 3469 3742 3540; x_wconf 88' lang='lat' dir='ltr'>pietate</span> 
     </span>
    </p>
   </div>
   <div class='ocr_carea' id='block_1_77' title="bbox 2089 3557 3740 3630">
    <p class='ocr_par' dir='ltr' id='par_1_77' title="bbox 2089 3557 3740 3630">
     <span class='ocr_line' id='line_1_78' title="bbox 2089 3557 3740 3630; baseline 0.001 -18"><span class='ocrx_word' id='word_1_547' title='bbox 2089 3557 2484 3630; x_wconf 87' lang='lat' dir='ltr'>excipiuntur,</span> <span class='ocrx_word' id='word_1_548' title='bbox 2518 3558 2778 3629; x_wconf 87' lang='lat' dir='ltr'>corporis</span> <span class='ocrx_word' id='word_1_549' title='bbox 2797 3559 3048 3613; x_wconf 84' lang='lat' dir='ltr'>firmitas</span> <span class='ocrx_word' id='word_1_550' title='bbox 3081 3557 3390 3614; x_wconf 82' lang='lat' dir='ltr'>manifeste</span> <span class='ocrx_word' id='word_1_551' title='bbox 3408 3557 3638 3613; x_wconf 90' lang='lat' dir='ltr'>videtur</span> <span class='ocrx_word' id='word_1_552' title='bbox 3667 3558 3740 3614; x_wconf 89' lang='lat' dir='ltr'>ab</span> 
     </span>
    </p>
   </div>
   <div class='ocr_carea' id='block_1_78' title="bbox 2086 3641 3738 3718">
    <p class='ocr_par' dir='ltr' id='par_1_78' title="bbox 2086 3641 3738 3718">
     <span class='ocr_line' id='line_1_79' title="bbox 2086 3641 3738 3718; baseline -0.002 -15"><span class='ocrx_word' id='word_1_553' title='bbox 2086 3646 2268 3703; x_wconf 87' lang='lat' dir='ltr'>animi</span> <span class='ocrx_word' id='word_1_554' title='bbox 2291 3645 2682 3718; x_wconf 86' lang='lat' dir='ltr'>generositate</span> <span class='ocrx_word' id='word_1_555' title='bbox 2701 3641 2992 3718; x_wconf 88' lang='lat' dir='ltr'>pendere;</span> <span class='ocrx_word' id='word_1_556' title='bbox 3027 3650 3093 3701; x_wconf 92' lang='lat' dir='ltr'>ut</span> <span class='ocrx_word' id='word_1_557' title='bbox 3122 3650 3408 3718; x_wconf 88' lang='lat' dir='ltr'>quantum</span> <span class='ocrx_word' id='word_1_558' title='bbox 3443 3646 3564 3700; x_wconf 67' lang='lat' dir='ltr'>haec</span> <span class='ocrx_word' id='word_1_559' title='bbox 3625 3646 3738 3702; x_wconf 88' lang='lat' dir='ltr'>sibi</span> 
     </span>
    </p>
   </div>
   <div class='ocr_carea' id='block_1_79' title="bbox 2087 3734 3731 3808">
    <p class='ocr_par' dir='ltr' id='par_1_79' title="bbox 2087 3734 3731 3808">
     <span class='ocr_line' id='line_1_80' title="bbox 2087 3734 3731 3808; baseline 0 -17"><span class='ocrx_word' id='word_1_560' title='bbox 2087 3752 2190 3808; x_wconf 88' lang='lat' dir='ltr'>per</span> <span class='ocrx_word' id='word_1_561' title='bbox 2219 3739 2552 3806; x_wconf 88' lang='lat' dir='ltr'>promptam</span> <span class='ocrx_word' id='word_1_562' title='bbox 2602 3739 2835 3790; x_wconf 88' lang='lat' dir='ltr'>constat</span> <span class='ocrx_word' id='word_1_563' title='bbox 2883 3735 3265 3803; x_wconf 83' lang='lat' dir='ltr'>voluntatem,</span> <span class='ocrx_word' id='word_1_564' title='bbox 3307 3739 3539 3790; x_wconf 88' lang='lat' dir='ltr'>tantum</span> <span class='ocrx_word' id='word_1_565' title='bbox 3593 3734 3731 3791; x_wconf 90' lang='lat' dir='ltr'>huic</span> 
     </span>
    </p>
   </div>
   <div class='ocr_carea' id='block_1_80' title="bbox 2085 3823 3737 3896">
    <p class='ocr_par' dir='ltr' id='par_1_80' title="bbox 2085 3823 3737 3896">
     <span class='ocr_line' id='line_1_81' title="bbox 2085 3823 3737 3896; baseline 0.001 -18"><span class='ocrx_word' id='word_1_566' title='bbox 2085 3825 2265 3880; x_wconf 89' lang='lat' dir='ltr'>robur</span> <span class='ocrx_word' id='word_1_567' title='bbox 2294 3825 2366 3879; x_wconf 91' lang='lat' dir='ltr'>ad</span> <span class='ocrx_word' id='word_1_568' title='bbox 2399 3824 2741 3896; x_wconf 88' lang='lat' dir='ltr'>patiendum</span> <span class='ocrx_word' id='word_1_569' title='bbox 2773 3824 3069 3890; x_wconf 85' lang='lat' dir='ltr'>conferat;</span> <span class='ocrx_word' id='word_1_570' title='bbox 3113 3829 3216 3880; x_wconf 88' lang='lat' dir='ltr'>aut</span> <span class='ocrx_word' id='word_1_571' title='bbox 3275 3823 3470 3896; x_wconf 90' lang='lat' dir='ltr'>potius</span> <span class='ocrx_word' id='word_1_572' title='bbox 3527 3824 3737 3880; x_wconf 60' lang='lat' dir='ltr'>anima</span> 
     </span>
    </p>
   </div>
   <div class='ocr_carea' id='block_1_81' title="bbox 2085 3911 3736 3985">
    <p class='ocr_par' dir='ltr' id='par_1_81' title="bbox 2085 3911 3736 3985">
     <span class='ocr_line' id='line_1_82' title="bbox 2085 3911 3736 3985; baseline -0.002 -16"><span class='ocrx_word' id='word_1_573' title='bbox 2085 3913 2326 3984; x_wconf 90' lang='lat' dir='ltr'>quidem</span> <span class='ocrx_word' id='word_1_574' title='bbox 2357 3913 2537 3968; x_wconf 89' lang='lat' dir='ltr'>robur</span> <span class='ocrx_word' id='word_1_575' title='bbox 2564 3913 2721 3969; x_wconf 89' lang='lat' dir='ltr'>Deus</span> <span class='ocrx_word' id='word_1_576' title='bbox 2751 3912 3231 3985; x_wconf 87' lang='lat' dir='ltr'>inspirat,anima</span> <span class='ocrx_word' id='word_1_577' title='bbox 3263 3916 3459 3968; x_wconf 88' lang='lat' dir='ltr'>autem</span> <span class='ocrx_word' id='word_1_578' title='bbox 3485 3911 3736 3984; x_wconf 86' lang='lat' dir='ltr'>corpori,</span> 
     </span>
    </p>
   </div>
   <div class='ocr_carea' id='block_1_82' title="bbox 2085 4001 3737 4074">
    <p class='ocr_par' dir='ltr' id='par_1_82' title="bbox 2085 4001 3737 4074">
     <span class='ocr_line' id='line_1_83' title="bbox 2085 4001 3737 4074; baseline -0.002 -16"><span class='ocrx_word' id='word_1_579' title='bbox 2085 4006 2142 4058; x_wconf 88' lang='lat' dir='ltr'>et</span> <span class='ocrx_word' id='word_1_580' title='bbox 2167 4001 2400 4073; x_wconf 91' lang='lat' dir='ltr'>utrique</span> <span class='ocrx_word' id='word_1_581' title='bbox 2431 4006 2584 4057; x_wconf 91' lang='lat' dir='ltr'>Deus</span> <span class='ocrx_word' id='word_1_582' title='bbox 2610 4020 2624 4071; x_wconf 92' lang='lat'><strong>;</strong></span> <span class='ocrx_word' id='word_1_583' title='bbox 2659 4019 2693 4057; x_wconf 86' lang='lat' dir='ltr'>a</span> <span class='ocrx_word' id='word_1_584' title='bbox 2724 4019 2837 4074; x_wconf 91' lang='lat' dir='ltr'>quo</span> <span class='ocrx_word' id='word_1_585' title='bbox 2870 4003 3252 4058; x_wconf 83' lang='lat' dir='ltr'>confirmatus</span> <span class='ocrx_word' id='word_1_586' title='bbox 3283 4003 3532 4058; x_wconf 85' lang='lat' dir='ltr'>Sanctus</span> <span class='ocrx_word' id='word_1_587' title='bbox 3561 4001 3737 4057; x_wconf 90' lang='lat' dir='ltr'>etiam</span> 
     </span>
    </p>
   </div>
   <div class='ocr_carea' id='block_1_83' title="bbox 2083 4089 2938 4163">
    <p class='ocr_par' dir='ltr' id='par_1_83' title="bbox 2083 4089 2938 4163">
     <span class='ocr_line' id='line_1_84' title="bbox 2083 4089 2938 4163; baseline -0.002 -17"><span class='ocrx_word' id='word_1_588' title='bbox 2083 4089 2247 4146; x_wconf 88' lang='lat' dir='ltr'>istud</span> <span class='ocrx_word' id='word_1_589' title='bbox 2268 4089 2596 4163; x_wconf 90' lang='lat' dir='ltr'>periculum</span> <span class='ocrx_word' id='word_1_590' title='bbox 2623 4090 2938 4163; x_wconf 85' lang='lat' dir='ltr'>superavit.</span> 
     </span>
    </p>
   </div>
   <div class='ocr_carea' id='block_1_84' title="bbox 1856 4283 2192 4344">
    <p class='ocr_par' dir='ltr' id='par_1_84' title="bbox 1856 4283 2192 4344">
     <span class='ocr_line' id='line_1_85' title="bbox 1856 4283 2192 4344; baseline 0.006 -3"><span class='ocrx_word' id='word_1_591' title='bbox 1856 4283 2092 4342; x_wconf 84' lang='lat' dir='ltr'>CAPUT</span> <span class='ocrx_word' id='word_1_592' title='bbox 2123 4285 2192 4344; x_wconf 90' lang='lat' dir='ltr'>II.</span> 
     </span>
    </p>
   </div>
   <div class='ocr_carea' id='block_1_85' title="bbox 987 4428 3061 4503">
    <p class='ocr_par' dir='ltr' id='par_1_85' title="bbox 987 4428 3061 4503">
     <span class='ocr_line' id='line_1_86' title="bbox 987 4428 3061 4503; baseline 0 -19"><span class='ocrx_word' id='word_1_593' title='bbox 987 4430 1030 4484; x_wconf 88' lang='lat' dir='ltr'><strong><em>A</em></strong></span> <span class='ocrx_word' id='word_1_594' title='bbox 1059 4428 1332 4502; x_wconf 76' lang='lat' dir='ltr'>supplicio</span> <span class='ocrx_word' id='word_1_595' title='bbox 1365 4429 1506 4486; x_wconf 68' lang='lat' dir='ltr'>rotae</span> <span class='ocrx_word' id='word_1_596' title='bbox 1531 4433 1583 4484; x_wconf 82' lang='lat' dir='ltr'>et</span> <span class='ocrx_word' id='word_1_597' title='bbox 1613 4430 1750 4484; x_wconf 72' lang='lat' dir='ltr'>vivae</span> <span class='ocrx_word' id='word_1_598' title='bbox 1778 4429 1950 4486; x_wconf 74' lang='lat' dir='ltr'>calcis</span> <span class='ocrx_word' id='word_1_599' title='bbox 1968 4431 2115 4503; x_wconf 68' lang='lat' dir='ltr'>fossa</span> <span class='ocrx_word' id='word_1_600' title='bbox 2145 4431 2355 4486; x_wconf 70' lang='lat' dir='ltr'>illaesa:</span> <span class='ocrx_word' id='word_1_601' title='bbox 2385 4431 2500 4487; x_wconf 77' lang='lat' dir='ltr'>exit</span> <span class='ocrx_word' id='word_1_602' title='bbox 2527 4436 2750 4487; x_wconf 76' lang='lat' dir='ltr'>sanctus</span> <span class='ocrx_word' id='word_1_603' title='bbox 2780 4429 3061 4502; x_wconf 73' lang='lat' dir='ltr'>Georgius.</span> 
     </span>
    </p>
   </div>
   <div class='ocr_carea' id='block_1_86' title="bbox 380 4575 1967 4653">
    <p class='ocr_par' dir='ltr' id='par_1_86' title="bbox 380 4575 1967 4653">
     <span class='ocr_line' id='line_1_87' title="bbox 380 4575 1967 4653; baseline -0.003 -17"><span class='ocrx_word' id='word_1_604' title='bbox 380 4582 468 4638; x_wconf 84' lang='grc' dir='ltr'>ια’.</span> <span class='ocrx_word' id='word_1_605' title='bbox 499 4579 575 4636; x_wconf 80' lang='grc' dir='ltr'>Τὰ</span> <span class='ocrx_word' id='word_1_606' title='bbox 606 4581 701 4653; x_wconf 79' lang='grc' dir='ltr'>μὲν</span> <span class='ocrx_word' id='word_1_607' title='bbox 732 4577 826 4634; x_wconf 72' lang='grc' dir='ltr'>οὖν</span> <span class='ocrx_word' id='word_1_608' title='bbox 856 4585 958 4648; x_wconf 82' lang='grc' dir='ltr'>τῆς</span> <span class='ocrx_word' id='word_1_609' title='bbox 1001 4577 1196 4640; x_wconf 80' lang='grc' dir='ltr'>νυκτὸς</span> <span class='ocrx_word' id='word_1_610' title='bbox 1252 4575 1464 4646; x_wconf 80' lang='grc' dir='ltr'>ἐκείνης</span> <span class='ocrx_word' id='word_1_611' title='bbox 1521 4576 1669 4649; x_wconf 85' lang='grc' dir='ltr'>αύτῷ</span> <span class='ocrx_word' id='word_1_612' title='bbox 1722 4581 1967 4650; x_wconf 82' lang='grc' dir='ltr'>τοιαῦτα,</span> 
     </span>
    </p>
   </div>
   <div class='ocr_carea' id='block_1_87' title="bbox 299 4664 1971 4743">
    <p class='ocr_par' dir='ltr' id='par_1_87' title="bbox 299 4664 1971 4743">
     <span class='ocr_line' id='line_1_88' title="bbox 299 4664 1971 4743; baseline -0.003 -16"><span class='ocrx_word' id='word_1_613' title='bbox 299 4671 423 4728; x_wconf 82' lang='grc' dir='ltr'>κατ’</span> <span class='ocrx_word' id='word_1_614' title='bbox 468 4668 622 4726; x_wconf 72' lang='grc' dir='ltr'>οὐδὲν</span> <span class='ocrx_word' id='word_1_615' title='bbox 675 4669 832 4743; x_wconf 78' lang='grc' dir='ltr'>οἶμαι</span> <span class='ocrx_word' id='word_1_616' title='bbox 881 4672 989 4722; x_wconf 88' lang='grc' dir='ltr'>τῶν</span> <span class='ocrx_word' id='word_1_617' title='bbox 1033 4669 1314 4741; x_wconf 60' lang='grc' dir='ltr'>ἦμερινῶν</span> <span class='ocrx_word' id='word_1_618' title='bbox 1365 4665 1704 4743; x_wconf 86' lang='grc' dir='ltr'>ἀνεκτότερα,</span> <span class='ocrx_word' id='word_1_619' title='bbox 1738 4665 1771 4720; x_wconf 74' lang='grc' dir='ltr'>ἃ</span> <span class='ocrx_word' id='word_1_620' title='bbox 1811 4664 1858 4720; x_wconf 85' lang='grc' dir='ltr'>δ’</span> <span class='ocrx_word' id='word_1_621' title='bbox 1888 4667 1971 4722; x_wconf 85' lang='grc' dir='ltr'>εύ-</span> 
     </span>
    </p>
   </div>
   <div class='ocr_carea' id='block_1_88' title="bbox 299 4751 1970 4834">
    <p class='ocr_par' dir='ltr' id='par_1_88' title="bbox 299 4751 1970 4834">
     <span class='ocr_line' id='line_1_89' title="bbox 299 4751 1970 4834; baseline -0.002 -20"><span class='ocrx_word' id='word_1_622' title='bbox 299 4760 403 4821; x_wconf 76' lang='grc' dir='ltr'>θῦς</span> <span class='ocrx_word' id='word_1_623' title='bbox 460 4761 527 4828; x_wconf 70' lang='grc' dir='ltr'>ἦν</span> <span class='ocrx_word' id='word_1_624' title='bbox 586 4758 800 4834; x_wconf 82' lang='grc' dir='ltr'>ἡμέρας</span> <span class='ocrx_word' id='word_1_625' title='bbox 860 4751 1256 4826; x_wconf 88' lang='grc' dir='ltr'>ἐπιλαϐούσης,</span> <span class='ocrx_word' id='word_1_626' title='bbox 1307 4752 1602 4831; x_wconf 77' lang='grc' dir='ltr'>ἐπειδήπερ</span> <span class='ocrx_word' id='word_1_627' title='bbox 1661 4756 1738 4817; x_wconf 86' lang='grc' dir='ltr'>ὡς</span> <span class='ocrx_word' id='word_1_628' title='bbox 1788 4755 1842 4809; x_wconf 91' lang='grc' dir='ltr'>ἐν</span> <span class='ocrx_word' id='word_1_629' title='bbox 1881 4757 1970 4810; x_wconf 90' lang='grc' dir='ltr'>θα-</span> 
     </span>
    </p>
   </div>
   <div class='ocr_carea' id='block_1_89' title="bbox 296 4843 1966 4922">
    <p class='ocr_par' dir='ltr' id='par_1_89' title="bbox 296 4843 1966 4922">
     <span class='ocr_line' id='line_1_90' title="bbox 296 4843 1966 4922; baseline -0.003 -19"><span class='ocrx_word' id='word_1_630' title='bbox 296 4846 500 4922; x_wconf 78' lang='grc' dir='ltr'>λάσσῃ,</span> <span class='ocrx_word' id='word_1_631' title='bbox 527 4845 791 4922; x_wconf 86' lang='grc' dir='ltr'>τρικυμία</span> <span class='ocrx_word' id='word_1_632' title='bbox 843 4848 1021 4900; x_wconf 87' lang='grc' dir='ltr'>κακῶν</span> <span class='ocrx_word' id='word_1_633' title='bbox 1084 4843 1355 4920; x_wconf 83' lang='grc' dir='ltr'>ὑπῆρχεν·</span> <span class='ocrx_word' id='word_1_634' title='bbox 1396 4843 1487 4898; x_wconf 79' lang='grc' dir='ltr'>καὶ</span> <span class='ocrx_word' id='word_1_635' title='bbox 1532 4843 1597 4898; x_wconf 87' lang='grc' dir='ltr'>τὸ</span> <span class='ocrx_word' id='word_1_636' title='bbox 1652 4844 1746 4917; x_wconf 73' lang='grc' dir='ltr'>μὲν</span> <span class='ocrx_word' id='word_1_637' title='bbox 1807 4843 1966 4900; x_wconf 81' lang='grc' dir='ltr'>αὑτὸν</span> 
     </span>
    </p>
   </div>
   <div class='ocr_carea' id='block_1_90' title="bbox 297 4927 1966 5012">
    <p class='ocr_par' dir='ltr' id='par_1_90' title="bbox 297 4927 1966 5012">
     <span class='ocr_line' id='line_1_91' title="bbox 297 4927 1966 5012; baseline -0.002 -21"><span class='ocrx_word' id='word_1_638' title='bbox 297 4935 427 5012; x_wconf 72' lang='grc' dir='ltr'>εἶχε</span> <span class='ocrx_word' id='word_1_639' title='bbox 474 4938 644 5009; x_wconf 75' lang='grc' dir='ltr'>κῦμα,</span> <span class='ocrx_word' id='word_1_640' title='bbox 670 4937 734 4990; x_wconf 86' lang='grc' dir='ltr'>τὸ</span> <span class='ocrx_word' id='word_1_641' title='bbox 785 4930 845 4988; x_wconf 73' lang='grc' dir='ltr'>δὲ</span> <span class='ocrx_word' id='word_1_642' title='bbox 899 4927 1300 5006; x_wconf 84' lang='grc' dir='ltr'>κατελάμϐανε,</span> <span class='ocrx_word' id='word_1_643' title='bbox 1349 4931 1416 4987; x_wconf 86' lang='grc' dir='ltr'>τὸ</span> <span class='ocrx_word' id='word_1_644' title='bbox 1471 4929 1517 4987; x_wconf 83' lang='grc' dir='ltr'>δ’</span> <span class='ocrx_word' id='word_1_645' title='bbox 1579 4930 1832 5006; x_wconf 83' lang='grc' dir='ltr'>ἔμελλεν,</span> <span class='ocrx_word' id='word_1_646' title='bbox 1891 4934 1966 4996; x_wconf 87' lang='grc' dir='ltr'>ὡς</span> 
     </span>
    </p>
   </div>
   <div class='ocr_carea' id='block_1_91' title="bbox 2153 4579 3736 4650">
    <p class='ocr_par' dir='ltr' id='par_1_91' title="bbox 2153 4579 3736 4650">
     <span class='ocr_line' id='line_1_92' title="bbox 2153 4579 3736 4650; baseline -0.001 -15"><span class='ocrx_word' id='word_1_647' title='bbox 2153 4582 2238 4635; x_wconf 90' lang='grc'>11.</span> <span class='ocrx_word' id='word_1_648' title='bbox 2265 4579 2390 4636; x_wconf 89' lang='lat' dir='ltr'>Tali</span> <span class='ocrx_word' id='word_1_649' title='bbox 2421 4580 2661 4636; x_wconf 88' lang='lat' dir='ltr'>fuerunt</span> <span class='ocrx_word' id='word_1_650' title='bbox 2693 4580 2882 4636; x_wconf 89' lang='lat' dir='ltr'>noctis</span> <span class='ocrx_word' id='word_1_651' title='bbox 2917 4579 3079 4636; x_wconf 89' lang='lat' dir='ltr'>illius</span> <span class='ocrx_word' id='word_1_652' title='bbox 3111 4579 3453 4644; x_wconf 84' lang='lat' dir='ltr'>certamina,</span> <span class='ocrx_word' id='word_1_653' title='bbox 3485 4579 3645 4650; x_wconf 89' lang='lat' dir='ltr'>nisit,</span> <span class='ocrx_word' id='word_1_654' title='bbox 3668 4584 3736 4634; x_wconf 91' lang='lat' dir='ltr'>ut</span> 
     </span>
    </p>
   </div>
   <div class='ocr_carea' id='block_1_92' title="bbox 2078 4668 3732 4741">
    <p class='ocr_par' dir='ltr' id='par_1_92' title="bbox 2078 4668 3732 4741">
     <span class='ocr_line' id='line_1_93' title="bbox 2078 4668 3732 4741; baseline -0.001 -15"><span class='ocrx_word' id='word_1_655' title='bbox 2078 4669 2350 4738; x_wconf 90' lang='lat' dir='ltr'>arbritor,</span> <span class='ocrx_word' id='word_1_656' title='bbox 2382 4668 2598 4725; x_wconf 90' lang='lat' dir='ltr'>leviora</span> <span class='ocrx_word' id='word_1_657' title='bbox 2627 4668 2895 4725; x_wconf 88' lang='lat' dir='ltr'>diurnis:</span> <span class='ocrx_word' id='word_1_658' title='bbox 2928 4686 3058 4741; x_wconf 72' lang='lat' dir='ltr'>quae</span> <span class='ocrx_word' id='word_1_659' title='bbox 3109 4685 3269 4735; x_wconf 89' lang='lat' dir='ltr'>vero,</span> <span class='ocrx_word' id='word_1_660' title='bbox 3324 4685 3460 4724; x_wconf 80' lang='lat' dir='ltr'>mox</span> <span class='ocrx_word' id='word_1_661' title='bbox 3489 4671 3557 4723; x_wconf 91' lang='lat' dir='ltr'>ut</span> <span class='ocrx_word' id='word_1_662' title='bbox 3604 4668 3732 4724; x_wconf 89' lang='lat' dir='ltr'>dies</span> 
     </span>
    </p>
   </div>
   <div class='ocr_carea' id='block_1_93' title="bbox 2079 4757 3732 4829">
    <p class='ocr_par' dir='ltr' id='par_1_93' title="bbox 2079 4757 3732 4829">
     <span class='ocr_line' id='line_1_94' title="bbox 2079 4757 3732 4829; baseline 0 -15"><span class='ocrx_word' id='word_1_663' title='bbox 2079 4758 2291 4825; x_wconf 84' lang='lat' dir='ltr'>illuxit,</span> <span class='ocrx_word' id='word_1_664' title='bbox 2326 4763 2468 4814; x_wconf 90' lang='lat' dir='ltr'>sunt</span> <span class='ocrx_word' id='word_1_665' title='bbox 2497 4763 2720 4824; x_wconf 88' lang='lat' dir='ltr'>secuta,</span> <span class='ocrx_word' id='word_1_666' title='bbox 2743 4759 2982 4814; x_wconf 85' lang='lat' dir='ltr'>fuerunt</span> <span class='ocrx_word' id='word_1_667' title='bbox 3003 4762 3286 4829; x_wconf 88' lang='lat' dir='ltr'>tanquam</span> <span class='ocrx_word' id='word_1_668' title='bbox 3318 4758 3377 4813; x_wconf 92' lang='lat' dir='ltr'>in</span> <span class='ocrx_word' id='word_1_669' title='bbox 3411 4757 3560 4813; x_wconf 88' lang='lat' dir='ltr'>mari</span> <span class='ocrx_word' id='word_1_670' title='bbox 3587 4761 3732 4814; x_wconf 91' lang='lat' dir='ltr'>tem-</span> 
     </span>
    </p>
   </div>
   <div class='ocr_carea' id='block_1_94' title="bbox 2078 4846 3727 4921">
    <p class='ocr_par' dir='ltr' id='par_1_94' title="bbox 2078 4846 3727 4921">
     <span class='ocr_line' id='line_1_95' title="bbox 2078 4846 3727 4921; baseline -0.002 -17"><span class='ocrx_word' id='word_1_671' title='bbox 2078 4852 2275 4920; x_wconf 87' lang='lat' dir='ltr'>pestas</span> <span class='ocrx_word' id='word_1_672' title='bbox 2306 4848 2840 4921; x_wconf 70' lang='lat' dir='ltr'>quasdam,quando</span> <span class='ocrx_word' id='word_1_673' title='bbox 2855 4863 3029 4919; x_wconf 90' lang='lat' dir='ltr'>quem</span> <span class='ocrx_word' id='word_1_674' title='bbox 3064 4848 3278 4902; x_wconf 88' lang='lat' dir='ltr'>ﬂuctus</span> <span class='ocrx_word' id='word_1_675' title='bbox 3309 4864 3466 4902; x_wconf 88' lang='lat' dir='ltr'>unus</span> <span class='ocrx_word' id='word_1_676' title='bbox 3495 4846 3727 4916; x_wconf 89' lang='lat' dir='ltr'>hahuit,</span> 
     </span>
    </p>
   </div>
   <div class='ocr_carea' id='block_1_95' title="bbox 2077 4935 3727 5009">
    <p class='ocr_par' dir='ltr' id='par_1_95' title="bbox 2077 4935 3727 5009">
     <span class='ocr_line' id='line_1_96' title="bbox 2077 4935 3727 5009; baseline 0 -17"><span class='ocrx_word' id='word_1_677' title='bbox 2077 4935 2520 5009; x_wconf 89' lang='lat' dir='ltr'>comprehendit</span> <span class='ocrx_word' id='word_1_678' title='bbox 2549 4935 2714 5006; x_wconf 88' lang='lat' dir='ltr'>alter,</span> <span class='ocrx_word' id='word_1_679' title='bbox 2751 4939 2808 4991; x_wconf 91' lang='lat' dir='ltr'>et</span> <span class='ocrx_word' id='word_1_680' title='bbox 2837 4935 3107 4991; x_wconf 92' lang='lat' dir='ltr'>imminet</span> <span class='ocrx_word' id='word_1_681' title='bbox 3143 4935 3353 4991; x_wconf 89' lang='lat' dir='ltr'>tertius</span> <span class='ocrx_word' id='word_1_682' title='bbox 3386 4953 3400 4990; x_wconf 89' lang='lat'><strong>:</strong></span> <span class='ocrx_word' id='word_1_683' title='bbox 3435 4935 3520 4991; x_wconf 92' lang='lat' dir='ltr'>sic</span> <span class='ocrx_word' id='word_1_684' title='bbox 3567 4936 3727 4992; x_wconf 90' lang='lat' dir='ltr'>enim</span> 
     </span>
    </p>
   </div>
   <div class='ocr_carea' id='block_1_96' title="bbox 293 5014 1974 5102">
    <p class='ocr_par' dir='ltr' id='par_1_96' title="bbox 293 5019 1965 5102">
     <span class='ocr_line' id='line_1_97' title="bbox 293 5019 1965 5102; baseline -0.003 -21"><span class='ocrx_word' id='word_1_685' title='bbox 293 5025 450 5102; x_wconf 77' lang='grc' dir='ltr'>παρὰ</span> <span class='ocrx_word' id='word_1_686' title='bbox 524 5021 672 5080; x_wconf 77' lang='grc' dir='ltr'>πολὺ</span> <span class='ocrx_word' id='word_1_687' title='bbox 753 5026 864 5079; x_wconf 90' lang='grc' dir='ltr'>τῶν</span> <span class='ocrx_word' id='word_1_688' title='bbox 950 5019 1372 5100; x_wconf 84' lang='grc' dir='ltr'>προειληφότων</span> <span class='ocrx_word' id='word_1_689' title='bbox 1458 5021 1710 5092; x_wconf 82' lang='grc' dir='ltr'>ποικιλίᾳ</span> <span class='ocrx_word' id='word_1_690' title='bbox 1759 5043 1818 5076; x_wconf 90' lang='grc' dir='ltr'>τε</span> <span class='ocrx_word' id='word_1_691' title='bbox 1873 5021 1965 5076; x_wconf 82' lang='grc' dir='ltr'>καὶ</span> 
     </span>
    </p>
   </div>
   <div class='ocr_carea' id='block_1_97' title="bbox 2088 5014 3726 5102">
    <p class='ocr_par' dir='ltr' id='par_1_97' title="bbox 2088 5023 3726 5097">
     <span class='ocr_line' id='line_1_98' title="bbox 2088 5023 3726 5097; baseline 0 -17"><span class='ocrx_word' id='word_1_692' title='bbox 2088 5025 2178 5081; x_wconf 83' lang='lat' dir='ltr'>illa</span> <span class='ocrx_word' id='word_1_693' title='bbox 2202 5026 2438 5081; x_wconf 78' lang='lat' dir='ltr'>fuerunt</span> <span class='ocrx_word' id='word_1_694' title='bbox 2468 5024 2737 5097; x_wconf 88' lang='lat' dir='ltr'>graviora</span> <span class='ocrx_word' id='word_1_695' title='bbox 2766 5023 3209 5096; x_wconf 89' lang='lat' dir='ltr'>prioribus,tam</span> <span class='ocrx_word' id='word_1_696' title='bbox 3239 5023 3517 5080; x_wconf 88' lang='lat' dir='ltr'>varietate</span> <span class='ocrx_word' id='word_1_697' title='bbox 3545 5040 3726 5096; x_wconf 88' lang='lat' dir='ltr'>quam</span> 
     </span>
    </p>
   </div>
   <div class='ocr_carea' id='block_1_98' title="bbox 294 5106 1960 5188">
    <p class='ocr_par' dir='ltr' id='par_1_98' title="bbox 294 5106 1960 5188">
     <span class='ocr_line' id='line_1_99' title="bbox 294 5106 1960 5188; baseline -0.003 -19"><span class='ocrx_word' id='word_1_698' title='bbox 294 5111 532 5187; x_wconf 79' lang='grc' dir='ltr'>δυνάμει</span> <span class='ocrx_word' id='word_1_699' title='bbox 581 5116 681 5168; x_wconf 73' lang='grc' dir='ltr'>τοῦ</span> <span class='ocrx_word' id='word_1_700' title='bbox 763 5113 1006 5166; x_wconf 87' lang='grc' dir='ltr'>κακῶσαι</span> <span class='ocrx_word' id='word_1_701' title='bbox 1079 5108 1374 5186; x_wconf 87' lang='grc' dir='ltr'>δεινότερα·</span> <span class='ocrx_word' id='word_1_702' title='bbox 1438 5108 1564 5166; x_wconf 79' lang='grc' dir='ltr'>ὥστ’</span> <span class='ocrx_word' id='word_1_703' title='bbox 1623 5106 1812 5188; x_wconf 77' lang='grc' dir='ltr'>ἔμοιγε</span> <span class='ocrx_word' id='word_1_704' title='bbox 1867 5111 1960 5165; x_wconf 80' lang='grc' dir='ltr'>καὶ</span> 
     </span>
    </p>
   </div>
   <div class='ocr_carea' id='block_1_99' title="bbox 293 5197 1962 5279">
    <p class='ocr_par' dir='ltr' id='par_1_99' title="bbox 293 5197 1962 5279">
     <span class='ocr_line' id='line_1_100' title="bbox 293 5197 1962 5279; baseline -0.002 -20"><span class='ocrx_word' id='word_1_705' title='bbox 293 5203 472 5279; x_wconf 80' lang='grc' dir='ltr'>εὐχῆς</span> <span class='ocrx_word' id='word_1_706' title='bbox 501 5199 660 5279; x_wconf 79' lang='grc' dir='ltr'>ἔργον</span> <span class='ocrx_word' id='word_1_707' title='bbox 694 5200 754 5257; x_wconf 73' lang='grc' dir='ltr'>ἂν</span> <span class='ocrx_word' id='word_1_708' title='bbox 789 5197 874 5270; x_wconf 65' lang='grc' dir='ltr'>εἴη</span> <span class='ocrx_word' id='word_1_709' title='bbox 918 5200 1015 5255; x_wconf 78' lang='grc' dir='ltr'>κᾶν</span> <span class='ocrx_word' id='word_1_710' title='bbox 1069 5199 1305 5276; x_wconf 90' lang='grc' dir='ltr'>μετρίως</span> <span class='ocrx_word' id='word_1_711' title='bbox 1364 5197 1598 5255; x_wconf 85' lang='grc' dir='ltr'>διελθεῖν</span> <span class='ocrx_word' id='word_1_712' title='bbox 1659 5197 1962 5271; x_wconf 76' lang='grc' dir='ltr'>δυνηθῆναι</span> 
     </span>
    </p>
   </div>
   <div class='ocr_carea' id='block_1_100' title="bbox 288 5285 1961 5368">
    <p class='ocr_par' dir='ltr' id='par_1_100' title="bbox 288 5285 1961 5368">
     <span class='ocr_line' id='line_1_101' title="bbox 288 5285 1961 5368; baseline -0.002 -21"><span class='ocrx_word' id='word_1_713' title='bbox 288 5297 376 5365; x_wconf 77' lang='grc' dir='ltr'>τῷ</span> <span class='ocrx_word' id='word_1_714' title='bbox 430 5290 612 5368; x_wconf 87' lang='grc' dir='ltr'>λόγῳ.</span> <span class='ocrx_word' id='word_1_715' title='bbox 671 5291 928 5366; x_wconf 79' lang='grc' dir='ltr'>Ἐξήγετο</span> <span class='ocrx_word' id='word_1_716' title='bbox 1002 5289 1096 5362; x_wconf 73' lang='grc' dir='ltr'>μὲν</span> <span class='ocrx_word' id='word_1_717' title='bbox 1141 5291 1243 5358; x_wconf 80' lang='grc' dir='ltr'>τῆς</span> <span class='ocrx_word' id='word_1_718' title='bbox 1290 5294 1555 5366; x_wconf 83' lang='grc' dir='ltr'>φρουρᾶς,</span> <span class='ocrx_word' id='word_1_719' title='bbox 1611 5285 1742 5362; x_wconf 89' lang='grc' dir='ltr'>μηδ’</span> <span class='ocrx_word' id='word_1_720' title='bbox 1811 5287 1961 5351; x_wconf 77' lang='grc' dir='ltr'>ὅλως</span> 
     </span>
    </p>
   </div>
   <div class='ocr_carea' id='block_1_101' title="bbox 293 5375 1960 5457">
    <p class='ocr_par' dir='ltr' id='par_1_101' title="bbox 293 5375 1960 5457">
     <span class='ocr_line' id='line_1_102' title="bbox 293 5375 1960 5457; baseline -0.004 -20"><span class='ocrx_word' id='word_1_721' title='bbox 293 5384 396 5457; x_wconf 79' lang='grc' dir='ltr'>ζῇν</span> <span class='ocrx_word' id='word_1_722' title='bbox 453 5379 843 5455; x_wconf 78' lang='grc' dir='ltr'>ἐλπιζόμενος·</span> <span class='ocrx_word' id='word_1_723' title='bbox 903 5376 1027 5434; x_wconf 83' lang='grc' dir='ltr'>ἀλλ’</span> <span class='ocrx_word' id='word_1_724' title='bbox 1066 5375 1254 5447; x_wconf 81' lang='grc' dir='ltr'>ἐπειδὴ</span> <span class='ocrx_word' id='word_1_725' title='bbox 1315 5377 1463 5454; x_wconf 78' lang='grc' dir='ltr'>παρὰ</span> <span class='ocrx_word' id='word_1_726' title='bbox 1510 5375 1664 5448; x_wconf 82' lang='grc' dir='ltr'>δόξαν</span> <span class='ocrx_word' id='word_1_727' title='bbox 1719 5375 1838 5449; x_wconf 75' lang='grc' dir='ltr'>ἔζη,</span> <span class='ocrx_word' id='word_1_728' title='bbox 1870 5378 1960 5432; x_wconf 81' lang='grc' dir='ltr'>καὶ</span> 
     </span>
    </p>
   </div>
   <div class='ocr_carea' id='block_1_102' title="bbox 285 5464 1959 5542">
    <p class='ocr_par' dir='ltr' id='par_1_102' title="bbox 285 5464 1959 5542">
     <span class='ocr_line' id='line_1_103' title="bbox 285 5464 1959 5542; baseline -0.005 -14"><span class='ocrx_word' id='word_1_729' title='bbox 285 5471 511 5541; x_wconf 74' lang='grc' dir='ltr'>ἀπαθής</span> <span class='ocrx_word' id='word_1_730' title='bbox 563 5474 748 5526; x_wconf 88' lang='grc' dir='ltr'>κακῶν</span> <span class='ocrx_word' id='word_1_731' title='bbox 822 5468 1052 5542; x_wconf 71' lang='grc' dir='ltr'>ἑωρᾶτο.</span> <span class='ocrx_word' id='word_1_732' title='bbox 1110 5468 1246 5521; x_wconf 87' lang='grc' dir='ltr'>Ὅσα</span> <span class='ocrx_word' id='word_1_733' title='bbox 1309 5467 1404 5540; x_wconf 73' lang='grc' dir='ltr'>μὲν</span> <span class='ocrx_word' id='word_1_734' title='bbox 1463 5464 1558 5521; x_wconf 74' lang='grc' dir='ltr'>οὖν</span> <span class='ocrx_word' id='word_1_735' title='bbox 1614 5467 1643 5521; x_wconf 86' lang='grc' dir='ltr'>ὑ</span> <span class='ocrx_word' id='word_1_736' title='bbox 1696 5466 1959 5537; x_wconf 87' lang='grc' dir='ltr'>τύραννος</span> 
     </span>
    </p>
   </div>
   <div class='ocr_carea' id='block_1_103' title="bbox 287 5552 1960 5634">
    <p class='ocr_par' dir='ltr' id='par_1_103' title="bbox 287 5552 1960 5634">
     <span class='ocr_line' id='line_1_104' title="bbox 287 5552 1960 5634; baseline -0.004 -18"><span class='ocrx_word' id='word_1_737' title='bbox 287 5559 495 5634; x_wconf 78' lang='grc' dir='ltr'>ἠθύμει</span> <span class='ocrx_word' id='word_1_738' title='bbox 566 5558 660 5616; x_wconf 81' lang='grc' dir='ltr'>καὶ</span> <span class='ocrx_word' id='word_1_739' title='bbox 730 5554 1026 5632; x_wconf 85' lang='grc' dir='ltr'>διεπρίετο,</span> <span class='ocrx_word' id='word_1_740' title='bbox 1088 5552 1280 5628; x_wconf 82' lang='grc' dir='ltr'>μηδενὶ</span> <span class='ocrx_word' id='word_1_741' title='bbox 1333 5554 1525 5628; x_wconf 84' lang='grc' dir='ltr'>τρόπῳ</span> <span class='ocrx_word' id='word_1_742' title='bbox 1589 5555 1960 5632; x_wconf 88' lang='grc' dir='ltr'>περιγενέσθαι</span> 
     </span>
    </p>
   </div>
   <div class='ocr_carea' id='block_1_104' title="bbox 289 5641 1956 5726">
    <p class='ocr_par' dir='ltr' id='par_1_104' title="bbox 289 5641 1956 5726">
     <span class='ocr_line' id='line_1_105' title="bbox 289 5641 1956 5726; baseline -0.004 -20"><span class='ocrx_word' id='word_1_743' title='bbox 289 5646 614 5726; x_wconf 80' lang='grc' dir='ltr'>δυνάμενος,</span> <span class='ocrx_word' id='word_1_744' title='bbox 673 5643 875 5723; x_wconf 90' lang='grc' dir='ltr'>λόγους</span> <span class='ocrx_word' id='word_1_745' title='bbox 930 5664 990 5699; x_wconf 92' lang='grc' dir='ltr'>τε</span> <span class='ocrx_word' id='word_1_746' title='bbox 1046 5641 1112 5698; x_wconf 80' lang='grc' dir='ltr'>αὖ</span> <span class='ocrx_word' id='word_1_747' title='bbox 1168 5643 1308 5720; x_wconf 87' lang='grc' dir='ltr'>πρὸς</span> <span class='ocrx_word' id='word_1_748' title='bbox 1355 5643 1555 5699; x_wconf 86' lang='grc' dir='ltr'>ἐκεῖνον</span> <span class='ocrx_word' id='word_1_749' title='bbox 1607 5644 1702 5706; x_wconf 71' lang='grc' dir='ltr'>οὓς</span> <span class='ocrx_word' id='word_1_750' title='bbox 1759 5641 1956 5699; x_wconf 86' lang='grc' dir='ltr'>διείλε-</span> 
     </span>
    </p>
   </div>
   <div class='ocr_carea' id='block_1_105' title="bbox 285 5729 1956 5818">
    <p class='ocr_par' dir='ltr' id='par_1_105' title="bbox 285 5729 1956 5818">
     <span class='ocr_line' id='line_1_106' title="bbox 285 5729 1956 5818; baseline -0.005 -21"><span class='ocrx_word' id='word_1_751' title='bbox 285 5760 434 5818; x_wconf 76' lang='grc' dir='ltr'>κται,</span> <span class='ocrx_word' id='word_1_752' title='bbox 493 5742 662 5796; x_wconf 54' lang='grc' dir='ltr'>τοῶο</span> <span class='ocrx_word' id='word_1_753' title='bbox 754 5735 852 5811; x_wconf 77' lang='grc' dir='ltr'>μὶν</span> <span class='ocrx_word' id='word_1_754' title='bbox 907 5729 1175 5806; x_wconf 88' lang='grc' dir='ltr'>ἀπειλῶν,</span> <span class='ocrx_word' id='word_1_755' title='bbox 1230 5737 1393 5789; x_wconf 77' lang='grc' dir='ltr'>τοῦτο</span> <span class='ocrx_word' id='word_1_756' title='bbox 1453 5731 1512 5789; x_wconf 76' lang='grc' dir='ltr'>δὲ</span> <span class='ocrx_word' id='word_1_757' title='bbox 1562 5733 1802 5797; x_wconf 90' lang='grc' dir='ltr'>θωπείας</span> <span class='ocrx_word' id='word_1_758' title='bbox 1865 5735 1956 5790; x_wconf 82' lang='grc' dir='ltr'>καὶ</span> 
     </span>
    </p>
   </div>
   <div class='ocr_carea' id='block_1_106' title="bbox 2071 5112 3726 5185">
    <p class='ocr_par' dir='ltr' id='par_1_106' title="bbox 2071 5112 3726 5185">
     <span class='ocr_line' id='line_1_107' title="bbox 2071 5112 3726 5185; baseline 0.002 -18"><span class='ocrx_word' id='word_1_759' title='bbox 2071 5113 2284 5170; x_wconf 89' lang='lat' dir='ltr'>virtute</span> <span class='ocrx_word' id='word_1_760' title='bbox 2305 5113 2554 5169; x_wconf 91' lang='lat' dir='ltr'>nocendi</span> <span class='ocrx_word' id='word_1_761' title='bbox 2591 5113 2769 5182; x_wconf 88' lang='lat' dir='ltr'>;adco</span> <span class='ocrx_word' id='word_1_762' title='bbox 2800 5117 2866 5168; x_wconf 92' lang='lat' dir='ltr'>ut</span> <span class='ocrx_word' id='word_1_763' title='bbox 2890 5115 3093 5169; x_wconf 89' lang='lat' dir='ltr'>votum</span> <span class='ocrx_word' id='word_1_764' title='bbox 3147 5112 3297 5168; x_wconf 88' lang='lat' dir='ltr'>mihi</span> <span class='ocrx_word' id='word_1_765' title='bbox 3329 5112 3408 5169; x_wconf 89' lang='lat' dir='ltr'>sit</span> <span class='ocrx_word' id='word_1_766' title='bbox 3437 5129 3507 5170; x_wconf 88' lang='lat' dir='ltr'>ea</span> <span class='ocrx_word' id='word_1_767' title='bbox 3553 5129 3726 5185; x_wconf 91' lang='lat' dir='ltr'>posse</span> 
     </span>
    </p>
   </div>
   <div class='ocr_carea' id='block_1_107' title="bbox 2070 5202 3727 5274">
    <p class='ocr_par' dir='ltr' id='par_1_107' title="bbox 2070 5202 3727 5274">
     <span class='ocr_line' id='line_1_108' title="bbox 2070 5202 3727 5274; baseline 0 -17"><span class='ocrx_word' id='word_1_768' title='bbox 2070 5202 2161 5258; x_wconf 90' lang='lat' dir='ltr'>vel</span> <span class='ocrx_word' id='word_1_769' title='bbox 2219 5203 2589 5258; x_wconf 90' lang='lat' dir='ltr'>mediocriter</span> <span class='ocrx_word' id='word_1_770' title='bbox 2645 5203 2888 5258; x_wconf 86' lang='lat' dir='ltr'>dicendo</span> <span class='ocrx_word' id='word_1_771' title='bbox 2964 5202 3274 5274; x_wconf 88' lang='lat' dir='ltr'>explicare.</span> <span class='ocrx_word' id='word_1_772' title='bbox 3351 5202 3727 5258; x_wconf 90' lang='lat' dir='ltr'>Educebatur</span> 
     </span>
    </p>
   </div>
   <div class='ocr_carea' id='block_1_108' title="bbox 2071 5291 3727 5365">
    <p class='ocr_par' dir='ltr' id='par_1_108' title="bbox 2071 5291 3727 5365">
     <span class='ocr_line' id='line_1_109' title="bbox 2071 5291 3727 5365; baseline 0 -18"><span class='ocrx_word' id='word_1_773' title='bbox 2071 5308 2207 5365; x_wconf 87' lang='lat' dir='ltr'>ergo</span> <span class='ocrx_word' id='word_1_774' title='bbox 2238 5309 2270 5348; x_wconf 79' lang='grc' dir='ltr'>ο</span> <span class='ocrx_word' id='word_1_775' title='bbox 2299 5292 2589 5359; x_wconf 89' lang='lat' dir='ltr'>custodia,</span> <span class='ocrx_word' id='word_1_776' title='bbox 2624 5308 2797 5363; x_wconf 92' lang='lat' dir='ltr'>quem</span> <span class='ocrx_word' id='word_1_777' title='bbox 2829 5308 2936 5346; x_wconf 89' lang='lat' dir='ltr'>nec</span> <span class='ocrx_word' id='word_1_778' title='bbox 2964 5291 3162 5347; x_wconf 87' lang='lat' dir='ltr'>vivum</span> <span class='ocrx_word' id='word_1_779' title='bbox 3191 5291 3278 5346; x_wconf 88' lang='lat' dir='ltr'>illi</span> <span class='ocrx_word' id='word_1_780' title='bbox 3313 5292 3630 5363; x_wconf 89' lang='lat' dir='ltr'>sperabant</span> <span class='ocrx_word' id='word_1_781' title='bbox 3664 5308 3727 5347; x_wconf 88' lang='lat' dir='ltr'>se</span> 
     </span>
    </p>
   </div>
   <div class='ocr_carea' id='block_1_109' title="bbox 2067 5379 3721 5453">
    <p class='ocr_par' dir='ltr' id='par_1_109' title="bbox 2067 5379 3721 5453">
     <span class='ocr_line' id='line_1_110' title="bbox 2067 5379 3721 5453; baseline 0 -18"><span class='ocrx_word' id='word_1_782' title='bbox 2067 5380 2441 5449; x_wconf 88' lang='lat' dir='ltr'>inventuros;</span> <span class='ocrx_word' id='word_1_783' title='bbox 2491 5385 2550 5436; x_wconf 90' lang='lat' dir='ltr'>et</span> <span class='ocrx_word' id='word_1_784' title='bbox 2569 5381 2849 5452; x_wconf 88' lang='lat' dir='ltr'>quoniam</span> <span class='ocrx_word' id='word_1_785' title='bbox 2899 5379 3089 5436; x_wconf 88' lang='lat' dir='ltr'>vivere</span> <span class='ocrx_word' id='word_1_786' title='bbox 3103 5384 3310 5453; x_wconf 67' lang='lat' dir='ltr'>praeter</span> <span class='ocrx_word' id='word_1_787' title='bbox 3330 5396 3495 5452; x_wconf 90' lang='lat' dir='ltr'>spem</span> <span class='ocrx_word' id='word_1_788' title='bbox 3519 5380 3721 5452; x_wconf 88' lang='lat' dir='ltr'>depre-</span> 
     </span>
    </p>
   </div>
   <div class='ocr_carea' id='block_1_110' title="bbox 2071 5469 3719 5540">
    <p class='ocr_par' dir='ltr' id='par_1_110' title="bbox 2071 5469 3719 5540">
     <span class='ocr_line' id='line_1_111' title="bbox 2071 5469 3719 5540; baseline 0.001 -17"><span class='ocrx_word' id='word_1_789' title='bbox 2071 5469 2298 5525; x_wconf 91' lang='lat' dir='ltr'>hensus</span> <span class='ocrx_word' id='word_1_790' title='bbox 2331 5474 2438 5536; x_wconf 88' lang='lat' dir='ltr'>est,</span> <span class='ocrx_word' id='word_1_791' title='bbox 2479 5469 2794 5525; x_wconf 87' lang='lat' dir='ltr'>videbatur</span> <span class='ocrx_word' id='word_1_792' title='bbox 2845 5469 3232 5540; x_wconf 89' lang='lat' dir='ltr'>impassibilis</span> <span class='ocrx_word' id='word_1_793' title='bbox 3281 5469 3521 5525; x_wconf 90' lang='lat' dir='ltr'>omnino</span> <span class='ocrx_word' id='word_1_794' title='bbox 3571 5485 3719 5525; x_wconf 87' lang='lat' dir='ltr'>esse.</span> 
     </span>
    </p>
   </div>
   <div class='ocr_carea' id='block_1_111' title="bbox 2071 5558 3722 5630">
    <p class='ocr_par' dir='ltr' id='par_1_111' title="bbox 2071 5558 3722 5630">
     <span class='ocr_line' id='line_1_112' title="bbox 2071 5558 3722 5630; baseline 0.001 -17"><span class='ocrx_word' id='word_1_795' title='bbox 2071 5559 2373 5623; x_wconf 88' lang='lat' dir='ltr'>Quomodo</span> <span class='ocrx_word' id='word_1_796' title='bbox 2423 5558 2845 5630; x_wconf 89' lang='lat' dir='ltr'>indignabatur</span> <span class='ocrx_word' id='word_1_797' title='bbox 2885 5559 3409 5630; x_wconf 88' lang='lat' dir='ltr'>dissecabaturque</span> <span class='ocrx_word' id='word_1_798' title='bbox 3455 5562 3722 5630; x_wconf 85' lang='lat' dir='ltr'>tyranus,</span> 
     </span>
    </p>
   </div>
   <div class='ocr_carea' id='block_1_112' title="bbox 2068 5645 3721 5719">
    <p class='ocr_par' dir='ltr' id='par_1_112' title="bbox 2068 5645 3721 5719">
     <span class='ocr_line' id='line_1_113' title="bbox 2068 5645 3721 5719; baseline 0.001 -18"><span class='ocrx_word' id='word_1_799' title='bbox 2068 5663 2182 5702; x_wconf 92' lang='lat' dir='ltr'>non</span> <span class='ocrx_word' id='word_1_800' title='bbox 2214 5646 2416 5702; x_wconf 83' lang='lat' dir='ltr'>valens</span> <span class='ocrx_word' id='word_1_801' title='bbox 2448 5663 2584 5702; x_wconf 90' lang='lat' dir='ltr'>eum</span> <span class='ocrx_word' id='word_1_802' title='bbox 2632 5645 2754 5701; x_wconf 90' lang='lat' dir='ltr'>ulla</span> <span class='ocrx_word' id='word_1_803' title='bbox 2784 5648 3009 5703; x_wconf 88' lang='lat' dir='ltr'>ratione</span> <span class='ocrx_word' id='word_1_804' title='bbox 3064 5647 3295 5704; x_wconf 91' lang='lat' dir='ltr'>vincere</span> <span class='ocrx_word' id='word_1_805' title='bbox 3331 5665 3344 5715; x_wconf 90' lang='lat'><strong>;</strong></span> <span class='ocrx_word' id='word_1_806' title='bbox 3379 5664 3528 5719; x_wconf 91' lang='lat' dir='ltr'>quos</span> <span class='ocrx_word' id='word_1_807' title='bbox 3580 5646 3721 5702; x_wconf 86' lang='lat' dir='ltr'>item</span> 
     </span>
    </p>
   </div>
   <div class='ocr_carea' id='block_1_113' title="bbox 2067 5735 3722 5813">
    <p class='ocr_par' dir='ltr' id='par_1_113' title="bbox 2067 5735 3722 5813">
     <span class='ocr_line' id='line_1_114' title="bbox 2067 5735 3722 5813; baseline -0.002 -19"><span class='ocrx_word' id='word_1_808' title='bbox 2067 5751 2376 5794; x_wconf 86' lang='lat' dir='ltr'>sermones</span> <span class='ocrx_word' id='word_1_809' title='bbox 2405 5736 2477 5792; x_wconf 85' lang='lat' dir='ltr'>ad</span> <span class='ocrx_word' id='word_1_810' title='bbox 2511 5751 2645 5793; x_wconf 89' lang='lat' dir='ltr'>eum</span> <span class='ocrx_word' id='word_1_811' title='bbox 2677 5736 2974 5808; x_wconf 89' lang='lat' dir='ltr'>habuerit,</span> <span class='ocrx_word' id='word_1_812' title='bbox 3008 5753 3165 5794; x_wconf 89' lang='lat' dir='ltr'>nunc</span> <span class='ocrx_word' id='word_1_813' title='bbox 3194 5735 3434 5813; x_wconf 89' lang='lat' dir='ltr'>quidem</span> <span class='ocrx_word' id='word_1_814' title='bbox 3475 5737 3722 5793; x_wconf 91' lang='lat' dir='ltr'>commi-</span> 
     </span>
    </p>
   </div>
  </div>
