4108 6434
425 426 538 522 aii

1445 437 1765 505 GEORGII
1807 435 2068 500 CYPRII
2113 435 2233 499 CP.
2277 433 2812 504 PATRIARCHzE

3714 391 3820 512 aia

426 582 598 637 nans,
625 580 781 621 nunc
793 561 1040 637 palpans
1058 562 1457 637 etblandiens,
1473 569 1664 628 dicere
1681 572 2030 643 supersedeo
2065 588 2078 628 :

2216 569 2570 648 ἱνελευθερίας
2626 579 2816 648 πεῖραν
2875 571 3130 650 εἰσάγων,
3193 569 3370 652 λέγειν
3442 571 3534 633 έῶ’
3585 572 3707 634 ἀλλ’
3754 577 3824 650 ὡς

430 655 532 711 sed
567 660 633 710 ut
677 654 842 723 vidit,
876 655 1036 710 omni
1096 670 1202 711 sua
1230 653 1522 711 industria
1569 659 1779 713 effectu
1812 658 2079 725 fustrata,

432 744 737 816 repulsum
768 759 831 800 se
861 744 1125 817 risuique
1183 745 1510 816 expositum
1547 763 1560 812 ;
1593 752 1752 816 tunc,
1808 747 1966 802 velut
2022 747 2081 800 in

431 833 645 890 turrim
666 833 1073 891 ﬁrmissimam
1096 837 1152 890 et
1184 833 1570 906 immobilem,
1605 851 1880 908 magnam
1918 835 2084 891 illam

437 928 495 979 et
511 924 864 996 praecipuam
899 923 1116 979 diaboli
1147 923 1479 980 machinam
1523 927 1724 994 erexit,
1773 932 1961 981 rotam
2007 925 2086 980 vi-

437 1013 666 1070 delicet.
698 1014 830 1070 Haec
860 1031 991 1070 vero
1013 1014 1352 1086 (dicendum
1374 1023 1460 1070 est
1504 1017 1662 1070 enim
1693 1016 1764 1071 ad
1791 1015 2085 1087 explican-

440 1105 582 1159 dum
613 1104 888 1160 tormenti
923 1120 1134 1176 genus,
1169 1104 1437 1174 quamvis
1468 1121 1574 1159 nec
1605 1105 1714 1160 hoc
1762 1104 1930 1160 facile
1985 1120 2087 1159 ex—

441 1193 660 1266 plicatu
691 1195 808 1266 sit),
840 1193 982 1261 haec,
1014 1193 1357 1264 inquam,ex
1389 1191 1564 1264 lignis
1605 1195 2085 1266 componebatur,

442 1283 684 1339 dorsum
734 1283 972 1355 quidem
1027 1283 1508 1337 circumferentia
1570 1283 1792 1338 habens
1863 1283 2091 1338 modice

444 1371 1032 1439 latum,latitudinem
1061 1387 1196 1426 vero
1227 1372 1540 1426 maximam
1560 1371 1618 1426 in
1644 1388 1710 1427 eo
1741 1373 1896 1443 quod
1937 1371 2092 1426 circa

446 1468 712 1518 centrum
763 1468 887 1517 erat
916 1461 1138 1532 spatio;
1172 1461 1491 1516 introrsum
1547 1461 1801 1516 discreta
1839 1467 2092 1532 quatuor

447 1552 648 1620 radiis,
683 1569 716 1608 a
746 1567 978 1607 summo
1009 1551 1081 1605 ad
1139 1566 1442 1604 summum
1473 1549 1584 1604 sibi
1627 1550 2090 1616 occurrentibus,

448 1657 628 1712 seque
651 1641 895 1696 invicem
955 1639 1231 1711 utrinque
1287 1655 1389 1711 per
1430 1638 1688 1693 medium
1732 1639 1953 1694 directa
2000 1638 2096 1692 in-

446 1731 872 1788 tersecantibus
906 1745 920 1784 :
955 1728 1077 1784 axis
1109 1745 1300 1800 porro,
1351 1729 1503 1782 inter
1541 1729 1734 1789 radios
1791 1727 2094 1798 trajectus,

446 1821 724 1892 utrinque
811 1817 1210 1892 procurrebat,
1268 1817 1493 1872 habens
1577 1816 1913 1872 universum
1961 1819 2100 1871 τοίω

450 1909 762 1975 circulum,
795 1925 912 1964 non
970 1907 1192 1962 circum
1241 1923 1304 1961 se
1355 1906 1710 1976 ducendum,
1745 1906 1846 1962 sed
1897 1921 2097 1961 secum

448 1999 782 2056 versatilem
808 2015 821 2055 :
855 1999 972 2054 duo
1001 1997 1255 2068 denique
1285 2012 1457 2052 crura
1477 1994 1614 2051 hinc
1644 2000 1703 2051 et
1740 1995 1878 2050 hinc
1935 1999 2096 2066 apta-

452 2089 669 2145 bantur
697 2091 820 2143 arte
849 2085 1066 2154 fabrili,
1098 2101 1354 2158 quorum
1381 2084 1695 2141 summitas
1724 2100 1890 2140 axem
1921 2083 2098 2139 susti-

456 2195 625 2246 nens,
659 2177 740 2233 ita
777 2177 976 2250 ipsum
1034 2175 1348 2232 sublimem
1408 2174 1656 2230 faciebat
1706 2175 1980 2246 pendere,
2039 2176 2104 2227 ut

457 2271 658 2339 posset
684 2269 813 2322 rota
843 2264 1206 2321 circumferri
1235 2263 1557 2320 celerrime.
1601 2264 1671 2318 Et
1699 2264 1759 2318 in
1791 2263 1948 2318 hunc
1979 2261 2106 2334 qui-

460 2357 596 2412 dem
654 2357 898 2411 modum
950 2353 1274 2425 composita
1324 2356 1448 2409 erat
1491 2357 1658 2408 rota:
1721 2353 1932 2408 subtus
1973 2367 2106 2406 vero

462 2444 878 2501 sternebantur
897 2441 1131 2510 tabulae,
1164 2446 1433 2497 accurate
1464 2445 1776 2514 compactae
1826 2443 1897 2497 ad
1955 2438 2106 2495 invi-

461 2551 610 2603 cem,
644 2534 728 2589 sic
761 2537 827 2589 ut
857 2531 1034 2588 simul
1077 2548 1282 2588 omnes
1314 2533 1535 2602 junctae
1593 2531 1765 2586 unica
1795 2529 1998 2586 tabula
2024 2527 2107 2584 vi-

458 2625 772 2680 derentur:
805 2639 932 2695 qum
951 2621 1198 2677 ﬁrmiter
1229 2620 1620 2693 afﬁgebantur
1659 2620 2012 2692 pavimento,
2045 2622 2109 2673 ut

457 2720 655 2770 essent
685 2713 1078 2785 undequaque
1103 2710 1459 2782 immobiles,
1494 2711 1664 2765 uncis
1728 2708 2012 2764 violenter
2051 2711 2110 2762 et

458 2802 652 2858 fabrili
669 2802 964 2858 industria
993 2801 1301 2872 impactis:
1325 2803 1453 2854 tum
1476 2799 1688 2856 iisdem
1709 2798 2111 2871 inﬁgebantur

455 2896 641 2947 acutae
669 2890 964 2963 cuspides,
999 2893 1057 2945 et
1085 2888 1284 2956 cultri,
1317 2893 1375 2944 et
1419 2904 1611 2956 enses,
1645 2892 1702 2943 et
1739 2903 2108 2958 quascunque

454 2980 680 3052 species
704 2979 1036 3052 gladiorum
1071 2995 1085 3046 ;
1119 2995 1380 3050 quorum
1411 2979 1566 3033 acies
1597 2982 1764 3032 erant
1815 2992 2105 3032 conversae

455 3069 530 3125 ad
559 3067 1088 3125 circumferentiam
1120 3072 1259 3124 rotae
1298 3083 1484 3138 ;quas
1527 3066 1650 3121 hinc
1679 3065 2105 3137 prapemodum

455 3158 740 3230 attingere
761 3157 1138 3228 debebat,sed
1171 3172 1293 3212 non
1323 3171 1569 3228 prorsus
1602 3155 1936 3228 contingere
1968 3171 2102 3210 cum

452 3247 808 3314 vertebatur,
841 3246 954 3302 nisi
987 3245 1183 3317 aliquo
1219 3244 1474 3301 exterius
1494 3243 1751 3316 alligato.

531 3372 616 3427 12.
641 3370 800 3428 Talis
829 3375 954 3427 erat
973 3370 1252 3426 machina
1268 3366 1844 3436 universa,terribilis
1874 3367 2104 3436 auditu,

457 3461 588 3516 visu
619 3477 754 3515 vero
807 3459 978 3533 longe
1017 3458 1374 3526 terribilior;
1430 3457 1622 3531 qualis
1683 3461 1878 3512 autem
1935 3457 2113 3513 fuerit

461 3549 807 3622 experienti,
842 3549 984 3622 quid
1017 3566 1165 3622 opus
1195 3552 1286 3604 est
1313 3547 1550 3604 dicere?
1568 3545 1704 3601 Mihi
1728 3547 2113 3605 sanevidetur

459 3637 680 3694 multos
755 3639 1130 3710 przesentium
1183 3638 1483 3694 exanimes
1516 3637 1806 3692 corruisse
1836 3682 1852 3701 ,
1925 3653 1994 3692 ex
2045 3656 2111 3694 eo

459 3727 652 3784 solum
684 3729 838 3799 quod
868 3732 1066 3783 tantos
1113 3727 1408 3783 cruciatus
1457 3725 1673 3782 intueri
1729 3726 2108 3796 cogebantur.

462 3818 592 3874 Non
621 3822 820 3873 tamen
849 3833 1167 3889 generosus
1219 3815 1318 3871 ille
1377 3820 1572 3887 atque,
1633 3820 1700 3870 ut
1744 3815 1828 3870 ita
1881 3815 2108 3888 loquar,

461 3907 888 3962 adamantinus
919 3906 1233 3978 despondit
1262 3904 1550 3974 animum,
1583 3905 1684 3959 sed
1729 3908 1890 3960 totus
1921 3906 2116 3960 divino

466 3995 912 4068 amoreplenus,
946 4001 1321 4066 mentemque
1341 3999 1400 4049 et
1429 3994 1710 4063 animam,
1744 3999 1919 4065 atque
1951 3995 2113 4067 ipsos

457 4084 634 4141 etiam
660 4085 1097 4158 quodammodo
1141 4101 1352 4139 sensus
1409 4084 1588 4138 beatis
1619 4081 1923 4154 applicaus
1979 4085 2109 4156 pul-

461 4173 807 4244 chritudini,
842 4190 1020 4244 seque
1045 4173 1214 4244 signo
1263 4171 1454 4227 crucis
1488 4172 1782 4242 muniens,
1836 4171 2112 4230 omnibus

464 4262 846 4318 audientibus
877 4261 1276 4317 invincibilem
1309 4260 1524 4316 Christi
1555 4261 1880 4332 potentiam
1923 4262 2112 4332 preci-

465 4352 576 4407 bus
610 4352 941 4419 invocabat,
1003 4367 1137 4406 cum
1187 4350 1402 4405 Davide
1435 4349 1834 4405 canenszNon
1893 4350 2111 4406 timebo

461 4441 639 4508 mala,
671 4441 953 4512 quoniam
983 4444 1047 4494 tu
1075 4455 1306 4494 mecum
1340 4455 1423 4507 es,
1457 4439 1566 4494 etsi
1626 4438 1999 4494 ambulavero
2050 4439 2109 4494 in

462 4530 656 4586 medio
683 4529 1340 4599 mortis.Itaquedecore
1371 4527 1531 4582 omni
1563 4532 1805 4582 ornatus
1845 4528 2113 4583 veniebat

463 4620 649 4691 gradu
671 4619 898 4674 decenti
927 4618 1001 4672 ad
1033 4616 1389 4684 machinam,
1414 4616 1580 4686 quasi
1604 4633 1734 4672 eam
1767 4633 1884 4671 non
1913 4633 2112 4689 exper-

2196 660 2537 736 ἀπεκρούσθη
2603 663 2694 718 καὶ
2751 662 2971 738 γέλωτα
3026 659 3216 743 ὅφλειν
3272 662 3466 739 ἐδόκει,
3528 667 3701 738 πάσης
3755 667 3825 732 εἷς

2192 757 2294 825 γῆν
2353 749 2518 806 αὐτοῦ
2575 752 2845 824 πεσούσης
2920 761 3021 824 τῆς
3094 752 3356 825 ἐπινοίας,
3412 756 3555 829 τότε,
3612 756 3686 819 ὡς
3747 757 3828 812 ἐπὶ

2191 837 2402 914 πύργον
2444 839 2651 918 ἀῤῥαγῆ
2683 863 2742 898 τε
2788 842 2880 898 καὶ
2931 844 3198 916 ἄσειστον,
3229 845 3293 900 τὸ
3355 845 3494 922 μέγα
3545 850 3702 900 τοῦτο
3745 847 3828 902 καὶ

2193 929 2499 1007 πρόσφατον
2563 931 2741 1001 ἵστησι
2822 937 2924 987 τοῦ
3007 928 3270 988 διαϐόλου
3355 936 3682 1011 μηχάνημα,
3743 937 3828 992 τὸν

2194 1018 2418 1092 τροχόν.
2480 1020 2536 1074 Ὁ
2594 1017 2652 1074 δέ
2709 1023 2773 1090 ἦν
2829 1020 3070 1095 (λεκτέον
3130 1023 3231 1099 γὰρ
3305 1022 3382 1086 εἰς
3453 1020 3669 1097 ἔνδειξιν
3739 1027 3832 1094 τῆς

2200 1108 2452 1182 βασάνου,
2485 1107 2579 1163 κᾶν
2613 1108 2720 1185 οὐχ
2749 1109 2865 1173 οἷός
2915 1111 2972 1166 τέ
3004 1111 3141 1166 ἐστιν
3193 1109 3434 1176 εὐκόλως
3481 1112 3749 1189 ῥηθῆναι)·
3783 1112 3838 1168 ἐκ

2198 1195 2372 1266 ξύλων
2428 1197 2522 1270 μέν
2581 1200 2990 1272 κατεσκεύαστο,
3026 1200 3262 1275 μετρίως
3313 1202 3407 1266 μέν
3450 1204 3519 1257 τὰ
3563 1207 3705 1258 νῶτα
3748 1209 3838 1272 τῆς

2196 1286 2538 1364 περιφερείας
2621 1287 2798 1364 εὐρὺς,
2877 1289 3166 1366 εὐρύτατος
3251 1288 3309 1346 δὲ
3381 1296 3498 1354 τοῖς
3575 1291 3680 1348 ἀπὸ
3749 1295 3840 1347 τοῦ

2197 1373 2422 1450 κέντρου
2480 1373 2833 1450 διαστήμασι,
2893 1381 3131 1451 κνήμαις
3189 1401 3248 1434 τε
3293 1378 3547 1455 τέσσαρσι
3599 1379 3690 1436 καὶ
3751 1402 3840 1436 κα-

2199 1463 2312 1518 νόσι
2341 1464 2409 1518 τά
2440 1459 2586 1518 ἔνδον
2633 1463 3048 1539 διειλημμένος,
3081 1467 3173 1522 ἀπ’
3225 1467 3393 1544 ἄκρου
3438 1489 3502 1524 τε
3560 1468 3638 1532 εἲς
3687 1470 3837 1546 ἀκρον

2201 1551 2498 1622 ἀπαντῶσι,
2531 1554 2620 1608 καὶ
2671 1554 2957 1626 ἀλλήλους
2989 1555 3065 1618 εἰς
3106 1555 3268 1630 ὀρθὰς
3299 1557 3426 1634 παρ’
3483 1556 3705 1634 ἑκάτερα
3753 1562 3842 1614 τοῦ

2209 1641 2372 1714 μέσου
2400 1643 2710 1714 τέμνουσιν·
2748 1644 2884 1716 ἄξων
2941 1643 3000 1700 δέ
3049 1644 3214 1701 αὐτοῦ
3263 1642 3352 1701 διὰ
3398 1645 3610 1704 τούτων
3655 1645 3843 1717 ἐληλα-

2209 1729 2392 1803 μένος,
2454 1729 2535 1808 ἐφ’
2606 1730 2829 1808 έκάτερα
2895 1728 3300 1810 προεϐέϐλητο,
3369 1731 3516 1812 ἔχων
3579 1735 3671 1791 τὸν
3720 1735 3845 1809 σύμ-

2206 1838 2381 1872 παντα
2435 1816 2661 1889 κύκλον,
2721 1821 2783 1876 οὐ
2841 1822 2966 1898 περὶ
3025 1821 3184 1878 αὐτὸν
3262 1824 3655 1902 στρεφόμενον,
3712 1821 3847 1880 ἀλλά

2209 1905 2300 1960 σὺν
2360 1906 2525 1980 αὐτῷ’
2571 1907 2737 1981 σκέλη
2799 1907 2858 1965 δέ
2910 1908 3006 1966 δύο
3059 1908 3184 1966 ἔνθα
3256 1911 3344 1967 καὶ
3409 1909 3536 1970 ἔνθα
3598 1912 3850 1970 τεκτόνων

2211 2001 2488 2070 μηχαναῖς
2533 1997 2885 2070 ἀνεστηκότα,
2944 1998 2996 2071 ἐξ
3054 2001 3232 2076 ἄκρων
3282 1999 3473 2078 ἀνεῖχε
3527 2003 3619 2057 τὸν
3676 2000 3849 2073 ἄξονα,

2207 2084 2298 2138 καὶ
2325 2089 2405 2157 τῷ
2449 2087 2720 2160 μετέωρον
2767 2092 2960 2143 τοῦτον
3007 2089 3098 2144 τὸν
3155 2088 3357 2161 τρόπον
3419 2090 3748 2167 ἐργάζεσθαι,
3780 2090 3849 2153 ὡς

2215 2172 2444 2244 ὀξύτατα
2507 2181 2740 2252 παρεῖχε
2799 2181 2882 2248 τῷ
2941 2183 3131 2255 τροχῷ
3184 2179 3590 2257 περιφέρεσθαι.
3637 2185 3690 2248 Ὁ
3763 2180 3852 2254 μέν

2213 2262 2389 2324 οὕτως
2465 2264 2601 2340 εἶχεο
2675 2263 2883 2328 σανίδες
2963 2263 3022 2321 δὲ
3089 2266 3324 2323 κάτωθεν
3406 2269 3854 2346 ὑπεστρώννυντο,

2217 2347 2416 2428 ἀκριϐῆ
2454 2353 2548 2426 μέν
2608 2355 2707 2423 τὴν
2765 2355 2900 2430 πρὸς
2929 2353 3184 2426 ἀλλήλας
3230 2358 3485 2433 ἁρμογὴν
3520 2355 3759 2435 ἔχουσαι,
3787 2358 3856 2420 ὡς

2215 2440 2304 2494 καὶ
2366 2441 2489 2514 μίαν
2540 2443 2748 2506 ἁπάσας
2805 2448 2875 2518 τῇ
2942 2445 3196 2521 συνεχείᾳ
3262 2443 3467 2519 δοκεῖν,
3529 2447 3749 2526 ἰσχυρὰν
3807 2443 3858 2502 δὲ

2217 2529 2307 2584 καὶ
2374 2530 2474 2599 τὴν
2559 2529 2642 2586 ἐπ’
2699 2529 2928 2610 ἐδάφους
2999 2533 3378 2609 προσήλωσιν,
3429 2534 3582 2599 ὅπως
3649 2535 3860 2606 ἀκίνητα

2219 2620 2554 2674 παντάπασιν
2593 2619 2792 2697 ἔχοιεν,
2850 2621 2941 2698 βίᾳ
2992 2643 3052 2677 τε
3099 2623 3326 2702 γόμφων
3401 2623 3738 2700 ἐνισχημένα
3780 2623 3858 2680 καὶ

2223 2707 2497 2782 ἐπιστήμῃ
2555 2706 2932 2787 δημιουργῶν.
2993 2711 3116 2766 Ἐπὶ
3182 2710 3239 2767 δέ
3300 2713 3516 2770 τούτων
3574 2713 3858 2790 ἐπήγνυντο

2221 2797 2316 2870 μέν
2371 2797 2512 2870 ὀξεῖς
2577 2793 2878 2872 ὀϐελίσκοι,
2925 2799 3225 2876 ἐπήγνυντο
3271 2799 3329 2857 δὲ
3373 2803 3472 2858 καὶ
3519 2800 3736 2866 κοπίδες
3777 2800 3858 2857 καὶ

2221 2889 2510 2963 μάχαιραι,
2558 2887 2649 2942 καὶ
2701 2890 2876 2944 πάντα
2930 2885 3048 2960 εἷ’δη
3109 2889 3273 2968 ξιφῶν
3333 2893 3606 2966 ἁπάντων,
3636 2912 3854 2970 τετραμ-

2219 2977 2380 3048 μένας
2439 2975 2681 3051 ἐχόντων
2735 2977 2873 3054 πρὸς
2931 2979 3031 3046 τήν
3087 2984 3298 3055 τροχοῦ
3361 2983 3705 3060 περιφέρειαν
3768 2979 3853 3042 τὰς

2214 3063 2370 3135 ἀκάς,
2403 3065 2478 3119 ὧν
2532 3064 2622 3120 καὶ
2669 3065 3004 3140 παραψαύειν
3056 3067 3150 3140 μέν
3199 3068 3370 3144 εἶχεν,
3405 3069 3468 3126 οὐ
3513 3072 3619 3144 μὴν
3670 3068 3726 3126 δὲ
3773 3067 3854 3122 καὶ

2216 3147 2457 3230 ἀκριϐῶς
2555 3154 2742 3228 ψαύειν
2821 3154 3218 3232 κυκλούμενος,
3301 3161 3379 3232 μή
3456 3180 3604 3222 τινος
3681 3156 3852 3230 ἔξωθεν

2215 3238 2621 3319 προσδεθέντος.

2295 3367 2380 3443 ιβ’.
2435 3368 2507 3423 Τὸ
2559 3369 2653 3443 μὲν
2706 3367 2774 3438 δὴ
2829 3369 3137 3447 μηχάνημα
3175 3377 3456 3444 τοιοῦτον,
3503 3369 3726 3452 φοϐερὸν
3765 3370 3852 3444 μὲν

2217 3462 2335 3518 τοῖς
2379 3457 2659 3531 ἀκούουσι,
2707 3463 2824 3522 τοῖς
2858 3460 3028 3534 ὁρῶσι
3059 3458 3117 3515 δὲ
3169 3458 3316 3516 πολὺ
3367 3459 3756 3541 φοϐερώτερον·
3796 3458 3854 3513 τὸ

2222 3542 2280 3600 δὲ
2327 3545 2416 3600 καὶ
2469 3547 2544 3609 εἷς
2593 3552 2782 3622 πεῖραν
2843 3547 2994 3618 ἥκειν
3037 3549 3091 3604 τί
3137 3551 3251 3626 χρὴ
3301 3551 3394 3604 καὶ
3445 3552 3664 3628 λέγεινς
3713 3547 3856 3623 Ἐμοὶ

2222 3632 2372 3690 δοκεῖ
2411 3635 2502 3690 καὶ
2549 3634 2800 3698 πολλοὺς
2849 3636 2908 3691 ἂν
2961 3641 3068 3691 τῶν
3123 3637 3410 3714 παρόντων
3481 3641 3760 3714 ἀποθανεῖν
3807 3637 3858 3692 ἐκ

2225 3724 2390 3797 μόνου
2439 3729 2536 3779 τοῦ
2606 3731 2794 3801 τυχεῖν
2839 3724 3208 3798 τηλικούτους
3266 3730 3578 3802 θεωμένους
3641 3729 3856 3806 ἀγῶνας.

2221 3811 2376 3870 Ἀλλ’
2406 3814 2514 3889 οὐχ
2544 3813 2718 3877 οὕτως
2763 3814 2989 3887 ἐκεῖνος,
3022 3817 3050 3870 ὁ
3079 3815 3256 3879 πολὺς
3302 3818 3407 3886 τήν
3457 3817 3734 3896 καρτερίαν
3779 3815 3860 3872 καὶ

2221 3901 2602 3976 ἀδαμάντινος,
2635 3902 2724 3958 ἐπὶ
2769 3909 2935 3959 ταῦτα
2971 3910 3174 3981 χωρῶν
3209 3903 3470 3963 διετίθετο
3517 3909 3616 3977 τὴν
3665 3906 3856 3982 ψυχήν

2220 3989 2350 4046 ἀλλ’
2379 3992 2512 4054 ὅλος
2543 3991 2678 4047 ὅλου
2711 3998 2808 4047 τοῦ
2853 3994 3002 4057 θείου
3052 3994 3385 4073 ἐμφορηθεὶς
3439 3996 3660 4072 ἔρωτος,
3693 3993 3862 4054 ἔνθους

2218 4101 2281 4134 τε
2329 4082 2570 4157 γεγονὼς
2623 4082 2713 4137 καὶ
2775 4083 3069 4158 μετέωρος,
3111 4089 3236 4139 νοῦν
3295 4103 3355 4138 τε
3413 4088 3505 4141 καὶ
3564 4085 3740 4162 ψυχὴν
3779 4080 3861 4137 καὶ

2223 4165 2462 4223 διάνοιαν
2513 4174 2611 4224 τοῦ
2673 4171 2939 4248 μακαρίου
2985 4171 3228 4235 κάλλους
3279 4172 3502 4248 ἐξάψας,
3553 4173 3634 4246 εἷή
3684 4171 3738 4228 δέ
3789 4169 3862 4224 εἰ-

2219 4260 2339 4310 πεῖν
2387 4256 2478 4311 καὶ
2524 4258 2621 4320 τὰς
2689 4257 2962 4330 αἰσθήσεις
3030 4258 3210 4333 αὐτὰς,
3264 4262 3486 4336 σημείῳ
3542 4283 3600 4317 τε
3649 4259 3863 4333 σταῦροῦ

2222 4344 2581 4422 φραξάμενος,
2609 4345 2699 4401 καὶ
2769 4344 2839 4401 δι’
2905 4347 3078 4424 εὐχῆς
3135 4347 3350 4404 πάντων
3411 4350 3714 4407 ἀκουόντων
3768 4345 3859 4414 τὴν

2222 4431 2442 4510 ἄμαχον
2503 4439 2736 4507 Χριστοῦ
2795 4435 3226 4510 ἐπικεκλημένος
3287 4437 3475 4514 ἰσχὺν,
3539 4439 3670 4514 μετὰ
3714 4431 3862 4492 Δαυΐδ

2221 4544 2279 4578 τε
2325 4523 2462 4578 κατά
2506 4523 2694 4599 καιρὸν
2743 4520 2910 4595 ᾄδων,
2941 4525 3014 4579 Οὔ
3060 4521 3459 4603 φοϐηθήσομαι
3493 4529 3653 4600 κακὰ,
3684 4525 3763 4602 ὅτι
3807 4520 3863 4576 σὺ

2225 4613 2341 4684 μετ’
2401 4611 2538 4686 ἐμοῦ
2596 4612 2663 4682 εἶ,
2720 4611 2816 4668 κᾶν
2877 4611 2929 4668 έν
2978 4613 3128 4687 μέσῳ
3224 4615 3455 4680 θανάτου
3503 4615 3861 4692 πορεύσωμαι·

463 4678 656 4777 turus,
691 4708 792 4762 sed
834 4704 1341 4776 contemplaturus
1375 4678 1684 4760 duntaxat
1714 4723 1727 4772 ;
1761 4704 1914 4760 sicut
1970 4678 2104 4761 dlim

2225 4678 2442 4776 έχώρεί
2485 4678 2710 4779 φαιδρῦς
2770 4678 3011 4779 φαιδρῶς
3045 4678 3133 4757 ἐπὶ
3181 4678 3244 4758 τό
3305 4678 3639 4783 μηχάνημᾉι,
3670 4678 3767 4766 ὡς’
3798 4699 3866 4761 εἷς

464 4796 620 4851 Elias
681 4794 945 4849 hilariter
991 4794 1230 4866 igneum
1289 4810 1527 4849 currum
1585 4794 1946 4862 conscendit,
1998 4794 2114 4850 nisi

465 4885 623 4956 quod
656 4884 767 4938 iste
798 4899 1107 4939 ascensum
1131 4882 1372 4938 haberet
1401 4882 1460 4936 in
1493 4880 1729 4950 coelum,
1749 4881 1847 4936 hic
1875 4898 2008 4938 vero
2039 4884 2113 4938 ad

464 4976 713 5028 mortem
744 4970 1068 5027 ambulare.
1099 4971 1280 5038 Tunc,
1313 4971 1572 5026 nudatur
1619 4971 1901 5037 vestibus,
1935 4988 2115 5042 supra

461 5066 651 5117 rotam
681 5059 1260 5127 curvatur,tenuibus
1293 5059 1471 5114 simul
1504 5063 1562 5114 et
1585 5059 1832 5114 fortibus
1862 5057 2115 5115 vinculis

461 5165 638 5221 super
660 5164 788 5203 eam
816 5147 1054 5219 ligatur.
1103 5149 1267 5202 Tunc
1302 5148 1428 5220 (sed
1463 5147 1533 5203 ol
1572 5147 1881 5220 quipossit
1911 5148 2116 5203 audire

458 5239 682 5309 absque
712 5253 891 5293 sensu
923 5237 1162 5304 doloris,
1187 5237 1321 5308 quis
1345 5253 1584 5291 narrare
1615 5237 1743 5292 sine
1771 5236 2046 5308 lacrymis
2066 5235 2114 5308 ‘1)

456 5332 617 5396 tunc,
649 5326 914 5396 inquam,
942 5326 1127 5380 fertur
1154 5340 1359 5381 versus
1393 5324 1622 5398 gladios
1654 5331 1800 5393 rota,
1858 5325 2113 5380 circum-
2156 5315 2165 5324 ’

459 5421 590 5473 acta
617 5413 862 5470 celerius
895 5414 1237 5470 carniﬁcum
1261 5413 1696 5486 impellentium
1757 5414 2033 5469 manibus
2062 5419 2119 5469 et

459 5503 716 5558 mahinis
762 5502 1176 5558 adnitentium.
1238 5503 1403 5558 Tunc
1461 5520 1664 5558 omnes
1706 5501 1885 5558 simul
1934 5501 2115 5574 gladii

476 5609 655 5648 suum
688 5608 834 5662 opus
893 5591 1182 5662 agebant:
1235 5592 1769 5663 proscindcbantur
1849 5592 2116 5646 membra

462 5684 694 5746 cuncta,
728 5680 831 5734 rivi
865 5680 1234 5752 profluebant
1267 5681 1599 5753 sanguinis,
1633 5686 1690 5736 et
1751 5680 2115 5752 irigabantur

461 5785 688 5841 cruore,
723 5772 867 5841 rota,
901 5785 1017 5841 aer,
1044 5769 1444 5841 pavimentum
1481 5785 1838 5842 ;carnesque
1867 5773 1925 5825 et
1954 5769 2115 5826 nervi

2225 4789 2454 4866 θεωρίαν
2519 4790 2751 4860 ἐκείνου,
2831 4789 2960 4847 ἀλλ’
3034 4791 3096 4846 ού
3146 4798 3338 4868 πεῖραν
3422 4795 3656 4869 ἰέμενος
3714 4790 3867 4866 μόνος

2225 4874 2356 4940 ἴσως
2411 4877 2603 4940 Ἠλίας
2663 4877 2836 4940 οὕτως
2903 4875 3083 4947 ἡδέως
3155 4884 3254 4935 τοῦ
3320 4883 3548 4958 πυρίνου
3606 4873 3864 4937 ἐπέϐαινεν

2225 4968 2490 5043 ἅρματος·
2523 4965 2618 5021 κᾶν
2661 4967 2690 5022 ὁ
2734 4966 2827 5040 μέν
2865 4966 2943 5029 εἷς
2987 4965 3211 5044 οὐρανὸν
3270 4969 3370 5040 τήν
3431 4967 3618 5025 ἄνοδον
3678 4966 3865 5022 ἐποιεῖ-

2221 5077 2308 5126 το,
2370 5057 2398 5110 ὁ
2465 5053 2524 5110 δέ
2606 5056 2703 5125 τὴν
2789 5055 3012 5132 πορείαν
3095 5056 3551 5132 ἀποθανούμενος.
3613 5059 3866 5116 Ἐντεῦθεν

2227 5144 2640 5220 ἐπιγυμνοῦται,
2726 5143 3109 5222 έπικυρτοῦται
3195 5151 3276 5219 τῷ
3357 5147 3574 5224 τροχῷ,
3659 5144 3866 5201 λεπτοῖς

2225 5236 2338 5308 ἅμα
2370 5234 2461 5289 καὶ
2522 5235 2770 5310 ἰσχυροῖς
2809 5239 2927 5295 τοῖς
2989 5234 3145 5307 ἱμᾶσι
3204 5231 3584 5312 στρεϐλοῦται,
3616 5231 3863 5290 Ἐντεῦθεν

2225 5323 2293 5398 (ὣ
2347 5324 2430 5388 τίς
2469 5323 2702 5385 ἀκούσας
2761 5322 2984 5384 ἀπαθῶς
3041 5323 3363 5395 ἀκούσεται;
3394 5331 3556 5389 ποῖος
3621 5315 3864 5395 ἀδακρυτὶ

2223 5417 2392 5468 ταῦτα
2445 5411 2771 5488 παρέλθοι;)
2821 5411 3037 5488 φέρεται
3098 5413 3234 5468 κατὰ
3283 5419 3390 5469 τῶν
3447 5417 3634 5493 ξιφῶν,
3695 5410 3866 5482 ὀξύτε-

2227 5521 2317 5574 ρον
2375 5505 2473 5554 τοῦ
2530 5505 2739 5576 τροχοῦ
2795 5500 3130 5574 ποιουμένου
3198 5501 3289 5557 τὸν
3354 5492 3532 5571 δῖνον,
3577 5500 3668 5558 καὶ
3721 5492 3867 5576 χερσῖ

2228 5587 2632 5663 διερεθιζόντων
2669 5586 2910 5662 δημίων,
2951 5589 3041 5642 καὶ
3103 5597 3379 5665 μηχαναῖς
3437 5588 3865 5647 κατατιινόντων.

2225 5679 2488 5743 Ἐνταῦθα
2546 5681 2636 5749 ἦν,
2695 5676 2785 5732 καί
2844 5678 3015 5732 πάντα
3073 5676 3284 5755 ἐνήργει
3342 5679 3489 5759 ξίφη,
3548 5680 3636 5735 καὶ
3703 5673 3864 5731 πάντα

2224 5767 2590 5845 ἀνερρήγνυτο
2660 5765 2826 5840 μέλη,
2891 5765 2982 5820 καὶ
3064 5768 3283 5844 κρουνοὶ
3364 5766 3592 5844 αἵματος
3676 5762 3868 5842 ἔρρεον,
