4108 6500
362 406 484 544 iiii

1623 417 2019 534 LAUDATIO
2063 415 2130 528 ε.
2177 461 2520 530 GEORGII;

3650 453 3771 523 3η

357 600 451 663 καὶ
529 598 712 658 πάντα.
779 596 1017 674 ἐδεύετο,
1063 601 1289 681 τροχὸς,
1339 599 1558 683 ἔδαφος,
1617 599 1779 680 ἀνὴρ,
1824 597 2016 678 σάρκες

2139 604 2305 675 atque
2335 620 2470 661 ossa
2487 601 2639 677 ipsa,
2664 599 2867 659 eadem
2887 595 3163 655 violentia
3181 593 3414 653 divulsa
3434 609 3500 653 ac
3521 590 3764 662 laniata,

358 712 420 747 τε
474 691 566 748 καὶ
621 695 787 769 νεῦρα
843 694 934 749 καὶ
993 692 1143 769 ὀστᾶ,
1178 692 1368 765 ἐπίσης
1425 691 1597 750 πάντα
1647 695 1714 766 τῇ
1779 690 1870 766 βίᾳ
1924 689 2014 745 καὶ

362 780 783 855 σπαραττόμενα
801 781 893 837 καὶ
923 783 1234 857 ξαινόμενα.

387 935 392 940 .
439 895 531 963 ιγ’.
562 892 660 943 Καὶ
717 889 789 945 τὰ
848 891 944 964 μὲν
1003 892 1080 954 ὡς
1137 891 1214 953 εἷς
1269 889 1400 968 ἀέρα
1436 890 1674 970 ἐφέρετο·
1707 886 1812 944 ὁδ’
1843 884 2016 948 οὕτως

363 977 568 1053 ἰερείου
615 975 770 1046 δίκην
817 979 1289 1053 κατατεμνόμενος
1336 980 1425 1035 καὶ
1490 976 1870 1052 σπενδόμενος,
1921 974 2021 1029 οὐκ

372 1065 528 1144 ἠφίει
577 1069 783 1144 φωνὴν,
835 1068 898 1123 ού
947 1071 1246 1144 στεναγμὸν
1298 1070 1618 1142 ἀνέπεμπεν,
1681 1067 1788 1143 οὐχ
1835 1063 2017 1141 ἕτερον

375 1153 533 1210 οὐδὲν
588 1153 791 1212 ἐδείκνυ
859 1156 969 1212 τῶν
1019 1155 1214 1228 ὀδύνην
1262 1157 1736 1231 ὑποσημαινόντων
1811 1161 2018 1231 ψυχῆς·

375 1243 441 1299 οὐ
488 1244 588 1320 γὰρ
627 1244 786 1318 ἐῴκει
831 1245 1127 1322 πάσχοντι,
1177 1245 1304 1302 οὐδὲ
1362 1245 1570 1320 σιδήρῳ
1642 1243 1853 1319 μᾶλλον
1919 1244 2018 1311 τὴν

374 1331 614 1408 διαρτίαν
664 1332 920 1408 λυομένῳ
979 1340 1076 1390 τοῦ
1142 1337 1394 1409 σώματος
1435 1333 1472 1404 ἤ
1526 1333 1806 1411 βαθυτάτῳ
1871 1331 2022 1404 ὕπνῳ

365 1421 746 1497 κατεχομένῳ.
779 1422 932 1493 Πλὴν
988 1422 1115 1479 ἀλλ’
1163 1424 1224 1480 ἐκ
1263 1425 1462 1481 τούτου
1507 1422 1663 1496 δόξας
1712 1423 2018 1494 ἀποθανεῖν,

363 1509 468 1565 οὐκ
544 1509 686 1566 ἔστιν
750 1510 919 1567 εἰπεῖν
988 1511 1112 1568 ὅσον
1180 1520 1284 1584 τῆς
1347 1509 1594 1576 ἀσεϐείας
1662 1508 2021 1573 πουδαπαῖς

361 1599 727 1678 εὐφρανθῆναι
781 1603 1048 1679 παρέσχε,
1092 1606 1396 1680 πανήγυριν
1447 1604 1693 1680 ἀτεχνῶς
1740 1601 1831 1657 τὸν
1883 1598 2020 1655 ἐκεί-

359 1709 462 1758 νου
495 1690 720 1753 θάνατον
749 1692 1098 1767 ἡγουμένοις.
1126 1695 1315 1767 Ὅμως
1352 1695 1386 1762 ἡ
1425 1693 1551 1748 τότε
1594 1691 1790 1758 τελετὴ
1836 1687 2020 1750 καλῶς

358 1782 486 1841 τοῖς
590 1775 974 1858 λογισαμένοις
1065 1784 1460 1859 τεκμήρασθαι,
1543 1777 1798 1836 ἔσπευδον
1884 1777 2022 1852 πρὸς

364 1866 605 1943 βασιλέα
650 1866 882 1940 πολλοὶ,
931 1868 1112 1947 ὥσπερ
1161 1873 1305 1935 τινὲς
1353 1869 1573 1949 ἄγγελοι
1627 1873 1736 1924 τῶν
1784 1866 2022 1944 κρειττό-

2128 692 2186 748 in
2216 709 2407 748 aerem
2435 694 2869 765 quadamtenus
2890 688 3336 765 spargebantur.

2200 891 2287 946 13.
2316 891 2445 962 Ipse
2465 906 2618 956 vero,
2652 889 2837 944 instar
2854 888 3099 944 victimae
3125 885 3208 941 sic
3229 883 3563 940 conscissus
3589 881 3771 938 lania-

2126 983 2362 1051 tusque,
2393 996 2497 1035 nec
2536 965 2756 1047 voCem,
2806 995 2910 1034 nec
2959 977 3240 1050 gemitum
3289 973 3613 1040 emittebat,
3665 988 3772 1027 nec

2129 1068 2286 1125 aliud
2309 1069 2495 1124 ullum
2509 1070 2745 1141 signum
2759 1067 3008 1124 dolentis
3021 1065 3202 1122 animi
3218 1083 3231 1131 ;
3249 1061 3600 1134 nequeenim
3632 1077 3767 1116 cum

2130 1160 2350 1215 ferrum
2377 1158 2718 1215 dissolveret
2747 1172 3087 1230 compagem
3116 1153 3396 1227 corporis,
3433 1151 3621 1224 magis
3653 1150 3774 1223 pati

2131 1248 2352 1318 aliquid
2383 1248 2707 1331 videbatur,
2741 1263 2918 1320 quam
2949 1246 3050 1318 qui
3073 1242 3362 1316 profundo
3389 1257 3594 1296 somno
3618 1244 3776 1296 tene-

2129 1342 2245 1393 tur.
2294 1329 2579 1402 Quoniam
2640 1340 2836 1392 autem
2894 1338 3201 1407 propterea
3257 1331 3599 1387 credebatur
3646 1329 3773 1400 jam

2133 1425 2370 1497 obiisse,
2401 1427 2558 1482 haud
2585 1424 2752 1482 facile
2782 1425 2938 1480 dictu
2970 1427 3060 1480 est
3093 1425 3380 1494 quantum
3415 1420 3486 1474 de
3518 1435 3582 1475 se
3629 1435 3774 1490 prte-

2133 1515 2325 1571 buerit
2352 1515 2634 1588 gaudium
2666 1513 2988 1587 impietatis
3011 1511 3314 1574 studiosis,
3346 1511 3593 1564 mortem
3643 1507 3773 1578 ejus

2134 1620 2237 1674 pro
2269 1621 2331 1660 re
2358 1603 2734 1660 festivissima
2754 1601 3128 1658 habentibus.
3152 1604 3356 1670 Itaque
3378 1597 3578 1654 statim
3600 1599 3775 1668 atque

2134 1693 2278 1748 satis
2307 1692 2465 1748 clara
2516 1692 2675 1748 necis
2723 1691 2940 1748 indicia
2997 1707 3060 1746 se
3119 1688 3330 1744 habere
3378 1685 3773 1752 crediderunt,

2132 1781 2486 1838 festinarunt
2515 1781 2779 1838 certatim
2809 1781 2882 1836 ad
2931 1778 3368 1851 imperatorem,
3402 1774 3555 1832 alius
3597 1773 3778 1830 alium

2135 1875 2567 1944 praevertentes,
2629 1870 3037 1941 dicentesque:
3092 1866 3376 1937 Vicimus,
3449 1862 3783 1937 superiores

353 1976 474 2012 νων
545 1955 813 2031 ἐσόμενοι,
864 1957 1036 2023 ἄλλος
1093 1958 1265 2017 ἄλλον
1316 1959 1739 2038 προφθάνοντες,
1787 1957 2021 2027 Νενική-

2139 1961 2427 2018 evasimus
2453 2004 2466 2029 ,
2498 1961 2687 2016 victus
2717 1962 2824 2030 est,
2871 1958 3159 2014 extinctus
3207 1959 3296 2012 est
3324 1972 3346 2028 ε,
3381 1954 3620 2026 dignam
3673 1967 3778 2026 pro

355 2065 564 2118 καμεν,
651 2043 932 2123 λέγοντες,
1032 2052 1520 2126 περιγεγενήμεθα,
1621 2046 2022 2124 κατείργασται,

353 2134 646 2207 τέθνηκεν,
688 2135 835 2208 ἀξίαν
881 2143 984 2207 τῆς
1031 2139 1168 2194 κατά
1213 2143 1322 2194 τῶν
1369 2136 1691 2214 κρειττόνων
1738 2134 2025 2212 παροινίας

355 2221 484 2299 ἔχει
532 2225 634 2293 τὴν
679 2219 943 2298 ἀμοιϐήν.
991 2232 1045 2282 Ὁ
1087 2225 1164 2299 δὲ,
1215 2227 1327 2301 ὅσῳ
1368 2228 1457 2282 καὶ
1510 2224 1876 2306 διαφερόντως
1918 2227 2026 2278 τῶν

361 2310 562 2390 ἄλλων
602 2317 711 2368 τῶν
767 2321 1112 2392 μαρτυρικῶν
1158 2317 1404 2390 αἱμάτων
1456 2313 1635 2390 έδίψα,
1669 2314 1759 2371 καὶ
1812 2310 2026 2387 μᾶλλον

352 2405 661 2472 τηνικαῦτα
723 2406 832 2457 τῶν
895 2401 1080 2460 ἄλλων
1148 2401 1336 2482 ἔγεμεν
1400 2401 1629 2475 ὖδονῆς,
1679 2399 1890 2478 ἔχαιρε,
1949 2397 2030 2454 δι-

358 2488 644 2560 avia-tato,
703 2491 888 2547 ἑαυτὸν
963 2493 1052 2548 ὑπ’
1108 2493 1443 2570 εὐφροσύνης
1485 2492 1734 2568 κατέχειν
1798 2489 1898 2545 οὐκ
1954 2488 2028 2544 εί-

353 2599 483 2656 χεν·
533 2585 654 2642 τοῖς
702 2601 763 2635 τε
808 2580 1094 2653 πλήθεσιν·
1146 2583 1220 2646 ὡς
1271 2581 1358 2638 ἐπὶ
1429 2579 1720 2657 παραδόξῳ
1787 2577 1892 2634 τινὶ
1940 2577 2032 2632 καὶ

356 2667 585 2742 ἀπίστῳ
657 2673 728 2744 τῇ
793 2670 936 2745 νίκῃ,
1004 2672 1194 2749 έορτάς
1260 2669 1605 2749 παρήγγειλε
1668 2669 1760 2725 καὶ
1824 2664 2032 2735 θυσίας,

354 2757 452 2834 καὶ
506 2756 672 2832 αὐτός
717 2781 779 2836 γε
835 2759 1044 2834 ὁμοίως
1115 2760 1307 2817 ἐποίει·
1363 2761 1451 2818 ἐπὶ
1523 2761 1750 2838 βωμοὺς
1818 2751 2036 2825 ἐϐάδιζε

353 2848 452 2903 καὶ
486 2847 630 2925 ἱερὰ,
665 2848 965 2913 ἐπινικίους
992 2849 1229 2925 τελιέσων
1261 2857 1379 2915 τοῖς
1412 2849 1682 2925 δαίμοσιν.

439 2932 526 2990 ιδ’.
563 2933 721 2991 Οὕτω
763 2939 1100 2994 παντάπασιν
1151 2940 1353 3003 ἄτοπος
1423 2939 1626 3001 ἐκεῖνος
1691 2937 1781 2994 ἐπὶ
1849 2932 2034 2989 τοιού-

352 3044 480 3098 τοις
511 3021 810 3098 ἡδόμενος,
843 3025 939 3081 κᾶν
994 3026 1092 3082 οὐκ
1141 3025 1344 3101 ἔμελλε
1391 3031 1678 3105 χαιρήσειν
1729 3024 1817 3080 ἐπὶ
1864 3023 2012 3080 πολὺ

360 3109 495 3174 οὐδὲ
549 3119 653 3182 τῆς
711 3112 923 3189 ἀλόγου
977 3115 1179 3186 ταύτης
1225 3120 1461 3196 ντεΛετῆς
1527 3114 1879 3186 ἀπολαύσειν,
1934 3118 2036 3169 τοῦ

369 3201 460 3273 μὴ
510 3205 972 3279 καταισχυνθῆναι
1038 3209 1396 3284 προφητικῶς
1465 3205 1661 3279 εἰπεῖν,
1727 3203 1817 3260 καὶ
1877 3201 2000 3257 ἀπω

359 3289 560 3359 σθῆναι
629 3289 684 3346 ἐκ
737 3297 849 3349 τῶν
933 3294 1327 3371 θυσιαστηρίων
1410 3293 1596 3351 αὐτοῦ.
1656 3293 1756 3349 Καὶ
1813 3294 1918 3370 γὰρ
1978 3291 2032 3346 ἐν

2132 2049 2295 2106 illata
2326 2050 2501 2106 rebus
2533 2049 2771 2122 optimis
2802 2045 3156 2104 contumelia
3192 2043 3637 2101 retributionem
3683 2057 3780 2098 ac-

2135 2140 2306 2212 cepit.
2341 2138 2441 2195 Ille
2466 2143 2662 2195 autem
2704 2141 2923 2211 quanto
2973 2153 3088 2209 pra:
3132 2133 3353 2192 caeteris
3393 2132 3582 2206 magis
3632 2130 3781 2188 Mar-

2134 2228 2281 2302 tyris
2319 2228 2669 2300 sanguinem
2711 2227 2965 2295 sitiebat,
3012 2228 3176 2280 tanto
3225 2221 3435 2294 majori
3481 2237 3598 2294 pra:
3649 2219 3781 2276 aliis

2137 2317 2474 2390 replebatur
2501 2315 2735 2391 gaudio,
2767 2315 3239 2386 exsultabatque,
3268 2313 3464 2384 ipsum
3497 2327 3560 2366 se
3590 2309 3784 2366 conti-

2137 2424 2275 2463 nere
2304 2407 2626 2479 nequiens;
2659 2409 2716 2461 et
2741 2408 3022 2476 tanquam
3057 2419 3235 2475 super
3263 2399 3595 2457 admirabili
3645 2415 3786 2472 qua-

2138 2498 2274 2553 dam
2307 2493 2752 2567 incredibilique
2807 2493 3052 2550 victoria
3105 2491 3318 2548 festum
3377 2494 3434 2547 et
3497 2486 3787 2545 sacrificia

2139 2584 2354 2658 populo
2399 2584 2686 2654 indicens,
2745 2583 2818 2639 ad
2877 2583 3032 2650 fana,
3093 2582 3165 2636 ad
3222 2596 3355 2636 aras
3413 2577 3783 2650 properabat,

2142 2674 2452 2732 oblaturus
2485 2671 2854 2729 daemonibus
2883 2668 3271 2744 triumphales
3301 2668 3573 2744 hymnos.

2218 2944 2309 3006 Μτ
2339 2944 2424 2999 Ita
2443 2943 2886 3016 jucundabatur
2915 2943 3157 2998 demens
3187 2939 3285 2994 ille
3319 2954 3498 3011 super
3533 2951 3596 2993 re
3635 2939 3785 3002 acta,

2146 3033 2414 3104 quamvis
2443 3033 2599 3090 haud
2634 3032 2732 3088 diu
2767 3031 3078 3104 gavisurus
3110 3037 3211 3085 aut
3269 3028 3558 3083 fruiturus
3602 3029 3793 3082 morte

2145 3121 2492 3200 insipienter
2523 3121 2760 3187 credita,
2794 3121 2934 3193 quid
2964 3119 3420 3176 confunderetur
3440 3117 3612 3189 juxta
3649 3115 3789 3170 Pro-

2147 3200 2406 3284 phetam,
2457 3215 2513 3267 et
2559 3209 2938 3283 repelleretur
2984 3210 3055 3265 ab
3111 3207 3396 3265 altaribus
3439 3206 3586 3263 suis.
3635 3205 3789 3262 Dum

2148 3300 2305 3356 enim
2325 3301 2445 3356 haec
2466 3305 2681 3373 ageret,
2707 3316 2943 3358 rursum
2965 3299 3233 3355 Christus
3257 3294 3788 3353 mirificavitcrucis

372 3377 590 3452 τούτοις
656 3376 836 3456 ὄντος,
910 3350 1314 3462 θαυματουργεῖ
1386 3383 1476 3460 καὶ
1549 3382 1713 3441 πάλιν
1795 3350 2021 3459 Ιέριιστὸς

2153 3350 2305 3356 -_--_
2326 3350 2443 3356 ..π
2467 3350 2681 3373 ,0---,,
2707 3350 2943 3358 ______
2974 3350 3230 3355 ,ηψπ
3257 3350 3388 3352 _,__
3607 3350 3680 3352 η
3719 3350 3725 3351 ,
3772 3350 3780 3351 ,

2142 3405 2261 3446 suae
2292 3389 2590 3462 mysteria,
2618 3393 2675 3445 et
2705 3388 2904 3445 omnia
2929 3387 3124 3445 subito
3154 3403 3323 3443 versa
3364 3388 3506 3442 sunt
3541 3383 3602 3440 in
3650 3383 3788 3440 hor-

367 3465 588 3533 ἐνταῦθα
650 3470 720 3525 τὰ
777 3475 877 3526 τοῦ
939 3477 1195 3549 σταυροῦ,
1237 3473 1328 3528 καὶ
1396 3472 1693 3544 πάπαεῆν
1762 3471 1903 3547 ὁμοῦ
1959 3471 2028 3524 τὰ

357 3555 612 3634 φρικώδη
669 3559 816 3634 τότε,
852 3561 912 3616 ἐκ
961 3566 1136 3640 νεφῶν
1185 3559 1509 3639 καταιγίδες,
1544 3561 1783 3640 ζόφωσις
1839 3560 2016 3637 ἀέρος

336 3649 654 3720 νυκτερινὸν
709 3645 918 3713 σκότος
987 3650 1038 3706 ἐν
1096 3647 1440 3728 μεσημϐρίᾳ,
1484 3646 1681 3714 κλόνος
1742 3657 1867 3727 γ-ῖκς,
1931 3670 2028 3722 μυ-

335 3738 566 3810 κήματα
614 3738 874 3814 ούρανοῦ,
955 3737 1174 3817 βολίδες
1237 3741 1548 3817 ἀστραπῶν,
1594 3741 1664 3796 τά
1701 3744 1810 3796 τῶν
1859 3739 2032 3815 Αἰγυ-

339 3831 587 3881 πτιακῶν
627 3826 868 3903 πληγῶν
913 3827 1121 3902 πολλῷ
1191 3826 1560 3909 φοϐερώτερα·
1623 3830 1723 3885 οὐκ
1794 3828 2030 3885 ἀκολου-

339 3915 434 3988 θίᾳ
477 3917 693 3994 φύσεως
739 3917 864 3992 τότε
911 3912 1236 3993 συμϐάντα,
1271 3916 1385 3974 οὐδ’
1435 3915 1495 3974 ἔκ
1533 3940 1682 3982 τινος
1737 3917 2031 3996 συντυχίας

347 4005 458 4078 καὶ,
493 4005 848 4078 ταυτομάτου
899 4007 1060 4084 (ᾗπερ
1113 4004 1244 4070 ἴσως
1305 4005 1454 4078 ἔδοξε
1521 4012 1638 4069 τοῖς
1693 4007 1875 4071 ἀθέοις
1933 4029 2026 4062 τυ-

346 4093 671 4174 φλώττεουσι
709 4081 1132 4174 τὴνδιάγριάν),
1165 4100 1300 4172 Θεοῦ
1360 4094 1418 4174 δὲ
1472 4081 1851 4174 προστάγματι
1913 4118 2033 4151 συν-

339 4173 820 4260 δεδραμηκότα,δ
844 4183 1137 4261 οξάζοντος
1169 4185 1260 4240 τὸν
1317 4173 1520 4240 οἰκεῖον
1581 4173 1910 4262 θεράποντα,
1969 4185 2030 4248 ὃς

331 4270 427 4344 καὶ
461 4276 702 4346 Μωϋσῆν
757 4272 808 4326 ἐν
872 4272 1209 4354 ᾊσσυρίρις,
1241 4261 1332 4352 καὶ
1377 4271 1549 4330 ἄλλον
1594 4261 1851 4350 ἀλλαχοῦ
1896 4275 2031 4334 κατά

336 4360 443 4431 τήν
487 4425 494 4434 _
531 4359 702 4436 αὐτοῦ
761 4360 1185 4438 ’ἀνεξιχνίαστον
1271 4359 1561 4439 βούλησιν·
1617 4363 1696 4425 ὃς,
1750 4363 1840 4418 καὶ
1906 4363 2032 4419 τότε

351 4446 606 4526 φύλακας
643 4451 738 4526 μὲν
893 4449 1017 4514 ὅσος
1050 4449 1226 4532 ἄλλος
1275 4450 1478 4526 ὅμιλος
1517 4452 1585 4521 ἦν
1629 4456 1747 4515 τοῖς
1807 4449 2027 4526 δαίμοσι

351 4534 752 4614 διασκεδάσας,
782 4537 1000 4616 ἀγγέλῳ
1030 4533 1210 4618 ιρωτδς
1237 4541 1602 4618 παρεμυθεῖτο
1628 4540 1720 4595 τὸν
1755 4538 2026 4611 ἀθλητὴν,

351 4625 504 4700 ὁμοῦ
539 4626 813 4700 μὲνάνεὴ
840 4632 948 4706 τῶν
986 4624 1220 4705 δεσμῶν,
1255 4631 1398 4704 ὁμοῦ
1450 4627 1507 4684 δὲ
1559 4629 1635 4692 εἷς
1689 4628 2024 4707 ὁλοκληρίαν

2141 3495 2328 3534 rorem
2358 3497 2372 3548 ;
2406 3496 2539 3534 cum
2562 3477 2824 3551 procellae
2854 3477 3125 3544 nubium,
3151 3475 3335 3549 caligo
3358 3475 3529 3542 aeris,
3551 3477 3787 3530 noctur-

2139 3585 2226 3623 na
2258 3568 2449 3624 medio
2479 3567 2573 3624 die
2603 3567 2876 3633 tenebrae,
2909 3569 3307 3635 motusterrze,
3329 3563 3594 3637 mugitus
3633 3561 3784 3631 coeli,

2139 3657 2456 3714 fulminum
2505 3659 2725 3729 jactus,
2796 3655 2982 3712 multo
3053 3653 3374 3711 terribilius
3436 3652 3539 3726 qui
3615 3653 3784 3724 [Egy-

2141 3745 2350 3821 ptiacis
2379 3746 2568 3820 plagis
2599 3749 3047 3807 concurrerent;
3069 3745 3246 3816 idque
3295 3760 3412 3800 non
3465 3759 3534 3798 ex
3582 3741 3788 3797 ordine

2143 3835 2395 3891 naturali
2427 3839 2530 3891 aut
2559 3853 2699 3891 casu
2729 3835 2926 3908 aliquo
2976 3833 3498 3907 (quemadmodum
3544 3830 3789 3886 forsitan

2144 3925 2338 3980 visum
2370 3931 2457 3980 est
2496 3925 2720 3997 impiis,
2772 3928 3121 3980 excaecatum
3165 3921 3520 3978 habentibus
3568 3918 3793 3976 intelle-

2146 4015 2351 4093 ctum),
2384 4015 2486 4070 sed
2517 4031 2584 4070 ex
2615 4013 2718 4070 Dei
2750 4013 3050 4079 mandato,
3082 4009 3466 4084 gloriﬁcantis
3497 4008 3788 4064 famulum

2143 4102 2535 4182 suumgsignis
2573 4106 2749 4176 atque
2805 4101 3107 4174 prodigiis,
3168 4098 3670 4172 quemadmodum
3727 4097 3788 4152 in

2141 4193 2407 4265 IEgypto,
2442 4192 2722 4264 Moysem,
2757 4195 2816 4247 et
2843 4189 3140 4247 Danielem
3197 4189 3350 4244 inter
3391 4186 3680 4259 Assyrios,
3731 4189 3788 4242 et

2141 4281 2287 4338 alios
2318 4280 2482 4349 alibi,
2531 4280 2858 4336 secundum
2910 4275 3384 4334 inscrustabilem
3426 4271 3786 4333 voluntatem

2141 4388 2333 4428 suam.
2368 4369 2518 4434 Quin
2568 4369 2742 4425 etiam
2789 4369 3059 4426 custodes
3108 4371 3166 4423 et
3213 4369 3502 4440 quotquot
3545 4361 3790 4420 aderant

2141 4459 2238 4516 alii
2271 4459 2524 4516 cultores
2555 4459 2888 4514 daemonum
2916 4457 3279 4530 dispergens,
3313 4451 3655 4511 missolucis
3689 4469 3790 4507 an-

2139 4548 2268 4620 gelo
2297 4547 2712 4604 consolabatur
2754 4545 3060 4613 athletam,
3114 4543 3410 4616 simulque
3457 4547 3515 4598 et
3557 4539 3788 4597 vincula

2141 4635 2427 4703 dissolvit,
2459 4640 2515 4690 et
2537 4635 2798 4707 corporis
2829 4633 3222 4707 integritatem
3263 4630 3520 4688 restituit
3549 4629 3785 4687 curatis

340 4713 507 4787 αὖθις¹
551 4715 860 4795 συσφίγγων
909 4717 999 4774 καί
1052 4718 1361 4794 θεραπεύων
1412 4719 1479 4774 τὰ
1523 4718 1827 4795 τραύματα,
1879 4720 2020 4793 ὁμοῦ

2139 4724 2496 4791 vulneribus,
2525 4724 2744 4794 jubens
2777 4727 2840 4778 ut
2871 4740 2931 4778 se
2961 4726 3207 4794 tyranno
3242 4721 3491 4788 sisleret,
3525 4718 3598 4774 ad
3651 4720 3781 4773 stu-

347 4801 412 4859 ὂὲ
468 4803 560 4858 καὶ
634 4810 714 4878 τῷ
776 4805 1020 4882 τυράννῳ
1089 4807 1168 4884 εἰς
1233 4805 1494 4878 ἔκπληξιν
1561 4809 1651 4862 καὶ
1721 4807 2014 4884 μαρτύριον

344 4892 742 4972 ἐμφανισθῆναι
834 4898 1206 4974 προστάττων,
1276 4893 1501 4971 δύναμιν
1574 4896 1664 4952 καὶ
1761 4897 2014 4973 βοήθειαν

340 4985 443 5038 νῦν
475 5003 536 5038 τε
564 4982 655 5038 καὶ
686 4982 766 5048 εἷς
792 4984 858 5040 τὸ
892 4983 1014 5058 ἐξῆς
1045 4984 1416 5062 ἐγγυώμενος.

371 5157 376 5162 ⁸
427 5088 702 5167 18'...Ka':..
741 5094 808 5164 ἥν
891 5091 1072 5171 τοῦτό,
1107 5113 1168 5171 γε
1253 5093 1446 5172 βαρεῖά
1490 5114 1577 5156 τις
1661 5093 1850 5168 ἐκείνῳ
1923 5095 2015 5151 καὶ

342 5177 630 5258 ἀφόρητος
688 5180 1099 5258 ἀκοήμιαὶγτῇ
1154 5182 1394 5260 προτέρᾳ
1450 5184 1609 5262 φήμῃ
1667 5182 2012 5262 ἀντίρροπος-

336 5273 516 5346 τοῦτο
572 5270 668 5341 τὰς
721 5267 922 5345 ἡδονὰς
965 5269 1302 5346 ἐκλύει,τάς
1364 5271 1550 5346 ἑορτὰς
1615 5278 1891 5349 καταργεῖ,
1923 5275 2013 5328 καὶ

335 5359 416 5436 ἐγά
471 5355 724 5432 ἐπινίκια.
781 5359 875 5414 καὶ
960 5363 1296 5438 χαριστήρια
1362 5361 1692 5439 ,περιτρέπει
1777 5361 2008 5436 θύματα·

339 5447 660 5522 τοῦτο’-καὶ
697 5445 946 5524 ,ἄπιστον
1003 5449 1230 5526 εἰκότως
1278 5447 1454 5506 ἐδόκει
1504 5447 1595 5506 διὰ
1639 5451 1702 5505 τὸ
1763 5449 2009 5528 μέγεθος.

344 5536 452 5592 Καὶ
507 5535 614 5613 γὰρ
672 5531 848 5600 ὅντως
905 5540 970 5608 ἧν
1033 5536 1491 5615 δυσ-παράδεκτον,
1526 5537 1572 5594 εἰ
1634 5539 1751 5614 μετ’
1798 5538 2008 5612 ἐκείνην

339 5627 445 5696 τήν
477 5623 730 5701 διάλυσιν,
759 5624 1012 5704 ἔτιγλμετά
1038 5633 1144 5684 τῶν
1198 5629 1415 5699 ζώντων
1474 5634 1800 5704 περινοστεῖ.
1861 5631 2009 5686 Ἐπεί

346 5713 408 5784 δὲ
482 5716 574 5772 καὶ
847 5713 976 5792 ἶἤδη
1022 5724 1226 5798 παρῆν,
1278 5717 1369 5773 καὶ
1421 5704 1737 5798 ὁρώμενος,
1786 5718 2009 5796 ἐρωτώ-

346 5826 532 5882 μενος,
608 5805 993 5887 ἐπαφώμενος,
1067 5795 1338 5887 Γεώργιος
1411 5809 1477 5878 ἦν
1553 5795 1853 5884 πανταχοῦ,
1911 5811 2006 5865 κάν

2131 4830 2333 4886 porem
2358 4811 2900 4884 testimoniumque,
2932 4815 2988 4866 et
3017 4810 3195 4866 robur
3243 4813 3419 4879 atque
3465 4805 3775 4877 auxilium,

2130 4907 2194 4959 ut
2224 4919 2400 4974 nunc,
2433 4902 2517 4957 sic
2546 4906 2605 4958 et
2633 4901 2694 4957 in
2724 4904 3022 4974 posterum
3055 4896 3356 4972 pollicens.

2204 5100 2287 5154 15.
2320 5098 2454 5154 Fuit
2482 5097 2738 5170 profecto
2779 5112 2953 5170 grave
3003 5093 3364 5150 Diocletiano
3415 5096 3590 5166 atque
3634 5092 3783 5148 into-

2124 5187 2364 5244 lerabile
2393 5186 2503 5244 hoc
2525 5185 2820 5256 nuntium,
2842 5183 3020 5257 priori
3045 5184 3211 5239 fama;
3235 5182 3594 5238 contrarium
3621 5199 3635 5250 ;
3667 5179 3778 5237 hoc

2122 5275 2340 5350 gaudia
2369 5274 2656 5341 dissolvit,
2689 5275 2836 5330 festa
2864 5273 3145 5344 cohibuit,
3165 5270 3551 5344 triumphalia
3571 5275 3628 5326 et
3649 5286 3778 5342 gra-

2122 5364 2396 5421 tulaloria
2424 5363 2710 5420 sacrificia
2739 5363 2981 5429 evertit;
3015 5361 3155 5434 quin
3187 5362 3366 5417 etiam
3391 5364 3628 5432 propter
3657 5358 3775 5414 mi-

2122 5454 2307 5511 raculi
2332 5452 2797 5525 magnitudinem
2826 5451 3167 5508 incredibile
3197 5451 3508 5507 videbatur
3530 5467 3544 5517 ;
3569 5453 3626 5504 et
3639 5464 3771 5505 vere

2121 5561 2238 5600 non
2268 5546 2392 5599 erat
2421 5541 2543 5597 ulla
2572 5559 2642 5598 ex
2681 5545 2843 5612 parte
2872 5539 3212 5605 verisimile,
3246 5539 3403 5611 quod
3458 5541 3592 5611 post
3612 5538 3772 5609 ejus-

2121 5633 2280 5689 modi
2313 5629 2760 5687 dissolutionem
2793 5629 2986 5686 adhuc
3017 5631 3074 5684 in
3107 5629 3252 5685 vivis
3284 5629 3501 5700 Martyr
3551 5630 3768 5699 ageret.

2120 5723 2265 5779 Cum
2299 5727 2493 5777 autem
2526 5736 2784 5793 prasens
2814 5719 3021 5789 astitit,
3055 5723 3110 5774 et
3139 5717 3342 5789 videri,
3399 5714 3766 5788 interrogari,
3864 5719 3870 5726 ‘

2121 5811 2312 5870 audiri
2335 5810 2584 5885 loquens
2615 5808 2824 5883 potuit,
2858 5824 3036 5884 seque
3064 5825 3168 5881 per
3210 5805 3410 5864 omnia
3452 5803 3766 5877 Georgium
