4108 6438
393 352 510 419 313

1423 362 1739 430 GEORGII
1782 361 2044 430 CYPRII
2087 360 2208 428 CP.
2249 361 2780 430 PATPJARGHJE

3666 361 3802 454 διο,

394 491 662 566 probavit
676 495 949 556 sensibus
971 501 1145 574 atque
1166 502 1494 575 responsis;
1516 507 1657 560 tunc
1674 502 1832 560 credi
1860 499 2021 574 coepit

2145 501 2263 560 ταῖς
2320 496 2596 569 αἰσθήσεσι
2652 497 2748 554 κάν
2792 502 2914 562 ταῖς
2989 493 3323 572 ἀποκρίσεσι·
3376 474 3500 555 τότε
3571 494 3657 555 καὶ
3717 497 3777 558 τὸ

390 585 765 655 miraculum,
819 589 1108 664 multique
1160 591 1578 650 ad'Christum
1630 592 2028 648 transierunt:

388 691 641 748 quorum
660 677 840 750 aliqui
856 678 1085 736 latitare
1104 681 1364 738 volentes
1386 683 1530 739 satis
1550 682 1840 738 habebant
1861 681 2033 736 corde

383 765 651 821 credere:
688 766 871 840 aliqui
894 787 1009 826 non
1039 771 1454 827 dubitaverunt
1482 771 1661 827 etiam
1712 787 1810 827 ore
1844 769 2028 825 conti-

383 853 495 909 teri
546 855 744 926 ﬁdem,
795 863 852 914 et
882 876 912 914 e
942 861 1184 934 vestigio
1235 861 1623 918 confidentius
1669 876 1878 933 agere:
1930 859 2031 930 qui

386 941 580 1014 gladio
611 949 871 1018 percussi
898 950 969 1004 ad
1002 955 1270 1018 mortem,
1312 968 1430 1007 suae
1461 955 1581 1007 tam
1613 949 1857 1024 publicae
1899 965 2031 1004 con-

385 1031 658 1092 fessionis
717 1040 1042 1094 mercedem
1092 1046 1453 1113 receperunt.
1497 1042 1609 1098 Sed
1663 1056 1852 1112 neque
1901 1037 2029 1094 Ale-

381 1124 605 1181 xandra
632 1125 972 1198 imperatrix
1001 1130 1313 1201 spectaculi
1346 1130 1586 1186 novitati
1618 1131 1886 1186 resistere
1927 1145 2028 1198 po-

382 1212 517 1280 tuit,
577 1215 720 1287 quin
778 1217 964 1290 ipsam
1025 1236 1259 1292 quoque
1322 1221 1674 1276 miraculum
1741 1219 2028 1290 tangeret.

384 1306 876 1378 persuaderetque
905 1307 1193 1365 idolorum
1243 1326 1308 1366 ac
1353 1311 1685 1365 daemonum
1734 1307 2026 1364 culturam

381 1391 729 1464 abominari,
763 1401 938 1471 atque
969 1399 1038 1454 ad
1072 1398 1371 1456 Christum
1406 1399 1679 1455 transire.

456 1500 544 1555 16.
588 1501 793 1558 Solum
848 1503 1238 1562 Diocletianus
1296 1506 1537 1578 antiquo
1588 1506 1685 1561 isti
1736 1503 2028 1560 Pharaoni

380 1593 618 1662 propter
632 1591 811 1647 animi
837 1595 1276 1664 perversitatem
1298 1595 1512 1651 similis
1549 1595 1661 1650 fuit
1681 1594 2027 1650 obdurando

383 1694 484 1733 cor
511 1679 700 1752 magis
731 1680 907 1737 etiam
939 1700 1118 1754 quam
1148 1683 1281 1740 ille:
1333 1683 1613 1756 quoniam
1644 1682 1740 1739 hic
1788 1681 2024 1754 quidem

382 1767 774 1839 ﬂagellantem
807 1786 869 1827 se
897 1771 1172 1828 virtutem
1205 1773 1608 1839 confitebatur,
1641 1774 1698 1827 et
1745 1769 2024 1843 respicie-

2144 588 2324 661 θαῦμα
2379 587 2707 662 πιστεύεται,
2747 589 2837 644 καὶ
2896 586 3102 644 πολλοὶ
3158 589 3298 665 πρὸς
3355 587 3578 666 Χριστὸν
3628 609 3780 662 μετα-

2141 676 2393 732 τίθενται·
2452 679 2505 732 ο¹ι
2565 678 2658 752 μὲν
2720 680 2855 752 μετά
2913 683 3011 733 τοῦ
3074 675 3353 742 λανθάνειν
3441 675 3640 733 ἐθέλειν
3694 677 3780 735 καὶ

2147 765 2284 840 μόνῃ
2313 767 2578 822 πιστεύειν
2609 765 2825 843 καρδίᾳ,
2857 768 2913 823 bi
2963 765 3023 823 δὲ
3068 766 3160 822 καὶ
3214 770 3312 822 τοῦ
3371 767 3598 842 στόματι
3651 769 3782 842 ὁμο-

2143 854 2328 931 λογεῖν
2385 855 2474 911 καὶ
2533 855 2722 912 αὐτίκα
2774 854 3258 934 παρρησιάζεσθαι,
3321 855 3373 911 οἳ
3427 855 3516 911 καὶ
3577 860 3655 930 τῷ
3699 854 3785 912 διὰ

2142 943 2330 1022 ξίφους
2395 950 2660 1022 τιμῶνται
2736 946 2970 1020 θανάτῳ,
3029 946 3218 1020 μισθὸν
3293 950 3455 1001 τοῦτο
3537 948 3636 1015 τῆς
3710 944 3782 1008 είς

2138 1021 2413 1110 προῦπτον
2493 1021 2794 1112 ὁμολογίας
2874 1034 3181 1112 εὑράμενοι.
3244 1032 3381 1090 Οὐδὲ
3463 1031 3786 1108 Ἀλεξάνδρα

2136 1123 2260 1178 τότε
2315 1126 2349 1194 ἠ
2409 1124 2645 1199 βασιλὶς,
2696 1123 2810 1180 οὐδ’
2860 1125 2994 1194 αύτὴ
3039 1123 3121 1198 τῷ
3168 1123 3458 1199 παραδόξῳ
3507 1131 3610 1194 τῆς
3669 1122 3786 1187 θέας

2140 1212 2421 1276 ἀνάλωτος
2469 1210 2699 1288 ἔμεινεν·
2761 1216 2982 1269 ἅπτεται
3039 1213 3096 1269 δὲ
3153 1213 3409 1285 κάκείνης
3469 1212 3533 1268 τὸ
3589 1215 3783 1286 θαῦμα,

2136 1301 2226 1356 καὶ
2282 1307 2468 1358 πεῖσαν
2520 1305 2620 1372 τήν
2671 1304 2746 1366 είς
2791 1301 2995 1360 εἷ’δωλα
3042 1303 3134 1358 καὶ
3201 1300 3466 1376 δαίμονας
3533 1301 3784 1377 ἀτιμάσαι

2137 1391 2334 1464 πίστιν,
2366 1392 2502 1469 πρὸς
2534 1393 2764 1468 Χριστὸν
2801 1387 3143 1466 μετεϐίϐασε.

2211 1501 2295 1562 ις’.
2329 1498 2515 1557 Μόνου
2544 1503 2642 1554 τοῦ
2671 1497 2842 1555 πάλαι
2873 1499 3076 1576 Φαραὼ
3120 1496 3252 1561 ἴσως
3295 1501 3362 1569 ἦν
3411 1497 3504 1554 καὶ
3553 1497 3784 1570 Διοκλη-

2133 1593 2316 1644 τιανοῦ
2369 1595 2470 1658 τῆς
2525 1589 2906 1666 πονηροτάτης
2964 1591 3152 1665 ψυχῆς
3202 1589 3266 1644 τὸ
3324 1588 3463 1665 πρὸς
3531 1592 3780 1643 τοσοῦτον

2136 1673 2549 1752 σκληρύνεσθαι·
2579 1682 2676 1732 τοῦ
2708 1675 2768 1733 δὶ
2826 1677 2916 1733 καὶ
2978 1677 3214 1752 μᾶλλον,
3245 1675 3368 1732 ὅσον
3431 1676 3634 1739 ἐκεῖνος
3694 1677 3784 1750 μὶν

2133 1765 2222 1821 καὶ
2281 1764 2628 1842 ἀνωμολόγει
2681 1768 2782 1836 τὴν
2837 1766 3194 1841 μαστίζουσαν
3254 1764 3510 1840 δύναμιν,
3537 1765 3626 1821 καὶ
3667 1764 3780 1820 ἐπέ-

379 1856 499 1926 bat,
533 1861 590 1913 et
618 1859 897 1931 surgebat
927 1877 1118 1932 mane,
1149 1865 1206 1918 et
1236 1862 1480 1934 rogabat
1514 1866 1691 1916 Deum
1739 1863 1805 1916 ut
1833 1875 2021 1916 cessa-

2135 1876 2346 1932 στρέφε,
2376 1855 2468 1911 καὶ
2527 1854 2782 1933 ὣρθριζε,
2807 1856 2897 1911 καὶ
2955 1857 3153 1912 ἀνεῖναι
3209 1855 3304 1918 τὰς
3363 1854 3590 1931 πληγὰς
3636 1855 3782 1926 ἠντι-

380 1949 510 2002 rent
534 1946 739 2021 plagae,
771 1950 954 2007 donec
985 1952 1223 2007 tandem
1247 1950 1512 2008 animum
1535 1949 1884 2007 obstinavit:
1912 1949 2021 2005 iste

2135 1940 2289 2000 ϐόλει
2319 1945 2468 2016 Θεὸν,
2500 1945 2591 2000 καὶ
2625 1945 2713 2000 ἐπὶ
2759 1943 2954 2008 τέλους
3004 1943 3356 2022 λιθοκάρδιος
3400 1941 3625 2020 ἔμεινεν·
3657 1945 3686 1999 ὁ
3727 1941 3783 1999 δὲ

375 2051 509 2092 vero
541 2055 731 2110 neque
760 2039 1108 2112 respiciebat
1137 2057 1326 2113 neque
1355 2040 1642 2096 sentiebat
1671 2039 1912 2111 majoris
1961 2054 2024 2094 se

378 2125 747 2183 dominatum
773 2144 786 2184 :
820 2132 877 2184 et
904 2128 1181 2185 virtutem
1213 2130 1533 2202 quamdam
1556 2128 1800 2184 rationis
1819 2144 2020 2200 exper-

377 2218 496 2271 tem
527 2217 596 2272 ad
629 2220 1023 2289 torquendum
1056 2220 1380 2275 accendens
1427 2219 1626 2291 (quam
1683 2217 1904 2274 scimus
1946 2235 2021 2272 ae-

376 2305 613 2377 qualem
644 2306 768 2380 igni
797 2309 865 2363 ad
902 2310 1192 2364 urendum
1222 2324 1370 2377 esse,
1401 2311 1460 2364 et
1489 2306 1692 2380 glaciei
1725 2307 1796 2363 ad
1849 2307 2023 2380 frige-

377 2394 756 2468 faciendum),
789 2414 896 2453 nec
919 2398 989 2452 ad
1023 2397 1319 2454 modicum
1343 2397 1581 2469 quidem
1612 2396 1870 2452 cohiberi
1919 2413 2023 2468 po-

377 2486 547 2554 terat,
580 2484 722 2556 quin
764 2502 881 2541 suae
928 2486 1359 2543 obsecundaret
1407 2484 1646 2541 malitias
1689 2501 1921 2556 semper
1949 2485 2021 2540 ad

373 2575 669 2628 tormenta
711 2574 1096 2647 respiciendo,
1151 2591 1415 2648 novaque
1455 2573 1876 2646 suppliciorum
1925 2589 2022 2645 ge-

373 2675 514 2716 nera
559 2663 979 2734 conquirendo,
1033 2669 1090 2720 et
1145 2680 1281 2720 vero
1326 2663 1505 2720 etiam
1556 2661 2019 2718 adinveniendo:

371 2753 496 2805 erat
524 2750 680 2806 enim
708 2752 780 2806 ad
814 2751 1303 2810 malefaciendum
1339 2752 1598 2825 sapiens,
1631 2751 1780 2807 bene
1821 2755 2020 2807 autem

371 2838 560 2896 facere
581 2840 820 2897 omnino
851 2841 932 2896 nil
981 2847 1240 2898 noverat.
1293 2842 1495 2914 Itaque
1543 2841 1850 2897 exhibetur
1895 2844 2021 2895 tor-

373 2928 555 2983 menti
580 2944 787 3000 genus,
819 2931 1042 3004 absque
1073 2932 1424 3004 cujusquam
1463 2947 1639 3002 opera
1667 2934 1768 2986 aut
1797 2928 2019 2999 labore,

373 3017 474 3072 sed
507 3033 613 3073 suo
645 3017 834 3090 ipsius
865 3026 1028 3075 motu
1053 3020 1494 3091 peragendum;
1526 3018 1709 3090 idque
1755 3017 2017 3074 omnium

369 3105 812 3177 gravissimum,
844 3112 900 3163 et
930 3108 1101 3180 quale
1130 3125 1234 3164 nec
1263 3107 1454 3164 multa
1471 3108 1709 3180 quidem
1731 3107 2026 3163 industria

371 3196 566 3266 potest
595 3211 629 3249 a
659 3212 956 3267 quoquam
986 3196 1310 3252 elaborari:
1344 3212 1536 3268 neque
1575 3196 1695 3252 scio
1748 3213 1822 3251 an
1868 3195 2021 3251 alius

371 3279 669 3351 quispiam
700 3281 976 3339 omnibus
1006 3287 1160 3339 retro
1210 3283 1438 3339 saeculis
1489 3283 1605 3339 tale
1656 3284 1797 3355 Quid
1842 3282 2018 3338 susti-

370 3367 602 3438 nuerit;
662 3369 809 3425 nihil
865 3375 1019 3427 certe
1078 3389 1343 3444 unquam
1397 3371 1593 3428 simile
1662 3371 2018 3428 audivimus.

367 3458 653 3514 Jeremias
675 3459 832 3514 enim
854 3459 914 3514 in
935 3459 1128 3516 lacum
1147 3461 1448 3532 conjectus
1470 3465 1579 3529 est,
1596 3461 1698 3516 sed
1725 3461 2017 3517 lutosum:

370 3546 574 3603 Daniel
604 3547 665 3603 in
694 3547 825 3604 lacu
857 3549 986 3615 fuit,
1028 3551 1129 3606 sed
1178 3551 1434 3606 leonum.
1489 3550 1772 3623 Georgius
1823 3555 2019 3606 autem

372 3635 549 3692 etiam
579 3635 639 3692 in
671 3635 866 3692 lacum
893 3643 983 3694 est
1011 3639 1253 3707 missus,
1277 3639 1378 3695 sed
1405 3639 1641 3712 igneum
1664 3656 1676 3694 :
1711 3643 1834 3695 erat
1861 3639 2018 3695 enim

373 3723 584 3798 plenus
621 3725 752 3781 viva
795 3726 974 3797 calce,
1025 3744 1202 3800 quam
1255 3728 1528 3784 desinens
1575 3733 1717 3784 tunc
1761 3728 2020 3801 primum

370 3830 541 3871 urere
570 3814 746 3888 ignis,
779 3817 977 3888 ignem
1007 3817 1068 3873 in
1114 3835 1180 3874 eo
1230 3816 1545 3889 reliquerat
1603 3818 1806 3888 alium,
1852 3822 2019 3874 tanto

369 3902 757 3962 efﬁcaciorem
789 3923 964 3980 quam
997 3912 1088 3963 est
1117 3909 1358 3964 ﬂamma
1387 3908 1458 3963 ad
1499 3905 1848 3964 animalium
1894 3924 2020 3962 cor-

369 4009 515 4066 pora
542 3995 919 4068 destruenda,
952 4000 1170 4068 quanto
1203 3995 1338 4069 plus
1369 3995 1692 4053 materialis
1731 3995 2021 4052 crassitiei

372 4087 432 4138 et
460 4082 771 4141 soliditatis
797 4084 1052 4143 habebat
1079 4085 1439 4142 admistum:
1494 4101 1624 4156 quae
1674 4084 1832 4140 enim
1881 4088 2022 4140 sunt

371 4171 533 4242 talia,
551 4171 672 4229 haec
691 4177 750 4230 et
769 4173 993 4231 ratione
1013 4178 1071 4231 et
1090 4173 1449 4246 experientia
1477 4173 1803 4246 probantur
1841 4173 2020 4230 etiam

374 4276 505 4318 esse
535 4262 906 4333 ardentiore;
937 4279 1071 4320 cum
1097 4280 1214 4320 non
1246 4262 1582 4320 contineant
1597 4263 1794 4336 ignem
1816 4257 2023 4319 accen4

375 4366 510 4406 sum
539 4351 683 4408 etin
730 4353 1047 4409 transitum
1093 4355 1384 4423 urentem,
1435 4353 1536 4409 sed
1585 4352 2022 4424 quodammodo

373 4445 837 4513 permanentem,
871 4445 930 4498 et
958 4441 1032 4497 iis
1071 4440 1288 4513 quibus
1335 4440 1780 4513 approximatur
1829 4442 2022 4498 adhae-

370 4531 617 4585 rentem.
649 4530 918 4586 Imitatus
949 4534 1039 4586 est
1087 4531 1290 4602 utique
1338 4529 1734 4587 Diocletianus
1783 4531 2024 4603 Babylo-

2132 2031 2258 2090 οὐδὲ
2314 2033 2688 2112 ἐπεστρέφετο,
2729 2031 2842 2088 οὐδ’
2899 2033 3167 2109 ᾐσθάνετο
3221 2035 3323 2103 τὴν
3373 2033 3584 2111 ἀρχὴν,
3644 2030 3782 2088 ἀλλά

2129 2142 2251 2177 τινα
2315 2123 2439 2199 περὶ
2503 2123 2568 2177 τὸ
2634 2121 2909 2195 κολάζειν,
2982 2124 3097 2178 οἷον
3177 2121 3380 2199 ἄλογον
3457 2121 3782 2197 ἐναψάμενος

2133 2211 2384 2287 δύναμιν,
2432 2215 2492 2282 ἣν
2553 2211 2620 2282 δὴ
2678 2213 2768 2268 καὶ
2824 2215 2924 2284 τὴν
2983 2213 3156 2288 πυρὸς
3209 2212 3364 2291 φύσιν
3429 2212 3575 2290 ἔχειν
3634 2211 3778 2285 ἴσμεν

2131 2303 2254 2376 περὶ
2282 2302 2346 2357 τὸ
2384 2301 2553 2357 καίειν
2597 2301 2687 2356 καὶ
2739 2301 2863 2379 περὶ
2918 2302 2982 2357 τὸ
3038 2300 3234 2378 ψύχειν
3296 2302 3358 2356 τὸ
3419 2300 3782 2378 κρύσταλλον,

2134 2388 2246 2447 οὔτ’
2303 2391 2624 2446 ἀνεκόπτετο
2683 2389 2779 2447 κᾶν
2841 2389 2928 2446 ἐπὶ
2981 2391 3148 2446 ποσὸν
3206 2391 3308 2445 ὑπὸ
3381 2387 3641 2464 μηδενὸς,
3696 2387 3780 2444 καὶ

2131 2479 2436 2557 προσετίθει
2494 2484 2563 2554 τῇ
2641 2480 2834 2536 ἑαυτοῦ
2909 2479 3092 2552 κακίᾳ,
3149 2479 3231 2534 ἀεὶ
3305 2479 3450 2556 πρὸς
3530 2479 3783 2556 βασάνους

2133 2571 2296 2646 ὁρῶν,
2328 2570 2418 2624 καὶ
2467 2568 2754 2647 καινότερα
2811 2569 3042 2625 ἐπινοῶν
3093 2567 3464 2644 κολαστήρια,
3523 2567 3611 2623 καὶ
3664 2568 3782 2642 μέν·

2131 2680 2214 2714 τοι
2272 2657 2757 2735 προσεξευρίσκων,
2818 2655 3006 2728 ἐπειδή
3063 2656 3152 2713 καὶ
3210 2656 3378 2736 σοφὸς
3441 2661 3508 2728 ἦν
3564 2661 3660 2713 τοῦ
3696 2676 3784 2712 κα-

2132 2754 2454 2818 κοποιῆσαι,
2482 2747 2545 2802 τὸ
2577 2743 2635 2802 δὲ
2671 2744 2838 2802 καλὸν
2888 2753 3118 2817 ποιῆσαι
3171 2745 3270 2802 ούκ
3315 2744 3576 2822 ἐγνωκεν.
3606 2748 3783 2820 Ὅμως

2139 2834 2306 2911 μηδέν
2360 2857 2448 2891 τοι
2502 2835 2627 2891 τότε
2681 2835 3035 2907 πεπονηκότι,
3099 2832 3240 2909 μηδὲ
3293 2833 3781 2914 περιειργασμένῳ,

2133 2925 2438 3000 αὐτόματός
2522 2946 2607 2988 τις
2685 2924 3026 3004 ἀναφαίνεται
3116 2923 3378 2998 τιμωρία·
3467 2928 3501 2995 ἡ
3563 2923 3620 2980 δὲ
3697 2922 3781 2980 καὶ

2135 3014 2406 3091 βαρυτάτη
2437 3018 2543 3069 τῶν
2588 3015 2804 3069 ἀπασῶν
2857 3013 3146 3092 ἐτύγχανεν
3208 3011 3362 3082 οὖσα,
3394 3012 3512 3070 οὐδ’
3567 3011 3626 3069 ἄν
3680 3033 3776 3085 τις,

2130 3103 2221 3160 καὶ
2276 3101 2483 3182 σφόδρα
2554 3102 2950 3180 φιλοπονήσας,
3001 3102 3178 3166 οὕτως
3233 3101 3460 3174 ἐποίησε
3514 3101 3778 3180 χαλεπήν·

2131 3193 2223 3248 καὶ
2282 3193 2382 3248 οὐκ
2437 3189 2541 3246 οἷδ’
2580 3189 2636 3247 εἷ’
2654 3214 2738 3255 τις
2794 3191 2854 3248 ἐκ
2879 3197 2976 3248 τοῦ
3024 3192 3224 3255 παντὸς
3282 3191 3483 3257 αἰῶνος
3536 3196 3781 3248 τοσοῦτον

2135 3283 2437 3355 ὑπέμεινεν,
2493 3281 2553 3336 ού
2623 3283 2724 3358 γὰρ
2802 3281 2940 3356 ἀκοῇ
3022 3279 3466 3360 παρειλήφαμεν.
3527 3279 3780 3357 Ἱερεμίας

2130 3373 2235 3448 γὰρ
2271 3370 2322 3425 ἐν
2384 3369 2572 3442 λάκκῳ
2628 3368 2847 3447 ἐῤῥίφη,
2879 3368 3026 3425 ἀλλὰ
3083 3365 3379 3448 βορϐόρου·
3430 3373 3521 3426 καὶ
3579 3367 3778 3437 Δανιὴλ

2131 3461 2182 3516 ἐν
2244 3460 2452 3533 λάκκῳ,
2512 3457 2660 3516 ἀλλὰ
2715 3457 2972 3515 λεόντων·
3033 3460 3084 3516 ἐν
3161 3460 3352 3534 λάκκῳ
3426 3462 3520 3535 μὲν
3605 3458 3776 3527 οὗτος,

2129 3549 2277 3606 ἀλλὰ
2329 3548 2521 3625 πυρός·
2573 3547 2839 3625 ἐτύγχανε
2901 3551 2996 3624 μὲν
3057 3549 3162 3626 γὰρ
3218 3547 3450 3625 πλήρης
3501 3544 3772 3619 ἀσϐέστου,

2127 3641 2189 3709 ἣν
2279 3636 2401 3716 ἄρτι
2465 3638 2589 3694 τότε
2663 3635 3036 3702 διαλελοιπὼς
3100 3639 3272 3695 καίειν
3337 3639 3406 3694 τὸ
3489 3644 3617 3716 πῦρ,
3672 3640 3772 3710 πῦρ

2128 3728 2331 3807 ἀφῆκεν
2389 3725 2554 3800 ἄλλο,
2610 3726 2856 3801 τοσούτῳ
2905 3727 3111 3806 φλογὸς
3190 3727 3567 3806 ἐνεργέστερον
3628 3727 3772 3796 ζώων

2127 3817 2556 3892 κατεργάσασθαι
2622 3817 2872 3890 σώματα,
2932 3814 3046 3890 ὅσῳ
3117 3837 3178 3894 γε
3247 3814 3432 3887 δήπου
3505 3816 3594 3872 καὶ
3667 3812 3775 3888 μεθ’

2132 3905 2328 3975 ὑλικῆς
2385 3905 2706 3982 παχύτητος
2763 3908 2827 3974 ἦν
2887 3904 2978 3960 καῖ
3026 3904 3352 3983 στερρότητι
3383 3905 3774 3983 παρεμέμικτο·

2127 3995 2197 4051 τὰ
2237 3995 2342 4072 γὰρ
2398 3998 2623 4050 τοιαῦτα
2677 3994 2768 4050 καὶ
2817 3995 3221 4072 καυστικώτερα
3277 3992 3450 4072 λόγος
3507 3997 3640 4068 ἡμῖν
3691 3987 3778 4045 καὶ

2128 4088 2293 4160 πεῖρα
2348 4083 2672 4159 παρέστησε,
2731 4081 2874 4157 μηδὲ
2929 4080 3224 4158 ἱπτάμενον
3279 4085 3344 4140 τὸ
3403 4087 3512 4162 πῦρ
3569 4079 3778 4159 ἔχοντα,

2134 4170 2263 4248 μηδ’
2314 4171 2366 4228 ἐν
2426 4170 2653 4250 παρόδῳ
2709 4175 2886 4246 καῖον,
2948 4173 3108 4246 μένον
3167 4169 3228 4228 δὲ
3269 4171 3478 4249 τρόπον
3526 4170 3662 4240 τινὰ,
3691 4165 3776 4222 καὶ

2127 4266 2248 4324 τοῖς
2305 4259 2582 4338 ἐγγίζουσι
2651 4259 3090 4340 προσφυόμενον.
3135 4259 3284 4318 Κατὰ
3333 4261 3519 4319 τοίνυν
3587 4255 3775 4314 τούτου

2135 4348 2477 4426 μιμούμενος
2532 4345 3040 4426 Ναϐουχοδονόσωρ
3093 4349 3187 4405 τὸν
3245 4344 3620 4418 Βαϐυλώνιον,
3660 4342 3774 4401 καθ’

2130 4441 2193 4510 ἣν
2225 4441 2431 4504 ἐκεῖνος
2483 4443 2603 4501 τοῖς
2653 4438 2779 4516 περὶ
2838 4437 3113 4512 Ἀζαρίαν,
3159 4438 3236 4519 μὴ
3291 4441 3363 4513 τῇ
3423 4438 3590 4496 κτίσει
3637 4429 3778 4507 παρᾶ

2130 4529 2223 4584 τὸν
2299 4527 2554 4584 κτίσαντα
2608 4525 2888 4604 λατρεύειν
2975 4527 3352 4602 ἀνεχομένοις,
3396 4527 3640 4599 ἐξέκαυσε
3689 4520 3779 4575 κά-

370 4617 537 4674 nium
565 4619 1126 4687 Nabuchodonosor,
1155 4619 1345 4690 quoad
1381 4619 1676 4674 fornacem
1707 4636 1884 4692 quam
1925 4637 2019 4676 ac-

2135 4638 2305 4691 μινον,
2366 4615 2688 4692 προστάττει
2769 4613 2924 4671 τόνδε
2996 4614 3240 4696 ῥιφῆναι,
3300 4614 3385 4671 ὅτι
3449 4619 3609 4686 ζῶντι
3664 4607 3777 4666 κατ’

367 4706 564 4763 ceudit
593 4707 766 4764 sociis
796 4707 1038 4777 Azariae,
1070 4707 1481 4763 recusantibus
1511 4707 1755 4764 adorare
1786 4714 2014 4766 creatu-

2123 4706 2361 4770 ἐκείνους
2405 4711 2738 4782 προσανεῖχε
2797 4709 2935 4777 Θεῷ,
2965 4704 3056 4759 καὶ
3113 4708 3321 4782 κωφοῖς
3377 4706 3472 4761 καὶ
3527 4698 3776 4768 ἀναισθή-

362 4811 491 4851 ram
520 4799 723 4852 contra
753 4797 1100 4852 mandatum
1147 4795 1457 4852 Creatoris.
1493 4797 1769 4870 Praecepit
1816 4802 2013 4855 autem

2135 4817 2240 4860 τοις
2270 4795 2333 4851 ού
2362 4800 2656 4871 προσεῖχεν
2688 4793 3018 4872 ἀγάλμασιν.

356 4884 478 4955 jaci
509 4883 823 4958 Georgium
854 4889 1161 4958 tyrannus,
1190 4884 1329 4956 quia
1367 4883 1520 4940 sicut
1553 4883 1661 4954 illi,
1717 4885 1835 4943 Deo
1883 4887 2010 4943 vivo
2062 4886 2388 4959 adhaerens,
2439 4886 2622 4944 mutis
2670 4890 2729 4943 et
2774 4884 3097 4943 insensatis
3149 4883 3487 4942 simulacris
3545 4877 3774 4940 nolebat

373 4975 866 5048 appropinquare.

440 5081 527 5136 17.
562 5082 726 5137 Tunc
755 5081 852 5138 ille
883 5083 1028 5139 dixit
1059 5085 1235 5141 verba
1265 5085 1388 5141 haec
1418 5085 1652 5141 Davidis
1683 5085 1756 5141 ad
1787 5084 1972 5140 Deum
2000 5099 2014 5140 :

367 5169 450 5225 Ne
479 5169 651 5243 longe
680 5171 860 5228 facias
891 5173 1297 5229 miserationes
1332 5178 1470 5230 tuas
1500 5191 1534 5230 a
1578 5190 1694 5241 me,
1734 5173 2016 5246 quoniam

366 5258 882 5316 circumdederunt
913 5277 1005 5316 me
1038 5261 1192 5318 mala
1220 5279 1472 5334 quorum
1517 5279 1633 5318 non
1681 5267 1771 5318 est
1819 5277 2016 5317 nume-

367 5363 507 5403 rus:
542 5350 849 5421 usurpavit
877 5349 1053 5407 etiam
1096 5353 1274 5406 verba
1323 5367 1660 5424 puerorum,
1713 5352 1772 5408 in
1804 5351 2016 5406 animo

369 5436 617 5492 contrito
648 5442 706 5493 et
734 5438 944 5509 spiritu
1003 5438 1360 5495 humilitatis
1411 5439 1790 5512 pronuntiata
1838 5438 2018 5496 simili

373 5525 714 5582 occasione:
750 5527 831 5582 Ne
860 5527 1060 5583 tradas
1091 5545 1202 5582 nos
1246 5527 1307 5582 in
1360 5533 1732 5600 perpetuum,
1783 5532 1840 5584 et
1881 5543 2020 5583 erue

287 5663 290 5666 .
375 5627 483 5667 nos
515 5613 574 5668 in
605 5614 975 5671 mirabilibus
1007 5615 1147 5670 tuis.
1181 5616 1344 5682 Quod
1379 5620 1576 5671 autem
1607 5617 1776 5689 petiit
1823 5632 2021 5672 conse-

374 5703 545 5759 cutus
574 5707 682 5776 est,
715 5720 905 5779 neque
952 5705 1233 5765 confusus
1274 5705 1334 5760 in
1385 5706 1814 5782 exspectatione
1869 5721 2016 5776 sua;

2202 5083 2286 5150 ιζ’·
2346 5080 2446 5137 Καὶ
2504 5082 2572 5136 τὰ
2630 5079 2754 5154 ἑξῆς
2809 5081 3097 5158 φθέγγεται
3163 5081 3256 5156 μὲν
3321 5080 3389 5134 τᾶ
3453 5080 3552 5134 τοῦ
3618 5067 3774 5130 Δαυῗδ

2127 5170 2264 5246 πρὸς
2314 5171 2583 5240 θεὸννΜῆ
2645 5169 2920 5246 μακρύνῃς
2969 5169 3097 5232 τοὺς
3145 5167 3467 5244 οἰκτιρμούς
3515 5185 3633 5236 σου,
3687 5160 3774 5215 λέ-

2126 5280 2260 5335 γων,
2290 5257 2373 5314 ὅτι
2404 5258 2695 5336 περιέσχον
2731 5279 2800 5333 με
2844 5260 3005 5331 κακὰ,
3037 5261 3111 5315 ὧν
3170 5258 3271 5314 ούκ
3327 5254 3467 5314 ἔστιν
3527 5247 3774 5330 ἀριθμός⁶

2127 5348 2412 5427 φθέγγεται
2472 5345 2531 5403 δέ
2581 5348 2672 5404 καὶ
2728 5349 2798 5404 τὰ
2854 5352 2960 5403 τῶν
3017 5345 3228 5404 παίδων
3284 5345 3374 5403 ἐπὶ
3429 5351 3529 5414 τῆς
3585 5336 3774 5414 ὁμοίας

2127 5437 2359 5516 φλογὸς,
2420 5436 2471 5493 ἐν
2526 5441 2681 5514 ψυχῇ
2758 5436 3142 5512 συντετριμένῃ
3213 5435 3305 5492 καὶ
3361 5431 3624 5507 πνεύματι
3674 5445 3770 5516 ταέ

2127 5514 2458 5589 πεινώσεως’
2492 5528 2581 5596 Μὴ
2612 5523 2911 5602 παραδῴης
2941 5528 3090 5600 ἡμᾶς
3120 5524 3196 5589 εἷς
3249 5523 3430 5597 τέλος,
3456 5522 3545 5578 καὶ
3592 5514 3768 5591 ἐξελοῦ

2128 5617 2278 5687 ἡμᾶς
2334 5614 2471 5670 κατὰ
2523 5617 2592 5671 τά
2641 5615 2916 5689 θαυμάσιά
2961 5635 3078 5672 σου.
3135 5613 3514 5692 Ἐπιτυγχάνει
3564 5605 3622 5662 δὲ

2131 5703 2319 5782 εὖγῆςι
2373 5705 2464 5760 καὶ
2519 5711 2622 5776 τῆς
2673 5687 3018 5783 προσδοκίας·
3060 5701 3123 5760 ού
3191 5687 3627 5780 καταίσχύνεται·
3677 5687 3768 5748 καὶ
