4108 6500
402 429 516 494 317
553 437 556 441 ’

1663 424 2059 493 LAUDATIO
2105 426 2168 488 S.
2219 420 2558 488 GEORGII.

3690 415 3842 517 31s

386 562 622 634 σώζεται
680 557 774 638 μὲν
822 559 915 618 σὺν
962 559 1044 636 τῷ
1089 561 1290 637 Ἰωνᾷ,
1342 563 1568 633 σώζεται
1616 556 1674 618 δὲ
1724 560 1857 637 μετᾶ
1902 561 2042 636 Ἰερε-

2165 560 2423 620 salvatus
2454 579 2588 619 cum
2617 559 2785 635 Jona,
2817 559 3094 630 Jeremia,
3124 554 3363 616 Daniele
3389 584 3404 627 ;
3435 555 3630 632 ipsum
3663 572 3808 630 quo-

393 652 524 726 μίου
574 651 666 708 καὶ
720 650 926 722 Δανιῆλ
962 699 976 725 ,
1033 653 1122 731 ὑφ’
1158 657 1226 724 ἧς
1275 653 1473 714 ἀσινεῖς
1532 652 1724 707 έκεῖνοι
1777 650 2052 724 δυνάμεως

392 742 447 798 ἐν
482 741 676 820 γαστρὶ
707 745 936 814 κήτους,
967 743 1057 798 καὶ
1107 737 1378 820 βορϐόρου
1427 741 1634 815 λάκκῳ,
1683 741 1772 798 καὶ
1818 741 2050 797 λεόντων

390 829 805 913 φυλάττονται,
883 831 973 887 καὶ
1049 831 1210 894 αὐτὸς
1277 831 1685 910 φυλαττόμενος
1718 874 1730 888 .
1794 831 1860 885 Ὠ
1913 829 2054 886 πόσα

392 921 527 983 Θεὸς
587 919 778 996 λόγοις
830 919 1094 996 ἀρρήτοις
1169 919 1480 994 οἰκονομίας
1540 925 1858 993 καινοτομεῖ
1891 964 1905 990 ,
1962 920 2052 975 καὶ

399 1007 633 1082 δοξάζων
691 1008 821 1072 τοὺς
872 1010 1064 1065 ἑαυτοῦ
1112 1009 1203 1064 καὶ
1239 1009 1367 1072 τοὺς
1415 1009 1672 1072 ἀπίστους
1702 1010 1737 1079 ἢ
1784 1009 2050 1086 ἐντρέπων

396 1101 437 1170 ἢ
491 1101 623 1174 πρὸς
684 1098 870 1154 ἑαυτὸν
933 1098 1334 1173 ἐκκαλούμενος
1371 1101 1382 1154 !
1415 1100 1480 1154 Ὠ
1536 1099 1678 1154 πόσα
1735 1097 2051 1174 μετατρέπει

400 1188 518 1243 καὶ
549 1187 949 1261 μετασκευάζει,
1013 1189 1284 1264 σωτηρίαν
1344 1189 1395 1245 ἐν
1451 1190 1758 1264 ἀνθρώποις
1816 1188 1995 1244 οἰκονο
2028 1221 2050 1230 -

406 1278 558 1352 μῶνί
618 1281 730 1352 [Ιῦρ
809 1273 1084 1332 σϐέννυσιν
1123 1322 1138 1348 ,
1191 1276 1408 1348 ’ίστησιν
1486 1275 1678 1341 ὕδατος
1759 1277 1906 1354 ῥῦσιν
1942 1322 1956 1347 ,
2013 1277 2049 1347 ἢ

401 1364 615 1440 μᾶλλον
670 1365 840 1421 εἰπεῖν
891 1365 1063 1442 πυρὰς
1105 1366 1367 1442 ἐνέργειαν
1419 1366 1496 1429 εἰς
1545 1367 1642 1436 τὴν
1692 1371 1799 1421 τῶν
1843 1363 2048 1422 ὑδάτων

397 1455 686 1527 μεθίστησι
722 1499 737 1524 ,
793 1454 883 1510 καὶ
961 1453 1188 1529 δύναμιν
1267 1455 1332 1510 αὗ
1390 1453 1596 1511 ὑδάτων
1656 1455 1733 1518 εἰς
1796 1457 1896 1525 τὴν
1955 1459 2052 1511 τοῦ

389 1543 567 1620 πυρὸς
632 1538 946 1618 μεταμείϐει
1009 1565 1023 1578 ·
1083 1543 1378 1600 ὁπλοποιεῖ
1433 1544 1508 1607 εἰς
1565 1545 1770 1618 ἄμυναν
1839 1544 2053 1620 ἐχθρῶν

385 1633 492 1702 τὴν
551 1633 767 1688 κτίσινο
827 1631 974 1690 ἀλλὰ
1027 1633 1116 1688 καὶ
1179 1639 1615 1710 μεταστοιχειοῖ,
1677 1631 1869 1704 δεῆσαν
1922 1632 2050 1696 τοὺς

390 1720 634 1785 οἰκείους
692 1725 1075 1796 θαυμαστῶσαι
1132 1723 1458 1800 θεράποντας
1493 1742 1506 1755 ·
1566 1725 1595 1778 ὃ
1649 1720 1716 1792 δὴ
1793 1722 1883 1778 καὶ
1957 1728 2047 1779 νῦν

384 1830 562 1869 ποιει.

2164 671 2277 726 que
2309 653 2674 710 custodiente
2704 652 2906 708 eadem
2943 650 3179 716 virtute,
3210 667 3326 722 qua
3369 647 3452 703 illi
3501 649 3809 704 indemnes

2163 743 2223 799 in
2253 749 2450 800 ventre
2479 743 2613 813 ceti,
2647 744 2704 799 in
2744 743 2876 799 lacu
2908 740 3056 798 caeni
3087 744 3145 798 et
3172 739 3410 796 leonum
3445 742 3585 794 sunt
3614 741 3806 794 custo-

2163 833 2290 888 diti.
2319 835 2503 899 Quam
2537 833 2724 888 multa
2754 849 2902 888 nova
2931 833 3200 902 designat
3225 834 3389 897 Deus,
3413 827 3808 884 ineffabilibus

2162 922 2620 995 dispensationis
2680 938 2947 994 supernae
3006 919 3352 987 rationibus,
3403 921 3506 974 aut
3563 918 3810 974 Sanctos

2164 1026 2303 1069 suos
2332 1011 2686 1084 glorificans,
2721 1015 2822 1067 aut
2865 1009 3131 1066 inﬁdeles
3181 1008 3565 1075 confundens,
3596 1005 3686 1062 vel
3735 1005 3808 1061 ad

2163 1118 2290 1158 sese
2309 1118 2523 1158 vocans
2542 1102 2554 1156 l
2581 1104 2764 1168 Quam
2788 1101 2973 1156 multa
2992 1097 3328 1156 transvertit
3347 1101 3406 1154 et
3424 1099 3808 1162 transmutat,

2161 1190 2470 1246 hominum
2520 1191 2696 1247 saluti
2746 1190 3145 1263 prospiciens!
3211 1190 3412 1260 Ignem
3465 1177 3807 1258 exstinguit,

2161 1280 2382 1336 ﬂuxum
2419 1297 2581 1352 aqua
2612 1280 2790 1346 sistit,
2815 1283 2934 1347 aut,
2967 1283 3032 1334 ut
3057 1277 3253 1334 verius
3284 1276 3496 1345 dicam,
3518 1273 3806 1348 Operatio-

2162 1385 2293 1424 nem
2326 1369 2482 1442 ignis
2512 1369 2571 1424 in
2611 1369 3010 1440 operationem
3042 1383 3206 1438 aquas
3235 1365 3532 1436 transfert,
3566 1367 3622 1420 et
3671 1379 3802 1418 rur-

2161 1474 2293 1514 sum
2325 1474 2612 1529 aquarum
2643 1457 2916 1513 virtutem
2947 1457 3008 1512 in
3045 1457 3318 1511 virtutem
3351 1454 3507 1526 ignis
3537 1469 3810 1508 commu-

2159 1550 2246 1602 tat
2275 1563 2288 1601 :
2320 1549 2511 1602 armat
2539 1547 2599 1601 in
2631 1545 2911 1602 ultionem
2944 1544 3319 1600 inimicorum
3350 1545 3676 1598 creaturam
3703 1558 3717 1608 ;
3750 1543 3809 1596 et

2160 1632 2449 1690 elementa
2472 1634 2776 1706 convertit,
2801 1634 3000 1691 volens
3031 1649 3230 1691 servos
3261 1649 3400 1689 suos
3427 1629 3806 1688 admirabiles

2160 1723 2422 1794 reddere,
2453 1725 2956 1797 quemadmodum
2987 1727 3044 1780 et
3087 1739 3242 1779 nunc
3272 1722 3427 1779 fecit.

469 1905 564 1972 ιη’.
623 1897 765 1971 ’Ήδη
829 1901 924 1975 μὲν
982 1899 1083 1978 γὰρ
1144 1903 1173 1956 ὁ
1229 1900 1432 1965 λάκκος
1490 1900 1728 1958 ἐκλείετο
1761 1949 1774 1976 ,
1836 1899 2042 1967 ἔνδοθεν

2233 1906 2318 1960 18.
2349 1904 2480 1960 Jam
2528 1904 2714 1972 lacus,
2747 1904 2906 1960 intus
2959 1903 3182 1960 habens
3231 1900 3532 1973 athletam,
3565 1899 3804 1957 clausus

386 1987 540 2067 ἔχων
587 1990 681 2045 τὸν
729 1989 995 2062 ἀθλητὴν,
1046 1990 1136 2046 καὶ
1190 1989 1558 2068 ἐσφραγίζετο,
1608 1991 1697 2046 καὶ
1737 1992 1767 2046 ὁ
1815 1993 1932 2047 κατ’
1961 1991 2051 2046 αὐ-

385 2080 485 2134 τὸν
544 2076 750 2156 δρόμος
805 2076 968 2142 τέλος
1017 2075 1162 2156 ἔχειν
1213 2075 1646 2153 ὑπελαμϐάνετο,
1695 2080 1787 2135 καὶ
1843 2078 1896 2134 τί
1945 2083 2049 2157 γὰρ

387 2167 570 2230 ἄλλος
597 2173 715 2224 τοῖς
746 2188 810 2244 γε
857 2167 1067 2244 φύσεως
1113 2167 1441 2225 ἀκολουθίαν
1495 2174 1772 2244 μετροῦσι,
1812 2174 1945 2225 Θεοῦ
1994 2167 2052 2224 δὲ

389 2260 472 2331 μή
537 2255 924 2332 λογιζομένοις
999 2257 1156 2332 ἰσχύν
1192 2301 1205 2315 .
1265 2258 1428 2333 Τρίτη
1508 2256 1702 2314 λοιπὸν
1763 2265 1942 2336 παρῆν
1998 2257 2050 2329 ἐξ

387 2343 623 2418 ἐκείνου,
681 2345 771 2401 καὶ
821 2347 956 2416 ἦσαν
1017 2346 1233 2402 εντολαὶ
1283 2348 1384 2416 τήν
1442 2347 1655 2402 τίτανον
1715 2347 2048 2426 έκφορήσαν-

379 2456 486 2498 τας
545 2433 842 2511 ἀφανίζειν,
901 2432 991 2489 καί
1048 2432 1102 2490 εἷ’
1149 2437 1204 2490 τί
1259 2440 1364 2490 τῶν
1425 2435 1598 2492 ὀστῶν
1652 2435 2044 2513 περιλείπεται·

383 2524 480 2593 Μὴ
512 2544 622 2577 τισι
669 2523 761 2577 καὶ
807 2527 994 2594 τοῦτο,
1035 2523 1219 2602 φησὶν,
1266 2524 1441 2579 ὀπίσω
1492 2525 1568 2588 εἰς
1621 2523 1787 2595 ζῆλον
1823 2522 1906 2596 εἴη
1950 2529 2049 2580 τοῦ

380 2611 546 2675 θεοὺς
606 2611 831 2669 ἀθετεῖν.
893 2618 1146 2689 Παρῆσαν
1207 2613 1259 2668 οὶ
1319 2613 1408 2669 ἐπὶ
1464 2613 1663 2688 τούτῳ,
1721 2617 1898 2692 παρῆν
1955 2614 2047 2669 καὶ

383 2700 595 2775 ὅμιλος
652 2696 846 2773 ἄλλος,
907 2700 1190 2780 ἐξεφόρουν
1225 2748 1239 2774 ,
1296 2701 1656 2778 ἐξεκάθαιρον,
1717 2701 1936 2779 ἔχοντες
1992 2702 2042 2758 ἐν

379 2795 462 2862 νῷ
519 2789 718 2864 πρᾶξαι
776 2789 867 2844 καὶ
922 2791 985 2845 τὸ
1055 2790 1384 2865 λειπόμενον
1420 2811 1433 2824 ·
1486 2792 1576 2848 καὶ
1631 2797 1929 2864 τηνικαῦτα
1983 2793 2046 2848 τὸ

382 2878 528 2956 μέγα
578 2882 760 2952 θαῦμα
804 2877 1113 2949 κατάδηλον
1155 2879 1382 2956 γίνεται.
1434 2882 1652 2958 Ὀρθιος
1687 2879 1899 2954 ἵστατο,
1933 2878 2044 2936 ἅνω

380 2967 634 3045 βλέπων,
694 2967 770 3029 ὡς
829 2968 882 3022 ὲν
940 2968 1241 3044 εὐχομένου
1300 2972 1571 3045 σχήματι,
1626 2971 1814 3041 ἀσινὴς
1848 3017 1863 3044 ,
1923 2970 2046 3025 τότε

385 3056 608 3131 μᾶλλον
667 3056 703 3125 ἦ
752 3055 1017 3134 πρότερον
1074 3057 1480 3135 ἐξαστράπτων,
1538 3059 1842 3134 κρείττονός
1895 3081 2043 3122 τινος

388 3145 627 3225 φύσεως,
679 3145 781 3201 ούκ
832 3146 1196 3223 ἀνθρωπίνης,
1250 3144 1493 3225 ἄγαλμα,
1545 3151 1724 3226 ὧςπερ
1775 3149 1853 3212 εἰς
1897 3151 2042 3204 τοῦτ’

386 3235 762 3310 ἆναχωνεῦσαι
819 3281 835 3308 ,
895 3235 1022 3292 ἀλλ’
1076 3237 1176 3292 ούκ
1231 3238 1481 3316 ἀφανίσαι
1544 3242 1642 3293 τοῦ
1698 3237 1868 3316 πυρὸς
1927 3237 1985 3294 δε
2017 3273 2039 3283 -

390 3321 670 3399 δεγμένου.
730 3325 854 3380 Ἐπὶ
909 3329 1036 3402 γοῦν
1091 3331 1254 3382 τοῦτο
1309 3327 1472 3383 πόσαι
1521 3329 1668 3404 παρά
1709 3332 1808 3384 τοῖ’)
1858 3326 2038 3403 δήμου

387 3411 518 3489 βοαὶ
548 3459 565 3485 ,
623 3411 751 3468 Θεὸν
823 3413 1278 3493 ἀνευφημούντων
1333 3418 1423 3472 καὶ
1505 3417 1666 3495 μέγαν
1723 3419 1814 3472 καὶ
1875 3417 2038 3492 μόνον

381 3500 808 3559 ἀποκαλούντων
869 3503 960 3558 τὸν
1037 3506 1311 3582 Γεωργίου
1368 3506 1597 3581 Χριστόν
1661 3508 1674 3563 ί
1733 3505 1895 3562 πόσαι
1955 3505 2045 3562 διὰ

373 3595 651 3664 ταῦτατῷ
697 3592 946 3668 τυράννῳ
995 3590 1226 3671 πληγαί·
1279 3594 1342 3649 ού
1390 3592 1540 3671 λέγω
1587 3595 1681 3658 τὰς
1717 3596 1850 3669 μετά
1875 3601 2044 3652 ταῦτα

374 3677 812 3754 διαδεξομένας,
868 3679 995 3737 ἀλλ’
1061 3681 1113 3736 ἐν
1169 3687 1250 3756 τῷ
1322 3683 1548 3760 παρόντι
1628 3682 1718 3739 διὰ
1785 3686 1884 3755 τήν
1943 3688 2042 3756 τῆς

367 3768 550 3840 ἥττης
626 3769 891 3846 αἰσχύνην
924 3790 938 3805 ο
997 3770 1160 3826 πόσαι
1237 3769 1527 3847 δυσθυμίαι
1604 3773 1693 3829 καὶ
1773 3775 2041 3838 κακώσεις

370 3861 566 3935 ψυχῆς
595 3859 714 3922 ἑνὸς
747 3856 944 3934 ἀνδρὸς
972 3864 1210 3916 τοσαῦτα
1230 3859 1628 3940 φιλονεικοῦντι
1650 3865 2036 3941 περιγενέσθαι,

362 3948 459 4003 καὶ
487 3951 730 4004 τοσαῦτα
757 3947 1196 4025 ἆποτυγχάνοντι
1229 3970 1244 4021 ;

2160 1998 2284 2050 erat
2313 1999 2490 2066 atque
2528 1994 2835 2066 signatus;
2876 1994 3003 2064 jam
3054 2008 3261 2048 cursus
3309 1991 3438 2062 ejus
3486 1990 3808 2062 putabatur

2159 2087 2608 2141 consummatus
2637 2083 2803 2156 (quid
2832 2082 2990 2138 enim
3019 2080 3176 2138 aliud
3196 2081 3254 2152 ?)
3285 2080 3550 2136 ordinem
3581 2082 3804 2135 natura:

2160 2173 2560 2238 metientibus,
2592 2177 2649 2229 et
2687 2172 2788 2228 Dei
2819 2171 3140 2244 potentiam
3170 2187 3286 2225 non
3318 2168 3800 2241 recogitantibus.

2159 2263 2421 2334 Denique
2450 2263 2657 2319 tertius
2687 2262 2813 2318 dies
2842 2260 3048 2329 adfuit,
3081 2277 3149 2315 ex
3187 2273 3302 2332 quo
3332 2257 3469 2314 illuc
3498 2257 3807 2314 immissus

2158 2354 2282 2407 erat
2300 2351 2550 2408 Sanctus
2574 2369 2586 2406 :
2619 2353 3094 2422 praeceptumque
3115 2351 3203 2404 est
3233 2352 3298 2403 ut
3316 2349 3618 2420 exportata
3647 2346 3804 2403 calce

2159 2441 2565 2514 dissiparetur,
2599 2441 2647 2497 si
2699 2439 2839 2511 quid
2885 2438 3109 2495 ossium
3139 2441 3262 2493 erat
3303 2453 3526 2508 super:
3581 2437 3665 2491 Ne
3711 2434 3802 2491 vel

2157 2530 2267 2586 hoc
2299 2531 2513 2602 ipsum,
2544 2529 2867 2602 inquiebat,
2900 2532 3102 2600 postea
3132 2526 3359 2582 animos
3389 2527 3555 2581 daret
3583 2524 3799 2597 aliqui-

2157 2620 2268 2676 bus
2321 2621 2393 2676 ad
2453 2618 2837 2691 rejiciendum
2887 2619 3129 2673 deorum
3182 2615 3494 2672 culturam.
3543 2614 3803 2669 Aderant

2155 2709 2334 2783 igitur
2363 2709 2580 2782 quibus
2626 2708 2684 2763 id
2730 2707 3097 2771 mandatum,
3129 2705 3331 2761 aderat
3376 2707 3434 2759 et
3485 2701 3800 2758 multitudo

2155 2799 2363 2872 ingens
2385 2797 2497 2854 alia
2520 2813 2533 2852 :
2565 2798 2877 2870 egerebant
2897 2794 3134 2861 calcem,
3157 2793 3561 2866 expurgabant
3580 2790 3800 2859 lacum,

2155 2893 2212 2944 et
2266 2905 2392 2961 quae
2443 2887 2686 2959 insuper
2729 2885 3018 2958 imperata
3055 2885 3222 2938 erant
3248 2881 3524 2954 perﬁcere
3551 2879 3800 2936 medita-

2152 2979 2388 3044 bantur,
2424 2977 2658 3048 quando
2689 2974 3052 3031 manifestari
3092 2971 3267 3045 cmpit
3312 2969 3664 3026 miraculum
3707 2968 3796 3024 in-

2151 3083 2316 3140 gens.
2351 3067 2523 3123 Stetit
2551 3065 2833 3138 Georgius
2863 3068 3091 3120 erectus
3120 3063 3182 3117 in
3213 3061 3409 3134 pedes,
3441 3075 3798 3132 sursumque

2150 3155 2333 3212 veluti
2379 3156 2722 3212 orabundus
2768 3153 2967 3210 oculos
3011 3151 3235 3218 extulit,
3269 3149 3488 3205 illaesus
3535 3149 3797 3218 omnino,
3866 3166 3867 3170 η

2151 3250 2210 3302 et
2237 3250 2379 3301 tunc
2412 3245 2602 3318 magis
2633 3260 2812 3317 quam
2844 3243 3009 3316 prius
3053 3240 3370 3312 refulgens,
3404 3242 3688 3310 tanquam
3745 3236 3796 3294 si

2071 3305 2114 3374 α
2150 3335 2361 3392 fuisset
2390 3333 2649 3390 melioris
2672 3332 2922 3404 alicujus
2953 3334 3176 3386 naturae
3206 3345 3382 3402 quam
3413 3327 3684 3382 humanae
3718 3327 3799 3382 si-

2153 3424 2523 3492 mulacrum;
2573 3427 2630 3480 et
2674 3421 2828 3494 ignis
2875 3420 3044 3476 illum
3093 3436 3209 3475 non
3257 3417 3643 3491 perdendum,
3695 3417 3798 3472 sed

2151 3514 2561 3570 reformandus
2619 3511 2962 3584 sucepisset.
3017 3508 3238 3565 Exinde
3293 3511 3515 3580 quanta
3570 3505 3798 3562 concla-

2152 3603 2332 3659 matio
2361 3602 2586 3675 populi,
2609 3601 2995 3657 collaudantis
3025 3599 3231 3667 Deum,
3265 3612 3548 3669 magnum
3579 3599 3638 3651 et
3666 3594 3798 3650 uni-

2150 3709 2308 3758 cum,
2341 3697 2399 3748 et
2449 3691 2748 3748 Christum
2779 3688 3012 3762 Georgii
3041 3685 3404 3743 invocantis!
3439 3688 3674 3756 quantae
3728 3700 3797 3740 ex

2149 3783 2287 3838 hinc
2308 3780 2540 3854 tyranni
2567 3780 2748 3852 plaga:
2772 3795 2888 3835 non
2910 3778 3038 3833 dico
3061 3776 3122 3832 in
3143 3777 3410 3831 futurum
3427 3772 3792 3845 recipiendae,

2149 3872 2251 3928 sed
2283 3875 2342 3926 et
2381 3870 2443 3925 in
2486 3869 2781 3942 praesenti,
2813 3870 3052 3940 propter
3079 3863 3489 3921 verecundiam
3519 3861 3670 3917 irriti
3700 3878 3797 3918 co-

2147 3957 2361 4016 natus!
2394 3963 2615 4032 quanta
2644 3956 2826 4014 animi
2856 3954 3186 4028 desperatio
3226 3956 3285 4009 et
3325 3951 3625 4023 aegritudo,
3660 3967 3796 4006 cum

2144 4050 2235 4107 vir
2282 4065 2438 4105 unus
2481 4050 2788 4120 superaret
2815 4049 3119 4118 tantOpere
3147 4044 3512 4116 satagentem
3542 4040 3797 4112 vincere,

2146 4153 2372 4210 suaque
2401 4135 2833 4210 exspectatione
2860 4130 3208 4191 frustraretl

1902 4281 2134 4338 CAPUT
2174 4281 2274 4338 III.

1223 4377 1469 4450 Crepidis
1499 4377 1695 4448 ignitis
1723 4378 1995 4436 calceatus
2025 4379 2284 4450 Georgius
2313 4383 2618 4451 tyrannum
2644 4377 2949 4450 redarguit.

471 4519 516 4571 θ’
569 4524 605 4573 Δ
695 4519 733 4558 \‘
850 4519 868 4538 κ
1005 4517 1020 4539 ‘
1287 4518 1302 4539 ’
1355 4520 1387 4532 ’δ’
1628 4521 1643 4542 \
1783 4517 1796 4538 ἵ
1838 4521 1852 4539 3
1907 4518 1922 4539 Ι

450 4541 466 4572 ι
521 4564 534 4578 .
611 4539 747 4574 εινοθ
811 4539 907 4593 μεν
961 4539 1061 4597 γαρ
1117 4520 1184 4590 ἦν
1244 4541 1412 4592 αυτῳ,
1463 4515 1650 4590 ἐπειδη
1707 4540 1796 4575 και
1827 4541 2027 4592 ασυνη-

369 4609 464 4669 θες
498 4651 513 4677 ,
572 4608 635 4662 τὸ
693 4608 770 4680 μὴ
823 4611 1006 4662 πεῖσαι
1066 4606 1410 4679 δυνηθῆναι,
1473 4606 1615 4682 μηδὲ
1669 4615 1769 4678 τῆς
1823 4608 2031 4664 ἐκείνου

367 4695 609 4771 γνώμης
663 4702 976 4770 κρατῆσαιο
1040 4694 1339 4775 δεινότερον
1410 4693 1470 4752 δὲ
1539 4696 1603 4752 τὸ
1686 4695 1827 4770 μηδὲ
1883 4700 2038 4753 θανα-

368 4785 547 4840 τῶσαι
603 4783 861 4861 ἰσχῦσαι·
918 4784 1008 4841 καὶ
1064 4790 1232 4841 ταῦτα
1289 4785 1341 4841 ἐν
1400 4784 1588 4861 χερσὶν
1644 4781 1844 4861 ἔχοντα
1874 4833 1890 4859 ,
1943 4787 2036 4841 καὶ

366 4877 484 4929 τῶν
547 4873 810 4950 μεγίστων
871 4874 1202 4946 καθεκάστην
1261 4873 1412 4937 ἐντὸς
1457 4878 1718 4929 ποιοῦντα
1745 4871 2033 4934 κινδύνων,

372 4961 534 5019 ’Δλλ’
584 4962 821 5034 ὁπηνίκα
857 4963 948 5018 καὶ
1000 4962 1130 5027 τοὺς
1181 4961 1356 5027 ἰδίους
1398 4961 1673 5035 Έλληνας
1711 4963 1851 5040 πρὸς
1899 4969 2034 5041 Χρι-

365 5049 499 5108 στὸν
543 5049 997 5126 μετατιθεμένους
1055 5053 1220 5127 ἑώρα,
1271 5051 1326 5107 τί
1384 5051 1565 5128 λέγεις
1625 5071 1639 5123 ;
1683 5053 1756 5107 Οὐ
1805 5054 2034 5110 θανάτου

362 5144 535 5196 τοῦτο
593 5139 917 5218 πικρότερον
977 5137 1153 5216 ἀνδρὶ,
1213 5141 1469 5196 τοσοῦτον
1522 5139 1662 5216 πρὸς
1735 5141 1904 5212 ζῆλον
1963 5141 2036 5197 εἰ-

369 5227 784 5304 δωλολατρείας
834 5227 1173 5304 ἐκκαιομέτῳ
1214 5228 1590 5308 ;Ἡγγέλλετο
1639 5227 1814 5303 μηδὲτ
1870 5230 2034 5286 αὐτοῦ

375 5317 523 5394 μηδὲ
575 5317 778 5390 ταύτην
838 5317 1027 5374 ἀτῦσαι
1082 5321 1183 5389 τήν
1235 5319 1484 5396 βάσανον,
1535 5319 1735 5375 ἐκεῖνον
1767 5326 2034 5394 περιεῖναι

371 5408 557 5485 ὥσπερ
615 5407 821 5484 χρυσὸν
882 5408 943 5462 ἐκ
996 5409 1168 5484 πυρὸς
1203 5455 1218 5479 ,
1275 5405 1628 5487 φαιδρότερον
1694 5409 1885 5464 ἑαυτοῦ
1940 5410 2030 5465 καὶ

367 5496 586 5555 καλλίω
640 5494 1024 5572 γεγενημένον’
1081 5498 1150 5552 τὰ
1205 5496 1396 5568 πλήθη
1456 5501 1556 5572 τῇς
1605 5497 1836 5572 πατρίου
1868 5495 2030 5570 δόξης

364 5584 732 5641 σαλεύεσθαι·
792 5584 885 5639 καὶ
942 5586 1094 5640 καθὲν
1153 5584 1383 5658 τούτων,
1445 5581 1626 5663 ὥσπερ
1682 5587 1735 5640 οἱ
1797 5587 2027 5661 βροντῆς

361 5672 500 5751 ἤχῳ
555 5673 956 5753 πληττόμενοι,
1017 5673 1256 5746 ἐξίστατο
1309 5675 1399 5730 καὶ
1432 5675 1550 5752 εἶχε
1589 5679 1737 5752 σιγῇ,
1781 5675 1872 5730 καὶ
1899 5675 2026 5730 ἀνα-

359 5765 548 5844 φέρων
606 5761 706 5821 οὒκ
767 5761 1066 5845 ἀπέστρεφε
1121 5762 1212 5820 τὸν
1245 5765 1413 5842 θυμὸν
1475 5763 1661 5838 αὐτοῦ,
1719 5761 1847 5821 ἀλλ’
1886 5764 2028 5842 ὑψη-

2211 4523 2298 4579 19.
2330 4525 2513 4578 Grave
2563 4523 2688 4577 erat
2736 4519 3114 4588 Diocletiano,
3157 4519 3297 4592 quia
3349 4518 3634 4586 insolens,
3681 4534 3788 4575 nec

2065 4661 2113 4725 D
2142 4612 2496 4685 persuadere
2526 4627 2698 4682 posse
2726 4610 2992 4683 Georgio,
3027 4626 3132 4665 nec
3188 4625 3222 4664 a
3266 4607 3564 4680 proposito
3605 4607 3790 4663 dimo-

2145 4717 2276 4725 ---_-
2309 4717 2322 4725 .
2377 4700 2610 4725 ~._--..'.--
2652 4705 2844 4725 1.-...-—
2891 4715 2995 4725 ..-Α
3038 4697 3294 4725 .u...:.J.-...-
3328 4697 3564 4725 κηζᾹη-νι
3599 4713 3770 4725 νυν-...Α

2145 4717 2322 4756 vere:
2374 4700 2611 4773 gravius
2652 4705 2850 4755 tamen
2891 4715 2996 4755 nec
3036 4697 3296 4754 occidere
3327 4697 3568 4768 quidem
3599 4713 3794 4769 posse,

2146 4807 2284 4845 cum
2317 4789 2374 4845 id
2408 4789 2468 4846 in
2499 4789 2773 4845 manibus
2795 4789 2919 4844 suis
2949 4788 3166 4844 habere
3185 4786 3499 4851 videretur,
3523 4789 3582 4842 et
3610 4785 3795 4842 maxi-

2146 4879 2261 4935 mis
2317 4878 2595 4951 periculis
2650 4878 2910 4949 quotidie
2975 4877 3144 4932 illum
3211 4876 3622 4932 committeret.
3681 4875 3797 4931 Sed

2146 4969 2379 5040 quando
2408 4968 2674 5040 proprios
2706 4984 2845 5023 suos
2874 4965 3121 5038 gentiles
3167 4967 3239 5022 ad
3269 4965 3569 5022 Christum
3595 4967 3797 5021 trans-

2142 5056 2283 5114 iisse
2337 5057 2596 5124 videbat,
2656 5056 2796 5128 quid
2856 5054 3072 5111 dices?
3135 5055 3412 5128 Nunquid
3481 5071 3598 5110 non
3662 5053 3794 5126 ipsa

2145 5150 2331 5202 morte
2361 5145 2630 5202 acerbius
2658 5145 2769 5200 hoc
2799 5145 2912 5200 fuit
2939 5143 3188 5212 homini,
3215 5161 3404 5216 usque
3435 5145 3576 5220 adeo
3605 5143 3796 5200 inten-

2144 5251 2278 5290 sum
2326 5251 2430 5306 pro
2482 5233 2812 5290 idololatria
2844 5233 3041 5290 'zelum
3081 5233 3372 5290 habenti?
3398 5232 3795 5290 Nuntiabatur

2143 5339 2334 5395 neque
2364 5323 2474 5379 hoc
2507 5321 2793 5394 supplicio
2824 5327 3019 5378 actum
3050 5337 3179 5378 esse
3209 5321 3512 5394 quidpiam
3545 5338 3558 5376 :
3595 5337 3796 5393 super-

2142 5411 2340 5467 stitem
2391 5410 2562 5466 illum
2600 5411 2827 5480 vivere;
2877 5427 3055 5483 seque
3107 5411 3235 5483 ipso
3288 5409 3681 5482 pulchriorem
3725 5426 3793 5466 ac

2139 5499 2507 5567 lucidiorem,
2539 5499 2701 5556 velut
2729 5517 2940 5556 aurum
2970 5516 3040 5555 ex
3076 5499 3210 5573 igne
3250 5501 3554 5571 prodisse;
3587 5498 3792 5554 multi-

2137 5589 2403 5645 tudinem
2449 5593 2644 5644 autem
2691 5589 2962 5646 vacillare
3009 5589 3069 5644 in
3119 5589 3276 5644 avita
3305 5588 3603 5662 religione.
3637 5587 3788 5644 Hinc

2137 5682 2424 5750 tanquam
2474 5679 2695 5734 tonitru
2743 5677 3070 5750 perculsus,
3104 5677 3410 5751 obstupuit
3460 5677 3784 5734 obmutuit-

2138 5783 2252 5841 que
2277 5784 2289 5836 ;
2324 5784 2440 5825 non
2461 5770 2660 5829 tamen
2683 5767 3033 5842 resipiscens
3053 5767 3299 5827 abstulit
3317 5766 3784 5842 indignationem
