4108 6438
283 365 402 435 319

1212 395 1216 399 ’
1284 381 1602 450 GEORGII
1645 383 1909 451 CYPRII
1952 383 2074 450 GP.
2119 385 2646 453 PATRIARGHE

3565 385 3702 454 320.

282 523 454 566 suam
492 507 564 568 ab
604 526 692 586 eo,
725 512 826 571 sed
857 513 1048 574 adhuc
1077 534 1321 579 manum
1349 526 1643 582 extentam
1673 525 1918 596 habens,

2033 519 2135 592 λὴν
2167 521 2314 599 εἶχεν
2372 520 2451 579 ἔτι
2495 524 2599 593 τὴν
2646 527 2827 600 χεῖρα,
2878 519 2967 579 καὶ
3015 517 3155 599 πρὸς
3207 515 3478 600 τιμωρίας
3529 518 3682 601 ἐφώ-

281 600 549 657 eamdem
570 602 642 658 ad
675 620 823 662 nova
843 608 1133 681 supplicia
1152 613 1419 670 armavit.
1447 616 1703 673 Rursum
1727 620 1922 673 autem

283 703 417 744 eum
441 691 659 762 jubens
690 711 885 752 coram
934 714 996 754 se
1043 703 1243 773 statui,
1275 704 1462 760 eidem
1511 705 1668 779 loqui
1715 707 1920 776 voluit,

284 776 420 834 licet
459 780 543 836 nil
585 781 826 840 haberet
856 789 1009 856 quod
1042 791 1465 850 rationabiliter
1494 776 1728 866 diceret,
1761 796 1921 852 omni

282 867 422 922 recti
449 872 738 928 sermonis
759 875 1036 933 facultate
1066 881 1400 938 destitutus.
1423 885 1491 939 Et
1519 887 1774 957 primum
1798 886 1924 959 qui-

278 956 410 1012 dem
445 960 516 1014 ad
550 959 1054 1038 interrogationes,
1089 969 1233 1026 nihil
1265 956 1614 1032 omninoiad
1661 993 1781 1032 rem
1814 956 1922 1031 fa-

280 1044 521 1116 cientes,
553 1053 1042 1111 convertebatur:
1092 1056 1274 1125 Unde,
1316 1060 1610 1133 inquiens,
1663 1067 1750 1119 tot
1793 1067 1921 1118 tan-

277 1137 486 1207 tasque
562 1137 991 1199 incantationes
1065 1147 1379 1204 didicisti?
1451 1151 1667 1222 quibus
1751 1156 1922 1208 utens

275 1226 570 1282 tormenta
615 1229 844 1302 effugis,
879 1249 1005 1304 quae
1051 1236 1157 1291 tibi
1207 1254 1308 1308 per
1353 1238 1510 1311 leges
1557 1244 1613 1295 et
1665 1257 1768 1312 per
1814 1258 1920 1296 nos

274 1312 654 1378 inferuntur;
706 1324 762 1373 et
809 1321 1296 1394 imprudentiores
1330 1329 1544 1398 partim
1574 1329 1632 1384 in
1666 1330 1918 1385 admira-

275 1401 496 1459 tionem
556 1406 732 1478 rapis,
789 1411 998 1478 partim
1057 1414 1233 1470 etiam
1292 1419 1568 1486 seducis;
1620 1419 1918 1475 Christum

276 1494 590 1564 quemdam
619 1499 940 1568 praedicans
962 1503 1199 1559 unicum
1232 1522 1361 1561 esse
1385 1507 1592 1576 Deum,
1617 1513 1673 1564 et
1703 1525 1917 1564 novum

273 1580 383 1638 hoc
414 1581 792 1659 insolensque
817 1591 1172 1661 praeconium
1203 1595 1430 1654 habens
1457 1613 1562 1669 pro
1592 1597 1918 1655 velamento

271 1672 687 1732 veneﬁciorum
719 1681 978 1737 tuorum.

341 1781 432 1836 20.
466 1782 786 1857 Postquam
817 1792 1012 1846 autem
1052 1791 1361 1866 indignum
1412 1813 1691 1869 responso
1741 1761 1915 1853 Geor-

2033 609 2195 682 πλιζε
2217 658 2229 670 .
2283 612 2382 667 Καὶ
2437 611 2621 686 μένται
2676 611 2848 667 πάλαι
2906 612 3081 684 ἐαυτῷ
3137 613 3484 688 παραστήσας
3543 610 3685 668 ἐκεῖ·-

2033 721 2143 774 νον,
2174 697 2430 759 ἐϐούλετο
2464 703 2558 776 μὲν
2601 723 2686 757 τοι
2738 701 2928 775 εἰπεῖν,
2987 702 3062 776 μὴ
3116 697 3260 779 ἔχων
3293 698 3352 756 δὲ
3380 699 3533 775 ὅμως
3561 700 3686 767 ὅθεν

2035 789 2281 865 εὐλόγως
2333 837 2348 864 ,
2391 793 2592 854 παντὸς
2672 790 2832 846 αὐτὸν
2924 788 3344 854 ἐπιλελοιπότος
3422 788 3634 846 δικαίου
3668 837 3684 862 ,

2031 883 2223 956 πρῶτα
2297 881 2391 954 μὲν
2461 881 2599 956 πρὸς
2675 879 2967 952 ἐρωτήσεις
3005 927 3019 949 ,
3082 877 3252 954 μηδὲν
3318 880 3384 935 τὸ
3431 879 3683 956 παράπαν

2032 970 2430 1046 προσηκούσας,
2481 969 2752 1047 ἐτρέπετο“
2800 969 2916 1039 καὶ,
2949 973 3082 1038 Ποῦ,
3117 970 3275 1048 φησὶ,
3305 970 3403 1033 τὰς
3431 970 3687 1032 τοιαύτας

2029 1058 2118 1112 καὶ
2146 1059 2480 1130 τηλικαύτας
2517 1059 2844 1138 μαγγανείας
2873 1055 3018 1136 ἔχεις
3054 1059 3387 1132 μεμαθηκώς
3418 1077 3432 1128 ;
3467 1059 3554 1121 αἶς
3593 1058 3684 1114 καὶ

2031 1149 2321 1223 χρώμενος
2354 1147 2719 1226 ἐκδιδράσκεις
2754 1149 2848 1222 μὶν
2902 1148 3164 1225 βασάνους
3215 1147 3416 1210 ὁπόσας
3464 1169 3556 1202 σοι
3595 1146 3685 1202 νό-

2036 1257 2128 1310 μοι
2160 1237 2249 1292 καὶ
2280 1241 2444 1311 ἡμεῖς
2477 1238 2845 1314 ἐπηγάγομεν,
2901 1238 3106 1309 ἐξιστᾷς
3154 1234 3215 1292 δὲ
3259 1237 3349 1292 καὶ
3390 1235 3519 1299 τοὺς
3551 1237 3682 1314 ἀφε-

2031 1323 2315 1403 λεστέρους
2347 1373 2362 1399 ,
2419 1329 2548 1390 τοὺς
2609 1325 2667 1382 δὲ
2737 1327 2827 1382 καὶ
2893 1327 3152 1404 παράγεις
3185 1371 3202 1399 ,
3260 1324 3490 1398 Χριστόν
3559 1345 3685 1381 τινα

2033 1415 2190 1488 μόνον
2248 1414 2640 1492 καταγγέλλων
2699 1417 2828 1471 Θεὸν
2864 1461 2878 1487 ,
2933 1415 3217 1491 ἐπίκρυψιν
3278 1417 3466 1492 σαφῶς
3520 1435 3626 1489 γοη
3657 1445 3684 1458 -

2025 1505 2172 1568 τείας
2200 1505 2262 1562 τό
2309 1505 2616 1586 πρόσφατον
2672 1509 2834 1561 τοῦτο
2880 1505 2970 1560 καὶ
3019 1505 3181 1576 ἄηθες
3226 1502 3522 1578 εὑράμενος
3573 1503 3682 1573 κή-

2029 1614 2227 1672 ρυγμα·

2095 1801 2143 1849 κ’
2173 1834 2186 1848 .
2246 1791 2361 1848 Εἶθ’
2417 1793 2494 1857 ὡς
2566 1790 2720 1848 οὐδὲν
2775 1791 2979 1854 ἐκεῖνος
3013 1833 3028 1861 ,
3073 1790 3225 1867 ,πρὸς
3302 1787 3362 1844 ’ὃν
3437 1783 3564 1843 οὐδὲ
3616 1787 3687 1843 τὰ

271 1867 407 1940 gius
436 1873 686 1940 censuit,
721 1892 896 1948 quem
949 1879 1077 1951 ipsa
1123 1899 1298 1954 opera
1345 1867 1759 1957 sapientiorem
1801 1901 1916 1940 non

271 1957 522 1979 ρ.-----μι
687 1962 698 1975 ι
789 1969 800 1979 ι
999 1973 1008 1979 .
1065 1970 1123 1979 _.
1203 1970 1214 1979 ι
1264 1972 1297 1979 -.
1719 1975 1730 1979 _

2033 1883 2322 1960 πράγματα
2370 1879 2638 1937 διδάσκειν
2688 1881 2834 1958 εἶχεν
2861 1926 2876 1952 ,
2916 1878 3120 1979 ἐδιξίουΔ
3147 1877 3334 1979 δοῦναέ
3392 1876 3682 1979 ἀπόκρισιν

270 1957 569 2031 facerent;
621 1962 881 2022 minatus
927 1973 1017 2024 est
1061 1970 1452 2029 Diocletianus
1500 1991 1602 2047 per
1649 1975 1911 2047 seipsum

265 2047 732 2120 experimentum
763 2072 1015 2130 sumere,
1048 2063 1247 2117 utrum
1277 2079 1393 2118 non
1424 2070 1620 2122 essent
1647 2065 1749 2122 illa
1778 2083 1904 2123 ma-

272 2137 415 2210 gicae
447 2140 915 2216 artisfportenta.
948 2147 1107 2204 Dixit
1137 2167 1150 2204 :
1199 2155 1256 2206 et
1286 2154 1623 2209 cruciatum
1657 2155 1920 2212 cruciatu

277 2229 669 2302 conjungens,
705 2237 880 2306 atque
909 2237 1024 2294 duo
1054 2238 1231 2295 simul
1263 2242 1550 2314 supplicia
1581 2260 1922 2316 congerens,

273 2332 341 2373 eo
393 2319 549 2390 quod
601 2319 674 2378 iis
727 2322 1030 2396 sigillatim
1083 2329 1167 2384 uti
1205 2330 1501 2402 judicaret
1542 2336 1921 2390 temerarium

275 2421 425 2476 esse,
461 2407 657 2481 ignem
690 2415 972 2483 accendit,
1006 2416 1222 2474 ferreas
1254 2421 1520 2492 crepidas
1551 2421 1738 2477 eidem
1772 2423 1920 2495 inje-

271 2495 374 2565 cit,
402 2497 680 2570 ipsasque
707 2499 898 2574 longis
928 2508 985 2560 et
1013 2508 1200 2564 acutis
1230 2508 1410 2565 clavis
1439 2511 1768 2580 transﬁxit;
1802 2511 1916 2580 bis,

272 2588 556 2659 tanquam
588 2591 1029 2662 perfectissimis
1071 2598 1277 2654 mortis
1320 2597 1566 2671 laqueis,
1602 2601 1918 2674 Martyrem

273 2674 547 2735 induens.
608 2681 736 2751 lpse
792 2687 1011 2750 autem,
1059 2686 1205 2741 nihil
1261 2688 1332 2743 ad
1389 2688 1510 2744 hinc
1565 2692 1918 2748 conterritus

273 2765 445 2836 (quod
477 2768 649 2823 nobis
687 2771 775 2826 vel
819 2788 888 2827 ex
929 2773 1054 2829 solo
1087 2775 1289 2831 auditu
1320 2776 1614 2848 usuvenit,
1650 2781 1918 2852 quamvis

269 2854 343 2909 ab
392 2857 744 2928 experientia
795 2863 911 2916 tam
955 2861 1127 2936 longe
1175 2866 1456 2937 remotis),
1491 2884 1678 2940 neque
1731 2869 1803 2925 ab
1852 2886 1919 2926 ea

271 2945 643 3014 confidentia,
670 2965 848 3019 quam
871 2950 930 3006 in
954 2952 1241 3026 principio
1268 2972 1370 3026 pro
1398 2956 1611 3028 pietate
1633 2963 1920 3014 monstra-

270 3036 451 3102 verat,
485 3034 811 3108 quidquam
842 3039 1195 3109 desciscens,
1231 3045 1331 3100 sed
1383 3045 1690 3116 quaestioni
1733 3047 1919 3120 appli-

273 3121 447 3189 citus,
494 3123 855 3195 verberatus,
905 3128 1194 3201 pulsatus,
1248 3134 1438 3206 magis
1495 3133 1686 3192 alacer
1739 3153 1917 3208 quam

273 3212 590 3269 advenerat
617 3214 676 3270 in
717 3232 1008 3273 carcerem
1037 3219 1247 3289 rediit;
1279 3239 1654 3296 nequaquam
1679 3225 1916 3280 interim

273 3299 336 3356 in
374 3300 468 3357 his
518 3303 794 3361 omnibus
841 3307 1130 3365 desistens
1178 3311 1250 3366 ab
1299 3311 1559 3368 oratione
1612 3313 1685 3368 ad
1733 3313 1918 3369 Deum

271 3390 558 3448 facienda.
607 3393 671 3448 In
724 3393 849 3451 solo
901 3397 1057 3453 enim
1108 3397 1269 3456 illius
1321 3400 1562 3470 intuitu,
1608 3403 1706 3475 qui
1757 3401 1918 3458 solus

271 3478 596 3537 immobilis
641 3486 750 3550 est,
795 3483 1207 3543 alienationem
1257 3489 1439 3544 animi
1485 3507 1519 3544 a
1565 3490 1920 3547 cruciatibus

272 3571 613 3640 naturaeque
645 3571 1118 3644 depravationem
1151 3575 1431 3645 sistebat;
1478 3582 1535 3634 et
1579 3577 1736 3634 intra
1766 3579 1919 3652 seip-

271 3673 400 3712 sam
448 3657 777 3716 inordidate
828 3667 1204 3736 commotam,
1249 3665 1798 3740 periclitantemque
1847 3685 1918 3723 ne

273 3745 567 3814 deficeret,
589 3749 944 3819 reducebat;
975 3753 1282 3810 manifeste
1305 3756 1737 3824 demonstrans,
1763 3758 1915 3829 quod

2036 1971 2217 2028 αὐτόν·
2274 1969 2492 2027 ἀπειλεῖ
2548 1968 2618 2026 δι’
2667 1971 2858 2026 ἑαυτοῦ
2916 1969 3182 2044 λήψεσθαι
3228 1971 3445 2043 πεῖραν,
3507 1965 3554 2020 εἰ
3607 1966 3685 2039 μὴ

2041 2066 2358 2139 μαγγανεῖαι
2427 2065 2594 2117 ταῦτα
2639 2060 2730 2116 καὶ
2784 2064 3076 2137 τερατεῖαι,
3135 2056 3262 2136 ἔφη,
3319 2059 3489 2111 ταῦτα
3519 2073 3536 2088 ⁶
3592 2055 3690 2109 καὶ

2039 2153 2267 2229 βάσανον
2327 2149 2537 2228 βασάνῳ
2598 2149 2990 2226 παραζευγνύει
3023 2193 3038 2220 ,
3087 2147 3178 2203 καὶ
3233 2143 3431 2201 σύνδυο
3485 2163 3629 2218 προσ
3658 2174 3687 2186 -

2033 2243 2232 2318 φέρει,
2286 2240 2351 2295 τὸ
2405 2240 2542 2296 κατᾶ
2601 2238 2724 2314 μίαν
2779 2238 2851 2300 ὠς
2925 2235 3154 2308 ἀνόητον
3221 2231 3633 2306 ἀποδοκιμάσας
3667 2273 3684 2291 .

2032 2331 2266 2401 Ἀνῆπτε
2317 2331 2446 2405 πῦρ,
2499 2328 2590 2384 καὶ
2645 2326 2922 2405 κρηπῖδας
2977 2324 3206 2398 σιδηρᾶς
3250 2325 3552 2400 προσέφερε
3603 2324 3688 2394 τῷ

2027 2420 2159 2497 πιρὶ
2191 2466 2205 2492 ,
2263 2418 2469 2474 τούτων
2547 2418 2620 2480 ὡς
2691 2417 2980 2490 ἐπιμήκεις
3037 2415 3128 2470 καὶ
3201 2413 3343 2484 ὀξεῖς
3394 2409 3688 2482 διήλαυνεν

2026 2505 2088 2579 ἥ)
2109 2529 2228 2581 ους,
2304 2509 2395 2563 καὶ
2465 2507 2684 2569 ταύταις
2760 2505 2978 2582 παγίσιν
3052 2501 3164 2574 ἤδη
3229 2499 3688 2562 συντελεσθείσαις

2028 2599 2257 2661 θανάτου
2304 2601 2546 2673 προσῆγε
2589 2595 2681 2651 τὸν
2731 2593 3007 2671 Μάρτυρα.
3055 2591 3155 2648 Καὶ
3202 2592 3262 2654 ὃς
3316 2591 3452 2666 πρὸς
3509 2593 3685 2644 ταῦτα

2028 2683 2094 2757 δὴ
2138 2685 2378 2762 βλέπων,
2437 2686 2514 2759 μὴ
2567 2684 2844 2763 πεφρικὼς
2897 2683 2928 2738 ὃ
2984 2684 3075 2737 νῦν
3135 2681 3300 2754 ἡμεῖς
3347 2679 3452 2734 κάκ
3501 2677 3685 2751 μόνης

2027 2775 2313 2852 πάσχομεν
2365 2775 2533 2845 ἀκοῆς
2568 2821 2582 2848 ,
2630 2773 2825 2850 καίπερ
2875 2773 3134 2827 τοσοῦτον
3186 2766 3547 2847 ἀφεστηκότες
3575 2773 3689 2836 τῆς

2026 2865 2238 2940 πείρας,
2294 2864 2370 2938 μὴ
2418 2861 2810 2939 καταπλαγεὶς,
2864 2861 2938 2934 μὴ
2989 2865 3092 2930 τῆς
3143 2857 3452 2934 παρρησίας
3505 2856 3693 2928 ἑαυτῷ

2032 2955 2108 3029 μὴ
2139 2959 2246 3009 τῶν
2300 2953 2351 3025 ἐξ
2408 2953 2586 3030 ἀρχῆς
2643 2953 2776 3027 ὑπὲρ
2829 2945 3098 3012 εὐσεϐείας
3161 2945 3523 3022 μεμψάμενος
3581 2943 3693 3001 λο-

2025 3047 2262 3120 γισμῶνο
2312 3041 2460 3099 ἀλλὰ
2515 3042 2715 3104 παντὸς
2786 3035 3000 3114 μᾶλλον
3059 3037 3345 3113 πρόθυμος
3385 3035 3479 3097 -ὡς
3538 3033 3694 3110 εἶχεν

2027 3131 2491 3209 ἐναρμοσάμενος,
2547 3127 2910 3202 τυπτόμενος,
2973 3125 3301 3200 ὠθούμενος,
3359 3123 3691 3198 ἑλκόμενος,

2027 3215 2434 3293 καταλαμϐάνει
2482 3219 2544 3275 τὸ
2596 3217 2998 3294 δεσμωτήριον,
3050 3213 3177 3272 οὐδὲ
3221 3222 3325 3285 ἧς
3364 3214 3503 3288 πρὸς
3556 3213 3695 3269 Θεὸν

1950 3278 1992 3345 C
2031 3310 2083 3364 ἐν
2153 3278 2282 3364 πᾶσι
2357 3307 2573 3370 τούτοις
2649 3278 3080 3378 ἐπιλελησμένος
3138 3278 3310 3378 εὖχῆνς
3343 3346 3356 3360 .
3412 3278 3506 3357 ’Ἐν
3580 3302 3695 3377 γὰρ

2031 3397 2182 3472 μόνῳ
2231 3393 2298 3466 δὴ
2355 3395 2534 3468 τούτῳ
2569 3442 2582 3468 ,
2641 3399 2722 3468 τῷ
2780 3392 3002 3469 βλέπειν
3055 3389 3270 3463 δηλαδή
3318 3391 3458 3466 πρὸς
3521 3387 3694 3461 μόνον

2029 3487 2284 3556 ἀκίνητον
2321 3530 2335 3556 ,
2391 3485 2491 3554 τὴν
2554 3484 2660 3539 ἀπὸ
2731 3485 2839 3538 τῶν
2915 3478 3238 3558 ἀλγηδόνων
3291 3477 3537 3534 ἔκστασιν
3594 3477 3698 3531 καὶ

2026 3573 2382 3652 παρατροπῆν
2458 3579 2560 3643 τῆς
2635 3571 2849 3650 φύσεως
2917 3567 3043 3640 ’ἱστη
3091 3615 3107 3642 ,
3162 3567 3254 3624 καὶ
3334 3566 3412 3628 εἷς
3481 3566 3698 3634 ἑαυτὴν

2027 3663 2270 3725 ἀτάκτως
2327 3661 2699 3736 σαλευομένην
2741 3707 2756 3732 ,
2793 3657 2884 3715 καὶ
2943 3657 3019 3732 μὴ
3079 3657 3214 3713 εἶναι
3268 3653 3698 3712 κινδυνεύουσαν

2029 3752 2265 3828 ἐπανῆγε
2297 3797 2310 3810 .
2369 3754 2541 3806 Τοῦτο
2595 3752 2780 3828 σαφῶς
2841 3745 3248 3820 ἐνδεικνύμενος
3284 3787 3298 3801 .
3347 3744 3444 3800 ὅτι
3502 3740 3606 3798 κᾶν
3672 3743 3704 3798 ὁ

2028 3841 2287 3918 τύραννος
2349 3887 2363 3913 ,
2421 3839 2516 3896 κᾶν
2601 3840 2798 3900 πάντες
2902 3836 3176 3913 ἄνθρωποι
3237 3879 3251 3905 ,
3311 3831 3706 3910 περιγενέσθαι

2031 3929 2416 4008 φιλονεικῶσιν
2461 3976 2475 4003 ,
2555 3926 2826 4005 ἀπέραντα
2907 3927 3198 3986 πονοῦντες
3280 3919 3709 4008 ἀπελεχθησον-

2028 4007 2165 4090 ται,
2229 4017 2442 4096 ῥύεσθαί
2516 4038 2580 4094 γε
2657 4013 3005 4094 βουλομένης
3078 4019 3180 4084 τῆς
3258 4009 3461 4077 ἐκεῖθεν
3531 4007 3708 4068 δυνά-

2035 4129 2201 4184 μεως.

2099 4218 2202 4276 κα’.
2261 4217 2338 4270 Τὰ
2396 4214 2491 4289 μὲν
2549 4211 2617 4283 δὴ
2671 4211 2810 4268 κατᾶ
2862 4212 2954 4267 τὸν
3011 4210 3276 4286 Μάρτυρα
3332 4204 3508 4270 οὕτως
3553 4207 3707 4287 εἶχεθ

2031 4303 2178 4362 δεινὰ
2229 4305 2331 4378 ’μὶν
2389 4303 2459 4360 τὰ
2507 4307 2614 4358 τῶν
2675 4303 2942 4374 βασάνων,
2998 4297 3090 4355 καὶ
3146 4295 3285 4374 πέρα
3341 4293 3561 4366 δεινῶν,
3622 4299 3715 4364 τίς

272 4387 410 4460 plus
429 4404 610 4460 quam
631 4391 832 4462 gravia
854 4409 866 4448 :
901 4392 1036 4464 quis
1058 4394 1216 4449 enim
1239 4411 1352 4451 non
1374 4396 1584 4452 dixerit
1606 4397 1694 4454 vel
1717 4397 1918 4453 auditu

2033 4395 2130 4471 γὰρ
2191 4393 2292 4449 οὐκ
2345 4391 2407 4448 ἂν
2461 4389 2627 4465 εἶειτοι,
2686 4391 2776 4446 καὶ
2835 4389 3026 4451 ἀκοαῖς
3083 4380 3332 4465 ἀφόρητα
3390 4403 3404 4455 ;
3469 4386 3721 4458 μείζονα

271 4473 664 4533 intolerabilia
713 4480 889 4536 esse?
937 4482 1047 4538 Sed
1097 4485 1323 4554 majora
1368 4501 1399 4540 e
1446 4490 1650 4541 contra
1696 4491 1918 4559 oportet

2033 4482 2092 4539 δὲ
2145 4483 2203 4538 ἐκ
2247 4485 2347 4537 τοῦ
2402 4479 2642 4536 ἐναντίου
2696 4478 2765 4534 τὰ
2818 4482 2927 4532 τῶν
2983 4474 3353 4548 ἀντιλήψεων,
3411 4473 3490 4538 ὡς
3561 4476 3722 4550 μηδὲ

275 4564 458 4622 fuisse
488 4583 575 4636 ea,
605 4585 736 4639 quas
765 4585 868 4641 pro
899 4570 1086 4642 ipsius
1117 4573 1452 4629 defensione
1482 4580 1621 4630 sunt
1649 4580 1834 4647 gesta,
1859 4580 1918 4631 ut

2033 4571 2323 4632 κακώσεως
2371 4566 2526 4645 ἴχνος
2577 4568 2701 4640 μετᾶ
2765 4565 2866 4634 τὴν
2917 4563 3197 4638 ἐπίσκεψιν
3253 4562 3450 4636 μένειν·
3488 4564 3718 4642 »ἐπειδὴ

274 4670 381 4709 nec
405 4656 719 4728 vestigium
745 4657 982 4729 quidem
1011 4659 1238 4731 injuria
1270 4662 1330 4717 in
1361 4662 1490 4734 ejus
1511 4679 1770 4735 corpore,
1795 4668 1918 4736 post

2036 4661 2084 4717 εἰ
2145 4662 2220 4734 μή
2286 4659 2423 4734 μέγα
2473 4657 2599 4729 ἐμοὶ
2653 4654 2744 4710 καὶ
2804 4653 2949 4709 οὕτω
2971 4651 3380 4761 Χξιταρρξδευιξςξζεέν
3438 4697 3455 4721 ι
3505 4653 3722 4733 ῗσχύει

270 4742 666 4801 visitationem
699 4746 978 4817 divinam,
1012 4755 1356 4806 remaneret.
1391 4752 1698 4819 Quoniam,
1723 4753 1772 4808 si
1803 4769 1918 4809 non

2038 4751 2133 4824 μέν
2192 4770 2278 4803 τοι
2333 4746 2517 4817 κακία,
2576 4745 2666 4801 καὶ
2711 4743 2848 4799 πάνυ
2893 4739 3041 4798 πολὺ
3089 4741 3166 4803 εἰς
3205 4740 3276 4796 τὸ
3313 4740 3552 4813 ἐαυτῆςο
3597 4753 3722 4806 ποῦ

270 4847 554 4904 magnum
580 4835 725 4890 mihi
759 4841 848 4893 est
876 4836 965 4894 vel
997 4838 1081 4894 sic
1102 4841 1474 4910 contendere,
1499 4840 1682 4897 valuit
1701 4841 1918 4898 malitia

2035 4837 2094 4894 δὲ
2163 4836 2316 4912 ὅμως
2384 4839 2652 4892 τοσοῦτον
2689 4877 2704 4904 ,
2777 4831 2910 4940 ὅσον,
2971 4831 3230 4938 ἀγαὲῦναι
3297 4828 3440 4940 0:5,:
3463 4851 3516 4940 ﬂ;
3580 4842 3722 4894 Διο-

269 4919 464 4976 adhuc
495 4922 753 4994 amplius
781 4925 843 4980 in
886 4926 960 4982 iis
991 4944 1118 5000 quae
1151 4929 1408 5001 partium
1439 4947 1684 4986 suarum
1716 4935 1918 5002 erant;

272 5009 370 5030 --Δ
405 5025 517 5030 ____
539 5027 635 5030 μη
746 5018 756 5030 .
848 5019 859 5030 .
1333 5022 1342 5030 .
1397 5017 1432 5030 ..
1664 5023 1674 5030 .

2033 4926 2327 5000 κλητιανὸς
2377 4923 2435 4980 δὲ
2482 4923 2544 4980 οὐ
2600 4923 2766 5000 μέχρι
2813 4919 3026 4978 τούτων
3081 4915 3206 4991 ἔστη
3234 4965 3250 4993 ,
3293 4915 3416 4975 οὐδ’
3457 4921 3723 4985 ἐνταῦθα

2072 5019 2086 5030 ι
2371 5013 2384 5030 1
2533 5014 2550 5030 ο
2612 5011 2624 5030 ι
2735 5001 2739 5006 '
2846 5010 2878 5030 α.
2969 5007 3027 5030 εκ
3164 5006 3195 5030 ,\
3296 5009 3435 5030 αῑγᾼη
3641 5015 3658 5030 ι

271 5009 374 5063 sed
405 5025 711 5082 nunquam
740 5018 972 5071 tantum
1001 5033 1210 5073 nocere
1251 5017 1464 5089 potuit,
1497 5023 1784 5090 quantum
1819 5037 1918 5092 po-

2033 5019 2097 5072 τᾶ
2179 5013 2449 5093 τιμωρίας
2520 5011 2781 5088 ὡρίσατο,
2838 5007 3034 5080 ἐπειδή
3096 5007 3196 5064 ’καὶ
3245 5009 3442 5066 ’πάντα
3492 5015 3720 5090 »μετῄει

271 5095 388 5151 tuit
418 5097 753 5157 benefacere
797 5103 974 5159 Deus.
1010 5106 1404 5163 Diocletianus
1433 5125 1566 5163 vero
1609 5125 1799 5180 neque
1827 5109 1918 5164 hic

2039 5107 2285 5183 βασάνων
2333 5101 2475 5174 εἷ’δηο
2518 5100 2648 5159 ἀλλ’
2704 5099 2885 5194 ὥσπερ
2942 5099 3000 5194 oi.
3055 5101 3284 5194 σιραῖραν
3327 5101 3722 5194 περιτρέχον-

272 5186 556 5257 substitit,
589 5206 776 5263 neque
825 5195 882 5247 in
933 5194 1026 5250 his
1079 5195 1254 5251 finem
1299 5197 1436 5252 fecit
1473 5197 1918 5270 suppliciorum,

2033 5216 2115 5257 τες
2151 5239 2165 5265 ,
2227 5193 2308 5249 ἀεὶ
2379 5193 2482 5262 τὴν
2554 5192 2851 5268 περιφορὰν
2927 5187 3268 5265 πληροῦντες
3340 5186 3442 5256 τὴν
3519 5190 3716 5262 ’.αὐτὴν

273 5276 544 5348 quamvis
573 5295 778 5336 omnes
809 5286 1232 5340 tormentorum
1268 5286 1492 5358 species
1514 5287 1916 5357 exposuisset:

274 5362 370 5382 μ,
437 5379 570 5382 ,ηρ
663 5367 678 5382 .
804 5369 818 5382 .
1047 5371 1152 5381 ..
1403 5373 1470 5382 ..
1859 5379 1866 5382 _

2033 5287 2311 5338 ποιοῦνται
2369 5282 2571 5357 ἀρχὴν,
2635 5280 2778 5335 οὕτω
2832 5299 2940 5334 που
3002 5278 3094 5333 καὶ
3153 5275 3340 5343 αὐτὸς,
3398 5275 3481 5340 ὡς
3544 5279 3716 5341 οὐδὲν

2033 5372 2064 5382 ..
2175 5370 2188 5382 .
2236 5373 2264 5382 -
2465 5369 2520 5382 ,.
2888 5366 2899 5382 .
3097 5364 3111 5382 ν
3216 5365 3231 5382 ,
3317 5363 3329 5382 1
3607 5368 3628 5382 .
3665 5372 3680 5382 .

271 5362 396 5432 sed,
430 5367 928 5434 quemadmodum
960 5372 1060 5440 qui
1106 5371 1324 5427 circum
1358 5373 1599 5445 globum
1631 5379 1917 5442 currunt;

2033 5372 2096 5441 ἦν
2131 5370 2277 5443 αὖτῷ
2320 5390 2374 5424 τι
2421 5369 2588 5425 πλέον
2636 5366 3004 5446 γεγενημένῳ,
3056 5364 3158 5420 οὐκ
3206 5363 3475 5438 ἀπείρηκε
3519 5368 3720 5430 κολά-

271 5451 344 5505 ad
376 5449 531 5507 idem
562 5470 796 5528 semper
823 5458 1178 5530 principium
1225 5461 1510 5526 redeunt;
1544 5462 1628 5518 sic
1670 5468 1726 5518 et
1771 5463 1916 5535 ipse,

2034 5465 2138 5529 ζων
2173 5477 2187 5490 ο
2248 5459 2542 5535 ἀρξάμενος
2587 5456 2658 5514 ’δὲ
2709 5458 2800 5514 καὶ
2857 5454 3010 5519 αὖθις
3053 5455 3128 5510 -ἐκ
3174 5460 3282 5542 τῆς
3340 5453 3658 5536 αἰκίας,,,ἰή
3698 5513 3718 5542 ,

268 5554 403 5593 cum
435 5542 692 5614 amplius
737 5545 790 5600 ei
839 5563 953 5602 non
995 5554 1330 5621 superesset
1363 5553 1518 5623 quod
1552 5556 1768 5624 ageret,
1801 5569 1918 5608 non

2033 5548 2231 5622 ἀνομίᾳ
2301 5548 2610 5624 προστιθεὶς
2686 5546 2911 5622 ἀνομίαν
2983 5591 2999 5615 ,
3051 5543 3144 5600 καὶ
3199 5538 3396 5615 αἵμασι
3464 5538 3716 5628 .μίσγώ

272 5627 586 5700 despondit
632 5635 921 5706 animum,
966 5639 1258 5694 tormenta
1308 5641 1762 5712 congeminans;
1816 5642 1916 5698 sed

2033 5636 2235 5712 ατίματα
2267 5679 2288 5707 ,δ
2337 5639 2426 5701 Ὧς
2491 5639 2592 5717 γὰρ
2668 5638 2784 5702 ἐνὸς
2854 5634 3053 5691 τούτου
3129 5628 3390 5717 μεγίστου
3465 5654 3536 5690 τε
3597 5627 3718 5698 -καὶ

273 5734 511 5776 rursum
543 5722 614 5779 ad
647 5723 878 5804 flagella
906 5725 1096 5801 rediit,
1118 5727 1406 5802 impietati
1431 5728 1793 5803 impietatem
1823 5747 1918 5806 ap-

2033 5729 2453 5806 ἀναγκαιοτάτου
2507 5716 2751 5786 Ῐπάντων
2827 5725 3051 5805 ἀγώνων
3126 5716 3533 5800 τυγχάνοντος,
3575 5733 3722 5792 ’τῶν

274 3832 411 3891 licet
454 3839 760 3908 tyrannus,
808 3838 928 3895 imo
984 3840 1252 3899 homines
1307 3845 1586 3915 universi,
1645 3863 1921 3918 superare

273 3925 439 3995 eum}
463 3926 900 3995 contenderent,
945 3929 1005 3984 in
1055 3947 1271 3986 vanum
1321 3931 1650 3989 laborantes
1703 3936 1919 3991 refuta-

271 4016 497 4081 rentur,
530 4016 763 4086 quando
798 4032 933 4073 eum
977 4017 1224 4077 liberare
1273 4020 1446 4078 vellet
1492 4021 1677 4080 virtus
1725 4041 1759 4080 a
1805 4025 1920 4082 Deo

270 4103 614 4174 procedens.

339 4211 429 4266 21.
461 4211 652 4284 Atque
681 4211 764 4268 ita
793 4229 856 4269 se
884 4213 1220 4272 habuerunt
1249 4232 1317 4273 ea
1353 4234 1482 4289 quae
1514 4218 1670 4276 circa
1697 4219 1918 4290 Marty-

271 4314 396 4355 rem
427 4300 579 4370 facta
627 4305 812 4358 sunt:
864 4303 1065 4376 gravia
1110 4305 1237 4362 sine
1279 4307 1473 4377 quoad
1517 4308 1832 4378 cruciatus,
1865 4313 1923 4365 et
