  <div class='ocr_page' id='page_1' title='image "/cluster/home/n/w/nwhite01/storage/ocr_20150623/142/coo.31924054870476/168.png"; bbox 0 0 4108 6446; ppageno 0'>
   <div class='ocr_carea' id='block_1_1' title="bbox 423 424 560 492">
    <p class='ocr_par' dir='ltr' id='par_1_1' title="bbox 423 424 560 492">
     <span class='ocr_line' id='line_1_1' title="bbox 423 424 560 492; baseline 0 0"><span class='ocrx_word' id='word_1_1' title='bbox 423 424 560 492; x_wconf 62' lang='grc' dir='ltr'>έθΞί</span> 
     </span>
    </p>
   </div>
   <div class='ocr_carea' id='block_1_2' title="bbox 1713 413 2613 490">
    <p class='ocr_par' dir='ltr' id='par_1_2' title="bbox 1713 413 2613 490">
     <span class='ocr_line' id='line_1_2' title="bbox 1713 413 2613 490; baseline -0.002 -4"><span class='ocrx_word' id='word_1_2' title='bbox 1713 413 2114 487; x_wconf 71' lang='lat' dir='ltr'>LAUDATIO</span> <span class='ocrx_word' id='word_1_3' title='bbox 2158 423 2229 490; x_wconf 66' lang='lat' dir='ltr'>Sa</span> <span class='ocrx_word' id='word_1_4' title='bbox 2272 415 2613 487; x_wconf 78' lang='lat' dir='ltr'>GEORGII.</span> 
     </span>
    </p>
   </div>
   <div class='ocr_carea' id='block_1_3' title="bbox 3745 431 3864 498">
    <p class='ocr_par' dir='ltr' id='par_1_3' title="bbox 3745 431 3864 498">
     <span class='ocr_line' id='line_1_3' title="bbox 3745 431 3864 498; baseline 0 -3"><span class='ocrx_word' id='word_1_5' title='bbox 3745 431 3864 498; x_wconf 75' lang='lat'>322</span> 
     </span>
    </p>
   </div>
   <div class='ocr_carea' id='block_1_4' title="bbox 429 545 2127 633">
    <p class='ocr_par' dir='ltr' id='par_1_4' title="bbox 429 545 2100 631">
     <span class='ocr_line' id='line_1_4' title="bbox 429 545 2100 631; baseline -0.006 -13"><span class='ocrx_word' id='word_1_6' title='bbox 429 559 639 618; x_wconf 63' lang='grc' dir='ltr'>ἄλλων</span> <span class='ocrx_word' id='word_1_7' title='bbox 675 558 884 616; x_wconf 72' lang='grc' dir='ltr'>’ἑαυτὸν</span> <span class='ocrx_word' id='word_1_8' title='bbox 942 548 1274 630; x_wconf 82' lang='grc' dir='ltr'>ἀποστήσας,</span> <span class='ocrx_word' id='word_1_9' title='bbox 1333 545 1507 612; x_wconf 87' lang='grc' dir='ltr'>καίτοι</span> <span class='ocrx_word' id='word_1_10' title='bbox 1565 553 1791 611; x_wconf 81' lang='grc' dir='ltr'>πολλῶν</span> <span class='ocrx_word' id='word_1_11' title='bbox 1849 552 2100 631; x_wconf 77' lang='grc' dir='ltr'>σφοδρῶς</span> 
     </span>
    </p>
   </div>
   <div class='ocr_carea' id='block_1_5' title="bbox 2238 545 3864 633">
    <p class='ocr_par' dir='ltr' id='par_1_5' title="bbox 2238 557 3864 633">
     <span class='ocr_line' id='line_1_5' title="bbox 2238 557 3864 633; baseline 0.01 -23"><span class='ocrx_word' id='word_1_12' title='bbox 2238 572 2460 624; x_wconf 78' lang='lat' dir='ltr'>)onens,</span> <span class='ocrx_word' id='word_1_13' title='bbox 2491 561 2550 612; x_wconf 89' lang='lat' dir='ltr'>et</span> <span class='ocrx_word' id='word_1_14' title='bbox 2577 557 2850 631; x_wconf 80' lang='lat' dir='ltr'>sanguini</span> <span class='ocrx_word' id='word_1_15' title='bbox 2881 561 3230 633; x_wconf 85' lang='lat' dir='ltr'>sanguinem</span> <span class='ocrx_word' id='word_1_16' title='bbox 3267 565 3672 626; x_wconf 89' lang='lat' dir='ltr'>commiscens.</span> <span class='ocrx_word' id='word_1_17' title='bbox 3704 571 3864 626; x_wconf 86' lang='lat' dir='ltr'>Tan-</span> 
     </span>
    </p>
   </div>
   <div class='ocr_carea' id='block_1_6' title="bbox 433 641 2102 724">
    <p class='ocr_par' dir='ltr' id='par_1_6' title="bbox 433 641 2102 724">
     <span class='ocr_line' id='line_1_6' title="bbox 433 641 2102 724; baseline -0.005 -17"><span class='ocrx_word' id='word_1_18' title='bbox 433 648 807 724; x_wconf 69' lang='grc' dir='ltr'>νέπικειμὲνων</span> <span class='ocrx_word' id='word_1_19' title='bbox 855 648 946 703; x_wconf 85' lang='grc' dir='ltr'>καὶ</span> <span class='ocrx_word' id='word_1_20' title='bbox 988 646 1128 723; x_wconf 83' lang='grc' dir='ltr'>πρὸς</span> <span class='ocrx_word' id='word_1_21' title='bbox 1192 646 1355 701; x_wconf 72' lang='grc' dir='ltr'>ἑαυτὰ</span> <span class='ocrx_word' id='word_1_22' title='bbox 1425 643 1816 719; x_wconf 82' lang='grc' dir='ltr'>μεθελκόντων,</span> <span class='ocrx_word' id='word_1_23' title='bbox 1868 644 1931 699; x_wconf 84' lang='grc' dir='ltr'>οὐ</span> <span class='ocrx_word' id='word_1_24' title='bbox 2001 641 2102 714; x_wconf 89' lang='grc' dir='ltr'>δη-</span> 
     </span>
    </p>
   </div>
   <div class='ocr_carea' id='block_1_7' title="bbox 451 730 2105 816">
    <p class='ocr_par' dir='ltr' id='par_1_7' title="bbox 451 730 2105 816">
     <span class='ocr_line' id='line_1_7' title="bbox 451 730 2105 816; baseline -0.005 -22"><span class='ocrx_word' id='word_1_25' title='bbox 451 738 648 816; x_wconf 85' lang='grc' dir='ltr'>μοσίας</span> <span class='ocrx_word' id='word_1_26' title='bbox 700 739 964 794; x_wconf 57' lang='lat' dir='ltr'>uetera»</span> <span class='ocrx_word' id='word_1_27' title='bbox 1015 733 1334 808; x_wconf 78' lang='grc' dir='ltr'>διοικήσεις,</span> <span class='ocrx_word' id='word_1_28' title='bbox 1378 735 1440 790; x_wconf 86' lang='grc' dir='ltr'>οὐ</span> <span class='ocrx_word' id='word_1_29' title='bbox 1495 733 1784 797; x_wconf 74' lang='grc' dir='ltr'>πολιτικὰς</span> <span class='ocrx_word' id='word_1_30' title='bbox 1855 730 2105 809; x_wconf 90' lang='grc' dir='ltr'>διορθού-</span> 
     </span>
    </p>
   </div>
   <div class='ocr_carea' id='block_1_8' title="bbox 447 819 2104 904">
    <p class='ocr_par' dir='ltr' id='par_1_8' title="bbox 447 819 2104 904">
     <span class='ocr_line' id='line_1_8' title="bbox 447 819 2104 904; baseline -0.004 -22"><span class='ocrx_word' id='word_1_31' title='bbox 447 841 612 904; x_wconf 75' lang='grc' dir='ltr'>μενος</span> <span class='ocrx_word' id='word_1_32' title='bbox 680 823 1095 900; x_wconf 76' lang='grc' dir='ltr'>πλημμελείας,</span> <span class='ocrx_word' id='word_1_33' title='bbox 1157 823 1222 879; x_wconf 80' lang='grc' dir='ltr'>ού</span> <span class='ocrx_word' id='word_1_34' title='bbox 1290 825 1498 886; x_wconf 83' lang='grc' dir='ltr'>στάσεις</span> <span class='ocrx_word' id='word_1_35' title='bbox 1560 821 1972 900; x_wconf 78' lang='grc' dir='ltr'>καταπραύνων,</span> <span class='ocrx_word' id='word_1_36' title='bbox 2041 819 2104 876; x_wconf 86' lang='grc' dir='ltr'>ού</span> 
     </span>
    </p>
   </div>
   <div class='ocr_carea' id='block_1_9' title="bbox 445 909 2102 991">
    <p class='ocr_par' dir='ltr' id='par_1_9' title="bbox 445 909 2102 991">
     <span class='ocr_line' id='line_1_9' title="bbox 445 909 2102 991; baseline -0.006 -17"><span class='ocrx_word' id='word_1_37' title='bbox 445 916 735 991; x_wconf 66' lang='grc' dir='ltr'>πολέμους</span> <span class='ocrx_word' id='word_1_38' title='bbox 784 912 842 970; x_wconf 78' lang='grc' dir='ltr'>εὖ</span> <span class='ocrx_word' id='word_1_39' title='bbox 888 911 1287 988; x_wconf 76' lang='grc' dir='ltr'>διατιθέμενος,</span> <span class='ocrx_word' id='word_1_40' title='bbox 1327 912 1463 990; x_wconf 86' lang='grc' dir='ltr'>πρὸς</span> <span class='ocrx_word' id='word_1_41' title='bbox 1519 911 1684 986; x_wconf 79' lang='grc' dir='ltr'>μόνον</span> <span class='ocrx_word' id='word_1_42' title='bbox 1733 909 1890 967; x_wconf 83' lang='grc' dir='ltr'>τόνδε</span> <span class='ocrx_word' id='word_1_43' title='bbox 1937 912 2102 982; x_wconf 86' lang='grc' dir='ltr'>συνή-</span> 
     </span>
    </p>
   </div>
   <div class='ocr_carea' id='block_1_10' title="bbox 454 999 2104 1084">
    <p class='ocr_par' dir='ltr' id='par_1_10' title="bbox 454 999 2104 1084">
     <span class='ocr_line' id='line_1_10' title="bbox 454 999 2104 1084; baseline -0.005 -21"><span class='ocrx_word' id='word_1_44' title='bbox 454 1009 660 1084; x_wconf 84' lang='grc' dir='ltr'>θροισεν</span> <span class='ocrx_word' id='word_1_45' title='bbox 733 1005 945 1074; x_wconf 67' lang='grc' dir='ltr'>ἑαυτὸν,</span> <span class='ocrx_word' id='word_1_46' title='bbox 1010 1001 1185 1058; x_wconf 87' lang='grc' dir='ltr'>πάντα</span> <span class='ocrx_word' id='word_1_47' title='bbox 1248 1001 1435 1079; x_wconf 88' lang='grc' dir='ltr'>καιρὸν</span> <span class='ocrx_word' id='word_1_48' title='bbox 1513 999 1740 1066; x_wconf 81' lang='grc' dir='ltr'>ἐνταῦθα</span> <span class='ocrx_word' id='word_1_49' title='bbox 1799 999 2104 1057; x_wconf 84' lang='grc' dir='ltr'>,καταναλί-</span> 
     </span>
    </p>
   </div>
   <div class='ocr_carea' id='block_1_11' title="bbox 464 1090 1214 1152">
    <p class='ocr_par' dir='ltr' id='par_1_11' title="bbox 464 1090 1214 1152">
     <span class='ocr_line' id='line_1_11' title="bbox 464 1090 1214 1152; baseline -0.003 0"><span class='ocrx_word' id='word_1_50' title='bbox 464 1115 602 1152; x_wconf 86' lang='grc' dir='ltr'>σκων</span> <span class='ocrx_word' id='word_1_51' title='bbox 627 1093 714 1150; x_wconf 84' lang='grc' dir='ltr'>καὶ</span> <span class='ocrx_word' id='word_1_52' title='bbox 741 1097 914 1148; x_wconf 82' lang='grc' dir='ltr'>πᾶσαν</span> <span class='ocrx_word' id='word_1_53' title='bbox 949 1090 1214 1150; x_wconf 85' lang='grc' dir='ltr'>ἐπίνοιαν.</span> 
     </span>
    </p>
   </div>
   <div class='ocr_carea' id='block_1_12' title="bbox 517 1355 2109 1441">
    <p class='ocr_par' dir='ltr' id='par_1_12' title="bbox 517 1355 2109 1441">
     <span class='ocr_line' id='line_1_12' title="bbox 517 1355 2109 1441; baseline -0.006 -21"><span class='ocrx_word' id='word_1_54' title='bbox 517 1361 845 1441; x_wconf 58' lang='grc' dir='ltr'>ικβτεῙΓοῦτο</span> <span class='ocrx_word' id='word_1_55' title='bbox 902 1355 962 1414; x_wconf 73' lang='grc' dir='ltr'>δὲ</span> <span class='ocrx_word' id='word_1_56' title='bbox 1019 1355 1188 1428; x_wconf 83' lang='grc' dir='ltr'>δῆλον</span> <span class='ocrx_word' id='word_1_57' title='bbox 1248 1361 1511 1434; x_wconf 78' lang='grc' dir='ltr'>θεωροῦσι</span> <span class='ocrx_word' id='word_1_58' title='bbox 1565 1357 1628 1414; x_wconf 86' lang='grc' dir='ltr'>τὸ</span> <span class='ocrx_word' id='word_1_59' title='bbox 1687 1357 1909 1432; x_wconf 75' lang='grc' dir='ltr'>συνεχὲς</span> <span class='ocrx_word' id='word_1_60' title='bbox 1968 1357 2109 1430; x_wconf 79' lang='grc' dir='ltr'>ὁμοῦ</span> 
     </span>
    </p>
   </div>
   <div class='ocr_carea' id='block_1_13' title="bbox 448 1444 2112 1524">
    <p class='ocr_par' dir='ltr' id='par_1_13' title="bbox 448 1444 2112 1524">
     <span class='ocr_line' id='line_1_13' title="bbox 448 1444 2112 1524; baseline -0.005 -16"><span class='ocrx_word' id='word_1_61' title='bbox 448 1452 550 1509; x_wconf 63' lang='grc' dir='ltr'>’καὶ</span> <span class='ocrx_word' id='word_1_62' title='bbox 577 1448 992 1524; x_wconf 76' lang='grc' dir='ltr'>·ὲπιτεταμὲνον</span> <span class='ocrx_word' id='word_1_63' title='bbox 1044 1450 1142 1518; x_wconf 82' lang='grc' dir='ltr'>τῆς</span> <span class='ocrx_word' id='word_1_64' title='bbox 1198 1446 1323 1522; x_wconf 86' lang='grc' dir='ltr'>περὶ</span> <span class='ocrx_word' id='word_1_65' title='bbox 1380 1450 1550 1502; x_wconf 89' lang='grc' dir='ltr'>ταῦτα</span> <span class='ocrx_word' id='word_1_66' title='bbox 1599 1444 1859 1516; x_wconf 79' lang='grc' dir='ltr'>σπουδῆς·</span> <span class='ocrx_word' id='word_1_67' title='bbox 1903 1444 2112 1519; x_wconf 73' lang='grc' dir='ltr'>ἡμέραν</span> 
     </span>
    </p>
   </div>
   <div class='ocr_carea' id='block_1_14' title="bbox 455 1533 2112 1619">
    <p class='ocr_par' dir='ltr' id='par_1_14' title="bbox 455 1533 2112 1619">
     <span class='ocr_line' id='line_1_14' title="bbox 455 1533 2112 1619; baseline -0.005 -22"><span class='ocrx_word' id='word_1_68' title='bbox 455 1543 565 1619; x_wconf 80' lang='grc' dir='ltr'>γὰρ</span> <span class='ocrx_word' id='word_1_69' title='bbox 605 1537 838 1609; x_wconf 69' lang='grc' dir='ltr'>-ἐκείνην</span> <span class='ocrx_word' id='word_1_70' title='bbox 897 1536 1042 1592; x_wconf 79' lang='grc' dir='ltr'>οὕτω</span> <span class='ocrx_word' id='word_1_71' title='bbox 1089 1535 1438 1614; x_wconf 73' lang='grc' dir='ltr'>παρέπεμψεν</span> <span class='ocrx_word' id='word_1_72' title='bbox 1491 1535 1566 1598; x_wconf 77' lang='grc' dir='ltr'>εἰς</span> <span class='ocrx_word' id='word_1_73' title='bbox 1611 1538 1676 1591; x_wconf 83' lang='grc' dir='ltr'>τὸ</span> <span class='ocrx_word' id='word_1_74' title='bbox 1708 1533 2112 1612; x_wconf 76' lang='grc' dir='ltr'>δεσμωτήριον,</span> 
     </span>
    </p>
   </div>
   <div class='ocr_carea' id='block_1_15' title="bbox 439 1620 2112 1703">
    <p class='ocr_par' dir='ltr' id='par_1_15' title="bbox 439 1620 2112 1703">
     <span class='ocr_line' id='line_1_15' title="bbox 439 1620 2112 1703; baseline -0.006 -16"><span class='ocrx_word' id='word_1_75' title='bbox 439 1634 529 1703; x_wconf 69' lang='grc' dir='ltr'>τῇ</span> <span class='ocrx_word' id='word_1_76' title='bbox 579 1627 636 1692; x_wconf 70' lang='grc' dir='ltr'>δ’</span> <span class='ocrx_word' id='word_1_77' title='bbox 667 1625 1069 1703; x_wconf 78' lang='grc' dir='ltr'>-ἐπιγενομένῃ,</span> <span class='ocrx_word' id='word_1_78' title='bbox 1129 1625 1318 1688; x_wconf 86' lang='grc' dir='ltr'>νυκτὸς</span> <span class='ocrx_word' id='word_1_79' title='bbox 1379 1625 1453 1687; x_wconf 81' lang='grc' dir='ltr'>ὡς</span> <span class='ocrx_word' id='word_1_80' title='bbox 1513 1620 1684 1681; x_wconf 82' lang='grc' dir='ltr'>ἔοικεν</span> <span class='ocrx_word' id='word_1_81' title='bbox 1745 1624 1972 1698; x_wconf 81' lang='grc' dir='ltr'>ἀνομίαν</span> <span class='ocrx_word' id='word_1_82' title='bbox 2023 1623 2112 1679; x_wconf 80' lang='grc' dir='ltr'>ἐπὶ</span> 
     </span>
    </p>
   </div>
   <div class='ocr_carea' id='block_1_16' title="bbox 431 1687 2116 1791">
    <p class='ocr_par' dir='ltr' id='par_1_16' title="bbox 431 1687 2116 1791">
     <span class='ocr_line' id='line_1_16' title="bbox 431 1687 2116 1791; baseline -0.015 -7"><span class='ocrx_word' id='word_1_83' title='bbox 617 1687 814 1789; x_wconf 60' lang='grc' dir='ltr'>κοίτηέ</span> <span class='ocrx_word' id='word_1_84' title='bbox 835 1687 1034 1772; x_wconf 46' lang='grc' dir='ltr'>λαύτοῦ.</span> <span class='ocrx_word' id='word_1_85' title='bbox 1087 1714 1564 1791; x_wconf 84' lang='grc' dir='ltr'>διαλογισάμενος,</span> <span class='ocrx_word' id='word_1_86' title='bbox 1616 1713 1772 1776; x_wconf 81' lang='grc' dir='ltr'>εὐθὺς</span> <span class='ocrx_word' id='word_1_87' title='bbox 1810 1714 1887 1776; x_wconf 82' lang='grc' dir='ltr'>ὡς</span> <span class='ocrx_word' id='word_1_88' title='bbox 1933 1713 2116 1787; x_wconf 67' lang='grc' dir='ltr'>ἡμέρα</span> 
     </span>
    </p>
   </div>
   <div class='ocr_carea' id='block_1_17' title="bbox 461 1801 2116 1887">
    <p class='ocr_par' dir='ltr' id='par_1_17' title="bbox 461 1801 2116 1887">
     <span class='ocr_line' id='line_1_17' title="bbox 461 1801 2116 1887; baseline -0.005 -23"><span class='ocrx_word' id='word_1_89' title='bbox 461 1807 784 1887; x_wconf 76' lang='grc' dir='ltr'>διεφαίνετο,</span> <span class='ocrx_word' id='word_1_90' title='bbox 863 1803 1114 1878; x_wconf 83' lang='grc' dir='ltr'>’δημοσίᾳ</span> <span class='ocrx_word' id='word_1_91' title='bbox 1194 1803 1600 1879; x_wconf 83' lang='grc' dir='ltr'>προκαθεσθεὶς,</span> <span class='ocrx_word' id='word_1_92' title='bbox 1659 1801 1894 1864; x_wconf 84' lang='grc' dir='ltr'>πολλοῖς</span> <span class='ocrx_word' id='word_1_93' title='bbox 1973 1803 2116 1875; x_wconf 83' lang='grc' dir='ltr'>ὁμοῦ</span> 
     </span>
    </p>
   </div>
   <div class='ocr_carea' id='block_1_18' title="bbox 2215 644 3864 722">
    <p class='ocr_par' dir='ltr' id='par_1_18' title="bbox 2215 644 3864 722">
     <span class='ocr_line' id='line_1_18' title="bbox 2215 644 3864 722; baseline 0.011 -24"><span class='ocrx_word' id='word_1_94' title='bbox 2215 661 2392 716; x_wconf 90' lang='lat' dir='ltr'>quam</span> <span class='ocrx_word' id='word_1_95' title='bbox 2424 644 2580 700; x_wconf 91' lang='lat' dir='ltr'>enim</span> <span class='ocrx_word' id='word_1_96' title='bbox 2602 645 2649 701; x_wconf 91' lang='lat' dir='ltr'>si</span> <span class='ocrx_word' id='word_1_97' title='bbox 2669 665 2822 704; x_wconf 92' lang='lat' dir='ltr'>unus</span> <span class='ocrx_word' id='word_1_98' title='bbox 2840 648 2934 704; x_wconf 91' lang='lat' dir='ltr'>hic</span> <span class='ocrx_word' id='word_1_99' title='bbox 2954 649 3120 706; x_wconf 88' lang='lat' dir='ltr'>labor</span> <span class='ocrx_word' id='word_1_100' title='bbox 3143 669 3258 722; x_wconf 66' lang='lat' dir='ltr'>prae</span> <span class='ocrx_word' id='word_1_101' title='bbox 3279 656 3502 712; x_wconf 73' lang='lat' dir='ltr'>caeteris</span> <span class='ocrx_word' id='word_1_102' title='bbox 3519 658 3794 716; x_wconf 89' lang='lat' dir='ltr'>omnibus</span> <span class='ocrx_word' id='word_1_103' title='bbox 3810 661 3864 716; x_wconf 87' lang='lat' dir='ltr'>ei</span> 
     </span>
    </p>
   </div>
   <div class='ocr_carea' id='block_1_19' title="bbox 2213 734 3865 816">
    <p class='ocr_par' dir='ltr' id='par_1_19' title="bbox 2213 734 3865 816">
     <span class='ocr_line' id='line_1_19' title="bbox 2213 734 3865 816; baseline 0.01 -27"><span class='ocrx_word' id='word_1_104' title='bbox 2213 734 2508 790; x_wconf 85' lang='lat' dir='ltr'>maximus</span> <span class='ocrx_word' id='word_1_105' title='bbox 2538 740 2713 804; x_wconf 83' lang='lat' dir='ltr'>esset,</span> <span class='ocrx_word' id='word_1_106' title='bbox 2745 740 2803 791; x_wconf 90' lang='lat' dir='ltr'>et</span> <span class='ocrx_word' id='word_1_107' title='bbox 2831 743 2967 794; x_wconf 89' lang='lat' dir='ltr'>ante</span> <span class='ocrx_word' id='word_1_108' title='bbox 2999 756 3202 796; x_wconf 89' lang='lat' dir='ltr'>omnes</span> <span class='ocrx_word' id='word_1_109' title='bbox 3233 746 3598 802; x_wconf 87' lang='lat' dir='ltr'>necessarius</span> <span class='ocrx_word' id='word_1_110' title='bbox 3625 765 3638 816; x_wconf 92' lang='lat'>;</span> <span class='ocrx_word' id='word_1_111' title='bbox 3661 750 3865 805; x_wconf 90' lang='lat' dir='ltr'>tantis-</span> 
     </span>
    </p>
   </div>
   <div class='ocr_carea' id='block_1_20' title="bbox 2215 823 3865 909">
    <p class='ocr_par' dir='ltr' id='par_1_20' title="bbox 2215 823 3865 909">
     <span class='ocr_line' id='line_1_20' title="bbox 2215 823 3865 909; baseline 0.012 -32"><span class='ocrx_word' id='word_1_112' title='bbox 2215 838 2318 894; x_wconf 89' lang='lat' dir='ltr'>per</span> <span class='ocrx_word' id='word_1_113' title='bbox 2347 823 2649 880; x_wconf 80' lang='lat' dir='ltr'>abstinens</span> <span class='ocrx_word' id='word_1_114' title='bbox 2681 826 2752 882; x_wconf 89' lang='lat' dir='ltr'>ab</span> <span class='ocrx_word' id='word_1_115' title='bbox 2787 825 2917 883; x_wconf 91' lang='lat' dir='ltr'>aliis</span> <span class='ocrx_word' id='word_1_116' title='bbox 2949 830 3497 904; x_wconf 89' lang='lat' dir='ltr'>negotiis,quamvis</span> <span class='ocrx_word' id='word_1_117' title='bbox 3517 839 3753 909; x_wconf 82' lang='lat' dir='ltr'>gravius</span> <span class='ocrx_word' id='word_1_118' title='bbox 3774 839 3865 896; x_wconf 89' lang='lat' dir='ltr'>in-</span> 
     </span>
    </p>
   </div>
   <div class='ocr_carea' id='block_1_21' title="bbox 2215 911 3867 996">
    <p class='ocr_par' dir='ltr' id='par_1_21' title="bbox 2215 911 3867 996">
     <span class='ocr_line' id='line_1_21' title="bbox 2215 911 3867 996; baseline 0.012 -30"><span class='ocrx_word' id='word_1_119' title='bbox 2215 911 2632 969; x_wconf 83' lang='lat' dir='ltr'>cumbentibus</span> <span class='ocrx_word' id='word_1_120' title='bbox 2655 918 2711 968; x_wconf 89' lang='lat' dir='ltr'>et</span> <span class='ocrx_word' id='word_1_121' title='bbox 2731 915 2802 969; x_wconf 93' lang='lat' dir='ltr'>ad</span> <span class='ocrx_word' id='word_1_122' title='bbox 2833 932 2895 971; x_wconf 91' lang='lat' dir='ltr'>se</span> <span class='ocrx_word' id='word_1_123' title='bbox 2917 917 3327 992; x_wconf 60' lang='lat' dir='ltr'>trahentibus};</span> <span class='ocrx_word' id='word_1_124' title='bbox 3347 940 3460 978; x_wconf 90' lang='lat' dir='ltr'>non</span> <span class='ocrx_word' id='word_1_125' title='bbox 3482 926 3748 996; x_wconf 89' lang='lat' dir='ltr'>publicas</span> <span class='ocrx_word' id='word_1_126' title='bbox 3771 946 3867 984; x_wconf 92' lang='lat' dir='ltr'>cu-</span> 
     </span>
    </p>
   </div>
   <div class='ocr_carea' id='block_1_22' title="bbox 2217 1001 3868 1086">
    <p class='ocr_par' dir='ltr' id='par_1_22' title="bbox 2217 1001 3868 1086">
     <span class='ocr_line' id='line_1_22' title="bbox 2217 1001 3868 1086; baseline 0.012 -31"><span class='ocrx_word' id='word_1_127' title='bbox 2217 1017 2354 1056; x_wconf 88' lang='lat' dir='ltr'>rans</span> <span class='ocrx_word' id='word_1_128' title='bbox 2376 1001 3056 1074; x_wconf 85' lang='lat' dir='ltr'>administrationes,non</span> <span class='ocrx_word' id='word_1_129' title='bbox 3089 1009 3354 1079; x_wconf 88' lang='lat' dir='ltr'>politicas</span> <span class='ocrx_word' id='word_1_130' title='bbox 3375 1013 3636 1086; x_wconf 83' lang='lat' dir='ltr'>dirigens</span> <span class='ocrx_word' id='word_1_131' title='bbox 3659 1017 3868 1074; x_wconf 88' lang='lat' dir='ltr'>sollici-</span> 
     </span>
    </p>
   </div>
   <div class='ocr_carea' id='block_1_23' title="bbox 2215 1089 3867 1180">
    <p class='ocr_par' dir='ltr' id='par_1_23' title="bbox 2215 1089 3867 1180">
     <span class='ocr_line' id='line_1_23' title="bbox 2215 1089 3867 1180; baseline 0.011 -34"><span class='ocrx_word' id='word_1_132' title='bbox 2215 1089 2469 1160; x_wconf 88' lang='lat' dir='ltr'>tudines,</span> <span class='ocrx_word' id='word_1_133' title='bbox 2520 1108 2635 1148; x_wconf 90' lang='lat' dir='ltr'>non</span> <span class='ocrx_word' id='word_1_134' title='bbox 2684 1094 3001 1152; x_wconf 83' lang='lat' dir='ltr'>seditiones</span> <span class='ocrx_word' id='word_1_135' title='bbox 3051 1115 3322 1157; x_wconf 85' lang='lat' dir='ltr'>coercens</span> <span class='ocrx_word' id='word_1_136' title='bbox 3386 1108 3485 1158; x_wconf 91' lang='lat' dir='ltr'>aut</span> <span class='ocrx_word' id='word_1_137' title='bbox 3528 1103 3682 1162; x_wconf 92' lang='lat' dir='ltr'>bella</span> <span class='ocrx_word' id='word_1_138' title='bbox 3732 1112 3867 1180; x_wconf 84' lang='lat' dir='ltr'>apte</span> 
     </span>
    </p>
   </div>
   <div class='ocr_carea' id='block_1_24' title="bbox 2217 1180 3860 1269">
    <p class='ocr_par' dir='ltr' id='par_1_24' title="bbox 2217 1180 3860 1269">
     <span class='ocr_line' id='line_1_24' title="bbox 2217 1180 3860 1269; baseline 0.012 -35"><span class='ocrx_word' id='word_1_139' title='bbox 2217 1180 2712 1250; x_wconf 88' lang='lat' dir='ltr'>ordinans,totum</span> <span class='ocrx_word' id='word_1_140' title='bbox 2744 1200 2802 1240; x_wconf 92' lang='lat' dir='ltr'>se</span> <span class='ocrx_word' id='word_1_141' title='bbox 2832 1191 3034 1242; x_wconf 87' lang='lat' dir='ltr'>contra</span> <span class='ocrx_word' id='word_1_142' title='bbox 3064 1205 3248 1246; x_wconf 91' lang='lat' dir='ltr'>unum</span> <span class='ocrx_word' id='word_1_143' title='bbox 3273 1191 3503 1266; x_wconf 83' lang='lat' dir='ltr'>collegit</span> <span class='ocrx_word' id='word_1_144' title='bbox 3523 1194 3860 1269; x_wconf 88' lang='lat' dir='ltr'>Georgium,</span> 
     </span>
    </p>
   </div>
   <div class='ocr_carea' id='block_1_25' title="bbox 2217 1271 3864 1346">
    <p class='ocr_par' dir='ltr' id='par_1_25' title="bbox 2217 1271 3864 1346">
     <span class='ocr_line' id='line_1_25' title="bbox 2217 1271 3864 1346; baseline 0.013 -22"><span class='ocrx_word' id='word_1_145' title='bbox 2217 1285 2390 1326; x_wconf 89' lang='lat' dir='ltr'>omne</span> <span class='ocrx_word' id='word_1_146' title='bbox 2421 1271 2480 1326; x_wconf 89' lang='lat' dir='ltr'>in</span> <span class='ocrx_word' id='word_1_147' title='bbox 2498 1287 2564 1327; x_wconf 89' lang='lat' dir='ltr'>eo</span> <span class='ocrx_word' id='word_1_148' title='bbox 2588 1276 3084 1346; x_wconf 90' lang='lat' dir='ltr'>tempus,omnem</span> <span class='ocrx_word' id='word_1_149' title='bbox 3113 1277 3464 1338; x_wconf 86' lang='lat' dir='ltr'>industriam</span> <span class='ocrx_word' id='word_1_150' title='bbox 3487 1301 3864 1345; x_wconf 88' lang='lat' dir='ltr'>consumens.</span> 
     </span>
    </p>
   </div>
   <div class='ocr_carea' id='block_1_26' title="bbox 2290 1359 3865 1434">
    <p class='ocr_par' dir='ltr' id='par_1_26' title="bbox 2290 1359 3865 1434">
     <span class='ocr_line' id='line_1_26' title="bbox 2290 1359 3865 1434; baseline 0.014 -22"><span class='ocrx_word' id='word_1_151' title='bbox 2290 1360 2378 1413; x_wconf 84' lang='lat'>22.</span> <span class='ocrx_word' id='word_1_152' title='bbox 2413 1359 2530 1415; x_wconf 92' lang='lat' dir='ltr'>Hoc</span> <span class='ocrx_word' id='word_1_153' title='bbox 2560 1365 2755 1418; x_wconf 89' lang='lat' dir='ltr'>autem</span> <span class='ocrx_word' id='word_1_154' title='bbox 2808 1366 3187 1422; x_wconf 86' lang='lat' dir='ltr'>manifestum</span> <span class='ocrx_word' id='word_1_155' title='bbox 3218 1369 3318 1425; x_wconf 84' lang='lat' dir='ltr'>fiet</span> <span class='ocrx_word' id='word_1_156' title='bbox 3357 1375 3865 1434; x_wconf 83' lang='lat' dir='ltr'>considerantibus</span> 
     </span>
    </p>
   </div>
   <div class='ocr_carea' id='block_1_27' title="bbox 2221 1447 3864 1523">
    <p class='ocr_par' dir='ltr' id='par_1_27' title="bbox 2221 1447 3864 1523">
     <span class='ocr_line' id='line_1_27' title="bbox 2221 1447 3864 1523; baseline 0.012 -19"><span class='ocrx_word' id='word_1_157' title='bbox 2221 1447 2627 1506; x_wconf 84' lang='lat' dir='ltr'>assiduitatem</span> <span class='ocrx_word' id='word_1_158' title='bbox 2657 1455 2714 1506; x_wconf 88' lang='lat' dir='ltr'>et</span> <span class='ocrx_word' id='word_1_159' title='bbox 2760 1451 3144 1512; x_wconf 87' lang='lat' dir='ltr'>intentionem</span> <span class='ocrx_word' id='word_1_160' title='bbox 3175 1459 3354 1515; x_wconf 91' lang='lat' dir='ltr'>studii</span> <span class='ocrx_word' id='word_1_161' title='bbox 3386 1463 3562 1519; x_wconf 89' lang='lat' dir='ltr'>rebus</span> <span class='ocrx_word' id='word_1_162' title='bbox 3593 1465 3722 1521; x_wconf 82' lang='lat' dir='ltr'>istis</span> <span class='ocrx_word' id='word_1_163' title='bbox 3753 1468 3864 1523; x_wconf 85' lang='lat' dir='ltr'>im—</span> 
     </span>
    </p>
   </div>
   <div class='ocr_carea' id='block_1_28' title="bbox 2166 1537 3867 1625">
    <p class='ocr_par' dir='ltr' id='par_1_28' title="bbox 2166 1537 3867 1625">
     <span class='ocr_line' id='line_1_28' title="bbox 2166 1537 3867 1625; baseline 0.013 -33"><span class='ocrx_word' id='word_1_164' title='bbox 2166 1595 2170 1600; x_wconf 55' lang='lat'>,</span> <span class='ocrx_word' id='word_1_165' title='bbox 2222 1538 2409 1610; x_wconf 89' lang='lat' dir='ltr'>pensi.</span> <span class='ocrx_word' id='word_1_166' title='bbox 2441 1537 2548 1594; x_wconf 90' lang='lat' dir='ltr'>Illa</span> <span class='ocrx_word' id='word_1_167' title='bbox 2575 1539 2731 1595; x_wconf 89' lang='lat' dir='ltr'>enim</span> <span class='ocrx_word' id='word_1_168' title='bbox 2764 1541 2854 1598; x_wconf 90' lang='lat' dir='ltr'>die</span> <span class='ocrx_word' id='word_1_169' title='bbox 2883 1542 2942 1598; x_wconf 91' lang='lat' dir='ltr'>in</span> <span class='ocrx_word' id='word_1_170' title='bbox 2975 1561 3264 1604; x_wconf 89' lang='lat' dir='ltr'>carcerem</span> <span class='ocrx_word' id='word_1_171' title='bbox 3297 1565 3428 1606; x_wconf 89' lang='lat' dir='ltr'>eum</span> <span class='ocrx_word' id='word_1_172' title='bbox 3460 1554 3658 1625; x_wconf 85' lang='lat' dir='ltr'>misit;</span> <span class='ocrx_word' id='word_1_173' title='bbox 3693 1561 3867 1614; x_wconf 88' lang='lat' dir='ltr'>noctu</span> 
     </span>
    </p>
   </div>
   <div class='ocr_carea' id='block_1_29' title="bbox 2223 1628 3872 1703">
    <p class='ocr_par' dir='ltr' id='par_1_29' title="bbox 2223 1628 3872 1703">
     <span class='ocr_line' id='line_1_29' title="bbox 2223 1628 3872 1703; baseline 0.013 -21"><span class='ocrx_word' id='word_1_174' title='bbox 2223 1631 2443 1695; x_wconf 89' lang='lat' dir='ltr'>autem,</span> <span class='ocrx_word' id='word_1_175' title='bbox 2475 1631 2540 1682; x_wconf 88' lang='lat' dir='ltr'>ut</span> <span class='ocrx_word' id='word_1_176' title='bbox 2569 1628 2801 1697; x_wconf 87' lang='lat' dir='ltr'>assolet,</span> <span class='ocrx_word' id='word_1_177' title='bbox 2835 1630 3205 1703; x_wconf 88' lang='lat' dir='ltr'>iniquitatem</span> <span class='ocrx_word' id='word_1_178' title='bbox 3253 1640 3570 1700; x_wconf 88' lang='lat' dir='ltr'>meditatus</span> <span class='ocrx_word' id='word_1_179' title='bbox 3600 1645 3658 1700; x_wconf 92' lang='lat' dir='ltr'>in</span> <span class='ocrx_word' id='word_1_180' title='bbox 3691 1647 3872 1703; x_wconf 89' lang='lat' dir='ltr'>cubili</span> 
     </span>
    </p>
   </div>
   <div class='ocr_carea' id='block_1_30' title="bbox 2223 1718 3991 1804">
    <p class='ocr_par' dir='ltr' id='par_1_30' title="bbox 2223 1718 3991 1804">
     <span class='ocr_line' id='line_1_30' title="bbox 2223 1718 3991 1804; baseline 0.013 -34"><span class='ocrx_word' id='word_1_181' title='bbox 2223 1732 2491 1785; x_wconf 85' lang='lat' dir='ltr'>suo,mox</span> <span class='ocrx_word' id='word_1_182' title='bbox 2526 1721 2589 1772; x_wconf 90' lang='lat' dir='ltr'>ut</span> <span class='ocrx_word' id='word_1_183' title='bbox 2617 1718 2743 1774; x_wconf 92' lang='lat' dir='ltr'>dies</span> <span class='ocrx_word' id='word_1_184' title='bbox 2771 1718 2961 1774; x_wconf 82' lang='lat' dir='ltr'>illuxit</span> <span class='ocrx_word' id='word_1_185' title='bbox 2990 1739 3095 1794; x_wconf 91' lang='lat' dir='ltr'>pro</span> <span class='ocrx_word' id='word_1_186' title='bbox 3125 1725 3405 1783; x_wconf 88' lang='lat' dir='ltr'>tribunali</span> <span class='ocrx_word' id='word_1_187' title='bbox 3428 1733 3874 1804; x_wconf 89' lang='lat' dir='ltr'>sedens,multis</span> <span class='ocrx_word' id='word_1_188' title='bbox 3984 1769 3991 1775; x_wconf 92' lang='lat'><strong>-</strong></span> 
     </span>
    </p>
   </div>
   <div class='ocr_carea' id='block_1_31' title="bbox 2225 1803 3876 1896">
    <p class='ocr_par' dir='ltr' id='par_1_31' title="bbox 2225 1803 3876 1896">
     <span class='ocr_line' id='line_1_31' title="bbox 2225 1803 3876 1896; baseline 0.014 -37"><span class='ocrx_word' id='word_1_189' title='bbox 2225 1803 2743 1862; x_wconf 83' lang='lat' dir='ltr'>circumstantibus</span> <span class='ocrx_word' id='word_1_190' title='bbox 2761 1809 2833 1863; x_wconf 91' lang='lat' dir='ltr'>ad</span> <span class='ocrx_word' id='word_1_191' title='bbox 2856 1824 3058 1866; x_wconf 91' lang='lat' dir='ltr'>eorum</span> <span class='ocrx_word' id='word_1_192' title='bbox 3079 1813 3177 1884; x_wconf 88' lang='lat' dir='ltr'>qui</span> <span class='ocrx_word' id='word_1_193' title='bbox 3200 1815 3542 1875; x_wconf 90' lang='lat' dir='ltr'>advenirent</span> <span class='ocrx_word' id='word_1_194' title='bbox 3556 1823 3876 1896; x_wconf 84' lang='lat' dir='ltr'>susceptio-</span> 
     </span>
    </p>
   </div>
   <div class='ocr_carea' id='block_1_32' title="bbox 426 1891 2127 1996">
    <p class='ocr_par' dir='ltr' id='par_1_32' title="bbox 426 1891 2113 1996">
     <span class='ocr_line' id='line_1_32' title="bbox 426 1891 2113 1974; baseline -0.004 -20"><span class='ocrx_word' id='word_1_195' title='bbox 426 1903 578 1960; x_wconf 48' lang='lat' dir='ltr'>«ei:</span> <span class='ocrx_word' id='word_1_196' title='bbox 621 1899 972 1974; x_wconf 74' lang='grc' dir='ltr'>περιεστῶσιν</span> <span class='ocrx_word' id='word_1_197' title='bbox 1027 1892 1118 1950; x_wconf 75' lang='grc' dir='ltr'>ἐπὶ</span> <span class='ocrx_word' id='word_1_198' title='bbox 1167 1891 1472 1967; x_wconf 75' lang='grc' dir='ltr'>καταλήψει</span> <span class='ocrx_word' id='word_1_199' title='bbox 1521 1896 1631 1950; x_wconf 81' lang='grc' dir='ltr'>τῶν</span> <span class='ocrx_word' id='word_1_200' title='bbox 1670 1891 2113 1969; x_wconf 76' lang='grc' dir='ltr'>ἐντυγχανόντων</span> 
     </span>
     <span class='ocr_line' id='line_1_33' title="bbox 532 1975 2027 1996; baseline 0 0"><span class='ocrx_word' id='word_1_201' title='bbox 532 1985 552 1996; x_wconf 73' lang='grc' dir='ltr'><strong><em>,ι</em></strong></span> <span class='ocrx_word' id='word_1_202' title='bbox 634 1983 661 1996; x_wconf 67' lang='grc' dir='ltr'>σι</span> <span class='ocrx_word' id='word_1_203' title='bbox 921 1983 934 1996; x_wconf 73' lang='grc' dir='ltr'><em>ι</em></span> <span class='ocrx_word' id='word_1_204' title='bbox 1246 1982 1261 1996; x_wconf 86' lang='lat'><strong><em>\</em></strong></span> <span class='ocrx_word' id='word_1_205' title='bbox 1450 1975 1505 1996; x_wconf 60' lang='grc' dir='ltr'>ος</span> <span class='ocrx_word' id='word_1_206' title='bbox 1607 1982 1618 1996; x_wconf 81' lang='grc'><strong><em>1</em></strong></span> <span class='ocrx_word' id='word_1_207' title='bbox 2004 1987 2027 1996; x_wconf 64' lang='grc' dir='ltr'>υ</span> 
     </span>
    </p>
   </div>
   <div class='ocr_carea' id='block_1_33' title="bbox 2238 1891 3874 1996">
    <p class='ocr_par' dir='ltr' id='par_1_33' title="bbox 2238 1893 3874 1972">
     <span class='ocr_line' id='line_1_34' title="bbox 2238 1893 3874 1972; baseline 0.015 -24"><span class='ocrx_word' id='word_1_208' title='bbox 2238 1893 2770 1967; x_wconf 88' lang='lat' dir='ltr'>nem,stipatusque</span> <span class='ocrx_word' id='word_1_209' title='bbox 2799 1898 3073 1956; x_wconf 87' lang='lat' dir='ltr'>satellitio</span> <span class='ocrx_word' id='word_1_210' title='bbox 3103 1907 3161 1958; x_wconf 91' lang='lat' dir='ltr'>et</span> <span class='ocrx_word' id='word_1_211' title='bbox 3190 1905 3456 1964; x_wconf 89' lang='lat' dir='ltr'>omnium</span> <span class='ocrx_word' id='word_1_212' title='bbox 3489 1909 3546 1965; x_wconf 91' lang='lat' dir='ltr'>in</span> <span class='ocrx_word' id='word_1_213' title='bbox 3579 1929 3641 1968; x_wconf 91' lang='lat' dir='ltr'>se</span> <span class='ocrx_word' id='word_1_214' title='bbox 3670 1914 3874 1972; x_wconf 89' lang='lat' dir='ltr'>oculos</span> 
     </span>
    </p>
   </div>
   <div class='ocr_carea' id='block_1_34' title="bbox 459 1975 2113 2063">
    <p class='ocr_par' dir='ltr' id='par_1_34' title="bbox 459 1975 2113 2063">
     <span class='ocr_line' id='line_1_35' title="bbox 459 1975 2113 2063; baseline -0.005 -19"><span class='ocrx_word' id='word_1_215' title='bbox 459 1985 554 2045; x_wconf 80' lang='grc' dir='ltr'>καῖ</span> <span class='ocrx_word' id='word_1_216' title='bbox 619 1983 1107 2063; x_wconf 67' lang='grc' dir='ltr'>δορυφορούμενος</span> <span class='ocrx_word' id='word_1_217' title='bbox 1174 1982 1264 2038; x_wconf 83' lang='grc' dir='ltr'>καὶ</span> <span class='ocrx_word' id='word_1_218' title='bbox 1319 1975 1808 2058; x_wconf 82' lang='grc' dir='ltr'>περιϐλεπόμενος,</span> <span class='ocrx_word' id='word_1_219' title='bbox 1866 1987 2113 2059; x_wconf 85' lang='grc' dir='ltr'>παρεῖναι</span> 
     </span>
    </p>
   </div>
   <div class='ocr_carea' id='block_1_35' title="bbox 431 2069 2120 2149">
    <p class='ocr_par' dir='ltr' id='par_1_35' title="bbox 431 2069 2120 2149">
     <span class='ocr_line' id='line_1_36' title="bbox 431 2069 2120 2149; baseline -0.005 -14"><span class='ocrx_word' id='word_1_220' title='bbox 431 2075 696 2135; x_wconf 75' lang='grc' dir='ltr'>-κελεύει,</span> <span class='ocrx_word' id='word_1_221' title='bbox 765 2075 824 2130; x_wconf 84' lang='grc' dir='ltr'>Ὁ</span> <span class='ocrx_word' id='word_1_222' title='bbox 901 2071 959 2129; x_wconf 76' lang='grc' dir='ltr'>δὲ</span> <span class='ocrx_word' id='word_1_223' title='bbox 1021 2078 1224 2148; x_wconf 82' lang='grc' dir='ltr'>παρῆν,</span> <span class='ocrx_word' id='word_1_224' title='bbox 1292 2069 1573 2149; x_wconf 77' lang='grc' dir='ltr'>ἀμφότερα</span> <span class='ocrx_word' id='word_1_225' title='bbox 1637 2071 1711 2134; x_wconf 84' lang='grc' dir='ltr'>ὡς</span> <span class='ocrx_word' id='word_1_226' title='bbox 1811 2069 2120 2148; x_wconf 75' lang='grc' dir='ltr'>ἐῤῥωμένος</span> 
     </span>
    </p>
   </div>
   <div class='ocr_carea' id='block_1_36' title="bbox 461 2157 2117 2239">
    <p class='ocr_par' dir='ltr' id='par_1_36' title="bbox 461 2157 2117 2239">
     <span class='ocr_line' id='line_1_37' title="bbox 461 2157 2117 2239; baseline -0.004 -17"><span class='ocrx_word' id='word_1_227' title='bbox 461 2161 952 2239; x_wconf 71' lang='grc' dir='ltr'>ποιούμενος,ικαὶ</span> <span class='ocrx_word' id='word_1_228' title='bbox 1006 2161 1186 2217; x_wconf 84' lang='grc' dir='ltr'>στάσιν</span> <span class='ocrx_word' id='word_1_229' title='bbox 1236 2160 1471 2230; x_wconf 76' lang='grc' dir='ltr'>ὁπηνίκα</span> <span class='ocrx_word' id='word_1_230' title='bbox 1517 2157 1727 2232; x_wconf 77' lang='grc' dir='ltr'>δεήσοι,</span> <span class='ocrx_word' id='word_1_231' title='bbox 1757 2160 1847 2215; x_wconf 87' lang='grc' dir='ltr'>καὶ</span> <span class='ocrx_word' id='word_1_232' title='bbox 1903 2160 2117 2231; x_wconf 84' lang='grc' dir='ltr'>κίνησιν</span> 
     </span>
    </p>
   </div>
   <div class='ocr_carea' id='block_1_37' title="bbox 466 2247 2118 2330">
    <p class='ocr_par' dir='ltr' id='par_1_37' title="bbox 466 2247 2118 2330">
     <span class='ocr_line' id='line_1_38' title="bbox 466 2247 2118 2330; baseline -0.004 -19"><span class='ocrx_word' id='word_1_233' title='bbox 466 2255 596 2312; x_wconf 72' lang='grc' dir='ltr'>ὅποι</span> <span class='ocrx_word' id='word_1_234' title='bbox 625 2254 892 2330; x_wconf 83' lang='grc' dir='ltr'>παρήκοι,</span> <span class='ocrx_word' id='word_1_235' title='bbox 925 2249 1094 2325; x_wconf 76' lang='grc' dir='ltr'>μηδὲν</span> <span class='ocrx_word' id='word_1_236' title='bbox 1145 2249 1390 2312; x_wconf 88' lang='grc' dir='ltr'>συνόλως</span> <span class='ocrx_word' id='word_1_237' title='bbox 1430 2248 1504 2305; x_wconf 22' lang='grc' dir='ltr'>ἐκ.</span> <span class='ocrx_word' id='word_1_238' title='bbox 1536 2255 1635 2320; x_wconf 73' lang='grc' dir='ltr'>τῆς</span> <span class='ocrx_word' id='word_1_239' title='bbox 1677 2253 1785 2305; x_wconf 82' lang='grc' dir='ltr'>τῶν</span> <span class='ocrx_word' id='word_1_240' title='bbox 1833 2247 2118 2326; x_wconf 79' lang='grc' dir='ltr'>κρηπίδων</span> 
     </span>
    </p>
   </div>
   <div class='ocr_carea' id='block_1_38' title="bbox 451 2337 2124 2419">
    <p class='ocr_par' dir='ltr' id='par_1_38' title="bbox 451 2337 2124 2419">
     <span class='ocr_line' id='line_1_39' title="bbox 451 2337 2124 2419; baseline -0.002 -23"><span class='ocrx_word' id='word_1_241' title='bbox 451 2344 708 2419; x_wconf 57' lang='grc' dir='ltr'>«ἀνάγκης</span> <span class='ocrx_word' id='word_1_242' title='bbox 781 2337 1345 2418; x_wconf 84' lang='grc' dir='ltr'>παρεμποδιζόμενος,</span> <span class='ocrx_word' id='word_1_243' title='bbox 1423 2344 1653 2415; x_wconf 84' lang='grc' dir='ltr'>πρᾶγμα</span> <span class='ocrx_word' id='word_1_244' title='bbox 1741 2342 1904 2394; x_wconf 87' lang='grc' dir='ltr'>τοῦτο</span> <span class='ocrx_word' id='word_1_245' title='bbox 1976 2339 2124 2415; x_wconf 72' lang='grc' dir='ltr'>παρὰ</span> 
     </span>
    </p>
   </div>
   <div class='ocr_carea' id='block_1_39' title="bbox 461 2427 2122 2506">
    <p class='ocr_par' dir='ltr' id='par_1_39' title="bbox 461 2427 2122 2506">
     <span class='ocr_line' id='line_1_40' title="bbox 461 2427 2122 2506; baseline -0.004 -16"><span class='ocrx_word' id='word_1_246' title='bbox 461 2440 642 2490; x_wconf 74' lang='grc' dir='ltr'>πᾶσαν</span> <span class='ocrx_word' id='word_1_247' title='bbox 695 2431 822 2488; x_wconf 81' lang='grc' dir='ltr'>τότε</span> <span class='ocrx_word' id='word_1_248' title='bbox 894 2427 1220 2506; x_wconf 84' lang='grc' dir='ltr'>προσδοκίαν</span> <span class='ocrx_word' id='word_1_249' title='bbox 1279 2429 1460 2506; x_wconf 76' lang='grc' dir='ltr'>φανὲν.</span> <span class='ocrx_word' id='word_1_250' title='bbox 1512 2427 1604 2491; x_wconf 87' lang='grc' dir='ltr'>Τίς</span> <span class='ocrx_word' id='word_1_251' title='bbox 1660 2428 1761 2505; x_wconf 84' lang='grc' dir='ltr'>γὰρ</span> <span class='ocrx_word' id='word_1_252' title='bbox 1818 2427 1879 2484; x_wconf 79' lang='grc' dir='ltr'>ἂν</span> <span class='ocrx_word' id='word_1_253' title='bbox 1934 2429 2122 2501; x_wconf 80' lang='grc' dir='ltr'>ᾠήθην</span> 
     </span>
    </p>
   </div>
   <div class='ocr_carea' id='block_1_40' title="bbox 470 2515 2120 2594">
    <p class='ocr_par' dir='ltr' id='par_1_40' title="bbox 470 2515 2120 2594">
     <span class='ocr_line' id='line_1_41' title="bbox 470 2515 2120 2594; baseline -0.004 -16"><span class='ocrx_word' id='word_1_254' title='bbox 470 2522 674 2579; x_wconf 81' lang='grc' dir='ltr'>ὁπόταν</span> <span class='ocrx_word' id='word_1_255' title='bbox 707 2521 756 2577; x_wconf 82' lang='grc' dir='ltr'>εἰ</span> <span class='ocrx_word' id='word_1_256' title='bbox 786 2520 878 2576; x_wconf 85' lang='grc' dir='ltr'>καὶ</span> <span class='ocrx_word' id='word_1_257' title='bbox 922 2520 998 2594; x_wconf 85' lang='grc' dir='ltr'>μή</span> <span class='ocrx_word' id='word_1_258' title='bbox 1027 2517 1214 2576; x_wconf 83' lang='grc' dir='ltr'>τέλεον</span> <span class='ocrx_word' id='word_1_259' title='bbox 1267 2515 1500 2574; x_wconf 74' lang='grc' dir='ltr'>ἀπέλιπε</span> <span class='ocrx_word' id='word_1_260' title='bbox 1527 2518 1628 2587; x_wconf 77' lang='grc' dir='ltr'>τήν</span> <span class='ocrx_word' id='word_1_261' title='bbox 1657 2519 1846 2587; x_wconf 70' lang='grc' dir='ltr'>ζωὴν,</span> <span class='ocrx_word' id='word_1_262' title='bbox 1875 2517 2000 2574; x_wconf 84' lang='grc' dir='ltr'>ἀλλ’</span> <span class='ocrx_word' id='word_1_263' title='bbox 2029 2517 2120 2573; x_wconf 81' lang='grc' dir='ltr'>οὖν</span> 
     </span>
    </p>
   </div>
   <div class='ocr_carea' id='block_1_41' title="bbox 470 2599 2122 2684">
    <p class='ocr_par' dir='ltr' id='par_1_41' title="bbox 470 2599 2122 2684">
     <span class='ocr_line' id='line_1_42' title="bbox 470 2599 2122 2684; baseline -0.005 -15"><span class='ocrx_word' id='word_1_264' title='bbox 470 2611 648 2674; x_wconf 80' lang='grc' dir='ltr'>οὕτως</span> <span class='ocrx_word' id='word_1_265' title='bbox 710 2611 886 2682; x_wconf 65' lang='grc' dir='ltr'>ἑαυτῷ</span> <span class='ocrx_word' id='word_1_266' title='bbox 942 2599 1083 2664; x_wconf 86' lang='grc' dir='ltr'>ποτε</span> <span class='ocrx_word' id='word_1_267' title='bbox 1132 2609 1441 2684; x_wconf 87' lang='grc' dir='ltr'>χρήσασθαι</span> <span class='ocrx_word' id='word_1_268' title='bbox 1503 2604 1840 2678; x_wconf 84' lang='grc' dir='ltr'>δυνηθῆναι;</span> <span class='ocrx_word' id='word_1_269' title='bbox 1890 2607 2019 2662; x_wconf 84' lang='grc' dir='ltr'>Νυνὶ</span> <span class='ocrx_word' id='word_1_270' title='bbox 2076 2605 2122 2662; x_wconf 85' lang='grc' dir='ltr'>δ’</span> 
     </span>
    </p>
   </div>
   <div class='ocr_carea' id='block_1_42' title="bbox 430 2695 2124 2778">
    <p class='ocr_par' dir='ltr' id='par_1_42' title="bbox 430 2695 2124 2778">
     <span class='ocr_line' id='line_1_43' title="bbox 430 2695 2124 2778; baseline -0.005 -20"><span class='ocrx_word' id='word_1_271' title='bbox 430 2701 764 2778; x_wconf 68' lang='grc' dir='ltr'>·ὶκέχρητο,</span> <span class='ocrx_word' id='word_1_272' title='bbox 798 2698 1084 2775; x_wconf 76' lang='grc' dir='ltr'>ἐπικουρίᾳ</span> <span class='ocrx_word' id='word_1_273' title='bbox 1133 2701 1290 2767; x_wconf 88' lang='grc' dir='ltr'>Θεοῦ,</span> <span class='ocrx_word' id='word_1_274' title='bbox 1321 2695 1546 2772; x_wconf 77' lang='grc' dir='ltr'>πληγὴν</span> <span class='ocrx_word' id='word_1_275' title='bbox 1600 2695 1814 2758; x_wconf 87' lang='grc' dir='ltr'>πάντως</span> <span class='ocrx_word' id='word_1_276' title='bbox 1869 2696 2124 2774; x_wconf 87' lang='grc' dir='ltr'>προστρί-</span> 
     </span>
    </p>
   </div>
   <div class='ocr_carea' id='block_1_43' title="bbox 468 2784 2118 2862">
    <p class='ocr_par' dir='ltr' id='par_1_43' title="bbox 468 2784 2118 2862">
     <span class='ocr_line' id='line_1_44' title="bbox 468 2784 2118 2862; baseline -0.001 -16"><span class='ocrx_word' id='word_1_277' title='bbox 468 2784 662 2853; x_wconf 76' lang='grc' dir='ltr'>ϐοντος</span> <span class='ocrx_word' id='word_1_278' title='bbox 736 2787 1133 2859; x_wconf 83' lang='grc' dir='ltr'>Δισκλητιανῷ,</span> <span class='ocrx_word' id='word_1_279' title='bbox 1202 2785 1293 2842; x_wconf 84' lang='grc' dir='ltr'>καὶ</span> <span class='ocrx_word' id='word_1_280' title='bbox 1370 2787 1442 2840; x_wconf 85' lang='grc' dir='ltr'>ὧν</span> <span class='ocrx_word' id='word_1_281' title='bbox 1532 2784 1792 2862; x_wconf 80' lang='grc' dir='ltr'>ἐπήνεγκε</span> <span class='ocrx_word' id='word_1_282' title='bbox 1877 2787 2118 2860; x_wconf 79' lang='grc' dir='ltr'>μείζονα.</span> 
     </span>
    </p>
   </div>
   <div class='ocr_carea' id='block_1_44' title="bbox 467 2872 2122 2954">
    <p class='ocr_par' dir='ltr' id='par_1_44' title="bbox 467 2872 2122 2954">
     <span class='ocr_line' id='line_1_45' title="bbox 467 2872 2122 2954; baseline 0.017 -50"><span class='ocrx_word' id='word_1_283' title='bbox 467 2877 634 2938; x_wconf 69' lang='grc' dir='ltr'>Ἂλλς,</span> <span class='ocrx_word' id='word_1_284' title='bbox 667 2875 855 2949; x_wconf 57' lang='grc' dir='ltr'>ἐπειδή</span> <span class='ocrx_word' id='word_1_285' title='bbox 906 2897 967 2954; x_wconf 79' lang='grc' dir='ltr'>γε</span> <span class='ocrx_word' id='word_1_286' title='bbox 1015 2882 1218 2953; x_wconf 66' lang='grc' dir='ltr'>παρῆν,</span> <span class='ocrx_word' id='word_1_287' title='bbox 1248 2876 1391 2952; x_wconf 67' lang='grc' dir='ltr'>*Αρα</span> <span class='ocrx_word' id='word_1_288' title='bbox 1431 2874 1485 2930; x_wconf 90' lang='grc' dir='ltr'>τί</span> <span class='ocrx_word' id='word_1_289' title='bbox 1527 2895 1635 2946; x_wconf 91' lang='grc' dir='ltr'>σοι,</span> <span class='ocrx_word' id='word_1_290' title='bbox 1684 2873 1870 2953; x_wconf 81' lang='grc' dir='ltr'>φησὶν,</span> <span class='ocrx_word' id='word_1_291' title='bbox 1914 2872 2122 2947; x_wconf 76' lang='grc' dir='ltr'>ἡδονήν</span> 
     </span>
    </p>
   </div>
   <div class='ocr_carea' id='block_1_45' title="bbox 467 2961 2120 3043">
    <p class='ocr_par' dir='ltr' id='par_1_45' title="bbox 467 2961 2120 3043">
     <span class='ocr_line' id='line_1_46' title="bbox 467 2961 2120 3043; baseline -0.004 -18"><span class='ocrx_word' id='word_1_292' title='bbox 467 2989 590 3025; x_wconf 89' lang='grc' dir='ltr'>τινα</span> <span class='ocrx_word' id='word_1_293' title='bbox 642 2967 733 3022; x_wconf 86' lang='grc' dir='ltr'>καὶ</span> <span class='ocrx_word' id='word_1_294' title='bbox 777 2967 939 3043; x_wconf 83' lang='grc' dir='ltr'>χάριν</span> <span class='ocrx_word' id='word_1_295' title='bbox 996 2964 1290 3040; x_wconf 78' lang='grc' dir='ltr'>ἐσχήκασιν</span> <span class='ocrx_word' id='word_1_296' title='bbox 1342 2965 1398 3019; x_wconf 77' lang='grc' dir='ltr'>αἱ</span> <span class='ocrx_word' id='word_1_297' title='bbox 1445 2961 1751 3039; x_wconf 84' lang='grc' dir='ltr'>κρηπῖδες;</span> <span class='ocrx_word' id='word_1_298' title='bbox 1799 2963 1834 3033; x_wconf 72' lang='grc' dir='ltr'>ἢ</span> <span class='ocrx_word' id='word_1_299' title='bbox 1876 2962 1929 3018; x_wconf 87' lang='grc' dir='ltr'>τί</span> <span class='ocrx_word' id='word_1_300' title='bbox 1973 2964 2120 3038; x_wconf 72' lang='grc' dir='ltr'>φῄς;</span> 
     </span>
    </p>
   </div>
   <div class='ocr_carea' id='block_1_46' title="bbox 457 3050 2122 3130">
    <p class='ocr_par' dir='ltr' id='par_1_46' title="bbox 457 3050 2122 3130">
     <span class='ocr_line' id='line_1_47' title="bbox 457 3050 2122 3130; baseline -0.004 -16"><span class='ocrx_word' id='word_1_301' title='bbox 457 3056 562 3114; x_wconf 79' lang='grc' dir='ltr'>καὶ</span> <span class='ocrx_word' id='word_1_302' title='bbox 596 3057 692 3113; x_wconf 86' lang='grc' dir='ltr'>τὸν</span> <span class='ocrx_word' id='word_1_303' title='bbox 743 3057 825 3130; x_wconf 85' lang='grc'>(1)</span> <span class='ocrx_word' id='word_1_304' title='bbox 992 3058 1111 3116; x_wconf 81' lang='grc' dir='ltr'>πῶς</span> <span class='ocrx_word' id='word_1_305' title='bbox 1168 3053 1274 3129; x_wconf 79' lang='grc' dir='ltr'>γὰρ</span> <span class='ocrx_word' id='word_1_306' title='bbox 1331 3051 1440 3128; x_wconf 73' lang='grc' dir='ltr'>οὐχ</span> <span class='ocrx_word' id='word_1_307' title='bbox 1493 3050 1718 3124; x_wconf 70' lang='grc' dir='ltr'>ἡδονὴν,</span> <span class='ocrx_word' id='word_1_308' title='bbox 1771 3052 1816 3106; x_wconf 83' lang='grc' dir='ltr'><strong>ὦ</strong></span> <span class='ocrx_word' id='word_1_309' title='bbox 1877 3052 2122 3129; x_wconf 86' lang='grc' dir='ltr'>βασιλεῦ,</span> 
     </span>
    </p>
   </div>
   <div class='ocr_carea' id='block_1_47' title="bbox 476 3139 1908 3226">
    <p class='ocr_par' dir='ltr' id='par_1_47' title="bbox 476 3139 1908 3226">
     <span class='ocr_line' id='line_1_48' title="bbox 476 3139 1908 3226; baseline -0.004 -24"><span class='ocrx_word' id='word_1_310' title='bbox 476 3148 654 3226; x_wconf 72' lang='grc' dir='ltr'>φάναι,</span> <span class='ocrx_word' id='word_1_311' title='bbox 688 3145 804 3218; x_wconf 85' lang='grc' dir='ltr'>μεθ’</span> <span class='ocrx_word' id='word_1_312' title='bbox 833 3145 907 3200; x_wconf 82' lang='grc' dir='ltr'>ὧν</span> <span class='ocrx_word' id='word_1_313' title='bbox 931 3142 1047 3220; x_wconf 75' lang='grc' dir='ltr'>ἐγὼ</span> <span class='ocrx_word' id='word_1_314' title='bbox 1075 3143 1176 3212; x_wconf 86' lang='grc' dir='ltr'>τήν</span> <span class='ocrx_word' id='word_1_315' title='bbox 1203 3142 1341 3219; x_wconf 89' lang='grc' dir='ltr'>πρὸς</span> <span class='ocrx_word' id='word_1_316' title='bbox 1371 3141 1500 3197; x_wconf 87' lang='grc' dir='ltr'>Θεὸν</span> <span class='ocrx_word' id='word_1_317' title='bbox 1525 3139 1868 3220; x_wconf 83' lang='grc' dir='ltr'>ἐστελλόμην</span> <span class='ocrx_word' id='word_1_318' title='bbox 1891 3162 1908 3210; x_wconf 87' lang='lat'><strong><em>;</em></strong></span> 
     </span>
    </p>
   </div>
   <div class='ocr_carea' id='block_1_48' title="bbox 539 3228 2125 3311">
    <p class='ocr_par' dir='ltr' id='par_1_48' title="bbox 539 3228 2125 3311">
     <span class='ocr_line' id='line_1_49' title="bbox 539 3228 2125 3311; baseline -0.004 -19"><span class='ocrx_word' id='word_1_319' title='bbox 539 3236 663 3310; x_wconf 81' lang='grc' dir='ltr'>-κγ’.·</span> <span class='ocrx_word' id='word_1_320' title='bbox 683 3235 753 3290; x_wconf 88' lang='grc' dir='ltr'>Τὸ</span> <span class='ocrx_word' id='word_1_321' title='bbox 795 3230 854 3290; x_wconf 80' lang='grc' dir='ltr'>δὲ</span> <span class='ocrx_word' id='word_1_322' title='bbox 899 3230 968 3302; x_wconf 79' lang='grc' dir='ltr'>δὴ</span> <span class='ocrx_word' id='word_1_323' title='bbox 1013 3230 1231 3308; x_wconf 86' lang='grc' dir='ltr'>θράσος,</span> <span class='ocrx_word' id='word_1_324' title='bbox 1262 3228 1320 3286; x_wconf 75' lang='grc' dir='ltr'>α⁹ί</span> <span class='ocrx_word' id='word_1_325' title='bbox 1361 3252 1422 3287; x_wconf 89' lang='grc' dir='ltr'>τε</span> <span class='ocrx_word' id='word_1_326' title='bbox 1472 3237 1816 3307; x_wconf 83' lang='grc' dir='ltr'>μαγγανεῖαι,</span> <span class='ocrx_word' id='word_1_327' title='bbox 1841 3230 1915 3304; x_wconf 88' lang='grc' dir='ltr'>τί,</span> <span class='ocrx_word' id='word_1_328' title='bbox 1969 3232 2125 3311; x_wconf 79' lang='grc' dir='ltr'>φησὶ,</span> 
     </span>
    </p>
   </div>
   <div class='ocr_carea' id='block_1_49' title="bbox 2229 1982 3876 2068">
    <p class='ocr_par' dir='ltr' id='par_1_49' title="bbox 2229 1982 3876 2068">
     <span class='ocr_line' id='line_1_50' title="bbox 2229 1982 3876 2068; baseline 0.014 -31"><span class='ocrx_word' id='word_1_329' title='bbox 2229 1983 2521 2054; x_wconf 89' lang='lat' dir='ltr'>conjectos</span> <span class='ocrx_word' id='word_1_330' title='bbox 2567 1982 2811 2056; x_wconf 90' lang='lat' dir='ltr'>habens,</span> <span class='ocrx_word' id='word_1_331' title='bbox 2844 1985 3048 2044; x_wconf 85' lang='lat' dir='ltr'>adesse</span> <span class='ocrx_word' id='word_1_332' title='bbox 3094 1989 3404 2065; x_wconf 86' lang='lat' dir='ltr'>Georgium</span> <span class='ocrx_word' id='word_1_333' title='bbox 3445 1998 3636 2068; x_wconf 88' lang='lat' dir='ltr'>jubet.</span> <span class='ocrx_word' id='word_1_334' title='bbox 3669 2001 3876 2059; x_wconf 79' lang='lat' dir='ltr'>Adfuit</span> 
     </span>
    </p>
   </div>
   <div class='ocr_carea' id='block_1_50' title="bbox 2227 2072 3876 2158">
    <p class='ocr_par' dir='ltr' id='par_1_50' title="bbox 2227 2072 3876 2158">
     <span class='ocr_line' id='line_1_51' title="bbox 2227 2072 3876 2158; baseline 0.014 -30"><span class='ocrx_word' id='word_1_335' title='bbox 2227 2075 2444 2140; x_wconf 86' lang='lat' dir='ltr'>autem,</span> <span class='ocrx_word' id='word_1_336' title='bbox 2477 2075 2534 2127; x_wconf 90' lang='lat' dir='ltr'>et</span> <span class='ocrx_word' id='word_1_337' title='bbox 2580 2072 2912 2144; x_wconf 88' lang='lat' dir='ltr'>stationem,</span> <span class='ocrx_word' id='word_1_338' title='bbox 2946 2081 3181 2149; x_wconf 85' lang='lat' dir='ltr'>quando</span> <span class='ocrx_word' id='word_1_339' title='bbox 3224 2099 3371 2155; x_wconf 90' lang='lat' dir='ltr'>opus</span> <span class='ocrx_word' id='word_1_340' title='bbox 3420 2086 3548 2158; x_wconf 88' lang='lat' dir='ltr'>fuit,</span> <span class='ocrx_word' id='word_1_341' title='bbox 3580 2094 3638 2147; x_wconf 89' lang='lat' dir='ltr'>et</span> <span class='ocrx_word' id='word_1_342' title='bbox 3684 2092 3876 2150; x_wconf 89' lang='lat' dir='ltr'>inces-</span> 
     </span>
    </p>
   </div>
   <div class='ocr_carea' id='block_1_51' title="bbox 2229 2161 3878 2255">
    <p class='ocr_par' dir='ltr' id='par_1_51' title="bbox 2229 2161 3878 2255">
     <span class='ocr_line' id='line_1_52' title="bbox 2229 2161 3878 2255; baseline 0.017 -42"><span class='ocrx_word' id='word_1_343' title='bbox 2229 2176 2385 2232; x_wconf 90' lang='lat' dir='ltr'>sum,</span> <span class='ocrx_word' id='word_1_344' title='bbox 2445 2161 2678 2233; x_wconf 91' lang='lat' dir='ltr'>quando</span> <span class='ocrx_word' id='word_1_345' title='bbox 2736 2165 3112 2223; x_wconf 88' lang='lat' dir='ltr'>conveniebat</span> <span class='ocrx_word' id='word_1_346' title='bbox 3169 2171 3386 2230; x_wconf 83' lang='lat' dir='ltr'>faciens</span> <span class='ocrx_word' id='word_1_347' title='bbox 3439 2194 3451 2244; x_wconf 91' lang='lat'><strong>;</strong></span> <span class='ocrx_word' id='word_1_348' title='bbox 3511 2179 3570 2234; x_wconf 93' lang='lat' dir='ltr'>in</span> <span class='ocrx_word' id='word_1_349' title='bbox 3628 2186 3878 2255; x_wconf 86' lang='lat' dir='ltr'>utroque</span> 
     </span>
    </p>
   </div>
   <div class='ocr_carea' id='block_1_52' title="bbox 2230 2249 3876 2338">
    <p class='ocr_par' dir='ltr' id='par_1_52' title="bbox 2230 2249 3876 2338">
     <span class='ocr_line' id='line_1_53' title="bbox 2230 2249 3876 2338; baseline 0.016 -35"><span class='ocrx_word' id='word_1_350' title='bbox 2230 2249 2418 2320; x_wconf 87' lang='lat' dir='ltr'>fortis,</span> <span class='ocrx_word' id='word_1_351' title='bbox 2451 2252 2507 2304; x_wconf 90' lang='lat' dir='ltr'>et</span> <span class='ocrx_word' id='word_1_352' title='bbox 2538 2249 2682 2304; x_wconf 88' lang='lat' dir='ltr'>nihil</span> <span class='ocrx_word' id='word_1_353' title='bbox 2713 2253 2952 2309; x_wconf 90' lang='lat' dir='ltr'>omnino</span> <span class='ocrx_word' id='word_1_354' title='bbox 2999 2255 3318 2329; x_wconf 84' lang='lat' dir='ltr'>impeditus</span> <span class='ocrx_word' id='word_1_355' title='bbox 3348 2267 3718 2338; x_wconf 86' lang='lat' dir='ltr'>crepidarum</span> <span class='ocrx_word' id='word_1_356' title='bbox 3751 2249 3876 2329; x_wconf 80' lang='lat' dir='ltr'>mo-</span> 
     </span>
    </p>
   </div>
   <div class='ocr_carea' id='block_1_53' title="bbox 2231 2336 3877 2425">
    <p class='ocr_par' dir='ltr' id='par_1_53' title="bbox 2231 2336 3877 2425">
     <span class='ocr_line' id='line_1_54' title="bbox 2231 2336 3877 2425; baseline 0.018 -35"><span class='ocrx_word' id='word_1_357' title='bbox 2231 2336 2558 2402; x_wconf 63' lang='lat' dir='ltr'>lestia.Qua:</span> <span class='ocrx_word' id='word_1_358' title='bbox 2590 2355 2682 2395; x_wconf 88' lang='lat' dir='ltr'>res</span> <span class='ocrx_word' id='word_1_359' title='bbox 2711 2348 2920 2412; x_wconf 73' lang='lat' dir='ltr'>praeter</span> <span class='ocrx_word' id='word_1_360' title='bbox 2949 2361 3181 2404; x_wconf 88' lang='lat' dir='ltr'>omnem</span> <span class='ocrx_word' id='word_1_361' title='bbox 3216 2336 3706 2425; x_wconf 75' lang='lat' dir='ltr'>exspectationem</span> <span class='ocrx_word' id='word_1_362' title='bbox 3744 2362 3877 2419; x_wconf 86' lang='lat' dir='ltr'>fuit.</span> 
     </span>
    </p>
   </div>
   <div class='ocr_carea' id='block_1_54' title="bbox 2232 2427 3882 2519">
    <p class='ocr_par' dir='ltr' id='par_1_54' title="bbox 2232 2427 3882 2519">
     <span class='ocr_line' id='line_1_55' title="bbox 2232 2427 3882 2519; baseline 0.017 -39"><span class='ocrx_word' id='word_1_363' title='bbox 2232 2427 2372 2490; x_wconf 89' lang='lat' dir='ltr'>Quis</span> <span class='ocrx_word' id='word_1_364' title='bbox 2405 2428 2562 2483; x_wconf 85' lang='lat' dir='ltr'>enim</span> <span class='ocrx_word' id='word_1_365' title='bbox 2610 2430 3024 2502; x_wconf 85' lang='lat' dir='ltr'>existimasset,</span> <span class='ocrx_word' id='word_1_366' title='bbox 3057 2437 3108 2492; x_wconf 89' lang='lat' dir='ltr'>si</span> <span class='ocrx_word' id='word_1_367' title='bbox 3140 2457 3253 2495; x_wconf 90' lang='lat' dir='ltr'>non</span> <span class='ocrx_word' id='word_1_368' title='bbox 3287 2445 3525 2501; x_wconf 90' lang='lat' dir='ltr'>omnino</span> <span class='ocrx_word' id='word_1_369' title='bbox 3557 2450 3882 2519; x_wconf 85' lang='lat' dir='ltr'>privaretur</span> 
     </span>
    </p>
   </div>
   <div class='ocr_carea' id='block_1_55' title="bbox 2230 2516 3880 2611">
    <p class='ocr_par' dir='ltr' id='par_1_55' title="bbox 2230 2516 3880 2611">
     <span class='ocr_line' id='line_1_56' title="bbox 2230 2516 3880 2611; baseline 0.018 -42"><span class='ocrx_word' id='word_1_370' title='bbox 2230 2516 2370 2585; x_wconf 88' lang='lat' dir='ltr'>vita,</span> <span class='ocrx_word' id='word_1_371' title='bbox 2392 2517 2512 2573; x_wconf 84' lang='lat' dir='ltr'>fore</span> <span class='ocrx_word' id='word_1_372' title='bbox 2543 2523 2608 2573; x_wconf 91' lang='lat' dir='ltr'>ut</span> <span class='ocrx_word' id='word_1_373' title='bbox 2638 2519 2718 2574; x_wconf 92' lang='lat' dir='ltr'>ita</span> <span class='ocrx_word' id='word_1_374' title='bbox 2747 2519 2927 2578; x_wconf 90' lang='lat' dir='ltr'>libere</span> <span class='ocrx_word' id='word_1_375' title='bbox 2957 2523 3272 2598; x_wconf 88' lang='lat' dir='ltr'>aliquando</span> <span class='ocrx_word' id='word_1_376' title='bbox 3305 2540 3502 2603; x_wconf 88' lang='lat' dir='ltr'>posset</span> <span class='ocrx_word' id='word_1_377' title='bbox 3532 2516 3723 2611; x_wconf 79' lang='lat' dir='ltr'>seipse</span> <span class='ocrx_word' id='word_1_378' title='bbox 3755 2541 3880 2596; x_wconf 84' lang='lat' dir='ltr'>uti?</span> 
     </span>
    </p>
   </div>
   <div class='ocr_carea' id='block_1_56' title="bbox 2231 2605 3879 2702">
    <p class='ocr_par' dir='ltr' id='par_1_56' title="bbox 2231 2605 3879 2702">
     <span class='ocr_line' id='line_1_57' title="bbox 2231 2605 3879 2702; baseline 0.016 -42"><span class='ocrx_word' id='word_1_379' title='bbox 2231 2605 2396 2662; x_wconf 93' lang='lat' dir='ltr'>Nunc</span> <span class='ocrx_word' id='word_1_380' title='bbox 2443 2624 2576 2662; x_wconf 90' lang='lat' dir='ltr'>vero</span> <span class='ocrx_word' id='word_1_381' title='bbox 2606 2608 2687 2663; x_wconf 89' lang='lat' dir='ltr'>ita</span> <span class='ocrx_word' id='word_1_382' title='bbox 2732 2625 2795 2666; x_wconf 89' lang='lat' dir='ltr'>se</span> <span class='ocrx_word' id='word_1_383' title='bbox 2825 2610 3095 2684; x_wconf 87' lang='lat' dir='ltr'>habebat,</span> <span class='ocrx_word' id='word_1_384' title='bbox 3147 2619 3461 2679; x_wconf 83' lang='lat' dir='ltr'>auxiliante</span> <span class='ocrx_word' id='word_1_385' title='bbox 3492 2605 3638 2700; x_wconf 58' lang='lat' dir='ltr'>Deo,</span> <span class='ocrx_word' id='word_1_386' title='bbox 3663 2633 3721 2684; x_wconf 89' lang='lat' dir='ltr'>et</span> <span class='ocrx_word' id='word_1_387' title='bbox 3764 2629 3879 2702; x_wconf 89' lang='lat' dir='ltr'>ipsi</span> 
     </span>
    </p>
   </div>
   <div class='ocr_carea' id='block_1_57' title="bbox 2238 2694 3881 2790">
    <p class='ocr_par' dir='ltr' id='par_1_57' title="bbox 2238 2694 3881 2790">
     <span class='ocr_line' id='line_1_58' title="bbox 2238 2694 3881 2790; baseline 0.015 -40"><span class='ocrx_word' id='word_1_388' title='bbox 2238 2694 2595 2752; x_wconf 88' lang='lat' dir='ltr'>Diocletiano</span> <span class='ocrx_word' id='word_1_389' title='bbox 2623 2697 2839 2755; x_wconf 89' lang='lat' dir='ltr'>vulnus</span> <span class='ocrx_word' id='word_1_390' title='bbox 2882 2696 3125 2759; x_wconf 80' lang='lat' dir='ltr'>faciente</span> <span class='ocrx_word' id='word_1_391' title='bbox 3156 2709 3370 2779; x_wconf 89' lang='lat' dir='ltr'>majus,</span> <span class='ocrx_word' id='word_1_392' title='bbox 3404 2729 3581 2783; x_wconf 90' lang='lat' dir='ltr'>quam</span> <span class='ocrx_word' id='word_1_393' title='bbox 3612 2694 3740 2788; x_wconf 61' lang='lat' dir='ltr'>qua</span> <span class='ocrx_word' id='word_1_394' title='bbox 3773 2694 3881 2790; x_wconf 79' lang='lat' dir='ltr'>pu-</span> 
     </span>
    </p>
   </div>
   <div class='ocr_carea' id='block_1_58' title="bbox 2239 2784 3882 2878">
    <p class='ocr_par' dir='ltr' id='par_1_58' title="bbox 2239 2784 3882 2878">
     <span class='ocr_line' id='line_1_59' title="bbox 2239 2784 3882 2878; baseline 0.015 -38"><span class='ocrx_word' id='word_1_395' title='bbox 2239 2785 2400 2840; x_wconf 89' lang='lat' dir='ltr'>tabat</span> <span class='ocrx_word' id='word_1_396' title='bbox 2429 2801 2492 2840; x_wconf 91' lang='lat' dir='ltr'>se</span> <span class='ocrx_word' id='word_1_397' title='bbox 2536 2784 2828 2843; x_wconf 89' lang='lat' dir='ltr'>intulisse.</span> <span class='ocrx_word' id='word_1_398' title='bbox 2860 2789 3146 2853; x_wconf 89' lang='lat' dir='ltr'>Quoniam</span> <span class='ocrx_word' id='word_1_399' title='bbox 3172 2799 3369 2854; x_wconf 89' lang='lat' dir='ltr'>tamen</span> <span class='ocrx_word' id='word_1_400' title='bbox 3408 2784 3660 2876; x_wconf 72' lang='lat' dir='ltr'>astabat,</span> <span class='ocrx_word' id='word_1_401' title='bbox 3691 2784 3882 2878; x_wconf 73' lang='lat' dir='ltr'>Forte,</span> 
     </span>
    </p>
   </div>
   <div class='ocr_carea' id='block_1_59' title="bbox 2240 2873 3889 2958">
    <p class='ocr_par' dir='ltr' id='par_1_59' title="bbox 2240 2873 3889 2958">
     <span class='ocr_line' id='line_1_60' title="bbox 2240 2873 3889 2958; baseline 0.016 -30"><span class='ocrx_word' id='word_1_402' title='bbox 2240 2873 2453 2945; x_wconf 88' lang='lat' dir='ltr'>inquit,</span> <span class='ocrx_word' id='word_1_403' title='bbox 2481 2873 2742 2931; x_wconf 68' lang='lat' dir='ltr'>laetitiam</span> <span class='ocrx_word' id='word_1_404' title='bbox 2774 2881 2832 2932; x_wconf 91' lang='lat' dir='ltr'>et</span> <span class='ocrx_word' id='word_1_405' title='bbox 2861 2881 3108 2951; x_wconf 84' lang='lat' dir='ltr'>gratiam</span> <span class='ocrx_word' id='word_1_406' title='bbox 3139 2887 3382 2958; x_wconf 72' lang='lat' dir='ltr'>crepida:</span> <span class='ocrx_word' id='word_1_407' title='bbox 3414 2873 3889 2954; x_wconf 78' lang='lat' dir='ltr'>attulerunt?aut</span> 
     </span>
    </p>
   </div>
   <div class='ocr_carea' id='block_1_60' title="bbox 2238 2962 3884 3052">
    <p class='ocr_par' dir='ltr' id='par_1_60' title="bbox 2238 2962 3884 3052">
     <span class='ocr_line' id='line_1_61' title="bbox 2238 2962 3884 3052; baseline 0.016 -36"><span class='ocrx_word' id='word_1_408' title='bbox 2238 2962 2378 3034; x_wconf 87' lang='lat' dir='ltr'>quid</span> <span class='ocrx_word' id='word_1_409' title='bbox 2429 2964 2565 3019; x_wconf 82' lang='lat' dir='ltr'>ais?</span> <span class='ocrx_word' id='word_1_410' title='bbox 2593 2965 2696 3020; x_wconf 90' lang='lat' dir='ltr'>Cui</span> <span class='ocrx_word' id='word_1_411' title='bbox 2743 2968 3045 3040; x_wconf 86' lang='lat' dir='ltr'>Georgius,</span> <span class='ocrx_word' id='word_1_412' title='bbox 3077 2974 3398 3047; x_wconf 89' lang='lat' dir='ltr'>Quomodo,</span> <span class='ocrx_word' id='word_1_413' title='bbox 3451 2979 3658 3052; x_wconf 85' lang='lat' dir='ltr'>inquit,</span> <span class='ocrx_word' id='word_1_414' title='bbox 3691 3001 3724 3041; x_wconf 93' lang='grc' dir='ltr'>ο</span> <span class='ocrx_word' id='word_1_415' title='bbox 3771 2985 3884 3043; x_wconf 91' lang='lat' dir='ltr'>im-</span> 
     </span>
    </p>
   </div>
   <div class='ocr_carea' id='block_1_61' title="bbox 2235 3054 3884 3142">
    <p class='ocr_par' dir='ltr' id='par_1_61' title="bbox 2235 3054 3884 3142">
     <span class='ocr_line' id='line_1_62' title="bbox 2235 3054 3884 3142; baseline 0.018 -38"><span class='ocrx_word' id='word_1_416' title='bbox 2235 3055 2488 3123; x_wconf 88' lang='lat' dir='ltr'>perator,</span> <span class='ocrx_word' id='word_1_417' title='bbox 2523 3069 2635 3108; x_wconf 92' lang='lat' dir='ltr'>non</span> <span class='ocrx_word' id='word_1_418' title='bbox 2684 3054 2958 3112; x_wconf 77' lang='lat' dir='ltr'>afferrent</span> <span class='ocrx_word' id='word_1_419' title='bbox 3003 3057 3288 3135; x_wconf 65' lang='lat' dir='ltr'>laetitiam,</span> <span class='ocrx_word' id='word_1_420' title='bbox 3321 3082 3458 3123; x_wconf 92' lang='lat' dir='ltr'>cum</span> <span class='ocrx_word' id='word_1_421' title='bbox 3507 3071 3725 3142; x_wconf 88' lang='lat' dir='ltr'>quibus</span> <span class='ocrx_word' id='word_1_422' title='bbox 3772 3075 3884 3132; x_wconf 88' lang='lat' dir='ltr'>iter</span> 
     </span>
    </p>
   </div>
   <div class='ocr_carea' id='block_1_62' title="bbox 2237 3140 3067 3213">
    <p class='ocr_par' dir='ltr' id='par_1_62' title="bbox 2237 3140 3067 3213">
     <span class='ocr_line' id='line_1_63' title="bbox 2237 3140 3067 3213; baseline 0.011 -19"><span class='ocrx_word' id='word_1_423' title='bbox 2237 3140 2307 3194; x_wconf 91' lang='lat' dir='ltr'>ad</span> <span class='ocrx_word' id='word_1_424' title='bbox 2341 3140 2526 3196; x_wconf 90' lang='lat' dir='ltr'>Deum</span> <span class='ocrx_word' id='word_1_425' title='bbox 2560 3141 2861 3213; x_wconf 83' lang='lat' dir='ltr'>ingressus</span> <span class='ocrx_word' id='word_1_426' title='bbox 2890 3148 3067 3203; x_wconf 86' lang='lat' dir='ltr'>sum?</span> 
     </span>
    </p>
   </div>
   <div class='ocr_carea' id='block_1_63' title="bbox 2306 3230 3884 3320">
    <p class='ocr_par' dir='ltr' id='par_1_63' title="bbox 2306 3230 3884 3320">
     <span class='ocr_line' id='line_1_64' title="bbox 2306 3230 3884 3320; baseline 0.019 -38"><span class='ocrx_word' id='word_1_427' title='bbox 2306 3230 2396 3284; x_wconf 88' lang='lat'>23.</span> <span class='ocrx_word' id='word_1_428' title='bbox 2442 3230 2572 3286; x_wconf 82' lang='lat' dir='ltr'>Haec</span> <span class='ocrx_word' id='word_1_429' title='bbox 2622 3248 2756 3288; x_wconf 88' lang='lat' dir='ltr'>vero</span> <span class='ocrx_word' id='word_1_430' title='bbox 2799 3236 3065 3310; x_wconf 88' lang='lat' dir='ltr'>audacia,</span> <span class='ocrx_word' id='word_1_431' title='bbox 3121 3239 3312 3313; x_wconf 91' lang='lat' dir='ltr'>inquit</span> <span class='ocrx_word' id='word_1_432' title='bbox 3361 3245 3776 3320; x_wconf 89' lang='lat' dir='ltr'>Diocletianus,</span> <span class='ocrx_word' id='word_1_433' title='bbox 3824 3258 3884 3312; x_wconf 87' lang='lat' dir='ltr'>et</span> 
     </span>
    </p>
   </div>
   <div class='ocr_carea' id='block_1_64' title="bbox 449 3304 2127 3400">
    <p class='ocr_par' dir='ltr' id='par_1_64' title="bbox 449 3304 2123 3400">
     <span class='ocr_line' id='line_1_65' title="bbox 449 3304 2123 3400; baseline 0 -22"><span class='ocrx_word' id='word_1_434' title='bbox 449 3359 458 3367; x_wconf 91' lang='lat'><strong>-</strong></span> <span class='ocrx_word' id='word_1_435' title='bbox 490 3304 772 3400; x_wconf 77' lang='grc' dir='ltr'>βούλονται</span> <span class='ocrx_word' id='word_1_436' title='bbox 797 3342 811 3393; x_wconf 89' lang='grc'>;</span> <span class='ocrx_word' id='word_1_437' title='bbox 845 3324 915 3378; x_wconf 89' lang='grc' dir='ltr'><strong><em>Ἦ</em></strong></span> <span class='ocrx_word' id='word_1_438' title='bbox 943 3320 1007 3377; x_wconf 87' lang='grc' dir='ltr'>ού</span> <span class='ocrx_word' id='word_1_439' title='bbox 1034 3304 1152 3383; x_wconf 81' lang='grc' dir='ltr'>ταῖς</span> <span class='ocrx_word' id='word_1_440' title='bbox 1183 3304 1279 3395; x_wconf 76' lang='grc' dir='ltr'>μὲν</span> <span class='ocrx_word' id='word_1_441' title='bbox 1310 3304 1523 3398; x_wconf 87' lang='grc' dir='ltr'>χαίρειν</span> <span class='ocrx_word' id='word_1_442' title='bbox 1556 3304 1714 3398; x_wconf 64' lang='grc' dir='ltr'>ἐρεῖς,</span> <span class='ocrx_word' id='word_1_443' title='bbox 1745 3322 1807 3376; x_wconf 89' lang='grc' dir='ltr'>τὸ</span> <span class='ocrx_word' id='word_1_444' title='bbox 1858 3318 1916 3376; x_wconf 78' lang='grc' dir='ltr'>δὲ</span> <span class='ocrx_word' id='word_1_445' title='bbox 1961 3304 2123 3378; x_wconf 80' lang='grc' dir='ltr'>κατα-</span> 
     </span>
    </p>
   </div>
   <div class='ocr_carea' id='block_1_65' title="bbox 2238 3304 3888 3400">
    <p class='ocr_par' dir='ltr' id='par_1_65' title="bbox 2241 3304 3888 3399">
     <span class='ocr_line' id='line_1_66' title="bbox 2241 3304 3888 3399; baseline 0.015 -25"><span class='ocrx_word' id='word_1_446' title='bbox 2241 3317 2327 3374; x_wconf 70' lang='lat' dir='ltr'>hs:</span> <span class='ocrx_word' id='word_1_447' title='bbox 2377 3319 2614 3392; x_wconf 70' lang='lat' dir='ltr'>magicae</span> <span class='ocrx_word' id='word_1_448' title='bbox 2644 3327 2798 3379; x_wconf 90' lang='lat' dir='ltr'>artes</span> <span class='ocrx_word' id='word_1_449' title='bbox 2845 3326 2986 3398; x_wconf 88' lang='lat' dir='ltr'>quid</span> <span class='ocrx_word' id='word_1_450' title='bbox 3018 3304 3253 3387; x_wconf 77' lang='lat' dir='ltr'>tandem</span> <span class='ocrx_word' id='word_1_451' title='bbox 3283 3333 3395 3390; x_wconf 92' lang='lat' dir='ltr'>sibi</span> <span class='ocrx_word' id='word_1_452' title='bbox 3443 3304 3888 3399; x_wconf 39' lang='lat' dir='ltr'>volanti—Iliun;</span> 
     </span>
    </p>
   </div>
   <div class='ocr_carea' id='block_1_66' title="bbox 485 3404 2134 3489">
    <p class='ocr_par' dir='ltr' id='par_1_66' title="bbox 485 3404 2134 3489">
     <span class='ocr_line' id='line_1_67' title="bbox 485 3404 2134 3489; baseline -0.001 -20"><span class='ocrx_word' id='word_1_453' title='bbox 485 3407 690 3485; x_wconf 68' lang='grc' dir='ltr'>ϐαλεῖς,</span> <span class='ocrx_word' id='word_1_454' title='bbox 724 3411 824 3486; x_wconf 77' lang='grc' dir='ltr'>ὀψὲ</span> <span class='ocrx_word' id='word_1_455' title='bbox 883 3409 950 3481; x_wconf 79' lang='grc' dir='ltr'>δὴ</span> <span class='ocrx_word' id='word_1_456' title='bbox 1005 3411 1210 3485; x_wconf 86' lang='grc' dir='ltr'>μαθὼν,</span> <span class='ocrx_word' id='word_1_457' title='bbox 1244 3408 1344 3481; x_wconf 74' lang='grc' dir='ltr'>ὅση</span> <span class='ocrx_word' id='word_1_458' title='bbox 1389 3409 1484 3485; x_wconf 74' lang='grc' dir='ltr'>μὲν</span> <span class='ocrx_word' id='word_1_459' title='bbox 1539 3404 1722 3480; x_wconf 72' lang='grc' dir='ltr'>ὄνησις</span> <span class='ocrx_word' id='word_1_460' title='bbox 1755 3411 2134 3489; x_wconf 73' lang='grc' dir='ltr'>σωφροσύνης,</span> 
     </span>
    </p>
   </div>
   <div class='ocr_carea' id='block_1_67' title="bbox 441 3493 2138 3577">
    <p class='ocr_par' dir='ltr' id='par_1_67' title="bbox 441 3493 2138 3577">
     <span class='ocr_line' id='line_1_68' title="bbox 441 3493 2138 3577; baseline -0.002 -18"><span class='ocrx_word' id='word_1_461' title='bbox 441 3539 444 3542; x_wconf 82' lang='lat'><strong><em>~</em></strong></span> <span class='ocrx_word' id='word_1_462' title='bbox 486 3499 710 3574; x_wconf 59' lang='grc' dir='ltr'>δσηῖδὲ</span> <span class='ocrx_word' id='word_1_463' title='bbox 764 3493 1382 3577; x_wconf 75' lang='grc' dir='ltr'>θρασύτητος.βλάϐη;</span> <span class='ocrx_word' id='word_1_464' title='bbox 1435 3499 1533 3553; x_wconf 79' lang='grc' dir='ltr'>Καὶ</span> <span class='ocrx_word' id='word_1_465' title='bbox 1587 3505 1770 3571; x_wconf 85' lang='grc' dir='ltr'>ποῖον,</span> <span class='ocrx_word' id='word_1_466' title='bbox 1827 3499 2017 3574; x_wconf 86' lang='grc' dir='ltr'>εἰπεῖν,</span> <span class='ocrx_word' id='word_1_467' title='bbox 2074 3501 2138 3557; x_wconf 86' lang='grc' dir='ltr'>τὸ</span> 
     </span>
    </p>
   </div>
   <div class='ocr_carea' id='block_1_68' title="bbox 447 3586 2137 3669">
    <p class='ocr_par' dir='ltr' id='par_1_68' title="bbox 447 3586 2137 3669">
     <span class='ocr_line' id='line_1_69' title="bbox 447 3586 2137 3669; baseline 0.002 -25"><span class='ocrx_word' id='word_1_468' title='bbox 447 3629 459 3638; x_wconf 63' lang='grc' dir='ltr'>η.</span> <span class='ocrx_word' id='word_1_469' title='bbox 483 3592 685 3669; x_wconf 84' lang='grc' dir='ltr'>θράσος</span> <span class='ocrx_word' id='word_1_470' title='bbox 740 3588 972 3661; x_wconf 81' lang='grc' dir='ltr'>καλεῖς;</span> <span class='ocrx_word' id='word_1_471' title='bbox 1024 3590 1060 3658; x_wconf 78' lang='grc' dir='ltr'><strong>ἢ</strong></span> <span class='ocrx_word' id='word_1_472' title='bbox 1108 3589 1207 3658; x_wconf 77' lang='grc' dir='ltr'>τήν</span> <span class='ocrx_word' id='word_1_473' title='bbox 1266 3587 1572 3666; x_wconf 73' lang='grc' dir='ltr'>παρῥησίαν</span> <span class='ocrx_word' id='word_1_474' title='bbox 1625 3586 1762 3651; x_wconf 75' lang='grc' dir='ltr'>’ίσως</span> <span class='ocrx_word' id='word_1_475' title='bbox 1840 3593 1940 3660; x_wconf 76' lang='grc' dir='ltr'>τῆς</span> <span class='ocrx_word' id='word_1_476' title='bbox 1997 3589 2137 3662; x_wconf 84' lang='grc' dir='ltr'>ἀλη-</span> 
     </span>
    </p>
   </div>
   <div class='ocr_carea' id='block_1_69' title="bbox 447 3674 2133 3754">
    <p class='ocr_par' dir='ltr' id='par_1_69' title="bbox 447 3674 2133 3754">
     <span class='ocr_line' id='line_1_70' title="bbox 447 3674 2133 3754; baseline -0.001 -18"><span class='ocrx_word' id='word_1_477' title='bbox 447 3679 668 3750; x_wconf 29' lang='grc' dir='ltr'>’θείας</span> <span class='ocrx_word' id='word_1_478' title='bbox 717 3674 948 3748; x_wconf 73' lang='grc' dir='ltr'>Τήνδὲ.</span> <span class='ocrx_word' id='word_1_479' title='bbox 983 3675 1163 3740; x_wconf 80' lang='grc' dir='ltr'>οὐδεὶς</span> <span class='ocrx_word' id='word_1_480' title='bbox 1223 3676 1395 3740; x_wconf 70' lang='grc' dir='ltr'>οὕτως</span> <span class='ocrx_word' id='word_1_481' title='bbox 1463 3675 1734 3750; x_wconf 79' lang='grc' dir='ltr'>ὀνομάσας</span> <span class='ocrx_word' id='word_1_482' title='bbox 1797 3676 1912 3754; x_wconf 80' lang='grc' dir='ltr'>ἔχει</span> <span class='ocrx_word' id='word_1_483' title='bbox 1981 3678 2133 3751; x_wconf 72' lang='grc' dir='ltr'>ποτὲ,</span> 
     </span>
    </p>
   </div>
   <div class='ocr_carea' id='block_1_70' title="bbox 481 3763 2134 3843">
    <p class='ocr_par' dir='ltr' id='par_1_70' title="bbox 481 3763 2134 3843">
     <span class='ocr_line' id='line_1_71' title="bbox 481 3763 2134 3843; baseline 0.001 -19"><span class='ocrx_word' id='word_1_484' title='bbox 481 3767 569 3824; x_wconf 81' lang='grc' dir='ltr'>ὅτι</span> <span class='ocrx_word' id='word_1_485' title='bbox 623 3769 700 3843; x_wconf 81' lang='grc' dir='ltr'>μὴ</span> <span class='ocrx_word' id='word_1_486' title='bbox 744 3764 1112 3839; x_wconf 83' lang='grc' dir='ltr'>δικαιοσύνην,</span> <span class='ocrx_word' id='word_1_487' title='bbox 1143 3766 1233 3821; x_wconf 88' lang='grc' dir='ltr'>καὶ</span> <span class='ocrx_word' id='word_1_488' title='bbox 1283 3763 1522 3843; x_wconf 80' lang='grc' dir='ltr'>ἀνδρίαν,</span> <span class='ocrx_word' id='word_1_489' title='bbox 1553 3767 1642 3822; x_wconf 84' lang='grc' dir='ltr'>καὶ</span> <span class='ocrx_word' id='word_1_490' title='bbox 1675 3766 1706 3822; x_wconf 83' lang='grc' dir='ltr'>ὅ</span> <span class='ocrx_word' id='word_1_491' title='bbox 1735 3789 1787 3821; x_wconf 90' lang='grc' dir='ltr'>τι</span> <span class='ocrx_word' id='word_1_492' title='bbox 1839 3766 2134 3825; x_wconf 87' lang='grc' dir='ltr'>κάλλιστον</span> 
     </span>
    </p>
   </div>
   <div class='ocr_carea' id='block_1_71' title="bbox 483 3854 2136 3935">
    <p class='ocr_par' dir='ltr' id='par_1_71' title="bbox 483 3854 2136 3935">
     <span class='ocr_line' id='line_1_72' title="bbox 483 3854 2136 3935; baseline 0 -23"><span class='ocrx_word' id='word_1_493' title='bbox 483 3855 538 3912; x_wconf 80' lang='grc' dir='ltr'>ἐν</span> <span class='ocrx_word' id='word_1_494' title='bbox 581 3857 818 3933; x_wconf 78' lang='grc' dir='ltr'>ἀρεταῖς·</span> <span class='ocrx_word' id='word_1_495' title='bbox 868 3855 934 3910; x_wconf 87' lang='grc' dir='ltr'>τὸ</span> <span class='ocrx_word' id='word_1_496' title='bbox 977 3855 1080 3932; x_wconf 81' lang='grc' dir='ltr'>γὰρ</span> <span class='ocrx_word' id='word_1_497' title='bbox 1135 3855 1210 3929; x_wconf 81' lang='grc' dir='ltr'>μή</span> <span class='ocrx_word' id='word_1_498' title='bbox 1270 3854 1507 3928; x_wconf 80' lang='grc' dir='ltr'>καθάπαξ</span> <span class='ocrx_word' id='word_1_499' title='bbox 1567 3854 1828 3928; x_wconf 77' lang='grc' dir='ltr'>ἀληθείας</span> <span class='ocrx_word' id='word_1_500' title='bbox 1882 3855 2136 3935; x_wconf 84' lang='grc' dir='ltr'>ἀφανιζο-</span> 
     </span>
    </p>
   </div>
   <div class='ocr_carea' id='block_1_72' title="bbox 433 3941 2135 4022">
    <p class='ocr_par' dir='ltr' id='par_1_72' title="bbox 433 3941 2135 4022">
     <span class='ocr_line' id='line_1_73' title="bbox 433 3941 2135 4022; baseline 0.004 -28"><span class='ocrx_word' id='word_1_501' title='bbox 433 3946 656 4020; x_wconf 71' lang='grc' dir='ltr'>-.μὲνης</span> <span class='ocrx_word' id='word_1_502' title='bbox 715 3942 1000 4022; x_wconf 80' lang='grc' dir='ltr'>ἀνέχεσθαι</span> <span class='ocrx_word' id='word_1_503' title='bbox 1068 3941 1263 4018; x_wconf 80' lang='grc' dir='ltr'>ψεῦδος</span> <span class='ocrx_word' id='word_1_504' title='bbox 1319 3943 1395 4006; x_wconf 84' lang='grc' dir='ltr'>εἷς</span> <span class='ocrx_word' id='word_1_505' title='bbox 1473 3945 1634 4018; x_wconf 84' lang='grc' dir='ltr'>μὲσον</span> <span class='ocrx_word' id='word_1_506' title='bbox 1713 3945 1848 4000; x_wconf 72' lang='grc' dir='ltr'>ἱέναι</span> <span class='ocrx_word' id='word_1_507' title='bbox 1934 3946 2135 4010; x_wconf 80' lang='grc' dir='ltr'>παντὸς</span> 
     </span>
    </p>
   </div>
   <div class='ocr_carea' id='block_1_73' title="bbox 488 4030 2136 4111">
    <p class='ocr_par' dir='ltr' id='par_1_73' title="bbox 488 4030 2136 4111">
     <span class='ocr_line' id='line_1_74' title="bbox 488 4030 2136 4111; baseline -0.001 -20"><span class='ocrx_word' id='word_1_508' title='bbox 488 4033 727 4108; x_wconf 80' lang='grc' dir='ltr'>μάλιστα</span> <span class='ocrx_word' id='word_1_509' title='bbox 801 4034 989 4110; x_wconf 80' lang='grc' dir='ltr'>ἀρετὴ,</span> <span class='ocrx_word' id='word_1_510' title='bbox 1047 4034 1108 4098; x_wconf 79' lang='grc' dir='ltr'>ἣν</span> <span class='ocrx_word' id='word_1_511' title='bbox 1170 4030 1429 4090; x_wconf 70' lang='grc' dir='ltr'>οὐδέποτε</span> <span class='ocrx_word' id='word_1_512' title='bbox 1500 4035 1768 4111; x_wconf 87' lang='grc' dir='ltr'>Γεώργιον</span> <span class='ocrx_word' id='word_1_513' title='bbox 1824 4035 1888 4090; x_wconf 88' lang='grc' dir='ltr'>τὸ</span> <span class='ocrx_word' id='word_1_514' title='bbox 1945 4034 2136 4090; x_wconf 72' lang='grc' dir='ltr'>ἑαυτοῦ</span> 
     </span>
    </p>
   </div>
   <div class='ocr_carea' id='block_1_74' title="bbox 480 4117 2137 4202">
    <p class='ocr_par' dir='ltr' id='par_1_74' title="bbox 480 4117 2137 4202">
     <span class='ocr_line' id='line_1_75' title="bbox 480 4117 2137 4202; baseline -0.001 -23"><span class='ocrx_word' id='word_1_515' title='bbox 480 4125 653 4200; x_wconf 70' lang='grc' dir='ltr'>μέρος</span> <span class='ocrx_word' id='word_1_516' title='bbox 707 4117 1054 4192; x_wconf 78' lang='grc' dir='ltr'>καταϐαλεῖν,</span> <span class='ocrx_word' id='word_1_517' title='bbox 1115 4119 1241 4177; x_wconf 74' lang='grc' dir='ltr'>οὐδὲ</span> <span class='ocrx_word' id='word_1_518' title='bbox 1301 4127 1369 4196; x_wconf 79' lang='grc' dir='ltr'>τῇ</span> <span class='ocrx_word' id='word_1_519' title='bbox 1419 4123 1555 4200; x_wconf 86' lang='grc' dir='ltr'>πρὸς</span> <span class='ocrx_word' id='word_1_520' title='bbox 1609 4123 1810 4195; x_wconf 88' lang='grc' dir='ltr'>ταύτην</span> <span class='ocrx_word' id='word_1_521' title='bbox 1870 4123 2137 4202; x_wconf 84' lang='grc' dir='ltr'>ὀλιγωρίᾳ</span> 
     </span>
    </p>
   </div>
   <div class='ocr_carea' id='block_1_75' title="bbox 481 4206 2134 4293">
    <p class='ocr_par' dir='ltr' id='par_1_75' title="bbox 481 4206 2134 4293">
     <span class='ocr_line' id='line_1_76' title="bbox 481 4206 2134 4293; baseline 0 -25"><span class='ocrx_word' id='word_1_522' title='bbox 481 4213 578 4268; x_wconf 87' lang='grc' dir='ltr'>τὸν</span> <span class='ocrx_word' id='word_1_523' title='bbox 660 4210 963 4287; x_wconf 71' lang='grc' dir='ltr'>νομοθέτην</span> <span class='ocrx_word' id='word_1_524' title='bbox 1035 4209 1238 4282; x_wconf 90' lang='grc' dir='ltr'>ταύτης</span> <span class='ocrx_word' id='word_1_525' title='bbox 1314 4206 1551 4290; x_wconf 77' lang='grc' dir='ltr'>ὑϐρίζειν</span> <span class='ocrx_word' id='word_1_526' title='bbox 1628 4211 1807 4293; x_wconf 42' lang='grc' dir='ltr'>Θεόνῇ</span> <span class='ocrx_word' id='word_1_527' title='bbox 1855 4210 1938 4268; x_wconf 89' lang='grc' dir='ltr'>δεῖ</span> <span class='ocrx_word' id='word_1_528' title='bbox 2010 4212 2134 4291; x_wconf 76' lang='grc' dir='ltr'>γάρ,</span> 
     </span>
    </p>
   </div>
   <div class='ocr_carea' id='block_1_76' title="bbox 485 4298 2136 4379">
    <p class='ocr_par' dir='ltr' id='par_1_76' title="bbox 485 4298 2136 4379">
     <span class='ocr_line' id='line_1_77' title="bbox 485 4298 2136 4379; baseline -0.001 -21"><span class='ocrx_word' id='word_1_529' title='bbox 485 4299 792 4378; x_wconf 77' lang='grc' dir='ltr'>μᾶλλονδὲ</span> <span class='ocrx_word' id='word_1_530' title='bbox 828 4307 973 4357; x_wconf 77' lang='grc' dir='ltr'>πῖισα</span> <span class='ocrx_word' id='word_1_531' title='bbox 1031 4298 1252 4377; x_wconf 72' lang='grc' dir='ltr'>ἀνάγκη,</span> <span class='ocrx_word' id='word_1_532' title='bbox 1287 4305 1403 4374; x_wconf 86' lang='grc' dir='ltr'>Θεῷ</span> <span class='ocrx_word' id='word_1_533' title='bbox 1459 4307 1774 4378; x_wconf 87' lang='grc' dir='ltr'>πειθαρχεῖν</span> <span class='ocrx_word' id='word_1_534' title='bbox 1831 4299 1870 4372; x_wconf 73' lang='grc' dir='ltr'>ἤ</span> <span class='ocrx_word' id='word_1_535' title='bbox 1926 4302 2136 4379; x_wconf 86' lang='grc' dir='ltr'>ἀνθρώ-</span> 
     </span>
    </p>
   </div>
   <div class='ocr_carea' id='block_1_77' title="bbox 482 4387 2137 4467">
    <p class='ocr_par' dir='ltr' id='par_1_77' title="bbox 482 4387 2137 4467">
     <span class='ocr_line' id='line_1_78' title="bbox 482 4387 2137 4467; baseline -0.002 -18"><span class='ocrx_word' id='word_1_536' title='bbox 482 4413 634 4454; x_wconf 83' lang='grc' dir='ltr'>ποις.</span> <span class='ocrx_word' id='word_1_537' title='bbox 678 4388 838 4447; x_wconf 86' lang='grc' dir='ltr'>Ἀλλ’</span> <span class='ocrx_word' id='word_1_538' title='bbox 887 4387 1073 4461; x_wconf 80' lang='grc' dir='ltr'>ἐπειδή</span> <span class='ocrx_word' id='word_1_539' title='bbox 1123 4409 1186 4467; x_wconf 85' lang='grc' dir='ltr'>γε</span> <span class='ocrx_word' id='word_1_540' title='bbox 1229 4389 1321 4446; x_wconf 84' lang='grc' dir='ltr'>καὶ</span> <span class='ocrx_word' id='word_1_541' title='bbox 1374 4390 1438 4445; x_wconf 91' lang='grc' dir='ltr'>τὸ</span> <span class='ocrx_word' id='word_1_542' title='bbox 1497 4387 1742 4466; x_wconf 88' lang='grc' dir='ltr'>δεύτερον</span> <span class='ocrx_word' id='word_1_543' title='bbox 1805 4391 2137 4467; x_wconf 87' lang='grc' dir='ltr'>μαγγανείας</span> 
     </span>
    </p>
   </div>
   <div class='ocr_carea' id='block_1_78' title="bbox 485 4475 2140 4555">
    <p class='ocr_par' dir='ltr' id='par_1_78' title="bbox 485 4475 2140 4555">
     <span class='ocr_line' id='line_1_79' title="bbox 485 4475 2140 4555; baseline 0 -19"><span class='ocrx_word' id='word_1_544' title='bbox 485 4479 785 4555; x_wconf 78' lang='grc' dir='ltr'>ἐμνήσθης,</span> <span class='ocrx_word' id='word_1_545' title='bbox 816 4481 852 4551; x_wconf 82' lang='grc' dir='ltr'><strong>ἡ</strong></span> <span class='ocrx_word' id='word_1_546' title='bbox 889 4475 1084 4554; x_wconf 76' lang='grc' dir='ltr'>μὲνδὴ</span> <span class='ocrx_word' id='word_1_547' title='bbox 1145 4477 1418 4555; x_wconf 87' lang='grc' dir='ltr'>παροιμία</span> <span class='ocrx_word' id='word_1_548' title='bbox 1471 4478 1562 4535; x_wconf 87' lang='grc' dir='ltr'>καὶ</span> <span class='ocrx_word' id='word_1_549' title='bbox 1619 4477 1843 4552; x_wconf 87' lang='grc' dir='ltr'>νηπίοις</span> <span class='ocrx_word' id='word_1_550' title='bbox 1901 4479 2140 4536; x_wconf 79' lang='grc' dir='ltr'>ἁλιεῦσιν</span> 
     </span>
    </p>
   </div>
   <div class='ocr_carea' id='block_1_79' title="bbox 433 4564 2141 4644">
    <p class='ocr_par' dir='ltr' id='par_1_79' title="bbox 433 4564 2141 4644">
     <span class='ocr_line' id='line_1_80' title="bbox 433 4564 2141 4644; baseline 0 -20"><span class='ocrx_word' id='word_1_551' title='bbox 433 4606 444 4612; x_wconf 74' lang='lat'><strong>~</strong></span> <span class='ocrx_word' id='word_1_552' title='bbox 489 4567 552 4625; x_wconf 76' lang='grc' dir='ltr'>ἐκ</span> <span class='ocrx_word' id='word_1_553' title='bbox 587 4565 1116 4644; x_wconf 76' lang='grc' dir='ltr'>πρώτηςπληγῆς</span> <span class='ocrx_word' id='word_1_554' title='bbox 1175 4564 1396 4624; x_wconf 88' lang='grc' dir='ltr'>δίδωσιν</span> <span class='ocrx_word' id='word_1_555' title='bbox 1455 4565 1568 4622; x_wconf 78' lang='grc' dir='ltr'>οὖν·</span> <span class='ocrx_word' id='word_1_556' title='bbox 1626 4567 1690 4622; x_wconf 83' lang='grc' dir='ltr'>σὺ</span> <span class='ocrx_word' id='word_1_557' title='bbox 1747 4565 1806 4623; x_wconf 75' lang='grc' dir='ltr'>δὲ</span> <span class='ocrx_word' id='word_1_558' title='bbox 1845 4573 1952 4624; x_wconf 90' lang='grc' dir='ltr'>ποῦ</span> <span class='ocrx_word' id='word_1_559' title='bbox 2007 4589 2141 4625; x_wconf 90' lang='grc' dir='ltr'>ποτε</span> 
     </span>
    </p>
   </div>
   <div class='ocr_carea' id='block_1_80' title="bbox 2246 3408 3886 3494">
    <p class='ocr_par' dir='ltr' id='par_1_80' title="bbox 2246 3408 3886 3494">
     <span class='ocr_line' id='line_1_81' title="bbox 2246 3408 3886 3494; baseline 0.016 -33"><span class='ocrx_word' id='word_1_560' title='bbox 2246 3408 2386 3480; x_wconf 91' lang='lat' dir='ltr'>quid</span> <span class='ocrx_word' id='word_1_561' title='bbox 2441 3408 2534 3465; x_wconf 90' lang='lat' dir='ltr'>his</span> <span class='ocrx_word' id='word_1_562' title='bbox 2587 3410 2893 3481; x_wconf 88' lang='lat' dir='ltr'>valedices,</span> <span class='ocrx_word' id='word_1_563' title='bbox 2935 3419 2993 3471; x_wconf 90' lang='lat' dir='ltr'>et</span> <span class='ocrx_word' id='word_1_564' title='bbox 3033 3416 3207 3474; x_wconf 87' lang='lat' dir='ltr'>istam</span> <span class='ocrx_word' id='word_1_565' title='bbox 3257 3422 3562 3494; x_wconf 86' lang='lat' dir='ltr'>depones;</span> <span class='ocrx_word' id='word_1_566' title='bbox 3619 3428 3707 3485; x_wconf 91' lang='lat' dir='ltr'>vel</span> <span class='ocrx_word' id='word_1_567' title='bbox 3755 3447 3886 3488; x_wconf 88' lang='lat' dir='ltr'>sero</span> 
     </span>
    </p>
   </div>
   <div class='ocr_carea' id='block_1_81' title="bbox 2245 3497 3889 3586">
    <p class='ocr_par' dir='ltr' id='par_1_81' title="bbox 2245 3497 3889 3586">
     <span class='ocr_line' id='line_1_82' title="bbox 2245 3497 3889 3586; baseline 0.016 -36"><span class='ocrx_word' id='word_1_568' title='bbox 2245 3497 2486 3553; x_wconf 89' lang='lat' dir='ltr'>edoctus</span> <span class='ocrx_word' id='word_1_569' title='bbox 2516 3503 2802 3571; x_wconf 91' lang='lat' dir='ltr'>quantum</span> <span class='ocrx_word' id='word_1_570' title='bbox 2835 3503 3057 3562; x_wconf 91' lang='lat' dir='ltr'>bonum</span> <span class='ocrx_word' id='word_1_571' title='bbox 3088 3508 3270 3565; x_wconf 87' lang='lat' dir='ltr'>animi</span> <span class='ocrx_word' id='word_1_572' title='bbox 3299 3513 3639 3586; x_wconf 80' lang='lat' dir='ltr'>moderatio,</span> <span class='ocrx_word' id='word_1_573' title='bbox 3665 3519 3889 3576; x_wconf 89' lang='lat' dir='ltr'>malum</span> 
     </span>
    </p>
   </div>
   <div class='ocr_carea' id='block_1_82' title="bbox 2247 3591 3894 3680">
    <p class='ocr_par' dir='ltr' id='par_1_82' title="bbox 2247 3591 3894 3680">
     <span class='ocr_line' id='line_1_83' title="bbox 2247 3591 3894 3680; baseline 0.015 -39"><span class='ocrx_word' id='word_1_574' title='bbox 2247 3591 2443 3643; x_wconf 89' lang='lat' dir='ltr'>autem</span> <span class='ocrx_word' id='word_1_575' title='bbox 2508 3591 2877 3647; x_wconf 89' lang='lat' dir='ltr'>contumacia</span> <span class='ocrx_word' id='word_1_576' title='bbox 2923 3595 3124 3652; x_wconf 74' lang='lat' dir='ltr'>afferat</span> <span class='ocrx_word' id='word_1_577' title='bbox 3165 3597 3193 3652; x_wconf 83' lang='lat'><strong>?</strong></span> <span class='ocrx_word' id='word_1_578' title='bbox 3237 3600 3477 3664; x_wconf 88' lang='lat' dir='ltr'>Qualem</span> <span class='ocrx_word' id='word_1_579' title='bbox 3525 3609 3612 3672; x_wconf 89' lang='lat' dir='ltr'>tu,</span> <span class='ocrx_word' id='word_1_580' title='bbox 3663 3609 3894 3680; x_wconf 87' lang='lat' dir='ltr'>reponit</span> 
     </span>
    </p>
   </div>
   <div class='ocr_carea' id='block_1_83' title="bbox 2245 3673 3890 3759">
    <p class='ocr_par' dir='ltr' id='par_1_83' title="bbox 2245 3673 3890 3759">
     <span class='ocr_line' id='line_1_84' title="bbox 2245 3673 3890 3759; baseline 0.015 -30"><span class='ocrx_word' id='word_1_581' title='bbox 2245 3673 2546 3748; x_wconf 88' lang='lat' dir='ltr'>Georgius,</span> <span class='ocrx_word' id='word_1_582' title='bbox 2581 3682 3009 3739; x_wconf 87' lang='lat' dir='ltr'>contumaciam</span> <span class='ocrx_word' id='word_1_583' title='bbox 3049 3687 3309 3759; x_wconf 84' lang='lat' dir='ltr'>appellas</span> <span class='ocrx_word' id='word_1_584' title='bbox 3329 3693 3354 3744; x_wconf 74' lang='lat'>.9</span> <span class='ocrx_word' id='word_1_585' title='bbox 3382 3710 3455 3748; x_wconf 91' lang='lat' dir='ltr'>an</span> <span class='ocrx_word' id='word_1_586' title='bbox 3488 3695 3635 3751; x_wconf 80' lang='lat' dir='ltr'>forte</span> <span class='ocrx_word' id='word_1_587' title='bbox 3659 3673 3890 3756; x_wconf 64' lang='lat' dir='ltr'>tuendae</span> 
     </span>
    </p>
   </div>
   <div class='ocr_carea' id='block_1_84' title="bbox 2244 3763 3888 3858">
    <p class='ocr_par' dir='ltr' id='par_1_84' title="bbox 2244 3763 3888 3858">
     <span class='ocr_line' id='line_1_85' title="bbox 2244 3763 3888 3858; baseline 0.016 -40"><span class='ocrx_word' id='word_1_588' title='bbox 2244 3763 2504 3822; x_wconf 87' lang='lat' dir='ltr'>veritatis</span> <span class='ocrx_word' id='word_1_589' title='bbox 2536 3767 2810 3824; x_wconf 81' lang='lat' dir='ltr'>ﬁduciam</span> <span class='ocrx_word' id='word_1_590' title='bbox 2831 3771 2860 3826; x_wconf 86' lang='lat'><strong><em>?</em></strong></span> <span class='ocrx_word' id='word_1_591' title='bbox 2887 3775 3048 3829; x_wconf 75' lang='lat' dir='ltr'>Hanc</span> <span class='ocrx_word' id='word_1_592' title='bbox 3085 3791 3219 3833; x_wconf 90' lang='lat' dir='ltr'>vero</span> <span class='ocrx_word' id='word_1_593' title='bbox 3250 3778 3332 3835; x_wconf 93' lang='lat' dir='ltr'>sic</span> <span class='ocrx_word' id='word_1_594' title='bbox 3363 3798 3535 3839; x_wconf 87' lang='lat' dir='ltr'>nemo</span> <span class='ocrx_word' id='word_1_595' title='bbox 3561 3785 3888 3858; x_wconf 87' lang='lat' dir='ltr'>appellave-</span> 
     </span>
    </p>
   </div>
   <div class='ocr_carea' id='block_1_85' title="bbox 2245 3853 3889 3946">
    <p class='ocr_par' dir='ltr' id='par_1_85' title="bbox 2245 3853 3889 3946">
     <span class='ocr_line' id='line_1_86' title="bbox 2245 3853 3889 3946; baseline 0.016 -39"><span class='ocrx_word' id='word_1_596' title='bbox 2245 3853 2338 3920; x_wconf 87' lang='lat' dir='ltr'>rit,</span> <span class='ocrx_word' id='word_1_597' title='bbox 2373 3855 2473 3908; x_wconf 90' lang='lat' dir='ltr'>sed</span> <span class='ocrx_word' id='word_1_598' title='bbox 2510 3856 2832 3926; x_wconf 87' lang='lat' dir='ltr'>justitiam,</span> <span class='ocrx_word' id='word_1_599' title='bbox 2863 3865 2922 3917; x_wconf 91' lang='lat' dir='ltr'>et</span> <span class='ocrx_word' id='word_1_600' title='bbox 2967 3863 3390 3936; x_wconf 83' lang='lat' dir='ltr'>fortitudinem,</span> <span class='ocrx_word' id='word_1_601' title='bbox 3423 3875 3480 3926; x_wconf 90' lang='lat' dir='ltr'>et</span> <span class='ocrx_word' id='word_1_602' title='bbox 3533 3873 3579 3928; x_wconf 91' lang='lat' dir='ltr'>si</span> <span class='ocrx_word' id='word_1_603' title='bbox 3599 3853 3726 3946; x_wconf 65' lang='lat' dir='ltr'>qua</span> <span class='ocrx_word' id='word_1_604' title='bbox 3773 3876 3889 3936; x_wconf 87' lang='lat' dir='ltr'>alia</span> 
     </span>
    </p>
   </div>
   <div class='ocr_carea' id='block_1_86' title="bbox 2243 3941 3883 4033">
    <p class='ocr_par' dir='ltr' id='par_1_86' title="bbox 2243 3941 3883 4033">
     <span class='ocr_line' id='line_1_87' title="bbox 2243 3941 3883 4033; baseline 0.016 -37"><span class='ocrx_word' id='word_1_605' title='bbox 2243 3941 2525 3998; x_wconf 87' lang='lat' dir='ltr'>virtutum</span> <span class='ocrx_word' id='word_1_606' title='bbox 2577 3944 2990 4017; x_wconf 88' lang='lat' dir='ltr'>pulcherrima.</span> <span class='ocrx_word' id='word_1_607' title='bbox 3035 3951 3289 4010; x_wconf 85' lang='lat' dir='ltr'>Maxima</span> <span class='ocrx_word' id='word_1_608' title='bbox 3336 3959 3493 4015; x_wconf 90' lang='lat' dir='ltr'>enim</span> <span class='ocrx_word' id='word_1_609' title='bbox 3537 3941 3724 4020; x_wconf 78' lang='lat' dir='ltr'>virtus</span> <span class='ocrx_word' id='word_1_610' title='bbox 3773 3971 3883 4033; x_wconf 91' lang='lat' dir='ltr'>est,</span> 
     </span>
    </p>
   </div>
   <div class='ocr_carea' id='block_1_87' title="bbox 2244 4030 3890 4110">
    <p class='ocr_par' dir='ltr' id='par_1_87' title="bbox 2244 4030 3890 4110">
     <span class='ocr_line' id='line_1_88' title="bbox 2244 4030 3890 4110; baseline 0.015 -24"><span class='ocrx_word' id='word_1_611' title='bbox 2244 4030 2396 4088; x_wconf 88' lang='lat' dir='ltr'>nolle</span> <span class='ocrx_word' id='word_1_612' title='bbox 2425 4033 2544 4104; x_wconf 90' lang='lat' dir='ltr'>pati</span> <span class='ocrx_word' id='word_1_613' title='bbox 2571 4039 2633 4088; x_wconf 92' lang='lat' dir='ltr'>ut</span> <span class='ocrx_word' id='word_1_614' title='bbox 2651 4035 2875 4094; x_wconf 84' lang='lat' dir='ltr'>falsitas</span> <span class='ocrx_word' id='word_1_615' title='bbox 2904 4037 2962 4092; x_wconf 90' lang='lat' dir='ltr'>in</span> <span class='ocrx_word' id='word_1_616' title='bbox 2982 4042 3242 4099; x_wconf 91' lang='lat' dir='ltr'>medium</span> <span class='ocrx_word' id='word_1_617' title='bbox 3260 4047 3586 4105; x_wconf 90' lang='lat' dir='ltr'>adducatur</span> <span class='ocrx_word' id='word_1_618' title='bbox 3605 4030 3890 4110; x_wconf 82' lang='lat' dir='ltr'>exstincta</span> 
     </span>
    </p>
   </div>
   <div class='ocr_carea' id='block_1_88' title="bbox 2243 4121 3892 4210">
    <p class='ocr_par' dir='ltr' id='par_1_88' title="bbox 2243 4121 3892 4210">
     <span class='ocr_line' id='line_1_89' title="bbox 2243 4121 3892 4210; baseline 0.016 -36"><span class='ocrx_word' id='word_1_619' title='bbox 2243 4121 2482 4177; x_wconf 86' lang='lat' dir='ltr'>veritate</span> <span class='ocrx_word' id='word_1_620' title='bbox 2528 4141 2540 4178; x_wconf 93' lang='lat'>:</span> <span class='ocrx_word' id='word_1_621' title='bbox 2597 4141 2774 4196; x_wconf 90' lang='lat' dir='ltr'>quam</span> <span class='ocrx_word' id='word_1_622' title='bbox 2823 4143 2990 4185; x_wconf 89' lang='lat' dir='ltr'>suam</span> <span class='ocrx_word' id='word_1_623' title='bbox 3037 4137 3262 4202; x_wconf 90' lang='lat' dir='ltr'>partem</span> <span class='ocrx_word' id='word_1_624' title='bbox 3313 4154 3617 4210; x_wconf 89' lang='lat' dir='ltr'>nunquam</span> <span class='ocrx_word' id='word_1_625' title='bbox 3664 4142 3892 4201; x_wconf 90' lang='lat' dir='ltr'>videbis</span> 
     </span>
    </p>
   </div>
   <div class='ocr_carea' id='block_1_89' title="bbox 2244 4211 3896 4304">
    <p class='ocr_par' dir='ltr' id='par_1_89' title="bbox 2244 4211 3896 4304">
     <span class='ocr_line' id='line_1_90' title="bbox 2244 4211 3896 4304; baseline 0.015 -40"><span class='ocrx_word' id='word_1_626' title='bbox 2244 4211 2511 4268; x_wconf 89' lang='lat' dir='ltr'>deserere</span> <span class='ocrx_word' id='word_1_627' title='bbox 2540 4214 2849 4285; x_wconf 83' lang='lat' dir='ltr'>Georgium</span> <span class='ocrx_word' id='word_1_628' title='bbox 2883 4223 3020 4286; x_wconf 90' lang='lat' dir='ltr'>;aut</span> <span class='ocrx_word' id='word_1_629' title='bbox 3048 4237 3115 4276; x_wconf 87' lang='lat' dir='ltr'>ex</span> <span class='ocrx_word' id='word_1_630' title='bbox 3147 4223 3329 4280; x_wconf 91' lang='lat' dir='ltr'>animi</span> <span class='ocrx_word' id='word_1_631' title='bbox 3361 4227 3516 4284; x_wconf 91' lang='lat' dir='ltr'>circa</span> <span class='ocrx_word' id='word_1_632' title='bbox 3540 4246 3669 4286; x_wconf 87' lang='lat' dir='ltr'>eam</span> <span class='ocrx_word' id='word_1_633' title='bbox 3713 4233 3896 4304; x_wconf 87' lang='lat' dir='ltr'>pusil-</span> 
     </span>
    </p>
   </div>
   <div class='ocr_carea' id='block_1_90' title="bbox 2243 4299 3896 4386">
    <p class='ocr_par' dir='ltr' id='par_1_90' title="bbox 2243 4299 3896 4386">
     <span class='ocr_line' id='line_1_91' title="bbox 2243 4299 3896 4386; baseline 0.016 -33"><span class='ocrx_word' id='word_1_634' title='bbox 2243 4299 2570 4358; x_wconf 88' lang='lat' dir='ltr'>lanimitate</span> <span class='ocrx_word' id='word_1_635' title='bbox 2617 4303 2893 4376; x_wconf 90' lang='lat' dir='ltr'>injuriam</span> <span class='ocrx_word' id='word_1_636' title='bbox 2945 4307 3201 4383; x_wconf 88' lang='lat' dir='ltr'>irrogare</span> <span class='ocrx_word' id='word_1_637' title='bbox 3250 4314 3389 4386; x_wconf 93' lang='lat' dir='ltr'>Deo,</span> <span class='ocrx_word' id='word_1_638' title='bbox 3440 4317 3604 4374; x_wconf 89' lang='lat' dir='ltr'>illam</span> <span class='ocrx_word' id='word_1_639' title='bbox 3664 4337 3896 4379; x_wconf 91' lang='lat' dir='ltr'>servare</span> 
     </span>
    </p>
   </div>
   <div class='ocr_carea' id='block_1_91' title="bbox 2245 4390 3896 4479">
    <p class='ocr_par' dir='ltr' id='par_1_91' title="bbox 2245 4390 3896 4479">
     <span class='ocr_line' id='line_1_92' title="bbox 2245 4390 3896 4479; baseline 0.015 -36"><span class='ocrx_word' id='word_1_640' title='bbox 2245 4390 2622 4462; x_wconf 83' lang='lat' dir='ltr'>praecipienti.</span> <span class='ocrx_word' id='word_1_641' title='bbox 2657 4393 2902 4452; x_wconf 89' lang='lat' dir='ltr'>Necesse</span> <span class='ocrx_word' id='word_1_642' title='bbox 2941 4399 3099 4471; x_wconf 86' lang='lat' dir='ltr'>enim</span> <span class='ocrx_word' id='word_1_643' title='bbox 3149 4403 3388 4460; x_wconf 92' lang='lat' dir='ltr'>omnino</span> <span class='ocrx_word' id='word_1_644' title='bbox 3418 4411 3507 4462; x_wconf 87' lang='lat' dir='ltr'>est</span> <span class='ocrx_word' id='word_1_645' title='bbox 3535 4409 3732 4479; x_wconf 88' lang='lat' dir='ltr'>potius</span> <span class='ocrx_word' id='word_1_646' title='bbox 3778 4411 3896 4468; x_wconf 89' lang='lat' dir='ltr'>Deo</span> 
     </span>
    </p>
   </div>
   <div class='ocr_carea' id='block_1_92' title="bbox 2246 4479 3897 4556">
    <p class='ocr_par' dir='ltr' id='par_1_92' title="bbox 2246 4479 3897 4556">
     <span class='ocr_line' id='line_1_93' title="bbox 2246 4479 3897 4556; baseline 0.014 -23"><span class='ocrx_word' id='word_1_647' title='bbox 2246 4495 2426 4550; x_wconf 90' lang='lat' dir='ltr'>quam</span> <span class='ocrx_word' id='word_1_648' title='bbox 2455 4479 2793 4539; x_wconf 88' lang='lat' dir='ltr'>hominibus</span> <span class='ocrx_word' id='word_1_649' title='bbox 2826 4485 3372 4555; x_wconf 88' lang='lat' dir='ltr'>obedire.Quoniam</span> <span class='ocrx_word' id='word_1_650' title='bbox 3403 4511 3537 4550; x_wconf 89' lang='lat' dir='ltr'>vero</span> <span class='ocrx_word' id='word_1_651' title='bbox 3567 4497 3744 4554; x_wconf 90' lang='lat' dir='ltr'>etiam</span> <span class='ocrx_word' id='word_1_652' title='bbox 3777 4516 3897 4556; x_wconf 90' lang='lat' dir='ltr'>ma-</span> 
     </span>
    </p>
   </div>
   <div class='ocr_carea' id='block_1_93' title="bbox 2246 4567 3894 4660">
    <p class='ocr_par' dir='ltr' id='par_1_93' title="bbox 2246 4567 3894 4660">
     <span class='ocr_line' id='line_1_94' title="bbox 2246 4567 3894 4660; baseline 0.015 -39"><span class='ocrx_word' id='word_1_653' title='bbox 2246 4567 2509 4640; x_wconf 88' lang='lat' dir='ltr'>gicarum</span> <span class='ocrx_word' id='word_1_654' title='bbox 2562 4575 2775 4628; x_wconf 89' lang='lat' dir='ltr'>artium</span> <span class='ocrx_word' id='word_1_655' title='bbox 2830 4577 3170 4651; x_wconf 88' lang='lat' dir='ltr'>meministi,</span> <span class='ocrx_word' id='word_1_656' title='bbox 3201 4581 3427 4654; x_wconf 88' lang='lat' dir='ltr'>vulgari</span> <span class='ocrx_word' id='word_1_657' title='bbox 3475 4585 3712 4657; x_wconf 89' lang='lat' dir='ltr'>quidem</span> <span class='ocrx_word' id='word_1_658' title='bbox 3759 4604 3894 4660; x_wconf 89' lang='lat' dir='ltr'>pro-</span> 
     </span>
    </p>
   </div>
   <div class='ocr_carea' id='block_1_94' title="bbox 482 4654 2127 4748">
    <p class='ocr_par' dir='ltr' id='par_1_94' title="bbox 482 4654 2127 4735">
     <span class='ocr_line' id='line_1_95' title="bbox 482 4654 2127 4735; baseline -0.002 -19"><span class='ocrx_word' id='word_1_659' title='bbox 482 4657 604 4717; x_wconf 75' lang='grc' dir='ltr'>καὶ·</span> <span class='ocrx_word' id='word_1_660' title='bbox 633 4657 770 4732; x_wconf 82' lang='grc' dir='ltr'>μετὰ</span> <span class='ocrx_word' id='word_1_661' title='bbox 815 4656 979 4713; x_wconf 89' lang='grc' dir='ltr'>τίνων</span> <span class='ocrx_word' id='word_1_662' title='bbox 1036 4658 1246 4716; x_wconf 80' lang='grc' dir='ltr'>τάττειν</span> <span class='ocrx_word' id='word_1_663' title='bbox 1303 4654 1439 4728; x_wconf 65' lang='grc' dir='ltr'>ἕξεις</span> <span class='ocrx_word' id='word_1_664' title='bbox 1488 4657 1702 4730; x_wconf 85' lang='grc' dir='ltr'>σαυτὸν,</span> <span class='ocrx_word' id='word_1_665' title='bbox 1761 4657 1897 4732; x_wconf 84' lang='grc' dir='ltr'>μετὰ</span> <span class='ocrx_word' id='word_1_666' title='bbox 1943 4657 2127 4735; x_wconf 63' lang='grc' dir='ltr'>μυρίαι</span> 
     </span>
    </p>
   </div>
   <div class='ocr_carea' id='block_1_95' title="bbox 2238 4654 3894 4748">
    <p class='ocr_par' dir='ltr' id='par_1_95' title="bbox 2247 4654 3894 4748">
     <span class='ocr_line' id='line_1_96' title="bbox 2247 4654 3894 4748; baseline 0.013 -37"><span class='ocrx_word' id='word_1_667' title='bbox 2247 4658 2444 4713; x_wconf 90' lang='lat' dir='ltr'>verbio</span> <span class='ocrx_word' id='word_1_668' title='bbox 2492 4659 2730 4730; x_wconf 92' lang='lat' dir='ltr'>dicitur,</span> <span class='ocrx_word' id='word_1_669' title='bbox 2778 4666 2973 4734; x_wconf 91' lang='lat' dir='ltr'>pueris</span> <span class='ocrx_word' id='word_1_670' title='bbox 3023 4672 3081 4722; x_wconf 90' lang='lat' dir='ltr'>et</span> <span class='ocrx_word' id='word_1_671' title='bbox 3146 4654 3535 4741; x_wconf 81' lang='lat' dir='ltr'>piscatoribus</span> <span class='ocrx_word' id='word_1_672' title='bbox 3587 4691 3656 4730; x_wconf 87' lang='lat' dir='ltr'>ex</span> <span class='ocrx_word' id='word_1_673' title='bbox 3702 4677 3894 4748; x_wconf 91' lang='lat' dir='ltr'>primo</span> 
     </span>
    </p>
   </div>
   <div class='ocr_carea' id='block_1_96' title="bbox 485 4745 2137 4824">
    <p class='ocr_par' dir='ltr' id='par_1_96' title="bbox 485 4745 2137 4824">
     <span class='ocr_line' id='line_1_97' title="bbox 485 4745 2137 4824; baseline -0.001 -20"><span class='ocrx_word' id='word_1_674' title='bbox 485 4752 678 4824; x_wconf 79' lang='grc' dir='ltr'>πεῖραν</span> <span class='ocrx_word' id='word_1_675' title='bbox 756 4751 875 4810; x_wconf 88' lang='grc' dir='ltr'>τοῖς</span> <span class='ocrx_word' id='word_1_676' title='bbox 969 4746 1157 4810; x_wconf 78' lang='grc' dir='ltr'>αὐτοῖς</span> <span class='ocrx_word' id='word_1_677' title='bbox 1241 4745 1583 4823; x_wconf 88' lang='grc' dir='ltr'>περιπίπτων</span> <span class='ocrx_word' id='word_1_678' title='bbox 1677 4747 2137 4822; x_wconf 87' lang='grc' dir='ltr'>προσκόμμασιν;</span> 
     </span>
    </p>
   </div>
   <div class='ocr_carea' id='block_1_97' title="bbox 485 4833 2139 4913">
    <p class='ocr_par' dir='ltr' id='par_1_97' title="bbox 485 4833 2139 4913">
     <span class='ocr_line' id='line_1_98' title="bbox 485 4833 2139 4913; baseline -0.001 -21"><span class='ocrx_word' id='word_1_679' title='bbox 485 4835 730 4892; x_wconf 79' lang='grc' dir='ltr'>’Δκοόων</span> <span class='ocrx_word' id='word_1_680' title='bbox 793 4836 887 4910; x_wconf 77' lang='grc' dir='ltr'>μὲν</span> <span class='ocrx_word' id='word_1_681' title='bbox 949 4835 1054 4912; x_wconf 82' lang='grc' dir='ltr'>γὰρ</span> <span class='ocrx_word' id='word_1_682' title='bbox 1112 4833 1314 4911; x_wconf 86' lang='grc' dir='ltr'>λόγους</span> <span class='ocrx_word' id='word_1_683' title='bbox 1392 4835 1538 4910; x_wconf 43' lang='grc' dir='ltr'>περὶ.</span> <span class='ocrx_word' id='word_1_684' title='bbox 1572 4835 1851 4910; x_wconf 82' lang='grc' dir='ltr'>ἀληθείας,</span> <span class='ocrx_word' id='word_1_685' title='bbox 1907 4834 2139 4913; x_wconf 81' lang='grc' dir='ltr'>ἔλεγχον</span> 
     </span>
    </p>
   </div>
   <div class='ocr_carea' id='block_1_98' title="bbox 483 4920 2138 5001">
    <p class='ocr_par' dir='ltr' id='par_1_98' title="bbox 483 4920 2138 5001">
     <span class='ocr_line' id='line_1_99' title="bbox 483 4920 2138 5001; baseline 0 -21"><span class='ocrx_word' id='word_1_686' title='bbox 483 4923 580 4980; x_wconf 85' lang='grc' dir='ltr'>τὸν</span> <span class='ocrx_word' id='word_1_687' title='bbox 635 4920 726 4979; x_wconf 73' lang='grc' dir='ltr'>διὰ</span> <span class='ocrx_word' id='word_1_688' title='bbox 769 4927 878 4980; x_wconf 82' lang='grc' dir='ltr'>τῶν</span> <span class='ocrx_word' id='word_1_689' title='bbox 937 4925 1275 5001; x_wconf 87' lang='grc' dir='ltr'>πραγμάτων</span> <span class='ocrx_word' id='word_1_690' title='bbox 1329 4923 1628 4996; x_wconf 77' lang='grc' dir='ltr'>ἐπιζητεῖςο</span> <span class='ocrx_word' id='word_1_691' title='bbox 1668 4929 1860 4980; x_wconf 89' lang='grc' dir='ltr'>τοῦτον</span> <span class='ocrx_word' id='word_1_692' title='bbox 1917 4923 1976 4980; x_wconf 72' lang='grc' dir='ltr'>δὲ</span> <span class='ocrx_word' id='word_1_693' title='bbox 2029 4922 2138 4996; x_wconf 74' lang='grc' dir='ltr'>ἤδη</span> 
     </span>
    </p>
   </div>
   <div class='ocr_carea' id='block_1_99' title="bbox 489 5008 2142 5092">
    <p class='ocr_par' dir='ltr' id='par_1_99' title="bbox 489 5008 2142 5092">
     <span class='ocr_line' id='line_1_100' title="bbox 489 5008 2142 5092; baseline -0.002 -20"><span class='ocrx_word' id='word_1_694' title='bbox 489 5008 813 5088; x_wconf 74' lang='grc' dir='ltr'>λαμϐάνων,</span> <span class='ocrx_word' id='word_1_695' title='bbox 846 5012 924 5076; x_wconf 83' lang='grc' dir='ltr'>ὡς</span> <span class='ocrx_word' id='word_1_696' title='bbox 973 5013 1061 5070; x_wconf 78' lang='grc' dir='ltr'>ἐπὶ</span> <span class='ocrx_word' id='word_1_697' title='bbox 1123 5012 1318 5088; x_wconf 83' lang='grc' dir='ltr'>μόνους</span> <span class='ocrx_word' id='word_1_698' title='bbox 1365 5011 1722 5077; x_wconf 86' lang='grc' dir='ltr'>διδασκάλους</span> <span class='ocrx_word' id='word_1_699' title='bbox 1765 5014 1894 5077; x_wconf 82' lang='grc' dir='ltr'>τοὺς</span> <span class='ocrx_word' id='word_1_700' title='bbox 1943 5014 2142 5092; x_wconf 85' lang='grc' dir='ltr'>λόγους</span> 
     </span>
    </p>
   </div>
   <div class='ocr_carea' id='block_1_100' title="bbox 493 5098 2142 5179">
    <p class='ocr_par' dir='ltr' id='par_1_100' title="bbox 493 5098 2142 5179">
     <span class='ocr_line' id='line_1_101' title="bbox 493 5098 2142 5179; baseline 0.001 -21"><span class='ocrx_word' id='word_1_701' title='bbox 493 5100 830 5178; x_wconf 63' lang='grc' dir='ltr'>μταπηδᾷς.</span> <span class='ocrx_word' id='word_1_702' title='bbox 874 5101 966 5166; x_wconf 90' lang='grc' dir='ltr'>Τίς</span> <span class='ocrx_word' id='word_1_703' title='bbox 1034 5103 1228 5158; x_wconf 82' lang='grc' dir='ltr'>Λοιπὸν</span> <span class='ocrx_word' id='word_1_704' title='bbox 1283 5103 1543 5179; x_wconf 87' lang='grc' dir='ltr'>βοηθήσει</span> <span class='ocrx_word' id='word_1_705' title='bbox 1586 5107 1655 5178; x_wconf 78' lang='grc' dir='ltr'>τῇ</span> <span class='ocrx_word' id='word_1_706' title='bbox 1705 5098 1964 5178; x_wconf 72' lang='grc' dir='ltr'>συντριϐῇ</span> <span class='ocrx_word' id='word_1_707' title='bbox 2011 5121 2142 5175; x_wconf 89' lang='grc' dir='ltr'>σου;</span> 
     </span>
    </p>
   </div>
   <div class='ocr_carea' id='block_1_101' title="bbox 440 5190 2142 5271">
    <p class='ocr_par' dir='ltr' id='par_1_101' title="bbox 440 5190 2142 5271">
     <span class='ocr_line' id='line_1_102' title="bbox 440 5190 2142 5271; baseline 0 -23"><span class='ocrx_word' id='word_1_708' title='bbox 440 5191 574 5254; x_wconf 66' lang='grc' dir='ltr'>ιτίς</span> <span class='ocrx_word' id='word_1_709' title='bbox 649 5193 899 5261; x_wconf 77' lang='grc' dir='ltr'>σου-τήν</span> <span class='ocrx_word' id='word_1_710' title='bbox 975 5190 1243 5262; x_wconf 77' lang='grc' dir='ltr'>τοσαύτην</span> <span class='ocrx_word' id='word_1_711' title='bbox 1329 5190 1664 5271; x_wconf 76' lang='grc' dir='ltr'>φιλονεικίαν</span> <span class='ocrx_word' id='word_1_712' title='bbox 1750 5191 2142 5270; x_wconf 84' lang='grc' dir='ltr'>ἆποκρούσεται</span> 
     </span>
    </p>
   </div>
   <div class='ocr_carea' id='block_1_102' title="bbox 487 5277 2142 5358">
    <p class='ocr_par' dir='ltr' id='par_1_102' title="bbox 487 5277 2142 5358">
     <span class='ocr_line' id='line_1_103' title="bbox 487 5277 2142 5358; baseline 0.001 -21"><span class='ocrx_word' id='word_1_713' title='bbox 487 5277 695 5357; x_wconf 83' lang='grc' dir='ltr'>λόγος;</span> <span class='ocrx_word' id='word_1_714' title='bbox 723 5281 956 5358; x_wconf 76' lang='grc' dir='ltr'>Χριστὸν</span> <span class='ocrx_word' id='word_1_715' title='bbox 1012 5281 1104 5355; x_wconf 72' lang='grc' dir='ltr'>μὲν</span> <span class='ocrx_word' id='word_1_716' title='bbox 1159 5277 1250 5352; x_wconf 80' lang='grc' dir='ltr'>δὴ,</span> <span class='ocrx_word' id='word_1_717' title='bbox 1287 5279 1532 5357; x_wconf 87' lang='grc' dir='ltr'>βασιλεῦ,</span> <span class='ocrx_word' id='word_1_718' title='bbox 1563 5281 1617 5336; x_wconf 89' lang='grc' dir='ltr'>τί</span> <span class='ocrx_word' id='word_1_719' title='bbox 1667 5280 1815 5358; x_wconf 68' lang='grc' dir='ltr'>λέγω</span> <span class='ocrx_word' id='word_1_720' title='bbox 1873 5282 2142 5358; x_wconf 73' lang='grc' dir='ltr'>Χριστόνς</span> 
     </span>
    </p>
   </div>
   <div class='ocr_carea' id='block_1_103' title="bbox 479 5367 2147 5448">
    <p class='ocr_par' dir='ltr' id='par_1_103' title="bbox 479 5367 2147 5448">
     <span class='ocr_line' id='line_1_104' title="bbox 479 5367 2147 5448; baseline 0.001 -24"><span class='ocrx_word' id='word_1_721' title='bbox 479 5374 724 5446; x_wconf 62' lang='grc' dir='ltr'>Χριστοῦ</span> <span class='ocrx_word' id='word_1_722' title='bbox 788 5368 987 5441; x_wconf 82' lang='grc' dir='ltr'>κλῆσιν</span> <span class='ocrx_word' id='word_1_723' title='bbox 1071 5368 1132 5424; x_wconf 85' lang='grc' dir='ltr'>ού</span> <span class='ocrx_word' id='word_1_724' title='bbox 1199 5368 1419 5448; x_wconf 69' lang='grc' dir='ltr'>φέρουσι</span> <span class='ocrx_word' id='word_1_725' title='bbox 1479 5367 1758 5444; x_wconf 90' lang='grc' dir='ltr'>δαίμονες,</span> <span class='ocrx_word' id='word_1_726' title='bbox 1827 5367 2029 5426; x_wconf 88' lang='grc' dir='ltr'>δεδίασι</span> <span class='ocrx_word' id='word_1_727' title='bbox 2087 5368 2147 5426; x_wconf 70' lang='grc' dir='ltr'>δὲ</span> 
     </span>
    </p>
   </div>
   <div class='ocr_carea' id='block_1_104' title="bbox 451 5457 2145 5535">
    <p class='ocr_par' dir='ltr' id='par_1_104' title="bbox 451 5457 2145 5535">
     <span class='ocr_line' id='line_1_105' title="bbox 451 5457 2145 5535; baseline 0.001 -21"><span class='ocrx_word' id='word_1_728' title='bbox 451 5458 580 5514; x_wconf 84' lang='grc' dir='ltr'>’καὶ</span> <span class='ocrx_word' id='word_1_729' title='bbox 635 5457 920 5535; x_wconf 80' lang='grc' dir='ltr'>τρέμουσι,</span> <span class='ocrx_word' id='word_1_730' title='bbox 977 5457 1067 5514; x_wconf 82' lang='grc' dir='ltr'>καὶ</span> <span class='ocrx_word' id='word_1_731' title='bbox 1131 5457 1290 5531; x_wconf 91' lang='grc' dir='ltr'>μόνον</span> <span class='ocrx_word' id='word_1_732' title='bbox 1365 5458 1686 5523; x_wconf 84' lang='grc' dir='ltr'>ἀκούσαντες</span> <span class='ocrx_word' id='word_1_733' title='bbox 1754 5459 1883 5515; x_wconf 86' lang='grc' dir='ltr'>ὡσεὶ</span> <span class='ocrx_word' id='word_1_734' title='bbox 1941 5461 2145 5523; x_wconf 85' lang='grc' dir='ltr'>καπνὸς</span> 
     </span>
    </p>
   </div>
   <div class='ocr_carea' id='block_1_105' title="bbox 492 5541 2144 5626">
    <p class='ocr_par' dir='ltr' id='par_1_105' title="bbox 492 5541 2144 5626">
     <span class='ocr_line' id='line_1_106' title="bbox 492 5541 2144 5626; baseline 0.001 -23"><span class='ocrx_word' id='word_1_735' title='bbox 492 5545 858 5605; x_wconf 61' lang='grc' dir='ltr'>ἐκλείπουσιν</span> <span class='ocrx_word' id='word_1_736' title='bbox 932 5541 992 5602; x_wconf 60' lang='grc' dir='ltr'>’δι’</span> <span class='ocrx_word' id='word_1_737' title='bbox 1031 5543 1089 5603; x_wconf 79' lang='grc' dir='ltr'>δὲ</span> <span class='ocrx_word' id='word_1_738' title='bbox 1151 5547 1368 5624; x_wconf 83' lang='grc' dir='ltr'>γοήτων</span> <span class='ocrx_word' id='word_1_739' title='bbox 1454 5546 1594 5603; x_wconf 79' lang='grc' dir='ltr'>ἐστὶν</span> <span class='ocrx_word' id='word_1_740' title='bbox 1673 5544 1806 5625; x_wconf 76' lang='grc' dir='ltr'>ἔργα</span> <span class='ocrx_word' id='word_1_741' title='bbox 1868 5545 2144 5626; x_wconf 76' lang='grc' dir='ltr'>δαιμόνων</span> 
     </span>
    </p>
   </div>
   <div class='ocr_carea' id='block_1_106' title="bbox 564 5689 2150 5780">
    <p class='ocr_par' dir='ltr' id='par_1_106' title="bbox 564 5689 2150 5780">
     <span class='ocr_line' id='line_1_107' title="bbox 564 5689 2150 5780; baseline 0.003 -33"><span class='ocrx_word' id='word_1_742' title='bbox 564 5689 1022 5780; x_wconf 46' lang='lat' dir='ltr'>(1)‘Exciderunt</span> <span class='ocrx_word' id='word_1_743' title='bbox 1052 5689 1188 5780; x_wconf 81' lang='lat' dir='ltr'>hoc</span> <span class='ocrx_word' id='word_1_744' title='bbox 1212 5689 1352 5780; x_wconf 80' lang='lat' dir='ltr'>loco</span> <span class='ocrx_word' id='word_1_745' title='bbox 1390 5691 1570 5780; x_wconf 75' lang='lat' dir='ltr'>verba</span> <span class='ocrx_word' id='word_1_746' title='bbox 1615 5690 1834 5780; x_wconf 72' lang='lat' dir='ltr'>aliqua,</span> <span class='ocrx_word' id='word_1_747' title='bbox 1861 5693 1940 5780; x_wconf 73' lang='lat' dir='ltr'>ad</span> <span class='ocrx_word' id='word_1_748' title='bbox 1981 5709 2150 5780; x_wconf 61' lang='lat' dir='ltr'>gom-</span> 
     </span>
    </p>
   </div>
   <div class='ocr_carea' id='block_1_107' title="bbox 491 5762 2147 5841">
    <p class='ocr_par' dir='ltr' id='par_1_107' title="bbox 491 5762 2147 5841">
     <span class='ocr_line' id='line_1_108' title="bbox 491 5762 2147 5841; baseline 0.003 -21"><span class='ocrx_word' id='word_1_749' title='bbox 491 5762 780 5840; x_wconf 85' lang='lat' dir='ltr'>plendum</span> <span class='ocrx_word' id='word_1_750' title='bbox 830 5779 1074 5822; x_wconf 84' lang='lat' dir='ltr'>sensum</span> <span class='ocrx_word' id='word_1_751' title='bbox 1122 5763 1500 5824; x_wconf 84' lang='lat' dir='ltr'>necessaria:</span> <span class='ocrx_word' id='word_1_752' title='bbox 1539 5762 1825 5839; x_wconf 65' lang='lat' dir='ltr'>quod&#39;ut</span> <span class='ocrx_word' id='word_1_753' title='bbox 1857 5764 2147 5841; x_wconf 83' lang='lat' dir='ltr'>intellige-</span> 
     </span>
    </p>
   </div>
   <div class='ocr_carea' id='block_1_108' title="bbox 2241 4745 3894 4838">
    <p class='ocr_par' dir='ltr' id='par_1_108' title="bbox 2241 4745 3894 4838">
     <span class='ocr_line' id='line_1_109' title="bbox 2241 4745 3894 4838; baseline 0.015 -39"><span class='ocrx_word' id='word_1_754' title='bbox 2241 4745 2405 4816; x_wconf 89' lang='lat' dir='ltr'>jactu</span> <span class='ocrx_word' id='word_1_755' title='bbox 2437 4747 2696 4805; x_wconf 87' lang='lat' dir='ltr'>dandum</span> <span class='ocrx_word' id='word_1_756' title='bbox 2723 4755 2818 4806; x_wconf 89' lang='lat' dir='ltr'>:tu</span> <span class='ocrx_word' id='word_1_757' title='bbox 2849 4770 2980 4810; x_wconf 90' lang='lat' dir='ltr'>vero</span> <span class='ocrx_word' id='word_1_758' title='bbox 3013 4756 3112 4810; x_wconf 89' lang='lat' dir='ltr'>ubi</span> <span class='ocrx_word' id='word_1_759' title='bbox 3145 4762 3246 4813; x_wconf 89' lang='lat' dir='ltr'>aut</span> <span class='ocrx_word' id='word_1_760' title='bbox 3277 4760 3428 4815; x_wconf 89' lang='lat' dir='ltr'>inter</span> <span class='ocrx_word' id='word_1_761' title='bbox 3458 4778 3606 4834; x_wconf 92' lang='lat' dir='ltr'>quos</span> <span class='ocrx_word' id='word_1_762' title='bbox 3635 4745 3894 4838; x_wconf 80' lang='lat' dir='ltr'>teipsum</span> 
     </span>
    </p>
   </div>
   <div class='ocr_carea' id='block_1_109' title="bbox 2250 4835 3902 4927">
    <p class='ocr_par' dir='ltr' id='par_1_109' title="bbox 2250 4835 3902 4927">
     <span class='ocr_line' id='line_1_110' title="bbox 2250 4835 3902 4927; baseline 0.014 -38"><span class='ocrx_word' id='word_1_763' title='bbox 2250 4835 2427 4892; x_wconf 89' lang='lat' dir='ltr'>debes</span> <span class='ocrx_word' id='word_1_764' title='bbox 2485 4853 2742 4912; x_wconf 88' lang='lat' dir='ltr'>censere,</span> <span class='ocrx_word' id='word_1_765' title='bbox 2787 4841 2844 4896; x_wconf 91' lang='lat' dir='ltr'>in</span> <span class='ocrx_word' id='word_1_766' title='bbox 2895 4845 3102 4900; x_wconf 91' lang='lat' dir='ltr'>eadem</span> <span class='ocrx_word' id='word_1_767' title='bbox 3150 4847 3503 4906; x_wconf 76' lang='lat' dir='ltr'>offendicula</span> <span class='ocrx_word' id='word_1_768' title='bbox 3565 4835 3902 4927; x_wconf 82' lang='lat' dir='ltr'>impingens</span> 
     </span>
    </p>
   </div>
   <div class='ocr_carea' id='block_1_110' title="bbox 2251 4925 3906 5002">
    <p class='ocr_par' dir='ltr' id='par_1_110' title="bbox 2251 4925 3906 5002">
     <span class='ocr_line' id='line_1_111' title="bbox 2251 4925 3906 5002; baseline 0.015 -25"><span class='ocrx_word' id='word_1_769' title='bbox 2251 4929 2386 4996; x_wconf 90' lang='lat' dir='ltr'>post</span> <span class='ocrx_word' id='word_1_770' title='bbox 2433 4925 2702 4983; x_wconf 90' lang='lat' dir='ltr'>millenas</span> <span class='ocrx_word' id='word_1_771' title='bbox 2750 4933 3136 5002; x_wconf 84' lang='lat' dir='ltr'>experientias</span> <span class='ocrx_word' id='word_1_772' title='bbox 3160 4936 3188 4990; x_wconf 81' lang='lat'>‘?</span> <span class='ocrx_word' id='word_1_773' title='bbox 3217 4938 3446 4994; x_wconf 91' lang='lat' dir='ltr'>Etenim</span> <span class='ocrx_word' id='word_1_774' title='bbox 3497 4925 3801 5000; x_wconf 75' lang='lat' dir='ltr'>sermones</span> <span class='ocrx_word' id='word_1_775' title='bbox 3833 4946 3906 5001; x_wconf 85' lang='lat' dir='ltr'>de</span> 
     </span>
    </p>
   </div>
   <div class='ocr_carea' id='block_1_111' title="bbox 2251 5013 3904 5104">
    <p class='ocr_par' dir='ltr' id='par_1_111' title="bbox 2251 5013 3904 5104">
     <span class='ocr_line' id='line_1_112' title="bbox 2251 5013 3904 5104; baseline 0.013 -37"><span class='ocrx_word' id='word_1_776' title='bbox 2251 5013 2493 5070; x_wconf 89' lang='lat' dir='ltr'>veritate</span> <span class='ocrx_word' id='word_1_777' title='bbox 2525 5017 2793 5085; x_wconf 89' lang='lat' dir='ltr'>audiens,</span> <span class='ocrx_word' id='word_1_778' title='bbox 2823 5035 3026 5077; x_wconf 91' lang='lat' dir='ltr'>eorum</span> <span class='ocrx_word' id='word_1_779' title='bbox 3071 5025 3478 5084; x_wconf 89' lang='lat' dir='ltr'>certitudinem</span> <span class='ocrx_word' id='word_1_780' title='bbox 3512 5031 3724 5101; x_wconf 71' lang='lat' dir='ltr'>quazris</span> <span class='ocrx_word' id='word_1_781' title='bbox 3754 5033 3904 5104; x_wconf 89' lang='lat' dir='ltr'>ipsis</span> 
     </span>
    </p>
   </div>
   <div class='ocr_carea' id='block_1_112' title="bbox 2254 5103 3902 5195">
    <p class='ocr_par' dir='ltr' id='par_1_112' title="bbox 2254 5103 3902 5195">
     <span class='ocr_line' id='line_1_113' title="bbox 2254 5103 3902 5195; baseline 0.013 -39"><span class='ocrx_word' id='word_1_782' title='bbox 2254 5103 2430 5158; x_wconf 91' lang='lat' dir='ltr'>rebus</span> <span class='ocrx_word' id='word_1_783' title='bbox 2462 5107 2707 5177; x_wconf 90' lang='lat' dir='ltr'>experiri</span> <span class='ocrx_word' id='word_1_784' title='bbox 2739 5125 2752 5163; x_wconf 89' lang='lat'><strong>:</strong></span> <span class='ocrx_word' id='word_1_785' title='bbox 2789 5109 2860 5164; x_wconf 93' lang='lat' dir='ltr'>ab</span> <span class='ocrx_word' id='word_1_786' title='bbox 2893 5109 2986 5166; x_wconf 89' lang='lat' dir='ltr'>his</span> <span class='ocrx_word' id='word_1_787' title='bbox 3016 5117 3210 5168; x_wconf 90' lang='lat' dir='ltr'>autem</span> <span class='ocrx_word' id='word_1_788' title='bbox 3238 5122 3477 5189; x_wconf 88' lang='lat' dir='ltr'>sumpta</span> <span class='ocrx_word' id='word_1_789' title='bbox 3524 5121 3902 5195; x_wconf 82' lang='lat' dir='ltr'>experientia,</span> 
     </span>
    </p>
   </div>
   <div class='ocr_carea' id='block_1_113' title="bbox 2256 5193 3904 5271">
    <p class='ocr_par' dir='ltr' id='par_1_113' title="bbox 2256 5193 3904 5271">
     <span class='ocr_line' id='line_1_114' title="bbox 2256 5193 3904 5271; baseline 0.013 -26"><span class='ocrx_word' id='word_1_790' title='bbox 2256 5193 2507 5248; x_wconf 90' lang='lat' dir='ltr'>recurris</span> <span class='ocrx_word' id='word_1_791' title='bbox 2549 5195 2618 5249; x_wconf 89' lang='lat' dir='ltr'>ad</span> <span class='ocrx_word' id='word_1_792' title='bbox 2671 5198 2866 5266; x_wconf 87' lang='lat' dir='ltr'>verba,</span> <span class='ocrx_word' id='word_1_793' title='bbox 2903 5202 3183 5271; x_wconf 91' lang='lat' dir='ltr'>tanquam</span> <span class='ocrx_word' id='word_1_794' title='bbox 3229 5203 3355 5260; x_wconf 88' lang='lat' dir='ltr'>sola</span> <span class='ocrx_word' id='word_1_795' title='bbox 3405 5205 3614 5264; x_wconf 90' lang='lat' dir='ltr'>idonea</span> <span class='ocrx_word' id='word_1_796' title='bbox 3655 5210 3728 5264; x_wconf 91' lang='lat' dir='ltr'>ad</span> <span class='ocrx_word' id='word_1_797' title='bbox 3778 5193 3904 5267; x_wconf 83' lang='lat' dir='ltr'>ma-</span> 
     </span>
    </p>
   </div>
   <div class='ocr_carea' id='block_1_114' title="bbox 2254 5281 3906 5356">
    <p class='ocr_par' dir='ltr' id='par_1_114' title="bbox 2254 5281 3906 5356">
     <span class='ocr_line' id='line_1_115' title="bbox 2254 5281 3906 5356; baseline 0.013 -22"><span class='ocrx_word' id='word_1_798' title='bbox 2254 5281 2730 5353; x_wconf 89' lang='lat' dir='ltr'>gisterium.Quis</span> <span class='ocrx_word' id='word_1_799' title='bbox 2761 5287 3000 5344; x_wconf 89' lang='lat' dir='ltr'>demum</span> <span class='ocrx_word' id='word_1_800' title='bbox 3032 5291 3362 5348; x_wconf 90' lang='lat' dir='ltr'>medebitur</span> <span class='ocrx_word' id='word_1_801' title='bbox 3390 5297 3726 5353; x_wconf 89' lang='lat' dir='ltr'>contritioni</span> <span class='ocrx_word' id='word_1_802' title='bbox 3748 5301 3906 5356; x_wconf 70' lang='lat' dir='ltr'>tute?</span> 
     </span>
    </p>
   </div>
   <div class='ocr_carea' id='block_1_115' title="bbox 2256 5372 3910 5457">
    <p class='ocr_par' dir='ltr' id='par_1_115' title="bbox 2256 5372 3910 5457">
     <span class='ocr_line' id='line_1_116' title="bbox 2256 5372 3910 5457; baseline 0.013 -34"><span class='ocrx_word' id='word_1_803' title='bbox 2256 5387 2382 5442; x_wconf 66' lang='lat' dir='ltr'>quae</span> <span class='ocrx_word' id='word_1_804' title='bbox 2434 5372 2616 5427; x_wconf 85' lang='lat' dir='ltr'>oratio</span> <span class='ocrx_word' id='word_1_805' title='bbox 2685 5375 2907 5431; x_wconf 86' lang='lat' dir='ltr'>refellet</span> <span class='ocrx_word' id='word_1_806' title='bbox 2951 5383 3176 5436; x_wconf 90' lang='lat' dir='ltr'>tantam</span> <span class='ocrx_word' id='word_1_807' title='bbox 3232 5387 3395 5438; x_wconf 91' lang='lat' dir='ltr'>tuam</span> <span class='ocrx_word' id='word_1_808' title='bbox 3460 5386 3840 5457; x_wconf 89' lang='lat' dir='ltr'>pervicaciam</span> <span class='ocrx_word' id='word_1_809' title='bbox 3886 5391 3910 5444; x_wconf 74' lang='grc' dir='ltr'>Ρ</span> 
     </span>
    </p>
   </div>
   <div class='ocr_carea' id='block_1_116' title="bbox 2256 5458 3906 5550">
    <p class='ocr_par' dir='ltr' id='par_1_116' title="bbox 2256 5458 3906 5550">
     <span class='ocr_line' id='line_1_117' title="bbox 2256 5458 3906 5550; baseline 0.012 -35"><span class='ocrx_word' id='word_1_810' title='bbox 2256 5458 2579 5528; x_wconf 76' lang='lat' dir='ltr'>Christum,</span> <span class='ocrx_word' id='word_1_811' title='bbox 2595 5479 2627 5516; x_wconf 94' lang='lat' dir='ltr'>o</span> <span class='ocrx_word' id='word_1_812' title='bbox 2657 5461 3164 5540; x_wconf 82' lang='lat' dir='ltr'>imperator,(quid</span> <span class='ocrx_word' id='word_1_813' title='bbox 3185 5476 3381 5527; x_wconf 91' lang='lat' dir='ltr'>autem</span> <span class='ocrx_word' id='word_1_814' title='bbox 3403 5473 3699 5531; x_wconf 85' lang='lat' dir='ltr'>Christum</span> <span class='ocrx_word' id='word_1_815' title='bbox 3722 5477 3906 5550; x_wconf 86' lang='lat' dir='ltr'>dico?)</span> 
     </span>
    </p>
   </div>
   <div class='ocr_carea' id='block_1_117' title="bbox 2257 5547 3910 5631">
    <p class='ocr_par' dir='ltr' id='par_1_117' title="bbox 2257 5547 3910 5631">
     <span class='ocr_line' id='line_1_118' title="bbox 2257 5547 3910 5631; baseline 0.014 -31"><span class='ocrx_word' id='word_1_816' title='bbox 2257 5547 2470 5604; x_wconf 88' lang='lat' dir='ltr'>Christi</span> <span class='ocrx_word' id='word_1_817' title='bbox 2501 5565 2713 5605; x_wconf 90' lang='lat' dir='ltr'>nomen</span> <span class='ocrx_word' id='word_1_818' title='bbox 2745 5569 2861 5608; x_wconf 89' lang='lat' dir='ltr'>non</span> <span class='ocrx_word' id='word_1_819' title='bbox 2894 5557 3193 5615; x_wconf 89' lang='lat' dir='ltr'>sustinent</span> <span class='ocrx_word' id='word_1_820' title='bbox 3221 5560 3540 5631; x_wconf 64' lang='lat' dir='ltr'>daemones,</span> <span class='ocrx_word' id='word_1_821' title='bbox 3573 5565 3675 5622; x_wconf 89' lang='lat' dir='ltr'>sed</span> <span class='ocrx_word' id='word_1_822' title='bbox 3706 5565 3910 5622; x_wconf 85' lang='lat' dir='ltr'>formi-</span> 
     </span>
    </p>
   </div>
   <div class='ocr_carea' id='block_1_118' title="bbox 2257 5692 3910 5785">
    <p class='ocr_par' dir='ltr' id='par_1_118' title="bbox 2257 5692 3910 5785">
     <span class='ocr_line' id='line_1_119' title="bbox 2257 5692 3910 5785; baseline 0.015 -39"><span class='ocrx_word' id='word_1_823' title='bbox 2257 5695 2438 5785; x_wconf 71' lang='lat' dir='ltr'>retur,</span> <span class='ocrx_word' id='word_1_824' title='bbox 2471 5692 2888 5785; x_wconf 17' lang='lat' dir='ltr'>diis’p‘uinximus</span> <span class='ocrx_word' id='word_1_825' title='bbox 2916 5715 3044 5772; x_wconf 66' lang='lat' dir='ltr'>quae</span> <span class='ocrx_word' id='word_1_826' title='bbox 3071 5706 3242 5762; x_wconf 88' lang='lat' dir='ltr'>erant</span> <span class='ocrx_word' id='word_1_827' title='bbox 3278 5703 3339 5762; x_wconf 89' lang='lat' dir='ltr'>in</span> <span class='ocrx_word' id='word_1_828' title='bbox 3367 5707 3662 5785; x_wconf 83' lang='lat' dir='ltr'>ecgrapho</span> <span class='ocrx_word' id='word_1_829' title='bbox 3709 5711 3910 5773; x_wconf 86' lang='lat' dir='ltr'>nostro</span> 
     </span>
    </p>
   </div>
   <div class='ocr_carea' id='block_1_119' title="bbox 2260 5710 2778 5840">
    <p class='ocr_par' dir='ltr' id='par_1_119' title="bbox 2260 5710 2778 5840">
     <span class='ocr_line' id='line_1_120' title="bbox 2260 5710 2778 5759; baseline 0.008 -12"><span class='ocrx_word' id='word_1_830' title='bbox 2260 5710 2438 5759; x_wconf 79' lang='lat' dir='ltr'>retur,</span> <span class='ocrx_word' id='word_1_831' title='bbox 2471 5710 2563 5750; x_wconf 83' lang='lat' dir='ltr'>uis</span> <span class='ocrx_word' id='word_1_832' title='bbox 2609 5711 2778 5751; x_wconf 83' lang='lat' dir='ltr'>unxm</span> 
     </span>
     <span class='ocr_line' id='line_1_121' title="bbox 2260 5710 2778 5840; baseline 0.008 -19"><span class='ocrx_word' id='word_1_833' title='bbox 2260 5763 2415 5824; x_wconf 87' lang='lat' dir='ltr'>male</span> <span class='ocrx_word' id='word_1_834' title='bbox 2443 5710 2778 5840; x_wconf 60' lang='lat' dir='ltr'>conﬁincta.</span> 
     </span>
    </p>
   </div>
  </div>
