4108 6436
1623 418 2018 485 LAUDATIO
2061 423 2129 485 S.
2176 418 2518 485 GEORGII.

3653 423 3773 489 326

1892 610 2125 667 CAPUT
2154 610 2245 667 IV.

1522 708 1787 779 Veneﬁcio
1813 717 2091 780 separata,
2121 711 2328 765 mortui
2363 711 2633 766 suscitati.

426 857 505 919 κζ’
541 898 555 911 .
617 852 719 907 Καὶ
778 849 879 906 οὐκ
954 847 1014 905 ἂν
1075 846 1342 905 ἐπαύσατο
1406 851 1575 903 ταῦτα
1629 849 1904 925 κεκραγὼς
1960 869 2020 904 τε

2201 852 2294 906 26.
2327 851 2526 923 Neque
2557 852 2775 923 quievit
2813 851 2936 908 hac
2981 851 3242 909 clamans
3299 870 3774 925 asseverausque,

356 945 449 1002 καὶ
515 940 919 1014 διατεινόμενος
954 982 969 1009 ,
1026 938 1073 994 εἶ
1153 939 1227 1013 μὴ
1307 936 1665 1012 μετακληθεὶς
1735 934 2020 1011 ἅνθρωπος

370 1033 605 1110 μαγικὴν
676 1029 752 1092 εἷς
827 1030 990 1105 ἄκρον
1073 1026 1439 1099 ἐξησκημένος
1498 1072 1512 1100 ,
1598 1025 1769 1102 λῆρον
1854 1030 2024 1081 ταῦτα

375 1124 587 1198 βοῶντα
639 1118 731 1175 καὶ
785 1117 1125 1194 συκοφάντην
1182 1114 1526 1192 ἀπήλεγχεν,
1583 1115 1684 1170 οὐκ
1729 1114 1815 1170 ἐπὶ
1846 1113 2023 1187 τούτῳ

375 1209 593 1282 κληθεὶς
652 1205 780 1263 οὐδὲ
835 1204 1272 1283 παραγενόμενος
1306 1221 1320 1235 ⁸
1382 1202 1508 1258 ἀλλ’
1568 1201 1755 1273 ἐπειδὴ
1812 1204 1873 1258 τὸ
1927 1206 2024 1257 τοῦ

376 1297 600 1371 Βαλαὰμ
651 1295 855 1374 τρόπον
922 1294 1046 1350 τινὰ
1119 1292 1385 1348 κάνταῦθα
1458 1286 1735 1347 συνέϐαινε
1769 1336 1783 1362 ,
1842 1312 1969 1365 μετε
2000 1323 2023 1333 -

372 1389 592 1465 πέμφθη
652 1383 710 1441 δὲ
769 1387 871 1459 ἄρα
926 1388 1006 1456 τῷ
1064 1387 1171 1438 τῶν
1229 1375 1533 1436 Μωαϐιτῶν
1597 1379 1812 1457 βασιλεῖ
1867 1401 2027 1435 κατα-

332 1476 671 1552 ⁴ρασόμενος
738 1479 857 1536 τοῖς
939 1473 1081 1531 υἱοῖς
1150 1468 1371 1546 Ἰσραήλ
1408 1489 1421 1501 ·
1473 1469 1563 1524 καὶ
1640 1466 1882 1524 σπεύδων
1957 1472 2023 1539 ῆν

369 1564 459 1622 ἐπὶ
509 1564 712 1637 τούτῳ,
765 1560 892 1618 ἀλλ’
943 1562 1003 1616 ἄν
1033 1581 1117 1623 τις
1168 1557 1557 1634 ἀντικρούουσα
1604 1556 1851 1633 δύναμις.
1910 1558 2027 1613 ἀντὶ

365 1654 763 1729 καταρωμένου
839 1648 1171 1725 εὐλογοῦντα
1247 1646 1508 1702 ἐδείκνυεν
1570 1693 1583 1704 .
1642 1649 1731 1709 Ὡς
1808 1645 1865 1702 δὲ
1937 1646 2027 1701 καὶ

366 1745 512 1821 γόης
557 1742 711 1812 ἥκων
766 1742 939 1816 μάγος
988 1736 1219 1813 ἐλέγξων
1272 1737 1564 1813 Γεώργιον,
1622 1737 1711 1790 καὶ
1760 1738 2029 1811 καθαιρή-

366 1856 478 1889 σων
533 1830 691 1901 δῆθεν
737 1830 833 1892 τὰς
881 1828 1247 1904 μαγγανείας,
1290 1825 1551 1880 παντοίαν
1596 1846 1655 1880 τε
1716 1824 1891 1903 φέρων
1941 1824 2030 1880 ἐπὶ

365 1920 516 1994 τῷδε
570 1916 811 1988 σπουδὴν
846 1965 861 1991 ,
918 1918 1073 1991 ὅμως
1120 1914 1424 1970 τούναντίον
1472 1912 1692 1986 ἐποίει,
1750 1912 2032 1990 ἄνθρωπον

369 2010 531 2067 αὐτὸν
592 2006 874 2064 ἀπεδείκνυ
932 2005 1049 2076 θείᾳ
1121 2008 1303 2083 σαφῶς
1367 2002 1515 2080 χειρὶ
1569 1998 1979 2080 κυϐερνώμενον
2016 2048 2030 2076 ,

369 2100 521 2176 παρὰ
564 2101 823 2153 τοσοῦτον
876 2095 937 2149 οὐ
989 2092 1197 2149 δίκαιον
1243 2091 1494 2169 γοητείας
1544 2091 1801 2168 ἔγκλημα
1848 2091 2034 2171 φέρε-

376 2191 520 2257 σθαι,
581 2188 707 2263 παρ’
755 2185 881 2241 ὅσον
939 2182 1029 2238 καὶ
1072 2186 1181 2237 τῶν
1238 2186 1317 2253 τῷ
1344 2180 1548 2236 σκότει
1594 2180 1906 2256 προσόντων
1949 2180 2032 2236 αἲ-

378 2275 660 2349 τιαμάτων
724 2273 823 2339 οὐκ
887 2272 947 2327 ἂν
1018 2268 1243 2332 δικαίως
1314 2269 1695 2343 κληρονομοίη
1752 2271 1815 2325 τὸ
1870 2275 1983 2349 φῶς
2019 2289 2032 2302 .

381 2364 591 2422 ἐδείκνυ
636 2362 728 2437 δὲ,
778 2362 841 2418 οὐ
888 2360 1077 2437 λόγοις
1125 2357 1375 2436 ἄντικρυς
1417 2363 1585 2415 ταῦτα
1636 2361 1775 2434 βοῶν
1828 2360 1897 2434 (εἰ
1946 2358 2034 2414 καὶ

378 2459 544 2510 τοῦτο
571 2458 651 2525 τῷ
681 2451 817 2526 μετὰ
843 2454 1013 2505 ταῦτα
1042 2443 1385 2522 συνέϐαινεν),
1417 2445 1599 2525 ἔργοις
1632 2445 1709 2521 δὲ,
1742 2449 1772 2503 ’ὸ
1802 2448 1891 2503 καὶ
1929 2452 2037 2503 τῶν

380 2541 563 2621 λόγων
590 2540 737 2597 πολὺ
770 2538 1146 2616 ἰσχυρότερον.

448 2633 530 2701 κζ’
537 2674 551 2687 .
582 2626 725 2700 ’Ἤδη
784 2630 879 2702 μὲν
924 2628 1029 2705 γὰρ
1082 2628 1208 2696 ἧκεν
1256 2626 1433 2693 οὗτος,
1484 2626 1574 2681 καὶ
1623 2626 1908 2701 ἀγώνισμα
1941 2626 2034 2701 μὲν
2082 2686 2093 2697 ,

377 2721 528 2793 αὐτῷ
586 2718 855 2797 προετέθη
892 2764 908 2791 ,
957 2720 1136 2771 πεῖσαι
1194 2715 1285 2770 τὸν
1353 2714 1610 2791 Μάρτυρα
1663 2713 1956 2786 δυνηθῆναι
1998 2717 2034 2787 ἢ

378 2811 697 2865 ἀποκτεῖναι
728 2826 744 2841 ⁸
802 2811 982 2861 πεῖσαι
1044 2804 1138 2880 μὲν
1196 2809 1340 2869 θεοῖς
1411 2808 1519 2859 τῶν
1582 2802 1864 2877 Ἑλλήνων
1924 2807 2039 2861 ἀντὶ

377 2902 621 2976 Χριστοῦ
674 2893 996 2972 προσελθεῖν
1030 2938 1046 2965 ,
1108 2893 1413 2948 ἀποκτεῖναι
1494 2890 1552 2948 δὲ
1627 2894 1703 2967 μὴ
1762 2893 2037 2969 πείσαντα,

383 2989 459 3052 ὡς
518 2986 579 3044 ἂν
614 2987 691 3061 μὴ
719 2984 809 3041 καὶ
839 2989 959 3047 τοῖς
1006 2981 1201 3045 ἄλλοις
1229 2982 1293 3037 τὸ
1322 2983 1439 3038 κατ’
1466 2982 1625 3038 αὐτὸν
1664 2981 2038 3062 βλασφημίας,

384 3077 543 3149 φησὶ,
601 3074 692 3132 καὶ
751 3073 1024 3135 ἀπειθείας
1097 3069 1441 3149 παράδειγμα
1495 3071 1708 3148 γένοιτο
1743 3115 1756 3130 .
1816 3071 2038 3137 ’Ἅθλων

392 3141 460 3223 δὲ.
500 3141 707 3222 τούτων
775 3141 1186 3237 τετελεσμένων.
1211 3205 1227 3233 ,
1281 3141 1479 3239 δωρεαὶ
1509 3141 1521 3148 ’
1550 3161 1993 3240 κατηγγέλλοντο
2023 3209 2038 3237 ,

397 3254 491 3310 καὶ
544 3256 763 3331 χάριτες
796 3298 812 3327 ,
868 3252 960 3308 καὶ
1012 3250 1219 3326 τιμαὶ,
1275 3250 1366 3305 καὶ
1422 3248 1521 3305 ὅσα
1573 3252 1711 3328 πρὸς
1771 3250 2040 3328 βασιλέως

403 3341 653 3417 διδόμενα
707 3339 922 3419 ψευδῶς
972 3339 1267 3417 μακαρίους
1314 3337 1443 3402 τοὺς
1489 3336 1819 3417 δεχομένους
1874 3347 2040 3397 ποιεῖ’

395 3431 434 3488 ἃ
492 3430 573 3488 δεῖ
624 3431 715 3488 καὶ
776 3428 1011 3493 ὑποστὰς
1060 3427 1271 3506 δράσειν
1331 3427 1556 3498 ἐκεῖνος,
1612 3430 1702 3484 καὶ
1759 3430 1834 3494 ὡς
1892 3428 1948 3486 εἷ’
1990 3453 2043 3487 τι

389 3519 577 3599 ἕτερον
617 3518 843 3598 ῥᾳδίως,
893 3518 1054 3582 αὐτὸς
1106 3518 1201 3593 μὲν
1251 3516 1339 3573 ἐπὶ
1390 3519 1642 3590 ζητήσεις
1688 3516 2042 3597 δηλητηρίων

2133 940 2315 995 donec
2345 940 2663 996 accersitus
2712 942 2886 997 homo
2919 942 2978 996 in
3028 947 3152 997 arte
3193 943 3422 1016 magica
3450 944 3779 1000 versatissi-

2134 1045 2268 1084 mus
2298 1028 2575 1085 insanum
2606 1034 2662 1084 et
2691 1029 3123 1086 calumniosum
3156 1048 3283 1087 esse
3313 1032 3458 1088 talia
3486 1034 3782 1089 afﬁrman-

2132 1121 2251 1173 tem
2283 1118 2554 1188 convicit,
2589 1136 2703 1174 non
2735 1120 2807 1173 ad
2839 1119 2947 1174 hoc
2975 1124 3214 1175 vocatus
3245 1137 3433 1193 neque
3470 1122 3780 1179 adductus.

2135 1205 2246 1261 Sed
2277 1205 2429 1261 idem
2466 1207 2898 1279 quadamtenus
2930 1206 3024 1262 hic
3054 1208 3263 1263 accidit
3293 1210 3448 1280 quod
3492 1209 3633 1266 olim
3666 1215 3781 1267 Ba-

2134 1292 2347 1365 laamo,
2382 1312 2557 1367 quem
2587 1313 2620 1351 a
2650 1312 2785 1368 rege
2811 1295 3196 1352 Moabitarum
3231 1298 3588 1354 accersitum
3618 1315 3779 1356 exse-

2135 1382 2285 1439 crari
2314 1382 2467 1438 ﬁlios
2498 1384 2696 1452 Israel,
2724 1385 2901 1455 idque
2949 1401 3119 1457 agere
3167 1386 3432 1443 studiose
3460 1387 3777 1461 volentem,

2136 1473 2426 1527 contraria
2456 1474 2724 1544 quaedam
2756 1473 2941 1528 virtus
2982 1491 3086 1546 pro
3140 1474 3549 1532 maledictione
3592 1478 3786 1550 coegit

2136 1560 2600 1617 benedictionem
2632 1562 2865 1617 inferre.
2917 1563 3064 1619 Nam
3123 1564 3437 1621 adveniens
3483 1568 3780 1625 veneficus

2138 1665 2348 1721 magus
2379 1652 2449 1705 ad
2483 1650 2942 1707 convincendum
2973 1652 3565 1726 Georgium,ejusque
3590 1656 3794 1712 incan-

2140 1739 2391 1794 tationes
2421 1739 2849 1811 dissolvendas,
2907 1744 2964 1795 et
3021 1740 3079 1795 in
3113 1741 3205 1797 his
3262 1758 3497 1799 omnem
3548 1761 3787 1817 Operam

2140 1827 2451 1898 collocans,
2477 1845 2719 1899 prorsus
2750 1828 3109 1884 contrarium
3158 1831 3295 1886 fecit
3326 1849 3339 1900 ;
3372 1832 3787 1890 demonstrans

2141 1917 2297 1988 quod
2329 1917 2613 1989 Georgius
2645 1922 2801 1973 esset
2829 1916 3004 1973 homo
3038 1916 3232 1974 divina
3261 1936 3439 1974 manu
3489 1922 3786 1993 guberna-

2140 2011 2257 2073 tus,
2291 2005 2383 2061 cui
2411 2009 2643 2061 tantum
2692 2005 2892 2061 aberat
2937 2010 3002 2060 ut
3046 2011 3246 2078 posset
3288 2008 3492 2065 merito
3523 2009 3787 2066 veneﬁcii

2142 2095 2362 2150 crimen
2393 2093 2959 2166 impingi,quantum
3000 2095 3220 2151 absunt
3256 2095 3504 2152 crimina
3531 2098 3789 2155 tenebris

2144 2182 2460 2256 gaudentia
2488 2187 2553 2237 ut
2574 2183 2739 2253 juste
2770 2183 2998 2255 possint
3046 2182 3233 2239 lucem
3288 2185 3646 2243 haereditare.
3685 2188 3794 2243 De-

2147 2272 2496 2327 monstravit
2548 2276 2744 2327 autem
2817 2289 2933 2327 non
2986 2273 3180 2329 verbis
3230 2274 3364 2342 ista,
3415 2292 3484 2330 ex
3533 2277 3799 2349 Opposita

2146 2361 2408 2417 clamans
2438 2360 2455 2433 (
2488 2360 2758 2431 quamvis
2773 2361 2949 2417 etiam
2984 2361 3092 2417 hoc
3122 2368 3322 2434 postea
3352 2364 3636 2437 fecit),sed
3660 2383 3795 2438 ope-

2147 2449 2333 2519 ribus,
2367 2466 2618 2521 quorum
2646 2448 2817 2522 longe
2865 2452 3054 2521 major
3111 2456 3201 2507 est
3247 2470 3425 2524 quam
3479 2456 3791 2512 verborum

2144 2539 2254 2596 vis.

2216 2630 2305 2686 27.
2338 2628 2467 2684 Mox
2495 2628 2650 2684 enim
2684 2632 2748 2683 ut
2776 2629 3029 2699 advenit,
3055 2631 3316 2702 suscepit
3346 2631 3405 2687 in
3433 2648 3517 2703 se,
3548 2634 3637 2689 vel
3660 2651 3791 2707 per-

2149 2718 2395 2774 suadere
2442 2716 2682 2790 Martyri
2735 2720 2792 2773 et
2837 2717 3148 2790 gentilium
3212 2721 3353 2776 deos
3406 2738 3508 2793 pro
3558 2721 3787 2780 Christo

2150 2807 2418 2863 adoraret
2466 2806 2555 2863 vel
2605 2807 2943 2879 persuaderi
2987 2812 3332 2865 renuentem
3386 2811 3669 2884 occidere,
3721 2829 3796 2870 ne

2151 2895 2281 2952 aliis
2311 2912 2544 2967 quoque
2573 2897 2632 2951 in
2659 2896 2992 2969 exemplum
3023 2901 3196 2967 esset,
3230 2902 3295 2953 ut
3341 2899 3552 2967 aiebat,
3586 2901 3797 2959 infide-

2153 2984 2337 3042 litatis
2368 2990 2426 3041 et
2473 2985 2852 3058 blasphemiae
2886 3002 2899 3041 :
2931 2986 3148 3058 quibus
3198 2988 3448 3059 peractis
3491 2991 3795 3062 promitte-

2154 3075 2369 3131 bantur
2398 3075 2449 3130 ei
2500 3091 2765 3146 munera,
2816 3075 3015 3147 gratiae
3064 3080 3239 3148 atque
3288 3076 3559 3151 honores,
3609 3095 3796 3152 eaque

2154 3164 2352 3221 omnia
2383 3180 2511 3235 quae
2542 3164 2614 3219 ab
2646 3164 2997 3236 imperatore
3030 3165 3167 3221 data
3198 3165 3341 3223 falso
3364 3172 3647 3239 putantur
3665 3171 3801 3228 bea-

2152 3259 2243 3310 tos
2269 3254 2474 3309 facere.
2509 3254 2576 3308 Et
2605 3253 2726 3309 haac
2775 3254 3015 3325 quidem
3046 3270 3108 3310 se
3163 3254 3456 3313 facturum
3510 3258 3796 3332 recipiens

2153 3348 2277 3400 tam
2317 3342 2487 3398 facile
2530 3359 2707 3414 quam
2757 3341 3081 3414 quidquam
3130 3343 3313 3411 aliud,
3356 3345 3429 3401 ad
3489 3348 3801 3418 quaerenda

2154 3432 2654 3506 praeparandaque
2700 3432 2980 3488 veneﬁcia
3061 3449 3125 3488 se
3180 3436 3481 3507 convertit,
3535 3436 3597 3492 in
3640 3438 3799 3495 diem

2157 3522 2487 3596 proximum
2519 3521 2800 3594 pollicens
2831 3522 3092 3577 dandum
3123 3538 3242 3578 suae
3272 3524 3415 3579 artis
3446 3527 3806 3597 experimen-

394 3590 494 3669 xui
544 3590 834 3672 σκευασίας
878 3590 1151 3686 ἐτρέπετο,
1209 3607 1285 3670 εἰς
1335 3605 1508 3663 νέωτα
1556 3609 1648 3663 τὸν
1694 3616 1796 3679 τῆς
1824 3590 2039 3688 Ὕτέγνης

2157 3590 2308 3682 tum,
2340 3616 2399 3668 et
2445 3590 2628 3667 abiit:
2662 3609 2987 3667 dissolutus
3032 3627 3167 3667 vero
3226 3615 3316 3667 est
3367 3590 3705 3687 conventus,
3746 3622 3805 3673 et

396 3699 631 3779 ἔλεγχον
692 3696 886 3755 δώσειν
942 3695 1408 3775 ἐπαγγειλάμενος
1446 3744 1462 3771 ,
1523 3698 1552 3752 6
1614 3695 1671 3753 δὲ
1730 3699 1996 3781 ἆνεχῴρει
2030 3746 2046 3774 ,

396 3788 647 3848 διελύετο
703 3785 760 3845 δὲ
809 3788 838 3842 6
882 3785 1181 3864 σύλλογος,
1230 3787 1323 3842 τὸν
1375 3784 1433 3842 δὲ
1471 3788 1561 3843 καὶ
1610 3786 1776 3843 πάλιν
1823 3780 1940 3865 εἶχε
1983 3791 2048 3846 τὸ

392 3878 798 3954 δεσμωτήριον.
862 3874 1019 3933 Ἀλλ’
1072 3879 1201 3946 ῆκεν
1249 3878 1285 3946 ἡ
1340 3876 1664 3952 προθεσμία,
1721 3878 1811 3933 καὶ
1857 3880 2051 3943 πάντες

390 3967 590 4024 αὐτίκα
639 3972 906 4043 παρῆσαν
963 3972 1142 4040 παρῆν
1202 3966 1230 4019 ὁ
1291 3966 1574 4044 φαρμακὸς
1623 3964 1710 4021 ἐπὶ
1769 3963 1889 4022 δυσὶ
1945 3990 2047 4025 πο-

394 4056 582 4132 μάτων
637 4053 801 4112 εἷ’δεσι
849 4059 1109 4132 γαυριῶν,
1159 4054 1235 4117 ὡς
1295 4054 1358 4109 τὸ
1408 4054 1512 4109 πὰν
1563 4053 1717 4118 εὐθὺς
1772 4054 1897 4111 τότε
1949 4062 2048 4113 τοῦ

391 4148 610 4223 ἀγῶνος
659 4144 1136 4222 περιγραψάμενος
1163 4162 1177 4176 °
1227 4149 1407 4220 παρῆν
1468 4144 1497 4199 6
1552 4142 1790 4220 Μάρτυς,
1848 4146 2049 4211 ἀποθα-

387 4235 658 4309 νούμενος
707 4234 823 4290 κατ’
879 4232 1077 4297 αὐτοὺς
1134 4231 1323 4288 εἰπεῖν’
1384 4229 1775 4304 Διοκλητιανὸς
1830 4231 2049 4299 εὔελπις

395 4320 487 4379 διὰ
539 4328 711 4379 ταῦτα
755 4329 957 4400 παρῆν,
1011 4323 1102 4378 καί
1160 4323 1188 4377 ὁ
1247 4318 1465 4394 δῆμος,
1530 4322 1792 4399 μετέωροι
1850 4323 2046 4389 πάντες

389 4415 495 4485 τὴν
521 4411 684 4469 τοῦδε
734 4410 927 4469 ὁποίαν
975 4409 1081 4485 ἕξει
1127 4407 1559 4487 ἀπεκδεχόμενοι
1607 4410 1888 4485 τελευτήν.
1920 4417 2045 4471 Ἕν-

392 4514 482 4568 θεν
539 4523 626 4558 τοι
683 4501 748 4556 τὸ
810 4502 905 4574 μὲν
966 4500 1111 4574 αὐτῳ
1164 4502 1474 4576 προσήγετο
1522 4499 1830 4577 φάρμακον·
1881 4504 1948 4573 ἦν
1989 4501 2047 4559 δὲ

390 4591 481 4647 ῗνα
523 4592 689 4662 πιὼν,
740 4588 951 4669 ἔκφρων
1000 4590 1312 4667 γενόμενος,
1361 4588 1543 4646 ἐαυτὸν
1595 4590 1854 4668 ἐπιτρέψῃ
1899 4594 2048 4669 ἄγειν

387 4702 451 4737 τε
500 4681 591 4736 καὶ
648 4681 853 4759 φέρειν,
912 4678 1037 4735 ὅποι
1092 4700 1178 4743 τις
1241 4678 1523 4755 βούλεται·
1572 4681 1635 4735 τὸ
1695 4678 1797 4755 δὲ,
1857 4688 2047 4747 σκεῦος

392 4770 645 4847 ὑπάρχον
695 4770 964 4841 θανάτου,
1014 4766 1234 4846 δευτέρα
1279 4767 1439 4832 πόσις
1497 4767 1839 4844 ἐταμιεύετο.
1890 4770 2051 4828 Ἀλλ’

393 4855 522 4915 οὔτε
566 4858 741 4915 ἐκεῖνο
790 4857 966 4929 ἐξίστα
1010 4859 1171 4914 ποθὲν
1223 4903 1239 4931 ,
1270 4858 1361 4913 καὶ
1406 4858 1468 4913 τὸ
1525 4858 1818 4934 θανάσιμον
1879 4862 2045 4941 μέχρι

2158 3708 2429 3760 sanctum
2460 3702 2654 3757 denuo
2684 3715 2880 3757 carcer
2907 3700 3153 3772 excepit.
3187 3700 3361 3757 Venit
3389 3719 3527 3776 ergo
3575 3705 3805 3778 explen~

2158 3794 2244 3849 dte
2270 3790 2604 3865 sponsionis
2636 3790 2781 3857 dies,
2823 3794 2882 3845 et
2928 3806 3133 3845 omnes
3186 3808 3425 3847 rursum
3483 3799 3804 3865 praesentes

2159 3883 2416 3939 adfuere.
2442 3879 2783 3952 Comparuit
2802 3878 3344 3950 veneﬁcus,duplici
3365 3882 3599 3953 potione
3622 3884 3805 3941 fretus

2159 3972 2318 4029 velut
2348 3970 2448 4043 qui
2478 3969 2681 4042 paucis
2710 3972 2897 4025 totum
2922 3972 3219 4025 certamen
3241 3969 3800 4045 circumscripserat:

2157 4060 2488 4133 comparuit
2515 4062 2573 4114 et
2597 4061 2830 4129 Martyr,
2862 4061 2928 4112 ut
2957 4056 3068 4129 ipsi
3116 4056 3407 4129 dicebant,
3457 4061 3632 4117 morti
3678 4066 3805 4119 tra-

2158 4150 2406 4207 dendus.
2450 4146 2846 4204 Diocletianus
2896 4162 3127 4217 quoque
3175 4163 3391 4219 magna
3440 4166 3543 4221 spe
3590 4149 3803 4222 plenus

2158 4238 2412 4310 advenit,
2445 4242 2502 4293 et
2548 4235 2802 4309 populus
2850 4234 3114 4304 multus;
3149 4251 3353 4293 omnes
3402 4240 3675 4311 suspensi
3705 4257 3803 4297 ex-

2156 4328 2519 4401 spectatione
2565 4326 2918 4393 futurorum,
2997 4341 3173 4397 quem
3224 4342 3293 4381 ea
3340 4331 3537 4383 essent
3583 4328 3803 4387 exitum

2156 4417 2451 4474 habitura.
2484 4415 2566 4470 Ex
2595 4431 2713 4470 una
2761 4429 2896 4485 ergo
2941 4418 3104 4485 parte
3152 4415 3496 4486 producitur
3525 4416 3800 4489 pharma-

2154 4524 2314 4571 cum,
2346 4506 2501 4578 quod
2533 4509 2657 4561 erat
2685 4503 2818 4571 tale,
2852 4507 2919 4558 ut
2948 4503 3144 4575 ipsum
3178 4503 3383 4560 bibens
3413 4509 3574 4561 extra
3619 4524 3799 4565 usum

2153 4599 2319 4654 ﬁeret
2349 4594 2801 4664 rationis,seque
2831 4592 3111 4664 praeberet
3138 4594 3432 4665 agendum
3466 4595 3803 4654 ferendum-

2157 4704 2270 4760 que
2299 4689 2471 4757 prout
2499 4684 2632 4754 quis
2662 4681 2945 4737 voluisset
2976 4697 2989 4734 :
3023 4680 3273 4737 alterum
3304 4699 3438 4739 vero
3464 4701 3566 4741 vas
3595 4686 3799 4743 morti-

2155 4777 2347 4832 ferum
2404 4777 2530 4829 erat
2586 4788 2689 4843 pro
2745 4769 3005 4826 secunda
3061 4769 3293 4842 potione
3336 4777 3627 4844 paratum.
3686 4776 3801 4832 Sed

2157 4880 2346 4936 neque
2376 4863 2535 4919 istud
2565 4864 2827 4933 epotum,
2856 4859 3072 4914 mentis
3096 4863 3315 4915 statum
3347 4864 3665 4919 commovit
3694 4885 3709 4933 ;
3744 4868 3803 4922 et

387 4952 492 5005 τοῦ
536 4952 681 5003 πιεῖν
726 4946 1022 5022 θανάσιμον
1070 4950 1160 5016 ἦν.
1210 4946 1357 5002 Ἐπεὶ
1391 4943 1438 5002 δ’
1485 4946 1737 5018 έπέποτο,
1787 4949 2039 5025 ἐψεύσατο

2157 4954 2312 5027 quod
2345 4955 2611 5023 potatum
2641 4948 2945 5004 dicebatur
2974 4964 3103 5004 esse
3132 4949 3445 5019 letiferum,
3478 4952 3636 5008 haud
3668 4956 3801 5011 vero

387 5038 495 5107 τήν
525 5035 899 5113 προσηγορίαν
934 5080 949 5107 ,
1001 5033 1153 5091 οὐδὲν
1207 5033 1422 5109 μᾶλλον
1472 5036 1546 5099 εἰς
1593 5034 1792 5092 ἐκεῖνον
1842 5039 1879 5108 ἢ
1918 5039 2047 5104 τοὺς

394 5128 475 5201 μή
525 5125 751 5189 πιόντας
800 5124 1129 5203 ἐνηργηκός·
1179 5125 1216 5195 ἢ
1274 5122 1486 5199 μᾶλλον
1539 5125 1728 5198 εἰπεῖν,
1767 5126 2049 5207 ἀμφότερα

389 5212 638 5270 ἔκστασιν
715 5214 807 5271 καὶ
882 5213 1123 5294 ἀφωνίαν
1201 5212 1482 5291 εἰργάσατο
1515 5262 1531 5289 ,
1593 5214 1692 5270 οὐκ
1759 5216 1835 5280 εἲς
1917 5217 2047 5283 τοὺς

384 5302 844 5379 προσηκαμένους
888 5304 979 5359 καὶ
1028 5303 1394 5380 γευσαμένους
1428 5348 1444 5375 ,
1479 5302 1607 5367 τοὺς
1657 5302 1715 5359 δὲ
1760 5326 2049 5383 προσενεγ-

383 5392 580 5455 κόντας
653 5392 746 5448 καὶ
821 5392 1109 5469 γεύσασθαι
1189 5392 1473 5456 πείσαντας
1521 5438 1533 5451 .
1599 5394 1872 5465 Ἐξίστατο
1952 5397 2046 5470 μὲν

333 5535 347 5559 τ
380 5481 488 5557 γὰρ
538 5489 888 5559 παραχρῆμα
934 5484 995 5546 ὃς
1053 5481 1306 5539 ἐσκεύασε
1340 5484 1554 5558 μάγος,
1600 5483 1693 5538 καὶ
1724 5483 1901 5549 ἐννεὸς
1956 5486 2045 5557 ἦν.

336 5558 347 5569 ’
380 5558 629 5643 ἐξίστατο
681 5558 1073 5643 Διοκλητιανὸς
1119 5571 1211 5629 καὶ
1261 5569 1605 5648 διηπορεῖτο’
1652 5571 1778 5628 οὐδὲ
1808 5575 1837 5629 6
1869 5571 2049 5650 δῆμος

378 5659 487 5741 ἄρα
531 5662 625 5719 καὶ
675 5662 729 5717 οἱ
776 5661 1040 5739 παρόντες
1095 5664 1195 5731 τῆς
1248 5658 1569 5737 συγκλήτου
1630 5661 1839 5743 βουλῆς
1895 5664 2048 5734 ἐκτὸς

376 5752 522 5829 ἦσαν
552 5750 835 5828 θαύματος
863 5751 956 5811 καὶ
987 5750 1326 5827 ἐκπλήξεως.

2158 5041 2396 5100 nomine
2428 5057 2489 5096 se
2528 5037 2811 5112 appellari
2849 5036 3133 5108 probavit,
3167 5037 3348 5095 nihilo
3393 5040 3525 5112 plus
3556 5041 3803 5115 Georgio

2158 5146 2373 5188 nocens
2417 5144 2595 5201 quam
2642 5126 2715 5182 iis
2784 5125 2885 5197 qui
2933 5125 3129 5197 ipsum
3186 5143 3301 5182 non
3348 5128 3621 5186 biberant
3651 5148 3665 5187 :
3698 5136 3803 5188 aut

2156 5220 2355 5293 potius
2386 5221 2635 5288 utraque
2664 5214 2823 5288 potio
2863 5215 3273 5287 obstupescere
3317 5220 3375 5272 et
3404 5219 3808 5278 obmutescere

2158 5308 2296 5365 fecit
2340 5324 2456 5363 non
2505 5304 2605 5377 qui
2658 5307 3014 5377 gustaverat,
3086 5304 3187 5359 sed
3237 5306 3334 5377 qui
3398 5307 3803 5380 propinarant.

2160 5395 2478 5468 Obstupuit
2506 5395 2662 5450 enim
2695 5393 2792 5464 qui
2814 5391 3133 5464 pharmace
3148 5401 3575 5465 praeparaverat
3597 5414 3810 5470 magus

2160 5484 2467 5557 obstupuit
2498 5488 2555 5538 et
2596 5480 2989 5537 Diocletianus
3023 5496 3035 5536 :
3069 5481 3321 5552 populus
3370 5491 3565 5563 autem
3615 5491 3674 5541 et
3701 5485 3803 5558 qui

2158 5575 2307 5632 forte
2323 5590 2393 5630 ex
2421 5576 2627 5629 senatu
2658 5575 2800 5626 tunc
2829 5570 3094 5638 aderant,
3125 5587 3241 5628 non
3273 5576 3437 5630 erant
3468 5574 3808 5641 admiratio-

2160 5664 2255 5725 nis
2287 5660 2892 5738 consternationisque
2918 5662 3206 5737 expertes.
