4108 6504
367 361 484 425 32⁸7

1392 355 1708 424 GEORGII
1751 353 2017 424 CYPPJI
2061 359 2156 426 GP
2228 353 2754 430 PATRIARCILE

3663 373 3785 443 328

434 496 525 552 28.
557 495 626 550 Et
655 493 776 550 hac
806 491 1044 566 quidem
1072 492 1156 549 sio
1209 496 1340 549 acta
1387 496 1528 548 sunt
1559 509 1574 549 :
1608 492 1982 550 Diocletianu:

2093 552 2101 560 _
2199 493 2306 563 κη’.
2364 497 2532 549 Τοῦτο
2593 495 2686 568 μὲν
2747 492 2838 550 οὗν
2897 495 3070 560 οὕτως
3129 498 3274 576 εἶχες
3332 500 3422 556 καὶ
3477 501 3542 558 τὸ
3611 479 3778 584 μέχρι

366 589 566 639 autem
598 583 1059 640 festinavitinire
1087 585 1514 638 tormentorum
1545 583 1829 638 rationem
1861 586 2008 651 (om-

365 689 468 728 nes
499 672 654 728 enim
687 671 982 728 cruciatus
1012 688 1152 727 suos
1178 671 1566 742 exsuperabat
1595 671 1781 741 rabie)
1812 676 1877 726 ut
1904 671 2007 726 ali-

364 762 520 833 quod
552 761 856 828 inveniret,
889 761 1045 834 quod
1091 777 1205 816 non
1247 760 1479 816 afferret
1522 762 1700 816 etiam
1736 764 2004 816 mortem.

363 849 656 921 Posquam
705 854 900 906 autem
945 849 1093 904 vidit
1140 848 1420 904 defecisse
1463 849 1714 905 frameas
1763 866 1903 904 suas
1947 848 2005 903 in

362 938 566 1008 finem,
621 942 680 994 et
727 937 926 1010 jacula
981 954 1109 993 esse
1165 937 1466 1005 exhausta,
1537 942 1596 993 et
1641 951 2004 1010 quiscunque

361 1027 517 1084 facta
544 1031 710 1084 erant
739 1045 854 1083 non
898 1027 1088 1099 magis
1136 1026 1471 1099 profecisse,
1504 1043 1681 1098 quam
1721 1026 1770 1082 si
1802 1031 2006 1082 contra

354 1119 614 1173 statuam
665 1115 756 1172 vel
797 1117 1070 1172 umbram
1116 1116 1365 1171 fuissent
1402 1115 1668 1170 adhibita
1720 1131 1733 1183 ;
1777 1119 2005 1171 mutata

353 1205 656 1277 pugnandi
687 1206 933 1274 ratione,
964 1205 1144 1261 veluti
1172 1204 1425 1276 priorem
1457 1204 2005 1276 improbans,inivit

353 1296 530 1351 aliam
565 1311 579 1350 :
608 1311 680 1350 ne
700 1299 844 1350 tunc
892 1295 1128 1365 quidem
1172 1293 1244 1348 ab
1294 1293 1662 1348 immanitate
1692 1310 1800 1348 sua
1828 1293 1998 1363 quid-

351 1401 529 1456 quam
562 1385 895 1453 deﬂectens,
929 1384 1030 1438 sed
1061 1398 1190 1438 eam
1241 1382 1536 1438 industrie
1587 1381 1999 1454 malitioseque

349 1473 753 1530 dissimulans.
786 1473 1088 1546 Cogitabat
1115 1472 1272 1528 enim
1302 1471 1458 1526 intra
1487 1487 1568 1540 se,
1603 1472 1756 1543 quod
1783 1471 1832 1526 si
1865 1471 1999 1543 quis

348 1563 820 1635 generosioribus
851 1560 1066 1618 animis
1097 1561 1380 1616 saevitiam
1421 1560 1996 1631 admoverit,e01pso

349 1653 686 1708 fidentiores
717 1668 815 1707 eos
842 1651 1066 1716 reddat,
1099 1651 1149 1704 si
1175 1665 1308 1705 vero
1358 1648 1807 1704 mansuetudine
1847 1664 1996 1719 qua-

349 1741 486 1797 dam
517 1757 584 1797 ac
614 1740 852 1797 lenitate
882 1738 1190 1811 temperati
1214 1753 1514 1794 sermones
1545 1737 1780 1806 fuerint,
1812 1736 1995 1792 emol-

345 1829 484 1886 litos
511 1829 644 1887 illos
672 1831 911 1885 tandem
944 1828 1057 1884 sibi
1100 1827 1340 1883 habebit
1386 1827 1775 1899 obsequentes
1809 1843 1822 1881 :
1856 1843 1992 1882 nam

342 1917 520 1974 etiam
551 1919 769 1976 ferrum
802 1917 928 1973 oleo
959 1915 1237 1987 levigari,
1271 1916 1540 1987 quamvis
1571 1916 1678 1970 hoc
1724 1913 1995 1970 mollissi-

344 2023 534 2076 mum,
565 2007 720 2063 istud
753 2007 1140 2062 durissimum
1172 2005 1266 2060 sit.
1298 2005 1446 2069 Quid
1484 2003 1666 2076 igitur
1693 2004 1721 2058 ‘?
1751 2004 1992 2059 Larvam

342 2099 594 2153 assumit
641 2096 900 2153 lenitatis
949 2111 1062 2164 ;ex
1112 2093 1482 2150 severissima
1527 2093 1590 2148 in
1638 2091 1990 2148 melliﬂuum

339 2184 742 2258 blandumque
770 2184 1226 2240 transformatur
1257 2200 1271 2252 ;
1306 2187 1434 2238 tum
1463 2181 1776 2254 benignius
1817 2181 1989 2239 solito

345 2290 482 2330 eum
531 2273 780 2330 intuitus
826 2280 884 2328 et
946 2272 1105 2327 vocis
1154 2272 1445 2328 feritatem
1498 2271 1798 2327 dimittens
1832 2288 1845 2327 :
1877 2273 1986 2343 Tu,

343 2363 558 2435 inquit,
591 2381 623 2419 ο
655 2363 852 2430 homo,
901 2360 1281 2416 difﬁcultates
1328 2360 1779 2417 difficultatibus
1823 2360 1986 2417 inne-

345 2458 530 2522 ctens,
565 2453 636 2508 ad
668 2457 988 2508 extremam
1022 2468 1127 2506 nos
1171 2450 1634 2522 desperationem
1667 2449 1984 2506 adduxisti.

343 2544 658 2613 Quousque
707 2546 904 2596 autem
954 2541 1066 2595 ista
1097 2539 1125 2594 ?
1167 2543 1223 2594 et
1275 2539 1508 2610 quando
1551 2538 1814 2611 quiesces
1843 2541 1870 2594 ‘I
1899 2542 1984 2594 An

337 2647 475 2704 ergo
509 2648 618 2687 nos
645 2634 874 2702 oportet
902 2628 1111 2685 lassari
1142 2645 1245 2700 per
1272 2629 1471 2684 omnia
1516 2628 1847 2684 molestiam
1877 2629 1984 2683 tibi

335 2737 406 2777 ex
445 2721 778 2794 ignorantia
820 2720 1199 2784 facescentes,
1234 2717 1307 2773 'et
1353 2717 1459 2773 tibi
1509 2719 1653 2774 alias
1686 2717 1983 2774 conciliari

333 2809 593 2867 volentes
620 2810 649 2865 τ
677 2810 829 2866 Doce
859 2826 987 2880 quae
1020 2808 1098 2865 sit
1128 2807 1231 2863 illa
1275 2807 1383 2862 tibi
1438 2808 1726 2863 assistens
1774 2808 1978 2878 virtus,

334 2914 441 2970 per
468 2915 647 2971 quam
690 2904 775 2954 tot
817 2903 1095 2969 tantaque
1134 2896 1368 2952 evasisti
1401 2895 1758 2952 discrimina.
1810 2902 1979 2966 Doce,

336 2989 604 3060 inquam,
634 2986 723 3043 vel
779 3003 957 3054 nunc,
1007 2985 1144 3042 licet
1188 2990 1323 3040 ante
1373 2983 1630 3041 nolueris
1664 3000 1676 3040 :
1711 2989 1770 3041 et
1794 3002 1901 3042 nos
1948 3003 1982 3041 a

335 3077 714 3150 perplexitate
763 3077 969 3144 exime,
1035 3074 1291 3146 teipsum
1355 3073 1426 3129 ab
1467 3073 1876 3146 inquietudine
1925 3081 1982 3132 et

331 3166 614 3222 tumultu.
642 3168 728 3222 An
760 3165 1062 3221 existimas
1093 3181 1198 3219 nos
1231 3164 1630 3235 provocandos
1663 3164 1735 3220 ad
1756 3165 1980 3221 iracun-

329 3255 488 3312 diam
519 3255 722 3312 audita
747 3253 1239 3324 veritate,tibique
1268 3268 1397 3308 eam
1429 3253 1736 3324 exponenti
1769 3270 1976 3325 graves
2007 3249 2049 3316 C

329 3345 590 3402 futuros?
618 3345 700 3400 Nc
732 3341 1204 3414 tibi,quaeso,hoc
1234 3342 1632 3414 persuaseris:
1668 3344 1975 3400 audiemus

328 3439 388 3490 te
417 3451 597 3507 quam
642 3431 1102 3489 clementissime
1145 3430 1718 3502 jucundissimeque,
1751 3432 1894 3503 quin
1920 3438 1980 3489 et

329 3521 798 3596 gratificabimur
828 3520 933 3576 tibi
964 3524 1251 3591 quantum
1281 3521 1369 3575 fas
1402 3519 1530 3587 erit,
1564 3520 1613 3575 si
1644 3536 1751 3576 nos
1781 3523 1855 3577 ab
1886 3522 1975 3576 in-

329 3617 588 3670 veterato
609 3627 803 3667 errore
832 3609 1162 3665 abduxeris.

2023 1881 2070 1946 B

2090 581 2312 636 ’τούτου
2365 583 2486 653 ὀξὺς
2536 587 2601 653 ἦν
2651 586 2679 639 ὁ
2711 584 3101 656 Διοκλητιανὸς
3130 590 3228 657 τὴν
3271 587 3361 644 διὰ
3387 595 3496 646 τῶν
3532 581 3776 668 βασάνιον

2117 672 2233 725 κατ’
2291 670 2492 726 ἐκείνου
2541 679 2776 749 χωρῶν·
2834 675 2930 738 τὰς
2984 678 3087 752 γὰρ
3143 677 3347 741 ἁπάσας
3405 681 3551 754 αὐτῷ
3608 683 3774 742 κολά-

2117 762 2268 850 σειςῦ
2301 759 2523 850 λύττης,
2580 758 2860 838 ὑπερϐολῇ
2935 763 3008 828 ὥς
3085 786 3206 821 τινα
3283 767 3407 842 μίαν
3488 772 3772 850 ὑπήνεγκε,

2121 845 2262 920 μηδὲ
2317 846 2444 911 δοὺς
2503 849 2828 906 ἀναπνεῦσαι
2901 855 2972 924 τῇ
3028 853 3281 931 συνεχείᾳ
3315 876 3327 890 ο
3389 856 3504 913 ἐπεὶ
3563 858 3621 916 δὲ
3671 845 3774 926 τὰς

2116 936 2311 992 ἑαυτοῦ
2369 937 2640 1017 ῥομφαίας
2691 939 2768 1003 εἰς
2817 939 2977 1005 τέλος
3037 941 3420 1009 ἐκλελοιπυίας
3477 948 3664 1024 ἑώρα,
3704 952 3772 1008 τά

2111 1047 2172 1082 τε
2231 1027 2368 1103 βέλη
2428 1029 2880 1104 συντετελεσμένα
2913 1079 2927 1104 ,
2988 1033 3078 1088 καί
3151 1056 3203 1089 τι
3265 1036 3564 1112 ⁴γενόμενον
3621 1040 3769 1115 αὐτῷ

2111 1115 2278 1172 πλέον
2336 1115 2513 1189 οὐδὲν,
2571 1119 2606 1188 ἢ
2668 1118 2790 1174 ὅσον
2833 1121 2969 1198 πρὸς
3027 1119 3314 1199 ἀνδριάντα
3371 1126 3408 1196 ἢ
3467 1127 3617 1183 σκιὰν
3666 1131 3768 1201 τὴν

2111 1204 2316 1261 ἐκείνου
2395 1207 2773 1282 καθισταμένῳ
2838 1211 2936 1280 τὴν
3001 1214 3187 1288 μάχην
3223 1260 3238 1284 ,
3292 1212 3474 1291 ὥσπερ
3552 1217 3766 1291 ἐκείνην

2110 1293 2503 1370 ἀπαγορεύσας,
2564 1295 2743 1368 ἄλλην
2797 1300 3090 1374 τρέπεται*
3150 1302 3240 1356 καὶ
3297 1301 3423 1359 οὐδὲ
3476 1310 3564 1360 νῦν
3623 1307 3764 1364 ἀπο-

2110 1385 2336 1457 θέμενος
2403 1386 2465 1440 τὸ
2545 1384 2812 1462 θηριῶδες
2883 1393 2982 1443 τοῦ
3056 1389 3264 1466 τρόπου
3336 1394 3426 1448 καὶ
3502 1395 3762 1470 μανικδν,

2106 1473 2427 1550 πανούργως
2487 1472 2544 1529 δέ
2598 1496 2714 1537 πως
2778 1476 2906 1532 αὐτὸ
2961 1477 3052 1532 καὶ
3101 1482 3390 1550 κακοήθως
3449 1484 3760 1550 συστείλας.

2106 1562 2311 1616 Διελὼν
2367 1563 2470 1639 γὰρ
2525 1565 2652 1640 παρ’
2701 1564 2894 1638 ἑαυτῷ,
2941 1567 3017 1629 ὡς
3061 1567 3108 1621 εἷ’
3139 1570 3275 1641 μετά
3325 1571 3473 1634 τινός
3515 1593 3598 1635 τις
3641 1580 3766 1639 τοῖς

2103 1651 2495 1726 γενναιοτέροις
2554 1652 2916 1732 προσφέροιτο
2973 1654 3360 1732 χαλεπότητος
3394 1704 3408 1731 ,
3464 1663 3611 1717 τοῦτ’
3667 1663 3763 1719 αὖ·

2101 1744 2218 1800 τοῖς
2265 1737 2545 1795 αὐθάδειαν
2598 1740 3013 1829 ἀπεργάζεσθαι,
3065 1741 3227 1802 εἷειειν
3277 1745 3371 1823 βίᾳ
3416 1748 3766 1829 μεγαλοφυία

2103 1830 2290 1902 ψυχῆς
2345 1829 2420 1902 μή
2469 1827 2949 1905 καταδεχομένοις·
3003 1833 3062 1887 ἂν
3115 1832 3162 1889 δ’
3192 1837 3296 1911 ἄρα
3342 1837 3450 1892 τινὶ
3491 1827 3764 1914 πραότητι

2101 1917 2192 1970 καὶ
2275 1916 2534 1989 ἐπιεικείᾳ
2608 1919 2737 1982 τοὺς
2824 1920 3021 1998 λόγους
3103 1924 3387 2000 κεράννυσι
3458 1926 3761 2002 τέγγοντας

2100 2003 2210 2076 ἤδη
2245 2053 2260 2079 ,
2319 2005 2443 2061 τότε
2515 2007 2605 2062 καὶ
2687 2007 2962 2065 ὑπείκουσι
3035 2013 3148 2083 (καὶ
3202 2014 3304 2090 γὰρ
3373 2015 3464 2070 καὶ
3528 2013 3763 2092 σίδηρος

2102 2093 2290 2168 ἐλαίῳ,
2316 2096 2516 2173 τρόπον
2547 2097 2670 2152 τινὰ
2698 2099 2727 2152 ὁ
2759 2097 3131 2175 σκληρότατος
3179 2107 3258 2174 τῷ
3313 2103 3757 2180 μαλθακωτάτῳ,

2102 2183 2392 2256 λεαίνεται)
2425 2231 2438 2258 ,
2492 2185 2546 2240 τί
2590 2191 2778 2258 ποιεῖ;
2837 2185 3230 2264 Ἀναλαμϐάνει
3285 2212 3341 2246 τι
3405 2201 3760 2270 προσωπεῖον

2100 2271 2408 2348 ἐπιεικείας,
2466 2275 2555 2330 καὶ
2602 2277 2738 2352 πρὸς
2786 2277 2850 2332 τὸ
2907 2277 3186 2356 μειλίχιον
3236 2282 3326 2336 καὶ
3373 2285 3646 2358 προσηνὲς
3701 2287 3766 2342 ἐκ

2095 2368 2192 2417 τοῦ
2265 2365 2395 2439 ἄγαν
2453 2363 2725 2441 αὐστηροῦ
2789 2367 3181 2442 μεθαρμόζεται
3217 2415 3230 2427 .
3287 2371 3461 2446 Ταύτῃ
3510 2394 3597 2428 τοι
3659 2375 3755 2430 καὶ

2096 2453 2446 2529 ἡμερώτερον
2502 2458 2599 2508 τοῦ
2649 2457 2912 2524 συνήθους
2964 2452 3243 2531 ἐμϐλέψας
3291 2458 3483 2533 ἐκείνῳ
3515 2508 3529 2535 ,
3588 2467 3766 2520 καθυ-

2095 2541 2210 2620 φείς
2259 2563 2316 2596 τε
2363 2542 2452 2597 καὶ
2498 2543 2598 2611 τὴν
2645 2543 2939 2620 ἀγριότητα
2981 2552 3083 2615 τῆς
3133 2555 3358 2625 φωνῆς,
3416 2551 3513 2623 Σὺ,
3559 2553 3762 2629 φησὶν,

2094 2631 2359 2705 ἄνθρωπε,
2419 2632 2669 2708 ἀπορίαις
2726 2632 3052 2706 συμπλέκων
3113 2636 3390 2714 ἀπορίας,
3451 2640 3528 2702 εἰς
3605 2643 3766 2716 ἀμη-

2093 2720 2293 2808 χανίαςΔ
2335 2723 2483 2795 ἡμᾶς
2530 2723 2624 2784 τάς
2675 2721 2906 2797 ἐσχάτας
2954 2718 3270 2802 ἐμϐάλλεις.
3333 2725 3508 2783 Ἀλλά
3568 2733 3754 2808 μέχρι

2089 2809 2237 2873 τίνος
2269 2805 2414 2865 ἔσται
2458 2815 2625 2865 ταῦτα
2657 2829 2670 2881 ;
2701 2810 2792 2865 καὶ
2844 2811 2977 2867 πότε
3023 2813 3279 2870 παύσεται
3313 2835 3327 2886 ;
3360 2818 3429 2871 Ἢ
3471 2815 3560 2872 διὰ

2085 2901 2182 2963 τὸς
2237 2901 2459 2973 κάμνειν
2519 2903 2667 2973 ἡμᾶς
2727 2895 2823 2972 διῖ,
2877 2901 3169 2978 πράγματα
3222 2904 3274 2975 ἐξ
3324 2905 3540 2982 ἀγνοίας
3573 2906 3754 2985 ἔχον-

2086 3011 2207 3062 τας,
2252 2991 2342 3044 καὶ
2390 2989 2474 3044 σοὶ
2529 2990 2786 3065 ἑτέρωθεν
2839 2991 3228 3066 προξενοῦντας
3262 3013 3276 3065 ;
3310 2993 3527 3067 Δίδαξον
3576 2999 3668 3062 τίς
3709 3002 3748 3070 ἡ

2089 3081 2319 3133 συνοῦσά
2365 3100 2450 3133 σοι
2503 3075 2778 3153 δύναμις,
2832 3077 2900 3134 δι’
2945 3081 3016 3150 ἦς
3063 3079 3210 3157 ἔχεις
3257 3082 3387 3147 τοὺς
3443 3081 3752 3152 τοσούτους

2087 3168 2176 3222 καὶ
2255 3165 2619 3238 τηλικούτους
2690 3165 2974 3231 κινδύνους
3047 3169 3388 3250 ἐκπεφευγὼς
3449 3219 3463 3243 ,
3521 3171 3751 3248 δίδαξον

2087 3261 2174 3312 νῦν
2217 3261 2370 3332 γοῦν,
2429 3256 2475 3310 εἰ
2525 3255 2614 3310 καὶ
2672 3257 2747 3329 μὴ
2795 3258 3080 3334 πρότερον,
3127 3261 3219 3314 καὶ
3272 3259 3586 3335 ἀπάλλαξον
3654 3266 3759 3338 μὲν

2085 3345 2144 3399 ἐκ
2194 3350 2292 3400 τοῦ
2350 3339 2639 3418 [θάμϐους]
2673 3344 2873 3407 εὐθέως
2930 3349 3101 3420 ἡμᾶς.
3163 3347 3475 3419 ἀπάλλαξον
3533 3348 3596 3405 δὲ
3654 3355 3757 3410 καὶ

2086 3435 2276 3488 σαυτὸν
2319 3428 2554 3508 θορύϐου
2600 3435 2690 3488 καὶ
2739 3437 2984 3510 ταραχῆς
3011 3479 3023 3492 .
3076 3437 3144 3489 Ἦ
3191 3435 3336 3511 τάχα
3374 3439 3510 3512 πρὸς
3566 3438 3757 3516 ὀργὴν

2086 3521 2188 3577 οἷέι
2257 3522 2654 3595 ἀκουσομένους
2711 3524 2904 3594 ἡμᾶς,
2961 3522 3050 3577 καί
3118 3545 3201 3578 σοι
3279 3523 3762 3601 δυσχερανοῦντας

2083 3615 2182 3682 τὴν
2215 3611 2472 3682 ἀλήθειαν
2520 3608 2768 3681 διεξιόντι
2803 3629 2818 3680 ;
2849 3613 2919 3666 Τὸ
2971 3610 3029 3666 δὲ
3071 3611 3178 3688 οὐχ
3227 3612 3404 3676 οὕτως
3452 3610 3641 3684 ἔσται,
3681 3619 3764 3691 μὴ

332 3706 494 3758 τοῦτο
521 3699 770 3774 νομίσῃς·
805 3697 930 3754 ἀλλ’
952 3696 1272 3770 ἀνεξικάκως
1309 3699 1400 3772 μὲν
1434 3696 1510 3760 ὠς
1540 3695 1615 3753 ἔνι
1651 3697 1884 3772 μάλιστα
1912 3699 2003 3755 καὶ
2049 3700 2256 3777 ἱλαρῶς
2303 3701 2663 3775 ἀκουσόμεθα·
2710 3701 3051 3777 χαριούμεθα
3082 3699 3141 3757 δέ
3191 3723 3275 3756 σοι
3327 3703 3416 3757 καὶ
3455 3705 3526 3758 τὰ
3564 3705 3767 3763 εικότα

336 3791 500 3871 μόλις
530 3794 678 3865 ἡμᾶς
702 3796 803 3860 τῆς
840 3795 1047 3864 μακρᾶς
1079 3809 1210 3844 ποτε
1238 3787 1574 3864 ἀπαγαγόντι
1603 3788 2076 3865 περιπλανήσεως.

397 3905 488 3960 29.
520 3904 651 3960 Haec
680 3903 798 3973 ille,
833 3905 1088 3959 mentem
1124 3902 1316 3958 verbis
1365 3902 1685 3975 occultans,
1718 3920 1832 3959 non
1863 3920 1963 3959 ve-

322 3994 556 4052 ritatem
588 3993 894 4066 requirens
929 3995 1096 4065 :jam
1136 3993 1291 4048 enim
1343 3993 1555 4050 millies
1604 3999 1660 4050 et
1689 3994 1879 4066 palam
1912 3995 1964 4051 ei

2141 3901 2218 3955 κθ¹
2253 3945 2265 3958 .
2323 3903 2498 3954 Ταῦτα
2553 3896 2610 3954 δὲ
2667 3895 2855 3962 ἄλλως
2912 3897 3196 3977 ἐφθέγγετο
3230 3947 3246 3974 ,
3306 3900 3406 3956 ούκ
3461 3899 3757 3976 ἀλήθειαν

2072 3991 2458 4068 έρευνώμενοςο
2518 3987 2688 4043 πάλαι
2740 3987 2841 4064 γάρ
2899 3987 3044 4060 αὗτῷ
3101 3985 3271 4058 δῆλον
3329 3987 3418 4064 ἦν,
3471 3995 3756 4068 μυριάκις

321 4085 544 4140 dictum
575 4089 701 4140 erat
728 4101 762 4139 a
794 4083 1065 4156 Martyre,
1091 4082 1306 4138 Christi
1352 4083 1624 4138 virtutem
1653 4085 1858 4140 adesse
1889 4084 1962 4142 iis

2093 4081 2207 4159 τρὸς
2237 4083 2334 4134 τοῦ
2382 4077 2664 4154 Μάρτυρος
2715 4076 3024 4152 εἰρημένον,
3073 4077 3148 4140 ὡς
3199 4077 3235 4148 ἡ
3291 4083 3530 4154 Χριστοῦ
3590 4080 3767 4142 δύνα-

319 4173 420 4246 qui
461 4173 656 4247 ipsum
696 4173 1048 4228 confitentur
1091 4189 1220 4228 esse
1265 4176 1445 4228 Deum
1480 4197 1494 4240 ;
1527 4177 1700 4245 atque
1747 4172 1832 4228 ita
1865 4191 1962 4230 eos

320 4261 447 4318 ﬁeri
493 4263 652 4318 omni
703 4261 961 4335 periculo
1009 4261 1298 4331 fortiores,
1347 4266 1726 4334 potentesque
1775 4265 1844 4319 ad
1880 4263 1961 4319 fa-

321 4351 528 4408 cienda
557 4351 727 4425 signa
758 4355 931 4423 atque
961 4351 1274 4422 omnigena
1321 4351 1605 4407 miracula
1634 4353 1693 4407 in
1729 4353 1965 4409 demon-

320 4441 664 4498 strationem
721 4440 1004 4496 veritatis.
1053 4440 1269 4496 Verum
1325 4439 1624 4496 simulatio
1674 4440 1796 4495 haec
1842 4446 1968 4498 erat

319 4534 496 4603 atque
527 4529 808 4602 adulatio,
833 4535 891 4585 et
918 4530 1012 4585 via
1056 4531 1346 4602 quaedam,
1396 4535 1461 4585 ut
1517 4531 1711 4602 aptius
1759 4531 1967 4603 loquar

317 4634 434 4690 qua
463 4619 660 4690 ipsum
691 4619 750 4674 in
786 4636 955 4674 suam
987 4618 1286 4691 pelliceret
1329 4618 1689 4674 voluntatem
1739 4625 1964 4691 pertra-

279 4703 282 4706 ’
312 4707 593 4780 beretque
627 4733 642 4778 ;
677 4713 741 4765 ut
771 4709 846 4777 ei,
881 4709 980 4780 qui
1013 4713 1135 4764 tam
1189 4707 1432 4764 comiter
1482 4707 1967 4782 familiariterque

319 4797 530 4868 agebat
556 4814 778 4866 secum,
812 4797 938 4872 pari
972 4815 1203 4870 quoque
1227 4797 1622 4853 familiaritate
1651 4814 1713 4854 se
1727 4800 1968 4870 conjun-

321 4889 482 4956 geret
531 4885 834 4960 Georgius,
886 4889 1285 4960 gauderetque
1344 4887 1414 4942 ab
1465 4887 1590 4959 ipso
1641 4887 1962 4944 honorari:

323 4974 621 5030 nesciebat
649 4981 845 5032 autem
878 4977 1032 5049 quod
1063 4976 1322 5048 seipsum
1355 4975 1666 5047 deciperet,
1685 4993 1966 5050 magnum

319 5061 580 5119 veritatis
603 5071 1094 5139 propugnatorem
1111 5065 1183 5121 iis
1204 5065 1396 5121 verbis
1415 5066 1968 5137 aggressus,quibus

319 5150 614 5223 mancipia
641 5141 1374 5217 demulcentur.Quomodo
1405 5153 1561 5208 enim
1590 5160 1788 5226 posset
1805 5154 1965 5210 illius

314 5239 604 5310 sapientia
632 5242 851 5299 talibus
880 5244 1252 5300 sermonibus
1282 5242 1610 5314 decipi,aut
1641 5247 1838 5299 tantus
1862 5261 1964 5316 pro

309 5327 588 5401 religione
616 5331 776 5388 zelus
809 5332 967 5388 aliud
1026 5332 1332 5405 quidpiam
1391 5331 1532 5403 pati,
1595 5349 1778 5404 quam
1835 5349 1961 5403 quaa

311 5417 475 5474 decet
502 5418 562 5474 in
594 5419 703 5477 hac
734 5437 911 5476 causa
941 5427 998 5477 et
1054 5422 1310 5494 cogitare
1349 5426 1405 5476 et
1433 5421 1596 5492 loqui
1630 5422 1658 5476 ?
1688 5423 1962 5477 Amorem

312 5521 446 5564 vero
473 5507 654 5580 illius,
685 5527 800 5584 quo
841 5510 1038 5567 anima
1087 5511 1214 5583 ejus
1264 5510 1508 5568 ardebat
1555 5510 1626 5568 ad
1659 5509 1962 5568 Christum

393 5685 468 5764 (3)
499 5686 710 5746 Malem
741 5688 929 5762 legere
959 5683 1252 5766 διαλέγων.

2079 4193 2172 4245 μις
2202 4173 2431 4225 συνοῦσα
2458 4173 2574 4230 τοῖς
2605 4167 2731 4222 Θεὸν
2784 4161 3148 4244 ὁμολογοῦσιν
3194 4167 3378 4242 αὐτὸν,
3425 4171 3600 4226 τοῦτο
3655 4175 3762 4250 μὶν

2073 4258 2336 4337 ἰσχυροὺς
2393 4257 2529 4313 κατὰ
2584 4257 2784 4318 παντὸς
2827 4253 3076 4311 κινδύνου
3133 4261 3392 4314 ποιεῖται.
3452 4263 3633 4317 τοῦτο
3701 4263 3769 4322 δὲ

2070 4351 2161 4406 καὶ
2218 4347 2458 4422 σημείων
2536 4345 2865 4422 αὐτουργοὺς
2935 4345 3026 4401 καὶ
3097 4344 3369 4401 παντοίων
3408 4351 3765 4425 ,θαυμάτων

2073 4440 2211 4516 πρὸς
2238 4439 2336 4506 τὴν
2386 4440 2485 4492 τοῦ
2537 4433 2706 4512 λόγου
2759 4437 2857 4504 τῆς
2907 4433 3170 4506 ἀληθείας
3215 4433 3532 4506 ἀπόδειξιν.
3607 4443 3767 4503 Ἀλλ

2072 4531 2140 4599 ἧν
2194 4526 2464 4604 πρόφασις
2521 4529 2680 4580 τοῦτο
2755 4525 2848 4580 καὶ
2905 4522 3187 4595 κολακεία,
3262 4525 3299 4594 ἢ
3361 4521 3497 4591 ὁδὸς
3589 4532 3780 4592 εἰπεῖν

2076 4612 2404 4692 οἰκειότερον
2476 4615 2613 4669 κατά
2687 4621 2788 4683 τῆς
2866 4612 3070 4668 ἐκείνου
3144 4613 3378 4689 γνώμης
3413 4658 3427 4684 ,
3502 4641 3553 4675 ει
3646 4646 3779 4690 πως

2079 4705 2329 4778 ἡδυνθεὶς
2387 4702 2625 4780 λόγοις,
2672 4702 2842 4776 ταύτῃ
2909 4701 3245 4778 παρασυρείη
3321 4701 3545 4782 ἱλαρῶς
3606 4712 3772 4789 αὑτῷ

2076 4795 2502 4869 προσενεχθέντα
2575 4792 2931 4866 ἀνοιΑαρῆναι
3001 4789 3475 4868 φιλοτιμήσασθαι
3515 4817 3530 4831 ο
3599 4801 3774 4876 ὅμως

2078 4883 2354 4940 ἐλάνθανεν
2415 4883 2598 4937 ἑαυτὸν
2660 4881 2874 4935 ἀπατῶν
2903 4925 2917 4951 ,
2973 4877 3164 4956 λόγοις
3201 4926 3213 4938 .
3283 4883 3364 4943 οἷς
3422 4884 3776 4962 ἀνδράποδα

2077 4973 2377 5046 κηλοῦνται
2412 5017 2424 5030 .
2483 4969 2562 5044 τῷ
2639 4968 2864 5045 μεγάλῳ
2936 4976 3038 5040 τῆς
3096 4968 3354 5040 ἀληθείας
3413 4981 3773 5056 προσφέρων

2077 5065 2350 5140 ἀγωνιστῇ
2386 5084 2398 5097 ·
2450 5065 2555 5116 ποῦ
2606 5060 2709 5135 γὰρ
2758 5056 2863 5113 ἔδει
2912 5060 3010 5128 τὴν
3065 5060 3272 5116 ἐκείνου
3319 5063 3522 5137 σοφίαν
3578 5069 3772 5140 ἡττη-

2078 5152 2510 5222 θῆναιτοιούτυυ
2543 5170 2556 5222 ;
2597 5155 2694 5205 τοῦ
2745 5147 2803 5204 δὲ
2844 5149 2937 5204 τὸν
2987 5155 3246 5206 τοσοῦτον
3296 5149 3430 5223 ὑπὲρ
3468 5150 3774 5223 εὐσεϐείας

2079 5242 2246 5312 ζῆλον
2279 5238 2420 5297 ἅλΛο
2476 5261 2530 5295 τι
2585 5246 3009 5316 παραχωρῆσαι,
3059 5240 3095 5308 ἢ
3137 5240 3236 5294 ὃσα
3289 5237 3422 5313 ὑπὲρ
3461 5239 3770 5312 εὐσεϐείας

2073 5327 2253 5408 ἔχεται
2316 5375 2328 5400 ,
2386 5329 2477 5384 καὶ
2560 5326 2912 5400 διανοηθῆναι
2958 5327 3049 5384 καὶ
3101 5329 3474 5406 φθέγξασθαι;
3540 5333 3641 5390 τὸν
3723 5333 3779 5395 δ’

2077 5421 2208 5495 ὑπὲρ
2258 5423 2490 5496 Χριστοῦ
2548 5423 2643 5474 τοῦ
2689 5419 2856 5492 μόνου
2903 5417 3075 5474 καλοῦ
3131 5417 3303 5480 οὕτως
3347 5417 3570 5478 ἐκείνου
3638 5425 3784 5506 φλὲ-

2071 5531 2235 5592 γοντα
2263 5510 2361 5580 τὴν
2393 5509 2577 5588 ψυχὴν
2630 5506 2826 5588 ἔρωτα,
2877 5512 2996 5572 πῶς
3043 5507 3110 5578 ἦν
3163 5506 3306 5570 εἰκὸς
3359 5506 3566 5590 ἑτέρου
3610 5518 3780 5593 τινὸς
