4108 6436
339 368 461 430 329

1607 367 2006 436 LAUDATIO
2053 369 2118 428 S.
2169 367 2511 432 GEORGII.

3642 367 3763 427 330

339 493 608 569 ἐπιθυμίᾳ
658 497 768 550 τῶν
826 493 975 550 κάτω
1033 494 1216 551 δοῦναι
1273 495 1651 572 παρείσδυσιν.
1711 495 1846 553 Οὔτε
1901 499 2004 574 γὰρ

2121 499 2293 555 unice
2339 499 2665 555 formosum
2715 497 3105 570 diligendum,
3158 498 3450 567 quomodo
3524 497 3765 554 alterius

341 605 473 640 ποτε
538 588 652 653 ζῶα
708 584 809 653 τήν
860 585 1034 661 πυρὸς
1092 585 1279 661 χώραν
1339 588 1466 662 παρ’
1523 588 1735 650 ὲαυτοῖς
1794 587 2008 666 τρέφειν

339 673 453 730 οἶόν
507 693 568 727 τε
600 719 617 746 ,
675 670 713 742 ἤ
769 693 820 727 τι
879 669 1064 747 ἕτερον
1128 671 1380 751 δέχεσθαι
1435 680 1542 730 τῶν
1600 674 1747 731 κάτω
1803 697 1861 731 τε
1916 676 2005 731 καὶ

337 761 566 841 γηΐνων·
623 759 748 816 οὕτε
801 762 902 830 τήν
962 761 1166 818 ἐκείνου
1216 765 1422 840 ψυχὴν,
1481 771 1800 841 πρυτανεῖον
1859 764 2006 829 θείου

340 837 717 926 ¹γεγενημένην
767 851 964 927 πυρὸς,
1016 837 1456 927 λογισμόν-’τινα
1508 837 1813 930 προίεσθαι,
1877 853 2006 930 βλέ-

340 943 462 996 πειν
519 938 634 1012 ὅτῳ
715 936 924 1010 δήποτε
995 940 1186 1018 τρόπῳ
1266 942 1654 1018 εἰσηγούμενον
1712 945 1848 1020 πρὸς
1906 945 2006 1012 τὴν

342 1028 510 1098 ὕλην.
545 1026 724 1098 Δῆλον
759 1025 817 1084 δὲ
845 1033 1030 1102 τοῦτο,
1065 1031 1148 1092 οἷς
1177 1051 1236 1086 τε
1286 1031 1582 1108 εἰργάζετο,
1635 1035 1718 1096 οἷς
1757 1055 1817 1088 τε
1847 1033 2002 1107 ἐκαρ-

351 1117 516 1193 τέρει,
543 1116 628 1172 καὶ
662 1119 746 1180 οἷς
767 1117 892 1173 τότε
921 1118 1060 1195 πρὸς
1083 1119 1177 1175 τὸν
1206 1119 1464 1194 τύραννον
1495 1119 1699 1198 ἔλεγεν.

425 1296 474 1350 λ’
551 1296 619 1350 Ἦ
696 1315 805 1350 που
859 1293 924 1350 σύ
1121 1295 1136 1316 ⁸
1416 1301 1445 1312 “’
1935 1301 1961 1312 “’

479 1336 491 1348 .
930 1341 944 1368 ,
1007 1317 1160 1373 φησι,
1226 1295 1449 1372 βασιλευ
1483 1341 1498 1368 ,
1555 1297 1841 1374 καινότερα
1895 1319 2003 1352 των

349 1383 611 1460 πρότριτα
665 1383 757 1440 καὶ
817 1385 950 1460 χθὲς
1009 1385 1314 1462 εἰρημένων
1397 1385 1715 1452 ἀκούσεσθαι
1767 1385 2004 1463 προσδο-

337 1477 450 1529 κῶν
482 1516 498 1544 ,
554 1473 657 1542 τὴν
733 1472 900 1542 αὐτὴν
982 1475 1062 1528 ἀεὶ
1121 1474 1245 1551 περὶ
1301 1479 1409 1530 τῶν
1469 1476 1644 1532 αὐτῶν
1703 1476 2003 1554 προτείνεις

339 1561 652 1638 ἐρώτησιν;
697 1561 770 1617 Ού
831 1564 938 1636 μὴν
995 1565 1086 1618 καὶ
1143 1563 1369 1638 ἀκούσῃ,
1433 1562 1582 1642 εἷίπερ
1643 1566 1718 1628 εἷς
1778 1566 1918 1621 ἐστιν
1975 1567 2003 1621 ὁ

334 1654 435 1721 τῆς
494 1648 756 1722 ἀληθείας
788 1651 816 1706 ὁ
847 1651 1016 1728 λόγος
1056 1653 1147 1707 καὶ
1177 1652 1387 1716 ἁπλοῦς
1439 1655 1530 1709 καὶ
1587 1655 1855 1729 σύντομος
1913 1656 2003 1710 καὶ

336 1741 514 1819 σαφὴς
546 1783 562 1810 ,
623 1737 772 1817 εἷ’περ
828 1740 918 1796 καὶ
973 1744 1140 1816 ἡμεῖς
1214 1747 1312 1798 τοῦ
1369 1744 1570 1812 παντὸς
1626 1749 1788 1818 τιμᾷν
1851 1741 2006 1818 ἴσμεν

337 1828 603 1901 ἀλήθειαν
660 1831 751 1886 καὶ
809 1829 872 1886 ού
929 1832 1078 1908 παρὰ
1128 1831 1297 1905 μέλος
1349 1832 1712 1910 φθεγγόμεθα,
1755 1830 1882 1888 οὐδὲ
1909 1837 2000 1887 νῦν

341 1919 438 1991 μὲν
483 1923 656 1974 ταῦτα
698 1924 818 1981 τοῖς
867 1920 1295 1994 πυνθανομένοις
1347 1923 1544 2000 φαμὲν,
1593 1926 1673 1994 τῷ
1731 1921 2003 1999 μεθαρμό-

341 2013 522 2076 ζεσθαι
577 2009 717 2084 πρὸς
784 2007 1020 2070 ἐκείνους
1095 2010 1164 2064 τὰ
1241 2005 1367 2065 ὄντα
1439 2011 1952 2088 παραχαράττοντες
1987 2056 1999 2068 .

337 2097 402 2152 Εἰ
436 2095 481 2152 δ’
542 2095 626 2152 ὅτι
684 2096 848 2160 αὐτὸς
905 2097 1131 2174 ἐρωτᾷς,
1190 2099 1242 2153 τί
1295 2104 1458 2154 τοῦτο
1503 2098 1695 2155 διοίσει
1723 2105 1841 2162 τοῖς
1877 2099 1999 2174 μίαν

338 2185 506 2255 αὐτὴν
577 2187 672 2242 τὸν
749 2187 831 2242 ἀεὶ
910 2182 1266 2264 πρεσϐεύουσι
1344 2189 1544 2266 χρόνον
1580 2233 1594 2260 ,
1655 2190 1743 2244 καὶ
1815 2191 2004 2258 κοινὴν

340 2273 510 2331 εἰδόσι
591 2276 732 2353 πρὸς
812 2277 1066 2346 ἅπαντας,
1144 2275 1282 2332 ὥστε
1356 2277 1558 2334 πείθειν
1640 2274 2003 2352 μεταϐάλλειν

339 2364 511 2436 αὐτήν
546 2385 561 2436 ;
593 2363 760 2421 Οὐδὲν
819 2365 1057 2440 πάντως,
1109 2363 1324 2438 οὔκουν,
1383 2365 1511 2423 οὐδὲ
1564 2363 1999 2442 μεταϐαλοῦμεν.

346 2452 504 2512 Ἀλλ’
534 2451 686 2530 εἷ’περ
747 2449 920 2518 ὅντως
970 2462 1072 2525 τῆς
1127 2453 1386 2527 ἀληθείας
1445 2456 1624 2533 λέγεις
1683 2457 1828 2534 ἐρᾷν,
1884 2455 2002 2512 ἰδού

339 2564 422 2598 σοι
479 2546 609 2620 παρ’
665 2546 827 2618 ἡμῶν
885 2543 1145 2616 ἀληθείας
1205 2545 1424 2622 ῥήματα
1457 2591 1472 2617 ,
1528 2546 1618 2602 καὶ
1693 2545 1858 2603 πάλιν
1917 2568 2003 2602 σοι

339 2632 428 2687 καὶ
486 2631 764 2696 πολλάκις
819 2634 913 2688 τὸν
972 2632 1134 2689 αύτόν
1210 2632 1372 2711 λόγον
1429 2635 1656 2711 ἐροῦμεν
1693 2655 1706 2668 ’
1770 2635 2002 2712 Χριστὸς

340 2721 493 2795 ἡμὰς
551 2720 816 2797 ἐνισχύει,
875 2723 1105 2799 Χριστὸς
1163 2725 1314 2796 ἡμᾶς
1373 2723 1586 2800 ῥύεται,
1644 2726 1872 2802 Χριστὸς
1932 2723 2002 2780 δι’

339 2811 501 2883 ἡμῶν
549 2816 754 2885 σημεῖα
806 2809 1103 2888 ἐργάζεται.
1166 2812 1230 2866 Εἰ
1287 2809 1345 2867 δέ
1397 2834 1519 2867 τινα
1574 2813 1754 2868 πίστιν
1806 2814 1866 2868 ἐκ
1891 2819 2001 2869 τῶν

341 2896 512 2975 ἔργων
576 2904 780 2972 ζητεῖς,
833 2897 942 2969 ἤδη
1007 2901 1102 2973 μὲν
1159 2899 1250 2955 καὶ
1307 2901 1570 2977 πρότερον
1631 2899 1886 2980 εἴληφας,
1939 2903 2002 2958 οὐ

344 2989 452 3061 μὴν
508 2986 658 3044 ἀλλὰ
705 2988 796 3043 καὶ
855 2987 1006 3051 αὖθις
1059 2983 1247 3043 λαϐεῖν
1299 2987 1518 3060 ἔξεστιν⁸
1552 2988 1666 3046 οἵδε
1713 2992 1817 3068 γὰρ
1849 2992 2002 3047 αὐτοὶ

339 3080 536 3150 ἡμεῖς’
563 3075 782 3150 ἓτοιμοί
841 3098 925 3132 σοι
983 3079 1155 3133 πάντα
1229 3080 1418 3134 παθεῖν
1454 3098 1468 3112 ο
1529 3081 1618 3135 καὶ
1687 3079 1854 3136 πάλιν
1915 3080 2002 3136 ἐπὶ

341 3164 472 3242 ἔργα
498 3167 698 3242 χώρει,
730 3165 820 3221 καὶ
869 3171 992 3244 χρῶ
1039 3173 1160 3230 ταῖς
1207 3168 1387 3243 χερσὶ,
1427 3169 1518 3223 καὶ
1565 3167 1752 3248 φείδου
1806 3167 1999 3245 μηδὲν,

337 3252 434 3309 ’ἱνα
459 3255 548 3310 καὶ
601 3253 769 3310 πάλιν
832 3261 997 3332 γνῷς,
1058 3254 1143 3312 ὅτι
1203 3259 1320 3330 μεθ’
1369 3261 1529 3330 ἡμῶν
1563 3259 1591 3313 ὁ
1622 3261 1772 3332 Θεὸς,
1827 3248 2073 3316 διασε-Ο

346 3340 520 3412 δάζων
549 3345 648 3414 τήν
679 3346 796 3400 καθ’
823 3346 984 3419 ἡμῶν
1019 3343 1279 3422 ὑμετέραν
1316 3345 1549 3422 βουλήν.

416 3431 516 3488 λα’.
571 3438 749 3489 Ταῦτα
805 3431 864 3490 δὲ
921 3434 1203 3512 εἰρηκότος
1259 3435 1459 3508 αὐτοῦ,
1520 3436 1621 3492 οὐκ
1672 3439 1738 3507 ἦν
1795 3436 1998 3500 ἐκεῖνος

338 3521 506 3599 σοφὸς
564 3521 703 3578 ὥστε
761 3523 1011 3594 συνιέναι,
1070 3520 1196 3579 οὐδὲ
1249 3523 1489 3594 ἐκζητῶν
1544 3526 1637 3580 τὸν
1696 3526 1844 3599 Θεὸν,
1905 3523 1996 3581 ἄν·

339 3623 559 3688 θρωπος
615 3615 684 3682 ἦν
745 3611 1120 3676 ἀπολωλεκὼς
1183 3611 1391 3690 βουλὴν
1426 3661 1442 3687 ,
1495 3613 1806 3690 ἐπιστήμην
1864 3620 2000 3671 Θεοῦ

339 3699 467 3756 οὔτε
495 3697 642 3776 ἔχων
704 3697 829 3757 οὔτε
886 3699 1206 3777 δεχόμενος.
1259 3704 1358 3758 Διά
1407 3708 1569 3758 τοῦτο
1616 3704 1705 3759 καὶ
1751 3709 2001 3779 μιμεῖται

337 3789 470 3852 τοὺς
524 3788 695 3846 πάλαι
768 3788 1047 3846 Ἰουδαίων
1105 3789 1302 3854 παῖδας
1341 3814 1354 3826 ·
1417 3787 1647 3848 ἔϐλεπον
1730 3793 1823 3866 μὲν
1897 3793 1998 3870 γὰρ

341 3877 540 3934 ἐκεῖνοι
599 3881 727 3956 παρ’
781 3880 1014 3954 ἑαυτοῖς,
1075 3878 1275 3950 ἤκουον
1337 3883 1463 3958 παρ’
1521 3882 1726 3958 ἑτέροις
1769 3884 1997 3960 Χριστὸν

340 3967 593 4042 θαύματα
649 3967 974 4025 ἐπιτελοῦντα
1003 4016 1018 4042 ,
1080 3974 1284 4043 σημεῖα
1315 4014 1330 4042 ,
1389 3967 1646 4044 δυνάμεις
1681 3990 1694 4003 ·
1761 3972 1850 4026 καὶ
1927 3974 2002 4035 ὡς

345 4055 520 4131 μηδὲν
567 4055 796 4130 ἰδόντες,
851 4055 984 4131 μηδ’
1041 4057 1363 4128 ἀκηκούτες,
1411 4059 1479 4113 τὰ
1532 4059 1667 4115 αὐτὰ
1716 4065 2003 4131 ζητοῦντες

341 4149 733 4224 προσήρχοντο
770 4192 783 4206 .
845 4142 1241 4224 Ἐμϐρόντητοι
1277 4191 1292 4217 ,
1349 4144 1468 4225 ἄρτι
1542 4147 1771 4224 βλέπετε
1803 4194 1816 4219 ,
1873 4152 2002 4226 χθὲς

345 4234 620 4311 ἑωράκατε
652 4281 666 4309 ,
726 4237 834 4312 πρὸ
887 4242 992 4306 τῆς
1065 4237 1196 4311 χθὲς
1269 4235 1357 4291 καὶ
1437 4235 1680 4292 ἐπέκεινα
1745 4238 2003 4301 ὡσαύτως

347 4321 538 4398 εἴδετε,
598 4325 714 4380 εἶτα
769 4325 847 4388 εἰς
901 4326 998 4388 τὰς
1055 4325 1219 4388 αὐτὰς
1275 4324 1734 4389 ἆποτελευτῶντες
1775 4327 2006 4404 ἀπορίας

343 4412 826 4482 ἥκετε;Τούτους
873 4410 940 4483 δὴ
1001 4414 1340 4489 μιμούμενος
1397 4415 1486 4470 καὶ
1546 4415 1725 4484 αὐτὸς,
1788 4415 2006 4472 ἀπόδει-

344 4505 425 4576 ξιν
484 4509 586 4573 τῆς
640 4507 875 4579 Χριστοῦ
935 4501 1216 4578 δυνάμεως
1289 4503 1558 4567 πολλάκις
1619 4501 1800 4560 λαϐὼν
1843 4551 1858 4578 ,
1917 4507 2006 4562 καὶ

345 4589 462 4647 πάλ
473 4613 514 4645 ιν
577 4597 729 4664 ζητεῖ
761 4615 774 4627 ·

346 4679 665 4736 κατευθύνοι
711 4682 810 4751 τήν
869 4679 1092 4759 καρδίαν
1144 4683 1357 4754 ἑαυτοῦ,
1411 4684 1501 4738 καὶ
1548 4685 1740 4746 πιστὸς
1787 4685 2009 4760 γένηται

349 4771 410 4844 (ἦ
449 4770 555 4845 γὰρ
587 4768 760 4826 πάλαι
812 4766 998 4826 λαϐὼν
1051 4771 1287 4848 ἐγεγόνει
1325 4791 1338 4842 ;
1372 4773 1407 4840 ἥ
1456 4773 1560 4848 γὰρ
1606 4771 1776 4828 πάλαι
1829 4773 2014 4829 κατεύ-

357 4860 526 4928 θυνε;
659 4859 989 4937 ἐκπειράζων
1053 4857 1112 4916 δὲ
1170 4861 1334 4935 μόνον
1393 4861 1551 4933 αἰτεῖ,
1611 4861 1693 4916 ὅτι
1751 4863 1841 4918 καὶ
1898 4865 2014 4918 κατ’

348 4946 596 5010 ἐκείνους
648 4949 805 5024 γενεά
858 4970 942 5012 τις
1000 4950 1068 5018 ἦν
1121 4949 1319 5006 σκολιά
1359 4949 1449 5005 καὶ
1490 4949 2012 5027 παραπικραίνουσα,

344 5041 570 5111 πνεῦμα
600 5037 965 5114 πορευόμενον
997 5037 1087 5093 καὶ
1120 5039 1220 5094 οὐκ
1249 5038 1589 5118 ἐπιστρέφον.

426 5125 556 5201 λβ’.
616 5127 800 5191 ’Βνθεν
861 5148 948 5182 τοι
1009 5128 1099 5182 καὶ
1157 5125 1398 5205 παριδὼν
1460 5129 1555 5202 μὲν
1607 5125 1788 5184 τᾶλλα
1846 5130 2020 5185 ὁπόσα

348 5216 650 5289 θαυμάτων
709 5213 827 5286 εἴδη
862 5263 879 5289 ,
940 5214 1261 5294 ἀναδραμὼν
1319 5215 1377 5272 δὲ
1431 5218 1569 5294 πρὸς
1627 5217 1757 5273 αὐτὸ
1802 5221 1865 5274 τὸ
1931 5220 2020 5293 μέ-

349 5323 544 5380 γιστον
617 5304 719 5372 τὴν
795 5302 1135 5376 ἐξανάστασιν
1209 5311 1316 5361 τῶν
1371 5311 1573 5382 νεκρῶν
1605 5351 1620 5376 ,
1677 5313 1821 5362 τοῦτ’
1892 5308 2021 5363 αὐτὸ

350 5388 553 5448 οὔκουν
609 5389 794 5470 ἕτερον
843 5393 1199 5470 ἐνεργηθῆναι
1257 5393 1502 5470 κελεύει,
1564 5397 1638 5459 ὠς
1682 5399 1782 5466 τὴν
1826 5397 2020 5454 παλιν-

355 5479 548 5554 ζωίαν,
614 5479 708 5537 κᾶν
765 5480 845 5561 ἐφ’
895 5484 972 5538 ἐνί
1020 5505 1126 5539 τινι
1180 5489 1288 5540 τῶν
1319 5486 1490 5540 πάλαι
1533 5486 1869 5556 τεθνηκότων
1910 5483 2021 5556 ἤδῆ

349 5569 760 5645 τετελεσμένην
809 5618 823 5645 ,
885 5573 1146 5650 ἀποχρῶν
1225 5575 1472 5649 ἡγεῖσθαι
1559 5575 1852 5652 μαρτύριον
1923 5583 2025 5646 τῆς

355 5659 448 5720 ἐπὶ
513 5657 641 5718 λᾶσι
701 5657 984 5735 δυνάμεως
1041 5666 1277 5737 Χριστοῦ
1333 5662 1422 5718 καὶ
1481 5662 1758 5738 θεότητος
1819 5665 2025 5747 ἀγνοῶν

651 5789 918 5856 Ρλτιιοι..
969 5790 1080 5858 Gn.
1126 5789 1353 5860 CXLII.

827 4594 1133 4683 (utsi-pi»
1191 4591 1282 4648 οὗν
1319 4637 1334 4663 ,
1395 4594 1502 4670 οὐχ
1557 4593 1705 4658 ὅπως
1762 4595 2006 4675 εἰληφὼς
2041 4617 2088 4683 D

2117 590 2432 659 cujusdam
2462 587 2799 658 cupiditatis
2830 602 3009 642 causa
3039 585 3318 657 possibile
3349 591 3473 641 erat
3504 587 3766 658 praecipi-

2116 680 2242 732 tare
2273 678 2549 732 deorsum
2571 677 2599 730 ‘?
2628 677 2827 747 Neque
2859 676 3015 731 enim
3048 674 3326 730 animalia
3357 692 3621 745 unquam
3653 676 3770 732 alia

2116 769 2545 820 consueverunt
2574 781 2678 837 per
2705 781 2768 821 se
2796 763 2987 820 vivere
3016 763 3076 818 in
3107 763 3341 836 regione
3363 763 3546 835 ignis;
3581 781 3770 835 neque

2115 854 2394 926 possibile
2424 859 2571 922 erat,
2603 858 2668 910 ut
2699 853 2897 909 anima
2923 852 3025 908 illa
3045 853 3174 922 jam
3205 853 3360 908 facta
3389 852 3570 908 divini
3613 853 3768 925 ignis

2115 943 2569 1014 receptaculum,
2622 943 2942 1015 cogitatum
2992 942 3344 1012 admitteret,
3419 958 3769 1014 quacunque

2116 1033 2342 1088 ratione
2364 1033 2436 1087 ad
2459 1037 2692 1087 terrena
2719 1031 3122 1086 inducentem:
3146 1031 3322 1102 idque
3343 1034 3470 1086 tum
3493 1031 3768 1102 operibus

2115 1120 2324 1193 patuit,
2357 1125 2486 1176 tum
2535 1119 2854 1176 tolerandis
2903 1119 3232 1191 tormentis,
3283 1125 3411 1175 tum
3459 1121 3650 1176 verbis
3691 1122 3765 1176 ad

2114 1215 2431 1282 tyrannum
2463 1209 2784 1281 productis.

2183 1299 2278 1354 30.
2320 1299 2643 1365 Quomodo,
2674 1298 2890 1370 inquit,
2919 1316 2952 1353 o
2982 1298 3320 1371 imperator,
3360 1299 3432 1354 iis
3455 1315 3583 1371 quae
3613 1316 3648 1354 a
3667 1298 3768 1354 tri-

2115 1387 2230 1442 duo
2260 1387 2379 1442 imo
2411 1391 2544 1442 ante
2573 1387 2700 1443 dies
2729 1387 2879 1443 duos
2910 1387 3204 1458 audivisti,
3229 1386 3516 1443 oblivione
3533 1392 3766 1459 praeter-

2113 1475 2234 1542 itis,
2266 1476 2533 1532 eamdem
2565 1493 2797 1549 semper
2827 1477 2898 1532 de
2947 1476 3169 1532 eisdem
3222 1477 3398 1533 rebus
3446 1477 3769 1548 interroga-

2111 1565 2334 1621 tionem
2356 1565 2711 1638 praetendis?
2737 1565 3030 1636 siquidem
3052 1569 3227 1621 etnos
3241 1565 3481 1622 omnino
3495 1566 3768 1623 novimus

2111 1654 2414 1710 veritatem
2455 1660 2672 1723 tenere,
2701 1671 2889 1726 neque
2919 1671 3048 1710 eam
3081 1671 3185 1726 per
3214 1659 3412 1727 partes
3455 1654 3765 1723 edicimus,

2114 1743 2491 1800 membratim
2520 1760 2650 1800 eam
2683 1744 2988 1816 loquentes
3013 1763 3026 1812 ;
3052 1759 3238 1814 neque
3266 1745 3440 1800 modo
3457 1744 3562 1810 sic,
3590 1744 3764 1799 modo

2115 1831 2285 1888 aliter
2329 1833 2832 1905 interrogantibus
2881 1833 3325 1906 respondemus,
3376 1837 3443 1888 ut
3488 1849 3594 1888 nos
3645 1831 3764 1888 illis

2115 1922 2650 1992 accommodamus,
2681 1923 2989 1978 veritatem
3023 1922 3439 1978 adulterantes.
3463 1921 3523 1977 Si
3545 1938 3680 1977 vero
3707 1925 3765 1976 et

2114 2013 2178 2066 tu
2209 2027 2338 2066 eam
2365 2028 2551 2079 amas,
2584 2011 2877 2082 quomodo
2903 2013 3135 2066 tantum
3167 2012 3467 2082 discrepas
3497 2011 3571 2066 ab
3621 2009 3761 2078 illis,

2113 2099 2213 2172 qui
2245 2100 2434 2171 ipsam
2467 2099 2651 2156 solam
2676 2099 2876 2156 colunt
2901 2100 3062 2156 omni
3093 2105 3376 2172 tempore,
3409 2103 3465 2155 et
3495 2099 3763 2155 eamdem

2112 2205 2252 2261 erga
2280 2205 2486 2245 omnes
2515 2205 2646 2245 esse
2677 2189 2892 2257 sciunt,
2923 2193 2992 2244 ut
3028 2190 3280 2245 suadeas
3331 2190 3402 2245 ab
3456 2205 3523 2244 ea
3573 2188 3765 2245 disce-

2113 2279 2248 2334 dere
2268 2279 2296 2332 ?
2320 2279 2445 2334 Non
2476 2279 2755 2350 profecto,
2781 2295 2898 2334 non
2922 2278 3304 2335 discedimus.
3330 2279 3391 2334 Si
3414 2282 3612 2334 tamen
3634 2293 3768 2334 vere

2117 2367 2264 2423 dicis
2294 2369 2451 2439 quod
2488 2367 2791 2424 veritatem
2843 2383 3030 2435 amas,
3082 2369 3221 2423 audi
3265 2383 3334 2423 ex
3380 2367 3550 2424 nobis
3595 2368 3770 2422 verba

2115 2457 2428 2524 veritatis;
2475 2456 2691 2512 iterum
2734 2462 2790 2512 et
2834 2457 3048 2512 iterum
3092 2457 3366 2513 eumdem
3437 2472 3768 2513 sermonem

2112 2544 2449 2616 loquimur:
2501 2544 2770 2602 Christus
2817 2562 2924 2601 nos
2974 2545 3282 2602 confortat.
3337 2545 3610 2602 Christus
3659 2561 3768 2601 nos

2113 2634 2344 2700 liberat,
2377 2633 2644 2690 Christus
2675 2650 2778 2707 per
2809 2651 2915 2691 nos
2947 2635 3117 2706 signa
3148 2638 3441 2705 operatur.
3465 2634 3525 2690 Id
3549 2633 3599 2689 si
3619 2633 3765 2690 velis

2113 2723 2391 2795 operibus
2434 2724 2901 2796 comprobatum,
2956 2724 3226 2796 quamvis
3293 2723 3760 2795 experimentum

2105 2813 2231 2885 jam
2248 2812 2594 2884 sumpseris,
2620 2811 2779 2867 aliud
2803 2815 2998 2867 tamen
3022 2829 3260 2868 rursum
3283 2828 3516 2868 sumere
3541 2811 3760 2868 licebit.

2113 2903 2257 2958 Ecce
2288 2901 2443 2957 enim
2475 2906 2710 2973 paratos
2741 2919 2848 2956 nos
2881 2901 3000 2973 pati
3056 2901 3292 2956 omnia:
3345 2901 3474 2957 veni
3522 2918 3762 2956 rursum

2114 2991 2186 3046 ad
2218 3006 2414 3062 opera,
2446 2994 2503 3046 et
2533 2990 2809 3046 manibus
2854 2993 3038 3057 utere,
3092 2989 3239 3044 nihil
3284 2991 3643 3058 formidans;
3696 2993 3764 3045 ut

2112 3096 2431 3152 cognoscas
2477 3079 2691 3134 iterum
2741 3078 2881 3152 quia
2933 3083 3084 3135 Deus
3127 3079 3437 3135 nobiscum
3488 3084 3594 3150 est,
3662 3081 3765 3134 tua

2112 3171 2316 3225 contra
2345 3185 2452 3224 nos
2483 3167 2726 3224 consilia
2757 3167 3077 3240 dissipans.

2179 3437 2270 3493 34.
2307 3438 2434 3493 Haec
2457 3454 2524 3494 eo
2555 3437 2806 3504 dicente,
2840 3453 2954 3492 non
2997 3441 3122 3493 erat
3150 3436 3248 3492 ille
3297 3435 3634 3509 intelligens
3667 3440 3768 3492 aut

2112 3525 2416 3599 requirens
2460 3531 2686 3583 Deum:
2738 3527 2914 3582 homo
2983 3531 3108 3582 erat
3167 3525 3412 3582 consilio
3476 3526 3764 3598 privatus,

2112 3615 2384 3672 notitiam
2430 3619 2627 3672 autem
2668 3615 2770 3671 Dei
2820 3632 2926 3670 nec
2982 3615 3206 3670 habens
3258 3631 3364 3671 nec
3413 3614 3763 3687 suscipiens,

2110 3704 2324 3760 similis
2357 3705 2546 3760 factus
2575 3704 2797 3761 Judaeis
2842 3704 3141 3775 antiquis:
3199 3720 3337 3759 nam
3385 3703 3474 3758 illi
3522 3703 3762 3775 quidem

2110 3810 2214 3865 per
2244 3794 2469 3865 seipsos
2506 3793 2785 3850 videbant
2823 3792 3257 3864 audiebantque
3301 3793 3373 3848 ab
3422 3791 3540 3847 illis
3589 3792 3760 3848 Chri-

2111 3885 2272 3937 stum
2327 3882 2637 3938 facientem
2687 3881 2994 3949 miracula,
3045 3881 3216 3953 signa
3261 3885 3319 3936 et
3365 3881 3652 3940 virtutes;
3706 3885 3763 3936 et

2107 3974 2395 4041 tanquam
2426 3971 2474 4026 si
2509 3971 2657 4025 nihil
2685 3970 2972 4026 vidissent
3011 3969 3512 4042 audivissentque,
3566 3969 3760 4026 venie-

2112 4059 2256 4115 bant
2284 4061 2488 4116 eadem
2514 4059 2907 4130 requirentes.
2943 4059 2987 4114 0
3009 4059 3229 4130 stupidi
3259 4058 3272 4112 l
3304 4059 3508 4114 Adhuc
3527 4059 3761 4125 videtis,

2113 4151 2170 4202 et
2199 4148 2326 4204 heri
2357 4148 2610 4218 vidistis,
2643 4152 2700 4203 et
2730 4147 3157 4203 nudiustertius
3195 4150 3254 4201 et
3299 4147 3400 4202 diu
3449 4152 3620 4202 antea
3666 4164 3762 4202 co-

2113 4237 2400 4311 gnovistis
2432 4239 2636 4293 eadem
2665 4263 2678 4306 ;
2711 4241 2766 4292 et
2795 4237 2855 4291 in
2885 4237 3087 4292 eadem
3121 4235 3347 4292 consilii
3379 4236 3766 4308 ambiguitate

2119 4327 2474 4397 desinentes,
2508 4326 2716 4381 venitis
2738 4325 2765 4380 ?
2795 4325 2910 4381 Hos
2943 4324 3121 4397 igitur
3170 4323 3434 4380 imitatus
3464 4324 3767 4381 Diocletia-

2117 4434 2256 4484 nus,
2287 4420 2421 4488 post
2447 4416 2910 4470 demonstratam
2942 4413 3052 4470 sibi
3085 4413 3300 4486 sapius
3330 4413 3546 4469 Christi
3575 4414 3767 4469 virtu-

2114 4512 2260 4573 tem,
2293 4522 2533 4561 rursum
2570 4505 2814 4576 quaerit:
2865 4504 3072 4575 quaerit
3119 4507 3338 4572 autem,
3388 4520 3504 4559 non
3555 4507 3620 4558 ut
3669 4519 3769 4559 ac-

2119 4600 2288 4668 cepta
2319 4593 2816 4650 demonstratione
2846 4593 3124 4649 rectiﬁcet
3151 4609 3250 4648 cor
3279 4609 3453 4648 suum
3480 4596 3538 4648 et
3580 4592 3770 4649 fidelis

2121 4685 2452 4752 efﬁciatur;
2495 4684 2595 4739 sed
2646 4683 2910 4738 tentandi
2959 4682 3267 4737 dumtaxat
3315 4698 3493 4736 causa
3539 4681 3770 4754 quaerit,

2123 4773 2285 4847 quia,
2318 4773 2470 4829 sicut
2499 4777 2555 4828 et
2586 4771 2689 4837 illi,
2721 4770 3019 4844 generatio
3051 4775 3177 4826 erat
3206 4787 3383 4842 prava
3425 4774 3483 4826 et
3531 4786 3770 4844 exaspe-

2123 4880 2283 4934 rans,
2317 4863 2558 4935 spiritus
2592 4862 2812 4919 vadens
2842 4865 2900 4916 et
2931 4876 3046 4916 non
3076 4859 3328 4915 rediens.

2199 5132 2289 5186 32.
2323 5131 2492 5203 Ergo,
2535 5133 2775 5186 caeteras
2836 5144 3041 5184 omnes
3093 5126 3512 5184 miraculorum
3552 5129 3779 5202 species

2129 5220 2606 5293 praetermittens,
2637 5223 2693 5274 et
2723 5218 2793 5274 ad
2837 5217 2893 5273 id
2927 5217 3082 5288 quod
3133 5217 3399 5272 omnium
3455 5222 3543 5272 est
3600 5218 3782 5273 maxi-

2130 5327 2296 5366 mum
2329 5313 2696 5364 mortuorum
2739 5306 3247 5362 resuscitationem
3303 5306 3621 5373 transiens,
3670 5307 3780 5362 hoc

2131 5401 2352 5471 ipsum,
2385 5415 2501 5454 non
2523 5396 2703 5466 aliud,
2723 5397 2945 5468 operari
2961 5395 3132 5466 jubet
3158 5425 3171 5464 -,
3193 5394 3353 5451 velut
3391 5395 3779 5468 regeneratio-

2135 5504 2293 5553 nem,
2329 5488 2388 5543 in
2419 5504 2537 5543 uno
2560 5485 2754 5556 aliquo
2787 5489 3154 5540 mortuorum
3187 5485 3422 5550 factam,
3470 5484 3781 5540 habiturus

2137 5593 2243 5650 pro
2265 5577 2603 5633 testimonio
2625 5575 2808 5630 totius
2828 5573 3062 5630 virtutis
3083 5578 3141 5630 et
3169 5572 3488 5628 divinitatis
3527 5572 3742 5628 Christi
3767 5592 3781 5641 ;

2138 5666 2418 5744 ignorans
2438 5670 2634 5724 tamen
2659 5679 2838 5741 quam
2862 5679 3070 5738 parum
3097 5661 3261 5722 utilis
3281 5661 3393 5720 sibi
3415 5662 3612 5719 futura
3631 5666 3786 5721 esset

3430 5788 3498 5849 11
