4108 6438
328 373 438 432 331

1354 368 1672 431 GEORGII
1717 367 1981 429 CYPRII
2026 367 2150 430 GP.
2194 367 2729 432 PATRIARCHAE

3633 373 3753 433 332

327 507 448 561 haec
474 505 966 578 experientia,qui
999 504 1203 559 statim
1237 521 1271 558 a
1301 506 1528 576 patrato
1562 502 1845 558 miraculo
1887 518 1972 556 re-

2092 499 2167 561 ώς
2219 500 2280 554 οὐ
2332 498 2630 562 λυσιτελῶς
2679 503 2852 574 ἑαυτῷ
2896 502 2995 570 τήν
3062 499 3253 578 πεῖραν
3295 502 3499 574 ταύτην
3559 503 3750 582 μετέρ-

327 594 578 668 plendus
609 599 764 650 esset
794 595 1222 666 indignatione.
1255 592 1364 657 Qui
1395 593 1553 647 enim
1578 593 1771 664 priora
1802 591 1979 646 mira-

328 685 460 740 cula
519 685 706 739 fuerat
755 683 909 738 circa
958 688 1273 755 martyrem
1323 687 1620 755 operatus,
1672 681 1825 737 circa
1870 680 1979 734 hoc

328 789 515 828 unum
548 772 933 828 nihilominus
965 777 1089 827 erat
1122 777 1368 844 potens:
1421 770 1690 842 quamvis
1737 787 1852 825 non
1897 769 1980 824 ita

319 862 614 932 judicaret
642 863 1055 932 Diocletianus,
1091 878 1278 932 neque
1308 861 1421 916 sibi
1478 861 1536 916 id
1579 860 1975 932 persuaderet,

327 957 484 1007 certo
516 953 758 1008 credens
790 951 1156 1024 impossibile
1197 952 1315 1006 fore
1359 951 1516 1022 quod
1566 950 1973 1020 imperaverat.

328 1043 516 1106 Quare
546 1048 997 1096 monumentum
1029 1040 1474 1104 demonstravit,
1507 1043 1563 1094 et
1597 1039 1654 1093 in
1680 1055 1744 1093 eo
1777 1039 1981 1092 defun-

326 1133 488 1184 ctum
518 1131 590 1184 ab
631 1130 802 1184 annis
853 1128 1076 1200 multis,
1122 1129 1436 1201 ipsumque
1477 1128 1649 1198 jubet
1698 1126 1975 1182 excitari:

326 1219 462 1290 Age,
514 1218 810 1290 inquiens,
855 1219 1052 1274 vivum
1103 1217 1261 1273 hunc
1314 1218 1479 1287 siste,
1549 1215 1974 1280 ambulantem,

326 1305 700 1376 sentientem,
730 1312 788 1363 et
817 1306 932 1363 alia
957 1324 1320 1379 quaecunque
1351 1323 1458 1362 nos
1488 1305 1739 1360 facimus
1761 1305 1977 1360 facien-

325 1399 444 1452 tem
473 1413 486 1465 ;
521 1400 577 1452 et
597 1397 712 1464 abi,
746 1397 915 1452 nobis
947 1397 1018 1451 de
1055 1396 1294 1452 veritate
1345 1394 1664 1467 persuasis,
1711 1393 1978 1465 nihilque

326 1485 399 1540 de
424 1489 630 1540 caetero
661 1485 950 1540 habituris
981 1485 1133 1540 circa
1171 1485 1285 1540 alia
1316 1483 1607 1549 dubitare,
1661 1486 1975 1554 postquam

326 1573 384 1628 id
418 1573 638 1630 factum
670 1574 861 1644 fuerit,
897 1575 1053 1645 quod
1095 1575 1290 1644 majus
1331 1577 1422 1628 est
1468 1572 1771 1628 omnibus.
1833 1572 1975 1636 Quis

327 1661 485 1718 enim
516 1663 882 1735 tergiversari
913 1667 969 1718 et
999 1662 1280 1735 refragari
1309 1661 1481 1718 vellet
1529 1660 1806 1733 amplius,
1856 1666 1978 1716 tam

328 1751 563 1807 evidens
595 1756 1010 1824 argumentum
1042 1752 1266 1808 habens
1310 1751 1423 1806 sibi
1467 1750 1803 1822 oppositum
1827 1749 1855 1803 ?
1884 1749 1978 1804 Sic

326 1839 445 1895 ille.
479 1844 612 1907 Qua;
653 1846 850 1897 autem
881 1845 1083 1897 secuta
1112 1845 1272 1911 sunt,
1307 1840 1601 1911 quomodo
1627 1838 1802 1910 digne
1842 1838 1977 1909 quis

327 1930 619 2001 explicet?
648 1935 750 1986 aut
780 1931 994 2002 potius,
1030 1931 1323 2002 quomodo
1355 1930 1500 1984 satis
1533 1927 1826 1984 miretur?
1871 1943 1978 1982 nec

324 2018 481 2074 enim
510 2018 598 2075 vel
627 2019 737 2075 hoc
769 2025 858 2075 est
878 2019 1066 2087 facile,
1099 2035 1166 2074 eo
1190 2020 1346 2091 quod
1379 2018 1460 2074 rei
1505 2017 1976 2090 magnitudinem

325 2124 532 2181 capere
554 2118 806 2181 nequeat
834 2108 1192 2165 intellectus.

396 2197 486 2250 33.
518 2197 770 2253 Sustulit
799 2197 1083 2270 Georgius
1115 2198 1174 2251 in
1206 2197 1416 2252 ccelum
1439 2196 1642 2252 oculos
1666 2201 1786 2252 tam
1811 2213 1974 2252 men-

324 2285 404 2340 tis
437 2301 616 2356 quam
665 2287 945 2359 corporis,
996 2292 1054 2342 et
1101 2286 1481 2342 audientibus
1535 2285 1825 2341 universis
1874 2284 1977 2340 Dei

326 2373 624 2446 magnalia
643 2374 980 2447 gloriﬁcans
1001 2383 1178 2447 atque
1202 2375 1638 2444 concelebraris,
1678 2373 1979 2445 simulque

323 2479 460 2520 eum
491 2465 1023 2520 commonefaciens
1084 2464 1444 2521 mirabilium
1471 2481 1738 2534 suorum,
1773 2469 1830 2519 et
1860 2480 1980 2518 ma-

322 2552 476 2608 xime
506 2552 666 2608 illius
697 2553 985 2625 triumphi
1015 2571 1190 2625 quem
1222 2554 1388 2608 duxit
1415 2554 1488 2608 de
1515 2558 1700 2609 morte
1719 2570 1819 2624 per
1840 2569 1976 2608 sus-

323 2642 661 2698 citationem
691 2644 807 2698 vita
837 2645 1212 2711 functorum;
1275 2642 1480 2713 oravit,
1537 2647 1603 2697 ut
1645 2643 1800 2712 quod
1850 2658 1979 2714 pro-

324 2732 582 2802 positum
613 2750 771 2788 nunc
802 2738 927 2788 erat
954 2733 1327 2800 miraculum,
1362 2733 1432 2786 ad
1466 2733 1643 2786 ﬁnem
1687 2731 1977 2786 adducere

322 2821 681 2892 dignaretur.
714 2822 942 2878 Etenim
973 2823 1221 2878 fidenter
1252 2827 1483 2894 poterat
1532 2819 1824 2892 ejusmodi
1875 2838 1975 2893 pe-

321 2910 557 2967 titiones
586 2915 644 2966 et
673 2911 857 2968 facere
882 2917 940 2968 et
968 2929 1204 2984 sperare
1232 2930 1244 2967 :
1283 2911 1470 2967 facere
1521 2910 1783 2981 quidem,
1837 2910 1978 2982 quia

324 2999 504 3055 ﬁdem
535 3000 788 3056 habebat
827 3007 1056 3057 montes
1077 3002 1527 3057 transferentem
1554 3019 1566 3068 ;
1603 3016 1837 3071 sperare
1869 3016 1976 3056 au-

323 3093 466 3158 tem,
499 3095 625 3144 tum
656 3095 893 3162 propter
921 3091 1267 3146 discrimina
1287 3107 1414 3162 quae
1446 3090 1606 3145 illius
1628 3107 1808 3145 causa
1843 3090 1978 3144 sub-

325 3176 493 3246 ierat,
522 3181 650 3233 tum
682 3184 920 3250 propter
947 3179 1317 3235 infallibilem
1362 3179 1576 3234 Christi
1631 3178 1974 3250 promissio-

2088 607 2245 663 χεται
2277 636 2291 660 ,
2350 589 2540 644 αὐτίκα
2608 595 2705 645 τοῦ
2780 591 3055 664 Θαύμαντος
3113 591 3203 646 καὶ
3278 590 3794 666 τελεσθησομένου,

2087 677 2176 731 καὶ
2228 677 2405 748 πάσης
2466 679 2630 734 αὐτοῦ
2683 681 2783 749 τὴν
2829 681 3015 756 ψυχὴν
3049 679 3283 755 ἀθυμίας
3327 681 3742 758 πληρώσοντος.

2087 768 2144 819 '0
2198 768 2299 843 γάρ
2359 767 2535 823 ἐκεῖνα
2590 770 2657 824 τὰ
2713 770 2904 844 πρώην
2963 772 3398 847 τερατουργήσας
3470 774 3596 848 περὶ
3652 773 3746 827 τὸν

2090 855 2347 932 Μάρτυρα
2406 855 2529 912 οὐδὲ
2584 858 2707 934 περὶ
2763 879 2923 913 τουτο
2984 856 3199 921 πάντως
3271 857 3530 922 ἀδύνατος
3578 859 3744 916 ἔσται’

2090 945 2185 1000 κᾶν
2219 945 2326 1021 οὐχ
2370 946 2542 1009 οὕτως
2594 947 2871 1023 ἐλογίζετο
2921 947 3335 1022 Διοκλητιανὸς,
3388 947 3514 1004 οὐδὲ
3562 951 3748 1006 ἑαυτὸν

2090 1032 2309 1107 ἔπειθε,
2362 1040 2441 1107 τῷ
2502 1034 2746 1109 ἀδυνάτῳ
2820 1040 2918 1091 τοῦ
2995 1037 3365 1113 ἐπιτάγματος
3420 1041 3697 1102 πεποιθὼς
3731 1083 3743 1097 .

2089 1127 2242 1186 Ὅθεν
2303 1125 2392 1178 καὶ
2452 1123 2694 1200 λάρνακα
2751 1123 3066 1196 ἐπεδείκνυ,
3108 1127 3199 1182 καὶ
3255 1127 3501 1198 πολυετῆ
3555 1130 3744 1206 νεκρὸν

2088 1212 2445 1289 κατήγγειλεν
2507 1213 2558 1268 ἐν
2613 1214 2776 1288 αὐτῇ,
2829 1216 2920 1269 καὶ
2977 1216 3270 1294 ἀνεγείρειν
3332 1216 3565 1274 κελεύει·
3618 1221 3744 1291 Ἴθι,

2088 1302 2260 1378 λέγων
2294 1349 2308 1374 ,
2390 1307 2564 1371 ζῶντα
2635 1302 2791 1359 τόνδε
2824 1351 2840 1378 ,
2913 1305 3230 1380 κινούμενον
3272 1351 3288 1378 ,
3360 1307 3744 1382 αἰσθανόμενον

2087 1390 2267 1446 τᾶλλα
2342 1389 2556 1447 δείκνυε
2626 1394 2929 1467 πράττοντα
3000 1398 3116 1450 καθ’
3183 1399 3335 1470 ἡμᾶς
3374 1441 3389 1468 ,
3446 1396 3537 1453 καί
3593 1395 3744 1453 ἄπιθι

2087 1479 2273 1541 πείσας
2321 1482 2490 1553 ἡμᾶς,
2549 1479 2718 1553 μηδέν
2761 1503 2845 1537 σοι
2874 1487 2972 1538 τοῦ
3022 1481 3222 1539 λοιποῦ
3252 1483 3378 1563 περί
3417 1489 3526 1541 τῶν
3557 1485 3743 1542 ἄλλων

2089 1565 2316 1644 ἔχοντας
2370 1565 2764 1648 ἀμφιϐάλλειν,
2821 1576 2920 1626 τοῦ
2975 1573 3226 1646 μείζονος
3281 1571 3392 1644 ἤδη
3442 1573 3744 1650 γεγενημέ-

2087 1679 2203 1712 νου*
2263 1660 2300 1727 ἢ
2357 1659 2440 1721 τίς
2514 1658 2573 1714 ἂν
2654 1656 2730 1715 ἔτι
2809 1663 3248 1737 περιεργαζεσθαι
3327 1663 3587 1739 βούλοιτο
3653 1662 3744 1719 καί

2088 1745 2614 1824 πολυπραγμονεῖν,
2673 1754 2928 1805 τοσοῦτον
2987 1747 3130 1826 ἔχων
3187 1750 3238 1824 ἐξ
3299 1751 3534 1816 ἐναντίας
3591 1752 3745 1808 ἱστά-

2092 1857 2251 1909 μενον
2303 1832 2533 1913 ἔλεγχον
2564 1884 2578 1908 ,
2610 1837 2794 1901 Οὕτως
2843 1836 3019 1916 ἔλεγε·
3067 1841 3135 1896 τὰ
3182 1838 3229 1896 δ’
3278 1841 3511 1897 ἐντεῦθεν
3555 1840 3642 1906 τίς
3687 1841 3748 1898 ἂν

2089 1926 2248 1998 ἀξίως
2325 1926 2435 2004 ἐρεῖ
2469 1947 2482 1996 ;
2515 1927 2727 2000 μᾶλλον
2805 1925 2863 1984 δὲ
2924 1929 3006 1991 τίς
3087 1929 3311 1993 εἰκότως
3368 1932 3745 2005 θαυμάσεται·

2090 2013 2216 2071 οὐδὲ
2263 2017 2366 2092 γάρ
2415 2021 2576 2071 τοῦτο
2632 2017 2840 2093 ῥᾴδιον,
2891 2025 2990 2089 τῆς
3039 2015 3278 2083 διανοίας
3333 2022 3407 2094 μὴ
3451 2020 3746 2098 χωρούσης

2088 2106 2149 2160 τὸ
2177 2110 2276 2160 τοῦ
2306 2107 2626 2181 πράγματος
2663 2108 2906 2183 μέγεθος.

2160 2193 2261 2271 λγ’.
2297 2197 2520 2257 Ἐκεῖςεν
2566 2195 2642 2258 είς
2693 2196 2956 2271 οὐρανοὺς
3006 2197 3098 2252 σὺν
3129 2203 3243 2260 τοῖς
3295 2203 3504 2274 νοεροῖς
3541 2198 3748 2277 ὀφθαλ-

2092 2289 2216 2356 μοῖς
2245 2284 2478 2339 ἀνέτεινε
2530 2285 2657 2346 τοὺς
2703 2291 2800 2340 τοῦ
2857 2287 3133 2360 σώματος,
3187 2288 3278 2343 καὶ
3329 2289 3470 2362 ὁμοῦ
3523 2289 3618 2362 μὲν
3674 2289 3751 2352 εἰς

2089 2373 2324 2444 ἐπήκοον
2369 2375 2438 2429 τά
2492 2380 2590 2429 τοῦ
2665 2380 2798 2431 Θεοῦ
2862 2375 3126 2452 μεγαλεῖα
3184 2378 3459 2442 ἐκθειάσας
3533 2399 3594 2434 τε
3657 2378 3748 2435 καὶ

2089 2464 2353 2535 ὑμνήσας,
2402 2465 2543 2538 ὁμοῦ
2602 2462 2659 2520 δὲ
2708 2467 2797 2521 καὶ
2855 2471 2964 2521 τῶν
3026 2467 3191 2522 αὐτοῦ
3247 2469 3540 2542 τεραστίων
3589 2468 3748 2524 αὐτὸν

2089 2552 2400 2626 ἀναμνήσας
2435 2601 2448 2626 ,
2507 2554 2596 2608 καὶ
2669 2553 2908 2628 μάλιστα
2977 2561 3075 2612 τοῦ
3133 2558 3268 2612 κατά
3338 2559 3569 2622 θανάτου
3625 2579 3748 2633 τρο-

2086 2642 2251 2696 παίου
2298 2643 2387 2696 καὶ
2435 2650 2535 2712 τῆς
2585 2642 2782 2708 ἐκεῖθεν
2834 2649 2942 2700 τῶν
2993 2650 3197 2721 νεκρῶν
3251 2647 3607 2720 ἀναστάσεως,
3640 2647 3748 2703 δεῖ·

2085 2751 2174 2785 ται
2221 2731 2310 2786 καὶ
2354 2736 2452 2786 τοῦ
2503 2733 2868 2807 προκειμένου
2923 2731 3084 2790 τοῦδε
3141 2735 3240 2804 τὴν
3293 2734 3576 2792 τελείωσιν
3628 2735 3745 2791 ἐπι-

2085 2825 2286 2875 νεῦσαι’
2345 2821 2436 2875 καὶ
2492 2821 2593 2897 γάρ
2649 2821 2766 2898 εἶχε
2825 2822 3039 2900 θαῤῥεῖν
3089 2825 3408 2880 τὰτοιαῦτα
3454 2830 3562 2882 τῶν
3594 2826 3748 2897 αἰτη-

2091 2912 2274 2984 μάτων
2330 2910 2420 2965 καὶ
2479 2907 2774 2984 λαμϐάνειν
2836 2911 3100 2983 ἐλπίζειν’
3157 2918 3320 2970 τοῦτο
3385 2915 3478 2988 μὲν
3530 2914 3612 2971 ὅτι
3657 2915 3748 2972 καὶ

2085 3000 2263 3054 πίστιν
2325 3001 2504 3076 εἶχεν,
2565 3000 2664 3078 ὅρη
2733 3002 3128 3076 μεθισταμένην
3185 3005 3478 3080 ἰσχύουσαν
3516 3027 3529 3040 ·
3587 3010 3748 3062 τοῦτο

2087 3087 2146 3144 δὲ
2173 3089 2277 3144 κάκ
2326 3094 2432 3144 τῶν
2484 3090 2616 3167 ὑπὲρ
2667 3090 2873 3146 ἐκείνου
2901 3090 3166 3148 κινδύνων
3213 3093 3303 3148 καὶ
3349 3101 3450 3164 τῆς
3481 3092 3750 3169 ἀψευδοῦς

2089 3179 2461 3255 ὑποσχέσεως,
2521 3179 2695 3235 πάντα
2747 3187 2866 3243 τοῖς
2922 3181 3147 3244 οἰκείοις
3205 3177 3438 3258 βεϐαίως
3485 3181 3750 3260 ἐπαγγελ-

327 3282 485 3333 nem,
532 3285 649 3338 qua
706 3268 977 3324 ﬁdelibus
1035 3269 1159 3324 suis
1214 3268 1461 3323 ﬁrmiter
1514 3272 1604 3322 est
1652 3267 1971 3338 pollicitus,

2089 3265 2354 3342 λομένης,
2387 3271 2522 3323 Ὅσα
2569 3269 2627 3324 ἂν
2678 3268 2996 3342 αἰτήσησθε,
3049 3269 3308 3344 λήψεσθε.
3364 3271 3463 3326 Καὶ
3513 3270 3604 3343 δὴ,
3645 3279 3750 3343 τῆς

329 3372 694 3428 quaecunque
741 3357 1015 3428 petierint
1057 3362 1420 3430 accepturos.
1474 3357 1660 3412 Factae
1710 3356 1771 3411 in
1821 3357 1978 3412 hunc

331 3445 574 3501 modum
629 3446 877 3502 orationi
935 3447 1143 3502 annuit
1193 3449 1363 3515 Deus,
1422 3451 1478 3502 et
1554 3447 1806 3518 desuper
1869 3463 1980 3502 vox

333 3535 576 3607 grandis
604 3536 818 3608 erupit,
851 3541 1132 3608 quantam
1164 3552 1313 3608 aegre
1343 3535 1631 3591 sustinere
1665 3551 1835 3590 aures
1875 3552 1978 3607 po-

333 3631 545 3694 terant,
574 3643 796 3697 suaque
825 3625 1191 3681 vehementia
1222 3630 1462 3680 cunctos
1503 3625 1775 3680 attonuit.
1825 3626 1976 3682 Tum

330 3714 643 3770 invisibilis
691 3714 958 3786 quaedam
1004 3715 1194 3770 virtus
1241 3713 1494 3786 sepulcri
1545 3715 1975 3785 operimentum

329 3806 593 3873 abstulit,
625 3810 682 3860 et
712 3803 892 3860 aridis
923 3803 1040 3860 illis
1071 3804 1303 3859 ossibus
1334 3803 1608 3875 spiritum
1639 3804 1768 3858 vitae
1817 3804 1976 3860 infu-

329 3896 438 3963 dit,
474 3895 769 3966 simulque
797 3898 853 3949 et
882 3898 1150 3948 mortuus
1183 3893 1455 3964 surrexit,
1489 3897 1546 3947 et
1573 3893 1753 3948 totius
1775 3893 1977 3965 p0puli

327 3985 732 4052 conclamatio,
756 3983 1213 4054 magniﬁcantis,
1247 3981 1566 4050 laudantis,
1596 3981 1978 4053 gloriﬁcantis

323 4074 644 4139 Christum,
676 4089 932 4145 eumque
961 4089 1164 4128 verum
1197 4077 1379 4127 Deum
1414 4071 1767 4127 conﬁtentis.
1799 4072 1976 4127 Deni-

323 4181 434 4236 que
466 4164 566 4235 qui
610 4180 644 4219 a
692 4162 940 4218 mortuis
989 4161 1309 4218 resurrexit
1358 4161 1626 4216 conﬁtori
1677 4160 1851 4232 cmpit
1907 4178 1972 4216 ac

277 4267 279 4270 ‘
323 4254 637 4326 praedicare
684 4252 745 4307 in
796 4252 1062 4307 omnium
1115 4251 1380 4317 auribus,
1430 4254 1605 4322 atque
1653 4250 1972 4321 apostolico

324 4346 486 4416 fungi
520 4358 799 4407 munere;
835 4356 992 4395 nunc
1023 4341 1096 4396 ad
1129 4340 1498 4411 sequendum
1529 4339 1823 4394 Christum
1870 4357 1972 4394 ex-

319 4433 584 4500 hortans,
616 4447 773 4486 nunc
803 4429 1096 4486 idolorum
1128 4430 1352 4485 cultum
1386 4429 1762 4495 dissuadens,
1788 4433 1969 4499 utque

317 4539 380 4579 se
412 4524 779 4594 susciperent
817 4521 1063 4591 dignum
1097 4523 1325 4585 testem,
1351 4517 1452 4589 qui
1484 4534 1763 4590 corporea
1790 4534 1966 4574 exsu-

2091 3357 2292 3420 lxaaiac
2335 3357 2512 3419 οὕτως
2558 3362 2806 3434 καθαρῶς
2861 3359 3247 3434 περιεχούσης,
3309 3359 3538 3416 ἐπινεύει
3591 3363 3744 3435 Θεὸς,

2086 3448 2176 3502 καὶ
2228 3447 2487 3523 ῥήγνυταί
2532 3468 2616 3509 τις
2673 3446 2871 3502 ἄνωθεν
2928 3450 3072 3524 ἦχος
3129 3448 3314 3524 μέγας,
3372 3451 3487 3504 οἷον
3539 3449 3638 3505 οὐκ
3681 3450 3742 3506 ἂν

2091 3534 2290 3612 ῥᾳδίως
2337 3536 2628 3613 προσίοιπο
2688 3536 2825 3605 ἀκοὴ
2861 3580 2875 3608 ,
2927 3537 3018 3591 καὶ
3093 3538 3294 3600 πάντας
3351 3537 3609 3611 ἐξέπληξε
3662 3544 3742 3612 τῷ

2088 3624 2294 3702 στερῥῷ
2345 3634 2444 3696 τῆς
2486 3627 2683 3700 ἠχοῦςο
2733 3625 2824 3680 καί
2876 3647 2958 3688 τις
3016 3625 3244 3702 ἀόρατος
3291 3625 3377 3682 ἐπὶ
3419 3625 3600 3700 τούτῳ
3648 3625 3740 3683 δύ-

2085 3736 2248 3788 ναμις
2297 3711 2434 3791 αἶ’ρει
2482 3714 2546 3769 τὸ
2595 3713 2864 3788 κάλυμμα
2908 3722 3011 3785 τῆς
3042 3719 3245 3792 σοροῦ,
3292 3715 3381 3771 καὶ
3432 3715 3520 3771 ἐπὶ
3561 3717 3742 3790 τούτῳ

2085 3809 2203 3866 τοῖς
2264 3804 2450 3878 ξηροῖς
2504 3803 2711 3866 ὀστέοις
2774 3800 2982 3858 δίδοται
3038 3809 3250 3877 πνεῦμα
3312 3808 3476 3875 ζωῆς.
3531 3806 3653 3862 Ἐπὶ
3687 3804 3745 3862 δὲ

2084 3893 2286 3965 τούτῳ,
2343 3891 2517 3968 ταχὺς
2573 3891 2846 3947 ἀνίσταται
2907 3894 2934 3948 ὁ
2985 3894 3208 3969 νεκρός·
3269 3894 3359 3949 καὶ
3418 3894 3506 3950 ἐπὶ
3561 3895 3743 3969 τούτῳ

2090 3984 2193 4059 βοή
2255 3983 2456 4044 παντὸς
2507 3985 2572 4051 ἦν
2631 3988 2727 4037 τοῦ
2787 3980 3003 4056 δήμου,
3063 3982 3522 4059 μεγαλυνόντων,
3583 3985 3749 4064 εὐφη-

2090 4072 2354 4146 μούντων,
2415 4069 2769 4143 δοξαζόντων,
2820 4073 3049 4148 Χριστὸν
3105 4073 3368 4144 ἀληθινὸν
3423 4075 3552 4130 Θεὸν
3613 4077 3749 4150 ὁμο-

2085 4159 2394 4236 λογούντων
2431 4206 2444 4219 .
2503 4161 2736 4238 Ἐξῆρχε
2789 4164 2891 4231 τῆς
2948 4160 3252 4238 ὁμολογίας
3317 4162 3519 4234 ταύτης
3599 4165 3628 4219 ὁ
3686 4163 3746 4219 ἐκ

2081 4256 2282 4328 νεκρῶν
2333 4251 2558 4314 ἀναστὰς
2593 4298 2606 4324 ,
2671 4251 2932 4327 ἐκήρυττε
2998 4251 3211 4306 πάντων
3267 4252 3573 4307 ἀκουόντων
3604 4299 3618 4326 ,
3676 4253 3746 4308 τὰ

2076 4345 2184 4394 τῶν
2221 4339 2540 4395 ἀποστόλων
2600 4339 2906 4418 ἐφθέγγετο,
2963 4340 3053 4395 καὶ
3109 4344 3200 4394 νῦν
3266 4341 3362 4413 μὶν
3416 4343 3740 4418 προτρέπων

2080 4430 2157 4492 εἰς
2217 4431 2481 4506 Χριστὸν,
2541 4435 2629 4484 νῦν
2689 4427 2748 4483 δὲ
2801 4434 2910 4484 τῶν
2966 4427 3213 4484 εἰδώλων
3277 4429 3517 4507 ἀπάγων,
3576 4431 3738 4487 αὐτὸν

2075 4519 2233 4590 ἠξίου
2290 4517 2539 4595 δέχεσθαι
2595 4517 2838 4595 μάρτυρα
2907 4515 2976 4572 δι’
3036 4517 3345 4580 ἀποθέσεως
3399 4524 3497 4574 τοῦ
3553 4539 3739 4594 σωμα-

316 4617 413 4668 tus
452 4611 701 4684 caligine
758 4609 1079 4680 didicisset,
1141 4614 1427 4680 quantum
1484 4608 1544 4662 in
1605 4606 1834 4662 Christo
1891 4607 1968 4662 sit

2085 4613 2228 4663 τικοῦ
2288 4610 2495 4687 ζόφου,
2559 4607 2681 4663 ὅσον
2742 4607 2792 4662 ἐν
2850 4611 3069 4683 Χριστῷ
3126 4607 3189 4662 τὸ
3246 4605 3438 4684 κέρδος
3495 4627 3739 4684 καταμα-

314 4703 565 4770 lucrum,
627 4705 963 4773 quantaque
1031 4698 1343 4754 infelicitas
1399 4696 1596 4752 aeterni
1657 4696 1834 4768 ignis,
1911 4700 1968 4752 et

314 4791 605 4862 caliginis,
674 4794 732 4844 et
800 4788 1040 4857 vermis,
1099 4792 1158 4842 et
1234 4788 1644 4858 cujuscunque
1721 4784 1962 4840 alterius

313 4879 475 4949 mali,
532 4879 604 4934 iis
649 4877 954 4950 praeparati
1010 4877 1111 4947 qui
1169 4875 1533 4931 daemonibus
1598 4891 1661 4930 se
1720 4876 1961 4945 conjun-

311 4973 480 5041 gunt.

379 5057 468 5110 34.
502 5057 630 5112 Scio
657 5053 1008 5111 miraculum
1039 5053 1150 5110 hoc
1182 5070 1298 5108 non
1331 5052 1549 5123 suscipi
1595 5051 1668 5105 ab
1713 5051 1956 5106 auribus

304 5145 765 5210 incredulorum,
797 5143 945 5198 nihil
978 5143 1133 5198 enim
1158 5160 1360 5198 eorum
1391 5159 1518 5211 quae
1552 5140 1797 5212 pulchra
1817 5144 1958 5195 sunt

305 5235 454 5308 ipsis
483 5235 711 5290 videtur
747 5235 860 5288 ﬁde
917 5233 1201 5305 dignum:
1255 5232 1355 5287 sed
1403 5248 1531 5286 eam
1583 5229 1750 5285 facile
1799 5230 1953 5301 apud

303 5325 432 5397 pios
461 5324 741 5379 inveniet.
783 5323 842 5378 Si
903 5322 1060 5376 enim
1122 5338 1290 5376 verax
1347 5325 1436 5376 est
1487 5319 1775 5387 Christus,
1827 5335 1956 5390 pro-

304 5413 544 5469 mittens
577 5413 734 5483 quod
775 5411 1000 5482 majora
1049 5411 1217 5483 signa
1273 5426 1452 5481 quam
1504 5409 1755 5464 faciebat
1803 5409 1950 5479 ipse,

295 5503 554 5559 facerent
585 5502 887 5556 credentes
918 5501 978 5553 in
1012 5517 1111 5568 se;
1143 5499 1412 5555 Christus
1437 5511 1633 5554 autem
1656 5496 1950 5568 ejusmodi

297 5592 466 5665 signa
495 5590 736 5648 millena
765 5589 936 5658 fecit;
981 5588 1116 5660 quis
1162 5588 1629 5644 Christianorum
1682 5602 1948 5658 unquam

294 5681 366 5738 de
422 5679 521 5737 illo
581 5677 954 5752 dubitaverit,
1015 5679 1263 5736 audiens
1325 5677 1586 5752 primum
1649 5675 1841 5733 Eliam
1892 5679 1950 5734 et

2076 4700 2274 4770 θόντα,
2337 4697 2460 4760 ὅσος
2540 4697 2591 4752 ἐν
2669 4693 3065 4770 δεισιδαιμονίᾳ
3122 4697 3149 4751 ὁ
3208 4695 3505 4771 κίνδυνος,
3564 4699 3734 4772 πυρὸς

2072 4786 2452 4859 ἀτελευτήτου,
2507 4787 2596 4841 καὶ
2657 4785 2882 4848 σκότους
2933 4787 3023 4840 καὶ
3083 4785 3396 4857 σκώληκος,
3454 4787 3547 4843 καὶ
3595 4809 3728 4844 παν-

2070 4875 2162 4938 τὸς
2194 4874 2372 4939 εἴδους
2403 4879 2570 4930 κακοῦ
2603 4872 2946 4950 διαδέχεσθαι
2998 4867 3300 4948 μέλλοντος
3346 4876 3474 4939 τοὺς
3522 4895 3728 4952 προσα-

2068 4968 2329 5042 νέχοντας
2363 4963 2602 5039 δαίμοσι.

2141 5053 2221 5110 λδ’
2255 5101 2267 5112 .
2327 5059 2498 5108 Τοῦτο
2552 5054 2615 5108 τὸ
2673 5057 2854 5127 θαῦμα
2907 5052 3096 5116 ἀκοαῖς
3170 5054 3264 5128 μὲν
3336 5053 3570 5109 ἀπίστων
3639 5047 3726 5107 οἶδ

2065 5143 2147 5198 ὅτι
2213 5141 2685 5218 δυσπαράδεκτον,
2747 5139 2900 5196 οὐδέν
2962 5143 3066 5217 γάρ
3127 5143 3310 5204 αὐτοῖς
3370 5147 3478 5197 τῶν
3537 5145 3722 5196 καλῶν

2067 5232 2373 5302 ἀξιόπιστον
2411 5254 2423 5266 ·
2485 5226 2723 5286 εὐσεϐέσι
2783 5228 2841 5285 δὲ
2897 5232 2987 5286 καὶ
3048 5229 3168 5286 λίαν
3231 5227 3725 5305 ὁμολογούμενον.

2065 5321 2125 5376 Εἰ
2187 5323 2288 5398 γάρ
2344 5318 2580 5395 ἀψευδὴς
2633 5319 2862 5395 Χριστός
2896 5364 2911 5391 ,
2973 5321 3000 5374 ὁ
3070 5319 3529 5397 ἐπαγγειλάμενος
3573 5362 3588 5388 ,
3633 5320 3727 5374 καὶ

2062 5410 2135 5464 ὦν
2189 5407 2348 5471 αυτὸς
2405 5409 2649 5482 σημείων
2702 5408 2981 5485 ἐργάζεται
3046 5409 3270 5482 μείζονα
3316 5412 3566 5480 ποιήσειν
3593 5408 3725 5472 τοὺς

2062 5497 2136 5559 εἰς
2166 5498 2323 5552 αὐτὸν
2377 5497 2754 5569 πιστεύοντας,
2805 5499 3037 5574 Χριστὸς
3071 5496 3130 5552 δὲ
3183 5497 3393 5575 μυρίων
3424 5498 3723 5574 αὐτουργὸς

2057 5587 2342 5640 τοιούτων·
2398 5585 2478 5648 τίς
2538 5586 2641 5663 όίρα
2696 5585 2829 5640 ποτὶ
2878 5589 2986 5640 τῶν
3037 5592 3141 5655 τῆς
3191 5586 3429 5659 ποίμνης
3482 5589 3720 5660 Χριστοῦ

2057 5671 2363 5754 ἀμφιϐαλεῖ
2437 5673 2563 5765 περὶ
2617 5673 2835 5751 τούτου,
2913 5673 3126 5731 ἀκούων
3195 5674 3289 5752 μὲν
3358 5673 3545 5734 Ἠλίαν
3617 5673 3711 5734 καὶ
