4108 6444
331 395 451 459 333

1600 395 2006 460 LAUDA'I‘IO
2053 398 2118 458 S.
2167 397 2512 464 GEORGII.

3638 411 3757 472 334

330 525 644 584 Ἐλισσαῖον
670 526 736 582 τὸ
763 524 1052 604 πρότερον,
1091 525 1303 584 ἀκούων
1341 524 1400 583 δὲ
1445 523 1535 584 καὶ
1575 526 1704 589 τοὺς
1752 530 1975 601 Χριστοῖ

2097 529 2390 602 Elisaeum,
2424 533 2636 589 deinde
2683 534 2900 592 Christi
2931 535 3255 609 discipulos
3287 540 3426 596 talia
3456 558 3583 598 esse
3614 559 3752 616 ope-

315 617 578 690 ,μαθητάς
631 613 854 692 ὕστερον
907 620 1132 672 τοιαῦτα
1203 615 1618 692 ἐνηργηκόταςς
1677 621 1848 671 Τοῦτο
1896 615 1986 672 καὶ

326 704 481 761 αὐτοὶ
531 701 803 774 δήπουθεν
833 703 1129 777 ⁸Ελληνες,
1161 703 1350 762 πολλὰ
1402 706 1525 779 περὶ
1567 709 1674 762 τῶν
1718 705 1987 783 σφετέρων

329 793 604 867 δαιμόνων
634 815 697 851 τε
722 794 813 849 καὶ
864 796 1000 850 θεῶν
1053 795 1129 857 ὡς
1179 792 1426 850 δύνανται
1478 794 1798 871 ληροῦντες,
1832 793 1985 868 ὅμως

325 889 571 959 κρεῖττον
636 883 976 959 ὁμολογοῦσι
1026 891 1127 954 τῆς
1178 883 1396 940 ἐκείνων
1450 882 1769 958 δυνάμεως·
1823 889 1986 939 τοῦτο

329 974 420 1029 καὶ
459 977 584 1036 τοῖς
633 972 902 1043 πλήθεσιν
973 973 1324 1051 ἰσχυρότερον
1376 975 1590 1029 πάντων
1635 979 1742 1030 τῶν
1796 972 1982 1029 ἄλλων

334 1060 516 1136 δόξαν,
563 1062 653 1118 καί
731 1062 1085 1138 ἰσχυρότερον
1161 1062 1459 1138 ἁψάμενον,
1537 1063 1786 1140 ὀξύτερον
1859 1062 1986 1125 τοὺς

336 1149 622 1214 πλείστους
702 1149 1053 1224 μεθείλκυσεν
1123 1152 1199 1216 εἰς
1259 1154 1511 1228 Χριστὸν,
1559 1153 1696 1208 κατὰ
1769 1150 1982 1226 δήμους

339 1245 526 1296 πεῖσαν
575 1239 721 1312 αὐτῷ
769 1241 1076 1317 προσιέναι,
1135 1241 1225 1298 καὶ
1281 1241 1344 1298 οὐ
1400 1243 1516 1297 κατ’
1571 1241 1804 1319 ἀριθμόν
1863 1262 1985 1297 τινα

336 1331 624 1407 γνώριμον,
657 1331 741 1393 οἷς
789 1328 854 1401 δὴ
889 1338 1234 1408 παραχρῆμα
1279 1331 1370 1388 καὶ
1421 1335 1530 1388 τῶν
1579 1331 1835 1406 μεγάλων
1884 1339 1984 1401 τῆς

333 1417 636 1493 ὁμολογίας
693 1418 898 1490 ταύτης
959 1424 1166 1494 μισθῶν
1227 1415 1534 1497 ἀῤῥαϐῶνες
1586 1419 1837 1497 ἐφοίτων.
1889 1419 1980 1482 Τίς

328 1509 431 1582 γὰρ
476 1505 539 1562 ἃν
588 1507 854 1584 ἀριθμοίη
899 1509 966 1564 τὰ
1019 1509 1106 1564 ἐπὶ
1153 1508 1372 1573 τούτοις
1422 1508 1690 1584 θαύματα,
1743 1508 1882 1564 ὅσων
1923 1531 1984 1565 τε

323 1597 657 1670 νοσημάτων
685 1597 927 1673 χρονίων
973 1596 1130 1661 λύσις
1184 1600 1452 1675 ὑπῆρχεν,
1487 1597 1628 1654 ὅσων
1670 1619 1728 1653 τε
1774 1603 1979 1674 χειρῶν

321 1684 669 1760 παρειμένων
747 1685 909 1763 ίσχὺς
978 1686 1067 1743 καὶ
1143 1688 1281 1742 κατά
1337 1687 1493 1766 φύσιν
1565 1686 1842 1765 ένέργεια;
1903 1687 1979 1750 ὡς

326 1770 624 1848 βλέποντες
677 1773 814 1843 ἦσαν
863 1772 1086 1853 τυφλοὶ,
1137 1774 1196 1832 ἐκ
1252 1780 1349 1830 τοῦ
1411 1774 1629 1851 βλέπειν
1690 1777 1828 1852 πρὸς
1884 1775 1978 1831 τὸν

319 1862 517 1932 νοητὸν
554 1861 842 1962 ὀφθαλμόν
874 1883 889 1934 ;
919 1864 998 1927 ὡς
1030 1863 1214 1940 χωλοὶ
1245 1864 1373 1962 τοὺς
1417 1863 1589 1962 πόδας
1638 1863 1936 1962 έρῥιίξνυντο
1962 1883 1977 1935 ;
2008 1895 2057 1962 Β

322 1953 397 2014 ὡς
473 1956 578 2007 πᾶν
658 1949 800 2008 εἶδος
877 1955 1191 2029 νοσήματος
1245 1951 1662 2030 ἐδραπετεύετο;
1721 1953 1817 2008 κᾶν
1874 1954 1974 2022 τὴν

319 2045 425 2095 τῶν
482 2037 761 2113 δαιμόνων
823 2037 977 2115 εἷ’πῃς
1033 2041 1312 2118 ἐπήρειαν,
1357 2039 1470 2098 οὐδ’
1530 2041 1665 2112 αὐτή
1723 2041 1848 2099 τότε
1874 2047 1976 2097 τοῦ

325 2131 399 2202 μή
455 2126 703 2184 ἐκποδὼν
763 2129 1008 2205 γενέσθαι
1065 2131 1339 2206 ὑπέμεινε,
1391 2131 1480 2187 καὶ
1547 2131 1710 2204 μόνον
1763 2154 1846 2194 τις
1905 2135 1975 2206 τῇ

319 2216 498 2274 πίστει
525 2220 903 2297 προσ-ἤρχετο.

389 2394 488 2453 λε’.
550 2394 728 2455 Ἀλλὰ
781 2398 846 2452 τὸ
899 2396 1196 2473 Γλυκερίου
1264 2401 1384 2460 πῶς
1441 2395 1501 2451 ἄν
1571 2419 1655 2460 τις
1728 2397 1975 2473 παρέλθῃ

315 2487 534 2558 θαῦμα;
589 2487 839 2564 Γεωργὸς
896 2486 964 2556 ἦν
1025 2487 1203 2556 οὗτος,
1259 2484 1351 2541 καὶ
1405 2485 1529 2562 περὶ
1585 2493 1686 2562 γῆν
1745 2487 1835 2541 τὸν
1891 2487 1972 2542 ἀεὶ

317 2575 516 2651 χρόνον
571 2571 735 2652 ἔχων,
769 2573 861 2630 καί
918 2597 979 2652 γε
1032 2575 1304 2653 ἀροτριῶν
1368 2575 1420 2630 ἐν
1467 2575 1642 2651 βουσί.
1677 2575 1776 2630 Καὶ
1823 2576 1852 2629 6
1885 2576 1974 2631 θα-

314 2663 474 2740 τέρου
501 2668 612 2722 τῶν
649 2665 792 2740 βοῶν
844 2664 948 2719 ὑπὸ
1001 2665 1156 2741 ζυγὸν
1193 2662 1573 2735 ὠλισθηκότος
1626 2665 1716 2719 καὶ
1771 2665 1928 2735 τεθνη
1955 2682 1969 2697 ⁸

315 2752 498 2824 κότος,
561 2751 666 2808 οὐκ
720 2751 948 2817 ἀθέατος
1005 2749 1081 2808 ὢν
1143 2755 1252 2808 τῶν
1325 2751 1450 2807 τότε
1505 2752 1814 2826 θαυμάτων,
1874 2754 1974 2821 ἧκε

318 2840 611 2918 δρομαῖος,
685 2839 999 2918 ἐξαγγέλλει
1080 2842 1143 2897 τὸ
1225 2840 1419 2915 πάθος,
1502 2842 1595 2896 καὶ
1678 2837 1972 2897 ἀναϐιῶναι

312 2931 374 2985 τὸ
402 2937 604 3000 κτῆνος
636 2929 794 2988 αἰτεῖ.
827 2931 1028 3006 Τυχὼν
1058 2928 1149 2986 οὖν
1201 2931 1276 2993 ὡς
1319 2926 1510 3004 ᾔτησε,
1543 2931 1632 2986 καὶ
1675 2929 1849 2994 πολὺς
1896 2929 1970 2986 ὢν

311 3019 410 3088 τὴν
505 3018 950 3094 εὐγνωμοσύνην,
1001 3019 1077 3082 ὡς
1159 3018 1249 3074 καὶ
1321 3017 1496 3073 πάντα
1576 3017 1742 3094 λόγον
1803 3018 1970 3092 αὐτῷ,

315 3105 444 3181 ἰδίᾳ,
505 3105 769 3181 δημοσίᾳ,
831 3108 960 3180 ἅνω,
1018 3106 1189 3180 κάτω,
1249 3107 1478 3184 Χριστὸν
1552 3107 1968 3185 εὐφημούμενον

314 3191 461 3272 ἔχειν
519 3197 610 3252 καὶ
658 3196 726 3251 τὰ
769 3198 1002 3272 Χριστοῦ
1062 3195 1329 3269 Θαύματα,
1372 3195 1508 3274 ξίφει
1564 3198 1664 3266 τήν
1722 3195 1966 3275 κεφαλὴν

347 3257 386 3272 η,
819 3257 828 3272 .
1169 3257 1179 3269 .
1316 3257 1329 3269 .
1379 3257 1395 3267 .
1435 3257 1446 3274 .
1622 3257 1632 3266 .
1797 3257 1808 3275 .
1925 3257 1934 3267 .

315 3284 639 3362 ἀφαιρεῖται,
702 3284 846 3339 οὕτω
911 3288 1006 3340 τοῦ
1079 3284 1340 3359 τυράννου
1406 3285 1819 3362 προστάξαντος,
1879 3286 1968 3342 καὶ
1999 3257 2043 3325 C

317 3372 522 3447 μάρτυς
564 3374 701 3449 πρὸς
746 3375 976 3450 Χριστὸν
1041 3375 1414 3450 παραγίνεται.
1469 3373 1728 3451 Δεύτερος
1790 3374 1970 3448 τούτῳ

309 3463 658 3540 προστίθεται
715 3465 742 3519 6
805 3462 864 3519 ἐκ
917 3469 1119 3540 νεκρῶν
1183 3463 1433 3533 ἀναστάς,
1493 3465 1770 3538 ὁρώμενος
1827 3465 1968 3538 ὁμοῦ

310 3554 402 3608 καὶ
462 3552 852 3632 φθεγγόμενος,
914 3549 1242 3615 διδάσκαλος
1317 3547 1588 3616 εὐσεϐείας
1653 3553 1966 3631 γενόμενος.

312 3642 412 3698 Καὶ
471 3642 656 3719 τρίτος
717 3643 816 3712 τήν
875 3639 1042 3712 αὐτὴν
1096 3638 1282 3697 ἄπεισι
1336 3653 1432 3698 τοῦ
1493 3643 1793 3718 μαρτυρίου
1845 3641 1966 3698 ὁδὸν

313 3732 341 3786 6
370 3732 503 3807 χθὲς
563 3732 654 3788 καὶ
706 3731 973 3808 πρότριτα
1035 3730 1228 3808 μάγος,
1261 3730 1376 3786 νυνὶ
1420 3729 1477 3786 δὲ
1509 3731 1678 3808 κήρυξ
1712 3738 1968 3808 Χριστοῦ,

307 3818 704 3895 αὐτομολήσας
761 3820 832 3896 τῇ
880 3820 1078 3895 πίστει,
1111 3820 1202 3877 καὶ
1257 3822 1358 3891 τὴν
1412 3825 1518 3876 τῶν
1569 3818 1841 3895 δαιμόνων
1895 3823 1972 3885 ὡς

307 3909 700 3967 ἀπολλύουσαν
771 3908 1040 3984 ἀτιμάσας
1103 3910 1409 3986 θρησκείαν.
1471 3910 1572 3965 Καὶ
1631 3909 1666 3964 ἃ
1726 3912 1820 3984 μὲν
1879 3909 1969 3966 οὖν

304 3999 521 4077 γέγονε,
574 4001 670 4055 τοῦ
739 3998 862 4078 περὶ
933 4000 1024 4056 τὸν
1095 4000 1282 4076 νεκρὸν
1347 3999 1633 4075 τεραστίου
1690 3995 1970 4076 προϐεϐη-

300 4087 491 4162 κότος,
522 4086 593 4143 τὰ
649 4086 744 4161 μὲν
800 4084 1033 4164 εἷ’ρηται,
1074 4087 1141 4142 τὰ
1199 4083 1257 4142 δὲ
1304 4094 1546 4165 παρῆκεν
1598 4089 1626 4142 ὁ
1675 4085 1864 4164 λόγος,
1909 4090 1972 4145 τὸ

303 4183 488 4248 μῆκος
547 4176 938 4254 ὑφορώμενος·
989 4175 1024 4230 ἓι
1053 4173 1111 4231 δὲ
1139 4176 1207 4247 ἦν
1257 4177 1394 4250 μετὰ
1441 4181 1610 4233 ταῦτα
1669 4177 1760 4232 καὶ
1815 4177 1972 4256 ἀναγ-

301 4270 464 4328 καῖον
495 4265 692 4322 εἰπεῖν.

2098 625 2256 675 ratos
2293 620 2320 674 ?
2379 621 2496 692 Ipsi
2544 626 2742 679 autem
2796 625 3065 696 gentiles,
3099 628 3484 698 quantumvis
3517 632 3587 686 de
3636 633 3752 688 diis

2097 708 2520 782 daamoniisque
2577 712 2700 768 suis
2761 719 2981 785 quanta
3038 723 3285 787 possunt
3325 718 3528 775 deliria
3586 738 3750 777 com-

2097 798 2300 866 menti,
2330 815 2532 855 eorum
2563 801 2777 858 virtute
2829 805 3024 872 majus
3056 805 3166 862 hoc
3195 824 3325 864 esse
3373 809 3746 866 conﬁtentur.

2097 888 2300 960 Itaque
2330 892 2387 944 et
2416 890 2785 946 multitudini
2817 894 3096 964 majorem
3130 897 3200 952 de
3237 897 3580 954 Christianas
3613 899 3748 957 reli-

2094 976 2286 1047 gionis
2306 977 2548 1034 veritate
2578 979 3024 1038 aestimationem
3049 985 3396 1042 miraculum
3421 987 3532 1043 hoc
3561 989 3750 1062 inges-

2093 1065 2376 1137 sit,quam
2404 1073 2609 1124 caetera
2638 1071 2872 1140 omnia;
2897 1077 2955 1128 et
2983 1074 3453 1147 quamplurimos
3474 1079 3650 1134 traxit
3675 1081 3748 1136 ad

2093 1153 2415 1226 Christum,
2463 1159 2824 1228 persuadens
2871 1162 3180 1219 turmatim
3214 1168 3270 1219 et
3323 1167 3544 1238 absque
3590 1173 3746 1224 certo

2094 1260 2339 1301 numero
2369 1248 2641 1302 accedere
2670 1248 2743 1302 ad
2776 1248 2941 1305 illum
2977 1268 2988 1304 :
3015 1252 3230 1322 quibus
3263 1255 3438 1310 etiam
3471 1257 3751 1314 continuo

2093 1332 2241 1388 datae
2298 1339 2437 1390 sunt
2492 1336 2676 1391 arrhae
2737 1338 3130 1396 maximorum
3189 1344 3588 1414 praemiorum,
3641 1347 3749 1402 tali

2093 1423 2443 1479 confessioni
2493 1425 2948 1497 propositorum.
2998 1429 3140 1493 Quis
3187 1431 3345 1488 enim
3392 1435 3750 1491 recensuerit

2093 1516 2314 1582 quanta
2342 1518 2476 1584 post
2505 1513 2626 1570 haec
2657 1519 2860 1572 secuta
2891 1517 3175 1574 miracula
3205 1521 3539 1594 sint,quam
3573 1524 3747 1581 multi

2092 1615 2388 1673 quamque
2420 1602 2684 1658 diuturni
2732 1605 2922 1660 morbi
2953 1608 3163 1678 sanati,
3192 1613 3250 1664 et
3281 1616 3569 1682 quantum
3617 1629 3749 1670 sese

2091 1690 2411 1746 exseruerit
2455 1691 2641 1748 virtus
2674 1698 2894 1749 natura:
2925 1695 3193 1753 ordinem
3245 1702 3746 1773 supergrediens?

2091 1779 2391 1844 Quomodo
2423 1782 2556 1836 caeci
2585 1782 2781 1838 videre
2810 1786 3110 1856 coeperint,
3144 1791 3275 1858 post
3324 1795 3620 1861 receptum
3653 1792 3746 1848 in~

2089 1867 2320 1924 terioris
2351 1869 2505 1924 oculi
2534 1869 2735 1927 lumen
2755 1871 2782 1925 7
2812 1876 3106 1944 quomodo
3155 1875 3381 1933 claudis
3412 1879 3744 1941 conﬁrmati

2088 1956 2206 2012 sint
2253 1958 2477 2039 pedes?
2522 1961 2816 2030 quomodo
2864 1978 3052 2034 genus
3100 1981 3274 2021 omne
3323 1967 3744 2039 aegritudinum

2085 2033 2406 2101 curatum?
2453 2049 2608 2119 quod
2657 2054 2854 2105 autem
2882 2033 2981 2106 ad
3028 2054 3364 2110 daemonum
3408 2055 3744 2113 violentiam

2085 2134 2314 2207 attinet,
2373 2135 2494 2192 haec
2562 2154 2794 2210 quoque
2854 2157 2972 2196 non
3030 2146 3259 2213 poterat
3317 2143 3438 2200 ulla
3516 2146 3746 2204 ratione

2085 2223 2424 2295 subsistere,
2485 2225 2534 2280 si
2609 2228 2743 2298 quis
2819 2229 3106 2287 duntaxat
3180 2248 3316 2288 eum
3393 2233 3508 2291 ﬁde
3582 2251 3744 2294 acce-

2085 2313 2284 2369 debat.

2155 2402 2244 2456 35.
2277 2403 2388 2459 Sed
2442 2405 2737 2475 quomodo
2785 2408 3145 2478 praeteriero,
3178 2413 3336 2482 quod
3387 2413 3607 2471 factum
3655 2420 3748 2474 est

2084 2489 2365 2564 Glycerio,
2418 2492 2820 2551 miraculum?
2858 2497 3127 2570 Agricola
3171 2499 3266 2556 hic
3314 2507 3439 2558 erat
3487 2507 3544 2559 et
3591 2505 3746 2561 circa

2081 2583 2299 2636 terram
2334 2598 2567 2654 semper
2595 2585 3009 2656 occupabatur,
3043 2605 3220 2659 quam
3243 2590 3471 2661 junctis
3504 2593 3575 2648 ad
3609 2610 3744 2649 ara-

2082 2672 2241 2724 trum
2275 2669 2463 2726 bobus
2494 2675 2634 2727 tunc
2665 2673 3118 2743 proscindebat:
3153 2693 3406 2751 cumque
3437 2697 3552 2735 non
3587 2685 3744 2738 esset

2083 2774 2291 2830 expers
2322 2759 2741 2817 miraculorum
2774 2779 2809 2816 a
2839 2768 3039 2819 sancto
3071 2765 3314 2839 Georgio
3355 2773 3740 2839 patratorum,

2083 2852 2140 2903 et
2187 2865 2431 2922 suorum
2484 2851 2890 2923 subjugalium
2939 2853 3089 2909 alter
3138 2855 3415 2913 deﬁciens
3472 2863 3742 2916 mortuus

2083 2941 2259 3005 esset,
2313 2937 2620 2994 confestim
2671 2941 2968 3008 cucurrit;
3001 2946 3059 2998 et
3089 2943 3229 3014 quid
3278 2945 3589 3003 accidisset
3636 2965 3741 3003 an-

2083 3025 2386 3092 nuntians,
2420 3028 2622 3084 bovem
2655 3046 2890 3101 quoque
2918 3048 3092 3087 suum
3126 3034 3399 3090 suscitari
3431 3035 3743 3108 petiit.0b-

2079 3119 2240 3171 tento
2283 3119 2483 3172 autem
2533 3133 2601 3172 eo
2629 3119 2786 3189 quod
2836 3119 3251 3191 postulaverat,
3282 3127 3484 3195 gratus
3536 3125 3740 3180 admo-

2081 3205 2222 3260 dum
2254 3221 2358 3277 pro
2405 3205 2712 3278 beneﬁcio,
2747 3224 2881 3264 cum
2931 3209 3162 3266 nullum
3208 3212 3390 3268 alium
3442 3230 3621 3285 quam
3670 3216 3741 3272 de

2079 3293 2310 3349 Christo
2359 3311 2691 3352 sermonem
2742 3296 3005 3365 haberet,
3049 3315 3303 3371 eumque
3351 3302 3622 3375 privatim
3664 3321 3740 3360 ac

2081 3381 2336 3455 publice,
2387 3400 2625 3440 sursum
2675 3401 2742 3440 ac
2792 3385 3067 3443 deorsum
3138 3390 3495 3460 pradicandi
3561 3392 3735 3452 ﬁnem

2080 3471 2307 3527 nullum
2328 3472 2543 3528 faceret
2570 3491 2582 3540 ;
2618 3474 2804 3546 capite
2827 3474 3035 3547 plexus
3058 3477 3432 3548 fuit,jubente
3463 3484 3734 3552 tyranno,

2079 3565 2135 3616 et
2166 3561 2383 3634 Martyr
2411 3561 2485 3616 ad
2511 3562 2811 3619 Christum
2842 3566 3109 3622 accessit.
3135 3567 3281 3623 Huic
3309 3570 3613 3641 appositus
3644 3576 3734 3627 est

2080 3649 2398 3717 secundus,
2428 3649 2527 3706 ille
2574 3652 2675 3723 qui
2706 3652 2897 3710 fuerat
2936 3656 3253 3713 suscitatus
3293 3675 3325 3712 a
3373 3660 3641 3729 mortuis,
3675 3664 3732 3715 et

2082 3738 2278 3811 palam
2310 3738 2558 3812 loquens
2605 3741 2796 3798 factus
2829 3747 2954 3800 erat
2985 3745 3266 3817 magister
3312 3746 3571 3818 pietatis.
3604 3749 3740 3804 Ter-

2080 3828 2203 3885 tius
2234 3829 2487 3900 denique
2517 3831 2785 3887 eamdem
2814 3833 3079 3905 martyrii
3109 3834 3264 3890 viam
3294 3835 3601 3908 ingressus
3629 3843 3739 3905 est,

2082 3916 2134 3974 is
2164 3919 2263 3991 qui
2310 3918 2437 3974 heri
2467 3923 2524 3974 et
2572 3924 2747 3976 antea
2791 3937 3022 3994 magus,
3057 3941 3212 3979 nunc
3262 3941 3451 3996 praeco
3499 3926 3735 3996 Christi,

2083 4006 2260 4061 fidem
2310 4007 2616 4063 confessus
2642 4012 2786 4075 erat,
2820 4013 2877 4064 et
2907 4010 3242 4068 daemonum
3285 4013 3578 4070 culturam
3608 4019 3739 4070 tan-

2084 4110 2262 4166 quam
2315 4095 2705 4166 perniciosam
2754 4098 3029 4168 ejurarat.
3081 4105 3271 4172 Atque
3321 4101 3440 4157 haec
3487 4119 3554 4158 ea
3602 4109 3743 4160 sunt

2085 4201 2212 4255 quae
2244 4183 2397 4240 circa
2449 4189 2745 4256 patratum
2776 4187 2836 4242 in
2870 4192 3101 4244 mortuo
3133 4191 3486 4247 miraculum
3515 4193 3741 4249 accide-

2085 4277 2245 4341 runt,
2279 4290 2532 4346 quorum
2583 4275 2822 4346 quidem
2854 4293 2991 4348 pars
3041 4279 3337 4335 memoriae
3367 4281 3583 4337 tradita
3629 4287 3738 4353 est,

307 4355 503 4412 altera
527 4355 887 4429 prolixitatis
915 4356 1166 4414 vitandae
1217 4373 1396 4414 causa
1425 4356 1690 4416 involuta
1720 4358 1956 4418 silentio
1991 4379 2006 4419 :
2040 4379 2168 4435 quae
2197 4379 2332 4420 vero
2363 4364 2739 4436 postmodum
2773 4371 3088 4424 consecuta
3126 4373 3267 4425 sunt
3295 4385 3534 4429 necesse
3563 4371 3740 4430 etiam

297 4449 400 4504 est
428 4461 727 4502 enarrem.

1004 4681 1270 4736 Extrema
1299 4678 1522 4751 Georgii
1549 4680 1615 4738 de
1641 4683 1808 4740 idolis
2107 4595 2346 4759 εἶαριίιέ
2376 4689 2713 4760 supplicium
2741 4691 3054 4748 toleratam.

385 4792 495 4858 λς’.
534 4795 703 4871 Ὁρῶν
763 4794 792 4849 6
837 4790 1229 4866 Διοκλητιανὸς
1282 4795 1372 4850 τὸν
1430 4798 1851 4871 Χριστιανισμὸν
1905 4798 1975 4862 είς

2160 4804 2249 4859 36.
2283 4804 2662 4877 Conspiciens
2683 4806 3078 4865 Diocletianus
3115 4810 3631 4869 Christianismum
3657 4813 3748 4867 in-

300 4883 522 4959 πυρσὸν
555 4882 855 4962 ἆναφθέντα
898 4880 1036 4953 ἤδη,
1068 4883 1145 4946 ὡς
1200 4883 1260 4939 ἐκ
1317 4892 1617 4961 σπινθῆρος
1678 4892 1774 4942 τοῦ
1838 4887 1973 4964 μάρ-

297 4991 480 5048 τυρος
537 4970 863 5048 ἀρξάμενον,
916 4972 1006 5028 καὶ
1067 4970 1292 5028 πολλῶν
1379 4975 1473 5046 μὲν
1548 4971 1973 5050 ἐπιλαϐόμενον,

297 5059 627 5116 πολλῶνδὲ
680 5059 978 5134 μέλλοντα,
1008 5060 1104 5116 κᾶν
1159 5065 1234 5134 μή
1291 5084 1371 5126 τις
1429 5065 1603 5142 φθάσῃ
1657 5067 1971 5142 κατασχὼν,

298 5149 530 5226 ταχέως
607 5149 668 5206 ἂν
745 5148 988 5206 ἐπελθεῖν
1075 5151 1312 5224 κάκεῖνα,
1372 5153 1463 5208 καὶ
1548 5151 1972 5230 δυσχερέστατον

302 5237 523 5296 ἔσεσθαι
551 5244 674 5302 τοῖς
705 5239 976 5316 ἀπείργειν
1016 5239 1410 5315 βουλομένοις·
1470 5246 1631 5297 τοῦτο
1689 5241 1756 5312 δὴ
1807 5245 1972 5320 ὀρῶν,

301 5329 368 5384 τὸ
404 5329 503 5403 μὲν
563 5326 812 5384 ἐκποδὼν
868 5335 1118 5400 ποιῆσαι,
1156 5326 1306 5404 εἷ’περ
1358 5352 1408 5385 τι
1437 5328 1644 5409 ἕτερον,
1676 5332 1975 5409 προθύμως

303 5419 401 5491 ἦν,
435 5419 726 5474 ὑπώπτευε
755 5414 815 5473 δὲ
867 5417 1020 5492 ὅμως
1076 5419 1175 5487 τὴν
1238 5416 1559 5494 διαμαρτίαν
1615 5421 1704 5476 καὶ
1763 5419 1976 5498 κατωρ-

306 5504 497 5584 ῥώδει,
559 5504 745 5568 δειλὸς
819 5507 956 5583 πρὸς
1030 5508 1130 5576 τὴν
1199 5506 1543 5584 ἐπιχείρησιν
1611 5508 1671 5564 ἐκ
1749 5511 1976 5587 πρώτης

306 5597 500 5674 πείρας
558 5595 898 5673 γενόμενος’
955 5596 1019 5650 τὸ
1078 5593 1124 5649 δ’
1174 5594 1239 5651 αὗ
1297 5596 1480 5653 ἄνετον
1538 5595 1694 5661 ἐάσας
1759 5619 1975 5676 περινο-

312 5691 478 5764 στεῖν,
510 5681 630 5746 οὔτ’
677 5682 847 5770 ιέφερε
915 5687 1055 5763 (πῶς
1111 5683 1252 5765 γάρ;
1313 5683 1704 5762 Διοκλητιανός
1757 5709 1822 5768 γε
1880 5685 1974 5765 ὣν,

2086 4895 2207 4947 star
2236 4893 2388 4965 ignis
2428 4895 2554 4964 jam
2607 4912 2942 4968 accensum,
2975 4902 3259 4971 tanquam
3313 4917 3382 4956 ex
3430 4902 3684 4959 scintilla
3715 4919 3750 4958 a

2086 4981 2337 5054 Martyre
2386 4984 2668 5054 profecta,
2719 5003 2975 5059 eumque
3023 5005 3058 5043 a
3111 4989 3322 5045 multis
3367 4992 3494 5061 jam
3545 5009 3746 5048 susce-

2087 5075 2277 5141 ptum,
2305 5088 2337 5125 a
2369 5071 2570 5126 multis
2605 5075 3194 5147 suscipiendum,nisi
3229 5080 3363 5150 quis
3398 5081 3746 5152 impediret;

2087 5159 2194 5214 hoc
2235 5164 2429 5214 autem
2486 5162 2750 5218 futurum
2802 5164 3240 5222 difﬁcillimum.
3294 5169 3444 5239 Haec,
3478 5170 3748 5242 inquam,

2084 5247 2311 5315 videns,
2348 5249 2490 5304 nihil
2525 5251 2636 5306 sibi
2672 5253 2835 5323 prius
2867 5253 3201 5311 faciendum
3226 5258 3535 5329 judicavit,
3565 5275 3746 5331 quam

2089 5340 2154 5392 ut
2183 5337 2251 5392 de
2307 5337 2498 5394 medio
2530 5339 2761 5396 tolleret
2805 5341 3120 5416 Georgium
3157 5363 3170 5400 :
3209 5335 3516 5403 verebatur
3547 5353 3745 5403 tamen

2086 5441 2158 5480 ne
2189 5426 2571 5482 frustraretur
2617 5432 2914 5502 proposito
2943 5450 2956 5501 ;
2991 5438 3046 5488 et
3091 5435 3443 5492 formidabat
3491 5453 3610 5491 rem
3645 5452 3746 5508 ag-

2086 5514 2271 5587 gredi,
2307 5515 2688 5573 meticulosus
2739 5519 2982 5576 effectus
3032 5524 3294 5594 priorum
3343 5525 3743 5596 experientia:

2087 5619 2326 5660 rursum
2374 5609 2595 5672 autem,
2630 5610 2693 5661 ut
2745 5606 2893 5663 liber
2922 5609 3082 5666 abire
3129 5614 3591 5684 permitteretur,
3624 5614 3745 5686 pati

2086 5709 2203 5751 non
2251 5697 2520 5780 poterat;
2570 5711 2702 5753 cum
2756 5697 2959 5772 utique
3018 5699 3413 5764 Diocletianus
3463 5708 3641 5776 esset,
3689 5707 3748 5761 et
