4108 6434
354 394 472 454 335

1379 383 1698 448 GEORGII
1743 383 2011 446 CYPRII
2055 383 2178 446 ΟΡ.
2222 384 2756 448 PATBIARCHJE

3657 385 3777 448 336

356 541 523 581 suam
578 524 768 596 ipsius
816 523 936 578 fore
983 519 1377 576 calamitatem
1428 517 1704 583 crederet,
1755 517 1806 571 si
1854 513 1990 570 idoli

2120 512 2210 568 καὶ
2276 515 2473 586 ζημίαν
2516 516 2688 587 ἑαυτῷ
2738 511 2927 576 ἄλλως
2988 509 3197 578 ἔσεσθαι
3249 513 3772 592 καταφρονουμένων

356 618 790 687 spernerentur.
822 611 1010 667 Media
1055 610 1234 682 igitur
1289 608 1382 663 via
1429 608 1755 678 ingressus,
1789 604 2008 660 carceri

355 703 599 760 inclusit
627 702 964 774 Georgium,
995 699 1316 756 exstimans
1358 696 1794 769 impediendam
1826 693 2008 750 mira-

355 793 624 849 culorum
674 791 1084 864 frequentiam,
1137 789 1369 860 quando
1425 803 1596 842 nemo
1646 785 1886 841 auderet
1935 783 2006 838 ad

352 882 614 938 vinctum
665 881 956 946 accedere,
1004 879 1203 950 itaque
1251 881 1609 932 cessaturam
1662 872 2006 946 propensio-

354 987 491 1027 nem
525 969 924 1026 multitudinis
955 969 1025 1023 ad
1058 967 1421 1040 religionem.
1454 964 1649 1020 Potuit
1680 979 1822 1020 sane
1851 977 2009 1017 exse-

355 1061 574 1117 cutioni
605 1061 885 1116 mandare
913 1057 1226 1114 consilium
1268 1056 1422 1128 quod
1454 1059 1720 1125 ceperat;
1754 1051 2006 1108 traditus

354 1151 511 1206 enim
543 1151 602 1204 in
637 1149 961 1205 custodiam
985 1151 1073 1203 est
1102 1150 1378 1203 sanctus:
1406 1145 1505 1200 sed
1537 1143 1596 1198 id
1629 1143 1798 1213 cujus
1830 1158 2008 1196 causa

353 1238 461 1295 hoc
506 1240 729 1294 factum
777 1242 886 1306 est,
917 1236 1184 1293 eﬁ‘ectum
1235 1240 1520 1306 tyrannus
1571 1233 1708 1288 dare
1741 1249 1857 1286 non
1902 1248 2004 1303 po-

350 1327 500 1396 tuit;
535 1328 793 1383 Verbum
841 1325 998 1382 enim
1028 1325 1151 1392 Dei,
1185 1328 1248 1379 ut
1299 1322 1519 1378 Paulus
1569 1321 1852 1393 loquitur,
1887 1337 2003 1376 non

352 1422 443 1473 est
490 1417 817 1488 alligatum,
850 1413 993 1487 quin
1043 1415 1161 1469 imo
1197 1415 1323 1484 jam
1378 1411 1566 1484 magis
1600 1409 1779 1467 libere
1827 1427 2004 1481 quam

350 1511 525 1562 antea
572 1505 857 1561 miracula
885 1504 1302 1576 sequebantur,
1335 1507 1392 1559 et
1441 1501 1806 1558 audientium
1859 1499 2002 1555 ﬁde-

347 1595 614 1667 liumque
643 1593 903 1665 quotidie
936 1593 1262 1666 augebatur
1293 1607 1598 1647 numerus.

419 1684 508 1739 37.
568 1683 796 1739 Interea
861 1681 1100 1748 dicitur,
1159 1685 1216 1736 et
1269 1681 1484 1736 dicitur
1539 1695 1692 1746 vere,
1754 1678 1911 1749 quod
1969 1694 2004 1732 a

347 1771 572 1828 Christo
604 1772 893 1844 acceperit
921 1772 1139 1843 Martyr
1168 1787 1286 1826 suaa
1319 1769 1390 1824 ad
1421 1784 1557 1825 eum
1594 1766 2002 1822 dissolutionis

346 1860 603 1934 signum.
636 1861 872 1933 Accepit
900 1865 1097 1916 autem
1132 1859 1242 1914 hoc
1273 1859 1464 1914 modo.
1499 1856 1785 1929 Apparuit
1813 1856 1865 1911 ei
1900 1873 2003 1928 per

346 1968 623 2008 somnum
676 1951 967 2020 Christus,
1017 1949 1320 2020 multaque
1372 1949 1422 2003 ei
1474 1947 1616 2002 dixit
1663 1963 1730 2002 ex
1782 1945 1999 2016 quibus

345 2055 558 2110 magno
591 2039 804 2111 gaudio
857 2038 1190 2108 ﬁduciaque
1219 2037 1476 2109 repletus
1513 2037 1592 2091 sit
1623 2053 1634 2090 :
1671 2035 1999 2107 proximam

341 2133 540 2184 autem
590 2127 1003 2200 migrationem
1051 2127 1312 2181 indicare
1340 2125 1542 2180 volens
1579 2123 1810 2180 coronis
1859 2125 1996 2196 qui-

344 2217 598 2272 busdam
631 2215 1150 2288 splendidissimis,
1176 2213 1697 2284 incomparabilem
1728 2213 1994 2269 decorem

341 2305 717 2375 habentibus,
751 2305 978 2361 ornavit
1025 2309 1199 2376 caput
1235 2304 1523 2376 Martyris,
1555 2303 1712 2374 quod
1759 2307 1884 2358 erat
1913 2303 1997 2359 si-

343 2411 528 2468 gnum
559 2395 686 2465 ejus
718 2411 897 2467 quam
927 2395 1085 2466 apud
1116 2393 1313 2467 ipsum
1345 2397 1694 2465 accepturus
1723 2397 1848 2448 erat
1879 2392 1996 2448 cla-

343 2484 574 2554 ritatis;
604 2484 879 2556 promisit
910 2488 1103 2540 autem
1137 2499 1273 2538 eum
1304 2483 1597 2538 victurum
1633 2486 1689 2538 et
1717 2487 1996 2555 regnatu-

342 2589 476 2628 rum
508 2589 707 2628 secum
741 2573 1019 2644 quoniam
1051 2571 1143 2627 sui
1173 2588 1351 2626 causa
1379 2569 1769 2626 mortiﬁcatus
1809 2571 1998 2626 fuerat

341 2667 464 2718 tota
507 2662 620 2729 die,
675 2663 863 2717 factus
905 2660 1067 2717 velut
1111 2677 1301 2733 agnus
1360 2659 1692 2716 occisionis.
1740 2660 1833 2715 Sic
1883 2660 1997 2717 ista

343 2755 678 2808 narrantur.
705 2750 1104 2808 Diocletianus
1135 2755 1331 2806 autem
1356 2748 1990 2821 audiens,contrarium

340 2857 583 2912 prorsus
629 2857 808 2912 quam
857 2840 968 2896 sibi
1017 2838 1386 2912 promiserat,
1438 2838 1657 2894 exitum
1715 2838 1994 2896 habuisse

341 2946 518 2984 suum
548 2929 702 2985 circa
729 2930 1041 3000 Martyrem
1071 2927 1569 2995 consilium,haud
1603 2927 1702 2983 diu
1735 2929 1994 2999 perstitit

338 3019 399 3074 in
431 3019 723 3074 sententia
770 3018 967 3089 ipsum
1020 3018 1312 3089 captivum
1352 3017 1651 3072 detinendi
1687 3033 1700 3071 :
1736 3018 1834 3073 sed
1887 3035 1992 3090 pro

338 3107 623 3163 tribunali
655 3107 886 3177 sedens,
920 3107 1216 3162 assidente
1248 3123 1461 3178 magno
1491 3124 1735 3162 numero
1767 3113 1992 3164 senato-

339 3212 494 3268 rum,
522 3199 578 3251 et
609 3195 793 3251 multo
824 3194 1038 3268 populo
1061 3194 1504 3261 circumstante,
1529 3195 1728 3251 induci
1759 3211 1893 3252 cum
1918 3198 1990 3253 ad

339 3300 403 3340 se
423 3285 626 3354 jussit.

409 3374 497 3428 38.
535 3373 794 3428 Rursum
842 3373 1022 3445 igitur
1064 3373 1363 3429 simulatio
1416 3373 1760 3445 assumitur,
1793 3391 1989 3448 perso-

340 3477 534 3534 naque
555 3461 878 3517 clementia:
901 3468 958 3516 ct
985 3462 1456 3518 mansuetudinis
1480 3479 1492 3518 :
1523 3481 1760 3520 rursum
1789 3465 1993 3522 dolosa

341 3567 518 3607 scena
568 3556 626 3606 et
670 3551 955 3606 comcedia
1005 3551 1339 3619 instruitur,
1390 3569 1577 3623 neque
1625 3554 1780 3610 enim
1829 3555 1990 3612 aliud

339 3655 508 3712 agere
539 3643 784 3712 poterat,
818 3639 1092 3712 repulsus
1122 3640 1180 3695 in
1227 3641 1525 3712 omnibus,
1557 3647 1613 3698 et
1643 3643 1842 3700 omnia
1869 3649 1988 3700 tor-

339 3733 672 3785 mentorum
719 3745 935 3801 genera
982 3730 1201 3784 frustra
1256 3735 1550 3802 expertus,
1600 3737 1888 3804 tanquam
1939 3735 1988 3790 si

339 3835 474 3874 cum
505 3819 930 3874 immortalium
959 3817 1158 3891 aliquo
1191 3835 1312 3874 rem
1349 3819 1672 3876 habuisset.
1707 3823 1989 3879 Instruxit

337 3912 534 3964 autem
584 3907 826 3965 ridicule
874 3925 1133 3979 scenam,
1175 3909 1345 3979 quasi
1390 3911 1655 3966 crederet
1707 3929 1810 3983 per
1857 3930 1984 3970 eam

336 3998 536 4052 omnia
579 3997 941 4054 conﬁcienda
972 4013 986 4052 :
1021 3998 1113 4053 cui
1158 3998 1337 4067 enim,
1368 4002 1650 4072 tanquam
1701 4018 1833 4056 cum
1865 4003 1987 4060 viro

335 4103 686 4159 congressus
717 4103 852 4142 cum
883 4087 1044 4142 omni
1075 4104 1183 4143 sua
1208 4088 1795 4159 potentia,victoriam
1826 4092 1896 4147 de
1927 4109 1988 4148 se

331 4175 670 4249 reliquerat,
697 4176 856 4242 huic,
888 4181 1172 4248 tanquam
1217 4194 1348 4232 cum
1375 4178 1690 4248 juvenculo
1723 4185 1982 4249 acturus,

331 4281 466 4321 cum
512 4265 814 4321 blanditiis
861 4266 1342 4338 appropinquans
1391 4267 1560 4339 (vide,
1596 4269 1855 4341 obsecro,
1889 4289 1985 4328 ne-

329 4355 579 4426 quitiam
602 4354 1051 4425 hominis')quali
1075 4359 1414 4427 quantoque
1431 4357 1678 4413 artiﬁcio
1700 4376 1844 4416 usus
1867 4378 1982 4417 non

327 4447 462 4499 est?
494 4443 756 4498 Primum
789 4443 970 4514 igitur
998 4442 1204 4499 laudes
1235 4445 1383 4514 ejus,
1408 4446 1682 4516 qualibus
1709 4447 1981 4506 humanae

327 4537 554 4589 mentes
602 4534 853 4588 maxime
883 4532 1216 4604 capiuntur,
1275 4534 1476 4589 efferre
1525 4536 1717 4607 cmpit,
1749 4541 1808 4593 et
1846 4539 1980 4610 quis

2121 601 2418 677 εἷδώλων)·
2482 602 2572 659 διὰ
2615 603 2777 660 τοῦτό
2807 625 2868 680 γε
2900 602 3078 675 δήπου
3137 603 3228 658 καὶ
3292 602 3458 677 μέσην
3522 601 3770 680 βαδίσας,

2119 690 2480 768 δεσμωτηρίῳ
2530 693 2916 770 καθείργνυσι’
2966 693 3033 748 τά
3083 713 3142 749 τε
3210 692 3458 768 θαύματα
3524 691 3771 770 ἐπισχεῖν

2118 781 2177 836 ἐκ
2256 782 2452 838 τούτου
2558 780 2976 856 διανοούμενος,
3068 779 3302 856 μηδενὸς
3406 785 3774 858 θαρσήσοντος

2116 871 2391 948 προσιέναι
2453 869 2725 945 δεσμώτῃ,
2761 871 2850 926 καὶ
2906 873 3002 925 τοῦ
3056 869 3395 944 μετακλίνειν
3456 873 3523 926 τά
3579 872 3767 944 πλήθη

2115 961 2250 1036 πρὸς
2312 956 2578 1016 εὐσέϐειαν
2630 962 2958 1016 ἀποπαῦσαι.
2991 959 3090 1015 Καὶ
3137 961 3199 1016 τὸ
3253 961 3346 1034 μὲν
3399 959 3592 1036 ἴσχυσε
3640 958 3768 1038 δρᾶ-

2114 1071 2199 1104 σαι
2235 1049 2538 1124 (παρέδωκε
2565 1051 2664 1126 γὰρ
2716 1047 3130 1125 δεσμωτηρίῳ)⁶
3185 1049 3248 1105 οὗ
3299 1047 3356 1104 δὲ
3407 1049 3568 1127 χάριν
3626 1052 3774 1106 τοῦτ⁹

2116 1136 2324 1215 ἔδρασε,
2354 1139 2566 1194 τελέσαι
2599 1139 2698 1194 οὐκ
2743 1137 2971 1214 ἴσχυσε·
3033 1139 3122 1193 καὶ
3171 1140 3272 1215 γὰρ
3322 1137 3412 1194 ὅτε
3461 1138 3628 1216 λόγος
3673 1145 3770 1196 τοῦ

2114 1233 2269 1293 θεοῦ,
2304 1228 2378 1291 ὥς
2435 1251 2565 1307 φησι
2627 1225 2866 1300 Παῦλος,
2923 1229 3024 1283 οὐκ
3081 1225 3315 1297 ἐδέδετο,
3373 1228 3453 1284 ἔτι
3512 1227 3568 1284 δὲ
3624 1229 3770 1285 πολὺ

2117 1315 2329 1390 μᾶλλον
2377 1317 2676 1395 ἐλευθέρως
2725 1317 2849 1372 τότε
2904 1317 2970 1372 τά
3027 1338 3084 1374 τε
3145 1319 3393 1392 θαύματα
3450 1316 3766 1393 ἠκολούθει,

2111 1406 2340 1462 πολλῶν
2381 1408 2660 1483 προσιέναι
2707 1406 3069 1481 τολμώντων,
3099 1407 3191 1463 καὶ
3236 1411 3345 1462 τῶν
3406 1412 3611 1463 πιστῶν
3669 1429 3764 1464 κα-

2113 1498 2373 1567 θεκάστην
2410 1497 2657 1573 ὑπῆρχεν
2688 1493 2949 1558 ἐπίδοσις,

2187 1675 2287 1746 λζ’.
2338 1677 2502 1730 Ἔνθα
2553 1673 2620 1745 δὴ
2672 1675 2905 1752 λέγεται,
2957 1675 3178 1748 ἀληθῶς
3231 1673 3289 1731 δὲ
3339 1675 3572 1754 λέγεται,
3620 1677 3768 1752 παρὰ

2109 1769 2343 1838 Χριστοῦ
2380 1765 2471 1820 τὸν
2524 1764 2781 1840 Μάρτυρα
2826 1766 2889 1821 τὸ
2938 1764 3189 1840 σύνθημα
3237 1760 3424 1820 λαϐεῖν
3474 1772 3576 1836 τῆς
3627 1767 3766 1841 πρὸς

2111 1854 2270 1908 αὐτὸν
2347 1853 2695 1916 ιῑιναλύσεως⁹
2775 1849 2960 1910 λαϐεῖν
3042 1851 3100 1909 δὲ
3175 1852 3304 1922 ὧδε,
3383 1853 3542 1910 αὐτὸν
3619 1855 3768 1928 αύτῷ

2110 1944 2336 2020 Χριστὸν
2377 1945 2493 1998 καθ’
2537 1943 2736 2005 ὕπνους
2784 1943 3194 2022 ἐμφανισθῆναι,
3225 1943 3413 2000 πολλά
3457 1964 3516 1999 τε
3569 1944 3763 2015 εἰπεῖν,

2111 2033 2162 2104 ἐξ
2231 2035 2304 2087 ὦν
2383 2039 2556 2108 χαρᾶς
2635 2039 2735 2102 τῆς
2813 2033 3073 2108 μεγίστης
3145 2032 3234 2087 καὶ
3311 2034 3538 2108 θάρσους
3614 2033 3761 2104 πλη-

2111 2127 2304 2199 ρῶσαι,
2375 2124 2465 2177 καὶ
2549 2120 2614 2192 δὴ
2691 2121 2780 2177 καὶ
2854 2123 2954 2191 τήν
3039 2120 3305 2196 ἐκδημίαν
3391 2125 3760 2196 σημήνασθαι,

2108 2212 2390 2290 στεφάνοις
2427 2234 2487 2267 τε
2534 2211 2718 2275 αὐτοῖς
2768 2210 3180 2288 λαμπροτάτοις
3234 2212 3518 2288 ἀμήχανον
3572 2210 3761 2288 ἔχουσι

2105 2303 2167 2356 τὸ
2226 2299 2435 2364 κάλλος
2505 2303 2604 2371 τὴν
2680 2302 3013 2378 μαρτυρικήν
3089 2299 3330 2380 κεφαλήν
3409 2301 3760 2376 καταστέψαι,

2108 2386 2391 2464 σύμϐολον
2423 2395 2584 2446 τοῦτο
2630 2397 2729 2460 τῆς
2785 2391 2919 2464 μετὰ
2962 2395 3130 2446 ταῦτα
3179 2387 3564 2464 διαδεξομένης
3615 2390 3759 2464 λαμ-

2105 2479 2417 2556 πρότητος’
2479 2479 2569 2534 καὶ
2633 2479 2814 2553 μέντοι
2876 2482 3124 2550 συζήσειν
3204 2479 3350 2552 αύτῷ
3402 2480 3493 2535 καὶ
3549 2475 3760 2554 συμϐα-

2106 2569 2369 2625 σιλεύσειν
2435 2568 2880 2645 ἐπαγγείλασθαι,
2941 2566 3128 2638 ἐπειδὴ
3176 2569 3266 2625 καὶ
3351 2569 3514 2625 αὐτοῦ
3581 2567 3756 2626 ἕνεκεν

2104 2657 2424 2723 ἐθανατοῦτο
2484 2656 2621 2727 ὅλην
2698 2659 2797 2728 την
2880 2657 3114 2734 ἡμέραν,
3173 2657 3264 2712 καί
3335 2658 3410 2721 ὡς
3481 2655 3755 2736 πρόϐατον

2105 2755 2317 2826 σφαγῆς
2379 2746 2678 2824 ἐλογίζετο.
2741 2746 2895 2802 Οὕτω
2971 2752 3139 2802 ταῦτα
3207 2747 3454 2824 λέγεται·
3517 2749 3754 2820 Διοκλη-

2099 2839 2284 2900 τιανὸς
2333 2835 2391 2892 δὲ
2507 2833 2839 2912 βεϐούληται
2891 2837 3015 2914 περὶ
3070 2837 3160 2892 τὸν
3213 2839 3492 2914 Μάρτυρα,
3535 2837 3755 2894 τούναν-

2099 2929 2216 2983 τίον
2276 2921 2590 3003 προϐαίνειν
2656 2925 2905 2999 ἀκούσας,
2966 2926 3066 2982 οὐκ
3141 2925 3228 2982 ἐπὶ
3303 2927 3449 2983 πολὺ
3525 2932 3594 3003 τῇ
3660 2933 3759 2984 τοῦ

2103 3015 2389 3090 δεσμώτην
2433 3015 2591 3070 αὐτὸν
2638 3010 2784 3091 ἔχειν
2842 3015 3078 3090 ἐνέμεινε
3126 3017 3348 3093 γνώμῃ·
3407 3014 3556 3072 ἀλλά
3609 3039 3758 3080 τινος

2103 3106 2190 3162 ἐπὶ
2252 3107 2499 3181 βήματος
2558 3105 2797 3178 καθίσας,
2860 3103 3032 3161 ἄλλον
3089 3127 3149 3161 τε
3205 3103 3382 3179 δῆμον
3444 3105 3759 3182 συγκλήτου

2105 3195 2312 3272 βουλῆς
2343 3195 2586 3263 καθίσας,
2620 3193 2788 3250 ἄλλον
2835 3216 2896 3250 τε
2949 3193 3127 3269 δῆμον
3181 3195 3356 3268 ἑαυτῷ
3402 3198 3756 3273 περιστήσας,

2021 3270 2064 3336 C
2102 3270 2430 3341 εἷσκαλεῖται
2462 3284 2600 3360 πρὸς
2632 3283 2836 3341 ἑαυτόν.

2174 3374 2282 3446 λη’.
2333 3375 2433 3429 Καὶ
2495 3372 2660 3428 πάλιν
2731 3373 3011 3449 ὑπόκρισις
3079 3373 3324 3446 ἐνταῦθα,
3393 3373 3483 3428 καὶ
3545 3375 3755 3452 ἡμερό-

2098 3487 2263 3536 τητος
2321 3463 2410 3518 καὶ
2469 3463 2760 3525 ἐπιεικείας
2827 3461 3213 3540 προσποίησις,
3255 3462 3345 3518 καὶ
3403 3460 3568 3517 πάλιν
3627 3461 3753 3518 δου-

2104 3554 2394 3630 λοπρεπῶς
2447 3551 2534 3608 ἐπὶ
2575 3553 2644 3608 τὰ
2691 3550 2940 3628 δράματα
2989 3546 3316 3625 μεταϐαίνει,
3349 3550 3438 3605 καὶ
3481 3551 3580 3620 τήν
3624 3573 3755 3624 σκη-

2101 3647 2198 3714 νήν
2257 3643 2342 3718 (οὐ
2417 3643 2519 3718 γὰρ
2597 3642 2741 3718 εἶχεν
2799 3640 3010 3716 ἄλλως)
3066 3648 3518 3719 προσενεχθῆναι,
3579 3642 3756 3697 πάντα

2100 3738 2383 3810 τιμωριῶν
2457 3730 2804 3802 διεληλυθὼς
2862 3729 3004 3804 εἷ’δη,
3052 3731 3141 3787 καὶ
3203 3729 3292 3786 διὰ
3341 3733 3558 3786 πάντων
3614 3731 3751 3786 ἀπο-

2101 3822 2403 3900 κρουσθεὶς,
2492 3820 2671 3898 ὥσπερ
2755 3821 3004 3894 ἀθανάτῳ
3095 3820 3201 3876 τινὶ
3286 3819 3754 3899 προσφερόμενος,

2107 3907 2414 3987 μεταϐαίνει
2497 3912 2680 3985 μέντοι
2756 3910 3012 3988 γελοίως,
3072 3908 3220 3986 εἷ’περ
3276 3909 3444 3980 ταύτη
3504 3933 3588 3966 τοι
3645 3914 3752 3966 τῶν

2103 4002 2351 4058 ἁπάντων
2411 4001 2654 4057 ἀνύσσειν
2709 3997 2880 4073 ᾤετο·
2941 4002 2987 4073 ᾦ
3045 4002 3149 4078 γὰρ
3219 4001 3294 4063 ὡς
3373 3999 3510 4076 πρὸς
3588 3997 3757 4076 ἄνδρα

2101 4093 2237 4166 μετὰ
2284 4093 2462 4163 πάσης
2515 4091 2757 4168 προσιὼν
2802 4097 2904 4161 τῆς
2967 4090 3160 4166 ἰσχύος
3212 4095 3470 4145 τοσοῦτον
3527 4092 3752 4163 ἡττᾶτο,

2096 4187 2214 4244 πῶς
2283 4183 2386 4256 ἄρα
2452 4180 2539 4235 οἶά
2602 4201 2707 4234 τινι
2782 4179 3050 4254 μειρακίῳ
3114 4179 3376 4253 μαλακῶς
3442 4177 3753 4254 προσερχό-

2100 4291 2280 4344 μενος,
2333 4269 2475 4325 ὲλεῖν
2545 4290 2679 4323 ποτε
2726 4268 2910 4344 εἷχεν;
2959 4270 3150 4341 Ὅμως
3202 4272 3456 4322 σκοπεῖτε
3501 4268 3600 4336 τήν
3654 4287 3759 4321 πο-

2097 4359 2310 4435 νηρίαν,
2347 4361 2459 4432 μεθ’
2509 4357 2639 4429 ὅσης
2683 4357 2773 4412 καὶ
2835 4353 2957 4419 οθίας
3010 4359 3110 4425 τῆς
3166 4357 3370 4431 τέχνης
3426 4354 3752 4432 εἰσέρχεται.

2098 4453 2323 4523 Πρῶτον
2383 4448 2476 4520 μὲν
2552 4446 2804 4507 ἐπαίνους
2859 4443 3147 4520 κατέλεγεν
3211 4443 3442 4517 ἐκείνου,
3503 4446 3588 4506 οἷς
3650 4442 3754 4518 μά-

2095 4533 2256 4591 λιστα
2311 4535 2608 4610 ἀνθρώπων
2669 4533 2990 4611 θηρεύονται
3047 4537 3305 4609 γνῶμαι·
3355 4532 3438 4596 τίς
3496 4533 3556 4588 ἂν
3613 4529 3722 4603 διεξ

326 4621 536 4678 dixerit
565 4625 817 4693 quantas
841 4626 863 4676 P
893 4621 1264 4677 Nobilitatem
1295 4623 1628 4696 extollebat,
1653 4626 1982 4683 admiraba-

2104 4626 2177 4699 ᾖει
2228 4625 2422 4694 ὅσους;
2473 4624 2759 4700 Εὐγένειαν
2815 4622 3023 4697 ἐπῄνει,
3079 4623 3333 4695 σώματος
3384 4620 3606 4702 εὐφυίαν
3657 4621 3749 4677 καὶ

325 4715 424 4765 tur
453 4711 716 4782 corporis
747 4711 1012 4766 decorem
1046 4715 1105 4766 et
1134 4711 1635 4782 pulchritudinem
1667 4731 1802 4770 cum
1826 4715 1983 4772 forti-

324 4800 530 4855 tudine
561 4806 736 4871 atque
784 4800 967 4856 animi
999 4801 1383 4870 generositate
1423 4804 1820 4874 conjunctam,
1852 4811 1979 4862 tum

324 4890 545 4961 ingenii
597 4906 841 4945 acumen
886 4907 952 4945 ac
995 4891 1317 4962 prudentiae
1367 4892 1724 4948 ﬁrmitatem.
1778 4895 1979 4967 Neque

325 4979 504 5049 enim,
539 4979 863 5049 inquiebat,
893 4977 985 5034 vel
1038 4980 1098 5034 in
1147 4984 1405 5035 extrema
1455 4986 1751 5038 senectute
1799 4983 1974 5038 talem

323 5067 492 5122 facile
539 5068 796 5123 inveniet
822 5068 1057 5139 aliquis,
1091 5070 1310 5124 nedum
1341 5069 1401 5124 in
1434 5087 1674 5142 corpore
1723 5077 1844 5128 tam
1876 5073 1974 5128 de-

321 5155 493 5210 licato
525 5160 581 5210 et
626 5160 790 5210 aetate
820 5161 941 5211 tam
990 5161 1207 5212 tenera.
1240 5157 1458 5213 Deinde
1511 5159 1622 5214 sibi
1674 5160 1785 5231 ipsi
1837 5177 1975 5216 con-

317 5244 822 5315 viciabatur,quod
857 5261 971 5299 non
1003 5245 1332 5316 puduisset,
1369 5263 1471 5302 nec
1503 5249 1782 5304 misertus
1815 5248 1974 5304 illius

319 5338 495 5399 esset,
529 5349 633 5388 nec
682 5337 987 5388 mansuete
1037 5334 1490 5407 humaniterque
1521 5335 1619 5392 illo
1671 5354 1838 5403 usus,
1872 5338 1972 5393 sed

318 5421 505 5476 instar
537 5423 666 5477 ferae
713 5422 912 5477 bestiae
941 5422 1254 5478 crudeliter
1302 5424 1784 5497 immaniterque.
1837 5426 1974 5483 Post

317 5510 441 5565 haec
467 5510 854 5582 supplicabat,
888 5515 946 5565 et
976 5512 1196 5582 ignosci
1227 5511 1337 5568 sibi
1381 5515 1576 5570 omnia
1611 5514 1968 5586 postulabat,

318 5604 600 5670 tanquam
631 5599 823 5654 ﬁlium
867 5604 1050 5671 pater.
1085 5602 1234 5668 Quid
1267 5601 1446 5672 enim,
1476 5603 1798 5675 inquiebat,
1832 5607 1968 5661 atti-

322 5690 419 5746 net
448 5704 540 5745 me
587 5687 778 5745 dicere
827 5705 1006 5765 quam
1054 5690 1243 5748 multa
1289 5691 1404 5749 alia
1448 5692 1558 5750 tibi
1610 5693 1731 5750 sint
1757 5709 1827 5750 ex
1875 5712 1968 5754 me

2091 4713 2321 4787 κάλλος,
2358 4714 2551 4791 ῥώμην
2609 4713 2700 4768 καὶ
2749 4711 2995 4790 ἀνδρείαν
3059 4709 3346 4785 ἐθαύμαζε,
3397 4713 3488 4768 καὶ
3541 4712 3750 4767 σύνεσιν

2091 4804 2229 4878 πρὸς
2259 4803 2495 4875 τούτοις,
2531 4803 2622 4858 καὶ
2671 4804 3024 4880 φρονήματος
3074 4802 3474 4876 σταθηρότητα.
3509 4799 3636 4856 Οὐδ’
3667 4797 3750 4873 ἂν,

2090 4893 2222 4972 φησί
2278 4915 2385 4961 τις,
2433 4891 2523 4947 καί
2582 4891 2632 4946 ἐν
2696 4891 2900 4968 ἐσχάτῃ
2955 4891 3128 4963 πολίᾷ
3172 4891 3435 4962 τοιαύτην
3500 4890 3746 4968 εὐρήσοι,

2091 4986 2255 5056 μήτοι
2307 4985 2359 5057 γ’
2412 4983 2463 5037 ἐν
2521 4981 2694 5044 οὕτως
2755 4980 2952 5054 ἁπαλῷ
2998 4986 3076 5054 τῷ
3133 4981 3368 5055 σώματι,
3402 4979 3492 5036 καὶ
3541 4979 3632 5050 νέᾳ
3679 4981 3748 5052 τῇ

2085 5071 2299 5144 ἡλικίᾳ.
2334 5073 2588 5149 Δεύτερον
2641 5072 2833 5126 ἑαυτοῦ
2880 5071 3052 5146 ψόγον
3124 5070 3382 5141 ἐποιεῖτο,
3433 5070 3507 5142 μή
3579 5064 3747 5145 φειδὼ

2087 5157 2371 5224 λαϐόντος.
2435 5163 2509 5235 μή
2569 5161 3028 5234 οἷκτειρήσαντος,
3094 5161 3170 5234 μὴ
3219 5157 3442 5234 ἡμέρως
3500 5155 3537 5224 ἢ
3597 5153 3747 5217 ὅλως

2083 5250 2436 5325 ἀνσρωπίνως
2493 5249 2849 5327 χρησαμένου
2917 5249 3085 5322 αὐτῷ,
3143 5247 3286 5304 ἀλλά
3337 5265 3488 5306 τινος
3550 5243 3747 5319 θηρίου

2081 5340 2282 5416 τρόπον
2339 5340 2627 5416 αὐστηρῶς
2703 5341 2793 5395 καὶ
2852 5340 3079 5416 ἀγρίως.
3146 5338 3266 5394 Ἐπὶ
3318 5335 3538 5397 τούτοις
3593 5335 3748 5405 ἡντι-

2083 5423 2262 5498 ϐόλει,
2309 5428 2399 5482 καὶ
2448 5429 2780 5505 συγγνώμην
2840 5427 3055 5482 πάντων
3107 5423 3248 5501 ᾔτει,
3299 5426 3373 5488 ὡς
3424 5419 3595 5480 παῖδα
3641 5445 3748 5479 πα-

2078 5521 2204 5595 τήρ.
2259 5517 2357 5572 Καί
2399 5539 2459 5594 γε
2506 5519 2582 5580 ὡς
2640 5521 2803 5592 ἡμεῖς
2866 5516 3119 5594 ἐγνωκὼς
3179 5517 3338 5589 εἶναι,
3371 5515 3424 5571 τί
3483 5516 3597 5591 χρὴ
3657 5516 3749 5570 καὶ

2081 5605 2257 5684 λέγειν
2290 5606 2389 5661 ὅσα
2421 5628 2507 5662 σοι
2559 5605 2706 5663 ἄλλα
2753 5607 3081 5682 προσέσται;
3115 5603 3244 5660 ἀλλ’
3293 5604 3345 5660 ἐν
3403 5605 3523 5658 υἱοῦ
3580 5601 3751 5678 μοίρᾳ

2077 5700 2157 5772 τῷ
2210 5694 2430 5778 βασιλεῖ
2476 5694 2618 5772 τῷδε
2668 5698 2890 5778 γενήσῃ,
2935 5694 3026 5752 καὶ
3073 5696 3242 5770 τιμῆς
3288 5691 3582 5750 ἀπολαύων
3645 5693 3747 5766 τῆς
