4108 6436
267 452 378 516 337

1521 454 1928 519 LAUDATIO
1975 457 2044 519 S.
2089 455 2434 520 GEORGII.

3567 451 3688 515 338

272 587 379 663 μεθ’
435 588 590 662 ἡμᾶς
649 580 829 641 οὐδενὶ
905 582 1052 655 πλὴν
1109 587 1272 660 ἡμῶν
1346 585 1692 662 καταλείψεις
1763 589 1909 664 ὑπερ-

2041 595 2243 663 parata
2275 591 2302 646 ‘2
2334 592 2460 648 Non
2493 595 2615 648 tam
2671 608 2849 664 quam
2902 589 3271 647 familiariter
3312 594 3486 646 notus
3516 588 3689 646 habe-

270 673 458 748 ϐολήν·
507 676 574 732 τὸ
623 673 682 731 δὲ
727 673 990 731 τοσούτου
1036 681 1246 752 τυχεῖν,
1297 674 1446 740 οἶδας
1493 677 1583 733 καὶ
1638 678 1817 750 αὐτὸς,
1851 678 1925 740 ὡς

272 763 523 840 εὔδαιμον
585 765 716 841 παρ³
744 765 1058 841 ἀνθρώποις
1113 765 1204 820 καὶ
1267 767 1528 843 μακάριον
1581 767 1711 823 εἶναι
1766 767 1926 842 νομί-

273 861 428 928 ζεται.

340 1034 419 1092 λθ⁷
454 1035 609 1091 Ταῦτ’
660 1033 934 1110 ἕλεγε,καὶ
983 1038 1151 1091 ταῦτα
1190 1033 1417 1111 παγίδες
1473 1037 1631 1110 ἦσαν,
1683 1037 1802 1100 καθ’
1861 1034 1922 1092 οὗ

285 1126 373 1199 μὲν
405 1124 731 1196 ἐπινενόηται
781 1121 1065 1198 οὐδαμῶς,
1119 1127 1234 1179 κατ’
1267 1124 1432 1180 αὐτοῦ
1485 1123 1543 1180 δὲ
1592 1126 1650 1188 ὃς
1694 1125 1920 1196 ἐπενόη-

286 1233 380 1270 σεν·
439 1213 708 1271 ἁλίσκεται
768 1214 873 1290 γὰρ
932 1213 984 1270 έν
1046 1212 1285 1286 τούτοις,
1346 1215 1422 1277 ὡς
1471 1215 1522 1270 ἐν
1585 1212 1743 1278 ἰδίοις
1793 1236 1918 1270 πτε-

284 1309 432 1382 ροῖς,
491 1302 564 1367 ὥς
626 1325 788 1383 φησιν
848 1307 884 1374 ἡ
944 1304 1261 1380 παροιμία·
1321 1305 1412 1359 καὶ
1470 1305 1633 1383 σοφὸς
1693 1302 1764 1358 ὢν
1824 1310 1920 1359 τοῦ

280 1396 648 1470 κακουργῆσαι,
693 1392 1114 1472 ἀντισοφίζεται·
1169 1393 1258 1448 καὶ
1309 1392 1339 1448 ὅ
1387 1416 1548 1472 φησιν
1602 1396 1630 1449 6
1671 1393 1921 1467 Ψαλμῳ-

275 1481 374 1555 δὸς,
407 1482 603 1546 ἐντοῖς
649 1481 828 1560 ἔργοις
871 1487 981 1538 τῶν
1030 1488 1232 1559 χειρῶν
1282 1483 1445 1539 αὐτοῦ
1491 1488 1766 1558 (τοσοῦτον
1816 1484 1916 1560 γὰρ

273 1575 687 1650 μεθαρμοστέον,
737 1577 844 1628 τῶν
897 1571 954 1628 δὲ
1014 1573 1427 1649 βουλευμάτων)
1478 1572 1805 1648 ἁμαρτωλὸς
1845 1572 1916 1628 ὢν

266 1657 717 1737 συλλαμϐάνεται.
777 1666 903 1725 ΙΙῶς
963 1660 1020 1718 δὲ
1073 1667 1234 1718 τοῦτο
1277 1664 1577 1738 ;’Δρπάζει
1637 1662 1764 1726 τοὺς
1823 1661 1917 1717 λό-

263 1773 382 1828 γους
443 1752 473 1806 6
525 1751 762 1827 Μάρτυς,
819 1751 907 1807 καί
963 1773 1084 1808 τινα
1136 1753 1447 1828 καινοτέραν
1503 1751 1740 1817 ἐντεῦθεν
1792 1751 1916 1807 ὁδὸν

262 1841 390 1897 κατὰ
447 1838 723 1915 δαιμόνων
787 1841 1088 1915 μελετήσας
1140 1849 1432 1918 τραπῆναι,
1479 1841 1570 1896 καὶ
1605 1841 1916 1898 τελευταῖον

261 1927 320 1999 δὴ
374 1935 542 1986 τοῦτο
609 1930 1055 2008 περισανέστατον
1132 1931 1392 2007 τρόπαιον
1470 1937 1684 2003 στῆσαι,
1743 1953 1911 2009 προσ-
1943 1967 1991 2034 Β

257 2025 488 2075 ποιεῖται
535 2025 654 2083 τοῖς
706 2019 1027 2097 λεγομένοις
1076 2025 1406 2096 προσσχεῖν,
1449 2026 1622 2076 πᾶσαν
1669 2020 1907 2077 ἔνστασιν

256 2109 610 2184 ἀποθέμενος·
657 2110 748 2165 καὶ
788 2114 1070 2180 τοσοῦτον,
1121 2110 1197 2172 ὡς
1241 2111 1330 2165 καὶ
1391 2109 1680 2186 βούλεσθαι
1735 2132 1908 2187 παρα-

255 2206 448 2275 χρῆμα
487 2203 646 2274 κοινῇ
710 2205 824 2272 μετ’
871 2198 1034 2254 αὐτοῦ
1082 2197 1318 2275 βαδίζειν
1365 2199 1442 2262 εἷς
1491 2200 1628 2277 ἱερὰ,
1679 2200 1770 2255 καὶ
1807 2203 1907 2270 τὴν

252 2288 380 2366 πρὸς
440 2288 598 2352 θεοὺς
668 2285 1007 2344 ἐπισπεύδειν
1085 2288 1330 2366 πορείαν.
1407 2290 1507 2344 Καὶ
1580 2295 1742 2346 τοῦτο
1815 2291 1906 2364 μὲν

253 2375 372 2441 ἴσως
409 2376 531 2454 ἔχει
581 2379 708 2434 τινὰ
748 2375 912 2434 δόλον
963 2377 1053 2433 καὶ
1104 2380 1380 2456 μηχανὴν,
1435 2379 1560 2435 ἀλλ’
1610 2379 1708 2436 οὐκ
1754 2379 1907 2436 ἀπεί-

251 2486 406 2540 ρηται
474 2467 611 2542 μετὰ
647 2461 916 2543 στρεϐλοῦ
974 2464 1307 2545 διαστρέφειν
1343 2513 1358 2539 ,
1416 2464 1540 2522 οὐδὲ
1612 2468 1749 2543 πρὸς
1815 2468 1907 2524 τὸν

248 2555 498 2634 πλαγίως
557 2555 859 2633 ὲρχόμενον
941 2557 1019 2630 μὴ
1093 2555 1346 2632 πλαγίως
1400 2556 1700 2613 άντεπιέναι
1738 2601 1750 2615 .
1809 2558 1910 2612 Καὶ

246 2648 408 2700 ταῦτα
467 2645 595 2721 περὶ
649 2643 913 2700 τοιούτων
972 2644 1062 2701 καὶ
1119 2645 1223 2721 γὰρ
1285 2645 1424 2708 ἅπας
1471 2645 1715 2721 τρόπος,
1775 2646 1908 2724 ὅπερ

246 2729 301 2788 ἄν
355 2755 449 2795 τις
505 2731 696 2789 κακίαν
763 2733 1004 2813 ἐκφύγῃ,
1048 2733 1344 2805 εὐθύτητος
1397 2734 1600 2811 τρόπος
1657 2736 1858 2799 ἐκεῖνος
1894 2780 1908 2807 ,

245 2823 326 2878 καὶ
354 2828 540 2879 πᾶσαν
588 2824 625 2893 ἢ
658 2819 718 2878 civ
767 2845 852 2886 τις
914 2822 1070 2899 μετίῃ
1115 2825 1253 2879 κατά
1311 2821 1582 2898 δαιμόνων
1643 2824 1906 2897 ἐπίνοιαν,

244 2913 442 2984 ἀρετῆς
472 2911 599 2976 ὁδὸς
635 2912 793 2982 αὕτη,
825 2913 1256 2992 ἀναμφηρίστως
1305 2914 1540 2992 φέρουσα
1587 2915 1726 2991 πρὸς
1759 2915 1905 2973 Θεόν,

310 3005 379 3077 μ’.
417 3002 523 3056 Καὶ
553 3001 649 3064 τὰς
704 3002 799 3076 μὲν
852 3001 941 3058 ἐπὶ
983 3001 1163 3076 τούτῳ
1211 3001 1609 3073 Διοκλητιανοῦ
1657 3005 1747 3058 καὶ
1797 3008 1905 3058 τῶν

240 3089 664 3168 εἶδωλολατρῶν
715 3089 938 3164 ἡδονὰς,
996 3091 1086 3147 καὶ
1140 3091 1393 3169 κρότους,
1449 3092 1539 3147 καὶ
1592 3093 1906 3172 εὐφημίας,

239 3181 325 3236 καὶ
402 3179 655 3255 δημόσια
728 3180 1062 3256 κηρύγματα
1096 3226 1110 3252 ,
1166 3182 1371 3244 πάντας
1453 3180 1540 3236 ἐπὶ
1605 3183 1704 3251 τήν
1783 3183 1908 3239 τότε

240 3268 619 3348 συγκαλοῦντα
694 3270 878 3334 θυσίαν
911 3315 925 3341 ,
983 3269 1036 3326 τί
1089 3269 1174 3333 τίς
1229 3271 1287 3325 ἂν
1349 3268 1500 3346 λέγοι
1551 3290 1566 3341 ;
1618 3270 1776 3327 Ἀλλ’
1832 3273 1906 3335 ὡς

237 3359 472 3438 πλήρης
515 3362 582 3429 ἦν
638 3362 674 3430 ἡ
710 3363 1016 3437 πανήγυρις
1072 3360 1161 3416 καὶ
1220 3359 1510 3434 προῦκειτο
1572 3359 1734 3434 θύειν,
1783 3361 1907 3417 τότε

241 3449 480 3526 μάρτυρι
534 3450 729 3512 πάντες
789 3448 1089 3521 ἐνητένιζον
1144 3445 1467 3524 θυσομένιρσ
1524 3448 1747 3514 ἐνταῦθα
1803 3449 1905 3524 δὴν

240 3532 418 3616 ὥσπερ
489 3537 874 3616 ἀναῤῥιφέντος
931 3534 1103 3594 κύϐου
1163 3536 1436 3615 δευτέρου,
1492 3538 1666 3595 πάντα
1722 3539 1798 3603 ὡς
1853 3538 1905 3594 ἐν

238 3626 512 3702 ὀστράκου
561 3631 892 3702 περιτροπῇ,
939 3627 1004 3682 τὸ
1048 3635 1151 3698 τῆς
1195 3627 1519 3704 παροιμίας,
1559 3627 1784 3704 γίνεται·
1818 3629 1907 3682 καὶ

237 3716 612 3773 καταλύονται
692 3715 788 3789 μὲν
866 3715 1191 3795 εὐφροσύναι
1279 3721 1468 3789 πᾶσαι,
1546 3716 1906 3774 καταλύονται

234 3801 288 3859 δὲ
317 3804 534 3883 ἑορταὶ,
567 3804 658 3860 καὶ
704 3803 900 3868 πένθος
942 3807 1042 3875 τήν
1093 3807 1265 3881 χαρὰν
1319 3803 1650 3881 διαδέχεται,
1701 3807 1777 3869 ὡς
1817 3808 1906 3862 καὶ

233 3890 376 3965 δόξαι
436 3894 548 3963 τὴν
602 3893 868 3970 πρότερον
927 3891 1130 3964 ἡδονὴν
1198 3893 1475 3969 ὀνείρατος
1534 3895 1666 3949 εἶναι
1726 3900 1906 3974 σαφῶς

230 3981 454 4056 ἡδονήν.
527 3983 637 4038 Οὐκ
711 3979 868 4060 ἔφερε
937 3986 1038 4053 τὴν
1115 3984 1402 4061 Μάρτυρος
1477 3983 1774 4058 παρουσίαν
1840 3985 1908 4039 τὰ

232 4072 532 4150 ἀγάλματα
567 4119 583 4144 ,
643 4072 749 4149 οὐχ
822 4073 1105 4146 ὑπέμεινεν
1185 4072 1342 4150 ἐγγὺς
1412 4072 1610 4145 ἰόντα,
1667 4073 1730 4128 τὸ
1804 4082 1904 4144 τῆς

233 4168 380 4226 σκιᾶς
455 4161 629 4226 ἔπαθε
703 4162 1026 4239 προσιόντος
1103 4161 1289 4232 ἡλίου.
1361 4163 1597 4238 Ἠρώτα,
1677 4165 1723 4217 εἱ
1793 4163 1906 4218 θεοί

238 4250 335 4306 εἶσι
368 4273 382 4286 ο
447 4251 548 4308 καὶ
605 4252 852 4328 σχήματι
911 4251 1156 4307 ἀνένευον
1211 4252 1301 4307 καὶ
1361 4255 1515 4330 φωνῇ
1549 4296 1564 4323 ,
1619 4250 1702 4308 ὅτι
1736 4299 1750 4324 ,
1797 4252 1908 4308 Οὐκ

235 4338 412 4416 ἐσμὲν,
500 4339 737 4416 ἔλεγον.
796 4340 949 4396 Θύειν
1006 4345 1387 4418 προσεποιεῖτο
1419 4387 1433 4414 ,
1489 4340 1580 4396 καὶ
1638 4340 1738 4396 οὐκ
1792 4339 1903 4396 ἐδέ-

233 4451 426 4508 χοντο,
488 4429 640 4488 ἀλλὰ
686 4432 938 4487 στένοντα
988 4431 1078 4486 καὶ
1127 4431 1393 4508 τρέμοντα
1446 4431 1766 4508 ὑπεχώρουν
1815 4431 1905 4486 καὶ

233 4520 664 4579 ὑπεστέλλοντο.
724 4522 825 4576 Καὶ
881 4525 1051 4576 ταῦτα
1104 4521 1199 4596 μὲν
1245 4522 1370 4598 πρὶν
1415 4521 1452 4591 ἢ
1483 4521 1668 4583 αὐτοῖς
1719 4516 1907 4596 ἐμϐρι-

235 4615 543 4684 μήσασθαι·
588 4610 706 4667 ἐπεὶ
756 4609 814 4667 δὲ
864 4611 955 4666 καὶ
1002 4606 1346 4685 ἐνεϐριμᾶτο,
1395 4610 1494 4666 οὐκ
1540 4609 1618 4666 ἔτι
1670 4610 1903 4665 ὑπόστα-

2037 680 2214 748 beris,
2259 682 2358 738 sed
2394 681 2499 736 ﬁlii
2529 681 2652 738 loco
2685 681 2830 737 mihi
2865 681 2980 736 eris
3013 699 3026 748 ;
3062 683 3118 736 et
3146 680 3398 736 honores
3417 680 3685 752 recipies,
3731 739 3742 747 ,

2038 770 2253 842 quibus
2287 770 2435 826 nulli
2470 775 2864 844 praeterquam
2898 771 3066 827 nobis
3097 769 3340 826 inferior
3367 770 3482 825 eris
3517 787 3530 825 :
3563 770 3686 826 haec

2036 862 2234 915 autem
2265 863 2488 932 quanta
2519 861 2676 932 apud
2707 860 2978 916 homines
3009 876 3139 916 esse
3167 862 3472 931 reputatur
3499 858 3686 915 felici-

2033 952 2145 1015 tas,
2179 949 2312 1021 quis
2341 949 2574 1022 ignorat
2600 949 2628 1004 ‘i’
3619 965 3622 968 ‘

2107 1038 2197 1093 39.
2229 1038 2358 1094 Haec
2391 1040 2566 1096 verba
2593 1039 2778 1107 illius,
2809 1041 2928 1096 imo
2960 1039 3156 1110 laquei
3185 1043 3370 1110 erant,
3405 1055 3520 1095 non
3553 1039 3685 1112 qui-

2033 1126 2166 1184 dem
2199 1127 2250 1183 ei
2281 1132 2485 1184 contra
2515 1146 2689 1200 quem
2720 1129 3128 1198 tendebantur,
3161 1129 3261 1184 sed
3310 1128 3548 1200 ipsimet
3579 1129 3683 1200 qui

2031 1235 2100 1274 ea
2130 1218 2572 1288 excogitaverat.
2605 1220 2821 1291 Captus
2853 1218 3009 1274 enim
3039 1219 3098 1273 in
3130 1217 3248 1274 illis
3277 1221 3366 1273 est
3398 1222 3682 1289 tanquam

2032 1307 2094 1362 in
2128 1307 2381 1379 propriis
2423 1307 2612 1372 retiis,
2646 1313 2712 1362 ut
2744 1307 2920 1363 habet
2952 1307 3234 1379 parocmia
3267 1323 3282 1362 :
3317 1306 3681 1379 callidusque

2031 1397 2102 1452 ad
2133 1397 2466 1452 faciendum
2494 1396 2667 1463 male,
2702 1397 2829 1468 pari
2861 1396 3180 1452 calliditate
3239 1397 3516 1469 deceptus
3547 1397 3677 1464 fuit,

2028 1491 2086 1542 et
2115 1487 2268 1542 sicut
2297 1485 2612 1542 Psalmista
2639 1485 2920 1558 loquitur,
2955 1485 3014 1540 in
3077 1485 3349 1557 operibus
3391 1502 3677 1542 manuum

2029 1593 2272 1632 suarum
2322 1576 2502 1648 (quod
2554 1579 2786 1631 tantum
2835 1575 3008 1641 valet,
3043 1591 3108 1630 ac
3168 1575 3218 1629 si
3262 1575 3585 1631 transferas
3617 1576 3677 1631 in

2028 1665 2288 1722 consiliis
2319 1665 2466 1735 suis)
2497 1664 2956 1737 comprehensus
2988 1669 3077 1719 est
3100 1665 3455 1735 peccator.ld
3479 1669 3676 1721 autem

2027 1756 2321 1826 quomodo
2359 1753 2680 1827 ?Arripuit
2733 1754 2910 1809 verba
2965 1753 3200 1826 tyranni
3255 1753 3560 1825 Georgius,
3620 1759 3679 1810 et

2025 1860 2235 1899 novam
2271 1843 2590 1915 quamdam
2622 1843 2901 1898 adversus
2927 1843 3220 1897 daemones
3248 1843 3550 1914 pugnandi
3581 1860 3673 1898 ra-

2024 1933 2245 1989 tionem
2287 1932 2634 2002 meditatus,
2688 1949 2804 2005 qua
2861 1931 2973 1988 sibi
3029 1931 3352 2003 perfectum
3411 1931 3670 1988 clarissi-

2021 2039 2305 2094 mumque
2333 2024 2405 2078 de
2435 2021 2555 2078 illis
2582 2021 2909 2095 trophaaum
2941 2021 3338 2088 constitueret,
3371 2019 3674 2077 simulavit

2020 2129 2083 2169 se
2114 2112 2488 2184 acquiescere
2516 2111 2711 2183 dictis,
2743 2112 2905 2168 omni
2944 2111 3211 2183 deposita
3259 2111 3476 2166 mentis
3530 2127 3667 2167 con-

2022 2202 2265 2268 stantia,
2298 2217 2485 2272 usque
2517 2202 2658 2257 adeo
2691 2205 2758 2256 ut
2785 2199 2958 2257 vellet
3011 2200 3210 2256 statim
3242 2217 3379 2256 cum
3434 2199 3562 2272 ipso
3595 2201 3670 2256 ad

2022 2292 2266 2349 delubra
2295 2291 2589 2364 progredi,
2624 2296 2680 2347 et
2708 2292 2781 2346 ad
2820 2291 3194 2347 honorandos
3226 2291 3364 2346 deos
3395 2291 3671 2347 festinare

2021 2387 2088 2438 In
2123 2398 2238 2454 quo
2267 2380 2505 2453 quidem
2536 2380 2709 2437 dolus
2741 2380 2956 2452 aliquis
2987 2384 3044 2436 et
3073 2379 3364 2436 calliditas
3394 2380 3508 2436 fuit
3539 2382 3670 2437 :sed

2022 2489 2140 2527 non
2172 2474 2262 2526 est
2317 2469 2576 2526 alienum
2635 2487 2668 2526 a
2698 2471 2922 2525 ratione
2979 2486 3115 2526 cum
3166 2472 3400 2525 versuto
3440 2469 3674 2540 oblique

2021 2575 2213 2634 agere,
2244 2563 2301 2615 et
2331 2559 2530 2615 dolose
2559 2558 2849 2615 incedenti
2879 2559 2940 2614 in
2973 2558 3102 2615 dolo
3125 2575 3360 2630 quoque
3389 2558 3622 2614 obviare
3657 2576 3670 2615 :

2019 2649 2215 2706 omnis
2244 2649 2401 2704 enim
2435 2649 2646 2703 modus
2678 2663 2793 2719 quo
2840 2647 2972 2719 quis
3023 2646 3398 2719 iniquitatem
3447 2647 3668 2720 effugit,

2018 2743 2215 2795 rectus
2245 2737 2471 2793 censeri
2503 2736 2695 2802 debet,
2729 2739 2786 2792 et
2817 2751 3256 2807 quamcumque
3305 2735 3440 2806 quis
3470 2740 3674 2792 contra

2020 2829 2321 2884 dmmones
2351 2826 2550 2882 inierit
2569 2825 2747 2890 viam,
2772 2824 3006 2880 virtutis
3034 2823 3128 2880 via
3183 2828 3293 2890 est,
3334 2825 3557 2896 absque
3589 2826 3674 2880 di-

2017 2916 2297 2973 verticulo
2328 2916 2580 2970 ductura
2610 2915 2680 2969 ad
2711 2913 2918 2970 Deum.

2089 3008 2179 3060 40.
2213 3005 2354 3069 Quis
2386 3007 2586 3076 posset
2643 3002 2929 3074 explicare
2983 3001 3178 3058 verbis
3237 3001 3582 3058 Diocletiani
3613 3008 3672 3058 et

2018 3093 2466 3151 idololatrarum
2507 3109 2684 3164 super
2713 3091 2874 3147 hisce
2901 3090 3184 3159 laetitiam,
3216 3090 3582 3163 plaususque
3612 3097 3672 3148 et

2019 3183 2445 3257 gratulationes
2499 3198 2564 3237 ac
2610 3180 2898 3254 praeconia
2927 3180 3183 3252 publica,
3217 3179 3434 3252 quibus
3465 3197 3670 3237 omnes

2017 3273 2492 3330 convocabantur
2518 3271 2588 3325 ad
2620 3269 2976 3326 sacriﬁcium
3007 3268 3035 3324 ?
3055 3273 3198 3325 Cum
3231 3275 3428 3325 autem
3459 3269 3671 3341 plenus

2020 3366 2178 3418 esset
2207 3364 2550 3428 conventus,
2571 3364 2628 3415 et
2655 3363 2810 3414 esset
2829 3363 3064 3430 tempus
3095 3358 3672 3430 sacriﬁcandi,atque

2019 3467 2226 3507 omnes
2265 3450 2325 3504 in
2371 3449 2684 3521 Martyrem
2734 3446 3204 3503 sacriﬁcaturum
3251 3447 3483 3513 intenti,
3527 3452 3671 3502 tunc

2020 3539 2214 3596 subito
2249 3554 2529 3594 conversa
2559 3541 2650 3593 est
2680 3536 2824 3604 alea,
2859 3541 2917 3593 et
2945 3536 3140 3592 omnis
3165 3535 3268 3591 illa
3285 3535 3671 3602 laatitia,festi-

2017 3629 2166 3686 vitas
2197 3627 2411 3694 omnis,
2445 3625 2742 3682 dissolutae
2773 3628 2934 3696 sunt,
2967 3629 3024 3680 et
3064 3624 3278 3697 gaudio
3308 3624 3503 3681 luctus
3533 3642 3667 3681 suc-

2017 3719 2218 3786 cessit,
2254 3721 2321 3772 ut
2346 3720 2652 3789 appareret
2685 3715 2840 3787 quod
2885 3714 3045 3786 prior
3087 3713 3188 3768 illa
3229 3713 3501 3786 voluptas
3549 3731 3668 3770 non

2017 3806 2134 3861 nisi
2165 3821 2394 3860 merum
2425 3803 2635 3858 fuisset
2663 3801 2984 3858 somnium.
3036 3802 3161 3857 Non
3213 3802 3368 3858 enim
3412 3819 3664 3874 praesen-

2015 3896 2160 3951 tiam
2193 3893 2470 3966 Martyris
2497 3891 2875 3948 sustinebant
2905 3890 3242 3960 simulacra,
3302 3889 3533 3963 sibique
3563 3908 3666 3963 ap-

2017 3984 2511 4057 propinquantem
2543 3997 2657 4037 non
2689 3981 2973 4047 tulerunt,
3007 3980 3108 4034 sed
3126 3984 3410 4051 tanquam
3441 3981 3664 4035 umbras

2018 4076 2385 4129 evanuerunt
2416 4070 2540 4127 sole
2567 4075 2932 4126 transeunte.
2975 4068 3361 4139 Interrogavit
3391 4084 3489 4123 eos
3519 4085 3664 4124 num

2015 4166 2214 4218 essent
2241 4160 2323 4216 dii
2358 4178 2371 4216 :
2405 4166 2462 4216 et
2491 4159 2574 4215 illi
2607 4163 2774 4231 gestu
2801 4174 2867 4212 ac
2887 4173 3027 4212 voce
3055 4157 3488 4228 responderunt
3519 4157 3666 4214 :Non

2018 4268 2255 4307 sumus.
2290 4248 2616 4306 Sacriﬁcari
2650 4248 2736 4303 eis
2757 4245 2959 4318 jussit,
3011 4249 3070 4300 at
3112 4262 3227 4301 non
3281 4250 3669 4317 susceperunt

2018 4341 2308 4397 sacriﬁcia
2343 4359 2355 4408 ;
2391 4341 2493 4396 sed
2522 4342 2824 4411 gementes
2879 4340 3316 4406 trementesque
3371 4336 3669 4393 daemones

2017 4429 2530 4502 subterfugiebant
2551 4445 2615 4483 ac
2645 4425 3072 4483 subtrahebant
3099 4425 3259 4480 se.Et
3278 4424 3400 4480 haec
3426 4425 3667 4497 quidem

2018 4523 2336 4590 antequam
2363 4517 2447 4572 eis
2477 4517 2958 4572 comminaretur:
2993 4518 3059 4569 ut
3087 4517 3284 4569 autem
3317 4513 3667 4570 comminari

2018 4609 2102 4664 eis
2132 4609 2322 4680 ccepit,
2356 4625 2470 4663 non
2503 4609 2628 4662 erat
2654 4605 2910 4676 amplius
2942 4603 3305 4660 subsistendi
3343 4603 3528 4670 locus,
3562 4604 3664 4659 sed

234 4722 315 4764 σις
376 4702 565 4757 αὐτῶν
601 4744 616 4771 ,
671 4697 817 4756 ἀλλά
867 4722 950 4763 τις
1026 4704 1188 4774 θροῦς
1229 4697 1555 4776 ’διηγείρετο
1620 4700 1709 4755 καὶ
1765 4701 1909 4775 ⁵ἦχος

2024 4697 2291 4754 tumulus
2322 4696 2562 4768 quidam
2596 4693 3041 4759 excitabatur,et
3071 4691 3469 4748 lamentabilis
3485 4709 3667 4748 sonus

238 4789 553 4867 θρηνώδης
603 4789 958 4864 οἰμωζόντων
1016 4791 1174 4861 θεῶν,
1232 4791 1321 4844 καὶ
1381 4787 1560 4864 ὥσπερ
1620 4790 1672 4844 ἐν
1719 4811 1909 4845 νυκτο-

240 4881 429 4956 μαχίᾳ
465 4923 482 4949 ,
541 4878 578 4948 ἢ
657 4876 1082 4954 διαπληκτισμῷ
1160 4878 1466 4954 μεθυόντων
1553 4880 1905 4934 συνέπτυσσον

228 4967 524 5040 ἀλλήλοις
572 4967 664 5022 καὶ
720 4970 1145 5044 προσήρασσον,
1201 4967 1512 5044 ἀγάλμασιν
1571 4966 1904 5042 ἀγαλματα,

230 5058 319 5112 καὶ
387 5055 512 5113 θεοὶ
595 5057 788 5128 θεοῖς,
848 5056 1074 5133 χρύσεοι
1133 5056 1438 5132 χαλκείοις,
1515 5057 1604 5111 καὶ
1681 5055 1908 5118 λιθίνοις

231 5145 573 5226 ἀμφότεροι,
623 5143 714 5201 καὶ
768 5143 984 5208 τούτοις
1025 5146 1078 5200 oi
1137 5145 1189 5216 ἐξ
1247 5146 1486 5222 ἀργύρου
1541 5146 1632 5200 καὶ
1691 5143 1908 5217 ξύλων,

234 5236 323 5290 καὶ
385 5234 859 5312 συγκατεφέροντο
910 5233 1002 5288 καὶ
1060 5229 1457 5311 συνετρίϐοντο,
1516 5233 1604 5288 καὶ
1652 5236 1718 5303 ῆν
1770 5234 1911 5307 ὁμοῦ

234 5325 418 5380 πάντα
501 5325 770 5399 χρήματα
850 5327 984 5387 θεῶν
1049 5323 1140 5378 καὶ
1216 5322 1530 5397 θραύσματα
1604 5324 1912 5400 ἀναπεφυρ-

237 5414 400 5486 μένα,
446 5406 594 5486 ὤμῳ
647 5410 844 5486 ξυλίνῳ
899 5411 1118 5488 χαλκῆς
1175 5410 1348 5482 δεξιᾶς
1396 5413 1472 5474 ὡς
1530 5408 1690 5487 ἔνυχε
1743 5433 1912 5488 προσ-

234 5500 652 5578 πηγνυμένης,
703 5500 794 5556 καὶ
851 5504 1032 5578 χρυσῇ
1082 5498 1293 5578 κεφαλῇ
1351 5498 1576 5564 λιθίνων
1635 5498 1908 5573 ἐπικειμέ-

235 5612 340 5646 νων
403 5588 621 5645 σκελῶν
661 5608 673 5620 ·
721 5591 870 5665 τάχα
945 5587 1002 5645 δὲ
1036 5634 1050 5660 ,
1111 5590 1188 5651 ὡς
1248 5589 1299 5644 ἐν
1356 5587 1580 5664 τοιαύτῂ
1650 5590 1910 5666 συγχύσει

237 5679 406 5735 θείων
441 5676 626 5753 μελῶν
661 5679 761 5753 (4),
811 5681 918 5733 τῶν
966 5682 1064 5733 τοῦ
1111 5679 1310 5754 ’Δρεος
1358 5677 1574 5733 καὶτοῦ
1623 5679 1912 5757 Ἡφαίστου

309 5788 396 5861 (4)
426 5787 988 5861 Perturbatiohaud
1018 5787 1214 5861 minor
1232 5804 1440 5861 vocum
1463 5803 1641 5859 quam
1671 5787 1911 5861 rei,quae

241 5856 612 5919 describitur
639 5859 703 5916 in
733 5859 938 5917 eodem
967 5860 1410 5934 ecgrapho,haac
1439 5856 1548 5932 est,
1561 5861 1669 5914 τῶν
1703 5856 1904 5934 Ἀρεῶν

2021 4787 2265 4843 deorum
2297 4785 2727 4857 quiritantium,
2760 4800 2826 4838 ac
2856 4781 3038 4838 veluti
3062 4781 3120 4836 in
3151 4785 3441 4837 nocturna
3468 4798 3668 4854 pugna

2015 4876 2103 4932 vel
2134 4875 2431 4932 ebriorum
2465 4873 2759 4944 conﬂictu,
2808 4871 3233 4927 collidebantur
3281 4871 3665 4926 cumulaban-

2017 4971 2234 5037 turque
2269 4965 2379 5020 sibi
2430 4963 2678 5019 invicem
2737 4960 3056 5018 simulacra
3113 4958 3468 5027 simulacris,
3501 4964 3558 5015 et
3585 4960 3668 5015 dii

2021 5055 2157 5122 diis,
2188 5054 2346 5109 aurei
2382 5052 2579 5120 aeneis,
2613 5056 2670 5107 et
2701 5052 2967 5122 utrisque
2999 5049 3233 5120 lapidei,
3291 5065 3425 5104 cum
3457 5048 3671 5120 hisque

2024 5143 2427 5200 miscebantur
2474 5139 2732 5212 argentei
2777 5157 2843 5195 ac
2897 5138 3096 5212 lignei,
3158 5137 3335 5195 simul
3394 5138 3671 5210 prostrati

2025 5238 2204 5305 atque
2235 5230 2638 5288 contriti.Erat
2667 5233 2863 5284 autem
2886 5228 3082 5284 videre
3105 5227 3414 5284 commista
3427 5229 3672 5284 deorum

2022 5337 2378 5395 quacunque
2409 5337 2478 5375 ex
2508 5319 2754 5375 materia
2781 5319 3167 5374 tormatorum
3225 5317 3538 5389 fragmina,
3569 5316 3674 5372 hu-

2023 5429 2184 5468 mero
2212 5409 2433 5466 scilicet
2464 5408 2655 5481 ligneo
2674 5424 2894 5463 azneam
2927 5409 3223 5463 dexteram
3242 5406 3480 5460 fortuito
3513 5422 3671 5460 com-

2022 5505 2276 5574 pactam,
2311 5514 2675 5570 aureumque
2703 5501 2880 5568 caput
2907 5496 3180 5552 cruribus
3209 5494 3420 5567 ligneis
3448 5493 3674 5550 incum-

2025 5593 2190 5647 bens.
2227 5588 2491 5646 Forsitan
2528 5592 2721 5642 autem
2764 5590 2952 5653 (tanta
2993 5590 3118 5642 erat
3153 5583 3552 5640 membrorum
3585 5583 3672 5637 di-

2023 5676 2609 5749 vinorumconfusio)
2639 5675 2841 5730 Martis
2870 5675 3236 5746 Vulcanique
3270 5677 3465 5745 partes
3497 5671 3669 5727 alicui

2020 5790 2117 5842 τοῦ
2145 5783 2433 5862 Ἡφαίστου
2464 5783 2554 5837 καὶ
2584 5781 2926 5862 παρειμένων
2953 5785 3021 5854 τῇ
3052 5784 3148 5835 τοῦ
3183 5781 3325 5851 Διὸς,
3358 5779 3512 5850 quod
3544 5795 3670 5834 mo-

2023 5860 2154 5917 dica
2183 5855 2507 5914 mutatione
2535 5855 2916 5913 correximus.
