4108 6446
389 436 510 501 339

391 663 652 717 crurium
688 663 846 719 basis
879 665 1043 719 ﬁeret
1059 669 1234 736 caput
1262 682 1651 737 aureum,quo
1681 663 2044 735 totusOlym-

391 769 502 824 pus
532 754 703 823 juxta
732 757 935 824 poetas
967 755 1342 809 convertitur.
1378 759 1464 810 Ita
1493 760 1634 810 tunc
1666 754 2043 809 membratim

388 841 921 913 complodebantur
951 843 1052 909 dii,
1075 843 1411 900 miserabile
1432 843 1833 916 spectaculum
1867 843 2047 898 idolo-

393 930 564 986 latris
597 931 728 986 facti
762 957 775 998 ;
809 936 864 987 et
895 932 1109 987 chorus
1141 932 1240 989 ille
1271 934 1329 989 in
1365 934 1587 988 luctum
1638 938 1726 989 est
1757 937 2042 1000 mutatus,

393 1019 730 1075 simulacris
755 1021 1020 1092 ipsorum
1051 1021 1360 1078 inutilibus
1391 1021 1656 1078 redditis.

467 1235 557 1299 41,
590 1234 736 1289 Hinc
766 1251 936 1306 porro
995 1236 1308 1292 manifeste
1355 1239 1596 1309 apparet
1655 1253 1832 1309 quam
1889 1235 2049 1290 diﬂi-

399 1323 585 1378 culter
617 1325 969 1396 superabilis
1001 1325 1227 1380 malitia
1277 1327 1352 1381 sit
1405 1332 1576 1398 atque
1608 1324 2048 1393 inexcusabilis,

405 1429 543 1469 cum
577 1413 758 1468 semel
791 1413 1050 1468 animam
1084 1414 1472 1470 inhabitatam
1499 1416 1778 1487 possidet,
1811 1415 1955 1470 adeo
1987 1418 2054 1468 ut

406 1501 498 1556 sui
529 1500 631 1556 illa
668 1505 874 1573 potens
929 1519 1045 1557 non
1108 1502 1203 1570 sit,
1265 1504 1485 1559 amisso
1545 1502 1836 1558 ratiocinii
1867 1503 2050 1570 freno,

401 1590 556 1646 facta
615 1590 976 1662 mancipium
1025 1591 1346 1662 pravitatis.
1408 1593 1708 1656 Quomodo
1775 1592 1932 1646 enim
1982 1589 2053 1645 ad

404 1679 706 1735 Christum
739 1697 854 1734 non
885 1680 1249 1736 transierunt
1269 1681 1539 1753 gentiles.
1565 1681 1763 1736 statim
1795 1685 1970 1752 atque
1987 1697 2058 1736 ex

403 1767 742 1824 istiusmodi
766 1768 934 1841 signo
963 1773 1091 1824 tum
1115 1769 1388 1826 eximiam
1422 1771 1550 1841 ejus
1573 1770 2057 1841 potentiam,tum

405 1857 828 1914 daemoniorum
861 1875 1161 1914 summam
1184 1858 1650 1915 imbecillitatem
1681 1857 2060 1914 didicerunt?

405 1948 706 2012 Quomodo
737 1964 854 2003 non
886 1948 1310 2004 crediderunt?
1340 1949 1639 2021 Numquid
1683 1965 1800 2003 non
1832 1947 2059 2004 levissi-

2176 1944 2432 2005 ἀσθενείας
2489 1943 2891 2017 καταμαθόντες
2938 1961 2952 2010 ;

407 2053 572 2092 mum
603 2037 715 2092 hoc
745 2037 1137 2108 est,quodque
1157 2037 1244 2092 vel
1267 2037 1630 2093 irrationalis
1653 2041 1867 2092 natura
1889 2051 2060 2108 agere

405 2129 608 2198 posset
637 2126 664 2180 ?
695 2125 998 2190 Quomodo
1029 2125 1210 2198 igitur
1239 2131 1610 2181 mortuorum
1643 2126 1935 2182 idolorum
1956 2126 2061 2180 im-

409 2215 732 2287 potentiam
763 2219 1177 2286 cognoverunt,
1213 2219 1270 2269 et
1325 2219 1745 2286 cognoscentes
1803 2232 1920 2270 non
1979 2231 2062 2270 re-

409 2304 730 2376 pudiarunt
761 2302 789 2358 ?
813 2306 898 2358 An
933 2303 1078 2358 forte
1099 2303 1475 2360 insensibiles
1507 2308 1670 2359 erant
1688 2307 1789 2358 aut
1817 2301 2062 2360 rationis

407 2411 520 2449 usu
553 2391 762 2465 privati
789 2392 818 2447 τ
847 2393 947 2464 qui
979 2409 1094 2447 non
1128 2394 1564 2465 cognoscebant
1592 2409 1660 2448 ea
1690 2409 1820 2464 qua!
1840 2392 1900 2447 in
1930 2393 2060 2448 suis

405 2484 670 2555 ipsorum
727 2482 914 2537 oculis
954 2482 1307 2553 gerebantur
1353 2483 1380 2536 ‘l
1428 2483 1560 2548 Sed,
1616 2486 1681 2537 ut
1735 2482 1873 2549 dixi,
1924 2497 2057 2536 cum

405 2570 633 2627 malitia
654 2571 714 2625 in
741 2587 841 2626 eos
872 2574 1102 2626 tantum
1136 2571 1428 2627 obtineret
1473 2571 1866 2637 dominatum,
1901 2570 2063 2626 nulla

402 2661 540 2716 boni
573 2660 828 2732 cognitio
860 2660 1137 2732 prodesse
1167 2661 1241 2715 iis
1291 2660 1502 2732 potuit,
1563 2677 1751 2732 usque
1781 2661 1924 2715 adeo
1954 2660 2062 2715 ob-

406 2751 629 2806 strictis
659 2751 928 2822 pejorum
961 2749 1247 2804 servituti.
1281 2749 1600 2821 Oportebat
1647 2749 1804 2804 enim
1854 2765 2061 2804 omnes

404 2845 546 2895 tunc
577 2845 891 2910 praesentes
937 2839 1344 2893 inﬁrmitatem
1398 2839 1613 2894 erroris
1661 2853 2057 2909 cognoscere:

405 2926 493 2983 illi
525 2933 722 2983 autem
756 2944 998 2998 prorsus
1028 2928 1386 2982 contrarium
1424 2929 1630 2982 fecere.
1661 2928 1890 2983 Incensi
1917 2929 2060 2992 zelo,

409 3021 650 3088 propter
678 3015 837 3071 idola
870 3021 1181 3087 prostrata,
1216 3017 1537 3088 insurgunt
1586 3017 1644 3071 in
1693 3016 2012 3072 vindictam
2047 3033 2060 3071 :

407 3111 467 3162 et
497 3105 594 3159 alii
623 3106 863 3176 quidem
893 3105 1281 3160 verberabant
1312 3104 1650 3176 Georgium,
1712 3109 1769 3160 et
1818 3104 1918 3160 alii
1943 3111 2064 3159 tra-

407 3195 650 3259 hebant,
681 3194 779 3248 alii
810 3193 1061 3248 invicem
1111 3199 1316 3249 contra
1365 3209 1500 3248 eum
1555 3194 2015 3249 exhortabantur
2047 3211 2060 3249 :

408 3299 514 3338 nec
545 3284 787 3338 deerant
817 3283 917 3354 qui
949 3283 1140 3354 parati
1170 3287 1369 3338 essent
1426 3283 1552 3337 suis
1591 3299 1726 3338 eum
1785 3282 2061 3338 dentibus
2095 3316 2138 3382 Ο
2176 3285 2383 3360 ράττειν
2421 3302 2434 3315 ·

408 3372 632 3427 laniare
665 3390 679 3439 ;
715 3372 1126 3442 fecissentque,
1160 3371 1272 3427 nisi
1303 3372 1375 3427 ab
1423 3372 1550 3443 ipso
1595 3376 1841 3444 tyranno
1874 3372 2062 3443 profe-

411 3465 576 3517 ctum
608 3462 978 3530 mandatum,
1011 3461 1278 3532 ipsorum
1306 3461 1687 3532 repressisset
1724 3459 2016 3532 impetum
2048 3477 2062 3527 ;

414 3553 688 3606 sanctum
719 3566 854 3605 vero
876 3566 1075 3605 coram
1108 3548 1208 3605 illo
1241 3549 1512 3618 stitisset,
1545 3567 1661 3605 non
1715 3555 1780 3605 ut
1821 3551 2066 3621 patienti

418 3643 780 3710 parceretur,
813 3639 916 3694 sed
967 3645 1032 3694 ut
1079 3639 1406 3710 majoribus
1434 3639 1745 3694 tormentis
1796 3644 1853 3694 et
1880 3643 2068 3695 morte

411 3726 778 3798 gravioribus
809 3729 1158 3784 afﬁceretur.

485 3870 572 3924 42.
614 3869 800 3942 Igitur
853 3887 1090 3926 rursum
1149 3887 1390 3944 agones,
1450 3887 1691 3927 rursum
1751 3871 2072 3928 certamina

414 3957 726 4014 exantlatis
774 3959 940 4030 paria
996 3961 1306 4016 subeunda
1355 3961 1612 4016 fuissent
1670 3981 1683 4031 ;
1743 3961 1860 4017 nisi
1916 3962 2071 4017 Deus

415 4047 725 4114 adfuisset,
759 4047 1043 4104 athletam
1081 4066 1259 4105 suum
1293 4051 1363 4104 ad
1398 4066 1460 4104 se
1517 4066 1786 4105 evocans.
1822 4050 1933 4106 Sed
1962 4050 2072 4106 hoc

415 4137 588 4208 paulo
620 4141 753 4208 post
787 4158 800 4207 ς
835 4154 992 4192 nunc
1025 4143 1225 4193 autem
1250 4137 1509 4210 primum
1551 4139 1764 4207 eidem,
1796 4137 1954 4194 velut
1981 4139 2070 4194 in-

415 4229 603 4297 grato,
630 4225 918 4281 illudebat
946 4233 1254 4298 tyrannus,
1288 4228 1445 4298 quod
1479 4227 1537 4281 in
1562 4228 1748 4283 risum
1780 4245 1847 4283 ac
1869 4231 2073 4300 jocum

414 4315 704 4370 eonvertit
733 4331 904 4370 suam
927 4332 1068 4387 erga
1097 4316 1296 4388 ipsum
1351 4313 1784 4372 humanitatem
1819 4335 1832 4385 ;
1866 4317 2075 4374 deinde

415 4403 666 4474 impium
701 4405 1106 4475 audacemque
1128 4404 1548 4473 vocabat,nulli
1569 4406 1628 4461 in
1661 4423 1796 4461 eum
1817 4407 2074 4463 convicio

418 4493 746 4549 abstinens.
801 4495 937 4558 Quae
1016 4510 1150 4548 cum
1211 4493 1409 4549 omnia
1467 4496 1688 4550 frustra
1745 4501 1962 4566 essent,
2020 4501 2077 4552 et

413 4582 635 4655 Martyr
674 4581 969 4639 idolorum
1023 4583 1432 4654 impotentiam
1460 4584 1650 4640 eidem
1683 4601 1713 4640 e
1745 4589 1951 4641 contra
1981 4603 2074 4641 ex-

1421 437 1742 504 GEORGII
1785 437 2050 502 CYPRII
2093 437 2213 500 GP.
2261 439 2788 503 PATRIARCHIE

387 571 552 628 Jovis
584 571 736 645 parti
784 573 1327 646 committebantur,
1379 576 1522 632 adeo
1571 580 1637 631 ut
1694 588 2038 630 mancorum

2176 573 2493 648 παρειμένων
2563 574 2669 628 τινὶ
2741 579 2838 629 τοῦ
2897 570 3070 645 Διὸς,
3130 571 3208 634 ὡς
3278 571 3412 628 εἶναι

3689 438 3813 501 340

3495 571 3650 647 βάσιν
3702 575 3813 628 τῶν

2150 661 2570 736 πεπηηωμένων
2621 667 2848 736 κνημῶν
2899 663 2998 732 τήν
3045 661 3137 718 τὸν
3167 659 3296 718 ὅλον
3349 659 3635 734 Ὄλυμπον
3667 673 3815 738 παρά

2151 757 2410 821 ποιηταῖς
2466 753 2861 830 συστρέφουσαν
2918 750 3166 830 κεφαλήν
3199 795 3212 808 .
3273 749 3429 806 Οὕτω
3493 750 3618 806 τότε
3667 751 3816 826 παρὰ

2158 837 2324 910 μέλος
2385 839 2638 914 ἐκρότουν
2701 842 2833 910 θεοὶ,
2904 841 3097 915 πικρὸν
3155 844 3317 894 τοῦτο
3367 840 3542 913 θέαμα
3586 845 3705 902 τοῖς
3738 838 3814 894 εἴ-

2156 923 2534 1004 δωλολάτραις
2583 929 2886 1005 γινόμενον
2950 928 3094 983 οὕτω
3149 928 3239 983 καὶ
3299 929 3327 982 ὁ
3388 928 3562 1005 χορὸς
3610 928 3815 990 ἐκεῖνος

2156 1015 2232 1078 εἷς
2278 1017 2473 1080 πένθος
2525 1019 2886 1096 μετεστράφη,
2934 1016 3344 1094 ἀχρειωθέντων
3387 1021 3497 1072 τῶν
3549 1011 3819 1091 σεϐασμά-

2155 1127 2262 1161 των
2296 1127 2424 1162 αυτο
2437 1128 2499 1168 ις.

2234 1233 2342 1303 μα’.
2401 1232 2566 1286 Ἔνθα
2618 1253 2703 1287 τοι
2759 1231 2849 1287 καὶ
2907 1236 3090 1310 σαφῶς
3141 1227 3525 1300 διαδείκνυται,
3577 1229 3652 1293 ὡς
3696 1227 3821 1285 δυσ-

2160 1317 2510 1375 απάλλακτόν
2564 1342 2616 1375 τι
2668 1326 2895 1396 πρᾶγμα
2949 1317 3185 1396 πονηρία
3242 1319 3332 1373 καὶ
3389 1315 3815 1390 δυσαπόνιπτον,

2162 1409 2296 1480 ἅπαξ
2358 1408 2738 1464 εἷ’σοικισθεῖσα
2791 1409 2880 1464 xui
2930 1428 3279 1484 κατασχουσα
3332 1409 3543 1484 ψυχὴν,
3595 1407 3670 1469 ὡς
3719 1405 3822 1462 οὐκ

2164 1494 2234 1552 ἔτ’
2296 1497 2354 1552 ἂν
2412 1495 2495 1568 εἷίη
2554 1498 2678 1553 τότε
2733 1499 2888 1574 ψυχὴ
2949 1497 3142 1567 ἐαυτῆς
3196 1497 3292 1560 τὰς
3339 1497 3495 1566 ἡνίας
3543 1493 3824 1571 προδοῦσα

2161 1591 2269 1642 τῶν
2330 1587 2640 1662 λογισμῶν,
2699 1586 2789 1642 καὶ
2848 1586 3111 1663 γενομένη
3186 1587 3376 1649 κακίας
3433 1582 3769 1662 ἀνδράποδον
3809 1625 3822 1639 .

2165 1677 2233 1733 Ἦ
2293 1681 2408 1738 πῶς
2483 1676 2560 1738 εἷς
2639 1677 2866 1752 Χριστὸν
2944 1676 3005 1730 οὐ
3086 1675 3439 1750 μετετέθησαν
3497 1671 3773 1744 Ἕλληνες
3810 1717 3826 1742 ,

2167 1765 2357 1821 αὐτίκα
2409 1765 2534 1821 τότε
2596 1765 2648 1819 ἐν
2725 1764 2907 1838 ταύτῷ
2961 1765 3051 1820 καὶ
3125 1766 3189 1820 τὸ
3245 1762 3432 1840 περιόν
3505 1762 3670 1818 αὐτοῦ
3725 1769 3828 1832 τῆς

2171 1849 2453 1928 δυνάμεως
2505 1897 2519 1923 ,
2576 1855 2667 1908 καὶ
2748 1855 2810 1909 τὸ
2892 1861 2994 1924 τῆς
3073 1849 3395 1927 δαιμονικῆς
3483 1846 3828 1927 ὑπερϐάλλον

3004 1946 3126 2004 Πῶς
3181 1941 3281 1997 οὐκ
3339 1940 3653 1997 ἐπίστευσαν
3709 1940 3828 2010 ;’Ὴ

2165 2032 2228 2088 τό
2258 2053 2322 2108 γε
2352 2028 2711 2110 φαυλότατον,
2743 2033 2835 2086 xui
2867 2029 2999 2108 ὅπερ
3050 2029 3145 2086 κᾶν
3181 2029 3380 2107 ἄλογος
3431 2049 3586 2109 φυσις
3633 2026 3828 2106 ἴσχυσε

2167 2122 2498 2198 καταπρᾶξαι
2534 2141 2548 2190 ;
2589 2125 2716 2184 Πῶς
2765 2121 2865 2176 οὐκ
2921 2120 3192 2176 ἀσθένειαν
3249 2125 3358 2176 τῶν
3412 2123 3614 2195 νεκρῶν
3667 2116 3831 2173 εἰδώ-

2170 2211 2280 2266 λων
2341 2212 2709 2286 κατέγνωσαν,
2759 2209 2850 2264 xui
2906 2211 3260 2286 καταγνόντες
3313 2205 3620 2284 ἀπέσχοντο
3673 2226 3688 2276 ;
3733 2207 3824 2275 Μὴ

2171 2301 2276 2378 γὰρ
2334 2301 2670 2372 ἀναισθήτπς
2717 2300 2865 2376 εἶχον
2911 2319 2924 2369 ;
2976 2297 3090 2354 οὐδ’
3139 2297 3452 2375 ἐλογίζοντο
3485 2317 3498 2368 ;
3533 2295 3660 2352 οὐδὲ
3687 2299 3833 2372 γνῶ-

2173 2411 2254 2444 σιν
2302 2394 2410 2444 τῶν
2465 2389 2517 2443 ἐν
2571 2387 2880 2466 ὀφθαλμοῖς
2931 2385 3226 2464 δρωμένων
3282 2381 3634 2458 ἐλάμϐανον;
3672 2382 3831 2441 Ἀλλ’

2174 2479 2305 2556 ὅπερ
2365 2476 2518 2557 ἔφην,
2577 2483 2675 2533 τοῦ
2727 2483 2911 2553 κακοῦ,
2957 2480 3084 2554 παρ’
3139 2476 3314 2532 αὐτῶν
3364 2477 3464 2546 τὴν
3519 2477 3665 2554 σφῶν
3718 2473 3836 2530 ἐπι-

2166 2570 2459 2645 τραπέντος
2517 2568 2731 2643 κυρείαν
2767 2615 2780 2640 ,
2843 2564 2958 2622 οὐδ’
3013 2570 3049 2637 ἡ
3109 2568 3350 2642 τάγαθοῦ
3419 2570 3616 2643 γνῶσις
3685 2563 3829 2641 εἶχεν

2170 2658 2355 2727 ὀνῆναι
2390 2706 2406 2730 ,
2463 2662 2721 2713 τοσοῦτον
2796 2653 3350 2729 καταδεδουλωμένου
3424 2660 3504 2728 τῷ
3570 2653 3830 2731 χείρονι.

2171 2749 2298 2804 Δέον
2357 2745 2446 2802 xui
2506 2747 2609 2822 γὰρ
2665 2745 2789 2802 τότε
2863 2747 3134 2808 συνιέντας
3189 2753 3291 2816 τῆς
3344 2745 3620 2807 ἀσθενείας
3677 2765 3837 2800 κατα-

2168 2843 2365 2914 γνῶναι
2414 2840 2513 2906 τῆς
2564 2835 2798 2906 πλάνης·
2844 2837 2897 2891 οἳ
2946 2833 3005 2891 δὲ
3053 2835 3361 2891 τούναντίον
3405 2837 3543 2891 ἅπαν
3592 2839 3834 2904 ποιοῦσι,

2173 2926 2573 2997 ζηλοτυποῦσιν
2662 2927 2792 3002 ὑπὲρ
2880 2926 3056 2981 αὑτῶν
3130 2926 3397 2999 κειμένων
3433 2971 3447 2997 ,
3525 2923 3616 2979 καὶ
3693 2923 3833 3000 πρὸς

2171 3017 2377 3089 ἄμυναν
2438 3013 2791 3091 διεγεῖρον-ται
2825 3034 2838 3047 ⁸
2902 3014 3031 3078 ὥσθ’
3115 3014 3168 3068 οἷ
3241 3013 3336 3088 μὶν
3407 3010 3634 3069 ἔτυπτον
3691 3013 3832 3068 ¹διπο-

2171 3101 2604 3177 λαμϐανόμενοι,
2665 3105 2718 3158 o't
2776 3101 2835 3158 δὲ
2880 3101 3083 3174 εἷλκον,
3129 3104 3182 3158 οἱ
3231 3101 3279 3157 δ’
3326 3099 3615 3173 ἀλλήλους
3655 3099 3830 3157 διεκε-

2171 3193 2417 3249 λεύοντοο
2451 3197 2584 3262 ἦσαν
2618 3191 2676 3248 δὲ
2724 3193 2777 3248 οἳ
2827 3192 2918 3248 καὶ
2965 3198 3085 3255 τοῖς
3138 3189 3323 3248 ὀδοῦσι
3351 3188 3569 3265 ἕτοιμοι
3605 3188 3834 3246 ’διασπαε

2493 3285 2627 3351 ἦσαν
2666 3329 2679 3353 ,
2737 3281 2829 3336 καὶ
2900 3281 3000 3337 οὐκ
3073 3279 3134 3337 ἂν
3211 3281 3518 3357 ἀπέσχοντο
3555 3327 3569 3351 ,
3628 3281 3675 3337 εἰ
3748 3281 3832 3354 μὴ

2174 3373 2503 3450 πρόσταγμα
2559 3376 2658 3426 τοῦ
2705 3373 2965 3448 τυράννου
3025 3372 3254 3449 φθάσαν,
3312 3370 3525 3426 ἐκείνων
3590 3371 3683 3442 μὲν
3737 3371 3837 3438 τὴν

2178 3461 2357 3538 ὀρμήν
2391 3459 2634 3532 ἔστησεν,
2686 3460 2845 3515 αὐτὸν
2898 3459 2944 3516 δ’
2984 3460 3174 3534 ἐκείνῳ
3219 3461 3574 3536 παρέστησεν,
3620 3456 3683 3513 οὗ
3715 3479 3837 3536 φει-

2177 3551 2397 3623 σαμένῳ
2444 3549 2779 3625 πάσχοντος,
2834 3547 2962 3605 ἀλλ’
3011 3547 3097 3605 ἐπὶ
3145 3549 3357 3622 μείζοσι
3403 3546 3698 3624 τιμωρίαις
3746 3546 3838 3602 καὶ

2176 3638 2406 3694 θανάτου
2437 3636 2874 3715 χαλεπωτέραις.

2257 3870 2347 3946 μβ’
2383 3915 2396 3927 .
2455 3868 2554 3924 Καὶ
2623 3865 2752 3943 τάχ’
2809 3869 2868 3924 ἃν
2927 3870 3130 3946 ἀγῶνες
3197 3869 3334 3939 ἦσαν
3392 3867 3482 3924 καὶ
3531 3867 3694 3934 ια’ὗθις
3750 3869 3841 3925 xui

2180 3956 2363 4014 ἄθλων
2413 3955 2634 4033 δευτέρα
2680 3955 2956 4032 περίοδος,
3009 3956 3055 4013 εἰ
3106 3959 3182 4032 μὴ
3231 3959 3364 4021 Θεὸς
3412 3957 3613 4034 ἐπέσχε
3636 4001 3657 4028 η,
3704 3959 3844 4035 πρὸς

2179 4048 2368 4102 ἑαυτὸν
2429 4047 2906 4121 μετακεκλημένος
2963 4047 3053 4101 τὸν
3116 4045 3360 4118 ἀθλητήν
3390 4089 3402 4101 .
3464 4045 3642 4103 Ἀλλά
3679 4052 3843 4103 τοῦτο

2187 4139 2281 4211 μὲν
2347 4137 2539 4213 μικρὸν
2598 4136 2817 4213 ὕστερον
2852 4153 2864 4168 ·
2925 4135 2989 4190 τὸ
3048 4133 3107 4192 δὲ
3162 4140 3252 4191 νῦν
3307 4135 3438 4191 εἶναι
3490 4141 3683 4213 πρῶτα
3735 4137 3839 4210 ,μὲν

2183 4224 2456 4281 ἔσκωπτεν
2535 4225 2613 4288 εἲς
2689 4223 3080 4302 ἀγνωμοσύνην
3150 4223 3354 4280 ἐκεῖνον
3430 4226 3458 4281 ὁ
3526 4224 3786 4301 τύραννος
3825 4270 3844 4297 ,

2183 4313 2483 4390 ἐμπαιγμῷ
2547 4316 2637 4370 καὶ
2713 4312 2918 4390 γέλωτι
2992 4316 3092 4384 τήν
3156 4314 3294 4388 πρὸς
3345 4314 3507 4370 αὐτὸν
3565 4313 3844 4389 εὐμένειαν

2183 4404 2578 4478 ἀμειψάμενον·
2624 4404 2747 4459 ἐἶτα
2804 4403 3020 4458 ἀνόσιον
3079 4402 3287 4472 ἐκάλει,
3344 4402 3693 4477 πάντολμον,
3743 4403 3846 4459 -οὗ-

2185 4491 2271 4548 δὲν
2305 4493 2334 4547 ὅ
2364 4516 2418 4548 τι
2452 4495 2527 4566 μὴ
2559 4498 2666 4548 τῶν
2709 4488 2916 4567 ὕϐρεων
2965 4490 3238 4571 προῦφερε
3284 4494 3401 4548 κατ’
3436 4493 3634 4549 ταύτοῦ.
3668 4495 3758 4556 Ὦς
3789 4490 3850 4549 δὲ

2179 4583 2355 4638 πάντα
2395 4580 2823 4659 λοιδορούμενος
2880 4581 3208 4662 ἐνεφορήθη,
3261 4581 3352 4638 xui
3401 4583 3430 4638 ὁ
3473 4581 3694 4659 Μάρτυς
3745 4584 3845 4652 τὴν

413 4671 720 4742 probraret
755 4690 767 4740 ;
802 4673 1082 4744 quodque
1113 4672 1194 4726 dii
1225 4689 1340 4727 non
1365 4673 1688 4745 essent,qui
1721 4691 1890 4730 suam
1905 4675 2064 4730 susti-

2184 4677 2291 4728 τῶν
2353 4670 2598 4727 εἰδώλων
2649 4672 2922 4727 ἀσθένειαν
2979 4668 3345 4742 ἀντωνείδισε,
3398 4671 3487 4728 καὶ
3528 4674 3630 4742 τὴν
3675 4670 3845 4749 ἄρνη-

416 4776 557 4816 nere
591 4761 981 4833 nequiverant
1035 4759 1431 4832 praesentiam,
1467 4762 1689 4818 addens
1736 4764 2078 4819 eorumdem

419 4847 725 4919 planctum
757 4855 813 4906 et
844 4866 1052 4906 casum
1107 4854 1166 4906 et
1224 4849 1635 4905 contritionem
1672 4869 1685 4919 ;
1719 4868 1786 4906 ac
1833 4851 1966 4907 deni
2005 4869 2078 4907 ne

421 4938 876 4995 obdurationem
909 4939 1225 5012 animi,per
1255 4957 1432 5011 quam
1467 4939 1642 5012 lignis
1664 4939 2080 5013 lapidibusque

427 5026 785 5083 inscnsatior
843 5047 973 5085 esse
1033 5031 1460 5101 perseverabat,
1520 5029 1793 5100 quamvis
1823 5030 2077 5086 externis

431 5117 708 5171 sensibus
742 5124 1024 5174 uteretur.
1062 5120 1179 5186 His,
1213 5120 1478 5190 inquam,
1525 5119 2076 5191 reprehensionibus

428 5205 948 5264 vehementissime
980 5207 1210 5279 pulsato
1241 5212 1490 5279 tyranno
1519 5207 1591 5263 fel
1625 5208 1948 5263 draconum
1977 5225 2075 5264 ac-

427 5311 669 5349 censum
705 5301 815 5365 est,
849 5302 905 5350 et
933 5314 1223 5352 venenum
1259 5296 1529 5368 aspidum
1564 5296 2075 5369 insanabile,sym-

431 5382 568 5438 bota
599 5385 794 5440 cordis
816 5401 994 5456 supra
1009 5387 1248 5441 modum
1266 5385 1589 5442 aestuantis.
1619 5387 1906 5457 Aspectus
1924 5389 2072 5456 eius.

420 5476 486 5525 ut
517 5489 650 5526 cum
686 5474 883 5528 divino
900 5473 1130 5529 Nahum
1161 5475 1568 5547 loquar,quasi
1595 5475 1896 5547 lampades
1923 5476 2074 5548 ignis

417 5563 475 5614 et
508 5563 674 5628 (μιδεὶ
708 5561 942 5634 fulgura
972 5563 1494 5631 discurrentia;vox
1516 5569 1710 5619 autem
1739 5568 1864 5620 erat
1894 5581 2074 5636 quam

421 5647 677 5705 feraruizi
713 5651 1103 5707 truculentior
1135 5671 1148 5720 ;
1183 5669 1299 5724 qua
1331 5653 1568 5709 lictores
1596 5653 1800 5720 adesse
1845 5655 2070 5726 jussos,

421 5741 732 5807 tormenta,
786 5741 1049 5798 manicas
1098 5747 1154 5796 et
1203 5743 1515 5814 compedes
1566 5743 1771 5799 afferre
1807 5762 1819 5812 ;
1849 5743 2070 5817 ignem,

2189 4783 2270 4816 σιν
2315 4766 2413 4816 τοῦ
2475 4763 2550 4834 μὴ
2606 4761 2741 4816 εἶναι
2790 4761 2966 4832 θεοὺς,
3022 4762 3112 4816 xui
3159 4760 3224 4816 τὸ
3281 4762 3358 4835 μὴ
3403 4761 3696 4836 ὑπομεῖναι
3743 4783 3848 4818 πα-

2189 4851 2369 4927 ρόντα,
2429 4851 2518 4905 καὶ
2576 4851 2668 4905 τὸν
2723 4853 2944 4924 θρῆνον,
2999 4851 3093 4906 καὶ
3145 4851 3247 4920 τήν
3314 4856 3541 4924 πτῶσιν,
3600 4851 3690 4907 καὶ
3745 4853 3848 4922 τήν

2189 4935 2524 5014 συντριϐἠν,
2565 4940 2659 4996 xui
2703 4940 3014 4996 τελευταῖον
3077 4941 3179 5010 τὴν
3229 4941 3488 5016 πώρωσιν
3531 4940 3699 5011 αὐτῆς
3747 4943 3847 5010 τῆς

2185 5032 2394 5104 ψυχῆς,
2441 5027 2510 5083 δι’
2560 5031 2625 5098 ἧς
2675 5028 2765 5084 καὶ
2817 5027 2986 5083 λίθων
3037 5029 3489 5105 ἀναισθητότέρος
3535 5029 3625 5084 καὶ
3669 5027 3848 5098 ξύλων

2188 5116 2606 5191 διαμεμένηκε,
2664 5117 2760 5172 κᾶν
2818 5123 2941 5180 ταῖς
2995 5117 3185 5191 ἔξωθεν
3233 5119 3553 5187 αἰσθήσεσιν
3613 5115 3803 5192 ἐνεργῇ
3835 5160 3848 5174 .

2184 5207 2316 5261 Τότε
2372 5204 2437 5276 δὴ
2502 5204 2841 5284 σφοδρότατα
2896 5212 3015 5270 τοῖς
3077 5205 3335 5283 ἐλέγχοις
3387 5201 3851 5278 νμωλωπισθέντι,

2186 5295 2357 5369 θυμὸς
2420 5294 2725 5371 δρακόντων
2791 5295 3062 5368 ἀνήπτετο
3114 5342 3128 5368 ,
3189 5295 3278 5350 καὶ
3363 5294 3534 5367 θυμὸς
3609 5290 3851 5350 ἀσπίδων

2179 5384 2425 5452 ἀνίατος,
2474 5385 2564 5440 xui
2619 5380 2873 5460 σύμϐολα
2928 5392 3031 5455 τῆς
3072 5383 3341 5452 τοσαύτης
3388 5379 3615 5459 καρδίας
3665 5381 3857 5440 ἐκκαύ-

2183 5493 2340 5536 σεως·
2373 5474 2408 5544 ἦ
2452 5497 2511 5529 τε
2559 5473 2746 5552 ὅρασις
2795 5474 2924 5530 ὡσεὶ
2980 5470 3259 5547 λαμπάδες
3311 5473 3482 5550 πυρὸς
3539 5474 3724 5547 (τοῦτο
3779 5471 3848 5545 δὴ

2181 5562 2370 5618 τὸτοῦ
2425 5565 2570 5619 θείου
2596 5564 2810 5640 Ναοὺμ)
2859 5564 2949 5620 xui
2997 5565 3076 5626 ὡς
3117 5562 3384 5640 ἀστραπαὶ
3435 5560 3844 5640 διατρέχουσαι,

2181 5652 2217 5722 ἥ
2273 5674 2333 5708 τε
2391 5655 2542 5731 φωνή
2618 5655 2822 5731 θηρίων
2880 5652 3189 5731 ἀγριωτέρα
3246 5653 3591 5732 ὑπάρχουσα,
3652 5651 3720 5710 δι’
3775 5657 3846 5724 ἧς

2183 5739 2417 5816 δημίους
2466 5749 2735 5821 παρεῖναι,
2785 5738 3051 5820 στρέϐλας
3105 5747 3395 5819 παρεῖναι.,
3444 5748 3636 5822 χεῖρας
3675 5740 3845 5814 ’σιδη-
