4108 6434
344 436 465 505 341

1615 432 2021 499 LAUDATIO
2066 431 2131 497 S.
2179 430 2523 494 GEORGII.

3658 421 3778 493 342

346 575 465 647 ρᾶς,
495 560 777 642 κρηπῖδαξ
828 559 1080 640 σιδηρᾶς,
1139 568 1269 642 πῦρ,
1323 562 1500 643 ξίφος,
1556 564 1787 641 τροχὸν,
1838 563 2012 618 πάντα

2141 562 2408 637 gladium,
2439 566 2651 634 rotam,
2683 564 2740 618 et
2768 559 2968 618 omnia
2997 556 3422 633 suppliciorum
3447 572 3660 629 genera
3681 556 3781 628 ju-

347 660 597 738 βασάνων
631 652 755 725 εἷ¹δη
790 652 1153 711 ἐνεκελεύετο.

419 748 532 826 μγ’.
570 747 641 805 ’Ἀ
697 743 765 814 δὴ
826 743 915 809 καὶ
975 743 1053 807 εἲς
1116 742 1277 817 μέσον
1342 741 1514 816 ἰόντα,
1574 742 1665 797 καὶ
1722 739 1874 805 αὖθις
1927 737 2016 796 διὰ

338 843 439 896 τοῦ
530 838 869 913 μαρτυρικοῦ
955 834 1176 910 χρωτὸς
1281 831 1616 904 ἐξετάζεσθαι
1714 827 2014 903 μέλλοντα,

338 925 657 1006 περιτρέπει
718 924 876 993 Θεὸς,
927 922 1017 978 καὶ
1068 919 1315 999 ἄπρακτα
1368 919 1641 977 δείκνυσι·
1702 918 2012 996 περιτρέπει

346 1016 426 1091 δὲ,
458 1016 559 1072 οῦκ
606 1011 787 1091 άωρίᾳ
840 1012 934 1068 τὸν
996 1011 1255 1088 τύραννον
1310 1010 1545 1083 πλήξας,
1598 1007 1724 1065 οὐδὲ
1769 1012 2014 1085 κεραυνῷ

356 1106 543 1184 βαλὼν
574 1105 793 1175 ἄνωθεν,
820 1103 903 1158 ὧν
955 1099 1127 1157 πάλαι
1177 1106 1366 1177 τυχεῖν
1428 1097 1596 1173 ἄξιος,
1626 1100 1718 1169 ἦν,
1751 1096 1878 1155 ἀλλ’
1937 1097 2013 1161 εἷς

359 1194 642 1271 ἐπίγνωσιν
724 1193 919 1248 ἑαυτοῦ
995 1188 1085 1246 διὰ
1151 1195 1250 1246 τοῦ
1320 1189 1594 1267 μάρτυρος
1650 1189 1749 1258 τὴν
1811 1187 2015 1244 ἐκείνου

354 1281 837 1362 προσκεκλημένος
894 1284 1142 1358 γυναῖκα,
1201 1280 1293 1336 καὶ
1368 1279 1464 1342 τὰς
1555 1278 1758 1334 ἐκείνου
1841 1276 2016 1340 πάσας

357 1375 441 1431 ἐπ’
469 1373 634 1442 αὐτὴν
677 1370 882 1449 τρέψας
914 1367 1229 1449 φροντίδας.
1258 1370 1351 1423 Ὃν
1381 1368 1485 1445 γὰρ
1541 1367 1744 1445 τρόπον
1800 1364 2014 1422 πολλα-

349 1463 511 1541 χόθεν
569 1483 657 1525 τις
719 1458 1089 1538 βαλλόμενος,
1150 1457 1231 1515 ἀεὶ
1309 1458 1445 1529 πρὸς
1525 1456 1652 1519 τοὺς
1712 1455 2014 1533 βάλλοντας

344 1553 574 1628 μετάγει
619 1550 718 1613 τὰς
771 1553 999 1626 χεῖρας·
1061 1546 1207 1604 οὕτω
1263 1546 1538 1619 κάκεῖνος,
1589 1545 1844 1622 ἑτέρωθεν
1892 1545 2018 1600 τότε

334 1642 596 1716 νύξαντος
652 1642 751 1695 τοῦ
798 1641 956 1707 Θεοῦ,
1004 1636 1142 1699 ὅλος
1194 1634 1353 1701 εὐθὺς
1413 1635 1585 1691 ἐκεῖσε
1631 1633 1879 1708 μετέστη,
1925 1639 2015 1691 καὶ

337 1730 472 1793 ὅλος
535 1728 748 1806 ἐγένετο
805 1732 904 1783 τοῦ
960 1728 1061 1796 τὴν
1124 1731 1357 1802 γυναῖκα
1414 1726 1589 1797 ἑαυτῷ
1617 1725 2013 1789 ἀνασώσασθαι.

340 1819 445 1877 Καὶ
502 1816 696 1887 πολλή
755 1817 851 1891 μὲν
911 1817 1133 1892 ὑπῆρχε
1188 1811 1337 1888 αὒτῷ
1382 1813 1521 1890 πρός
1565 1819 1729 1869 τοῦτο
1780 1811 2014 1884 σπουδὴ,

2124 654 2300 710 bebat
2328 669 2635 725 exponere.
3380 709 3385 713 ,

2198 745 2285 799 43.
2320 743 2432 800 Sed
2462 743 2585 798 haec
2615 741 2817 797 omnia
2868 757 3001 797 cum
3034 741 3234 795 essent
3277 736 3532 795 adducta
3559 737 3619 792 in
3650 752 3777 791 me-

2126 833 2312 900 dium,
2331 836 2389 889 et
2420 832 2479 887 in
2505 848 2718 903 corpus
2741 829 3015 902 Martyris
3046 827 3238 885 denuo
3262 827 3600 894 exserenda,
3626 841 3779 882 ever-

2124 923 2197 979 tit
2225 928 2377 978 Deus
2418 926 2477 977 et
2523 919 2757 976 inutilia
2789 918 3043 976 reddidit
3089 936 3103 974 :
3155 918 3333 991 idque
3363 934 3478 972 non
3527 915 3783 972 caecitate

2123 1015 2441 1085 tyrannum
2473 1010 2829 1083 percutiens,
2862 1025 2977 1064 non
3009 1007 3246 1076 qulmen
3279 1007 3530 1077 desuper
3557 1005 3617 1060 in
3648 1020 3783 1061 eum

2118 1101 2367 1174 jaciens,
2403 1099 2620 1172 quibus
2652 1097 2958 1170 suppliciis
2976 1098 3104 1171 jam
3131 1096 3357 1169 pridem
3380 1096 3596 1168 dignus
3618 1098 3781 1163 erat;

2125 1207 2328 1246 verum
2360 1191 2431 1245 ad
2467 1189 2557 1245 sui
2589 1188 2950 1262 agnitionem
3004 1187 3303 1242 adducens
3336 1201 3439 1258 per
3469 1183 3783 1257 Georgium

2126 1279 2422 1351 propriam
2453 1277 2614 1333 illius
2644 1293 2909 1342 uxorem,
2938 1292 3256 1345 omnesque
3284 1277 3413 1347 ejus
3443 1290 3616 1330 curas
3645 1289 3785 1329 con-

2126 1373 2219 1424 tra
2247 1368 2439 1440 ipsam
2480 1372 2845 1423 convertens.
2878 1366 3004 1421 Non
3054 1366 3234 1434 enim;
3283 1363 3788 1436 quemadmodum

2127 1457 2478 1530 plerumque
2526 1456 2577 1511 is
2626 1456 2729 1527 qui
2780 1454 3102 1527 impetitur,
3136 1470 3351 1510 manus
3402 1452 3684 1510 convertit
3725 1451 3786 1507 in

2127 1548 2497 1619 impetentes,
2531 1545 2615 1602 sic
2663 1549 2719 1601 et
2766 1544 3162 1602 Diocletianus
3192 1562 3204 1612 ;
3238 1544 3365 1611 sed,
3398 1541 3670 1598 stimulos
3702 1540 3785 1597 ei-

2130 1637 2259 1693 dem
2320 1634 2559 1691 aliunde
2614 1637 2964 1707 suggerente
3020 1638 3156 1705 Deo,
3190 1636 3348 1689 totus
3396 1648 3431 1687 a
3486 1630 3786 1704 proposito

2127 1730 2334 1798 raptus
2363 1729 2472 1795 est,
2505 1727 2784 1796 totusque
2816 1723 2874 1777 in
2906 1739 2972 1778 eo
3002 1738 3134 1778 esse
3164 1721 3338 1793 coepit
3373 1725 3441 1776 ut
3471 1736 3642 1776 suam
3673 1718 3788 1776 sibi

2129 1819 2388 1873 servaret
2417 1829 2680 1870 uxorem.
2714 1812 2996 1884 Magnum
3049 1826 3190 1868 sane
3239 1810 3505 1866 studium
3534 1808 3674 1865 huic
3704 1808 3788 1865 rei

344 1910 526 1966 πάντα
586 1910 838 1963 ποιοῦντι
896 1905 987 1960 καὶ
1060 1903 1311 1980 λέγοντι·
1374 1901 1522 1974 πλὴν
1579 1899 1694 1968 οὔθ’
1752 1902 2016 1979 ὑπαγαγέ-

2141 1903 2450 1978 impendit;
2483 1902 2585 1959 sed
2612 1901 2814 1958 omnia
2843 1900 3077 1956 facienti
3109 1899 3443 1971 dicentique
3474 1896 3619 1969 nihil
3650 1914 3789 1969 pro-

348 2000 475 2054 σθαι
522 1994 787 2069 ἠδύνατο,
837 1993 928 2050 καὶ
978 1994 1116 2051 ἅπαν
1160 1994 1190 2048 ’ὀ
1238 2000 1489 2069 προῆγε
1538 1993 1758 2055 πειθοῦς
1804 1992 2019 2070 φάρμα-

359 2109 483 2161 κον,
533 2082 801 2161 ἐμπόδιον
848 2085 915 2153 ἦν
966 2083 1043 2146 εἷς
1089 2082 1349 2153 πειθὼ,ἢ
1401 2079 1617 2156 μᾶλλον
1662 2081 1854 2153 εἰπεῖν,
1900 2081 2025 2161 ἐφό-

363 2174 481 2233 διον
541 2175 622 2238 εἷς
678 2173 934 2252 Χριστὸν,
987 2174 1204 2228 πάντων
1262 2170 1400 2245 αὐτῇ
1458 2171 1549 2226 καὶ
1602 2174 1711 2225 τῶν
1773 2171 2024 2228 ἐναντίων

359 2266 438 2328 εἷς
514 2258 794 2321 εὐσέϐειαν
865 2261 1291 2339 συνεργούντων,
1352 2260 1382 2315 ’ὸ
1439 2261 1528 2316 καὶ
1585 2257 1804 2323 Παῦλός
1862 2282 2025 2339 φησιν

357 2354 484 2432 περὶ
540 2357 651 2410 τῶν
712 2351 1089 2430 ἐργαζομένων
1147 2351 1210 2405 τὸ
1265 2350 1466 2424 ἀγαθὸν
1546 2348 1685 2405 ὥστε
1742 2351 2025 2415 κάντεῦθεν

356 2442 777 2519 ἀποκρουσθεὶς,
810 2442 902 2497 καὶ
958 2438 1429 2517 συλλογισάμενος
1487 2439 1619 2515 ὑπὲρ
1676 2438 1814 2495 ὅσων
1877 2438 2031 2518 ὦφλε

354 2538 436 2606 τῷ
489 2533 728 2608 μάρτυρι
787 2528 1057 2605 αἰσχύνην
1119 2528 1207 2583 καὶ
1266 2527 1506 2604 γέλωτα,
1563 2532 1725 2583 τοῦτο
1788 2529 1881 2602 μὲν
1941 2526 2031 2583 διὰ

355 2622 563 2685 παντὸς
588 2626 688 2676 τοῦ
739 2620 952 2696 ἀγῶνος
1008 2617 1192 2688 ἥττων
1243 2617 1453 2696 φανεὶς,
1501 2622 1687 2690 τοῦτο,
1724 2614 1781 2673 δὲ
1833 2617 2031 2692 ἐμπαι-

357 2711 534 2789 χθεὶς,
563 2715 730 2765 τοῦτο
759 2706 821 2765 δὲ
849 2708 940 2764 καὶ
970 2705 1223 2770 πολλοὺς
1272 2710 1382 2762 τῶν
1444 2705 1661 2763 οἰκείων
1720 2706 1811 2762 καὶ
1862 2706 2030 2775 αὐτὴν

358 2823 425 2879 γε
494 2801 598 2870 τὴν
675 2804 908 2875 γοναῖκα
981 2796 1284 2877 ἀφαιρεθείς
1311 2813 1330 2831 °‘
1390 2797 1465 2871 μὴ
1534 2794 1853 2871 ἐρωτήσεως
1929 2800 2031 2850 τοῦ

360 2888 589 2959 λοιποῦ,
624 2890 702 2963 μὴ
739 2886 989 2965 ῥήματος
1047 2886 1281 2960 ἀξιώσας
1314 2884 1525 2961 (ἐπειδή
1582 2885 1673 2940 καὶ
1729 2886 1793 2940 τὸ
1842 2882 2034 2941 δεσπο-

357 2980 511 3038 τικὸν
545 2980 661 3054 ἅμα
697 2977 823 3056 περὶ
869 2983 969 3048 τῆς
1017 2974 1283 3050 ἐκδημίας
1332 2974 1635 3046 συνήλαυνε
1688 2974 2035 3052 πρόσταγμα)

361 3069 527 3146 ἔγνω,
595 3065 779 3124 τάλλα
852 3062 1120 3142 παριδὼν,
1196 3065 1296 3133 τήν
1375 3061 1685 3120 τελευταίαν
1765 3062 2030 3142 ἀπόφασιν

363 3158 654 3234 ἐξενεγκεῖν
722 3156 840 3212 κατ’
897 3154 1093 3211 αὐτοῦ·
1150 3156 1186 3224 ἡ
1242 3150 1300 3209 δὲ
1362 3153 1430 3222 ἦν
1506 3151 1862 3231 ἀφαιρεθῆναι
1929 3154 2030 3222 τὴν

364 3246 633 3325 κεφαλήν.
692 3245 793 3303 Καὶ
859 3242 1060 3314 ταύτην
1122 3242 1421 3320 ἐξήνεγκεν,
1481 3241 1543 3296 οὐ
1604 3239 1817 3316 μᾶλλον
1868 3241 2028 3298 αὐτὸν

366 3334 586 3407 ἐξιστῶν
634 3338 743 3391 τῶν
797 3333 1105 3411 παρόντων,
1145 3333 1183 3403 ἢ
1234 3332 1420 3389 ἑαυτὸν
1465 3332 1804 3408 πραγμάτων
1853 3330 2028 3388 ἀπαλ-
2060 3314 2104 3382 (1

361 3425 600 3498 Λάττων,
651 3423 742 3488 καὶ
798 3421 1006 3499 ἄλγους
1068 3421 1157 3478 καὶ
1219 3419 1417 3493 ὀδύνης
1467 3423 1677 3498 ψυχῆς,
1737 3420 1773 3475 ἃ
1822 3427 2032 3496 προσῆν

360 3514 512 3587 αὖτῷ
569 3514 631 3571 ἐκ
687 3516 789 3569 τοῦ
847 3513 925 3587 μὴ
971 3510 1245 3589 κρείττονι
1302 3517 1529 3590 φανῆναι
1590 3508 1879 3566 δύνασθαι·
1941 3510 2032 3566 καὶ

358 3608 532 3663 ταῦτα
559 3599 767 3665 πάντας
819 3598 1018 3678 σχεδὸν
1081 3601 1400 3677 ἀνθρώπους
1457 3598 1643 3676 ἔχοντι
1700 3597 1881 3676 ὥσπερ
1928 3599 2034 3654 ἀπὸ

357 3693 631 3768 νεύματος
664 3693 1070 3769 ὑπηρετοῦντας
1099 3688 1267 3763 αὐτῷ.

2134 1995 2304 2050 desse
2334 1993 2525 2065 potuit
2559 2008 2572 2047 :
2608 1991 3001 2063 quodcunque
3037 1992 3235 2045 autem
3266 1987 3651 2062 pharmacum
3682 1987 3805 2055 adq,

2133 2082 2393 2152 hibebat,
2427 2081 2914 2154 impedimentum
2949 2082 3075 2134 erat
3100 2078 3171 2135 ad
3201 2076 3663 2150 persuasionem,
3688 2079 3790 2131 aut

2134 2172 2332 2247 potius
2361 2170 2808 2227 incitamentum
2828 2169 2900 2225 ad
2919 2168 3237 2236 Christum,
3261 2183 3396 2224 cum
3422 2165 3793 2222 adversantia

2136 2261 2337 2317 omnia
2365 2259 2473 2332 pia:
2496 2258 2727 2314 mulieri
2760 2260 3213 2328 cooperarentur
3235 2255 3297 2310 in
3318 2254 3562 2323 bonum,
3587 2269 3791 2326 quem-

2138 2350 2458 2408 admodum
2489 2347 2710 2403 Paulus
2753 2346 3020 2419 loquitur
3048 2346 3121 2401 de
3167 2344 3552 2417 diligentibus
3581 2348 3789 2399 Deum.

2137 2439 2323 2514 Igitur
2349 2455 2420 2495 ex
2446 2438 2556 2493 hac
2586 2436 2762 2492 etiam
2795 2439 2961 2507 parte
2989 2433 3284 2506 repulsus,
3320 2449 3425 2490 nec
3451 2431 3563 2489 nisi
3596 2432 3796 2488 confu-

2138 2530 2363 2588 sionem
2397 2544 2463 2584 ac
2494 2527 2681 2583 risum
2713 2525 2972 2581 referens
2992 2540 3064 2579 ex
3093 2522 3370 2579 omnibus
3396 2539 3524 2594 qua:
3556 2521 3796 2594 Martyri

2139 2618 2409 2686 debebat,
2442 2615 2579 2671 hinc
2610 2614 2670 2669 in
2703 2613 2865 2670 omni
2896 2611 3218 2668 certamine
3249 2611 3460 2678 victus,
3492 2610 3629 2666 inde
3659 2608 3793 2666 illu-

2140 2724 2266 2774 sus,
2301 2710 2477 2778 atque
2507 2702 2714 2760 multis
2745 2702 2870 2758 suis
2922 2700 3312 2756 familiaribus
3342 2699 3589 2771 ipsaque
3618 2715 3798 2755 uxore

2141 2795 2426 2869 privatus,
2458 2809 2576 2849 non
2608 2790 2864 2865 amplius
2892 2788 3351 2863 interrogatione
3370 2789 3683 2860 Martyrem
3715 2787 3799 2843 di-

2140 2885 2432 2959 gnabatur
2461 2881 2550 2937 vel
2574 2880 2848 2954 alloquio.
2869 2879 3158 2946 Quoniam
3187 2878 3465 2948 verojam
3494 2879 3800 2933 emanaret

2140 2975 2397 3032 edictum
2421 2974 2492 3028 de
2513 2971 2800 3037 discessu,
2820 2968 3044 3025 caeteris
3060 2967 3337 3023 omnibus
3358 2965 3791 3039 praetermissis,

2141 3068 2467 3120 extremam
2496 3065 2703 3117 contra
2753 3058 3065 3132 Georgium
3119 3055 3469 3113 sententiam
3501 3053 3747 3127 protulit
3778 3072 3792 3110 :

2138 3152 2414 3209 videlicet
2446 3155 2512 3206 ut
2559 3148 2749 3222 capite
2796 3146 3165 3220 plecteretur.
3214 3142 3464 3200 Protulit
3493 3146 3690 3200 autem
3721 3140 3793 3196 il-

2141 3242 2285 3313 lam,
2320 3257 2435 3296 non
2480 3238 2671 3311 magis
2714 3237 2911 3309 ipsum
2945 3235 3176 3307 fugiens
3224 3250 3401 3305 quam
3454 3234 3794 3305 praesentes,

2143 3331 2433 3405 planeque
2453 3326 2940 3400 desperabundns
2964 3341 3080 3397 prae
3098 3322 3295 3380 dolore
3324 3326 3383 3379 et
3403 3320 3797 3379 amaritudine

2144 3419 2490 3494 spiritus,ex
2519 3434 2587 3474 eo
2619 3416 2774 3489 quod
2807 3430 3085 3487 superare
3114 3429 3231 3469 non
3263 3412 3553 3485 potuisset
3582 3411 3795 3484 Marty-

2144 3527 2290 3581 rem,
2321 3509 2448 3582 ipse
2477 3524 2542 3565 se
2591 3506 2693 3578 qui
2740 3520 2944 3561 omnes
2995 3502 3178 3559 ferme
3225 3501 3497 3557 homines
3542 3499 3801 3556 habebat

2144 3599 2258 3656 sibi
2285 3598 2359 3655 ad
2384 3602 2596 3654 nutum
2632 3592 3008 3650 famulantes.

1893 3830 2267 3890 EPILOGUS.

426 3958 546 4036 ,μδ’.
578 3957 681 4019 Καὶ
710 3958 915 4036 γίνεται
961 3954 1029 4028 δὴ
1087 3961 1282 4015 τοῦτον
1338 3957 1431 4013 τὸν
1488 3955 1691 4033 τρόπον
1746 3957 1810 4012 τὸ
1866 3954 2032 4033 πέρας

355 4056 469 4115 τῶν
502 4050 740 4126 ἀγώνων
772 4052 854 4121 τῷ
909 4046 1181 4125 μάρτυρι·
1230 4047 1321 4105 καὶ
1380 4045 1555 4109 οὕτως
1601 4045 2035 4122 ἀγωνισάμενος,

357 4140 453 4205 καὶ
533 4138 682 4203 οὕτω
732 4137 967 4215 ¹θέατρον
1036 4136 1129 4192 καὶ
1212 4133 1475 4213 ἀγγέλοις
1557 4136 1648 4193 καὶ
1732 4134 2036 4212 ἀνθρώποις

357 4228 682 4309 γενόμενος,
745 4224 892 4282 οὕτω
966 4225 1105 4303 πρὸς
1156 4225 1387 4303 Χριστὸν
1443 4226 1534 4283 τὸν
1599 4223 1766 4301 μέγαν
1824 4223 2032 4300 ἀγωνο-

360 4319 527 4389 θέτην
609 4317 705 4373 καὶ
784 4312 1185 4394 στεφανοδότην
1267 4315 1575 4391 ἀνέρχεται,
1658 4313 1720 4368 οὗ
1797 4312 1888 4367 καὶ
1967 4313 2037 4368 τὰ

358 4407 642 4485 στίγματα
694 4403 977 4482 βαστάζων
1037 4403 1128 4459 καὶ
1196 4400 1537 4478 προδεικνὺς,
1604 4401 1884 4480 σύμφυτος
1936 4405 2035 4456 τοῦ

357 4496 571 4558 πάθους
628 4492 955 4570 γνωρίζεται
1012 4492 1103 4549 καὶ
1171 4490 1623 4570 συγκληρονόμος
1689 4493 1789 4560 τῆς
1876 4487 2036 4563 δόξης

358 4584 754 4662 ἀναγορεύεται
789 4626 802 4639 .

359 4673 653 4748 δαιμονες,
754 4673 1091 4744 ἡττήθησαν,
1171 4670 1545 4748 ᾐσχύνθησαν,
1633 4670 2031 4745 ὑπεχώρησαν·

363 4764 510 4822 ὥστε
572 4761 879 4840 μέμφεσθαι
940 4761 1173 4833 ἑαυτοῖς,
1237 4758 1321 4816 ὅτι
1373 4765 1456 4833 τῷ
1512 4760 1770 4832 ἀηττήτῳ
1835 4759 2033 4834 προσέ-

362 4849 583 4917 Βαλλον
635 4852 736 4921 τὴν
779 4851 984 4928 ἀρχὴν,
1014 4850 1316 4928 μέμφεσθαι
1375 4847 1433 4904 δὲ
1488 4848 1580 4906 καὶ
1636 4847 2036 4921 Διοκλητιανῷ,

360 4942 456 5001 ὅτι
515 4936 749 5019 ὄργανον
804 4939 990 5001 αὐτοῖς
1047 4937 1341 5015 γενόμενος
1416 4937 1500 4994 ἐπ’
1559 4937 1745 5008 αὐτὸν,
1813 4931 2035 5013 ὄργανον

373 5029 619 5106 μᾶλλον,
652 5034 772 5092 τοῖς
804 5028 1178 5105 χρησαμένοις
1227 5027 1360 5104 ὑπὲρ
1408 5024 1480 5083 ὦν
1536 5026 1637 5082 οὐκ
1691 5023 2035 5098 ἐσπούδαζεν,

360 5121 551 5192 ἥττης
604 5117 697 5182 καὶ
745 5114 962 5188 ἀδοξίας
1016 5114 1250 5193 ἐγένετο,
1276 5116 1366 5173 καὶ
1422 5115 1670 5190 τοσούτῳ
1725 5136 1790 5189 γε
1844 5113 2036 5185 πλέον,

356 5209 483 5283 ὅσῳ
534 5207 627 5273 καὶ
685 5205 857 5267 πλέον
908 5211 1359 5281 ,καθυπουργῆσαι
1405 5203 1802 5280 ἐφιλονείκησε.
1832 5202 2037 5258 Τούτου

358 5301 473 5370 (τὴν
520 5297 820 5371 ,ὑπομονὴν
877 5293 1250 5370 ἐξεπλάγησαν
1309 5291 1561 5370 ἄγγελοι,
1612 5293 1657 5349 εἷ
1714 5292 1764 5348 έν
1824 5292 2038 5366 σώματι

364 5387 455 5445 ὢν
520 5383 833 5463 ἅνθρωπος,
891 5382 940 5438 εἰ
995 5380 1380 5457 συνδεδεμένος
1436 5381 1513 5439 ἔτι
1569 5386 1640 5457 τῇ
1698 5381 1822 5457 ὕλῃ,
1874 5380 1921 5436 εἴ
1974 5382 2039 5437 τὸ

515 5498 541 5541 ς
608 5475 722 5534 »οὐκ
806 5473 1167 5547 ἀποθέμενος,
1220 5472 1320 5529 οὐκ
1392 5469 1653 5555 ἐνάρκησε
1726 5471 1862 5549 πρὸς
1941 5470 2038 5534 τὰς

362 5557 662 5649 βασάνους,
698 5563 799 5620 ούκ
841 5559 1162 5632 ἐδειλίασεν,
1194 5561 1287 5618 οὖν
1337 5559 1739 5625 ἐνέδωκεζταῖς
1799 5557 2035 5632 ὀδύναις,

360 5644 477 5717 οὐκ
522 5653 701 5717 ,ἔπαθε
760 5652 830 5715 τὸ
884 5659 987 5724 τῆς
1018 5649 1182 5725 ὕλης,
1216 5650 1315 5707 οὐκ
1342 5650 1657 5723 ἠλλοιώθη,
1691 5649 1754 5707 οὐ
1810 5644 2038 5723 μετεϐά-

360 5744 530 5822 λετο,
584 5743 696 5805 ,οὐκ
769 5741 855 5800 ἐπ’
918 5733 1203 5819 ἀμφύτερα
1255 5736 1382 5813 εἶδε,
1410 5735 1500 5797 ίοῦ
1534 5736 1693 5816 ’πρὸς
1748 5738 1839 5795 τὸν
1898 5742 2035 5815 χοῦν

2217 3956 2306 4011 44.
2340 3954 2459 4011 Ηοο
2506 3953 2680 4010 modo
2721 3953 2902 4008 ﬁnem
2953 3951 3304 4024 acceperunt
3346 3962 3564 4020 agones
3611 3944 3801 4003 sancti

2147 4044 2374 4117 Georgii
2411 4061 2425 4098 :
2459 4043 2658 4114 sicque
2706 4042 3014 4098 decertans
3042 4045 3100 4095 et
3142 4037 3542 4112 spectaculum
3575 4033 3801 4108 angelis

2144 4141 2321 4209 atque
2367 4133 2709 4191 hominibus
2762 4133 2971 4200 factus,
3016 4129 3265 4186 excessit
3311 4125 3680 4184 coronandus
3725 4124 3797 4179 ad

2140 4223 2561 4298 agonotbetam
2591 4225 2650 4283 et
2696 4220 3037 4288 Christum;
3072 4219 3200 4290 ejus
3249 4217 3529 4290 stigmata
3555 4217 3799 4287 portans

2145 4330 2212 4371 ac
2262 4312 2458 4385 palam
2501 4314 2825 4377 ostentans,
2874 4307 3069 4364 socius
3116 4306 3338 4364 exstitit
3385 4303 3701 4378 passionis,
3743 4305 3805 4358 et

2145 4402 2399 4460 cohaares
2431 4400 2625 4475 gloria
2678 4397 3019 4455 nominatus
3065 4400 3174 4453 est.
3225 4393 3628 4451 Constantiam
3668 4393 3800 4464 ejus

2145 4492 2573 4549 exhorruerunt
2615 4490 2930 4559 daemones,
2958 4485 3216 4557 victique
3244 4488 3303 4540 et
3351 4482 3581 4539 confusi
3610 4498 3799 4538 reces-

916 4582 1124 4641 Τούτου
1228 4583 1329 4651 τήν
1433 4579 1718 4657 καρτερίαν
1821 4576 2027 4659 ἔφριξαν

2147 4584 2371 4647 serunt,
2404 4580 2550 4635 adeo
2578 4581 2643 4634 ut
2671 4577 2897 4649 seipsos
2916 4575 3243 4648 culparent,
3262 4572 3418 4644 quod
3449 4588 3485 4626 a
3513 4570 3801 4643 principio

2144 4674 2342 4727 essent
2373 4685 2509 4725 cum
2541 4669 2601 4723 in
2632 4667 2845 4722 invicto
2861 4664 3199 4738 congressi;
3231 4661 3537 4733 culparent
3566 4675 3801 4733 quoque

2146 4757 2599 4828 Diocletianum,
2662 4756 2817 4829 quod
2873 4754 3021 4826 ipsis
3093 4752 3560 4808 instrumentum
3608 4748 3799 4805 factus

2147 4852 2353 4904 contra
2373 4846 2711 4918 Martyrem,
2734 4860 2838 4917 per
2857 4860 2926 4899 ea
2945 4841 3162 4915 quibus
3183 4857 3329 4899 usus
3354 4842 3478 4896 erat
3497 4838 3570 4895 ad
3594 4852 3798 4894 eorum

2144 4937 2461 5007 intentum,
2494 4936 2683 4991 factus
2725 4936 2882 4989 esset
2909 4931 3058 5004 ipsis
3105 4930 3566 4989 instrumentum
3612 4925 3799 4983 cladis

2145 5031 2202 5083 et
2249 5024 2585 5098 ignominiae
2613 5041 2627 5093 ;
2658 5022 2837 5094 idque
2884 5023 3047 5076 tanto
3091 5019 3304 5093 magis,
3335 5020 3558 5090 quanto
3607 5015 3798 5088 magis

2144 5115 2375 5171 vincere
2433 5111 2841 5169 contendebat.
2896 5109 3246 5167 Patientiam
3301 5109 3431 5179 ejus
3479 5106 3800 5178 obstupue-

2150 5207 2291 5259 runt
2319 5201 2531 5275 angeli,
2573 5201 2752 5273 quod,
2786 5215 2920 5257 cum
2951 5198 3127 5255 homo
3173 5201 3329 5257 esset
3356 5211 3595 5269 corpore
3624 5196 3804 5251 mate-

2148 5292 2281 5349 riali
2313 5290 2733 5354 circumdatus,
2764 5293 2823 5345 et
2863 5280 3038 5361 grave
3083 5288 3195 5343 hoc
3222 5303 3373 5343 onus
3424 5284 3677 5340 necdum
3708 5283 3805 5339 de-

2147 5381 2483 5455 posuisset;
2516 5396 2632 5436 non
2678 5382 2876 5434 tamen
2926 5377 3190 5451 elanguit
3219 5377 3290 5433 ad
3338 5377 3652 5441 tormenta,
3684 5389 3803 5429 non

2147 5469 2505 5537 formidavit,
2536 5485 2653 5525 non
2704 5466 2949 5523 tradidit
2991 5467 3252 5539 seipsum
3301 5464 3623 5531 doloribus,
3654 5460 3804 5521 nihil

2147 5559 2401 5617 materias
2460 5573 2783 5613 consonum
2843 5573 3055 5629 passus
3109 5559 3220 5622 est,
3262 5571 3367 5610 nec
3413 5570 3448 5609 a
3501 5549 3802 5624 proposito

2147 5648 2437 5705 alienatus
2485 5646 2890 5717 abductusque
2924 5664 2937 5715 ;
2971 5661 3086 5702 non
3131 5642 3426 5700 haesitavit
3471 5641 3532 5697 in
3572 5643 3799 5713 partem

2149 5734 2514 5807 alterutram,
2549 5753 2666 5794 non
2694 5735 2859 5793 humi
2892 5734 3148 5808 respexit
3175 5735 3465 5791 formatus
3494 5746 3565 5786 ex
3591 5729 3796 5785 humo.
