4108 6448
351 452 467 514 343

1372 442 1694 510 GEORGII
1736 440 2001 506 CYPRII
2045 439 2165 502 GP.
2211 440 2747 504 PATRIARCHIE

3652 440 3773 500 344

353 601 470 640 non
501 582 752 654 denique
781 597 957 638 suum
1011 579 1169 635 unde
1210 583 1488 651 sumptus
1518 582 1643 634 erat
1692 574 1998 648 requisivit

2121 570 2330 642 ἐκινήθη
2374 573 2402 625 6
2444 571 2502 626 ἐκ
2539 572 2696 648 χοὸς,
2731 569 2791 626 οὐ
2839 571 2940 640 τὴν
3001 566 3203 625 οἰκείαν
3259 566 3488 643 ἐξῄτησε
3543 569 3769 646 χώραν·

351 674 570 740 locum,
603 673 705 727 sed
754 675 913 727 totus
965 671 1023 725 in
1068 686 1270 726 eorum
1322 669 1538 740 quibus
1582 668 1861 723 fruuntur
1890 664 2003 737 ipsi

354 761 546 834 angeli
577 759 1067 830 contemplatione
1117 759 1360 827 deﬁxus,
1396 757 1655 830 ipsisque
1689 753 2003 812 assimilari

354 852 734 921 contendens,
755 850 872 904 vim
897 849 1008 905 sibi
1034 849 1253 917 intulit,
1275 847 1455 903 veluti
1477 847 1525 902 si
1553 851 1823 902 naturam
1845 861 2004 900 com-

355 955 713 1010 munemque
745 954 1000 993 massam
1033 937 1338 1008 ejurasset.

427 1030 514 1084 45.
550 1027 890 1083 Admiratus
930 1031 1018 1082 est
1048 1043 1182 1080 eum
1236 1026 1582 1080 Sanctorum
1615 1023 1848 1089 chorus,
1883 1038 2004 1078 me-

355 1119 520 1174 dium
552 1116 969 1189 excipientium
1002 1113 1618 1184 considerantiumque
1649 1112 1912 1184 singulos
1944 1127 2006 1167 se

356 1209 428 1264 ab
459 1225 574 1262 uno
623 1207 723 1261 illo
774 1210 1099 1278 superatos,
1133 1205 1446 1276 ipsumque
1498 1203 1726 1258 reveriti
1767 1203 2004 1256 beatum

354 1297 834 1369 praedicaverunt.
854 1295 1099 1366 Agnovit
1125 1293 1186 1346 in
1206 1309 1270 1346 eo
1288 1291 1584 1347 Abraham
1615 1291 1788 1346 ﬁdem
1813 1307 2003 1358 suam,

356 1403 460 1458 per
489 1401 667 1457 quam
702 1383 956 1438 salvatus
989 1389 1045 1437 et
1071 1383 1298 1437 amicus
1329 1381 1432 1436 Dei
1462 1380 1652 1436 factus
1682 1384 1788 1436 est.
1815 1381 2008 1450 Agno-

354 1475 435 1530 vit
461 1475 570 1530 Job
588 1482 644 1528 et
675 1471 905 1544 plagam
924 1478 979 1526 et
997 1470 1338 1542 patientiam
1360 1487 1373 1537 ;
1397 1475 1638 1540 uterque
1661 1474 1854 1524 autem
1879 1469 2008 1538 ejus

355 1580 493 1635 erga
523 1579 808 1636 pauperes
851 1561 1260 1616 liberalitatem
1297 1560 1576 1614 laudavit.
1611 1557 2010 1614 Consideravit

353 1653 415 1708 in
447 1669 514 1708 eo
544 1657 769 1724 Moyses
819 1666 1079 1705 amorem
1119 1666 1258 1721 erga
1305 1648 1658 1720 proximum,
1691 1648 1792 1703 sed
1838 1646 2008 1718 longe

356 1759 533 1816 quam
574 1742 857 1797 habuerat
886 1740 1010 1811 ipse
1061 1738 1464 1794 sublimiorem
1495 1738 1958 1807 divinioremque
1992 1760 2007 1792 :

353 1831 623 1887 aestuavit
651 1830 806 1886 enim
845 1828 966 1884 zelo
997 1829 1214 1900 Martyr
1245 1844 1347 1899 pro
1380 1827 1691 1882 animabus
1741 1824 2008 1898 tyranni-

354 1921 489 1975 dem
535 1919 920 1990 patientibus,
965 1933 1079 1972 non
1134 1934 1238 1987 pro
1293 1916 1635 1987 corporibus
1679 1915 1738 1970 in
1791 1914 2011 2015 luto‘et
2040 1950 2088 2015 B

351 2009 534 2064 latere
564 2023 893 2062 aerumnosa
923 2005 1226 2078 occupatis
1261 2024 1274 2073 ;
1308 2005 1494 2078 signis
1524 2009 1723 2060 autem
1755 2002 2012 2076 ﬂagella-

352 2099 458 2165 vit,
482 2115 598 2153 non
631 2099 963 2170 /Egyptum,
997 2096 1097 2150 sed
1131 2095 1305 2150 corda
1333 2095 1649 2167 impiorum
1676 2112 1689 2161 ;
1723 2099 1778 2149 et
1810 2093 2011 2148 invisi-

353 2187 534 2243 bilem
566 2187 953 2252 Pharaonem,
985 2202 1118 2239 cum
1171 2184 1330 2239 omni
1361 2201 1469 2238 sua
1516 2184 1752 2250 virtute,
1781 2199 1895 2238 non
1949 2182 2009 2236 in

355 2277 525 2350 aquis
559 2275 824 2342 marinis,
858 2275 959 2330 sed
991 2274 1051 2328 in
1101 2290 1206 2328 suo
1238 2273 1518 2328 demersit
1561 2272 1888 2345 sanguine;
1923 2271 2006 2326 1a-

357 2367 528 2422 bores
556 2382 690 2420 vero
721 2369 776 2420 et
807 2363 1005 2436 praelia
1053 2362 1186 2430 alia,
1221 2380 1336 2418 non
1385 2362 1663 2418 adversus
1695 2366 1862 2416 terra;
1894 2362 2008 2417 hu-

347 2457 451 2528 jus
487 2457 748 2527 potentes
780 2470 884 2524 pro
906 2452 1137 2507 modica
1164 2452 1452 2507 sustinuit
1473 2451 1828 2520 hazreditate,
1852 2456 1918 2506 ut
1947 2451 2006 2506 in

353 2561 484 2600 eam
541 2543 844 2599 induceret
895 2541 1188 2596 carnalem
1244 2540 1462 2609 Israel;
1523 2541 1624 2596 sed
1675 2557 1779 2613 pro
1829 2558 2006 2612 regno

350 2633 590 2699 caelesti,
623 2633 904 2688 adversus
938 2630 1231 2702 principes
1263 2635 1320 2686 et
1350 2635 1692 2702 potestates,
1725 2631 2006 2686 adversus

349 2721 555 2779 mundi
586 2725 837 2778 rectores
869 2720 1245 2776 tenebrarum
1301 2719 1535 2774 harum.
1573 2719 1730 2774 Elias
1778 2719 2004 2775 zeloten

347 2829 483 2869 eum
515 2810 768 2884 agnovit,
803 2826 965 2881 aeque
997 2826 1061 2864 ac
1091 2809 1376 2880 seipsum,
1401 2808 1460 2863 in
1493 2809 1862 2880 coarguenda
1891 2809 2004 2864 im-

348 2901 613 2974 pietate:
677 2899 779 2954 sed
832 2899 1068 2970 quando
1118 2898 1362 2969 propius
1409 2913 1544 2952 eum
1597 2897 1844 2969 aspexit,
1886 2915 2001 2954 non

345 2989 538 3062 potuit
589 2989 779 3044 visum
829 2986 1132 3041 intendere
1179 2985 1238 3039 in
1285 3002 1442 3040 eum.
1478 2985 1604 3041 Non
1654 2987 1813 3042 enim
1857 2987 2004 3060 fugit

347 3078 566 3150 Martyr
595 3094 629 3132 a
681 3076 828 3131 facie
877 3073 1379 3147 persequentium,
1414 3091 1532 3129 non
1579 3075 1637 3129 in
1689 3074 2004 3132 solitudine

348 3167 588 3222 abditus
612 3164 879 3236 privatim
898 3163 1336 3218 lamentabatur
1351 3163 1708 3235 impietatem
1737 3163 1963 3220 [sraelis
1985 3181 1998 3219 :

350 3256 452 3312 sed
487 3255 683 3309 media
701 3254 759 3307 in
789 3251 1046 3325 pericula
1067 3267 1194 3308 sese
1211 3251 1490 3321 inferens,
1515 3251 1678 3308 illata
1698 3252 1998 3323 sustinuit,

2112 659 2238 716 ἀλλ’
2279 661 2410 723 ὅλος
2439 662 2506 731 ἧν
2539 661 2674 735 πρὸς
2703 661 2770 715 τὰ
2800 659 3017 715 ἐκείνων
3068 657 3311 736 βλέπων,
3338 659 3432 714 καὶ
3497 657 3769 729 ἐσωθῆναι

2114 748 2460 828 φιλονεικῶν,
2493 746 2754 820 ἐκϐιάζων
2788 748 2968 826 ὥσπερ
2997 750 3097 819 τήν
3131 748 3310 827 φύσιν,
3341 749 3433 804 καὶ
3479 749 3542 804 τὸ
3587 755 3774 827 κρᾶμα

2113 839 2469 917 ἀρνούμενος.

2190 1020 2289 1091 με’.
2349 1022 2546 1073 Τοῦτον
2621 1018 2712 1073 καὶ
2788 1016 2958 1093 χορὸς
3038 1014 3237 1093 ’Δγίων
3317 1015 3608 1090 ἐθαύμασε,
3683 1017 3775 1072 καὶ

2121 1106 2280 1180 μέσον
2337 1102 2749 1181 περιλαϐόντες,
2801 1107 2866 1162 τὸ
2940 1106 3216 1182 ὑστέρημα
3288 1103 3511 1168 ἕκαστος
3583 1107 3774 1162 ἑαυτοῦ

2117 1197 2168 1251 ἐν
2231 1197 2308 1251 ἐνὶ
2363 1197 2542 1270 τούτῳ
2601 1195 3033 1272 πεπληρωμένον
3089 1199 3500 1266 κατανοοῦντες,
3540 1192 3774 1270 ᾐδέσθη-

2117 1307 2210 1341 σαν
2262 1286 2351 1341 καὶ
2409 1285 2759 1361 ἐμακάρισαν.
2811 1283 2964 1339 Εἷδεν
3028 1279 3278 1359 Ἀϐραὰμ
3325 1283 3376 1338 ἐν
3449 1284 3630 1358 τούτῳ
3685 1285 3776 1340 καὶ

2115 1378 2215 1445 τήν
2277 1376 2478 1431 οἰκείαν
2537 1376 2740 1445 πίστιν,
2774 1372 2841 1430 δι’
2898 1378 2963 1444 ἧς
3023 1371 3342 1446 ἐδικαιώθη,
3384 1375 3566 1442 καὶτὸ
3611 1372 3773 1452 φιλό-

2117 1467 2256 1522 θεον.
2308 1463 2458 1520 Εἶδεν
2520 1460 2643 1520 Ἰὼϐ
2702 1465 2790 1519 καὶ
2847 1466 2946 1534 τὴν
3005 1463 3250 1539 πληγὴν,
3288 1464 3378 1518 καὶ
3437 1465 3535 1532 τήν
3586 1485 3777 1540 καρτε-

2119 1556 2255 1629 ρίαν,
2301 1556 2389 1609 καὶ
2467 1555 2765 1632 ἀμφότεροι
2841 1555 2940 1622 τὴν
3013 1552 3458 1631 φιλοπτωχείαν·
3522 1550 3661 1608 εἶδον
3718 1550 3778 1608 δὶ

2116 1644 2204 1697 καὶ
2254 1649 2361 1698 τῶν
2411 1642 2626 1698 οἰκείων
2687 1643 2931 1698 ἐπέκεινα
2989 1643 3080 1696 τὸν
3137 1642 3272 1718 ὑπὲρ
3328 1646 3562 1718 Χριστοῦ
3615 1644 3774 1705 θάνα-

2115 1755 2228 1789 τον.
2281 1732 2580 1802 Κατενόησε
2637 1739 2873 1801 Μωϋσῆς
2921 1730 3134 1808 ἀγάπην
3203 1731 3328 1808 περὶ
3383 1730 3512 1794 τοὺς
3571 1731 3779 1809 ὁμοφύ-

2119 1821 2250 1884 λους
2299 1821 2350 1876 ἐν
2403 1821 2605 1894 τούτῳ,
2647 1821 2774 1876 ἀλλ’
2819 1823 2886 1890 ἧς
2938 1820 3098 1883 αὐτὸς
3150 1817 3382 1896 ἔσχηκεν
3435 1817 3776 1896 ὑψηλοτέραν

2117 1912 2207 1966 καὶ
2265 1913 2536 1986 θειοτέραν
2621 1915 2842 1987 μακρῷ·
2907 1910 3038 1986 ὑπὲρ
3098 1909 3198 1986 γὰρ
3255 1913 3449 1986 ψυχῶν
3511 1909 3780 1984 ἐπυροῦτο

2120 2001 2562 2076 τυραννουμένων
2619 2002 2648 2055 ὁ
2705 2001 2948 2074 Μάρτυς,
2996 1999 3057 2054 οὐ
3117 1999 3384 2072 σωμάτων
3462 1996 3632 2070 πηλῷ
3687 1999 3779 2053 καὶ

2120 2090 2346 2161 πλινθίᾳ
2401 2087 2927 2164 ταλαιπωρούντων·
2980 2087 3227 2159 σηηείοις
3273 2109 3351 2160 τε,
3404 2087 3466 2142 οὐ
3517 2088 3615 2156 τὴν
3671 2084 3772 2142 Δί’-

2118 2201 2346 2256 γυπτον,
2378 2180 2525 2236 ἀλλὰ
2579 2177 2804 2256 καρδίας
2869 2179 3040 2233 ἀθέων
3102 2176 3372 2252 ἐμάστιξε,
3421 2175 3512 2232 καὶ
3571 2177 3774 2252 Φαραὼ

2117 2269 2209 2324 τὸν
2252 2270 2446 2340 νοητὸν
2501 2270 2633 2342 μετὰ
2678 2276 2780 2338 τῆς
2835 2269 2922 2323 ὑπ’
2961 2267 3119 2323 αὐτὸν
3182 2265 3486 2340 δυνάμεως,
3548 2265 3648 2321 οὐκ
3721 2265 3774 2321 ἐν

2118 2357 2272 2414 ὕδασι
2320 2358 2616 2430 θαλάσσης,
2661 2359 2712 2414 ἐν
2764 2356 2952 2432 α’ίμασι
2999 2355 3057 2412 δὲ
3102 2362 3219 2420 τοῖς
3274 2357 3466 2412 ἑαυτοῦ
3517 2355 3779 2412 κατεπόν-

2114 2470 2258 2504 τισεο
2311 2448 2510 2510 πόνους
2567 2469 2626 2502 τε
2695 2447 2785 2502 καὶ
2855 2447 3035 2524 μάχας
3083 2443 3279 2518 ἄλλας,
3335 2446 3397 2501 οὐ
3455 2446 3590 2522 πρὸς
3647 2445 3777 2508 τοὺς

2115 2543 2442 2616 κρατοῦντας
2500 2545 2602 2608 τῆς
2660 2539 2807 2592 κάτω
2857 2544 2983 2613 γῆς,
3036 2537 3125 2591 καὶ
3175 2537 3300 2611 περί
3350 2541 3546 2613 μικρᾶς
3579 2532 3776 2591 ἐνεδεί-

2118 2628 2267 2698 ξατο,
2319 2625 2412 2682 ⁹ίνα
2475 2625 3014 2703 κατακληρονομηθῇ
3075 2627 3102 2680 ὁ
3158 2625 3218 2681 ἐκ
3272 2626 3472 2702 σαρκὸς
3532 2622 3774 2702 Ἰσραὴλ,

2120 2717 2245 2773 ἀλλ’
2277 2717 2410 2793 ὑπὲρ
2465 2721 2572 2771 τῶν
2631 2715 2920 2793 οὐρανίων,
2951 2716 3042 2770 καὶ
3100 2715 3240 2792 πρὸς
3294 2716 3392 2777 τὰς
3451 2714 3625 2792 ἀρχὰς
3678 2719 3778 2769 τοῦ

2119 2807 2374 2877 σκότους,
2422 2811 2558 2883 πρὸς
2617 2807 2712 2868 τὰς
2764 2804 3004 2879 ἐξουσίας
3053 2805 3144 2860 καὶ
3189 2805 3282 2860 τὸν
3333 2803 3772 2881 κοσμοκράτορα.

2117 2895 2277 2952 Ἣλία
2357 2892 2397 2932 ”-
2642 2895 2658 2914 ‘
2969 2895 2983 2913 ‘
3169 2893 3183 2912 ‘
3465 2894 3481 2916 ί
3719 2893 3734 2912 ‘

2283 2917 2307 2958 ς
2356 2916 2552 2972 εγνωκε
2603 2915 2696 2968 μεν
2767 2893 3046 2966 ζηλωτην,
3096 2915 3186 2949 και
3253 2893 3404 2949 τόνδε
3450 2914 3525 2956 ως
3587 2893 3772 2948 ἐαυτον

2117 2985 2206 3040 καὶ
2282 2984 2508 3058 ἀνομίαν
2580 2982 2911 3060 ἐλέγχοντα·
2953 2985 2983 3040 ’ὀ
3032 2981 3078 3039 δ’
3134 2984 3382 3040 ἐπέκεινα
3457 2982 3644 3048 ἐθεᾶτο
3720 2983 3772 3038 ἐν

2115 3075 2316 3147 τούτῳ,
2350 3074 2450 3129 οὐκ
2499 3074 2641 3150 εἶχεν
2695 3073 2746 3128 ἐν
2789 3072 2935 3145 αὐτῷ
2975 3070 3231 3130 κατιδεῖν.
3277 3071 3350 3127 Οὐ
3398 3073 3503 3150 γὰρ
3554 3068 3774 3150 ἔφευγεν

2117 3163 2221 3218 ἀπὸ
2269 3164 2569 3240 προσώπου
2616 3167 2724 3218 τῶν
2777 3161 3083 3218 διωκόντων
3136 3162 3164 3216 ὁ
3197 3163 3445 3236 Μάρτυς,
3479 3158 3595 3216 οὐδ’
3645 3159 3774 3237 ἐρηο

2121 3253 2218 3326 μίᾳ
2269 3252 2562 3328 γενόμενος
2621 3252 2711 3306 καὶ
2785 3249 3190 3326 καλυψάμενος,
3248 3253 3435 3326 ἡσυχῆ
3491 3251 3592 3320 τὴν
3655 3250 3774 3305 ἀσέ-

351 3343 680 3400 secundum
725 3341 1251 3414 promptitudinem
1303 3340 1552 3413 spiritus
1583 3358 1796 3413 corpus
1827 3359 2004 3399 suum

2121 3323 2532 3419 δέων-ἐθρήνει
2585 3346 2682 3396 τοῦ
2734 3323 3174 3417 Ἰσραήλοῗάλγ
3232 3341 3310 3404 εἷς
3362 3323 3568 3415 μέσους
3617 3340 3774 3405 ὠθῶν

349 3432 469 3487 illis
499 3430 802 3486 exhibens.
836 3429 990 3486 Socii
1019 3430 1256 3500 Azariaa,
1289 3433 1347 3485 et
1376 3429 1601 3496 Daniel,
1636 3431 1695 3485 in
1729 3430 1859 3487 lacu
1889 3449 2006 3488 non

350 3520 466 3576 nisi
497 3519 1080 3591 comprehensionem
1114 3523 1172 3573 et
1205 3519 1686 3575 circumstantem
1718 3520 1916 3593 ignem
1947 3521 2006 3576 in

349 3609 528 3680 seipsi
562 3607 946 3679 invenientes,
979 3607 1208 3678 reliqua
1237 3607 1435 3663 omnia
1461 3608 1521 3663 in
1544 3608 1671 3680 ipso
1704 3610 2008 3682 superiora

349 3698 798 3754 conﬁtebantur.
833 3697 980 3761 Quid
1014 3713 1148 3751 vero
1174 3698 1384 3752 attinet
1411 3714 1873 3754 commemorare
1901 3716 2007 3754 cae-

349 3791 507 3843 teros
527 3786 555 3840 ‘I
581 3785 865 3857 Discipuli
893 3784 1133 3855 Christi,
1159 3784 1260 3857 qui
1289 3789 1479 3840 totum
1505 3787 1791 3842 mundum
1825 3788 2007 3843 Evan-

352 3875 502 3948 gelio
533 3874 817 3946 complexi
869 3878 1027 3942 sunt,
1062 3890 1342 3945 magnum
1394 3875 1502 3930 hoc
1533 3892 1651 3930 suae
1684 3877 2007 3933 confessio-

352 3966 446 4020 nis
474 3980 715 4036 germen
746 3963 1066 4029 intuentes,
1105 3962 1188 4017 sic
1237 3963 1521 4018 ferentem
1551 3963 1764 4020 Christi
1796 3982 2006 4021 nomen

355 4070 551 4110 coram
586 4052 823 4124 regibus
867 4056 924 4107 et
970 4051 1256 4123 tyrannis,
1289 4069 1484 4107 coram
1532 4051 1796 4109 millibus
1827 4053 2012 4110 homi-

355 4161 521 4211 num,
545 4143 605 4198 in
628 4141 883 4197 maximo
902 4141 1164 4208 theatro;
1198 4142 1282 4197 sic
1310 4141 1557 4197 fidenter
1571 4143 2007 4213 praedicantem,

353 4235 635 4303 tantoque
665 4246 805 4302 erga
832 4247 966 4286 eum
999 4247 1174 4301 quem
1209 4230 1560 4302 praedicabat
1591 4248 1790 4288 amore
1818 4232 2014 4289 incen-

355 4337 511 4390 sum,
544 4325 611 4375 ut
642 4319 885 4375 minime
916 4323 1293 4374 cunctaretur
1342 4323 1445 4374 aut
1474 4319 1797 4392 ambigeret
1827 4323 2012 4377 amori

353 4409 757 4465 obsecundare
787 4424 891 4480 per
922 4407 1161 4475 omnia;
1194 4408 1404 4463 deinde
1437 4413 1743 4480 propterea
1787 4410 2011 4481 patien-

354 4501 473 4554 tem
529 4497 724 4553 solum
783 4497 1001 4568 ipsum,
1047 4501 1330 4566 quantum
1382 4497 1559 4552 simul
1606 4515 1811 4555 omnes
1854 4502 2011 4571 passi

354 4587 622 4654 fuerant;
657 4584 1034 4642 exsultabant
1063 4586 1300 4656 gaudio,
1334 4589 1390 4640 et
1417 4585 1593 4641 veluti
1627 4605 1871 4644 suarum
1927 4609 2015 4645 co-

2117 3432 2302 3487 ἐαυτὸν
2360 3429 2488 3493 τοὺς
2562 3427 2862 3502 κινδύνους,
2911 3431 2979 3484 τὰ
3036 3429 3253 3486 ἐπιόντα
3310 3429 3587 3508 ὑφίστατο,
3643 3430 3780 3483 κατὰ

2113 3523 2213 3590 τήν
2274 3519 2578 3597 προθυμίαν
2635 3523 2733 3574 τοῦ
2782 3517 3090 3592 πνεύματος
3146 3519 3238 3574 καὶ
3295 3519 3394 3588 τὴν
3457 3519 3637 3592 ὁρμὴν
3671 3515 3778 3572 δει-

2116 3609 2291 3665 κνύων
2335 3613 2433 3664 τοῦ
2485 3609 2762 3682 σώματος.
2816 3609 2879 3662 Οἱ
2919 3609 3044 3683 περὶ
3091 3606 3342 3685 Ἀζαρίαν
3399 3607 3491 3662 καὶ
3546 3608 3776 3679 Δανιὴλ,

2114 3699 2214 3766 τήν
2274 3696 2325 3751 ἐν
2382 3695 2570 3769 λάκκῳ
2621 3697 2886 3772 κάθειρξιν
2947 3696 3038 3752 καὶ
3094 3697 3193 3765 τήν
3254 3697 3628 3773 πὸρισχοῦσαν
3687 3695 3780 3750 αὐ-

2115 3791 2233 3848 τοῖς
2265 3785 2443 3864 φλόγα
2502 3781 2666 3859 μόνον
2727 3787 2937 3848 ἑαυτοῖς
2993 3783 3393 3854 συνειδότες,τ’
3425 3783 3572 3840 ἄλλα
3626 3784 3780 3858 μόνῳ

2117 3874 2598 3952 προσεμαρτύρουν
2678 3874 2844 3947 αὐτῷ.
2905 3875 2966 3929 Τί
3042 3876 3154 3950 χρὴ
3224 3873 3352 3937 τοῦς
3410 3875 3526 3929 καθ’
3581 3870 3783 3928 ἕκαστα

2119 3965 2336 4042 λέγειν;
2392 3962 2553 4020 Ἀλλ’
2611 3965 2663 4019 oi
2722 3968 2955 4039 Χριστοῦ
3018 3962 3278 4037 μαθηταὶ,
3336 3963 3388 4018 οἱ
3442 3964 3542 4032 τήν
3599 3961 3782 4018 οἴκου-

2125 4057 2288 4130 μένην
2378 4058 2457 4127 τῷ
2536 4051 2856 4131 Εὐαγγελίῳ
2930 4048 3341 4130 περιλαϐόντες,
3420 4056 3612 4107 τοῦτον
3685 4053 3779 4107 τὸν

2124 4145 2264 4221 μέγα
2291 4150 2392 4213 τῆς
2449 4145 2651 4199 δαυτῶν
2709 4141 3013 4219 ὁμολογίας
3067 4141 3288 4218 θρέμμα
3345 4138 3575 4210 ἰδόντες,
3609 4139 3783 4204 οὕτως

2122 4233 2357 4290 ἐναντίον
2421 4231 2686 4308 βασιλέων
2747 4232 2836 4287 καὶ
2909 4230 3205 4308 τυράννων,
3261 4231 3352 4286 καὶ
3411 4229 3498 4286 ἐπὶ
3557 4229 3784 4308 θεάτρου

2125 4322 2378 4398 μεγίστου
2426 4321 2517 4376 xui
2588 4318 2865 4398 μυριάδων
2927 4321 3222 4397 ἀνθρώπων
3283 4321 3346 4374 τὸ
3391 4324 3625 4398 Χριστοῦ
3687 4321 3786 4396 βα-

2121 4411 2381 4480 στάζοντα
2437 4409 2641 4484 ὄνομα,
2688 4410 2833 4464 οὕτω
2897 4409 3032 4483 μετὰ
3084 4407 3391 4485 παρρησίας
3447 4408 3789 4486 κηρύττοντά

2122 4501 2233 4573 (καὶ
2285 4501 2400 4573 μεθ’
2451 4497 2569 4555 θ’ίου
2616 4499 2753 4576 πρὸς
2811 4499 2902 4554 τὸν
2955 4498 3360 4575 κηρυττόμενον
3423 4495 3666 4576 ἕρωτος;
3709 4500 3786 4562 ὡς

2129 4591 2255 4662 μήτ’
2290 4589 2575 4661 ἐνεστῶτα,
2624 4590 2763 4661 μήτε
2815 4585 3091 4661 μέλλοντα
3135 4594 3236 4656 τῆς
3277 4584 3573 4658 διακονίας,
3599 4589 3635 4659 ἢ
3687 4595 3789 4659 τῆς

353 4692 633 4731 ronarum
685 4679 862 4747 atque
911 4676 1094 4730 beatae
1147 4675 1541 4746 jucunditatis
1591 4677 2007 4735 incrementum

2130 4677 2341 4754 ἀγάπης
2415 4677 2701 4753 χωρίζειν)
2751 4677 2994 4731 παθόντα
3077 4697 3135 4730 τε
3207 4673 3298 4731 διὰ
3369 4677 3540 4733 ταῦτα
3625 4677 3790 4752 μόνον

355 4764 740 4836 accipiebant,
789 4782 857 4819 ex
905 4768 1070 4819 tanta
1114 4763 1519 4835 plenitudine;
1571 4764 1844 4838 discipuli
1895 4769 2018 4840 glo-

354 4852 526 4918 riam,
561 4869 730 4908 suam
761 4870 890 4909 esse
921 4852 1347 4909 existimantes.

2131 4769 2312 4837 αὐτὸν,
2381 4768 2555 4822 ὁπόσα
2636 4768 2847 4828 ἑαυτοῖς
2921 4767 3064 4840 ὁμοῦ
3143 4771 3376 4830 παθοῦσι
3469 4766 3788 4843 συνῄδεσαν,

2129 4855 2466 4934 ἠγάλλοντο,
2498 4855 2589 4910 καὶ
2620 4855 2694 4917 ὡς
2748 4855 2835 4909 ἐπὶ
2889 4854 3114 4931 μεγίστῃ
3149 4855 3498 4934 καρποφορίᾳ
3542 4860 3789 4934 προσθή-

357 4960 478 5011 κην,
539 4940 733 4994 ὡσανεὶ
791 4942 882 4995 καὶ
937 4946 1043 4995 τῶν
1115 4941 1385 5019 στεφάνων
1449 4943 1539 4996 καὶ
1597 4949 1695 5011 τῆς
1758 4944 2027 5019 μακαρίας
2084 4946 2422 5026 εὐφροσύνης
2495 4943 2774 5020 ἐδέχοντο,
2823 4941 2960 4999 ἰδίαν
3019 4945 3223 5000 ἑαυτῶν
3282 4943 3638 5021 εὐδοκίμησιν
3685 4949 3786 5016 τὴν

353 5032 450 5082 τοῦ
489 5030 730 5100 μαθητοῦ
761 5029 1106 5103 ποιούμενοι.

429 5119 516 5172 46.
553 5119 646 5173 Sic
678 5118 801 5190 ille,
835 5124 893 5176 et
933 5137 1068 5176 cum
1101 5122 1283 5178 tantis
1335 5122 1516 5177 beatae
1566 5123 1774 5178 mortis
1805 5141 2015 5182 monu-

357 5207 572 5262 mentis
622 5209 914 5279 apparuit,
948 5213 1081 5280 post
1109 5210 1408 5280 apostolos
1461 5210 1904 5284 prophetasque
1959 5218 2017 5270 et

354 5295 580 5351 Veteris
610 5297 969 5352 Testamenti
987 5299 1204 5368 justos,
1225 5300 1496 5372 princeps
1514 5301 1572 5354 in
1604 5300 1779 5356 choro
1801 5303 2015 5376 Marty-

353 5401 509 5451 rum,
544 5385 915 5457 primamque
963 5386 1461 5458 pulchritudinem
1495 5389 1640 5444 facie
1671 5391 1742 5445 ad
1778 5391 2008 5463 faciem,

353 5489 469 5527 non
497 5475 623 5544 jam
661 5490 762 5544 per
794 5474 1098 5545 speculum
1133 5477 1191 5530 in
1223 5478 1552 5548 aenigmate,
1578 5479 2006 5551 contemplans,

351 5561 487 5615 vivit
539 5579 733 5616 mram
789 5563 1050 5618 Domino.
1105 5565 1387 5637 Impletur
1416 5566 1572 5621 enim
1628 5567 1685 5620 in
1731 5584 1797 5623 eo
1847 5569 2008 5625 Isaiae

353 5650 695 5705 vaticinium
727 5651 978 5706 dicentis
1012 5670 1024 5706 :
1058 5653 1127 5706 Et
1153 5655 1537 5710 mundabitur
1564 5655 1737 5728 plaga
1765 5658 1914 5728 ejus,
1948 5664 2007 5716 et

352 5736 521 5807 vivet,
557 5746 604 5793 et
662 5738 1126 5796 misericordiam
1179 5748 1590 5813 consequetur,
1623 5748 1680 5799 et
1709 5744 2000 5817 gloriﬁca-

2204 5127 2310 5197 μς’.
2362 5123 2548 5185 Οὕτως
2602 5123 2808 5185 ἐκεῖνος
2855 5123 2945 5178 καὶ
2998 5123 3133 5197 μετά
3176 5122 3440 5179 τοιούτων
3485 5126 3594 5178 τῶν
3643 5143 3784 5198 γνω-

2127 5214 2404 5289 ρισμάτων
2474 5216 2574 5282 τῆς
2649 5211 2914 5288 μακαρίας
2980 5211 3248 5290 ἐπιφαίνει
3345 5210 3574 5282 λήξεως,
3650 5210 3788 5284 μετᾶ

2122 5302 2467 5375 ἀποστόλων,
2524 5302 2660 5374 μετὰ
2731 5298 2951 5356 δικαίων
3022 5300 3111 5355 xui
3169 5303 3488 5378 προφητῶν,
3533 5302 3631 5352 τοῦ
3675 5303 3787 5354 τῶν

2125 5392 2410 5466 μαρτύρων
2475 5388 2720 5467 ἐξάρχων
2773 5394 2971 5467 χοροῦ,
3003 5389 3093 5445 xui
3152 5387 3222 5445 δι’
3254 5386 3431 5450 εἴδους
3475 5391 3574 5442 τοῦ
3631 5389 3786 5462 πρώ-

2116 5502 2212 5535 του
2270 5477 2536 5547 κάλλους,
2591 5479 2692 5534 οὐκ
2749 5478 2800 5534 ἐν
2869 5479 3117 5556 ἐσόπτρῳ
3193 5473 3306 5532 οὐδ’
3356 5475 3408 5532 ἐν
3467 5475 3782 5552 αἰνίγμασιν

2117 5567 2555 5646 ἐμφορούμενος,
2640 5567 2784 5622 οὕτω
2870 5565 3151 5644 συνάγεται
3229 5565 3463 5623 ἐναντίον
3558 5567 3782 5643 Κυρίου.

2117 5655 2553 5733 Συμπληροῦται
2603 5658 2704 5734 γὰρ
2756 5656 2974 5718 Ἠσαίας
3021 5660 3122 5728 τήν
3170 5655 3481 5734 εὐφημίαν·
3533 5655 3633 5711 Καὶ
3685 5676 3784 5711 xu-

2111 5747 2381 5822 θαρίζεται
2439 5747 2544 5802 ἀπὸ
2605 5753 2706 5816 τῆς
2767 5744 3012 5820 πληγῆς,
3071 5747 3164 5803 xui
3225 5752 3289 5818 ζῆ
3364 5745 3457 5804 καὶ
3527 5745 3783 5818 ἐλιεῖται,
