4108 6488
362 466 485 530 345

1376 467 1777 532 LAUDATIO
1820 466 2244 533 MICHAELIS
2291 467 2784 533 PALIEOLOGI.

3668 469 3788 530 346

357 599 449 656 καὶ
508 595 791 670 δοξάζεται
843 596 923 661 εἷς
1003 598 1097 655 τὸν
1149 598 1339 657 αἰῶνα.
1401 601 1498 656 Καὶ
1585 601 1859 656 ἐπέκεινα·
1920 601 2020 657 Καὶ

2135 602 2296 659 bitur
2321 603 2383 658 in
2415 603 2734 659 saecula.Ac
2765 606 3006 676 postea:
3043 605 3111 660 Et
3131 601 3243 660 erit
3262 603 3376 677 ipsi
3407 601 3693 661 Dominus
3723 604 3783 661 in

355 691 561 769 γίνεται
618 689 771 762 αὐτῷ
825 689 1022 766 Κύριος
1083 693 1199 768 φῶς
1254 691 1498 760 αἰώνιον,
1537 689 1873 767 ἀναπληρῶν
1933 693 2029 754 τὰς

357 779 575 858 ἡμέρας
621 783 721 834 τοῦ
781 781 1006 843 πὲνθους
1057 780 1245 839 αὐτοῦ.
1299 782 1398 836 Διά
1437 786 1607 837 ταῦτα
1651 781 1740 836 καὶ
1773 778 1884 836 ἅνω
1932 783 2026 854 μὲν

360 869 666 946 εὑρίσκεται
725 869 794 924 τὰ
850 869 988 946 πρὸς
1054 870 1146 924 τὸν
1207 870 1335 926 Θεὸν
1413 873 1572 944 ἡμῶν
1655 869 1881 944 μεσίτης
1937 871 2028 925 καὶ

361 957 734 1029 διαλλακτής·
795 958 944 1013 κάτω
1003 955 1062 1013 δὲ
1117 959 1206 1014 καὶ
1261 966 1362 1029 τῆς
1421 958 1756 1036 παῤῥησίας,
1785 960 1874 1014 καὶ
1925 967 2029 1030 τῆς

368 1048 504 1124 ὑπὲρ
571 1050 733 1121 ἡμῶν
803 1045 1028 1120 ἱκεσίας,
1103 1047 1298 1124 ἐναργῆ
1377 1050 1673 1126 παρέχεται
1748 1051 1816 1105 τὰ
1880 1070 2024 1125 γνω-

374 1138 625 1215 ρίσματα.
690 1136 804 1191 Τίνι
880 1137 984 1214 γὰρ
1062 1137 1123 1192 οὗ
1200 1133 1751 1212 συναντιλομϐάνεται
1829 1139 2022 1213 ἀρετὴν

377 1226 624 1302 μετιόντι,
675 1225 766 1282 καὶ
822 1225 952 1289 τοὺς
1006 1222 1207 1290 πόνους
1266 1227 1327 1282 οὐ
1387 1228 1865 1307 συνεπικουφίζει;
1910 1228 2022 1283 Τίνι

371 1314 729 1372 κινδυνεύοντι
845 1315 1010 1388 μόνον
1117 1315 1434 1388 ἐπικληθεὶς
1535 1317 1596 1372 οὐ
1702 1319 2023 1395 παρίσταται

371 1405 610 1482 βοηθός;
667 1405 844 1461 Ποίων
918 1406 970 1477 ἐξ
1044 1407 1286 1482 ἀναγκῶν
1354 1406 1416 1462 οὐ
1475 1406 1677 1484 ῥύεται,
1734 1407 1890 1462 τίνων
1967 1407 2027 1464 ἐκ

365 1494 771 1569 περιστάσεων;
804 1494 988 1571 ἰατρὸς
1048 1494 1100 1551 ἐν
1159 1496 1360 1569 νόσοις,
1420 1496 1472 1552 ἐν
1533 1495 1774 1570 θαλάσσῃ
1829 1493 2023 1574 κυϐερ-

360 1586 555 1656 νήτης,
583 1584 882 1661 πρόμαχος
932 1583 984 1638 ἐν
1034 1583 1326 1659 πολέμοις,
1382 1585 1433 1640 ἐν
1491 1592 1796 1664 συμφοραῖς
1854 1607 2024 1662 παρα-

357 1670 628 1750 χλήτωρ’
692 1674 766 1729 ἒνὶ
818 1669 992 1750 λόγῳ,
1034 1675 1222 1738 κοινὸς
1279 1676 1418 1750 ρσρὰ
1474 1681 1607 1731 Θεοῦ
1665 1677 1755 1731 τὸν
1821 1678 2025 1732 ἅπαντα

355 1761 559 1838 χρόνον
615 1762 766 1833 ἥκων
827 1763 1116 1839 εὐεργέτης
1175 1768 1255 1836 τῷ
1317 1764 1443 1841 βίῳ,
1500 1767 1688 1835 κοινὴν
1749 1765 1825 1828 εἷς
1875 1769 2024 1840 ἡμᾶς

354 1851 440 1906 ἀεὶ
497 1851 591 1906 καὶ
646 1854 747 1922 τήν
805 1850 1136 1926 κηδεμονίαν
1197 1850 1548 1910 ἐνδείκνυται.
1584 1856 1683 1910 Διά
1739 1856 2024 1911 τοῦτοκαὶ

355 1941 423 1996 τὸ
477 1947 581 2011 τῆς
659 1948 880 2021 Γραφῆς
951 1943 1206 2016 πάρεστιν
1281 1943 1410 2020 ὁρᾷν
1482 1948 1665 2022 σαφῶς
1724 1944 1805 2000 ἐπ’
1863 1945 2022 2000 αὐτὸν

357 2028 836 2105 ⁴ἐκπληρούμενον,
914 2029 1163 2094 Βασιλεῖς
1247 2033 1480 2109 ὁρῶντες
1552 2034 1732 2103 αὐτὸν,
1810 2035 1900 2090 καὶ
1973 2035 2023 2091 ὲν

2139 692 2331 749 lucem
2372 693 2812 766 sempiternam,
2845 698 2903 749 et
2932 692 3402 765 complebuntur,
3436 693 3560 749 dies
3589 693 3784 750 luctus

2139 783 2348 854 ipsius.
2383 783 2688 854 Propterea
2716 783 2892 840 etiam
2929 783 2988 838 in
3047 782 3208 839 caelis
3266 786 3324 838 et
3381 786 3579 838 noster
3627 783 3782 855 apud

2137 873 2323 928 Deum
2355 872 2642 928 mediator
2665 877 2722 929 et
2750 872 3087 945 pacificator
3115 890 3129 940 ;
3154 872 3214 927 in
3237 871 3409 928 terris
3436 876 3631 928 autem
3664 888 3784 927 suae

2139 963 2292 1035 apud
2323 962 2506 1018 Deum
2537 961 2737 1035 gratiae
2771 967 2947 1034 atque
2975 961 3413 1018 intercessionis
3454 964 3672 1033 praebet
3700 961 3786 1016 in-

2137 1051 2289 1108 dicia
2318 1052 2639 1108 luculenta.
2672 1051 2778 1108 Cui
2834 1052 2991 1108 enim
3031 1053 3103 1108 ad
3150 1052 3428 1108 virtutem
3487 1050 3786 1106 anhelanti

2138 1158 2251 1198 non
2275 1143 2566 1208 subvenit,
2598 1142 2855 1198 laborem
2890 1141 3204 1198 sublevans
3227 1142 3254 1197 ?
3294 1141 3388 1196 cui
3432 1139 3784 1213 periclitanti

2136 1231 2443 1287 auxiliator
2473 1249 2589 1287 non
2618 1232 2801 1302 adest,
2845 1231 3146 1287 invocatus
3166 1231 3194 1285 ?
3223 1232 3305 1286 Ex
3334 1230 3548 1296 quibus
3580 1245 3786 1286 neces-

2135 1321 2409 1376 sitatibus
2468 1337 2584 1377 non
2643 1321 2842 1376 eruit?
2893 1321 3108 1393 quibus
3140 1320 3198 1374 in
3230 1318 3639 1375 occasionibus
3669 1318 3786 1373 cui-

2135 1427 2312 1482 quam
2345 1410 2573 1466 defuit?
2604 1411 2868 1466 medicus
2898 1411 2958 1464 in
3008 1408 3252 1480 morbis,
3284 1408 3343 1464 in
3376 1409 3524 1464 mari
3571 1408 3783 1481 guber-

2135 1504 2734 1572 nator,pr0pugnator
2763 1500 2822 1554 in
2848 1498 3105 1566 bellis,in
3140 1499 3400 1554 adversis
3422 1497 3781 1554 consolator:

2135 1606 2252 1644 uno
2281 1589 2456 1644 verbo
2481 1588 2815 1645 communis
2852 1589 3007 1661 apud
3058 1589 3243 1643 Deum
3303 1587 3464 1643 omni
3521 1591 3787 1658 tempore

2135 1678 2471 1733 benefactor
2499 1677 2558 1731 in
2586 1678 2694 1733 hac
2723 1677 2864 1744 vita,
2899 1693 3273 1732 communem
3304 1691 3441 1747 erga
3478 1692 3585 1731 nos
3636 1674 3787 1747 gerit

2136 1765 2614 1823 sollicitudinem.
2648 1767 3012 1839 Quapropter
3039 1765 3214 1822 etiam
3245 1765 3406 1821 istud
3464 1763 3784 1836 Scriptura

2134 1856 2196 1912 in
2225 1872 2292 1912 eo
2341 1856 2650 1912 manifeste
2701 1856 2961 1912 cernitur
3015 1854 3287 1927 impleri:
3347 1854 3534 1926 Reges
3589 1853 3786 1909 vident

2135 1945 2333 2018 ipsum
2363 1945 2450 2001 vel
2482 1945 2830 2017 inimagine
2881 1942 3272 2016 propositum,
3304 1947 3362 1998 et
3389 1946 3782 2014 consurgunt,

2136 2034 2356 2090 conscii
2387 2034 2500 2090 sibi
2542 2034 2933 2089 maximorum
2965 2032 3317 2088 auxiliorum
3349 2047 3451 2104 per
3496 2047 3633 2086 eum
3691 2031 3785 2086 ob-

363 2119 535 2175 εἷκόνι
623 2125 884 2178 τοσοῦτον
968 2119 1313 2198 προσθετέον,
1390 2122 1717 2196 ἀνίστανται,
1797 2126 1889 2179 ἅτε
1956 2125 2024 2180 τὰ

2135 2127 2428 2179 tentorum
2454 2142 2466 2180 :
2501 2129 2704 2196 gentes
2728 2140 2856 2196 qua
2878 2139 3014 2179 eum
3045 2139 3160 2178 non
3186 2124 3488 2189 noverunt,
3523 2136 3680 2188 eum,
3711 2120 3784 2175 ad

366 2208 596 2286 μέγιστα
672 2211 886 2274 ἑαυτοῖς
960 2212 1088 2289 παρ’
1157 2211 1320 2267 αὐτοῦ
1396 2209 1698 2276 συνειδότες
1785 2215 2020 2291 βοηθου-

365 2297 576 2371 μένοις.
608 2301 911 2377 Ἀργοντες
967 2305 1353 2377 προσκυνοῦσιν
1414 2301 1596 2357 αὐτόν·
1658 2299 1781 2373 ἔθνη
1844 2304 1878 2358 ’ὰ
1925 2303 2025 2360 οὐκ

360 2383 582 2462 ᾔδεισαν
639 2389 799 2444 αὐτὸν
860 2387 1266 2461 ἐπικαλοῦνται,
1315 2392 1406 2446 καὶ
1455 2389 1582 2446 λαοὶ
1638 2392 1691 2446 οἳ
1751 2393 1849 2448 οὐκ
1905 2392 2020 2448 ἐπί-

360 2498 580 2533 στανται
640 2477 724 2533 ἐπ’
780 2477 937 2534 αὐτὸν
1023 2478 1444 2558 καταφεύγουσιν
1519 2477 1696 2536 ἕνεκεν
1768 2489 1869 2552 τῆς
1931 2480 2020 2537 δό-

2133 2216 2331 2288 ipsum
2360 2215 2744 2287 confugiunt:
2808 2219 3045 2286 propter
3097 2212 3367 2286 gloriam,
3426 2228 3546 2283 qua
3589 2210 3785 2283 ipsum

2133 2305 2399 2360 omnium
2449 2304 2735 2360 Dominus
2791 2303 3175 2377 gloriﬁcavit:
3237 2302 3376 2374 quia
3430 2301 3595 2357 decet
3650 2317 3786 2356 eum

2132 2395 2318 2467 gloria
2347 2395 2408 2449 in
2440 2394 2653 2450 saecula
2683 2394 3050 2450 saeculorum.
3087 2395 3292 2449 Amen.

359 2566 482 2640 ξης,
538 2571 605 2637 ἧς
679 2567 837 2624 αὐτὸν
897 2568 927 2623 ὁ
975 2567 1190 2625 πάντων
1269 2565 1543 2642 Δεσπότης
1617 2569 1885 2646 ἐδόξασεν,
1944 2570 2027 2628 ὅτι
2103 2572 2250 2645 αὐτῷ
2318 2572 2512 2650 πρέπει
2583 2568 2708 2643 δόξα
2786 2570 2862 2634 εἷς
2927 2569 3056 2633 τοὺς
3115 2568 3317 2632 αἰῶνας
3375 2572 3484 2625 τῶν
3546 2567 3782 2626 αἰώνων.

355 2657 568 2731 Ἀμήν.

356 2837 3787 2874 W

1685 2981 1811 3032 ΤΟΥ
1848 2980 2215 3036 ΑΓΙΩΤΑΤΟΥ
2251 2984 2464 3034 ΚΥΡΟΥ

513 3124 1853 3299 ΓΡΗΓΟΡΙΟΥ
1969 3128 2445 3301 ΤΟΥ
2563 3123 3634 3298 ΚΥΠΡΙΟΥ

734 3411 1784 3511 ΑΡΧΙΕΠΙΣΚΟΠΟΥ
1887 3411 3406 3514 ΚΩΝΣΤΑΝΤΙΝΟΥΠΟΛΕΩΣ

1477 3591 1821 3642 ΕΓΚΩΜΙΟΝ
1859 3593 1973 3642 ΕΙΣ
2013 3591 2144 3643 TON
2181 3592 2667 3646 ΑΥΤΟΚΡΑΤΟΡΑ

657 3738 1258 3868 ΚΥΡΟΝ
1372 3738 2080 3868 ΜΙΧΑΗΛ
2190 3737 3484 3870 ΠΑΛΑΙΟΛΟΓΟΝ

1599 3952 1717 4002 ΚΑΙ
1757 3951 1936 4000 ΝΕΟΝ
1975 3948 2495 4003 ΚΩΝΣΤΑΝΤΙΝΟΝ
2511 3950 2550 4002 '.

1698 4189 2157 4247 SANGTISSIMI
2186 4189 2448 4246 DOMINI

1163 4337 2156 4492 GREGORII
2295 4335 2991 4491 GYPRII

800 4583 1776 4680 ARCHIEPISCOPI
1863 4579 3344 4681 CONSTANTINOPOLITANI

1776 4753 2045 4812 ORATIO
2077 4753 2528 4810 LAUDATORIA

439 4899 626 5024 IN
717 4899 1066 5025 IMP.
1161 4899 1318 5022 D.
1416 4898 2410 5024 MICHAELEM
2499 4892 3702 5021 PALXEOLOGUM

1661 5094 1753 5152 ΝΟ
1763 5095 1899 5153 VUM
1976 5094 2498 5153 CONSTANTINUM

756 5220 1145 5294 (Boissonad.,
1167 5221 1462 5278 Anecdota
1484 5223 1700 5278 Graeca.
1733 5223 1880 5277 tom.
1913 5220 1958 5290 Ι,
1991 5238 2050 5294 p.
2076 5221 2203 5278 313.
2235 5220 2419 5278 Paris.
2455 5219 2594 5275 1829
2622 5235 2692 5276 ex
2722 5217 3138 5291 Typographeo
3170 5214 3394 5290 Regio.)

423 5445 624 5503 Καινδν
705 5439 883 5515 οὐδὲν,
944 5441 1187 5508 θειότατε
1247 5441 1495 5518 βασιλεῦ,
1557 5443 1604 5499 εἷ
1659 5442 1910 5507 τοιοῦτός
1965 5465 2024 5500 τε

2207 5445 2302 5501 Nil
2333 5443 2571 5512 mirum,
2603 5442 2797 5499 divine
2826 5443 3164 5515 imperator,
3183 5440 3234 5496 si
3265 5457 3368 5513 pro
3399 5438 3614 5495 indoli
3646 5456 3788 5495 mea;

342 5538 453 5611 ὢν,
511 5535 604 5592 καὶ
684 5531 861 5596 οὕτως
938 5532 1024 5588 ὑπ’
1093 5531 1322 5610 ἀπορίας
1406 5531 1854 5607 κατειλημμένος
1927 5533 2019 5588 καὶ

2135 5534 2534 5591 mediocritate
2597 5548 2912 5588 numerum
2971 5530 3476 5604 panegyristarum
3549 5534 3788 5586 tuorum

345 5624 653 5698 ἀσθενείας,
689 5622 855 5698 μέρος
908 5625 1016 5678 τῶν
1077 5626 1180 5677 σῶν
1236 5620 1528 5677 ἐπαινετῶν
1571 5622 1663 5677 καὶ
1710 5622 1870 5686 αὐτὸς
1904 5621 2016 5700 ἐγε-

2135 5629 2412 5681 aucturus
2440 5623 2630 5680 venio.
2665 5622 2792 5678 Non
2821 5619 2980 5677 enim
3011 5619 3459 5677 dissimulanter
3487 5618 3579 5691 egi
3625 5617 3786 5694 ejus—

429 5775 449 5810 ί
485 5769 568 5826 Ex
599 5763 802 5826 codice
824 5764 1006 5841 regio,
1035 5765 1199 5842 3010,
1230 5783 1290 5842 p.
1320 5767 1412 5826 71.
