4108 6466
337 405 455 466 347

1382 404 1703 474 GEORGII
1748 402 2011 466 CYPBII
2055 403 2178 467 GP.
2225 405 2758 473 PATRIARGHAB

3637 407 3760 487 eis

341 537 502 594 modi
533 541 827 595 certamen
853 538 1141 611 obeundo,
1178 540 1332 613 quod
1373 543 1618 596 Hermes
1666 539 1764 594 ille
1806 538 1986 595 diser-

2101 538 2277 612 νόμην
2307 539 2397 595 καὶ
2449 541 2556 617 οὐχ
2588 540 2917 614 ὑπεστάλην,
2949 539 3062 598 οὐδ’
3111 538 3406 614 ἐδειλίασα,
3439 539 3576 618 πρὸς
3633 562 3759 598 τοσ-

338 628 608 685 tissimus
640 629 838 684 subire
870 629 1112 686 forsitan
1137 630 1486 687 hasitasset.
1519 631 1645 686 Non
1669 647 1809 686 sane
1843 628 1986 684 mihi

339 718 453 791 ipsi
484 719 764 786 confisus,
795 719 894 791 qui
948 721 1224 776 omnibus
1281 721 1426 776 forte
1484 720 1718 792 ingenio
1753 719 1990 774 interior

339 825 495 876 sum,
528 826 675 881 opus
703 813 826 864 tam
859 810 1109 866 arduum
1144 810 1702 876 inchoavissem,sed
1730 811 1814 865 tui
1842 810 1989 864 fidu-

333 899 442 966 cia,
467 897 886 970 imperatorum
915 904 1202 972 quotquot
1225 905 1382 970 sunt,
1418 901 1535 956 imo
1568 900 1834 956 omnium
1885 900 1986 972 qui

333 1005 491 1044 nunc
522 989 799 1060 existunt,
852 989 1190 1045 mortalium
1265 989 1435 1062 longe
1515 988 1981 1045 humanissime!

333 1077 478 1133 Cum
537 1078 694 1132 enim
754 1093 958 1133 eorum
1017 1079 1119 1150 qui
1181 1078 1319 1134 mali
1410 1078 1629 1150 aliquid
1677 1079 1984 1134 commise-

333 1171 491 1238 runt,
531 1168 940 1239 paenitentiam
998 1170 1068 1223 ab
1127 1169 1496 1240 indulgentia
1547 1173 1648 1224 tua
1693 1166 1982 1240 praeverti,

334 1272 434 1313 eos
473 1262 668 1312 autem
701 1256 802 1329 qui
829 1257 1220 1313 haesitabundi
1277 1259 1592 1329 trepidant,
1664 1275 1696 1313 a
1754 1273 1980 1312 morum

336 1351 576 1401 tuorum
638 1346 970 1401 urbanitate
1039 1347 1212 1415 vinci,
1268 1347 1531 1402 animum
1591 1347 1736 1401 mihi
1786 1345 1984 1402 addidi

333 1435 469 1508 ipsi,
502 1439 677 1508 atque
709 1437 791 1490 sic
821 1436 876 1488 in
931 1453 1168 1491 arenam
1229 1435 1524 1491 descendi.
1576 1436 1758 1491 Nemo
1808 1437 1988 1508 igitur

335 1523 586 1580 levitatis
630 1530 687 1579 et
742 1524 934 1580 nimiae
984 1525 1238 1580 audacias
1278 1530 1550 1593 accuset;
1583 1541 1613 1580 e
1646 1531 1849 1581 contra
1902 1526 1987 1580 in-

335 1619 567 1685 ceptum
599 1631 796 1668 meum
857 1618 1254 1686 opportunum
1297 1613 1643 1685 judicando,
1700 1613 1984 1670 rationem

332 1702 544 1758 habeat
559 1702 923 1758 liberalitatis
942 1704 1284 1775 quaductus
1306 1721 1455 1777 opus
1476 1721 1786 1777 aggressus
1828 1721 1982 1771 sum,

334 1793 509 1863 quod,
545 1808 648 1862 per
686 1808 748 1847 se
779 1793 1020 1863 quidem
1077 1795 1300 1865 grande
1331 1797 1388 1849 et
1413 1794 1687 1864 arduum,
1720 1810 1836 1849 non
1869 1793 1984 1848 nisi

2100 633 2256 685 οῦτον
2314 630 2544 704 ἐμαυτὸν
2589 631 2792 695 καθιεὶς
2823 632 2912 688 τὸν
2948 631 3130 708 ἀγῶνα
3156 634 3260 706 (1),
3292 631 3351 686 ’ὸν
3397 631 3471 693 ὥς
3533 629 3759 701 ἀληθῶς

2097 718 2386 776 καταδῦναι
2448 722 2534 776 καὶ
2593 723 2802 796 Ἑρμῆς
2858 720 3060 784 ἐκεῖνος
3109 723 3137 776 6
3186 719 3401 795 λόγιος,
3435 719 3526 776 καὶ
3570 715 3623 775 εἷ’
3671 741 3755 783 τις

2097 806 2280 884 ἕτερος
2336 812 2452 865 κατ’
2493 809 2675 883 αὐτὸν,
2708 808 2938 873 δεόντως
2994 806 3288 866 ἀνεϐάλετο
3347 809 3405 864 ἂν
3455 809 3545 864 καὶ
3604 809 3756 864 ἀπώ-

2096 919 2313 968 κνησεν,
2370 898 2452 954 ὅτι
2539 897 2669 972 μηδ’
2727 899 2945 973 ἐμαυτῷ
3028 898 3378 975 τεθαρρηκὼς
3453 893 3618 972 ἔγνων
3693 897 3758 952 τὸ

2095 992 2376 1056 τοσοῦτον,
2409 986 2732 1060 ἐνδείξασθαι
2785 987 3151 1062 τόλμημα
3212 989 3313 1064 γὰρ
3369 986 3427 1042 ἂν
3486 987 3577 1042 καὶ
3626 1008 3757 1042 παν-

2094 1099 2186 1140 τος
2273 1079 2536 1151 ἡττώμην
2616 1080 2921 1156 φρονήσει),
2980 1075 3127 1134 ἀλλὰ
3201 1078 3306 1149 σοὶ,
3367 1075 3411 1130 ὦ
3484 1075 3754 1152 βασιλέων

2099 1168 2346 1221 ἁπάντων
2406 1166 2542 1222 ε’ίπω
2595 1165 2652 1223 δὲ
2701 1168 2790 1223 καὶ
2841 1167 3142 1243 ἀνθρώπων
3175 1165 3290 1222 ὅσοι
3338 1170 3429 1220 νῦν
3463 1166 3588 1233 εἷ’σι,
3619 1166 3757 1242 πρὸς

2095 1258 2427 1327 συμπάθειαν
2489 1257 2923 1334 έπιρῥεπέστατε.
2983 1261 3070 1328 Τῷ
3129 1257 3232 1332 γὰρ
3310 1252 3505 1310 εἰδέναι
3561 1275 3619 1309 σε
3666 1253 3756 1309 καὶ

2093 1347 2192 1415 τὴν
2243 1352 2351 1401 τῶν
2397 1347 2728 1402 ἐπταικότων
2788 1348 3073 1420 μετάνοιαν
3131 1350 3200 1420 τῇ
3263 1345 3563 1419 συγγνώμῃ
3619 1364 3756 1420 προ-

2097 1435 2335 1513 φθάνειν,
2369 1437 2457 1491 καὶ
2487 1433 2540 1490 εἰί
2581 1436 2687 1492 πού
2729 1457 2812 1499 τις
2869 1435 3070 1512 ἀπορίᾳ
3116 1434 3499 1506 κατείληπται,
3530 1433 3758 1510 τρόποις

2097 1521 2496 1599 ἀναλαμϐάνειν
2561 1527 2965 1604 χρηστότητος,
3023 1527 3219 1602 Θάρσος
3295 1522 3418 1579 ὅσον
3493 1518 3754 1578 ἀνελάϐο-

2099 1636 2218 1687 μεν,
2249 1616 2360 1687 καὶ,
2395 1617 2470 1679 ὡς
2503 1616 2615 1671 οἷόν
2675 1617 2721 1670 τ’
2775 1617 2862 1686 ἦν,
2919 1615 3148 1688 ἐμαυτὸν
3210 1613 3539 1691 έπιῤῥώσας,
3593 1611 3752 1668 κατέ-

2097 1702 2187 1762 δυν
2217 1706 2280 1760 τὸ
2311 1703 2546 1763 στάδιον.
2581 1706 2671 1774 Μὴ
2729 1710 2860 1782 γοῦν
2919 1726 3012 1778 μοι
3068 1702 3159 1759 διὰ
3211 1702 3374 1758 τοῦτό
3429 1724 3514 1765 τις
3573 1703 3755 1778 ὁρμὴν

3539 1788 3580 1810 ’δ’

2093 1793 2410 1873 προφερέτω
2469 1793 2780 1872 παράλογον
2835 1794 2924 1849 καὶ
2982 1793 3332 1870 προπέτειαν,
3376 1792 3476 1860 τήν
3534 1789 3580 1845 δ’
3640 1789 3758 1844 ἐπι-

334 1881 560 1953 exiguis
590 1881 826 1938 indiciis
859 1883 1306 1950 manifestatur;
1332 1900 1446 1955 quo
1469 1883 1624 1939 enim
1667 1882 1862 1938 animo
1893 1883 1983 1938 in-

2099 1884 2347 1960 χείρησιν
2395 1885 2471 1947 ὡς
2522 1882 2912 1960 ἐλλογωτάτην
2963 1881 3122 1938 οὖσαν
3158 1880 3588 1957 ἀποδεχόμενος,
3622 1879 3753 1935 αὐτό

330 1975 422 2026 ter
447 1970 835 2027 laborandum
893 1977 1227 2028 commotus
1260 1973 1492 2040 fuerim,
1539 1990 1671 2028 cum
1702 1973 1987 2045 dignitate

334 2060 642 2116 ostendere
683 2077 794 2116 non
854 2061 1036 2117 valeo.
1073 2061 1204 2117 Haec
1235 2062 1393 2117 enim
1425 2066 1588 2117 tanta
1611 2067 1749 2118 sunt
1779 2069 1844 2116 ut
1883 2077 1986 2116 nec

333 2149 599 2217 verbum,
631 2166 737 2204 nec
769 2167 916 2222 opus
949 2154 1051 2206 aut
1079 2151 1369 2225 quidquid
1422 2151 1694 2207 sensibus
1737 2151 1985 2223 percipi-

333 2244 431 2294 tur
460 2256 527 2295 ea
547 2239 692 2295 satis
718 2240 1030 2295 manifesta
1075 2240 1315 2296 reddere
1365 2241 1568 2312 possit.
1619 2241 1673 2296 Si
1702 2257 1836 2296 vero
1877 2247 1984 2296 Da-

332 2329 428 2384 vid
477 2345 732 2400 quoque,
794 2346 892 2384 rex
950 2334 1006 2384 et
1035 2329 1342 2402 prOpheta,
1367 2346 1436 2385 ex
1460 2331 1614 2403 quod
1656 2333 1982 2387 secundum

334 2435 571 2474 carnem
602 2417 872 2474 Christus
942 2423 1105 2474 ortus
1149 2425 1258 2485 est,
1317 2437 1431 2475 non
1493 2420 1685 2475 solum
1754 2420 1985 2492 angelo-

335 2525 466 2564 rum
527 2511 823 2574 naturam,
883 2524 999 2564 non
1069 2507 1260 2564 solum
1345 2508 1636 2574 homines,
1720 2527 1835 2564 non
1892 2526 1984 2564 so-

295 2597 458 2653 .lum
511 2596 802 2653 ccslestem
862 2601 918 2652 et
973 2598 1446 2669 supercoelestem
1516 2599 1850 2666 mundum;
1910 2600 1982 2668 si,

331 2687 599 2759 inquam,
659 2687 780 2742 haec
838 2687 1038 2742 omnia
1098 2693 1281 2743 Deum
1355 2687 1749 2743 collaudantia
1804 2688 1984 2743 intro-

332 2777 517 2846 ducit,
543 2776 644 2832 sed
676 2776 798 2832 vult
829 2781 892 2832 ut
912 2777 1168 2850 hymnus
1217 2795 1251 2834 a
1298 2777 1474 2835 rebus
1505 2777 1783 2834 inanimis
1841 2794 1984 2848 quo-

334 2884 446 2940 que
480 2867 749 2938 pendeat,
779 2883 893 2921 non
927 2867 1082 2938 quod
1112 2867 1349 2922 Creator
1373 2867 1457 2922 sic
1487 2867 1661 2939 digne
1710 2866 1984 2938 praedice-

331 2960 448 3022 tur,
500 2956 601 3011 sed
651 2956 806 3026 quod
883 2956 1067 3011 credit
1139 2957 1400 3011 ofﬁcium
1477 2957 1588 3012 sibi
1645 2957 1985 3013 incumbere

331 3050 513 3102 Deum
545 3061 648 3118 per
676 3045 874 3100 omnia
903 3044 1172 3118 liturgice
1204 3045 1533 3102 celebrandi
1564 3064 1577 3101 :
1611 3063 1737 3118 quae
1788 3053 1982 3102 autem

334 3151 514 3190 causa
540 3151 653 3200 me,
679 3134 778 3205 qui
807 3135 1060 3206 cogitare
1091 3135 1288 3201 didici,
1312 3135 1594 3207 impediat
1625 3153 1737 3208 quo
1785 3137 1984 3191 minus

333 3223 703 3296 imperatoris
734 3223 848 3278 mei
881 3241 984 3294 pro
1022 3223 1247 3280 viribus
1276 3224 1480 3282 laudes
1521 3242 1725 3282 canam
1750 3227 1777 3280 ‘?
1844 3227 1982 3292 Qui-

2094 1995 2153 2029 τε
2180 1975 2244 2029 τὸ
2269 1974 2548 2050 πρόθυμον
2577 1973 2666 2028 καὶ
2714 1974 2776 2028 τὸ
2834 1972 3061 2050 ἄφθόνον
3124 1970 3409 2026 ἐπαινείτω
3460 1972 3560 2039 τῆς
3616 1989 3753 2045 προ-

2097 2064 2374 2139 αιρέσεως,
2431 2064 2564 2137 ἅπερ
2642 2060 2707 2132 δὴ
2782 2060 2995 2137 μεγάλα
3049 2082 3109 2117 τε
3164 2056 3290 2116 ὄντα
3345 2059 3436 2114 καὶ
3499 2057 3753 2132 μείζονος

2099 2153 2187 2207 ὑπ’
2239 2151 2447 2215 εὐνοίας
2496 2151 2813 2226 κινούμενα,
2862 2148 3070 2229 σφόδρα
3119 2147 3206 2204 διὰ
3253 2153 3460 2225 μικρῶν
3509 2152 3615 2202 τῶν
3659 2143 3754 2223 ,ἔρ-

2093 2263 2202 2316 γων
2266 2240 2604 2319 ἐμφαίνεται,
2664 2238 2956 2313 ἐπειδήπερ
3014 2240 3088 2301 ὡς
3145 2237 3269 2314 ἔχοι
3341 2259 3434 2312 μοι
3510 2237 3578 2291 τὰ
3651 2243 3756 2305 τῆς

2096 2326 2246 2385 ἔνδον
2329 2331 2634 2407 προθέσεως
2728 2327 2911 2406 ἔργοις
3012 2335 3354 2406 παραστῆσαι
3441 2325 3756 2401 ἀμήχανον.

2097 2417 2233 2475 Οὐδὲ
2273 2422 2377 2496 γὰρ
2408 2420 2470 2475 οὐ
2505 2418 2692 2497 λόγος,
2725 2419 2787 2476 οὐ
2817 2419 3028 2496 πρᾶξις,
3061 2417 3160 2472 οὐκ
3208 2414 3348 2473 ἄλλο
3396 2437 3447 2470 τι
3500 2419 3607 2468 τῶν
3661 2414 3760 2469 ὅσα

2094 2531 2179 2573 τις
2239 2507 2308 2564 δι’
2369 2509 2671 2580 αἰσθήσεως
2731 2505 2854 2584 ἔχοι
2922 2501 3273 2578 καταλαϐεῖν,
3332 2509 3502 2561 ταῦτα
3551 2501 3759 2559 δύναιτ’

2098 2599 2156 2655 ἂν
2187 2599 2426 2677 ἐμφῆναι
2483 2599 2617 2675 πρὸς
2665 2599 2846 2654 ἱκανὸν
2901 2597 2991 2652 καὶ
3030 2595 3425 2673 παραδηλῶσαι
3474 2594 3536 2649 τὸ
3592 2594 3754 2668 μέγε-

2095 2691 2206 2751 θος.
2243 2689 2307 2743 Εἰ
2363 2686 2420 2743 δὲ
2475 2689 2566 2743 καὶ
2608 2685 2771 2743 Δαυὶδ
2824 2688 2852 2742 6
2889 2685 3141 2762 βασιλεὺς
3171 2685 3262 2740 καὶ
3320 2685 3633 2761 προφήτης,
3663 2683 3756 2737 τὸν

2095 2779 2402 2853 θεοπάτορα
2457 2775 2607 2853 λέγω
2656 2776 2708 2848 ἐξ
2753 2777 2816 2832 οὗ
2863 2778 2925 2830 τὸ
2983 2775 3120 2832 κατᾶ
3185 2776 3354 2848 σάρκα
3399 2771 3631 2850 Χριστὸς
3691 2770 3754 2826 οὐ

2099 2863 2264 2941 μόνον
2299 2865 2550 2944 ἀγγέλων
2582 2866 2736 2945 φύσιν
2789 2867 2878 2920 καὶ
2924 2870 3032 2920 τῶν
3085 2865 3203 2928 καθ’
3250 2866 3422 2938 ἡμᾶς,
3463 2859 3576 2917 οὐδ’
3627 2859 3757 2915 ὅσον

2100 2957 2350 3034 οὐράνιον
2392 2955 2486 3012 καί
2535 2956 2666 3031 ὑπὲρ
2731 2957 2823 3011 τὸν
2871 2955 3122 3029 οὐρανὸν,
3173 2953 3234 3009 οὐ
3285 2948 3423 3027 μόνα
3476 2948 3542 3021 δὴ
3591 2955 3760 3006 ταῦτα

2097 3047 2368 3119 ὑμνοῦντα
2438 3047 2673 3122 παράγει
2735 3045 2862 3100 Θεὸν
2925 3047 3022 3118 (2),
3076 3041 3203 3098 ἀλλ’
3246 3040 3355 3111 ἤδη
3428 3041 3519 3096 τὸν
3591 3038 3759 3112 ὕμνον

2091 3137 2197 3190 κάκ
2253 3140 2362 3190 τῶν
2422 3135 2651 3211 ἀψύχων
2729 3131 2985 3210 βούλεται
3044 3130 3473 3208 καταρτίζεσθαι,
3523 3129 3629 3205 οὐχ
3685 3129 3760 3189 ὡς

2099 3225 2260 3296 ἀξίως
2345 3224 2584 3280 ἐντεῦθεν
2670 3222 3164 3295 έπαινεθησομένου
3247 3225 3344 3275 τοῦ
3417 3217 3760 3294 δημιουργοῦ

333 3329 565 3386 cunque
597 3313 754 3368 enim
805 3313 951 3368 bene
1003 3314 1226 3368 cordati
1277 3319 1416 3369 sunt
1473 3314 1619 3370 nihil
1683 3313 1985 3386 antiquius

2099 3286 2237 3389 (πῶς
2294 3315 2395 3390 γάρ
2426 3316 2486 3388 ;),
2539 3311 2667 3368 ἀλλ’
2721 3313 2796 3375 ὡς
2856 3286 3230 3390 ὀιρειλομένως
3289 3305 3410 3386 ἔχοι
3586 3286 3761 3363 πάντα

334 3402 511 3457 habet
540 3417 719 3473 quam
750 3406 817 3456 ut
842 3400 951 3457 hoc
977 3402 1168 3458 ofﬁcio
1209 3403 1583 3459 sanctissimo
1641 3404 1983 3477 fungantur.

335 3491 398 3547 Id
431 3507 573 3546 sane
605 3491 905 3546 fatendum
921 3490 1066 3546 nihil
1098 3493 1370 3563 prmsenti
1393 3493 1749 3567 Panegyrico
1764 3494 1988 3565 justius

337 3579 618 3635 declarari
669 3595 859 3652 posse.
922 3580 989 3634 Et
1037 3596 1171 3634 cum
1205 3581 1359 3652 apud
1395 3598 1489 3637 me
1555 3583 1732 3637 statui
1765 3599 1988 3638 morem

335 3669 689 3725 athletarum
719 3667 886 3740 sequi
917 3668 1026 3724 hoc
1056 3669 1184 3741 ipso
1214 3675 1533 3743 momento,
1559 3689 1674 3744 quo
1695 3677 1990 3728 certamen

335 3757 516 3830 idque
547 3757 868 3813 maximum
900 3758 1209 3825 inchoabo,
1243 3761 1316 3815 ad
1344 3760 1773 3817 humanitatem
1803 3766 1988 3830 tuam,

339 3847 674 3919 imperator,
702 3847 954 3919 appello,
986 3853 1052 3903 ut
1081 3847 1226 3903 mihi
1259 3850 1549 3920 propitius
1606 3867 1737 3906 esse
1784 3855 1842 3906 et
1897 3867 1991 3907 me

338 3935 677 4008 loquentem
710 3936 971 3992 animare
1001 3937 1187 3993 velis:
1223 3938 1321 3992 ubi
1346 3938 1487 4010 quid
1537 3957 1671 3995 vero
1728 3957 1844 3996 non
1899 3959 1990 3998 se-

337 4025 596 4080 cundum
627 4025 976 4098 dignitatem
1009 4027 1232 4082 dictum
1259 4027 1437 4082 fuerit
1464 4027 1770 4102 iudulgere
1804 4035 1861 4086 et
1891 4031 1991 4085 ubi

335 4132 439 4188 per
469 4115 826 4188 imperitiam
859 4115 1012 4171 circa
1042 4116 1387 4187 hujusmodi
1419 4122 1714 4174 certamen
1754 4120 1990 4176 haesita-

339 4205 544 4278 verim,
578 4222 818 4260 manum
867 4205 1321 4264 conciliatricem
1355 4209 1650 4280 porrigere
1710 4209 1990 4281 digneris.

341 4294 460 4351 Hac
514 4295 672 4350 enim
732 4311 866 4350 cum
939 4312 1042 4368 spe
1096 4297 1273 4352 verba
1302 4298 1488 4354 facere
1519 4299 1589 4354 ab
1621 4298 1785 4354 initio
1812 4317 1993 4355 ausus

338 4400 494 4439 sum.
528 4384 676 4439 Nam
708 4384 757 4439 si
785 4401 888 4456 spe
919 4385 1190 4454 frustror,
1212 4391 1456 4442 conatus
1489 4387 1768 4443 meiirriti
1801 4393 1992 4461 erunt,

340 4473 568 4545 iterque
598 4472 793 4529 sterile
821 4479 1177 4547 transegero.
1210 4479 1324 4530 Cur
1353 4481 1547 4532 autem
1578 4476 1813 4552 longius
1861 4495 1997 4550 sup-

343 4561 476 4635 plex
504 4567 627 4618 asto
652 4566 674 4618 Ρ
701 4563 830 4618 Jam
857 4563 1012 4618 enim
1039 4563 1308 4635 petitioni
1358 4581 1497 4621 mea;
1527 4565 1681 4621 ultro
1740 4585 1998 4624 annuere

2099 3401 2370 3460 δεικνύναι
2428 3406 2850 3478 Λειτουργοῦντα
2905 3405 3045 3473 Θεῷ,
3077 3399 3176 3474 ἐμὲ
3231 3398 3314 3460 τίς
3365 3397 3424 3453 ἃν
3481 3394 3564 3467 εἷή
3618 3395 3758 3451 ἀπά-

2098 3514 2269 3570 γουσα
2307 3491 2600 3571 πρόφασις,
2633 3489 2842 3570 φύσεως
2900 3487 3030 3545 ὄντα
3086 3488 3178 3544 καὶ
3230 3493 3401 3543 ταῦτα
3457 3494 3560 3557 τῆς
3609 3484 3760 3561 λογι-

2097 3590 2222 3652 κῆς,
2269 3584 2345 3656 μὴ
2403 3581 2494 3636 τὸν
2546 3581 2685 3636 κατά
2743 3577 2967 3654 δύναμιν
3031 3578 3248 3634 ἔπαινον
3300 3574 3626 3633 ἀποδιδόναι
3680 3578 3760 3646 τῷ

2101 3673 2219 3746 ἐμῷ
2281 3668 2497 3746 βασιλεῖ
2545 3670 2682 3725 κατά
2755 3668 2886 3732 τοὺς
2943 3667 3481 3746 εὐγνωμονεστέρους
3535 3669 3642 3720 τῶν
3701 3662 3758 3719 εῦ

2100 3761 2384 3818 παθόντων
2445 3761 2768 3837 ἀνθρώπων,
2813 3759 2906 3815 καὶ
2977 3759 3144 3835 χρέος
3203 3756 3445 3813 ἐντεῦθεν
3507 3754 3754 3810 ἀπάντων

2100 3855 2280 3928 χρεῶν
2334 3850 2712 3923 εὐνομώτατον
2789 3849 2880 3904 καὶ
2965 3845 3304 3903 δικαιότατον
3365 3843 3756 3914 διαλύσασθαι;

2099 3943 2170 3996 Ἧ
2230 3939 2412 4016 σχολῇ
2462 3940 2514 4015 γ’
2559 3937 2617 3993 ἂν
2669 3935 2810 3994 ἄλλο
2855 3959 2907 3992 τι
2964 3935 3152 4016 φανείη
3185 3939 3292 3992 τῶν
3339 3932 3560 3990 δικαίων
3594 3933 3759 4009 ὑπάρ-

2101 4051 2223 4107 χον,
2287 4029 2332 4084 εἰ
2396 4029 2473 4101 μὴ
2530 4031 2779 4088 τοιοῦτος
2827 4026 2917 4081 καὶ
2972 4027 3000 4080 6
3057 4025 3244 4100 παρὼν
3305 4022 3520 4084 ἔπαινος
3573 4021 3759 4078 οὑτοσὶ

2101 4119 2504 4192 νομισθήσεται.
2582 4117 2682 4170 Καὶ
2750 4113 2817 4182 δὴ
2891 4113 2981 4170 οὖν
3056 4113 3257 4187 τρόπον
3336 4113 3758 4188 ἀγωνιουμένων

2101 4209 2191 4264 καὶ
2248 4207 2394 4279 αὐτῴ
2454 4227 2549 4280 μοι
2606 4202 3004 4278 ἀποδυσαμένῳ
3059 4224 3120 4258 τε
3167 4204 3282 4277 ἅμα
3320 4203 3411 4258 καὶ
3443 4203 3759 4279 ἀπογραψα-

2108 4298 2271 4372 μένῳ,
2333 4292 2409 4360 ὡς
2466 4295 2540 4357 εἰς
2599 4294 2786 4370 ἀγῶνα
2840 4295 3157 4370 χωρήσοντι
3215 4293 3306 4348 καὶ
3384 4291 3608 4368 ἀγώνων
3666 4291 3758 4346 τὸν

2107 4389 2380 4464 μέγιστον,
2432 4386 2522 4440 σὸν
2575 4383 2634 4438 ἂν
2690 4380 2774 4453 εἴη
2835 4385 2933 4452 τῆς
2989 4383 3202 4458 ἡμέρου
3255 4385 3441 4458 ψυχῆς
3501 4379 3682 4457 ἔργον,
3713 4377 3760 4434 ὦ

2111 4474 2360 4554 βασιλεῦ,
2382 4473 2551 4529 ’ίλεών
2599 4494 2693 4546 μοι
2733 4479 2984 4551 φανῆναι,
3034 4471 3124 4526 καὶ
3174 4468 3264 4525 διὰ
3302 4474 3412 4526 τῶν
3460 4469 3614 4532 ἐκτὸς
3670 4467 3760 4524 καὶ

2106 4569 2303 4644 θαρσος
2345 4564 2538 4620 ἐνιέναι
2583 4568 2703 4624 τοῖς
2753 4560 2962 4638 λόγοις,
2995 4561 3102 4638 πρὸ
3152 4557 3211 4615 δὲ
3248 4561 3488 4630 πάντων,
3521 4556 3575 4616 εἷ’
3593 4581 3646 4614 τι
3682 4559 3760 4632 μὴ

343 4657 400 4709 et
436 4653 614 4709 verba
659 4669 790 4708 mea
833 4653 1087 4725 benigne
1144 4653 1581 4711 auscultaturus
1600 4656 1834 4713 videris.
1891 4660 1987 4713 Au-

2107 4662 2222 4712 κατ’
2282 4654 2426 4725 ἀξίαν
2502 4651 2795 4725 λελέξεται,
2875 4651 3205 4726 συγγνώμην
3282 4643 3604 4723 λαμϐάνειν,
3669 4647 3760 4702 καί

343 4759 523 4815 guror
552 4741 662 4798 hoc
693 4758 760 4797 ex
792 4741 976 4798 oculis
1006 4742 1127 4798 tuis
1158 4760 1412 4814 quorum
1442 4745 1590 4800 radii
1622 4746 1768 4802 mire
1798 4747 1996 4819 splen-

343 4832 549 4888 dentes
579 4832 779 4888 me'ad
811 4831 1175 4903 loquendum
1209 4833 1484 4890 excitant.

2105 4767 2210 4801 που
2277 4744 2367 4799 καὶ
2429 4741 2733 4819 ἀναγκαίως
2798 4738 3245 4817 περιτρεπομένῳ
3322 4760 3417 4812 μοι
3490 4735 3561 4793 δι³
3605 4738 3761 4793 ἀπει-

2107 4834 2222 4911 ρίαν
2279 4837 2378 4888 τοῦ
2436 4829 2704 4886 ἀεθλεύειν
2765 4829 3059 4906 προτείνειν
3115 4849 3176 4884 τε
3232 4830 3504 4906 σωτήριον
3564 4825 3760 4901 δεξιὰν,

341 4920 431 4975 καὶ
510 4922 728 4990 συνήθει
806 4915 1276 4994 ἐπαναλαμϐάνειν
1357 4921 1718 4996 χρηστότητι,
1776 4924 1893 4980 ἐπει
1968 4925 2058 4982 καὶ
2139 4925 2241 4980 ὑπὸ
2312 4918 2553 4977 τοιαῖσδε
2619 4924 2739 4981 ταῖς
2799 4917 2983 4974 ἐλπίσὶ
3047 4919 3147 4988 τὴν
3210 4919 3389 4995 ἀρχὴν
3446 4918 3537 4975 τὸν
3597 4916 3760 4993 λόγον

343 5008 680 5086 τεθάρῥηκα·
738 5009 833 5081 ὡς,
868 5010 913 5064 εἷ
969 5011 1045 5083 μὴ
1104 5009 1172 5065 τὰ
1224 5014 1332 5065 τῶν
1382 5009 1621 5067 ἐλπίδων
1680 5008 2226 5088 προϐήσεται,κενῆν
2285 5011 2499 5090 τρέχων
2560 5009 2893 5088 ὀφθήσομαι,
2932 5006 3022 5063 καὶ
3079 5006 3490 5086 ἀτελεσφόρητά
3547 5028 3640 5080 μοι
3697 5007 3765 5059 τὰ

342 5105 446 5168 τῆς
505 5099 685 5173 ὁρμῆς
736 5098 826 5153 καὶ
885 5100 913 5153 ὁ
972 5097 1141 5175 λόγος
1195 5099 1295 5155 οὐκ
1347 5097 1560 5164 εῦοδος.
1599 5103 1785 5157 Καίτοι
1833 5104 1885 5158 τί
1934 5103 2072 5182 πρὸς
2119 5108 2288 5159 ταῦτα
2337 5100 2660 5175 ἐπιμηκύνω
2702 5101 2802 5168 τήν
2855 5094 3105 5170 a’t'tncrw;
3141 5099 3253 5175 ὁρῶ
3281 5099 3387 5173 γὰρ
3416 5095 3526 5166 ἤδη
3559 5117 3616 5149 σε
3668 5091 3760 5147 καὶ

341 5188 449 5263 πρὸ
506 5194 608 5257 τῆς
665 5187 933 5258 αἰτήσεως
1006 5189 1338 5261 ἐπινεύοντα,
1399 5190 1490 5244 καὶ
1567 5180 1985 5267 συγγνωμόνως
2055 5193 2269 5249 ἀκούειν
2352 5188 2914 5265 καθυπισχνούμενον,
2994 5187 3084 5244 καὶ
3168 5186 3364 5244 τούτου
3442 5180 3762 5240 διδάσκαλον

350 5272 475 5352 ὄψιν
531 5281 798 5350 ποιοῦμαι
857 5279 954 5347 τὴν
1019 5279 1137 5350 σὴν,
1173 5279 1362 5349 ἠπίαις
1425 5279 1941 5358 ἐπιφρυκτωροῦσάν
2005 5305 2098 5357 μοι
2153 5287 2272 5345 ταῖς
2333 5281 2510 5336 ἀκτῖσι
2564 5279 2655 5334 καὶ
2707 5279 2845 5354 πρὸς
2890 5278 2953 5334 τὸ
3004 5278 3180 5355 λέγειν
3224 5273 3757 5353 παραθαρρύνουσαν.

415 5441 491 5512 (1)
521 5440 736 5513 Eadem
750 5440 967 5513 “utitur
995 5441 1339 5513 metaphora
1369 5443 1428 5496 in
1453 5443 1634 5498 maris
1654 5443 1991 5502 laudatione

345 5507 512 5592 p.
556 5509 660 5592 Κᾷν
722 5507 776 5564 ei’
824 5531 907 5592 τις
968 5507 1326 5592 συγγινώσκοι
1386 5513 1629 5592 τοῖςὶεῖς
1684 5515 1813 5576 τοὺς
1872 5518 1996 5592 περὶ

343 5582 548 5664 ταύτης
596 5581 810 5664 λόγους.
845 5581 1372 5664 ἑαυτοξοςξῦκαθιεῖσι.
1437 5583 1658 5664 μᾶλλον.
1709 5593 1808 5664 τῆς
1858 5581 1994 5664 πρὸ-

351 5653 548 5743 θιξμίας
627 5653 912 5752 ἀγαπήσας
963 5657 1019 5746 ,ἢ
1077 5655 1375 5752 κατθαγνοὺς
1438 5653 1550 5726 ’τῆς
1638 5653 1993 5752 θρασύτητρς,

350 5719 542 5780 οὐκοῦν
599 5719 698 5796 τήν
751 5719 848 5784 τοῦ
909 5719 1344 5802 μὴ’τὰἚίκαια
1416 5719 1769 5800 πεποιηκέναι
1842 5719 1998 5803 δόξαν

2113 5443 2409 5498 ἀποίσεται.
2465 5442 2826 5533 sententiam
2858 5441 3048 5533 ,plane
3103 5441 3301 5533 turbat
3347 5437 3494 5533 illud
3542 5433 3759 5533 οὐκοῦν,

2108 5535 2212 5588 pro
2243 5534 2357 5587 quo
2403 5515 2777 5570 scribendum
2826 5509 3040 5586 οὔκουν,
3076 5509 3232 5586 quOd
3276 5516 3477 5566 tenent
3533 5509 3763 5569 codices

2104 5590 2246 5645 2629
2275 5594 2331 5643 et
2359 5588 2521 5643 2040.
3793 5601 3796 5604 ’

2180 5661 2258 5734 (2)
2289 5658 2504 5716 Psalm.
2537 5674 2764 5716 CXLVIII.
