4108 6480
389 456 512 522 349

1400 455 1807 523 LAUDATIO
1850 455 2283 521 MICHAELIS
2325 457 2818 522 PALEOLOGI.

3696 447 3819 512 350

461 588 622 664 Ἐμοὶ
683 587 778 663 μὲν
839 585 956 662 οὗν,
1018 587 1263 666 βασιλεῦ,
1307 589 1354 645 εἰ
1416 591 1510 664 μὲν
1569 591 1636 659 ἦν
1697 590 2058 664 σκοπουμένῳ

2244 591 2302 648 Si
2331 591 2658 648 disserendi
2708 591 3018 648 materiam
3066 589 3138 646 ab
3187 586 3372 644 initiis
3404 584 3489 642 tui
3518 583 3684 657 regni
3713 601 3814 656 ag-

390 680 443 756 ἒξ
494 679 668 749 αὐτῆς
728 676 1004 756 κρηπῖδος
1056 683 1164 734 τῶν
1223 679 1562 757 πραγμάτων
1615 680 1805 750 εἰπεῖν,
1854 680 1943 734 καὶ
1992 679 2055 742 ’ὰς

389 770 646 848 ἀῤῥήτως
674 770 771 831 τὰς
805 768 1056 846 ἀφορμὰς
1106 769 1344 846 ἀρχῆθεν
1394 773 1502 824 τῶν
1553 769 1679 844 περὶ
1731 770 1788 823 σε
1832 772 1868 839 ἡ
1919 789 2056 846 προ-

391 860 653 933 ορίζουσα
700 857 876 913 πάντα
918 857 1082 936 σοφία
1157 863 1292 914 Θεοῦ
1349 853 1702 930 κατεϐάλετο,
1749 858 1836 913 ἐπὶ
1891 859 2056 931 μήκι-

393 971 517 1005 στον
559 948 620 1003 ἂν
673 947 892 1019 ἐξετάθη
953 968 1045 1020 μοι
1091 949 1162 1002 τὰ
1204 953 1302 1003 τοῦ
1361 946 1552 1024 λόγου,
1581 948 1671 1002 καὶ
1740 949 2059 1026 συγγραφὴν

395 1037 552 1108 ἔδοξα
593 1035 806 1110 μᾶλλον
860 1034 1004 1113 ἤπερ
1057 1035 1332 1114 ἐγκώμιον
1398 1036 1893 1114 μεταχειρίζεσθαι·
1945 1036 2061 1091 νυνῖ

404 1125 466 1184 δὲ
507 1131 686 1198 τοῦτο,
735 1126 827 1180 καὶ
877 1127 952 1199 μὴ
1004 1127 1104 1195 τὴν
1157 1128 1492 1205 συγγραφὴν,
1532 1127 1896 1199 πεποιημένῳ
1942 1147 2064 1181 σκο-

407 1218 529 1288 πὸν,
575 1216 796 1292 ἀπορεῖν
851 1215 940 1270 καὶ
991 1213 1136 1271 οὕτω
1185 1211 1468 1288 συμϐαίνει
1531 1215 1650 1280 ὅθεν
1695 1212 1777 1270 δεῖ
1821 1219 1918 1270 τοῦ
1973 1212 2059 1269 λέ-

407 1325 516 1381 γειν
576 1304 942 1381 ἀπάρχεσθαι.
984 1305 1041 1358 '0
1094 1303 1196 1380 γάρ
1252 1326 1337 1359 τοι
1397 1303 1560 1381 λόγος
1612 1303 1663 1359 έν
1728 1302 1910 1378 μέσοις
1950 1309 2066 1365 τοῖς

403 1399 517 1456 σοῖς
545 1392 740 1455 καλοῖς
767 1393 847 1455 ὡς
877 1391 928 1447 ἐν
963 1392 1197 1466 λειμῶνι
1253 1389 1803 1466 περιλαμϐανόμενος
1857 1398 2068 1469 τερπνῷ

395 1483 487 1538 καὶ
535 1479 751 1554 εὐώδει,
810 1481 1054 1554 ποικίλῳ
1114 1482 1210 1554 μὲν
1259 1483 1358 1552 τὴν
1415 1481 1676 1558 βλάστην,
1709 1483 1950 1556 ποικίλῳ
2010 1480 2068 1538 δὲ

395 1571 488 1628 καὶ
515 1573 617 1641 τήν
661 1570 830 1647 ὥραν,
864 1571 1110 1645 ὁμότιμα
1159 1569 1220 1627 δὶ
1276 1567 1720 1648 προϐεϐλημένῳ
1771 1574 1838 1628 τὰ
1894 1577 2068 1627 πάντα

393 1661 487 1717 καὶ
543 1662 660 1716 κατ’
721 1657 874 1716 οὐδὲν
945 1660 1166 1736 θάτερον
1255 1661 1482 1734 θατέρου
1548 1661 1879 1734 ἡττημένον,
1940 1661 2067 1716 ὅτου

2169 698 2408 754 gressus
2464 698 2667 737 eorum
2726 681 3014 736 rationem
3060 679 3277 734 habere
3326 675 3643 732 voluissem
3687 690 3815 745 quae

2170 770 2366 828 divina
2413 771 2702 842 sapientia
2751 770 2858 825 tibi
2908 766 3318 841 suppeditavit,
3370 765 3552 821 oratio
3597 779 3728 818 mea
3754 761 3815 817 in

2171 860 2416 916 nimiam
2475 859 2904 932 longitudinem
2963 856 3327 926 excrevisset,
3389 859 3447 911 et
3499 856 3818 909 tractatum

2172 949 2367 1023 potius
2397 965 2575 1022 quam
2626 949 3040 1022 panegyricum
3074 945 3495 1017 conscripsisse
3541 942 3704 997 visus
3731 957 3821 997 es-

2173 1054 2320 1094 sem.
2351 1038 2464 1093 Sed
2496 1054 2630 1094 cum
2663 1038 3081 1111 panegyricum
3126 1035 3233 1091 tibi
3281 1035 3472 1090 dicere
3512 1031 3656 1087 mihi
3688 1047 3821 1102 pro-

2174 1128 2491 1200 posuerim,
2525 1127 2912 1183 nihilominus
2945 1127 3099 1182 unde
3149 1125 3388 1180 initium
3442 1127 3500 1178 te
3549 1118 3832 1176 laudandi

2175 1216 2404 1288 capiam
2442 1216 2665 1272 haesito.
2701 1217 2899 1274 Oratio
2931 1216 3129 1272 omnia
3159 1231 3287 1286 qum
3321 1213 3392 1268 ad
3441 1216 3498 1267 te
3543 1213 3833 1283 spectant,

2177 1306 2546 1376 occupando,
2577 1306 2732 1363 sicut
2776 1307 2833 1360 in
2874 1312 3039 1378 prato
3082 1305 3326 1360 floribus
3366 1299 3834 1358 multicoloribus

2175 1395 2431 1450 consisto
2483 1395 2584 1466 qui
2631 1396 2822 1451 visum
2883 1401 2939 1450 et
2994 1395 3271 1450 olfactum
3302 1391 3615 1460 delectant,
3647 1387 3827 1443 dubia

2177 1484 2356 1539 haeret
2385 1483 2541 1539 circa
2573 1483 2860 1540 delectum
2890 1484 3245 1554 habendum,
3279 1499 3352 1538 ne
3400 1496 3517 1536 uno
3567 1475 3828 1550 neglecto

2178 1572 2345 1627 alteri
2379 1573 2628 1628 nimium
2661 1575 2868 1629 faveat.
2902 1574 2992 1628 Sic
3022 1573 3094 1628 ab
3128 1572 3292 1627 initio
3317 1567 3680 1627 abundantia
3696 1582 3827 1622 ma-

2177 1662 2460 1717 teriarum
2495 1663 2757 1718 animum
2784 1663 3031 1718 oratoris
3063 1660 3213 1716 mira
3240 1659 3568 1716 conturbat.

400 1751 499 1826 μὲν
562 1751 754 1824 ἅψεται
812 1754 1048 1826 πρῶτον,
1085 1749 1275 1805 ὁποῖον
1346 1747 1405 1804 δὲ
1459 1750 1552 1806 καὶ
1610 1748 1898 1828 παρέλθοι,
1925 1750 2034 1806 τίσι
2093 1747 2151 1805 δὲ
2204 1749 2431 1823 τρόποις
2490 1749 2579 1804 καὶ
2635 1749 2806 1804 πάντα
2841 1747 3227 1826 περιλήψεται,
3259 1746 3373 1801 ἐπεὶ
3411 1742 3539 1818 μηδ’
3569 1742 3693 1820 ἔχοι
3721 1742 3833 1796 τίσι

396 1840 709 1916 χαρίσεται,
768 1838 965 1916 ἀπορεῖ
1031 1859 1093 1894 τε
1166 1838 1258 1895 καὶ
1333 1837 1652 1912 ἐπιδοιάζει,
1709 1840 1801 1895 καὶ
1865 1838 2079 1895 ’ίσταται
2159 1843 2376 1893 σκοπῶν
2437 1839 2562 1916 περὶ
2617 1846 2718 1910 τῆς
2776 1839 2986 1916 ἀρχῆς·
3042 1839 3132 1894 καί
3169 1858 3232 1913 γε
3288 1839 3324 1906 ἡ
3381 1853 3670 1912 περιουσια
3723 1835 3832 1886 τῶν

397 1929 710 1985 ὑποθέσεων
739 1929 816 1992 εἷς
847 1928 998 2000 ξένην
1021 1923 1227 1986 ἔνδειαν
1255 1928 1406 2002 αὐτῷ
1435 1929 1794 2005 περιίσταται.

472 2018 548 2073 Οὐ
581 2019 692 2091 μὴν
725 2016 892 2089 ἀλλὰ,
923 2017 1116 2093 καίπερ
1148 2017 1292 2074 οὕτω
1332 2017 1538 2074 τούτων
1591 2018 1857 2095 ἐχόντων,
1889 2019 1918 2073 ὁ
1950 2020 2073 2096 Θρα-

2253 2023 2386 2074 Haac
2418 2020 2616 2076 omnia
2646 2020 2911 2075 animum
2945 2035 3145 2077 meum
3176 2034 3293 2074 non
3325 2016 3684 2088 deprimunt,
3712 2011 3831 2067 imo

397 2106 498 2170 ὡς
525 2108 619 2162 καὶ
648 2107 820 2162 πάντα
846 2106 1073 2181 τολμῶν
1125 2105 1239 2184 ἐγὼ
1295 2109 1396 2177 τὴν
1440 2108 1538 2176 σὴν
1588 2106 1824 2184 πατρίδα
1871 2113 2072 2184 πειρῶ-

400 2217 501 2271 μαι
528 2197 732 2261 τιθέναι
780 2200 898 2259 τοῖς
956 2193 1154 2260 ἄλλοις
1215 2197 1420 2273 ἀρχὴν,
1449 2195 1540 2252 καὶ
1591 2202 1809 2272 πρῶτον
1845 2197 1896 2252 ἐν
1949 2203 2068 2260 τοῖς

397 2285 697 2359 ὁμοτίμοις
770 2284 979 2340 τάττειν
1051 2285 1142 2340 καὶ
1221 2283 1492 2362 δεύτερον.
1552 2291 1630 2360 Τῇ
1703 2288 1808 2362 γὰρ
1869 2287 2072 2363 ἀνάγκῃ

398 2373 664 2450 ἐξάγομαι
710 2374 850 2449 πρὸς
897 2373 1251 2447 καινοτομίαν
1311 2374 1401 2430 καὶ
1457 2374 1526 2429 τὰ
1581 2376 1662 2447 μὴ
1722 2377 2073 2451 προσήκοντα

398 2463 626 2537 πράττω
669 2461 740 2537 τῇ
785 2461 989 2538 ἀπορίᾳ
1035 2461 1414 2535 στενούμενος.
1459 2467 1760 2538 Τοιγαροῦν
1819 2463 1909 2518 καὶ
1968 2465 2068 2532 τὴν

402 2553 504 2622 σὴν
545 2551 608 2607 ἐκ
652 2549 941 2628 προγόνων
999 2550 1186 2623 πόλιν,
1219 2548 1264 2605 ὦ
1301 2549 1526 2628 βασιλεῦ
1553 2550 1714 2622 (αὕτη
1775 2553 1880 2628 γὰρ
1934 2550 2072 2608 ἔστω

406 2662 504 2716 μοι
555 2645 654 2695 τοῦ
694 2638 870 2716 λέγειν
901 2640 1098 2716 ἀρχὴ),
1133 2639 1361 2713 ὑμνοῦσι
1399 2640 1492 2714 μὲν
1555 2641 1608 2694 οἱ
1652 2641 1770 2695 κατ’
1817 2638 2071 2718 ἤπειρον,

406 2731 636 2804 ὑμνοῦσι
667 2726 725 2783 δὲ
752 2728 842 2783 καὶ
873 2725 991 2783 ὅσοι
1040 2729 1133 2790 τὰς
1183 2728 1547 2806 περιρῥύτους
1605 2725 1796 2803 ἔχουσι
1853 2731 2072 2800 νήσους,

405 2819 496 2874 καὶ
525 2823 634 2881 πᾶς
666 2815 814 2880 ὅστις
851 2816 1160 2894 τάνθρώπων
1221 2817 1414 2893 κυρίαν
1453 2820 1671 2893 ἡγεῖται
1725 2818 1816 2872 καὶ
1875 2817 2075 2890 ὀνομά-

403 2912 510 2978 ζει,
543 2902 927 2979 καὶ,τοῦνομα
968 2906 1141 2980 μόνον
1191 2905 1426 2969 ἀκούσας
1475 2906 1522 2960 εἰ
1569 2906 1732 2982 τύχοι
1781 2915 1882 2976 τῆς
1933 2914 2077 2961 Κων¹¹

403 2995 712 3064 υταντίνου,
761 2996 862 3064 τὴν
943 2999 1243 3068 κρατοῦσαν
1319 2995 1511 3050 αὐτίκα
1596 2995 1760 3051 πόλιν
1818 2997 2073 3068 νενόηκε·

403 3088 671 3140 τοσοῦτον
725 3083 862 3159 αὐτῇ
943 3084 1274 3158 ἀξιώματος,
1331 3089 1590 3140 τοσοῦτον
1667 3085 1907 3161 περίεστι
1985 3086 2076 3142 καὶ

407 3173 827 3251 λαμπρότητος,
885 3171 1024 3230 ὥστε
1067 3178 1150 3246 τῷ
1195 3172 1397 3245 ταύτης
1459 3174 1688 3247 ὀνόματι
1726 3175 1817 3229 καὶ
1861 3175 1926 3230 τὸ
1979 3178 2079 3245 τῆς

405 3263 587 3340 ἀρχῆς
646 3263 1065 3340 συνεισάγεσθαι,
1125 3261 1216 3318 καὶ
1283 3260 1436 3324 αὖθις
1489 3268 1570 3334 τῷ
1625 3270 1725 3332 τῆς
1783 3264 1962 3340 ἀρχῆς
2015 3265 2076 3319 τὸ

403 3358 504 3423 τῆς
559 3351 781 3414 πόλεως
833 3352 1297 3429 -συνεισφέρεσθαι,
1323 3351 1381 3407 ὃν
1435 3351 1641 3428 τρόπον
1701 3352 1791 3407 καὶ
1839 3354 1906 3407 τὰ
1963 3350 2077 3408 ἴδια

402 3443 560 3520 φασὶν
594 3440 962 3519 ἀναστρέφειν
995 3437 1050 3496 οἳ
1077 3438 1202 3514 περί
1245 3444 1416 3497 ταῦτα
1467 3438 1886 3511 σπουδάζοντες.
1920 3442 2074 3514 Αὕτη

401 3531 494 3587 καὶ
551 3531 678 3606 γὰρ,
737 3531 838 3599 τὴν
897 3529 952 3592 ἐς
1011 3529 1234 3605 ὕστερον
1304 3526 1551 3586 εὔκλειαν
1633 3529 1818 3605 ὥσπερ
1893 3530 2078 3595 καλῶς

408 3619 853 3695 μεμαντευμένου
904 3624 1004 3675 τοῦ
1029 3618 1302 3692 οἰκιστοῦ,
1335 3617 1389 3675 ἐν
1445 3618 1601 3693 καλῷ
1655 3627 1759 3690 ἧς
1818 3621 2080 3694 οἰκουμέ-

402 3733 504 3783 νης
547 3712 754 3773 θέσεως
800 3706 1020 3785 εἶ’ληχε,
1048 3709 1143 3764 καὶ
1200 3713 1388 3786 χῶρον
1445 3707 1746 3766 κάλλιστον
1804 3714 1913 3766 τῶν
1974 3711 2077 3766 ὑπὸ

405 3800 644 3871 σελήνην
691 3798 794 3855 οὐκ.
839 3795 993 3854 ἔστιν
1043 3795 1259 3870 οὐδένα,
1289 3799 1329 3867 ἢ
1367 3799 1476 3867 τὴν
1536 3797 1825 3871 Βύζαντος,
1858 3819 2081 3876 προσει-

401 3895 548 3948 πεῖν.
603 3888 760 3959 Μέση
832 3889 938 3961 ,μὲν
999 3888 1103 3963 γὰρ
1163 3892 1336 3943 κεῖται
1393 3889 1495 3956 τῆς
1558 3893 1663 3963 γῆς
1720 3882 1925 3964 ἔσχατα
1987 3888 2082 3962 μὲν

402 3979 610 4057 ἔχουσα
665 3984 772 4048 τῆς
847 3976 1144 4053 Εὐρώπης,
1208 3976 1390 4033 Ἀσίαν
1468 3973 1527 4031 δὲ
1592 3971 1850 4051 ,λέγεσθαι
1925 3975 2078 4033 οὐδὲν

402 4066 732 4138 ἀποδέουσα,
782 4067 818 4135 ἢ
875 4063 1100 4140 μᾶλλον
1155 4064 1351 4134 εἰπεῖν,
1399 4064 1580 4128 Ἀσίας
1625 4065 1722 4121 καὶ
1782 4065 2076 4141 Εὐρώπης,

399 4158 494 4214 καὶ
555 4153 610 4212 εἷ’
654 4177 709 4212 τι
749 4152 945 4232 ἕτερον
1001 4161 1205 4228 τμῆμα
1273 4161 1380 4229 γῆς
1442 4155 1544 4228 (3),
1594 4154 1836 4210 ’ἐντεῦθεν
1895 4156 2078 4233 ἀρχήο

403 4241 792 4324 προϐέϐληται
820 4243 879 4301 δὲ
916 4247 1220 4320 προμήκης
1267 4243 1318 4316 ἐξ
1365 4243 1602 4320 ἠπείρου
1654 4245 1731 4307 εἷς
1789 4244 2079 4319 θάλατταν,

406 4337 595 4412 ὥσπερ
645 4335 931 4411 ἀνίσχοντι
979 4338 1070 4407 τῷ
1149 4333 1430 4412 φωσφόρῳ
1496 4334 1692 4410 πρώτη
1765 4355 2080 4411 προσαπαν-

402 4431 585 4499 τῶσα,
611 4424 852 4487 καὶτοῖς
887 4423 948 4479 ἐκ
989 4427 1097 4478 ⁸τοῦ
1147 4419 1419 4499 πελάγους
1464 4423 1600 4501 πρὸς
1649 4422 1817 4493 αὐτὴν
1867 4430 2083 4481 κατιοῦ-

403 4537 528 4588 -εσιν,
553 4514 614 4572 ἐν
666 4516 916 4591 σχήματι
962 4512 1269 4589 εὐεργέα-ου,
1309 4519 1473 4589 χεῖρα
1517 4513 1798 4589 ὀρέγουσα.
1835 4515 2083 4577 Μαιῶτίς

397 4628 473 4662 πε
501 4604 864 4681 θάλατταδιιαὶ
889 4604 922 4658 ὁ
953 4599 1208 4674 Εὔξεινος
1243 4599 1342 4657 διὰ
1370 4607 1556 4658 στεντῦ
1604 4601 1682 4665 εἰς
1729 4601 1897 4673 αὐτὴν
1943 4604 2080 4660 ἀπο-

399 4690 698 4752 ιῆλίϐονται
743 4691 842 4749 καὶ
897 4693 966 4748 τὰ
1009 4698 1139 4768 παρθ
1167 4692 1376 4747 ἑαυτῶν
1428 4691 1506 4754 ὡς
1552 4691 1631 4754 εἷς
1681 4689 1926 4748 δεσπότιν
1978 4695 2080 4764 τὴν

2181 2109 2433 2164 suadent
2464 2114 2528 2163 ut
2557 2109 2818 2180 primum
2850 2110 2921 2166 de
2952 2108 3142 2183 patria
3169 2113 3274 2164 tua
3321 2106 3590 2162 referam.
3623 2102 3833 2158 Neces-

2181 2198 2355 2254 sitate
2387 2197 2542 2253 enim
2575 2203 2635 2252 et
2667 2216 2864 2255 rerum
2892 2199 3182 2271 angustiis
3213 2200 3450 2253 coactus
3479 2210 3602 2250 rem
3625 2207 3834 2248 novam

2181 2287 2509 2360 aggredior.
2544 2288 2757 2344 Urbem
2789 2289 3024 2361 quidem
3057 2305 3234 2360 quam
3282 2304 3316 2342 a
3363 2284 3686 2355 majoribus
3718 2282 3835 2336 haa-
3891 2354 3896 2358 _

2183 2377 2430 2432 reditate
2461 2378 2776 2449 suscepisti
2827 2377 2990 2450 (hinc
3019 2378 3177 2433 enim
3206 2374 3505 2448 incipiam)
3560 2370 3835 2428 carmini-

2183 2466 2295 2521 bus
2354 2465 2646 2522 celebrant
2705 2471 2997 2538 quotquot
3053 2466 3450 2522 continentem
3507 2466 3610 2518 aut
3657 2461 3833 2516 etiam

2182 2553 2410 2610 insulas
2461 2554 2741 2626 incolant,
2773 2560 2832 2611 et
2879 2572 2952 2610 ne
2997 2572 3153 2610 unus
3206 2554 3445 2626 quidem
3495 2549 3831 2606 mortalium

2185 2642 2418 2698 hmsitat
2451 2644 2658 2698 urbem
2701 2643 3002 2698 dominam
3051 2641 3421 2700 Constantini
3472 2655 3832 2711 nuncupare.

2185 2731 2318 2787 Solo
2379 2731 2535 2786 enim
2596 2731 2832 2788 nomine
2889 2733 3089 2788 audito
3143 2735 3436 2804 potentem
3495 2727 3839 2796 declarabit,

2189 2821 2407 2892 quippe
2438 2821 2612 2892 cujus
2641 2825 2805 2877 tanta
2834 2826 2923 2900 est
2953 2821 3290 2886 auctoritas,
3313 2824 3513 2876 tantus
3544 2818 3847 2890 splendor,

2190 2915 2257 2966 ut
2287 2910 2479 2966 solum
2514 2927 2726 2966 nomen
2762 2909 3043 2966 familiam
3086 2910 3473 2983 regnatricem
3522 2909 3595 2964 ob
3643 2904 3845 2962 oculos

2192 3004 2389 3071 ponat.
2422 2999 2568 3054 Nam
2611 3000 2781 3070 quasi
2813 3001 3092 3056 fundator
3119 2999 3365 3072 gloriam
3407 2999 3666 3053 futuram
3697 3013 3842 3068 prae-

2187 3087 2451 3154 vidisset,
2485 3087 2855 3144 Constantini
2887 3090 3030 3144 urbs
3069 3089 3250 3144 situm
3300 3087 3507 3144 sortita
3555 3090 3647 3142 est
3691 3085 3846 3140 infra

2189 3175 2393 3232 lunam
2444 3178 2908 3234 amcenissimum
2965 3178 3118 3233 inter
3161 3177 3386 3233 medias
3440 3181 3651 3246 terras,
3691 3175 3844 3229 inter

2191 3267 2417 3322 conﬁsa
2471 3267 2733 3338 Europa,
2787 3267 2888 3322 ubi
2938 3268 3011 3323 ab
3053 3267 3192 3322 Asia
3220 3268 3312 3322 vix
3342 3266 3684 3332 secernitur,
3714 3269 3840 3329 aut,

2107 3398 2150 3466 ρ
2191 3359 2279 3466 ut:
2313 3355 2529 3412 melius
2587 3357 2816 3466 dicam;
2866 3357 3105 3429 Europae
3165 3360 3228 3457 et
3276 3356 3429 3412 Asiae
3495 3353 3847 3466 inaedificata

2187 3444 2438 3501 videtur.
2472 3450 2668 3517 Longo
2715 3445 2918 3510 eadem
2966 3451 3157 3501 tractu
3213 3444 3275 3501 in
3331 3460 3493 3500 mare
3534 3443 3849 3516 procurrit,

2187 3539 2247 3591 et
2276 3533 2386 3590 soli
2418 3534 2628 3590 orienti
2679 3551 2860 3607 quam
2912 3536 3166 3592 maxime
3214 3535 3566 3608 propinqua,
3611 3549 3680 3588 ex
3733 3532 3850 3588 alto

2193 3623 2689 3696 adnavigantibus
2719 3625 2831 3680 sub
2854 3625 3062 3681 matris
3081 3624 3356 3680 beneficis
3377 3622 3572 3696 specie
3601 3636 3847 3677 manum

2193 3711 2459 3785 porrigit.
2488 3712 2705 3768 Misotis
2733 3729 2965 3784 quoque
2993 3712 3162 3785 palus
3211 3723 3263 3769 el
3310 3717 3532 3768 Pontus
3579 3709 3844 3766 Euxinus

2181 3817 2397 3858 versus
2437 3817 2566 3856 eam
2619 3810 2852 3873 exeunt,
2883 3807 2941 3857 et
2988 3819 3116 3874 quae
3166 3800 3484 3874 peculiaria
3509 3799 3727 3855 habent
3756 3814 3846 3867 eo,

2193 3890 2362 3962 quasi
2397 3908 2518 3946 rem
2545 3890 2800 3946 debitam
2833 3890 3114 3948 facientes
3137 3892 3475 3962 important.
3498 3888 3842 3962 Hellespon-

2183 3984 2289 4036 tus
2320 3981 2422 4052 qui
2455 3996 2618 4035 mare
2646 3981 2905 4051 {Egeum
2927 3985 2985 4036 et
3017 3996 3192 4036 omne
3217 3981 3432 4036 fretum
3454 3978 3680 4051 implet,
3717 3978 3854 4033 inde

2191 4070 2429 4126 initium
2488 4070 2667 4127 habet
2739 4087 3023 4126 venarum
3101 4069 3292 4125 instar
3369 4086 3497 4140 quae
3573 4085 3609 4124 a
3679 4068 3854 4123 corde

2191 4161 2252 4215 in
2297 4161 2557 4232 corporis
2605 4161 3004 4215 extremitates
3053 4163 3284 4215 exeunt.
3317 4159 3464 4214 Hinc
3522 4173 3652 4213 mos
3699 4157 3850 4212 obti-

2191 4250 2343 4315 nuit,
2373 4266 2503 4304 eam
2551 4248 2877 4304 continenti
2922 4264 3087 4319 aeque
3135 4264 3201 4303 ac
3250 4246 3461 4303 insulis
3516 4262 3844 4303 accensere.

2191 4339 2353 4404 Quod
2379 4343 2574 4392 autem
2599 4337 2866 4392 omnium
2883 4337 3390 4409 jucundissimum
3417 4342 3540 4392 est:
3568 4335 3847 4391 omnibus

2193 4445 2320 4501 quis
2354 4427 2662 4483 continens
2694 4431 2750 4481 et
2779 4426 2987 4483 insulse
3037 4427 3310 4493 offerunt,
3341 4424 3672 4482 commodis
3701 4425 3847 4480 frui-

2195 4523 2314 4586 tur,
2350 4517 2744 4572 incommodis
2776 4521 2974 4572 autem
3006 4521 3246 4572 vexatur
3274 4515 3475 4571 nullis.
3510 4515 3852 4587 Magnitudo

2179 4607 2403 4663 deinde
2435 4607 2602 4662 urbis
2643 4615 2735 4661 est
2765 4611 2930 4661 tanta
2959 4610 3176 4676 quanta
3208 4603 3458 4678 proximi
3490 4604 3692 4660 maris.
3725 4604 3852 4660 Sic—

2197 4700 2263 4751 ut
2314 4695 2469 4751 enim
2526 4694 2635 4750 hoc
2693 4693 2847 4749 mole
2908 4693 3220 4749 fluviorum
3297 4692 3688 4749 maximorum
3750 4693 3852 4764 qui

403 4785 579 4841 πόλιν
630 4786 988 4860 χρεωπικῶς
1035 4779 1512 4858 παραπέμπουσιν.
1549 4778 1958 4852 Ἑλλήσποντος
2005 4780 2074 4856 δὲ,

2193 4783 2562 4840 continenter
2613 4783 2870 4850 irruunt,
2923 4784 3169 4838 minime
3205 4786 3565 4850 .coarctatur,
3615 4781 3697 4836 ita
3745 4797 3850 4837 nec

403 4875 506 4930 τὸν
565 4871 796 4948 Αἰγαῖον
849 4871 946 4927 καὶ
1002 4870 1177 4927 πάντα
1221 4867 1434 4926 κόλπον
1487 4869 1767 4940 θαλάττης
1823 4869 2072 4947 πληρῶν,

398 4961 657 5018 ἐντεῦθεν
695 4961 1045 5036 ιᾶπᾶρχεται,
1101 4959 1178 5022 ὡς
1227 4959 1283 5014 αἱ
1336 4959 1442 5014 ἀπὸ
1493 4957 1724 5036 καρδίας
1785 4964 1891 5014 τοῦ
1942 4961 2086 5030 ζώου

395 5049 679 5124 -δυνάμεις
742 5049 910 5126 μέχρι
975 5048 1081 5105 οιαὶ
1129 5053 1248 5105 τῶν
1327 5045 1505 5126 ἄκρων
1564 5050 1925 5123 προήκουσαι.
1971 5051 2083 5106 ’Καὶ

398 5141 678 5213 ¹ξιτάρειιπτιν
715 5139 964 5195 ἐντεῦθεν
1013 5139 1105 5195 καὶ
1138 5137 1190 5195 ἐν
1239 5136 1454 5215 ἠπείρῳ
1489 5137 1705 5193 τάττειν
1759 5139 1861 5207 τήν
1917 5137 2084 5194 πόλιν

395 5230 507 5288 ,καὶ
551 5229 686 5304 μετὰ
723 5233 839 5284 πῶν
877 5230 1067 5312 ⁸νήυιων
1119 5230 1503 5305 καταριθμεῖν·
1536 5227 1647 5300 καὶ,
1677 5228 1741 5284 τὸ
1773 5225 1841 5297 δὴ
1889 5227 2080 5305 χαριέ-

399 5340 631 5389 στατον,
678 5316 944 5394 ἑκατέρων
1000 5318 1091 5373 καὶ
1135 5312 1386 5396 ἠπείρων
1432 5317 1524 5374 καὶ
1570 5318 1750 5388 νήσων
1799 5315 2080 5381 πλουσίως

411 5406 774 5466 ἀπολαύουσα
811 5411 926 5463 τῶν
959 5405 1199 5486 βαλών,
1236 5411 1353 5477 τῶν
1407 5405 1465 5462 ’ἐν
1513 5405 1852 5486 ἀμφοτέραις
1901 5405 2078 5478 λυπη-

415 5503 530 5577 ρῶν
589 5489 1003 5572 ἠλλωτρίωταί.
1043 5493 1316 5572 Μεγέθσυς
1347 5489 1436 5550 ’δὲ
1489 5499 1746 5551 τοσοῦτον
1792 5498 1861 5570 τῇ
1918 5495 2079 5552 πόλει

493 5624 577 5696 (3)
607 5623 787 5704 Libya
816 5623 973 5704 enim
1011 5639 1078 5704 _a_
1107 5620 1313 5704 multis
1343 5625 1625 5704 _veterur_n
1657 5623 1899 5704 Europe
1944 5639 2081 5704 pars

416 5693 568 5780 esse
615 5693 953 5778 putabatur.
1011 5693 1279 5780 Dis-artus
1331 5697 1540 5780 tamen,
1579 5693 1705 5780 ippe
1746 5693 2082 5780 [Gregoriq‘s

413 5761 669 5839 Encom,
720 5767 902 5826 maris
951 5783 1012 5839 p.
1056 5767 1144 5838 11,
1175 5763 1261 5824 Τὰ
1290 5761 1386 5838 μὶν
1417 5761 1992 5840 Ἀσίαξέχούσηςξυιιὰ
2019 5762 2082 5821 δὲ

2186 4873 2328 4928 urbs
2370 4877 2573 4927 nostra
2627 4872 2698 4927 ab
2744 4871 3130 4929 incolentium
3179 4871 3557 4928 multitudine
3597 4876 3854 4926 mutare-

2197 4966 2314 5027 tur,
2347 4961 2443 5018 cui
2475 4960 2619 5016 nihil
2645 4960 2948 5032 antiquius
2971 4966 3061 5018 est
3080 4978 3254 5033 quam
3280 4967 3346 5017 ut
3364 4961 3850 5033 tibi,imperator.

2198 5051 2446 5123 dignum
2493 5049 2769 5121 idemque
2813 5050 3262 5106 ornatissimum
3303 5049 3669 5106 domicilium
3701 5065 3848 5120 prm-

2197 5140 2351 5195 beat.
2385 5140 2454 5195 Et
2492 5139 2997 5211 quemadmodum
3048 5143 3202 5195 ter-ra
3251 5140 3450 5195 omnia
3501 5143 3716 5212 portat,
3766 5139 3850 5194 sic

2197 5229 2342 5285 urbs
2368 5229 2632 5284 omnium
2666 5229 2975 5284 nationum
3009 5229 3277 5285 homines
3299 5229 3848 5299 numerat,Graecos,

2196 5318 2482 5375 Barbaros
2511 5316 2609 5390 qui
2640 5317 2701 5373 in
2733 5335 2800 5374 ea
2829 5319 3051 5374 victum
3075 5323 3177 5374 aut
3195 5318 3516 5375 curiositati
3543 5319 3848 5374 materiam

2195 5413 2484 5482 quaerunt.
2517 5416 2663 5462 Aere
2695 5423 2869 5478 quem
2919 5407 3000 5462 ibi
3050 5408 3360 5480 respirant,
3395 5406 3541 5463 nihil
3591 5406 3844 5476 dulcius,

2193 5497 2341 5554 nihil
2398 5496 2607 5570 purius
2663 5495 2983 5552 invenitur.
3036 5496 3279 5554 Estatis
3353 5495 3510 5554 enim
3580 5501 3845 5569 tempore

2191 5617 2486 5697 (codd‘._8’)
2517 5618 2810 5697 Εὐρώπης,
2842 5615 3000 5697 ἕτερα
3039 5617 3098 5676 δὲ
3144 5615 3378 5694 Λιϐύης,
3406 5619 3496 5678 καί
3547 5617 3691 5678 ἄλλα
3738 5619 3848 5675 ἑτέ·-

2191 5690 2289 5769 pou
2317 5690 2738 5768 κλίματοςγῆς.
