4108 6484
277 429 391 494 351

1305 433 1621 496 GEORGII
1665 433 1931 496 CYPRII
1975 431 2094 496 GP.
2143 430 2674 495 PATRIARCHE

3581 425 3701 488 352

280 560 449 620 nimii
479 561 704 620 calores
733 563 952 636 zephiri
993 581 1059 621 ac
1106 565 1293 622 borea:
1350 567 1489 622 ﬂatu
1550 567 1926 635 minuuntur,

2048 563 2340 639 περίεστιν,
2373 562 2509 617 ὥστε
2563 559 2748 623 καλῶς
2809 557 2868 615 ἂν
2919 556 3044 635 ἔχοι
3099 550 3475 634 παραϐάλλειν
3534 556 3700 627 αὐτὴν

278 669 384 709 nec
440 653 556 709 nisi
615 670 825 710 nomen
887 655 1107 711 aestatis
1165 656 1245 710 ibi
1305 656 1776 729 deprehenderis.
1827 656 1932 712 Per

278 742 533 799 hiemem
583 747 740 798 terra
779 762 894 800 non
927 744 1199 815 dehiscit,
1231 749 1288 801 et
1335 747 1567 819 frigoris
1618 747 1929 802 vehemen-

278 832 421 888 tiam
453 833 670 890 evitare
700 833 950 890 facultas
981 840 1072 891 est
1115 841 1171 892 et
1217 836 1488 892 exercitia
1517 837 1814 908 equestria
1845 837 1926 892 fa-

281 937 408 978 cere
439 922 566 978 sine
597 922 876 993 periculo,
908 924 1044 995 quia
1074 925 1153 980 ibi
1185 925 1378 982 minor
1405 930 1495 982 est
1523 925 1738 982 hiemis
1769 942 1930 997 aspe-

280 1010 442 1067 ritas.
477 1011 620 1067 Cum
653 1012 810 1068 enim
845 1015 984 1069 anni
1033 1018 1300 1087 tempora
1346 1015 1499 1071 dulci
1553 1015 1665 1071 sibi
1713 1016 1772 1071 in
1820 1016 1929 1071 hac

281 1101 425 1156 urbe
456 1100 712 1157 mixtura
742 1104 1060 1159 succedant
1092 1104 1391 1160 fastidium
1424 1122 1539 1161 non
1574 1109 1790 1175 creant,
1815 1105 1929 1160 alia

282 1189 433 1245 alius
458 1191 818 1260 jucunditati
851 1192 1072 1263 adjicit.
1108 1193 1266 1248 Talis
1297 1193 1478 1264 igitur
1516 1198 1756 1266 apparet
1787 1195 1927 1248 urbs

282 1280 474 1350 quoad
535 1297 748 1348 aerem,
809 1281 947 1336 anni
1004 1285 1271 1353 tempora
1326 1286 1383 1338 et
1437 1282 1548 1338 loci
1605 1287 1924 1338 naturam:

284 1385 498 1440 magna
555 1385 622 1424 ex
670 1374 832 1440 parte
881 1370 1276 1426 continentem
1328 1388 1644 1443 occupans,
1675 1376 1732 1426 et
1780 1371 1928 1426 mari

283 1457 653 1526 incumbens,
710 1459 973 1515 aediﬁciis
1042 1461 1368 1516 innumeris
1442 1461 1715 1533 insignis,
1775 1461 1928 1516 cives

283 1547 584 1602 nobilitate
634 1549 888 1619 quadam
935 1550 1344 1622 praefulgentes
1395 1550 1514 1620 alil,
1549 1554 1627 1618 et,
1663 1556 1728 1605 ut
1771 1551 1929 1606 brevi

283 1636 496 1701 dicam,
533 1636 770 1692 urbium
803 1642 1092 1710 quotquot
1121 1639 1324 1710 regina
1355 1645 1446 1696 est
1469 1657 1535 1695 ac
1565 1644 1825 1695 vocatur.

2041 655 2178 730 πρὸς
2221 655 2321 722 τήν
2376 651 2590 730 γείτονα
2646 650 2941 707 θάλασσαν⁸
3005 647 3127 703 οὕτε
3198 649 3298 724 γὰρ
3359 645 3537 718 ἐκείνη
3603 668 3698 722 με-

2042 744 2237 820 γέθους
2266 741 2552 818 περιουσίᾳ
2592 739 2978 817 στενοχωροῖτ’
3008 735 3067 792 ἄν
3118 758 3250 792 ποτε
3303 737 3403 792 ὑπὸ
3452 743 3552 806 τῆς
3601 737 3698 811 ἐμ-

2041 828 2220 902 ϐολῆς
2263 836 2368 886 τῶν
2411 831 2725 908 εἰσρεόντων
2775 830 2850 892 εἷς
2897 828 3064 897 αὐτὴν
3106 830 3391 900 ποταμῶν,
3441 827 3537 881 κᾶν
3587 827 3697 882 εἰσ-

2042 923 2236 1000 ρέωσιν
2284 921 2366 976 ὅτι
2414 921 2666 977 πλεῖστοι
2717 920 2809 974 καὶ
2865 919 3140 994 μέγιστοι,
3174 913 3286 981 οὔθ’
3314 918 3350 986 ἡ
3382 913 3544 978 πόλις
3594 916 3698 972 ὑπὸ

2038 1017 2137 1068 τοῦ
2193 1011 2444 1082 πλήθους
2501 1015 2608 1065 τῶν
2669 1007 3103 1082 ἐπιδημούντων,
3151 1005 3242 1061 xui
3295 1005 3340 1061 εἷ
3397 1007 3534 1060 κατὰ
3595 1028 3695 1080 μυ-

2041 1099 2227 1178 ριάδας
2276 1101 2600 1179 ἐφίσταιντο,
2652 1099 2776 1174 ἐμοὶ
2828 1098 3026 1168 δοκεῖν,
3069 1090 3374 1169 συμϐάντος
3430 1095 3520 1150 καὶ
3578 1094 3702 1150 τού-

2038 1213 2133 1246 του
2195 1196 2261 1265 τῇ
2307 1190 2468 1246 πόλει
2540 1189 2718 1263 ὥσπερ
2802 1184 3110 1259 ἐξεπίτηδες
3171 1183 3578 1260 διευτιθουμένῃ
3631 1187 3701 1241 τὰ

2038 1283 2214 1336 πάντα
2298 1281 2434 1357 πρὸς
2505 1281 2604 1348 τήν
2682 1280 2781 1348 σ-ὴν
2849 1274 3193 1354 παραδοχὴν,
3265 1273 3510 1351 βασιλεῦ.
3574 1275 3698 1344 Kui,

2040 1370 2220 1445 ὥσπερ
2269 1370 2331 1425 τὸ
2373 1377 2474 1439 τῆς
2522 1376 2623 1446 γῆς
2675 1364 2869 1446 ἔδαφος
2913 1367 3062 1446 φέρει
3091 1365 3155 1420 τά
3185 1365 3376 1438 πάντα,
3409 1364 3552 1420 οὕτω
3607 1364 3698 1420 καὶ

2038 1463 2072 1530 ἡ
2104 1461 2268 1523 πόλις
2327 1462 2528 1522 πάντας
2587 1459 2904 1535 ἀνθρώπους
2958 1453 3076 1532 ἔχει
3134 1455 3393 1512 δεικνύναι
3436 1455 3488 1526 ἐξ
3518 1451 3700 1519 ἔθνους

2038 1551 2237 1612 παντὸς
2315 1552 2404 1604 καὶ
2470 1549 2679 1625 γένους,
2741 1545 3042 1617 Ἐλλήνων,
3098 1541 3384 1623 βαρϐάρων
3454 1542 3697 1616 ὁτωνδή-

2044 1641 2166 1694 ποτ’
2198 1641 2516 1717 ἀνθρώπων,
2550 1639 2656 1715 οὐχ
2684 1641 2844 1707 ἦττον
2877 1637 3013 1691 κατὰ
3062 1635 3250 1712 χρείαν
3297 1636 3332 1704 ἢ
3385 1636 3522 1710 πρὸς
3573 1634 3694 1689 θέαν

281 1723 696 1802 ἀφικνουμένων
757 1733 856 1794 τῆς
911 1725 1151 1789 πόλεως.
1184 1728 1282 1782 Τὸν
1339 1725 1396 1782 δέ
1425 1733 1475 1804 γ’
1507 1729 1638 1802 ὑπὲρ
1694 1727 1938 1806 κεφαλῆς
1997 1730 2127 1806 ἀέρα
2183 1737 2286 1799 τῆς
2334 1727 2552 1791 πόλεως
2603 1729 2692 1783 καὶ
2741 1727 2900 1802 αὐτον
2951 1723 3005 1782 εἷ’
3046 1747 3131 1788 τις
3163 1730 3379 1780 σκοπεῖν
3417 1723 3695 1801 βούλοιτο,

281 1813 355 1875 ὡς
412 1811 548 1884 ἡδύς
599 1835 658 1869 τε
714 1815 803 1870 καὶ
851 1815 1085 1892 καθαρὸς
1139 1817 1228 1872 καὶ
1299 1818 1496 1879 παντὸς
1567 1815 1843 1872 ἀναπνέειν
1924 1818 2365 1895 ὀνησιμώτεροςί
2440 1816 2574 1873 Οὔτε
2649 1817 2752 1893 γὰρ
2837 1815 3024 1893 θέρους
3108 1814 3292 1886 λυπεῖ,
3351 1809 3697 1888 ἀμϐλυτέρας

277 1903 373 1965 τὰς
428 1908 526 1958 τοῦ
585 1911 875 1982 φωπῆρος
933 1907 1152 1969 ἀκτῖνας
1202 1907 1394 1983 βορέου
1445 1908 1534 1962 xui
1595 1907 1823 1985 ζεφύρου
1873 1913 2067 1971 πνοαῖς
2121 1908 2503 1986 ἐργαζόμενος,
2564 1907 2639 1970 ὡς
2692 1906 2921 1980 ὀνόματι
2973 1905 3130 1980 μόνον
3182 1906 3309 1981 παρ’
3356 1906 3491 1977 ἡμῖν
3563 1902 3699 1957 εἶναι

277 1991 340 2048 τὸ
395 1993 549 2069 θέρος
607 1991 813 2048 δοκεῖν·
866 1992 989 2050 οὔτε
1038 2001 1318 2071 χειμῶνος⁹
1373 1997 1584 2073 μυχοὺς
1638 2002 1814 2067 ζητεῖ)
1863 1996 1972 2052 ἔστι
2038 2005 2142 2074 γῆς
2205 1998 2295 2053 καὶ
2361 1996 2676 2059 καταδύσεις
2743 1995 3128 2076 φροντίζοντας
3186 1995 3284 2064 τὴν
3349 1997 3447 2048 τοῦ
3505 1996 3699 2070 καιροῦ

281 2079 559 2158 διαδρᾶναι
639 2081 966 2158 δριμύτητα,
1045 2087 1158 2158 μετ’
1235 2083 1416 2148 ἀδείας
1493 2084 1551 2141 δὲ
1625 2085 1714 2141 καὶ
1791 2086 2170 2162 περιπολεύειν
2248 2083 2415 2158 ἔξεστι
2492 2087 2836 2158 ἱππάζεσθαι,
2912 2084 3001 2140 καὶ
3070 2089 3173 2139 πᾶν
3256 2084 3436 2138 ὁτιοῦν
3521 2087 3698 2137 ποιεῖν

281 2172 422 2245 ὁμοῦ
475 2172 683 2248 μεγάλῃ
743 2172 1012 2248 ῥᾳστώνῃ,
1070 2173 1306 2248 μηδενὸς
1370 2175 1429 2231 ἐκ
1482 2179 1579 2244 τῆς
1653 2174 1797 2252 ὥρας
1869 2178 2301 2253 προσισταμένου
2370 2181 2478 2232 τῶν
2536 2174 2837 2249 λυπηρῶν·
2896 2175 2953 2229 ’ᾶῖ
3027 2175 3129 2251 γὰρ
3206 2173 3347 2250 ὦραι
3413 2172 3548 2227 κατὰ
3597 2173 3699 2241 τήν

279 2261 440 2317 πόλιν
528 2261 708 2331 ἠπίως
795 2262 1070 2335 ἀλλήλαις
1157 2264 1571 2341 ἐπιμιγνύμεναι
1658 2266 1745 2320 xui
1832 2267 2191 2343 ἀναχεόμεναι
2282 2261 2684 2341 μεταϐάλλουσι
2771 2263 3163 2335 λανθανόντως,
3225 2262 3365 2318 ὥστε
3419 2260 3509 2317 xui
3571 2259 3696 2335 μίαν

281 2350 444 2413 αὐτὰς
500 2355 569 2426 τῇ
627 2351 910 2427 ἀνακράσει
973 2351 1170 2427 δοκεῖν,
1229 2355 1317 2410 xui
1375 2355 1798 2433 σωφρονίζονται
1857 2353 1925 2410 δι’
1981 2354 2270 2428 ἀλλήλων,
2331 2357 2524 2428 ἑκάστη
2585 2355 2652 2410 τὰ
2704 2355 2831 2431 παρ’
2890 2354 3087 2424 έαυτῆς
3142 2357 3262 2415 ταῖς
3322 2353 3527 2428 ἑτέραις
3587 2350 3695 2405 εἰσ-

281 2440 534 2519 φέρουσα.
569 2441 723 2497 Οὕτω
780 2442 1024 2513 τοίνυνὴ
1057 2443 1220 2506 πόλις
1280 2445 1368 2500 καὶ
1429 2446 1582 2520 ὡρῶν
1642 2446 1731 2500 xui
1790 2445 1961 2522 ἀέρων
2021 2446 2111 2500 xui
2169 2446 2364 2509 θέσεως
2423 2442 2646 2521 ἔχουσα,
2677 2442 2865 2514 πολλῆ
2932 2443 3024 2518 μὲν
3086 2439 3217 2498 οῦσα
3271 2443 3388 2497 κατ’
3443 2439 3694 2516 ἤπειρον,

279 2528 468 2600 πολλή
505 2527 680 2586 δὲκαὶ
715 2533 880 2605 μέσην
916 2531 1179 2596 θάλατταν
1212 2533 1495 2610 σχίζουσα,
1528 2535 1755 2606 ποικίλη
1807 2532 1864 2589 δὲ
1910 2534 1998 2589 καὶ
2058 2536 2258 2614 ἄφατος
2315 2540 2430 2598 τοῖς
2487 2531 2919 2609 οἰκοδομήμασι,
2953 2531 3118 2606 δήμῳ
3176 2529 3235 2587 δὲ
3289 2531 3427 2607 πρὸς
3479 2529 3698 2592 τούτοις

279 2619 370 2675 καὶ
428 2618 680 2684 πολίταις
738 2627 854 2685 τοῖς
909 2623 1179 2700 κρείττοσι
1237 2631 1354 2689 καθ’
1412 2620 1724 2700 ὑπερϐολὴν
1786 2622 2249 2702 λελαμπρυσμένη
2312 2630 2418 2680 τῶν
2478 2622 2689 2698 ἄλλων,
2723 2621 2905 2696 δικαίᾳ
2959 2625 3129 2700 ψήφῳ
3185 2621 3385 2684 παντὸς
3431 2625 3540 2676 τῶν
3596 2619 3698 2674 πό-

283 2707 420 2764 λεων
463 2709 680 2786 βασιλὶς
708 2711 799 2766 xui
830 2706 941 2767 ἔστι
971 2713 1061 2768 καὶ
1098 2713 1440 2788 ὀνομάζεται.
3315 2781 3319 2784 ι

355 2801 514 2857 Talis
544 2801 666 2858 haec
696 2803 838 2860 urbs
869 2803 1247 2862 celeberrima
1295 2822 1430 2862 cum
1470 2808 1644 2875 esset,
1679 2806 1932 2878 majores

2109 2803 2283 2874 Αὕτη,
2343 2803 2587 2880 βασιλεῦ,
2644 2802 2869 2874 τοιαύτη
2930 2823 2988 2858 τε
3046 2798 3180 2856 οῦσα
3245 2801 3334 2856 xui
3415 2799 3491 2862 εἷς
3548 2799 3700 2863 τοῦθ’

282 2894 421 2946 tuos
451 2891 643 2963 regios
674 2896 740 2947 ut
770 2893 1025 2950 fructum
1063 2911 1191 2951 sese
1221 2895 1471 2967 dignum
1503 2894 1643 2951 tulit
1671 2899 1728 2951 et
1757 2896 1936 2951 decus

283 2997 462 3036 suum
493 2981 552 3036 in
593 2981 977 3054 imperatores
1027 2985 1228 3055 rejecit
1270 2989 1327 3040 et
1375 2985 1610 3057 proprio
1654 3001 1716 3041 se
1763 3002 1933 3040 orna-

287 3073 486 3126 mento
509 3071 926 3144 magniﬁcavit,
941 3073 1088 3128 nihil
1110 3073 1280 3129 alieni
1305 3073 1529 3130 decoris
1552 3074 1935 3139 admittendo,

285 3158 418 3214 Ideo
449 3160 593 3214 urbs
621 3163 814 3217 tantas
861 3160 923 3217 in
976 3161 1187 3218 melius
1233 3162 1672 3218 vicissitudines
1702 3166 1939 3235 experta

283 3251 394 3316 est,
428 3253 493 3304 ut
521 3265 583 3304 se
613 3248 804 3321 ipsam
835 3267 1147 3323 superasse
1175 3256 1233 3307 et
1261 3269 1292 3308 e
1320 3256 1619 3308 senectute
1635 3253 1705 3309 ad
1726 3267 1936 3308 novam

274 3338 584 3410 juventam
661 3339 973 3396 emersisse
1043 3341 1330 3410 videatur,
1407 3341 1562 3397 sicut
1625 3341 1934 3414 aliquoties

283 3426 343 3480 in
396 3426 649 3500 singulis
710 3429 1051 3500 corporibus
1107 3430 1335 3486 evenire
1389 3429 1678 3486 videmus.
1707 3432 1934 3495 Quanto

283 3515 441 3572 enim
501 3515 886 3589 imperatores
944 3518 1128 3575 nostri
1184 3536 1284 3576 eos
1336 3521 1437 3592 qui
1486 3520 1641 3576 idem
1693 3520 1933 3577 honoris

283 3603 423 3661 alibi
450 3605 754 3678 fastigium
785 3608 1082 3664 consecuti
1114 3613 1272 3681 sunt,
1303 3609 1468 3666 facile
1512 3614 1816 3682 superant,
1849 3610 1932 3667 sic

283 3693 461 3749 etiam
519 3695 709 3766 patria
749 3694 880 3768 ipsa
927 3697 1000 3752 ob
1050 3696 1181 3753 illos
1235 3699 1492 3755 maxima
1547 3699 1934 3771 prosperitate

283 3782 587 3838 fruebatur
618 3801 630 3838 :
666 3801 733 3840 ac
766 3802 936 3857 porro
969 3790 1258 3859 quantum
1291 3789 1432 3844 urbs
1464 3793 1664 3844 nostra
1708 3789 1933 3845 caeteris

284 3871 621 3929 civitatibus
651 3874 906 3931 distabat
944 3875 1019 3948 (ei
1051 3877 1207 3932 enim
1235 3882 1438 3950 utpote
1469 3879 1682 3952 regina;
1712 3883 1931 3935 caeteras

283 3977 490 4018 omnes
520 3963 848 4035 cedebant),
878 3963 962 4021 sic
1009 3966 1406 4023 dominatores
1457 3968 1640 4024 nostri
1689 3967 1932 4040 aequali-

281 4052 396 4107 bus
427 4052 552 4108 suis
599 4053 960 4124 praastabant
1005 4059 1064 4112 et
1092 4055 1351 4112 immane
1397 4061 1685 4130 quantum
1735 4073 1931 4114 rerum

2045 2891 2255 2964 ἤκουσα
2305 2891 2523 2963 κλέους,
2554 2892 2680 2956 τοὺς
2738 2891 2919 2969 ἱερούς
2978 2911 3074 2946 σου
3130 2889 3433 2968 προγόνους
3486 2887 3576 2944 xui
3627 2889 3700 2949 ὡς

2043 2984 2250 3060 καρπὸν
2328 2984 2493 3054 ἀνῆκε
2568 2981 2716 3056 μάλα
2790 2983 3138 3058 πρὸσήκοντα
3221 2980 3384 3053 ἑαυτῇ
3453 2979 3566 3048 xui,
3625 2977 3700 3040 ὡς

2043 3073 2236 3146 κόσμω
2304 3070 2670 3152 διαφερόντως
2729 3068 3102 3143 ἐπαινουμένω
3179 3069 3422 3144 εὐτυχῶς
3506 3065 3702 3128 αὐτοὺς

2043 3161 2396 3234 πλουτήσασα
2486 3159 2730 3238 βασιλεῖς
2807 3161 2906 3236 (4),
2963 3158 3180 3221 τούτοις
3261 3154 3700 3221 ἐκαλλωπίσατο,

2045 3251 2225 3329 ὥσπερ
2259 3252 2349 3306 καὶ
2379 3252 2478 3321 τὴν
2512 3258 2616 3326 γῆν
2671 3249 2838 3319 αὐτὴν
2874 3251 3087 3326 ὁρῶμεν
3118 3252 3237 3310 ταῖς
3296 3244 3459 3308 ἰδίαις
3513 3250 3704 3322 γοναῖς

2041 3342 2396 3419 κεχρημένην
2427 3341 2503 3402 είς
2535 3339 2741 3413 κόσμον
2795 3339 3018 3412 οἰκεῖον,
3047 3339 3139 3394 καὶ
3185 3335 3394 3399 κάλλος
3446 3332 3701 3410 οὐδαμῶς

2041 3429 2401 3509 προσιεμένην
2435 3427 2753 3506 ἀλλότριον.
2785 3428 2886 3484 Καὶ
2928 3427 3173 3501 τοσούτῳ
3217 3426 3357 3503 πρὸς
3403 3425 3473 3481 τὰ
3521 3424 3700 3502 κρείτ-

2039 3542 2118 3576 τω
2177 3518 2267 3575 διὰ
2318 3518 2536 3574 τουτονὶ
2592 3518 2683 3574 τὸν
2743 3517 2946 3592 κόσμον
2978 3518 3014 3586 ἡ
3045 3515 3208 3579 πόλις
3239 3513 3526 3587 ἐπέδωκεν,
3559 3512 3700 3568 ὥστε

2040 3609 2130 3666 καὶ
2170 3609 2365 3679 έαυτῆς
2416 3606 2618 3685 βελτίω
2668 3614 2896 3686 φανῆναι
2935 3603 3135 3678 πολλῷ
3176 3605 3266 3660 xui
3318 3605 3454 3680 πρὸς
3511 3602 3695 3677 ἀκμὴν

2043 3698 2187 3776 ὥρας
2232 3699 2292 3754 ἐκ
2354 3697 2720 3775 γεγηρακυίας
2776 3695 2950 3752 ἐλθεῖν
3009 3695 3098 3751 καὶ
3161 3689 3366 3766 ἀνηϐᾇν
3417 3691 3588 3765 δόξαι,
3637 3693 3695 3748 ’ὸν

2040 3789 2240 3865 τρόπον
2291 3787 2382 3843 καὶ
2433 3787 2532 3844 ὅσα
2581 3791 2687 3843 τῶν
2730 3787 3000 3861 σωμάτων
3031 3784 3082 3856 ἐξ
3114 3783 3432 3858 ἐπιμελείας
3481 3785 3697 3856 ὁρῶμεν

2041 3878 2362 3958 τρεφόμενα,
2414 3878 2512 3932 Καὶ
2569 3878 2670 3954 γάρ
2737 3875 2858 3932 ὅσον
2910 3875 3103 3931 ἐκεῖνοι
3179 3877 3286 3929 τῶν
3344 3873 3571 3928 πώποτε
3627 3872 3702 3933 εἷς

2039 3969 2228 4025 τουτὸν
2275 3967 2460 4030 αὐτοῖς
2510 3966 2820 4041 ἀξιώματος
2895 3965 3208 4044 ἀφιγμένων
3249 3967 3462 4038 κρατεῖν
3515 3958 3702 4034 ἐνομί-

2046 4064 2221 4131 ζοντο,
2273 4059 2530 4112 τοσοῦτον
2586 4055 2676 4111 καὶ
2753 4055 2946 4124 έαυτῆν
3004 4056 3040 4123 ἠ
3101 4051 3295 4128 πατρὶς
3343 4048 3412 4107 δι’
3464 4048 3702 4111 ἐκείνους

284 4144 586 4213 gestarum
645 4140 832 4214 gloria
881 4147 1016 4214 post
1073 4160 1134 4200 se
1191 4143 1628 4217 relinquebant,
1661 4146 1934 4203 felicitate

2048 4144 2443 4221 εὐδαιμονοῦσα
2485 4142 2836 4222 παρέδραμε·
2887 4141 2978 4198 καὶ
3030 4140 3182 4206 αὖθις
3231 4141 3290 4197 ’ὸν
3349 4137 3518 4215 λόγον
3564 4136 3702 4214 πρὸς

287 4246 452 4301 aeque
501 4245 567 4285 ac
612 4231 930 4287 virtutibus
979 4233 1186 4304 adjuti.
1239 4234 1400 4298 Quod
1450 4240 1645 4292 autem
1686 4237 1938 4293 maxime

288 4319 649 4389 mirandum,
683 4320 928 4376 fortunae
953 4319 1352 4380 inconstantia
1371 4341 1489 4396 qua
1511 4325 1657 4381 nihil
1681 4343 1940 4383 commu-

289 4408 446 4478 nius,
505 4409 916 4482 imperatores,
971 4411 1122 4468 filios
1199 4429 1265 4468 ac
1338 4419 1579 4488 nepotes
1635 4433 1940 4488 nunquam

290 4498 571 4566 deseruit,
598 4497 718 4554 imo
746 4503 1030 4571 perpetuo
1062 4501 1476 4575 magniﬁcavit,
1501 4505 1718 4560 nedum
1751 4505 1945 4561 humi-

293 4587 476 4644 liavit.
511 4588 632 4652 Quo
661 4589 819 4644 enim
849 4593 1112 4662 tempore
1159 4596 1315 4648 terra
1365 4595 1663 4649 communi
1711 4594 1946 4651 calami-

293 4681 412 4734 tate
442 4679 839 4751 premebatur,
873 4681 930 4734 et
977 4680 1167 4751 patria
1213 4681 1343 4754 ipsa
1388 4683 1564 4740 variis
1612 4684 1802 4740 modis
1850 4702 1945 4742 ve-

295 4767 564 4836 xabatur,
592 4772 650 4824 et
705 4785 799 4824 res
853 4768 1122 4826 funditus
1170 4771 1572 4841 mutabantur,
1606 4791 1791 4830 unum
1834 4775 1946 4832 hoc

293 4873 480 4930 genus
507 4856 696 4930 gloria
725 4875 835 4913 sua
865 4857 1109 4914 minime
1130 4860 1481 4917 destitutum
1511 4863 1765 4919 est.Sors
1787 4865 1946 4919 enim

296 4944 481 5002 voluit
509 4961 614 5018 per
653 4950 710 5001 te
740 4947 940 5002 omnia
985 4947 1156 5004 nobis
1207 4949 1360 5005 bona
1406 4952 1695 5023 repartiri,
1723 4953 1949 5009 arboris

293 5033 563 5107 frugiferi
584 5035 668 5092 sic
693 5053 935 5092 munere
962 5037 1398 5111 fungentem,in
1421 5057 1536 5112 quo
1562 5058 1736 5113 poma
1756 5041 1951 5099 dulcia

295 5141 362 5180 ac
391 5122 561 5179 utilia
607 5130 984 5182 enascuntur.
1028 5127 1089 5183 Si
1139 5132 1338 5184 autem
1370 5134 1668 5201 sceptrum
1717 5147 1952 5204 quoque

292 5229 398 5286 per
429 5212 670 5285 aliquod
700 5218 936 5287 tempus
969 5232 999 5269 a
1043 5217 1370 5288 majoribus
1422 5219 1492 5274 ad
1544 5219 1803 5276 minores
1833 5220 1950 5276 ela-

292 5318 469 5374 psum
520 5306 632 5369 est,
677 5303 761 5358 nil
818 5304 1057 5360 mirum.
1089 5305 1444 5378 Aliquandiu
1493 5308 1649 5364 enim
1703 5326 1949 5382 regnum

293 5395 464 5446 tuum
491 5391 778 5448 familiam
802 5397 967 5450 tuam
991 5394 1209 5462 deﬁcit,
1242 5400 1304 5450 ut
1335 5401 1537 5469 postea
1559 5403 1950 5471 praeparatum

341 5517 447 5599 .(ll)
476 5517 821 5599 Michahelem
863 5518 1251 5599 Palaeologum
1301 5526 1376 5599 et
1403 5523 1808 5599 Andronicum
1860 5541 1950 5599 se-

295 5590 527 5666 niorem
555 5620 622 5631 ——
655 5590 747 5666 Sic
775 5591 1056 5666 Georgius
1085 5590 1423 5666 Acropolita
1459 5594 1690 5666 _Histo‘r.
1724 5597 1816 5666 46,
1852 5597 1952 5652 de-

297 5659 955 5752 quuelenAndro'nico
993 5676 1007 5716 ξ
1037 5659 1280 5752 Τὸν-,τοῦ
1305 5663 1576 5752 ἷμεγάλου
1627 5659 1953 5752 δὶομεστίκου

295 5734 511 5803 πρῶτον
544 5728 661 5786 υῖὸν
689 5731 781 5787 τὸν
812 5732 1097 5806 Κομνηνὸν
1137 5728 1388 5811 Μιχαὴλ,
1413 5728 1480 5789 ’ὃν
1537 5738 1672 5810 μετὰ
1697 5728 1955 5813 ’χρόνους

2045 4241 2152 4294 τῶν
2221 4235 2437 4292 πόλεων
2490 4236 2585 4298 τὰς
2645 4232 2842 4297 λοιπὰς
2917 4229 3148 4308 ἔσχηκεν
3226 4229 3360 4302 αὐτή
3419 4228 3704 4300 (ἥττηνται.

2049 4328 2153 4404 γὰρ
2182 4326 2386 4397 ταύτης
2426 4326 2481 4380 αἱ
2511 4331 2675 4380 πᾶσαι
2708 4323 2797 4379 xui
2844 4325 2953 4378 τῶν
3004 4315 3304 4399 πρεσϐείων
3365 4318 3703 4390 ἐξίστανται),

2048 4417 2140 4472 τὸν
2228 4415 2386 4470 αὐτὸν
2462 4412 2601 4485 δῆτα
2675 4413 2914 4470 κάκεῖνοι
3001 4409 3170 4486 λόγον
3255 4409 3394 4486 πρὸς
3469 4409 3706 4469 ἅπαντας

2049 4507 2179 4569 τοὺς
2252 4504 2761 4582 προκεκρατηκότας
2836 4500 3114 4572 διέσωζον,
3180 4501 3396 4555 πάντων
3462 4496 3709 4574 ὑπερκεί-

2058 4618 2211 4674 μενοι
2263 4599 2364 4652 τῶν
2414 4592 2646 4666 λοιπῶν,
2679 4593 2782 4648 κωὶ
2830 4591 2978 4667 παρὰ
3021 4589 3247 4663 πάντας,
3279 4587 3404 4644 ὅσον
3453 4586 3711 4644 πλεῖστον

2056 4687 2202 4757 ἐνῆν,
2237 4683 2427 4761 ἀρίστῃ
2480 4682 2624 4758 νύχῃ
2678 4681 2768 4737 καὶ
2822 4680 3038 4755 ἀρεταῖς
3097 4677 3467 4755 ἐπαιρόμενοι.
3498 4676 3599 4731 Καὶ
3647 4677 3711 4730 τὸ

2057 4775 2124 4845 δὴ
2174 4772 2620 4848 θαυμασιώτατόν
2674 4792 2731 4826 τε
2785 4768 2875 4825 καὶ
2919 4767 3226 4846 κράτιστον,
3275 4768 3339 4822 τὸ
3381 4772 3482 4837 τῆς
3529 4762 3710 4821 εὐδαι-

2061 4863 2252 4940 μονίας
2321 4861 2512 4932 καλὸν,
2579 4858 2710 4936 ὅπερ
2779 4857 2972 4937 φιλοῦν
3039 4856 3120 4912 ἀεὶ
3198 4855 3550 4932 μεταπίπτειν
3621 4854 3713 4910 καὶ

2061 4950 2412 5028 μεταδιώκειν
2458 4947 2660 5006 ἄλλοτε
2707 4946 2872 5024 ἄλλῃ,
2903 4947 3088 5010 αὐτοῖς
3133 4968 3193 5003 τε
3239 4946 3330 5002 καὶ
3372 4945 3576 5008 τέκνοις
3621 4945 3713 5000 καὶ

2055 5047 2174 5105 τοῖς
2225 5041 2285 5097 ἐκ
2328 5041 2534 5097 τούτων
2579 5044 2708 5094 πᾶσι
2756 5036 2826 5092 δι’
2875 5038 3069 5114 ἀρετὴν
3119 5037 3333 5099 πάντως
3387 5033 3502 5091 οὔτ’
3542 5032 3714 5105 ⁴ἠλατ-

2058 5133 2205 5203 τώθη
2265 5135 2362 5186 τοῦ
2425 5130 2697 5205 μεγέθους,
2745 5125 2835 5183 xui
2891 5127 2958 5182 τὰ
3018 5124 3234 5204 μεγάλα
3289 5123 3547 5182 ἐπέδωκε.
3604 5123 3710 5178 Τοῦ

2057 5223 2159 5297 γὰρ
2213 5223 2397 5275 κοινοῦ
2461 5220 2560 5288 τῆς
2628 5216 2958 5290 οἰκουμένης
3015 5217 3304 5278 συστάντος
3363 5213 3564 5272 πάθους
3619 5207 3709 5264 xui

2056 5318 2158 5380 τῆς
2215 5305 2475 5383 πατρίδος
2527 5307 2735 5378 κίνησιν
2795 5305 3106 5378 κινηθείσης
3163 5306 3230 5375 ἣν
3290 5301 3388 5358 ούκ
3445 5297 3550 5355 ἔδει
3609 5299 3708 5373 (5),

2059 5420 2273 5455 παντων
2305 5395 2361 5453 δὲ
2397 5401 2506 5453 τῶν
2553 5396 2604 5453 ἐν
2655 5397 2792 5471 αὐτῇ
2837 5390 3147 5472 μεταϐολὴν
3195 5390 3554 5468 δεδεγμένων,
3586 5387 3717 5446 ἀλλ’

2061 5523 2211 5595 τινας
2269 5525 2305 5593 ἡ
2362 5527 2491 5595 τῶνΔ
2526 5522 2812 5595 Ῥωμαίων
2890 5519 3270 5592 πεπλούτηκεν
3331 5516 3406 5580 εἷς
3466 5514 3722 5594 εὐτυχίαν

2062 5593 2266 5664 ταύτης
2289 5591 2379 5648 καὶ
2411 5591 2670 5665 εὐδοξίαν.

2135 5663 2462 5742 (5Πῐωιιὶΐ.
2494 5663 2660 5742 puto,
2694 5665 2953 5741 Byzantii
2984 5663 3477 5739 expugnationem
3529 5679 3567 5720 ο,
3623 5666 3719 5719 La-

2062 5740 2206 5798 tinis
2237 5740 2470 5798 factam.
