4108 6438
345 391 464 454 353

1359 385 1756 452 LAUDATIO
1798 382 2220 450 MICHAELIS
2262 387 2753 455 PALJEOLOGI.

3646 403 3764 467 354

344 524 413 594 ἢν
466 520 569 577 οὐκ
624 517 862 600 ὤφελον,
917 519 1069 594 μόνῳ
1108 522 1188 592 τῷ
1250 517 1488 593 τοιούτῳ
1540 518 1681 596 γένει
1732 519 1862 581 Θεὸς
1919 520 2009 575 τὸν

2125 538 2188 578 ac
2217 523 2553 581 roboratum
2610 527 2815 583 eodem
2869 542 3006 585 cum
3063 531 3273 603 majori
3333 532 3642 607 splendore
3698 555 3765 596 ac

345 606 516 669 ὄλϐον
545 617 652 682 τῆς
684 608 846 682 δόξης
898 613 1196 687 τετήρηκεν
1246 607 1654 683 ἀμετάπτωτον,
1703 606 1924 682 μέλλων
1951 629 2011 664 σε

344 702 561 763 πάντως
587 701 653 756 τὸ
698 699 877 755 κοινὸν
924 701 1061 774 ἡμῖν
1114 698 1314 776 ἀγαθὸν
1355 698 1592 755 ἐντεῦθεν
1649 704 2007 775 παραγαγεῖν,

348 790 531 866 ὥσπερ
574 789 636 846 ἐκ
693 786 915 865 δένδρου
973 787 1286 867 ἐῤῥωμένου
1337 809 1398 845 τε
1423 793 1542 851 τοῖς
1599 793 1729 843 πᾶσι
1787 787 1879 843 καὶ
1928 787 2011 843 εύ-

347 884 543 957 γενοῢς
584 879 792 955 καρπὸν
846 875 993 952 μάλα
1040 875 1175 948 ἡδὺν
1225 877 1314 934 καὶ
1365 876 1670 956 ὠφέλιμον.
1705 875 1768 932 El
1815 875 1873 932 δὲ
1919 876 2008 932 καὶ

346 972 418 1027 τὰ
459 971 711 1046 σκῆπτρα
759 967 898 1045 πρὸς
960 968 1154 1045 μικρὸν
1209 962 1574 1042 μεταϐέϐηκεν
1629 968 1728 1042 (6),
1781 965 1844 1021 οὐ
1893 968 2007 1043 χρή

356 1058 644 1133 θαυμάζειν
674 1056 813 1134 πρὸς
840 1059 1032 1112 τοῦτο’
1075 1056 1213 1134 πρὸς
1245 1055 1432 1133 ὀλίγον
1481 1056 1582 1133 γὰρ
1629 1057 1665 1124 ἡ
1717 1053 1866 1131 ἀρχὴ
1911 1059 2010 1111 τοῦ

362 1151 462 1204 σοῦ
513 1148 696 1225 γένους
752 1143 960 1218 ἐξέστη,
993 1144 1041 1200 εἰ
1093 1144 1184 1200 καὶ
1248 1143 1395 1208 ὅλως
1453 1144 1660 1217 ἐξέστη,
1702 1141 1795 1221 τἶν’,
1828 1146 2009 1220 ὥσπερ

362 1235 834 1314 παρασκευασμένη
907 1234 998 1289 καὶ
1075 1233 1265 1311 χρόνῳ
1347 1236 1817 1314 προσχρησαμένη
1901 1235 2010 1291 τινὶ

359 1326 491 1403 πρὸς
517 1323 841 1403 ἀναῤῥωσιν,
873 1320 1024 1386 αὖθίς
1073 1344 1160 1378 σοι
1212 1325 1346 1398 μετὰ
1388 1323 1645 1391 πλείονος
1692 1335 1794 1398 τῆς
1853 1324 2010 1382 δυνά-

355 1436 498 1489 μεως
542 1409 676 1488 ἔλθῃ
741 1414 833 1469 καὶ
881 1408 1210 1491 προσδράμῃ
1268 1415 1404 1487 μετὰ
1461 1414 1881 1493 λαμπρότητος.
1930 1421 2012 1471 Δι’

348 1503 384 1558 ἃ
412 1501 481 1575 δὴ
520 1503 613 1559 καὶ
644 1499 909 1577 διάδοχος
945 1507 1047 1571 τῆς
1094 1508 1367 1577 πατρικῆς
1419 1503 1678 1581 εὐτυχίας
1709 1507 1738 1560 ὁ
1769 1507 1861 1569 σὸς
1905 1526 2009 1561 πα-

344 1594 476 1668 τὴρ,
506 1591 599 1649 καὶ
627 1589 842 1669 κλῆρος
888 1589 1037 1663 αύτῷ
1080 1595 1336 1668 πατρῷος
1390 1593 1459 1648 τὰ
1511 1593 1572 1650 ἐκ
1626 1593 1815 1672 γένους
1868 1592 2013 1666 καλᾲ

350 1682 491 1757 μετᾶ
535 1678 800 1753 πλείστης
842 1678 976 1752 ὅσης
1012 1685 1116 1750 τῆς
1161 1677 1460 1745 ἐπιδόσεως
1506 1682 1872 1762 περιίσταται,
1919 1683 2011 1739 καὶ

342 1775 592 1848 κρεῖττον
650 1770 689 1841 ἢ
744 1774 860 1825 κατ’
918 1768 1114 1845 εὐχὴν,
1171 1769 1241 1839 ἣν
1306 1771 1536 1849 πατέρες
1613 1778 1731 1837 τοῖς
1801 1773 2011 1835 τέκνοις

346 1860 694 1938 ἐπεύχονται,
727 1858 775 1914 εἷ
804 1860 918 1935 χρὴ
956 1858 1026 1913 τὰ
1073 1855 1264 1914 δέοντα
1311 1857 1507 1937 λέγειν,
1537 1863 1675 1918 κατὰ
1721 1864 1818 1926 τὰς
1869 1860 2009 1938 πρά·
2040 1899 2088 1965 Β

350 1951 373 1965 .
505 1950 521 1965 .
565 1946 586 1965 κ
618 1948 629 1965 .
697 1950 708 1965 .
894 1944 969 1965 πη,
1147 1946 1162 1965 ,
1232 1953 1256 1964 ..
1429 1949 1485 1965 ..κ
1598 1952 1611 1965 .
1780 1951 1831 1965 ς.
1994 1951 2008 1965 .

347 1951 457 2023 ξεις
501 1946 862 2023 ἐκλάμψαντι.
894 1944 969 2006 E’L'
1008 1969 1094 2011 τις
1143 1946 1346 2004 ἐκεῖνον
1398 1949 1515 2006 οἶδε
1557 1952 1651 2007 τὸν
1702 1951 1877 2008 πολὺν
1920 1951 2011 2006 καὶ

350 2042 518 2117 μέγαν
580 2035 928 2115 Ἀνδρόνικον
973 2038 1074 2112 (7),
1107 2034 1248 2093 οἶδεν
1304 2038 1334 2093 ὃ
1394 2038 1544 2117 λέγω
1599 2042 1691 2096 καὶ
1727 2041 1828 2109 τήν
1881 2044 2010 2115 τῶν,

343 2128 535 2205 λόγων
569 2126 826 2199 ἀλήθειαν
856 2125 916 2182 ἐκ
941 2130 1052 2182 τῶν
1082 2123 1256 2203 ἔργων
1304 2132 1404 2183 τοῦ
1461 2126 1656 2207 ἀνδρὸς
1717 2128 2013 2206 ἐπιγνώσε-

343 2239 458 2277 ται.
492 2216 594 2274 Καὶ
644 2216 751 2294 γὰρ
798 2215 995 2272 τούτου
1031 2212 1241 2271 πολλαὶ
1276 2216 1371 2291 μὲν
1430 2224 1544 2274 κατ’
1573 2216 1786 2295 ἐχθρῶν
1844 2217 2009 2290 νίκαι,

346 2309 407 2364 αἱ
440 2308 535 2382 μὲν
570 2305 658 2362 ἐπὶ
685 2308 785 2375 τῆς
843 2305 1003 2379 ἑῴας,
1035 2305 1092 2360 αἱ
1148 2301 1208 2360 δὲ
1262 2304 1354 2361 καί
1409 2308 1548 2363 κατὰ
1598 2309 1699 2377 τὴν
1762 2307 2007 2383 ἑσπέριον

346 2397 509 2470 λῆξιν
565 2395 856 2474 γενόμεναι
905 2396 1003 2470 (8),
1032 2392 1222 2451 πολλὰ
1273 2392 1333 2451 δὲ
1379 2396 1470 2451 καὶ
1517 2396 1587 2453 τὰ
1630 2396 1868 2474 τρόπαια
1913 2397 2010 2452 ἀν-

346 2487 641 2560 υποστάτῳ
690 2484 851 2563 ῥώμῃ
916 2481 1089 2555 δεξίᾶς
1145 2483 1500 2560 ἀνιστάμενα·
1554 2489 1590 2558 ἡ
1642 2485 1902 2565 φρόνησις
1952 2483 2010 2541 δὲ

344 2577 440 2633 καὶ
469 2579 507 2647 ἡ
538 2576 677 2655 πρὸς
738 2568 1051 2652 ὑπερϐολὴν
1101 2573 1481 2653 φιλανθρωπία
1509 2576 1579 2631 τά
1609 2575 2007 2651 ἐπισημότατα,

347 2666 403 2739 ἐξ
453 2667 530 2722 ὧν
579 2664 887 2739 θαυμαστὸς
948 2664 1044 2738 μὶν
1105 2664 1199 2719 καὶ
1255 2664 1402 2741 παρᾶ
1461 2663 1741 2740 βασιλεῦσι
1797 2665 1889 2720 καὶ
1942 2665 2011 2720 τὰ

2116 610 2322 667 robore
2351 617 2753 671 reverteretur.
2786 616 3006 673 Idcirco
3038 626 3204 691 pater
3252 624 3393 678 tuus
3458 641 3766 685 successor

2117 706 2291 772 atque
2323 700 2489 759 heres
2527 703 2694 761 avitae
2748 704 3045 763 felicitatis
3103 708 3310 782 fulget,
3368 711 3550 785 idque
3606 716 3765 775 ultra

2117 791 2562 862 prosperitatem
2591 809 2765 864 quam
2818 799 3084 867 parentes
3115 797 3317 855 liberis
3374 809 3766 876 augurantur,

2118 877 2169 932 si
2201 878 2287 934 fas
2316 884 2407 936 est
2434 882 2763 938 secundum
2795 884 2946 941 facta
3001 886 3255 958 alicujus
3305 890 3505 948 futura
3555 894 3768 966 praedi-

2118 983 2266 1024 cere.
2285 968 2340 1025 Is
2365 969 2467 1043 qui
2497 987 2779 1043 magnum
2812 978 2987 1047 atque
3016 975 3309 1034 illustrem
3340 979 3488 1037 vidit
3543 985 3766 1042 Andro-

2118 1056 2339 1127 nicum,
2361 1075 2454 1115 me
2485 1061 2961 1133 comprehendet,
2993 1068 3049 1120 et
3095 1067 3409 1124 verborum
3455 1072 3765 1131 veritatem

2118 1161 2150 1201 e
2180 1148 2355 1203 rebus
2384 1165 2419 1204 a
2444 1149 2568 1206 viro
2599 1150 2786 1222 gestis
2817 1158 3118 1223 agnoscet.
3152 1155 3350 1212 Multas
3408 1160 3566 1217 enim
3625 1169 3768 1221 sunt

2118 1234 2248 1306 ejus
2278 1236 2349 1292 de
2369 1236 2641 1295 hostibus
2671 1239 2919 1295 victoriae
2949 1240 3010 1297 in
3061 1242 3293 1302 Oriente
3341 1249 3397 1303 et
3454 1247 3765 1310 Occidente

2119 1330 2442 1398 reportata,
2472 1327 2658 1384 multa
2687 1331 2905 1402 tropaea
2933 1331 3151 1389 dextrae
3181 1333 3408 1392 invicta:
3436 1337 3768 1399 fortitudini

2119 1412 2334 1469 debita.
2357 1414 2582 1486 Ingenii
2611 1431 2784 1487 porro
2817 1433 3064 1475 acumen
3089 1422 3147 1475 et
3185 1421 3526 1481 humanitas
3584 1443 3764 1499 quam

2118 1500 2180 1557 in
2210 1501 2446 1572 regibus
2476 1507 2534 1559 et
2563 1504 2873 1578 pracipuis
2919 1507 3389 1582 magistratibus,
3439 1520 3767 1590 senatuque

2119 1590 2485 1648 admiramur
2512 1609 2707 1650 rerum
2746 1594 3129 1653 honestarum
3158 1601 3426 1674 exempla
3478 1608 3764 1679 suppedi-

2118 1680 2298 1737 tando
2327 1684 2387 1738 et
2436 1680 2881 1740 multitudinem
2911 1683 3105 1757 ipsam
3137 1689 3209 1744 ad
3255 1689 3404 1747 bene
3444 1696 3765 1766 agendum,

2120 1768 2192 1824 ad
2225 1785 2457 1826 morum
2479 1771 2847 1828 honestatem
2877 1774 3151 1831 excitant.
3184 1777 3341 1835 Deus
3370 1780 3479 1837 tibi
3510 1787 3639 1840 vitae
3671 1801 3766 1841 co-

2121 1857 2325 1915 mitem
2355 1862 2603 1916 matrem
2657 1862 2952 1934 egregiam
2998 1863 3158 1920 velut
3203 1868 3427 1938 praemii
3484 1868 3611 1928 loco
3664 1890 3765 1945 pro

2120 1948 2335 2003 virtute
2361 1953 2467 2004 tua
2515 1952 2573 2005 et
2629 1950 2776 2005 tein
2833 1951 3042 2025 primis
3097 1953 3510 2026 dignissimam
3567 1962 3762 2031 dedit;

2122 2052 2301 2108 quam
2332 2036 2379 2092 si
2410 2038 2564 2109 quod
2597 2054 2713 2094 uno
2768 2040 2964 2109 verbo,
2989 2044 3046 2096 et
3073 2059 3213 2115 non,
3244 2043 3397 2101 sicut
3446 2048 3589 2105 dicit
3632 2051 3764 2107 Pin-

2122 2127 2301 2182 darus
2367 2126 2572 2200 lingua
2651 2129 3032 2186 mendacibus
3091 2135 3467 2205 procudendo
3524 2137 3767 2199 laudare

2119 2214 2280 2282 velit,
2312 2215 2555 2273 unicum
2585 2233 2761 2274 sexus
2820 2218 3083 2275 feminini
3141 2223 3441 2296 exemplar
3485 2231 3545 2283 et
3590 2245 3767 2286 orna-

2121 2308 2388 2362 mentum
2438 2306 2713 2379 quodque
2757 2324 2963 2364 omnes
2994 2311 3260 2368 omnium
3294 2313 3612 2375 mulierum
3652 2320 3767 2376 vir-

2118 2398 2276 2452 tutes
2301 2395 2362 2451 in
2392 2411 2456 2452 se
2512 2412 2632 2451 una
2678 2396 2930 2465 exhibet,
2973 2399 3135 2455 omni
3186 2401 3324 2472 jure
3363 2404 3594 2466 dixerit.
3652 2409 3768 2466 Re-

2116 2500 2253 2540 vera
2279 2484 2401 2540 hazc
2428 2488 2486 2540 te
2516 2484 2678 2558 origo
2736 2486 2979 2543 decebat
3026 2487 3263 2547 familiae
3295 2510 3309 2559 ;
3342 2499 3510 2566 pater
3564 2498 3767 2558 multis

2116 2572 2374 2630 victoriis
2402 2571 2671 2646 illustris,
2707 2579 2892 2631 mater
2921 2576 3082 2631 omni
3112 2577 3401 2639 virtutum
3433 2581 3607 2643 laude
3664 2604 3764 2645 cu-

2119 2662 2344 2720 mulata
2372 2665 2429 2719 et
2456 2663 2672 2719 eximia
2711 2664 2998 2721 modestia
3027 2672 3251 2724 ornata.

343 2760 543 2834 πρῶτα
802 2752 1130 2841 ἀξιωμάτων
1197 2753 1518 2841 φερόμενφς,
1577 2755 1883 2828 θαυμαστὸς
1942 2751 2002 2809 δὲ
2056 2753 2147 2841 καὶ
2205 2750 2352 2830 παρέι
2405 2754 2474 2825 τῇ
2535 2750 2808 2841 γερουσίᾳν
2869 2749 3044 2828 ἔργων
3100 2754 3284 2819 αὐτοῖς
3345 2759 3559 2835 ἀγαθῶν
3618 2784 3763 2841 χρη-

349 2845 594 2922 ματίζων
647 2839 1013 2920 παράδειγμα,
1073 2842 1382 2918 ἀξιέραστος
1442 2840 1501 2899 δὲ
1553 2843 1644 2899 καὶ
1700 2842 1860 2899 παντὶ
1911 2847 1993 2916 τῷ
2050 2839 2349 2916 δημοτικῇ,
2420 2840 2800 2915 χρηστότητος
2878 2841 3103 2918 τρόποις
3189 2846 3507 2925 ἀναφλέγων
3567 2839 3763 2921 αὖτοὺς

343 2934 486 3012 πρὸς
539 2935 639 3005 τὴν
696 2928 924 2989 εὔνοιαν.
985 2934 1053 3012 ’ῼ
1108 2931 1200 2986 καὶ
1255 2930 1518 2988 κοινωνὸν
1579 2931 1701 3008 βίου
1761 2933 1891 2995 Θεὸς
1942 2933 2044 3002 τὴν
2098 2931 2410 3017 θαυμαστήν
2472 2950 2567 3017 σου
2624 2930 2865 3007 παρέσχε
2928 2931 3134 3006 μητέρα
3185 2935 3283 3009 (9),
3317 2936 3504 3013 ἆθλον,
3547 2941 3583 3011 ἢ
3642 2945 3767 3017 (οὐκ

343 3024 465 3103 ἔχω
498 3024 611 3100 (40)
640 3027 757 3085 πῶς
810 3018 999 3107 ἄλλως
1056 3020 1250 3096 εἷπεῖν)
1280 3021 1476 3098 ἀρετῆς
1533 3028 1635 3093 τῆς
1692 3021 1916 3096 ἐκείνου,
1947 3021 2037 3077 καὶ
2094 3021 2255 3097 γέρας
2315 3013 2681 3097 διαφερόντως
2735 3019 2972 3094 τοιούτῳ
3023 3030 3302 3099 προσῆκον
3360 3025 3536 3104 ἀνδρὶ,
3717 3033 3773 3091 εἴ

342 3136 432 3178 τις
477 3114 541 3169 τὸ
578 3117 683 3189 πᾶν
744 3111 820 3175 ὡς
876 3105 1132 3189 ἔμϐραχυ
1191 3109 1451 3187 βούλοιτο
1508 3111 1713 3187 λέγειν,
1742 3111 1833 3167 καὶ
1895 3112 1971 3186 μὴ
2019 3111 2118 3180 τὴν
2177 3108 2449 3186 γλῶτταν,
2504 3108 2641 3164 κατά
2694 3107 2962 3187 Πίνδαρον
3024 3111 3217 3187 εἰπεῖν,
3260 3115 3470 3193 τέγγειν
3528 3118 3580 3175 ἐν
3634 3105 3766 3197 ψεύ-

346 3203 427 3259 δει
460 3204 578 3279 (14(
604 3199 833 3279 ἄγαλμα
880 3204 978 3256 τοῦ
1035 3198 1236 3272 θήλεος
1291 3197 1439 3256 εἷ’ποι
1495 3201 1586 3256 καὶ
1642 3200 1847 3275 κόσμον
1907 3201 2106 3278 ὡραῖον
2166 3204 2246 3272 τῷ
2300 3197 2460 3275 γένει,
2493 3199 2570 3261 ὡς
2630 3197 2800 3273 μόνην
2859 3205 3126 3277 γυναικῶν
3175 3203 3393 3262 ἀπασῶν
3452 3205 3597 3265 ἰδέαν
3625 3214 3762 3270 ἅπα-

345 3315 441 3349 σαν
499 3292 696 3370 ἀρετῆς
753 3297 853 3362 τῆς
918 3289 972 3346 ἐν
1023 3294 1103 3363 τῷ
1159 3289 1320 3361 θήλει
1375 3289 1781 3363 πλουτήσασαν.
1815 3291 2019 3367 Ἐχρῆν
2079 3290 2182 3366 γὰρ
2240 3289 2314 3351 ὡς
2370 3287 2593 3360 ἀληθῶς
2646 3288 2912 3361 τοιαύτηκ
2938 3287 3483 3367 προκαεαϐεϐλῆσθαί
3512 3320 3609 3356 σου
3664 3309 3760 3360 τοῦ

344 3384 537 3459 γένους
592 3378 856 3458 κρηπῖδα,
899 3379 991 3467 καὶ
1048 3377 1237 3443 τοκέας
1296 3377 1463 3457 ἔχειν,
1514 3380 1719 3455 πατέρα
1779 3381 1873 3455 μὲν
1930 3380 1989 3435 ὃν
2048 3382 2084 3450 ἡ
2142 3378 2267 3449 νίκη
2326 3375 2599 3442 πολλάκις
2657 3378 2938 3456 ἐγνώρισε,
2996 3386 3246 3439 τικοῦσαν
3302 3386 3361 3440 οὲ
3418 3395 3763 3467 θαυμαζομέ-
3806 3410 3807 3417 η

342 3494 444 3545 νην
478 3471 530 3543 ἐξ
560 3471 766 3546 ἀρετῶν
794 3467 917 3526 ὅσαι
947 3465 1015 3538 δὴ
1047 3472 1318 3545 γυναικῶν
1348 3468 1474 3542 εἶσι,
1504 3469 1595 3525 καὶ
1632 3469 1728 3533 τὰς
1762 3468 1958 3533 λοιπὰς
1989 3467 2461 3544 ἀποκρύπτουσαν.

418 3613 602 3671 Ἀλλὰ
643 3613 699 3670 τί
761 3634 856 3687 μοι
907 3618 1273 3690 μακρηγορεῖν
1324 3613 1393 3667 τὰ
1440 3617 1546 3668 τῶν
1589 3613 1836 3689 πατέρων
1868 3610 2005 3684 διεξ-

2191 3614 2303 3671 Sed
2334 3631 2441 3670 cur
2469 3617 2779 3683 parentum
2809 3614 2999 3689 elogia
3028 3619 3258 3690 profero
3289 3621 3432 3678 dum
3491 3625 3763 3686 arborem

348 3704 511 3777 ιόντι,
578 3702 697 3759 ἐνὸν
755 3700 818 3758 ἐκ
869 3706 973 3758 τοῦ
1044 3705 1257 3777 καρποῦ
1312 3702 1376 3757 τὸ
1434 3698 1653 3777 δένδρον
1722 3702 2006 3779 γινώσκειν

343 3793 453 3851 κάκ
494 3797 593 3849 τοῦ
636 3789 940 3869 φερομένου
986 3790 1226 3864 νάματος
1271 3790 1371 3859 τὴν
1425 3792 1654 3867 «ny-lle;
1705 3790 1803 3864 Σὺ,
1856 3792 2007 3868 βασι..

344 3880 468 3955 λεῦ,
501 3882 530 3936 ὁ
587 3878 795 3956 γλυκὺς
851 3883 932 3950 τῷ
988 3873 1103 3935 ὄντι
1159 3878 1367 3955 καρπὸς
1416 3878 1508 3935 καὶ
1555 3879 1716 3935 παντὶ
1760 3884 1842 3953 τῷ
1871 3880 2009 3957 γένει

340 3973 647 4048 σωτήριος,
694 3967 759 4024 σὺ
814 3964 1138 4044 προῦκυψας
1185 3966 1236 4040 ἐξ
1296 3966 1538 4026 ἐκείνων.
1569 3969 1671 4023 Καὶ
1726 3968 1809 4032 τίς
1864 3971 2013 4047 παρὰ

336 4061 546 4131 ταύτην
608 4059 808 4134 μείζων
861 4053 1223 4131 εὐδαιμονία;
1257 4058 1294 4127 ἢ
1351 4057 1435 4121 τίς
1493 4056 1553 4114 ἃν
1605 4060 1719 4132 (12)
1747 4056 1873 4134 ἔχοι
1930 4059 2014 4139 ἐφ’

342 4152 499 4227 ᾦπερ
551 4146 768 4223 μᾶλλον
814 4148 1199 4222 καυχήσαιτο;
1250 4147 1466 4223 Ἀρκεῖν
1517 4147 1613 4221 μὲν
1679 4144 1769 4203 οὗν
1825 4147 2012 4212 αὐτοῖς

344 4241 507 4314 οἶμαι
540 4237 707 4313 μόνον
739 4237 832 4292 τὸν
864 4236 955 4291 σὸν
985 4235 1145 4291 τόκον
1177 4236 1314 4311 πρὸς
1360 4235 1494 4315 εύφη
1508 4235 1656 4311 μίαν,
1696 4236 1787 4292 καὶ
1832 4238 2013 4311 τούτῳ

351 4328 508 4405 μόνῳ
569 4324 808 4403 μάλιστα
863 4323 1076 4381 πάντων
1129 4325 1517 4398 θαυμάζεσθαι,
1572 4324 1668 4382 κᾶν
1738 4325 1789 4381 εἷ’
1840 4324 2010 4402 μηδὲν

342 4418 535 4480 αὐτοῖς
583 4414 731 4491 ἄξιον
786 4414 1007 4471 ἐπαίνου
1039 4412 1315 4491 ἐξάρετῆς
1372 4411 1517 4478 ῗδίας
1576 4414 1884 4492 ἐτύγχανεν.
1917 4418 2012 4481 Οἷς

342 4510 456 4585 γὰρ
535 4500 823 4584 πρόσεστιν
888 4503 949 4560 ἐκ
1022 4506 1132 4560 τῶν
1206 4501 1553 4579 τελεωτέρων
1624 4506 2010 4579 θαυμάζεσθαι,

342 4597 566 4659 τούτοις
619 4594 821 4667 ἥκιστα
896 4590 1066 4670 λόγος
1131 4592 1223 4650 καὶ
1280 4596 1388 4649 τῶν
1452 4595 1788 4672 μικροτέρων
1847 4594 2011 4672 χάριν

344 4686 688 4763 καρποῦσθαι
717 4684 811 4741 τὸν
844 4681 1084 4740 ἔπαινον.

424 4773 587 4832 ’Δλλ³
618 4773 847 4839 ἐνταῦθα
870 4777 969 4830 τοῦ
1023 4771 1191 4848 λόγου
1239 4770 1535 4848 γενόμενος
1582 4774 1673 4828 καὶ
1719 4778 1827 4829 τῶν
1877 4795 2013 4852 προ-

345 4864 535 4941 θύρων
579 4860 691 4935 ἤδη
744 4867 851 4918 τῶν
898 4863 1037 4919 κατᾶ
1070 4860 1131 4917 δὲ
1159 4859 1654 4937 πλεονεκτημάτων
1713 4863 2010 4938 ἁψάμενος,

422 5043 504 5125 (θ)
536 5044 809 5125 Sceptra.
841 5041 1068 5125 scilicet
1094 5059 1130 5125 ε
1161 5041 1377 5125 Graecis
1435 5042 1895 5125 imperatoribus
1938 5045 2013 5101 ad

344 5113 597 5175 Latinos
626 5113 932 5187 translata,
966 5116 1122 5187 quod
1169 5114 1362 5171 evenit
1378 5113 1544 5187 anno
1571 5116 1735 5187 1204.

420 5189 505 5261 (7)
530 5185 941 5261 Andronicum
980 5185 1351 5261 Comnenum
1376 5185 1790 5261 Palaeologum,
1810 5187 2013 5259 dequo

347 5256 620 5332 Gangius
648 5258 856 5332 Famil.
869 5262 1151 5332 ,Βῃᾎαηιζ
1164 5274 1233 5332 p._
1254 5256 1352 5313 234
1369 5298 1382 5312 .

423 5275 479 5316 in
525 5275 620 5314 ius
648 5274 856 5314 nam”.
888 5274 1123 5332 uyzam.
1164 5274 1227 5330 p.
1254 5274 1382 5313 251.

423 5274 837 5403 (8§Qu‘em_sic
869 5328 1074 5403 laudat
1112 5328 1178 5386 G.
1211 5327 1551 5403 Acropolita
1585 5328 1731 5403 Hist.
1764 5330 1834 5385 46
1867 5349 1881 5387 :
1911 5329 2010 5403 Τδν

350 5396 572 5528 μέγαν’
613 5397 933 5472 δομέστικον
1000 5400 1094 5455 τὸν
1171 5396 1452 5471 Κομνηνὸν
1509 5396 1856 5473 Ἀνδρόνικον
1916 5401 2017 5456 Τὸν

350 5478 437 5528 Πα
479 5470 933 5528 αιολόγον....τά
977 5474 1170 5528 πρῶτα
1225 5469 1458 5528 φέροντα
1512 5473 1620 5526 τῶν
1675 5470 1727 5525 ἐν
1788 5492 2017 5528 στρατη-

346 5478 933 5548 Παλαιολόγον...,τὰ
977 5478 1170 5548 πρῶτα
1225 5478 1458 5548 φέροντα
1512 5478 1620 5526 τῶν
1675 5478 1727 5525 έν
1788 5492 2018 5549 στρατη-

346 5544 504 5622 γίαις
560 5541 921 5634 τεταγμένων,
982 5540 1166 5634 ἄνδρα,
1215 5540 1578 5634 συνετώςτριτον
1636 5542 1726 5634 καὶ
1752 5544 2016 5634 ιχπραότα-

344 5609 472 5705 έτονὶ,
502 5609 915 5705 διαζεύὲῖδότα
953 5614 1044 5701 καὶ
1083 5609 1305 5705 ’μάχηνῖ
1331 5609 1556 5699 ὁπλίσαι
1606 5613 1706 5701 καί⁸
1747 5609 2020 5681 διεύθῦναι

345 5683 491 5749 λαόν
518 5684 612 5745 καὶ
641 5686 696 5745 ἐν
738 5684 1071 5764 πολεμικοῖς
1099 5683 1217 5743 ’καῖ
1241 5683 1560 5767 εἰρηνικοῖς
1614 5689 1734 5751 τοῖς
1782 5691 2017 5771 καιροῖς.

2043 4988 2092 5055 D

2117 3718 2149 3759 e
2180 3702 2469 3760 fructibus
2499 3719 2849 3776 cognoscere
2878 3710 2936 3761 et
2953 3722 3023 3761 ex
3067 3724 3221 3780 aqua
3266 3709 3444 3768 fontis
3489 3718 3764 3775 naturam

2117 3792 2449 3866 perspicere
2504 3792 2697 3849 licet?
2754 3794 2864 3860 Tu,
2924 3794 3265 3867 imperator,
3339 3799 3562 3859 fructus
3621 3822 3767 3864 sane

2119 3880 2310 3937 dulcis
2339 3884 2397 3936 et
2423 3881 2585 3938 omni
2614 3881 2920 3938 hominum
2942 3885 3141 3956 generi
3198 3886 3475 3945 salutaris
3532 3908 3603 3948 ex
3648 3893 3768 3953 illis

2120 3973 2443 4041 prognatus
2467 3985 2529 4025 es
2561 3987 2576 4039 ;
2609 3970 2767 4042 quod
2800 3971 2940 4042 quid
2974 3971 3379 4046 felicius,quid
3410 3976 3771 4051 gloriosius?

2120 4056 2406 4130 Equidem
2437 4056 2570 4114 illos
2601 4074 2884 4131 magnum
2915 4076 3065 4132 opus
3095 4061 3304 4119 fecisse
3324 4065 3528 4136 judico
3559 4073 3615 4125 te
3635 4086 3770 4142 pro-

2122 4147 2372 4204 creando
2402 4151 2458 4203 et
2477 4146 2639 4202 omni
2669 4147 3056 4205 admiratione
3085 4151 3296 4223 dignos
3327 4170 3555 4228 censeo,
3589 4158 3769 4217 etiam

2122 4237 2171 4294 si
2199 4235 2428 4292 nullum
2459 4235 2705 4309 propriae
2736 4236 2966 4294 virtutis
3027 4239 3281 4311 speciem
3337 4241 3498 4299 aliud
3554 4246 3771 4305 edidis-

2121 4330 2273 4383 sent.
2303 4325 2412 4390 Qui
2437 4325 2594 4383 enim
2626 4341 2976 4399 magnarum
3006 4344 3204 4385 rerum
3233 4329 3423 4403 gloria
3451 4334 3771 4408 excellunt,

2122 4415 2165 4471 ii
2193 4431 2310 4472 non
2342 4431 2493 4487 opus
2516 4413 2736 4471 habent
2767 4418 2833 4471 ut
2851 4431 2922 4472 ex
2949 4415 3144 4488 parvis
3183 4415 3421 4477 laudem
3474 4437 3773 4496 compare-

2122 4521 2279 4562 mus.

2192 4773 2303 4829 Sed
2326 4773 2469 4829 dum
2500 4772 2571 4829 de
2600 4772 2776 4829 rebus
2807 4790 2842 4829 θ.
2868 4779 2926 4830 te
2941 4773 3122 4847 gestis
3152 4773 3420 4849 proloqui
3448 4780 3633 4850 tento,
3685 4779 3773 4836 vi-

2121 4862 2301 4931 rium,
2333 4878 2599 4919 mearum
2631 4861 2994 4920 debilitatem
3025 4863 3235 4933 sentio,
3276 4863 3490 4922 similis
3540 4866 3615 4924 iis
3670 4869 3774 4942 qui

2193 5042 2271 5117 g9)
2305 5041 2451 5117 Filia
2479 5041 2839 5117 fuitlrenes,
2872 5042 3397 5117 filiaeimperatoris
3424 5045 3609 5117 Alexii
3657 5048 3775 5103 An-

2121 5113 2261 5241 Ξειὲ,
2290 5119 2348 5170 et
2374 5113 2555 5170 Alexii
2584 5114 2899 5170 Andronici
2932 5131 2946 5170 :
2978 5113 3377 5190 vide‘Niceph.
3404 5116 3642 5191 Gregor.
3676 5136 3772 5193 In,

2193 5256 2307 5330 (10)
2337 5257 2529 5333 codex
2568 5254 2604 5324 ἢ
2665 5253 2765 5310 οὐκ
2818 5250 2955 5333 ἔχω.
2997 5258 3216 5314 Forsan
3272 5254 3435 5333 ἆθλον
3653 5258 3778 5333 (οὐκ

2124 5322 2240 5402 ἔχὶυ
2289 5322 2442 5402 τεᾷ.
2473 5331 2540 5396 ε.)
2592 5322 2605 5383 ἐ
2664 5333 2730 5383 ut
2777 5322 3045 5386 videatur
3100 5334 3295 5386 orator
3340 5322 3527 5402 aliud:
3558 5322 3774 5402 nomen

2125 5396 2260 5481 15.6.31?
2300 5396 2812 5481 iﬁlyy‘quaererg;
2863 5417 2949 5471 ac,
3001 5418 3116 5459 non
3164 5402 3417 5472 invento,
3472 5398 3572 5458 οὐκ
3636 5397 3773 5481 ἔχω,

2126 5467 2229 5537 ait,
2252 5474 2370 5532 πῶς
2402 5467 2589 5531 ἄλλως
2619 5467 2812 5526 είπεῖνζ

2225 5542 2313 5615 11)
2347 5542 2576 5615 Pindar.
2598 5541 2707 5615 701.Δ
2731 5560 2807 5612 1v,
2827 5544 2920 5615 28.

2225 5546 2313 5615 11)
2347 5546 2576 5598 Pindar.
2610 5546 2695 5597 01.
2731 5560 2807 5612 1v,
2827 5546 2920 5600 28.

2198 5546 2313 5689 (12)
2342 5614 2562 5672 Forsan
2585 5613 2621 5685 ἦ
2654 5612 2707 5669 τί
2733 5631 2815 5679 τις
2846 5609 2930 5673 ἅν.
