4108 6438
336 373 454 435 355

1358 351 1681 419 GEORGII
1720 345 1988 411 CYPRII
2033 345 2152 406 ΟΡ.
2196 340 2731 404 ΡΑΤΒΙΑΗΟΗΕ

3631 343 3753 406 356

335 507 611 578 exiguum
640 497 1051 556 tantummodo
1081 506 1430 566 magnarum
1485 503 1702 554 rerum,
1764 481 1964 555 quibus

2097 472 2309 578 μᾶλλρν
2343 473 2581 578 ἐμαυτοῦ
2635 474 2889 538 ἀσθενοῦς
2934 467 3090 538 ὄντος
3149 473 3475 548 αἰσθάνομαι
3533 474 3617 530 ἐπ’
3653 474 3750 531 αὖ·

334 594 750 659 interfuerunt,
796 584 1200 643 testimonium
1242 579 1513 637 exhibere
1552 575 1747 631 valent
1780 591 1794 640 ;
1827 569 1985 625 unde

334 689 402 743 fit
431 691 496 741 ut
525 678 887 754 ingeniolum
948 690 1144 730 meum
1177 690 1210 727 a
1267 666 1675 739 magnitudine
1738 660 1982 717 laudum

336 775 554 849 quipus
586 749 802 842 dignus
850 783 934 828 es,
985 764 1315 833 superetur.
1378 755 1524 811 Hinc
1573 757 1788 817 metus,
1846 749 1983 803 hinc

335 843 536 932 sudor,
565 866 880 930 antequam
925 859 983 908 te
1015 849 1278 907 laudanti
1311 863 1458 919 opus
1491 843 1742 899 arduum
1775 853 1982 911 aggre-

335 955 482 1010 diar.
512 927 672 1016 Quod
705 927 862 1001 enim
893 939 1260 998 fundamenti
1281 935 1534 993 ccclesiis
1557 927 1977 1001 contemplato-

319 1044 484 1100 ribus
516 1037 730 1096 accidit
759 1036 1019 1107 (stupent
1049 1031 1120 1085 de
1153 1029 1224 1083 iis
1255 1042 1382 1098 quas
1409 1024 1632 1088 vident,
1691 1035 1795 1074 nec
1850 1017 1977 1071 visa

322 1133 498 1205 digno
531 1128 703 1184 modo
735 1124 926 1178 dicere
974 1125 1077 1175 aut
1129 1113 1399 1172 meditari
1458 1109 1698 1181 valent),
1754 1107 1812 1162 id
1869 1121 1974 1177 ego

317 1201 551 1295 quoque
581 1219 856 1288 expertus
915 1226 1070 1266 sum.
1105 1208 1254 1262 Dum
1297 1221 1390 1259 res
1421 1220 1454 1256 a
1481 1206 1538 1256 te
1567 1203 1765 1272 gestas
1797 1201 1974 1266 atque

303 1285 739 1366 humanitatem
773 1299 1092 1374 perpendo,
1117 1310 1284 1350 mens
1311 1291 1607 1347 taciturna
1660 1285 1968 1357 stupescit,

302 1401 480 1472 idque
513 1372 994 1451 fortasseiminus
1025 1387 1098 1441 ob
1151 1379 1614 1452 ineloquentiam
1665 1391 1844 1448 quam
1895 1372 1968 1426 ob

303 1462 500 1545 rerum
531 1481 964 1540 laudandarum
1022 1471 1495 1546 magnitudinem
1537 1482 1668 1538 quae
1716 1462 1966 1534 impedit

311 1575 632 1650 quominus
693 1570 800 1625 rite
848 1567 1238 1637 exponantur.
1300 1559 1411 1614 Sed
1493 1573 1597 1610 cur
1652 1549 1968 1608 haesitcm?

315 1663 651 1722 Periculum
672 1659 754 1714 rei
779 1654 1111 1712 faciendum
1139 1649 1285 1705 mihi
1311 1666 1324 1717 ;
1355 1643 1689 1701 laudandus
1721 1645 1787 1696 tu
1819 1637 1965 1694 mihi

312 1773 397 1825 es,
429 1757 487 1810 et
517 1752 566 1809 si
599 1749 798 1805 minus
826 1747 974 1802 bene
1005 1739 1276 1812 facio,rei
1308 1733 1627 1792 difﬁcultas
1666 1748 1760 1786 me
1789 1746 1963 1785 excu-

311 1818 484 1901 sabit.
517 1840 624 1898 Ubi
655 1838 813 1894 enim
845 1851 937 1890 res
974 1831 1172 1904 aliqua
1223 1830 1479 1904 mentem
1500 1826 1570 1904 _e_t
1622 1818 1959 1900 facundiam

309 1911 696 1979 transcendit,
773 1889 988 1964 oratOri
1043 1889 1136 1959 vel
1221 1899 1420 1954 minus
1497 1895 1708 1949 idoneo
1792 1889 1962 1946 venia

309 2003 518 2062 aderit.

1992 1857 2039 1922 B

2090 570 2208 627 τοῖς
2240 560 2444 640 ἔργοις,
2478 563 2657 640 ὥσπερ
2689 565 2740 618 οῖ
2800 560 2888 619 διὰ
2942 570 3043 633 τῆς
3096 563 3286 640 πείρας
3338 563 3749 641 προσομιλοῦν-

2089 674 2178 715 τες
2226 659 2344 715 τοῖς
2402 653 2739 728 πράγμασιν,
2773 651 2898 707 ὅσον
2961 652 3056 726 μὲν
3121 652 3247 726 ἐμοὶ
3308 652 3535 730 ἀπορίας
3591 674 3752 710 κατα-

2095 742 2303 814 μαθὼν,
2352 740 2476 797 ὅσον
2537 739 2596 797 δὲ
2658 747 2775 805 τοῖς
2839 747 2952 804 σοῖς
3013 741 3310 817 ἐγκωμίοις
3365 743 3428 797 τὸ
3498 741 3724 820 μέγεθος

2088 831 2263 904 Ταύτῃ
2313 852 2399 886 τοι
2457 831 2546 886 καὶ
2617 829 2855 904 δέδοικα,
2915 831 3040 908 πρὶν
3100 832 3136 901 ἢ
3192 836 3376 910 σαφῶς
3433 831 3746 908 παρακύψαι

2085 923 2202 980 τοῖς
2278 916 2450 987 ἔνδον,
2509 919 2599 974 καὶ
2668 919 3087 996 περιρῥαίνομαι
3167 921 3269 976 ὑπὸ
3340 927 3440 990 τῆς
3513 920 3746 997 ἀγωνίας

2092 1004 2304 1083 ἴδρῶσι,
2332 1007 2423 1062 καὶ
2480 1007 2626 1071 ὅστις
2683 1010 2927 1086 γένωμαι
2985 1009 3198 1084 ἀπορῶ.
3241 1007 3339 1063 Καί
3399 1009 3525 1084 γὰρ,
3558 1008 3588 1064 ὅ
3621 1008 3746 1083 περὶ

2080 1095 2210 1158 τοὺς
2267 1098 2359 1151 τὸν
2417 1097 2641 1172 οὐρανὸν
2721 1098 3022 1174 βλέποντας
3086 1097 3225 1152 ἔστιν
3297 1095 3427 1152 ἰδεῖν
3483 1094 3746 1172 (τίστανται

2081 1184 2186 1260 γὰρ
2237 1187 2604 1259 θαυμάζοντες
2650 1189 2762 1261 (13)
2816 1188 2911 1260 μὲν
2963 1187 3043 1265 ἐφ’
3093 1188 3174 1248 οἷς
3224 1188 3446 1263 ὁρῶσιν,
3490 1183 3636 1257 ἄξιον
3688 1183 3746 1241 δὲ

2077 1276 2184 1326 τῶν
2243 1273 2538 1348 ὁρωμένων
2594 1273 2709 1331 οὔτ’
2765 1276 2954 1347 εἰπεῖν,
2990 1272 3104 1330 οὔθ’
3161 1272 3312 1338 ὅλως
3367 1277 3556 1345 νοῆσαι
3592 1274 3741 1352 ἰσχύι

2079 1362 2241 1436 ουσι),
2299 1366 2446 1419 τοῦτ’
2501 1365 2630 1420 αὐτὸ
2688 1362 2775 1420 καί
2848 1364 3007 1428 αὐτὸς
3082 1365 3327 1441 ἀτεχνῶς
3406 1364 3744 1420 ἐπεπόνθειν-

2077 1449 2291 1527 ἀφωνίᾳ
2337 1451 2718 1528 κατείλημμαι
2781 1460 2900 1517 τοῖς
2977 1459 3094 1517 σοῖς
3167 1449 3519 1531 προσϐλέψας
3580 1453 3742 1531 χαρί-

2075 1559 2262 1612 σμασι,
2296 1540 2385 1594 καί
2419 1564 2514 1616 μοι
2563 1543 2631 1597 τὰ
2675 1547 2774 1598 τοῦ
2828 1541 3000 1618 λόγου
3050 1544 3156 1619 πρὸ
3195 1545 3293 1612 τῆς
3342 1543 3532 1620 πείρας
3584 1543 3742 1620 ἐλέγ-

2073 1645 2260 1702 χεται·
2307 1630 2397 1684 καὶ
2446 1631 2594 1685 τοῦτ’
2651 1629 2784 1695 ἴσως
2843 1631 2904 1686 ού
2957 1633 3105 1709 παρὰ
3156 1633 3258 1702 τήν
3317 1637 3417 1687 τοῦ
3476 1631 3738 1708 λέγοντος

2077 1713 2289 1787 μᾶλλον
2357 1719 2624 1774 ἀσθένειαν
2675 1721 2711 1790 ἢ
2754 1722 2854 1790 τὴν
2931 1727 3040 1776 τῶν
3103 1722 3443 1797 πραγμάτων
3508 1715 3740 1797 ὑπερϐο-

2072 1800 2198 1873 λήν,
2229 1807 2319 1860 καὶ
2367 1807 2430 1862 τὸ
2482 1811 2558 1882 μὴ
2619 1809 2859 1881 καθάπαξ
2917 1809 3073 1889 φύσιν
3129 1811 3280 1864 ταῦτ’
3327 1805 3472 1887 ἔχειν
3536 1810 3733 1865 ὑποπί-

2071 1911 2222 1947 πτειν
2284 1893 2439 1972 λόγῳ
2488 1895 2579 1952 διὰ
2625 1899 2689 1953 τὸ
2742 1899 2989 1975 μέγεθος.
3023 1896 3177 1967 Πλὴν
3234 1897 3288 1953 τί
3345 1899 3459 1976 χρὴ
3507 1903 3736 1969 παθεῖν;

2069 1979 2380 2054 τολμητέον
2439 1987 2530 2041 καὶ
2589 1987 2762 2049 οὕτως
2820 1986 3001 2064 ἔγοντί
3061 2009 3155 2062 μοι
3212 1989 3312 2057 τήν
3371 1993 3586 2065 πεῖραν,
3641 1987 3734 2043 καὶ

304 2093 421 2154 τοῖς
495 2087 732 2148 ἐπαίνοις
803 2081 1113 2160 προσιτέον,
1167 2077 1242 2139 ὡς
1303 2073 1562 2160 δύναμιςη
1610 2069 1782 2124 αὐτῶν
1841 2068 1975 2139 ἡμῖν
2034 2067 2236 2133 ἱκανῶς
2293 2078 2400 2129 τῶν
2458 2075 2793 2153 πραγμάτων
2854 2078 2953 2146 τὴν
3019 2078 3346 2154 συγγνώμην
3425 2076 3737 2150 ἐξαιτουμέ-

307 2203 440 2236 νων·
495 2179 578 2240 οἷς
624 2177 728 2252 γὰρ
778 2171 867 2228 καὶ
917 2168 1156 2225 διάνοιαν
1202 2165 1349 2220 ταῦθ’
1397 2159 1706 2238 ὑπερϐαίνει
1750 2156 1840 2212 καὶ
1889 2153 2146 2228 οὐδαμῶς
2217 2165 2284 2236 τῇ
2353 2161 2576 2239 γλώττῃ
2637 2165 2972 2242 περίληπτα,
3024 2166 3114 2221 καὶ
3180 2171 3259 2238 τῷ
3324 2163 3538 2243 λέγοντι
3603 2167 3740 2222 πάν-

312 2291 443 2343 τως,
471 2268 516 2323 εἷ
553 2246 754 2342 μὴ’τῆς
786 2261 934 2332 ἀξίας
966 2258 1226 2336 ἐφίκοιτο,
1260 2254 1616 2343 ἀποχρῶσαν,
1643 2247 1821 2343 οίμαι,
1851 2246 1950 2314 τὴν
1983 2250 2316 2323 συγγνώμην
2351 2251 2649 2329 ἐργάζεται.

383 2340 563 2424 Deus,
585 2355 686 2429 qui
715 2353 1147 2424 te,imperator,
1182 2343 1379 2420 populi
1414 2343 1499 2398 tui
1532 2340 1964 2396 dominatorem

310 2424 639 2522 designavit
669 2442 869 2500 omnia
902 2439 1070 2512 quad
1098 2437 1170 2492 ad
1186 2434 1552 2508 regnandum
1569 2424 1966 2485 conducibilia

308 2543 469 2607 sunt,
519 2538 675 2592 bona
731 2529 994 2603 corporis
1044 2525 1344 2597 animique
1396 2523 1478 2577 ita
1534 2519 1638 2575 tibi
1699 2514 1962 2588 imperti-

305 2629 408 2696 vit,
441 2602 687 2682 utnulla
717 2639 777 2678 re
810 2602 1008 2692 egeas,
1041 2615 1260 2689 quippe
1291 2612 1391 2685 qui
1443 2627 1560 2666 non
1619 2609 1704 2662 ita
1761 2602 1962 2676 magni

308 2718 489 2773 facias
519 2732 587 2771 ea
618 2729 748 2786 qua;
779 2709 969 2766 caeteri
1001 2711 1162 2761 tanto
1225 2719 1361 2758 cum
1420 2699 1617 2756 studio
1667 2695 1960 2753 ambiunt.

306 2808 529 2863 Natura
558 2783 740 2876 igitur
768 2800 879 2856 sibi
935 2796 1052 2868 ipsi
1083 2790 1480 2866 congratulari
1535 2791 1732 2860 potest
1787 2785 1858 2840 de
1889 2783 1962 2838 iis

313 2895 532 2967 quibus
560 2897 616 2947 te
639 2886 996 2961 majoremin
1020 2884 1256 2938 modum
1274 2879 1512 2936 dotavit.
1547 2877 1766 2932 Forma
1800 2889 1963 2928 nam-

307 3001 422 3056 que
452 2979 793 3038 excellentia
815 2979 1060 3049 praestas
1091 2977 1156 3028 ut
1184 2969 1274 3026 vel
1304 2969 1503 3024 minus
1518 2964 1756 3021 formosi
1781 2977 1960 3033 quam

310 3055 374 3129 tu
406 3071 533 3144 ipse
554 3087 618 3126 es
647 3069 707 3123 in
723 3064 1107 3123 admiratione
1137 3060 1345 3116 forent.
1406 3055 1800 3112 Membrorum
1834 3069 1962 3106 cor-

308 3162 468 3234 poris
496 3159 584 3214 tui
615 3155 942 3218 harmonia,
970 3149 1224 3224 partium
1279 3146 1565 3202 miriﬁcus
1623 3142 1763 3198 ordo
1813 3139 1961 3195 citra

306 3250 707 3322 vituperium;
753 3242 1034 3314 analogiae
1096 3237 1297 3295 omnia
1351 3237 1434 3290 ita
1480 3231 1838 3304 respondent
1896 3233 1962 3284 ut

309 3338 457 3395 nihil
489 3338 547 3393 in
580 3341 636 3391 te
693 3333 849 3390 cerni
922 3328 1106 3403 possit
1164 3327 1320 3398 quod
1373 3329 1593 3379 naturae
1657 3317 1962 3391 principiis

311 3426 692 3484 condradicat
705 3427 807 3478 aut
820 3419 1086 3492 perfectae
1107 3414 1344 3470 musicae
1369 3410 1599 3483 regulas
1630 3409 1958 3480 impugnet.

311 3517 436 3572 Huc
465 3515 616 3570 adde
645 3511 800 3584 quod
849 3509 1046 3563 forma
1104 3506 1284 3560 robur
1327 3501 1501 3571 adsit,
1535 3504 1592 3554 et
1624 3497 1962 3570 quicunque

309 3608 367 3660 te
395 3603 622 3666 viderit,
658 3581 792 3654 cum
826 3595 1066 3650 Platone
1095 3590 1372 3648 clamabit
1418 3595 1475 3643 te
1506 3581 1962 3659 pulchritudinis

303 3694 499 3748 ideam
549 3693 606 3746 et
665 3686 1047 3757 archetypum
1103 3680 1396 3737 exhibere.
1456 3677 1602 3732 Hinc
1661 3673 1839 3730 etiam
1904 3677 1961 3726 te

306 3779 646 3854 aspicientis
678 3774 831 3832 oculi
857 3771 1060 3828 satiari
1090 3784 1392 3839 nunquam
1435 3768 1700 3838 possunt,
1761 3767 1958 3817 tuum-

307 3853 422 3943 que
480 3867 711 3924 vultum
769 3859 1153 3933 contemplari
1221 3875 1324 3930 pro
1375 3853 1814 3927 jucundissimo
1873 3855 1963 3906 est

309 3956 662 4032 spectaculo.
697 3953 862 4019 Quod
891 3951 941 4007 si
976 3950 1224 4019 sirenes,
1258 3951 1322 4002 ut
1352 3949 1533 4018 poetae
1595 3943 1956 4008 fabulantur,

309 4055 485 4106 cantu
507 4044 872 4105 audientium
907 4057 1079 4097 aures
1109 4040 1455 4111 rapuerunt,
1489 4039 1551 4090 tu
1588 4050 1705 4090 non
1765 4047 1959 4100 aures,

306 4141 459 4197 sicut
488 4139 636 4207 istze,
675 4135 776 4192 sed
809 4131 1008 4190 oculos
1037 4131 1195 4204 ipsos
1245 4143 1489 4184 sensum
1530 4125 1831 4193 tutiorem,
1875 4121 1964 4175 in-

304 4223 922 4296 cantabas;corporis
982 4219 1139 4276 enim
1199 4222 1302 4274 tua
1357 4217 1546 4271 forma
1585 4214 1719 4286 plus
1779 4228 1960 4284 quam

303 4319 555 4375 illarum
587 4319 798 4372 cantus
829 4310 1060 4368 animos
1095 4306 1466 4364 demulcebat
1498 4322 1510 4372 ;
1547 4319 1652 4359 nec
1710 4302 1961 4373 denique

305 4409 366 4463 in
427 4405 747 4480 perniciem
807 4399 1033 4456 deliciis
1083 4401 1306 4469 captos,
1357 4399 1423 4450 ut
1472 4393 1607 4459 illae,
1661 4391 1958 4460 trahebas,

307 4496 410 4552 sed
468 4497 767 4566 voluptate
819 4507 886 4546 ac
934 4486 1322 4543 admiratione
1361 4483 1565 4557 plenos
1598 4481 1959 4548 dimittebas,

2119 2339 2246 2394 ,Σοὶ
2279 2341 2374 2414 μὲν
2419 2341 2508 2397 οὖν
2559 2345 2712 2414 Θεὸς,
2750 2342 2994 2420 βασιλεῦ,
3031 2345 3231 2400 ἄνωθέν
3286 2365 3344 2400 σε
3387 2349 3485 2400 τοῦ
3535 2344 3740 2400 οἷκείου

2075 2423 2210 2482 λαοῦ
2240 2430 2583 2505 γραψάμενος
2631 2431 2894 2510 ἄρχοντα,
2928 2435 3101 2490 πάντα
3145 2429 3424 2510 πρέποντα
3465 2437 3535 2508 τῇ
3587 2435 3737 2512 ἀρχῇ

2074 2514 2384 2592 ἐχαρίσατο,
2415 2520 2482 2574 τὰ
2535 2519 2594 2575 ἐκ
2650 2527 2746 2576 τοῦ
2806 2523 3080 2595 σώματος,
3129 2522 3197 2578 τὰ
3251 2521 3311 2577 ἐκ
3365 2525 3466 2592 τῆς
3523 2526 3734 2599 ψυχῆς,

2070 2605 2138 2658 τὰ
2195 2605 2254 2660 ἐκ
2303 2611 2408 2662 τῶν
2461 2605 2669 2682 ἔξωθεν,
2700 2610 2776 2673 ὡς
2808 2607 3026 2673 οὐδενὸς
3085 2610 3136 2666 ἐν
3197 2609 3376 2667 οὐδενὶ
3433 2610 3734 2685 λείπεσθαι,

2077 2691 2313 2798 μάλιστα
2364 2695 2422 2751 δὲ
2467 2697 2555 2752 καὶ
2605 2700 2753 2753 κάτω
2819 2698 3023 2754 τιθέναι
3081 2701 3288 2764 πάντας
3335 2701 3454 2756 καθ’
3504 2699 3604 2756 ὅσα
3647 2723 3734 2764 τις

2073 2779 2188 2857 ἔχει
2254 2783 2760 2858 φιλοτιμήσασθαι·
2817 2788 2943 2843 ὥστ’
3004 2789 3128 2862 ἐμοὶ
3189 2786 3365 2844 δοκεῖν
3419 2791 3511 2844 καὶ
3568 2789 3734 2859 αὐτὴν

2073 2870 2159 2925 ὲπί
2191 2873 2274 2927 σοὶ
2305 2876 2404 2943 τήν
2452 2878 2640 2946 κοινήν
2690 2880 2850 2952 ἡμῶν
2896 2878 3050 2957 φύσιν
3094 2880 3393 2953 κομπάζειν
3448 2875 3616 2955 ἔχειν,
3651 2879 3733 2942 οἷς

2069 2966 2317 3025 τοιοῦτος
2383 2965 2474 3019 καὶ
2548 2968 2681 3040 μετά
2743 2967 3019 3023 τοσούτων
3079 2969 3170 3022 καὶ
3226 2967 3572 3039 τηλικούτων
3625 2973 3732 3024 τῶν

2071 3051 2426 3127 χαρισμάτων
2476 3053 2738 3131 ἐξέθορες.
2779 3056 2876 3111 Καὶ
2926 3059 3030 3132 γὰρ
3085 3056 3202 3134 ὥρᾳ
3252 3057 3346 3130 μὲν
3399 3056 3589 3112 αὐτίκα
3643 3057 3733 3112 καὶ

2069 3137 2265 3194 κάλλει
2297 3139 2538 3220 διέφερες
2570 3145 2824 3217 σώματος
2852 3147 2986 3220 (14),
3019 3145 3110 3201 καὶ
3172 3145 3320 3208 ὅστις
3377 3147 3514 3201 κατά
3567 3151 3736 3201 ταῦτα

2072 3224 2318 3330 δεύτερος
2373 3233 2506 3304 μετὰ
2562 3233 2619 3287 σὲ
2671 3237 2779 3288 τῶν
2840 3233 3027 3290 ἄλλων
3083 3236 3199 3290 καθ’
3242 3230 3552 3311 ὑπερϐολὴν
3609 3256 3736 3311 κρα-

2069 3337 2175 3422 τῶν
2246 3317 2552 3392 ἐνομίζετο·
2611 3327 2871 3399 παρεῖχες
2958 3323 3140 3397 μελῶν
3201 3322 3535 3400 συμμετρίαν
3595 3324 3732 3399 πρὸς

2077 3405 2088 3422 .
2147 3404 2165 3422 κ
2227 3405 2244 3422 κ
2421 3409 2433 3422 .
2551 3410 2564 3422 ι
2684 3413 2694 3422 .
2981 3417 3008 3422 _
3249 3413 3262 3422 .
3353 3417 3380 3422 μ
3517 3413 3529 3422 .
3641 3412 3651 3422 .

2072 3404 2314 3479 ἄλληλα,
2346 3409 2436 3463 καὶ
2468 3410 2604 3484 πρὸς
2637 3413 2886 3467 σύστασιν
2913 3417 3012 3467 τοῦ
3046 3411 3180 3468 ὅλου
3213 3413 3422 3492 εὐφυῶς
3475 3413 3542 3468 τὰ
3591 3412 3729 3490 μέρη

2073 3495 2414 3572 συνέτρεχον,
2465 3499 2692 3575 ἒτήρουν
2735 3498 2779 3554 δ’
2829 3500 2879 3556 ἐν
2928 3500 3205 3572 ἀλλήλοις
3259 3502 3485 3578 ἀρίστην
3532 3501 3728 3558 ἀναλο-

2070 3583 2212 3658 γίαν,
2243 3586 2334 3639 καὶ
2364 3587 2462 3655 τὴν
2495 3587 2759 3663 ἁρμονίαν
2815 3590 2890 3652 ὡς
2941 3588 3210 3646 κάλλιστα
3257 3586 3457 3660 ἔσωζον
3486 3632 3500 3645 .
3555 3590 3730 3664 ἀσύμ-

2074 3694 2268 3749 μετρον
2299 3671 2357 3729 δέ
2382 3697 2435 3730 τι
2465 3676 2500 3745 ἢ
2533 3678 2621 3730 καὶ
2670 3675 3008 3752 ἀνάρμοστον
3058 3679 3125 3748 ἦν
3172 3677 3321 3742 ὅλως
3379 3680 3507 3756 ὁρᾷν
3568 3677 3728 3736 οὐδαο

2075 3767 2203 3835 μοῦ,
2237 3761 2327 3817 διὰ
2367 3771 2468 3834 τῆς
2517 3761 2640 3835 ἴσης
2687 3765 3002 3843 ἀναλογίας,
3031 3775 3133 3836 τῆς
3177 3767 3228 3842 ἐξ
3279 3769 3481 3844 ἀρχῆς,
3542 3767 3725 3824 κινού-

2072 3871 2170 3922 σης
2203 3852 2286 3907 ἀεί
2317 3874 2374 3907 σε
2406 3861 2507 3924 τῆς
2539 3855 2772 3932 φύσεως,
2804 3855 2894 3911 xal
2922 3862 3178 3933 κρεῖττογ
3208 3857 3243 3926 ἢ
3276 3864 3395 3922 καθ’
3441 3857 3722 3913 ὁντιναοῦν

2075 3949 2342 4014 μουσικῆς
2399 3942 2758 4017 ἐπιστήμονα.
2820 3947 3090 4010 Ἐντεῦθεν
3148 3946 3330 4002 τοίνυν
3401 3945 3492 4000 καὶ
3569 3945 3728 4022 ἰσχὺς

2071 4029 2432 4101 ἐπηκολούθει
2461 4037 2541 4106 τῷ
2569 4031 2763 4089 κάλλει
2814 4034 2904 4089 καὶ
2967 4034 3129 4111 ῥώμη
3179 4040 3260 4108 τῷ
3319 4035 3585 4111 εὐρυθμίᾳ
3629 4039 3729 4092 τοῦ

2070 4119 2347 4193 σώματος.
2406 4121 2506 4177 Καί
2564 4123 2672 4178 πού
2725 4144 2808 4186 τις
2864 4125 3010 4200 τάχα
3055 4129 3163 4180 τῶν
3222 4123 3530 4197 θεωμένων,
3590 4123 3728 4180 κατὰ

2074 4208 2340 4265 Πλάτωνα
2370 4211 2564 4288 λέγων,
2597 4213 2743 4269 εἶπεν
2786 4210 2846 4268 ἄν
2897 4235 2954 4268 σε
3001 4211 3246 4277 κάλλους
3297 4211 3440 4269 ἰδέαν
3490 4213 3581 4270 xal
3630 4214 3730 4269 πά-

2069 4319 2171 4368 σης
2196 4299 2500 4375 ἀρχέτυπον
2534 4301 2897 4378 ὡραιότητοςο
2933 4299 3003 4356 δι’
3047 4303 3076 4358 ὃ
3125 4302 3215 4358 καὶ
3275 4303 3550 4376 θεώμενος
3603 4302 3732 4359 ἀκό-

2073 4408 2256 4464 ρεστον
2316 4390 2560 4466 ὑπῆρχες
2608 4385 2764 4465 ὄψεσι
2809 4398 3026 4466 χρῆμα,
3072 4391 3162 4447 καὶ
3211 4397 3317 4454 πᾶς
3370 4413 3454 4453 τις
3512 4390 3732 4467 βλέπων

2071 4477 2146 4541 εἷς
2180 4478 2238 4532 σε
2282 4477 2409 4542 τοὺς
2464 4477 2783 4558 ὀφθαλμοὺς
2835 4480 3152 4557 μεταφέρειν
3202 4480 3303 4536 οὐκ
3351 4478 3580 4551 ἤθελεν·
3629 4478 3734 4557 ἤρ-

307 4586 460 4641 Dum
493 4585 565 4639 de
620 4580 836 4638 futuris
889 4573 1292 4642 meditabaris,
1342 4572 1515 4628 multi
1572 4571 1680 4627 tibi
1740 4571 1962 4626 fatidici

2077 4588 2180 4630 κεις
2241 4567 2342 4644 γὰρ
2401 4567 2520 4623 ἀντὶ
2576 4569 2779 4632 παντὸς
2817 4567 3043 4640 ἡδίστου
3089 4569 3359 4642 θεάματος
3421 4569 3590 4644 μόνος
3643 4570 3738 4628 αύ-

307 4673 463 4730 clare
491 4672 754 4727 videntes
785 4668 1060 4724 astabant
1090 4663 1228 4736 quia
1258 4662 1434 4718 homo
1492 4661 1593 4733 qui
1655 4659 1957 4717 oculorum

308 4761 523 4818 mentis
544 4757 956 4832 lippitudinem
973 4752 1204 4824 abjecit,
1223 4768 1420 4807 rerum
1437 4751 1766 4806 futurarum
1790 4749 1959 4821 quasi

306 4850 683 4924 praesentium
729 4845 1010 4919 praesagio
1080 4842 1316 4896 fruitur.
1376 4840 1490 4895 Cur
1546 4844 1740 4894 antem
1799 4843 1961 4894 vates

308 4939 466 4995 solos
496 4937 602 4992 tibi
632 4953 761 4992 esse
799 4936 927 4989 dico
958 4931 1176 4988 mentis
1233 4929 1418 4985 oculis
1479 4928 1703 5000 puros?
1758 4932 1963 4983 Nonne

309 5027 627 5083 multitudo
649 5025 803 5080 clare
833 5023 1035 5078 videns
1069 5019 1338 5076 unanimi
1379 5023 1435 5073 te
1474 5022 1761 5073 concentu
1795 5017 1962 5089 hym-

309 5119 421 5182 nis,
447 5115 580 5171 licet
634 5113 836 5168 furtim
894 5110 1211 5175 celebrant,
1267 5126 1394 5180 quae
1429 5124 1535 5162 nos
1587 5123 1744 5161 nunc
1775 5106 1964 5162 oculis

310 5203 624 5261 videmus?
648 5203 839 5258 Forlia
868 5201 1024 5256 enim
1078 5198 1315 5271 ingenia
1369 5196 1758 5252 invisibilium
1818 5213 1963 5268 quo-

313 5312 426 5369 que
457 5310 656 5350 rerum
681 5291 972 5362 imagines
1004 5289 1075 5344 ad
1106 5289 1302 5344 vivum
1362 5288 1718 5360 exprimunt.
1749 5288 1966 5352 Quem-

534 5433 940 5520 ‘Lu‘cutionem
982 5430 1305 5520 Λθαυμάζειν
1351 5429 1676 5520 Ἶίστάμενοος
1737 5425 1966 5520 τᾶφωνος

315 5502 554 5565 adhibet
608 5504 924 5576 Gregorius
980 5503 1449 5576 Cyprius‘initio
1508 5502 1967 5576 marisiLauda-

312 5582 511 5638 tionis.
572 5569 859 5636 Homerus
919 5593 933 5634 :
992 5569 1184 5650 Ἡμεῖς
1245 5569 1291 5628 ’δ’
1372 5572 1617 5636 ἑσταότες
1697 5571 1969 5648 θαυμάζο-

318 5671 413 5734 μεν
421 5694 435 5711 ο

2066 4657 2183 4718 τὸς·
2214 4658 2621 4735 καθορώμενος.
2668 4659 2768 4713 Καὶ
2829 4665 3095 4734 Σειρῆνας
3177 4659 3272 4732 μὶν
3325 4659 3551 4729 ποιηταί
3607 4681 3735 4739 φασι

2069 4746 2197 4809 τοὺς
2243 4745 2381 4823 πρὸς
2441 4747 2540 4816 τὴν
2608 4745 2756 4820 ᾠδὴν
2806 4747 2981 4802 αὐτῶν
3041 4745 3327 4810 ἐπαΐοντας
3382 4747 3614 4826 ἀναρτᾷν
3675 4746 3737 4804 ἐκ

2071 4840 2178 4890 τῶν
2209 4833 2361 4890 ὤτων
2383 4858 2395 4870 ·
2431 4835 2493 4890 σὺ
2525 4833 2582 4890 δὲ
2613 4836 2674 4891 ού
2706 4838 2804 4906 τὴν
2857 4837 3027 4905 ἀκοὴν
3058 4835 3370 4912 έγοήτευες,
3405 4839 3480 4901 ὡς
3513 4838 3735 4910 ἐκεῖναι,

2073 4923 2218 4980 ἀλλὰ
2274 4927 2370 4988 τὰς
2429 4921 2580 5000 ὄψεις
2638 4925 2823 4998 αὐτὰς,
2868 4927 2968 4994 τήν
3030 4924 3428 5004 ἀσφαλεστέραν
3483 4925 3733 4997 αἶ’σθησιν

2075 5011 2310 5091 ἔθελγες,
2341 5015 2558 5088 μείζονα
2587 5012 2843 5070 δύνασθαι
2891 5015 3030 5089 πρὸς
3075 5016 3138 5070 τὸ
3189 5013 3403 5091 θέλγειν
3453 5019 3553 5085 τῆς
3601 5013 3736 5070 ἐκεί-

2073 5127 2179 5159 νων
2213 5101 2362 5176 ᾠδῆς
2389 5105 2488 5173 τήν
2521 5101 2800 5172 καλλονὴν
2859 5105 3120 5181 παρέχων
3162 5111 3259 5160 τοῦ
3309 5105 3592 5178 σώματος·
3639 5100 3732 5157 καὶ

2075 5194 2175 5249 οὐκ
2204 5192 2468 5256 ἀπώλλυς
2501 5189 2763 5266 οὕμενουν
2807 5193 2934 5256 τοὺς
2967 5193 3198 5257 ἀλόντας
3249 5194 3337 5250 ἐπὶ
3386 5191 3578 5253 τέλους
3630 5188 3735 5244 ὥσ-

2077 5303 2174 5360 περ
2235 5281 2451 5353 ἐκεῖναι,
2500 5284 2850 5360 παρέπεμπες
2898 5282 2955 5338 δὲ
3010 5285 3126 5357 μεθ’
3176 5283 3310 5353 ὅσης
3375 5283 3474 5349 τῆς
3531 5276 3732 5349 ἡδονῆς

2147 5428 2269 5514 (ᾼξιλ
2294 5427 2657 5514 Νἱτοειρὴοςυε
2687 5429 2855 5514 Greg.
2891 5447 2976 5499 ιιι,
3008 5429 3061 5514 4,
3098 5431 3149 5495 1,
3183 5429 3251 5514 de
3278 5425 3375 5514 illo
3423 5423 3729 5514 Mich‘aele'

2081 5495 2307 5578 Πολλὴν
2355 5495 2456 5578 έπῖ
2483 5503 2580 5578 τοῦ
2628 5495 2925 5578 προσώπου
2946 5495 3157 5578 ςφέρων
3200 5495 3523 5578 ἱλαρότητα.
3564 5497 3736 5557 Nice-

2079 5572 2330 5649 phorum
2361 5570 2681 5630 Phrantzes
2711 5570 3002 5631 describit
3026 5570 3309 5631 Chronici'
3327 5570 3516 5630 initio.
