4108 6442
300 391 424 452 357

1323 367 1728 448 LAUDATIO
1769 367 2189 444 MICHAELIS
2232 380 2722 446 PALEOLOGI.

3606 393 3732 458 358

295 520 391 577 xui
418 539 518 575 του
550 517 852 593 θαύματος.
900 514 1131 580 Μάντεις
1181 514 1247 588 δή
1289 537 1373 571 σοι
1420 518 1500 588 τῷ
1526 513 1650 570 τότε
1694 513 1819 590 περὶ
1853 515 1960 566 τῶν

2078 514 2394 570 admodum
2446 516 2602 572 enim
2655 517 2797 575 solis
2842 522 3106 577 nondum
3164 525 3275 579 orti
3332 527 3480 583 radii
3541 528 3726 587 solem

303 609 627 685 μελλόντων
676 605 884 665 πολλοὶ
944 611 966 680 <
1041 609 1081 682 ),
1141 602 1366 668 ὁπόσοις
1416 607 1443 660 ὁ
1492 600 1640 660 ἔνδον
1685 599 1969 682 ὀφθαλμὸς

301 698 662 777 ἐκαθαίρετο,
708 696 790 753 ὅτι
840 697 930 752 καὶ
985 697 1269 773 ἄνθρωπος
1315 696 1413 765 τήν
1462 695 1653 767 λήμην
1705 711 1968 768 περιῃρη-

305 789 468 864 μένος
498 793 609 844 τῶν
661 784 839 862 ὄψεων
883 793 984 856 τῆς
1032 791 1218 862 ψυχῆς
1262 785 1352 840 καὶ
1397 788 1504 840 τῶν
1558 779 1710 837 οὔπω
1746 779 1967 856 γεγονό-

298 901 408 936 των
461 879 540 941 ὡς
585 875 697 948 ἤδη
749 876 1029 954 παρόντων
1081 876 1410 940 αἰσθάνεται.
1465 873 1565 928 Καὶ
1614 872 1667 926 τί
1716 868 1782 938 δὴ
1825 868 1967 944 λέγω

304 968 441 1024 εἶναί
501 987 587 1022 σοι
651 965 869 1042 μάντεις
932 966 1132 1039 μόνους
1187 963 1315 1027 τοὺς
1371 961 1639 1039 καθαροὺς
1705 962 1804 1029 τήν
1850 956 1965 1013 διά-

304 1079 480 1130 νοιαν,
510 1055 648 1112 ὅπου
678 1057 769 1112 καὶ
816 1061 931 1118 τοῖς
979 1053 1216 1117 πολλοῖς
1266 1054 1401 1130 πρὸς
1432 1053 1490 1107 σε
1518 1051 1811 1124 θεωμένοις
1841 1049 1966 1102 καθ-

2081 603 2363 659 orientem
2415 609 2788 678 annuntiant,
2839 609 2922 666 ita
2967 617 3029 667 tu
3081 629 3334 687 quoque,
3387 617 3724 693 imperator,

2081 693 2246 764 regni
2302 695 2567 766 symbola
2632 696 2962 755 clarissima
3027 704 3536 776 prosigniﬁcabas,
3597 713 3726 780 ejus

2079 783 2233 852 quod
2284 782 2550 839 futurum
2609 791 2782 851 esset,
2835 793 3036 861 typum
3085 795 3550 864 praenuntiando.
3606 799 3722 871 Sic,

2079 870 2416 944 imperator,
2459 873 2594 929 inde
2641 892 2675 929 a
2721 893 2901 947 puero
2951 879 3008 934 in
3061 882 3446 941 admiratione
3494 870 3725 957 positus

2077 975 2228 1030 eras,
2262 965 2319 1015 et
2370 962 2560 1034 quivis
2617 969 2673 1019 te
2731 967 2952 1040 audire,
3007 973 3063 1025 te
3120 972 3398 1030 admirari
3456 975 3516 1032 in
3573 979 3724 1035 votis

2076 1047 2348 1106 habebat.

313 1147 494 1202 ίστατο
547 1144 710 1216 δῆλα,
769 1146 859 1201 καὶ
915 1145 1110 1207 πάντες
1163 1140 1402 1217 ἔψαλλον
1469 1142 1582 1216 μὲν,
1645 1139 1748 1194 ὑπὸ
1793 1136 1919 1198 τοὺς
1980 1132 2202 1198 ὀδόντας
2251 1134 2298 1190 δ’
2349 1138 2438 1191 οὖν
2489 1137 2661 1211 ὅμως,
2717 1139 2851 1219 ἅπερ
2907 1145 3020 1200 νυνὶ
3071 1149 3187 1212 τοῖς
3238 1150 3546 1229 ὀφθαλμοῖς
3575 1156 3723 1232 ὁρῶ-

319 1255 416 1310 μεν
473 1239 629 1310 ἡμεῖς
668 1237 767 1305 ;αἰ
829 1235 933 1312 γὰρ
995 1232 1229 1310 μεγάλαι
1292 1231 1476 1311 φύσεις
1536 1229 1774 1305 ἐναργεῖς
1805 1226 1895 1281 καὶ
1951 1229 2058 1280 τῶν
2119 1226 2332 1303 ἀφανῶν
2379 1228 2475 1290 τὰς
2534 1229 2771 1294 εἰκασίας
2826 1235 3149 1312 παρέχουσι·
3195 1226 3292 1295 xui
3331 1242 3511 1320 ὥσπερ
3542 1226 3723 1300 αἰτοῦ

314 1332 594 1404 φωπῆρος
653 1310 913 1397 ἀκτῖνες,
949 1325 1118 1398 μήπω
1173 1321 1263 1377 καὶ
1308 1310 1492 1377 ταῦτα
1560 1320 1652 1374 τὸν
1734 1316 1982 1392 ὁρίζοντα
2061 1310 2411 1391 ὑπερϐάντος,
2485 1325 2600 1373 κατ’
2673 1321 2904 1398 οὐρανοῦ
2980 1325 3374 1403 ἐξαπλούμεναι
3455 1335 3724 1406 μηνύουσι

307 1403 405 1484 -ξὴν
450 1413 723 1484 ἀνατολὴν
753 1460 769 1486 ,
825 1414 916 1468 τὸν
980 1412 1137 1468 αὐτὸν
1198 1409 1336 1482 δῆτα
1389 1408 1590 1486 τρόπον
1649 1406 1739 1462 καὶ
1798 1405 1981 1473 αὐτὸς,
2045 1403 2306 1480 βασιλεῦ,
2373 1406 2520 1479 μάλα
2576 1409 2766 1486 ἐναργῆ
2818 1413 2886 1467 τὰ
2937 1411 3191 1487 σύμϐολα
3235 1417 3563 1500 προῦφαινες
3619 1431 3722 1495 τῆς

305 1505 486 1580 ἀρχῆς
523 1547 538 1568 ,
576 1503 669 1558 καὶ
698 1503 1144 1579 προχαράγματα
1195 1504 1302 1556 τῶν
1368 1497 1680 1574 μελλόντων
1737 1494 1844 1570 πρὸ
1899 1497 1997 1548 τοῦ
2052 1498 2242 1568 καιροῦ
2298 1496 2728 1575 καθυπέφαινες.
2787 1501 2978 1573 Οὕτω,
3045 1494 3303 1581 βασιλεῦ’,
3365 1494 3509 1584 ἄξιον
3565 1512 3720 1576 εὐθὺς

302 1591 366 1648 ἐκ
409 1589 623 1648 παιδων
673 1593 763 1649 καὶ
814 1593 984 1662 ἀκοῆς
1026 1591 1117 1647 καὶ
1166 1589 1334 1666 λόγου
1389 1588 1480 1644 καὶ
1534 1586 1808 1660 θαύματος
1867 1584 2113 1660 ὑπῆρχες
2146 1580 2418 1659 διήγημα,
2448 1584 2764 1662 λεγόμενος,
2814 1591 3165 1670 ἀκουόμενος,
3229 1580 3345 1671 μετ’
3402 1580 3717 1673 έκπλήξεως

303 1676 554 1756 θαυμαζό
564 1703 747 1756 μενος.

374 1773 468 1841 Μὴ
502 1771 674 1842 ξένοις
729 1769 786 1826 δὲ
828 1767 1254 1848 παραδείγμασι,
1304 1767 1697 1846 γνησιωτάτοις
1756 1761 1815 1819 δὶ
1860 1763 1962 1854 μά-

2140 1763 2266 1819 Non
2298 1764 2504 1823 alienis
2537 1773 2732 1826 autem
2763 1775 3013 1847 exmplie
3044 1794 3210 1850 usus,
3243 1782 3343 1837 sed
3393 1788 3634 1854 paterna
3663 1790 3722 1840 et

301 1859 468 1916 λιστα
517 1864 716 1916 σαυτοῦ
760 1857 851 1916 καὶ
888 1865 1005 1922 τοῖς
1055 1859 1115 1914 ἐκ
1163 1856 1410 1934 πατέρων
1460 1855 1806 1923 ἀκολουθῶν,
1857 1849 1964 1907 ἐδι-

303 1947 510 2006 δάσκου
537 1949 634 2013 τὰς
671 1950 765 2024 μὲν
813 1955 1007 2026 ’χεῖρας
1059 1949 1134 2010 εἷς
1172 1946 1444 2021 πόλεμον,
1491 1944 1616 2006 τοὺς
1664 1939 1966 2003 δακτύλους

302 2037 383 2113 δὲ,
445 2039 582 2095 κατά
635 2038 728 2094 τὸν
788 2043 929 2103 θεῖον
991 2039 1150 2116 φάναι
1209 2034 1374 2092 Δαυΐδ
1409 2081 1423 2107 ,
1487 2035 1565 2097 εἷς
1623 2031 1914 2109 παράταξιν
1949 2074 1963 2100 ,

303 2126 512 2184 ἀσπίδα
538 2127 835 2207 κουφίζων,
881 2126 971 2182 καὶ
1022 2122 1152 2203 δόρυ
1201 2122 1527 2202 κραδαίνων,
1574 2122 1663 2178 καὶ
1693 2121 1822 2192 τόξα
1875 2118 1966 2175 καί

305 2216 447 2294 βέλη
481 2217 571 2274 καὶ
603 2217 752 2297 ξίφη,
804 2218 880 2280 ὡς
929 2216 1049 2286 ἐνῆν
1080 2213 1390 2286 δεξιώτατα,
1427 2211 1965 2289 μεταχειριζόμενος’

298 2308 363 2377 ἢ,
400 2305 615 2380 μᾶλλον
677 2305 865 2378 εἰπεῖν,
926 2302 1033 2360 ἔδει
1086 2326 1172 2360 σοι
1228 2305 1363 2379 πρὸς
1406 2307 1576 2358 ταῦτα
1612 2299 1962 2362 διδασκαλίας

301 2394 484 2469 οῦδὲν,
536 2393 782 2468 οἷ’κοθεν,
820 2395 911 2451 καὶ
959 2400 1202 2472 κρεῖττον
1249 2391 1391 2470 ἤπερ
1441 2390 1581 2448 ἐστὶν
1633 2390 1823 2460 εἰπεῖν,
1873 2410 1965 2444 κα-

298 2490 588 2563 τορθοῦντι
643 2485 712 2540 τά
765 2484 958 2559 πάντα,
1015 2484 1128 2554 xui,
1195 2482 1409 2560 μεγέθει
1459 2482 1668 2561 φύσεως
1712 2527 1726 2553 ,
1784 2475 1965 2535 πόνων

301 2575 431 2652 ἄτερ
481 2573 840 2650 ἐργαζομένῳ
888 2572 920 2629 ἂ
967 2578 1085 2636 τοῖς
1129 2578 1290 2627 πᾶσιν
1336 2571 1532 2634 ἅπλῶς
1581 2572 1964 2648 κατορθοῦνται

301 2663 498 2741 χρόνῳ
525 2660 726 2718 πολλῶ
751 2661 843 2717 καὶ
876 2661 1101 2732 ἀσκήσει
1129 2665 1198 2735 τῇ
1236 2661 1465 2734 μείζονι.

377 2753 617 2826 ’Δρετῶν
665 2747 724 2805 δὲ
770 2749 846 2813 ὡς
879 2750 1024 2827 εἶχες
1073 2749 1164 2805 καὶ
1197 2751 1624 2826 παραστήματος
1662 2751 1848 2822 ψυχῆς
1875 2745 1965 2801 καὶ

300 2841 516 2918 παγίων
596 2840 745 2910 ἠθῶν
815 2839 906 2895 καὶ
983 2844 1190 2918 φρενῶν
1255 2833 1547 2908 έπηϐόλων
1583 2881 1597 2906 ,
1654 2836 1743 2891 καὶ
1799 2840 1968 2890 ταῦτα

307 2933 483 3005 μήπω
534 2927 910 3006 παραγγείλας
957 2929 1050 2984 τὸν
1105 2927 1354 3004 μείρακα,
1406 2925 1530 2983 ἀλλ’
1585 2925 1636 2982 έν
1694 2925 1967 3001 ὑγροτέρῳ

301 3025 383 3093 τῷ
442 3019 681 3092 σώματι,
740 3021 860 3080 πῶς
919 3015 980 3072 ἅν
1036 3037 1122 3079 τις
1182 3017 1346 3071 εἰπὼν
1407 3015 1602 3078 ἱκανῶς
1648 3014 1844 3070 ἐσεῖται
1891 3013 1966 3068 εἷ-

2077 1853 2313 1924 propria
2369 1861 2630 1930 secutus,
2680 1878 2891 1919 manus
2939 1868 3072 1922 tuas
3121 1869 3193 1923 ad
3240 1853 3530 1941 praelium.
3570 1874 3723 1946 digi-

2076 1945 2188 2009 tos,
2230 1947 2555 2003 secundum
2589 1951 2824 2007 Davidis
2874 1953 3137 2012 divinum
3187 1974 3442 2028 carmen,
3477 1963 3549 2017 ad
3596 1945 3724 2019 bel-

2077 2028 2201 2085 lum
2234 2031 2519 2101 formasti,
2553 2036 2820 2111 clypeum
2850 2042 3126 2113 tollendo,
3160 2046 3390 2104 hastam
3416 2049 3722 2122 vibrando,

2076 2135 2300 2189 arcum,
2333 2124 2603 2198 sagittas,
2655 2145 2856 2185 ensem
2911 2132 3156 2190 solerter
3203 2140 3544 2209 tractando;
3596 2146 3720 2212 aut,

2075 2213 2140 2262 ut
2167 2209 2360 2266 verius
2409 2213 2621 2285 dicam,
2657 2221 2936 2292 magistro
2989 2224 3060 2278 ad
3120 2225 3400 2284 discenda
3451 2244 3519 2286 ea
3575 2209 3724 2304 opus

2075 2313 2190 2353 non
2226 2299 2520 2372 habebas;
2556 2305 2769 2364 melius
2801 2312 2958 2366 enim
2990 2328 3168 2383 quam
3203 2317 3337 2388 quis
3385 2319 3718 2389 crediderit,

2074 2390 2137 2442 tu
2178 2389 2376 2447 omnia
2420 2391 2570 2449 felici
2619 2394 2816 2453 indole
2863 2404 2921 2455 et
2968 2401 3130 2458 nullo
3181 2407 3393 2463 sudore
3425 2410 3722 2483 peregisti,

2077 2492 2202 2548 qua:
2233 2480 2456 2536 caeteris
2486 2481 2674 2539 multo
2705 2484 2902 2543 labore
2950 2505 3017 2544 ac
3061 2492 3274 2549 sudore
3321 2497 3533 2568 majori
3569 2480 3724 2554 wcon-

2080 2569 2259 2622 stant.

2146 2738 2448 2802 Quomodo
2471 2742 2604 2827 quis
2637 2761 2807 2816 porro
2838 2747 2981 2804 satis
3011 2749 3185 2823 digne
3232 2753 3498 2812 laudabit
3539 2759 3720 2816 animi

2075 2826 2160 2882 tui
2218 2826 2628 2903 constantiam,
2676 2851 2905 2891 morum
2965 2844 3022 2894 et
3079 2840 3298 2914 ingenii
3357 2845 3720 2920 ﬁrmitatem,

2077 2933 2204 2987 quae
2255 2919 2450 2975 omnia
2510 2920 2568 2976 in
2622 2927 2679 2978 te
2735 2942 2850 2980 non
2909 2928 3357 3001 adolescentem,
3391 2937 3492 2991 sed
3530 2919 3723 2995 virum

2079 3012 2376 3063 maturum
2409 3009 2792 3068 indicabant?
2822 3016 2901 3071 Te
2931 3017 2988 3071 in
3020 3017 3165 3090 ipsis
3199 3019 3397 3078 fasciis
3428 3025 3636 3098 pietas,
3668 3033 3727 3084 te

303 3112 424 3166 πών
461 3129 476 3179 ;
507 3103 771 3164 Εὐσέϐεια
814 3107 916 3183 γὰρ
976 3105 1036 3162 ὲκ
1091 3106 1410 3183 σπαργάνων
1469 3103 1660 3160 αὐτίκα
1707 3104 1770 3158 τὸ
1816 3102 1964 3177 πάμ-

2081 3095 2386 3153 haeredites
2415 3103 2472 3153 et
2501 3099 2818 3160 thesaurus
2850 3105 3260 3165 inamissibilis
3292 3095 3583 3184 majorum
3608 3095 3727 3173 am-

2085 3185 2166 3205 _-I_
2422 3193 2431 3205 ι
2550 3190 2566 3205 ⁴¹
2712 3192 2724 3204 ⁸
3148 3202 3156 3205 ’
3204 3204 3209 3205 ⁷
3439 3203 3446 3205 ’
3500 3203 3507 3205 “

312 3219 456 3274 μεγα
511 3204 712 3274 χρῆμα
757 3191 1152 3274 παραλαϐοῦσά
1205 3217 1282 3267 σε,
1343 3197 1371 3250 ὁ
1429 3193 1489 3249 ἐκ
1541 3193 1828 3271 προγόνων
1882 3214 1969 3248 σοι

309 3287 521 3363 κλῆρος
593 3286 684 3342 καὶ
760 3284 1111 3364 ἀναφαίρετος
1184 3285 1456 3359 θησαυρὸς
1507 3330 1521 3357 ,
1578 3283 1837 3359 κράτιστα
1900 3280 1968 3352 δὴ

308 3379 450 3455 πρὸς
480 3377 576 3438 τὰς
604 3376 723 3431 κατ’
751 3375 919 3445 αὐτὴν
971 3375 1163 3452 ἀρετὰς
1214 3373 1316 3428 ὑπὸ
1367 3373 1701 3448 καθηγεμόνι
1748 3377 1826 3445 τῷ
1873 3393 1972 3427 πα-

306 3466 399 3543 τρὶ
455 3461 790 3539 ἐξεπαίδευεν
827 3483 840 3498 °
903 3464 964 3537 ἢ,
1017 3458 1083 3520 τό
1133 3484 1194 3540 γε
1242 3462 1624 3536 ἀληθέστερον,
1673 3461 1826 3517 οὐδὲν
1865 3459 1973 3518 ἔδει

310 3577 399 3610 σοι
458 3550 584 3610 οὕτε
638 3557 736 3609 τοῦ
793 3552 1170 3629 ῥυθμίσοντος,
1232 3548 1356 3606 οὔτε
1408 3556 1505 3606 τοῦ
1549 3548 1970 3616 παιδεύσοντος·

311 3644 377 3700 οὗ
427 3643 532 3720 γὰρ
580 3645 715 3712 ἦσαν
761 3643 816 3697 αἱ
866 3641 1048 3717 ἀρεταὶ
1095 3641 1242 3716 παρά
1288 3639 1373 3695 σοὶ
1425 3637 1696 3710 διδακταὶ,
1744 3641 1838 3696 κᾶν
1887 3642 1969 3698 ὅτι

314 3733 558 3807 μάλιστα
615 3729 869 3794 διδακτὰς
928 3730 1092 3793 αὐτὰς
1152 3731 1202 3784 οἱ
1261 3728 1432 3784 πάλαι
1490 3728 1746 3794 ὑπέθεντο
1781 3749 1794 3762 ο
1846 3730 1972 3787 ἀλλ’

307 3822 495 3898 ὥσπερ
528 3819 740 3876 ὠδίνων
787 3819 984 3882 ταύτας
1030 3817 1080 3874 έν
1111 3822 1181 3892 τῇ
1227 3821 1402 3894 ψυχῇ,
1437 3817 1742 3889 ἁπαλότητι
1774 3816 1832 3875 δὲ
1862 3821 1970 3874 σώ-

309 3932 483 3986 ματος
549 3911 626 3984 μὴ
683 3905 827 3986 ἔχων
892 3908 1102 3985 ἀθρόως
1176 3906 1383 3970 ἁπάσας
1459 3913 1803 3984 προενεγκεῖν
1839 3957 1853 3983 ,
1916 3908 1967 3964 ἐν

303 3999 497 4076 χρόνῳ
528 3997 842 4054 δέοντι-καὶ
887 3995 1084 4068 ἡλικίᾳ
1130 3995 1429 4074 πρεπούσῃ,
1483 3996 1663 4074 ὥσπερ
1706 3999 1828 4053 τινὰ
1876 3998 1968 4053 τό-

294 4110 394 4144 κον
431 4088 626 4163 εὐγενῆ
659 4107 719 4142 τε
760 4087 850 4141 καὶ
899 4085 1134 4162 ὥριμον,
1187 4084 1262 4147 εἰς
1311 4089 1424 4162 φῶς
1473 4087 1609 4140 κατά
1661 4085 1783 4159 μίαν
1830 4107 1970 4164 προ-

293 4179 558 4253 ήνεγκας.
612 4175 712 4231 Καὶ
759 4179 952 4252 πρῶτα
1002 4175 1094 4248 μὲν
1147 4173 1213 4243 δὴ
1267 4174 1343 4236 ὡς
1391 4174 1478 4228 ἰπὶ
1505 4172 1735 4248 κρηπῖδι
1775 4180 1846 4250 τῇ
1878 4175 1965 4231 εἷ)-

292 4261 481 4338 σεῦείᾳ
534 4267 636 4335 τήν
693 4263 912 4341 ἀνδρίαν
974 4262 1240 4334 ἐπέθηκας
1276 4309 1290 4335 ,
1351 4263 1445 4318 εἶθ’
1503 4261 1627 4336 ἑξῆς
1704 4264 1967 4326 ἐπετίθεις

293 4357 397 4425 τῆν
447 4354 735 4433 φρόνησιν,
787 4352 1110 4430 σωφροσύνη
1163 4350 1221 4406 δὲ
1271 4350 1520 4430 ἐφείπετο
1567 4351 1822 4425 ταύταις,
1869 4353 1962 4430 ῥᾳ-

295 4443 435 4506 δίως
491 4443 583 4499 καὶ
643 4441 958 4517 δικαιοσύνῃ
1012 4443 1376 4519 προσέτρεχες
1413 4461 1426 4474 ·
1488 4442 1666 4518 σειρὰν
1724 4442 1784 4497 ἂν
1847 4443 1964 4498 εἶπέ

292 4555 380 4596 τις
441 4531 641 4596 ταύτας
702 4535 911 4608 χρυσῆν
934 4508 1028 4587 ’τε
1057 4508 1172 4586 ’καὶ
1219 4508 1372 4606 ¹ἰερὶάν
1429 4530 1517 4586 καὶ
1564 4538 1686 4594 τοῖς
1725 4530 1962 4596 πολλοῖς
1994 4508 2042 4574 D

298 4621 570 4680 ἄπλοκον.
600 4621 702 4676 Καὶ
734 4619 803 4692 δὴ
828 4621 973 4692 καλὴ
1027 4620 1122 4695 μὲν
1170 4619 1259 4676 καὶ
1307 4623 1343 4690 ἡ
1393 4627 1493 4691 τῆς
1543 4621 1778 4684 πίστεως
1826 4623 1962 4699 πρὸς

294 4714 365 4768 τὰ
397 4711 530 4788 ἔργα
585 4711 918 4782 συνέλευσις,
973 4710 1063 4766 καὶ
1123 4713 1158 4781 ἡ
1189 4715 1297 4766 τῶν
1355 4708 1530 4786 ἔργων
1576 4709 1641 4766 αὖ
1690 4713 1827 4788 πρὸς
1862 4713 1962 4783 τὴν

292 4802 483 4858 πίστιν
542 4799 830 4878 ἀνάκρασις
890 4800 980 4855 καὶ
1035 4799 1315 4877 ἀνάχυσις,
1377 4800 1452 4863 ὡς
1505 4797 1628 4854 οὕτε
1673 4808 1775 4870 τῆς
1823 4801 1965 4856 εὗσε-

290 4886 454 4953 ϐείας
501 4889 833 4968 ὠφελούσης
880 4887 1072 4963 μηδὲν,
1126 4889 1171 4943 εἰ
1225 4891 1299 4963 μὴ
1352 4887 1731 4960 καταλλήλοις
1784 4895 1963 4959 ζωπυ-

2083 3185 2308 3258 plexus,
2343 3193 2504 3260 patre
2533 3190 2679 3248 duce
2709 3192 2769 3249 in
2819 3211 3054 3253 omnem
3103 3202 3382 3257 virtutem
3433 3203 3723 3277 initiavit;

2081 3280 2199 3338 aut,
2236 3282 2301 3332 ut
2328 3278 2520 3335 verius
2550 3281 2741 3337 dicam
2779 3299 2792 3339 :
2826 3301 2940 3340 non
2975 3286 3301 3361 directoris,
3335 3309 3450 3347 non
3489 3293 3724 3352 institu-

2079 3367 2224 3423 toris
2272 3384 2420 3439 opus
2471 3368 2748 3428 habebas.
2781 3373 3037 3431 Virtutes
3086 3378 3244 3433 enim
3292 3383 3448 3453 apud
3501 3387 3557 3439 te
3605 3402 3721 3443 non

2081 3457 2345 3514 doctrina
2375 3463 2562 3525 erant,
2595 3461 2704 3516 etsi
2754 3465 3007 3533 majores
3053 3469 3238 3523 nostri
3286 3486 3387 3526 eas
3434 3472 3726 3532 docendas

2081 3548 2509 3620 discendasque
2540 3552 2957 3623 autumabant;
2982 3553 3101 3611 imo
3133 3573 3231 3613 eas
3253 3558 3312 3614 in
3337 3561 3533 3619 animo
3557 3565 3729 3636 quasi

2080 3638 2433 3710 parturiens,
2465 3643 2726 3712 tempore
2757 3647 2815 3697 et
2844 3648 3009 3700 aetate
3039 3648 3381 3718 opportunis
3411 3657 3728 3724 utpartum

2081 3743 2428 3800 generosum
2463 3733 2520 3784 et
2551 3735 2848 3787 maturum
2873 3734 3137 3806 singulas
3161 3736 3220 3792 in
3253 3738 3444 3796 lucem
3465 3743 3726 3801 edidisti.

2081 3817 2284 3873 Pietati
2356 3821 2556 3890 utpote
2615 3821 2994 3878 fundamento
3053 3825 3453 3884 fortitudinem
3513 3849 3726 3905 super-

2079 3907 2438 3980 imposuisti,
2498 3907 2628 3964 dein
2691 3911 3061 3981 prudentiam
3122 3933 3254 3971 cum
3315 3921 3604 3978 modestia
3660 3939 3727 3980 ac

2070 3996 2308 4068 justitia
2363 4013 2481 4068 qua
2537 3997 2877 4054 excellebas.
2929 4001 3205 4058 Catenam
3267 4007 3401 4076 quis
3460 4025 3730 4080 auream,

2079 4102 2306 4142 sacram
2339 4086 2474 4157 quis
2501 4087 2732 4142 dixerit.
2763 4089 2834 4143 Et
2877 4091 3130 4161 profecto
3179 4092 3424 4165 pulchra
3471 4103 3560 4154 est
3589 4099 3728 4157 ﬁdei

2077 4191 2212 4230 cum
2262 4176 2537 4247 operibus
2583 4178 2900 4232 connexio:
2936 4184 2994 4234 et
3039 4180 3255 4237 iterum
3305 4200 3550 4256 Operum
3589 4205 3725 4246 cum

2075 4263 2190 4319 ﬁde
2221 4265 2556 4335 conjunctio
2588 4271 2645 4322 et
2691 4267 2963 4334 societas,
2993 4269 3077 4324 ita
3133 4275 3198 4325 ut
3254 4272 3400 4328 nihil
3459 4277 3728 4347 proﬁciat

2075 4352 2261 4425 pietas
2312 4352 2427 4408 nisi
2471 4355 2744 4427 congruis
2793 4356 3115 4413 vivificetur
3162 4360 3458 4431 operibus,
3488 4368 3545 4419 et
3581 4365 3724 4422 item

2077 4459 2255 4515 opera
2281 4444 2537 4511 {mortua
2591 4445 2731 4513 sint,
2798 4445 2915 4502 nisi
2975 4447 3326 4505 rectitudine
3378 4452 3725 4524 dogmatum

2075 4534 2536 4603 conﬁrmentur;
2586 4552 2692 4591 nec
2742 4536 2899 4592 enim
2949 4542 3160 4610 potest,
3193 4557 3312 4594 non
3361 4545 3552 4612 potest
3598 4542 3726 4600 sine

2075 4623 2309 4695 pietate,
2341 4623 2528 4680 virtus
2559 4640 2688 4680 esse
2717 4630 2776 4681 et
2805 4626 3098 4682 nominari
3131 4645 3146 4686 :
3196 4646 3313 4685 non
3361 4631 3561 4687 minus
3589 4631 3723 4704 pul-

2075 4711 2217 4767 chra
2273 4717 2363 4767 est
2413 4712 2695 4770 virtutum
2757 4732 2892 4770 cum
2949 4715 3248 4773 alterutris
3300 4725 3616 4776 concentus
3666 4725 3726 4777 et

2075 4799 2362 4872 cognatio.
2422 4803 2764 4858 Consociata
2821 4807 2911 4858 est
2964 4805 3120 4859 enim
3181 4822 3317 4862 cum
3377 4808 3724 4865 strenuitate

2075 4891 2403 4960 prudentia,
2438 4892 2691 4957 frenum,
2745 4897 2810 4947 ut
2864 4893 2948 4948 ita
3004 4893 3218 4964 dicam,
3276 4899 3331 4950 et
3387 4896 3720 4969 disciplina,

2073 4995 2201 5050 qua?
2234 4979 2476 5035 solerter
2504 4981 2754 5036 nimium
2786 4987 3054 5037 coercent
3082 4983 3392 5055 impetum.
3411 4986 3722 5057 Sapientiae

289 4985 455 5059 ροῖτο
482 4985 603 5043 τοῖς
636 4976 838 5056 ἔργοις,
883 4979 973 5034 καὶ
1007 4983 1111 5033 τῶν
1162 4979 1403 5052 πράξεων
1455 4975 1519 5032 αὗ
1563 4978 1959 5055 νεκρουμένων,

286 5069 351 5124 ἂν
391 5069 474 5143 μή
505 5071 577 5143 τῇ
628 5067 885 5144 ὀρθότητι
932 5072 1038 5123 τῶν
1091 5065 1381 5142 δογμάτων
1431 5067 1790 5138 στηρίζοιντο*
1833 5065 1964 5122 οὐδὲ

280 5161 389 5236 γὰρ
425 5156 596 5231 ἔστιν,
629 5157 730 5213 οὐκ
777 5153 941 5230 ἔστιν,
993 5156 1078 5212 ὅτι
1129 5159 1204 5230 μή
1262 5157 1376 5230 μετ’
1426 5153 1720 5231 εὐσεϐείας,
1764 5159 1958 5234 ἀρετὴν

276 5247 376 5302 xui
407 5246 552 5303 εἶναι
598 5247 689 5301 καὶ
744 5246 1100 5320 ὀνομάζεσθαι
1134 5266 1148 5279 ο
1196 5245 1304 5321 οὐχ
1352 5245 1549 5315 ἥκιστα
1597 5243 1655 5300 δὲ
1696 5245 1841 5316 καλὴ
1871 5245 1962 5302 xui

275 5339 314 5408 ἡ
348 5341 464 5392 τῶν
515 5337 723 5412 ἀρετῶν
772 5336 912 5412 πρὸς
962 5333 1220 5406 ἀλλήλας
1274 5333 1553 5410 συνδρομή
1605 5355 1664 5389 τε
1710 5336 1802 5390 καὶ
1834 5337 1958 5391 σύν-

278 5437 460 5491 θεσις.
500 5425 874 5500 Ἐπεμέμικτο
921 5425 1023 5502 γὰρ
1070 5428 1140 5499 τῇ
1186 5421 1382 5500 ἀνδρίᾳ
1429 5426 1464 5493 ἡ
1519 5423 1810 5502 φρόνησις,
1855 5445 1959 5502 χαι-

2071 5085 2205 5124 vero
2219 5069 2494 5124 decorum
2510 5075 2921 5126 ornamentum
2938 5072 3200 5128 insecuta
3217 5078 3305 5129 est
3322 5075 3718 5146 prudentiam,

2071 5157 2230 5214 illius
2278 5159 2656 5230 potissimum
2705 5176 2922 5216 corona
2971 5166 3028 5216 et
3073 5164 3523 5220 consummatio.
3568 5167 3720 5231 Quo-

2072 5248 2246 5303 modo
2296 5248 2454 5303 enim
2505 5249 2640 5319 quis
2693 5259 2951 5306 mentem
2981 5255 3083 5305 aut
3115 5251 3478 5308 intellectum
3507 5253 3724 5310 habere

2072 5337 2385 5407 videbitur,
2429 5338 2716 5408 sapientia
2764 5355 2881 5394 non
2927 5340 3291 5396 exornatus?
3346 5345 3420 5396 At
3473 5341 3532 5396 in
3592 5342 3724 5398 istis

2069 5427 2486 5501 perfectionem
2536 5426 2650 5482 nisi
2698 5427 2904 5484 adesse
2949 5429 3263 5500 videretur,
3316 5447 3432 5486 non
3489 5448 3724 5488 morum

355 5625 481 5712 (15)
510 5623 785 5684 Meminit
812 5625 1179 5701 Nicephorus
1207 5626 1446 5700 Gregor.
1477 5642 1563 5697 ιιι,
1597 5626 1650 5695 4,
1680 5626 1737 5701 4,
1767 5628 1876 5681 τῶν
1907 5645 1965 5703 πε

2078 5623 2371 5698 ιληθέντων
2420 5624 2546 5704 περὶ
2599 5623 2764 5681 αὐτοῦ
2804 5621 2898 5681 εἴτ’
2929 5625 2981 5700 ἐξ
3031 5627 3253 5704 ὀνείρων
3302 5627 3392 5685 καὶ
3430 5625 3717 5702 κληδόνων

275 5715 482 5758 τινων.
