4108 6434
341 355 457 416 359
1370 342 1691 409 GEORGII
1735 339 2000 406 CYPRII
2045 341 2164 402 GP.
2209 339 2743 425 PATRIARCHIE
3639 344 3762 405 360

339 485 631 544 rectitudo
661 482 973 540 comitetur
1001 483 1058 536 et
1085 479 1482 551 subsequatur
1503 477 1757 549 justitia.
1781 480 1989 530 Acces-

2107 469 2278 542 λινὸς,
2311 472 2386 534 ὡς
2415 469 2476 525 ἄν
2506 471 2649 526 εἴποι
2684 492 2790 544 τις,
2839 471 2930 527 καὶ
2981 469 3347 548 παιδαγωγια,
3397 467 3587 542 δεξιῶς
3626 472 3758 549 ἄγαν

346 577 425 633 sit
453 592 589 647 ergo
621 589 750 629 meo
781 571 904 644 regi
928 569 1182 641 justitia,
1217 586 1334 641 qua
1367 567 1730 640 compleatur
1771 565 1990 638 perfec-

2107 562 2159 617 τὸ
2186 561 2332 616 πολύ
2370 569 2470 630 τῆς
2517 563 2785 631 κινήσεως
2833 561 3221 639 ἀναγρούουσα·
3277 563 3342 616 τὸ
3401 558 3460 616 δὲ
3503 569 3604 632 τῆς
3649 583 3758 616 σω-

346 667 426 722 tio
456 670 513 721 et
542 667 739 736 pateat
768 660 1094 732 integritas.

2107 650 2378 728 φροσύνης
2409 651 2576 706 καλὸν
2626 649 2831 724 κόσμος
2879 654 2948 724 τῇ
2995 653 3252 729 φρονήσει
3305 651 3606 719 συνείπετο,
3657 649 3762 724 μά-

343 753 503 810 λιστα
559 748 616 805 δὲ
670 747 872 818 ταύτης
932 746 1338 824 ἐπισφράγισμα
1395 744 1484 800 καὶ
1532 745 1877 820 συντήρησις.
1929 743 2000 797 Ἥ
2043 746 2161 803 πῶς
2210 736 2268 794 ἄν
2302 760 2386 802 τις
2432 737 2488 795 εὖ
2517 739 2796 816 λογισμῶν
2843 739 2935 795 καὶ
2975 741 3238 803 συνέσεως
3270 738 3414 817 ἔχων
3447 742 3758 820 φανήσεται,

342 839 664 919 σωφροσύνῃ
699 839 772 911 μὴ
803 835 1200 910 σεμνυνόμενος
1235 855 1248 905 ;
1280 833 1439 890 Ἀλλ’
1472 833 1533 888 οὐ
1564 835 1669 907 μὴν
1699 830 1814 887 οὐδ’
1845 831 1895 886 ἐν
1927 829 2142 892 τούτοις
2175 829 2233 883 ἃν
2263 829 2396 884 εἶναι
2429 825 2575 900 δόξαι
2605 829 2670 884 τὸ
2692 829 2928 901 τέλειον,
2953 829 3012 884 ἃν
3041 831 3116 902 μή
3147 829 3237 885 καὶ
3260 825 3479 906 τρόπων
3530 828 3760 902 εὐθύτης

342 917 654 1006 συνομαρτῇ
685 925 929 996 καὶ’δίκη
965 925 1252 1003 ἐφέπηται.
1285 931 1469 996 Παρῆν
1492 927 1620 998 γοῦν
1657 921 1744 978 ἐπὶ
1775 927 1902 976 πᾶσι
1934 920 2023 975 καὶ
2056 917 2366 989 δικαιοσύνη
2397 919 2460 974 τὸ
2487 917 2696 975 τέλειον
2729 919 2983 994 ὁρίζουσα
3010 924 3092 992 τῷ
3124 919 3240 993 ἐμῷ
3276 918 3492 996 βασιλεῖ
3519 918 3610 974 καὶ
3655 919 3757 989 τὴν

343 1019 703 1098 ἀκεραιότητα
734 1017 1120 1093 ἐπιγράφουσα.

415 1113 485 1167 Et
513 1111 635 1166 haec
665 1109 904 1181 quidem
934 1125 969 1163 a
1006 1123 1186 1180 puero
1234 1121 1336 1178 per
1381 1109 1438 1160 te
1485 1105 1715 1176 incepta
1765 1102 1989 1157 indesi-

343 1204 550 1256 neuter
581 1203 753 1254 aucta
783 1201 1128 1264 remanent;
1163 1211 1318 1249 nunc
1364 1210 1498 1249 vero
1552 1193 1721 1248 nobis
1770 1193 1830 1247 in
1880 1190 1992 1245 ini-

340 1289 492 1344 tium
524 1286 963 1360 quodammodo
994 1299 1323 1340 sermonem
1357 1281 1768 1339 revocantibus
1817 1279 1992 1354 paulo

343 1377 520 1434 altius
549 1375 931 1448 repetendum
962 1378 1071 1429 est.

411 1466 679 1522 Habebas
711 1480 850 1535 ergo
882 1461 1158 1534 corporis,
1193 1459 1453 1516 habebas
1482 1463 1540 1516 et
1571 1459 1752 1516 animi
1801 1460 1990 1529 dotes,

341 1559 399 1610 et
455 1555 536 1610 ita
595 1557 660 1608 ut
721 1550 931 1608 melius
981 1550 1088 1605 tibi
1146 1549 1484 1622 contingere
1540 1565 1657 1604 non
1690 1548 1989 1621 potuerit:

333 1643 570 1716 juvenis
601 1647 659 1698 et
696 1641 817 1696 haec
869 1639 1214 1713 perficiebas
1263 1643 1320 1694 et
1366 1639 1628 1711 corporis
1678 1636 1996 1693 mollitiora

342 1747 586 1806 quaeque
616 1730 972 1804 repudiabas
1005 1745 1018 1786 :
1068 1745 1202 1784 cum
1232 1744 1366 1784 vero
1397 1727 1656 1800 oportuit
1684 1727 1743 1782 in
1795 1743 1992 1782 rerum

2173 1097 2272 1153 Kui
2329 1102 2497 1153 ταῦτα
2555 1099 2670 1172 μὲν,
2728 1097 2975 1174 ἠργμένα
3030 1118 3115 1153 σοι
3173 1095 3234 1153 ἐκ
3285 1094 3525 1168 παιδὸς,
3590 1100 3759 1175 μέχρι

2099 1187 2296 1250 παντὸς
2355 1184 2595 1262 διαμένει
2645 1184 2997 1261 ἐπιδιδόμενα
3028 1205 3040 1220 ·
3099 1186 3212 1242 νυνὶ
3267 1184 3325 1242 δὲ
3375 1188 3568 1264 μικρὸν
3618 1184 3761 1243 ἅνω-

2104 1287 2188 1339 θεν
2224 1275 2444 1352 ἀρκτέον
2493 1279 2630 1351 ἡμῖν
2677 1277 2752 1339 ὦς
2801 1276 2879 1340 εἰς
2928 1277 3105 1354 ἀρχὴν
3132 1275 3225 1331 τὸν
3262 1273 3429 1352 λόγον
3463 1277 3761 1353 ἀναγαγοῦ-

2101 1387 2206 1422 σιν.

2174 1453 2338 1530 Εἶχες
2375 1456 2470 1529 μὲν
2503 1454 2646 1511 οὕτω
2678 1455 2955 1529 σώματος,
2988 1455 3134 1533 εἶχες
3165 1453 3225 1511 δὲ
3273 1455 3363 1511 xui
3406 1459 3593 1532 ψυχῆς
3641 1455 3764 1530 ἀρε-

2103 1548 2233 1616 τῶν,
2265 1544 2355 1598 καὶ
2409 1545 2484 1606 ὡς
2529 1543 2630 1599 οὐκ
2677 1544 2736 1599 ἃν
2797 1542 2994 1621 ἐτέρως
3042 1539 3318 1616 ξυνέϐαινε
3368 1543 3609 1620 βέλτιον,
3640 1543 3761 1607 νέος

2101 1632 2190 1687 xui
2258 1637 2426 1688 ταῦτα
2482 1631 2655 1688 τελῶν
2705 1632 2796 1688 καὶ
2852 1631 3181 1711 ἁπαλώτερα
3232 1634 3301 1688 τὰ
3350 1637 3449 1688 τοῦ
3503 1635 3759 1707 σώματος

2102 1716 2560 1798 προϐαλλόμενος
2591 1740 2604 1754 ·
2656 1721 2771 1778 ἐπεὶ
2841 1720 2898 1778 δὲ
2941 1722 3031 1778 καὶ
3085 1721 3423 1798 πραγμάτων
3470 1719 3577 1778 ἔδει
3621 1722 3760 1797 πρὸς

341 1820 703 1878 curriculum
735 1819 989 1892 prodire,
1022 1822 1079 1874 et
1103 1818 1443 1890 exponendo
1465 1832 1818 1889 cognoscere
1841 1833 1989 1888 quae,

2107 1810 2398 1885 γυμνάσιον
2458 1819 2807 1885 καταστῆναι,
2865 1813 2955 1867 καὶ
3010 1812 3172 1889 πείρᾳ
3226 1817 3426 1889 γνῶναι
3481 1814 3617 1889 ἅπερ
3668 1810 3763 1867 καί

340 1910 518 1967 etiam
575 1915 894 1980 antequam
952 1912 1228 1980 expertus
1273 1907 1376 1973 sis,
1429 1907 1610 1962 animi
1679 1905 1989 1978 magnani-

342 1999 544 2054 mitate
619 2013 863 2054 noveras
919 2000 1059 2065 (non
1119 1995 1275 2050 enim
1335 1995 1639 2066 oportebat
1713 1999 1770 2050 te
1849 1994 1994 2049 satis

343 2087 587 2146 scientia
644 2103 749 2158 per
803 2083 1178 2158 prudentiam
1238 2082 1653 2156 locupletatum
1714 2083 1773 2137 in
1824 2099 1992 2154 expe-

342 2177 546 2232 riendo
591 2174 943 2243 claudicare,
997 2177 1063 2228 ut
1110 2171 1193 2226 illi
1246 2172 1346 2245 qui
1397 2171 1615 2227 habent
1660 2171 1992 2244 generalem

340 2281 538 2322 rerum
569 2263 986 2336 cognitionem,
1019 2265 1218 2318 errant
1253 2278 1386 2317 vero
1435 2261 1590 2316 circa
1639 2260 1894 2332 singula,
1925 2277 1992 2316 eo

340 2354 498 2426 quod
529 2353 646 2408 illis
679 2369 782 2425 per
822 2368 1063 2408 sensum
1119 2367 1234 2406 non
1287 2351 1526 2406 fuerunt
1573 2351 1991 2421 manifestata),

337 2444 492 2499 inter
513 2442 808 2515 principes
838 2445 1104 2496 versatus
1133 2457 1218 2505 es,
1240 2437 1360 2494 illis
1389 2439 1621 2510 egregie
1643 2439 1702 2493 in
1725 2438 1992 2494 notitiam

339 2531 703 2604 perveniens.
736 2531 888 2586 inter
936 2546 1086 2602 quos
1133 2528 1587 2601 praedestinatus
1645 2543 1774 2583 eras
1835 2525 1988 2582 brevi

335 2621 652 2694 imperium
675 2636 979 2691 occupare.

410 2709 658 2766 Maxime
689 2708 929 2781 quidem
961 2707 1291 2764 mirabatur
1336 2709 1393 2762 te
1442 2709 1692 2778 patruus
1721 2705 1820 2760 ille
1851 2709 1992 2760 tuus

338 2804 397 2856 et
429 2816 546 2867 rex,
580 2803 819 2871 pr0pter
847 2798 1107 2870 corporis
1137 2797 1301 2852 dotes
1332 2796 1551 2868 quibus
1581 2799 1638 2851 et
1666 2794 1990 2866 pulchritu-

339 2889 473 2944 dine
503 2887 756 2960 aaquales
801 2891 859 2942 et
908 2886 1254 2942 fortitudine
1304 2885 1556 2956 majores
1607 2890 1747 2940 natu
1797 2883 1989 2939 vince-

338 2979 493 3034 bas:
539 2976 868 3032 mirabatur
923 2979 981 3030 te
1037 2975 1214 3030 etiam
1272 2978 1509 3046 prOpter
1565 2973 1746 3028 animi
1804 2973 1988 3042 dotes,

338 3065 661 3141 praesertim
694 3067 950 3121 mentem
995 3068 1052 3119 et
1103 3062 1287 3118 animi
1342 3062 1734 3133 praesentiam,
1772 3060 1991 3132 quibus

337 3156 436 3212 ille
483 3155 791 3211 videbatur
839 3157 1080 3209 caeteros
1126 3167 1425 3225 superare,
1458 3167 1661 3206 omnes
1706 3167 1841 3206 vero
1891 3167 1988 3206 su-

2101 1899 2208 1975 πρὸ
2251 1907 2351 1970 τῆς
2404 1901 2592 1977 πείρας
2640 1905 2828 1978 ψυχῆς
2875 1899 3220 1980 μεγαλοφυίᾳ
3268 1901 3565 1979 ἐγνώρισάς
3611 1899 3762 1974 (οὐδὲ

2101 1991 2201 2066 γὰρ
2252 1985 2356 2044 ἔδει
2415 1990 2623 2062 σκάζειν
2681 1995 2750 2065 τῇ
2810 1989 3064 2068 ἐμπειρίᾳ
3119 1992 3492 2068 ἀποχρώντως
3548 1993 3648 2062 τὴν
3702 1992 3762 2048 ἐκ

2100 2087 2200 2148 τῖς
2280 2081 2534 2154 γνώσεως
2609 2081 2918 2154 ἐπιστήμην
2988 2080 3373 2154 πλουτοῦντα,
3422 2081 3557 2136 κατὰ
3611 2080 3759 2144 πρὸς

2101 2166 2330 2244 ἔχοντας
2379 2170 2474 2242 μὲν
2529 2169 2592 2224 τὸ
2648 2169 2888 2225 καθόλου
2949 2166 3020 2224 δι’
3077 2169 3408 2244 ἐπιστήμης,
3459 2167 3762 2246 παραλογι-

2106 2257 2391 2330 ζομὲνους,
2426 2256 2483 2313 δὲ
2528 2264 2644 2321 τοῖς
2688 2265 2805 2323 καθ’
2843 2255 3061 2331 ἕκαστα,
3091 2264 3170 2331 τῷ
3202 2261 3278 2332 μή
3322 2259 3606 2329 ἐπιστῆσαι
3635 2259 3764 2314 τού-

2102 2367 2218 2408 τοις
2249 2348 2339 2402 καὶ
2390 2346 2481 2402 διὰ
2529 2354 2628 2418 τῆς
2697 2347 3045 2422 αἰσθήσεως),
3103 2347 3156 2403 ἐν
3204 2347 3521 2425 ἀνακτόροις
3565 2345 3765 2424 διέτρι-

2108 2432 2222 2505 6ες,
2256 2434 2440 2499 καλῶς
2490 2435 2568 2499 εἷς
2610 2440 2811 2512 γνῶσιν
2865 2436 3078 2492 ἐκείνων
3128 2435 3473 2512 ἱκνούμενος,
3525 2438 3598 2492 ὧν
3635 2436 3771 2511 μετά

2110 2525 2290 2601 βραχὺ
2319 2526 2419 2596 τὴν
2451 2525 2630 2602 ἀρχὴν
2665 2525 3068 2603 ἐγχειρισθῆναι
3101 2527 3405 2602 προώρισο.

2175 2703 2396 2778 Ἀμέλει
2455 2726 2542 2760 τοι
2597 2705 2688 2760 καὶ
2734 2709 2842 2760 τῶν
2889 2709 2988 2761 τοῦ
3035 2707 3290 2780 σώματος
3327 2704 3759 2783 προτερημάτων

2101 2792 2368 2865 ἐθαύμαζέ
2418 2814 2476 2848 σε
2520 2795 2549 2848 ὁ
2596 2796 2740 2857 θεῖος
2787 2797 2900 2868 (16)
2950 2795 3152 2858 ἐκεῖνος
3199 2795 3290 2850 καὶ
3353 2795 3629 2872 βασιλεὺς,
3680 2797 3762 2860 οἷς

2101 2882 2397 2956 ὡραιότητι
2450 2883 2544 2956 μὲν
2571 2888 2678 2940 τῶν
2719 2881 3038 2956 ὁμηλίκων,
3073 2883 3228 2940 ἰσχύϊ
3257 2881 3314 2939 δὲ
3343 2884 3432 2942 καὶ
3456 2889 3564 2940 τῶν
3600 2886 3763 2962 ὑπερ-

2099 2970 2312 3042 ηλίκων
2365 2970 2623 3048 ἐκράτεις·
2681 2971 2948 3045 ἐθαύμαζε
3007 2969 3064 3028 δέ
3115 2995 3173 3028 σε
3221 2973 3311 3028 καὶ
3351 2979 3459 3028 τῶν
3507 2981 3608 3045 τῆς
3655 2977 3757 3049 ψυ-

2101 3067 2235 3136 χῆς,
2271 3060 2506 3134 μάλιστα
2545 3059 2602 3116 δὲ
2639 3063 2738 3130 τῆς
2785 3083 2844 3116 τε
2894 3063 3156 3125 συνέσεως
3204 3061 3293 3117 καὶ
3341 3065 3442 3132 τῆς
3478 3063 3761 3140 ἀγχινοίας

2097 3154 2205 3204 τῶν
2249 3149 2556 3226 λογισμῶν,
2603 3152 2722 3215 καθ’
2763 3149 2824 3213 ἃς
2875 3149 3048 3207 ἐδόκει
3097 3152 3190 3227 μὲν
3241 3150 3446 3216 ἐκεῖνος
3494 3157 3603 3208 τῶν
3657 3150 3758 3208 ἄλ-

341 3261 545 3318 perare
588 3247 646 3299 te
695 3242 819 3299 solo
868 3242 1188 3314 impeditus
1235 3245 1375 3296 erat.
1408 3239 1533 3296 Non
1583 3239 1740 3294 enim
1794 3240 1855 3294 in
1897 3239 1988 3295 his

2332 3210 2342 3226 .
2419 3210 2428 3224 .
2544 3210 2555 3222 ν
2683 3210 2698 3215 ν
2810 3210 2820 3213 -
3097 3210 3108 3227 .
3433 3210 3443 3216 -

2107 3237 2213 3293 λων
2244 3244 2480 3312 κρατεῖν,
2533 3239 2636 3294 ὑπὸ
2685 3245 2782 3295 σοῦ
2837 3237 2895 3296 δὲ
2949 3241 3116 3315 μόνου
3153 3245 3262 3298 τῶν
3293 3243 3508 3298 πάντων
3540 3248 3755 3319 κρατεῖν

338 3339 571 3390 tantum
618 3336 677 3387 et
723 3330 887 3404 pueri
936 3330 1044 3386 tibi
1098 3334 1266 3386 aetate
1313 3345 1638 3400 compares,
1679 3329 1782 3384 sed
1813 3327 1988 3384 etiam

339 3427 406 3479 ut
434 3421 779 3479 Homericus
804 3436 980 3477 senex
1009 3424 1067 3475 te
1095 3419 1469 3486 ostendebas,
1503 3423 1559 3474 et
1591 3421 1654 3473 ut
1684 3417 1834 3473 alius
1865 3417 1992 3488 qui-

336 3513 448 3578 vis,
479 3512 529 3567 si
561 3511 657 3580 sit,
690 3509 978 3582 sapientia
1010 3507 1634 3581 praestantiorEtenim
1667 3524 1782 3563 non
1814 3507 1988 3562 modo

337 3601 565 3657 artibus
597 3617 724 3672 qua:
775 3604 1077 3672 stuporem
1128 3598 1496 3654 incutiebant
1545 3603 1789 3653 ornatus
1835 3615 1988 3664 eras,

336 3691 438 3746 sed
470 3694 527 3745 et
554 3689 761 3762 lingua
789 3687 916 3744 sola
947 3687 1214 3742 omnium
1243 3703 1438 3742 rerum
1457 3686 1990 3758 cogitatarumcon-

335 3778 588 3852 gruenti,
624 3777 865 3834 ﬂexibili
895 3781 953 3832 et
983 3793 1217 3842 canora,
1249 3781 1312 3832 tu
1362 3776 1445 3832 ait
1486 3776 1778 3831 Aristonis
1829 3776 1987 3831 filius

333 3869 522 3940 Plato,
583 3872 642 3924 et
697 3866 882 3922 nihilo
941 3866 1256 3931 aberranti,
1288 3865 1374 3921 ita
1421 3869 1487 3920 ut
1534 3864 1735 3921 nullus
1789 3869 1986 3920 tecum

334 3959 522 4031 possit
547 3956 817 4023 conferri,
851 3973 958 4012 nec
989 3956 1201 4029 poetici
1243 3955 1484 4027 quidem
1527 3954 1790 4010 seniores
1839 3970 1986 4026 quos

334 4048 643 4114 Homerus,
703 4049 938 4119 propter
992 4044 1151 4100 vocis
1209 4044 1614 4114 canoritatem,
1685 4048 1983 4116 comparat

335 4137 552 4193 cicadis
607 4152 785 4208 super
841 4136 1078 4190 arbores
1129 4133 1546 4204 insidentibus,
1579 4139 1645 4189 ut
1685 4133 1987 4189 Homerice

332 4225 562 4300 loquar,
596 4229 654 4282 et
684 4241 923 4280 suavem
955 4227 1193 4280 cantum
1225 4223 1630 4280 fundentibus.

406 4405 476 4460 Et
507 4421 624 4460 non
655 4421 726 4460 ex
752 4403 872 4460 illis
919 4407 1154 4459 tantum
1205 4419 1332 4475 quae
1382 4406 1439 4458 te
1488 4402 1642 4458 inter
1696 4401 1988 4474 principes

335 4495 723 4550 innatuerunt
770 4493 1015 4549 laudum
1067 4491 1373 4548 materiam
1427 4495 1484 4547 et
1530 4492 1800 4564 primitas
1839 4490 1984 4546 hau-

2099 3327 2386 3385 ἐκωκύετο.
2449 3325 2657 3392 Παῖδας
2713 3331 2817 3406 γὰρ
2876 3329 2963 3385 ἐπὶ
3014 3329 3233 3394 τούτοις
3284 3331 3348 3386 ού
3387 3332 3570 3406 ’μόνον
3627 3331 3756 3395 τοὺς

2097 3418 2232 3472 κατά
2259 3419 2349 3473 τὸν
2385 3417 2544 3473 αὐτόν
2597 3439 2679 3473 σοι
2730 3419 2952 3496 χρόνον,
2997 3419 3143 3476 ἀλλὰ
3182 3420 3272 3476 καὶ
3317 3421 3410 3476 τὸν
3457 3421 3756 3498 Ὁμηρικὸν

2099 3505 2360 3570 ἐδείκνυες
2409 3509 2638 3584 γέροντα
2664 3509 2797 3582 (17),
2831 3509 2923 3564 καὶ
2966 3509 3018 3564 εἷ’
3061 3531 3143 3572 τις
3192 3507 3366 3573 ἄλλος
3413 3509 3502 3566 ἐπὶ
3549 3509 3754 3566 συνέσει

2099 3593 2328 3673 διέφερεο
2380 3596 2469 3650 καὶ
2516 3597 2618 3673 γὰρ
2675 3603 2936 3674 παρεῖχες
2989 3598 3050 3653 οὐ
3103 3599 3268 3672 μόνον
3312 3601 3564 3673 νοήματα
3617 3600 3756 3676 πρὸς

2097 3683 2357 3755 ἔκπληξιν
2407 3684 2868 3759 προκαλούμενα,
2929 3686 3074 3744 ἀλλὰ
3128 3688 3218 3743 καὶ
3261 3687 3511 3763 γλῶτταν
3582 3689 3752 3763 μόνην

2094 3779 2202 3828 τῶν
2260 3775 2478 3829 ἀπασῶν
2554 3781 2672 3830 τοῖς
2730 3776 2973 3846 νοηθεὶσι
3024 3772 3422 3851 συμϐαίνουσαν
3458 3823 3473 3850 ,
3533 3775 3754 3856 εὔστρο-

2097 3862 2194 3941 φόν
2225 3885 2285 3918 τε
2321 3863 2411 3918 καὶ
2460 3862 2684 3940 λιγυρὰν
2742 3865 2878 3920 κατά
2931 3867 3022 3921 τὸν
3086 3867 3412 3944 ’Δρίστωνος
3462 3865 3753 3942 Πλάτωνα,

2095 3952 2185 4007 καὶ
2242 3953 2379 4028 πρὸς
2429 3950 2582 4008 οὐδὲν
2637 3953 3065 4027 όλισθαίνουσαν,
3117 3957 3192 4019 ὡς
3245 3954 3431 4030 μηδέν’
3479 3956 3615 4012 εἶναι
3645 3979 3757 4013 πα-

2097 4035 2464 4116 ραϐάλλεσθαι
2514 4043 2652 4116 πρὸς
2703 4043 2779 4116 σὲ,
2836 4041 2979 4116 μηδὲ
3024 4042 3153 4107 τοὺς
3194 4052 3296 4114 τῆς
3342 4048 3620 4117 ποιήσεως
3661 4044 3758 4120 δη-

2101 4129 2456 4206 μογέροντας,
2511 4131 2602 4193 οὓς
2631 4132 2722 4186 καὶ
2769 4131 2994 4204 τέττιξιν
3043 4135 3293 4209 ’Όμηρος
3341 4130 3518 4190 εἷ’κασε
3566 4132 3656 4189 διὰ
3691 4135 3759 4190 τὸ

2094 4225 2196 4288 τῆς
2248 4222 2433 4297 φωνῆς
2475 4219 2721 4296 λιγυρὸν,
2773 4219 3043 4296 ὃενδρέοις
3092 4221 3464 4301 ἐφεζομὲνοις,
3501 4221 3595 4278 ἵνα
3639 4227 3760 4288 καθ’

2096 4310 2345 4385 Ὅμηρον
2377 4306 2538 4380 εἷ’πω,
2570 4311 2658 4365 καὶ
2689 4307 2798 4365 ἵίπα
2828 4311 3106 4386 πέμπουσι
3138 4310 3491 4389 λειριόεσσαν.

2168 4397 2267 4452 Καὶ
2293 4397 2354 4453 ού
2390 4398 2554 4471 μόνον
2589 4401 2673 4462 οἷς
2707 4398 2759 4455 ἐν
2789 4405 2906 4463 τοῖς
2954 4400 3272 4478 ἀνακτόροις
3324 4401 3544 4480 ἐφαίνου
3581 4407 3756 4459 ποιῶν

2097 4484 2331 4542 ἐπαίνων
2380 4487 2662 4552 ὑποθέσεις
2705 4495 2964 4567 παρεῖχες
3012 4489 3100 4546 καὶ
3152 4491 3431 4570 ἀφορμὴν,
3475 4490 3623 4548 ἀλλά
3650 4515 3758 4550 που

336 4583 469 4640 sisti
495 4602 508 4654 ;
543 4583 644 4638 sed
676 4582 855 4639 etiam
886 4598 989 4654 per
1016 4580 1139 4636 haec
1159 4597 1286 4653 quae
1312 4580 1373 4635 in
1396 4579 1547 4636 bello
1569 4579 1990 4636 exhibuistiad-

2107 4574 2189 4630 καὶ
2241 4577 2323 4638 οἷς
2361 4577 2498 4632 κατὰ
2544 4575 2789 4652 πόλεμον
2838 4576 3177 4636 ἐπεδείκνυσο
3227 4582 3317 4636 καὶ
3372 4582 3588 4646 τούτοις
3618 4583 3759 4660 πρὸς

338 4672 715 4729 mirationem
747 4688 810 4727 es
841 4675 1352 4738 consecutus,cum
1381 4670 1452 4726 ad
1476 4674 1808 4742 opportuna
1827 4685 1995 4742 expe-

339 4763 554 4818 dienda
581 4765 638 4816 et
676 4765 908 4817 matura
963 4764 1021 4816 et
1077 4776 1242 4816 sacra
1289 4759 1708 4815 deliberatione
1755 4758 1992 4816 Themi-

340 4849 524 4906 stocle
578 4848 950 4905 excellentior
1007 4847 1316 4904 exstiteris.
1368 4847 1494 4902 Non
1547 4848 1675 4918 jam
1735 4846 1992 4902 multum

338 4939 606 5011 elapsum
665 4943 756 4994 est
810 4942 1046 5010 tempus
1099 4952 1168 4992 ex
1225 4953 1341 5008 quo
1400 4934 1617 4991 bellum
1677 4942 1802 4991 erat
1859 4940 1993 4991 ante

339 5031 538 5100 portas
598 5030 655 5082 et
710 5042 804 5084 res
860 5025 1243 5098 postulabant
1290 5030 1810 5098 propugnatorem,
1840 5029 1898 5079 et
1929 5029 1991 5079 tu

333 5114 570 5187 juvenis
590 5131 720 5170 eras
742 5113 1282 5186 singularissimum
1305 5114 1622 5185 quemdam
1642 5114 1794 5169 inter
1813 5114 1992 5169 duces

339 5206 634 5275 (juvenem
695 5201 908 5274 aliquis
965 5203 1119 5259 dicet
1167 5204 1228 5258 in
1285 5202 1697 5259 Macedonibus
1743 5201 1995 5258 Alexan-

342 5295 580 5362 drum);
615 5291 708 5348 hic
749 5292 938 5365 magis
983 5296 1181 5365 aperte
1231 5309 1410 5364 quam
1459 5297 1632 5348 antea
1689 5291 1994 5364 ingenium

341 5388 514 5438 tuum
544 5381 912 5454 significasti.
959 5381 1248 5438 Exercitui
1301 5382 1459 5438 enim
1509 5397 1690 5454 quam
1742 5381 1996 5438 solertis-

415 5525 529 5596 (16)
561 5523 867 5596 Theodore
896 5524 1198 5580 Michaelis
1229 5541 1375 5580 uxor
1407 5524 1599 5596 neptis
1632 5527 1756 5579 erat
1800 5521 1996 5578 fratris

347 5595 762 5669 imperatoris;
786 5600 939 5669 _erat_
980 5613 1116 5669 ergo
1165 5595 1497 5669 imperatori
1519 5596 1779 5669 Joannes
1806 5600 1996 5650 Ducas

344 5665 644 5739 Vatacius,
674 5665 978 5729 Michaetis
1008 5665 1174 5740 θέῖος,
1206 5665 1271 5728 id
1293 5671 1404 5739 est,
1425 5671 1696 5743 patruus,
1718 5667 1838 5726 imo
1867 5683 1998 5743 pro-

2103 4669 2283 4738 θαῦμα
2348 4661 2640 4743 διήγειρες,
2689 4671 2972 4745 κράτιστος
3029 4669 3118 4724 καὶ
3176 4670 3307 4748 ὑπὲρ
3363 4672 3456 4728 τὸν
3502 4679 3764 4746 Θεμιστο-

2101 4752 2235 4808 κλέα
2264 4753 2552 4832 γενόμενος
2595 4754 2805 4834 φύσεώς
2841 4778 2902 4812 τε
2953 4755 3176 4832 δυνάμει
3217 4759 3307 4814 καὶ
3353 4757 3588 4834 μελέτης
3625 4762 3759 4839 βρα-

2101 4841 2301 4918 χύτητι
2332 4841 2749 4920 ἀποσχεδιάζειν
2797 4847 2866 4900 τὰ
2917 4844 3121 4904 δέοντα.
3173 4847 3261 4910 Ὠς
3307 4848 3410 4925 γὰρ
3460 4849 3524 4905 ού
3558 4849 3760 4926 συχνὸς

2101 4931 2382 5008 παρερῥύη
2433 4932 2637 5008 χρόνος
2693 4934 2783 4988 καὶ
2839 4933 3089 5010 πόλεμος
3141 4937 3208 5006 ἢν
3279 4935 3366 4992 ἐπὶ
3426 4937 3634 5015 θύραις,
3665 4938 3760 4993 καὶ

2099 5021 2192 5076 τὸν
2250 5021 2622 5098 ἀμυνούμενον
2677 5022 2857 5080 ἐκάλει
2904 5027 2972 5080 τὰ
3026 5027 3342 5103 πράγματα,
3396 5027 3485 5082 καὶ
3534 5027 3597 5082 σὺ
3643 5026 3760 5101 μεί-

2103 5111 2197 5186 ραξ
2253 5119 2435 5189 παρῆς
2491 5119 2809 5188 στρατηγῶν
2867 5115 2931 5170 τὸ
2993 5115 3308 5170 καινότατον
3365 5116 3502 5187 (νέον
3558 5112 3618 5169 ἄν
3674 5137 3756 5178 τις

2104 5201 2247 5255 εἶπεν
2311 5200 2362 5256 ἐν
2407 5199 2712 5259 Μακεδόσιν
2771 5201 3169 5280 Ἀλέξανδρον),
3234 5203 3457 5258 ἐνταῦθα
3505 5200 3755 5274 ἐκδήλως

2108 5287 2320 5362 μᾶλλον
2344 5287 2486 5364 ἤπερ
2513 5291 2578 5346 τὸ
2607 5291 2871 5369 πρότερον
2897 5294 2997 5362 τὴν
3031 5295 3227 5348 σαυτοῦ
3257 5289 3410 5369 φύσιν
3458 5292 3573 5354 οἷος
3614 5292 3760 5362 ἦσθα

2101 5384 2218 5441 τοῖς
2270 5385 2430 5434 πᾶσιν
2492 5379 2788 5457 ἐγνώρισάς
2823 5425 2836 5439 .
2900 5383 3273 5460 Ἐστρατήγεις
3351 5379 3446 5456 μὶν
3519 5382 3624 5459 γὰρ
3683 5382 3762 5449 ὡς

2107 5526 2371 5596 patruus.

2183 5595 2301 5667 (17)
2330 5596 2393 5653 Id
2425 5601 2537 5668 est,
2569 5597 2894 5657 Nestorem.
