4132 6424
404 375 528 436 363

1441 369 1759 434 GEORGII
1803 368 2068 432 CYPRII
2111 368 2232 431 GP.
2275 368 2808 436 PATRIARCHE

3710 373 3829 438 3M

406 508 750 581 patiendum
797 507 1117 564 incitares:
1161 506 1377 577 quibus
1435 505 1591 561 enim
1638 502 2052 560 excellentissi-

2170 523 2269 576 νει,
2317 503 2380 558 τὸ
2426 502 2563 558 κατά
2610 505 2668 560 σὲ
2711 507 2812 574 τῆς
2860 503 3015 574 νίκης
3064 503 3330 580 ἐστέρετο,
3381 499 3582 582 ῥᾳδίως
3639 503 3831 586 ἀνέφε-

406 615 573 653 mum
601 601 658 654 te
706 597 1063 669 praestabant
1093 598 1220 650 tum
1249 594 1310 649 in
1341 594 1674 667 cogitando,
1707 597 1832 648 tum
1874 592 1933 646 in
1964 593 2064 648 de-

405 686 730 757 liberando,
763 689 891 742 tum
942 686 1002 740 in
1052 683 1466 757 aggrediendo,
1515 699 1618 754 per
1664 682 1797 739 illos
1846 682 2064 738 efﬁcie-

404 777 513 833 bas
535 775 810 832 militiam
840 778 1003 830 tuam
1037 773 1254 830 claram
1286 777 1343 828 et
1372 772 1888 845 inexpugnabilem
1913 790 1927 840 ;
1961 787 2066 844 per

407 863 540 921 illos
587 863 695 920 tibi
743 863 987 936 contigit
1048 861 1282 934 tropzeis
1331 862 1654 934 adjungere
1717 865 1955 934 tropaea,
2005 865 2064 917 et

405 953 701 1025 prioribus
729 953 988 1010 victoriis
1019 952 1168 1008 alias
1198 951 1410 1007 addere
1439 949 1735 1008 victorias.

2176 612 2261 667 ρες
2305 597 2414 646 τῶν
2465 591 2822 670 σφαλμάτων,
2871 593 2961 649 καὶ
3009 591 3174 649 πάλιν
3226 591 3400 649 ἐδόκει
3446 595 3581 668 μετά
3622 599 3720 650 σοῦ
3766 595 3832 652 τὸ

2171 687 2404 756 κρατεῖν.
2459 681 2559 736 Καὶ
2607 681 2786 737 τοίνυν
2821 729 2836 756 ,
2897 681 3042 739 οὕτω
3099 687 3415 762 στρατηγῶν
3476 682 3726 760 εὐτυχῶς
3775 705 3837 740 τε

2173 771 2288 844 ἅμα
2341 769 2432 825 καὶ
2491 768 2701 845 δεξιῶς,
2762 769 2954 848 δρᾶσαι
3015 771 3108 847 μέν
3162 794 3216 828 τι
3283 772 3422 846 πρὸς
3478 772 3838 850 γενναιότητα

2169 861 2260 914 καὶ
2292 859 2414 915 λίαν
2440 865 2653 936 ταχεῖς,
2685 861 2761 925 ὡς
2790 859 3138 938 βραδυτάτως
3177 863 3290 937 (19)
3324 859 3382 917 δὲ
3410 863 3598 918 παθεῖν
3633 861 3838 927 ἐποίεις

2168 949 2297 1013 τοὺς
2331 950 2434 1005 ὑπὸ
2485 951 2562 1006 σέ·
2615 952 2698 1013 οἷς
2735 952 2838 1027 γὰρ
2887 949 3172 1028 κράτιστον
3225 955 3488 1026 παρεῖχες
3533 953 3727 1008 σαυτὸν
3778 952 3832 1008 ἐν

406 1041 698 1116 νόήμασιν,
748 1040 800 1096 ἐν
859 1035 1221 1114 συμϐουλαῖς,
1283 1039 1334 1094 ἐν
1393 1039 1806 1115 ἐπιχειρήμασι,
1863 1037 2079 1102 τούτοις
2139 1038 2206 1109 δὴ
2265 1038 2354 1094 καὶ
2401 1040 2464 1095 τὸ
2524 1039 2628 1095 ὑπὸ
2685 1040 2744 1094 σὲ
2801 1042 3189 1117 στρατιωτικὸν
3240 1038 3563 1114 εὐδοκιμοῦν
3623 1040 3831 1106 ἐποίεις

410 1131 499 1185 καὶ
558 1128 840 1205 δύσμαχον
879 1173 892 1185 .

407 1219 808 1298 προστίθεσθαι.

478 1311 768 1385 Sicigitur
786 1327 850 1367 se
870 1309 1106 1383 gerebat
1125 1309 1186 1364 in
1206 1308 1358 1367 bello
1382 1313 1440 1366 et
1459 1309 2063 1366 neministrenuitatis

408 1400 814 1475 praestantiam
844 1398 1100 1470 reliquit,
1117 1415 1320 1455 verum
1351 1397 1412 1454 in
1443 1403 1706 1470 tempore
1734 1397 2064 1471 tranquilli-

407 1491 548 1548 tatis
576 1494 633 1547 et
661 1489 844 1563 pacis,
878 1493 980 1544 aut
1009 1505 1144 1544 cum
1175 1489 1481 1560 oportebat
1509 1489 1580 1544 de
1610 1488 1787 1545 rebus
1819 1487 2062 1561 agendis

409 1582 558 1637 ferre
611 1578 954 1645 sententias,
1005 1577 1357 1634 concedebat
1405 1576 1590 1632 cuivis
1637 1577 1894 1634 senatori
1942 1577 2062 1634 sive

407 1685 582 1742 parvo
615 1668 736 1724 sive
783 1666 1014 1739 majori,
1049 1670 1150 1723 aut
1188 1665 1378 1739 magis
1423 1681 1603 1738 quam
1634 1681 1840 1721 omnes
1885 1665 2063 1722 verba

407 1759 657 1816 iaciebat
703 1761 761 1812 et
809 1757 879 1812 de
929 1755 1278 1821 evertendis,
1311 1759 1378 1810 ut
1424 1754 1608 1826 aiunt,
1641 1753 1876 1810 illorum
1925 1768 2058 1809 sen-

408 1847 606 1903 tentiis
633 1846 1068 1910 moliebatur,et
1086 1849 1283 1901 tamen
1315 1851 1693 1916 conspectum
1715 1847 1838 1900 erat
1859 1846 2062 1915 postea

954 1129 1037 1198 Ἐξ
1097 1125 1170 1181 ὧν
1244 1121 1516 1181 συνέϐαινε
1589 1127 1865 1202 τροπαίων
1920 1128 2232 1198 ἐξάπτεσθαι
2290 1127 2546 1202 τρόπαια,
2604 1127 2694 1183 καὶ
2750 1127 2921 1192 νίκαις
2978 1123 3388 1204 προλαϐούσαις
3443 1129 3590 1193 νίκας
3646 1129 3831 1206 ἑτέρας

2242 1305 2440 1363 Καὶτᾶ
2487 1307 2582 1380 μὲν
2633 1304 2700 1378 δὴ
2745 1309 2883 1364 κατὰ
2925 1306 3174 1382 πόλεμον
3216 1306 3466 1371 τοιοῦτός
3511 1329 3571 1364 τε
3618 1306 3724 1386 ἄρα
3759 1309 3827 1380 ἦν

2167 1395 2260 1452 καὶ
2307 1393 2528 1472 ἀνδρίας
2595 1391 2910 1473 ὑπερϐολὴν
2970 1395 3258 1454 κατέλιπεν
3320 1395 3522 1452 οὐδενί·
3583 1397 3634 1453 ἐν
3694 1399 3829 1468 ἡσυ-

2169 1486 2298 1563 χίας
2348 1483 2406 1541 δὲ
2443 1485 2618 1562 καιρῷ
2666 1485 2756 1540 καὶ
2806 1485 3054 1563 εἰρήνης,
3087 1486 3122 1557 ἢ
3155 1487 3246 1541 καὶ
3284 1486 3450 1542 ὁπότε
3484 1485 3689 1561 βουλάς
3722 1483 3830 1543 ἔδει

2169 1574 2292 1650 περὶ
2337 1579 2433 1630 τοῦ
2483 1575 2536 1631 τί
2590 1574 2650 1630 ἂν
2702 1571 2786 1646 εἷή
2834 1575 3101 1652 πρακτέον
3154 1575 3472 1652 ἐξενεγκεῖν,
3515 1577 3832 1654 παρεχώρει

2167 1669 2274 1719 τῶν
2305 1685 2412 1720 τινι
2441 1670 2543 1734 τῆς
2596 1663 2942 1742 γερουσίαςῆ
2997 1669 3177 1739 μικρῷ
3224 1666 3261 1736 ἢ
3311 1664 3540 1740 μείζονι,
3589 1665 3626 1735 ἢ
3678 1663 3836 1742 ἔλεγε

2173 1754 2268 1827 μὲν
2322 1754 2455 1831 ὑπὲρ
2483 1755 2686 1818 πάντας
2743 1754 2834 1810 καὶ
2884 1756 3034 1810 κάτω
3091 1759 3294 1826 πεσεῖν,
3351 1755 3414 1810 τὸ
3479 1758 3582 1811 τοῦ
3638 1752 3835 1830 λόγου,

2167 1844 2263 1906 τὰς
2316 1843 2531 1899 ἐκείνων
2580 1843 2946 1920 παρεσκεύαζε
2990 1845 3242 1920 γνώμας,
3291 1843 3570 1921 ἠλέγχετο
3625 1841 3684 1898 δὲ
3718 1845 3837 1918 μεθ’

408 1955 525 1994 non
556 1938 704 1993 bene
735 1935 822 1991 illi
854 1936 1060 1992 cedere
1089 1933 1380 1991 consilia?
1410 1938 1499 1988 An
1532 1949 1666 1988 cum
1698 1933 1898 1988 omnia
1926 1949 2052 2005 pro-

2171 1932 2390 2009 ὕστερόν
2419 1953 2551 1988 ποτε
2585 1935 2663 2006 μή
2693 1931 2878 1998 καλῶς
2928 1931 3074 2010 ἔχειν
3123 1933 3270 2007 αὐτῷ
3314 1935 3384 1988 τὰ
3435 1931 3831 2008 βουλεύματα;

405 2043 574 2099 spere
634 2026 802 2082 ibant
845 2029 903 2082 et
947 2024 1162 2080 melius
1228 2039 1405 2095 quam
1456 2021 1697 2094 diceres,
1746 2021 1872 2094 ipse
1922 2038 2061 2078 suas

406 2114 608 2172 felices
655 2114 982 2171 sententias
1030 2111 1356 2184 refugiebat
1417 2111 1642 2184 agendo
1690 2111 2060 2177 confirmare,

408 2209 465 2262 et
491 2203 673 2261 alium
705 2203 886 2275 seipsi
930 2203 1250 2274 subrogare
1272 2199 1622 2272 judicabat?
1650 2200 2059 2273 Nequaquam.

409 2294 521 2351 Sed
553 2293 754 2349 omnia
781 2292 879 2348 ille
909 2296 1057 2360 erat,
1089 2292 1208 2346 dux
1236 2289 1391 2362 felix,
1423 2289 1669 2346 bellator
1698 2289 1906 2359 solers,
1928 2306 2063 2346 con-

407 2381 668 2438 siliarius
715 2381 996 2454 optimus,
1029 2395 1225 2436 rerum
1257 2379 1609 2452 agendarum
1657 2395 1886 2446 suasor,
1919 2393 2060 2451 ope-

404 2489 538 2529 rum
587 2475 872 2544 patrator,
906 2471 966 2524 in
1015 2486 1270 2540 summa,
1301 2468 1462 2525 solus
1493 2468 1594 2540 qui
1649 2485 1826 2540 super
1855 2483 2060 2524 omnes

403 2562 769 2619 necessarias
799 2576 893 2616 res
923 2559 1262 2632 perspiciat,
1295 2561 1353 2615 et
1379 2557 1542 2614 solus
1585 2557 1851 2614 omnium
1883 2557 2061 2630 digna

402 2651 668 2710 consiliis
697 2667 874 2723 opera
902 2648 1191 2706 exhibeat.

473 2922 927 2994 Sed,postquam
959 2935 994 2975 a
1024 2920 1193 2976 nobis
1222 2921 1398 2991 prout
1422 2935 1528 2990 par
1549 2920 1672 2973 erat
1689 2915 1896 2973 laudes
1918 2915 2062 2973 obti-

403 3011 611 3079 nuisti,
643 3015 702 3066 te
748 3025 937 3081 usque
966 3010 1039 3064 ad
1071 3012 1266 3082 partes
1297 3007 1437 3064 solis
1482 3005 1723 3063 orientis
1753 3006 2060 3079 oportebat

405 3100 654 3158 ulterius
702 3099 1034 3171 procedere,
1084 3101 1142 3154 et
1188 3113 1401 3153 nomen
1453 3100 1625 3153 tuum
1675 3095 2058 3152 inclarescere

403 3190 466 3245 in
495 3187 793 3263 gentibus,
825 3191 1002 3258 atque
1044 3185 1376 3258 praestantis
1404 3183 1641 3241 virtutis
1692 3183 2055 3240 laudatorem

403 3278 604 3351 ipsum
650 3275 896 3349 adipisci
945 3275 1283 3344 barbarum,
1319 3279 1384 3330 ut
1429 3275 1511 3330 ita
1539 3291 1716 3346 opera
1741 3278 1844 3330 tua
1890 3274 2055 3330 testi-

405 3367 604 3424 monio
635 3370 1041 3423 extraneorum
1074 3364 1342 3437 digniora
1370 3364 1484 3419 ﬁde
1514 3363 1824 3420 videantur
1853 3365 2056 3435 (quod-

401 3472 636 3528 cunque
665 3455 823 3511 enim
845 3453 1236 3510 domesticum
1259 3456 1348 3508 est
1367 3452 1428 3507 in
1456 3453 1850 3524 suspicionem
1876 3453 2051 3524 cadit,

399 3546 540 3618 quia
569 3543 896 3618 periculum
928 3547 1016 3598 est
1045 3559 1117 3598 ne
1144 3542 1447 3598 veritatem
1478 3547 2054 3614 corrumpat,utpote

397 3633 730 3707 cognationi
781 3634 1108 3705 ereptum);
1158 3631 1348 3703 quid?
1378 3629 1452 3686 Ut
1497 3631 1618 3686 hazc
1667 3631 1868 3687 omnia
1917 3649 2049 3703 pro-

396 3723 734 3778 ﬁciscentur
761 3739 798 3778 a
826 3718 1115 3792 principio
1160 3717 1316 3773 malo
1349 3722 1406 3772 et
1434 3734 1702 3790 perverso
1752 3721 1928 3790 atque
1961 3718 2051 3773 in-

397 3810 574 3882 digno
605 3811 759 3882 quod
789 3809 867 3865 sit
895 3825 1076 3865 causa
1104 3807 1239 3862 talis
1271 3807 1406 3862 ﬁnis
1427 3807 1454 3860 ‘I
1489 3807 1709 3863 Invidia
1737 3808 2048 3864 adversum

395 3903 454 3955 te
485 3899 890 3955 inflammatur
909 3898 982 3953 ab
1011 3896 1109 3952 his
1131 3913 1281 3968 quos
1302 3913 1419 3952 non
1442 3897 1896 3968 oportebat,rem
1917 3912 2049 3952 vere

394 3989 725 4045 inauditam
756 3991 815 4043 et
843 3987 1150 4058 indignam
1181 4002 1390 4057 genere
1419 3985 1887 4042 Christianorum
1910 3987 1922 4041 l
1949 3987 2050 4042 Sa-

394 4077 763 4152 pientissime
793 4079 990 4132 autem
1021 4076 1138 4131 dici
1169 4075 1265 4130 hic
1295 4073 1442 4129 mihi
1471 4075 1702 4130 videtur
1731 4074 1876 4130 illud
1918 4074 2048 4131 Pla-

392 4168 572 4236 tonis,
608 4167 763 4240 quod
795 4183 911 4222 non
945 4168 1186 4237 possent
1217 4163 1457 4220 omnino
1489 4164 1694 4220 abesse
1724 4163 1881 4220 mala
1911 4164 2050 4237 quia

393 4256 616 4329 aliquid
661 4255 936 4312 contrarii
973 4254 1074 4310 fati
1101 4253 1172 4309 ad
1203 4254 1425 4308 bonum
1457 4252 1841 4308 nutriendum
1872 4254 2046 4310 relin-

391 4349 605 4416 quatur
651 4360 889 4401 necesse
937 4346 1063 4412 est;
1095 4346 1151 4397 et
1203 4341 1378 4397 etiam
1434 4341 1655 4396 scimus
1700 4343 1940 4412 rubum,
1982 4348 2049 4399 ut

392 4434 581 4502 aiunt,
635 4433 799 4490 nasci
849 4433 907 4487 in
958 4431 1146 4487 vinea.
1196 4431 1323 4486 Non
1384 4446 1521 4502 ergo
1574 4430 1910 4487 mirandum
1959 4437 2048 4489 est

392 4524 548 4596 quod
592 4524 749 4596 apud
780 4538 885 4578 nos
918 4520 1237 4577 calamitati
1289 4519 1454 4575 locus
1487 4519 1662 4575 fuerit
1692 4523 1749 4576 et
1791 4521 2042 4591 invidias,

396 4630 524 4685 quae
573 4613 791 4668 mirum
843 4611 904 4666 in
953 4610 1196 4666 modum
1244 4607 1520 4680 crudelis,
1571 4607 1751 4664 altam
1802 4612 2047 4667 moverit

2169 2022 2206 2091 ἢ
2238 2021 2410 2078 πάντα
2458 2022 2553 2096 μὶν
2595 2026 2766 2078 ταῦτα
2814 2021 2998 2087 καλῶς
3037 2023 3128 2079 καὶ
3177 2023 3252 2087 ὡς
3303 2022 3402 2079 οὐκ
3450 2022 3511 2078 ἂν
3562 2019 3707 2080 εἷ’ποι
3745 2043 3830 2086 τις

2175 2109 2411 2186 βέλτιον,
2474 2109 2657 2188 ἔργοις
2717 2109 2775 2167 δὲ
2828 2113 2928 2181 τήν
2987 2113 3180 2170 ἑαυτοῦ
3227 2112 3413 2175 καλῶς
3454 2109 3687 2188 ἔχουσαν
3738 2111 3835 2186 βε-

2171 2195 2402 2255 ϐαιῶσαι
2433 2202 2664 2276 γνώμην
2717 2201 2879 2264 αὐτὸς
2933 2201 3026 2274 μὲν
3075 2203 3333 2274 ἀπώκνει,
3383 2197 3568 2278 ἕτερον
3617 2198 3664 2256 δ’
3713 2200 3829 2256 ἀντ’

2170 2289 2336 2345 αὐτοῦ
2384 2289 2471 2345 ἐπὶ
2519 2295 2628 2346 τῶν
2681 2287 2856 2367 ἔργων
2907 2297 3236 2362 καταστῆναι
3283 2290 3489 2362 ἠξίου;
3532 2287 3828 2365 Οὕμενουν,

2169 2377 2317 2433 ἀλλά
2361 2380 2429 2434 τὰ
2473 2380 2648 2434 πάντα
2694 2377 2880 2452 αύτὸς,
2931 2380 3237 2457 στρατηγὸς
3287 2379 3549 2456 εὐτυχής,
3597 2377 3832 2455 πολεμι-

2169 2469 2301 2537 στὴς
2336 2465 2532 2539 δεξιὸς,
2584 2463 2902 2542 σύμϐουλος
2950 2469 3177 2546 ἀγαθὸς,
3221 2473 3331 2525 τῶν
3373 2470 3656 2546 πρακτέων
3686 2469 3832 2548 ὑφη-

2167 2558 2366 2634 γητὴς,
2395 2561 2504 2613 τῶν
2537 2554 2712 2634 ἔργων
2745 2559 2774 2614 6
2823 2557 3154 2636 πληρωτὴς,
3203 2559 3280 2615 ἑνὶ
3310 2557 3467 2636 λόγῳ
3497 2558 3685 2633 εἷπεῖν,
3730 2558 3831 2634 μό-

2167 2667 2259 2708 νος
2307 2646 2440 2723 ὑπὲρ
2497 2649 2703 2711 πάντας
2753 2652 2968 2703 σκοπῶν
3017 2649 3086 2704 τὰ
3138 2647 3472 2722 συνοίσοντα,
3519 2647 3611 2704 καὶ
3663 2647 3834 2723 μόνος

2167 2741 2274 2791 τῶν
2308 2737 2554 2793 ἀπάντων
2606 2735 2769 2808 ἀξίως
2817 2740 2926 2793 τῶν
2977 2738 3306 2813 σκεμμάτων
3347 2737 3416 2796 τὰ
3455 2734 3590 2815 ἔργα
3619 2735 3830 2794 δεικνύ-

2173 2846 2356 2900 μενος.

2238 2914 2397 2971 Ἀλλ’
2425 2912 2720 2991 ἐπειδήπερ
2765 2916 2969 2979 ἱκανῶς
3018 2915 3137 2992 εἶχέ
3181 2937 3268 2972 σοι
3298 2918 3364 2973 τὰ
3408 2922 3509 2987 τῆς
3537 2923 3664 2994 παρ’
3693 2917 3832 2991 ἡμῖν

2170 3003 2518 3082 ἀναρρήσεως
2552 3051 2567 3078 ,
2627 3003 2736 3060 ἔδει
2815 3003 2874 3061 δὲ
2946 3005 3038 3061 καὶ
3106 3007 3410 3083 περαιτέρω
3489 3005 3656 3083 μέχρι
3718 3010 3830 3064 τῶν

2167 3095 2304 3170 πρὸς
2353 3093 2642 3170 ἀνίσχοντα
2686 3091 2849 3164 ἥλιον
2900 3092 3190 3171 παρελθεῖν
3239 3115 3316 3169 σε,
3366 3093 3458 3150 καὶ
3510 3091 3681 3164 δῆλόν
3733 3116 3832 3152 σου

2166 3182 2401 3246 καὶτοῖς
2431 3180 2602 3238 ἔθνεσι
2653 3183 2896 3258 γενέσθαι
2941 3185 3008 3240 τὸ
3056 3179 3252 3258 ὄνομα,
3301 3183 3392 3240 καί
3438 3205 3500 3260 γε
3526 3184 3666 3260 πρὸς
3703 3183 3827 3241 ἐπέ-

2168 3292 2316 3327 κεινα
2363 3278 2464 3342 τῆς
2523 3271 2721 3349 ἀρετῆς
2768 3272 3052 3344 ἐπαινέτην
3105 3271 3414 3344 πλουτῆσαι
3470 3273 3569 3330 καὶ
3627 3267 3830 3350 βάρϐα-

2171 3381 2287 3437 ρον,
2347 3360 2414 3415 ἶν’
2474 3359 2618 3416 οὕτω
2676 3382 2760 3416 σοι
2803 3361 3216 3437 ἀξιοπιστότερα
3271 3362 3528 3441 φαίνηται
3566 3361 3644 3432 ξτὰ
3695 3361 3827 3439 ἔργα

2160 3454 2230 3524 τῇ
2293 3451 2563 3526 μαρτυρίᾳ
2617 3455 2725 3506 τῶν
2781 3449 3090 3523 ἀλλοτρίων
3151 3453 3236 3526 (τὸ
3282 3451 3387 3528 γὰρ
3435 3451 3638 3506 οἰκεῖον
3682 3453 3823 3508 ἅπαν

2163 3541 2250 3593 καὶ
2310 3538 2574 3611 ὕποπτον,
2636 3539 2711 3602 ὡς
2755 3537 2927 3595 δεινὸν
2972 3543 3042 3614 τῇ
3085 3538 3319 3614 ἀληθείᾳ
3365 3537 3713 3614 λυμήνασθαι
3751 3543 3823 3614 τῇ

2163 3628 2448 3704 συγγενείᾳ
2503 3627 2922 3703 κλεπτόμενον),
2972 3629 3025 3685 τί
3081 3630 3330 3706 γίνεται;
3382 3630 3472 3692 Ὠς
3530 3627 3583 3700 ἐξ
3641 3630 3825 3707 ἀρχῆς

2160 3723 2387 3772 κινεῖται
2443 3721 2610 3774 ταῦτα
2655 3724 2899 3796 πονηρᾶς
2951 3740 3011 3774 τε
3058 3719 3148 3773 καὶ
3201 3717 3476 3793 ὀλεθρίου,
3505 3717 3596 3774 καὶ
3625 3717 3826 3788 ἥκιστα

2159 3805 2412 3862 τοιούτου
2481 3806 2675 3871 τέλους
2751 3807 2926 3870 αἰτίας
2998 3807 3130 3863 εἶναι
3185 3806 3498 3884 πρεπούσης
3555 3809 3568 3864 ί
3626 3807 3821 3885 φθόνος

2160 3895 2448 3951 ἀνάπτεται
2506 3897 2642 3950 κατά
2697 3901 2793 3951 σοῦ
2841 3897 2968 3972 παρ’
3025 3897 3100 3951 ὧν
3153 3896 3253 3952 οὐκ
3301 3893 3428 3952 ἔδει’
3479 3901 3708 3972 πρᾶγμα
3742 3897 3819 3960 ὡς

2161 3983 2380 4056 ἀληθῶς
2440 3980 2640 4040 ἄτοπον
2693 3985 2784 4040 καὶ
2826 3990 2925 4041 τοῦ
2968 3989 3302 4062 Χριστιανῶν
3351 3986 3544 4061 γένους
3583 3983 3819 4056 ἀνάξιον.

2159 4072 2308 4142 Ολὴν
2367 4072 2591 4130 ἐνταῦθα
2646 4078 2827 4152 σοφῶς
2886 4071 3019 4149 ἄγαν
3099 4073 3347 4152 εῗρῆσθαι
3402 4071 3554 4129 δοκεῖ
3608 4073 3673 4128 τὸ
3719 4077 3821 4128 τοῦ

2159 4161 2477 4236 Πλάτωνος,
2531 4163 2608 4226 ὡς
2667 4163 2729 4218 ού
2780 4161 3004 4219 δυνατὸν
3055 4161 3350 4218 ἀπολέσθαι
3399 4161 3704 4218 παντάπασι
3750 4162 3823 4218 τὰ

2156 4254 2314 4323 κακὰ,
2348 4247 2498 4317 ὄντος
2548 4252 2840 4329 ἀναγκαίου
2889 4250 3277 4317 ὑπολείπεσθαί
3322 4273 3377 4307 τι
3422 4258 3522 4322 τῆς
3575 4249 3818 4316 ἐναντίας

2162 4341 2353 4419 μοίρας
2383 4343 2590 4420 τροφὴν
2640 4346 2721 4415 τῷ
2770 4340 2973 4418 ἀγαθῷ’
3024 4341 3172 4398 ἀλλὰ
3219 4341 3331 4414 καὶ,
3380 4340 3445 4397 τὸ
3491 4346 3592 4410 τῆς
3620 4361 3819 4418 παροι-

2161 4431 2305 4504 μίας,
2337 4431 2555 4509 φύεσθαι
2603 4431 2694 4488 καὶ
2749 4431 2801 4488 ἐν
2847 4431 3085 4506 ἀμπέλῳ
3134 4432 3302 4503 βάτον
3351 4428 3678 4504 ἠκούσαμεν.
3712 4427 3819 4486 Οὕ-

2155 4542 2283 4575 κουν
2334 4520 2518 4576 καινόν
2559 4542 2633 4594 τι,
2681 4520 2726 4576 εἶ
2759 4519 2849 4576 καί
2877 4523 3005 4596 παρ’
3035 4523 3170 4594 ἡμῖν
3205 4520 3430 4576 ἐνταῦθα
3458 4520 3646 4597 χώραν
3687 4515 3819 4596 ἔσχε

2153 4609 2216 4664 τὸ
2246 4611 2438 4683 πάθος,
2471 4609 2561 4665 καὶ
2594 4611 2621 4665 ὁ
2653 4610 2848 4688 φθόνος
2899 4611 2974 4673 ὡς
3026 4609 3272 4672 ἐκτόπως
3319 4606 3496 4672 δεινὸς
3535 4609 3627 4665 καὶ
3673 4609 3817 4684 ὑψη-

393 4702 718 4772 flammam,
752 4706 929 4773 atque
977 4699 1280 4755 materiem
1306 4698 1767 4754 comburendam
1807 4705 1862 4756 et
1892 4700 2047 4758 faces

2165 4699 2258 4768 λὴν
2321 4698 2486 4773 αἶ’ρων
2547 4700 2645 4768 τήν
2715 4697 2913 4778 φλόγα,
2969 4697 3108 4769 ὕλην
3167 4699 3366 4754 ὡσανεὶ
3425 4696 3662 4776 λιπαρὰν
3720 4699 3814 4754 καὶ

391 4796 526 4848 tuas
557 4792 810 4848 effecerit
850 4791 1114 4846 virtutes.
1147 4789 1216 4844 Et
1246 4805 1361 4843 non
1395 4787 1539 4844 satis
1570 4787 1715 4843 illud
1760 4789 2039 4860 immane,

387 4880 762 4936 vehementer
789 4880 923 4936 licet
943 4878 1330 4947 immane,sed
1361 4876 1537 4932 etiam
1567 4875 1800 4950 linguas
1835 4894 2040 4936 eorum

389 4969 543 5026 sicut
570 4969 794 5041 gladies
824 4969 1031 5024 exinde
1059 4971 1265 5024 contra
1294 4971 1350 5022 te
1382 4973 1666 5022 acuerunt
1695 4967 1960 5041 maligni,
1985 4974 2042 5025 et

387 5058 698 5114 consilium
750 5057 1038 5113 consiliati
1093 5060 1254 5126 sunt,
1287 5056 1387 5111 sed
1419 5073 1534 5111 non
1575 5055 1834 5128 sapiens,
1866 5063 2041 5129 prout

383 5151 537 5204 recte
560 5149 742 5204 Isaias
772 5151 828 5203 et
856 5146 1033 5202 David
1057 5145 1190 5202 illos
1217 5145 1654 5217 descripserunt
1687 5163 1700 5202 :
1733 5145 1828 5201 hic
1858 5147 2036 5202 etiam

383 5237 633 5292 mentita
679 5241 769 5292 est
817 5235 1100 5306 iniquitas
1151 5233 1284 5304 sibi,
1338 5238 1403 5288 ut
1452 5233 1532 5288 ait
1579 5234 1794 5290 iterum
1840 5235 2036 5292 divina

379 5325 702 5398 Scriptura,
748 5332 806 5380 ct
851 5323 1089 5392 invidia,
1143 5340 1274 5394 quae
1342 5321 1596 5394 pessime
1669 5325 2033 5394 pessumdat,

377 5413 500 5471 viro
532 5413 830 5470 innocenti
878 5430 994 5468 non
1052 5411 1370 5484 praevaluit.
1405 5411 1532 5466 Non
1564 5413 1720 5467 enim
1768 5414 2031 5469 futurum

377 5509 502 5560 erat
549 5508 615 5559 ut
662 5517 895 5576 semper
941 5501 1096 5557 Deus
1142 5500 1454 5568 sustineat,
1487 5505 1544 5556 et
1595 5500 1752 5558 sinat
1799 5501 2031 5559 invidiae

447 5646 559 5718 (19)
610 5648 850 5719 Forsan,
907 5640 1300 5719 βραδυτάτους,
1332 5644 1706 5704 coucinniore
1749 5663 1884 5703 cum
1933 5667 2030 5700 τα-

404 5721 480 5784 εῖς
509 5718 814 5776 antithesi.

2155 4789 2473 4862 ὑπέκκαυμα
2527 4788 2622 4851 τὰς
2677 4788 2770 4851 σὰς
2835 4789 3169 4862 ποιούμενος
3224 4788 3439 4864 ἀρετάς.
3499 4787 3600 4843 Καὶ
3656 4784 3812 4843 οὔπω

2149 4899 2210 4954 γε
2258 4883 2418 4932 τοῦτο
2469 4875 2656 4950 δεινὸν,
2705 4877 2898 4955 καίπερ
2949 4875 3067 4932 λίαν
3118 4876 3366 4953 ὑπάρχον
3419 4875 3616 4948 δεινὸν,
3665 4876 3813 4934 ἀλλᾶ

2149 4967 2239 5020 καὶ
2287 4967 2380 5028 τὰς
2431 4963 2684 5041 γλώττας
2734 4967 2896 5030 αὐτὸς
2954 4967 3031 5030 ὡς
3081 4966 3355 5045 ῥομφαίας
3404 4965 3643 5031 έντευθεν
3674 4967 3810 5021 κατά

2151 5061 2247 5110 σοῦ
2278 5060 2569 5130 στομοῦσιν
2601 5057 2653 5110 οἱ
2701 5057 2956 5131 πονηροὶ,
3012 5056 3102 5111 καὶ
3163 5056 3370 5132 βουλήν
3433 5052 3806 5131 βουλεύουσιν,

2148 5142 2276 5199 ἀλλ’
2337 5145 2398 5199 ού
2447 5146 2671 5215 συνετὴν
2703 5193 2719 5218 ,
2771 5143 2960 5208 καλῶς
3017 5148 3128 5220 (20)
3188 5142 3406 5206 Ἠσαίας
3462 5142 3658 5205 αὐτοὺς
3714 5141 3804 5196 καὶ

2149 5232 2312 5289 Δαυὶδ
2367 5234 2746 5304 ἐστηλίτευσαν
2783 5253 2796 5266 ⁶
2861 5233 2982 5290 ἔνθα
3052 5233 3143 5290 καί
3215 5232 3473 5308 ἐψεύσατο
3529 5233 3564 5300 ἡ
3626 5227 3808 5285 ἀδικία

2147 5325 2361 5394 ἑαυτὴν,
2389 5325 2454 5379 τὸ
2484 5332 2584 5394 τῆς
2616 5324 2758 5387 θείας
2799 5324 2888 5380 καὶ
2941 5322 3095 5388 αὖθις
3141 5323 3299 5403 φάναι
3349 5325 3590 5399 Γραφῆς,
3642 5319 3732 5375 καὶ
3779 5320 3807 5376 6

2144 5414 2351 5468 κάκιστ’
2407 5412 2786 5488 ἀπολούμενος
2833 5415 3029 5492 φθόνος
3079 5413 3319 5487 ἀμώμου
3360 5408 3468 5484 οὐχ
3516 5409 3809 5488 ὑπερίσχυ-

2143 5525 2249 5558 σεν.
2284 5501 2358 5556 Od
2406 5504 2509 5579 γὰρ
2557 5498 2761 5577 ἔμελλε
2813 5503 2977 5583 μέχρι
3021 5502 3223 5566 παντὸς
3268 5499 3600 5575 ἀνασχέσθαι
3649 5501 3802 5576 Θεὸς,

2214 5649 2327 5721 ('20)
2359 5648 2601 5720 Forsan,
2629 5648 2828 5712 καθώς.
