4132 6474
256 466 368 531 365

1263 467 1666 531 LAUDATIO
1710 465 2139 530 MICHAELIS
2181 468 2678 530 PALIEOLOGI.

3560 472 3680 533 366

253 598 380 661 οὐδὲ
423 603 834 677 παραχωρῆσαι
891 599 962 674 τῇ
1027 598 1267 676 πονηρίᾳ
1323 600 1376 662 ἐς
1424 601 1560 656 ἅπαν
1609 599 1914 677 παῤῥησιά-

2042 602 2208 658 .ibere
2239 601 2439 659 omnia
2470 602 2682 670 dicere,
2717 619 2789 658 ne
2820 618 2950 674 quae
3007 605 3162 676 apud
3207 620 3316 659 nos
3367 609 3686 661 evenerunt

259 695 434 761 ζεσοαι
469 733 486 760 ,
533 687 630 744 θίνα
684 689 760 762 μὴ
812 687 1132 764 ἀπρονόητα
1176 689 1425 767 φέρεσθαι
1485 687 1613 765 δόξῃ
1668 691 1737 744 τὰ
1791 690 1912 745 καθ’

257 782 403 854 ἡμᾶς
431 779 571 834 κατᾶ
595 779 728 841 τοὺς
759 776 812 850 ἐξ
840 777 1151 852 αὐτομάτου
1179 779 1248 834 τὰ
1275 780 1448 835 πάντα
1473 783 1793 856 γεννῶντας,
1823 778 1913 834 καὶ

249 868 434 925 κακίαν
468 865 673 923 δίκαιοι
710 868 1088 942 μεταμάθωσι.

317 957 518 1035 Περσὶς
551 955 610 1012 δὲ
651 954 846 1012 λοιπὸν
894 953 1025 1033 ἕσγε
1068 977 1129 1012 σε
1175 959 1308 1033 (21),
1357 957 1530 1014 νεόσει
1578 961 1676 1014 τοῦ
1722 958 1912 1035 Κρείο-

255 1068 406 1110 τονος
433 1048 536 1117 τήν
585 1040 888 1116 ἐπιϐουλὴν
941 1043 1256 1122 διαδράντα,
1307 1048 1398 1102 καὶ
1444 1048 1480 1118 ἠ
1535 1043 1807 1124 βάρϐαρος
1838 1054 1910 1123 γῆ

286 1135 308 1158 1r
454 1137 472 1156 κ
565 1137 577 1154 ι
737 1136 760 1154 η
1081 1135 1097 1158 \
1207 1141 1236 1151 -ι
1352 1135 1439 1164 nr;
1687 1137 1702 1157 ν
1802 1137 1816 1156 9

264 1140 397 1211 (ιστε
425 1135 484 1192 δε
506 1156 704 1200 παντες
739 1156 768 1191 o
814 1134 960 1213 λέγω
1007 1157 1099 1191 και
1144 1157 1240 1192 του
1289 1134 1601 1208 διοαςοντος
1647 1158 1745 1192 ουκ
1791 1139 1911 1193 ανέ-

267 1229 470 1302 χεσθε),
496 1224 583 1280 καὶ
632 1223 770 1296 αὕτη
823 1223 1009 1288 καλῶς
1060 1221 1229 1296 ἔσωζε
1273 1226 1366 1281 τὸν
1419 1225 1572 1304 φύσει
1621 1225 1910 1300 πολέμιον.

271 1312 632 1389 Θεμιποκλῆν
683 1314 828 1369 εἶπεν
879 1311 940 1369 ἄν
987 1335 1075 1378 τις
1119 1311 1303 1392 ἕτερον
1351 1317 1497 1392 παρά
1552 1317 1806 1392 Πέρσαις,
1851 1316 1911 1386 ἢ,

269 1403 498 1479 μάλιστά
547 1425 614 1481 γε
662 1400 1016 1479 οἷ’κειότερον,
1067 1405 1216 1482 παρᾶ
1265 1403 1499 1468 Σκύθαις
1551 1406 1800 1482 Ἀστέρα,
1848 1405 1912 1460 τὸ

257 1500 352 1564 τῆς
409 1491 752 1570 παροιμίας.
806 1491 966 1549 Ἀλλ’
1012 1490 1132 1548 οὐδ’
1179 1493 1406 1559 ἐνταῦθα
1459 1493 1750 1571 γενόμενος
1805 1498 1910 1550 τῶν

254 1583 500 1655 συνήθων
554 1581 812 1657 ἠμέλεις,
867 1580 988 1638 οὐδέ
1036 1578 1188 1658 ᾔδεις
1238 1583 1494 1660 κρύπτειν
1537 1584 1600 1638 τὸ
1633 1583 1912 1662 φρόνημα,

250 1694 339 1728 και
368 1669 689 1728 συστέλλειν
739 1672 809 1726 τὰ
836 1667 986 1748 ἔργα,
1034 1671 1127 1726 καὶ
1181 1678 1377 1748 σχῆμα
1422 1671 1755 1751 φαυλότερον
1803 1670 1911 1728 δει-

248 1761 452 1836 κνύναι,
511 1761 605 1816 καὶ
661 1761 725 1816 τὸ
771 1759 987 1824 ἀσθενὲς
1045 1760 1444 1838 ὑποκρίνεσθαι⁶
1497 1759 1622 1818 οὐδὲ
1667 1763 1769 1840 γὰρ
1824 1763 1915 1836 μέ-

249 1873 343 1928 χρι
408 1851 700 1926 μιμήσεως
754 1851 819 1905 τὸ
876 1850 1084 1927 ἀγεννὲς
1143 1848 1383 1928 ἐφιλεῖτό
1444 1871 1567 1906 σοι·
1621 1849 1768 1907 ἀλλὰ
1823 1852 1913 1907 καὶ

247 1939 452 2010 ταύτης
524 1941 640 2014 (22)
717 1938 1006 2014 ἀπανταχῆ
1087 1938 1379 2011 ἀνέστησας
1450 1939 1685 2018 τρόπαια
1741 1987 1756 2012 ,
1822 1940 1914 1996 καὶ

247 2031 510 2106 παρέςχει
557 2026 953 2103 εὐδαιμονῆσαι
997 2033 1116 2091 τοῖς
1168 2028 1420 2106 Πέρσαις,
1468 2031 1560 2086 καὶ
1604 2030 1731 2093 τοὺς
1769 2053 1913 2109 πρη-

248 2122 466 2195 στήρων
520 2116 682 2190 δίκην
737 2117 988 2181 ἐπιόντας
1053 2118 1405 2195 Μασσαγέτας
1453 2115 1725 2200 ἐφόϐησας
1774 2122 1912 2196 (23),

246 2209 338 2264 καὶ
397 2204 619 2271 οὐδενὸς
683 2204 945 2264 οὐδέποτε
998 2209 1061 2264 τὸ
1122 2209 1289 2285 μέχρι
1355 2213 1451 2264 σοῦ
1507 2209 1916 2276 ἐναντιωθέντος

246 2298 459 2371 αὐτοῖς,
521 2296 684 2360 αὑτός
745 2317 806 2352 τε
849 2297 1180 2375 στρατηγίας
1234 2297 1442 2372 μείζονι
1495 2297 1771 2375 ἐπιστήμῃ
1826 2299 1916 2355 καὶ

247 2385 503 2464 ἀνδρείας
554 2381 841 2462 ὑπερϐολῇ
887 2388 1026 2442 κατά
1070 2385 1366 2463 πρόσωπον
1415 2385 1577 2461 ἔστης
1611 2438 1626 2464 ,
1680 2391 1770 2446 καὶ
1827 2389 1917 2444 ἀν-

248 2475 457 2554 δρικῶς
509 2475 807 2552 ἠγωνίσω,
855 2475 946 2530 καὶ
992 2475 1252 2553 κράτιστα
1308 2476 1376 2548 δὴ
1433 2479 1649 2535 πάντων
1707 2479 1921 2556 ἀνθρώ-

247 2588 368 2622 πων
418 2567 518 2635 τὴν
570 2565 752 2642 ὁρμὴν
805 2563 1017 2620 ἐκείνων
1065 2564 1349 2640 ἀνέκοψας.
1400 2569 1503 2622 Καὶ
1547 2567 1690 2623 οὕτω
1725 2566 1920 2624 λοιπὸν

251 2658 290 2726 ἡ
322 2654 543 2730 πατρὶς,
574 2652 720 2709 οὕτω
751 2649 810 2708 δὲ
859 2653 951 2708 καὶ
1000 2655 1037 2724 ἡ
1079 2651 1394 2728 ἀλλοδαπή,
1426 2651 1588 2732 ἔσχον
1617 2654 1925 2711 ἀπολαῦσαί

258 2766 358 2800 σου
386 2747 498 2799 τῶν
531 2741 741 2816 καλῶν,
789 2743 882 2797 καὶ
931 2743 999 2812 ἦν
1047 2740 1242 2818 σχεδὸν
1297 2741 1476 2806 οὐδεὶς
1525 2743 1674 2808 ὅστις
1713 2745 1926 2822 ἀνθρώ-

254 2854 377 2890 πων
439 2829 687 2887 ἀπάντων
740 2837 842 2901 τῆς
889 2837 990 2896 σῆς
1034 2833 1230 2910 φήμης
1279 2833 1534 2904 ἀνήκοος.
1588 2833 1734 2909 Πρὸς
1760 2838 1929 2888 ταῦτα

255 2921 350 2979 καὶ
383 2917 700 2991 Μιλτιάδην
748 2919 841 2974 τὸν
895 2919 946 2974 έν
995 2921 1293 2996 Μαραθῶνι
1341 2920 1624 2998 παρῆλθες
1677 2927 1794 2984 τοῖς
1839 2917 1927 2997 ἔρ-

255 3032 403 3088 γοις,
458 3009 551 3065 καὶ
597 3005 979 3083 Θεμιστοκλῆν
1038 3009 1130 3064 καὶ
1201 3008 1430 3084 Κίμωνα
1481 3011 1573 3065 καὶ
1631 3010 1927 3087 Περικλῆν,

253 3099 388 3161 τοὺς
415 3099 534 3154 καθ’
573 3095 605 3153 ὅ
651 3119 706 3153 τι
757 3097 818 3152 ἂν
865 3095 1008 3152 εἴποι
1056 3118 1143 3161 τις
1193 3093 1681 3173 διαϐεϐοημένους,
1728 3100 1932 3156 συνέσει

254 3209 317 3244 τε
371 3187 466 3244 καὶ
520 3183 743 3266 ἀνδρείᾳ
797 3186 890 3242 καὶ
941 3187 1200 3264 καρτερίᾳ
1272 3190 1463 3263 ψυχῆς
1515 3233 1529 3261 ,
1592 3193 1786 3265 μακρῷ
1853 3193 1933 3261 τῷ

271 3277 425 3351 μέσῳ
455 3273 826 3352 παρέδραμες,
877 3273 970 3330 καί
1015 3277 1107 3331 τὸν
1155 3275 1207 3331 ἐν
1257 3274 1428 3349 Πύλῳ
1480 3276 1570 3332 καὶ
1613 3277 1934 3356 Σφακτηρίᾳ

269 3365 411 3422 κατᾶ
468 3361 915 3439 Λακεδαιμονίων
974 3363 1356 3440 ἀριστεύσαντα
1423 3367 1772 3440 Δημοσθένην
1826 3368 1938 3442 (24)
1969 3358 2012 3425 C

272 3453 341 3511 σὺ
393 3453 583 3517 καλῶς
644 3452 938 3531 ἀριστεύων
996 3451 1310 3530 ἀπέκρυψας
1344 3498 1358 3512 .
1429 3455 1727 3519 Παυσανίας
1801 3454 1860 3512 δὲ
1911 3457 1939 3511 6

270 3541 714 3617 Λακεδαιμόνιος
792 3542 901 3618 (καὶ
974 3542 1172 3598 τούτου
1247 3545 1421 3620 μάχαι
1511 3545 1942 3623 κατορθούμεναι

271 3635 343 3690 τὰ
395 3633 755 3710 γνωρίσματα
799 3633 890 3688 καὶ
945 3631 1140 3696 πόλεις
1217 3632 1571 3708 ἁλισκόμεναι
1627 3635 1785 3692 τόσαι
1849 3635 1940 3691 καὶ

273 3724 458 3797 τόσαι,
510 3721 600 3778 καὶ
649 3726 871 3798 Περσῶν
922 3722 1292 3799 ὗποχωροῦσα
1338 3721 1588 3798 δύναμις,
1635 3725 1726 3780 καὶ
1773 3727 1942 3800 θυμὸς

276 3813 372 3869 καὶ
430 3811 689 3892 φρόνημα
759 3818 861 3881 τῆς
935 3810 1193 3888 Σπάρτης
1259 3807 1572 3888 ἀπόζοντα),
1650 3813 1797 3870 ἀλλὰ
1851 3815 1942 3870 καὶ

279 3905 447 3965 οὗτος
496 3907 626 3964 παῖς
676 3895 1050 3977 παραϐάλλειν
1103 3903 1239 3979 πρὸς
1299 3902 1376 3960 σέ.
1435 3901 1698 3980 Βρασίδαν
1748 3901 1806 3959 δὲ
1848 3907 1939 3960 τὸν

279 3991 636 4065 Σπαρτιάτην
674 3991 842 4066 μέγαν
875 3987 990 4046 οἶδε
1034 3992 1124 4046 καὶ
1175 3989 1335 4046 αὐτὸν
1387 3993 1421 4061 ἡ
1471 3994 1754 4070 συγγραφὴ
1805 4000 1940 4048 Θου-

276 4080 508 4137 κυδίδου
542 4125 558 4152 ,
611 4079 704 4134 καὶ
774 4079 1202 4158 Ἀμφιπολίταις
1271 4078 1340 4134 δι’
1397 4081 1591 4157 ἀρετὴν
1664 4084 1945 4158 ’Ἅγνωνος

276 4171 762 4245 προτετιμημένον
810 4173 909 4224 τοῦ
956 4168 1199 4225 οἰκιστοῦ
1257 4171 1387 4243 (25)·
1439 4170 1501 4224 οὗ
1554 4171 1734 4244 μέντοι
1764 4193 1824 4248 γε
1853 4173 1945 4227 καὶ

284 4259 505 4336 μεγάλοι
553 4259 734 4335 λέγειν
769 4256 882 4329 ἐξὸν
911 4257 981 4313 τὰ
1023 4257 1252 4331 ἐκείνου,
1306 4257 1382 4321 εἷς
1435 4259 1656 4333 μνήμην
1708 4259 1946 4338 ἐρχομέ-

281 4371 393 4405 νων
445 4353 556 4404 τῶν
613 4351 721 4403 σῶν
760 4390 773 4404 .
833 4347 1158 4418 Σκηπίωνας
1216 4346 1307 4401 καὶ
1362 4341 1611 4411 ’Δννίϐας
1677 4349 1767 4403 καὶ
1819 4348 1947 4412 τοὺς

2024 691 2342 764 improvisa
2394 707 2522 748 esse
2568 693 2899 760 videantur,
2934 696 3001 748 ut
3048 693 3150 765 qui
3197 693 3438 749 fortuito
3488 695 3686 751 omnia

2023 779 2256 852 ginunt,
2287 784 2344 836 et
2373 783 2720 854 pravitatem
2742 781 2900 854 justi
2927 781 3256 839 dediscant.

2095 958 2270 1016 Persa
2317 959 2559 1031 quidem
2618 963 2824 1033 postea
2878 961 3087 1018 habuit
3125 965 3204 1031 te,
3236 962 3339 1019 Dei
3391 965 3542 1019 nutu
3598 963 3690 1019 in-

2023 1047 2207 1104 sidias
2263 1049 2662 1121 effugientem,
2690 1054 2747 1106 et
2800 1051 3056 1108 barbara
3111 1051 3290 1108 tellus
3320 1052 3508 1124 (scitis
3558 1070 3689 1108 om-

2023 1153 2127 1193 nes
2159 1138 2317 1209 quod
2351 1137 2482 1194 dico
2528 1144 2586 1194 et
2637 1156 2732 1196 me
2780 1144 3159 1197 narraturum
3208 1157 3325 1198 non
3372 1141 3682 1213 toleratis),

2023 1231 2080 1282 et
2108 1224 2212 1282 illa
2241 1229 2318 1295 te,
2351 1231 2566 1284 natura
2611 1228 2750 1285 licet
2778 1229 3109 1298 inimicum,
3144 1231 3364 1303 optime
3413 1230 3680 1287 servavit.

2022 1314 2470 1372 Themistoclem
2527 1317 2778 1374 alterum
2817 1319 2972 1391 apud
3022 1320 3230 1376 Persas
3283 1320 3528 1389 diceres,
3581 1324 3683 1376 aut

2024 1403 2180 1475 quod
2229 1404 2605 1477 potissimum
2659 1407 2878 1464 rectius
2930 1412 3041 1479 est,
3073 1410 3280 1465 Astera
3327 1410 3484 1481 apud
3535 1409 3680 1481 Scy-

2023 1493 2179 1564 thas,
2209 1498 2276 1550 ut
2305 1494 2484 1551 estin
2523 1496 2846 1569 proverbio.
2880 1497 2982 1552 Hic
3031 1502 3231 1556 autem
3281 1515 3314 1554 a
3361 1502 3679 1555 consuetu-

2022 1582 2160 1639 dine
2190 1600 2309 1640 non
2356 1583 2698 1642 discedebas
2719 1589 2776 1642 et
2804 1585 3109 1642 nesciebas
3161 1586 3349 1643 celare
3380 1587 3680 1654 ferociam,

2022 1675 2079 1728 et
2107 1671 2181 1730 ab
2212 1672 2485 1745 operibus
2517 1674 2835 1744 abstinere,
2868 1678 3046 1747 atque
3074 1674 3344 1732 habitum
3376 1677 3685 1733 ostendere

2021 1760 2422 1830 humiliorem,
2477 1765 2536 1818 et
2584 1761 2945 1820 debilitatem
2994 1763 3320 1820 simulare:
3356 1781 3471 1820 non
3526 1764 3684 1820 enim

2023 1864 2090 1906 eo
2120 1867 2309 1923 usque
2356 1868 2392 1907 a
2428 1855 2486 1909 te
2515 1853 2829 1909 amabatur
2858 1852 3220 1926 ignobilitas,
3253 1858 3322 1910 ut
3367 1870 3500 1910 eam
3550 1853 3685 1908 imi-

2023 1939 2166 1997 teris
2202 1955 2216 1996 :
2247 1941 2348 1996 sed
2379 1941 2438 1996 in
2479 1941 2580 1997 illa
2609 1946 2766 2000 terra
2813 1960 3000 2014 usque
3029 1959 3262 2015 quoque
3293 1943 3530 1999 erexisti
3558 1946 3684 1999 tro-

2024 2045 2167 2102 paea,
2199 2033 2258 2086 et
2285 2030 2493 2086 Persas
2528 2030 2588 2086 in
2637 2031 3026 2103 prosperitate
3072 2033 3456 2102 constituisti,
3490 2037 3548 2087 et
3578 2049 3684 2088 ceu

2023 2118 2198 2174 turbo
2248 2118 2461 2191 igneus
2514 2119 2806 2176 irruentes
2859 2120 3123 2176 terruisti
3177 2121 3563 2194 Massagetas,
3605 2126 3682 2192 et,

2027 2207 2243 2280 quibus
2283 2225 2456 2265 nemo
2490 2225 2754 2281 unquam
2787 2226 2978 2282 usque
3017 2211 3089 2266 ad
3119 2213 3176 2266 te
3205 2211 3552 2267 adversatus
3593 2227 3684 2267 es-

2028 2301 2140 2366 set,
2169 2295 2289 2354 illis
2325 2302 2389 2352 tu
2432 2297 2559 2370 ipse
2589 2315 2725 2354 cum
2756 2299 3016 2356 maxima
3064 2299 3311 2356 scientia
3357 2299 3598 2356 militari
3630 2304 3688 2357 et

2028 2386 2296 2442 inaudita
2311 2390 2468 2442 stren
2478 2385 2656 2442 uitate
2676 2403 2710 2442 a
2731 2387 2919 2443 fronte
2937 2387 3208 2444 restitisti
3224 2393 3284 2445 et
3301 2389 3550 2446 viriliter
3577 2406 3687 2462 pu-

2031 2475 2248 2550 gnasti,
2283 2479 2340 2531 et
2369 2474 2636 2531 omnium
2666 2475 2977 2532 hominum
3016 2477 3298 2533 acerrime
3327 2476 3564 2534 illorum
3595 2495 3692 2535 re-

2032 2563 2283 2620 tundisti
2314 2563 2622 2636 impetum.
2648 2566 2718 2620 Et
2757 2564 2840 2620 ita
2879 2566 3121 2621 demum
3152 2567 3365 2638 patria,
3397 2567 3479 2622 ita
3509 2571 3566 2623 et
3595 2585 3694 2624 ex-

2034 2657 2238 2710 tranea
2267 2669 2412 2725 gens
2443 2669 2510 2708 ex
2537 2651 2835 2725 praeclaris
2882 2653 3243 2711 facinoribus
3265 2656 3526 2712 fructum
3559 2672 3694 2728 per-

2037 2741 2228 2814 cipere
2285 2745 2622 2814 potuerunt,
2654 2747 2713 2797 et
2767 2742 2862 2797 vix
2918 2746 3044 2798 erat
3095 2742 3311 2815 aliquis
3371 2745 3473 2816 qui
3529 2748 3698 2801 tuam

2038 2832 2260 2887 famam
2289 2847 2408 2886 non
2441 2831 2759 2887 audierit...
2793 2831 2944 2897 Quin
2968 2831 3289 2888 Miltiadem
3320 2833 3475 2905 apud
3509 2834 3699 2890 Mara-

2038 2920 2280 2976 thonem
2312 2920 2494 2992 gestis
2524 2935 2884 2992 praegressus
2915 2937 2976 2977 es
3011 2937 3023 2975 :
3060 2926 3119 2977 et
3157 2921 3614 2979 Themistoclem
3646 2929 3704 2979 et

2040 3009 2341 3064 Cimonem
2372 3013 2430 3064 et
2459 3008 2760 3079 Periclem,
2790 3013 3080 3080 quantum
3122 3010 3258 3082 quis
3308 3011 3529 3067 diceret
3552 3010 3702 3067 cele-

2040 3097 2261 3166 bratos,
2294 3097 2612 3170 prudentia
2656 3104 2712 3153 et
2759 3099 3106 3154 strenuitate
3153 3103 3328 3170 atque
3377 3099 3558 3155 animi
3600 3117 3702 3172 pa-

2041 3185 2270 3254 tientia,
2323 3185 2496 3259 longe
2545 3187 2868 3258 superasti;
2903 3191 2961 3242 et
2990 3188 3442 3244 Demosthenem
3483 3188 3618 3261 Pylo
3649 3193 3707 3244 et

2044 3274 2395 3346 Sphacteriae
2463 3274 2742 3331 adversus
2810 3276 3282 3333 Lacedaemonios
3357 3278 3708 3334 strenuitate

2051 3363 2461 3437 conspicuum,
2493 3364 2621 3437 ipse
2656 3368 2760 3421 tua
2809 3366 3044 3438 egregia
3091 3366 3442 3422 strenuitate
3490 3367 3710 3423 obscu-

2050 3452 2214 3510 rasti.
2248 3453 2570 3509 Pausanias
2616 3458 2811 3509 autem
2863 3454 3338 3512 Lacedaemonius
3385 3457 3581 3528 (cujus
3613 3457 3712 3511 de-

2051 3559 2188 3599 cora
2219 3559 2233 3600 :
2267 3543 2592 3598 certamina
2641 3559 2917 3615 prospere
2960 3547 3146 3616 gesta,
3179 3548 3237 3600 et
3283 3547 3372 3600 tot
3400 3562 3467 3600 ac
3495 3548 3581 3600 tot
3610 3562 3714 3600 ur-

2052 3631 2154 3687 bes
2212 3635 2418 3702 captae,
2469 3635 2646 3703 atque
2694 3632 2921 3703 dejecta
2969 3633 3279 3689 Persarum
3339 3637 3622 3705 potestas,
3657 3637 3716 3689 et

2052 3719 2366 3792 prudentia
2407 3723 2585 3792 atque
2627 3721 2906 3776 fortitudo
2937 3721 3155 3792 quibus
3204 3723 3416 3794 Sparta
3463 3722 3714 3793 revixit),

2052 3808 2149 3864 ille
2180 3810 2358 3865 etiam
2399 3825 2546 3880 puer
2574 3813 2664 3865 est
2692 3809 2742 3866 si
2772 3814 2967 3865 tecum
3017 3812 3370 3867 conferatur.
3404 3812 3713 3867 Brasidam

2053 3899 2324 3970 equidem
2354 3901 2705 3970 Spartanum
2740 3905 2806 3954 ut
2834 3916 3118 3972 magnum
3149 3901 3326 3956 etiam
3353 3899 3559 3956 laudat
3589 3900 3710 3955 his-

2052 3987 2205 4042 toria
2276 3985 2669 4059 Thucydidis,
2729 3991 2932 4060 utpote
3006 4005 3182 4060 quem
3242 3988 3711 4060 Amphipolitani

2051 4075 2281 4148 Agnoni
2346 4076 2634 4132 conditori
2699 4078 3162 4149 praeposuerint;
3225 4081 3483 4133 attamen
3551 4076 3712 4132 illius

2055 4168 2219 4237 gesta
2249 4179 2466 4236 magna
2492 4164 2785 4236 appellare
2827 4182 2943 4221 non
2983 4166 3072 4221 fas
3104 4171 3212 4238 est,
3245 4183 3381 4221 cum
3413 4164 3708 4220 memoriae

2055 4257 2159 4309 tua
2198 4253 2600 4309 obversantur.
2635 4254 2938 4326 Scipiones
2985 4259 3042 4310 et
3088 4254 3410 4310 Annibales
3461 4258 3517 4310 et
3562 4255 3711 4324 Epa-

2059 4341 2372 4398 minondas
2405 4342 2562 4398 fama
2591 4344 2899 4414 praedicat;
2952 4343 3041 4399 illi
3086 4343 3243 4400 enim
3274 4345 3334 4399 in
3368 4360 3428 4399 re
3470 4342 3715 4397 militari

285 4438 704 4511 Ἐπαμεινώνας
757 4437 893 4510 (26),
937 4433 1122 4506 καλοὶ,
1168 4433 1333 4512 φησὶν
1378 4435 1406 4489 6
1437 4433 1626 4512 λόγος,
1683 4437 1775 4492 καὶ
1800 4435 1925 4493 οὗτο

2063 4430 2530 4487 administranda
2559 4431 2802 4489 solertes
2831 4437 2888 4488 et
2917 4432 3058 4489 clari
3087 4433 3464 4499 exstiterunt;
3499 4436 3556 4487 et
3584 4430 3715 4486 ideo

282 4523 568 4606 γεγόνασιν
621 4523 812 4600 ἄνδρες
867 4526 959 4580 καὶ
1008 4529 1328 4600 στρατηγεῖν
1389 4521 1600 4598 δεξιοί·
1659 4523 1807 4596 πλὴν
1865 4548 1925 4582 κα

2063 4519 2300 4576 illorum
2334 4519 2591 4576 facinora
2619 4538 2810 4594 usque
2831 4523 2903 4577 ad
2933 4526 2990 4577 te
3022 4522 3234 4578 mirata
3264 4523 3530 4588 fuerunt;
3563 4535 3723 4576 nunc

281 4617 355 4674 τὰ
383 4617 598 4673 τούτων
653 4613 822 4692 μέχρι
853 4618 950 4670 σοῦ
995 4615 1278 4688 θαυμαστά
1309 4632 1324 4647 °
1375 4611 1670 4691 ἐπειδήπερ
1721 4617 1922 4692 ἠγάπω

2067 4613 2264 4665 autem
2296 4609 2406 4664 hoc
2435 4609 2580 4665 satis
2610 4611 2912 4681 ducerent,
2942 4612 2992 4667 si
3022 4611 3203 4667 etiam
3240 4612 3394 4667 inter
3423 4611 3584 4666 vivos
3615 4626 3725 4664 nu-

291 4706 380 4780 ἂν,
445 4703 493 4760 εἶ
542 4702 621 4759 ἔτι
684 4705 819 4778 μετὰ
872 4707 980 4759 τῶν
1045 4705 1261 4772 ζώντων
1322 4701 1564 4778 ἐτέλουν,
1622 4705 1713 4760 καὶ
1770 4705 1817 4761 εἰ
1879 4729 1925 4780 μ⁴

2069 4703 2461 4768 mererentur,
2493 4717 2611 4755 non
2642 4699 2900 4756 multum
2943 4705 3077 4774 post
3120 4706 3177 4756 te
3225 4700 3516 4756 incedere.
3550 4699 3643 4753 Sic
3674 4701 3734 4754 et

285 4792 498 4866 πολλῷ
541 4814 638 4848 σου
685 4792 914 4848 κατόπιν
975 4789 1310 4868 βαδίζουσιν.
1362 4791 1517 4848 Οὕτω
1559 4794 1651 4848 καὶ
1710 4795 1925 4850 συνετοὶ]

2077 4787 2372 4860 sapientes
2401 4792 2458 4843 et
2488 4793 2756 4844 strenuos
2789 4789 3118 4846 obscurasti
3150 4794 3208 4845 et
3236 4790 3296 4844 in
3328 4789 3491 4845 omni
3519 4789 3734 4844 virtute

290 4885 387 4940 καῖ
444 4880 722 4958 ἀνδρείους
785 4880 1099 4959 ἀπέκρυψας
1135 4928 1148 4955 ,
1225 4882 1317 4937 καὶ
1391 4881 1528 4938 κατᾶ
1597 4890 1697 4953 τῆς
1767 4885 1925 4960 ἀρετῆ

2079 4876 2330 4933 retulisti
2365 4877 2621 4949 palmam
2646 4896 2658 4933 :
2680 4879 2823 4935 adeo
2855 4880 3026 4935 nobis
3057 4880 3316 4936 secunda
3345 4878 3556 4950 primis
3583 4881 3736 4933 tem-

294 4973 555 5029 ἁπάντων
588 4968 819 5048 ἤγειρας
847 4970 1130 5049 τρόπαιον·
1162 4974 1424 5026 τοσοῦτον
1463 4974 1600 5045 ἡμῖν
1649 4974 1716 5028 τὰ
1747 4971 1925 5051 δεύτερ

2079 4982 2192 5039 pus
2223 4966 2466 5023 meliora
2495 4967 2713 5024 attulit.

293 5066 412 5117 τῶν
446 5061 682 5137 πρώτων
710 5061 738 5114 6
768 5059 965 5136 χρόνος
1003 5058 1204 5136 βελτίω
1231 5059 1510 5136 ἐξήνεγκε.

374 5149 479 5206 Καὶ
507 5153 680 5207 ταῦτα
731 5151 916 5224 μέντοι
961 5148 1110 5223 μάλα
1157 5170 1242 5205 σοι
1290 5153 1640 5226 προσήκοντα
1685 5159 1786 5222 τῆς
1821 5155 1924 5229 βασ

2154 5147 2283 5204 Haec
2313 5151 2455 5204 sunt
2502 5149 2776 5219 equidem
2807 5149 3063 5205 maxime
3109 5149 3217 5206 tibi
3267 5165 3528 5222 congrua
3573 5146 3740 5220 regni

400 5310 497 5386 21)
528 5311 774 5386 Fugisse
803 5311 1148 5386 Michaelem
1189 5311 1262 5367 ad
1301 5312 1478 5368 Iconii
1506 5313 1828 5386 sultanum,
1861 5316 1975 5372 sibi

307 5401 349 5440 a
373 5383 688 5462 Theodoro
732 5383 965 5462 Lascari
994 5384 1346 5462 imperatore
1365 5391 1774 5462 _metuentem,
1799 5383 1976 5462 quem
2085 5383 2449 5462 Nicephorqs
2480 5383 2749 5462 Scythas,
2768 5383 2831 5462 in
2855 5383 3168 5457 Phrygiam
3191 5401 3324 5440 cum
3346 5383 3562 5462 magno
3584 5396 3739 5462 exex:

306 5455 590 5512 malevoli
627 5461 686 5512 et
734 5456 1007 5511 invidiosi
1038 5450 1262 5510 inimici
1312 5455 1592 5512 adversus
1639 5474 1703 5513 se
1751 5450 1980 5515 inﬂam-
2087 5450 2574 5509 citu'irruehanti
2598 5450 2883 5510 SeleCtam
2915 5450 3159 5512 su'o'rum
3202 5450 3745 5511 manum'Michaeli

308 5527 585 5610 mab‘ant,
647 5532 922 5584 narratur
971 5544 1006 5582 a
1055 5526 1382 5598 Nicephoro
1436 5527 1711 5601 Gregora,
1759 5531 1976 5587 Histor.
2089 5523 2360 5610 saltantis
2390 5541 2592 5610 parere
2614 5527 2814 5610 jussit.
2845 5529 3083 5610 ——_.Yide
3112 5527 3354 5610 Niceph.
3385 5526 3494 5580 loc.
3530 5541 3580 5579 c.

308 5600 495 5672 111,2.
571 5596 640 5672 ί,
872 5671 883 5672 7
1040 5668 1054 5672 _
1198 5596 1281 5672 __
1519 5596 1582 5672 _'
1697 5596 1702 5597 ί
1836 5667 1919 5672 γ,

2161 5597 2274 5672 (2(1)
2304 5596 2420 5672 ﬁes
2450 5601 2588 5672 nota
2617 5614 2649 5652 e
2678 5598 3018 5672 Thucydide
3047 5617 3115 5656 ac
3145 5596 3413 5655 Diodoro.

385 5666 517 5759 (22)
534 5669 750 5741 Ταύτης
796 5668 1168 5728 referendum
1213 5669 1285 5726 ad
1336 5669 1658 5741 superiora,
1699 5673 1734 5740 ἡ
1781 5667 1925 5748 βάρϐη

385 5762 412 5806 ς
442 5762 573 5814 γη»
656 5813 659 5814 ,
1334 5813 1347 5814 γ
1478 5811 1491 5814 -
1747 5813 1750 5814 ,
1804 5813 1807 5814 ,

2183 5666 2275 5738 25)
2304 5666 2450 5722 Vide
2483 5667 2745 5741 Thucyd.
2783 5666 2868 5738 1v;
2894 5688 2942 5727 ο.
2977 5672 3103 5729 102.

2162 5671 2279 5814 (26)
2307 5737 2398 5795 Sic
2440 5739 2643 5814 codex,
2675 5740 2801 5798 loco
2850 5744 3047 5803 forsan
3097 5745 3346 5814 integro,
3381 5749 3520 5800 cum
3567 5735 3755 5812 possit

306 5761 616 5897 ροῐῖἔῗῖῖο
644 5813 779 5890 ipso
807 5818 1073 5894 tempore
1115 5830 1232 5888 qno
1279 5813 1354 5872 ad
1403 5811 1706 5875 sultanum
1736 5813 1925 5877 Micha

2163 5739 2279 5814 (26)
2307 5739 2398 5795 Sic
2440 5739 2801 5810 codex,'loco
2850 5744 3047 5803 forsan
3097 5745 3346 5818 integro,
3381 5749 3520 5800 cum
3567 5739 3727 5812 possi

2094 5825 2223 5874 esse
2250 5810 2680 5890 praepositionis
2707 5814 2952 5894 ellipsis.

2125 5307 2584 5385 reﬁciscebatur,
2621 5312 2870 5385 Tartari,
2931 5329 3079 5385 quos
3131 5313 3491 5384 Massagetas
3548 5311 3736 5370 vocat,

2137 5380 2449 5457 icephorus
2480 5382 2749 5457 Scythas,
2770 5383 2831 5438 in
2855 5380 3168 5457 Phrygiam
3191 5380 3562 5457 cum—magno
3584 5396 3742 5457 exer:
