4132 6424
407 401 529 466 367

1439 395 1756 461 GEORGII
1799 394 2060 459 CYPRII
2104 396 2222 459 ΟΡ.
2272 396 2806 461 ΡΑΤΒΙΑΒΟΗΛΕ

3713 392 3844 459 368

412 533 718 608 prommia,
749 536 809 589 et
865 533 1143 590 decorum
1190 548 1260 587 ex
1313 531 1587 603 operibus
1634 530 2063 597 testimonium,

2189 528 2331 592 λείας
2386 529 2676 605 προοίμια,
2728 528 2833 584 κάκ
2878 532 2986 583 τῶν
3026 523 3201 605 ἔργων
3250 524 3531 605 πρέπουσα
3563 526 3841 604 μαρτυρία

413 624 572 695 quod
601 641 718 680 non
748 622 989 696 indigne
1011 621 1328 694 imperium
1359 621 1664 693 ingressus
1695 638 1777 678 es.

485 714 631 769 Cum
662 716 858 768 autem
889 713 1196 784 oportebat
1236 714 1294 767 te
1332 714 1419 766 tot
1447 727 1513 767 ac
1539 714 1839 767 tantarum
1870 725 2066 765 rerum

414 802 744 859 mercedem
776 819 811 857 a
833 801 951 857 Deo
995 800 1277 873 accipere,
1305 804 1362 856 et
1405 816 1508 873 pcr
1548 804 1607 856 te
1654 800 1798 873 erigi
1829 815 1923 855 res
1955 799 2067 855 Ro-

414 907 728 949 manorum
758 890 997 963 (etenim
1036 889 1259 962 duplici
1293 890 1431 961 jure
1477 905 1724 962 regnum
1752 888 1861 945 tibi
1889 886 2070 944 tribui

412 980 764 1052 videbatur),
795 984 853 1036 et
907 983 973 1035 ut
1016 978 1252 1035 virtutis
1302 978 1630 1051 praemium,
1663 981 1721 1034 et
1769 982 1836 1033 ut
1881 976 2071 1050 plebis

414 1070 701 1125 universze
726 1069 939 1142 gratia,
972 1067 1196 1140 aliquid
1239 1068 1433 1124 evenit
1470 1084 1650 1140 quam
1681 1066 1934 1123 maxime
1961 1082 2071 1121 no-

414 1158 665 1215 tandum
696 1163 753 1215 et
781 1157 1001 1213 mirum
1032 1162 1091 1213 et
1119 1172 1319 1213 revera
1364 1173 1513 1229 opus
1545 1156 1664 1211 Dei.
1698 1154 1959 1212 Transiit
1987 1154 2073 1210 in-

413 1248 582 1304 vidiae
616 1245 891 1319 procella,
913 1250 1148 1318 tempus
1178 1244 1327 1301 illud
1357 1244 1828 1315 obtrectationis;
1860 1248 1917 1300 et
1944 1247 2010 1299 tu
2042 1259 2074 1299 e

416 1336 718 1409 superiore
745 1335 982 1409 regione
1023 1334 1351 1392 lentissimo
1382 1334 1567 1407 gradu
1600 1349 1903 1407 regressus
1933 1349 2071 1389 con-

414 1443 659 1483 versans
696 1425 849 1482 inter
900 1441 1028 1494 nos,
1058 1440 1158 1481 ver
1205 1428 1417 1479 nostra;
1460 1422 1670 1480 salutis
1718 1422 2074 1496 presigniﬁ-

419 1532 581 1583 cans,
614 1519 674 1571 et
714 1515 775 1570 in
823 1513 994 1571 nobis
1051 1513 1391 1582 constitisti,
1421 1529 1571 1585 quos
1627 1513 1893 1569 futurum
1950 1515 2076 1569 erat

417 1609 487 1662 ut
514 1603 823 1676 splendore
852 1607 954 1659 tuo
984 1602 1308 1659 viridantes
1339 1606 1398 1658 et
1428 1601 1760 1658 fructiferos
1790 1601 2072 1657 efficeres.

418 1694 488 1750 Et
515 1697 573 1749 te
602 1709 739 1749 cum
783 1695 949 1748 tanta
975 1694 1189 1748 virtute
1236 1690 1419 1747 simul
1468 1708 1534 1747 ac
1582 1689 1985 1747 benevolentia
2012 1689 2074 1745 in

416 1781 603 1855 patria
651 1783 938 1838 reducens
992 1781 1281 1837 exercitus
1320 1784 1380 1837 et
1425 1779 1579 1837 bella
1631 1781 1845 1836 iterum
1902 1778 2079 1835 habe-

2179 621 2254 694 μὴ
2288 619 2345 674 ἂν
2379 620 2604 691 ἀναξίως
2627 614 2881 689 ἐπιϐῆναί
2910 641 2968 674 σε
2994 624 3098 688 τῆς
3130 617 3335 697 ἀρχῆς.

2247 708 2397 763 Ἐπεὶ
2446 706 2504 763 δὲ
2562 729 2619 763 σε
2671 709 2735 764 τὸ
2790 709 2951 786 γὲρας
3006 708 3145 784 πρὸς
3201 712 3337 763 Θεοῦ
3392 711 3499 763 τῶν
3555 706 3833 764 τοσούτων

2174 797 2265 854 καὶ
2310 796 2656 869 τηλικούτων
2705 795 2814 853 ἔδει
2867 792 3073 871 λαϐεῖν,
3118 796 3210 852 καὶ
3257 796 3553 870 Ῥωμαίοις
3596 795 3688 853 διὰ
3738 801 3838 853 σοῦ

2178 887 2582 957 ἐπανασωθῆναι
2655 887 2723 942 τὰ
2777 884 3071 963 πράγματα
3127 884 3240 961 (καὶ
3286 886 3389 963 γὰρ
3447 885 3689 965 φαίνεταί
3747 906 3836 942 σοι

2177 975 2248 1032 δι’
2278 975 2557 1053 ἀμφότερα
2604 977 2639 1045 ἡ
2682 974 2929 1052 βαςιλεία
2975 976 3371 1052 χορηγηθεῖσα,
3418 975 3510 1030 καὶ
3557 976 3634 1040 ὡς
3666 973 3836 1031 ἆθλον

2174 1073 2276 1136 τῆς
2332 1067 2549 1141 ἀρετῆς,
2607 1065 2696 1119 καὶ
2753 1064 2829 1126 ὡς
2884 1062 3161 1139 εὐεργεσία
3211 1064 3413 1126 παντὸς
3466 1068 3566 1120 τοῦ
3625 1063 3838 1139 λαοῦ),

2176 1154 2381 1233 γίνεταί
2427 1175 2481 1209 τι
2528 1154 2603 1217 ὡς
2654 1152 2776 1209 λίαν
2829 1151 3097 1230 ἐξαίρετον
3143 1150 3235 1208 καί
3285 1151 3584 1227 θαυμάσιον
3628 1154 3721 1209 καὶ
3760 1153 3840 1217 ὡς

2179 1244 2404 1316 ἀληθῶς
2459 1241 2611 1320 ἔργον
2665 1247 2822 1301 Θεοῦ.
2882 1248 3170 1319 Παρῆλθεν
3227 1243 3256 1298 6
3309 1246 3407 1298 τοῦ
3467 1244 3668 1322 φθόνου
3714 1262 3839 1320 χει-

2184 1335 2298 1408 μὼν
2350 1334 2485 1407 (27),
2544 1333 2573 1386 6
2628 1332 2817 1408 καιρὸς
2867 1331 3072 1394 ἐκεῖνος
3117 1338 3219 1402 τῆς
3270 1331 3582 1407 βασκανίαςο
3631 1332 3723 1388 καὶ
3774 1330 3844 1387 σὺ

2177 1421 2497 1496 κινούμενος
2530 1419 2730 1487 ἄνωθεν
2782 1423 2896 1497 (28)
2936 1418 3305 1499 σχολαιοτέρᾳ
3347 1423 3415 1495 τῇ
3465 1418 3674 1497 βαδίσει
3725 1422 3846 1495 (29)

2182 1510 2436 1587 ἐνδημεῖς
2484 1512 2620 1586 πρὸς
2648 1513 2831 1585 -ἠμᾶς,
2879 1507 2972 1588 ἔαρ
3018 1510 3334 1590 προφαίνων
3388 1511 3699 1587 σωτήριον,
3746 1508 3842 1564 καὶ

2183 1600 2455 1676 στηρίζεις
2508 1602 2637 1677 παρ’
2707 1602 2844 1675 ἡμῖν
2923 1599 3195 1671 ἐνταῦθα,
3254 1598 3348 1662 οῦς
3418 1597 3651 1674 ἔμελλες
3712 1597 3837 1655 ὅσον

2184 1689 2339 1746 οὔπω
2375 1695 2493 1753 ταῖς
2538 1687 2917 1766 εἲληθερήσεσι
2960 1686 3259 1760 τεθηλότας
3305 1688 3396 1744 καὶ
3440 1687 3707 1766 γονίμους
3757 1687 3845 1766 ἐρ-

2184 1779 2467 1855 γάσασθαι.
2526 1779 2627 1834 Καὶ
2685 1776 2752 1849 δή
2813 1799 2871 1833 σε
2931 1779 3065 1852 μετὰ
3118 1777 3379 1848 τοιαύτης
3427 1784 3532 1849 τῆς
3574 1776 3846 1855 ἐνεργείας

415 1873 581 1940 bant,
613 1875 671 1927 et
711 1871 927 1927 iterum
981 1887 1075 1927 res
1132 1874 1365 1927 nostras
1398 1869 1656 1925 victoriis
1714 1868 2072 1926 illustrabas.

2189 1871 2300 1944 ἅμα
2353 1869 2444 1924 καὶ
2498 1874 2600 1938 τῆς
2676 1869 2905 1945 χάριτος
2982 1864 3433 1941 ἐπιδεδημηκότα
3505 1866 3848 1945 ἐκστρατεῖαι

416 1962 545 2018 Νοιι
575 1964 700 2017 erat
756 1960 915 2017 enim
973 1964 1209 2033 tempus
1236 1959 1338 2014 ubi
1379 1960 1451 2015 ab
1503 1959 1598 2014 his
1629 1959 2026 2031 requiesceres
2059 1975 2072 2013 :

418 2051 544 2122 sed,
577 2050 749 2123 quasi
780 2066 850 2106 ex
891 2053 1104 2106 natura
1133 2053 1238 2105 tua
1265 2048 1514 2105 sortitus
1543 2064 1705 2104 esses
1754 2063 1986 2120 semper
2014 2045 2076 2102 in

419 2138 867 2196 discriminibus
895 2137 1114 2194 versari
1155 2142 1212 2193 et
1257 2136 1318 2191 in
1352 2135 1473 2192 vita
1522 2135 1782 2208 pericula
1828 2134 2077 2208 experiri

419 2232 550 2284 tum
579 2246 615 2284 a
644 2227 814 2284 nobis
863 2231 992 2283 tum
1037 2244 1072 2282 a
1115 2224 1408 2298 Barbarie,
1456 2229 1585 2281 tum
1633 2243 1667 2281 a
1713 2223 2078 2297 quibuslibet

421 2317 764 2374 hominibus
820 2316 974 2371 inter
1029 2332 1177 2387 quos
1209 2318 1584 2371 conversatus
1629 2332 1713 2384 es,
1753 2313 2079 2371 certamina

422 2405 530 2461 tibi
559 2406 966 2475 observantur,
994 2409 1072 2474 et,
1104 2420 1230 2461 rem
1276 2402 1717 2459 incredibilem!
1751 2404 1906 2475 quod
1954 2403 2080 2458 for-

420 2494 571 2550 tuito
603 2494 939 2566 contingere
990 2494 1141 2549 solet
1194 2492 1422 2549 θεοῖσι-ιε
1447 2493 1588 2565 (non
1636 2491 1795 2547 enim
1846 2507 2080 2563 semper

418 2582 827 2654 periclitantur
872 2581 1187 2653 homines),
1220 2581 1330 2637 hoc
1358 2581 1466 2636 tibi
1497 2596 1732 2652 semper
1760 2580 1989 2652 obtigit,
2022 2583 2081 2635 et

418 2688 538 2728 non
595 2672 833 2737 frustra,
870 2676 935 2726 ut
963 2671 1237 2739 arbitror,
1271 2687 1377 2727 nec
1430 2670 1655 2741 absque
1710 2669 2081 2725 Providentia

420 2777 548 2833 quas
578 2760 778 2817 omnia
807 2760 1119 2833 praenoscit
1163 2764 1223 2815 et
1269 2758 1521 2814 ordinat.
1554 2758 1874 2830 Oportebat
1896 2757 2076 2827 enim,

419 2851 727 2923 oportebat
764 2854 822 2905 te
862 2848 1067 2905 multis
1113 2848 1175 2904 in
1221 2848 1473 2905 caminis
1501 2851 1799 2904 versatum
1831 2863 1985 2915 esse,
2015 2851 2081 2902 ut

422 2940 508 2996 sic
551 2938 837 3011 probatus
887 2953 1200 3011 appareres
1229 2940 1287 2993 et
1315 2954 1493 3009 super
1521 2952 1733 2993 aurum
1783 2936 2079 2992 sincerum

423 3028 701 3101 fulgeres.

496 3208 650 3264 Dum
681 3222 819 3280 ergo
860 3205 1015 3261 circa
1059 3210 1117 3261 te
1162 3205 1245 3261 ita
1290 3221 1354 3261 se
1401 3221 1495 3262 res
1543 3204 1782 3275 habent,
1817 3202 2082 3261 concedit

2183 1958 2347 2015 πάλιν
2376 1956 2467 2013 καὶ
2497 1954 2737 2031 πόλεμοι
2794 1956 2960 2013 πάλιν
3012 1957 3163 2033 εἶχον
3207 1958 3334 2033 παρ’
3378 1956 3712 2029 αὐτοῖς,.καὶ
3737 1955 3844 2013 πά-

2185 2047 2273 2103 λιν
2304 2046 2479 2109 νίκαις
2510 2045 2764 2121 ἐκόσμεις
2803 2046 2873 2101 τὰ
2913 2047 3031 2101 καθ’
3059 2048 3229 2120 ἡμᾶς.
3281 2043 3419 2101 Οὐδὲ
3462 2046 3567 2123 γὰρ
3612 2048 3682 2116 ἧν
3722 2067 3847 2103 και-

2188 2137 2280 2213 ρὸς
2311 2134 2402 2192 ὅτε
2429 2135 2639 2191 τούτων
2669 2133 2966 2211 ἡσύχαζεςο
3019 2133 3165 2207 ἀλλ’,
3220 2132 3405 2212 ὥσπερ
3454 2138 3525 2209 τῇ
3575 2138 3644 2210 σῇ
3690 2135 3851 2214 φύσει

2185 2225 2611 2301 κεκληρωμένου
2658 2228 2757 2280 τοῦ
2804 2221 3023 2298 ὁμιλεῖν
3070 2224 3153 2279 ἀεὶ
3196 2228 3316 2287 τοῖς
3365 2221 3565 2287 δεινοῖς
3610 2225 3703 2280 καὶ
3754 2222 3848 2280 διὰ

2190 2314 2312 2392 βίδυ
2341 2320 2459 2376 τοῖς
2486 2311 2760 2376 κινδύνοις
2803 2310 3272 2389 παρεξετάζεσθαι,
3318 2314 3446 2389 παρ’
3489 2315 3650 2387 ἡμῖν,
3700 2314 3849 2389 παρὰ

2190 2399 2510 2481 βαρϐάροις,
2561 2404 2688 2479 παρ’
2734 2401 3098 2472 ὁσοισδήποτε
3141 2401 3336 2478 τύχοις
3383 2402 3685 2478 ἀνθρώπων
3712 2447 3729 2475 ,
3780 2401 3851 2458 τὰ

2184 2500 2285 2563 τῆς
2350 2494 2536 2568 μάχης
2591 2492 2826 2562 συνήντα
2880 2511 2987 2563 σοι,
3046 2490 3136 2546 καὶ
3190 2492 3253 2546 τὸ
3311 2489 3651 2569 παράδοξον,
3713 2491 3849 2569 ὅπερ

2186 2582 2429 2658 τυχαίως
2488 2575 2801 2655 συμϐαίνειν
2850 2579 3032 2644 εἰώθει
3076 2584 3193 2643 τοῖς
3243 2576 3437 2643 ἄλλοις
3477 2580 3565 2657 (ού
3612 2582 3715 2659 γὰρ
3764 2579 3851 2636 ἀεὶ

2185 2669 2585 2726 κινδυνεύουσιν
2667 2665 2968 2745 ἅνθρωποι)
3010 2713 3025 2740 ,
3082 2668 3246 2724 τοῦτό
3320 2690 3407 2725 σοι
3482 2667 3573 2724 διὰ
3647 2669 3853 2732 παντὸς

2190 2759 2457 2833 ἐξεγένετο
2505 2758 2597 2814 καὶ
2637 2757 2738 2813 οὐκ
2783 2758 3226 2837 άσυμφερόντως,
3290 2758 3416 2834 ἐμοὶ
3474 2756 3674 2832 δοκεῖν,
3735 2756 3853 2814 οὐδ’

2190 2846 2292 2922 ἔξω
2348 2848 2607 2925 προνοίας
2664 2846 2755 2903 καὶ
2810 2848 3154 2924 προμηθείας
3225 2854 3328 2919 τῆς
3406 2845 3725 2920 διοικούσης
3789 2847 3855 2903 τὸ

2188 2945 2316 2995 πᾶν.
2359 2936 2508 2993 Ἔδει
2567 2937 2694 3014 γὰρ,
2757 2931 2865 2992 ἔδει
2922 2958 2980 2992 σε
3034 2936 3254 3001 πάντως
3295 2936 3537 3002 πολλοῖς
3584 2936 3855 3016 πρότερον

2191 3025 2538 3103 ὁμιλήσαντα
2612 3029 2730 3088 τοῖς
2784 3024 3187 3102 χωνευτηρίοις
3219 3072 3236 3099 ,
3285 3024 3432 3081 οὕτω
3508 3024 3738 3102 δόκιμόν
3795 3046 3857 3083 τε

2191 3123 2423 3197 φανῆναι
2448 3116 2540 3172 καὶ
2574 3115 2707 3191 ὑπὲρ
2737 3115 2829 3170 τὸν
2860 3109 3168 3186 ἀκίϐδηλον
3201 3112 3419 3190 λάμψαι
3447 3115 3677 3193 χρυσόν.

2261 3210 2559 3283 Τοιγαροῦν
2619 3204 2710 3260 καὶ
2765 3202 2910 3260 οὕτω
2965 3225 3085 3267 πως
3141 3203 3380 3281 ἐχόντων
3438 3208 3547 3261 τῶν
3603 3204 3730 3281 περὶ
3773 3204 3853 3277 σὲ,

425 3300 669 3367 natum,
711 3299 888 3369 atque
938 3295 1155 3368 migrat
1198 3311 1230 3350 e
1276 3294 1453 3350 rebus
1499 3294 1759 3362 caducis,
1789 3293 1893 3365 qui
1937 3298 2077 3349 tunc

2193 3293 2499 3370 λειτουργεῖ
2548 3293 2616 3346 τὰ
2674 3290 3007 3370 ὀφειλόμενα
3058 3294 3129 3366 τῇ
3186 3290 3410 3367 γενέσει,
3459 3292 3552 3347 καὶ
3602 3291 3857 3368 μεθίστα-

423 3385 711 3459 temporis
739 3385 801 3439 in
830 3384 1042 3440 throno
1086 3383 1392 3455 potestatis
1418 3382 1733 3439 insidebat.
1767 3382 2083 3454 Oportebat

426 3479 624 3531 autem
655 3473 884 3546 plebem
924 3474 985 3527 in
1034 3472 1144 3527 hac
1175 3471 1522 3528 necessitate
1566 3473 1905 3540 adductam,
1936 3472 2079 3527 duc-

423 3567 550 3620 tore
598 3566 852 3631 mortuo,
882 3561 1218 3619 visitatione
1249 3577 1317 3617 ex
1354 3560 1473 3618 alto
1515 3562 1719 3633 utique
1745 3561 1993 3630 visitari,
2025 3565 2084 3617 et

424 3652 486 3707 in
520 3651 762 3709 meliore
791 3655 950 3708 statu
999 3650 1300 3707 constitui.
1333 3654 1402 3706 Et
1449 3667 1568 3707 non
1616 3667 1725 3707 nos
1774 3650 2081 3707 sublevare

422 3742 640 3814 tardat,
673 3756 781 3797 nec
830 3744 1098 3797 moratur
1146 3740 1246 3813 qui
1296 3740 1497 3796 omnia
1549 3739 1734 3810 videt;
1794 3740 2081 3796 festinans

426 3835 648 3898 autem,
679 3830 821 3887 facit
874 3846 980 3903 per
1030 3834 1089 3885 te
1133 3829 1555 3901 visitationem,
1587 3833 1645 3885 et
1681 3829 1877 3885 visitat
1933 3844 2082 3901 quos

425 3919 732 3993 oportebat
772 3918 1110 3975 visitatione
1151 3917 1372 3986 divina,
1405 3918 1559 3973 sicut
1607 3933 1920 3990 oppressos
1972 3917 2082 3973 luti

424 4013 484 4065 et
535 4008 735 4066 lateris
793 4008 1067 4081 operibus
1117 4024 1223 4079 per
1274 4010 1531 4080 Moysem
1570 4006 1895 4079 (visitavit),
1928 4006 2083 4063 sicut

423 4098 659 4154 eosdem
708 4101 870 4153 extra
916 4102 1135 4152 terram
1184 4100 1451 4153 sanctam
1510 4100 1941 4152 commorantes
1979 4110 2084 4167 per

422 4187 624 4255 Josue,
656 4190 723 4242 ut
751 4202 856 4259 per
884 4186 1065 4242 David
1105 4185 1283 4241 Israel
1332 4186 1405 4241 ab
1455 4184 1586 4241 aliis
1642 4184 1877 4257 populis
1904 4200 2079 4241 vexa-

420 4282 573 4348 tum,
605 4281 661 4332 et
688 4279 745 4331 te
771 4291 967 4348 regem
1018 4274 1210 4331 sancit
1239 4279 1299 4331 et
1329 4274 1502 4347 ungit
1549 4279 1727 4347 caput
1753 4278 1925 4330 tuum
1956 4273 2080 4330 oleo

421 4364 829 4422 exsultationis
861 4381 978 4436 prae
1001 4364 1278 4420 omnibus
1300 4364 1439 4419 ﬁliis
1468 4363 1780 4420 hominum
1812 4363 2077 4434 ejusdem

420 4453 795 4510 consortibus
826 4460 1081 4522 naturae;
1121 4457 1180 4508 et
1208 4452 1558 4509 salvatorem
1591 4453 1992 4508 Romanorum
2022 4456 2082 4508 et

417 4544 816 4612 liberatorem,
841 4547 898 4599 et
925 4548 975 4599 si
1006 4542 1145 4615 quid
1180 4542 1341 4599 aliud
1372 4542 1680 4598 salvatoris
1705 4557 1920 4598 nomen
1951 4541 2079 4597 dari

420 4638 637 4707 potest,
668 4637 748 4705 te,
778 4649 899 4699 rex,
931 4631 1201 4704 praebuit,
1235 4647 1306 4687 ex
1347 4631 1495 4704 ipsis
1544 4631 1818 4703 operibus
1845 4630 1954 4687 tibi
1983 4647 2079 4688 co-
2111 4659 2161 4726 Β

420 4738 675 4795 gnomen
701 4725 1112 4779 consecutum.

495 4993 625 5047 llaec
655 4991 766 5046 fuit
794 4991 965 5047 nobis
995 4991 1189 5063 prima
1212 4989 1450 5047 urbium
1484 4989 1768 5047 serenitas
1793 4993 1850 5046 et
1880 5005 2079 5047 rerum

420 5081 772 5137 instauratio
803 5085 860 5137 et
896 5082 1090 5137 omnis
1133 5079 1263 5136 vitae
1308 5080 1379 5135 ad
1432 5079 1676 5136 meliora
1723 5079 2026 5136 conversio
2062 5094 2075 5135 :

418 5169 556 5227 hinc
585 5169 777 5243 posita
807 5174 946 5226 sunt
982 5170 1369 5226 fundamenta
1400 5172 1614 5226 nostrae
1647 5169 2078 5242 prosperitatis,

488 5385 601 5457 (27)
632 5382 902 5457 Innuitur
927 5382 1297 5457 simultatum
1319 5383 1487 5457 inter
1512 5383 1856 5441 Michaelem
1888 5389 1945 5441 et
1973 5385 2079 5441 im-

415 5454 743 5529 peratorem
775 5454 1377 5529 finis.AVide_Niceph.
1411 5456 1582 5529 Greg.
1618 5474 1707 5527 ιιι,
1732 5460 1790 5525 2,
1817 5458 1871 5511 3.

488 5528 603 5600 (28)
634 5528 717 5600 Ex
745 5525 1001 5600 Phrygia
1029 5525 1276 5600 scilicet.

632 5598 780 5675 Nota
807 5596 885 5675 ini
900 5596 1166 5675 margine
1194 5617 1287 5675 γρ.
1316 5601 1388 5671 τῇ
1423 5596 1595 5675 βάσει.

486 5670 600 5739 (30)
634 5670 973 5728 Theodorus
1002 5670 1290 5728 Lascaris.

486 5740 603 5825 (31)
644 5745 866 5804 Auctor
914 5741 1105 5820 Epist.
1154 5743 1228 5805 ad
1285 5741 1463 5806 Hebr.
1509 5760 1556 5815 ι,
1600 5745 1638 5803 9
1687 5760 1705 5808 :
1754 5740 1861 5801 Διὰ
1914 5744 2076 5808 τοῦτο

2187 3405 2275 3439 ται
2322 3387 2432 3438 τῶν
2484 3381 2715 3459 ῥεόντων
2766 3381 2795 3435 ὁ
2824 3381 2941 3435 κατ’
2988 3380 3161 3436 ἐκεῖνο
3207 3385 3402 3457 καιροῦ
3455 3380 3545 3437 ἐπὶ
3588 3386 3688 3438 τοῦ
3732 3381 3863 3460 θρό-

2188 3494 2285 3529 νου
2312 3475 2412 3542 τῆς
2445 3472 2625 3548 ἀρχῆς
2675 3468 3035 3543 καθεζόμενος
3080 3471 3216 3544 (30).
3266 3468 3360 3533 Εἷς
3385 3474 3549 3527 τοῦτο
3590 3468 3650 3526 δὲ
3674 3470 3858 3547 τύχης

2188 3563 2280 3617 τὸν
2333 3560 2464 3616 λαὸν
2514 3557 2830 3639 ἀφιγμένον,
2880 3559 2969 3613 καὶ
3020 3562 3121 3613 τοῦ
3170 3556 3507 3637 δημαγωγοῦ
3554 3559 3863 3638 παρελθόν-

2187 3672 2304 3723 τος,
2338 3648 2447 3705 ἔδεί
2474 3649 2687 3711 πάντως
2740 3646 3014 3720 ἐπισκοπῇ
3054 3646 3375 3727 ἐπεσκέφθαι
3433 3647 3487 3720 ἐξ
3536 3647 3712 3724 ὕψους
3759 3649 3853 3704 καὶ

2186 3740 2324 3816 πρὸς
2374 3737 2579 3815 βελτίω
2636 3738 2878 3814 γενέσθαι
2929 3738 3288 3795 κατάστασιν.
3329 3737 3429 3793 Καὶ
3480 3734 3549 3807 δὴ
3606 3737 3670 3793 οὗ
3714 3737 3855 3812 μὲλ-

2192 3829 2275 3885 λει
2306 3828 2444 3905 πρὸς
2492 3829 2592 3897 τὴν
2642 3826 2852 3903 χρείαν,
2890 3823 3007 3881 οὐδ’
3052 3824 3415 3883 ἀναοάλλεται
3474 3827 3503 3881 6
3541 3823 3696 3883 πάντ’
3724 3826 3855 3905 ἐφο-

2191 3923 2322 3995 ρῶν·
2378 3917 2619 3995 ταχύνας
2668 3915 2746 3990 δὲ,
2804 3920 3043 3972 ποιεῖται
3100 3913 3191 3971 διὰ
3246 3920 3343 3972 σοῦ
3394 3916 3495 3987 τήν
3547 3915 3853 3986 ἐπισκοπὴν

2190 4008 2301 4083 (καὶ
2359 4006 2736 4065 ἐπισκέπτεται
2792 4005 2887 4069 οὓς
2940 4002 3048 4060 ἔδει
3121 4004 3395 4081 ἐπισκοπῇ
3452 4004 3718 4084 θειοτέρᾳ,
3776 4005 3858 4069 ὡς

2188 4099 2313 4161 τοὺς
2358 4102 2437 4171 τῷ
2476 4095 2644 4170 πηλῷ
2672 4096 2762 4152 καὶ
2807 4098 2879 4170 τῇ
2925 4092 3183 4167 πλινθείᾳ
3226 4095 3716 4171 ταλαιπωροῦντας
3763 4091 3859 4152 διὰ

2189 4186 2451 4261 Μωσέως,
2483 4187 2560 4249 ὡς
2600 4184 2729 4249 τοὺς
2769 4182 2965 4248 αὐτοὺς
3014 4183 3243 4247 τούτους
3293 4181 3363 4239 δι’
3392 4185 3575 4255 Ἰησοῦ
3620 4181 3723 4255 ἔξω
3751 4190 3861 4254 τῆς

2190 4277 2342 4354 ἁγίας
2396 4270 2773 4353 διατρίϐοντας
2819 4277 2942 4351 γῆς,
2998 4273 3074 4336 ὠς
3133 4270 3224 4329 διὰ
3272 4270 3437 4328 Δαυῒδ
3487 4273 3580 4329 τὸν
3627 4270 3857 4348 Ἰσραὴλ

2190 4368 2294 4422 ὑπὸ
2339 4371 2448 4421 τῶν
2510 4363 2845 4444 ἀλλοφύλων
2892 4362 3278 4437 κακούμενον),
3327 4362 3418 4419 καὶ
3466 4359 3745 4438 βασιλεύει
3772 4382 3853 4434 σε,

2187 4456 2279 4511 καὶ
2308 4455 2454 4531 χρίει
2488 4476 2584 4509 σου
2625 4455 2725 4523 τὴν
2770 4451 3015 4532 κεφαλὴν
3052 4449 3437 4529 ἀγαλλιάσεως
3484 4448 3658 4526 ἐλαίῳ
3705 4452 3856 4529 παρὰ

2187 4544 2390 4607 πάντας
2442 4544 2743 4621 ἀνθρώπων
2796 4540 2950 4605 υἱοὺς
2992 4540 3123 4605 τοὺς
3170 4548 3273 4612 τῆς
3327 4541 3498 4613 αὐτῆς
3552 4540 3858 4619 μετασχόν-

2188 4656 2284 4698 τας
2330 4634 2540 4711 φύσεως
2587 4636 2726 4707 (31),
2773 4632 2865 4688 καὶ
2914 4633 3135 4709 σωτῆρα
3180 4631 3466 4706 Ῥωμαίων
3511 4630 3604 4687 καὶ
3654 4630 3857 4709 ῥύστην

2188 4724 2281 4779 καὶ
2335 4720 2617 4797 κηδεμόνα
2648 4767 2663 4796 ,
2719 4722 2812 4777 καὶ
2870 4717 2925 4776 εἷ’
2972 4742 3025 4777 τι
3081 4720 3279 4776 τούτου
3338 4717 3852 4799 σωτηριωδέστερον

2189 4813 2385 4889 ὐνομα,
2415 4812 2494 4883 σὲ,
2548 4808 2793 4889 βασιλεῦ,
2847 4807 3239 4885 ἀναδείκνυσιν,
3288 4806 3470 4888 ἔργοις
3517 4809 3706 4875 αὐτοῖς
3746 4811 3848 4881 τὴν

2190 4901 2506 4977 ἐπωνυμίαν
2538 4902 2791 4978 κυρώσας
2824 4921 2931 4958 σοι.

2258 4992 2407 5064 Αὕτη
2467 4990 2648 5047 τοίνυν
2707 4992 2842 5064 ἡμῖν
2900 5009 3095 5064 πρωτη
3165 4987 3383 5046 πόλεων
3444 4986 3711 5065 εὖημερία
3760 4987 3853 5042 καὶ

2187 5081 2509 5145 κατάστασις
2560 5080 2899 5157 πραγμάτων
2980 5079 3070 5134 καὶ
3154 5080 3277 5154 βίου
3342 5079 3539 5141 παντὸς
3592 5077 3731 5153 πρὸς
3783 5075 3847 5129 τὸ

2154 5171 2408 5249 Δβέλτιον
2470 5168 2827 5245 μεταποίησις
2861 5188 2875 5203 ο
2936 5167 3176 5226 ἐντεῦθεν
3252 5167 3454 5246 κρηπὶς
3528 5158 3843 5234 κατεϐλήθη

2189 5383 2376 5462 ἔχρισε
2408 5406 2466 5462 σε
2521 5386 2548 5440 6
2607 5383 2762 5462 Θεᾷς,
2818 5384 2848 5439 6
2880 5382 3009 5447 Θεός
3058 5404 3178 5462 σου,
3231 5380 3415 5462 ἔλ-αιον
3464 5374 3848 5462 ἀγαλλιάσεως

2187 5452 2334 5533 παρὰ
2387 5456 2513 5519 τοὺς
2572 5452 2842 5532 μετόχους
2901 5477 3017 5511 σου.
3073 5456 3415 5533 Notandum
3472 5452 3846 5533 Gregorium,

2188 5525 2536 5604 scriptorem
2565 5525 3016 5604 accuratum__et
3055 5528 3320 5604 doctum,
3350 5525 3653 5604 respuisse
3704 5525 3848 5600 pra?-

2187 5597 2330 5659 νο.ιή
2354 5602 2647 5678 syntaxim
2676 5605 2863 5680 χρῖσαι
2894 5597 3105 5674 ἔλαιον,
3126 5605 3184 5659 et
3201 5598 3397 5660 dativo
3420 5597 3685 5675 legitimo
3705 5597 3848 5659 csse

2188 5691 2386 5734 usum.
