4132 6434
283 406 413 475 369

1298 401 1708 469 LAUDATIO
1752 398 2178 467 MIGHAELIS
2217 399 2713 469 PALEOLOGI.

3599 403 3721 470 3'70

278 545 387 613 τῆς
434 533 711 615 ἡμετερας
761 530 1130 611 εὐδαιμονίας.
1178 537 1350 592 Τοῦτο
1408 536 1637 613 γεγονὸς
1684 535 1784 604 τὴν
1834 534 1948 598 καθ’

2069 534 2216 593 illud
2247 537 2545 595 fortunam
2575 539 2855 596 adversus
2880 553 2987 596 nos
3013 539 3394 612 pugnantem,
3419 537 3573 597 sicut
3592 543 3717 597 tor-

281 632 450 705 ἡμῶν
499 629 934 704 πρατευομενην
983 624 1194 702 Τύχην,
1247 622 1431 702 ὥσπερ
1480 622 1789 702 χειμάρρου
1850 644 1949 700 φο-

283 721 408 799 ρὰν,
447 717 811 794 ἀνεχαίτισεν.
844 716 1083 794 Ἐφάνης
1128 715 1229 792 γὰρ
1281 715 1310 769 ὁ
1365 714 1527 788 μόνος
1578 713 1758 776 ἱκανὸς
1802 712 1949 767 ἀντι-

283 805 455 880 ϐῆναι
481 812 601 870 τοῖς
641 803 1047 881 δυστυχήμασι,
1077 803 1169 860 καὶ
1220 802 1384 880 λόγος
1438 803 1657 880 ὑπῆρχε
1701 806 1807 858 τῶν
1858 799 1952 856 λυ-

282 897 534 955 πούντων
582 892 788 958 οὐδείς.
831 894 1108 970 Ἀνὲσχες,
1158 893 1204 947 ὦ
1260 890 1396 969 μὲγα
1440 890 1719 971 φωσφόρε,
1748 889 1839 945 καὶ
1883 890 1952 944 τὰ

282 992 394 1045 τῶν
444 985 658 1063 ἐχθρῶν
707 983 868 1063 νὲφη,
917 984 1053 1056 ἅπερ
1112 980 1392 1037 συνίστατο
1438 981 1555 1036 καθ’
1602 983 1786 1054 ἡμῶν,
1837 976 1950 1033 διε-

285 1074 434 1147 λύθη
462 1096 522 1131 τε
546 1079 913 1150 παραχρῆμα,
944 1071 1036 1128 καὶ
1086 1067 1201 1127 οὐδ’
1253 1070 1300 1126 εἰ
1347 1070 1445 1139 τὴν
1494 1069 1673 1146 ἀρχὴν
1720 1069 1945 1138 συνέστη

289 1166 632 1242 γινώσκεται.
680 1161 836 1218 Οὕτω
886 1162 1044 1231 κοινὴ
1107 1157 1237 1233 δόξα
1275 1157 1571 1233 Ῥωμαίοις
1617 1160 1653 1228 ἡ
1703 1159 1770 1227 σὴ
1823 1154 1951 1228 δόξα

288 1255 590 1333 γεγένηται,
636 1250 782 1308 οὕτω
829 1248 924 1306 καί
966 1255 1071 1321 τῆς
1102 1255 1201 1320 σῆς
1238 1247 1422 1325 τύχης
1454 1246 1641 1310 καλῶς
1671 1247 1741 1302 τὰ
1776 1246 1950 1302 πάντα

290 1344 406 1414 ἀπή
413 1342 595 1400 λαυσε.

353 1431 453 1488 Καὶ
501 1429 570 1502 δὴ
616 1429 849 1506 λαμπρὰ
898 1427 990 1502 μὲν
1045 1447 1142 1482 σου
1188 1427 1279 1481 καὶ
1332 1423 1431 1480 ὅσα
1479 1446 1563 1488 τις
1615 1422 1733 1501 ἔχει
1768 1422 1944 1501 λέγειν

279 1522 388 1597 πρὸ
433 1527 538 1592 τῆς
587 1519 791 1597 ἀρχῆς
841 1516 1042 1589 πολλῷ
1108 1514 1167 1571 δὲ
1228 1512 1447 1571 καλλίω
1508 1515 1598 1570 καὶ
1654 1514 1943 1593 περιφανέ-

273 1631 442 1689 στερα
510 1607 603 1665 καὶ
671 1607 835 1685 λόγον
898 1604 1092 1662 οὐδένα
1152 1604 1415 1661 λείποντα
1482 1599 1819 1680 ὑπερϐολῆς,
1878 1604 1947 1659 τὰ

280 1701 422 1776 μετᾶ
468 1700 572 1769 τήν
619 1697 825 1775 ἀρχήν.
857 1694 986 1751 Τίνα
1014 1692 1074 1750 δὲ
1104 1694 1254 1770 λέγω
1300 1694 1370 1748 τὰ
1414 1693 1524 1767 πρὸ
1567 1700 1669 1763 τῆς
1720 1693 1940 1768 ἀρχῆς;

272 1793 362 1850 Τὰ
394 1788 573 1864 σεμνὰ
600 1787 1054 1864 στρατηγήματα,
1083 1784 1153 1839 τὰ
1201 1784 1338 1839 κατὰ
1385 1786 1495 1838 τῶν
1541 1781 1751 1859 ἐχθρῶν
1797 1781 1940 1859 ἀγω-

269 1880 531 1954 νίσματα,
608 1875 705 1940 τὰς
767 1878 1079 1954 περιφανεῖς
1148 1871 1320 1945 νίκας,
1369 1868 1631 1942 τᾶπίδοξα
1687 1869 1941 1948 τρόπαια,
1973 1909 2023 1974 Β

267 1965 456 2025 τᾶλλα
501 1965 603 2022 ὅσα
647 1962 739 2021 καί
788 1966 876 2020 οἶα
926 1961 1283 2040 διαπέπραξαι
1332 1959 1755 2038 ἀγωνιζόμενος,
1820 1961 1945 2036 βου-

271 2056 601 2132 λευόμενος,
635 2053 689 2110 ἐν
740 2053 916 2127 νυκτὶ,
967 2052 1021 2108 ἐν
1067 2052 1272 2127 ἡμέρᾳ,
1319 2050 1372 2107 ἐν
1422 2049 1609 2128 χρόνῳ
1647 2046 1807 2105 παντί
1852 2048 1942 2104 καὶ

268 2147 452 2221 τόπῳ.
486 2143 645 2204 Ἀλλ’
695 2142 812 2200 ἐπεὶ
862 2140 1126 2213 κατέστης
1172 2140 1262 2196 ἐπὶ
1304 2144 1413 2196 τῶν
1471 2141 1784 2216 σκήπτρων,
1817 2159 1943 2194 τοσ-

272 2242 436 2294 οῦτον
488 2232 914 2311 ὁπερηκόντισας
962 2233 1103 2306 (πῶς
1168 2229 1229 2285 ἂν
1293 2226 1504 2304 εἷ’ποιμι
1574 2229 1944 2304 εὐπρεπῶς;),

274 2325 405 2383 ὅσον
441 2326 857 2401 μοναρχοῦντος
903 2319 994 2377 καὶ
1043 2323 1354 2396 στρατηγοῦ
1401 2320 1467 2374 τὸ
1514 2316 1772 2397 διάφορον
1807 2319 1941 2392 (32)⁶

273 2416 340 2473 οὗ
394 2413 502 2491 γὰρ
550 2411 758 2492 ἔφερες,
792 2410 870 2474 εἷς
916 2410 981 2465 τὸ
1033 2409 1288 2486 μέγιστον
1334 2415 1437 2479 τῆς
1482 2411 1653 2483 τιμῆς
1701 2404 1946 2481 ἀνηγμέ-

269 2526 365 2568 νος
427 2502 533 2560 ὑπὸ
579 2505 736 2574 Θεοῦ,
780 2499 873 2555 καὶ
925 2495 1105 2573 ὄνομα
1157 2496 1405 2576 εἰληφὼς
1454 2498 1517 2553 τὸ
1568 2498 1699 2572 ὑπὲρ
1747 2501 1850 2551 πᾶν
1893 2495 1945 2551 ἐν

274 2594 592 2670 ἀνθρώποις
649 2586 847 2664 ὄνομα,
898 2590 974 2664 μή
1026 2585 1227 2661 πολλῷ
1287 2585 1369 2661 τῷ
1439 2586 1588 2661 μὲσῳ
1635 2587 1704 2641 τὰ
1749 2586 1941 2659 πρώην

271 2686 653 2760 παρενεγκεῖν,
718 2679 811 2736 καὶ
893 2674 1266 2748 καταλλήλως
1333 2680 1416 2749 τῷ
1478 2675 1747 2749 ἀξιώματι
1824 2679 1942 2737 τοῖς

278 2771 765 2845 πλεονεκτήμασιν
838 2764 1137 2840 ἐπιδοῦναι,
1186 2763 1328 2821 ὥστε
1386 2765 1462 2838 μὴ
1514 2763 1723 2820 ἐλάττω
1770 2763 1945 2841 φαίνε-

272 2865 399 2919 σθαι
446 2864 624 2917 ταῦτα
673 2857 935 2935 παρέχειν
977 2859 1077 2912 τοῦ
1143 2857 1454 2930 σχήματος.
1504 2850 1708 2908 Οὐκοῦν
1771 2851 1940 2908 καλὸν

273 2953 340 3009 ἃν
392 2949 480 3022 εἴη
529 2949 624 3005 καὶ
667 2945 790 3004 λίαν
833 2952 1115 3024 προσῆκον
1168 2943 1360 3020 μικρὸν
1410 2941 1535 2997 ὅσον
1597 2941 1688 2997 καὶ
1734 2943 1942 2997 τούτων

271 3040 605 3121 ἐφάψασθαι,
634 3037 728 3094 καὶ
775 3041 895 3100 τοῖς
943 3037 1151 3096 κοινοῖς
1174 3034 1361 3106 ,ἡμῶν
1410 3032 1757 3108 εὐτυχήμασι
1803 3031 1939 3108 πρὸς

267 3134 536 3189 τοσοῦτον
586 3127 967 3204 εὐωχηθῆναι,
1016 3122 1141 3179 ὅσον
1191 3123 1220 3177 ὁ
1263 3122 1450 3198 παρὼν
1497 3123 1633 3195 ἡμῖν
1690 3122 1940 3197 παραθή-

271 3240 449 3292 σεται,
480 3211 671 3296 λόγος,
700 3212 756 3271 εἷ’
795 3235 861 3292 γε
892 3215 970 3288 μὴ
999 3211 1070 3268 τὸ.
1118 3210 1287 3287 μείζω
1333 3208 1425 3266 καί
1464 3209 1791 3286 τελειώτερα
1835 3230 1935 3265 πα-

2062 626 2245 682 rentis
2299 627 2588 699 impetum
2638 628 2937 700 repressit.
3013 628 3187 684 Solus
3258 629 3533 686 exstitisti
3612 630 3716 703 qui

2060 716 2239 773 rebus
2268 717 2526 774 adversis
2552 719 2787 775 obstare
2816 719 3031 791 possis,
3054 723 3112 774 et
3140 717 3341 775 nullus
3370 719 3443 775 de
3471 719 3713 776 calami-

2060 806 2287 863 tatibus
2307 807 2436 878 jam
2468 824 2662 864 sermo
2692 807 2822 863 fuit.
2887 808 3253 881 Apparuisti,
3277 825 3310 864 o
3333 824 3545 881 magne
3602 809 3711 877 sol,

2059 897 2118 951 et
2137 895 2514 953 inimicorum
2544 898 2755 965 nubes,
2785 914 2911 970 que
2945 898 3257 955 adversum
3279 901 3337 955 te
3364 902 3711 955 coacervata:

2058 985 2315 1057 fuerant,
2363 986 2654 1060 extemplo
2704 986 3000 1059 dissipatae
3056 991 3220 1055 sunt,
3281 1003 3387 1043 nec
3446 988 3496 1043 si
3545 987 3711 1061 prius

2060 1075 2522 1147 conspiraverint
2551 1075 2945 1150 cognoscitur.
2977 1076 3072 1132 Sic
3094 1080 3200 1132 tua
3229 1075 3415 1150 gloria
3444 1077 3713 1133 omnium

2058 1166 2462 1223 Romanorum
2482 1164 2671 1239 gloria
2698 1167 2852 1222 facta
2879 1169 2988 1238 est,
3021 1165 3105 1223 sic
3130 1169 3189 1222 et
3215 1170 3382 1223 tuam
3415 1168 3710 1230 fortunam

2057 1256 2206 1313 bene
2236 1254 2435 1312 omnia
2465 1255 2985 1328 participaverunt.

2127 1433 2412 1491 Praeclara
2466 1438 2607 1490 sunt
2678 1433 2962 1490 nimirum
3042 1435 3243 1491 omnia
3301 1452 3429 1507 quae
3497 1435 3713 1508 aliquis

2054 1524 2232 1580 habet
2264 1519 2458 1580 dicere
2487 1528 2802 1596 antequam
2834 1524 3111 1596 imperes,
3150 1524 3336 1581 multo
3386 1542 3523 1581 vero
3580 1526 3712 1598 pul-

2054 1612 2288 1668 chriora
2314 1616 2373 1669 et
2400 1612 2592 1685 magis
2621 1613 2941 1685 conspicua
2971 1616 3028 1668 et
3057 1613 3219 1669 omni
3245 1629 3517 1670 sermone
3541 1613 3714 1687 longe

2053 1700 2390 1771 excelsiora,
2421 1718 2549 1772 quae
2583 1702 2726 1756 dum
2757 1701 3094 1773 imperabas
3122 1701 3316 1774 egisti.
3344 1705 3484 1769 Quae
3541 1707 3711 1759 ante-

2052 1806 2235 1862 quam
2264 1789 2519 1862 imperes
2549 1790 2720 1846 dico?
2749 1790 3008 1847 Honesta
3037 1791 3205 1847 ducis
3263 1792 3544 1865 facinora,
3604 1794 3708 1849 ad-

2054 1896 2259 1937 versus
2288 1880 2488 1936 hostes
2518 1880 2859 1952 certamina,
2908 1879 3219 1952 praeclaras
3274 1879 3567 1951 victorias,
3619 1882 3707 1938 in-

2054 1969 2342 2042 signaque
2369 1973 2612 2042 tropaea,
2642 1973 2701 2025 et
2730 1973 2938 2026 caetera
2966 1986 3333 2043 quaecunque
3364 1970 3536 2043 egisti
3574 1974 3704 2028 tum

2053 2059 2393 2133 pugnando,
2442 2062 2573 2114 tum
2630 2057 3033 2127 deliberando,
3109 2063 3279 2116 nocte
3353 2060 3584 2132 dieque,
3642 2060 3704 2117 in

2054 2148 2216 2204 omni
2244 2147 2370 2204 loco
2399 2151 2457 2202 et
2512 2152 2796 2220 tempore.
2850 2148 3168 2220 Postquam
3226 2152 3425 2205 autem
3476 2152 3707 2223 sceptra

2052 2236 2321 2305 tenuisti,
2381 2238 2615 2292 tantum
2647 2234 2793 2292 alios
2850 2237 3144 2309 superasti
3199 2238 3515 2309 (quomodo
3573 2255 3707 2295 con-

2053 2330 2330 2399 gruenter
2359 2324 2608 2381 dixerim
2636 2326 2707 2397 ?),
2732 2331 3025 2397 quantum
3084 2327 3240 2383 inter
3294 2328 3707 2400 imperatorem

2053 2419 2111 2472 et
2135 2417 2346 2473 ducem
2378 2414 2668 2471 exercitus
2699 2414 3019 2470 discrimen
3050 2432 3063 2470 :
3098 2432 3215 2471 non
3246 2416 3405 2471 enim
3421 2415 3707 2486 tolerasti,

2053 2505 2127 2562 ad
2157 2508 2391 2561 tantum
2422 2503 2706 2561 honorem
2736 2520 2843 2577 per
2881 2504 3064 2559 Deum
3099 2505 3408 2574 adductus,
3469 2506 3709 2561 nomine

2054 2611 2233 2667 super
2287 2608 2461 2650 omne
2517 2607 2732 2649 nomen
2789 2593 2944 2648 inter
2997 2592 3269 2649 homines
3328 2598 3590 2667 accepto,
3650 2598 3709 2650 te

2052 2699 2267 2757 magno
2295 2681 2600 2739 intervallo
2622 2685 2891 2738 anteacta
2920 2698 3035 2737 non
3069 2698 3350 2753 superare
3378 2687 3436 2739 et
3463 2684 3709 2755 conjun-

2051 2776 2207 2829 ctam
2238 2772 2590 2844 dignitatem
2620 2774 2679 2828 et
2707 2772 2919 2827 decora
2944 2788 3063 2827 non
3102 2772 3475 2844 amplificari,
3527 2772 3612 2829 ita
3640 2777 3707 2829 ut

2051 2862 2166 2918 ista
2195 2877 2314 2917 non
2342 2861 2472 2934 ipso
2503 2860 2712 2917 habitu
2742 2861 2973 2917 minora
3001 2877 3130 2917 esse
3175 2862 3501 2918 videantur.
3562 2862 3702 2918 Pul—

2049 2950 2258 3006 chrum
2290 2964 2427 3022 ergo
2458 2952 2612 3005 essst
2639 2948 2761 3004 haec
2792 2964 3027 3021 quoque
3056 2947 3366 3021 panlulum
3416 2949 3704 3023 attingere

2049 3042 2109 3095 et
2135 3042 2367 3095 tantum
2395 3037 2817 3111 prosperitates
2846 3041 3079 3094 nostras
3104 3042 3362 3111 gustare,
3414 3042 3700 3110 quantum

2047 3128 2111 3184 in
2134 3127 2394 3184 medium
2422 3143 2680 3200 praesens
2709 3143 2904 3183 sermo
2932 3127 3451 3199 alferet,siquidem
3472 3128 3701 3200 majora

2048 3221 2108 3274 et
2137 3217 2483 3290 perfectiora
2508 3216 2683 3273 affers
2694 3232 2810 3271 non
2835 3216 3068 3288 poterit.
3101 3216 3226 3272 Non
3250 3221 3448 3273 autem
3460 3233 3577 3273 non
3590 3217 3701 3274 hoc

271 3277 515 3388 ραθεῖναι
566 3277 905 3377 δυνήσεται..
954 3277 1092 3357 ὸύδὲ
1118 3277 1130 3287 ’
1158 3277 1285 3377 γὰρ,
1351 3298 1414 3355 οὗ
1476 3303 1639 3354 τοῦτο
1704 3277 1935 3364 καθυπι-

2059 3306 2359 3380 pollicetur
2382 3305 2577 3378 (nemo
2600 3305 3044 3376 succenseat),si
3070 3304 3310 3378 quidem
3332 3323 3449 3361 non
3472 3309 3702 3362 tantum

267 3402 521 3476 σχνεῖται
579 3392 881 3471 (νεμεσάτω
938 3388 1175 3466 μηδεὶς),
1226 3388 1343 3445 ἐπεί
1396 3388 1483 3445 τοί
1536 3410 1601 3464 γε
1648 3389 1713 3476 οὗ
1776 3388 1936 3463 μόνον

272 3475 419 3544 κατὰ
450 3485 578 3561 μίαν
610 3482 919 3561 ἐρχομένας
948 3482 1046 3543 τὰς
1074 3480 1324 3535 ἀπάντων
1360 3479 1544 3557 φωνὰς
1582 3475 1724 3534 οἶδεν
1777 3480 1939 3553 ὑπερ-

270 3574 481 3634 ϐαίνειν
515 3575 585 3631 τὰ
619 3577 720 3630 τοῦ
770 3568 1064 3649 βασιλέως
1097 3567 1224 3625 ἀλλ’
1269 3565 1406 3638 οὐδ’,
1439 3567 1486 3622 εἷ
1532 3573 1697 3623 πᾶσαι
1747 3567 1944 3639 συνῆλ-

278 3668 377 3722 θον
423 3663 507 3727 εἷς
545 3659 742 3718 ταυτὸν
791 3660 868 3723 ὡς
916 3657 1026 3714 ἀπὸ
1072 3658 1441 3731 συνθήματος,
1492 3656 1642 3712 εἶπον
1692 3654 1752 3711 ἂν
1806 3654 1945 3711 ὥστε

274 3756 383 3825 τὴν
450 3750 602 3825 ἀξίαν
664 3753 856 3806 σῶσαι*
932 3748 963 3803 ’ὀ
1023 3746 1115 3803 καὶ
1179 3749 1340 3802 τοῦτο
1402 3746 1604 3809 παντὸς
1665 3745 1944 3820 θαύματος

277 3843 458 3917 ἄξιον,
522 3838 666 3917 μηδὲ
714 3836 969 3894 δύνασθαι
1021 3835 1202 3912 λέγειν
1259 3838 1330 3910 τῇ
1373 3832 1596 3911 γλώττῃ
1644 3835 1780 3911 ἅπερ
1827 3839 1945 3897 τοῖς

277 3934 470 4011 ἔργοις
517 3929 682 3992 αὐτὸς
720 3928 975 4001 πράττων
1031 3922 1472 4001 διωμολόγηται.
1504 3925 1604 3979 Καὶ
1644 3921 1945 4000 τεκμήριον

274 4026 380 4080 τοῦ
420 4018 615 4098 λόγοιν
641 4015 851 4073 πολλοὶ
903 4015 999 4091 μὲν
1046 4014 1172 4090 περὶ
1216 4012 1424 4069 τούτων
1463 4011 1555 4068 καὶ
1586 4013 1781 4086 πρώην
1813 4011 1947 4067 εἰσὶν

280 4111 556 4181 εἰπόντες,
614 4106 707 4163 καὶ
760 4109 855 4162 νῦν
919 4101 1106 4181 ἄνδρες
1159 4101 1323 4158 καλοί
1377 4101 1605 4177 κάγαθοὶ
1670 4101 1761 4156 καὶ
1824 4101 1950 4175 περὶ

279 4204 348 4259 τὸ
378 4199 563 4275 λέγειν
593 4195 794 4253 δεινοί·
827 4191 1004 4256 οὐδεὶς
1039 4190 1086 4248 δ’
1116 4189 1271 4266 ὅμως
1330 4189 1407 4254 εἷς
1454 4188 1613 4253 τέλος
1657 4194 1769 4247 τῶν
1812 4210 1949 4264 προ-

282 4289 553 4364 κειμένων
635 4283 859 4357 ἐξίκετο.
918 4279 1169 4339 Μάλιστα
1247 4281 1343 4354 μὲν
1415 4277 1506 4335 οὖν
1566 4279 1951 4357 ἀπεχρήσαντο

281 4385 405 4442 τοῖς
464 4375 656 4453 λόγοις
710 4375 785 4436 ὡς
844 4371 969 4443 ἐνῆν
1018 4369 1438 4447 προσηκόντως,
1480 4369 1572 4425 καὶ
1630 4366 1721 4424 διὰ
1772 4369 1953 4440 πάσης

282 4467 467 4540 ἦλθον
511 4472 618 4536 τῆς
675 4456 980 4539 ἀκριϐείας,
1028 4458 1153 4516 ὅσον
1220 4458 1521 4536 ἀνθρώπων
1577 4455 1809 4532 δύναμις
1867 4458 1954 4513 τέ-

286 4578 476 4631 ταται,
515 4552 813 4631 πληρῶσαι
851 4548 911 4606 δὲ
954 4552 1055 4621 τὴν
1102 4550 1251 4621 ἀξίαν
1303 4546 1481 4611 οὐδεὶς
1531 4545 1746 4604 οὐδέπω
1798 4545 1953 4602 δυνα-

2049 3394 2396 3468 singulatim
2418 3394 2755 3466 prodientes
2776 3394 3045 3450 omnium
3070 3410 3240 3451 voces
3267 3394 3423 3468 regis
3445 3395 3706 3451 facinora

2051 3501 2332 3558 superare
2373 3483 2639 3553 valeant;
2674 3483 2778 3540 sed
2838 3499 3050 3556 neque,
3079 3484 3130 3539 si
3178 3500 3387 3540 omnes
3444 3484 3613 3556 quasi
3637 3501 3708 3541 ex

2052 3574 2223 3647 signo
2252 3574 2315 3629 in
2346 3588 2533 3628 unum
2547 3572 2942 3644 convenerint,
2974 3572 3262 3629 dixissent
3295 3573 3380 3630 ita
3407 3579 3475 3629 ut
3513 3575 3707 3647 digni-

2051 3667 2236 3721 tatem
2265 3665 2546 3719 tueantur
2576 3681 2589 3718 :
2618 3661 2763 3717 illud
2786 3665 2877 3718 est
2905 3662 3066 3718 omni
3098 3662 3408 3719 miratione
3436 3662 3706 3736 dignum,

2055 3754 2215 3827 quod
2244 3769 2362 3809 non
2392 3750 2617 3825 possim
2639 3751 2834 3808 dicere
2864 3751 3090 3824 lingua,
3124 3768 3257 3824 qum
3286 3752 3526 3823 quidem
3566 3768 3710 3825 ope-

2056 3841 2223 3898 ribus
2245 3839 2345 3896 ille
2394 3840 2456 3896 in
2506 3840 2730 3913 agendo
2790 3840 3123 3896 conﬁtetur.
3169 3841 3238 3895 Et
3286 3840 3601 3897 verborum
3648 3840 3712 3898 in

2057 3929 2502 3987 testimonium:
2535 3929 2709 3985 multi
2741 3928 2978 4001 quidem
3020 3930 3094 3985 do
3125 3928 3287 3986 hisce
3311 3931 3487 3985 rebus
3520 3936 3710 4003 antea,

2058 4023 2118 4076 et
2146 4035 2304 4075 nunc
2318 4018 2428 4074 viri
2444 4016 2586 4074 clari
2618 4018 2876 4090 bonique
2914 4022 2974 4074 et
3001 4019 3234 4074 dicendi
3284 4019 3528 4076 solertes
3556 4019 3714 4076 dixe-

2059 4111 2199 4164 runt
2229 4107 2469 4163 :nullus
2495 4110 2693 4164 autem
2716 4124 2915 4163 rerum
2944 4106 3373 4165 sublimitatem
3405 4111 3714 4165 assecutus

2060 4201 2169 4254 est.
2203 4196 2456 4253 Maxime
2480 4195 2764 4252 nimirum
2790 4212 3072 4269 congrua,
3104 4200 3279 4269 prout
3301 4197 3363 4253 in
3413 4196 3535 4253 illis
3592 4201 3718 4254 erat

2059 4286 2238 4344 verba
2261 4285 2469 4353 fecere,
2500 4290 2559 4342 et
2593 4302 2731 4341 cum
2752 4285 2914 4341 omni
2945 4285 3249 4359 diligentia
3278 4289 3716 4359 processerunt,

2063 4378 2351 4449 quantum
2383 4375 2686 4431 contendit
2703 4375 2966 4432 humana
2994 4374 3549 4448 facultas,dignitati
3579 4390 3718 4432 vero

2066 4465 2446 4538 adaequandae
2492 4480 2664 4520 nemo
2696 4480 2959 4536 unquam
2990 4462 3238 4521 idoneus
3269 4464 3514 4531 exstitit,
3548 4464 3719 4521 factis

2065 4568 2277 4624 nempe
2297 4567 2533 4624 semper
2560 4550 3026 4624 praecellentibus
3057 4554 3115 4607 et
3132 4552 3310 4608 verba
3328 4551 3496 4607 humi
3519 4567 3722 4623 repere

287 4649 385 4711 τὸς
460 4642 758 4722 κατεφάνη,
819 4639 1220 4716 ὑπερκειμένων
1282 4638 1366 4694 ἀεὶ
1438 4642 1547 4693 τῶν
1620 4638 1948 4714 πραγμάτωπ.

2069 4641 2435 4715 cogentibus.
2471 4642 2770 4704 Quantum
2798 4640 2914 4695 ista
2944 4642 3085 4695 sunt
3112 4656 3384 4696 eccessus
3432 4639 3720 4708 difﬁcilia,

290 4734 389 4793 καὶ
445 4732 577 4796 τοὺς
635 4726 840 4807 λόγους
887 4728 1068 4805 χαμαὶ
1128 4727 1330 4804 βαίνειν
1391 4726 1626 4785 ἐώντων.
1660 4729 1820 4781 Ὅσον
1852 4726 1956 4802 γὰρ

290 4824 478 4882 ἐκεῖνα
533 4820 845 4900 δυσέφικτα,
874 4822 1132 4874 τοσοῦτον
1177 4816 1268 4873 καὶ
1314 4820 1394 4890 τῷ
1441 4814 1660 4892 λέγοντι
1688 4816 1753 4871 τὸ
1799 4815 1962 4870 ἀσθε-

290 4916 384 4979 νὲς
439 4910 807 4990 περιγίνεται.
859 4907 1041 4983 Χωρὶς
1114 4904 1173 4962 δὲ
1243 4904 1477 4978 τούτων,
1537 4906 1583 4960 ὧ
1641 4910 1785 4970 θεῖος
1850 4908 1957 4960 τῶν

290 5001 667 5081 παρεστώτων
714 4998 910 5076 χορὸς,
965 4997 1134 5071 μικρᾶ
1196 4995 1291 5070 μὶν
1360 4992 1485 5050 ὅταν
1556 4991 1693 5051 εἷ’πω
1741 4995 1854 5068 (33)
1893 4993 1964 5048 τὰ

298 5091 686 5172 ῥηθησόμενα,
717 5085 1022 5164 συγκρίνων
1059 5084 1196 5141 αὐτὰ
1242 5084 1379 5172 πρὸς
1423 5084 1525 5154 τὴν
1581 5081 1719 5172 ὅλην
1770 5081 1964 5148 θάλασ-

297 5171 395 5240 σαν
452 5183 566 5237 τῶν
622 5177 834 5247 καλῶν,
893 5174 1043 5252 λέγω
1104 5172 1290 5251 μικρά’
1349 5171 1466 5229 ἐπεὶ
1542 5171 1632 5228 καὶ
1684 5173 1856 5245 ταῦτ’,
1915 5171 1966 5227 εἷ’

295 5272 420 5337 καθ’
447 5268 587 5325 αὗτά
638 5268 926 5344 θεωροῖτο,
962 5262 1173 5340 μεγάλα
1214 5263 1276 5318 τὲ
1314 5261 1447 5336 ἐστι,
1478 5263 1570 5318 καὶ
1623 5261 1787 5338 μέρος
1835 5260 1963 5316 τού-

296 5380 410 5417 των
460 5357 668 5436 βραχὺ,
730 5356 809 5430 μὴ
854 5352 940 5410 ὅτι
986 5373 1052 5429 γε
1093 5352 1163 5407 τὰ
1189 5353 1364 5407 nam
1390 5350 1846 5425 συνηθροισμένα,
1873 5354 1963 5406 καὶ

298 5452 401 5508 τοῦ
435 5447 683 5525 μάλιστα
723 5441 1197 5524 φιλοτιμουμένου
1237 5436 1465 5517 ἤρκεσεν
1516 5440 1576 5496 ἂν
1626 5441 1704 5504 εἷς
1745 5437 1967 5496 ἔπαινον

375 5685 497 5759 (32)
542 5680 794 5759 Yidetur
863 5692 1081 5759 nomen
1140 5675 1366 5759 deesse,
1415 5675 1572 5759 quod
1602 5674 1967 5759 fuerit‘verbi

310 5746 754 5838 ὗτὲερήκόντισας
812 5750 1098 5826 regimen.
1160 5746 1562 5822 Ghrysostomi
1616 5746 1829 5806 Homil.
1888 5765 1966 5821 ιν,

2067 4735 2302 4788 tantum
2357 4735 2416 4786 et
2472 4747 2582 4787 sua
2631 4729 2849 4786 dicenti
2929 4728 3246 4785 innotescit
3323 4727 3721 4785 imbecillitas.

2072 4820 2286 4876 Praeter
2309 4819 2432 4889 his,
2464 4835 2497 4875 o
2527 4818 2726 4875 divina
2757 4818 3084 4874 astantium
3112 4834 3349 4883 corona,
3389 4816 3564 4873 exilia
3592 4831 3722 4873 esse

2071 4926 2207 4967 cum
2230 4907 2349 4964 dixi
2371 4924 2500 4980 quae
2530 4910 2879 4964 narraturus
2901 4922 3035 4962 sum
3056 4906 3182 4963 haec
3211 4905 3562 4962 conferendo
3586 4921 3724 4961 cum

2070 5001 2193 5055 toto
2252 4997 2531 5053 decorum
2571 4994 2830 5062 ﬂamine,
2882 5011 3072 5067 pauca
3112 4993 3263 5063 dico,
3306 5010 3442 5051 cum
3496 4993 3619 5063 illa,
3673 4994 3726 5051 si

2072 5085 2321 5144 seorsim
2352 5085 2786 5152 examinentur,
2818 5100 3037 5157 magna
3057 5082 3237 5139 etiam
3261 5087 3422 5154 sunt,
3471 5086 3530 5139 et
3557 5083 3729 5139 mini-

2072 5192 2232 5232 mam
2252 5174 2488 5231 illorum
2518 5178 2766 5247 partem,
2797 5190 2915 5229 non
2937 5173 3066 5228 dico
3113 5172 3312 5228 omnia
3353 5175 3727 5246 congregata,

2074 5281 2246 5322 nemo
2277 5269 2368 5321 est
2426 5264 2530 5337 qui
2588 5263 2843 5336 perfecto
2894 5262 3136 5318 laudare
3194 5261 3472 5318 studeat:
3527 5262 3729 5335 itaque

2075 5370 2192 5410 non
2219 5353 2364 5409 illud
2390 5358 2610 5425 metuo,
2642 5368 2717 5408 ne
2772 5352 2951 5408 rebus
3003 5350 3369 5419 audiendis,-
3394 5349 3729 5424 indigentes

2076 5443 2215 5515 (non
2238 5442 2348 5500 hoc
2379 5442 2661 5515 cogitabit
2687 5440 3053 5515 quisquam),
3085 5440 3188 5497 sed
3237 5439 3432 5511 potius
3462 5457 3536 5496 ne
3596 5455 3732 5496 cum

2076 5679 2220 5733 tom.
2246 5675 2295 5748 VI,
2326 5691 2383 5748 p.
2426 5676 2514 5730 46.

2150 5747 2261 5821 (33)
2294 5743 2555 5821 Respicit
2586 5746 2743 5821 quod
2766 5745 2940 5803 modo
2971 5743 3137 5802 dixit.
