4132 6470
317 368 428 430 371

1347 369 1664 433 GEORGII
1709 370 1972 435 CYPRII
2016 372 2136 436 GP.
2182 373 2720 441 PATRIABGHAE

3619 374 3742 439 3'19

317 501 871 576 stupore,vertigine
894 499 1248 572 laborantes,
1274 502 1498 559 abeatis
1526 521 1744 561 nausea
1774 509 1830 560 et
1851 510 1968 561 tur-

2105 505 2292 576 vrekﬁ-
2345 507 2473 563 ὥστ’
2519 508 2627 584 οὐχ
2676 508 2827 571 ὅπως
2875 505 3232 582 ἀκουσμάτων
3284 502 3480 571 ἐνδέως
3530 501 3738 583 ἔχοιτε,

313 591 546 647 batione
581 592 856 664 correpti.

393 861 479 915 Tu
503 877 662 933 ergo,
697 861 1062 918 divinissime
1094 879 1212 931 rex,
1246 863 1346 918 ubi
1369 879 1504 919 cum
1564 863 1663 920 tali
1691 881 1756 921 ac
1812 871 1977 923 tanta

325 950 513 1023 gloria
543 950 737 1006 clarus
767 951 921 1006 clare
952 953 1274 1024 perrexeris
1332 955 1404 1009 ad
1455 953 1707 1027 regalem
1767 972 1974 1028 specu-

323 1038 444 1095 lam
476 1045 532 1094 et
560 1039 872 1110 imperium
905 1042 1243 1109 servaveris,
1268 1043 1583 1116 imperium
1629 1061 1744 1099 non
1777 1045 1975 1101 minus

326 1133 566 1200 propter
594 1133 650 1184 te
676 1146 854 1200 quam
900 1146 969 1186 ex
1011 1135 1222 1188 natura
1271 1149 1380 1187 sua
1436 1133 1796 1205 mirandum,
1857 1151 1975 1190 non

319 1218 660 1290 judicavisti
694 1223 749 1273 te
782 1222 1046 1290 oportere
1071 1221 1346 1293 deinceps
1378 1239 1412 1276 a
1457 1221 1759 1278 laboribus
1792 1223 1977 1280 absti-

328 1323 467 1363 nere
495 1311 554 1363 et
582 1308 990 1363 auctoritatem
1022 1311 1093 1364 ad
1124 1311 1253 1364 vitae
1310 1311 1588 1367 facilioris
1636 1313 1978 1368 institutum

328 1415 635 1468 usurpare,
667 1414 856 1469 neque
885 1398 1061 1454 etiam
1083 1417 1210 1470 quae
1235 1400 1342 1455 tibi
1373 1400 1626 1456 licebant
1654 1405 1756 1457 aut
1811 1418 1982 1474 agere

331 1490 432 1542 aut
461 1491 726 1558 expetere
759 1503 773 1541 :
807 1487 929 1543 haec
959 1487 1116 1542 enim
1148 1488 1348 1560 pusilli
1380 1494 1437 1544 et
1469 1489 1652 1546 animi
1683 1494 1740 1546 et
1765 1492 1982 1546 mentis

333 1590 463 1632 esse
497 1575 880 1644 existimasti;
935 1578 1035 1632 sed
1086 1593 1152 1632 ex
1204 1577 1527 1649 primordio
1585 1595 1678 1634 res
1729 1579 1983 1636 maxime

335 1665 493 1737 regie
519 1664 791 1729 intuitus,
824 1666 1058 1738 peragis
1082 1683 1230 1738 opus
1248 1683 1446 1722 revera
1468 1671 1583 1723 tua:
1613 1669 1910 1740 sapientiae
1926 1674 1987 1725 et

335 1753 534 1826 gratiae
565 1752 838 1820 ccelestis,
871 1756 1029 1826 quod
1067 1759 1123 1810 et
1170 1756 1292 1827 regi
1341 1757 1544 1828 utique
1603 1757 1788 1814 facere
1847 1775 1985 1815 con-

2081 597 2230 650 τοῦτ’
2261 597 2366 672 ἐγὼ
2425 594 2644 652 δέδοικα
2859 602 3019 653 τοῦτο
3075 597 3278 671 νομίσῃ
3331 600 3461 667 τις),
3499 596 3740 672 μάλιστα

2085 682 2130 738 δ’
2181 685 2332 748 ὅπως
2386 688 2485 760 μὴ,
2525 689 2639 760 μετ’
2689 685 3002 758 ἐκπλήξεως
3058 685 3483 762 ΐλιγγιάσαντες,
3541 684 3744 757 ἀπίητε

2082 779 2400 848 ναυτιασμῷ
2429 773 2860 849 κατειλημμένοι
2888 775 2977 831 καὶ
3008 779 3244 850 ταραχῇ.

2159 863 2234 917 Σὺ
2287 864 2381 937 μὲν
2435 862 2548 937 οὖν,
2589 864 2829 929 θειότατε
2881 863 3128 942 βασιλεῦ,
3169 864 3245 927 ὡς
3295 864 3430 938 μετά
3481 862 3742 933 τοιαύτης

2083 951 2174 1005 καὶ
2203 952 2473 1023 τοσαύτης
2501 959 2604 1022 τῆς
2635 954 2865 1028 χάριτος
2899 952 3091 1026 σεμνὸς
3132 955 3345 1024 σεμνῶς
3396 951 3533 1025 πρὸς
3581 947 3746 1021 τήνδε

2084 1043 2182 1110 τὴν
2237 1039 2510 1117 βασίλειον
2558 1040 2857 1115 ἀνέδραμες
2907 1041 3157 1109 σκοπιὰν,
3201 1041 3292 1095 καὶ
3351 1037 3596 1110 διεζώσω
3641 1040 3743 1109 τὴν

2087 1131 2289 1206 ἀρχὴν,
2322 1133 2420 1199 τήν
2478 1131 2586 1206 οὐχ
2642 1132 2804 1201 ἧττον
2866 1128 2955 1185 διά
3011 1131 3069 1185 σὲ
3129 1128 3383 1200 ζηλωτὴν
3415 1129 3562 1201 ἢτῷ
3610 1128 3748 1183 εἶναι

2089 1221 2291 1296 ἀρχὴν,
2345 1219 2444 1275 οὐκ
2488 1221 2677 1293 ᾠήθης
2728 1217 2836 1275 δεῖν
2883 1217 3108 1275 ἐνταῦθά
3147 1240 3207 1274 τε
3251 1225 3441 1288 στῆναι
3492 1221 3600 1274 τῶν
3643 1217 3748 1273 πό-

2088 1330 2193 1363 νων
2245 1310 2334 1363 καὶ
2381 1309 2452 1383 τῇ
2501 1309 2713 1382 ἐξουσίᾳ
2761 1309 2837 1372 εἷς
2892 1309 3168 1386 ῥᾳστώνης
3228 1307 3478 1362 ὑπόθεσιν
3533 1309 3749 1383 χρήσα-

2090 1400 2230 1470 σθαι,
2263 1398 2410 1470 παρά
2440 1396 2498 1453 δὲ
2539 1403 2647 1454 τῶν
2710 1397 2939 1454 ἐνόντων
3003 1399 3133 1471 μήθ’
3162 1394 3376 1452 ὁδεῦσαι
3438 1399 3579 1469 μήτε
3639 1398 3747 1469 μὴν

2091 1488 2533 1562 προθυμηθῆναι·
2631 1488 2888 1562 ἀγεννοῦς
2978 1487 3080 1562 γὰρ
3153 1490 3323 1541 ταῦτα
3395 1484 3486 1540 καὶ
3561 1487 3750 1560 ψυχῆς

2096 1572 2361 1638 ὑπέλαϐες
2389 1578 2480 1632 καὶ
2521 1579 2896 1656 φρονήματος
2948 1575 3076 1631 ἀλλ¹
3128 1575 3188 1630 ἐκ
3232 1573 3542 1652 προοιμίων
3603 1572 3757 1648 μάλα

2099 1664 2398 1741 βασιλικῶς
2447 1663 2890 1741 διασκεψάμενος,
2940 1670 3118 1728 ποιεῖς
3167 1660 3325 1739 ἔργον
3371 1668 3473 1733 τῆς
3514 1668 3614 1732 σῆς
3665 1683 3754 1716 σο-

2097 1754 2218 1832 φίας
2265 1759 2345 1828 τῷ
2393 1749 2509 1811 ὄντι
2555 1754 2776 1825 καὶτῆς
2809 1753 3010 1819 ἄνωθεν
3046 1752 3356 1831 χάριτος,’ὀ
3403 1751 3495 1808 καὶ
3544 1749 3764 1828 βασιλεῖ

336 1843 882 1915 gruebatzsursum
913 1844 1070 1899 enim
1092 1845 1296 1900 oculos
1353 1845 1564 1901 animae
1613 1847 1886 1904 attollens
1930 1853 1988 1904 et

2105 1845 2295 1907 παντὸς
2351 1844 2602 1921 πράττειν
2658 1843 3090 1921 ἀρμοδιώτατον”
3155 1844 3292 1917 ὑψοῦ
3357 1842 3460 1918 γὰρ
3531 1842 3595 1896 τὸ
3655 1847 3762 1925 τῆς

2114 1937 2124 1952 ι
2225 1941 2253 1952 ~
2342 1929 2368 1952 ,Ι
2558 1932 2584 1952 δ
2627 1933 2638 1952 1
2873 1936 2884 1948 ι
2989 1938 3016 1950 μ
3182 1931 3208 1952 (Ι
3405 1931 3420 1952 ζ
3478 1933 3571 1952 7",
3623 1931 3696 1952 Cn,

337 1948 571 1987 omnem
602 1931 901 2004 regionem
935 1950 1116 2005 quam
1166 1935 1567 1990 Romanorum
1623 1937 1990 1994 auctoritatis

335 2020 822 2077 circumscribant
851 2021 1053 2078 circuli
1104 2023 1438 2095 diligenter,
1500 2029 1790 2095 quantum
1843 2027 1902 2082 in
1934 2030 1992 2082 te

334 2114 479 2178 erat,
512 2110 734 2166 circum
766 2111 1273 2184 amplectens,non
1306 2113 1439 2169 illos
1466 2114 1608 2171 satis
1636 2115 1853 2172 duxisti
1885 2133 1992 2172 nec

338 2199 540 2255 dixisti
569 2199 630 2254 in
652 2198 770 2255 illis
799 2203 1033 2256 tantum
1064 2205 1225 2258 tuam
1260 2207 1479 2260 sortem
1527 2205 1835 2276 contineri,
1882 2205 1992 2262 hoc

340 2292 399 2344 et
423 2293 757 2361 contentus,
791 2293 856 2345 ut
884 2289 1148 2362 plerique
1177 2307 1247 2347 ex
1281 2292 1375 2348 his
1406 2293 1508 2365 qui
1540 2293 1854 2366 imperium
1905 2312 1996 2351 oc-

343 2382 724 2449 cupaverunt,
759 2381 915 2450 quod
949 2396 1066 2435 non
1093 2381 1271 2438 etiam
1301 2381 1494 2437 vicina
1516 2383 1791 2455 gentibus
1822 2400 1994 2457 urge-

341 2470 584 2536 rentur;
614 2467 718 2522 sed
750 2468 866 2523 nisi
897 2484 1075 2539 quam
1105 2469 1359 2525 maxime
1412 2487 1660 2542 regnum
1718 2471 1995 2530 dilatares

343 2561 402 2611 et
431 2572 804 2628 oppugnares
830 2561 1133 2614 vexatores
1164 2558 1419 2632 imperii,
1452 2561 1768 2616 discrimen
1798 2565 1857 2618 et
1879 2561 1998 2618 dis-

342 2645 662 2701 criminum
692 2646 1017 2702 maximum
1048 2663 1176 2704 esse
1214 2649 1518 2705 censuisti.

414 2734 562 2790 Hinc
591 2751 728 2808 ergo
786 2735 1001 2808 aspicis
1031 2736 1526 2809 Peloponnesum,
1575 2739 1792 2811 aspicis
1839 2740 1997 2797 Boeo-

340 2823 507 2892 tiam,
538 2823 820 2880 Eubmam
847 2824 1035 2893 illam,
1063 2826 1649 2900 Atticam,antiquam
1681 2829 1992 2902 Graeciam;

340 2910 508 2967 illinc
542 2912 615 2967 ad
643 2911 890 2984 Mysiam
923 2915 1210 2971 convertis
1243 2915 1466 2985 oculos,
1499 2933 1720 2990 gnarus
1769 2918 1996 2992 aliquid

341 3003 678 3056 nostrorum
710 3003 865 3073 apud
888 3001 1024 3058 illos
1055 3019 1204 3060 esse.
1239 3004 1541 3061 Convertis
1562 3023 1770 3062 rursus
1793 3007 1996 3064 oculos

342 3106 520 3161 super
563 3089 787 3156 Asiam,
842 3090 1021 3147 Vides
1101 3092 1366 3150 Ismaelis
1419 3098 1628 3166 gnatos
1677 3096 1998 3153 saevissime

340 3177 712 3234 dominantes
743 3181 801 3234 et
847 3179 1014 3235 valde
1063 3181 1463 3253 Opprimentes
1515 3200 1732 3240 novum
1788 3185 1990 3253 Israel,

2100 1937 2290 2010 ψυχῆς
2339 1929 2498 2008 ὄμμα
2555 1932 2766 2010 διάρας,
2798 1936 2890 1989 καὶ
2945 1938 3117 1989 πᾶσαν
3178 1931 3309 2003 ὅσην
3372 1931 3427 1986 οἱ
3475 1933 3576 2000 τῆς
3623 1931 3760 1986 Ῥω-

2105 2023 2280 2098 μαίων
2331 2023 2631 2100 ἡγεμονίας
2689 2027 3087 2101 περιγράφουσι
3142 2021 3338 2078 κύκλοι
3389 2014 3652 2096 ἀκριϐῶς,
3685 2018 3762 2081 ὡς

2101 2114 2216 2168 οἷόν
2247 2115 2295 2169 τ’
2337 2115 2428 2188 ἦν,
2465 2111 2861 2192 περιειληφὼς,
2891 2112 2992 2168 οὐκ
3037 2113 3327 2188 ἠγάπησας
3382 2108 3601 2171 τούτοις
3646 2105 3762 2164 οὐδ’

2103 2203 2255 2266 εἶπας
2310 2202 2478 2280 μέχρι
2524 2202 2732 2259 τούτων
2780 2199 3172 2258 ἐπεκτείνεσθαί
3216 2220 3312 2255 σου
3365 2199 3466 2268 τὴν
3514 2197 3763 2273 κληρου-

2102 2291 2253 2368 χίαν,
2311 2291 2688 2366 ἀσπαζόμενος
2752 2291 2842 2348 καὶ
2897 2295 3081 2364 τοῦτο,
3139 2291 3278 2346 κατὰ
3329 2288 3457 2351 τοὺς
3514 2285 3762 2349 πολλοὺς

2100 2385 2208 2436 τῶν
2257 2379 2681 2455 ἐπειλημμὲνων
2723 2380 2923 2457 ἀρχῆς,
2976 2379 3022 2435 εἰ
3074 2380 3151 2454 μὴ
3198 2375 3275 2434 ἔτι
3323 2379 3394 2433 τὰ
3437 2374 3594 2452 πέριξ
3642 2396 3762 2430 στε-

2102 2475 2283 2526 νοῖντο
2328 2475 2448 2533 τοῖς
2500 2468 2722 2526 ἔθνεσιν·
2775 2467 2924 2539 ἀλλ’,
2971 2469 3018 2524 εἰ
3065 2469 3140 2542 μή
3194 2467 3282 2524 ἐπὶ
3330 2465 3586 2522 πλεῖστον
3636 2463 3762 2520 ὅσον

2105 2558 2433 2616 ἐπεκτείναιο
2485 2559 2575 2615 καὶ
2632 2559 2770 2616 κατά
2824 2563 2931 2615 τῶν
3003 2559 3184 2634 ἀρχῆς
3238 2555 3473 2627 ἐπεξίοις
3527 2552 3760 2631 ἐπηρεα-

2106 2654 2268 2719 στῶν,
2301 2646 2475 2704 δεινὸν
2501 2649 2592 2704 καὶ
2621 2648 2761 2725 πέρα
2791 2645 2979 2704 δεινῶν
3013 2647 3150 2703 εἶναι
3179 2645 3490 2719 νενόμικας.

2177 2739 2357 2793 Ἔνθεν
2417 2759 2502 2794 τοι
2569 2739 2659 2793 καὶ
2736 2737 2958 2814 βλέπεις
3033 2734 3476 2805 Πελοπόννησον,
3539 2729 3763 2808 βλέπεις

2104 2826 2391 2897 Βοιωτίαν,
2420 2828 2522 2896 τὴν
2576 2821 2811 2882 Εὔϐοιαν
2869 2825 3101 2898 ἐκείνην,
3156 2826 3255 2894 τὴν
3317 2823 3600 2892 Ἀττικὴν,
3659 2823 3762 2891 τήν

2106 2916 2339 2992 ἀρχαίαν
2373 2913 2635 2972 Ἑλλάδαο
2677 2914 2875 2972 ἐκεῖθεν
2927 2914 3016 2971 ἐπὶ
3064 2915 3134 2970 τὰ
3176 2917 3284 2970 τῶν
3337 2915 3542 2971 Μυσῶν
3600 2931 3762 2985 μετα-

2102 3005 2260 3076 τίθης
2290 3007 2405 3080 (34)
2435 3007 2499 3060 τὸ
2557 3000 2735 3080 ϐμμα³
2793 3000 2961 3082 ἔγνως
3022 3003 3157 3060 εἶναί
3213 3024 3265 3058 τι
3313 3005 3422 3057 τῶν
3475 3002 3761 3078 ἡμετέρων

2103 3095 2194 3150 καὶ
2251 3096 2379 3173 παρ’
2438 3093 2687 3158 ἐκείνοις.
2743 3094 2970 3171 Τρέπεις
3024 3090 3190 3148 πάλιν
3277 3090 3422 3146 ἔνθεν
3500 3090 3589 3146 ἐπὶ
3661 3089 3762 3158 τήν

2103 3183 2284 3241 Ἀσίαν
2342 3182 2470 3247 τοὺς
2534 3182 2878 3262 ὀφθαλμούς·
2939 3183 3070 3258 ὁρᾷς
3124 3181 3254 3244 τοὺς
3287 3177 3606 3254 ἐξἸσμαὴλ
3666 3178 3764 3251 ἐμ-

341 3267 668 3338 urbemque
714 3266 880 3323 illam
952 3270 1077 3339 (sed
1144 3270 1489 3343 ambignum
1567 3277 1658 3329 est
1729 3291 1804 3330 au
1853 3277 1991 3330 tunc

2107 3267 2428 3350 ϐριθέστατα
2484 3259 2861 3345 ἐπικειμένους
2915 3271 3006 3328 καὶ
3067 3268 3219 3343 μάλα
3262 3270 3354 3325 τὸν
3407 3269 3524 3324 νέον
3555 3265 3768 3323 συνθλί-

341 3356 628 3426 temporis
687 3355 894 3413 urbem
973 3357 1267 3415 nominari
1323 3361 1583 3433 deberet)
1642 3363 1995 3435 Scytharum

343 3444 561 3499 deserti
592 3445 951 3517 praebentem
981 3447 1260 3520 speciem,
1293 3453 1351 3505 et
1400 3451 1723 3523 cognovisti
1756 3469 1998 3524 quomo-

346 3533 420 3588 do
440 3536 648 3597 erat,et
674 3533 1594 3611 vidensingemuisti,excogitans
1609 3541 1681 3596 ad
1713 3545 1994 3612 quantam

343 3621 758 3678 necessitatem
789 3627 990 3682 nostra
1037 3626 1393 3700 devenerint,
1453 3632 1510 3684 et
1538 3645 1644 3685 nos
1699 3646 1828 3686 esse
1873 3630 1995 3703 ple-

344 3710 546 3782 risque
575 3715 936 3783 portentum,
967 3713 1290 3771 ludibrium
1345 3718 1622 3774 omnibus
1669 3719 1769 3790 qui
1827 3719 1997 3775 nobis

345 3801 837 3871 circumstabant,
867 3807 924 3858 et
940 3803 1200 3860 fabulam
1233 3805 1292 3860 in
1323 3807 1621 3878 gentibus.
1661 3802 1995 3865 Vindictam

345 3905 464 3944 non
496 3889 802 3958 distulisti,
837 3890 1075 3948 illorum
1107 3895 1208 3964 qui
1259 3894 1366 3949 tibi
1416 3899 1582 3951 erant
1633 3897 1996 3953 adversaturi

345 3994 662 4033 numerum
693 3980 892 4035 statim
916 3981 1274 4053 suspicatus,
1307 4000 1412 4039 nec
1442 3983 1708 4040 tolerasti
1741 3985 1996 4058 amplius

343 4073 510 4124 tuam
541 4069 938 4126 hereditatem
957 4071 1029 4126 ab
1055 4071 1188 4128 aliis
1217 4073 1412 4129 videre
1424 4075 1996 4146 occupatam,etiam-

343 4157 393 4213 si
425 4161 661 4229 tempus
684 4175 775 4214 res
795 4159 878 4214 ita
906 4176 968 4215 se
999 4159 1406 4233 haberejquam
1439 4163 1693 4219 maxime
1721 4164 1994 4236 coegerit,

343 4248 444 4302 sed
476 4247 594 4302 Deo
625 4249 926 4304 confidens
981 4253 1038 4304 et
1060 4250 1239 4306 simul
1270 4250 1552 4324 pleraque
1600 4252 1833 4324 negotia
1880 4269 1997 4308 non

342 4340 467 4392 tam
499 4353 746 4393 numero
779 4354 957 4410 quam
1007 4340 1324 4410 prudentia
1356 4344 1414 4396 et
1470 4342 1653 4397 animi
1710 4341 2000 4398 latiudine

344 4426 659 4498 dijudicari
681 4429 867 4493 ratus,
902 4427 1184 4484 adversus
1215 4445 1418 4486 omnes
1446 4430 1601 4487 vires
1660 4431 1998 4487 convertisti

345 4519 403 4570 et
423 4530 738 4571 commune
767 4515 1240 4589 redintegravisti
1284 4518 1526 4588 bellum,
1556 4520 1670 4575 tria
1723 4519 1998 4592 pulcher-

346 4603 499 4660 rima
528 4604 806 4660 omnibus
837 4606 1179 4662 nominibus
1210 4607 1347 4663 hinc
1368 4609 1734 4681 signiﬁcans,
1765 4609 1997 4682 sapien-

344 4693 439 4748 tia
499 4695 924 4766 praestantiam,
987 4696 1358 4752 strenuitatis
1435 4697 1860 4772 excellentiam,
1919 4703 1996 4770 et,

346 4785 500 4855 quod
535 4783 811 4840 omnibus
842 4789 1132 4857 superest,
1169 4787 1537 4842 conﬁdentiae
1579 4787 1640 4842 in
1671 4788 1857 4844 Deum
1913 4804 2000 4843 se-

345 4871 675 4928 curitatem.
709 4874 820 4929 Sed
868 4878 1014 4945 quot
1050 4875 1226 4930 urbes
1287 4876 1611 4948 subjecisti,
1669 4877 1815 4932 alias
1870 4877 1998 4949 lege

343 4960 502 5029 belli,
538 4962 680 5018 alias
707 4963 905 5018 statim
920 4963 1277 5019 deditionem
1311 4966 1998 5037 facientes,quonammo-

342 5051 416 5106 do
447 5052 784 5123 expurgasti
814 5051 1045 5124 Pelopis
1087 5057 1324 5122 terram,
1377 5056 1671 5126 quomodo
1705 5055 1764 5109 in
1824 5054 1994 5111 ditio-

342 5156 477 5196 nem
500 5140 811 5197 Laconiam
844 5142 1143 5197 adduxisti
1174 5147 1232 5198 et
1280 5143 1500 5199 Achaia
1553 5144 1772 5215 potitus
1825 5161 1907 5216 es,
1941 5152 1996 5200 et

340 5229 518 5285 Italos
548 5230 702 5286 sicut
731 5235 929 5302 petras
961 5231 1200 5288 timidas
1232 5233 1507 5304 praesidia
1538 5232 1868 5304 retinquere
1898 5251 1992 5289 co-

340 5324 516 5376 natus
570 5338 652 5391 es,
705 5320 893 5376 cateri
943 5320 1148 5376 dicunt
1197 5327 1255 5377 et
1303 5322 1600 5378 celebrant
1657 5323 1995 5396 quicunque

411 5499 523 5570 (34)
555 5498 987 5570 Ουοωγίηῐιυξιῐ
1043 5498 1348 5554 Michaelis
1398 5479 1822 5570 expeditionem
1875 5517 1989 5555 non

337 5569 486 5624 bene
518 5569 796 5644 comperi.
835 5570 1120 5644 Caeterum
1153 5571 1294 5642 Mysi
1326 5569 1662 5643 Byza’ntinis
1696 5576 1836 5627 sunt
1867 5572 1989 5644 ple-

339 5656 590 5712 rumque
631 5641 885 5713 Bulgari.

413 5713 522 5784 (35)
553 5712 766 5770 Notum
797 5712 888 5768 vel
919 5727 987 5767 ex
1017 5713 1317 5786 Apostolio
1348 5714 1744 5788 proverbium.

2104 3356 2297 3424 ϐοντας
2356 3361 2600 3438 Ἰσραήλ·
2655 3359 2818 3416 πόλιν
2883 3358 2943 3416 δὲ
3002 3359 3204 3432 ταύτην
3251 3357 3400 3431 (ἀλλ’
3452 3351 3766 3434 ἀμφίϐολον

2106 3450 2152 3505 εἰ
2192 3451 2282 3506 καὶ
2311 3449 2479 3506 πόλιν
2534 3445 2642 3506 ἔδει
2704 3448 2985 3524 ὀνομάζειν
3044 3447 3126 3522 τῷ
3172 3448 3317 3522 τότε)
3371 3447 3473 3516 τήν
3533 3449 3767 3510 Σκυθῶν

2105 3539 2338 3614 ἐρημίαν
2392 3541 2509 3614 (35)
2563 3537 2947 3618 ἐμφαίνουσαν,
3002 3539 3092 3594 καὶ
3166 3537 3372 3609 ταύτην
3452 3532 3619 3612 ἔγνως
3691 3535 3767 3597 ὡς

2107 3629 2247 3704 εἶχε,
2301 3629 2392 3683 καὶ
2451 3628 2582 3685 ἰδὼν
2641 3626 2896 3705 ἤλγησας
2949 3622 3414 3703 ἀναλογιζόμενος
3487 3624 3566 3688 εἷς
3649 3624 3763 3680 οἷον

2103 3717 2265 3780 τέλος
2316 3719 2621 3790 κατήντησε
2673 3717 2743 3774 τὰ
2795 3717 3058 3794 ἡμέτερα,
3112 3715 3202 3771 καὶ
3280 3716 3354 3778 ὡς
3425 3714 3765 3791 ἐγενήθημεν

2103 3807 2262 3883 τέρας
2289 3812 2409 3870 τοῖς
2438 3805 2703 3880 πολλοῖς,
2741 3806 3120 3882 μυκτηρισμὸς
3161 3809 3280 3868 τοῖς
3337 3801 3529 3876 κύκλῳ
3576 3805 3766 3876 ἡμῶν,

2105 3895 2194 3950 καὶ
2248 3890 2540 3972 παραϐολή
2601 3895 2654 3950 ἐν
2709 3899 2828 3958 τοῖς
2887 3892 3107 3950 ἔθνεσιν.
3161 3895 3349 3957 Ἔνθεν
3380 3913 3467 3947 τοι
3526 3891 3619 3946 καὶ
3669 3889 3770 3945 οὐκ

2105 3980 2375 4040 ἀνεϐάλου
2413 3986 2512 4054 τὴν
2563 3986 2791 4059 ἄμυναν,
2819 3987 2926 4039 τῶν
2980 3981 3526 4054 ἐναντιωθησομένων
3573 3978 3770 4035 αὐτίκα

2108 4074 2462 4153 ὑφορώμενος
2518 4073 2614 4136 τὰς
2672 4073 2907 4146 πληθῦς,
2939 4069 3054 4127 οὐδ’
3093 4067 3276 4150 ἔφερες
3335 4069 3424 4125 ἐπὶ
3473 4068 3642 4125 πλέον
3701 4070 3772 4122 τά

2104 4170 2205 4233 τῆς
2265 4167 2462 4218 σαυτοῦ
2520 4161 2900 4240 κληρονομίας
2958 4161 3045 4238 ὑφ’
3103 4161 3298 4234 ἑτέρων
3357 4159 3486 4235 ὀρᾷν
3541 4156 3772 4232 κατεχό-

2111 4273 2262 4326 μενα,
2295 4251 2390 4307 κᾶν
2451 4248 2534 4306 ὅτι
2606 4248 2843 4324 μάλιστα
2898 4249 3074 4311 οὕτως
3133 4246 3280 4325 ἔχειν
3333 4248 3361 4301 ὁ
3406 4245 3594 4322 καιρὸς
3638 4265 3769 4299 κατ-

2107 4342 2427 4418 ηνάγκαζεν,
2480 4341 2596 4412 Θεῷ
2656 4337 2714 4394 δὲ
2768 4340 3003 4410 πιθήσας
3062 4340 3198 4412 (36),
3256 4335 3347 4391 καὶ
3405 4336 3518 4409 ἅμα
3570 4333 3646 4397 ὡς
3705 4332 3767 4389 οὐ

2105 4435 2361 4485 τοσοῦτον
2409 4433 2526 4490 τοῖς
2572 4427 2862 4499 πλήθεσιν,
2894 4425 3003 4501 ὅςῳ
3061 4427 3376 4504 φρονήματι
3433 4423 3524 4478 καὶ
3580 4442 3770 4498 καρτε-

2110 4518 2198 4595 ρίᾳ
2244 4521 2454 4593 ψυχῆς,
2483 4518 2552 4572 τὰ
2593 4515 2772 4573 πλείω
2821 4516 3062 4590 κρίνεται
3111 4518 3220 4570 τῶν
3269 4512 3606 4590 πραγμάτων
3655 4509 3769 4567 δια-

2029 4606 2340 4694 Βνοηθείς,
2397 4606 2535 4662 κατὰ
2583 4603 2798 4661 πάντων
2857 4605 3152 4679 ἐξέπεμπες
3206 4603 3302 4666 τὰς
3365 4599 3622 4676 δυνάμεις
3674 4600 3766 4656 καὶ

2107 4699 2290 4753 κοινὸν
2342 4695 2689 4772 ἀνερῥίπισας
2737 4694 3005 4769 πόλεμον,
3053 4692 3178 4770 τρία
3232 4693 3301 4748 τὰ
3344 4689 3619 4746 κάλλιστα
3665 4695 3767 4745 πᾶ-

2108 4807 2188 4841 σιν
2233 4786 2542 4862 ἀνθρώποις
2591 4785 2822 4839 ἐντεῦθεν
2874 4780 3255 4859 παραδεικνύς,
3312 4782 3376 4836 τὸ
3421 4781 3607 4856 περιὸν
3663 4787 3762 4848 τῆς

2108 4877 2318 4953 σοφίας,
2350 4877 2413 4929 τὸ
2460 4881 2559 4943 τῆς
2619 4871 2838 4946 ἀνδρίας
2901 4874 3150 4948 μέγεθος,
3184 4871 3297 4941 καὶ,
3329 4871 3360 4925 '6
3390 4871 3603 4925 πάντων
3652 4872 3760 4922 τῶν

2107 4963 2293 5020 ἄλλων
2329 4963 2590 5034 ἐπέκεινα,
2621 4962 2683 5016 τὸ
2716 4960 2952 5040 ἀσφαλὲς
2982 4968 3082 5031 τῆς
3123 4960 3260 5037 πρὸς
3319 4958 3448 5015 Θεὸν
3497 4958 3764 5026 πεποιθή-

2108 5076 2266 5117 σεως.
2300 5051 2456 5110 Ἀλλ’
2488 5051 2613 5115 ὅσας
2647 5050 2832 5124 μέντοι
2879 5049 3097 5108 πόλεων
3143 5050 3469 5126 παρεστήσω
3514 5045 3759 5101 τούντεῦ-

2106 5146 2211 5214 θεν,
2243 5143 2340 5206 τὰς
2375 5143 2468 5216 μὲν
2503 5144 2695 5217 ’Ἄρεος
2743 5139 2922 5213 νόμῳ,
2954 5140 3050 5203 τὰς
3102 5137 3160 5194 δὲ
3209 5139 3300 5194 καὶ
3347 5132 3756 5213 προσπεσούσας

2105 5232 2318 5304 αὐτίκα,
2365 5233 2440 5293 ὡς
2497 5229 2765 5305 ἐκάθηρας
2822 5231 2923 5299 τὴν
2979 5234 3077 5284 τοῦ
3135 5227 3408 5298 Πέλοπος,
3457 5225 3533 5286 ὡς
3587 5241 3755 5296 προσ-

2105 5323 2350 5392 εποιήσω
2407 5320 2506 5388 τὴν
2569 5319 2914 5390 Λακωνικὴν,
2944 5319 3034 5374 καὶ
3087 5320 3188 5391 τῆς
3238 5312 3468 5392 Ἀχαΐας
3527 5308 3756 5385 ἐκράτη-

2180 5500 2292 5572 (36)
2324 5499 2456 5575 Δὃὶο
2507 5499 2709 5575 codex.
2740 5497 3006 5575 scripsit,
3049 5493 3610 5575 _put0,_7tevt0t0ﬂqa¢
3653 5509 3756 5548 au-

2102 5568 2247 5700 cttor,
2277 5568 2339 5627 ni
2369 5570 2614 5629 volucrii
2644 5568 2886 5642 Ροοῐὶοό
2902 5568 3086 5642 loqui,
3103 5568 3258 5643 quod
3290 5582 3448 5623 nunc
3469 5568 3758 5636 intempe-

2101 5660 2129 5700 s
2159 5659 2343 5699 ivum.
