4132 6438
311 407 436 476 373

1331 412 1734 478 LAUDATIO
1778 411 2202 476 MIGHAELIS
2247 410 2731 475 PALIEOLOGI.

3615 411 3736 473 374

309 563 428 609 σας.
465 539 714 608 Ἰταλοὺς
773 539 832 600 δὲ
886 543 953 600 τά
1011 544 1266 625 φρούρια,
1326 546 1403 610 ὡς
1455 551 1676 609 πτῶκας
1723 546 1818 608 τὰς
1879 546 1959 601 πέ·

2086 546 2292 620 lingua
2332 545 2553 619 pollent
2605 550 2663 602 et
2704 543 3037 618 eloquentia
3083 559 3264 617 super
3314 560 3517 601 omnes
3562 561 3733 602 exor-

300 655 457 713 τρας,
521 632 771 690 ὑπελθεῖν
831 635 1254 712 παρεσκεύασας,
1307 634 1578 712 λεγόντων
1650 633 1826 711 ἕτεροι
1881 636 1972 690 καὶ

304 723 654 799 ὑμνούντων,
686 718 880 780 ὁπόσοι
910 725 1002 780 καὶ
1060 725 1309 801 γλῶτταν
1368 725 1570 798 ἱκανοὶ,
1602 725 1830 787 ὁπόσοις
1878 724 1970 779 καὶ

300 816 365 870 τὸ
396 813 580 890 λέγειν
640 812 887 870 ἐπέκεινα
941 819 1050 870 τῶν
1109 814 1296 870 ἄλλων
1358 812 1685 891 δεδώρηται’
1729 813 1853 888 ἐμοὶ
1911 811 1969 868 δὲ

305 905 445 979 πρὸς
517 907 779 959 τοσοῦτον
855 905 1190 981 πραγμάτων
1277 902 1625 978 διανήξασθαι
1700 905 1964 977 πέλαγος,

309 993 490 1071 βραχὺ
521 992 613 1048 καὶ
657 997 825 1048 τοῦτα
880 993 1292 1072 περιφερομένῳ
1345 998 1444 1048 τοῦ
1497 993 1670 1070 λόγου
1726 993 1964 1065 ἀκάτιον,

308 1086 615 1161 περιφανῶς
646 1079 871 1146 αὕθαδές
899 1103 960 1138 τε
1002 1081 1152 1138 δοκεῖ
1188 1083 1278 1139 καὶ
1323 1081 1481 1160 ἔργον
1541 1083 1711 1158 γέμον
1769 1081 1965 1158 θρασύ-

306 1191 496 1240 τητος.
546 1169 700 1240 Πλὴν
755 1169 953 1228 ἐκεῖθεν
1011 1174 1148 1245 ἡμῖν
1233 1171 1570 1251 εὐφροσύνης
1635 1173 1820 1248 ἡμέρα
1874 1170 1964 1226 καὶ

313 1262 611 1336 πανήγυρις
645 1262 784 1324 ἅπας
817 1262 846 1316 ὁ
879 1260 1017 1337 βίος,
1049 1261 1139 1316 καὶ
1189 1260 1431 1336 διαμένει
1477 1262 1641 1339 μέχρι
1670 1269 1771 1332 τῆς
1806 1259 1964 1337 δεῦρο

307 1348 572 1421 αὐξόμενα
643 1350 712 1404 τὰ
786 1348 1048 1426 ἡμέτερα,
1105 1349 1174 1405 τὰ
1221 1348 1280 1405 δὲ
1342 1355 1449 1406 τῶν
1538 1345 1825 1426 βαρϐάρων
1885 1349 1962 1412 εἷς

303 1436 568 1515 ἀνάρῥουν
599 1444 794 1515 χωρεῖ,
845 1439 935 1494 καὶ
967 1438 1196 1514 ἀκμάζει
1234 1441 1301 1494 τὰ
1349 1441 1466 1494 κατ’
1522 1439 1737 1495 ἐκείνων
1794 1437 1959 1493 δεινά·

301 1523 388 1582 διὸ
416 1526 509 1580 καὶ
540 1524 862 1583 σπεύδουσιν
895 1528 972 1591 ὡς
999 1527 1052 1583 ἐν
1085 1548 1235 1583 νυκτι
1284 1525 1489 1605 διάγειν
1545 1529 1638 1583 τὸν
1700 1527 1839 1605 βίον,
1885 1529 1962 1602 μὴ

2085 641 2338 692 nantur:
2375 636 2519 691 mihi
2552 641 2749 692 autem
2782 636 2936 691 circa
2964 635 3086 691 haec
3137 649 3437 691 sermones
3486 650 3730 706 parvum

2082 727 2420 799 cymbalum
2470 725 2925 795 circumferenti,
2974 728 3207 780 tantum
3265 739 3462 779 rerum
3512 729 3730 779 ﬂumen

2079 815 2437 888 perlustrare
2464 816 2772 871 manifeste
2800 815 3030 870 videtur
3053 831 3201 886 opus
3232 813 3492 868 insolens
3518 829 3584 868 ac
3605 813 3730 885 ple-

2077 921 2222 960 num
2253 904 2625 960 temeritatis.
2677 907 2964 960 Praeterea
3012 903 3184 958 nobis
3233 901 3445 957 laetitiaeI
3496 902 3622 957 dies
3673 905 3731 957 et

2077 994 2182 1050 tibi
2211 993 2343 1050 laus
2373 993 2565 1049 omnis
2594 993 2732 1060 vita,
2767 996 2823 1048 et
2850 993 3136 1048 hactenus
3166 1010 3259 1048 res
3293 995 3503 1047 nostrae
3543 995 3728 1046 auctas.

2078 1087 2336 1152 manent,
2373 1084 2762 1140 Barbarorum
2784 1100 2916 1138 vero
2946 1099 3040 1138 res
3067 1082 3124 1137 in
3157 1098 3412 1154 praeceps
3445 1085 3645 1151 ruunt,
3671 1084 3729 1136 et

2076 1175 2400 1246 augescunt
2428 1171 2666 1228 illorum
2697 1171 3014 1244 angustiae;
3047 1170 3243 1243 itaque
3266 1174 3537 1242 quaerunt
3558 1169 3726 1240 quasi

2073 1261 2134 1316 in
2175 1267 2343 1317 nocte
2397 1261 2605 1332 degere
2660 1261 2860 1328 vitam,
2921 1259 3060 1331 quia
3115 1263 3249 1315 tuos
3304 1276 3420 1314 non
3479 1262 3728 1330 possunt

2074 1351 2363 1422 respicere
2412 1349 2792 1422 splendores:
2853 1350 3007 1404 feras
3083 1349 3304 1404 diceres
3382 1351 3723 1416 nocturnas,

2075 1457 2203 1512 qua)
2262 1456 2377 1495 non
2435 1438 2755 1495 tolerantes
2804 1439 2959 1494 diem
3005 1438 3439 1493 illucescentem
3505 1437 3724 1506 videre,

2073 1529 2133 1585 in
2168 1533 2298 1584 acta
2327 1528 2586 1584 nemoris
2616 1533 2675 1584 et
2704 1527 2959 1584 latebras
2985 1529 3284 1584 recedunt.

300 1613 524 1692 ἔχοντες
581 1617 722 1693 πρὸς
776 1619 871 1681 τὰς
930 1620 1027 1681 σάς
1080 1617 1533 1697 ἀντοφθαλμίζειν
1563 1615 1950 1697 φαιδρότηταςο
1982 1625 2150 1694 θῆρας
2201 1615 2260 1671 ἂν
2317 1613 2460 1670 εἷίποι
2490 1636 2574 1678 τις
2624 1616 2958 1690 ἀνημέρους,
2993 1616 3068 1687 μὴ
3130 1614 3386 1692 φέροντας
3441 1615 3568 1691 ὁρᾷν
3626 1616 3727 1684 τὴν

296 1706 516 1781 ἡμέραν
549 1705 905 1784 αὐγάζουσαν,
935 1705 1162 1783 πρὸςδὲ
1189 1709 1258 1762 τὰ
1286 1708 1424 1784 βάθη
1457 1715 1558 1778 τῆς
1589 1706 1728 1778 ὕλης
1757 1706 1848 1762 καὶ
1875 1709 1973 1771 τὰς
2001 1704 2317 1768 καταδύσεις
2351 1703 2756 1779 ἐπειγομένους.

366 1794 470 1849 Καὶ
499 1794 660 1871 γνοίη
693 1793 740 1850 δ’
771 1793 832 1852 ἄν
861 1817 947 1860 τις
993 1799 1057 1852 τὸ
1109 1797 1331 1870 ἀληθὲς,
1367 1796 1532 1871 μόνον
1588 1796 1636 1851 εἰ
1687 1797 1954 1874 προσέχοι

2134 1798 2206 1852 Et
2235 1798 2610 1869 cognosceret
2639 1795 2852 1868 aliquis
2881 1795 3208 1867 veritatem,
3242 1796 3292 1850 si
3335 1798 3566 1851 tantum
3597 1795 3723 1852 ani-

288 1883 385 1939 τὸν
415 1888 570 1941 νοῦν.
603 1886 824 1960 Πέρσαι,
876 1891 1122 1959 Λατῖνοι,
1177 1886 1373 1958 Μυσοὶ,
1405 1886 1542 1960 πρὸς
1595 1885 1812 1948 τούτοις
1865 1885 1956 1940 καὶ

291 1973 522 2046 Σκύθαι,
553 1974 645 2028 καὶ
702 1971 803 2029 ὅσα
855 1978 962 2030 τῶν
1023 1974 1192 2030 ἐθνῶν
1255 1975 1649 2050 μαχιμώτατα,
1705 1975 1797 2029 ὁτὲ
1858 1975 1955 2048 μὲν

290 2059 411 2134 ἰδίᾳ
453 2060 681 2119 ἕκαστον
731 2062 906 2135 ἔθνος,
937 2065 1005 2134 ἦν
1059 2063 1150 2119 ὅτε
1195 2063 1287 2120 καὶ
1339 2065 1392 2119 οἱ
1439 2064 1638 2126 πάντες
1666 2063 1858 2140 ἀθρόον
1907 2064 1958 2135 ἐξ

289 2147 595 2225 ἀνατολῶν,
629 2151 690 2208 ἐκ
720 2149 965 2227 δυσμῶν,
998 2154 1060 2210 ἐκ
1103 2158 1234 2230 γῆς,
1267 2152 1327 2209 ἐκ
1379 2151 1674 2225 θαλάττης,
1706 2153 1768 2208 ἐκ
1822 2174 1959 2208 παν-

288 2239 389 2302 τὸς
419 2239 642 2318 μέρους,
672 2238 1142 2316 προσϐάλλοντες,
1168 2245 1308 2299 κατὰ
1353 2240 1574 2312 πολλὴν
1627 2239 1806 2298 ἄδειαν
1856 2244 1957 2312 τὴν

289 2327 570 2404 ἡμετέραν
612 2331 964 2408 κατέτρεχον,
993 2332 1086 2386 καὶ
1144 2329 1327 2409 ὥσπερ
1383 2332 1578 2407 πληγή
1634 2354 1718 2396 τις
1773 2330 1955 2388 δυσία-

289 2437 388 2480 τος
436 2417 610 2495 ταύτῃ
654 2419 915 2476 ἐνέκειντο
960 2419 1377 2496 λυμαινόμενοι·
1409 2423 1473 2477 τὸ
1517 2419 1575 2477 δὲ
1620 2423 1785 2477 κακὸν
1840 2421 1957 2477 ἐπι-

295 2508 483 2582 μένον,
526 2513 608 2582 τῷ
663 2509 851 2587 χρόνῳ
906 2512 997 2566 καὶ
1052 2509 1499 2588 κραταιούμενον,
1550 2511 1718 2587 τάχα,
1772 2511 1819 2566 εί
1881 2513 1956 2586 μὴ

287 2595 528 2669 ἕστησας
557 2597 622 2653 σὺ
649 2603 811 2654 τοῦτο
845 2598 1006 2675 ἰσχὺν
1034 2599 1281 2678 εἰληφὼς
1313 2600 1374 2654 ἐκ
1427 2603 1582 2670 Θεοῦ,
1616 2600 1672 2663 ἐς
1729 2597 1962 2676 ἔσχατον

302 2685 366 2742 ἂν
421 2687 732 2766 ἀφανισμοῦ
789 2685 1077 2765 παρήλασε
1129 2688 1198 2743 τὰ
1252 2687 1515 2763 ἡμέτερα.
1549 2687 1710 2744 Ἀλλ’
1753 2691 1820 2759 ἦν
1871 2691 1961 2763 μὲ-

293 2796 397 2853 ’χρι
452 2783 557 2848 τῆς
613 2783 715 2847 σῆς
775 2774 1092 2849 ἀναδείξεως
1146 2781 1336 2848 ταῦτα,
1369 2779 1524 2847 καὶὴ
1569 2777 1727 2841 νόσος
1793 2779 1959 2855 μέχρι

293 2865 421 2922 τότε
475 2870 750 2943 κρατοῦσα
805 2866 1070 2946 ἐφαίνετο.
1105 2865 1256 2922 Ἐπεὶ
1316 2863 1375 2921 δὲ
1416 2864 1662 2943 ἀνέσχες,
1694 2868 1784 2922 καὶ
1815 2888 1957 2944 πρη-

296 2961 503 3030 στῆρας
591 2953 742 3030 μάλα
823 2951 1094 3034 φοϐεροὺς
1179 2955 1523 3031 ἁπανταχόσε
1591 2954 1798 3035 ἠφίεις,
1849 2953 1960 3011 οὔτ’

293 3040 463 3121 ἔσχον
494 3041 657 3116 ἄντην
684 3043 838 3118 ἰδεῖν,
868 3044 960 3100 καὶ
989 3047 1026 3115 ἡ
1061 3043 1354 3107 ὑπόστασις
1393 3043 1568 3100 αὐτῶν
1627 3045 1734 3120 πρὸ
1789 3045 1961 3121 προσ-

295 3133 456 3190 ώπου
515 3154 613 3190 σου
661 3131 887 3206 καλάμη
948 3155 1034 3197 τις
1081 3134 1149 3204 ἦν
1205 3132 1346 3210 πρὸς
1403 3135 1672 3211 σπινθῆρα
1717 3131 1808 3188 καί
1839 3130 1957 3188 ἅνε-

304 3244 364 3246 ,._
396 3242 402 3246 Α
435 3225 547 3246 [σν-η
591 3224 697 3246 τις».
737 3219 784 3246 Μ
830 3243 913 3246 ,A,
962 3225 985 3246 Α
1016 3244 1023 3246 .
1074 3221 1269 3246 κὼνμη.
1335 3221 1490 3246 _l\,,
1550 3224 1645 3246 με,
1703 3221 1922 3246 n,._,\_,l
1991 3178 2034 3246 Ο

299 3242 404 3298 μον
434 3224 698 3298 Τήν
733 3219 792 3278 δὲ
821 3225 1024 3298 σεμνὴν
1069 3221 1270 3292 ταύτην
1329 3221 1492 3279 πόλιν
1547 3224 1647 3293 τὴν
1703 3221 1958 3298 βασιλεύ-

296 3332 484 3385 ουσαν,
541 3311 631 3368 καὶ
702 3311 904 3384 ταύτην
964 3310 1136 3387 (ἀλλὰ
1206 3309 1413 3368 δίκαιον
1473 3312 1534 3367 ἂν
1612 3307 1696 3383 εἷίη
1770 3312 1963 3388 μικρὸν

295 3403 731 3477 ἀναχωρήσαντα
784 3400 912 3478 περὶ
959 3399 1166 3472 ταύτης
1253 3401 1449 3456 εἶπεῖν⁴
1538 3399 1778 3456 ἐντεῦθεν
1861 3400 1962 3477 γὰρ

294 3490 448 3546 ἔσται
532 3487 772 3546 κατιδεῖν
858 3490 1238 3566 ἐναργέστερον
1317 3490 1392 3552 ὡς
1470 3487 1830 3566 δαψιλέστερα
1883 3494 1964 3562 τῷ

292 3578 558 3656 ἡμετέρῳ
591 3578 809 3656 βασιλεῖ
833 3579 904 3635 τὰ
936 3586 1038 3650 τῆς
1087 3575 1289 3644 ἄνωθεν
1336 3579 1458 3650 ἥκει
1514 3578 1708 3655 ῥοπῆς,
1740 3578 1856 3633 ἀνθ’
1898 3578 1960 3632 οὗ

291 3669 389 3725 καὶ
446 3670 516 3725 τὰ
575 3667 788 3747 μεγάλα
844 3665 1034 3745 δρᾶσαι
1092 3668 1168 3730 ὡς
1229 3667 1397 3745 ῥᾷστα
1426 3667 1783 3744 ἐργαζόμενος
1843 3669 1961 3746 φαί-

291 3759 495 3832 νεται),
533 3757 626 3813 καὶ
672 3757 877 3830 ταύτην
925 3760 995 3828 ἧς
1026 3757 1116 3813 ὑπ’
1160 3756 1387 3833 οὐρανὸν
1420 3756 1521 3812 οὐκ
1550 3755 1653 3812 οἶδ’
1684 3757 1732 3812 εἰ
1760 3755 1958 3813 καλλί-

291 3866 435 3919 στην
463 3844 601 3903 εἶδεν
635 3848 664 3903 ὁ
692 3845 880 3919 ἥλιος,
916 3845 1184 3924 βασιλέων
1217 3844 1378 3902 οὖσαν
1439 3847 1642 3917 ἑστίαν,
1671 3847 1707 3915 ἢ
1744 3845 1956 3920 μᾶλλον

292 3939 432 3993 Θεοῦ
462 3956 521 3991 τε
551 3934 761 4012 χωρίον
796 3934 1061 4012 ἐξαίρετον
1104 3932 1196 3989 καί
1247 3934 1474 4008 τέμενος
1531 3935 1702 4012 ἱερὸν,
1734 3929 1956 4007 συνέϐη,

289 4027 434 4081 κατά
463 4025 632 4099 νόμον
660 4030 764 4095 τῆς
795 4021 1143 4100 ἀνθρωπίνης
1170 4022 1372 4100 τύχης,
1407 4024 1512 4080 ὑπὸ
1571 4029 1763 4100 χεῖρας
1826 4025 1956 4101 βαρ-

293 4111 486 4192 ϐάρων
516 4113 716 4170 ἐλθεῖν.

369 4204 472 4260 Καί
530 4223 595 4280 γε
656 4200 850 4277 μηδεὶς
910 4203 1000 4258 ὑπ’
1030 4200 1204 4257 αἰτίαν
1260 4201 1392 4266 τοὺς
1438 4201 1675 4278 πατέρας
1704 4201 1954 4276 ποιείτω,

298 4292 474 4369 μηδὲν
555 4291 878 4368 ἰσχύσαντας
951 4289 1183 4371 φυλάξαι
1254 4289 1536 4362 τοιαύτην,
1611 4287 1771 4346 οὖσαν
1854 4293 1954 4360 τὴν

293 4384 528 4440 ἑαυτῶν·
589 4378 744 4436 οὐδὲν
795 4381 898 4457 γὰρ
957 4380 1096 4454 πρὸς
1146 4377 1363 4435 ἐκείνων
1420 4384 1529 4434 τῶν
1611 4374 1954 4453 ξυμϐάντων,

294 4471 477 4539 οὐδὲν,
525 4468 639 4526 οὐδ’
690 4472 727 4540 ἡ
783 4473 892 4525 τῶν
977 4468 1331 4524 ἐνοικούντων
1403 4469 1646 4524 ἀσθένεια
1700 4468 1956 4546 πρόξενος

2069 1904 2164 1942 mo
2204 1887 2492 1942 intendat.
2522 1886 2730 1954 Persae,
2766 1884 2976 1951 Latini,
3010 1885 3157 1957 Mysi
3187 1888 3244 1939 et
3287 1885 3531 1957 insuper
3580 1885 3720 1956 Scy-

2068 1976 2203 2045 thae,
2236 1980 2293 2032 et
2324 1991 2688 2048 quaecunque
2718 1979 2921 2048 gentes
2949 1974 3435 2041 bellicosissimas,
3461 1973 3580 2029 sive
3603 1973 3722 2030 sin-

2069 2064 2208 2138 gula
2261 2064 2420 2120 natio
2470 2063 2768 2136 privatim,
2819 2064 2939 2120 sive
3005 2082 3208 2120 omnes
3261 2066 3586 2135 conjunctae
3651 2079 3723 2120 ex

2069 2154 2314 2222 oriente,
2347 2169 2418 2210 ex
2437 2153 2752 2220 occidente,
2795 2168 2825 2208 e
2854 2157 3030 2222 terra,
3062 2169 3092 2210 e
3124 2153 3295 2226 mari,
3328 2170 3397 2209 ex
3417 2153 3581 2209 omni
3630 2169 3722 2209 re-

2069 2243 2242 2316 gione
2271 2242 2587 2309 irruentes,
2621 2259 2836 2314 magna
2865 2243 3182 2299 securitate
3209 2247 3427 2298 terram
3459 2251 3722 2298 nostram

2069 2336 2577 2405 oppugnaverunt,
2610 2336 2689 2400 et,
2719 2331 2897 2388 veluti
2931 2332 3130 2404 aliqua
3153 2333 3327 2405 plaga
3347 2331 3720 2400 insanabilis,

2070 2420 2158 2476 illi
2190 2421 2568 2477 adhaeserunt
2595 2421 2832 2477 infesti:
2868 2422 3024 2493 quod
3065 2421 3288 2476 malum
3338 2419 3548 2477 stabile
3591 2421 3721 2491 qui-

2072 2511 2207 2567 dem
2239 2527 2306 2567 ac
2335 2514 2599 2582 tempore
2628 2510 2993 2579 roboratum,
3042 2509 3325 2579 celeriter,
3370 2510 3484 2566 nisi
3536 2513 3601 2565 tu
3651 2509 3722 2564 ad

2071 2599 2218 2656 illud
2249 2599 2641 2654 inhibendum
2669 2601 2827 2655 viros
2858 2616 2892 2655 a
2921 2599 3039 2655 Deo
3069 2599 3458 2670 suscepisses,
3508 2598 3580 2653 ad
3627 2613 3724 2653 ex-

2069 2693 2319 2744 tremam
2351 2688 2669 2760 perniciem
2711 2692 2916 2743 nostra
2964 2687 3326 2744 adduxisset.
3380 2688 3510 2743 Haec
3559 2690 3725 2742 erant

2073 2778 2408 2849 usquedum
2450 2776 2672 2834 electus
2713 2776 2914 2846 fueris,
2963 2781 3022 2833 et
3069 2777 3312 2832 morbus
3359 2775 3723 2832 invalescens

2068 2867 2396 2924 videbatur.
2427 2870 2748 2938 Postquam
2781 2871 2978 2922 autem
3019 2866 3380 2938 apparueris,
3424 2869 3724 2922 vexatores

2071 2957 2326 3012 maxime
2354 2956 2649 3012 timendos
2680 2956 2854 3028 plane
2892 2955 3217 3023 dimittens,
3249 2971 3366 3011 non
3407 2957 3726 3027 potuerunt

2069 3049 2127 3102 te
2158 3048 2365 3101 contra
2391 3044 2630 3113 intueri,
2663 3049 2722 3101 et
2746 3043 2984 3100 illorum
3017 3044 3284 3110 audacia,
3319 3048 3454 3099 ante
3512 3041 3722 3098 faciem

2068 3138 2257 3205 tuam,
2289 3138 2415 3190 erat
2446 3134 2618 3206 quasi
2647 3134 2868 3205 stipula
2918 3135 2990 3189 ad
3024 3133 3340 3189 scintillam
3372 3136 3429 3188 et
3457 3136 3722 3188 ventum.

2071 3223 2418 3280 Praeclaram
2448 3227 2648 3279 autem
2679 3222 2841 3278 illam
2862 3223 3181 3294 civitatem,
3205 3222 3264 3277 in
3287 3237 3466 3294 quam
3491 3237 3723 3292 regnas,

2072 3317 2130 3369 et
2158 3312 2322 3369 illam
2355 3313 2480 3385 (sed
2510 3329 2743 3385 zequum
2770 3315 2928 3368 esset
2955 3311 3266 3384 paululum
3298 3311 3526 3384 digredi
3557 3313 3623 3365 ut
3653 3310 3724 3365 de

2073 3418 2139 3458 ea
2165 3401 2412 3474 loquar:
2473 3400 2682 3458 exinde
2739 3401 2898 3456 enim
2947 3401 3144 3458 videre
3192 3399 3303 3456 erit
3351 3398 3724 3471 apertissime

2072 3507 2255 3562 quam
2302 3491 2629 3562 copiosiora
2675 3507 2745 3546 ex
2793 3489 2937 3546 coelo
2978 3506 3108 3545 meo
3159 3489 3282 3561 regi
3343 3491 3725 3544 occurrerunt

2070 3579 2365 3652 praesidia,
2398 3583 2636 3652 propter
2664 3580 2822 3651 quod
2852 3583 2911 3634 et
2939 3579 3000 3633 in
3042 3578 3274 3652 magnis
3304 3577 3588 3634 faciendis
3636 3576 3724 3631 in-

2070 3669 2347 3724 cumbere
2379 3668 2656 3724 facillime
2683 3668 2934 3739 videtur)
2968 3671 3026 3723 et
3051 3667 3237 3735 illam,
3269 3683 3386 3738 qua
3415 3668 3526 3723 sub
3575 3665 3721 3721 coelo

2070 3774 2144 3813 an
2177 3757 2265 3813 sol
2297 3757 2692 3830 pulchriorem
2719 3758 2916 3813 videat
2945 3756 3164 3828 nescio,
3193 3774 3328 3812 cum
3363 3756 3442 3813 sit
3469 3771 3719 3829 regnum

2069 3847 2237 3902 sedes
2262 3850 2320 3903 et
2350 3847 2676 3919 praesertim
2702 3846 2806 3902 Dei
2846 3845 3129 3918 oppidum
3180 3844 3430 3901 electum
3481 3851 3539 3901 et
3589 3862 3722 3901 san-

2068 3938 2232 3990 ctum
2263 3935 2691 4006 sanctuarium,
2725 3934 2939 3990 accidit
2953 3937 3123 4007 juxta
3143 3935 3416 3990 humanae
3438 3935 3616 3991 sortis
3637 3934 3720 3990 le-

2069 4039 2170 4096 ges
2201 4024 2262 4079 in
2293 4023 2570 4080 manibus
2602 4025 2996 4080 Barbarorum
3023 4023 3322 4080 cecidisse.

2138 4203 2210 4259 Et
2239 4218 2313 4258 ne
2343 4203 2662 4275 quisquam
2712 4201 2858 4257 illud
2909 4201 3144 4256 crimini
3192 4205 3380 4259 vertat
3424 4203 3717 4274 patribus,

2067 4292 2170 4364 qui
2201 4309 2353 4360 eam,
2389 4309 2524 4348 cum
2554 4292 2674 4348 illis
2724 4295 2852 4348 erat
2897 4307 3148 4361 servare,
3197 4308 3313 4347 non
3364 4290 3718 4348 valuerunt:

2067 4381 2216 4437 nihil
2243 4382 2403 4438 enim
2435 4398 2504 4437 ex
2527 4381 2622 4437 bis
2651 4398 2778 4453 quae
2802 4382 2886 4438 eis
2919 4385 3257 4453 evenerunt,
3289 4381 3458 4449 nihil,
3508 4398 3581 4437 ne
3629 4383 3719 4438 in-

2067 4471 2325 4527 colarum
2382 4472 2618 4543 quidem
2664 4470 3038 4527 imbecillitas
3095 4475 3300 4527 auctor
3353 4471 3467 4527 fuit
3513 4471 3721 4528 urbem

291 4565 396 4618 τοῦ
455 4557 794 4635 δυστυχῆσαι
846 4559 948 4627 τὴν
1003 4557 1166 4614 πόλιν
1219 4557 1452 4633 ἐγένετο.
1483 4556 1683 4615 Ἀλλὰ
1736 4564 1840 4620 πᾶς
1877 4579 1959 4621 τις

2072 4559 2390 4616 infaustam
2433 4559 2747 4616 exstitisse.
2793 4561 2905 4616 Sed
2957 4560 3293 4632 quicunque
3336 4560 3445 4616 hoc
3494 4560 3609 4616 sibi
3657 4560 3719 4617 in

294 4649 378 4713 εἰς
406 4647 608 4712 ταύτας
642 4648 853 4715 ἐννοιας
883 4646 1211 4725 ἐρχόμενος,
1245 4644 1404 4710 εἰδὼς
1436 4647 1511 4709 ὡς
1563 4644 1715 4702 οὐδὲν
1759 4651 1868 4703 τῶν
1901 4647 1954 4703 ἐν

294 4739 612 4816 ἀνθρώποις
650 4736 926 4808 ἀκίνητον
978 4734 1105 4792 οὐδὲ
1165 4730 1405 4813 βέϐαιον,
1437 4733 1575 4792 ἴδιον
1611 4733 1670 4791 δὲ
1694 4741 1792 4792 τοῦ
1831 4739 1956 4808 θνη-

291 4832 397 4886 τοῦ
448 4828 646 4904 γένους
702 4826 760 4881 αἱ
819 4820 1142 4900 μεταϐολαὶ,
1193 4826 1284 4880 καὶ
1337 4825 1604 4902 παγιότης
1659 4825 1724 4880 τὸ
1785 4823 1954 4898 μηδὲν

295 4919 430 4975 εἶναι
462 4918 688 4994 πάγιον,
718 4915 809 4970 καὶ
867 4913 1151 4991 ἅνθρωπος
1200 4919 1335 4970 Θεοῦ
1391 4915 1665 4990 παίγνιον,
1699 4915 1744 4969 εἰ
1801 4917 1957 4988 θέμις

294 5009 470 5066 εἰπεῖν
555 5005 694 5062 κατὰ
766 5002 1056 5073 Πλάτωνα,
1113 5003 1477 5083 στρεφόμενός
1536 5025 1594 5059 τε
1649 5004 1740 5059 καὶ
1801 5025 1960 5078 μετα-

294 5094 668 5176 στρεφόμενος
703 5093 778 5156 ὡς
807 5097 888 5166 τῷ
929 5092 1214 5172 στρέφοντι
1276 5091 1572 5168 βουλητὸν,
1621 5095 1955 5168 συγγνώμην

290 5209 355 5244 τε
382 5191 505 5249 τοῖς
530 5183 825 5261 προγόνοις
854 5182 1054 5259 ἐχέτω,
1081 5183 1173 5238 καὶ
1203 5182 1282 5245 ὡς
1341 5180 1626 5252 ὀλισθῆναί
1682 5203 1816 5237 ποτε
1868 5181 1957 5237 καὶ

292 5275 500 5347 ταύτην
555 5271 665 5331 ἔδει
740 5273 1030 5346 ἀναγκαῖον
1099 5271 1232 5327 εἶναι
1319 5269 1582 5347 δεχέσθωο
1642 5271 1960 5348 ἀνθρώπους

293 5369 398 5445 γὰρ
431 5361 593 5427 ὄντας
625 5365 702 5437 μή
733 5366 925 5437 πεῖραν
958 5355 1145 5416 λαϐεῖν
1201 5381 1335 5415 ποτε
1385 5359 1475 5416 καί
1529 5365 1633 5416 τῶν
1692 5362 1767 5434 μὴ
1824 5362 1962 5416 κατὰ

295 5457 535 5534 γνώμην
593 5450 876 5508 ἀδύνατον.
929 5453 1224 5527 Τοιγαροῦν
1283 5449 1372 5504 καὶ
1441 5451 1744 5524 κάμπτεται
1804 5451 1961 5525 ἀναγ-

292 5544 468 5606 καίως
522 5546 559 5613 ἡ
621 5538 860 5618 βασιλὶς,
916 5538 1007 5594 καὶ
1054 5538 1257 5615 γίνεται
1333 5542 1536 5614 χειρῶν
1614 5533 1956 5614 βαρϐαρικῶν

367 5687 493 5760 (37)
522 5680 1059 5778 ῇοερίορτειροιυὶτ
1097 5680 1318 5772 ‘Psalm.
1354 5697 1564 5778 Lxxxn,
1600 5680 1665 5734 13
1699 5685 1798 5768 :“0
1829 5679 1960 5770 Θεός

299 5749 432 5838 μοι),
467 5749 567 5825 ὑοῦ
595 5749 794 5818 αὖτοὺς
827 5749 904 5816 ὡς
944 5753 1172 5830 τροχὸν,
1205 5753 1280 5816 ὡς
1309 5749 1565 5827 καλάμην
1598 5752 1734 5806 κατά
1790 5751 1958 5827 πρόσ-

2067 4650 2335 4705 animum
2358 4649 2612 4716 induxit,
2647 4653 2930 4722 reputans
2958 4650 3041 4705 nil
3072 4667 3201 4706 esse
3233 4650 3720 4707 incommutabile

2067 4753 2174 4794 nec
2205 4739 2467 4807 ﬁrmum,
2498 4739 2805 4811 proprium
2832 4754 2969 4795 vero
3001 4738 3272 4795 mortalis
3313 4739 3545 4811 generis
3587 4755 3720 4796 esse

2068 4826 2449 4895 mutationes,
2484 4832 2541 4883 et
2569 4827 2951 4884 stabilitatem
2980 4827 3063 4882 nil
3093 4844 3223 4884 esse
3257 4827 3493 4900 stabile,
3541 4832 3720 4901 atque

2069 4916 2374 4972 hominem
2405 4916 2508 4972 Dei
2530 4915 2874 4984 ludibrium,
2925 4917 2976 4973 si
3024 4916 3340 4972 Platonicis
3388 4917 3586 4974 verbis
3629 4919 3719 4974 uti

2068 5004 2265 5072 liceat,
2293 5005 2449 5077 quod
2477 5004 2726 5061 vertitur
2755 5009 2812 5060 et
2841 5005 3220 5074 convertitur,
3255 5010 3431 5078 prout
3471 5007 3721 5064 vertenti

2068 5092 2267 5161 libeat,
2300 5093 2529 5149 veniam
2558 5095 2654 5149 det
2685 5093 3031 5165 majoribus,
3065 5099 3122 5150 et
3151 5093 3317 5150 illam
3365 5097 3722 5168 quandoque

2069 5183 2351 5239 cecidisse
2403 5183 2798 5239 necessariam
2854 5183 3038 5239 fuisse
3119 5189 3389 5241 censeat:
3451 5185 3724 5244 homines

2071 5263 2229 5328 enim
2262 5289 2378 5328 non
2410 5271 2726 5344 aliquando
2777 5289 2869 5328 res
2917 5276 3121 5330 contra
3149 5273 3511 5331 voluntatem
3553 5292 3723 5348 expe-

2069 5361 2173 5416 riri
2203 5360 2364 5416 nullo
2397 5365 2564 5433 pacto
2595 5359 2717 5415 fieri
2749 5364 2958 5431 potest.
3001 5361 3204 5434 Itaque
3256 5363 3584 5420 necessarie
3633 5365 3724 5420 fa-

2070 5450 2234 5506 tiscit
2264 5451 2468 5522 regina
2497 5449 2721 5518 civitas,
2755 5454 2813 5505 et
2843 5451 2909 5505 fit
2936 5451 3326 5508 Barbarorum
3361 5470 3726 5525 supervacua

2070 5555 2294 5595 merces
2315 5545 2370 5596 et
2390 5539 2776 5594 obcaecationc
2806 5538 3036 5594 laeditur
3060 5541 3219 5596 orbis
3250 5541 3477 5613 oculus,
3500 5546 3622 5610 aut,
3659 5547 3726 5598 ut

2070 5702 2219 5735 ωπον
2280 5679 2481 5752 ἀνέμου
2531 5681 2630 5736 Est
2684 5681 2860 5738 etiam
2930 5681 3218 5745 ὑπόστασις
3276 5683 3451 5740 αὐτῶν
3506 5685 3720 5745 locutio

2070 5754 2130 5810 in
2161 5755 2368 5810 Bibliis
2401 5755 2694 5825 frequens.
3562 5758 3564 5760 ’
