4132 6452
315 372 442 436 375

1355 375 1673 443 GEORGII
1716 372 1981 439 GYPRII
2023 370 2141 437 CP.
2184 368 2721 436 PATRIABCHJE

3621 363 3744 433 3‘16

319 508 544 565 rectius
574 506 804 581 loquar,
843 513 1039 567 vertex
1083 514 1249 567 terrae
1298 527 1426 584 quae
1473 513 1585 569 sub
1633 511 1777 568 coelo
1818 511 2005 583 jacet,

2117 504 2489 582 παρανάλωμα,
2538 502 2630 559 καὶ
2680 503 2929 577 πήρωσιν
2981 500 3011 558 ὁ
3057 506 3159 573 τῆς
3207 497 3536 576 οἰκουμένης
3585 495 3746 579 δέχε-

324 597 579 669 ejicitur,
603 602 661 654 et
689 604 935 671 pereunt
963 618 1167 657 omnes
1216 601 1477 657 civitates
1522 600 1641 657 sive
1682 601 1744 656 in
1791 598 1975 655 conti-

327 691 523 757 nente,
557 688 678 744 sive
722 690 785 744 in
825 690 1016 746 medio
1066 691 1235 757 mari,
1286 708 1669 763 quascunque
1711 689 1977 746 incolunt

328 777 639 833 homines:
674 782 730 833 et
759 779 1119 850 perturbatio
1148 784 1206 836 et
1243 780 1507 836 confusio
1552 784 1610 836 et
1656 779 1973 847 innovatio,

329 869 390 922 et
421 866 471 921 si
494 865 635 938 quid
668 866 826 923 aliud
856 873 1070 939 praeter
1098 869 1435 941 Opinionem
1465 870 1564 938 sit,
1595 869 1821 926 invadit
1850 885 1976 925 om-

330 955 468 1024 nia;
497 960 557 1012 et
588 955 799 1012 coelum
829 972 899 1013 ex
928 957 1066 1026 alto,
1096 963 1163 1013 ut
1193 958 1442 1031 opinior,
1479 964 1752 1016 cruentas
1800 958 1983 1014 mittit

330 1043 552 1116 stellas,
584 1048 641 1101 et
670 1046 853 1119 gemit
883 1051 1176 1103 astrorum
1208 1047 1444 1117 chorus,
1478 1054 1535 1105 et
1560 1049 1833 1105 tenebras
1890 1047 1981 1102 lu-

332 1150 432 1203 na,
457 1134 730 1191 ﬂentium
760 1152 943 1209 more,
977 1137 1158 1204 subit,
1191 1142 1249 1193 et
1276 1138 1363 1195 sol
1396 1138 1638 1211 frigidos
1661 1154 1839 1211 super
1867 1141 1985 1193 ter-

334 1240 462 1279 ram
508 1225 706 1281 radios
748 1225 987 1288 emittit.
1038 1231 1160 1292 aut,
1210 1231 1276 1283 ut
1327 1229 1544 1284 rectius
1589 1228 1816 1300 loquar,
1867 1243 1985 1283 non

335 1311 535 1370 emisit
563 1313 826 1381 omnino,
857 1318 1189 1370 commotus
1220 1319 1277 1370 et
1304 1314 1431 1387 ipse
1476 1314 1639 1371 clade
1688 1314 1943 1370 civitatis
1969 1330 1983 1369 :

345 1401 590 1475 insuper
617 1419 751 1459 mox
779 1407 936 1459 terra
963 1403 1261 1477 immugit,
1294 1421 1393 1460 aer
1433 1404 1600 1475 quasi
1649 1402 1836 1459 tristis
1875 1402 1990 1459 alte

242 1532 243 1535 η
347 1490 685 1548 infuscatus
730 1495 839 1561 est,
894 1496 953 1548 et
998 1510 1159 1549 mare
1204 1497 1369 1549 extra
1412 1493 1655 1549 solitum
1703 1491 1991 1564 aestuavit,

346 1580 520 1652 quasi
550 1579 943 1637 calamitatem
974 1586 1237 1639 nostram
1268 1599 1385 1637 non
1416 1582 1726 1654 sustineat,
1750 1585 1995 1638 conten-

345 1669 494 1725 dens
516 1669 589 1725 ad
623 1668 804 1725 alium
854 1669 1049 1727 locum
1084 1688 1150 1726 ac
1199 1688 1377 1743 quem
1424 1676 1672 1744 occupat
1717 1669 1997 1727 transmi-

336 1774 547 1830 grare:
582 1775 699 1814 non
739 1758 898 1814 enim
949 1759 1256 1817 tolerabile
1302 1764 1429 1816 erat
1472 1764 1638 1817 terra;
1686 1776 1999 1817 ornamen-

336 1852 467 1904 tum
497 1847 603 1904 tali
642 1849 889 1905 fortuna
939 1865 1069 1907 esse
1120 1849 1460 1923 obnoxium,
1513 1867 1619 1907 nec
1669 1850 1996 1912 videbatur,
2027 1890 2077 1957 B

340 1935 569 1957 4-4.-.-
609 1936 968 1957 μημιεμμ,
1294 1943 1334 1957 _.
1374 1956 1413 1957 κν
1456 1940 1564 1957 .
1616 1943 1627 1957 .
1727 1938 1753 1957 ι
1948 1956 1951 1957 ν

335 1935 575 1993 civitate
609 1936 995 2009 periclitante,
1031 1937 1256 2011 aliquid
1286 1943 1345 1995 et
1364 1940 1520 2011 quod
1549 1940 1702 1995 inter
1727 1938 1998 1996 homines

348 2025 525 2082 solita
554 2029 715 2094 sunt,
766 2027 1032 2084 evenire:
1084 2031 1358 2085 caeterum
1407 2029 1713 2101 oportebat
1756 2028 1902 2085 illud
1941 2034 2000 2086 et

341 2130 473 2171 rem
502 2114 844 2188 impellebat
871 2118 1141 2189 quaedam
1174 2119 1518 2185 necessitas,
1549 2135 1667 2191 qua
1690 2118 1773 2174 nil
1797 2118 2001 2175 dicunt

346 2220 478 2261 esse
523 2203 878 2275 violentius;
928 2210 987 2262 et
1035 2206 1230 2279 reipsa
1275 2207 1517 2264 accedit.
1568 2212 1890 2280 Postquam
1938 2208 2000 2264 in

351 2290 779 2350 desolationem
826 2294 1046 2360 subito,
1087 2296 1259 2368 juxta
1292 2296 1509 2353 Psalmi
1550 2297 1747 2367 verba,
1797 2297 2002 2353 civitas

350 2381 583 2450 incidit,
616 2386 675 2438 et
704 2382 852 2439 nihil
891 2399 961 2440 ex
1001 2384 1096 2440 his
1144 2402 1274 2458 quas
1321 2385 1382 2441 in
1432 2403 1501 2443 ea
1546 2391 1713 2442 erant
1760 2386 2003 2453 mansit,

353 2471 454 2527 ubi
503 2470 1125 2545 fuit,.perturbatione
1172 2491 1289 2546 qua
1336 2468 1527 2530 illam‘
1548 2475 1611 2530 in
1654 2476 1823 2548 pejus
1889 2474 2010 2547 egit

357 2560 700 2632 perturbata
729 2563 855 2631 est;
891 2564 947 2617 et
973 2560 1077 2618 illa
1117 2563 1357 2635 templa,
1407 2564 1624 2637 quibus
1671 2564 2011 2636 pulchriora

356 2665 463 2705 nec
493 2647 648 2705 oculi
678 2666 942 2722 unquam
973 2651 1190 2718 videre,
1223 2669 1328 2709 nec
1360 2652 1601 2709 auditus
1632 2653 1856 2724 audire,
1888 2653 2009 2709 imo

356 2754 463 2794 nec
489 2738 728 2795 animus
757 2739 979 2811 ﬁngere
1026 2758 1147 2796 non
1189 2741 1469 2808 valerent,
1520 2742 1740 2798 directa
1781 2743 2008 2811 ferunt;

354 2828 509 2883 edes
529 2827 778 2900 publica:
799 2844 865 2885 ac
881 2828 1216 2902 populares,
1235 2847 1362 2902 quae
1384 2832 1651 2887 animum
1666 2831 2012 2905 spectatoris

355 2916 666 2989 splendore
695 2918 1035 2990 pascebant,
1080 2923 1276 2976 strata:
1319 2921 1595 2991 fuerunt;
1646 2920 2012 2977 lavacrorum

355 3004 594 3061 luxuria
622 3009 680 3062 et
707 3007 1018 3064 varietates
1041 3007 1372 3081 porticuum
1399 3009 1500 3081 qui
1521 3009 1783 3082 undique
1805 3010 2014 3068 urbem

358 3093 722 3163 dividebant,
782 3099 958 3168 atque
1023 3101 1191 3170 septa
1256 3102 1316 3154 et
1376 3098 1487 3155 fori
1553 3099 1778 3171 species
1847 3098 2017 3154 humi

358 3188 742 3253 corruerunt;
774 3175 922 3240 nihil
966 3184 1261 3258 reliquum
1309 3191 1401 3243 est
1444 3187 1641 3258 videre
1690 3187 1804 3244 nisi
1849 3188 2020 3244 rude-

2081 616 2168 650 ται
2225 592 2599 673 ὀφθαλμὸς,ἢ
2663 591 2882 667 μᾶλλον
2930 591 3124 663 εἰπεῖν,
3165 595 3201 663 ἡ
3249 592 3462 670 κορυφὴ
3503 598 3606 663 τῆς
3657 592 3747 648 ὑπ’

2086 684 2314 760 οὐρανὸν
2349 684 2677 762 ἀφαιρεῖται,
2718 681 2808 737 καὶ
2839 685 3119 758 νεκροῦται
3170 680 3272 736 ὅσα
3313 685 3424 736 τῶν
3473 679 3754 756 πολισμά-

2084 795 2192 829 των
2232 771 2340 829 εἴτε
2387 774 2504 828 κατ’
2548 771 2802 849 ἤπειρον,
2837 768 2945 827 εἷίτε
2985 773 3077 827 καὶ
3125 773 3263 827 κατᾶ
3316 772 3484 846 μέσην
3546 770 3750 836 θάλατ-

2086 884 2180 920 ταν
2234 862 2452 940 ἔχουσιν
2504 861 2805 937 ἅνθρωποι,
2851 860 2943 917 καὶ
2992 860 3178 932 ἀταξία
3215 860 3306 917 καὶ
3352 860 3616 938 σύγχυσις
3658 860 3754 916 καὶ

2088 952 2433 1026 καινοτομία,
2470 949 2562 1008 καί
2610 948 2664 1006 εἷ’
2702 972 2755 1006 τι
2806 948 2991 1028 ἕτερον
3044 954 3154 1006 τῶν
3200 947 3542 1027 παραδόξων,
3586 970 3755 1006 κατα-

2091 1036 2357 1115 λαμϐάνει
2399 1039 2464 1096 τὸ
2532 1046 2660 1096 πᾶν·
2707 1038 2799 1095 καὶ
2863 1039 3094 1117 οὐρανὸς
3160 1040 3386 1111 ἄνωθεν,
3434 1040 3511 1102 ὡς
3574 1039 3754 1114 οἶμαι,

2092 1129 2400 1207 αἱματηρὰς
2475 1129 2679 1204 πέμπει
2733 1129 2997 1206 σταγόνας
3041 1130 3178 1203 (38),
3230 1128 3321 1184 καὶ
3372 1129 3547 1204 χορὸς
3596 1127 3755 1185 ἀστέ-

2097 1241 2205 1297 ρων
2252 1224 2459 1295 θρηνεῖ,
2489 1218 2580 1274 καὶ
2628 1218 2819 1282 σκότος
2863 1221 2899 1289 ἡ
2946 1216 3153 1290 σελήνη
3202 1217 3361 1292 νόμῳ
3407 1217 3752 1274 πενθούντων

2099 1309 2414 1385 ὑπέρχεται,
2446 1308 2535 1363 καὶ
2586 1309 2614 1363 ὁ
2656 1308 2944 1387 φωσφόρος
2994 1310 3225 1385 στυγνὰς
3270 1309 3410 1363 κατὰ
3452 1310 3556 1385 γῆς
3604 1307 3759 1364 ἀκτῖ-

2097 1420 2187 1461 νας
2246 1399 2494 1477 ἀφίησιν,
2523 1398 2584 1468 ἢ,
2629 1395 2842 1472 μᾶλλον
2892 1397 3086 1471 εἰπεῖν,
3144 1394 3261 1452 οὐδ’
3306 1396 3511 1476 ἀφῆκεν
3583 1396 3756 1469 ὅλως,

2099 1489 2386 1551 πεπονθὼς
2443 1488 2535 1542 καὶ
2592 1487 2755 1550 αὐτὸς
2811 1487 2949 1564 πρὸς
3006 1487 3072 1542 τὸ
3128 1488 3304 1551 πάθος
3357 1494 3461 1556 τῆς
3513 1486 3756 1551 πόλεως·

2104 1578 2184 1656 ἐφ’
2215 1579 2295 1640 οἷς
2351 1578 2499 1653 τάχα
2553 1577 2644 1632 καὶ
2697 1584 2767 1653 γῆ
2834 1577 2929 1650 μὲν
2981 1576 3313 1651 ἐμυκήσατο,
3347 1576 3454 1650 ἀὴρ
3489 1573 3547 1632 δὲ
3577 1575 3760 1654 ὥσπερ

2105 1670 2387 1743 κατ-τιφῶν
2438 1665 2492 1729 ἐς
2545 1667 2710 1742 βάθος
2758 1665 3056 1737 τεθόλωτο,
3088 1666 3181 1722 καὶ
3225 1664 3471 1722 θάλασσα
3520 1666 3763 1744 παρᾶτό

2112 1756 2303 1819 εἰωθὸς
2359 1754 2677 1830 ἐπωρίνετο,
2736 1753 2917 1833 ὥσπερ
2988 1757 3065 1829 μή
3134 1753 3402 1829 δυναμένη
3466 1756 3608 1832 πρὸς
3662 1757 3763 1826 τήν

2114 1847 2395 1925 συμφορὰν
2444 1847 2580 1920 (39),
2628 1844 2767 1920 πρὸς
2819 1842 2879 1900 δὲ
2944 1845 3111 1901 τόπον
3177 1842 3384 1922 ἕτερον,
3433 1844 3547 1901 ἀνθ’
3596 1846 3766 1923 οὗπερ

2105 1932 2243 2012 ἔχει,
2280 1937 2696 2008 μεταναστεῦσαι
2736 1931 3144 2012 φιλονεικοῦσαο
3198 1930 3325 1988 οὐδὲ
3372 1931 3477 2009 γὰρ
3520 1933 3590 2002 ἦν
3637 1932 3769 1989 ἀνα-

2107 2023 2302 2100 σχετὸν
2346 2024 2410 2079 τὸ
2455 2020 2678 2099 ἄγαλμα
2728 2029 2831 2093 τῆς
2880 2021 3212 2097 οἰκουμένης
3263 2022 3368 2077 ὑπὸ
3420 2020 3635 2077 τοιάνδε
3671 2022 3769 2078 τύ·-

2108 2135 2218 2191 χην
2253 2114 2405 2190 ὁρᾷν,
2433 2110 2550 2168 οὐδ’
2580 2110 2754 2169 ἐδόκει
2785 2135 2839 2169 τι
2876 2117 2986 2170 τῶν
3037 2115 3154 2169 κατ’
3198 2112 3522 2190 ἀνθρώπους
3572 2112 3768 2177 εἷωθό-

2107 2224 2218 2260 των
2245 2198 2585 2277 συμϐαίνειν,
2618 2202 2989 2277 ἁλισκομένης
3018 2205 3118 2273 τῆς
3166 2201 3406 2266 πόλεως·
3458 2201 3608 2272 πλὴν
3659 2200 3769 2258 ἔδει

2110 2292 2371 2370 γενέσθαι,
2436 2292 2528 2347 καὶ
2614 2290 2822 2368 ἀνάγκη
2893 2314 2976 2355 τις
3046 2292 3203 2347 ἐκίνει
3278 2290 3341 2347 τὸ
3407 2296 3655 2368 πρᾶγμα,
3703 2295 3773 2362 ἧς

2115 2379 2267 2437 οὐδὲν
2326 2380 2453 2460 φασὶ
2529 2380 2855 2457 βιαιότερον·
2914 2380 3006 2436 καὶ
3094 2379 3273 2455 μέντοι
3355 2380 3447 2436 καὶ
3521 2380 3768 2457 γέγονεν.

2116 2470 2266 2527 Ἐπεὶ
2326 2468 2374 2526 δ’
2424 2469 2635 2546 ἐγένετο
2691 2470 2783 2526 καὶ
2840 2470 2916 2533 εἷς
2976 2468 3257 2547 ἐρήμωσιν
3289 2468 3529 2544 ἐξάπινα,
3561 2468 3773 2545 ψαλμι-

2115 2565 2225 2623 κῶς
2275 2560 2466 2630 εἰπεῖν,
2495 2560 2564 2615 τὰ
2608 2563 2708 2630 τῆς
2759 2558 2978 2623 πόλεως
3026 2559 3189 2630 ἦλθε,
3219 2559 3310 2614 καὶ
3362 2556 3514 2615 οὐδὲν
3552 2563 3663 2615 τῶν
3712 2559 3769 2615 ἐν

2117 2649 2257 2724 αὐτῇ
2320 2650 2622 2723 μεμένηκεν
2685 2649 2766 2729 ἐφ’
2825 2650 2977 2726 ᾧπερ
3030 2648 3317 2726 ἐτύγχανε,
3348 2648 3561 2722 κίνησιν
3598 2646 3657 2704 δὲ
3710 2648 3781 2704 τὰ

2117 2740 2294 2795 πάντα
2338 2737 2591 2810 κεκίνητο
2636 2739 2736 2808 τὴν
2789 2738 2878 2794 ἐπὶ
2942 2738 3006 2794 τὸ
3071 2744 3285 2815 χεῖρον,
3334 2738 3427 2794 καὶ
3491 2737 3610 2794 ναοὶ
3680 2740 3778 2813 μὲν

2121 2828 2338 2899 ἐκεῖνοι,
2370 2830 2445 2883 ὢν
2500 2827 2719 2885 καλλίω
2777 2825 2891 2883 οὔτ’
2946 2827 3227 2907 ἀφθαλμοὶ
3290 2827 3389 2883 οὐκ
3446 2824 3608 2906 ἔσχον
3645 2824 3781 2884 ἰδεῖν

2123 2915 2388 2991 οὐδαμοῦ,
2422 2912 2534 2972 οὔτ’
2567 2916 2705 2987 ἀκοὴ
2735 2917 2984 2988 ἀκοῦσαι,
3017 2916 3144 2973 ἀλλ’
3190 2914 3318 2973 οὐδὲ
3365 2921 3492 2980 νοῦς
3540 2916 3786 2974 ἀναπλά-

2122 3008 2333 3081 σασθαι,
2382 3008 2849 3085 κατεστράφησαν,
2916 3003 3209 3080 οἰκοδομαὶ
3270 3004 3328 3062 δὲ
3398 3004 3663 3081 δημόσιαί
3728 3027 3791 3062 τε

2123 3096 2215 3152 καὶ
2246 3094 2567 3171 δημοτικαὶ,
2600 3095 2852 3152 ἑστιῶσαι
2903 3094 2995 3151 καὶ
3048 3095 3142 3152 τὸν
3201 3096 3395 3167 θεατὴν
3431 3098 3504 3170 τῇ
3564 3092 3791 3175 φαιδρόυ

2124 3207 2275 3258 τητι,
2340 3179 2781 3256 κατεϐλήθησαν,
2839 3183 3126 3261 λουτήρων
3203 3181 3263 3239 δὲ
3331 3178 3632 3262 ἀϐρότητες
3695 3183 3789 3242 καὶ

360 3288 496 3329 rum
526 3271 812 3345 tumulos,
844 3273 946 3345 qui
969 3274 1261 3331 inducunt
1279 3275 1375 3331 hic
1396 3276 1581 3333 fuisse
1600 3276 1893 3333 civitatem
1918 3293 2005 3333 co-

2125 3272 2398 3331 ποικιλίαι
2428 3294 2600 3329 στοων
2633 3274 2952 3351 ἁπανταχοῦ
3005 3260 3376 3352 μεριζομένων
3406 3260 3524 3330 τοῦ
3572 3270 3786 3349 ἄστεος,

361 3361 570 3434 gitare.
609 3359 930 3433 Postquam
961 3362 1045 3418 ita
1068 3379 1131 3419 se
1161 3380 1253 3420 res
1284 3363 1642 3433 habuerunt,
1668 3371 1837 3421 tuum
1867 3382 2018 3438 opus

361 3452 489 3506 erat
517 3466 553 3505 a
580 3448 725 3506 ccelo
756 3451 1140 3522 destinatum,
1178 3455 1236 3508 et
1263 3452 1455 3509 honor
1499 3453 1708 3510 urbem
1755 3454 2017 3527 primum

363 3537 701 3595 instaurare
731 3542 790 3595 et
819 3539 892 3595 ad
922 3539 1239 3612 pristinum
1272 3541 1514 3597 reddere
1557 3546 1803 3599 statum.
1844 3543 2021 3615 Opor-

363 3626 527 3683 tebat
558 3643 698 3683 sane
737 3627 798 3682 in
830 3627 1117 3701 regalium
1144 3645 1343 3686 rerum
1374 3630 1659 3687 ditionem
1688 3631 1941 3702 venisse,
1963 3635 2022 3689 et

362 3714 577 3772 throno
608 3716 769 3789 regio
799 3717 1091 3774 insedisse
1121 3718 1223 3791 qui
1262 3723 1396 3776 ante
1438 3723 1706 3792 tempora
1747 3721 2020 3778 innume-

365 3804 578 3861 rabilia
606 3805 679 3862 ad
712 3806 823 3862 hoc
845 3807 1295 3879 praedestinatus
1317 3813 1428 3881 est,
1451 3813 1511 3866 et
1530 3810 1709 3866 simul
1731 3812 1887 3882 quod
1916 3829 2023 3866 nu-

367 3909 475 3967 per
501 3893 562 3949 in
613 3910 883 3952 sermone
934 3896 1078 3965 dixi,
1126 3896 1353 3954 scilicet
1396 3902 1455 3954 te
1499 3899 1669 3972 regia:
1708 3900 2020 3973 potestatis

363 3987 667 4056 unguento
697 3984 941 4041 unicum
993 3985 1197 4057 fuisse,
1250 3991 1317 4042 ut
1365 4003 1482 4043 non
1533 3987 1783 4060 quilibet
1820 3988 2018 4060 homo,

365 4072 750 4130 manifestum
778 4073 928 4131 bene
960 4078 1051 4131 est
1081 4079 1139 4131 et
1167 4074 1395 4133 salvum
1435 4077 1696 4134 veritate.

2125 3365 2217 3421 καὶ
2263 3358 2575 3440 περίϐολοι,
2624 3363 2714 3419 καὶ
2762 3364 2965 3440 ἀγορᾶς
3010 3370 3226 3440 σχῆμα,
3276 3364 3414 3419 κατὰ
3457 3370 3563 3440 γῆς
3606 3360 3791 3440 ἤχθη-

2128 3474 2247 3524 σαν,
2298 3449 2669 3508 ἀπολέλειπτο
2718 3449 2777 3507 δὲ
2843 3451 3007 3527 μόνον
3077 3451 3330 3528 ἐρειπίων
3398 3452 3528 3529 ὁρᾷν
3603 3449 3789 3508 κολω-

2125 3541 2254 3604 νοὺς
2308 3542 2442 3617 (40),
2500 3540 2664 3597 πόλιν
2720 3540 2853 3596 εἶναί
2931 3562 3066 3597 ποτε
3137 3545 3308 3597 ταῦτα
3363 3537 3793 3617 συλλογίσασθαι

2129 3629 2569 3707 παρεχομένους
2627 3627 2818 3701 ἐπειδή
2845 3629 2989 3687 οὕτω
3019 3631 3168 3687 ταῦτ’
3197 3625 3345 3707 ἔσχε,
3378 3630 3469 3685 σὸν
3518 3630 3588 3701 ἧν
3634 3629 3794 3708 ἔργον

2130 3722 2332 3775 ἄνωθεν
2413 3715 2976 3794 ἀποτεταμιευμένον,
3041 3719 3258 3794 ἀξίωμά
3316 3740 3378 3775 τε
3448 3721 3512 3775 τὸ
3574 3725 3793 3798 πρῶτον

2126 3811 2227 3879 τὴν
2254 3809 2424 3866 πόλιυ
2453 3805 2742 3865 ἀναλαϐεῖν
2792 3810 2886 3865 καὶ
2932 3809 3071 3887 πρὸς
3117 3811 3218 3880 τὴν
3269 3809 3504 3887 ἀρχαίαν
3548 3810 3797 3886 γενέσθαι.

2128 3897 2471 3956 κατάστασιν.
2522 3900 2728 3975 Ἐχρῆν
2772 3898 2875 3975 γὰρ
2922 3898 3001 3962 ὡς
3043 3897 3266 3969 ἀληθῶς
3330 3897 3422 3953 καὶ
3484 3901 3593 3954 τῶν
3640 3899 3798 3976 βασι-

2130 3985 2292 4044 λείων
2344 3988 2397 4044 ἐν
2454 3987 2779 4065 κατασχέσει
2831 3986 3076 4065 γενέσθαι
3135 3988 3226 4043 καὶ
3274 3992 3373 4043 τοῦ
3425 3987 3621 4064 θρόνου
3663 4000 3800 4053 καθ-

2132 4083 2292 4149 ζῆσαι
2340 4081 2440 4148 τῆς
2497 4077 2779 4154 βασιλείας
2808 4078 2970 4152 (4Ο¹”),
3000 4078 3060 4140 ὃς
3086 4076 3178 4132 καὶ
3225 4076 3334 4153 πρὸ
3378 4076 3596 4154 χρόνων
3636 4076 3798 4132 ἀπεί-

366 4179 478 4237 ρων
533 4159 611 4223 εἰς
665 4165 829 4216 τοῦτο
890 4163 1193 4239 προώρισοο
1253 4163 1345 4218 καὶ
1404 4165 1574 4238 ἅμαὸ
1604 4165 1711 4241 πρὸ
1772 4170 1970 4243 μικροῦ
2029 4188 2124 4241 μοι
2184 4164 2355 4242 λόγος
2413 4166 2621 4243 ῥηθεὶς,
2653 4166 2713 4221 σὲ
2762 4167 2843 4238 τῷ
2870 4172 2972 4236 τῆς
3004 4164 3282 4242 βασιλείας
3314 4164 3472 4243 μόρῳ
3498 4172 3797 4243 χρισθῆναι

363 4248 440 4312 ὡς
474 4246 654 4312 οὐδεὶς
683 4249 981 4326 ἀνθρώπων
1017 4249 1296 4323 οὐδέποτε,
1330 4250 1502 4324 δῆλός
1531 4252 1670 4309 ἐστιν
1701 4250 1849 4330 ἔχων
1880 4254 2066 4319 καλῶς
2098 4254 2188 4312 καί
2218 4253 2451 4328 ἀληθείᾳ
2477 4254 2813 4330 σωζόμενος.

434 4341 507 4396 Et
535 4344 814 4413 praeterea
850 4341 982 4415 ipsa
1030 4343 1185 4400 facta
1233 4344 1547 4401 verborum
1595 4346 2023 4403 conﬁrmarunt

363 4430 689 4487 veritatem.
723 4432 951 4504 Regum
982 4432 1142 4488 enim
1193 4433 1297 4505 qui
1344 4434 1693 4506 priusquam
1741 4440 1805 4491 tu
1850 4438 2025 4493 exsti-

2202 4345 2304 4400 Καὶ
2362 4343 2431 4415 δὴ
2488 4344 2625 4401 αὐτά
2694 4365 2788 4419 μοι
2840 4346 2909 4401 τά
2958 4343 3254 4422 πράγματα
3308 4348 3415 4400 τῶν
3478 4344 3797 4422 λεγομένων

2131 4434 2388 4511 ἐπικυροῖ
2440 4435 2541 4503 τὴν
2600 4433 2885 4505 ἀλήθειαν.
2918 4432 3169 4496 Βασιλεῖς
3212 4435 3315 4510 γὰρ
3360 4433 3414 4489 οἳ
3440 4434 3712 4512 πρότερον
3758 4438 3797 4507 ἢ

366 4523 588 4590 terunt,
621 4519 722 4576 alii
752 4520 1090 4578 incolebant
1121 4521 1436 4596 civitatem,
1469 4529 1646 4596 atque
1697 4525 1916 4582 divitiis
1965 4542 2005 4582 e‘

2130 4524 2189 4579 σὲ
2219 4531 2473 4603 φανῆναι,
2509 4525 2562 4579 οἱ
2597 4525 2691 4597 μὲν
2739 4526 2839 4594 τὴν
2893 4523 3057 4580 πόλιν
3110 4529 3388 4599 κατεῖχον,
3419 4523 3510 4579 καὶ
3566 4524 3799 4600 πλούτῳ

367 4608 553 4682 copiis
581 4609 915 4666 innumeris
946 4614 1006 4667 et
1035 4612 1313 4668 omnibus
1364 4628 1492 4685 quae
1541 4614 1612 4669 ad
1665 4614 1889 4671 bellum
1938 4615 2005 4671 in

2131 4613 2223 4669 καὶ
2267 4614 2683 4688 στρατευμάτων
2741 4614 2990 4687 μυριάσι,
3039 4612 3132 4668 καὶ
3198 4617 3318 4676 τοῖς
3364 4610 3465 4668 ὅσα
3508 4614 3647 4691 πρὸς
3694 4613 3802 4670 πό-

366 4699 634 4756 serviunt
663 4698 1018 4768 difﬂuentes,
1050 4700 1384 4758 invasiones
1415 4702 1708 4760 faciebant
1737 4708 1794 4761 et
1823 4704 2019 4761 incur-

367 4788 585 4855 siones,
618 4792 676 4843 et
704 4787 763 4844 in
791 4789 1075 4847 ditionem
1105 4788 1365 4863 aliquam
1387 4796 1623 4864 gentem
1640 4794 2015 4867 redigebant;

363 4880 423 4933 et
452 4876 694 4948 quidem
725 4877 851 4933 haec
881 4878 1136 4951 agebant
1164 4880 1268 4952 qui
1299 4880 1553 4937 maxime
1578 4882 1845 4938 omnium
1876 4899 2017 4955 ope-

362 4964 528 5020 ribus
574 4963 765 5021 inﬂati
817 4970 998 5023 sunt:
1059 4967 1157 5023 alii
1205 4985 1362 5037 vero,
1421 4968 1767 5026 habitabant
1820 4975 1878 5026 et
1930 4970 2016 5027 illi

360 5054 630 5111 eamdem
661 5070 728 5110 ac
758 5054 810 5111 ei
840 5056 1157 5125 civitatem,
1200 5058 1302 5133 sed
1361 5074 1478 5114 non
1524 5057 1799 5116 volebant
1844 5059 2015 5132 quid-

360 5158 539 5214 quam
571 5146 674 5199 aut
716 5160 885 5216 agere
932 5149 1036 5201 aut
1077 5146 1427 5220 excogitare,
1488 5146 1637 5204 illud
1689 5148 1834 5205 satis
1885 5166 2015 5206 esse

429 5267 542 5340 (38)
571 5266 1077 5340 Respectu,puto,
1106 5270 1178 5325 ad
1225 5270 1461 5340 Homeri
1508 5270 1702 5327 locum
1751 5273 1914 5329 Iliad.
1949 5293 2008 5330 π.

358 5338 463 5434 If§8
497 5334 706 5434 {0168’—
744 5334 1013 5434 ἐπίσθῇξε
1063 5334 1265 5431 ’πατῂρ
1341 5338 1548 5434 ἀνδρῶν
1601 5362 1662 5396 τε
1718 5346 1852 5430 θεῶν
1896 5363 2007 5434 ἣτε,

410 5428 563 5434 __--__-
604 5428 725 5434 --μ
845 5431 938 5434 _
1088 5431 1185 5434 MA
1318 5432 1329 5434 -
1519 5417 1565 5434 .,
1626 5420 1671 5434 π
1700 5418 1751 5434 νυ.

359 5406 725 5494 Αἷματοέσσας
759 5406 816 5463 δὲ
844 5406 1040 5482 ψιάδας
1087 5406 1364 5466 κατέκευεν
1418 5406 1593 5489 ἔραζε,
1626 5410 1801 5468 Παῖδα
1849 5406 2008 5491 φίλον

357 5501 557 5535 τιμων.

422 5502 669 5630 Sic
698 5554 897 5630 codex_.
932 5554 1118 5630 Locus
1148 5573 1261 5612 non
1303 5561 1401 5630 est
1444 5556 1687 5630 integer.
1739 5556 2011 5630 suppleri

360 5625 1190 5704 potest,‘dum_cod_ex_melior
1214 5625 1716 5704 reperiaturfnpbc
1746 5625 1844 5697 τήν
1866 5625 2011 5701 ξυμ-

362 5692 530 5771 ξροράν
565 5692 718 5755 ἰδεῖν.
752 5698 1162 5770 Conjecturam
1205 5692 1444 5757 firmant
1489 5692 1632 5773 quae
1658 5692 2009 5773 sequuntur.

2133 4701 2302 4777 λεμον
2369 4701 2538 4775 τελεῖ,
2610 4701 2915 4778 βρίθοντες,
2985 4699 3282 4773 ἐξελεύσεις
3348 4701 3636 4759 ἐποιοῦντο
3705 4705 3799 4759 καὶ

2131 4788 2499 4867 καταδρομὰς,
2526 4790 2618 4845 καὶ
2666 4787 3102 4846 κατεδουλοῦντό
3150 4811 3271 4846 τινα
3313 4795 3423 4846 τῶν
3474 4790 3666 4864 ἐθνῶν,
3704 4793 3797 4849 καὶ

2126 4881 2285 4937 ταῦτῖ
2318 4878 2537 4934 ἐποίουν
2592 4878 2646 4934 οἱ
2701 4877 2939 4952 μάλιστα
2978 4882 3089 4935 τῶν
3159 4880 3412 4935 ἁπάντων
3481 4879 3564 4937 ἐπ’
3609 4877 3796 4959 ἔργοις

2130 4970 2520 5045 φρονήσαντες·
2555 4968 2606 5023 οἱ
2640 4964 2717 5041 δὲ,
2761 4965 2940 5038 ᾤκουν
2997 4968 3090 5043 μὲν
3140 4967 3230 5024 καὶ
3280 4969 3433 5026 οὗτοι
3479 4971 3580 5040 τὴν
3624 4970 3795 5040 αὐτὴν

2128 5057 2353 5120 ἐκείνοις
2382 5056 2569 5130 πόλιν,
2602 5057 2737 5127 ἦσαν
2771 5053 2820 5110 δ’
2846 5055 3000 5130 ὅμως
3030 5057 3180 5135 παρά
3203 5062 3369 5114 τοῦτο
3419 5055 3591 5132 μηδὲν
3650 5060 3792 5131 μήτε

2124 5147 2378 5221 πράττειν
2465 5148 2605 5221 μήτε
2700 5143 3031 5212 διανοεῖσθαι
3116 5144 3425 5221 δυνάμενοι,
3510 5144 3787 5223 ἀγαπητὸν

2195 5273 2310 5345 (40)
2342 5273 2573 5331 Similia
2619 5273 2692 5345 de
2721 5273 2936 5345 eadem
2962 5288 3025 5329 re
3052 5270 3567 5345 verbaNieephori
3613 5272 3785 5345 Greg.

2124 5338 2214 5419 Iv_,:
2260 5338 2302 5399 2
2357 5363 2370 5401 :
2428 5345 2527 5419 ’ξίν
2589 5343 2684 5419 μεν
2744 5341 2834 5398 οὖν
2890 5340 3026 5398 ἰδεῖν
3072 5345 3174 5419 τὴν
3229 5338 3636 5419 βασιλεύουσαν·
3674 5338 3786 5399 τῐῖἶν

2122 5413 2339 5501 πόλεων
2383 5411 2941 5494 πεδίονάφανισμοῦ,
2988 5411 3192 5489 μεστὴν
3229 5411 3500 5489 ’ἐρειπίων
3549 5412 3644 5469 καὶ
3690 5435 3790 5471 κο-

2122 5484 2654 5632 ῗώξῖὅίῡυβὶιολᾴβ
2686 5560 2793 5617 hac
2839 5576 2977 5616 voce
3026 5577 3101 5617 an
3143 5560 3290 5632 be_n_e
3329 5573 3462 5614 eam
3510 5556 3782 5632 legerim.

2121 5626 2363 5699 Forsan,
2426 5626 2707 5704 βασιλίδος
2778 5632 2985 5702 Codex,
3055 5635 3121 5688 ut
3175 5630 3430 5702 videtur,
3528 5626 3784 5704 βᾶσίλας.
