4132 6422
327 383 468 450 '31'1

1371 380 1770 448 LAUDATIO
1813 375 2243 445 MICHAELIS
2288 376 2752 444 PALEOLOGI.

3646 366 3768 436 378

351 517 652 598 ἡγούμενοι
683 515 775 574 καὶ
801 521 984 590 τοῦτο,
1017 515 1063 573 εἰ
1112 518 1186 592 μή
1235 522 1340 574 τῶν
1400 518 1623 574 ἐνόντων
1671 515 2002 572 ἐκπίπτοιεν.

2141 518 2250 590 'ati,
2286 523 2441 594 quod
2490 541 2607 580 non
2664 541 2699 579 a
2745 520 3008 596 potentia
3035 521 3388 598 exciderent,
3447 529 3614 584 erant
3661 541 3766 582 au-

353 612 488 682 ἦσαν
525 607 572 665 δ’
599 605 795 672 οἷίτινες
822 608 1000 686 (τρίτη
1034 609 1180 680 τάξις
1213 607 1346 680 αὕτη
1396 614 1502 663 τῶν
1561 616 1664 678 τῆς
1725 605 2004 684 βασιλίδος

353 699 816 777 κεκρατηκότων),
850 698 903 754 οἳ
961 696 1074 753 οὐδ’
1132 697 1260 754 αὐτὸ
1316 703 1477 753 τοῦτο
1551 697 1782 776 φυλάξαι
1857 694 2007 752 δεδύ-

353 811 540 863 νηντο,
591 789 671 866 ἐφ’
725 789 799 843 ὧν
857 785 983 857 ἥλω
1038 789 1100 844 τὸ
1158 787 1452 866 κεφάλαιον
1505 794 1606 858 τῆς
1664 787 1865 864 ἀρχῆς,
1917 785 2009 841 καὶ

353 878 752 955 κατεχόρευσαν
791 872 1056 955 βάρϐαροί
1097 899 1234 939 τινες
1283 877 1372 932 καὶ
1420 877 1696 953 ’Δσσύριοι
1743 882 1845 946 τῆς
1887 873 2008 938 νέας

359 971 523 1042 Σιὼν,
579 968 670 1023 καὶ
721 963 988 1022 ἔκπτωσιν
1034 969 1198 1040 ἡμεῖς
1243 968 1456 1040 ἀπρεπῆ
1507 965 1906 1039 ἐπεπόνθειμεν.
1948 966 2012 1019 Οἱ

363 1056 423 1114 δὲ
473 1057 587 1131 μετ’
617 1057 854 1118 ἐκείνους
902 1053 1090 1129 ἄνδρες
1139 1056 1347 1131 ἀρεϊκοὶ
1395 1056 1704 1132 γεγονότες,
1736 1057 1826 1110 καὶ
1871 1055 2011 1111 πολ-

367 1146 498 1209 λοὶις
524 1141 796 1208 πολλάκις
839 1142 1198 1222 διενεγκόντες
1247 1144 1526 1219 πολέμους
1575 1145 1664 1200 καὶ
1711 1144 2012 1220 ὑπερσχόν-

371 1257 478 1308 τες,
533 1235 714 1312 ὥσπερ
775 1235 828 1290 ἐν
885 1235 1146 1312 ὑπερορίᾳ
1219 1241 1434 1312 κρατεῖν
1516 1237 1592 1308 μὴ
1665 1234 2013 1310 ἀνεχόμενοι,

373 1324 552 1381 πολλά
582 1326 679 1398 μὲν
714 1322 1095 1380 διεπύκτευσαν
1127 1324 1264 1402 πρὸς
1313 1325 1412 1393 τήν
1469 1326 1794 1402 καταγωγὴν
1855 1345 2013 1400 στρα-

365 1414 671 1488 τευόμενοι,
732 1415 1150 1489 μηχανώμενοι,
1210 1414 1630 1491 ἐπιχειροῦντες,
1679 1414 1738 1469 ἐκ
1786 1421 1914 1490 γῆς,
1960 1412 2020 1468 ἐκ

366 1503 660 1575 θαλάττης,
711 1504 770 1558 ἐκ
824 1503 996 1558 τόπου
1053 1504 1253 1566 παντὸς
1311 1503 1400 1558 καὶ
1452 1503 1680 1581 τρόπου,
1731 1500 1920 1579 δρᾶσαι
1962 1501 2020 1557 δὲ

359 1593 503 1656 τέως
531 1596 633 1662 τῆς
663 1591 970 1668 προθυμίας
1021 1592 1234 1664 ἐπάξιον
1295 1591 1448 1648 οὐδὲν
1503 1591 1748 1656 ούδόλως
1809 1592 2019 1669 ἐξίσχυ-

361 1704 481 1739 σαν.
512 1684 584 1737 Τὸ
615 1679 674 1737 δὲ
703 1681 818 1752 σὸν,
851 1682 1078 1752 ὁποῖον;
1111 1680 1411 1754 Ἐκπληξις
1445 1684 1687 1759 ἀτεχνῶς
1735 1681 1824 1737 καὶ
1882 1681 2022 1756 πὲρα

362 1771 645 1846 θαύματος
693 1772 758 1826 τὸ
808 1771 1126 1847 γενόμενον,
1178 1770 1305 1827 ὥστ’
1363 1769 1477 1826 οὐδ’
1535 1769 1650 1849 ἔχει
1709 1772 1846 1847 πρὸς
1887 1772 2020 1846 ὅπερ

2115 619 2234 671 tem
2268 613 2508 686 quidam
2565 615 2796 687 (tertius
2826 613 2967 670 ordo
3008 613 3109 671 ille
3139 618 3228 671 est
3284 631 3490 673 eorum
3540 615 3641 689 qui
3672 633 3765 673 res

2119 720 2317 776 regere
2347 703 2603 759 civitatis
2652 704 3046 775 occupavere),
3097 704 3200 776 qui
3254 722 3369 760 non
3401 705 3512 762 hoc
3566 705 3764 778 ipsum

2120 809 2348 850 servare
2377 797 2714 866 potuerunt,
2772 793 2990 865 quibus
3020 798 3196 864 caput
3237 793 3469 866 imperii
3499 797 3766 867 ereptum

2121 886 2229 949 est,
2287 886 2344 938 et
2375 881 2812 939 exsultaverunt
2850 882 3090 938 Barbari
3135 882 3378 956 quidam
3435 887 3494 942 et
3549 884 3769 956 Assyrii

2121 988 2277 1027 novae
2292 973 2513 1040 Sion,et
2528 973 2888 1029 eversionem
2910 972 3217 1046 indignam
3231 989 3338 1029 nos
3355 973 3515 1045 passi
3536 989 3768 1030 sumus.

2122 1062 2231 1126 Qui
2287 1065 2420 1133 post
2466 1061 2598 1118 illos
2625 1063 2735 1118 viri
2785 1062 3047 1119 bellicosi
3077 1063 3426 1119 exstiterunt
3480 1067 3535 1120 et
3582 1062 3776 1120 multa

2125 1151 2540 1208 sustinuerunt
2567 1152 2769 1224 prmlia
2798 1155 2856 1207 et
2883 1152 3346 1224 vicerunt,quasi
3377 1169 3494 1209 non
3526 1151 3778 1209 toleran-

2125 1244 2214 1296 tes
2246 1241 2304 1296 in
2365 1240 2536 1296 exilio
2588 1241 2899 1314 imperare,
2949 1243 3138 1299 multa
3167 1243 3238 1298 ad
3283 1242 3538 1299 reditum
3585 1245 3776 1300 tenta-

2126 1347 2279 1396 vere,
2312 1334 2440 1386 tum
2471 1329 2796 1399 militando,
2829 1335 2959 1387 tum
3005 1331 3417 1403 machinando,
3467 1336 3597 1388 tum
3647 1349 3777 1388 mo-

2127 1419 2342 1488 liendo,
2375 1436 2444 1476 ex
2471 1423 2646 1490 terra,
2679 1436 2747 1475 ex
2777 1419 2949 1488 mari,
2997 1423 3054 1476 et
3099 1420 3261 1476 omni
3305 1419 3432 1476 loco
3466 1424 3524 1475 et
3575 1421 3774 1489 modo,

2128 1508 2316 1563 facere
2337 1525 2469 1564 vero
2493 1508 2816 1580 quidquam
2835 1508 3082 1580 dignum
3104 1525 3307 1564 eorum
3329 1508 3631 1565 alacritate
3660 1511 3776 1566 uti-

2129 1612 2243 1667 que
2274 1613 2390 1653 non
2435 1597 2763 1653 valuerunt.
2812 1597 3003 1652 Tuum
3053 1613 3186 1654 vero
3216 1615 3384 1670 opus,
3425 1597 3599 1670 quale
3631 1599 3779 1655 est?

2128 1689 2344 1758 Stupor
2389 1689 2543 1742 certe
2598 1685 2810 1742 incutit
2857 1690 2914 1742 et
2941 1689 3031 1742 est
3059 1703 3240 1759 supra
3299 1687 3776 1758 admirationem,

2131 1775 2216 1832 ita
2244 1779 2310 1831 ut
2340 1774 2488 1830 nihil
2519 1775 2732 1832 habeat
2783 1775 2878 1830 cui
2925 1776 3278 1832 conferatur.
3310 1775 3611 1850 Suhegisti
3642 1777 3784 1833 civi-

359 1860 422 1916 ἂν
479 1861 569 1915 καὶ
626 1859 992 1937 συγκρίνοιτο.
1024 1863 1357 1936 Παρεστήσω
1411 1859 1597 1931 πόλιν,
1662 1867 1776 1934 μεθ’
1833 1857 2019 1915 ὅπλων

2141 1869 2333 1932 tatem,
2368 1881 2472 1938 per
2501 1881 2665 1921 arma
2693 1865 2951 1936 quidem,
2986 1865 3088 1922 sed
3120 1866 3249 1922 sine
3278 1867 3590 1940 sanguine,
3622 1871 3680 1924 et
3709 1867 3787 1923 ci-

363 1951 482 2024 μὲν,
515 1947 665 2018 πλὴν
723 1951 968 2024 αἱμάτων
1029 1949 1228 2026 χωρὶς,
1258 1951 1349 2006 καὶ
1401 1948 1563 2005 πόλιν
1594 1952 1656 2020 ἢν
1686 1951 1737 2005 οἱ
1770 1952 1864 2024 μὲν
1912 1953 2018 2005 τῶν

356 2037 474 2097 ἅνω
523 2038 793 2115 βασιλέων
844 2041 1122 2116 κατέχειν,
1171 2041 1221 2094 οἱ
1291 2038 1349 2096 δὲ
1405 2045 1700 2116 κατασχεῖν
1748 2042 1861 2114 (41)
1926 2039 2025 2094 οὐκ

357 2125 652 2199 ἠδύναντο,
693 2128 783 2184 καὶ
840 2134 1058 2205 κρατεῖς
1115 2126 1301 2192 ἄστεος
1358 2128 1491 2206 ὅπερ
1552 2131 1748 2186 ἐκεῖνοι
1801 2127 2024 2184 ἀπώλε-

360 2239 478 2289 σαν,
537 2217 627 2273 καὶ
689 2215 853 2280 δίδως
907 2225 1034 2295 παρ’
1093 2216 1291 2274 ἐλπίδα
1346 2217 1638 2293 Ῥωμαίοις
1697 2224 1900 2297 τρυφᾷν
1959 2219 2026 2274 τὰ

361 2310 470 2376 τῆς
524 2304 807 2382 βασιλίδος
852 2305 1017 2379 καλὰ,
1046 2309 1120 2363 ὧν
1172 2307 1436 2386 ἐξόριστοι
1485 2306 1714 2364 πολλῶν
1755 2306 1865 2379 ἤδη
1894 2307 2028 2384 χρό-

362 2417 476 2452 νων
509 2395 833 2473 ἐτύγχανον.

443 2485 544 2542 Καὶ
576 2485 644 2541 ού
678 2486 842 2560 μόνον
873 2509 938 2564 γε
964 2491 1148 2561 τοῦτο,
1181 2487 1328 2544 ἀλλὰ
1371 2488 1461 2543 καὶ
1515 2488 1578 2542 τὸ
1636 2485 1776 2544 ἴδιον
1838 2491 2031 2563 σχῆμα

369 2575 560 2638 καλῶς
609 2579 678 2650 τῇ
729 2580 797 2650 σῇ
847 2577 1140 2653 προνοίᾳή
1188 2575 1354 2640 πόλις
1404 2572 1652 2649 ἀνέλαϐε,
1683 2577 1774 2632 καὶ
1823 2579 1851 2632 ὁ
1881 2575 2031 2650 περί-

373 2661 549 2728 δολος
593 2664 743 2738 μάλα
789 2670 1001 2740 σεμνῶς
1058 2666 1324 2739 ἀνεσώθη,
1357 2667 1446 2722 καὶ
1507 2666 1762 2741 μονονοὺ,
1799 2691 1826 2720 ‹‹
1857 2665 2030 2731 Πόλις

373 2754 493 2828 εἰμί
539 2754 631 2810 καὶ
680 2753 830 2818 αὖθις
864 2753 954 2810 διά
984 2757 1060 2829 σὲ,
1097 2780 1126 2808 ››
1162 2757 1265 2832 βοᾷ
1325 2754 1562 2833 βασιλὶς,
1594 2781 1623 2809 ‹‹
1658 2758 1716 2812 ὃν
1775 2757 2033 2813 ἀπώλεσα

370 2843 581 2918 κόσμον
642 2839 990 2901 ἀναλαϐοῦσα
1046 2844 1422 2924 φαιδρότερον,
1462 2846 1552 2901 καὶ
1608 2848 1708 2916 τὴν
1765 2849 2030 2924 στεφάνην

373 2933 622 2998 ἐπιθεῖσα
679 2937 748 3007 τῇ
806 2933 1042 3011 κεφαλῇ,
1073 2936 1135 3004 ἣν
1168 2935 1196 2989 ὁ
1245 2934 1446 3012 χρόνος
1503 2937 1644 3010 ὁμοῦ
1699 2935 1791 2990 καὶ
1849 2941 2031 3012 χεῖρες

369 3022 597 3096 ἀνόμων
667 3022 742 3086 εἷς
801 3021 970 3102 ἐδάφη
1005 3025 1356 3099 κατήρειψαν.
1410 3049 1439 3077 ››
1489 3027 1643 3092 Ὅθεν
1702 3025 1814 3098 καὶ,
1848 3025 1896 3080 εἴ
1955 3027 2030 3099 μή

369 3116 454 3184 τῷ
508 3106 785 3188 ἓτέρῳ,ἕν
844 3134 906 3189 γε
961 3111 1098 3176 τὲως
1156 3117 1224 3187 τῇ
1285 3111 1527 3189 βασιλίδι
1565 3113 1729 3190 μυρία
1788 3135 1883 3168 σου
1932 3121 2033 3184 τῆς

377 3198 796 3278 μεγαλοψυχίας
826 3200 1200 3279 γνωρίσματα.
1234 3205 1344 3272 Τῆς
1383 3199 1442 3258 δέ
1501 3225 1596 3258 σου
1656 3204 1781 3281 περί
1836 3203 1899 3258 τὸ
1948 3205 2031 3260 θε-

2129 1955 2370 2011 vitatem
2398 1971 2576 2026 quam
2606 1954 2992 2026 pristinorum
3015 1971 3220 2027 regum
3244 1954 3342 2011 alii
3378 1957 3651 2025 retinere,
3683 1953 3787 2012 alii

2133 2060 2417 2117 occupare
2447 2060 2563 2100 non
2594 2047 2925 2116 potuerant,
2957 2047 3014 2100 et
3063 2061 3316 2117 occupas
3345 2045 3555 2101 urbem
3605 2061 3785 2117 quam

2133 2133 2231 2190 isti
2263 2133 2666 2205 perdiderunt,
2697 2136 2756 2188 et
2777 2133 2882 2189 das
2906 2136 3115 2205 praeter
3144 2133 3640 2191 existimationem
3672 2135 3782 2190 Ro-

2135 2221 2330 2278 manis
2388 2221 2802 2294 splendoribus
2858 2221 3132 2278 delectari
3187 2222 3406 2295 reginae
3447 2222 3723 2292 civitatis,
3757 2239 3788 2280 ο

2136 2309 2354 2383 quibus
2395 2313 2652 2367 extorres
2679 2310 2852 2383 longo
2884 2309 3098 2367 abhinc
3122 2313 3386 2384 tempore
3411 2312 3676 2368 fuerunt.

2208 2490 2280 2545 Et
2308 2505 2425 2546 non
2455 2489 2566 2546 hoc
2597 2489 2789 2545 solum
2820 2489 3060 2562 quidem
3120 2489 3222 2546 sed
3282 2490 3461 2548 etiam
3494 2489 3791 2562 propriam

2139 2578 2394 2651 speciem
2447 2582 2548 2634 tua
2601 2577 2967 2650 providentia
3014 2577 3156 2634 urbs
3204 2577 3414 2634 eximie
3446 2578 3790 2651 resumpsit,

2140 2671 2197 2724 et
2227 2671 2459 2740 septum
2515 2665 2943 2740 gloriosissime
2999 2666 3337 2723 restitutum
3394 2670 3507 2734 est,
3567 2671 3624 2724 et
3675 2668 3793 2724 fere

2141 2779 2168 2806 «
2203 2757 2352 2812 Urbs
2384 2773 2488 2830 per
2515 2760 2572 2812 te
2601 2772 2736 2812 sum
2767 2771 2994 2822 rursus,
3023 2773 3051 2806 ο
3088 2754 3305 2812 clamat
3333 2753 3541 2829 regina
3563 2755 3792 2828 civitas,

2148 2865 2170 2895 ι
2203 2846 2410 2902 decore
2460 2848 2665 2900 ornata
2695 2860 2876 2917 quam
2927 2844 3222 2917 perditum
3273 2843 3692 2916 splendidiore,
3733 2847 3794 2901 et

2141 2934 2395 3007 positam
2417 2933 2592 3006 capiti
2606 2933 2832 2990 habens
2849 2949 3331 3005 coronam,quam
3351 2938 3592 3007 tempus
3615 2933 3797 2990 simul

2142 3041 2209 3081 ac
2239 3040 2452 3079 manus
2495 3023 2836 3095 iniquorum
2883 3021 3051 3079 humi
3108 3023 3479 3095 dejecerant;
3511 3044 3541 3075 »
3574 3024 3798 3096 itaque,

2143 3112 2371 3169 etiamsi
2405 3128 2523 3168 non
2551 3111 2698 3168 alias
2728 3112 3007 3181 forent,in
3037 3112 3422 3185 Urbe-regina
3451 3111 3640 3169 millia
3661 3115 3803 3169 sunt

2143 3206 2258 3259 tuae
2281 3200 2786 3275 magnanimitatis
2803 3199 3158 3257 indicia.Tui
3178 3217 3312 3257 vero
3335 3200 3395 3256 in
3417 3204 3535 3258 Deo
3557 3199 3802 3258 colendo

373 3267 628 3368 ραπεύειν
747 3267 889 3346 θεῖον
923 3267 1259 3368 θερμότητος
1288 3289 1474 3347 πολλά
1509 3291 1695 3367 μέντοι
1729 3267 1832 3348 ’καὶ
1890 3291 2028 3349 ἄλλα

2147 3267 2636 3348 ardorisvexstant
2664 3294 2722 3346 et
2751 3293 2956 3346 caetera
2983 3290 3170 3346 multa
3197 3289 3561 3362 testimonia,
3577 3289 3803 3364 templa

371 3381 670 3454 τεκμήρια,
729 3379 886 3435 θείων
971 3385 1114 3435 ναῶν
1174 3382 1491 3458 ἁπανταχοῦ
1563 3388 1664 3452 τῆς
1747 3382 2034 3456 Ῥωμαίων

374 3465 757 3542 ἀνοικοδομαὶ,
816 3468 978 3540 ξένων
1054 3469 1389 3546 καταγωγαὶ,
1458 3471 1758 3527 νοσούντων
1841 3473 2032 3546 ἐπιμέ-

374 3557 546 3628 λειαι,
605 3557 842 3613 ἀσθενῶν
931 3557 1180 3635 ἰατρεῖαι,
1235 3559 1368 3614 κάπὶ
1443 3563 1512 3634 τῇ
1573 3565 1717 3639 σφῶν
1779 3561 2035 3636 θεραπείᾳ

371 3644 642 3724 πρόσοδοι
671 3645 1089 3726 ἀφοσιούμεναι,
1123 3648 1232 3723 οὐχ
1261 3651 1423 3718 ἧττον
1452 3647 1510 3705 δὲ
1543 3647 1608 3721 δή
1652 3671 1756 3705 που
1787 3652 1877 3706 καὶ
1923 3656 2032 3706 τῶν

373 3737 813 3814 φροντιστηρίων
857 3736 946 3792 καὶ
989 3736 1362 3813 ἀσκητηρίων,
1390 3737 1488 3793 ὅσα
1535 3760 1594 3815 γε
1644 3737 1711 3808 δὴ
1761 3740 1850 3794 καὶ
1899 3741 2036 3796 κατά

372 3826 572 3888 πόλεις
628 3827 720 3881 καὶ
777 3826 830 3881 ἐν
892 3825 1150 3902 ἐρημίαις
1209 3828 1513 3905 ἀνήγειρας,
1546 3829 1612 3882 τὰ
1645 3830 1741 3902 μὲν
1779 3827 2032 3904 ἀνδράσιν

375 3917 638 3990 ἀνειμένα
691 3921 810 3989 Θεῷ
865 3917 1240 3993 καθιερωθεῖσι
1302 3916 1391 3971 καὶ
1451 3916 1712 3973 ἀποστᾶσι
1772 3923 1881 3974 τῶν
1916 3918 2036 3974 ὑλι-

372 4010 510 4078 κῶν,
568 4005 638 4060 τὰ
689 4002 749 4059 δὲ
824 4005 1030 4080 γυναιξὶ
1107 4005 1520 4084 νυμφευθείσαις
1568 4005 1786 4081 Χριστῷ
1845 4006 1921 4070 εἴς
1981 4029 2039 4063 τε

375 4099 569 4171 ψυχῆς
624 4095 911 4171 προκοπὴν
970 4095 1061 4150 καὶ
1119 4094 1410 4170 παρθενίας
1468 4099 1822 4173 συντήρησιν,
1853 4098 1908 4151 αἳ
1948 4095 2042 4169 δή-

375 4207 487 4241 που
518 4183 611 4240 καὶ
642 4184 853 4258 κόσμου
881 4183 973 4238 καὶ
1001 4189 1108 4239 τῶν
1134 4183 1185 4239 ἐν
1235 4184 1429 4259 κόσμῳ
1476 4185 1668 4248 ἑαυτὰς
1725 4184 2038 4264 ἠλλοτρίω-

377 4295 499 4330 σαν.
561 4275 669 4329 Έῶ
727 4271 787 4329 δὲ
847 4273 1025 4350 λέγειν
1113 4271 1432 4348 ἀντιλήψεις
1516 4275 2037 4354 ἀπωρφανισμένων,

376 4363 661 4441 παρθένων
717 4362 937 4438 ἀπόρων
996 4361 1472 4441 προικοδοτήσεις,
1529 4361 1725 4427 ἐνδεῶς
1800 4365 2036 4442 ἐχόντων

382 4453 510 4531 βίου
540 4452 945 4526 πλουτισμοὺς,
976 4453 1066 4509 καὶ
1094 4449 1274 4509 τᾶλλα
1331 4452 1430 4508 ὅσα
1485 4453 1575 4508 καὶ
1629 4455 1718 4508 οἷα
1748 4454 1825 4517 εἷς
1859 4456 2040 4512 ἀπαλ-

375 4543 562 4618 λαγὴν
617 4542 774 4597 παντὶ
824 4547 932 4596 τῶν
991 4541 1312 4596 λυπούντων
1343 4543 1736 4615 οἰκονομεῖται,
1769 4544 1859 4600 καὶ
1891 4545 2040 4609 ὅπως

2145 3381 2342 3437 divina
2372 3380 2591 3452 ubique
2636 3383 3035 3436 Romanorum
3065 3383 3232 3436 terrae
3262 3379 3557 3452 restituta,
3607 3382 3799 3436 extra-

2144 3487 2391 3526 neorum
2423 3469 2700 3542 hospitia,
2731 3468 3154 3542 aegrotantibus
3185 3485 3336 3525 cura;
3365 3469 3541 3538 datm,
3572 3467 3797 3524 inﬁrmi

2145 3559 2356 3628 sanati,
2417 3576 2535 3615 non
2596 3557 2794 3614 minus
2851 3573 2919 3614 ac
2974 3561 3294 3614 conventus
3349 3561 3407 3614 et
3436 3557 3800 3616 monasteria

2146 3665 2330 3722 quum
2363 3649 2421 3703 in
2453 3647 2721 3712 urbibus,
2753 3651 2884 3703 tum
2913 3646 2973 3702 in
3005 3646 3255 3703 desertis
3283 3651 3494 3715 erecta,
3543 3663 3799 3719 quorum

2146 3739 2261 3794 alia
2290 3736 2640 3794 commisisti
2682 3736 2825 3792 viris
2855 3737 2971 3792 Deo
3026 3737 3381 3792 consecratis
3411 3741 3468 3793 et
3506 3753 3544 3795 α
3589 3740 3803 3792 terres-

2144 3828 2337 3884 tribus
2367 3825 2714 3894 alienis,alia
2737 3828 2934 3881 autem
2967 3823 3315 3881 mulieribus
3345 3825 3551 3898 nuptis
3573 3825 3804 3882 Christo

2147 3918 2218 3974 ad
2251 3917 2512 3973 animam
2545 3913 2962 3987 perﬁciendam
2991 3917 3048 3970 et
3077 3915 3525 3970 custodiendam
3556 3915 3804 3987 virgini-

2145 4010 2325 4064 tatem
2354 4025 2367 4075 ;
2401 4021 2528 4078 quae
2559 4021 2594 4060 a
2625 4003 2846 4064 mundo
2902 4007 2959 4059 et
2989 4004 3164 4059 rebus
3195 4003 3515 4059 mundanis
3575 4003 3804 4076 seipsas

2148 4098 2610 4170 segregaverunt.
2671 4093 2888 4150 Omitto
2943 4095 3141 4148 autem
3171 4091 3365 4148 dicere
3394 4091 3800 4164 orphanorum

2149 4185 2578 4258 adoptationes,
2608 4183 2904 4256 virginum
2952 4182 3196 4254 inopum
3256 4181 3611 4250 dotationes,
3641 4181 3802 4238 victu

2149 4275 2550 4348 indigentibus
2585 4271 2934 4328 facultatum
2991 4271 3470 4336 condonationes,
3502 4275 3565 4326 et
3594 4275 3804 4328 caetera

2151 4365 2351 4422 omnia
2379 4381 2508 4437 quae
2531 4363 2602 4418 ad
2633 4362 2764 4418 vitae
2795 4359 3235 4418 conversionem
3259 4359 3493 4416 afﬂictis
3525 4359 3806 4418 omnibus

2150 4455 2468 4512 distributa
2497 4454 2749 4520 fuerant,
2781 4455 2838 4508 et
2872 4451 3167 4524 quomodo
3225 4467 3328 4523 per
3357 4449 3808 4508 beneficentiam

2151 4545 2446 4618 copiosius
2477 4545 2722 4598 manant
2752 4541 3091 4597 divitiarum
3122 4543 3361 4596 tuarum
3393 4539 3812 4613 ﬂumina,quo-

381 4634 480 4707 μὲν
535 4633 619 4688 ἐπ’
677 4631 894 4704 εύποιίᾳ
977 4629 1362 4707 δαψιλέστερον
1418 4629 1634 4685 νάουσιν
1688 4633 1741 4686 οἱ
1791 4637 2028 4709 ποταμοί

2144 4637 2317 4694 modo
2339 4635 2545 4690 exinde
2567 4649 2669 4704 pro
2691 4636 2748 4686 te
2765 4631 2949 4686 Deum
2995 4629 3294 4701 deprecari
3317 4629 3574 4701 quisque
3607 4646 3803 4686 move-

377 4744 479 4778 σου
507 4725 618 4777 τῶν
667 4723 972 4796 θησαυρῶν,
1007 4719 1158 4784 ὅπως
1203 4718 1248 4776 δ’
1294 4719 1531 4776 ἐντεῦθεν
1584 4726 1689 4784 πᾶς
1737 4744 1820 4786 τις
1867 4723 2043 4803 ἐντυγ-

376 4814 571 4889 χάνειν
632 4809 950 4888 διεγείρεται
1010 4811 1143 4886 ὑπὲρ
1201 4813 1298 4864 σοῦ
1345 4815 1425 4882 τῷ
1475 4813 1612 4883 Θεῷ,
1643 4811 1742 4880 τήν
1805 4808 1863 4866 δὲ
1912 4818 2040 4892 περὶ

374 4903 442 4958 τὸ
473 4902 718 4973 ὑπήκοον
753 4898 904 4963 ὅπως
931 4920 992 4955 τε
1021 4900 1253 4969 σώζοιτο
1302 4898 1586 4974 πρόνοιαν,
1620 4900 1720 4969 τὴν
1771 4897 1829 4956 δὲ
1878 4923 2036 4959 σπου·

379 4989 483 5062 δὴν
518 4989 668 5054 ὅπως
707 4991 784 5064 μὴ
809 4989 956 5067 παρὰ
983 4993 1092 5044 τῶν
1120 4988 1331 5066 ἐχθρῶν
1364 4985 1591 5044 πολλῶν
1624 4984 1794 5044 ὄντων
1843 4989 2040 5066 λυμαί-

373 5102 554 5151 νοιτο,
582 5082 683 5150 τήν
713 5080 853 5135 κατά
887 5080 1060 5134 πάντα
1090 5079 1291 5155 χρόνον
1325 5075 1584 5156 φροντίδα
1629 5079 1721 5133 καὶ
1775 5080 2036 5157 μέριμναν

2150 4733 2266 4795 tur,
2309 4729 2473 4781 tuam
2505 4722 2576 4778 ad
2607 4719 2892 4793 populum
2941 4719 3297 4775 servandum
3347 4716 3801 4790 providentiam,

2148 4821 2314 4873 tuam
2345 4830 2417 4869 ne
2449 4829 2483 4868 a
2508 4810 2712 4867 multis
2744 4808 3023 4864 inimicus
3058 4808 3135 4863 sit
3171 4806 3484 4863 infestatus
3513 4805 3802 4863 sollicitu-

2151 4905 2374 4970 dinem,
2392 4899 2774 4973 cogitationes
2803 4901 2862 4954 et
2889 4913 3060 4954 curas
3087 4896 3398 4952 diuturnas
3421 4899 3487 4952 ut
3507 4897 3580 4952 ad
3603 4895 3804 4954 melio-

2150 5012 2216 5050 ra
2239 4994 2518 5066 augescat
2539 4998 2594 5046 et
2621 4987 2907 5061 proficiat,
2941 4990 3180 5059 pr0pter
3209 5002 3336 5057 quae
3361 5002 3479 5042 non
3511 4987 3618 5042 das
3647 5002 3810 5042 som-

2151 5100 2295 5140 num
2327 5079 2533 5148 oculis,
2575 5081 2839 5134 nostram
2891 5076 3237 5148 perquirens
3291 5073 3809 5147 tranquillitatem.

374 5170 534 5234 ὅπως
584 5171 634 5226 τ’
693 5165 969 5240 ἐπιδὶδοίη
1025 5168 1120 5223 καὶ
1172 5168 1478 5244 προκόπτοι
1539 5167 1628 5223 ἐπὶ
1676 5169 1738 5223 τὸ
1790 5168 2029 5246 βέλτιον,
2063 5173 2172 5228 ἀνθ’
2217 5173 2290 5226 ὧν
2337 5168 2427 5225 καὶ
2476 5166 2538 5222 οὐ
2590 5162 2752 5228 δίδως
2807 5161 2971 5219 ὕπνον
3025 5167 3142 5226 τοῖς
3191 5161 3523 5240 ὀφθαλμοῖς,
3559 5159 3627 5216 δι’
3658 5161 3812 5240 ἐρεύ-

372 5282 479 5332 νης
506 5263 609 5329 τήν
637 5256 909 5334 ἡμετέραν
938 5254 1084 5333 ἔχων
1117 5256 1433 5314 ἀνάπαυσιν.

451 5350 554 5406 Καὶ
581 5353 752 5405 ταῦτα
779 5345 846 5418 δὴ
878 5348 1051 5403 πάντα
1096 5346 1180 5408 τίς
1213 5345 1272 5401 ἂν
1326 5347 1410 5418 εἴη
1471 5345 1644 5424 λέγων
1702 5349 1839 5424 πρὸς
1893 5349 2038 5421 ἀξίαν

374 5439 637 5510 εἷπὼν,ἢ
687 5443 849 5502 ποῖος
907 5441 1056 5511 νοῦς,
1088 5437 1142 5500 ἐς
1203 5435 1319 5492 δέον
1377 5434 1716 5514 περιλαϐὼν,
1751 5437 2044 5516 ἀποχρών-

451 5657 570 5731 (41)
629 5654 919 5712 Subtilius
959 5653 1184 5726 aliquid
1245 5653 1606 5712 discriminis
1665 5655 1830 5784 ponit
1884 5673 2042 5712 nunc

451 5735 539 5784 ter
564 5725 817 5784 uariarva
855 5730 914 5784 et
968 5729 1280 5784 κατασγεῖν.
1339 5743 1592 5784 auorum
1622 5726 1664 5784 il
1692 5743 1763 5784 uc
1790 5744 1921 5784 esse
1949 5728 2040 5784 vi-

373 5725 817 5803 ἱοῐοιίκατόχειν
855 5730 914 5786 et
968 5725 1280 5806 κατασχεῖν,
1339 5743 1592 5800 quorum
1622 5725 1921 5802 illuc.esse
1949 5728 2040 5788 vi-

2225 5351 2293 5407 Et
2343 5349 2465 5406 haec
2517 5346 2716 5403 omnia
2763 5345 2897 5418 quis
2930 5361 3212 5401 enarrans
3245 5343 3534 5417 condigne
3564 5359 3805 5400 enarra-

2151 5443 2260 5512 ret,
2294 5443 2394 5496 aut
2423 5436 2613 5510 qualis
2644 5452 2835 5504 mens,
2867 5433 3009 5491 satis
3039 5435 3354 5502 immensa,
3389 5432 3807 5491 convenienter

2155 5657 2327 5712 detur
2354 5669 2638 5727 occupare,
2671 5651 2780 5727 ho_c
2809 5651 3074 5727 retinere,
3106 5650 3192 5727 vel
3225 5650 3368 5707 illud
3399 5651 3662 5727 retinere,
3693 5647 3804 5711 hoc.

2157 5743 2444 5803 occupare.
2482 5723 2708 5785 Forsan
2736 5723 2901 5783 locus
2932 5728 3024 5782 est
3060 5723 3264 5782 leviter
3287 5725 3621 5797 corruptus.
