4132 6450
307 389 428 453 3Ἶ9

299 521 506 599 lingua
527 516 862 598 exprimere
882 527 1070 596 daret,
1095 543 1229 584 cum
1260 533 1317 585 te
1347 533 1866 602 regnante,nostra
1895 531 1966 586 ad
1997 554 2048 618 Α

298 619 529 673 tantam
557 619 916 689 potestatem
962 623 1374 691 pervenerunt,
1419 623 1486 674 ut
1533 619 1756 674 bellum
1788 635 1963 690 exop-

295 708 423 767 tent
451 704 723 774 milites;
779 706 1004 764 bellum
1037 712 1237 764 autem
1287 708 1483 765 videre
1534 711 1850 780 nequeant,
1884 712 1960 778 et,

293 793 346 850 si
378 797 648 866 oporteat
681 794 828 850 illud
861 798 1217 868 quandoque
1247 797 1556 865 sustinere,
1590 813 1768 868 super
1811 800 1965 852 terra

295 881 559 938 hostium
589 899 712 941 non
761 901 940 958 super
971 890 1170 942 nostra
1218 886 1568 943 sustinetur.
1623 886 1826 942 Nonne
1858 901 1962 957 ag-

299 971 464 1028 mina
492 972 788 1028 nostrain
821 973 1021 1030 hostili
1062 975 1266 1031 terra?
1295 990 1487 1031 nonne
1543 975 1830 1031 exercitus
1861 974 1962 1046 qui

299 1076 431 1116 eam
459 1064 613 1117 nutu
643 1061 839 1117 ferunt
869 1067 928 1118 et
961 1064 1191 1136 agunt?
1211 1065 1415 1120 Nonne
1446 1063 1726 1120 Romanis
1758 1063 1960 1135 praesi-

300 1150 399 1206 dia
415 1166 548 1222 qua:
571 1153 732 1207 stant
754 1151 814 1206 in
841 1153 1233 1209 Barbarorum
1263 1152 1455 1225 plaga,
1480 1169 1607 1224 quae
1637 1156 1694 1207 et
1722 1150 1959 1206 illorum

301 1255 735 1312 usquequaque
791 1243 1116 1298 retundunt
1159 1242 1463 1314 impetus?
1508 1243 1590 1297 Ex
1638 1241 1748 1297 hoc
1795 1241 1861 1295 ﬁt
1897 1243 1961 1296 ut

297 1345 415 1385 non
450 1331 746 1401 quomodo
767 1330 873 1386 tibi
907 1331 1377 1388 adversabuntur
1405 1331 1559 1387 sicut
1589 1330 1753 1402 prius
1776 1334 1958 1385 atten-

297 1419 471 1489 dant,
502 1420 607 1475 sed
641 1422 930 1491 quomodo
961 1421 1021 1476 in
1053 1421 1277 1493 agendo
1324 1425 1380 1476 te
1409 1419 1687 1476 benevolo
1732 1424 1790 1474 et
1836 1419 1960 1474 cle-

297 1507 490 1564 menti
520 1511 780 1564 utentur.
809 1509 876 1566 Et
903 1526 1040 1583 ergo
1069 1512 1266 1566 videre
1296 1514 1385 1566 est
1438 1509 1700 1578 Latinos,
1744 1525 1848 1581 pro
1894 1507 1960 1562 il-

298 1595 494 1654 lorum
530 1598 809 1670 superbia
836 1603 895 1655 et
924 1600 1280 1672 arrogantia,
1333 1600 1394 1654 in
1425 1598 1656 1656 civitate
1685 1598 1959 1654 obsessos

299 1689 358 1742 et
387 1689 598 1760 captos
635 1691 695 1743 et
722 1687 906 1745 nihilo
960 1688 1328 1757 humiliores,
1361 1689 1608 1761 Scythas
1641 1688 1957 1758 subjectos,

299 1777 533 1848 Moysos
563 1775 822 1845 deditos,
844 1777 1050 1835 Persas
1075 1782 1134 1834 et
1154 1779 1355 1834 Medos
1385 1778 1457 1834 ad
1489 1777 1850 1833 exorandum
1870 1791 1960 1832 ve-

296 1863 529 1922 nientes
558 1869 618 1922 et
648 1866 902 1940 genibus
959 1867 1436 1940 procumbentes,
1490 1883 1626 1923 cum
1675 1864 1872 1922 servili
1903 1868 1960 1920 et

292 1952 500 2010 habitu
530 1959 589 2011 et
624 1971 852 2027 animo,
883 1973 1120 2013 omnem
1151 1961 1388 2029 gentem
1431 1960 1488 2012 et
1516 1955 1826 2012 hominum
1857 1971 1957 2028 ge-

293 2059 407 2099 nus
436 2042 549 2099 tibi
579 2061 812 2102 morem
842 2050 1110 2119 gerentes
1140 2045 1396 2118 et,quasi
1427 2045 1728 2102 meliorem
1753 2061 1958 2117 quam-

295 2131 434 2188 dam
481 2132 811 2203 fortunam,
844 2135 954 2190 sub
996 2139 1055 2191 te
1092 2135 1337 2192 vivendo
1387 2135 1756 2192 occasionem
1807 2134 1956 2190 acci-

293 2219 548 2292 pientes.
581 2225 956 2296 QuuprOpter
1009 2240 1155 2297 gens
1185 2229 1408 2292 nostra,
1458 2224 1629 2296 quasi
1661 2222 1830 2279 unico
1861 2238 1960 2279 ore

297 2312 694 2382 uteretur,veh
707 2312 1002 2370 ementius
1019 2329 1197 2387 quam
1218 2314 1402 2373 turba
1413 2313 1554 2370 dicit
1576 2316 1634 2369 et
1652 2311 1961 2368 celelebrat

303 2398 667 2469 felicitatem,
723 2405 781 2458 et
827 2405 998 2458 tuum
1050 2403 1391 2475 imperium,
1423 2419 1526 2475 per
1572 2401 1729 2474 quod
1777 2401 1850 2456 ad
1883 2399 1959 2456 il-

296 2486 417 2544 lam
459 2492 776 2561 provectsus
824 2495 935 2563 est,
967 2495 1250 2549 aeternum
1299 2507 1536 2548 manere
1566 2492 1912 2563 deprecatur
1942 2507 1956 2546 :

293 2593 414 2634 non
474 2578 633 2635 enim
663 2581 1046 2649 necessitate,
1079 2597 1201 2650 rex,
1235 2582 1337 2638 sed
1370 2598 1569 2638 amore
1596 2580 1703 2636 tibi
1734 2580 1960 2635 obtem-

296 2671 488 2740 perat,
522 2685 628 2724 nec
654 2673 866 2728 coacta
885 2674 1183 2740 curvatur,
1214 2671 1316 2728 sed
1347 2671 1433 2727 tui
1458 2670 1547 2726 tui
1575 2670 1769 2726 studio
1799 2668 1959 2724 vinc-

292 2760 381 2826 ta,
441 2757 614 2814 nutui
663 2762 766 2816 tuo
832 2760 1197 2833 obsequitur.
1244 2762 1448 2834 Itaque
1497 2759 1727 2816 munita
1767 2762 1826 2814 et
1888 2757 1961 2812 ab

299 2846 463 2902 omni
494 2846 627 2904 dolo
663 2852 796 2906 tuta
823 2849 931 2907 tibi
955 2853 1289 2907 asservatur
1314 2851 1476 2924 regia
1504 2853 1762 2922 potestas
1793 2865 1808 2904 ε
1843 2863 1961 2903 non

298 2936 458 2992 enim
488 2941 708 3010 potest,
749 2955 868 2995 non
911 2943 1106 3012 potest
1154 2939 1469 3012 imperium
1510 2937 1742 2994 ﬁrmius
1799 2936 1959 2992 inve-

300 3024 415 3081 niri
468 3042 650 3097 quam
703 3027 1018 3100 imperium
1075 3045 1276 3085 amore
1333 3028 1680 3096 fundatum;
1711 3030 1770 3083 et
1815 3025 1961 3083 satis

273 3129 514 3187 .magna
540 3117 632 3172 est
667 3117 936 3173 custodia
965 3118 1088 3190 regi
1112 3118 1515 3188 subjectorum
1546 3115 1961 3172 amor.Idcirco

294 3202 578 3260 nimirum
629 3205 837 3262 omnia
888 3223 1017 3279 qua;
1063 3207 1375 3278 vis,jussu
1418 3211 1542 3278 tuo,
1575 3205 1962 3262 conficiantur

1347 394 1664 460 GEORGII
1708 393 1969 460 CYPRII
2011 396 2129 461 GP.
2179 393 2705 462 PATRIARCHE

1988 1918 2036 1984 B

3611 394 3733 460 380

2077 549 2185 591 τως
2215 532 2283 603 τῇ
2313 526 2538 604 γλώττη
2591 526 2892 604 διηγεῖσθαι
2943 525 3201 604 παρέχοι,
3233 524 3433 584 ὁπόταν
3485 525 3589 584 ὑπὸ
3643 526 3730 587 σοῖ

2074 620 2355 694 προμηθεῖ
2384 617 2438 680 ές
2467 621 2724 672 τοσοῦτον
2757 617 2947 694 ἰσχύος
2979 619 3076 686 ἧκε
3120 617 3189 673 τὰ
3235 619 3354 673 καθ’
3383 621 3553 692 ἡμᾶς,
3589 617 3734 677 ὥστε

2070 705 2322 781 πολέμου
2357 707 2450 780 μὲν
2483 707 2604 783 έρᾷν
2636 706 2766 770 τοὺς
2814 729 2922 762 των
2981 705 3192 780 ὅπλων,
3223 707 3470 782 πόλεμον
3533 706 3591 764 δὲ
3651 711 3726 784 μή

2071 793 2217 872 ἔχειν
2277 793 2430 868 ἰδεῖν,
2467 795 2562 850 κᾶν
2618 793 2710 870 δέῃ
2765 795 2954 850 τοῦτόν
3009 817 3141 851 ποτε
3198 796 3384 873 χρόνῳ
3442 804 3726 868 συστῆναι,

2071 884 2159 941 ἐπὶ
2190 891 2288 955 τῆς
2319 889 2425 939 τῶν
2457 884 2690 961 ἐχθρῶν,
2725 884 2825 940 οὐκ
2854 883 2942 940 ἐπὶ
2999 891 3101 954 τῆς
3157 887 3431 960 ἡμετέρας
3480 886 3727 942 συνίστα-

2071 977 2210 1031 σθαι.
2242 977 2313 1030 Ἦ
2343 973 2472 1050 οὐχὶ
2504 973 2670 1049 λόχοι
2701 973 2789 1029 ἐπὶ
2831 981 2932 1044 τῆς
2989 974 3262 1048 πολεμίας
3318 976 3581 1052 ἡμέτεροι
3618 996 3632 1047 ;
3665 977 3727 1032 οὐ

2070 1062 2442 1140 στρατεύματα
2472 1064 2703 1141 φέροντα
2749 1063 2950 1134 ταύτην
3009 1063 3098 1118 καὶ
3155 1065 3354 1140 ἄγοντα
3403 1066 3541 1119 κατά
3597 1064 3728 1142 βού-

2070 1151 2269 1223 λησιν;
2303 1151 2365 1207 οὐ
2423 1152 2657 1230 φρούρια
2713 1153 3006 1226 Ῥωμαίοις
3065 1151 3157 1207 ἐπί
3202 1153 3306 1222 τῆς
3352 1157 3460 1208 τῶν
3516 1149 3732 1230 βαρϐά-

2071 1262 2178 1317 ρων
2233 1243 2516 1315 ἱστάμενα,
2561 1242 2898 1318 πανταχόθεν
2959 1241 3143 1305 αὐτοῖς
3201 1243 3298 1304 τὰς
3357 1242 3532 1320 ὁρμὰς
3591 1243 3728 1298 ἀπο-

2066 1329 2358 1401 κλείοντα;
2394 1329 2474 1407 ἐφ’
2507 1332 2588 1393 οἷς
2621 1330 2728 1406 οὐχ
2771 1329 2920 1393 ὅπως
2967 1330 3164 1386 ἐκεῖνοι
3215 1332 3544 1407 μαχέσονται
3595 1334 3733 1387 καθά

2066 1419 2156 1474 καὶ
2215 1419 2476 1496 πρότερον
2538 1419 2882 1488 σκέπτονται,
2941 1420 3068 1476 ἀλλ’
3122 1419 3275 1484 ὅπως
3329 1442 3381 1476 τι
3433 1423 3730 1497 πράξαντες

2068 1509 2326 1581 εὐμενοῦς
2376 1531 2472 1564 σου
2519 1510 2610 1564 καὶ
2652 1508 2794 1566 τίλεω
2840 1508 3075 1586 τύχωσι.
3109 1511 3209 1564 Καὶ
3258 1514 3390 1586 γοῦν
3438 1512 3566 1586 ὁρᾷν
3619 1508 3729 1566 ἔστι

2068 1597 2329 1660 Λατίνους
2358 1599 2471 1653 ἀντὶ
2500 1603 2608 1654 τῶν
2662 1598 3028 1674 μεγαλαύχων
3088 1597 3305 1653 ἐκείνων
3366 1597 3456 1654 καί
3512 1599 3727 1677 ἀγερώ-

2067 1707 2185 1763 χων
2208 1684 2714 1761 πολιορκουμένους
2743 1688 2833 1742 καὶ
2870 1688 3281 1764 πορθουμένους
3341 1687 3433 1743 καὶ
3480 1687 3630 1750 τίνος
3661 1688 3726 1743 οὐ

2065 1776 2504 1854 ταπεινοτέρους,
2575 1777 2782 1840 Σκύθας
2845 1776 3183 1850 ὑπείκοντας,
3218 1776 3437 1840 Μυσοὺς
3489 1797 3725 1854 προσερ-

2068 1864 2360 1942 χομένους,
2395 1867 2603 1940 Πέρσας
2630 1864 2721 1921 xui
2747 1863 2975 1937 Μήδους
3005 1866 3081 1930 εἷς
3114 1866 3340 1922 ἱκετείαν
3405 1864 3724 1941 βαδίζοντας

2067 1955 2157 2010 καὶ
2188 1960 2615 2030 γονυπετοῦντας
2651 1956 2785 2029 μετά
2829 1953 3089 2012 δουλικοῦ
3143 1955 3236 2011 καὶ
3292 1957 3584 2031 σχήματος
3633 1954 3724 2009 καὶ

2067 2043 2440 2123 φρονήματος,
2473 2050 2576 2100 πᾶν
2620 2043 2772 2109 ἔθνος
2818 2043 2909 2099 καὶ
2964 2044 3114 2122 γένος
3169 2044 3468 2121 ἀνθρώπων
3526 2043 3724 2098 ὑποπί-

2065 2154 2296 2195 πτοντας
2349 2133 2462 2207 καὶ,
2500 2131 2684 2210 ὥσπερ
2746 2130 2890 2189 ἄλλο
2943 2153 2996 2188 τι
3047 2129 3418 2209 χρηστότερον
3470 2129 3724 2209 ἕρμαιον,

2067 2223 2128 2278 τὸ
2188 2222 2293 2278 ὑπὸ
2353 2223 2438 2277 σοὶ
2515 2221 2692 2278 τελεῖν
2764 2223 3225 2298 καθαρπάζοντας.
3285 2223 3443 2298 Ὑπὲρ
3522 2222 3597 2278 ὧν
3661 2222 3726 2277 τὸ

2067 2313 2334 2388 ἡμέτερον
2395 2310 2588 2390 φῦλον,
2649 2311 2724 2375 ὡς
2783 2313 2860 2368 ένὶ
2915 2312 3262 2388 κεχρημένον
3330 2315 3413 2385 τῷ
3471 2310 3725 2385 στόματι,

2068 2406 2246 2480 χοροῦ
2329 2396 2705 2479 ἀκριϐέστερον
2786 2401 3074 2479 φθέγγεται
3175 2400 3267 2456 καὶ
3368 2400 3724 2478 πανηγυρίζει

2065 2492 2167 2560 τὴν
2197 2487 2566 2565 εὐδαιμονίαν,
2599 2491 2689 2546 καὶ
2717 2492 2816 2561 τὴν
2849 2492 2948 2560 σήν
2995 2492 3198 2567 ἀρχὴν,
3233 2488 3304 2546 δι’
3358 2492 3426 2560 ἣν
3487 2490 3540 2552 ἐς
3597 2488 3726 2545 ταύ-

2066 2602 2168 2652 την
2199 2580 2500 2652 ἀπήντηκε,
2538 2580 2715 2654 μένειν
2774 2581 2850 2644 εἷς
2908 2581 3081 2636 αἰῶνα
3140 2579 3449 2656 ἐπεύχεται·
3502 2579 3566 2634 οὐ
3621 2579 3724 2654 γὰρ

2069 2669 2295 2744 ἀνάγκῃ,
2331 2667 2577 2744 βασιλεῦ,
2609 2668 2738 2726 ἀλλ’
2779 2668 2974 2742 εὐνοίᾳ,
3007 2667 3270 2745 τυγχάνει
3330 2665 3723 2742 δουλούμενον,

2070 2756 2197 2814 οὐδὲ
2242 2755 2833 2833 καταδυναστευόμενον
2879 2755 3187 2826 ὑποκλίνει,
3221 2755 3370 2812 ἀλλὰ
3423 2756 3578 2830 πόθῳ
3637 2775 3726 2811 σοι

2072 2844 2357 2922 δεδεμένον
2415 2847 2676 2922 ὑπηρετεῖ
2731 2868 2828 2902 σου
2881 2846 2964 2920 τῷ
3018 2845 3268 2920 νεύματι.
3326 2847 3470 2903 Ἀνθ’
3518 2845 3581 2901 οὗ
3641 2866 3728 2900 σοι

2069 2937 2160 2993 καὶ
2191 2936 2364 3014 ἐχυρά
2389 2937 2479 2991 καὶ
2508 2934 2675 2992 δόλου
2722 2935 2926 3000 παντὸς
2981 2936 3232 3013 ὑπεράνω
3287 2937 3356 2990 τὰ
3409 2941 3511 3004 τῆς
3574 2935 3729 3009 βασι-

2072 3025 2220 3089 λείας
2279 3025 2626 3104 φυλάττεταιξ
2686 3024 2748 3080 οὐ
2805 3026 2908 3102 γὰρ
2968 3021 3134 3093 ἔστιν,
3185 3023 3284 3079 οὐκ
3343 3020 3482 3078 ἔστιν
3546 3023 3728 3098 ἀρχὴν

2071 3115 2426 3192 ἰσχυροτέραν
2512 3114 2684 3192 εὑρεῖν
2769 3119 2870 3184 τῆς
2948 3113 3126 3185 εὐνοίᾳ
3175 3113 3582 3190 τειχιζομένης,
3639 3112 3732 3167 καὶ

2072 3206 2377 3281 ἀποχρῶσα
2433 3201 2651 3282 φυλακή
2742 3202 2960 3280 βασιλεῖ
3021 3206 3131 3258 τῶν
3192 3200 3641 3277 ὑποτεταγμένων
3693 3203 3731 3272 ἡ

294 3295 353 3348 et
383 3291 567 3349 multo
597 3295 953 3366 expeditius,
1002 3299 1070 3351 ut
1095 3300 1186 3354 est
1240 3295 1303 3352 in
1329 3295 1656 3368 proverbio,
1697 3310 1878 3366 quam
1907 3292 1958 3350 si

2077 3289 2274 3349 εὔνοια.
2309 3293 2385 3346 Δι’
2427 3281 2461 3346 ἃ
2493 3289 2560 3361 δὴ
2609 3292 2700 3346 καὶ
2727 3289 2966 3346 τελεῖται
3024 3295 3128 3346 πᾶν
3160 3291 3190 3346 ὃ
3221 3290 3282 3346 ἂν
3311 3290 3350 3364 ᾖ
3409 3288 3733 3365 βουλομένῳ

301 3380 438 3454 quis
467 3381 757 3439 chordam
815 3385 1270 3457 prastringeret,
1307 3387 1364 3440 et
1392 3383 1588 3456 siquid
1627 3383 1756 3440 ﬁeri
1786 3398 1956 3454 opor-

299 3472 442 3539 teat,
475 3468 742 3530 indiuare
773 3472 919 3529 satis
947 3477 1058 3541 est,
1090 3477 1149 3530 et
1169 3473 1392 3530 factum
1421 3477 1512 3530 est
1544 3490 1558 3529 :
1591 3472 1730 3528 hinc
1760 3475 1957 3529 osten-

300 3558 446 3615 dant
471 3574 738 3631 quomam
771 3563 944 3620 modo
975 3567 1033 3619 et
1061 3579 1196 3620 cum
1227 3565 1448 3635 quanto
1469 3578 1668 3620 amore
1697 3559 1960 3634 imperiis

304 3651 536 3721 oportet
563 3649 896 3723 subjacere.

377 3845 493 3917 Sic,
523 3863 651 3918 rex,
684 3847 1080 3920 pulcherrime
1107 3852 1166 3905 et
1185 3845 1712 3921 congruentissime
1740 3848 1806 3901 tu
1835 3843 1964 3900 illo-

309 3951 444 3991 rum
500 3937 826 4008 perfrueris
881 3937 1233 4006 obedientia,
1295 3937 1381 3992 illi
1449 3954 1584 3992 vero
1641 3935 1808 3991 felice
1863 3937 1968 3988 tua

308 4024 548 4082 fortuna
577 4029 642 4084 et
669 4027 894 4084 caeteris
943 4044 1327 4100 quaecunque,
1360 4043 1430 4082 ex
1486 4025 1604 4082 alto
1632 4025 1963 4080 roboratus.

309 4114 577 4186 quotidie
600 4114 820 4174 videris
854 4112 1962 4190 facere,dicere,agere,deliberari,con-

309 4203 737 4274 sulere,omnia
763 4206 1161 4280 operari-Non
1191 4206 1350 4262 enim
1380 4203 1497 4261 alia
1525 4207 1616 4260 est
1645 4203 1752 4258 tibi
1769 4217 1964 4274 opera°

309 4309 488 4365 quam
520 4298 588 4350 ut
618 4299 825 4351 nostra
855 4296 1003 4352 bene
1031 4296 1288 4353 habeant
1316 4292 1644 4367 invigilare,
1675 4307 1780 4347 nec
1823 4307 1968 4363 gan-

311 4383 477 4439 dium
503 4387 674 4441 extra
701 4386 1108 4458 subjectorum
1146 4384 1505 4454 felicitatem,
1537 4397 1645 4438 nec
1674 4383 1809 4454 post
1837 4395 1967 4436 eam

311 4471 537 4546 laetitia,
600 4479 664 4530 et
691 4473 810 4531 fere
867 4475 1144 4548 operibus
1183 4473 1406 4530 clamas
1460 4487 1476 4526 ε
1525 4470 1769 4543 Propria
1816 4467 1970 4541 regis

308 4561 520 4632 virtus,
552 4562 853 4636 negligere
882 4567 941 4620 et
968 4580 1097 4636 sua,
1130 4563 1182 4620 si
1211 4559 1540 4636 oportuerit
1579 4560 1650 4617 ad
1676 4558 1968 4629 subjecto-

313 4669 448 4713 rum
478 4652 820 4711 utilitatem.
853 4675 884 4705 »

386 4925 462 4980 At
490 4937 627 4979 cum
658 4937 726 4979 eo
756 4937 946 4997 usque
974 4921 1266 4979 sermonis
1305 4935 1653 4994 progressus
1683 4934 1842 4985 sum,
1873 4917 1974 4973 de-

316 5012 516 5070 sidero
569 5027 696 5068 rem
749 5011 812 5068 in
872 5012 1222 5069 memoriam
1270 5012 1570 5080 reducere,
1629 5007 1786 5082 quod
1818 5005 1974 5078 regis

319 5099 742 5159 sollicitudinis
784 5101 1040 5159 maxime
1085 5105 1178 5158 est
1228 5099 1535 5169 indicium,
1585 5102 1644 5154 et
1686 5097 1748 5153 in
1802 5111 1976 5153 omne

319 5205 591 5248 sermone
611 5206 678 5246 ac
697 5190 917 5264 scripto
938 5189 1166 5247 ostendi
1181 5193 1238 5246 et
1250 5188 1786 5260 recenseriaequum
1803 5185 1970 5242 foret.

388 5388 540 5445 Cum
582 5387 841 5460 periculo
892 5387 1204 5458 conjuncta
1235 5391 1359 5444 erat
1396 5386 1669 5455 eruditio,
1702 5390 1760 5442 et
1789 5387 1842 5459 (ο
1875 5404 1973 5460 pe-

318 5476 576 5534 riculum
631 5477 860 5549 ingens)
895 5477 1024 5549 ipsa
1046 5477 1172 5548 jam
1220 5477 1472 5550 perierat
1518 5476 1769 5532 eruditio
1803 5493 1816 5529 :
1848 5489 1974 5546 quae

318 5584 414 5622 res
446 5569 581 5637 post
609 5565 920 5620 hominum
955 5565 1299 5620 memoriam
1330 5582 1446 5620 non
1478 5567 1749 5620 evenerat
1777 5563 1974 5619 hacte-

320 5673 454 5712 nus.
490 5655 699 5711 Omnis
730 5672 849 5723 ars,
879 5658 1154 5710 accurata
1208 5652 1656 5726 disciplinarum
1697 5651 1975 5725 cognitio,

327 5745 660 5814 humanum
676 5743 997 5817 reliquerat
1014 5744 1315 5816 genus.lm
1321 5741 1529 5816 peritia
1557 5742 1852 5801 invaserat
1870 5740 1980 5797 hoc

2077 3403 2164 3437 σοι
2208 3381 2260 3452 ἐξ
2303 3380 2696 3456 ἐπιτάγματος,
2728 3377 2836 3436 εἴτε
2889 3380 2980 3435 καὶ
3036 3379 3326 3454 νεύματος,
3383 3379 3472 3434 καὶ
3529 3377 3733 3452 πολλῷ

2062 3492 2124 3547 γε
2155 3470 2281 3546 ῥᾷον
2315 3470 2378 3540 ἢ,
2407 3469 2546 3526 κατά
2581 3471 2682 3539 τήν
2740 3470 3065 3546 παροιμίαν,
3096 3468 3296 3543 ψήλειέ
3349 3489 3435 3531 τις
3491 3465 3731 3545 χορδὴν,

2066 3559 2164 3616 κᾶν
2225 3557 2318 3634 δέῃ
2371 3581 2425 3615 τι
2481 3560 2752 3636 γενέσθαι,
2783 3557 3006 3634 ἀπόχρη
3069 3555 3243 3631 δόξαι,
3271 3557 3363 3613 xui
3401 3558 3730 3632 πέπρακται,

2071 3648 2123 3704 ἐν
2179 3647 2358 3722 τούτῳ
2417 3645 2739 3704 δεικνύντων
2796 3647 2901 3702 τίνι
2957 3648 3090 3702 ποτὶ
3135 3651 3215 3718 τῷ
3241 3645 3434 3722 τρόπῳ
3488 3647 3580 3701 καὶ
3616 3648 3733 3721 μεθ’

2072 3737 2204 3808 ὅσης
2235 3738 2350 3814 χρὴ
2379 3743 2482 3808 τῆς
2513 3738 2726 3800 εὐνοίας
2754 3741 2876 3793 ταῖς
2909 3738 3107 3814 ἀρχαῖς
3139 3734 3558 3792 ὑποτάσσεσθαι.

2143 3843 2320 3916 Οὕτω,
2371 3844 2615 3919 βασιλεῦ,
2672 3842 2943 3901 κάλλιστά
2980 3864 3041 3899 τε
3090 3840 3180 3898 xui
3229 3839 3622 3920 ἁρμοδιώτατα
3669 3841 3734 3896 σὺ

2078 3935 2172 4009 μὲν
2231 3933 2446 3990 ἐκείνων
2507 3931 2805 3996 ἀπολαύεις
2876 3939 2978 4003 τῆς
3051 3930 3370 4004 εὐπειθείας,
3433 3930 3630 3987 ἐκεῖνοι
3688 3928 3737 3986 δ’

2075 4020 2142 4078 αὖ
2196 4029 2298 4094 τῆς
2359 4024 2562 4099 ἀγαθῆς
2621 4045 2717 4078 σου
2773 4022 2976 4099 τύχης,
3006 4019 3097 4076 καὶ
3152 4025 3260 4075 τῶν
3321 4017 3510 4074 ἄλλων
3563 4018 3737 4075 ὁπόσα

2076 4111 2414 4190 ῥωννύμενος
2471 4109 2667 4167 ἄνωθεν
2727 4113 2844 4166 καθ’
2901 4111 3133 4181 ἑκάστην
3193 4109 3356 4188 φαίνῃ
3412 4112 3610 4180 ποιῶν,
3644 4107 3738 4165 λέ-

2074 4223 2207 4278 γων,
2287 4201 2562 4278 πράττων,
2652 4196 3071 4276 συμϐουλεύων,
3156 4198 3550 4273 σκεπτόμενος,
3629 4203 3733 4253 πᾶν

2075 4291 2254 4347 ὁτιοῦν
2309 4291 2690 4368 ἐργαζόμενος·
2749 4290 2812 4346 οὐ
2867 4290 2973 4365 γὰρ
3031 4283 3173 4343 ἄλλο
3230 4309 3286 4343 τι
3332 4289 3423 4342 σὸν
3480 4282 3655 4362 ἔργον,
3697 4288 3734 4357 ἢ

2077 4377 2229 4442 ὅπως
2259 4379 2392 4435 ποτε
2419 4380 2584 4443 πάθοι
2635 4377 2822 4440 καλῶς
2866 4377 2931 4432 τὸ
2961 4376 3252 4450 ἡμέτερον,
3287 4372 3402 4430 οὐδ’
3431 4373 3732 4452 εὐφροσύνη

2076 4469 2225 4544 παρὰ
2259 4469 2359 4537 τήν
2420 4468 2712 4544 εὐημερίαν
2769 4471 2877 4522 τῶν
2938 4463 3218 4535 ὑπηκόων,
3271 4461 3399 4519 οὐδέ
3455 4483 3538 4527 τις
3603 4465 3740 4538 μετὰ

2076 4555 2278 4628 ταύτην
2340 4554 2615 4632 διάχυσις,
2671 4557 2762 4612 καὶ
2823 4554 3057 4630 μονονοὺ
3132 4557 3250 4616 τοῖς
3328 4549 3508 4630 ἔργοις
3585 4554 3734 4629 βοᾷς·

2002 4655 2051 4722 D
2086 4668 2115 4699 ‹‹
2145 4645 2294 4716 Αὕτη
2360 4645 2744 4722 βασιλεύοντος
2804 4645 2997 4721 ἀρετὴ,
3028 4641 3252 4718 ἀμελεῖν
3312 4642 3404 4698 καὶ
3460 4646 3570 4698 τῶν
3618 4645 3740 4708 καθ’

2083 4733 2267 4809 αὐτὸν,
2321 4734 2368 4791 εἰ
2441 4732 2671 4810 δεήσειε,
2728 4735 2867 4809 πρὸς
2930 4735 3031 4804 τὴν
3106 4736 3216 4789 τῶν
3297 4729 3740 4808 βασιλευομένων

2085 4824 2374 4902 ὠφέλειαν.
2407 4849 2446 4876 )r

2156 4914 2335 4987 Ἀλλ’,
2369 4913 2588 4969 ἐνταῦθα
2642 4916 2742 4967 τοῦ
2798 4907 2972 4988 λόγου
3029 4910 3344 4988 γενόμενος,
3377 4915 3535 4976 ποθῶ
3590 4931 3737 4998 τινος

2084 5005 2161 5068 εἰς
2224 5006 2449 5078 μνήμην
2527 5002 2722 5076 ἐλθεῖν,
2785 5001 2918 5079 ὅπερ
2975 5002 3067 5058 καὶ
3115 5003 3217 5071 τῆς
3269 4996 3737 5076 κηδεμονίαςήέτι

2088 5091 2327 5168 μάλιστα
2352 5097 2451 5150 τοῦ
2507 5092 2908 5169 αὐτοκράτορος
2966 5091 3276 5167 γνώρισμα,
3305 5087 3398 5145 καῖ
3449 5087 3610 5144 παντὶ
3658 5090 3738 5159 τῷ

2083 5184 2210 5258 περὶ
2239 5181 2438 5260 λόγους
2467 5183 2558 5238 καὶ
2586 5185 2771 5260 γραφῇ
2830 5177 3034 5236 διδόναι
3088 5179 3180 5235 καὶ
3237 5177 3600 5255 διηγήσασθαι
3658 5174 3740 5229 δί-

2083 5293 2259 5330 καιον.

2156 5377 2408 5441 Κίνδυνος
2469 5373 2566 5452 (ὥί
2627 5382 2745 5440 πῶς
2804 5377 2864 5431 ἂν
2944 5373 3156 5450 εἷ’ποιμι
3241 5373 3387 5428 τοῦτ’
3441 5371 3676 5435 ἀνεκτῶς
3701 5375 3744 5448 ;)

2085 5467 2329 5530 κίνδυνος
2389 5467 2506 5542 εἶχε
2559 5470 2687 5530 τοὺς
2748 5466 2971 5543 λόγους,
3029 5465 3119 5520 καὶ
3179 5466 3207 5519 ὁ
3258 5459 3500 5524 κίνδυνος
3573 5460 3740 5527 ὅσοςῐ

2087 5556 2375 5620 Παίδευσις
2452 5556 2764 5631 κατελύετο,
2849 5561 3075 5631 πρᾶγμα
3149 5548 3302 5608 οῦπω
3381 5549 3610 5627 γεγονὸς
3689 5551 3742 5622 ἐξ

2087 5647 2300 5710 αῗῶνος’
2350 5647 2520 5722 τέχνη
2577 5645 2668 5701 xui
2731 5645 3070 5719 μαθημάτων
3127 5635 3376 5718 ἀκρίϐεια
3431 5639 3484 5712 ἐξ
3536 5640 3748 5717 ἀνθρώ-

2087 5757 2204 5795 πων
2232 5738 2389 5808 ἦσαν·
2422 5735 2897 5812 ἀνεπιστημοσύνη
2945 5735 3168 5812 κατεῖχε
3202 5733 3266 5789 τὸ
3293 5736 3425 5807 πᾶν,
3450 5731 3545 5790 καὶ
3593 5731 3744 5808 τύχη
