4132 6428
319 385 432 451 381

1322 386 1726 452 LAUDATIO
1769 383 2195 449 MICHAELIS
2237 383 2730 451 PALAZOLOGI.

3616 377 3741 446 382

315 540 400 584 τις
433 515 639 595 ἄλογος
674 515 987 596 ἐπεχόρευε’
1022 513 1200 595 λόγων
1256 516 1312 574 δὲ
1357 520 1640 594 σπέρματα
1684 519 1773 574 καὶ
1823 539 1972 572 σπιν-

2097 520 2449 587 universum,
2482 521 3014 593 dominabaturque
3043 517 3278 577 fortuna
3307 517 3501 576 omnis
3529 532 3738 592 expers

318 614 480 687 θῆρα,
511 610 588 672 ὡς
639 609 830 680 εἰπεῖν,
885 608 1218 682 μαθημάτων
1264 612 1328 678 ἦν
1377 609 1504 685 ὁρᾷν
1557 609 1841 680 σωζόμενα
1889 607 1976 662 ού-

322 698 523 774 δαμοῦ,
553 698 635 754 ὅτι
672 700 748 772 μή
780 699 928 774 παρὰ
976 703 1054 770 τῷ
1101 699 1179 770 σῷ
1229 697 1494 774 λογοθέτῃ
1544 700 1675 770 (42),
1726 697 1787 752 οὗ
1843 695 1978 772 μέγα

322 787 371 845 δ’
430 789 600 844 εἰπεῖν
653 834 668 860 ,
726 788 816 842 καὶ
872 789 989 842 καθ’
1047 790 1194 861 ἡμᾶς
1253 786 1666 862 Ἀριστοτέλει,
1727 783 1833 841 εἷίτε
1887 785 1976 840 καὶ

320 877 620 950 Πλάτωνι,
668 877 704 948 ἢ
767 877 916 940 ὅπως
972 878 1104 932 ποτε
1157 875 1372 939 τούτοις
1430 874 1829 952 παραπλησίως
1884 876 1976 930 τὸν

320 966 488 1044 ἄνδρα
521 966 783 1043 βούλοιτό
831 989 914 1030 τις
959 965 1168 1037 καλεῖν,
1199 967 1258 1038 ἢ,
1311 966 1395 1021 ἷνα
1426 963 1592 1021 διέλω
1637 966 1978 1046 σαφέστερον,

324 1059 385 1114 ’ὸν
417 1056 804 1134 Ἀριστοτέλην
849 1054 1091 1130 νομίζειν
1146 1056 1346 1132 χρεὼν,
1397 1053 1550 1110 οὐδὲν
1595 1053 1801 1109 ἐκείνου
1847 1053 1980 1108 ἀπο-

327 1146 689 1219 λειπόμενον,
735 1144 859 1200 ὅταν
905 1167 956 1200 τι
1007 1143 1100 1219 δέῃ
1142 1151 1243 1214 τῆς
1293 1141 1525 1220 λογικῆς
1578 1142 1887 1217 ἐπιστήμης
1940 1143 1977 1211 ἢ

328 1243 428 1306 τῆς
475 1240 573 1290 τῶν
620 1239 862 1313 φυσικῶν
915 1234 1312 1312 ἀποφήνασθαι,
1363 1231 1631 1288 Πλάτωνα
1690 1229 1747 1287 δὲ
1795 1231 1980 1296 θεολο-

330 1330 522 1401 γοῦντα
574 1324 666 1379 καὶ
741 1323 878 1380 κατᾶ
957 1327 1161 1397 μοῦσαν
1235 1321 1601 1400 φθεγγόμενον
1682 1322 1931 1390 Ἀττικὴν
1965 1365 1978 1390 ,

327 1414 526 1489 παρ’ᾠ
555 1413 730 1486 μόνῳ,
777 1413 870 1468 καὶ
917 1413 1034 1468 κατ’
1081 1410 1241 1466 αὐτὸν
1292 1410 1558 1466 Πλάτωνα
1604 1409 1785 1488 φάναι,
1835 1417 1976 1486 σαφῆ

318 1524 377 1558 τε
432 1503 524 1557 καὶ
566 1499 884 1578 στρογγύλα
932 1500 1023 1555 καὶ
1072 1494 1309 1576 ἀκριϐῶς
1353 1497 1552 1555 ἕκαστα
1595 1503 1704 1554 τῶν
1757 1498 1978 1572 ὀνομά-

319 1612 428 1646 των
460 1591 900 1667 ἀποτετόρνωται
949 1591 1084 1664 (43).
1135 1589 1304 1652 Οὗτος
1354 1590 1444 1644 καὶ
1472 1590 1575 1665 γὰρ
1628 1587 1794 1662 μόνος
1835 1585 1981 1643 ἐλεί-

315 1701 473 1751 πετο,
536 1681 572 1749 ἣ
618 1678 1012 1756 τάληθέστερον
1072 1677 1262 1750 εἷπεῖν,
1319 1677 1631 1752 ἐταμιεύετό
1701 1699 1784 1733 σοι
1849 1677 1984 1751 μετά

317 1774 431 1825 τῶν
488 1766 675 1825 ἄλλων
716 1766 900 1824 καλῶν
951 1768 1010 1823 ἐκ
1057 1771 1211 1839 Θεοῦ,
1261 1764 1490 1843 ἔσχατος
1545 1766 1638 1840 μὲν
1669 1765 1750 1840 τῷ
1792 1765 1981 1843 χρόνῳ

2084 609 2351 682 rationis,
2385 611 2606 683 ubique
2626 610 2973 667 exsulabant
2984 609 3364 666 scientiarum
3388 607 3636 679 semina,
3654 611 3733 676 et,

2086 703 2152 753 ut
2208 699 2290 754 sic
2350 699 2561 769 dicam,
2625 701 2859 757 fomites
2913 698 3382 772 disciplinarum,
3441 712 3735 769 nusquam

2085 792 2254 844 erant
2305 788 2561 861 reliqui,
2620 806 2806 846 unum
2862 789 3222 861 logotbetam
3279 786 3503 860 excipio
3561 785 3739 858 (absit

2085 876 2242 932 dicto
2273 878 2533 950 invidia),
2566 879 2688 936 sive
2719 879 2853 951 quis
2880 877 3249 935 Aristotelem
3272 892 3433 946 eum,
3461 876 3586 932 sive
3615 875 3744 932 Pla-

2088 969 2303 1032 tonem,
2358 967 2479 1024 sive
2527 967 2642 1024 alio
2689 968 2869 1025 simili
2925 966 3218 1040 appellare
3272 965 3412 1022 velit
3457 965 3738 1036 nomine;

2088 1059 2210 1124 aut,
2230 1060 2296 1112 ut
2319 1056 2556 1128 planius
2585 1057 2970 1130 distinguam,
2987 1074 3163 1130 quem
3184 1059 3338 1112 recte
3366 1054 3740 1112 Aristotelem

2087 1145 2405 1212 vocaveris,
2438 1149 2504 1202 ut
2551 1147 2652 1218 qui
2693 1147 2860 1203 nulla
2906 1148 2967 1203 in
3019 1150 3184 1219 parte
3231 1145 3556 1218 quidquam
3604 1145 3742 1200 huic

2090 1237 2397 1302 concessit,
2421 1235 2648 1309 quoties
2680 1236 2740 1292 in
2768 1236 2958 1309 logica
2977 1235 3288 1309 physicave
3309 1234 3532 1307 aliquid
3563 1251 3746 1306 expo-

2091 1324 2349 1380 nendum
2398 1328 2580 1395 esset}
2608 1325 2896 1395 scientia;
2954 1325 3258 1382 Platonem
3314 1340 3474 1395 vero,
3514 1323 3744 1396 quoties

2088 1412 2427 1486 theologum
2453 1420 2651 1487 ageret
2679 1415 2998 1488 Atticaaque
3024 1414 3371 1486 elegantiam
3394 1413 3746 1486 exprimeret

2089 1519 2275 1559 musae
2307 1519 2321 1560 :
2355 1505 2511 1575 apud
2533 1520 2709 1576 quem
2740 1508 3030 1574 unum,ut
3059 1521 3193 1560 cum
3224 1504 3354 1577 ipso
3381 1503 3591 1576 loquar
3610 1501 3742 1560 Pla-

2089 1596 2248 1660 tone,
2278 1593 2456 1650 verba
2484 1594 2718 1666 singula
2749 1598 2807 1650 et
2849 1595 3162 1667 perspicua
3190 1596 3248 1649 et
3277 1591 3549 1664 rotunda,
3581 1595 3640 1649 et
3667 1592 3739 1647 ad

2091 1682 2380 1738 amussim
2420 1684 2740 1754 quamdam
2786 1683 2956 1755 quasi
2986 1684 3140 1740 facta
3170 1685 3330 1738 sunt.
3378 1680 3552 1738 Solus
3582 1681 3745 1738 enim

2090 1769 2188 1824 hic
2240 1775 2369 1826 tum
2428 1771 2766 1844 superabat,
2799 1776 2920 1840 aut,
2953 1775 3020 1828 ut
3076 1771 3287 1844 loquar
3340 1769 3558 1842 verius,
3609 1786 3748 1827 cum

320 1860 444 1933 μεθ’
482 1857 600 1913 ὅσοι
649 1859 808 1936 σοφοὶ
856 1857 1132 1931 πεφηνὼς,
1177 1861 1295 1920 τοῖς
1336 1857 1578 1932 πρώτοις
1627 1853 1686 1912 δὲ
1735 1855 1976 1911 συνεισά-

415 1949 439 1960 ..
555 1945 603 1960 κ,
943 1943 1023 1960 εκ,
1247 1944 1268 1960 τ
1345 1942 1372 1960 ,κ
1645 1946 1670 1960 ..
1859 1941 1912 1960 τα

2097 1858 2261 1915 bonis
2311 1859 2442 1916 aliis
2491 1861 2600 1916 tibi
2660 1878 2695 1917 a
2747 1865 2859 1918 Deo
2909 1858 3080 1932 quasi
3138 1859 3518 1933 promicondo
3568 1860 3746 1916 datus

313 1949 501 2024 γεσθαι
551 1945 785 2016 δίκαιος,
834 1943 1167 2008 παιδεύσεως
1220 1944 1295 2007 εἷς
1339 1942 1412 2000 ὣν
1464 1948 1583 2019 (4i)
1635 1946 1774 2000 ἅπαν
1833 1941 1978 2006 εἶδος

315 2037 703 2113 συναγηοχὼς,
736 2036 826 2090 καὶ
857 2033 948 2090 διὰ
976 2035 1193 2090 πάντων
1228 2031 1560 2109 εὐδοκιμῶν,
1593 2036 1667 2097 ὡς
1700 2033 1751 2090 ἐν
1798 2031 1980 2089 οὐδενὶ

315 2127 459 2202 πρὸς
495 2123 689 2181 οὐδένα
717 2122 1108 2201 καταδέχεσθαι
1141 2123 1443 2200 σύγκρισιν.

2091 1953 2258 2006 erat:
2307 1953 2573 2022 tempore
2619 1950 2879 2022 quidem,
2924 1950 3193 2006 omnium
3243 1951 3534 2022 quotquot
3582 1949 3746 2005 fuere

2091 2037 2408 2109 sapientes,
2459 2038 2753 2109 ultimus;
2812 2039 3080 2110 quicum
3126 2038 3336 2111 primis
3385 2042 3584 2094 tamen
3605 2039 3743 2110 jure

2093 2127 2305 2184 merito
2335 2131 2556 2184 certare
2585 2128 2794 2201 possit.
2825 2128 3050 2201 Quippe
3078 2128 3180 2200 qui
3209 2144 3346 2184 cum
3375 2143 3533 2184 unus
3558 2129 3740 2197 esset,

313 2216 770 2290 disciplinarum
800 2217 1018 2290 pariter
1048 2216 1435 2286 conjunxerat
1462 2230 1674 2287 genus,
1715 2218 1774 2272 et
1831 2215 1893 2270 in
1941 2215 2218 2272 omnibus
2273 2216 2511 2274 tenebat
2555 2217 2880 2290 primas,ut
2907 2217 2969 2275 in
3000 2217 3162 2274 nullo
3193 2233 3327 2274 cum
3345 2216 3459 2273 alio
3489 2215 3743 2273 conferri

311 2307 528 2380 possit.

389 2396 482 2458 Ὠς
512 2392 603 2450 οὗν
640 2394 693 2449 ἐν
727 2392 870 2449 οὕτω
902 2397 1070 2466 στενῷ
1118 2390 1326 2466 κομιδῆ
1379 2391 1447 2447 τὰ
1474 2395 1581 2448 τῶν
1629 2389 1814 2466 λόγων
1847 2393 1981 2469 φθά-

316 2504 486 2540 σαντα
521 2482 748 2556 ἒθεάσω,
791 2483 881 2538 καὶ
931 2481 1015 2538 ὅτι
1059 2481 1122 2538 τό
1180 2480 1478 2538 κάλλιπον
1527 2482 1642 2556 ἅμα
1689 2482 1778 2537 καὶ
1829 2479 1986 2536 ἰδιαί-

316 2594 481 2629 τατον
525 2573 826 2648 ἀνθρώπων
876 2579 1075 2649 χρῆμα
1123 2569 1364 2647 οἴχεται,
1421 2574 1620 2646 μικροῦ
1671 2568 1800 2639 δεῖν,
1848 2572 1986 2627 κατά

316 2663 422 2731 τὴν
485 2659 740 2717 Ἡσιόδου
786 2661 951 2730 Δίκην
1008 2661 1144 2736 (45),
1203 2661 1264 2715 ἐκ
1317 2667 1422 2736 γῆς
1478 2659 1885 2733 ἀποπτάμενον,
1937 2659 1984 2715 εἰ

326 2753 407 2826 μὴ
465 2752 530 2806 σὺ
589 2751 864 2825 ὑπέρσγῃς
912 2751 1012 2819 τήν
1075 2749 1248 2820 δεξιάν
1279 2766 1291 2781 ·
1353 2749 1428 2810 ὡς
1488 2747 1578 2804 οὖν
1636 2748 1778 2804 οὕτω
1837 2749 1984 2804 ταῦτ’

321 2840 524 2918 ἔχοντα
551 2842 641 2912 ἦν,
695 2839 759 2894 σὺ
811 2837 868 2894 δὲ
915 2836 1072 2911 εἶδες,
1125 2838 1226 2894 οὐκ
1267 2836 1498 2914 ἤνεγκας
1529 2839 1559 2893 ὁ
1607 2838 1791 2901 κοινὸς
1841 2837 1986 2915 εὐερ-

318 2930 488 3006 γέτης
536 2929 600 2984 τὸ
653 2929 849 2999 πάθος,
906 2925 1021 2983 οὐδ’
1059 2923 1326 2984 ἀνεϐάλου
1371 2927 1508 3002 πρὸς
1552 2929 1652 2996 τήν
1705 2929 1985 3003 βοήθειαν,

319 3016 437 3075 οὐδ’
468 3017 783 3093 ἐμέλλησας
810 3017 949 3095 πρὸς
997 3018 1098 3086 τὴν
1141 3015 1357 3091 χρείαν,
1407 3014 1556 3072 ἀλλά
1605 3015 1798 3086 ζηλοῖς
1850 3017 1984 3093 ὑπὲρ

318 3114 430 3166 τῶν
484 3107 690 3185 λόγων,
740 3105 1040 3179 ἀνίστασαι,
1087 3105 1232 3170 θείας
1279 3104 1539 3176 κινούσης
1586 3104 1782 3181 ῥοπῆς,
1831 3104 1983 3170 ἀνθί-

318 3218 513 3253 σταται
582 3197 722 3252 κατᾶ
783 3198 884 3265 τῆς
962 3193 1168 3272 ἀλόγου
1243 3193 1423 3269 τύχης
1477 3242 1492 3267 ,
1551 3193 1985 3271 ἀντιπαρατάττῃ

841 3253 882 3265 ,ν
1083 3253 1094 3272 ,
1315 3253 1419 3269 η..-
1479 3253 1492 3267 ,
1753 3253 1762 3271 ,
1961 3253 1985 3270 ,.

317 3288 460 3365 πρὸς
490 3288 591 3356 τήν
642 3283 868 3341 ἄτακτον
902 3283 1112 3356 ἐκείνην
1164 3285 1359 3362 φορὰν,
1408 3281 1651 3353 σπουδὴν
1699 3279 1844 3359 ἔχων
1892 3284 1982 3340 καὶ
2016 3253 2058 3321 C

318 3379 494 3434 ταῦτα
546 3370 875 3430 καταϐαλεῖν
904 3421 922 3447 ,
983 3373 1166 3450 ὥσπερ
1241 3373 1456 3449 ἐχθρῶν
1515 3370 1780 3447 μυριάδας
1823 3419 1837 3445 ,
1895 3372 1987 3428 καὶ

317 3467 423 3535 τῆς
483 3462 706 3538 ὑψηλῆς
767 3461 1093 3542 φιλοσοφίας
1147 3461 1410 3539 ἐχέγγυος
1484 3462 1798 3518 καθίστασαι
1851 3463 1988 3537 πρό-

328 3574 516 3630 μαχος
549 3594 563 3609 .
617 3554 786 3609 Ἔνθα
839 3551 930 3608 καὶ
982 3552 1075 3608 τὸν
1135 3550 1226 3606 σὰν
1291 3553 1498 3629 Ἐρμῆν
1557 3551 1696 3614 τέως
1754 3555 1990 3628 σιγῶντα

326 3641 615 3718 διεγείρεις
658 3643 898 3718 χρῆσθαι
944 3645 1014 3715 τῇ
1061 3640 1304 3718 γλώττῃ,
1354 3641 1415 3713 ἢ,
1445 3647 1563 3705 καθ’
1611 3643 1760 3714 ἡμᾶς
1793 3641 1986 3710 εἰπεῖν,

321 3734 531 3801 Μωσῆς
588 3727 763 3795 ἄλλος
809 3730 1012 3808 φανεὶς,
1062 3731 1138 3792 ὡς
1189 3729 1251 3785 ἐκ
1294 3730 1517 3805 πέτρας,
1565 3734 1665 3785 τοῦ
1721 3734 1989 3806 σιγῶντος

320 3820 523 3899 σοφίας
571 3821 739 3882 κινεῖς
781 3819 1088 3894 ποταμοὺς,
1137 3819 1227 3874 καὶ
1285 3818 1456 3892 μάννα
1499 3819 1552 3889 ἐξ
1602 3817 1823 3892 ὑψηλης
1869 3840 1988 3897 φρε-

316 3912 418 3974 νὸς
479 3909 726 3982 ὑετίζεις,
775 3909 865 3964 καὶ
923 3910 1104 3984 ψυχὰς
1163 3907 1445 3981 ἐμπιπλᾷς
1498 3907 1734 3983 ἀγαθῶν,
1792 3910 1990 3964 πεινώ-

317 4022 420 4063 σας
453 3999 629 4055 πολὺν
669 3996 781 4070 ἤδη
834 3997 1036 4076 χρόνον
1084 3997 1146 4053 οὐ
1197 3997 1363 4071 λιμὸν
1409 3995 1598 4072 ἄρτου,
1656 3995 1782 4052 οὐδὲ
1831 3995 1986 4071 δίψος

316 4089 546 4157 ὕδατος,
593 4093 702 4143 τῶν
753 4087 967 4144 εύώνων
1022 4089 1113 4143 καὶ
1172 4085 1503 4162 εὐπορίστων
1555 4086 1648 4142 καὶ
1696 4086 1876 4161 χαμαὶ
1906 4087 1988 4160 ἐρ-

314 4177 582 4256 χομένων
640 4177 732 4232 καὶ
787 4197 1004 4255 τροφων
1059 4176 1151 4231 καὶ
1203 4179 1410 4248 ποτῶν,
1467 4173 1615 4230 ἀλλά
1665 4175 1856 4252 σοφίας
1899 4176 1990 4246 ξη-

317 4266 646 4344 ραινομένας
700 4265 905 4344 αὐχμῷ
961 4265 1050 4321 καὶ
1111 4263 1253 4340 δίψει
1297 4262 1652 4334 παιδεύσεως,
1691 4265 1728 4333 ἢ
1767 4265 1857 4320 καὶ
1890 4264 1986 4320 λό-

313 4379 416 4434 γον
449 4357 614 4426 σώζει
644 4355 783 4431 πρὸς
812 4356 911 4425 τὴν
945 4355 1131 4430 ψυχὴν
1165 4353 1326 4429 ὅνπερ
1357 4354 1495 4429 πρὸς
1518 4353 1582 4407 τὸ
1627 4357 1788 4427 σῶμα
1808 4356 1985 4429 ψυχή.

315 4445 409 4516 Ἐξ
463 4445 537 4499 ὧν
580 4443 636 4499 τί
681 4443 880 4520 γίνεται
930 4469 945 4514 ;
997 4442 1326 4516 Πλατυσμὸς
1373 4441 1705 4515 ἐπιστήμης,
1758 4437 1987 4496 ἀναϐίω-

313 4557 429 4604 σις,
459 4533 536 4596 ὡς
569 4533 762 4605 εἰπεῖν,
798 4530 999 4607 λόγων,
1032 4529 1370 4602 ἀναοήλησίς
1418 4553 1478 4586 τε
1515 4534 1691 4606 χοροῦ
1723 4529 1983 4608 λογικῶν,

2164 2395 2309 2452 Cum
2358 2395 2539 2470 igitur
2577 2396 2778 2454 vidisti
2807 2397 2892 2454 ita
2934 2397 2997 2454 in
3049 2401 3208 2456 arcto
3256 2397 3481 2454 litteras
3527 2410 3658 2453 esse
3688 2398 3748 2453 et

2094 2484 2562 2558 pulcherrimum
2596 2486 2776 2542 simul
2807 2504 2875 2544 ac
2899 2487 3460 2560 {singularissimum
3490 2484 3750 2542 hominis

2094 2575 2274 2631 decus
2301 2575 2574 2648 migrare,
2600 2579 2660 2631 et
2686 2593 2898 2649 parum
2927 2576 3114 2644 abest,
3137 2581 3206 2633 ut
3233 2575 3467 2632 Hesiodi
3487 2574 3748 2645 Justitia,

2095 2680 2129 2718 a
2156 2667 2315 2719 terra
2343 2663 2590 2732 evolare,
2621 2663 2737 2720 nisi
2766 2668 2832 2720 tu
2863 2665 3128 2721 dextram
3158 2663 3453 2738 porrigas;
3473 2679 3608 2720 cum
3637 2661 3750 2736 igi-

2093 2754 2192 2807 tur
2213 2751 2294 2808 ita
2315 2768 2379 2808 se
2400 2769 2493 2808 res
2513 2752 2732 2809 habere
2762 2752 3139 2826 conspexisti,
3163 2770 3280 2810 non
3310 2751 3498 2809 tulisti
3520 2751 3746 2808 malum

2095 2841 2197 2913 qui
2227 2841 2288 2897 in
2319 2857 2526 2898 omnes
2555 2842 2857 2900 beneﬁcus
2879 2859 3034 2911 eras,
3055 2847 3114 2900 et
3141 2859 3313 2916 Opem
3335 2843 3485 2899 ferre
3514 2857 3633 2898 non
3663 2841 3751 2897 di-

2096 2930 2336 2997 stulisti,
2368 2946 2474 2987 nec
2504 2936 2770 2988 moratus
2819 2947 2884 2988 es
2910 2931 3245 2988 necessitati
3283 2929 3608 3000 consulere,
3639 2931 3744 2987 sed

2096 3020 2266 3076 ardes
2313 3019 2642 3076 litterarum
2705 3021 2926 3093 studio,
2979 3025 3040 3078 te
3084 3020 3424 3094 impellente
3483 3019 3588 3076 Dei
3638 3036 3750 3075 nu-

2094 3109 2277 3179 mine,
2307 3126 2613 3183 oppugnas
2643 3109 3020 3182 insipientem
3061 3111 3382 3176 fortunam,
3412 3107 3752 3166 colluctaris

2097 3198 2562 3266 adversusjllam
2587 3199 3041 3272 propensionem
3070 3199 3486 3271 inordinatam,
3509 3201 3750 3255 conten-

2097 3287 2243 3344 dens
2271 3287 2394 3344 haec
2438 3305 2674 3361 quoque
2705 3296 2958 3346 evertere
3004 3292 3072 3345 ut
3113 3288 3492 3345 inimicorum
3539 3286 3749 3359 millia,

2096 3379 2155 3432 et
2209 3376 2337 3433 altas
2395 3378 2692 3451 sapientiae
2750 3381 2960 3435 cautus
3013 3378 3266 3446 {exsistis
3321 3379 3747 3450 propugnator.

2097 3466 2262 3522 Tunc
2321 3470 2489 3522 tuum
2548 3467 2908 3523 Mercurium
2964 3467 3252 3524 hactenus
3309 3466 3580 3524 silentem
3629 3464 3752 3521 lin-

2096 3570 2216 3626 gua
2266 3554 2353 3611 uti
2409 3555 2644 3625 incitas,
2704 3559 2828 3624 aut,
2883 3560 2951 3612 ut
2998 3573 3108 3613 nos
3161 3556 3454 3625 dicimus,
3514 3555 3748 3628 Moyses

2097 3644 2245 3700 alter
2298 3643 2560 3717 evasisti,
2605 3645 2777 3717 quasi
2832 3661 2903 3702 ex
2956 3660 3123 3718 rupe,
3160 3645 3390 3702 silentis
3447 3643 3751 3717 sapientiai

2097 3732 2336 3790 eliciens
2375 3734 2624 3790 ﬂumina
2651 3737 2709 3790 et
2737 3751 2958 3792 manna
2985 3751 3055 3791 ex
3106 3734 3262 3792 celsa
3290 3737 3486 3792 mente
3514 3733 3749 3808 pluens,

2095 3821 2269 3878 bonis
2317 3825 2594 3880 saturans
2639 3823 2870 3880 animas
2917 3823 3248 3880 esurientes
3299 3822 3515 3880 abhinc
3561 3823 3751 3880 multo

2095 3913 2381 3982 tempore,
2419 3929 2539 3968 non
2585 3912 2824 3984 quidem
2873 3913 3029 3969 fame
3081 3913 3271 3986 panis,
3303 3929 3410 3968 nec
3438 3912 3538 3969 siti
3584 3929 3750 3985 aqua!

2097 4003 2155 4054 et
2203 3999 2363 4056 velut
2417 4001 2824 4058 communium
2873 4005 2934 4058 et
2977 4001 3146 4057 humi
3189 4002 3522 4073 jacentium
3571 4019 3749 4059 escu-

2095 4086 2390 4145 lentorum
2440 4094 2498 4146 et
2542 4089 3004 4162 potulentorum,
3033 4091 3137 4147 sed
3180 4095 3510 4147 arescentes
3557 4090 3654 4147 siti
3691 4094 3752 4146 et

2096 4179 2251 4234 fame
2301 4179 2600 4252 doctrina},
2659 4196 2788 4252 quae
2844 4179 3048 4236 eadem
3093 4179 3380 4237 rationem
3436 4180 3617 4236 habet
3669 4181 3745 4235 ad

2097 4268 2358 4324 animam
2389 4285 2567 4340 quam
2597 4269 2670 4324 ad
2717 4285 2931 4340 corpus
2979 4268 3198 4325 anima.
3231 4269 3309 4324 Ex
3337 4267 3432 4324 his
3460 4267 3603 4340 quid
3634 4269 3749 4324 fit?

2095 4357 2379 4414 Scientias
2424 4358 2756 4431 propagari,
2789 4357 3065 4415 suscitari
3110 4363 3178 4414 ut
3224 4358 3307 4414 ita
3355 4358 3548 4414 dicam
3591 4357 3750 4414 litte-

2098 4463 2217 4515 ras,
2277 4446 2492 4502 iterum
2550 4445 2951 4519 eloquentiam
3002 4446 3222 4520 vigere,
3253 4446 3470 4502 iterum
3530 4463 3748 4502 unum-

2095 4551 2388 4609 quemque
2437 4536 2780 4593 incumbere
2810 4535 3162 4608 disciplinis,
3190 4551 3443 4608 quarum
3491 4551 3600 4593 nec
3645 4552 3750 4592 no-

316 4622 602 4697 ἆνάληψις
659 4619 1020 4695 μαθημάτων,
1049 4621 1124 4676 ὧν
1165 4617 1291 4676 οὐδὲ
1331 4619 1399 4674 τὰ
1450 4619 1692 4693 ὀνόματα
1736 4621 1982 4696 γνώριμα

2099 4625 2263 4682 mina
2285 4628 2459 4682 antea
2489 4625 2684 4682 decori
2725 4625 2994 4695 fuerant;
3025 4629 3104 4697 et,
3135 4628 3204 4682 ut
3250 4623 3504 4682 breviter
3531 4625 3748 4695 dicam,

313 4712 388 4769 τὸ
435 4711 548 4788 πρὸ
583 4714 708 4774 τοῦ·
765 4708 940 4772 οὕτως
988 4706 1098 4765 ἔδει
1145 4707 1365 4764 πολλοῦ
1409 4712 1508 4765 τοῦ
1554 4712 1723 4763 ταῦτα
1763 4707 1985 4764 ἐπίστα-

314 4814 468 4866 σθαιο
504 4799 618 4872 καὶ,
670 4796 947 4854 συνελόντι
993 4799 1174 4876 φάναι,
1225 4803 1328 4861 πᾶς
1373 4818 1455 4859 τις
1499 4795 1677 4873 λόγων
1727 4796 1982 4872 ἐγκύμων

311 4889 412 4947 καὶ
462 4886 801 4963 μαθημάτων
852 4886 1158 4950 ἀνάπλεως.
1210 4886 1311 4942 Καὶ
1363 4887 1524 4942 τοῦτό
1574 4908 1680 4960 σοι,
1735 4885 1983 4962 βασιλεῦ,

309 4982 380 5037 τὸ
440 4977 598 5056 ἔργον
631 5021 649 5049 ,
696 4977 797 5034 οὐκ
837 4973 1084 5051 ἔλαττον,
1132 4977 1257 5052 ἐμοὶ
1307 4974 1505 5051 δοκεῖν,
1552 4981 1661 5031 τῶν
1725 4973 1981 5052 μεγάλων

356 5169 509 5298 ,(⁵42)
567 5166 817 5251 Georgio
871 5166 1226 5239 Acropolita,
1259 5168 1358 5250 "de
1404 5182 1523 5239 quo
1575 5168 1790 5248 praeter
1837 5165 1984 5223 alios

356 5261 370 5297 ι
424 5285 436 5297 .
464 5240 717 5296 Allatius
749 5240 929 5295 Diatr.
963 5239 1035 5294 de
1064 5239 1348 5298 Georszus.
1383 5239 1448 5293 In
1474 5242 1826 5294 testimoniis
1848 5241 1984 5294 ante

311 5239 436 5298 vid.
464 5239 937 5310 AllatiusDiatr.
963 5239 1035 5294 de
1064 5239 1348 5310 Georgiis.
1383 5239 1448 5310 In
1474 5239 1826 5294 testimoniis
1848 5241 1985 5294 ante

313 5315 646 5393 pusianam
675 5309 1019 5393 Acrqpolitze
1054 5309 1332 5393 ‘Histcirias
1363 5309 1684 5393 editionem
1714 5311 1984 5393 apppsita

310 5387 562 5442 fuerunt
592 5377 856 5456 Gregorii
886 5397 1024 5438 eum
1053 5381 1367 5456 laudantis
1397 5383 1594 5448 verba,
1628 5382 1700 5437 ab
1730 5377 1980 5456 κίνδυνος

311 5458 440 5532 εἶχε
470 5457 544 5512 ad
573 5452 880 5528 σύγκρισιν,
912 5470 1165 5525 quorum
1216 5453 1535 5508 maximam
1568 5457 1794 5524 partem
1824 5452 1978 5508 Alla-

309 5532 438 5586 tius
479 5528 522 5582 1.
556 5543 606 5582 c.
641 5543 698 5590 p.
749 5526 855 5580 354
910 5524 1166 5590 repetiit.
1198 5524 1308 5590 Qui
1355 5524 1583 5590 putavit
1633 5525 1978 5590 Gregorium

309 5540 438 5586 tius
481 5540 522 5582 l.
556 5543 606 5582 c.
639 5543 698 5598 p.
749 5540 855 5580 504
910 5540 1166 5596 repetiit.
1198 5540 1308 5590 ραι
1355 5540 1583 5596 putavn
1633 5540 1981 5595 uregorium

309 5601 614 5672 integram
642 5598 715 5653 de
762 5595 1058 5672 laudibus
1086 5595 1430 5672 Acropolitec
1478 5596 1803 5672 orationem
1837 5596 1980 5672 scri-

312 5667 534 5745 psisse,
546 5674 611 5745 et
631 5673 826 5745 totam
852 5685 891 5745 _a
921 5667 1095 5745 l)_usis
1124 5667 1300 5745 etiam
1332 5683 1450 5723 non
1481 5667 1663 5723 fuisse
1697 5669 1981 5745 quereba-

311 5738 438 5816 tur,
468 5741 724 5802 Allatius
752 5739 1067 5814 insigniter
1093 5739 1326 5811 erravit,
1358 5756 1535 5812 quem
1563 5738 1824 5811 corrigas
1853 5738 1895 5796 l.
1926 5756 1978 5796 ο.

2095 4731 2390 4788 quemque
2413 4714 2628 4771 litteris
2658 4713 2897 4787 plenum
2918 4731 3049 4772 esse
3077 4719 3137 4772 et
3155 4713 3418 4772 scientiis
3438 4713 3747 4788 refectum,

2095 4805 2166 4860 Et
2195 4803 2364 4872 illud,
2397 4819 2515 4872 rex,
2541 4821 2658 4860 non
2678 4804 2880 4860 minus
2902 4808 2993 4861 est
3019 4821 3188 4876 opus,
3210 4807 3278 4860 ut
3305 4804 3532 4877 opinor,
3565 4820 3746 4876 quam

2095 4895 2210 4950 ista
2240 4893 2523 4961 facinora,
2555 4910 2659 4966 per
2687 4909 2820 4964 quae
2849 4893 3104 4951 domasti
3151 4893 3469 4966 principes,
3498 4897 3557 4949 et
3583 4897 3749 4950 terrea

2095 4987 2319 5039 metum
2349 4987 2408 5039 et
2437 4999 2713 5055 pavorem
2760 4982 3064 5042 incussisti
3093 5001 3107 5053 ;
3140 4984 3359 5058 quippe
3391 4983 3551 5041 enim
3582 4999 3750 5040 amo-

2092 5178 2492 5308 P.(Z§j_.Plato,
2525 5233 2697 5308 cujus
2733 5233 2918 5308 _verba
2939 5302 2949 5308 _
2971 5231 3251 5290 describit
3277 5235 3613 5308 Gregorius,
3644 5233 3750 5292 ha-

2093 5301 2210 5369 bet,
2244 5301 2567 5377 Phaedrae.
2596 5301 2691 5377 23,
2722 5301 3189 5377 ἀποτετόρνευται.

2163 5376 2274 5457 (44)
2306 5375 2548 5457 Niceph.
2598 5376 2887 5457 Gregoras
2913 5375 3051 5457 χρ,
3083 5376 3170 5457 in_
3195 5377 3533 5434 laudatione
3562 5377 3746 5435 Meto-

2093 5443 2265 5522 chitté
2298 5443 2653 5522 :_lIa'v_‘ca-v&p
2678 5443 2755 5508 εἷς
2787 5446 2924 5522 ὀινῄρρ
2952 5443 3107 5522 οὗτος
3136 5448 3227 5522 ᾖν.

2189 5520 2273 5591 45)
2321 5517 2822 5590 Ηεερὶοἰί,“ριιῐο,
2854 5517 3088 5575 Hesiodi
3144 5521 3339 5576 locum
3393 5521 3464 5577 de
3521 5521 3748 5577 Pudore

2091 5595 2148 5646 et
2174 5590 2432 5656 Nemesi,
2462 5606 2569 5662 seu
2604 5591 2799 5661 potius
2849 5591 3010 5646 Arati
3062 5593 3133 5647 de
3159 5593 3424 5662 Justitia,
3455 5596 3513 5649 et
3542 5593 3747 5662 lapsus

2090 5667 2197 5791 (1332
2205 5663 2265 5718 in
2314 5661 2551 5719 nomine
2600 5667 2782 5735 poetas.
2829 5663 3185 5720 scribendo:
3229 5665 3304 5721 cf.
3354 5661 3516 5722 Arati
3545 5661 3746 5726 Phaen.
