4132 6432
337 355 456 426 383

1368 363 1688 431 GEORGII
1729 360 1993 430 CYPRII
2034 361 2156 428 GP.
2198 360 2730 430 PATRIARCHE

3642 361 3763 428 εει

335 513 471 557 vere
498 495 726 557 cladem
766 515 893 573 quae
942 497 1202 559 animam
1250 499 1582 575 impugnat,
1612 505 1670 559 et
1712 501 1864 558 inter
1895 515 1983 558 res

2103 495 2342 572 ἐκείνων,
2375 495 2443 554 δι’
2473 499 2546 554 ὧν
2586 496 2778 562 πόλεις
2831 495 2921 554 καὶ
2971 491 3242 575 ἄρχοντας
3291 492 3454 554 ἐθνῶν
3499 491 3627 562 τοὺς
3659 496 3757 574 μὲν

337 589 585 647 rationis
627 595 912 664 expertes,
962 608 1092 648 eam
1139 591 1384 649 rationis
1432 592 1777 665 participem
1837 590 1989 648 redi-

337 695 474 753 gere
521 679 842 747 contendit,
893 697 1072 752 quam
1122 682 1320 738 hostes
1375 682 1530 738 foras
1577 682 1988 754 perturbantes

337 772 708 841 prosternere
740 768 901 826 nullo
932 771 1104 826 modo
1157 770 1347 843 magis
1377 771 1727 827 dedecorum
1759 775 1865 827 est.
1897 769 1991 826 Sic

342 874 448 930 per
503 861 560 913 te
605 858 895 915 bonorum
943 860 1163 915 ﬂumen
1222 860 1374 916 inter
1429 876 1537 915 nos
1595 858 1878 926 deﬂuxit,
1937 861 1995 914 et

335 947 538 1004 omnia
583 947 873 1004 salutaria
918 948 1306 1021 contigerunt,
1362 953 1419 1005 et
1465 950 1774 1005 manifeste
1823 953 1988 1005 tuam

329 1038 627 1095 fortunam
703 1042 904 1094 nostra
1003 1039 1320 1096 subsecuta
1411 1042 1502 1094 est
1603 1037 1984 1111 prosperitas.

329 1127 720 1195 Quamobrem
750 1127 1085 1200 inspicienti
1139 1129 1354 1201 cuique
1394 1145 1529 1184 cum
1563 1129 1781 1200 quibus
1813 1144 1987 1200 opor-

325 1221 450 1273 teat
478 1220 582 1272 tua
611 1217 895 1288 conferre,
924 1217 1126 1290 inopia
1148 1216 1326 1274 simul
1347 1233 1412 1274 ac
1442 1215 1760 1273 difﬁcultas
1791 1233 1992 1272 occur-

325 1309 484 1362 runt.
542 1305 659 1362 Nec
732 1306 889 1362 enim
951 1307 1269 1378 quisquam
1328 1323 1398 1362 ex
1453 1305 1714 1379 antiquis
1775 1304 1980 1360 animo

329 1395 677 1451 observatur
723 1411 898 1467 quem
947 1412 1183 1467 aequum
1233 1395 1309 1451 sit
1357 1399 1554 1452 tecum
1601 1394 1884 1462 conferre,
1931 1396 1990 1449 et

326 1484 538 1556 siquis
566 1501 694 1540 esse
751 1485 976 1552 offerat,
1003 1501 1203 1539 vereor
1253 1501 1325 1540 ne
1375 1484 1616 1540 omnino
1679 1483 1985 1540 dissonam

325 1573 821 1646 comparationem
853 1573 1084 1645 faciam,
1119 1591 1233 1630 non
1267 1591 1400 1630 cum
1438 1575 1681 1645 majore,
1709 1590 1813 1630 nec
1849 1589 1984 1628 cum

325 1662 558 1735 aequali,
590 1667 656 1719 ut
712 1681 817 1736 par
865 1666 974 1732 est,
1023 1679 1151 1720 eam
1202 1663 1468 1719 faciendo
1517 1681 1528 1719 :
1582 1664 1729 1719 Nam
1779 1677 1984 1718 omnes

321 1752 488 1809 video
538 1751 644 1808 tibi
693 1752 932 1809 dotibus
983 1769 1113 1809 esse
1162 1753 1440 1819 minores,
1474 1756 1540 1808 ut
1585 1752 1790 1808 omnia
1828 1754 1986 1808 astra

322 1840 452 1913 soli,
485 1845 543 1898 et
572 1840 718 1896 illud
751 1844 1038 1913 tanquam
1091 1841 1373 1898 honorem
1419 1842 1656 1909 ducere,
1689 1841 1844 1912 quod
1877 1839 1982 1897 ali-

321 1930 456 2002 quis
512 1929 742 2004 primus
789 1933 922 2004 post
977 1934 1034 1986 te
1082 1935 1411 1988 censeatur.
1474 1935 1623 2004 Ergo
1674 1934 1732 1986 et
1780 1933 1977 2003 Cyros,

321 2020 548 2088 Darios,
598 2018 959 2077 Alexandros
1004 2024 1063 2076 et
1108 2023 1426 2093 Augustos,
1462 2024 1518 2076 et
1566 2019 1668 2092 qui
1709 2017 1979 2076 Barbaris

322 2113 500 2181 atque
517 2109 798 2166 Romanis
819 2109 1186 2182 imperarunt
1214 2114 1273 2166 et
1293 2111 1366 2166 ad
1394 2109 1711 2165 maximam
1730 2107 1978 2181 gloriam

321 2199 576 2272 provecti
609 2202 769 2264 sunt,
824 2198 977 2270 illos,
1010 2199 1349 2272 quicunque
1393 2202 1555 2265 sunt,
1587 2202 1716 2254 tum
1762 2196 1821 2252 in
1855 2213 1977 2252 me-

321 2287 488 2344 dium
518 2289 723 2344 afferre
750 2287 1024 2359 iniquum
1073 2289 1346 2344 arbitror.
1378 2287 1686 2355 Quodnam
1724 2291 1873 2342 'cum
1900 2290 1978 2342 te-

320 2377 520 2434 nebris
551 2376 695 2434 solis
725 2378 1110 2448 consortium,
1143 2378 1263 2434 sive
1303 2395 1438 2434 cum
1469 2377 1703 2434 fortuna
1733 2374 1976 2432 rationis

317 2470 376 2524 et
405 2466 731 2540 prudentia:
762 2467 883 2524 sive
913 2483 1048 2524 cum
1098 2467 1324 2524 somnis
1373 2466 1635 2524 veritatis
1659 2466 1688 2522 ‘I
1715 2469 1817 2522 aut
1845 2481 1973 2537 quas

314 2555 503 2613 virtus
532 2555 592 2611 in
624 2572 758 2630 rege
783 2555 1105 2630 effulgeret,
1140 2557 1254 2613 nisi
1300 2574 1334 2614 a
1364 2557 1482 2614 Deo
1511 2555 1843 2629 dirigatur?
1873 2557 1976 2610 aut

318 2663 446 2719 quae
474 2644 662 2718 gloria
690 2645 742 2702 si
772 2647 928 2703 absit
957 2647 1246 2703 Creatoris
1271 2646 1527 2720 cognitio
1548 2646 1576 2701 ‘I
1609 2645 1745 2701 Illos
1775 2647 1973 2700 autem

320 2735 422 2809 qui
440 2735 767 2792 secundum
783 2735 887 2792 Dei
909 2739 1263 2809 praeceptum
1277 2741 1668 2810 regnaverunt
1687 2734 1738 2790 si
1758 2733 1891 2807 quis
1911 2733 1972 2788 in

323 2825 587 2882 medium
636 2825 909 2894 adducat,
952 2825 1115 2883 solus
1163 2826 1340 2883 etiam
1389 2824 1558 2882 exiis
1609 2826 1764 2881 bona
1812 2839 1970 2895 quaa-

323 2930 556 2987 cunque
585 2915 658 2971 ad
687 2914 964 2972 virtutem
989 2919 1048 2972 et
1075 2915 1264 2972 Deum
1307 2915 1601 2988 pertinent
1630 2912 1973 2986 complexus

319 3019 384 3060 es
417 3020 430 3059 :
465 3004 516 3061 si
544 3020 680 3061 vero
721 3004 1005 3078 aspiciam
1035 3005 1235 3062 omnia
1270 3004 1332 3060 in
1386 3004 1603 3078 quibus
1649 3003 1974 3061 titubavere

317 3097 396 3160 et,
437 3093 676 3165 justitia
739 3095 1099 3166 deerrantes,
1147 3095 1394 3152 virtutes
1459 3111 1600 3151 suas
1647 3092 1976 3150 maculave-

319 3187 482 3252 runt,
511 3186 745 3240 tantum
785 3183 858 3240 ab
904 3182 1023 3241 illis
1053 3183 1238 3241 distas
1268 3185 1584 3257 (quomodo
1631 3183 1689 3238 id
1721 3186 1854 3256 apte
1885 3182 1973 3238 di-

318 3271 504 3330 xerim
527 3272 577 3342 ‘2)
609 3275 900 3344 quantum
929 3272 1084 3329 inter
1122 3255 1340 3330 terram
1383 3277 1441 3330 et
1466 3273 1670 3329 lunam
1702 3255 1975 3328 interval-
2006 3255 2050 3324 C

319 3360 468 3418 lum.
501 3362 591 3417 Tu
624 3361 864 3436 Moysis,
886 3366 951 3418 tu
982 3365 1041 3419 et
1066 3362 1266 3431 Josue,
1286 3361 1524 3419 alterius
1541 3362 1731 3435 gratia
1759 3360 1979 3417 cmlesti

324 3454 383 3507 et
425 3466 777 3523 magnorum
825 3451 1115 3508 effectrice
1157 3452 1438 3524 potentia,
1473 3456 1648 3523 atque
1696 3451 1978 3507 adversus

323 3540 737 3596 exacerbantes
813 3539 1298 3612 longaniminate,
1373 3538 1617 3596 alterius
1677 3538 1977 3594 'militiam

323 3628 659 3702 imperandi
691 3631 747 3685 et
776 3629 1062 3702 populum
1107 3631 1473 3704 gubernandi
1505 3629 1736 3702 peritia,
1768 3631 1826 3685 et
1853 3645 1981 3685 mu-

321 3735 462 3775 nere
491 3718 842 3788 deducendi,
873 3722 940 3774 ut
975 3717 1095 3791 ille,
1128 3719 1413 3792 populum
1444 3719 1516 3774 ad
1564 3722 1780 3774 terram
1814 3721 1978 3790 opta-

323 3811 449 3863 tam
510 3805 904 3878 locupletatus
935 3823 1018 3863 es.
1068 3807 1302 3863 Davidis
1351 3807 1660 3863 aemulatus
1703 3823 1766 3862 es
1812 3823 1978 3862 man-

320 3895 720 3964 suetudinem,
752 3899 810 3952 et
838 3895 1216 3967 potissimum
1247 3913 1282 3952 a
1323 3900 1536 3952 natura
1570 3897 1852 3952 adversus
1880 3910 1981 3951 eos

322 3983 425 4057 qui
468 3983 584 4040 sibi
631 3983 959 4041 illudebant
1003 3984 1268 4042 habuisti
1315 3984 1708 4056 clementiam,
1753 3989 1829 4053 et,
1865 4001 1980 4040 non

324 4073 524 4130 minus
555 4089 735 4145 quam
756 4072 864 4142 illi,
887 4073 1188 4130 timendus
1206 4073 1334 4129 aliis
1360 4073 1636 4147 gentibus
1663 4073 1939 4130 exstitisti
1963 4089 1978 4130 :

324 4162 646 4236 genuinam
667 4161 824 4218 enim
848 4162 1150 4219 lenitatem
1172 4162 1315 4219 solis
1337 4161 1619 4234 subjectis
1641 4163 1714 4219 ad
1731 4161 1865 4220 illos
1881 4163 1982 4218 de-

325 4251 628 4307 lectandos
643 4251 966 4323 praebuisti.
987 4250 1318 4308 Salomonis
1339 4251 1689 4324 sapientiam
1707 4255 1764 4308 et
1777 4251 1984 4308 latitu-

333 4340 532 4397 dinem
564 4340 761 4396 cordis
791 4340 1116 4413 amplexus,
1141 4341 1213 4396 ab
1231 4340 1364 4397 aliis
1392 4341 1658 4413 ejusdem
1684 4345 1986 4398 aversatus

333 4447 397 4487 es
421 4433 605 4500 ;et,ut
633 4429 876 4486 omissis
896 4429 1015 4486 illis
1039 4428 1140 4501 qui
1171 4429 1421 4502 gratiam
1451 4430 1986 4502 praecesserunt,'ad

333 4529 506 4575 tuum
537 4519 948 4592 cognominem
978 4518 1233 4585 veniam,
1256 4519 1358 4590 qui
1389 4518 1616 4591 primus
1647 4519 1800 4576 inter
1821 4519 1986 4575 Chri-

331 4609 559 4665 stianos
589 4607 874 4681 regnavit,
905 4607 1066 4664 illius
1117 4625 1351 4680 quoque
1380 4608 1606 4665 habens
1637 4609 1707 4665 ad
1760 4607 1987 4665 cultum
2023 4631 2069 4696 D

331 4697 435 4755 Dei
465 4698 849 4762 alacritatem,
883 4701 941 4753 et
985 4712 1158 4754 cruce
1185 4697 1372 4754 vincis
1419 4699 1640 4768 hostes,
1671 4702 1729 4754 et
1754 4697 1991 4770 videris,

337 4790 442 4843 aut
470 4785 666 4860 potius
696 4785 930 4844 exsistis
976 4786 1038 4842 in
1069 4803 1270 4860 pugna
1296 4787 1586 4856 ,invictus,
1620 4791 1678 4844 et
1707 4792 1774 4844 ut
1803 4787 1994 4861 magis

339 4880 675 4932 accuratam
735 4875 1054 4949 imaginem
1134 4877 1393 4950 praebere
1448 4875 1679 4948 possis,
1740 4877 1995 4933 aedificas

339 4965 660 5034 civitatem,
694 4981 872 5037 quam
905 4963 1004 5022 ille
1034 4967 1300 5022 conditor
1348 4965 1692 5022 nominavit.
1723 4965 1795 5022 Et
1824 4964 1994 5038 quid-

337 5055 480 5128 quid
501 5054 847 5111 Theodosiis
867 5054 1101 5127 magnis
1116 5060 1174 5112 et
1189 5054 1618 5126 caeteris,atque
1638 5055 1994 5112 Justinianis

335 5149 394 5200 et
424 5143 510 5200 eis
560 5144 661 5214 qui
711 5160 847 5200 cum
897 5143 1016 5200 illis
1060 5145 1133 5200 ad
1191 5143 1510 5200 maximam
1567 5144 1815 5216 gloriam
1864 5162 1994 5218 per-

331 5236 642 5304 venerunt,
694 5232 882 5289 inerat
930 5233 1187 5306 pietatis,
1240 5234 1544 5290 charitatis
1591 5234 1654 5291 in
1696 5235 1905 5305 Deum,
1938 5239 1997 5292 et

338 5323 621 5379 adversus
645 5321 908 5394 pericula
936 5323 1303 5380 strenuitatis
1333 5327 1390 5379 et
1428 5323 1694 5394 justitia,
1725 5323 1788 5380 in
1819 5326 1996 5382 rebus

340 5411 614 5484 gerendis
663 5415 720 5467 et
764 5411 1138 5484 providendis
1185 5413 1558 5484 excellentia,
1599 5418 1656 5470 et
1703 5415 1995 5488 quidquid

341 5568 674 5712 εἰὲἓῗέἓῗο
702 5585 840 5626 voce
861 5570 1110 5628 barbara
1132 5572 1474 5631 Latinorum
1496 5575 1674 5632 duces
1706 5575 1997 5648 praecipue

411 5713 526 5788 (47)
557 5713 730 5772 Deest
759 5713 958 5773 forsan
989 5715 1130 5788 quid
1162 5719 1297 5775 ante
1331 5716 1479 5791 μέντ.

2102 590 2449 663 παρεστήσω,
2501 587 2628 651 τοὺς
2679 585 2737 643 δὲ
2764 586 3037 658 καθεῖλες,
3087 584 3159 642 δι’
3187 589 3261 643 ὧν
3311 587 3612 665 πρίγκιπας
3643 589 3760 662 (46)

2102 675 2437 752 ἐδουλώσω,
2488 677 2579 733 καὶ
2625 677 2836 754 τρόμου
2882 679 2973 732 καὶ
3018 681 3266 755 ταραχῆς
3311 679 3412 749 τὴν
3465 678 3552 757 ὑφ’
3591 677 3754 748 ἥλιον

2100 763 2364 839 ἕπΛησας,
2395 769 2523 844 παρ’
2572 765 2696 823 ὅσον
2733 768 2823 822 καὶ
2871 769 3043 830 πάθος
3089 767 3339 824 καθελεῖν
3387 768 3524 823 κατὰ
3569 771 3757 844 ψυχῆς

2100 855 2547 934 στρατευόμενον,
2597 856 2688 912 καὶ
2741 856 2875 930 μετά
2919 860 3025 912 τῶν
3076 856 3295 932 ἀλόγων
3346 858 3555 912 τάττειν
3599 856 3758 934 λογι-

2097 951 2198 1016 κὴν
2250 945 2407 1001 οὖσαν
2460 943 2840 1024 φιλονεικοῦν,
2891 949 2989 1001 τοῦ
3037 945 3166 1009 τοὺς
3215 945 3576 1022 ἐνοχλοῦντας
3625 945 3757 1018 ἔξω·

2099 1037 2186 1090 θεν
2244 1031 2608 1091 καταϐάλλειν
2656 1034 2892 1112 ἐχθροὺς
2951 1032 3105 1091 οὐδὲν
3163 1035 3485 1113 ἀτιμότερον
3521 1079 3535 1093 .
3596 1036 3758 1095 Οὕτω

2099 1123 2189 1181 διὰ
2219 1126 2275 1180 σὲ
2305 1125 2544 1181 θάλασσα
2573 1125 2755 1181 καλῶν
2806 1127 2942 1198 ἡμῖν
2994 1124 3253 1201 ἐξεχύθη,
3303 1126 3394 1180 xui
3444 1131 3547 1180 πᾶν
3577 1127 3760 1183 ὁτιοῦν

2098 1217 2368 1292 σωτήριον
2422 1215 2725 1291 ἐπεγένετο,
2775 1214 2869 1269 καὶ
2896 1217 2966 1289 τῇ
3011 1218 3080 1288 σῇ
3106 1213 3252 1290 τύχῃ
3284 1214 3527 1291 ἐναργῶς
3557 1216 3586 1270 ὁ
3617 1217 3760 1291 ἡμέ-

2094 1325 2251 1381 τερος
2283 1301 2724 1375 ἐπηκολούθησεν
2777 1297 2968 1366 ὅλϐος.
3022 1309 3099 1358 Δι’
3129 1301 3164 1357 ἃ
3195 1301 3262 1373 δὴ
3313 1304 3404 1358 καὶ
3452 1307 3763 1379 σκοπουμέ-

2095 1415 2206 1456 νοις
2234 1393 2372 1468 πρὸς
2403 1393 2437 1447 ἃ
2485 1390 2566 1449 δεῖ
2611 1391 2701 1448 καὶ
2745 1387 3118 1467 παραϐάλλειν
3163 1391 3232 1448 τά
3283 1393 3350 1448 σά
3395 1390 3515 1456 δέος
3555 1416 3616 1449 τε
3646 1395 3761 1468 ἅμα

2095 1483 2185 1538 καὶ
2216 1483 2416 1560 ἀπορία
2462 1482 2825 1559 προσγίνεται.
2877 1480 3013 1538 Οὔτε
3067 1483 3169 1558 γὰρ
3231 1481 3307 1544 εἷς
3361 1485 3588 1556 μνήμην
3633 1483 3757 1553 ἥκει

2093 1593 2178 1634 τις
2224 1576 2332 1626 τῶν
2375 1570 2545 1626 πάλαι
2589 1571 2726 1648 πρὸς
2751 1571 2810 1626 σε
2863 1570 3305 1648 παρεξετάζεσθαι
3363 1569 3594 1642 δίκαιος,
3641 1574 3757 1646 xui,

2095 1661 2141 1717 εἰ
2171 1658 2454 1732 ἓλθοιτις,
2506 1657 2724 1716 δέδοικα
2780 1661 2857 1734 μὴ
2906 1662 3120 1724 πάντως
3163 1658 3470 1732 ἀπᾴδουσαν
3502 1665 3756 1734 ποιήσω-

2098 1771 2192 1824 μαι
2223 1752 2323 1820 τήν
2357 1749 2614 1821 ἐξέτασιν,
2651 1751 2728 1824 μὴ
2775 1750 2916 1825 πρὸς
2973 1748 3212 1823 μείζονα,
3265 1747 3408 1824 μηδὲ
3453 1751 3589 1827 πρὸς
3617 1749 3753 1825 ἴσον,

2094 1840 2171 1904 ὡς
2229 1837 2370 1912 δέον,
2430 1838 2577 1895 ἀλλά
2621 1840 2760 1916 πρὸς
2819 1838 3082 1894 ἐλάττονα
3135 1838 3338 1911 ταύτην
3405 1842 3753 1914 ποιούμενοςο

2088 1927 2290 1992 πάντας
2337 1928 2440 2005 γὰρ
2472 1929 2585 2004 ὁρῶ
2626 1949 2722 1983 σου
2753 1931 2860 1983 τῶν
2909 1926 3096 1984 καλῶν
3140 1927 3517 2004 ἡττωμένους,
3571 1929 3756 2006 ὥσπερ

2088 2018 2256 2089 ἡλίου
2311 2019 2441 2081 τοὺς
2487 2018 2691 2080 πάντας
2743 2016 2969 2093 ἀστέρας
3003 2062 3018 2087 ,
3069 2015 3160 2072 καὶ
3205 2019 3358 2073 τοῦθ’
3409 2019 3758 2094 ἡγουμένους

2089 2105 2434 2186 φιλοτιμίαν,
2485 2105 2634 2169 ὅστις
2677 2109 2898 2182 πρῶτος
2943 2103 3196 2162 τάττοιτο
3252 2109 3388 2181 μετὰ
3441 2107 3518 2164 σέ.
3554 2108 3757 2166 Μέντοι

2087 2219 2151 2272 γε
2203 2197 2292 2252 καὶ
2345 2199 2458 2270 (47)
2518 2195 2728 2270 Κύρους
2787 2195 3018 2258 ἐκείνους
3053 2241 3067 2265 ,
3129 2196 3386 2272 Δαρείους
3435 2242 3450 2268 ,
3511 2198 3764 2269 Ἀλεξάν-

2088 2284 2248 2362 δρους
2283 2333 2297 2358 ,
2346 2285 2439 2340 καὶ
2492 2283 2835 2361 Αύγούστους
2868 2331 2883 2358 ,
2942 2283 3031 2339 καὶ
3105 2284 3302 2348 οἶτινες
3381 2284 3667 2358 Ἑλλήνων
3718 2290 3755 2358 ἢ

2089 2371 2378 2453 βαρϐάρων
2437 2376 2472 2444 ἢ
2552 2373 2835 2448 Ῥωμαίων
2916 2372 3212 2451 ἐκράτησαν
3289 2376 3424 2430 κάπὶ
3497 2374 3753 2433 πλεῖστον

2082 2472 2329 2541 προῆκον
2360 2463 2652 2538 ὀνόματος,
2700 2463 2948 2534 τούτους,
2983 2463 3169 2519 ὁποῖοί
3214 2465 3358 2528 τινές
3407 2463 3565 2536 εἰσιν,
3600 2464 3755 2539 ἔμοι-

2082 2576 2146 2631 γε
2200 2555 2289 2610 xui
2347 2553 2525 2632 φέρειν
2584 2551 2732 2616 ὅλως
2783 2553 2860 2616 εἷς
2920 2553 3082 2628 μέσον
3131 2553 3385 2628 ἀθέμιτον
3421 2597 3435 2612 .
3493 2554 3582 2618 Τίς
3637 2557 3741 2633 γὰρ

2081 2645 2218 2721 πρὸς
2248 2642 2441 2706 σκότος
2469 2642 2726 2698 κοινωνία
2766 2640 2955 2715 ἡλίου,
3004 2643 3040 2712 ἢ
3071 2641 3249 2718 τύχης
3284 2641 3456 2719 λόγου
3482 2644 3572 2700 καὶ
3603 2665 3743 2722 προ-

2080 2733 2250 2803 νοίας,
2303 2733 2339 2802 ἢ
2404 2731 2694 2808 ὀνειράτων
2752 2733 2842 2787 xui
2899 2731 3182 2806 ἀληθείας,
3230 2733 3267 2803 ἢ
3325 2733 3407 2797 τίς
3469 2734 3529 2789 ἃν
3575 2733 3741 2812 ἀρετὴ

2087 2821 2365 2900 βασιλείας
2396 2821 2611 2899 φανείη,
2647 2822 2724 2894 μὴ
2774 2825 2908 2876 Θεοῦ
2939 2820 3464 2898 χειραγωγουμένης
3503 2823 3691 2899 χερσίν
3728 2843 3743 2894 ;

2081 2908 2118 2980 ἤ
2147 2909 2231 2972 τίς
2291 2907 2530 2980 εὔκλεια,
2586 2908 2929 2985 ἐπιγνώσεως
2984 2909 3231 2981 ἀπούσης
3275 2914 3374 2966 τοῦ
3413 2911 3693 2975 κτίσαντος
3728 2932 3743 2983 ;

2080 2999 2216 3062 Τοὺς
2267 2997 2326 3054 δὲ
2371 2997 2507 3054 κατά
2555 2997 2725 3073 νόμον
2769 2993 3222 3074 βεϐασιλευκότας
3271 3003 3406 3055 Θεοῦ
3459 2997 3610 3078 εἷ’περ
3669 3001 3748 3064 εἰς

2088 3088 2248 3164 μέσον
2289 3089 2523 3166 παράγοι
2571 3109 2656 3150 τις
2688 3134 2702 3160 ,
2751 3088 2843 3143 καὶ
2889 3087 3140 3162 τούτων,
3195 3086 3443 3166 βασιλεῦ,
3495 3087 3595 3144 ὅσα
3651 3091 3749 3164 μὲν

2083 3183 2189 3234 τῶν
2221 3177 2432 3255 ἀγαθῶν
2485 3177 2576 3233 καὶ
2627 3176 2764 3252 πρὸς
2816 3177 3011 3250 ἀρετὴν
3059 3177 3150 3232 καὶ
3199 3177 3329 3234 Θεὸν
3359 3177 3611 3256 φέροντα,
3649 3178 3751 3252 μό-

2085 3288 2178 3332 νος
2209 3262 2502 3324 συλλαϐὼν
2555 3265 2725 3342 ἔχεις,
2766 3265 2858 3321 καὶ
2908 3263 3151 3340 οὐδενὸς,
3203 3266 3255 3322 ἐν
3297 3268 3381 3331 οἷς
3431 3267 3582 3344 εἶχον
3615 3289 3751 3347 φρο-

2084 3362 2211 3429 νεῖν,
2257 3357 2434 3434 φέρων
2487 3354 2652 3433 φαίνῃ
2703 3353 2772 3409 τὰ
2818 3352 3060 3432 δεύτερα⁶
3103 3356 3172 3412 τὰ
3219 3354 3266 3411 δ’
3298 3356 3378 3434 ἐφ’
3425 3355 3576 3420 ὅσοις
3609 3356 3753 3413 ὡλί-

2086 3448 2294 3501 σθαινον
2343 3443 2434 3498 καὶ
2483 3447 2581 3498 τοῦ
2617 3441 2831 3506 δέοντος
2878 3442 3305 3520 ἐκπορευόμενοι
3363 3444 3462 3508 τάς
3511 3445 3752 3522 προσού-

2088 3556 2183 3598 σας
2236 3532 2542 3612 διέφθειρον
2603 3531 2795 3609 ἀρετᾶς
2827 3577 2843 3604 ,
2899 3537 3157 3589 τοσοῦτον
3215 3533 3448 3610 ἀπεῖχες
3505 3537 3647 3610 (πῶς
3689 3535 3750 3591 ἂν

2088 3620 2300 3696 εἷ’ποιμι
2331 3622 2529 3685 ῗκανῶς
2564 3641 2578 3692 ;
2610 3623 2656 3696 ),
2706 3620 2830 3677 ὅσον
2885 3624 2989 3698 γῆς
3035 3621 3126 3678 καὶ
3169 3622 3405 3695 σελήνης
3433 3623 3497 3680 τὸ
3532 3624 3750 3698 μεταξύ,

2089 3713 2166 3769 Σὺ
2197 3710 2491 3785 Μωϋσέως,
2543 3710 2606 3766 σὺ
2656 3711 2746 3766 xui
2790 3711 2992 3784 Ἰησοῦ,
3036 3716 3134 3766 τοῦ
3188 3713 3282 3786 μὲν
3327 3714 3427 3782 τήν
3481 3713 3533 3784 ἐξ
3581 3713 3754 3790 ὕψους

2088 3804 2250 3880 ’χάριν
2297 3802 2390 3856 καὶ
2433 3802 2534 3870 τὴν
2583 3801 2651 3855 τὰ
2704 3800 2920 3877 μεγάλα
2967 3801 3287 3878 ἐνεργοῦσαν
3338 3800 3610 3876 δύναμιν,
3661 3804 3753 3859 xui

2086 3894 2151 3948 τὸ
2206 3891 2344 3947 κατᾶ
2398 3895 2506 3946 τῶν
2560 3890 3097 3968 παραπικραινόντων
3133 3890 3507 3968 μακρόθυμον,
3557 3897 3657 3948 τοῦ
3698 3891 3757 3949 δὲ

2087 3982 2189 4051 τήν
2245 3980 2456 4056 ἀγαθὴν
2510 3979 2862 4057 στρατηγίαν,
2923 3981 3016 4035 καὶ
3072 3981 3172 4050 τὴν
3234 3978 3617 4058 δημαγωγίαν,
3662 3982 3753 4038 xui

2088 4073 2153 4126 τὸ
2197 4071 2289 4126 τὸν
2339 4067 2470 4125 λαὸν
2521 4067 2724 4146 Κυρίου
2769 4069 2910 4146 πρὸς
2955 4070 3054 4139 τὴν
3102 4068 3472 4141 ἐπιθυμητὴν,
3506 4071 3582 4134 ὡς
3614 4071 3754 4126 έκεῖ-

2089 4181 2184 4223 νος
2217 4207 2233 4233 ,
2291 4157 2583 4235 κατάγειν,
2641 4157 2986 4228 ἐπλούτησας
3021 4202 3036 4216 .
3090 4156 3256 4214 Δαυΐδ
3316 4157 3602 4231 ἐζήλωσας
3652 4162 3754 4230 τὴν

2091 4248 2396 4326 πραότητα.
2435 4245 2742 4323 μᾶλλονδὲ
2778 4248 2917 4322 πρὸς
2973 4246 3187 4326 φύσεως
3238 4245 3502 4325 ἔσχηκας,
3549 4249 3641 4305 xui
3693 4253 3758 4307 τὸ

2095 4338 2402 4410 ἀνεξίκακον
2473 4338 2613 4414 πρὸς
2678 4335 2808 4400 τοὺς
2870 4341 3266 4414 παροινοῦντας
3300 4355 3314 4370 ⁸
3375 4337 3466 4393 xui
3525 4335 3758 4418 φοϐερὸς

2095 4427 2209 4503 οὐχ
2257 4429 2424 4496 ἧττον
2480 4424 2683 4481 ἐκείνου
2710 4430 2829 4488 τοῖς
2881 4424 3227 4504 ἀλλοφύλοις
3255 4425 3606 4498 καθέστηκας
3655 4430 3758 4500 τὴν

2093 4517 2196 4594 γὰρ
2254 4518 2484 4594 φυσικὴν
2555 4515 2876 4591 ἡμερότητα
2937 4516 3128 4590 μόνοις
3205 4516 3284 4579 εἷς
3359 4519 3569 4596 τρυφὴν
3641 4524 3762 4582 τοῖς

2101 4601 2368 4678 ὑπηκόοις
2417 4607 2772 4682 παρέσχηκας
2809 4648 2824 4662 .
2877 4605 3248 4679 Σολομῶντος
3297 4607 3396 4676 τὴν
3428 4606 3636 4663 σύνεσιν
3668 4609 3760 4664 καὶ

2100 4697 2164 4752 τὸ
2195 4697 2294 4765 τήν
2327 4692 2550 4772 καρδίας
2602 4693 2813 4757 πλάτος
2862 4692 3170 4769 δεξάμενος,
3214 4693 3397 4752 τᾶλλα
3432 4696 3631 4754 τούτου
3665 4719 3762 4774 με-

2107 4785 2358 4860 μίσηκας.
2410 4784 2509 4840 Καὶ
2535 4781 2648 4858 ἵνα,
2695 4781 2825 4846 τοὺς
2853 4783 2962 4858 πρὸ
2989 4786 3091 4854 τῆς
3128 4785 3357 4862 χάριτος
3383 4784 3758 4864 παραδραμὼν

2105 4875 2194 4932 ἐπὶ
2243 4876 2334 4931 τὸν
2394 4875 2484 4930 σὸν
2544 4873 2840 4948 ὁμώνυμον
2890 4875 3006 4948 (48)
3061 4871 3228 4933 ἔλθω.
3283 4875 3374 4931 τὸν
3433 4880 3652 4951 πρῶτον
3707 4876 3761 4933 ἐν

2105 4969 2451 5040 Χριστιανοῖς
2506 4961 2920 5038 βασιλεύσαντα,
2960 4961 3052 5018 καὶ
3087 4962 3288 5020 τούτου
3333 4964 3514 5046 φέρεις
3545 4968 3608 5022 τὸ
3636 4967 3762 5044 περὶ

2105 5055 2166 5109 τὸ
2223 5047 2385 5116 σέϐας
2437 5053 2660 5128 θερμὸν,
2710 5051 2801 5108 καὶ
2845 5056 3060 5128 σταυρῷ
3115 5058 3270 5126 νικᾷς
3322 5053 3450 5118 τοὺς
3507 5054 3764 5131 ἐχθροὺς,

2106 5143 2196 5199 καὶ
2255 5142 2436 5222 φαίνῃ,
2499 5140 2712 5216 μᾶλλον
2773 5139 2832 5197 δὲ
2887 5140 2980 5197 xui
3045 5142 3314 5221 ὑπάρχεις
3378 5143 3430 5198 ἐν
3489 5141 3762 5217 πολέμοις

2105 5233 2417 5304 ἀήττητος,
2482 5232 2573 5286 καὶ
2632 5229 2706 5286 ’ίν’
2771 5226 3153 5310 ἀκριϐέστερον
3220 5232 3354 5308 ἔχῃς
3415 5232 3516 5302 τὴν
3586 5231 3766 5289 εῗκόνα

2106 5320 2430 5394 δεικνύναι,
2487 5319 2750 5396 τειχίζεις
2817 5319 3021 5397 πόλιν,
3089 5325 3157 5393 ἧς
3223 5321 3428 5384 ἐκεῖνος
3491 5317 3769 5395 πολιστής

2105 5409 2467 5489 ἐχρημάτισε.
2508 5408 2809 5467 Θεοδοσίων
2865 5416 2973 5469 τῶν
3037 5411 3287 5492 μεγάλων
3341 5409 3433 5466 καὶ
3483 5414 3592 5466 τῶν
3647 5413 3766 5472 ἑτέ-

2177 5575 2292 5649 (48)
2319 5575 2520 5632 Voluit
2549 5575 2774 5649 scilicet
2800 5576 3046 5649 Michael
3072 5576 3392 5649 imperator
3415 5577 3614 5634 vocari
3644 5577 3764 5636 No-

2103 5647 2225 5724 vus
2242 5647 2704 5724 _Constantinus,
2749 5666 2866 5722 quo
2913 5647 3087 5708 titulo
3134 5647 3193 5708 et
3236 5647 3298 5706 in
3341 5648 3532 5707 fronte
3579 5649 3766 5724 hujus

2107 5719 2394 5782 orationis
2424 5724 2688 5782 ornatur.
