4132 6432
349 423 468 487 385

1352 413 1756 485 LAUDATIO
1801 415 2232 486 MICHAELIS
2278 414 2776 488 PALEOLOGI.

3652 426 3774 501 386

351 577 485 634 ρων,
544 553 637 610 καὶ
691 551 1110 625 ’Ῑουστινιανῶν,
1167 551 1257 607 καὶ
1314 556 1421 607 τῶν
1480 551 1598 608 ὅσοι
1655 555 1772 610 κατ’
1818 551 2014 617 αὐτοὺς

2135 555 2246 612 illis
2276 555 2688 627 hujuscemodi
2718 557 3129 628 erat,lucratus
3159 578 3221 618 es
3255 587 3270 631 ;
3302 567 3358 619 et
3385 579 3520 621 cum
3551 574 3775 639 quanta

350 643 440 700 ἐπὶ
496 641 760 698 πλεῖστον
823 639 1032 711 ἥλασαν
1092 638 1276 715 δόξης,
1334 643 1426 697 καὶ
1475 642 1682 698 τούτων
1744 645 1838 718 μὲν
1889 642 2015 698 ὅσον

350 727 564 794 εὐσεϐὲς
612 731 705 786 καὶ
753 727 1029 809 φιλόθεον,
1073 729 1314 806 γενναῖόν
1362 752 1422 786 τε
1470 731 1606 807 πρὸς
1655 731 1780 794 τοὺς
1827 729 2012 786 κινδύ-

346 843 478 885 νους
506 821 598 876 καὶ
645 819 866 897 τρόπων
917 816 1142 874 δικαίων
1188 817 1477 895 ἐχόμενον,
1509 820 1648 897 πρὸς
1677 818 1736 875 δὲ
1767 818 2016 894 κηδεμο-

348 909 500 968 νικόν
548 931 610 966 τε
659 910 752 964 καὶ
781 908 1144 986 προνοητικὸν
1193 907 1284 963 καὶ
1335 909 1566 985 μετέχον
1609 909 2012 986 χρηστότητος,

349 1001 441 1058 καὶ
469 999 683 1056 τούτων
712 997 838 1054 ὅσον
887 1001 1158 1071 τοιοῦτον,
1212 994 1576 1069 ἐπλούτησας·
1607 999 1698 1054 καὶ
1733 1000 1848 1073 μεθ’
1880 997 2015 1070 ὅσης

354 1091 454 1161 τῆς
486 1085 781 1151 ἐπιδόσεως
811 1088 823 1144 ί
857 1085 981 1143 ὅσον
1033 1083 1092 1142 δὲ
1137 1087 1275 1162 πρὸς
1303 1087 1474 1162 θυμὸν
1512 1085 1804 1164 ἀλόγιστον
1839 1085 2019 1143 ἔκλινε

2128 646 2392 702 ubertate
2433 647 2461 700 ?
2491 646 2778 719 quidquid
2826 652 3022 705 autem
3074 651 3146 706 ad
3196 652 3344 708 iram
3391 653 3772 728 insipientem

2125 739 2226 791 aut
2255 736 2326 790 ad
2357 734 2616 792 indolem
2647 731 3034 795 inhumanam
3085 739 3411 810 inclinavit,
3454 745 3527 800 ad
3579 763 3772 804 mores

2123 822 2404 892 immites,
2437 825 2510 880 ad
2543 824 2945 883 anulationem
2995 845 3061 885 ac
3101 846 3207 902 per
3261 833 3618 891 munuscula
3646 853 3776 892 cor-

2123 913 2437 985 ruptelam,
2471 918 2528 970 et
2567 915 2854 988 quidquid
2896 918 3257 976 contrarium
3303 922 3771 994 reprehendeba-

2124 1006 2240 1071 tur,
2276 1007 2576 1060 aversatus
2605 1021 2667 1060 es
2697 1008 2754 1060 et
2801 1022 2836 1060 a
2887 1009 2945 1063 te
2997 1007 3285 1077 amovisti,
3337 1010 3483 1067 illud
3531 1013 3774 1071 cuilibet

2126 1090 2316 1164 magis
2349 1107 2527 1163 quam
2556 1092 2665 1148 tibi
2694 1094 2899 1150 adesse
2930 1097 3238 1153 convenire
3268 1104 3452 1156 ratus.

360 1180 452 1236 καὶ
481 1176 898 1258 ἀφιλάνθρωπον
925 1178 1074 1249 ἦθος,
1107 1177 1197 1231 καὶ
1226 1175 1462 1253 τρόπους
1495 1176 1824 1254 ἀνημέρους,
1855 1178 1946 1233 καὶ
1993 1177 2056 1232 τὸ
2101 1176 2352 1247 κολάζειν
2404 1177 2570 1252 ὠμῶς
2615 1179 2704 1234 καὶ
2749 1181 2814 1236 τὸ
2857 1183 3120 1252 ἡττᾶσθαι
3162 1183 3496 1260 λημμάτων,
3527 1189 3617 1243 καὶ
3649 1187 3772 1246 ὅσον

362 1271 462 1338 τῆς
489 1266 723 1330 ἐναντίας
757 1263 980 1341 μερίδος
1012 1263 1071 1322 ὃν
1103 1259 1446 1338 διεϐάλλετο,
1477 1261 1626 1343 ἔχεις
1656 1265 1972 1329 ἀποπτύσας
2001 1263 2091 1320 καί
2137 1265 2445 1344 ἀπορρίψας
2489 1273 2708 1341 σαυτοῦ,
2739 1270 2898 1325 παντὶ
2951 1271 3164 1345 μᾶλλον
3192 1274 3413 1347 πρέπειν
3444 1259 3708 1354 ὑπάρχειν
3739 1279 3777 1349 ἢ

367 1361 540 1430 σαυτῷ
570 1355 956 1433 λογισάμενος.

430 1450 690 1509 Τοιοῦτος
719 1447 858 1518 ἡμῖν
903 1443 963 1500 ἐκ
1008 1447 1144 1500 Θεοῦ
1194 1440 1526 1520 δεδώρησαι,
1563 1443 1806 1521 βασιλεῦ·
1837 1449 2021 1500 τοιοῦ-

356 1557 451 1599 τος
501 1533 594 1590 διὰ
639 1540 741 1604 τῆς
789 1532 981 1610 πείρας
1032 1532 1271 1612 ἐφάνης,
1324 1533 1552 1596 ὁποίους
1607 1531 1724 1589 οὐδ’
1771 1537 1806 1604 ἡ
1857 1535 2016 1612 φήμη

355 1623 488 1688 τοὺς
533 1625 728 1698 πρώην
778 1621 1072 1699 λαμπροὺς
1139 1620 1490 1698 παρέπεμψεν
1539 1623 1618 1686 εἰς
1674 1625 1844 1698 ἡμᾶς,
1903 1628 2022 1686 τοῖς

357 1712 682 1790 κεφαλαίοις
726 1717 836 1768 τῶν
883 1712 1112 1787 ἀρετῶν,
1155 1709 1248 1767 ’ίνα
1293 1710 1825 1791 κεφαλαιωδέπερον
1859 1711 2020 1782 εἷ’πω,

361 1804 498 1879 ὑπὲρ
556 1803 762 1864 πάντας
808 1799 1212 1875 κοσμούμενος,
1271 1805 1434 1857 νικῶν
1484 1802 1579 1876 μὲν
1623 1801 1750 1866 τοὺς
1797 1803 1934 1857 κατὰ
1964 1803 2022 1856 σὲ

363 1889 645 1968 βασιλέας,
695 1893 859 1946 νικῶν
912 1887 970 1945 δὲ
1015 1891 1105 1944 καὶ
1163 1888 1292 1953 τοὺς
1341 1889 1459 1945 ὅσοι
1512 1889 1748 1965 μάλιστα
1796 1890 1846 1964 ἐξ
1896 1890 2019 1968 ἀρε-

355 1985 468 2036 τῶν
521 1978 934 2053 ὠνομάσθησαν.
985 1978 1084 2034 Καὶ
1139 1976 1206 2048 δὴ
1250 1979 1508 2056 τειχίζεις
1564 1981 1729 2057 ἀρετῇ
1776 1981 1877 2050 τὴν
1923 1980 2020 2056 ἀρ-

359 2071 496 2146 χὴν,
527 2068 726 2144 τειχίῳ
753 2072 853 2123 τοῦ
902 2062 1251 2145 βαὸυλωνίου
1300 2068 1636 2147 στεῤῥοτέρῳ
1684 2069 1775 2124 καὶ
1815 2066 2025 2144 ὑψηλο-

359 2159 505 2232 τέρῳ
542 2162 752 2234 μακρῷ.
788 2156 887 2213 Καὶ
930 2157 994 2212 τὸ
1042 2157 1281 2229 ὑπήκοον
1336 2155 1484 2213 αἰδοῖ
1528 2165 1630 2229 τῆς
1683 2159 1880 2234 ἀρετῆς
1931 2180 2022 2214 συ-

363 2245 733 2321 στελλόμενον
809 2245 992 2324 ἂγεταί
1066 2268 1162 2301 σου
1236 2246 1376 2322 πρὸς
1445 2247 1544 2317 τῆν
1632 2248 1858 2324 γνώμην
1929 2246 2022 2302 καὶ

361 2335 588 2414 ταχύνει
619 2335 758 2411 πρὸς
799 2335 865 2390 τὸ
906 2339 1099 2410 νεῦμα,
1147 2335 1237 2391 καὶ
1285 2334 1552 2392 δείκνυται
1602 2343 1708 2392 πᾶν
1741 2336 1772 2392 ὅ
1798 2359 1851 2392 τι
1897 2335 1957 2392 ἂν

368 2424 698 2502 βουλομένῳ
748 2445 854 2498 σοι,
904 2425 1022 2479 ἐπεὶ
1067 2424 1180 2497 καὶ,
1233 2426 1318 2481 ἶνα
1345 2447 1405 2481 σε
1433 2427 1811 2500 καθομηρίσω,
1839 2427 2020 2502 πατὴρ

366 2514 445 2578 ὥς
503 2513 672 2584 ἤπιος
728 2516 843 2589 (49)
888 2514 1024 2591 πρὸς
1071 2513 1267 2578 αὐτοὺς
1326 2513 1618 2571 διατίθεσαι
1653 2534 1667 2547 ⁶
1727 2513 2021 2591 ἐπειδήπερ

363 2604 532 2681 ἀρετῇ
587 2604 682 2678 μὲν
729 2607 839 2658 τῶν
887 2603 1100 2659 οίκείων
1157 2602 1307 2668 οἶδας
1353 2611 1591 2682 κρατεῖν,
1637 2609 1745 2660 τῶν
1797 2600 1974 2681 βαρϐά
2003 2637 2026 2648 -

364 2714 476 2772 ρων
511 2690 570 2748 δὲ
595 2691 686 2748 καὶ
727 2697 846 2755 τοῖς
897 2690 1115 2766 ὅπλοις,
1163 2694 1254 2748 καὶ
1298 2695 1362 2749 τὸ
1405 2699 1577 2770 πρᾶον
1633 2695 1726 2769 μὶν
1774 2693 1854 2773 ἐφ’
1884 2696 2020 2768 ἡμῖν

361 2783 560 2859 ἀμιγὲς
588 2780 913 2837 τούναντίου
961 2786 1171 2858 τηρεῖς,
1219 2787 1337 2846 τοῖς
1388 2781 1610 2860 ἐχθροῖς
1659 2780 1718 2837 δὲ
1763 2782 2023 2858 παρέχεις

437 2871 454 2894 ‘
524 2871 538 2890 ’
605 2869 620 2892 ‘
745 2875 773 2886 "
1747 2873 1759 2895 ν
1878 2873 1888 2891 ς
1957 2872 1986 2892 -ν-

361 2893 455 2928 και
513 2892 620 2926 απο
678 2892 776 2927 του
826 2872 1114 2947 σχήματος
1168 2871 1686 2944 καταπλήττεσθαι.
1764 2874 1870 2927 Δνθ
1947 2892 2022 2926 ων

360 2961 455 3018 καὶ
513 2958 599 3024 δὶς
655 2959 747 3016 καὶ
800 2961 920 3034 τρὶς
977 2960 1068 3016 καὶ
1123 2959 1395 3025 πολλάκις
1459 2962 1753 3038 μακάριος,
1805 2962 1864 3024 ὃς
1922 2968 2026 3032 τῆς

366 3046 592 3128 μερίδος
621 3054 730 3106 τῶν
761 3049 864 3105 ὑπὸ
913 3050 973 3105 σὲ
1008 3049 1346 3127 τεταγμένων
1395 3049 1566 3122 τελεῖ,
1612 3051 1724 3125 καὶ,
1769 3049 1868 3106 ὅσα
1896 3055 2026 3113 παῖς

363 3141 515 3216 παρά
583 3139 788 3216 πατρὸς
823 3185 839 3213 ,
898 3139 1174 3214 εὐμενείας
1258 3139 1548 3217 βασιλικῆς
1611 3138 1877 3196 ἀπολαύει
1933 3139 2026 3196 καὶ

365 3228 621 3305 χάριτος
655 3227 803 3292 ὅστις
855 3225 902 3282 δ’
957 3229 1240 3308 ἀφηνιάζει
1288 3229 1380 3285 καὶ
1430 3228 1737 3286 ἀποσείεταί
1786 3250 1881 3284 σου
1936 3230 2028 3285 τὸν

371 3317 558 3394 ζυγὸν,
609 3316 658 3371 εἴ
707 3319 782 3392 μῆ
836 3314 980 3372 ἅκὼν
1029 3321 1217 3391 ταῦτα,
1269 3316 1499 3382 ἐλεεινὸς
1546 3319 1705 3383 οὗτος
1752 3318 1881 3394 ἐμοὶ
1927 3325 2029 3389 τῆς

365 3406 574 3482 τύχης,
611 3404 742 3482 μηδ’
789 3406 878 3462 ἐπὶ
923 3407 1090 3463 ποσὸν
1144 3407 1430 3486 εὐημερεῖν
1470 3410 1947 3486 συγχωρούμενοςο
1981 3405 2030 3461 si

373 3493 424 3550 δ’
479 3496 617 3552 ἑκὼν
676 3499 844 3552 ταῦτα
898 3498 1123 3574 πράττει
1176 3498 1266 3553 καὶ
1324 3499 1463 3576 πρὸς
1524 3497 1842 3575 βουλήσεως
1899 3499 2030 3553 ἀπο-

361 3589 579 3662 σκιρτᾷ,
611 3582 805 3650 ἅθλιος
831 3590 912 3659 τῷ
961 3582 1070 3643 ὅντι
1119 3594 1221 3660 τῆς
1267 3587 1600 3668 ἀφαιρέσεως
1641 3593 1740 3644 τοῦ
1785 3593 2024 3668 φρονεῖν,

2207 1446 2387 1514 Talis,
2429 1463 2549 1520 rex,
2598 1447 2770 1506 nobis
2810 1467 2844 1506 a
2891 1451 3010 1508 Deo
3060 1453 3314 1512 donatus
3361 1473 3443 1526 es,
3496 1456 3634 1515 talis
3683 1476 3782 1516 ex-

2130 1536 2417 1609 perientia
2445 1537 2704 1605 evasisti,
2760 1539 2966 1610 quales
3024 1559 3329 1614 nunquam
3377 1549 3550 1602 antea
3595 1547 3784 1606 claros

2131 1625 2286 1681 inter
2332 1642 2438 1684 nos
2499 1626 2658 1682 fama
2722 1627 2994 1697 immisit,
3055 1631 3341 1689 virtutum
3405 1651 3663 1702 summa,
3718 1642 3785 1694 ut

2131 1715 2454 1772 summarie
2482 1715 2698 1786 dicam,
2731 1734 2850 1790 pres
2898 1719 3173 1777 omnibus
3217 1727 3480 1794 ornatus,
3512 1742 3648 1782 cum
3678 1744 3781 1783 su-

2130 1820 2343 1876 perans
2395 1821 2614 1861 cozevos
2677 1822 2842 1878 reges
2873 1849 2891 1874 ,
2945 1811 3073 1865 tum
3128 1827 3416 1883 superans
3494 1815 3593 1886 qui
3653 1832 3778 1872 ma-

2130 1892 2286 1948 xime
2322 1893 2562 1950 virtutis
2606 1910 2786 1950 causa
2832 1896 3072 1953 fuerunt
3115 1899 3411 1958 celebrati.
3462 1903 3530 1958 Et
3569 1904 3785 1962 virtute

2131 1981 2448 2054 imperium
2480 1982 3157 2054 aediﬁcas,fundamento
3187 2006 3366 2062 quam
3396 1991 3783 2065 Babylonium

2130 2069 2304 2144 longe
2331 2070 2614 2128 validiore
2644 2078 2702 2128 et
2731 2073 3069 2131 excelsiore.
3113 2077 3180 2133 Et
3227 2079 3496 2153 subjecti,
3527 2086 3692 2140 tuam
3723 2084 3784 2140 in

2131 2159 2409 2216 virtutem
2440 2161 2812 2218 veneratione
2843 2164 3026 2220 coacti
3065 2182 3134 2221 ex
3191 2169 3482 2226 sententia
3523 2174 3628 2227 tua
3673 2173 3784 2228 du-

2131 2254 2347 2306 cuntur
2375 2253 2432 2305 et
2461 2251 2533 2306 ad
2565 2255 2776 2308 nutum
2807 2259 3143 2326 properant,
3177 2259 3234 2312 et
3274 2259 3668 2334 quodcunque
3695 2263 3783 2319 vis

2130 2338 2414 2408 efﬁciunt,
2447 2338 2604 2410 quia,
2637 2345 2703 2394 ut
2731 2341 2803 2396 de
2831 2345 2888 2396 te
2916 2342 3219 2401 Homerice
3256 2345 3485 2418 loquar,
3522 2354 3588 2406 ut
3618 2355 3782 2422 pater

2131 2427 2292 2483 mitis
2323 2443 2458 2499 erga
2486 2427 2618 2483 illos
2648 2429 2883 2486 exsistis
2917 2447 2930 2486 :
2963 2435 3098 2488 tuos
3129 2434 3287 2490 enim
3337 2437 3553 2495 virtute
3581 2455 3782 2513 regere

2131 2517 2309 2588 nosti,
2342 2516 2626 2574 Barbaros
2657 2523 2853 2574 autem
2876 2521 3078 2588 armis,
3109 2528 3168 2578 et
3197 2525 3367 2581 nobis
3398 2543 3620 2584 meram
3653 2547 3777 2588 ser-

2131 2622 2233 2660 vas
2264 2603 2585 2672 lenitatem,
2619 2605 2819 2662 hostes
2858 2624 2992 2664 vero
3042 2609 3169 2682 ipso
3225 2611 3433 2669 habitu
3489 2617 3782 2690 percellis,

2133 2694 2415 2759 Quocirca
2443 2698 2500 2750 et
2527 2695 2618 2750 bis
2665 2699 2723 2751 et
2751 2700 2839 2753 ter
2869 2701 2926 2752 et
2958 2699 3175 2756 millies
3235 2701 3374 2758 felix
3429 2705 3532 2776 qui
3581 2707 3639 2762 in
3671 2725 3782 2764 nu-

2134 2799 2296 2839 mero
2328 2783 2702 2839 subditorum
2731 2789 2971 2843 tuorum
3010 2794 3366 2858 recensetur,
3417 2798 3492 2863 et,
3527 2799 3592 2851 ut
3637 2813 3785 2869 puer

2135 2874 2289 2944 apud
2321 2876 2569 2945 patrem,
2596 2874 3000 2933 benevolentia
3029 2882 3087 2933 et
3116 2877 3428 2938 clementia
3460 2883 3617 2956 regis
3648 2901 3780 2958 per-

2134 2961 2369 3016 fruitur.
2402 2961 2770 3034 Quicumque
2809 2968 3005 3021 autem
3044 2967 3260 3039 jugum
3318 2973 3488 3028 tuum
3519 2975 3784 3032 concutit

2134 3054 2194 3107 et
2223 3050 2403 3123 exuit,
2435 3051 2726 3122 siquidem
2755 3052 2866 3110 hoc
2893 3053 3116 3113 invitus
3144 3057 3281 3130 egit,
3333 3060 3480 3116 mihi
3519 3078 3589 3118 ex
3619 3067 3783 3136 parte

2137 3141 2382 3196 fortunae
2412 3140 2785 3198 miserandus
2815 3143 3048 3201 videtur
3077 3150 3134 3202 et
3163 3147 3326 3204 nullo
3358 3151 3530 3207 modo
3574 3169 3667 3210 res
3697 3153 3784 3210 illi

2136 3245 2448 3302 prosperas
2497 3230 2862 3304 contigisse:
2915 3236 3126 3307 quodsi
3177 3235 3368 3295 libens
3417 3239 3526 3297 hoc
3562 3241 3783 3315 fecerit,

2137 3322 2194 3374 et
2224 3319 2492 3375 consulto
2522 3320 2991 3396 recalcitraverit,
3021 3323 3222 3382 infelix
3269 3331 3359 3385 est
3397 3346 3597 3388 revera
3626 3338 3786 3391 recto

2138 3424 2316 3465 sensu
2350 3408 2568 3466 amisso
2598 3414 2656 3466 et
2687 3411 2903 3468 mentis
2945 3413 3333 3489 aberratione,
3384 3423 3443 3474 et
3483 3421 3649 3492 juste
3692 3422 3791 3479 in-

2137 3498 2370 3554 faustus
2401 3503 2574 3570 esset,
2605 3515 2741 3556 cum
2772 3501 2851 3558 sit
2889 3502 3212 3561 malevolus
3262 3506 3438 3564 homo
3488 3515 3546 3566 et
3571 3511 3778 3570 oculus

2143 3587 2215 3643 ad
2242 3587 2439 3644 radios
2470 3589 2794 3646 conniveat.

358 3675 454 3730 καὶ
480 3681 585 3745 τῆς
610 3675 874 3750 πρώσεως
903 3680 1002 3731 τοῦ
1030 3676 1174 3752 νοὸς,
1206 3677 1296 3733 καὶ
1326 3675 1550 3742 δικαίως
1595 3678 1654 3734 ἂν
1708 3676 2037 3752 δυστυχοίη,
2091 3673 2427 3731 ἐθελοκακῶν
2474 3677 2760 3754 ἄνθρωπος
2802 3679 2893 3734 καὶ
2940 3682 3078 3758 πρὸς
3121 3683 3218 3747 τὰς
3266 3686 3482 3751 ἀκτῖνας
3531 3687 3778 3765 ἐπιμύων

355 3763 489 3827 τοὺς
521 3763 858 3842 ὀφθαλμούς.

431 3851 610 3928 Ἀλλ’,
643 3855 689 3908 ὦ
724 3851 970 3931 βασιλεῦ,
1005 3853 1076 3910 δι’
1107 3856 1164 3911 ὃν
1193 3856 1258 3913 τὸ
1289 3856 1380 3913 σὸν
1411 3859 1565 3935 γένος
1597 3860 1741 3913 θεῖον
1775 3857 1852 3921 ὡς
1881 3857 2022 3930 ἀλη-

2207 3858 2342 3926 Sed,
2393 3874 2425 3913 ο
2474 3874 2594 3928 rex,
2656 3860 2796 3933 quia
2850 3863 3106 3934 profecto
3164 3865 3431 3926 divinum
3479 3874 3572 3928 est
3611 3874 3784 3930 tuum

355 3945 493 4015 θῶς,
545 3943 604 3997 σὲ
653 3943 748 4017 μὲν
796 3942 1033 3999 ἐπαινεῖν
1085 3943 1270 4010 ἄθλων
1318 3947 1347 4001 ὁ
1401 3949 1681 4024 μέγιστος’
1731 3947 1820 4002 καὶ
1868 3944 2025 4010 εἷ’τις

355 4031 538 4088 ἀνύειν
598 4030 935 4108 ἐπιχειροίη,
996 4035 1260 4110 γνώσεται
1321 4032 1537 4092 διώκων
1590 4037 1654 4092 τὸ
1712 4036 2022 4115 φεύγοντα,

357 4123 477 4176 οἷον
511 4119 603 4176 καὶ
635 4121 686 4176 οἱ
715 4122 783 4177 τά
821 4127 1084 4197 ποταμῶν
1138 4121 1379 4200 ῥεύματα
1424 4125 1650 4180 κατόπιν
1707 4122 2024 4188 διώκοντες.

359 4207 501 4265 Οὐδὲ
549 4210 653 4287 γὰρ
698 4207 840 4267 ἔστιν
894 4208 1024 4267 ἰδεῖν
1086 4208 1349 4287 οὗμενουν
1407 4215 1474 4269 τά
1520 4215 1587 4270 σά
1628 4215 2029 4290 κατορθώματα

360 4300 548 4354 στάσιν
604 4294 959 4373 λαμϐάνοντά
1005 4322 1140 4357 ποτε
1196 4309 1505 4379 προκοπῆς·
1569 4304 1650 4360 ἀεὶ
1711 4300 1768 4358 δὲ
1823 4302 2028 4380 προκό-

361 4408 488 4444 πτει
539 4387 632 4443 καὶ
684 4389 1197 4466 συμπαρεκτείνεται
1245 4396 1366 4455 ταῖς
1410 4391 1598 4470 ὥραις,
1648 4392 1738 4448 καὶ
1783 4394 1883 4462 τήν
1917 4390 2029 4448 διά-

360 4498 517 4534 νοιαν
552 4473 963 4555 ἀποδιδράσκει.
998 4480 1178 4555 Κάμοὶ
1208 4482 1536 4560 πειραθέντι,
1575 4479 1743 4557 μηδὲν
1789 4480 1834 4537 δ’
1873 4477 2026 4557 ὅμως

360 4568 553 4622 ἀνῦσαι
607 4564 887 4640 δυνηθέντι
915 4613 930 4641 ,
995 4571 1293 4646 συγγνώμη
1331 4590 1345 4605 ·
1399 4577 1506 4634 πᾶς
1581 4572 1685 4649 γὰρ
1746 4570 1805 4627 ἂν
1864 4575 2028 4628 τοῦτο

357 4656 550 4731 πάθοι,
609 4660 896 4734 πειρᾶσθαι
940 4664 1042 4715 τοῦ
1100 4655 1370 4736 παρόντος
1430 4661 1645 4739 ἀγῶνος
1701 4661 1975 4737 σκεπτόμε
2003 4693 2028 4704 -

355 4767 476 4810 νος.

435 4836 568 4891 Νυνὶ
623 4841 756 4912 γοῦν
817 4834 925 4894 ὧδέ
981 4860 1057 4911 πη
1116 4838 1419 4906 παύσασθαι
1476 4841 1830 4915 σκεπτομένῴ
1886 4839 2024 4916 εὐχή

364 4944 465 4998 μοι
493 4924 864 4982 κατακλειέτω
893 4927 984 4983 τὸν
1035 4926 1220 5006 λόγον.
1272 4930 1329 4983 Ὁ
1377 4926 1504 4986 τόδε
1548 4931 1612 4986 τὸ
1641 4935 1745 4984 πᾶν
1789 4931 2026 5008 ἀρχῆθεν

361 5015 782 5088 συστησάμενος
829 5015 918 5071 καὶ
956 5019 1225 5088 κινήσας,
1273 5019 1401 5082 Θεὸς
1445 5019 1535 5076 καὶ
1584 5019 1784 5096 Κύριος
1815 5065 1830 5092 ,
1883 5019 2026 5088 ζωὴν

365 5100 588 5159 διδόναι
617 5103 708 5159 καὶ
740 5106 998 5162 θανατοῦν
1045 5108 1471 5183 γινωσκόμενος,
1522 5105 1692 5180 ειδοίη
1740 5105 1902 5180 τήνδε
1927 5108 2027 5178 τῆν

362 5193 573 5270 ἀρχὴν,
603 5193 698 5249 τόν
736 5214 798 5250 τε
844 5196 975 5270 ἐμὸν
1033 5195 1282 5273 βασιλέα,
1327 5198 1417 5254 καὶ
1465 5195 1666 5261 παῖδας
1709 5195 1890 5272 τοῦδε,
1937 5197 2028 5253 καὶ

365 5281 533 5337 πόλιν
565 5279 752 5356 τήνδε,
786 5281 1008 5348 θάλλειν
1063 5283 1133 5341 δι’
1182 5286 1401 5356 αἰῶνος,
1437 5286 1565 5343 ὥστ’
1594 5287 1728 5343 εἶναι
1777 5286 1868 5342 καὶ
1901 5287 2030 5363 παρ’

365 5372 504 5444 ἡμῖν
537 5370 796 5450 ἀφθονίαν
825 5378 933 5430 τῶν
962 5375 1195 5452 ἀγαθῶν,
1241 5374 1463 5447 ἐξώλεις
1509 5375 1568 5432 δὲ
1611 5377 1703 5432 καὶ
1750 5374 2027 5454 προώλεις

363 5457 612 5530 ὀλέσθαι,
644 5459 762 5516 ὅσοι
793 5469 895 5533 τῆς
919 5467 1020 5519 τοῦ
1055 5462 1324 5540 βασιλέως
1373 5465 1607 5541 γνώμης
1653 5465 1745 5521 ἀπ’
1786 5465 2026 5529 ἐναντίας

362 5543 476 5605 εἴτε
523 5549 641 5606 νυνὶ
690 5556 998 5629 φρονοῦσιν,
1058 5550 1166 5610 εἷετε
1221 5554 1352 5610 ποτὲ
1413 5555 1548 5630 μετὰ
1598 5559 1768 5611 ταῦτα
1815 5561 2026 5634 φρονῆ-

358 5655 456 5696 σαι
476 5640 793 5711 νοήσουσιν.

430 5782 555 5871 (49)
588 5788 763 5849 Hom.
807 5787 915 5848 0d.
966 5789 1024 5870 β,
1071 5791 1142 5848 47
1187 5807 1205 5854 :
1249 5789 1437 5872 Πατὴρ
1469 5785 1518 5849 δ’
1564 5786 1642 5857 ὣς
1689 5787 1858 5864 ¹ἤπιος
1906 5789 2026 5868 ἦεν.

2135 3963 2342 4020 genus,
2375 3949 2432 4002 te
2461 3946 2701 4005 laudare
2749 3955 3044 4008 certamen
3103 3955 3427 4015 maximum
3484 3963 3575 4017 est
3605 3977 3620 4031 ;
3652 3967 3710 4018 et
3738 3961 3792 4019 si

2136 4035 2272 4108 quis
2302 4035 2447 4092 illud
2477 4038 2754 4108 perﬁcere
2783 4042 3179 4114 contenderet,
3204 4061 3268 4102 se
3293 4046 3578 4120 fugientia
3592 4066 3796 4123 perse-

2137 4124 2240 4198 qui
2268 4126 2607 4198 comperiet,
2641 4145 2758 4184 non
2789 4145 2961 4187 secus
2991 4148 3058 4187 ac
3087 4133 3190 4204 qui
3229 4136 3545 4195 ﬂuminum
3573 4137 3792 4198 ﬂuctus

2137 4218 2291 4271 retro
2332 4214 2720 4273 insectantur.
2779 4217 2952 4276 Nullo
3011 4223 3185 4279 modo
3240 4223 3398 4282 enim
3447 4227 3643 4285 videre
3698 4233 3792 4286 est

2137 4303 2417 4377 praeclara
2463 4305 2584 4360 haec
2627 4306 2890 4365 facinora
2938 4309 3116 4366 ﬁnem
3164 4329 3470 4387 capessere
3507 4334 3524 4388 ;
3556 4333 3792 4391 semper

2136 4410 2272 4450 vero
2331 4399 2658 4467 augescunt
2713 4402 2772 4454 et
2842 4401 3340 4475 progrediuntur,
3397 4409 3456 4462 et
3529 4411 3791 4466 mentem

2138 4481 2446 4556 effugiunt.
2479 4485 2550 4540 Et
2579 4485 2726 4540 mihi
2765 4487 3143 4562 periclitanti,
3203 4491 3353 4548 nihil
3411 4497 3609 4552 autem
3651 4512 3791 4570 per-

2139 4587 2313 4645 agere
2341 4571 2580 4644 valenti,
2609 4575 2781 4632 venia
2813 4593 2826 4632 :
2861 4577 3108 4649 quilibet
3160 4581 3319 4638 enim
3365 4582 3514 4640 illud
3558 4588 3790 4658 patere-

2093 4661 2098 4665 ’
2137 4664 2255 4730 tur,
2289 4660 2339 4717 si
2369 4661 2618 4733 hujusce
2656 4667 2997 4724 certaminis
3045 4669 3375 4741 periculum
3419 4672 3609 4731 facere
3629 4674 3794 4746 judi-

2139 4753 2318 4806 caret.

2211 4839 2380 4898 Nunc
2428 4845 2648 4916 autem,
2700 4844 2982 4916 quoniam
3043 4845 3325 4920 loquendi
3365 4851 3545 4908 ﬁnem
3594 4853 3788 4911 facere

2139 4927 2403 4999 intendo,
2435 4947 2768 4989 sermonem
2799 4932 3034 4992 claudat
3054 4937 3410 5010 deprecatio.
3443 4941 3554 5006 Qui
3585 4941 3789 5000 omnia

2140 5018 2212 5074 ab
2244 5018 2413 5075 initio
2443 5021 2750 5077 constituit
2765 5026 2822 5079 et
2835 5024 3016 5081 movit
3033 5025 3190 5084 Deus
3211 5031 3268 5084 et
3281 5028 3569 5087 Dominus
3577 5031 3783 5103 ,vitam

2140 5110 2198 5163 et
2225 5113 2475 5165 mortem
2505 5111 2644 5167 dare
2673 5112 3174 5181 sciens,concedat
3195 5123 3260 5172 ut
3275 5117 3421 5175 illud
3451 5118 3790 5194 imperium,

2060 5240 2108 5306 Β
2140 5213 2427 5270 meusque
2457 5215 2557 5255 rex
2579 5205 2636 5256 et
2663 5201 2794 5272 ejus
2823 5202 2929 5258 ﬁlii
2960 5208 3138 5278 atque
3186 5205 3310 5263 haec
3340 5207 3546 5266 civitas
3573 5209 3795 5269 indesi-

2139 5291 2368 5362 menter
2397 5287 2662 5360 floreant,
2693 5289 2778 5347 ita
2805 5297 2871 5347 ut
2902 5291 2981 5350 sit
3011 5296 3167 5368 apud
3217 5312 3325 5353 nos
3371 5298 3660 5356 bonorum
3697 5315 3795 5356 co-

2137 5376 2254 5448 pia,
2288 5381 2346 5433 et
2368 5378 2604 5450 penitus
2633 5380 2904 5438 exstincti
2936 5387 2994 5439 et
3038 5383 3216 5441 deleti
3265 5391 3507 5459 pereant
3534 5387 3788 5460 quicun-

2136 5481 2252 5539 que
2280 5471 2483 5525 contra
2509 5468 2874 5529 voluntatem
2921 5472 3075 5546 regis
3123 5475 3243 5533 sive
3289 5492 3448 5533 nunc
3495 5477 3778 5558 cogitant,

2136 5555 2256 5614 sive
2287 5561 2491 5631 postea
2520 5557 2893 5620 intenderent
2921 5563 3198 5638 cogitare.
