  <div class='ocr_page' id='page_1' title='image "/cluster/home/n/w/nwhite01/storage/ocr_20150623/142/coo.31924054870476/201.png"; bbox 0 0 4132 6450; ppageno 0'>
   <div class='ocr_carea' id='block_1_1' title="bbox 1369 391 2739 463">
    <p class='ocr_par' dir='ltr' id='par_1_1' title="bbox 1369 391 2739 463">
     <span class='ocr_line' id='line_1_1' title="bbox 1369 391 2739 463; baseline 0 0"><span class='ocrx_word' id='word_1_1' title='bbox 1369 397 1688 463; x_wconf 77' lang='lat' dir='ltr'><strong>GEORGII</strong></span> <span class='ocrx_word' id='word_1_2' title='bbox 1733 391 1998 462; x_wconf 81' lang='lat' dir='ltr'><strong>CYPRII</strong></span> <span class='ocrx_word' id='word_1_3' title='bbox 2042 399 2164 462; x_wconf 84' lang='lat' dir='ltr'><strong>GP.</strong></span> <span class='ocrx_word' id='word_1_4' title='bbox 2206 393 2739 463; x_wconf 67' lang='lat' dir='ltr'><strong>PATRIARGHE</strong></span> 
     </span>
    </p>
   </div>
   <div class='ocr_carea' id='block_1_2' title="bbox 3636 404 3769 469">
    <p class='ocr_par' dir='ltr' id='par_1_2' title="bbox 3636 404 3769 469">
     <span class='ocr_line' id='line_1_2' title="bbox 3636 404 3769 469; baseline 0 0"><span class='ocrx_word' id='word_1_5' title='bbox 3636 404 3769 469; x_wconf 83' lang='grc'><strong>’388</strong></span> 
     </span>
    </p>
   </div>
   <div class='ocr_carea' id='block_1_3' title="bbox 1339 718 2777 897">
    <p class='ocr_par' dir='ltr' id='par_1_3' title="bbox 1339 718 2777 897">
     <span class='ocr_line' id='line_1_3' title="bbox 1339 718 2777 897; baseline 0.001 -3"><span class='ocrx_word' id='word_1_6' title='bbox 1339 720 1815 896; x_wconf 89' lang='grc' dir='ltr'><strong>ΤΟΥ</strong></span> <span class='ocrx_word' id='word_1_7' title='bbox 1974 718 2777 897; x_wconf 83' lang='grc' dir='ltr'><strong>ΑΥΤΟΥ</strong></span> 
     </span>
    </p>
   </div>
   <div class='ocr_carea' id='block_1_4' title="bbox 1877 986 2221 1041">
    <p class='ocr_par' dir='ltr' id='par_1_4' title="bbox 1877 986 2221 1041">
     <span class='ocr_line' id='line_1_4' title="bbox 1877 986 2221 1041; baseline -0.003 -2"><span class='ocrx_word' id='word_1_8' title='bbox 1877 986 2221 1041; x_wconf 80' lang='grc' dir='ltr'><strong>ΕΓΚΩΜΙΟΝ</strong></span> 
     </span>
    </p>
   </div>
   <div class='ocr_carea' id='block_1_5' title="bbox 573 1160 3538 1266">
    <p class='ocr_par' dir='ltr' id='par_1_5' title="bbox 573 1160 3538 1266">
     <span class='ocr_line' id='line_1_5' title="bbox 573 1160 3538 1266; baseline -0.002 0"><span class='ocrx_word' id='word_1_9' title='bbox 573 1170 774 1266; x_wconf 89' lang='grc' dir='ltr'><strong>ΕΙΣ</strong></span> <span class='ocrx_word' id='word_1_10' title='bbox 856 1166 1109 1263; x_wconf 92' lang='lat' dir='ltr'><strong>TON</strong></span> <span class='ocrx_word' id='word_1_11' title='bbox 1193 1160 2126 1259; x_wconf 85' lang='grc' dir='ltr'><strong>ΑΥΤΟΚΡΑΤΟΡΑ</strong></span> <span class='ocrx_word' id='word_1_12' title='bbox 2205 1160 2624 1259; x_wconf 87' lang='grc' dir='ltr'>ΚΥΡΟΝ</span> <span class='ocrx_word' id='word_1_13' title='bbox 2706 1163 3538 1263; x_wconf 87' lang='grc' dir='ltr'><strong>ΑΝΔΡΟΝΙΚΟΝ</strong></span> 
     </span>
    </p>
   </div>
   <div class='ocr_carea' id='block_1_6' title="bbox 1721 1360 2383 1417">
    <p class='ocr_par' dir='ltr' id='par_1_6' title="bbox 1721 1360 2383 1417">
     <span class='ocr_line' id='line_1_6' title="bbox 1721 1360 2383 1417; baseline 0 -3"><span class='ocrx_word' id='word_1_14' title='bbox 1721 1363 1851 1414; x_wconf 87' lang='lat' dir='ltr'><strong>TON</strong></span> <span class='ocrx_word' id='word_1_15' title='bbox 1892 1360 2383 1417; x_wconf 80' lang='grc' dir='ltr'><strong>ΠΔΛΔΙΟΛΟΓΟΝ</strong></span> 
     </span>
    </p>
   </div>
   <div class='ocr_carea' id='block_1_7' title="bbox 1532 1513 2575 1801">
    <p class='ocr_par' dir='ltr' id='par_1_7' title="bbox 1532 1513 2575 1801">
     <span class='ocr_line' id='line_1_7' title="bbox 1532 1513 2575 1801; baseline 0.001 -1"><span class='ocrx_word' id='word_1_16' title='bbox 1532 1513 2575 1801; x_wconf 59' lang='lat' dir='ltr'><strong>EJU—S_DEM</strong></span> 
     </span>
    </p>
   </div>
   <div class='ocr_carea' id='block_1_8' title="bbox 882 1911 3208 2005">
    <p class='ocr_par' dir='ltr' id='par_1_8' title="bbox 882 1911 3208 2005">
     <span class='ocr_line' id='line_1_8' title="bbox 882 1911 3208 2005; baseline 0.001 -2"><span class='ocrx_word' id='word_1_17' title='bbox 882 1913 1336 2003; x_wconf 77' lang='lat' dir='ltr'>ORATIO</span> <span class='ocrx_word' id='word_1_18' title='bbox 1397 1912 2141 2005; x_wconf 80' lang='lat' dir='ltr'><strong>LAUDATOBIA</strong></span> <span class='ocrx_word' id='word_1_19' title='bbox 2197 1916 2315 2002; x_wconf 89' lang='lat' dir='ltr'><strong>IN</strong></span> <span class='ocrx_word' id='word_1_20' title='bbox 2368 1911 3208 2005; x_wconf 75' lang='lat' dir='ltr'><strong>IMPERATOREM</strong></span> 
     </span>
    </p>
   </div>
   <div class='ocr_carea' id='block_1_9' title="bbox 673 2109 3408 2238">
    <p class='ocr_par' dir='ltr' id='par_1_9' title="bbox 673 2109 3408 2238">
     <span class='ocr_line' id='line_1_9' title="bbox 673 2109 3408 2238; baseline 0 -3"><span class='ocrx_word' id='word_1_21' title='bbox 673 2113 829 2236; x_wconf 91' lang='lat' dir='ltr'><strong>D.</strong></span> <span class='ocrx_word' id='word_1_22' title='bbox 926 2110 2072 2237; x_wconf 84' lang='lat' dir='ltr'><strong>ANDRONIGUM</strong></span> <span class='ocrx_word' id='word_1_23' title='bbox 2158 2109 3408 2238; x_wconf 54' lang='lat' dir='ltr'><strong>PALiEOLOGUM.</strong></span> 
     </span>
    </p>
   </div>
   <div class='ocr_carea' id='block_1_10' title="bbox 403 2435 1976 2516">
    <p class='ocr_par' dir='ltr' id='par_1_10' title="bbox 403 2441 1976 2516">
     <span class='ocr_line' id='line_1_10' title="bbox 403 2441 1976 2516; baseline -0.001 -16"><span class='ocrx_word' id='word_1_24' title='bbox 403 2441 772 2516; x_wconf 87' lang='lat' dir='ltr'><strong>Oportuisset</strong></span> <span class='ocrx_word' id='word_1_25' title='bbox 798 2456 1018 2510; x_wconf 83' lang='lat' dir='ltr'><strong>revera,</strong></span> <span class='ocrx_word' id='word_1_26' title='bbox 1052 2441 1306 2499; x_wconf 82' lang='lat' dir='ltr'><strong>maxime</strong></span> <span class='ocrx_word' id='word_1_27' title='bbox 1335 2457 1456 2511; x_wconf 87' lang='lat' dir='ltr'><strong>rex,</strong></span> <span class='ocrx_word' id='word_1_28' title='bbox 1498 2443 1573 2500; x_wconf 87' lang='lat' dir='ltr'><strong>ad</strong></span> <span class='ocrx_word' id='word_1_29' title='bbox 1620 2443 1976 2515; x_wconf 91' lang='lat' dir='ltr'><strong>loquendum</strong></span> 
     </span>
    </p>
   </div>
   <div class='ocr_carea' id='block_1_11' title="bbox 2087 2435 3759 2516">
    <p class='ocr_par' dir='ltr' id='par_1_11' title="bbox 2167 2435 3759 2516">
     <span class='ocr_line' id='line_1_11' title="bbox 2167 2435 3759 2516; baseline 0.001 -20"><span class='ocrx_word' id='word_1_30' title='bbox 2167 2444 2372 2516; x_wconf 82' lang='grc' dir='ltr'>Ἐχρῆν</span> <span class='ocrx_word' id='word_1_31' title='bbox 2408 2439 2521 2514; x_wconf 71' lang='grc' dir='ltr'>μὲν,</span> <span class='ocrx_word' id='word_1_32' title='bbox 2554 2439 2630 2501; x_wconf 83' lang='grc' dir='ltr'>ὡς</span> <span class='ocrx_word' id='word_1_33' title='bbox 2678 2436 2925 2511; x_wconf 81' lang='grc' dir='ltr'>ἀληθῶς,</span> <span class='ocrx_word' id='word_1_34' title='bbox 2977 2435 3198 2515; x_wconf 77' lang='grc' dir='ltr'><strong>μέγιστε</strong></span> <span class='ocrx_word' id='word_1_35' title='bbox 3251 2438 3497 2516; x_wconf 75' lang='grc' dir='ltr'>βασιλεῦ,</span> <span class='ocrx_word' id='word_1_36' title='bbox 3548 2439 3625 2504; x_wconf 83' lang='grc' dir='ltr'>εἷς</span> <span class='ocrx_word' id='word_1_37' title='bbox 3663 2443 3759 2498; x_wconf 84' lang='grc' dir='ltr'>τὸν</span> 
     </span>
    </p>
   </div>
   <div class='ocr_carea' id='block_1_12' title="bbox 328 2530 1977 2605">
    <p class='ocr_par' dir='ltr' id='par_1_12' title="bbox 328 2530 1977 2605">
     <span class='ocr_line' id='line_1_12' title="bbox 328 2530 1977 2605; baseline -0.002 -15"><span class='ocrx_word' id='word_1_38' title='bbox 328 2532 402 2589; x_wconf 89' lang='lat' dir='ltr'><strong>de</strong></span> <span class='ocrx_word' id='word_1_39' title='bbox 423 2536 484 2589; x_wconf 90' lang='lat' dir='ltr'><strong>te</strong></span> <span class='ocrx_word' id='word_1_40' title='bbox 504 2547 620 2588; x_wconf 90' lang='lat' dir='ltr'><strong>non</strong></span> <span class='ocrx_word' id='word_1_41' title='bbox 649 2530 731 2587; x_wconf 91' lang='lat' dir='ltr'><strong>ita</strong></span> <span class='ocrx_word' id='word_1_42' title='bbox 759 2531 1197 2605; x_wconf 91' lang='lat' dir='ltr'><strong>imperitum,ut</strong></span> <span class='ocrx_word' id='word_1_43' title='bbox 1227 2536 1650 2605; x_wconf 89' lang='lat' dir='ltr'><strong>ego,oratorem</strong></span> <span class='ocrx_word' id='word_1_44' title='bbox 1683 2532 1977 2599; x_wconf 84' lang='lat' dir='ltr'><strong>accedere,</strong></span> 
     </span>
    </p>
   </div>
   <div class='ocr_carea' id='block_1_13' title="bbox 328 2618 1978 2694">
    <p class='ocr_par' dir='ltr' id='par_1_13' title="bbox 328 2618 1978 2694">
     <span class='ocr_line' id='line_1_13' title="bbox 328 2618 1978 2694; baseline -0.001 -16"><span class='ocrx_word' id='word_1_45' title='bbox 328 2621 432 2678; x_wconf 90' lang='lat' dir='ltr'><strong>sed</strong></span> <span class='ocrx_word' id='word_1_46' title='bbox 465 2620 570 2694; x_wconf 89' lang='lat' dir='ltr'><strong>qui</strong></span> <span class='ocrx_word' id='word_1_47' title='bbox 602 2618 852 2677; x_wconf 90' lang='lat' dir='ltr'><strong>dicendo</strong></span> <span class='ocrx_word' id='word_1_48' title='bbox 881 2624 1186 2692; x_wconf 83' lang='lat' dir='ltr'><strong>superaret</strong></span> <span class='ocrx_word' id='word_1_49' title='bbox 1217 2637 1424 2678; x_wconf 88' lang='lat' dir='ltr'><strong>omnes</strong></span> <span class='ocrx_word' id='word_1_50' title='bbox 1456 2624 1746 2693; x_wconf 85' lang='lat' dir='ltr'><strong>quotquot</strong></span> <span class='ocrx_word' id='word_1_51' title='bbox 1786 2625 1978 2677; x_wconf 87' lang='lat' dir='ltr'><strong>orato-</strong></span> 
     </span>
    </p>
   </div>
   <div class='ocr_carea' id='block_1_14' title="bbox 328 2707 1978 2782">
    <p class='ocr_par' dir='ltr' id='par_1_14' title="bbox 328 2707 1978 2782">
     <span class='ocr_line' id='line_1_14' title="bbox 328 2707 1978 2782; baseline -0.002 -15"><span class='ocrx_word' id='word_1_52' title='bbox 328 2710 480 2767; x_wconf 88' lang='lat' dir='ltr'><strong>riam</strong></span> <span class='ocrx_word' id='word_1_53' title='bbox 520 2711 707 2766; x_wconf 80' lang='lat' dir='ltr'><strong>artem</strong></span> <span class='ocrx_word' id='word_1_54' title='bbox 746 2707 1129 2765; x_wconf 83' lang='lat' dir='ltr'><strong>excoluerunt</strong></span> <span class='ocrx_word' id='word_1_55' title='bbox 1160 2726 1175 2778; x_wconf 93' lang='lat'><strong>;</strong></span> <span class='ocrx_word' id='word_1_56' title='bbox 1208 2713 1311 2765; x_wconf 91' lang='lat' dir='ltr'><strong>aut</strong></span> <span class='ocrx_word' id='word_1_57' title='bbox 1367 2708 1587 2782; x_wconf 86' lang='lat' dir='ltr'><strong>potius,</strong></span> <span class='ocrx_word' id='word_1_58' title='bbox 1635 2708 1734 2765; x_wconf 91' lang='lat' dir='ltr'><strong>ille</strong></span> <span class='ocrx_word' id='word_1_59' title='bbox 1777 2709 1978 2779; x_wconf 89' lang='lat' dir='ltr'><strong>etiam,</strong></span> 
     </span>
    </p>
   </div>
   <div class='ocr_carea' id='block_1_15' title="bbox 329 2797 1979 2871">
    <p class='ocr_par' dir='ltr' id='par_1_15' title="bbox 329 2797 1979 2871">
     <span class='ocr_line' id='line_1_15' title="bbox 329 2797 1979 2871; baseline -0.001 -15"><span class='ocrx_word' id='word_1_60' title='bbox 329 2813 466 2856; x_wconf 88' lang='lat' dir='ltr'><strong>cum</strong></span> <span class='ocrx_word' id='word_1_61' title='bbox 495 2797 559 2854; x_wconf 91' lang='lat' dir='ltr'><strong>in</strong></span> <span class='ocrx_word' id='word_1_62' title='bbox 586 2813 654 2855; x_wconf 89' lang='lat' dir='ltr'><strong>eo</strong></span> <span class='ocrx_word' id='word_1_63' title='bbox 675 2798 805 2869; x_wconf 88' lang='lat' dir='ltr'><strong>jam</strong></span> <span class='ocrx_word' id='word_1_64' title='bbox 833 2801 991 2854; x_wconf 91' lang='lat' dir='ltr'><strong>esset</strong></span> <span class='ocrx_word' id='word_1_65' title='bbox 1017 2802 1085 2854; x_wconf 89' lang='lat' dir='ltr'><strong>ut</strong></span> <span class='ocrx_word' id='word_1_66' title='bbox 1112 2799 1188 2854; x_wconf 92' lang='lat' dir='ltr'><strong>ad</strong></span> <span class='ocrx_word' id='word_1_67' title='bbox 1224 2797 1588 2870; x_wconf 90' lang='lat' dir='ltr'><strong>loquendum</strong></span> <span class='ocrx_word' id='word_1_68' title='bbox 1618 2799 1979 2871; x_wconf 85' lang='lat' dir='ltr'><strong>procederet,</strong></span> 
     </span>
    </p>
   </div>
   <div class='ocr_carea' id='block_1_16' title="bbox 327 2886 1979 2961">
    <p class='ocr_par' dir='ltr' id='par_1_16' title="bbox 327 2886 1979 2961">
     <span class='ocr_line' id='line_1_16' title="bbox 327 2886 1979 2961; baseline -0.001 -16"><span class='ocrx_word' id='word_1_69' title='bbox 327 2888 416 2946; x_wconf 82' lang='lat' dir='ltr'><strong>rei</strong></span> <span class='ocrx_word' id='word_1_70' title='bbox 452 2886 924 2961; x_wconf 81' lang='lat' dir='ltr'><strong>magnitudinem</strong></span> <span class='ocrx_word' id='word_1_71' title='bbox 956 2886 1213 2958; x_wconf 88' lang='lat' dir='ltr'><strong>intuens,</strong></span> <span class='ocrx_word' id='word_1_72' title='bbox 1266 2887 1507 2957; x_wconf 89' lang='lat' dir='ltr'><strong>diceret,</strong></span> <span class='ocrx_word' id='word_1_73' title='bbox 1561 2904 1678 2944; x_wconf 91' lang='lat' dir='ltr'><strong>non</strong></span> <span class='ocrx_word' id='word_1_74' title='bbox 1710 2904 1880 2944; x_wconf 88' lang='lat' dir='ltr'><strong>secus</strong></span> <span class='ocrx_word' id='word_1_75' title='bbox 1911 2904 1979 2944; x_wconf 92' lang='lat' dir='ltr'><strong>ac</strong></span> 
     </span>
    </p>
   </div>
   <div class='ocr_carea' id='block_1_17' title="bbox 327 2975 1978 3050">
    <p class='ocr_par' dir='ltr' id='par_1_17' title="bbox 327 2975 1978 3050">
     <span class='ocr_line' id='line_1_17' title="bbox 327 2975 1978 3050; baseline -0.001 -16"><span class='ocrx_word' id='word_1_76' title='bbox 327 2992 436 3050; x_wconf 82' lang='lat' dir='ltr'><strong>ego</strong></span> <span class='ocrx_word' id='word_1_77' title='bbox 467 2975 835 3050; x_wconf 87' lang='lat' dir='ltr'><strong>perterritus,</strong></span> <span class='ocrx_word' id='word_1_78' title='bbox 868 2977 1091 3048; x_wconf 89' lang='lat' dir='ltr'><strong>majore</strong></span> <span class='ocrx_word' id='word_1_79' title='bbox 1119 2991 1300 3050; x_wconf 90' lang='lat' dir='ltr'><strong>quam</strong></span> <span class='ocrx_word' id='word_1_80' title='bbox 1332 2991 1395 3032; x_wconf 89' lang='lat' dir='ltr'><strong>se</strong></span> <span class='ocrx_word' id='word_1_81' title='bbox 1423 2980 1652 3033; x_wconf 80' lang='lat' dir='ltr'><strong>oratore</strong></span> <span class='ocrx_word' id='word_1_82' title='bbox 1681 2980 1978 3033; x_wconf 87' lang='lat' dir='ltr'><strong>certamen</strong></span> 
     </span>
    </p>
   </div>
   <div class='ocr_carea' id='block_1_18' title="bbox 323 3063 1979 3139">
    <p class='ocr_par' dir='ltr' id='par_1_18' title="bbox 323 3063 1979 3139">
     <span class='ocr_line' id='line_1_18' title="bbox 323 3063 1979 3139; baseline -0.001 -17"><span class='ocrx_word' id='word_1_83' title='bbox 323 3065 612 3139; x_wconf 83' lang='lat' dir='ltr'><strong>indigere,</strong></span> <span class='ocrx_word' id='word_1_84' title='bbox 654 3063 795 3138; x_wconf 88' lang='lat' dir='ltr'><strong>quia</strong></span> <span class='ocrx_word' id='word_1_85' title='bbox 823 3063 1127 3137; x_wconf 90' lang='lat' dir='ltr'><strong>inceptum</strong></span> <span class='ocrx_word' id='word_1_86' title='bbox 1185 3081 1305 3121; x_wconf 93' lang='lat' dir='ltr'><strong>non</strong></span> <span class='ocrx_word' id='word_1_87' title='bbox 1361 3068 1453 3121; x_wconf 90' lang='lat' dir='ltr'><strong>est</strong></span> <span class='ocrx_word' id='word_1_88' title='bbox 1517 3064 1861 3137; x_wconf 88' lang='lat' dir='ltr'><strong>hujusmodi</strong></span> <span class='ocrx_word' id='word_1_89' title='bbox 1912 3069 1979 3121; x_wconf 90' lang='lat' dir='ltr'><strong>ut</strong></span> 
     </span>
    </p>
   </div>
   <div class='ocr_carea' id='block_1_19' title="bbox 322 3153 1980 3227">
    <p class='ocr_par' dir='ltr' id='par_1_19' title="bbox 322 3153 1980 3227">
     <span class='ocr_line' id='line_1_19' title="bbox 322 3153 1980 3227; baseline -0.002 -15"><span class='ocrx_word' id='word_1_90' title='bbox 322 3154 498 3212; x_wconf 86' lang='lat' dir='ltr'><strong>facile</strong></span> <span class='ocrx_word' id='word_1_91' title='bbox 528 3153 745 3210; x_wconf 90' lang='lat' dir='ltr'><strong>initum</strong></span> <span class='ocrx_word' id='word_1_92' title='bbox 794 3153 1153 3226; x_wconf 81' lang='lat' dir='ltr'><strong>perﬁciatur,</strong></span> <span class='ocrx_word' id='word_1_93' title='bbox 1203 3153 1323 3210; x_wconf 86' lang='lat' dir='ltr'><strong>nisi</strong></span> <span class='ocrx_word' id='word_1_94' title='bbox 1368 3154 1670 3226; x_wconf 88' lang='lat' dir='ltr'><strong>quoddam</strong></span> <span class='ocrx_word' id='word_1_95' title='bbox 1726 3154 1980 3227; x_wconf 89' lang='lat' dir='ltr'><strong>desuper</strong></span> 
     </span>
    </p>
   </div>
   <div class='ocr_carea' id='block_1_20' title="bbox 323 3241 1977 3315">
    <p class='ocr_par' dir='ltr' id='par_1_20' title="bbox 323 3241 1977 3315">
     <span class='ocr_line' id='line_1_20' title="bbox 323 3241 1977 3315; baseline -0.001 -16"><span class='ocrx_word' id='word_1_96' title='bbox 323 3242 591 3301; x_wconf 88' lang='lat' dir='ltr'><strong>divinum</strong></span> <span class='ocrx_word' id='word_1_97' title='bbox 622 3241 996 3315; x_wconf 86' lang='lat' dir='ltr'><strong>superveniat</strong></span> <span class='ocrx_word' id='word_1_98' title='bbox 1031 3241 1320 3299; x_wconf 82' lang='lat' dir='ltr'><strong>auxilium</strong></span> <span class='ocrx_word' id='word_1_99' title='bbox 1353 3258 1367 3297; x_wconf 91' lang='lat'><strong>:</strong></span> <span class='ocrx_word' id='word_1_100' title='bbox 1402 3241 1681 3314; x_wconf 90' lang='lat' dir='ltr'><strong>quoniam</strong></span> <span class='ocrx_word' id='word_1_101' title='bbox 1727 3258 1863 3298; x_wconf 88' lang='lat' dir='ltr'><strong>vero</strong></span> <span class='ocrx_word' id='word_1_102' title='bbox 1893 3241 1977 3298; x_wconf 87' lang='lat' dir='ltr'><strong>rei</strong></span> 
     </span>
    </p>
   </div>
   <div class='ocr_carea' id='block_1_21' title="bbox 325 3329 1975 3404">
    <p class='ocr_par' dir='ltr' id='par_1_21' title="bbox 325 3329 1975 3404">
     <span class='ocr_line' id='line_1_21' title="bbox 325 3329 1975 3404; baseline -0.003 -14"><span class='ocrx_word' id='word_1_103' title='bbox 325 3331 654 3399; x_wconf 80' lang='lat' dir='ltr'><strong>excelsitas,</strong></span> <span class='ocrx_word' id='word_1_104' title='bbox 681 3330 926 3404; x_wconf 87' lang='lat' dir='ltr'><strong>perinde</strong></span> <span class='ocrx_word' id='word_1_105' title='bbox 952 3347 1021 3387; x_wconf 91' lang='lat' dir='ltr'><strong>ac</strong></span> <span class='ocrx_word' id='word_1_106' title='bbox 1051 3329 1290 3400; x_wconf 77' lang='lat' dir='ltr'><strong>ccslum,</strong></span> <span class='ocrx_word' id='word_1_107' title='bbox 1319 3347 1527 3387; x_wconf 88' lang='lat' dir='ltr'><strong>omnes</strong></span> <span class='ocrx_word' id='word_1_108' title='bbox 1573 3330 1677 3402; x_wconf 89' lang='lat' dir='ltr'><strong>qui</strong></span> <span class='ocrx_word' id='word_1_109' title='bbox 1714 3330 1776 3385; x_wconf 89' lang='lat' dir='ltr'><strong>in</strong></span> <span class='ocrx_word' id='word_1_110' title='bbox 1805 3330 1975 3386; x_wconf 90' lang='lat' dir='ltr'><strong>illum</strong></span> 
     </span>
    </p>
   </div>
   <div class='ocr_carea' id='block_1_22' title="bbox 324 3418 1979 3495">
    <p class='ocr_par' dir='ltr' id='par_1_22' title="bbox 324 3418 1979 3495">
     <span class='ocr_line' id='line_1_22' title="bbox 324 3418 1979 3495; baseline -0.001 -18"><span class='ocrx_word' id='word_1_111' title='bbox 324 3420 653 3495; x_wconf 85' lang='lat' dir='ltr'><strong>inspiciunt</strong></span> <span class='ocrx_word' id='word_1_112' title='bbox 700 3419 918 3492; x_wconf 88' lang='lat' dir='ltr'><strong>pariter</strong></span> <span class='ocrx_word' id='word_1_113' title='bbox 971 3418 1128 3475; x_wconf 80' lang='lat' dir='ltr'><strong>infra</strong></span> <span class='ocrx_word' id='word_1_114' title='bbox 1172 3436 1237 3476; x_wconf 88' lang='lat' dir='ltr'><strong>se</strong></span> <span class='ocrx_word' id='word_1_115' title='bbox 1285 3419 1586 3491; x_wconf 89' lang='lat' dir='ltr'><strong>relinquit,</strong></span> <span class='ocrx_word' id='word_1_116' title='bbox 1635 3437 1753 3475; x_wconf 90' lang='lat' dir='ltr'><strong>non</strong></span> <span class='ocrx_word' id='word_1_117' title='bbox 1802 3419 1979 3476; x_wconf 85' lang='lat' dir='ltr'><strong>auda-</strong></span> 
     </span>
    </p>
   </div>
   <div class='ocr_carea' id='block_1_23' title="bbox 325 3508 1972 3582">
    <p class='ocr_par' dir='ltr' id='par_1_23' title="bbox 325 3508 1972 3582">
     <span class='ocr_line' id='line_1_23' title="bbox 325 3508 1972 3582; baseline -0.002 -16"><span class='ocrx_word' id='word_1_118' title='bbox 325 3509 417 3567; x_wconf 91' lang='lat' dir='ltr'><strong>cia</strong></span> <span class='ocrx_word' id='word_1_119' title='bbox 444 3508 907 3581; x_wconf 87' lang='lat' dir='ltr'><strong>nostra,etiamsi</strong></span> <span class='ocrx_word' id='word_1_120' title='bbox 927 3525 996 3565; x_wconf 89' lang='lat' dir='ltr'><strong>ex</strong></span> <span class='ocrx_word' id='word_1_121' title='bbox 1026 3508 1311 3582; x_wconf 85' lang='lat' dir='ltr'><strong>dignitate</strong></span> <span class='ocrx_word' id='word_1_122' title='bbox 1332 3508 1598 3564; x_wconf 87' lang='lat' dir='ltr'><strong>decidere</strong></span> <span class='ocrx_word' id='word_1_123' title='bbox 1627 3508 1972 3565; x_wconf 88' lang='lat' dir='ltr'><strong>audeamus.</strong></span> 
     </span>
    </p>
   </div>
   <div class='ocr_carea' id='block_1_24' title="bbox 324 3596 1974 3672">
    <p class='ocr_par' dir='ltr' id='par_1_24' title="bbox 324 3596 1974 3672">
     <span class='ocr_line' id='line_1_24' title="bbox 324 3596 1974 3672; baseline -0.002 -16"><span class='ocrx_word' id='word_1_124' title='bbox 324 3598 476 3672; x_wconf 90' lang='lat' dir='ltr'><strong>spud</strong></span> <span class='ocrx_word' id='word_1_125' title='bbox 489 3597 924 3670; x_wconf 70' lang='lat' dir='ltr'><strong>zequosjudices</strong></span> <span class='ocrx_word' id='word_1_126' title='bbox 936 3597 1160 3669; x_wconf 86' lang='lat' dir='ltr'><strong>absque</strong></span> <span class='ocrx_word' id='word_1_127' title='bbox 1174 3596 1974 3669; x_wconf 87' lang='lat' dir='ltr'><strong>veniaremaneat,siquidem</strong></span> 
     </span>
    </p>
   </div>
   <div class='ocr_carea' id='block_1_25' title="bbox 319 3685 1974 3762">
    <p class='ocr_par' dir='ltr' id='par_1_25' title="bbox 319 3685 1974 3762">
     <span class='ocr_line' id='line_1_25' title="bbox 319 3685 1974 3762; baseline -0.003 -17"><span class='ocrx_word' id='word_1_128' title='bbox 319 3691 456 3762; x_wconf 86' lang='lat' dir='ltr'><strong>post</strong></span> <span class='ocrx_word' id='word_1_129' title='bbox 489 3686 703 3744; x_wconf 87' lang='lat' dir='ltr'><strong>multos</strong></span> <span class='ocrx_word' id='word_1_130' title='bbox 733 3692 790 3742; x_wconf 89' lang='lat' dir='ltr'><strong>et</strong></span> <span class='ocrx_word' id='word_1_131' title='bbox 817 3685 1110 3742; x_wconf 83' lang='lat' dir='ltr'><strong>maximos</strong></span> <span class='ocrx_word' id='word_1_132' title='bbox 1146 3686 1303 3743; x_wconf 91' lang='lat' dir='ltr'><strong>viros</strong></span> <span class='ocrx_word' id='word_1_133' title='bbox 1353 3687 1458 3757; x_wconf 90' lang='lat' dir='ltr'><strong>qui</strong></span> <span class='ocrx_word' id='word_1_134' title='bbox 1504 3686 1791 3741; x_wconf 87' lang='lat' dir='ltr'><strong>hactenus</strong></span> <span class='ocrx_word' id='word_1_135' title='bbox 1822 3685 1974 3741; x_wconf 89' lang='lat' dir='ltr'><strong>hanc</strong></span> 
     </span>
    </p>
   </div>
   <div class='ocr_carea' id='block_1_26' title="bbox 320 3773 2053 3883">
    <p class='ocr_par' dir='ltr' id='par_1_26' title="bbox 320 3773 2053 3883">
     <span class='ocr_line' id='line_1_26' title="bbox 320 3773 2053 3883; baseline -0.002 -50"><span class='ocrx_word' id='word_1_136' title='bbox 320 3792 445 3835; x_wconf 90' lang='lat' dir='ltr'><strong>rem</strong></span> <span class='ocrx_word' id='word_1_137' title='bbox 475 3779 894 3843; x_wconf 88' lang='lat' dir='ltr'><strong>tractaverunt,</strong></span> <span class='ocrx_word' id='word_1_138' title='bbox 925 3775 1035 3832; x_wconf 86' lang='lat' dir='ltr'><strong>hoc</strong></span> <span class='ocrx_word' id='word_1_139' title='bbox 1063 3775 1453 3848; x_wconf 81' lang='lat' dir='ltr'><strong>experiamur.</strong></span> <span class='ocrx_word' id='word_1_140' title='bbox 1485 3775 1556 3830; x_wconf 92' lang='lat' dir='ltr'><strong>Et</strong></span> <span class='ocrx_word' id='word_1_141' title='bbox 1582 3790 1743 3844; x_wconf 88' lang='lat' dir='ltr'><strong>vero,</strong></span> <span class='ocrx_word' id='word_1_142' title='bbox 1774 3773 1823 3830; x_wconf 90' lang='lat' dir='ltr'><strong>si</strong></span> <span class='ocrx_word' id='word_1_143' title='bbox 1844 3774 1975 3846; x_wconf 91' lang='lat' dir='ltr'><strong>ipsa</strong></span> <span class='ocrx_word' id='word_1_144' title='bbox 2000 3815 2053 3883; x_wconf 82' lang='grc' dir='ltr'><strong>Β</strong></span> 
     </span>
     <span class='ocr_line' id='line_1_27' title="bbox 321 3862 1965 3883; baseline -0.002 2"><span class='ocrx_word' id='word_1_145' title='bbox 321 3867 347 3883; x_wconf 78' lang='grc' dir='ltr'>ι.</span> <span class='ocrx_word' id='word_1_146' title='bbox 415 3871 425 3883; x_wconf 95' lang='grc'><em>.</em></span> <span class='ocrx_word' id='word_1_147' title='bbox 504 3881 692 3883; x_wconf 62' lang='lat'><strong>,</strong></span> <span class='ocrx_word' id='word_1_148' title='bbox 753 3864 779 3883; x_wconf 64' lang='grc' dir='ltr'><strong>ι</strong></span> <span class='ocrx_word' id='word_1_149' title='bbox 1017 3872 1031 3883; x_wconf 88' lang='grc'>.</span> <span class='ocrx_word' id='word_1_150' title='bbox 1110 3881 1131 3883; x_wconf 19' lang='grc' dir='ltr'><strong>Υ</strong></span> <span class='ocrx_word' id='word_1_151' title='bbox 1158 3881 1171 3883; x_wconf 93' lang='lat'>_</span> <span class='ocrx_word' id='word_1_152' title='bbox 1331 3864 1579 3883; x_wconf 20' lang='lat' dir='ltr'><strong>“om..-</strong></span> <span class='ocrx_word' id='word_1_153' title='bbox 1640 3862 1965 3883; x_wconf 19' lang='lat' dir='ltr'><strong>“sum”-</strong></span> 
     </span>
    </p>
   </div>
   <div class='ocr_carea' id='block_1_27' title="bbox 317 3862 1971 3937">
    <p class='ocr_par' dir='ltr' id='par_1_27' title="bbox 317 3862 1971 3937">
     <span class='ocr_line' id='line_1_28' title="bbox 317 3862 1971 3937; baseline -0.004 -12"><span class='ocrx_word' id='word_1_154' title='bbox 317 3867 472 3925; x_wconf 84' lang='lat' dir='ltr'><strong>facta</strong></span> <span class='ocrx_word' id='word_1_155' title='bbox 497 3881 703 3923; x_wconf 85' lang='lat' dir='ltr'><strong>vocem</strong></span> <span class='ocrx_word' id='word_1_156' title='bbox 752 3864 1055 3930; x_wconf 83' lang='lat' dir='ltr'><strong>haberent,</strong></span> <span class='ocrx_word' id='word_1_157' title='bbox 1108 3880 1280 3921; x_wconf 88' lang='lat' dir='ltr'><strong>nemo</strong></span> <span class='ocrx_word' id='word_1_158' title='bbox 1330 3864 1587 3937; x_wconf 86' lang='lat' dir='ltr'><strong>profecto</strong></span> <span class='ocrx_word' id='word_1_159' title='bbox 1639 3862 1971 3936; x_wconf 88' lang='lat' dir='ltr'><strong>periclitare</strong></span> 
     </span>
    </p>
   </div>
   <div class='ocr_carea' id='block_1_28' title="bbox 317 3951 1973 4026">
    <p class='ocr_par' dir='ltr' id='par_1_28' title="bbox 317 3951 1973 4026">
     <span class='ocr_line' id='line_1_29' title="bbox 317 3951 1973 4026; baseline -0.004 -13"><span class='ocrx_word' id='word_1_160' title='bbox 317 3958 595 4023; x_wconf 88' lang='lat' dir='ltr'><strong>tentaret,</strong></span> <span class='ocrx_word' id='word_1_161' title='bbox 622 3954 726 4011; x_wconf 90' lang='lat' dir='ltr'><strong>sed</strong></span> <span class='ocrx_word' id='word_1_162' title='bbox 755 3953 889 4010; x_wconf 88' lang='lat' dir='ltr'><strong>istis</strong></span> <span class='ocrx_word' id='word_1_163' title='bbox 917 3953 1299 4026; x_wconf 89' lang='lat' dir='ltr'><strong>potissimum</strong></span> <span class='ocrx_word' id='word_1_164' title='bbox 1331 3954 1403 4009; x_wconf 90' lang='lat' dir='ltr'><strong>de</strong></span> <span class='ocrx_word' id='word_1_165' title='bbox 1431 3952 1644 4025; x_wconf 89' lang='lat' dir='ltr'><strong>seipsis</strong></span> <span class='ocrx_word' id='word_1_166' title='bbox 1690 3951 1973 4025; x_wconf 89' lang='lat' dir='ltr'><strong>loquendi</strong></span> 
     </span>
    </p>
   </div>
   <div class='ocr_carea' id='block_1_29' title="bbox 322 4040 1972 4116">
    <p class='ocr_par' dir='ltr' id='par_1_29' title="bbox 322 4040 1972 4116">
     <span class='ocr_line' id='line_1_30' title="bbox 322 4040 1972 4116; baseline -0.002 -14"><span class='ocrx_word' id='word_1_167' title='bbox 322 4061 465 4102; x_wconf 86' lang='lat' dir='ltr'><strong>cura</strong></span> <span class='ocrx_word' id='word_1_168' title='bbox 495 4042 964 4116; x_wconf 85' lang='lat' dir='ltr'><strong>permitteretur;</strong></span> <span class='ocrx_word' id='word_1_169' title='bbox 996 4042 1152 4115; x_wconf 90' lang='lat' dir='ltr'><strong>quod</strong></span> <span class='ocrx_word' id='word_1_170' title='bbox 1167 4042 1218 4097; x_wconf 91' lang='lat' dir='ltr'><strong>si</strong></span> <span class='ocrx_word' id='word_1_171' title='bbox 1248 4045 1447 4098; x_wconf 91' lang='lat' dir='ltr'><strong>autem</strong></span> <span class='ocrx_word' id='word_1_172' title='bbox 1473 4041 1589 4097; x_wconf 90' lang='lat' dir='ltr'><strong>ista</strong></span> <span class='ocrx_word' id='word_1_173' title='bbox 1616 4040 1700 4096; x_wconf 91' lang='lat' dir='ltr'><strong>nil</strong></span> <span class='ocrx_word' id='word_1_174' title='bbox 1730 4041 1972 4098; x_wconf 83' lang='lat' dir='ltr'><strong>omnino</strong></span> 
     </span>
    </p>
   </div>
   <div class='ocr_carea' id='block_1_30' title="bbox 320 4128 1974 4206">
    <p class='ocr_par' dir='ltr' id='par_1_30' title="bbox 320 4128 1974 4206">
     <span class='ocr_line' id='line_1_31' title="bbox 320 4128 1974 4206; baseline -0.002 -17"><span class='ocrx_word' id='word_1_175' title='bbox 320 4133 666 4206; x_wconf 88' lang='lat' dir='ltr'><strong>loquantur,</strong></span> <span class='ocrx_word' id='word_1_176' title='bbox 714 4131 888 4187; x_wconf 91' lang='lat' dir='ltr'><strong>nobis</strong></span> <span class='ocrx_word' id='word_1_177' title='bbox 954 4135 1153 4188; x_wconf 89' lang='lat' dir='ltr'><strong>autem</strong></span> <span class='ocrx_word' id='word_1_178' title='bbox 1209 4130 1586 4202; x_wconf 87' lang='lat' dir='ltr'><strong>loquentibus</strong></span> <span class='ocrx_word' id='word_1_179' title='bbox 1633 4128 1857 4203; x_wconf 90' lang='lat' dir='ltr'><strong>aliquid</strong></span> <span class='ocrx_word' id='word_1_180' title='bbox 1901 4130 1974 4187; x_wconf 89' lang='lat' dir='ltr'><strong>de</strong></span> 
     </span>
    </p>
   </div>
   <div class='ocr_carea' id='block_1_31' title="bbox 319 4217 1973 4293">
    <p class='ocr_par' dir='ltr' id='par_1_31' title="bbox 319 4217 1973 4293">
     <span class='ocr_line' id='line_1_32' title="bbox 319 4217 1973 4293; baseline -0.002 -15"><span class='ocrx_word' id='word_1_181' title='bbox 319 4222 416 4279; x_wconf 88' lang='lat' dir='ltr'><strong>his</strong></span> <span class='ocrx_word' id='word_1_182' title='bbox 457 4221 650 4278; x_wconf 89' lang='lat' dir='ltr'><strong>dicere</strong></span> <span class='ocrx_word' id='word_1_183' title='bbox 679 4219 959 4293; x_wconf 86' lang='lat' dir='ltr'><strong>supersit,</strong></span> <span class='ocrx_word' id='word_1_184' title='bbox 995 4236 1100 4276; x_wconf 91' lang='lat' dir='ltr'><strong>cur</strong></span> <span class='ocrx_word' id='word_1_185' title='bbox 1130 4234 1246 4275; x_wconf 91' lang='lat' dir='ltr'><strong>non</strong></span> <span class='ocrx_word' id='word_1_186' title='bbox 1277 4218 1350 4274; x_wconf 89' lang='lat' dir='ltr'><strong>de</strong></span> <span class='ocrx_word' id='word_1_187' title='bbox 1378 4217 1519 4291; x_wconf 83' lang='lat' dir='ltr'><strong>illis,</strong></span> <span class='ocrx_word' id='word_1_188' title='bbox 1564 4222 1857 4291; x_wconf 90' lang='lat' dir='ltr'><strong>quantum</strong></span> <span class='ocrx_word' id='word_1_189' title='bbox 1885 4218 1973 4275; x_wconf 88' lang='lat' dir='ltr'><strong>fa-</strong></span> 
     </span>
    </p>
   </div>
   <div class='ocr_carea' id='block_1_32' title="bbox 322 4309 1973 4381">
    <p class='ocr_par' dir='ltr' id='par_1_32' title="bbox 322 4309 1973 4381">
     <span class='ocr_line' id='line_1_33' title="bbox 322 4309 1973 4381; baseline -0.002 -14"><span class='ocrx_word' id='word_1_190' title='bbox 322 4310 514 4369; x_wconf 85' lang='lat' dir='ltr'><strong>cultas</strong></span> <span class='ocrx_word' id='word_1_191' title='bbox 537 4314 647 4381; x_wconf 88' lang='lat' dir='ltr'><strong>est,</strong></span> <span class='ocrx_word' id='word_1_192' title='bbox 678 4311 858 4368; x_wconf 88' lang='lat' dir='ltr'><strong>verba</strong></span> <span class='ocrx_word' id='word_1_193' title='bbox 884 4310 1299 4381; x_wconf 85' lang='lat' dir='ltr'><strong>faceremus,et</strong></span> <span class='ocrx_word' id='word_1_194' title='bbox 1325 4325 1443 4365; x_wconf 91' lang='lat' dir='ltr'><strong>non</strong></span> <span class='ocrx_word' id='word_1_195' title='bbox 1461 4309 1815 4365; x_wconf 91' lang='lat' dir='ltr'><strong>auderemus</strong></span> <span class='ocrx_word' id='word_1_196' title='bbox 1847 4313 1973 4365; x_wconf 89' lang='lat' dir='ltr'><strong>ten-</strong></span> 
     </span>
    </p>
   </div>
   <div class='ocr_carea' id='block_1_33' title="bbox 320 4396 1976 4471">
    <p class='ocr_par' dir='ltr' id='par_1_33' title="bbox 320 4396 1976 4471">
     <span class='ocr_line' id='line_1_34' title="bbox 320 4396 1976 4471; baseline -0.002 -15"><span class='ocrx_word' id='word_1_197' title='bbox 320 4400 505 4457; x_wconf 84' lang='lat' dir='ltr'><strong>tare?</strong></span> <span class='ocrx_word' id='word_1_198' title='bbox 536 4417 611 4457; x_wconf 89' lang='lat' dir='ltr'><strong>ne</strong></span> <span class='ocrx_word' id='word_1_199' title='bbox 664 4398 953 4457; x_wconf 88' lang='lat' dir='ltr'><strong>memoria</strong></span> <span class='ocrx_word' id='word_1_200' title='bbox 1022 4396 1225 4471; x_wconf 89' lang='lat' dir='ltr'><strong>elapsa</strong></span> <span class='ocrx_word' id='word_1_201' title='bbox 1264 4402 1323 4454; x_wconf 90' lang='lat' dir='ltr'><strong>et</strong></span> <span class='ocrx_word' id='word_1_202' title='bbox 1394 4396 1705 4454; x_wconf 88' lang='lat' dir='ltr'><strong>oblivionis</strong></span> <span class='ocrx_word' id='word_1_203' title='bbox 1765 4398 1976 4453; x_wconf 86' lang='lat' dir='ltr'><strong>obruta</strong></span> 
     </span>
    </p>
   </div>
   <div class='ocr_carea' id='block_1_34' title="bbox 323 4486 1974 4563">
    <p class='ocr_par' dir='ltr' id='par_1_34' title="bbox 323 4486 1974 4563">
     <span class='ocr_line' id='line_1_35' title="bbox 323 4486 1974 4563; baseline -0.002 -18"><span class='ocrx_word' id='word_1_204' title='bbox 323 4488 553 4563; x_wconf 84' lang='lat' dir='ltr'><strong>gurgite</strong></span> <span class='ocrx_word' id='word_1_205' title='bbox 595 4487 769 4545; x_wconf 88' lang='lat' dir='ltr'><strong>citius</strong></span> <span class='ocrx_word' id='word_1_206' title='bbox 812 4490 1055 4561; x_wconf 90' lang='lat' dir='ltr'><strong>pereant</strong></span> <span class='ocrx_word' id='word_1_207' title='bbox 1080 4491 1138 4544; x_wconf 90' lang='lat' dir='ltr'><strong>et</strong></span> <span class='ocrx_word' id='word_1_208' title='bbox 1164 4486 1497 4543; x_wconf 87' lang='lat' dir='ltr'><strong>exolescant</strong></span> <span class='ocrx_word' id='word_1_209' title='bbox 1547 4505 1561 4555; x_wconf 90' lang='lat'><strong>;</strong></span> <span class='ocrx_word' id='word_1_210' title='bbox 1602 4490 1660 4542; x_wconf 91' lang='lat' dir='ltr'><strong>et</strong></span> <span class='ocrx_word' id='word_1_211' title='bbox 1700 4486 1974 4559; x_wconf 90' lang='lat' dir='ltr'><strong>equidem</strong></span> 
     </span>
    </p>
   </div>
   <div class='ocr_carea' id='block_1_35' title="bbox 323 4576 1975 4650">
    <p class='ocr_par' dir='ltr' id='par_1_35' title="bbox 323 4576 1975 4650">
     <span class='ocr_line' id='line_1_36' title="bbox 323 4576 1975 4650; baseline -0.001 -18"><span class='ocrx_word' id='word_1_212' title='bbox 323 4577 610 4650; x_wconf 86' lang='lat' dir='ltr'><strong>injuriam</strong></span> <span class='ocrx_word' id='word_1_213' title='bbox 641 4580 1004 4650; x_wconf 87' lang='lat' dir='ltr'><strong>paterentur,</strong></span> <span class='ocrx_word' id='word_1_214' title='bbox 1028 4576 1079 4633; x_wconf 89' lang='lat' dir='ltr'><strong>si</strong></span> <span class='ocrx_word' id='word_1_215' title='bbox 1116 4576 1557 4633; x_wconf 86' lang='lat' dir='ltr'><strong>transmittente</strong></span> <span class='ocrx_word' id='word_1_216' title='bbox 1602 4592 1672 4631; x_wconf 91' lang='lat' dir='ltr'><strong>ea</strong></span> <span class='ocrx_word' id='word_1_217' title='bbox 1702 4590 1975 4632; x_wconf 90' lang='lat' dir='ltr'><strong>sermone</strong></span> 
     </span>
    </p>
   </div>
   <div class='ocr_carea' id='block_1_36' title="bbox 325 4663 1974 4738">
    <p class='ocr_par' dir='ltr' id='par_1_36' title="bbox 325 4663 1974 4738">
     <span class='ocr_line' id='line_1_37' title="bbox 325 4663 1974 4738; baseline -0.001 -16"><span class='ocrx_word' id='word_1_218' title='bbox 325 4665 610 4725; x_wconf 85' lang='lat' dir='ltr'><strong>frustrata</strong></span> <span class='ocrx_word' id='word_1_219' title='bbox 636 4666 847 4735; x_wconf 89' lang='lat' dir='ltr'><strong>forent,</strong></span> <span class='ocrx_word' id='word_1_220' title='bbox 879 4670 940 4722; x_wconf 88' lang='lat' dir='ltr'><strong>et</strong></span> <span class='ocrx_word' id='word_1_221' title='bbox 967 4681 1036 4722; x_wconf 90' lang='lat' dir='ltr'><strong>eo</strong></span> <span class='ocrx_word' id='word_1_222' title='bbox 1067 4664 1260 4738; x_wconf 84' lang='lat' dir='ltr'><strong>magis</strong></span> <span class='ocrx_word' id='word_1_223' title='bbox 1291 4665 1448 4737; x_wconf 92' lang='lat' dir='ltr'><strong>quod</strong></span> <span class='ocrx_word' id='word_1_224' title='bbox 1479 4663 1624 4720; x_wconf 89' lang='lat' dir='ltr'><strong>illud</strong></span> <span class='ocrx_word' id='word_1_225' title='bbox 1681 4664 1879 4736; x_wconf 87' lang='lat' dir='ltr'><strong>dignis</strong></span> <span class='ocrx_word' id='word_1_226' title='bbox 1908 4680 1974 4720; x_wconf 90' lang='lat' dir='ltr'><strong>eo</strong></span> 
     </span>
    </p>
   </div>
   <div class='ocr_carea' id='block_1_37' title="bbox 323 4751 1977 4829">
    <p class='ocr_par' dir='ltr' id='par_1_37' title="bbox 323 4751 1977 4829">
     <span class='ocr_line' id='line_1_38' title="bbox 323 4751 1977 4829; baseline -0.002 -17"><span class='ocrx_word' id='word_1_227' title='bbox 323 4755 529 4829; x_wconf 88' lang='lat' dir='ltr'><strong>gestis.</strong></span> <span class='ocrx_word' id='word_1_228' title='bbox 559 4754 760 4828; x_wconf 88' lang='lat' dir='ltr'><strong>qualia</strong></span> <span class='ocrx_word' id='word_1_229' title='bbox 796 4758 939 4812; x_wconf 89' lang='lat' dir='ltr'><strong>sunt</strong></span> <span class='ocrx_word' id='word_1_230' title='bbox 984 4758 1109 4823; x_wconf 91' lang='lat' dir='ltr'><strong>tua,</strong></span> <span class='ocrx_word' id='word_1_231' title='bbox 1167 4770 1286 4827; x_wconf 85' lang='lat' dir='ltr'><strong>rex,</strong></span> <span class='ocrx_word' id='word_1_232' title='bbox 1347 4753 1677 4826; x_wconf 88' lang='lat' dir='ltr'><strong>obtingeret</strong></span> <span class='ocrx_word' id='word_1_233' title='bbox 1710 4770 1724 4821; x_wconf 92' lang='lat'><strong>;</strong></span> <span class='ocrx_word' id='word_1_234' title='bbox 1757 4751 1977 4824; x_wconf 89' lang='lat' dir='ltr'><strong>injuria</strong></span> 
     </span>
    </p>
   </div>
   <div class='ocr_carea' id='block_1_38' title="bbox 325 4841 1975 4915">
    <p class='ocr_par' dir='ltr' id='par_1_38' title="bbox 325 4841 1975 4915">
     <span class='ocr_line' id='line_1_39' title="bbox 325 4841 1975 4915; baseline -0.004 -13"><span class='ocrx_word' id='word_1_235' title='bbox 325 4849 526 4902; x_wconf 89' lang='lat' dir='ltr'><strong>autem</strong></span> <span class='ocrx_word' id='word_1_236' title='bbox 575 4848 634 4901; x_wconf 92' lang='lat' dir='ltr'><strong>et</strong></span> <span class='ocrx_word' id='word_1_237' title='bbox 679 4844 1033 4902; x_wconf 88' lang='lat' dir='ltr'><strong>detrimento</strong></span> <span class='ocrx_word' id='word_1_238' title='bbox 1099 4843 1431 4900; x_wconf 84' lang='lat' dir='ltr'><strong>afﬁceretur</strong></span> <span class='ocrx_word' id='word_1_239' title='bbox 1493 4858 1598 4915; x_wconf 85' lang='lat' dir='ltr'><strong>per</strong></span> <span class='ocrx_word' id='word_1_240' title='bbox 1650 4841 1775 4898; x_wconf 68' lang='lat' dir='ltr'><strong>haac</strong></span> <span class='ocrx_word' id='word_1_241' title='bbox 1831 4842 1975 4910; x_wconf 87' lang='lat' dir='ltr'><strong>vita,</strong></span> 
     </span>
    </p>
   </div>
   <div class='ocr_carea' id='block_1_39' title="bbox 327 4933 1978 5006">
    <p class='ocr_par' dir='ltr' id='par_1_39' title="bbox 327 4933 1978 5006">
     <span class='ocr_line' id='line_1_40' title="bbox 327 4933 1978 5006; baseline -0.002 -17"><span class='ocrx_word' id='word_1_242' title='bbox 327 4933 447 4991; x_wconf 86' lang='lat' dir='ltr'><strong>nisi</strong></span> <span class='ocrx_word' id='word_1_243' title='bbox 473 4948 579 5006; x_wconf 90' lang='lat' dir='ltr'><strong>per</strong></span> <span class='ocrx_word' id='word_1_244' title='bbox 636 4949 968 4990; x_wconf 87' lang='lat' dir='ltr'><strong>sermonem</strong></span> <span class='ocrx_word' id='word_1_245' title='bbox 1025 4933 1143 4989; x_wconf 89' lang='lat' dir='ltr'><strong>ista</strong></span> <span class='ocrx_word' id='word_1_246' title='bbox 1196 4933 1343 4989; x_wconf 87' lang='lat' dir='ltr'><strong>ﬁant</strong></span> <span class='ocrx_word' id='word_1_247' title='bbox 1385 4934 1859 5003; x_wconf 88' lang='lat' dir='ltr'><strong>monumentum,</strong></span> <span class='ocrx_word' id='word_1_248' title='bbox 1918 4934 1978 4987; x_wconf 92' lang='lat' dir='ltr'><strong>et</strong></span> 
     </span>
    </p>
   </div>
   <div class='ocr_carea' id='block_1_40' title="bbox 328 5020 1977 5094">
    <p class='ocr_par' dir='ltr' id='par_1_40' title="bbox 328 5020 1977 5094">
     <span class='ocr_line' id='line_1_41' title="bbox 328 5020 1977 5094; baseline -0.003 -14"><span class='ocrx_word' id='word_1_249' title='bbox 328 5022 640 5080; x_wconf 85' lang='lat' dir='ltr'><strong>admiratio</strong></span> <span class='ocrx_word' id='word_1_250' title='bbox 672 5026 731 5080; x_wconf 90' lang='lat' dir='ltr'><strong>et</strong></span> <span class='ocrx_word' id='word_1_251' title='bbox 758 5022 968 5080; x_wconf 89' lang='lat' dir='ltr'><strong>homor</strong></span> <span class='ocrx_word' id='word_1_252' title='bbox 997 5021 1083 5078; x_wconf 90' lang='lat' dir='ltr'><strong>illi</strong></span> <span class='ocrx_word' id='word_1_253' title='bbox 1112 5022 1174 5078; x_wconf 91' lang='lat' dir='ltr'><strong>in</strong></span> <span class='ocrx_word' id='word_1_254' title='bbox 1232 5020 1395 5078; x_wconf 89' lang='lat' dir='ltr'><strong>omni</strong></span> <span class='ocrx_word' id='word_1_255' title='bbox 1440 5026 1705 5094; x_wconf 84' lang='lat' dir='ltr'><strong>tempore</strong></span> <span class='ocrx_word' id='word_1_256' title='bbox 1758 5022 1977 5093; x_wconf 85' lang='lat' dir='ltr'><strong>imper-</strong></span> 
     </span>
    </p>
   </div>
   <div class='ocr_carea' id='block_1_41' title="bbox 324 5111 570 5171">
    <p class='ocr_par' dir='ltr' id='par_1_41' title="bbox 324 5111 570 5171">
     <span class='ocr_line' id='line_1_42' title="bbox 324 5111 570 5171; baseline 0 -3"><span class='ocrx_word' id='word_1_257' title='bbox 324 5111 570 5171; x_wconf 89' lang='lat' dir='ltr'><strong>tiantur.</strong></span> 
     </span>
    </p>
   </div>
   <div class='ocr_carea' id='block_1_42' title="bbox 399 5288 1980 5366">
    <p class='ocr_par' dir='ltr' id='par_1_42' title="bbox 399 5288 1980 5366">
     <span class='ocr_line' id='line_1_43' title="bbox 399 5288 1980 5366; baseline -0.003 -17"><span class='ocrx_word' id='word_1_258' title='bbox 399 5295 601 5366; x_wconf 88' lang='lat' dir='ltr'><strong>Nuper</strong></span> <span class='ocrx_word' id='word_1_259' title='bbox 628 5291 924 5365; x_wconf 88' lang='lat' dir='ltr'><strong>equidem,</strong></span> <span class='ocrx_word' id='word_1_260' title='bbox 957 5308 1076 5365; x_wconf 88' lang='lat' dir='ltr'><strong>rex,</strong></span> <span class='ocrx_word' id='word_1_261' title='bbox 1110 5307 1245 5348; x_wconf 91' lang='lat' dir='ltr'><strong>cum</strong></span> <span class='ocrx_word' id='word_1_262' title='bbox 1268 5307 1411 5347; x_wconf 61' lang='lat' dir='ltr'><strong>mea;</strong></span> <span class='ocrx_word' id='word_1_263' title='bbox 1440 5290 1502 5346; x_wconf 92' lang='lat' dir='ltr'><strong>in</strong></span> <span class='ocrx_word' id='word_1_264' title='bbox 1533 5289 1779 5346; x_wconf 88' lang='lat' dir='ltr'><strong>dicendo</strong></span> <span class='ocrx_word' id='word_1_265' title='bbox 1804 5288 1980 5346; x_wconf 85' lang='lat' dir='ltr'><strong>facul-</strong></span> 
     </span>
    </p>
   </div>
   <div class='ocr_carea' id='block_1_43' title="bbox 327 5378 1978 5454">
    <p class='ocr_par' dir='ltr' id='par_1_43' title="bbox 327 5378 1978 5454">
     <span class='ocr_line' id='line_1_44' title="bbox 327 5378 1978 5454; baseline -0.004 -14"><span class='ocrx_word' id='word_1_266' title='bbox 327 5382 470 5440; x_wconf 80' lang='lat' dir='ltr'><strong>tatis</strong></span> <span class='ocrx_word' id='word_1_267' title='bbox 499 5380 829 5454; x_wconf 87' lang='lat' dir='ltr'><strong>periculum</strong></span> <span class='ocrx_word' id='word_1_268' title='bbox 862 5380 1134 5451; x_wconf 83' lang='lat' dir='ltr'><strong>facerem,</strong></span> <span class='ocrx_word' id='word_1_269' title='bbox 1165 5379 1252 5436; x_wconf 88' lang='lat' dir='ltr'><strong>illi</strong></span> <span class='ocrx_word' id='word_1_270' title='bbox 1281 5379 1687 5453; x_wconf 90' lang='lat' dir='ltr'><strong>supponebam</strong></span> <span class='ocrx_word' id='word_1_271' title='bbox 1721 5378 1978 5435; x_wconf 87' lang='lat' dir='ltr'><strong>minores</strong></span> 
     </span>
    </p>
   </div>
   <div class='ocr_carea' id='block_1_44' title="bbox 328 5466 1978 5540">
    <p class='ocr_par' dir='ltr' id='par_1_44' title="bbox 328 5466 1978 5540">
     <span class='ocr_line' id='line_1_45' title="bbox 328 5466 1978 5540; baseline -0.003 -13"><span class='ocrx_word' id='word_1_272' title='bbox 328 5469 628 5536; x_wconf 88' lang='lat' dir='ltr'><strong>materias,</strong></span> <span class='ocrx_word' id='word_1_273' title='bbox 655 5485 804 5540; x_wconf 92' lang='lat' dir='ltr'><strong>quas</strong></span> <span class='ocrx_word' id='word_1_274' title='bbox 844 5468 1012 5525; x_wconf 83' lang='lat' dir='ltr'><strong>facile</strong></span> <span class='ocrx_word' id='word_1_275' title='bbox 1057 5469 1414 5540; x_wconf 88' lang='lat' dir='ltr'><strong>quandoque</strong></span> <span class='ocrx_word' id='word_1_276' title='bbox 1460 5468 1784 5525; x_wconf 90' lang='lat' dir='ltr'><strong>edisserere</strong></span> <span class='ocrx_word' id='word_1_277' title='bbox 1832 5466 1978 5524; x_wconf 89' lang='lat' dir='ltr'><strong>mihi</strong></span> 
     </span>
    </p>
   </div>
   <div class='ocr_carea' id='block_1_45' title="bbox 329 5557 1976 5631">
    <p class='ocr_par' dir='ltr' id='par_1_45' title="bbox 329 5557 1976 5631">
     <span class='ocr_line' id='line_1_46' title="bbox 329 5557 1976 5631; baseline -0.003 -12"><span class='ocrx_word' id='word_1_278' title='bbox 329 5558 660 5628; x_wconf 86' lang='lat' dir='ltr'><strong>videbatur,</strong></span> <span class='ocrx_word' id='word_1_279' title='bbox 709 5562 768 5615; x_wconf 90' lang='lat' dir='ltr'><strong>et</strong></span> <span class='ocrx_word' id='word_1_280' title='bbox 809 5557 895 5614; x_wconf 89' lang='lat' dir='ltr'><strong>ita</strong></span> <span class='ocrx_word' id='word_1_281' title='bbox 951 5558 1219 5630; x_wconf 86' lang='lat' dir='ltr'><strong>expedite</strong></span> <span class='ocrx_word' id='word_1_282' title='bbox 1277 5574 1402 5615; x_wconf 91' lang='lat' dir='ltr'><strong>rem</strong></span> <span class='ocrx_word' id='word_1_283' title='bbox 1478 5558 1852 5631; x_wconf 88' lang='lat' dir='ltr'><strong>peragebam,</strong></span> <span class='ocrx_word' id='word_1_284' title='bbox 1898 5560 1976 5628; x_wconf 89' lang='lat' dir='ltr'><strong>et,</strong></span> 
     </span>
    </p>
   </div>
   <div class='ocr_carea' id='block_1_46' title="bbox 397 5709 1729 5803">
    <p class='ocr_par' dir='ltr' id='par_1_46' title="bbox 397 5709 1729 5803">
     <span class='ocr_line' id='line_1_47' title="bbox 397 5709 1729 5803; baseline 0.002 -12"><span class='ocrx_word' id='word_1_285' title='bbox 397 5738 419 5768; x_wconf 76' lang='lat'><strong><em>&#39;</em></strong></span> <span class='ocrx_word' id='word_1_286' title='bbox 441 5737 484 5791; x_wconf 86' lang='lat' dir='ltr'><strong>E</strong></span> <span class='ocrx_word' id='word_1_287' title='bbox 502 5735 688 5793; x_wconf 81' lang='lat' dir='ltr'><strong>codice</strong></span> <span class='ocrx_word' id='word_1_288' title='bbox 708 5737 858 5803; x_wconf 80' lang='lat' dir='ltr'><strong>regio</strong></span> <span class='ocrx_word' id='word_1_289' title='bbox 885 5737 1029 5799; x_wconf 71' lang='lat' dir='ltr'><strong>toto,</strong></span> <span class='ocrx_word' id='word_1_290' title='bbox 1055 5750 1112 5802; x_wconf 93' lang='lat' dir='ltr'><strong>p.</strong></span> <span class='ocrx_word' id='word_1_291' title='bbox 1138 5737 1222 5801; x_wconf 82' lang='grc'><strong>91.</strong></span> <span class='ocrx_word' id='word_1_292' title='bbox 1249 5749 1375 5791; x_wconf 88' lang='lat' dir='ltr'><strong>cum</strong></span> <span class='ocrx_word' id='word_1_293' title='bbox 1394 5738 1483 5793; x_wconf 81' lang='lat'><strong>831</strong></span> <span class='ocrx_word' id='word_1_294' title='bbox 1515 5709 1729 5793; x_wconf 87' lang='lat' dir='ltr'><strong>collato.</strong></span> 
     </span>
    </p>
   </div>
   <div class='ocr_carea' id='block_1_47' title="bbox 2087 2527 3756 2608">
    <p class='ocr_par' dir='ltr' id='par_1_47' title="bbox 2087 2527 3756 2608">
     <span class='ocr_line' id='line_1_48' title="bbox 2087 2527 3756 2608; baseline 0.002 -25"><span class='ocrx_word' id='word_1_295' title='bbox 2087 2529 2176 2583; x_wconf 86' lang='grc' dir='ltr'><strong>σὸν</strong></span> <span class='ocrx_word' id='word_1_296' title='bbox 2210 2527 2374 2605; x_wconf 89' lang='grc' dir='ltr'>λόγον</span> <span class='ocrx_word' id='word_1_297' title='bbox 2405 2528 2512 2604; x_wconf 78' lang='grc' dir='ltr'><strong>οὐχ</strong></span> <span class='ocrx_word' id='word_1_298' title='bbox 2543 2528 2687 2583; x_wconf 73' lang='grc' dir='ltr'>οὕτω</span> <span class='ocrx_word' id='word_1_299' title='bbox 2740 2527 2968 2607; x_wconf 79' lang='grc' dir='ltr'>φαῦλον,</span> <span class='ocrx_word' id='word_1_300' title='bbox 3020 2530 3139 2592; x_wconf 79' lang='grc' dir='ltr'>οἷος</span> <span class='ocrx_word' id='word_1_301' title='bbox 3189 2527 3316 2605; x_wconf 85' lang='grc' dir='ltr'>ἐγὼ,</span> <span class='ocrx_word' id='word_1_302' title='bbox 3352 2529 3561 2608; x_wconf 80' lang='grc' dir='ltr'>ῥήτορα</span> <span class='ocrx_word' id='word_1_303' title='bbox 3588 2551 3756 2606; x_wconf 85' lang='grc' dir='ltr'>παρι-</span> 
     </span>
    </p>
   </div>
   <div class='ocr_carea' id='block_1_48' title="bbox 2088 2615 3751 2696">
    <p class='ocr_par' dir='ltr' id='par_1_48' title="bbox 2088 2615 3751 2696">
     <span class='ocr_line' id='line_1_49' title="bbox 2088 2615 3751 2696; baseline 0.002 -23"><span class='ocrx_word' id='word_1_304' title='bbox 2088 2618 2223 2689; x_wconf 83' lang='grc' dir='ltr'>έναι,</span> <span class='ocrx_word' id='word_1_305' title='bbox 2257 2615 2384 2672; x_wconf 86' lang='grc' dir='ltr'>ἀλλ’</span> <span class='ocrx_word' id='word_1_306' title='bbox 2415 2619 2473 2681; x_wconf 80' lang='grc' dir='ltr'>ὃς</span> <span class='ocrx_word' id='word_1_307' title='bbox 2507 2617 2565 2673; x_wconf 79' lang='grc' dir='ltr'>ἂν</span> <span class='ocrx_word' id='word_1_308' title='bbox 2601 2619 2692 2673; x_wconf 81' lang='grc' dir='ltr'><strong>καὶ</strong></span> <span class='ocrx_word' id='word_1_309' title='bbox 2740 2617 3070 2696; x_wconf 75' lang='grc' dir='ltr'>ὑπερεφώνει</span> <span class='ocrx_word' id='word_1_310' title='bbox 3122 2617 3300 2695; x_wconf 85' lang='grc' dir='ltr'>λέγων</span> <span class='ocrx_word' id='word_1_311' title='bbox 3342 2618 3470 2683; x_wconf 79' lang='grc' dir='ltr'>τοὺς</span> <span class='ocrx_word' id='word_1_312' title='bbox 3516 2617 3751 2695; x_wconf 78' lang='grc' dir='ltr'>ἄλλους,</span> 
     </span>
    </p>
   </div>
   <div class='ocr_carea' id='block_1_49' title="bbox 2089 2704 3744 2785">
    <p class='ocr_par' dir='ltr' id='par_1_49' title="bbox 2089 2704 3744 2785">
     <span class='ocr_line' id='line_1_50' title="bbox 2089 2704 3744 2785; baseline 0.002 -23"><span class='ocrx_word' id='word_1_313' title='bbox 2089 2705 2205 2762; x_wconf 78' lang='grc' dir='ltr'>ὅσοι</span> <span class='ocrx_word' id='word_1_314' title='bbox 2235 2707 2369 2762; x_wconf 73' lang='grc' dir='ltr'>ποτὲ</span> <span class='ocrx_word' id='word_1_315' title='bbox 2397 2704 2577 2783; x_wconf 87' lang='grc' dir='ltr'>λόγων</span> <span class='ocrx_word' id='word_1_316' title='bbox 2605 2708 2816 2782; x_wconf 77' lang='grc' dir='ltr'>ἥψαντο</span> <span class='ocrx_word' id='word_1_317' title='bbox 2859 2706 3086 2784; x_wconf 89' lang='grc' dir='ltr'>τέχνης,</span> <span class='ocrx_word' id='word_1_318' title='bbox 3141 2706 3354 2782; x_wconf 80' lang='grc' dir='ltr'>μᾶλλον</span> <span class='ocrx_word' id='word_1_319' title='bbox 3387 2706 3447 2765; x_wconf 72' lang='grc' dir='ltr'>δὲ</span> <span class='ocrx_word' id='word_1_320' title='bbox 3475 2710 3744 2785; x_wconf 87' lang='grc' dir='ltr'>κάκεῖνος,</span> 
     </span>
    </p>
   </div>
   <div class='ocr_carea' id='block_1_50' title="bbox 2088 2793 3741 2876">
    <p class='ocr_par' dir='ltr' id='par_1_50' title="bbox 2088 2793 3741 2876">
     <span class='ocr_line' id='line_1_51' title="bbox 2088 2793 3741 2876; baseline 0.002 -25"><span class='ocrx_word' id='word_1_321' title='bbox 2088 2794 2238 2859; x_wconf 79' lang='grc' dir='ltr'>ὅστις</span> <span class='ocrx_word' id='word_1_322' title='bbox 2264 2793 2367 2871; x_wconf 82' lang='grc' dir='ltr'><strong>ἄρα</strong></span> <span class='ocrx_word' id='word_1_323' title='bbox 2394 2795 2485 2850; x_wconf 89' lang='grc' dir='ltr'><strong>καὶ</strong></span> <span class='ocrx_word' id='word_1_324' title='bbox 2514 2795 2582 2866; x_wconf 81' lang='grc' dir='ltr'><strong>ἧν</strong></span> <span class='ocrx_word' id='word_1_325' title='bbox 2614 2793 2836 2869; x_wconf 80' lang='grc' dir='ltr'>μέλλων</span> <span class='ocrx_word' id='word_1_326' title='bbox 2877 2796 3062 2851; x_wconf 77' lang='grc' dir='ltr'>ἑαυτὸν</span> <span class='ocrx_word' id='word_1_327' title='bbox 3110 2798 3401 2874; x_wconf 79' lang='grc' dir='ltr'>προσάγειν</span> <span class='ocrx_word' id='word_1_328' title='bbox 3451 2801 3532 2872; x_wconf 82' lang='grc' dir='ltr'><strong>τῷ</strong></span> <span class='ocrx_word' id='word_1_329' title='bbox 3562 2798 3741 2876; x_wconf 87' lang='grc' dir='ltr'>λόγῳ,</span> 
     </span>
    </p>
   </div>
   <div class='ocr_carea' id='block_1_51' title="bbox 2087 2884 3742 2967">
    <p class='ocr_par' dir='ltr' id='par_1_51' title="bbox 2087 2884 3742 2967">
     <span class='ocr_line' id='line_1_52' title="bbox 2087 2884 3742 2967; baseline 0.003 -28"><span class='ocrx_word' id='word_1_330' title='bbox 2087 2884 2181 2940; x_wconf 65' lang='grc' dir='ltr'><strong>εἶθι</strong></span> <span class='ocrx_word' id='word_1_331' title='bbox 2238 2886 2380 2960; x_wconf 84' lang='grc' dir='ltr'>ὁρῶν</span> <span class='ocrx_word' id='word_1_332' title='bbox 2440 2889 2538 2940; x_wconf 75' lang='grc' dir='ltr'><strong>τοῦ</strong></span> <span class='ocrx_word' id='word_1_333' title='bbox 2586 2884 2947 2961; x_wconf 74' lang='grc' dir='ltr'>προκειμένου</span> <span class='ocrx_word' id='word_1_334' title='bbox 2993 2887 3056 2941; x_wconf 87' lang='grc' dir='ltr'>τὸ</span> <span class='ocrx_word' id='word_1_335' title='bbox 3108 2885 3359 2963; x_wconf 85' lang='grc' dir='ltr'>μέγεθος,</span> <span class='ocrx_word' id='word_1_336' title='bbox 3408 2884 3601 2967; x_wconf 76' lang='grc' dir='ltr'>ἔφησεν</span> <span class='ocrx_word' id='word_1_337' title='bbox 3656 2888 3742 2959; x_wconf 82' lang='grc' dir='ltr'><strong>ἂν,</strong></span> 
     </span>
    </p>
   </div>
   <div class='ocr_carea' id='block_1_52' title="bbox 2085 2972 3743 3052">
    <p class='ocr_par' dir='ltr' id='par_1_52' title="bbox 2085 2972 3743 3052">
     <span class='ocr_line' id='line_1_53' title="bbox 2085 2972 3743 3052; baseline 0.002 -22"><span class='ocrx_word' id='word_1_338' title='bbox 2085 2972 2490 3052; x_wconf 84' lang='grc' dir='ltr'><strong>παραπλησίως</strong></span> <span class='ocrx_word' id='word_1_339' title='bbox 2523 2972 3018 3048; x_wconf 82' lang='grc' dir='ltr'>ἐμοὶκαταδείσας,</span> <span class='ocrx_word' id='word_1_340' title='bbox 3080 2975 3323 3049; x_wconf 85' lang='grc' dir='ltr'>μείζονος</span> <span class='ocrx_word' id='word_1_341' title='bbox 3379 2976 3418 3046; x_wconf 71' lang='grc' dir='ltr'>ἢ</span> <span class='ocrx_word' id='word_1_342' title='bbox 3471 2978 3590 3032; x_wconf 82' lang='grc' dir='ltr'>κατ’</span> <span class='ocrx_word' id='word_1_343' title='bbox 3645 2977 3743 3033; x_wconf 81' lang='grc' dir='ltr'><strong>αὕ-</strong></span> 
     </span>
    </p>
   </div>
   <div class='ocr_carea' id='block_1_53' title="bbox 2083 3060 3744 3140">
    <p class='ocr_par' dir='ltr' id='par_1_53' title="bbox 2083 3060 3744 3140">
     <span class='ocr_line' id='line_1_54' title="bbox 2083 3060 3744 3140; baseline 0.002 -22"><span class='ocrx_word' id='word_1_344' title='bbox 2083 3064 2175 3119; x_wconf 89' lang='grc' dir='ltr'><strong>τὸν</strong></span> <span class='ocrx_word' id='word_1_345' title='bbox 2233 3062 2467 3140; x_wconf 72' lang='grc' dir='ltr'>ῥήτορος</span> <span class='ocrx_word' id='word_1_346' title='bbox 2505 3067 2586 3135; x_wconf 81' lang='grc' dir='ltr'><strong>τῷ</strong></span> <span class='ocrx_word' id='word_1_347' title='bbox 2630 3061 2804 3139; x_wconf 80' lang='grc' dir='ltr'>ἀγῶνι</span> <span class='ocrx_word' id='word_1_348' title='bbox 2851 3060 3130 3140; x_wconf 82' lang='grc' dir='ltr'>προσδεῖν⁶</span> <span class='ocrx_word' id='word_1_349' title='bbox 3171 3063 3245 3127; x_wconf 85' lang='grc' dir='ltr'>ὡς</span> <span class='ocrx_word' id='word_1_350' title='bbox 3296 3064 3396 3121; x_wconf 81' lang='grc' dir='ltr'>οὐκ</span> <span class='ocrx_word' id='word_1_351' title='bbox 3441 3062 3600 3130; x_wconf 67' lang='grc' dir='ltr'>ὄντος</span> <span class='ocrx_word' id='word_1_352' title='bbox 3644 3070 3744 3122; x_wconf 76' lang='grc' dir='ltr'><strong>τοῦ</strong></span> 
     </span>
    </p>
   </div>
   <div class='ocr_carea' id='block_1_54' title="bbox 2086 3150 3746 3230">
    <p class='ocr_par' dir='ltr' id='par_1_54' title="bbox 2086 3150 3746 3230">
     <span class='ocr_line' id='line_1_55' title="bbox 2086 3150 3746 3230; baseline 0.002 -24"><span class='ocrx_word' id='word_1_353' title='bbox 2086 3151 2490 3230; x_wconf 76' lang='grc' dir='ltr'>ἐγχειρήματος</span> <span class='ocrx_word' id='word_1_354' title='bbox 2571 3152 2686 3207; x_wconf 81' lang='grc' dir='ltr'>οἷον</span> <span class='ocrx_word' id='word_1_355' title='bbox 2760 3153 2821 3207; x_wconf 79' lang='grc' dir='ltr'>ἄν</span> <span class='ocrx_word' id='word_1_356' title='bbox 2872 3172 2995 3208; x_wconf 91' lang='grc' dir='ltr'>τινα</span> <span class='ocrx_word' id='word_1_357' title='bbox 3048 3150 3140 3207; x_wconf 81' lang='grc' dir='ltr'><strong>καὶ</strong></span> <span class='ocrx_word' id='word_1_358' title='bbox 3208 3150 3410 3230; x_wconf 76' lang='grc' dir='ltr'>ῥᾳδίως</span> <span class='ocrx_word' id='word_1_359' title='bbox 3469 3155 3746 3230; x_wconf 79' lang='grc' dir='ltr'>ἁψάμενον</span> 
     </span>
    </p>
   </div>
   <div class='ocr_carea' id='block_1_55' title="bbox 2086 3239 3748 3320">
    <p class='ocr_par' dir='ltr' id='par_1_55' title="bbox 2086 3239 3748 3320">
     <span class='ocr_line' id='line_1_56' title="bbox 2086 3239 3748 3320; baseline 0.003 -25"><span class='ocrx_word' id='word_1_360' title='bbox 2086 3242 2297 3312; x_wconf 76' lang='grc' dir='ltr'>ἀνύσαι,</span> <span class='ocrx_word' id='word_1_361' title='bbox 2363 3243 2437 3315; x_wconf 84' lang='grc' dir='ltr'><strong>μή</strong></span> <span class='ocrx_word' id='word_1_362' title='bbox 2493 3261 2641 3304; x_wconf 89' lang='grc' dir='ltr'>τινος</span> <span class='ocrx_word' id='word_1_363' title='bbox 2701 3239 2902 3305; x_wconf 71' lang='grc' dir='ltr'>ἄνωθεν</span> <span class='ocrx_word' id='word_1_364' title='bbox 2958 3241 3050 3296; x_wconf 78' lang='grc' dir='ltr'><strong>καὶ</strong></span> <span class='ocrx_word' id='word_1_365' title='bbox 3109 3241 3253 3306; x_wconf 91' lang='grc' dir='ltr'>θείας</span> <span class='ocrx_word' id='word_1_366' title='bbox 3312 3245 3748 3320; x_wconf 79' lang='grc' dir='ltr'>προσαψαμένης</span> 
     </span>
    </p>
   </div>
   <div class='ocr_carea' id='block_1_56' title="bbox 2086 3327 3747 3408">
    <p class='ocr_par' dir='ltr' id='par_1_56' title="bbox 2086 3327 3747 3408">
     <span class='ocr_line' id='line_1_57' title="bbox 2086 3327 3747 3408; baseline 0.002 -22"><span class='ocrx_word' id='word_1_367' title='bbox 2086 3330 2421 3406; x_wconf 76' lang='grc' dir='ltr'>ἐπικουρίας·</span> <span class='ocrx_word' id='word_1_368' title='bbox 2474 3329 2591 3385; x_wconf 83' lang='grc' dir='ltr'>ἐπεὶ</span> <span class='ocrx_word' id='word_1_369' title='bbox 2641 3327 2700 3385; x_wconf 76' lang='grc' dir='ltr'>δὲ</span> <span class='ocrx_word' id='word_1_370' title='bbox 2745 3330 2808 3385; x_wconf 87' lang='grc' dir='ltr'>τὸ</span> <span class='ocrx_word' id='word_1_371' title='bbox 2854 3334 2953 3386; x_wconf 77' lang='grc' dir='ltr'><strong>τοῦ</strong></span> <span class='ocrx_word' id='word_1_372' title='bbox 2999 3329 3319 3408; x_wconf 87' lang='grc' dir='ltr'>πράγματος</span> <span class='ocrx_word' id='word_1_373' title='bbox 3369 3330 3605 3407; x_wconf 80' lang='grc' dir='ltr'>ὑψηλὸν,</span> <span class='ocrx_word' id='word_1_374' title='bbox 3651 3354 3747 3389; x_wconf 90' lang='grc' dir='ltr'>κα-</span> 
     </span>
    </p>
   </div>
   <div class='ocr_carea' id='block_1_57' title="bbox 2086 3416 3745 3496">
    <p class='ocr_par' dir='ltr' id='par_1_57' title="bbox 2086 3416 3745 3496">
     <span class='ocr_line' id='line_1_58' title="bbox 2086 3416 3745 3496; baseline 0.003 -23"><span class='ocrx_word' id='word_1_375' title='bbox 2086 3419 2255 3493; x_wconf 81' lang='grc' dir='ltr'>θάπερ</span> <span class='ocrx_word' id='word_1_376' title='bbox 2314 3417 2541 3494; x_wconf 82' lang='grc' dir='ltr'>οὐρανὸς</span> <span class='ocrx_word' id='word_1_377' title='bbox 2575 3464 2591 3492; x_wconf 85' lang='grc'><strong>,</strong></span> <span class='ocrx_word' id='word_1_378' title='bbox 2649 3416 2778 3481; x_wconf 85' lang='grc' dir='ltr'>τοὺς</span> <span class='ocrx_word' id='word_1_379' title='bbox 2831 3419 2957 3493; x_wconf 88' lang='grc' dir='ltr'>περὶ</span> <span class='ocrx_word' id='word_1_380' title='bbox 3012 3418 3172 3475; x_wconf 77' lang='grc' dir='ltr'>αὐτὸν</span> <span class='ocrx_word' id='word_1_381' title='bbox 3234 3418 3538 3496; x_wconf 71' lang='grc' dir='ltr'>βλέποντας</span> <span class='ocrx_word' id='word_1_382' title='bbox 3594 3423 3745 3478; x_wconf 84' lang='grc' dir='ltr'>κάτω</span> 
     </span>
    </p>
   </div>
   <div class='ocr_carea' id='block_1_58' title="bbox 2083 3504 3741 3583">
    <p class='ocr_par' dir='ltr' id='par_1_58' title="bbox 2083 3504 3741 3583">
     <span class='ocr_line' id='line_1_59' title="bbox 2083 3504 3741 3583; baseline 0.004 -24"><span class='ocrx_word' id='word_1_383' title='bbox 2083 3526 2191 3560; x_wconf 91' lang='grc' dir='ltr'><strong>που</strong></span> <span class='ocrx_word' id='word_1_384' title='bbox 2222 3506 2413 3560; x_wconf 74' lang='grc' dir='ltr'>ἑαυτοῦ</span> <span class='ocrx_word' id='word_1_385' title='bbox 2466 3505 2670 3567; x_wconf 85' lang='grc' dir='ltr'>πάντας</span> <span class='ocrx_word' id='word_1_386' title='bbox 2721 3504 2912 3577; x_wconf 86' lang='grc' dir='ltr'>ἐπίσης</span> <span class='ocrx_word' id='word_1_387' title='bbox 2963 3505 3043 3579; x_wconf 81' lang='grc' dir='ltr'><strong>ἐᾷ,</strong></span> <span class='ocrx_word' id='word_1_388' title='bbox 3098 3507 3197 3564; x_wconf 80' lang='grc' dir='ltr'>οὐκ</span> <span class='ocrx_word' id='word_1_389' title='bbox 3226 3507 3285 3564; x_wconf 79' lang='grc' dir='ltr'><strong>ἃν</strong></span> <span class='ocrx_word' id='word_1_390' title='bbox 3332 3511 3469 3583; x_wconf 80' lang='grc' dir='ltr'>ἡμῖν</span> <span class='ocrx_word' id='word_1_391' title='bbox 3517 3511 3581 3565; x_wconf 87' lang='grc' dir='ltr'>τὸ</span> <span class='ocrx_word' id='word_1_392' title='bbox 3609 3518 3741 3566; x_wconf 84' lang='grc' dir='ltr'>τολ-</span> 
     </span>
    </p>
   </div>
   <div class='ocr_carea' id='block_1_59' title="bbox 2088 3592 3743 3671">
    <p class='ocr_par' dir='ltr' id='par_1_59' title="bbox 2088 3592 3743 3671">
     <span class='ocr_line' id='line_1_60' title="bbox 2088 3592 3743 3671; baseline 0.004 -25"><span class='ocrx_word' id='word_1_393' title='bbox 2088 3599 2280 3667; x_wconf 84' lang='grc' dir='ltr'>μῆσαι,</span> <span class='ocrx_word' id='word_1_394' title='bbox 2337 3592 2433 3647; x_wconf 79' lang='grc' dir='ltr'>εἶτ’</span> <span class='ocrx_word' id='word_1_395' title='bbox 2477 3594 2765 3647; x_wconf 83' lang='grc' dir='ltr'>ἀποπεσεῖν</span> <span class='ocrx_word' id='word_1_396' title='bbox 2814 3599 2919 3663; x_wconf 90' lang='grc' dir='ltr'><strong>τῆς</strong></span> <span class='ocrx_word' id='word_1_397' title='bbox 2975 3593 3123 3665; x_wconf 82' lang='grc' dir='ltr'>ἀξίας</span> <span class='ocrx_word' id='word_1_398' title='bbox 3178 3593 3584 3669; x_wconf 78' lang='grc' dir='ltr'>τολμήσαντας,</span> <span class='ocrx_word' id='word_1_399' title='bbox 3614 3597 3743 3671; x_wconf 86' lang='grc' dir='ltr'>παρ’</span> 
     </span>
    </p>
   </div>
   <div class='ocr_carea' id='block_1_60' title="bbox 2083 3681 3742 3760">
    <p class='ocr_par' dir='ltr' id='par_1_60' title="bbox 2083 3681 3742 3760">
     <span class='ocr_line' id='line_1_61' title="bbox 2083 3681 3742 3760; baseline 0.005 -26"><span class='ocrx_word' id='word_1_400' title='bbox 2083 3681 2390 3757; x_wconf 81' lang='grc' dir='ltr'>εὐγνώμοσι</span> <span class='ocrx_word' id='word_1_401' title='bbox 2421 3686 2633 3757; x_wconf 85' lang='grc' dir='ltr'>κριταῖς</span> <span class='ocrx_word' id='word_1_402' title='bbox 2684 3681 3060 3759; x_wconf 81' lang='grc' dir='ltr'>ἀσύγγνωστον</span> <span class='ocrx_word' id='word_1_403' title='bbox 3116 3685 3289 3758; x_wconf 84' lang='grc' dir='ltr'>μένοι,</span> <span class='ocrx_word' id='word_1_404' title='bbox 3338 3684 3473 3760; x_wconf 82' lang='grc' dir='ltr'>μετὰ</span> <span class='ocrx_word' id='word_1_405' title='bbox 3511 3684 3742 3742; x_wconf 80' lang='grc' dir='ltr'>πολλῶν</span> 
     </span>
    </p>
   </div>
   <div class='ocr_carea' id='block_1_61' title="bbox 2085 3766 3739 3849">
    <p class='ocr_par' dir='ltr' id='par_1_61' title="bbox 2085 3766 3739 3849">
     <span class='ocr_line' id='line_1_62' title="bbox 2085 3766 3739 3849; baseline 0.004 -24"><span class='ocrx_word' id='word_1_406' title='bbox 2085 3769 2172 3825; x_wconf 80' lang='grc' dir='ltr'><strong>καὶ</strong></span> <span class='ocrx_word' id='word_1_407' title='bbox 2208 3769 2481 3846; x_wconf 78' lang='grc' dir='ltr'>μεγάλων,</span> <span class='ocrx_word' id='word_1_408' title='bbox 2530 3766 2797 3845; x_wconf 84' lang='grc' dir='ltr'>ἡμμένων</span> <span class='ocrx_word' id='word_1_409' title='bbox 2845 3772 2982 3834; x_wconf 87' lang='grc' dir='ltr'>τέως</span> <span class='ocrx_word' id='word_1_410' title='bbox 3030 3776 3127 3827; x_wconf 73' lang='grc' dir='ltr'><strong>τοῦ</strong></span> <span class='ocrx_word' id='word_1_411' title='bbox 3176 3774 3561 3849; x_wconf 74' lang='grc' dir='ltr'>προκειμένου,</span> <span class='ocrx_word' id='word_1_412' title='bbox 3590 3777 3739 3831; x_wconf 76' lang='grc' dir='ltr'>τοῦτ’</span> 
     </span>
    </p>
   </div>
   <div class='ocr_carea' id='block_1_62' title="bbox 2084 3855 3740 3941">
    <p class='ocr_par' dir='ltr' id='par_1_62' title="bbox 2084 3855 3740 3941">
     <span class='ocr_line' id='line_1_63' title="bbox 2084 3855 3740 3941; baseline 0.004 -27"><span class='ocrx_word' id='word_1_413' title='bbox 2084 3858 2144 3914; x_wconf 81' lang='grc' dir='ltr'><strong>ἃν</strong></span> <span class='ocrx_word' id='word_1_414' title='bbox 2203 3855 2522 3925; x_wconf 80' lang='grc' dir='ltr'>πεπονθόσι.</span> <span class='ocrx_word' id='word_1_415' title='bbox 2584 3858 2682 3914; x_wconf 86' lang='grc' dir='ltr'>Καὶ</span> <span class='ocrx_word' id='word_1_416' title='bbox 2737 3860 2840 3937; x_wconf 80' lang='grc' dir='ltr'><strong>γὰρ</strong></span> <span class='ocrx_word' id='word_1_417' title='bbox 2899 3860 2945 3915; x_wconf 85' lang='grc' dir='ltr'><strong>εἰ</strong></span> <span class='ocrx_word' id='word_1_418' title='bbox 2998 3861 3092 3935; x_wconf 74' lang='grc' dir='ltr'>μὲν</span> <span class='ocrx_word' id='word_1_419' title='bbox 3138 3860 3274 3918; x_wconf 77' lang='grc' dir='ltr'>αὐτὰ</span> <span class='ocrx_word' id='word_1_420' title='bbox 3304 3864 3491 3941; x_wconf 73' lang='grc' dir='ltr'>φωνὴν</span> <span class='ocrx_word' id='word_1_421' title='bbox 3525 3865 3645 3940; x_wconf 81' lang='grc' dir='ltr'>εἶχε</span> <span class='ocrx_word' id='word_1_422' title='bbox 3672 3864 3740 3920; x_wconf 75' lang='grc' dir='ltr'><strong>τά</strong></span> 
     </span>
    </p>
   </div>
   <div class='ocr_carea' id='block_1_63' title="bbox 2080 3945 3736 4030">
    <p class='ocr_par' dir='ltr' id='par_1_63' title="bbox 2080 3945 3736 4030">
     <span class='ocr_line' id='line_1_64' title="bbox 2080 3945 3736 4030; baseline 0.004 -26"><span class='ocrx_word' id='word_1_423' title='bbox 2080 3945 2409 4025; x_wconf 86' lang='grc' dir='ltr'>πράγματα,</span> <span class='ocrx_word' id='word_1_424' title='bbox 2470 3949 2571 4004; x_wconf 78' lang='grc' dir='ltr'>οὐκ</span> <span class='ocrx_word' id='word_1_425' title='bbox 2616 3947 2675 4005; x_wconf 79' lang='grc' dir='ltr'>ἂν</span> <span class='ocrx_word' id='word_1_426' title='bbox 2735 3946 2870 4013; x_wconf 65' lang='grc' dir='ltr'>ἴσως</span> <span class='ocrx_word' id='word_1_427' title='bbox 2925 3948 3171 4027; x_wconf 80' lang='grc' dir='ltr'>ἥρμοττε</span> <span class='ocrx_word' id='word_1_428' title='bbox 3236 3951 3736 4030; x_wconf 81' lang='grc' dir='ltr'>παρακινδυνεύειν,</span> 
     </span>
    </p>
   </div>
   <div class='ocr_carea' id='block_1_64' title="bbox 2082 4034 3740 4121">
    <p class='ocr_par' dir='ltr' id='par_1_64' title="bbox 2082 4034 3740 4121">
     <span class='ocr_line' id='line_1_65' title="bbox 2082 4034 3740 4121; baseline 0.005 -30"><span class='ocrx_word' id='word_1_429' title='bbox 2082 4037 2268 4099; x_wconf 71' lang='grc' dir='ltr'>αὑτοῖς</span> <span class='ocrx_word' id='word_1_430' title='bbox 2329 4034 2387 4091; x_wconf 77' lang='grc' dir='ltr'>δὲ</span> <span class='ocrx_word' id='word_1_431' title='bbox 2448 4035 2661 4111; x_wconf 80' lang='grc' dir='ltr'>μᾶλλον</span> <span class='ocrx_word' id='word_1_432' title='bbox 2720 4036 2945 4101; x_wconf 82' lang='grc' dir='ltr'>ἐκείνοις</span> <span class='ocrx_word' id='word_1_433' title='bbox 3000 4043 3101 4094; x_wconf 81' lang='grc' dir='ltr'><strong>τοῦ</strong></span> <span class='ocrx_word' id='word_1_434' title='bbox 3146 4040 3272 4115; x_wconf 86' lang='grc' dir='ltr'>περὶ</span> <span class='ocrx_word' id='word_1_435' title='bbox 3322 4041 3525 4098; x_wconf 74' lang='grc' dir='ltr'>ἑαυτῶν</span> <span class='ocrx_word' id='word_1_436' title='bbox 3569 4042 3740 4121; x_wconf 87' lang='grc' dir='ltr'>λόγου</span> 
     </span>
    </p>
   </div>
   <div class='ocr_carea' id='block_1_65' title="bbox 2084 4124 3741 4211">
    <p class='ocr_par' dir='ltr' id='par_1_65' title="bbox 2084 4124 3741 4211">
     <span class='ocr_line' id='line_1_66' title="bbox 2084 4124 3741 4211; baseline 0.004 -30"><span class='ocrx_word' id='word_1_437' title='bbox 2084 4132 2461 4204; x_wconf 87' lang='grc' dir='ltr'>παραχωρεῖν·</span> <span class='ocrx_word' id='word_1_438' title='bbox 2523 4127 2568 4183; x_wconf 80' lang='grc' dir='ltr'><strong>εἰ</strong></span> <span class='ocrx_word' id='word_1_439' title='bbox 2624 4124 2672 4182; x_wconf 88' lang='grc' dir='ltr'>δ’</span> <span class='ocrx_word' id='word_1_440' title='bbox 2703 4127 2882 4183; x_wconf 84' lang='grc' dir='ltr'>ἐκεῖνα</span> <span class='ocrx_word' id='word_1_441' title='bbox 2929 4129 3022 4202; x_wconf 78' lang='grc' dir='ltr'>μὲν</span> <span class='ocrx_word' id='word_1_442' title='bbox 3071 4127 3227 4186; x_wconf 78' lang='grc' dir='ltr'>οὐδὲν</span> <span class='ocrx_word' id='word_1_443' title='bbox 3277 4128 3537 4187; x_wconf 81' lang='grc' dir='ltr'>οὐδέποτε</span> <span class='ocrx_word' id='word_1_444' title='bbox 3583 4132 3741 4211; x_wconf 88' lang='grc' dir='ltr'>φθέγ-</span> 
     </span>
    </p>
   </div>
   <div class='ocr_carea' id='block_1_66' title="bbox 2083 4214 3742 4297">
    <p class='ocr_par' dir='ltr' id='par_1_66' title="bbox 2083 4214 3742 4297">
     <span class='ocr_line' id='line_1_67' title="bbox 2083 4214 3742 4297; baseline 0.004 -27"><span class='ocrx_word' id='word_1_445' title='bbox 2083 4235 2255 4292; x_wconf 86' lang='grc' dir='ltr'>γεται,</span> <span class='ocrx_word' id='word_1_446' title='bbox 2302 4221 2420 4279; x_wconf 91' lang='grc' dir='ltr'>τοῖς</span> <span class='ocrx_word' id='word_1_447' title='bbox 2470 4214 2529 4271; x_wconf 73' lang='grc' dir='ltr'>δὲ</span> <span class='ocrx_word' id='word_1_448' title='bbox 2585 4217 2977 4294; x_wconf 73' lang='grc' dir='ltr'>φθεγγομένοις</span> <span class='ocrx_word' id='word_1_449' title='bbox 3031 4219 3168 4292; x_wconf 75' lang='grc' dir='ltr'>ἡμῖν</span> <span class='ocrx_word' id='word_1_450' title='bbox 3223 4221 3349 4297; x_wconf 82' lang='grc' dir='ltr'>περὶ</span> <span class='ocrx_word' id='word_1_451' title='bbox 3415 4219 3629 4277; x_wconf 86' lang='grc' dir='ltr'>ἐκείνων</span> <span class='ocrx_word' id='word_1_452' title='bbox 3686 4243 3742 4277; x_wconf 90' lang='grc' dir='ltr'><strong>τι</strong></span> 
     </span>
    </p>
   </div>
   <div class='ocr_carea' id='block_1_67' title="bbox 2084 4303 3744 4387">
    <p class='ocr_par' dir='ltr' id='par_1_67' title="bbox 2084 4303 3744 4387">
     <span class='ocr_line' id='line_1_68' title="bbox 2084 4303 3744 4387; baseline 0.004 -26"><span class='ocrx_word' id='word_1_453' title='bbox 2084 4304 2263 4380; x_wconf 84' lang='grc' dir='ltr'>λέγειν</span> <span class='ocrx_word' id='word_1_454' title='bbox 2297 4303 2561 4373; x_wconf 81' lang='grc' dir='ltr'>λείπεται,</span> <span class='ocrx_word' id='word_1_455' title='bbox 2592 4310 2711 4369; x_wconf 82' lang='grc' dir='ltr'><strong>πῶς</strong></span> <span class='ocrx_word' id='word_1_456' title='bbox 2760 4305 2890 4381; x_wconf 81' lang='grc' dir='ltr'>οὐχὶ</span> <span class='ocrx_word' id='word_1_457' title='bbox 2938 4308 3210 4383; x_wconf 72' lang='grc' dir='ltr'>χρηστέον</span> <span class='ocrx_word' id='word_1_458' title='bbox 3258 4314 3376 4373; x_wconf 87' lang='grc' dir='ltr'>τοῖς</span> <span class='ocrx_word' id='word_1_459' title='bbox 3426 4306 3619 4387; x_wconf 84' lang='grc' dir='ltr'>λόγοις</span> <span class='ocrx_word' id='word_1_460' title='bbox 3658 4310 3744 4367; x_wconf 84' lang='grc' dir='ltr'>ἐπ’</span> 
     </span>
    </p>
   </div>
   <div class='ocr_carea' id='block_1_68' title="bbox 2084 4392 3745 4473">
    <p class='ocr_par' dir='ltr' id='par_1_68' title="bbox 2084 4392 3745 4473">
     <span class='ocr_line' id='line_1_69' title="bbox 2084 4392 3745 4473; baseline 0.004 -24"><span class='ocrx_word' id='word_1_461' title='bbox 2084 4392 2290 4467; x_wconf 81' lang='grc' dir='ltr'>αὐτοῖς,</span> <span class='ocrx_word' id='word_1_462' title='bbox 2317 4394 2393 4456; x_wconf 84' lang='grc' dir='ltr'>ὡς</span> <span class='ocrx_word' id='word_1_463' title='bbox 2440 4393 2547 4470; x_wconf 77' lang='grc' dir='ltr'><strong>ἄρα</strong></span> <span class='ocrx_word' id='word_1_464' title='bbox 2591 4394 2682 4450; x_wconf 89' lang='grc' dir='ltr'>καὶ</span> <span class='ocrx_word' id='word_1_465' title='bbox 2730 4393 2986 4472; x_wconf 82' lang='grc' dir='ltr'>ἐγχωρεῖ,</span> <span class='ocrx_word' id='word_1_466' title='bbox 3019 4397 3110 4452; x_wconf 84' lang='grc' dir='ltr'><strong>καὶ</strong></span> <span class='ocrx_word' id='word_1_467' title='bbox 3153 4396 3465 4473; x_wconf 84' lang='grc' dir='ltr'>τολμητέον</span> <span class='ocrx_word' id='word_1_468' title='bbox 3492 4401 3592 4470; x_wconf 79' lang='grc' dir='ltr'>τὴν</span> <span class='ocrx_word' id='word_1_469' title='bbox 3625 4405 3745 4456; x_wconf 88' lang='grc' dir='ltr'>πεῖ-</span> 
     </span>
    </p>
   </div>
   <div class='ocr_carea' id='block_1_69' title="bbox 2086 4480 3745 4565">
    <p class='ocr_par' dir='ltr' id='par_1_69' title="bbox 2086 4480 3745 4565">
     <span class='ocr_line' id='line_1_70' title="bbox 2086 4480 3745 4565; baseline 0.005 -29"><span class='ocrx_word' id='word_1_470' title='bbox 2086 4502 2179 4559; x_wconf 89' lang='grc' dir='ltr'><strong>ραν</strong></span> <span class='ocrx_word' id='word_1_471' title='bbox 2216 4500 2231 4551; x_wconf 90' lang='grc'><strong>;</strong></span> <span class='ocrx_word' id='word_1_472' title='bbox 2266 4480 2352 4536; x_wconf 72' lang='grc' dir='ltr'>ἶνα</span> <span class='ocrx_word' id='word_1_473' title='bbox 2397 4483 2497 4556; x_wconf 79' lang='grc' dir='ltr'>μὴ,</span> <span class='ocrx_word' id='word_1_474' title='bbox 2543 4489 2645 4552; x_wconf 85' lang='grc' dir='ltr'><strong>τῆς</strong></span> <span class='ocrx_word' id='word_1_475' title='bbox 2698 4485 2926 4557; x_wconf 87' lang='grc' dir='ltr'>μνήμης</span> <span class='ocrx_word' id='word_1_476' title='bbox 2971 4480 3073 4556; x_wconf 77' lang='grc' dir='ltr'><strong>ἔξω</strong></span> <span class='ocrx_word' id='word_1_477' title='bbox 3117 4486 3402 4562; x_wconf 88' lang='grc' dir='ltr'>γενόμενα,</span> <span class='ocrx_word' id='word_1_478' title='bbox 3456 4488 3745 4565; x_wconf 74' lang='grc' dir='ltr'>οἰχήσεται</span> 
     </span>
    </p>
   </div>
   <div class='ocr_carea' id='block_1_70' title="bbox 2085 4568 3747 4654">
    <p class='ocr_par' dir='ltr' id='par_1_70' title="bbox 2085 4568 3747 4654">
     <span class='ocr_line' id='line_1_71' title="bbox 2085 4568 3747 4654; baseline 0.007 -30"><span class='ocrx_word' id='word_1_479' title='bbox 2085 4572 2276 4625; x_wconf 78' lang='grc' dir='ltr'>θᾶττον</span> <span class='ocrx_word' id='word_1_480' title='bbox 2349 4571 2440 4625; x_wconf 89' lang='grc' dir='ltr'><strong>καὶ</strong></span> <span class='ocrx_word' id='word_1_481' title='bbox 2513 4568 2936 4649; x_wconf 79' lang='grc' dir='ltr'>διαφθαρήσεται</span> <span class='ocrx_word' id='word_1_482' title='bbox 2986 4619 3000 4646; x_wconf 93' lang='grc'><strong>,</strong></span> <span class='ocrx_word' id='word_1_483' title='bbox 3063 4573 3242 4646; x_wconf 89' lang='grc' dir='ltr'>λήθης</span> <span class='ocrx_word' id='word_1_484' title='bbox 3313 4573 3747 4654; x_wconf 80' lang='grc' dir='ltr'>ἐναπνκρυϐέντα</span> 
     </span>
    </p>
   </div>
   <div class='ocr_carea' id='block_1_71' title="bbox 2091 4658 3748 4737">
    <p class='ocr_par' dir='ltr' id='par_1_71' title="bbox 2091 4658 3748 4737">
     <span class='ocr_line' id='line_1_72' title="bbox 2091 4658 3748 4737; baseline 0.007 -23"><span class='ocrx_word' id='word_1_485' title='bbox 2091 4661 2299 4736; x_wconf 90' lang='grc' dir='ltr'>βυθοῖς,</span> <span class='ocrx_word' id='word_1_486' title='bbox 2331 4660 2423 4715; x_wconf 85' lang='grc' dir='ltr'><strong>καὶ</strong></span> <span class='ocrx_word' id='word_1_487' title='bbox 2469 4658 2631 4716; x_wconf 78' lang='grc' dir='ltr'>ἄδικα</span> <span class='ocrx_word' id='word_1_488' title='bbox 2684 4660 2779 4734; x_wconf 74' lang='grc' dir='ltr'>μὲν</span> <span class='ocrx_word' id='word_1_489' title='bbox 2809 4661 2945 4717; x_wconf 80' lang='grc' dir='ltr'><strong>αὐτᾶ</strong></span> <span class='ocrx_word' id='word_1_490' title='bbox 2988 4662 3176 4737; x_wconf 85' lang='grc' dir='ltr'>πάθοι,</span> <span class='ocrx_word' id='word_1_491' title='bbox 3205 4668 3305 4721; x_wconf 79' lang='grc' dir='ltr'><strong>τοῦ</strong></span> <span class='ocrx_word' id='word_1_492' title='bbox 3345 4661 3748 4732; x_wconf 75' lang='grc' dir='ltr'>ἐπιϐάλλοντος</span> 
     </span>
    </p>
   </div>
   <div class='ocr_carea' id='block_1_72' title="bbox 2086 4747 3744 4831">
    <p class='ocr_par' dir='ltr' id='par_1_72' title="bbox 2086 4747 3744 4831">
     <span class='ocr_line' id='line_1_73' title="bbox 2086 4747 3744 4831; baseline 0.006 -27"><span class='ocrx_word' id='word_1_493' title='bbox 2086 4750 2423 4826; x_wconf 79' lang='grc' dir='ltr'>ἀμοιροῦντα</span> <span class='ocrx_word' id='word_1_494' title='bbox 2469 4747 2659 4826; x_wconf 87' lang='grc' dir='ltr'>λόγου,</span> <span class='ocrx_word' id='word_1_495' title='bbox 2707 4750 2798 4805; x_wconf 83' lang='grc' dir='ltr'><strong>καὶ</strong></span> <span class='ocrx_word' id='word_1_496' title='bbox 2841 4752 3090 4826; x_wconf 80' lang='grc' dir='ltr'>τοσούτῳ</span> <span class='ocrx_word' id='word_1_497' title='bbox 3134 4775 3195 4830; x_wconf 92' lang='grc' dir='ltr'><strong>γε</strong></span> <span class='ocrx_word' id='word_1_498' title='bbox 3248 4754 3461 4829; x_wconf 81' lang='grc' dir='ltr'>μᾶλλον</span> <span class='ocrx_word' id='word_1_499' title='bbox 3513 4755 3625 4831; x_wconf 81' lang='grc' dir='ltr'>ὅσῳ</span> <span class='ocrx_word' id='word_1_500' title='bbox 3652 4757 3744 4813; x_wconf 83' lang='grc' dir='ltr'>καὶ</span> 
     </span>
    </p>
   </div>
   <div class='ocr_carea' id='block_1_73' title="bbox 2086 4834 3743 4919">
    <p class='ocr_par' dir='ltr' id='par_1_73' title="bbox 2086 4834 3743 4919">
     <span class='ocr_line' id='line_1_74' title="bbox 2086 4834 3743 4919; baseline 0.001 -27"><span class='ocrx_word' id='word_1_501' title='bbox 2086 4835 2209 4909; x_wconf 80' lang='grc' dir='ltr'>ἄξια</span> <span class='ocrx_word' id='word_1_502' title='bbox 2260 4836 2461 4893; x_wconf 84' lang='grc' dir='ltr'>τούτου</span> <span class='ocrx_word' id='word_1_503' title='bbox 2514 4834 3013 4915; x_wconf 75' lang='grc' dir='ltr'>καταλαμϐάνεται,</span> <span class='ocrx_word' id='word_1_504' title='bbox 3072 4843 3162 4898; x_wconf 80' lang='grc' dir='ltr'>οἷα</span> <span class='ocrx_word' id='word_1_505' title='bbox 3227 4840 3295 4914; x_wconf 80' lang='grc' dir='ltr'>δὴ</span> <span class='ocrx_word' id='word_1_506' title='bbox 3355 4844 3595 4919; x_wconf 84' lang='grc' dir='ltr'>μάλιστα</span> <span class='ocrx_word' id='word_1_507' title='bbox 3653 4847 3743 4903; x_wconf 81' lang='grc' dir='ltr'><strong>καὶ</strong></span> 
     </span>
    </p>
   </div>
   <div class='ocr_carea' id='block_1_74' title="bbox 2082 4926 3742 5009">
    <p class='ocr_par' dir='ltr' id='par_1_74' title="bbox 2082 4926 3742 5009">
     <span class='ocr_line' id='line_1_75' title="bbox 2082 4926 3742 5009; baseline 0.007 -29"><span class='ocrx_word' id='word_1_508' title='bbox 2082 4926 2152 4981; x_wconf 83' lang='grc' dir='ltr'><strong>τὰ</strong></span> <span class='ocrx_word' id='word_1_509' title='bbox 2182 4926 2268 4992; x_wconf 82' lang='grc' dir='ltr'><strong>σὰ,</strong></span> <span class='ocrx_word' id='word_1_510' title='bbox 2304 4926 2548 5002; x_wconf 75' lang='grc' dir='ltr'>βασιλεῦ·</span> <span class='ocrx_word' id='word_1_511' title='bbox 2581 4926 2923 4985; x_wconf 86' lang='grc' dir='ltr'>συναδικοῖτο</span> <span class='ocrx_word' id='word_1_512' title='bbox 2957 4928 3016 4986; x_wconf 77' lang='grc' dir='ltr'>δὲ</span> <span class='ocrx_word' id='word_1_513' title='bbox 3061 4932 3152 4987; x_wconf 81' lang='grc' dir='ltr'>καὶ</span> <span class='ocrx_word' id='word_1_514' title='bbox 3184 4933 3213 4987; x_wconf 86' lang='grc' dir='ltr'>ὁ</span> <span class='ocrx_word' id='word_1_515' title='bbox 3247 4933 3369 5009; x_wconf 86' lang='grc' dir='ltr'>βίος</span> <span class='ocrx_word' id='word_1_516' title='bbox 3418 4935 3606 4999; x_wconf 75' lang='grc' dir='ltr'>αὐτοῖς</span> <span class='ocrx_word' id='word_1_517' title='bbox 3651 4937 3742 4992; x_wconf 83' lang='grc' dir='ltr'>καὶ</span> 
     </span>
    </p>
   </div>
   <div class='ocr_carea' id='block_1_75' title="bbox 2089 5015 3744 5102">
    <p class='ocr_par' dir='ltr' id='par_1_75' title="bbox 2089 5015 3744 5102">
     <span class='ocr_line' id='line_1_76' title="bbox 2089 5015 3744 5102; baseline 0.007 -34"><span class='ocrx_word' id='word_1_518' title='bbox 2089 5020 2369 5089; x_wconf 89' lang='grc' dir='ltr'>ζημιοῖτο,</span> <span class='ocrx_word' id='word_1_519' title='bbox 2420 5015 2469 5071; x_wconf 73' lang='grc' dir='ltr'>εἴ</span> <span class='ocrx_word' id='word_1_520' title='bbox 2516 5018 2616 5090; x_wconf 77' lang='grc' dir='ltr'>μὴ,</span> <span class='ocrx_word' id='word_1_521' title='bbox 2665 5016 2842 5092; x_wconf 84' lang='grc' dir='ltr'>στήλῃ</span> <span class='ocrx_word' id='word_1_522' title='bbox 2890 5024 3058 5075; x_wconf 81' lang='grc' dir='ltr'>ταῦτα</span> <span class='ocrx_word' id='word_1_523' title='bbox 3105 5021 3209 5077; x_wconf 79' lang='grc' dir='ltr'>ὑπὸ</span> <span class='ocrx_word' id='word_1_524' title='bbox 3258 5026 3358 5079; x_wconf 78' lang='grc' dir='ltr'><strong>τοῦ</strong></span> <span class='ocrx_word' id='word_1_525' title='bbox 3395 5022 3562 5101; x_wconf 85' lang='grc' dir='ltr'>λόγου</span> <span class='ocrx_word' id='word_1_526' title='bbox 3590 5045 3744 5102; x_wconf 85' lang='grc' dir='ltr'>γεγε-</span> 
     </span>
    </p>
   </div>
   <div class='ocr_carea' id='block_1_76' title="bbox 2084 5102 3743 5184">
    <p class='ocr_par' dir='ltr' id='par_1_76' title="bbox 2084 5102 3743 5184">
     <span class='ocr_line' id='line_1_77' title="bbox 2084 5102 3743 5184; baseline 0.004 -27"><span class='ocrx_word' id='word_1_527' title='bbox 2084 5102 2332 5177; x_wconf 88' lang='grc' dir='ltr'>νημένα,</span> <span class='ocrx_word' id='word_1_528' title='bbox 2383 5107 2565 5177; x_wconf 78' lang='grc' dir='ltr'>θαῦμα</span> <span class='ocrx_word' id='word_1_529' title='bbox 2608 5106 2699 5160; x_wconf 81' lang='grc' dir='ltr'>καὶ</span> <span class='ocrx_word' id='word_1_530' title='bbox 2743 5104 3067 5183; x_wconf 80' lang='grc' dir='ltr'>φιλοτιμίας</span> <span class='ocrx_word' id='word_1_531' title='bbox 3114 5109 3365 5173; x_wconf 81' lang='grc' dir='ltr'>ὑπόθεσις</span> <span class='ocrx_word' id='word_1_532' title='bbox 3412 5111 3560 5184; x_wconf 79' lang='grc' dir='ltr'>αὐτῷ</span> <span class='ocrx_word' id='word_1_533' title='bbox 3607 5111 3743 5166; x_wconf 82' lang='grc' dir='ltr'>κατὰ</span> 
     </span>
    </p>
   </div>
   <div class='ocr_carea' id='block_1_77' title="bbox 2006 5181 2878 5270">
    <p class='ocr_par' dir='ltr' id='par_1_77' title="bbox 2006 5181 2878 5270">
     <span class='ocr_line' id='line_1_78' title="bbox 2006 5181 2878 5270; baseline 0.005 -22"><span class='ocrx_word' id='word_1_534' title='bbox 2006 5181 2054 5252; x_wconf 77' lang='lat' dir='ltr'><strong><em>C</em></strong></span> <span class='ocrx_word' id='word_1_535' title='bbox 2087 5191 2287 5254; x_wconf 84' lang='grc' dir='ltr'>παντὸς</span> <span class='ocrx_word' id='word_1_536' title='bbox 2314 5196 2412 5247; x_wconf 79' lang='grc' dir='ltr'><strong>τοῦ</strong></span> <span class='ocrx_word' id='word_1_537' title='bbox 2442 5193 2649 5270; x_wconf 85' lang='grc' dir='ltr'>χρόνου</span> <span class='ocrx_word' id='word_1_538' title='bbox 2674 5181 2878 5267; x_wconf 83' lang='grc' dir='ltr'>δοθείη.</span> 
     </span>
    </p>
   </div>
   <div class='ocr_carea' id='block_1_78' title="bbox 2158 5282 3748 5365">
    <p class='ocr_par' dir='ltr' id='par_1_78' title="bbox 2158 5282 3748 5365">
     <span class='ocr_line' id='line_1_79' title="bbox 2158 5282 3748 5365; baseline 0.004 -28"><span class='ocrx_word' id='word_1_539' title='bbox 2158 5282 2359 5359; x_wconf 83' lang='grc' dir='ltr'>Πρώην</span> <span class='ocrx_word' id='word_1_540' title='bbox 2413 5283 2508 5355; x_wconf 75' lang='grc' dir='ltr'>μὲν</span> <span class='ocrx_word' id='word_1_541' title='bbox 2564 5282 2679 5357; x_wconf 78' lang='grc' dir='ltr'>οὗν,</span> <span class='ocrx_word' id='word_1_542' title='bbox 2729 5285 2972 5360; x_wconf 80' lang='grc' dir='ltr'>βασιλεῦ,</span> <span class='ocrx_word' id='word_1_543' title='bbox 3031 5295 3133 5360; x_wconf 82' lang='grc' dir='ltr'><strong>τῆς</strong></span> <span class='ocrx_word' id='word_1_544' title='bbox 3191 5289 3427 5364; x_wconf 79' lang='grc' dir='ltr'>ἐμαυτοῦ</span> <span class='ocrx_word' id='word_1_545' title='bbox 3474 5288 3600 5365; x_wconf 83' lang='grc' dir='ltr'>περὶ</span> <span class='ocrx_word' id='word_1_546' title='bbox 3654 5286 3748 5344; x_wconf 85' lang='grc' dir='ltr'>λό-</span> 
     </span>
    </p>
   </div>
   <div class='ocr_carea' id='block_1_79' title="bbox 2086 5368 3744 5457">
    <p class='ocr_par' dir='ltr' id='par_1_79' title="bbox 2086 5368 3744 5457">
     <span class='ocr_line' id='line_1_80' title="bbox 2086 5368 3744 5457; baseline 0.004 -32"><span class='ocrx_word' id='word_1_547' title='bbox 2086 5391 2217 5447; x_wconf 89' lang='grc' dir='ltr'>γους</span> <span class='ocrx_word' id='word_1_548' title='bbox 2276 5368 2559 5445; x_wconf 86' lang='grc' dir='ltr'>δυνάμεως</span> <span class='ocrx_word' id='word_1_549' title='bbox 2632 5379 2822 5450; x_wconf 89' lang='grc' dir='ltr'>πεῖραν</span> <span class='ocrx_word' id='word_1_550' title='bbox 2898 5377 3279 5453; x_wconf 78' lang='grc' dir='ltr'>ποιούμενος,</span> <span class='ocrx_word' id='word_1_551' title='bbox 3336 5377 3431 5433; x_wconf 75' lang='grc' dir='ltr'>εἶτ’</span> <span class='ocrx_word' id='word_1_552' title='bbox 3487 5377 3744 5457; x_wconf 78' lang='grc' dir='ltr'>ἀφορμὰς</span> 
     </span>
    </p>
   </div>
   <div class='ocr_carea' id='block_1_80' title="bbox 2087 5459 3744 5543">
    <p class='ocr_par' dir='ltr' id='par_1_80' title="bbox 2087 5459 3744 5543">
     <span class='ocr_line' id='line_1_81' title="bbox 2087 5459 3744 5543; baseline 0.005 -28"><span class='ocrx_word' id='word_1_553' title='bbox 2087 5459 2225 5535; x_wconf 80' lang='grc' dir='ltr'><strong>αὐτῇ</strong></span> <span class='ocrx_word' id='word_1_554' title='bbox 2270 5462 2483 5525; x_wconf 72' lang='grc' dir='ltr'>καὶτὰς</span> <span class='ocrx_word' id='word_1_555' title='bbox 2532 5465 2696 5532; x_wconf 71' lang='grc' dir='ltr'>ἦττον</span> <span class='ocrx_word' id='word_1_556' title='bbox 2743 5462 2851 5529; x_wconf 78' lang='grc' dir='ltr'>ἔσθ’</span> <span class='ocrx_word' id='word_1_557' title='bbox 2898 5465 2988 5521; x_wconf 81' lang='grc' dir='ltr'><strong>ὅτε</strong></span> <span class='ocrx_word' id='word_1_558' title='bbox 3040 5465 3302 5530; x_wconf 78' lang='grc' dir='ltr'>δοκούσας</span> <span class='ocrx_word' id='word_1_559' title='bbox 3352 5462 3499 5543; x_wconf 76' lang='grc' dir='ltr'>ἔχειν</span> <span class='ocrx_word' id='word_1_560' title='bbox 3548 5468 3611 5523; x_wconf 87' lang='grc' dir='ltr'>τὸ</span> <span class='ocrx_word' id='word_1_561' title='bbox 3656 5465 3744 5523; x_wconf 72' lang='grc' dir='ltr'>εὕ-</span> 
     </span>
    </p>
   </div>
   <div class='ocr_carea' id='block_1_81' title="bbox 2088 5545 3747 5633">
    <p class='ocr_par' dir='ltr' id='par_1_81' title="bbox 2088 5545 3747 5633">
     <span class='ocr_line' id='line_1_82' title="bbox 2088 5545 3747 5633; baseline 0.005 -27"><span class='ocrx_word' id='word_1_562' title='bbox 2088 5545 2259 5628; x_wconf 84' lang='grc' dir='ltr'>λογον</span> <span class='ocrx_word' id='word_1_563' title='bbox 2312 5545 2666 5627; x_wconf 79' lang='grc' dir='ltr'>ὑποϐάλλων,</span> <span class='ocrx_word' id='word_1_564' title='bbox 2715 5552 2913 5625; x_wconf 76' lang='grc' dir='ltr'>ἤνυτον</span> <span class='ocrx_word' id='word_1_565' title='bbox 2961 5558 3200 5622; x_wconf 80' lang='grc' dir='ltr'>εὐπετῶς</span> <span class='ocrx_word' id='word_1_566' title='bbox 3247 5556 3310 5612; x_wconf 83' lang='grc' dir='ltr'>τὸ</span> <span class='ocrx_word' id='word_1_567' title='bbox 3355 5556 3747 5633; x_wconf 87' lang='grc' dir='ltr'>προκείμενον,</span> 
     </span>
    </p>
   </div>
  </div>
