2066 3214
168 194 229 226 389

674 196 875 230 LAUDATIO
895 195 1109 228 ANDRONIGI
1131 197 1378 232 PAL/EOLOGI.

1822 204 1885 239 390

165 261 212 289 καὶ
226 262 273 289 τὸν
293 260 410 300 ἔλεγχον
435 261 536 290 ἐκεῖθεν
560 261 615 298 ἤδη
640 265 691 298 τῆς
714 263 810 302 ἰσχύος
834 261 993 300 λαμϐάνων,

1054 263 1119 292 inde
1134 264 1239 293 virium
1250 266 1316 302 jam
1330 266 1471 296 hauriens
1486 269 1707 305 argumentum,
1724 273 1809 308 quasi
1830 275 1883 303 ali-

165 303 205 337 ὤς
229 317 257 333 τι
288 305 462 343 δεδυνημένῳ
486 307 669 346 προσέχαιρον
699 307 821 345 ἐμαυτῷ*
851 308 994 336 ἐλάνθανον

167 349 197 377 δὲ
221 349 273 389 ἄρα
297 353 338 387 τῷ
364 351 483 390 μεγίστῳ
510 350 580 388 τῷδε
594 352 826 391 περιπεσούμενος
841 352 927 391 ἀγῶνι
951 352 996 380 καὶ

165 394 321 423 τούναντίον
348 396 366 430 ἢ
388 395 452 424 τότε
475 395 646 433 πεισόμενος,
662 396 812 434 ἀδυναμίαν
844 397 891 434 μὶν
916 397 999 434 ἐμαυ-

163 441 215 467 τοῦ
230 441 424 478 κατεγνωκὼς,
438 440 496 473 ἀνθ’
510 440 613 476 ἡδονῆς
630 441 659 470 δὲ
677 445 728 478 τῆς
749 442 880 481 πρότερον
907 441 997 477 λύπην

165 484 377 521 κεκομισμένος.
408 486 456 522 Τῷ
485 486 538 524 γὰρ
565 486 677 525 πελάγει
712 489 766 515 τῶν
806 489 860 514 σῶν
893 486 998 521 καλῶν,

167 528 292 566 ἐλπίσας,
322 528 435 569 ἐπαφεὶς
471 531 522 565 τήν
559 531 695 569 γλῶτταν⁷
729 531 908 570 λεμπρότητά
939 541 999 559 τινα

169 574 298 611 περιάψαι
326 576 387 606 τοῖς
417 574 512 613 λόγοις
542 575 671 613 ἐντεῦθεν⁷
702 576 738 608 ὡς
768 577 807 608 εἷς
840 577 914 604 τοῦτ’
941 575 997 611 ἤδη

171 618 311 655 κατέστην,
347 619 506 658 ἀμηχανίας
548 619 676 659 ένέκυρσα
709 620 832 659 πελάγει,
864 620 909 648 καὶ
951 623 997 648 νῦν

172 662 388 701 ἐξαπορούμενος
407 663 523 701 ἵσταμαι
537 668 586 692 ποῖ
609 676 676 694 ποτε
698 666 748 700 τήν
770 666 882 704 πρώτην
908 665 998 704 ὁρμή-

170 718 228 744 σας,
253 706 299 735 καὶ
330 707 404 739 τίνος
435 708 640 747 ἐπειλημμένος
669 710 770 749 ἀρχῆς,
795 710 926 749 γενοίμην
955 709 998 738 εύ-

169 750 348 790 θυδρομήσας
376 752 422 780 καὶ
451 752 601 785 ἀκινδύνως
631 754 746 793 περάνας
772 755 822 790 τήν
861 754 998 792 πρόθεσιν.

166 797 244 824 ⁰Ωστ’
260 796 283 824 εἰ
310 797 357 834 μὲν
382 797 416 832 ἧν
441 797 520 830 εὐθὺς
545 798 570 834 ἐξ
595 799 685 837 ἀρχῆς
710 799 839 837 εἰρηκότα
864 800 914 835 τήν
930 800 998 827 ἀπο-

168 841 228 880 ρίαν
259 841 364 873 ἱκακῶς
403 843 619 881 παραιτήσασθαι
649 842 735 880 δόξαι,
766 843 837 881 μηδὲ
864 844 998 882 ῥᾳθυμίαν

166 889 391 923 καταγνωσθῆναι
406 887 451 914 καὶ
464 887 497 914 τὸ
519 888 557 924 μὴ
587 887 743 926 βούλεσθαι,
759 888 806 916 κᾶν
836 888 998 927 ἀνέστρεφον

1052 308 1123 344 quid
1138 310 1271 345 potuisse
1286 311 1360 339 mihi
1375 313 1605 349 congratulabar
1623 323 1629 342 :
1657 324 1703 344 me
1718 319 1817 346 autem
1833 319 1882 347 fu-

1052 352 1149 389 giebat
1169 354 1199 382 in
1223 355 1278 383 hoc
1293 356 1422 385 maximo
1438 358 1599 387 certamine
1614 367 1678 388 esse
1693 364 1882 393 versaturum

1052 399 1081 426 et
1104 397 1189 426 aliter
1211 408 1371 436 passurum
1386 402 1457 436 fore,
1473 402 1516 431 ita
1539 405 1573 432 ut
1595 412 1692 433 meam
1717 414 1882 443 agnoscens

1052 442 1294 480 imbecillitatem;
1310 445 1373 473 loco
1397 446 1504 483 prioris
1523 448 1625 484 gaudii
1640 448 1722 478 luctu
1737 442 1881 482 afficerer.

1053 486 1180 515 Flumini
1203 488 1282 517 enim
1307 490 1409 518 dotum
1432 492 1554 520 tuarum
1579 501 1612 521 os
1635 493 1798 532 immitens,
1814 505 1881 534 spe-

1053 531 1154 559 rabam
1170 531 1301 569 aliquem
1315 534 1503 570 splendorem
1527 537 1616 566 verba
1638 531 1841 575 circumdare,—
1850 542 1881 570 in

1053 574 1108 603 hoc
1123 576 1243 611 quidem
1258 578 1474 615 persistebam;
1496 589 1588 618 quare
1614 581 1644 611 in
1672 574 1882 615 difﬁcultatum

1053 620 1127 647 mari
1137 620 1285 658 collapsus
1298 631 1376 658 sum,
1387 626 1417 652 et
1431 633 1510 653 nunc
1525 634 1632 663 anceps
1642 627 1738 657 bareo
1751 637 1881 666 quonam

1053 664 1140 693 modo
1165 666 1292 702 primam
1318 668 1439 697 fecerim
1464 671 1694 708 aggressionem,
1710 675 1740 702 et
1758 664 1882 704 initium

1054 708 1170 737 dicendi
1194 711 1331 747 ceperim,
1348 714 1382 740 ut
1406 713 1522 743 felicem
1546 723 1666 745 cursum
1690 726 1829 756 peragam
1852 722 1883 749 et

1054 753 1167 790 absque
1180 755 1351 784 discrimine
1368 759 1554 794 prOpositum
1569 753 1885 801 adimpleamfltaque,

1054 797 1080 826 si
1094 798 1195 827 statim
1214 800 1251 828 ab
1266 801 1351 829 initio
1366 803 1454 830 verba
1468 804 1599 839 inopiam
1615 807 1726 835 affatim
1743 797 1884 838 excusare

1052 842 1218 880 videantur,
1234 853 1293 873 non
1308 849 1422 881 oportet
1441 847 1587 883 ignaviam
1610 859 1733 886 arguere
1757 855 1808 881 aut
1832 855 1882 882 de-

1053 886 1164 915 fectum
1178 889 1349 924 voluntatis,
1365 894 1403 925 et,
1418 893 1553 927 quamvis
1569 903 1585 921 a
1600 895 1723 923 dicendo
1735 898 1798 932 jam
1816 898 1886 926 inde

167 929 288 958 ἐντεῦθεν
317 932 365 958 τοῦ
395 930 491 969 λόγου,
521 932 719 971 ἀνεπιχείρητα
756 934 790 960 τὰ
827 933 888 969 έξῆς
916 943 996 961 κατα-

1055 939 1214 967 aversarer,
1241 934 1494 970 insuperabilibus
1525 939 1637 966 caeteris
1666 940 1785 976 relictis,
1810 952 1886 979 opus

168 973 279 1012 λείψεις,
296 974 350 1002 δέει
364 978 413 1003 τοῦ
439 977 477 1013 μὴ
508 976 601 1008 αὐτοῖς
621 977 694 1015 παρὰ
717 978 767 1012 τὴν
793 978 912 1015 ἐμαυτοῦ
937 988 1000 1015 σμι-

166 1018 324 1057 κροφωνίαν
354 1019 537 1057 λυμήνασθαι.
554 1022 629 1049 Ἐπεὶ
645 1021 669 1049 δ’
685 1022 734 1050 οὐκ
762 1022 833 1050 ἔστιν
863 1022 939 1054 ὅπως
968 1023 999 1050 οὐ

165 1066 254 1091 ταῦτα
279 1066 528 1103 κατακριθήσομαι,
556 1065 621 1103 μηδ’
646 1067 682 1098 ὡς
718 1067 749 1095 ού
782 1069 881 1105 σκῆψιν
913 1070 1001 1095 ποιεῖ-

168 1109 231 1136 σθαι
245 1109 296 1144 τήν
311 1108 462 1148 ὁμολογίαν
491 1114 543 1146 τῆς
571 1111 686 1149 ἀπορίας
715 1111 877 1149 ἀκούσομαι,
893 1111 998 1149 τολμᾷ-ι

170 1153 220 1190 μὲν
243 1153 357 1191 ἀνάγκη,
383 1154 421 1185 ὡς
444 1153 495 1192 ἄρα
518 1155 564 1183 καὶ
584 1155 695 1193 ἔχομεν,
720 1159 787 1184 Θεοῦ
811 1155 835 1184 δ’
863 1156 942 1195 ἔργον
968 1156 998 1184 ἃν

168 1197 211 1233 εἴη
243 1198 345 1236 ὀρέγειν
369 1199 438 1236 ἡμῖν
462 1199 500 1231 εἴς
524 1200 569 1227 τὸν
584 1199 666 1239 λόγον
685 1202 891 1239 καθισταμένοις
907 1204 998 1239 χεῖρα,

166 1243 213 1270 καὶ
234 1244 327 1282 σαφῶς
344 1243 539 1281 ἀπορουμένων
556 1243 813 1282 ἀντιλαμϐάνεσθαι.

204 1286 327 1325 Πατρίδα
360 1288 407 1315 καὶ
430 1288 508 1326 γένος
544 1292 599 1318 τῶν
641 1290 786 1328 ἐγκωμίων
832 1288 999 1319 ὑποϐάλλειν

165 1330 292 1370 κρηπῖδα
306 1332 321 1359 ὁ
336 1336 387 1367 τῆς
400 1332 503 1371 τέχνης
528 1334 629 1371 θεσμὸς
658 1336 725 1371 ἡμῖν
754 1332 918 1363 ὑποϐάλλει.
933 1338 999 1363 Τοι-

165 1378 268 1415 γαροῦν
292 1377 338 1404 καὶ
357 1378 407 1412 τὴν
433 1378 483 1413 σήν
506 1377 634 1416 πατρίδα,
653 1380 764 1417 μέγιστε
789 1380 911 1418 βασιλεῦ,
929 1380 999 1412 ἅπας

165 1421 182 1448 ὁ
202 1423 251 1448 τοῦ
274 1421 376 1456 ὴκότος
400 1420 497 1460 λόγος,
517 1422 564 1450 ’ίνα
584 1424 622 1460 μὴ
650 1423 724 1462 λέγω
745 1424 790 1452 καὶ
815 1426 998 1464 συγγραφικὸς

166 1466 239 1497 ἅπας
267 1465 313 1493 καὶ
341 1468 541 1506 γεωγραφικὸς,
571 1467 682 1506 ἀρίστην
711 1472 761 1504 τῆς
790 1467 856 1504 ὅσην
878 1469 998 1497 οἰκοῦσιν

166 1509 319 1547 ἅνθρωποι,
361 1510 543 1549 παραδίδωσι.
572 1514 660 1550 Τριῶν
694 1513 746 1551 γὰρ
775 1510 871 1548 ὅντων,
901 1512 997 1542 ούκουν

165 1554 315 1591 πλειόνων²
334 1555 372 1586 εἷς
385 1555 402 1582 ἃ
426 1555 561 1594 διαιροῦσι
580 1558 630 1592 τήν
660 1559 724 1596 γῆν,
740 1555 828 1594 Λιϐύη
860 1558 906 1595 μὶν
936 1559 999 1596 περὶ

168 1599 319 1637 ἐλαχίστου
343 1602 403 1631 τοῖς
433 1603 528 1640 σοφοῖς
553 1600 646 1639 γέγονε
681 1600 778 1640 λόγου,
808 1601 885 1630 οὐδὲν
924 1602 997 1639 ἄξιον

169 1643 255 1682 λόγου
297 1643 479 1682 προΐσχουσα·
515 1645 594 1673 Ἀσία
627 1645 655 1673 δὲ
687 1646 732 1674 καὶ
769 1645 902 1685 Εὐρώπη,
936 1648 999 1686 περὶ

168 1688 313 1727 πρωτείων
354 1690 454 1721 ἄνωθεν
498 1689 638 1726 ἀλλήλαις
677 1690 823 1728 έρίζουσαι,
851 1692 884 1720 τὸ
911 1694 1001 1724 νεῖκος

170 1731 280 1760 οὐδέπω
302 1733 346 1761 καὶ
376 1736 422 1761 νῦν
440 1732 610 1771 διελύσαντο,
635 1734 768 1771 ἀλλήλων
794 1735 821 1763 ἐν
853 1739 894 1773 τῷ
924 1737 1000 1775 μέρει

168 1780 318 1816 κρατοῦσαι
347 1778 393 1805 καὶ
423 1779 468 1806 ὑπ’
495 1778 630 1814 ἀλλήλων
658 1780 841 1818 κρατούμεναι
863 1784 918 1809 Σοῦ
942 1780 998 1818 δ’-ἡ

168 1822 269 1861 πατρὶς
298 1822 385 1860 (λέγω
416 1822 444 1851 δὲ
472 1824 531 1860 σὴν,
548 1823 615 1860 ὅσης
641 1825 686 1852 καὶ
702 1823 807 1863 ἄρχεις,
825 1825 847 1853 ὦ
864 1825 998 1864 βασιλεῦ),

167 1867 215 1894 καὶ
236 1866 329 1898 ’Δσίας
354 1866 546 1905 έπειλημμένη
572 1868 616 1896 καὶ
638 1869 775 1906 Εὐρώπης
790 1871 840 1907 (1),
853 1871 898 1898 καὶ
923 1872 997 1909 ἀρχή

167 1922 202 1949 γε
227 1911 335 1939 τούτοιν
365 1912 468 1951 ἀμφοῖν
498 1913 668 1950 νομιζομένη
693 1914 738 1941 καὶ
768 1914 844 1951 οὖσα,
860 1915 910 1943 οὐκ
939 1915 999 1943 οἶδα

166 1958 228 1987 πῶς
245 1956 295 1983 οὐκ
306 1956 335 1984 ἂν
350 1956 395 1983 καὶ
418 1956 545 1994 βελτίστη
560 1960 619 1989 τοῖς
634 1957 711 1990 ὅλοις
727 1958 906 1997 ὁμολογοῖτο,
923 1961 996 1998 ἀρχή

166 2011 200 2039 γε
216 1999 355 2040 διαφανῶς
371 2000 455 2036 αὐτῆς
468 2001 513 2029 καὶ
527 2002 560 2029 τὸ
584 2002 799 2041 προκεκριμένον
827 2004 995 2043 ὑπάρχουσα.

167 2046 245 2073 Ἐπεὶ
275 2044 341 2082 μηδ’
355 2044 455 2083 ἔπρεπε
482 2049 522 2083 τῷ
549 2048 600 2082 τὴν
627 2047 778 2085 ὑπερτάτην
799 2048 829 2076 ἐκ
856 2052 923 2077 Θεοῦ
951 2049 998 2078 λα-

167 2090 250 2128 χόντι
277 2091 362 2127 τιμήν
393 2091 486 2129 ἑτέρας
500 2091 518 2126 ἢ
534 2091 664 2127 τοιαύτης
685 2091 816 2131 πατρίδος
844 2097 949 2132 τυχεῖν,
962 2096 996 2130 ἧς

165 2135 214 2162 τὸν
243 2134 386 2172 σύμπαντα
413 2135 515 2173 κόσμον
544 2136 589 2163 καὶ
615 2137 702 2164 ὁπόσα
716 2136 749 2173 δή
766 2137 821 2165 ἐστι
836 2139 895 2170 καθ’
911 2138 928 2166 ἃ
941 2141 996 2168 τῶν

167 2178 264 2207 ἄλλων
291 2179 449 2208 πλεονεκτεῖ
477 2182 568 2218 (τοῦτο
599 2181 646 2219 μὲν
677 2182 719 2213 οἷς
747 2182 811 2220 ὁρᾷν
836 2182 916 2211 πεδία
930 2183 995 2222 κάρ-

166 2224 242 2260 πιμά
255 2234 285 2251 τε
298 2224 344 2251 καὶ
373 2224 518 2262 κάλλιστα,
534 2226 580 2253 καὶ
611 2226 696 2262 μείζω
724 2226 742 2261 ἢ
772 2226 915 2266 ἀφθαλμὸς
943 2228 996 2264 ἐξι-

166 2270 282 2304 κνεῖται,
318 2269 478 2307 παρέχεται,
507 2272 588 2297 τοῦτο
618 2269 641 2298 δ’
657 2272 698 2302 οἷς
725 2268 776 2309 ὅρη
808 2273 928 2309 μήκιστα
950 2274 995 2301 καὶ

1055 978 1101 1004 est
1124 979 1157 1004 ut
1179 977 1237 1006 ista
1263 987 1323 1007 non
1349 988 1384 1007 ex
1413 982 1490 1009 vocis
1514 982 1713 1013 imbecillitate
1739 977 1885 1023 quidquid

1055 1020 1214 1056 patiantur.
1231 1023 1375 1056 Quoniam
1393 1027 1490 1053 autem
1507 1026 1569 1054 ﬁcri
1590 1037 1647 1056 non
1673 1020 1771 1065 potest
1798 1020 1831 1059 ut
1854 1033 1884 1060 in

1055 1065 1102 1094 his
1118 1075 1176 1094 non
1191 1068 1381 1105 condemner,
1398 1079 1494 1106 neque
1510 1080 1560 1107 pro
1577 1075 1763 1103 excusatione
1777 1076 1883 1112 inopiae

1055 1111 1270 1140 confessionem
1281 1112 1383 1141 haberi
1396 1123 1521 1150 sperem,
1534 1118 1706 1154 audeamus,
1719 1128 1770 1155 pro
1782 1111 1884 1150 nostra

1054 1155 1214 1191 facultate;
1230 1157 1282 1185 Dei
1297 1160 1396 1186 autem
1408 1163 1486 1187 esset
1497 1162 1582 1189 nobis
1599 1172 1765 1192 sermonem
1781 1165 1885 1194 ineun-

1054 1199 1133 1228 tibus
1149 1201 1282 1229 dextram
1296 1204 1456 1239 porrigere,
1474 1207 1502 1232 et
1521 1207 1677 1235 manifesto
1695 1208 1724 1236 in
1740 1210 1885 1246 angustiis

1053 1247 1204 1273 versantes
1220 1246 1370 1282 adjuvare.

1089 1289 1218 1318 Patriam
1227 1292 1256 1319 et
1265 1299 1359 1327 genus
1371 1293 1549 1329 principium
1560 1295 1764 1326 laudationum
1778 1307 1885 1335 ponere

1054 1342 1159 1362 norma
1174 1335 1245 1364 artis
1261 1344 1316 1364 nos
1331 1341 1505 1366 commonet.
1523 1341 1651 1368 Patriam
1675 1344 1757 1371 tuam
1782 1344 1883 1380 igitur,

1053 1386 1113 1415 rex,
1129 1379 1297 1408 laudativus
1312 1382 1438 1418 quisque
1453 1391 1561 1417 sermo,
1578 1393 1614 1412 ne
1630 1386 1725 1414 dicam
1740 1390 1768 1415 et
1787 1379 1882 1416 hieto;

1053 1424 1132 1464 ricus
1140 1424 1266 1460 quisque
1275 1427 1363 1462 atque
1374 1428 1597 1464 geographicus,
1605 1431 1881 1461 excellentissimam

1053 1469 1188 1497 omnium
1203 1477 1293 1505 quam
1307 1470 1440 1499 incolunt
1464 1472 1599 1502 homines
1624 1476 1792 1510 praedicant.
1809 1479 1881 1506 Cum

1053 1513 1132 1541 enim
1148 1514 1208 1541 sint
1222 1516 1282 1543 tres
1296 1518 1405 1551 partes,
1420 1525 1513 1552 neque
1530 1518 1641 1553 plures,
1659 1520 1688 1547 in
1704 1521 1813 1556 quibus
1828 1524 1884 1550 ter-

1054 1566 1117 1585 ram
1132 1558 1277 1593 dividunt,
1294 1559 1382 1596 Libya
1402 1561 1542 1596 primum,
1559 1563 1595 1590 de
1620 1572 1677 1599 qua
1701 1565 1792 1594 doctis
1817 1575 1882 1595 raro

1056 1610 1154 1630 sermo
1179 1603 1246 1638 fuit,
1261 1603 1331 1639 quia
1355 1605 1427 1632 nihil
1454 1607 1563 1641 praebet
1584 1616 1718 1637 sermone
1738 1610 1882 1646 dignum;

1054 1647 1124 1675 Asia
1139 1647 1206 1675 dein
1220 1649 1250 1676 et
1264 1649 1390 1685 Europa,
1407 1658 1470 1685 qua:
1488 1652 1668 1687 jampridem
1693 1654 1729 1681 de
1753 1655 1882 1690 primatu

1056 1691 1181 1720 invicem
1197 1693 1349 1721 decertant
1370 1696 1399 1721 et
1424 1695 1627 1730 disceptationi
1653 1707 1807 1734 nunquam
1823 1701 1881 1729 huc

1055 1744 1150 1772 usque
1164 1737 1254 1765 ﬁnem
1270 1737 1484 1774 imposuerunt,
1502 1741 1632 1769 vicissim
1650 1742 1773 1772 invicem
1789 1745 1882 1773 domi-

1055 1783 1159 1809 nantes
1168 1783 1197 1809 et
1206 1781 1331 1810 invicem
1343 1784 1508 1812 dominatee.
1518 1785 1579 1813 Tua
1590 1789 1687 1815 autem
1699 1788 1793 1823 patria
1806 1790 1881 1825 (dico

1054 1827 1136 1853 tuam
1152 1826 1340 1863 qualicuique
1355 1828 1492 1864 imperas,
1510 1838 1526 1857 ο
1542 1831 1602 1866 rex)
1618 1840 1681 1867 quae
1696 1833 1770 1860 Asiae
1786 1836 1815 1861 et
1830 1835 1883 1862 Eu-

1055 1878 1130 1906 ropaa
1142 1871 1296 1899 continens
1306 1874 1360 1907 est,
1370 1873 1583 1910 ambarumque
1595 1876 1772 1913 principium
1784 1879 1882 1907 existi-

1054 1916 1152 1942 matur
1166 1917 1195 1943 et
1207 1917 1263 1951 est,
1275 1924 1328 1944 cur
1342 1925 1400 1944 non
1412 1918 1615 1946 universarum
1628 1921 1665 1956 (1)
1681 1922 1880 1957 pulcherrima

1053 1959 1262 1994 prazdioaretur
1275 1961 1384 1994 nescio,
1402 1971 1469 1989 cum
1484 1963 1601 1991 illarum
1617 1969 1716 2000 aperte
1735 1967 1773 1995 sit
1797 1968 1878 2003 prin-

1053 2004 1163 2040 cipium
1175 2006 1205 2032 et
1213 2013 1283 2041 pars
1293 2007 1486 2041 praestantior.
1495 2008 1557 2035 Non
1569 2009 1647 2037 enim
1661 2011 1782 2039 decebat
1791 2012 1877 2041 illum

1053 2048 1103 2085 qui
1125 2058 1142 2077 a
1160 2051 1217 2077 Deo
1232 2053 1383 2086 acceperat
1397 2051 1674 2082 excellentissimam
1690 2056 1878 2093 dignitatem,

1052 2093 1141 2122 aliam
1156 2102 1189 2121 ac
1204 2093 1294 2122 talem
1309 2096 1439 2123 nancisci
1455 2097 1592 2132 patriam,
1605 2099 1690 2134 cujus
1706 2100 1876 2130 universum

1052 2138 1151 2174 decus,
1168 2142 1197 2166 et
1215 2139 1315 2167 omnia
1330 2141 1437 2175 quibus
1453 2140 1526 2169 alias
1541 2143 1689 2171 antecellit
1704 2145 1783 2180 (hinc
1798 2147 1876 2174 enim

1052 2182 1208 2219 frugiferos
1232 2185 1261 2212 et
1284 2184 1499 2220 pulcherrimos
1523 2189 1610 2223 atque
1635 2189 1762 2224 majores
1787 2199 1877 2226 quam

1052 2228 1211 2263 perlustret
1222 2228 1325 2257 oculus
1338 2230 1464 2264 exhibet,
1477 2231 1558 2259 illinc
1570 2233 1678 2267 praebet
1689 2236 1803 2263 montes
1814 2243 1878 2271 qua!

1052 2272 1088 2300 ad
1103 2272 1201 2308 ipsum
1215 2274 1323 2302 mthera
1334 2278 1504 2311 assurgunt,
1517 2276 1597 2305 illinc
1614 2286 1772 2313 perrennes
1783 2279 1879 2307 ﬂumi-

165 2313 206 2344 εἷς
230 2312 310 2341 αὐτὸν
335 2313 438 2348 ἥκοντα
460 2314 506 2342 τὸν
535 2314 630 2353 αἰθέρα
656 2314 830 2354 ’τιεροίσχεταιι
857 2320 939 2345 τοῦτο
968 2317 996 2346 δὲ

1054 2325 1125 2345 num
1139 2318 1235 2346 undas
1260 2321 1288 2347 et
1311 2322 1414 2355 portus
1439 2323 1468 2348 et
1492 2321 1587 2349 fontes
1614 2312 1643 2349 et
1666 2324 1743 2351 unde
1759 2332 1878 2360 quoquo

165 2357 213 2385 καὶ
244 2358 288 2389 οἷς
317 2358 413 2386 ἀένναα
441 2361 573 2396 ποταμῶν
605 2359 725 2398 ῥεύματα
752 2360 797 2388 καὶ
826 2360 926 2398 λίμνας
952 2363 996 2390 καὶ

164 2401 260 2439 πηγάς
290 2403 335 2430 καὶ
361 2403 490 2435 παντοίας
519 2402 622 2431 ὑδάτων
652 2404 760 2444 ἀφέσεις
796 2404 995 2444 προϐάλλεται,

165 2446 285 2486 ἄφθονον
312 2447 344 2475 τὸ
372 2451 424 2483 τῆς
455 2450 527 2483 ζωῆς
555 2449 695 2486 χρήσιμον
719 2449 749 2477 ἔκ
775 2461 806 2478 τε
819 2450 921 2479 τούτων
950 2452 995 2480 καὶ

160 2492 213 2525 τῆς
230 2490 256 2518 ἐν
275 2492 350 2528 μέσῳ
364 2491 502 2528 θαλάσσης
526 2496 688 2532 χορηγοῦσα
714 2497 772 2525 τοῖς
798 2494 865 2532 τῇδε
890 2496 994 2535 ἀνθρώ-

161 2536 251 2572 ποις),
266 2536 351 2563 ταῦτά
379 2547 408 2564 τε
435 2537 480 2565 καὶ
508 2538 554 2565 τὸν
579 2540 632 2566 τῶν
660 2538 769 2566 πόλεων
799 2539 914 2578 ἀριθμὸν
939 2543 992 2569 τῶν

197 2608 237 2644 (1)
252 2608 400 2647 '_I‘ractavit
412 2610 552 2647 eumdem
573 2610 611 2647 de
634 2610 764 2647 Byzantii
786 2611 925 2641 laudibus
950 2613 994 2641 lo-

159 2651 229 2683 cum
253 2644 283 2671 in
308 2646 488 2683 praecedente
505 2646 636 2683 oratione
657 2644 747 2682 paulo
770 2650 838 2683 post
863 2649 992 2676 initium.

157 2679 401 2722 D_us.a,‘notis~ad
416 2681 588 2722 Acropolitfe
605 2679 803 2722 llist._p,_287,
815 2684 992 2713 Vulcanium

157 2715 200 2754 ait
216 2715 472 2754 habereGregorii
487 2715 584 2754 Cyprii
598 2715 825 2754 descriptionem
851 2722 880 2747 et
906 2729 991 2749 enco-

155 2751 254 2789 m_iun_1
270 2752 355 2789 urbis
380 2751 474 2787 CPol.,
499 2751 590 2789 quod,
615 2751 828 2789 post'Dusam,
854 2755 992 2784 dixerunt

152 2786 393 2824 AllatiusﬂDiatr.
410 2789 446 2817 de
461 2786 566 2824 Georg.
582 2786 649 2824 pag.
667 2789 730 2822 423,
748 2786 899 2820 Fabrictus
914 2792 989 2820 Bibl.

152 2824 218 2864 ςῖικ⁸
233 2824 254 2850 t.
280 2823 409 2864 VIII,_p.
434 2825 481 2864 62ζ
505 2823 561 2864 ﬁed
583 2823 647 2864 fere
663 2825 837 2864 crediderim
851 2830 989 2864 excerpta

151 2860 275 2890 tantum
301 2868 338 2890 ex
362 2859 418 2890 hac
437 2860 484 2890 vel
504 2860 557 2890 illa
575 2860 707 2890 oratione
720 2860 784 2891 loca
799 2863 835 2892 de
850 2859 990 2902 Byzantio

1052 2362 1139 2390 modo
1154 2370 1237 2398 aquae
1253 2363 1415 2391 educantur
1430 2366 1574 2400 producit,
1592 2375 1626 2394 ex
1640 2367 1687 2395 his
1711 2371 1739 2396 et
1763 2377 1777 2396 e
1802 2370 1878 2398 mari

1052 2407 1131 2442 quod
1145 2406 1175 2434 in
1198 2407 1296 2436 medio
1310 2408 1376 2435 ﬂuit
1391 2410 1582 2445 suppeditans
1597 2411 1713 2447 copiose
1728 2421 1877 2448 quaecum-

1052 2459 1108 2486 que
1135 2452 1171 2479 ad
1196 2451 1277 2481 illius
1300 2452 1462 2481 incolarum
1487 2455 1596 2483 victum
1616 2458 1770 2485 commoda
1785 2461 1875 2494 sunt),

1051 2495 1112 2523 haec
1127 2498 1155 2523 et
1174 2505 1332 2525 numerum
1348 2498 1498 2526 civitatum
1515 2508 1588 2534 qua},
1608 2509 1672 2529 cum
1689 2502 1835 2539 pleraeque
1850 2506 1879 2531 et

1050 2540 1178 2575 pulchrae
1203 2543 1231 2569 et
1256 2550 1369 2578 magna:
1394 2543 1463 2578 sint,
1480 2544 1591 2580 regioni
1615 2549 1684 2574 sunt
1704 2551 1876 2576 ornamento

1048 2611 1224 2649 Vulcanium
1241 2614 1419 2649 possedisse.

1084 2648 1122 2692 (ί.)
1133 2648 1234 2676 Malim
1244 2648 1314 2692 δλης
1324 2658 1413 2685 quam
1425 2649 1553 2692 6)i_o:;,iit
1564 2653 1701 2682 exhibent
1712 2664 1795 2688 mss.,
1804 2656 1874 2692 quia

1048 2684 1154 2724 melius
1164 2692 1236 2725 cum_
1245 2684 1509 2725 augnc’concprdaté
1519 2689 1629 2716 Tamen
1642 2694 1736 2725 potest
1746 2684 1873 2720 subaudi

1046 2720 1095 2760 γῇς
1108 2723 1179 2760 ΡΟΞῐ
1192 2722 1249 2769 τοῖς
1262 2720 1357 2769 ἕλοιςζ
1371 2723 1455 2758 cujus
1472 2724 1511 2769 rei
1527 2720 1659 2761 exempla
1679 2729 1872 2769 exlprobatis:

1047 2755 1131 2798 simis
1157 2758 1325 2798 auctoribus
1342 2755 1647 2798 depfemptapossém
1665 2755 1808 2798 proferre:
1822 2755 1873 2792 sed

1046 2791 1139 2819 satius
1155 2794 1208 2836 est,
1226 2796 1258 2821 ut
1272 2791 1388 2830 opinor;
1402 2797 1434 2822 ut
1452 2791 1501 2828 τῆς
1521 2791 1602 2830 ὅλης,
1617 2791 1704 2825 verbo
1719 2791 1872 2836 migdiliqu

1046 2831 1239 2864 supponatur.
