4132 6434
333 397 446 463 391

1362 391 1682 459 GEORGII
1726 387 1990 456 CYPRII
2032 388 2152 453 GP.
2199 386 2739 454 PATRIARCILE

3636 388 3760 455 392

332 537 511 605 atque
540 530 834 603 praesidio,
862 544 1056 600 nemo,
1079 532 1147 586 ut
1175 529 1403 603 opinor,
1426 528 1659 587 etiamsi
1691 527 1978 602 propriam

2101 521 2328 579 πολλῶν
2360 523 2451 579 καὶ
2481 521 2665 579 καλῶν
2691 520 2781 578 καὶ
2817 518 3095 598 μεγάλων,
3127 520 3184 577 αἳ
3216 518 3283 593 δὴ
3314 522 3407 579 καὶ
3444 522 3559 579 ἀντ’
3588 522 3761 602 ἀγάλ-

332 620 642 678 historiam
672 620 927 676 scribere
955 619 1246 688 intendat,
1276 620 1497 676 nedum
1528 635 1665 691 pars
1699 615 1990 674 sermonis

332 709 709 777 brevissima,
740 708 889 766 satis
917 723 1193 765 enarrare
1232 709 1657 781 suppeditaret.
1688 708 1745 762 Si
1792 709 1989 762 autem

334 799 469 874 quis
491 801 564 856 de
582 798 677 856 his
698 798 907 855 merito
924 798 1117 874 verbis
1137 798 1420 871 indigeat,
1441 797 1581 871 quid
1603 797 1758 853 dicet
1776 797 1849 852 de
1870 812 1991 852 ma-

334 904 452 963 gna
472 891 530 945 et
550 886 885 945 admirabili
904 886 1157 959 civitate,
1177 903 1308 959 qua
1328 890 1523 957 tuum,
1544 886 1849 958 potissime
1868 900 1987 954 rex,

334 993 582 1035 aureum
612 975 752 1033 tulit
778 992 966 1049 genus
984 975 1014 1032 ‘I
1061 992 1190 1048 qua:
1242 979 1300 1032 et
1335 975 1396 1031 in
1429 975 1623 1031 media
1652 975 1790 1030 sede
1820 977 1986 1029 terrae

333 1081 580 1139 prorsus
609 1062 911 1134 collocata,
942 1063 1103 1120 illius
1131 1062 1450 1120 umbilicus
1495 1064 1630 1135 jure
1672 1062 1985 1130 diceretur,

336 1170 474 1211 cum
496 1154 570 1211 ad
595 1152 759 1209 illam
783 1152 1023 1209 termini
1042 1153 1291 1209 tendant
1312 1157 1370 1209 et
1390 1152 1463 1208 ab
1484 1151 1589 1208 illa
1610 1151 1985 1224 proﬁciscan-

333 1246 452 1315 tur,
484 1246 544 1300 et
590 1241 1004 1299 colluctaretur
1031 1242 1314 1299 adversus
1352 1257 1557 1298 omnes
1600 1239 1780 1297 simul
1827 1238 1987 1296 orbis

334 1332 600 1389 civitates
621 1330 981 1388 virtutibus?
1007 1331 1195 1387 Situm
1218 1329 1375 1388 enim
1396 1329 1559 1387 omni
1580 1329 1683 1402 qui
1708 1328 1820 1385 sub
1842 1327 1986 1383 cmlo

331 1425 423 1479 est
451 1421 571 1479 situ
602 1419 1021 1494 pulchriorem,
1053 1423 1132 1488 et,
1164 1423 1230 1476 ut
1261 1419 1540 1489 diximus,
1574 1418 1771 1475 media
1815 1422 1983 1474 terrae

331 1511 469 1568 sede
499 1526 743 1583 prorsus
769 1509 1053 1578 locatum,
1086 1512 1144 1565 et
1174 1509 1277 1581 qui
1308 1508 1442 1565 altis
1474 1508 1721 1566 urbibus
1753 1506 1987 1580 potissi-

331 1615 499 1656 mum
530 1597 821 1669 convenit,
844 1598 1051 1655 sortita
1074 1602 1197 1669 est;
1230 1597 1486 1655 ﬁnitima
1508 1600 1600 1653 est
1628 1596 1799 1663 mari,
1824 1596 1982 1665 quod

332 1706 469 1746 cum
501 1688 760 1745 maxima
784 1687 955 1761 copia
1000 1691 1059 1744 et
1105 1688 1377 1744 ubertate
1408 1701 1773 1760 quaecunque
1801 1684 1983 1741 maris

333 1781 475 1836 sunt
501 1775 842 1834 hominibus
872 1776 1227 1850 suppeditat.
1259 1776 1410 1833 Hinc
1445 1777 1596 1832 freta
1624 1775 1820 1846 habet,
1853 1773 1982 1846 qui-

330 1868 444 1925 bus
470 1882 617 1941 pene
637 1865 878 1924 omnino
903 1865 1325 1935 circumdatur,
1351 1882 1486 1923 cum
1506 1864 1853 1921 dulcissima
1877 1881 1981 1919 na-

327 1958 550 2031 vigatu,
569 1960 699 2012 tum
719 1956 850 2012 visu
868 1955 1331 2027 jucundissima,
1356 1958 1485 2011 tum
1516 1953 1698 2010 accoli
1730 1969 1985 2010 commo-

328 2045 597 2115 dissima,
628 2061 757 2117 quae
788 2061 993 2101 amnes
1023 2044 1187 2101 dicas
1216 2043 1455 2101 illorum
1486 2046 1717 2100 arctum
1743 2042 1982 2098 intuens

326 2135 555 2192 alveum
603 2138 664 2191 et
709 2133 903 2190 ﬂuxus
951 2137 1151 2190 motus
1199 2131 1685 2206 aequabilitatem,
1718 2134 1775 2187 et
1822 2146 1984 2187 mare

327 2224 686 2291 nominares,
719 2223 769 2280 si
802 2222 916 2279 alio
947 2237 1128 2279 sensu
1160 2223 1419 2294 judices,
1450 2220 1613 2277 illinc
1658 2221 1847 2277 maria
1889 2220 1983 2292 ja-

330 2318 486 2381 cent,
518 2312 623 2381 ibi,
656 2312 729 2369 ad
762 2310 1069 2367 meridiem
1098 2312 1333 2385 Egens,
1367 2310 1471 2383 qui
1501 2311 1575 2367 ab
1606 2308 1983 2381 Hellesponto

332 2407 387 2460 et
434 2401 600 2459 urbis
648 2401 868 2457 ﬂuento
909 2401 1046 2457 oriri
1090 2400 1339 2472 videtur,
1374 2400 1479 2468 ibi,
1512 2400 1585 2455 ad
1634 2397 1982 2471 septentrio-

330 2509 467 2550 nem
517 2492 873 2563 boreamque
919 2495 1183 2557 ventum,
1215 2489 1475 2546 Euxinus
1522 2488 1623 2561 qui
1680 2489 1868 2544 oritur
1916 2503 1986 2543 ex

325 2580 595 2638 Maotide
622 2584 681 2637 et
708 2579 967 2635 Tanaide
997 2579 1198 2647 ﬂuvio,
1230 2584 1289 2638 et
1340 2595 1545 2635 omnes
1590 2577 1807 2633 ﬂuctus
1849 2579 1987 2632 ante

322 2686 455 2727 eam
485 2669 735 2739 evomit;
771 2670 947 2726 ambo
978 2668 1217 2741 quidem
1249 2668 1419 2741 quasi
1450 2668 1583 2724 urbi
1614 2669 1826 2739 reginae
1854 2682 1991 2722 mu-

324 2777 464 2818 nera
510 2760 709 2816 ferunt
757 2764 815 2816 et
858 2757 1057 2816 omnia
1085 2757 1209 2814 illic
1239 2758 1512 2825 navibus,
1541 2755 1984 2829 impellentibus

319 2849 534 2917 ventis,
574 2849 896 2905 adducunt.
930 2849 1003 2904 Et
1049 2847 1393 2921 magnitudo
1442 2845 1609 2903 urbis
1656 2850 1769 2901 tuae
1817 2849 1985 2902 tanta

326 2943 394 2996 ut
423 2954 541 2996 non
575 2936 897 3011 aequiperet
936 2936 1055 2994 alia
1098 2936 1328 3004 civitas,
1362 2952 1500 2992 cum
1549 2933 1628 2991 sit
1673 2935 1873 3007 ampla
1920 2935 1981 2990 in

326 3028 682 3097 continente,
716 3026 915 3100 ampla
954 3030 1013 3083 et
1060 3026 1123 3082 in
1162 3042 1325 3083 mare
1354 3025 1511 3098 quod
1542 3024 1805 3081 medium
1835 3023 1982 3081 divi-

325 3117 433 3188 dit,
455 3117 539 3174 ita
569 3120 637 3172 ut
665 3116 1013 3189 ambiguum
1039 3116 1211 3187 cujus
1243 3114 1621 3188 potissimum
1648 3114 1725 3170 sit
1753 3114 1980 3186 civitas,

326 3210 580 3279 utraque
606 3221 819 3278 nempe
847 3203 1017 3277 quasi
1047 3208 1304 3260 certante
1335 3203 1448 3260 sibi
1489 3219 1619 3259 eam
1658 3202 1977 3273 vindicare,

324 3300 383 3353 et
440 3275 544 3351 illa
596 3275 973 3351 vehementer
1028 3293 1371 3350 obsistente.
1428 3293 1592 3359 Quod
1650 3297 1847 3349 autem
1905 3294 1977 3350 de
2006 3275 2050 3344 C

321 3383 458 3442 Asia
497 3382 811 3439 dicendum
843 3386 953 3452 est,
998 3382 1148 3438 mari
1195 3386 1391 3439 secata
1438 3381 1633 3438 divelli
1689 3384 1761 3439 ab
1811 3385 1977 3454 urbe,

324 3490 454 3547 quis
484 3477 687 3529 tamen
718 3470 879 3529 illius
909 3487 1169 3528 amorem
1202 3487 1309 3528 nec
1349 3470 1635 3542 dissolvit,
1667 3489 1775 3529 nec
1823 3491 1982 3531 aver-

325 3567 512 3631 satur,
543 3561 646 3618 sed
679 3576 808 3633 quae
857 3577 1038 3633 prope
1085 3564 1143 3617 et
1189 3564 1323 3617 ante
1370 3564 1624 3617 amatam
1655 3566 1811 3619 stare
1841 3580 1979 3621 con-

325 3650 536 3710 tendit.
569 3650 701 3723 Ipse
730 3666 901 3706 suam
932 3665 1292 3723 exsuperans
1324 3651 1814 3724 magnitudinem,
1847 3654 1978 3710 dili-

326 3743 533 3814 genter
597 3739 1036 3795 attendentibus
1106 3738 1396 3812 triplicem
1464 3744 1688 3797 statum
1763 3742 1974 3813 offert;

326 3829 589 3903 primum
639 3829 1021 3885 subterranea
1077 3833 1169 3885 est
1221 3827 1308 3885 illi
1365 3829 1557 3897 sedes,
1605 3832 1975 3903 superficiem

322 3920 457 3977 dein
488 3921 757 3992 occupat,
788 3918 1043 3990 denique
1070 3917 1230 3975 illius
1261 3935 1443 3991 supra
1484 3917 1676 3976 solum
1726 3919 1975 3979 altitudo

316 4007 532 4063 suadet
563 4009 629 4062 ut
656 4009 791 4079 post
820 4005 934 4062 alia
962 4010 1199 4080 propter
1228 4023 1357 4079 quae
1402 4007 1544 4063 urbs
1575 4014 1970 4082 nuncupatur,

318 4096 573 4153 audeam
621 4099 681 4152 et
726 4095 946 4152 aeriam
993 4096 1201 4152 urbem
1249 4094 1575 4153 nominare.
1618 4098 1727 4154 Aer
1774 4103 1971 4156 autem

319 4184 423 4259 qui
453 4201 635 4259 super
665 4187 843 4258 caput
873 4189 1050 4251 meat,
1081 4183 1496 4259 puririssimus
1526 4190 1585 4241 et
1603 4186 1971 4256 jucundissi-

320 4273 511 4332 simus
541 4273 777 4347 spirari,
807 4278 897 4330 est
938 4273 1115 4331 etiam
1146 4273 1594 4343 saluberrimus,
1627 4291 1735 4332 nec
1779 4276 1973 4335 hieme

318 4366 531 4437 praeter
559 4363 804 4420 modum
835 4363 1079 4420 mordax
1125 4366 1182 4419 et
1227 4379 1420 4435 asper,
1452 4364 1556 4420 sed
1585 4362 1877 4423 innocuus
1906 4384 1973 4424 ac

319 4451 486 4509 mitis
532 4456 589 4509 et
641 4451 985 4525 corporibus
1021 4450 1365 4520 tolerabilis,
1400 4468 1508 4508 nec
1536 4458 1684 4509 metu
1714 4454 1971 4513 fervidus

317 4544 376 4597 et
405 4541 724 4610 sufi‘ocans,
757 4541 859 4598 sed
889 4544 1251 4614 temperatus
1292 4541 1549 4613 quodam
1598 4542 1836 4615 frigore,
1866 4544 1971 4601 bo-

2105 613 2275 686 ματός
2328 613 2429 668 εἰσι
2482 612 2572 668 καὶ
2632 613 2843 692 φρουρά
2894 616 2964 687 τῇ
3023 613 3185 689 χώρᾳ
3239 613 3605 687 καθίστανται,
3647 612 3764 670 οὐδ’

2100 700 2160 757 ἄν
2187 724 2292 774 τις,
2323 702 2500 777 οἶμαι,
2533 702 2622 758 καὶ
2675 699 2813 757 ἰδίαν
2877 701 3128 757 ὑπόθεσιν
3188 703 3430 778 ἱστορίας
3487 703 3757 778 ποιούμε-

2097 812 2210 863 νος,
2266 794 2341 865 μή
2397 792 2451 847 τί
2505 813 2565 869 γε
2621 792 2785 868 μέρος
2845 789 3013 868 λόγου
3076 793 3437 869 βραχύτατον,
3488 794 3760 869 ἀργέσειεν

2096 882 2295 944 ἱκανῶς
2354 878 2608 937 διελθεῖν.
2643 881 2707 937 Εἰ
2765 878 2824 936 δὲ
2873 882 3011 958 πρὸς
3067 885 3237 937 ταῦτα
3264 903 3350 946 τις
3382 881 3610 946 εἰκότως
3656 887 3757 940 τοῦ

2096 971 2213 1026 κατ’
2270 970 2414 1042 ἀξίαν
2474 969 2770 1046 ἀπορήσειε
2827 970 3019 1047 λόγου,
3052 970 3105 1026 τί
3160 971 3286 1048 περὶ
3341 974 3444 1042 τῆς
3502 970 3756 1049 μεγάλης

2095 1058 2185 1114 καὶ
2217 1059 2517 1133 θαυμασίας
2568 1059 2681 1135 ἐρεῖ
2707 1058 2948 1134 πόλεως,
2980 1060 3016 1129 ἢ
3047 1061 3164 1115 κατ’
3214 1060 3480 1137 ἐξαίρετον
3524 1061 3590 1117 τὸ
3637 1060 3756 1133 σὸν,

2100 1146 2344 1223 βασιλεῦ,
2379 1149 2467 1203 καὶ
2513 1152 2751 1224 χρυσοῦν
2811 1145 3008 1225 ἤνεγκε
3058 1150 3254 1224 γένος;
3286 1149 3322 1219 ἢ
3380 1151 3492 1223 καὶ,
3546 1151 3610 1206 τὸ
3666 1172 3759 1224 με-

2096 1236 2343 1293 σαίτατον
2394 1235 2645 1313 λαχοῦσα
2680 1245 2781 1308 τῆς
2830 1244 2953 1315 γῆς,
3002 1238 3222 1315 κέντρον
3278 1238 3373 1313 μὲν
3421 1240 3480 1295 ἂν
3527 1238 3758 1303 εἰκότως

2094 1325 2263 1395 αὐτῆς
2324 1324 2539 1402 λέγοιτο
2570 1328 2670 1401 (3),
2704 1325 2780 1390 εἷς
2839 1326 3006 1396 αὐτὴν
3062 1331 3171 1383 τῶν
3231 1324 3411 1405 ἄκρων
3468 1328 3756 1385 τεινόντων

2092 1415 2183 1471 καὶ
2214 1414 2304 1471 ἀπ’
2331 1414 2497 1486 αὐτῆς
2530 1416 2877 1493 ἀρχομένων,
2911 1415 3301 1490 ἀνθαμιλλῷτο
3360 1413 3420 1473 δὲ
3448 1419 3588 1493 πρὸς
3619 1420 3757 1474 ἁπά-

2092 1525 2189 1569 σας
2217 1510 2416 1568 κοινῶς
2443 1505 2541 1568 τάς
2573 1504 2624 1560 ἐν
2672 1505 2809 1580 αὐτῇ
2859 1505 3053 1569 πόλεις
3095 1511 3218 1570 ταῖς
3263 1506 3517 1581 ἀρεταῖς;
3549 1506 3757 1571 Θέσεως

2096 1595 2191 1668 μὶν
2220 1596 2323 1671 γὰρ
2351 1602 2452 1665 τῆς
2485 1595 2575 1649 ὑπ’
2604 1594 2831 1672 οὐρανὸν
2879 1593 3184 1666 καλλίστης
3240 1596 3353 1670 καὶ,
3386 1597 3462 1661 ὡς
3523 1594 3751 1675 ἔφαμεν,

2090 1691 2191 1754 τῆς
2281 1683 2626 1758 μεσαιτάτης,
2673 1684 2762 1740 καὶ
2813 1685 2850 1754 ἢ
2914 1683 3153 1759 μάλιστα
3210 1691 3333 1749 ταῖς
3414 1686 3751 1760 ἀκροπόλεσι

2091 1772 2307 1849 πρέπει,
2363 1773 2651 1849 τετύχηκε·
2703 1779 2937 1851 γειτονεῖ
2985 1770 3044 1829 δὲ
3102 1771 3344 1849 θαλάσσῃ
3416 1775 3508 1831 καὶ
3581 1774 3753 1851 ταύτῃ

2091 1861 2438 1937 γονιμωτάτῃ
2466 1861 2557 1917 καὶ
2614 1860 2714 1917 ὅσα
2769 1864 2917 1940 παρά
2974 1861 3257 1935 θαλάσσης
3283 1868 3404 1928 τοῖς
3448 1865 3754 1941 ἀνθρώποις

2092 1957 2358 2028 χορηγεῖν
2405 1951 2778 2030 ἀφθονωτάτῃ·
2830 1956 2992 2008 τοῦτο
3054 1953 3148 2027 μὲν
3206 1954 3489 2030 πορθμοὺς
3546 1952 3754 2030 ἔχουσα

2092 2039 2287 2117 σχεδὸν
2345 2062 2469 2118 περι
2525 2048 2698 2097 πᾶσαν
2757 2042 2972 2115 ἑαυτὴν,
3030 2045 3424 2119 ἡμερωτάτους
3480 2044 3574 2117 μὲν
3635 2044 3753 2100 ἐπι-

2092 2129 2273 2204 πλεῖν,
2306 2130 2675 2209 ὡραιοτάτους
2733 2128 2792 2187 δὲ
2851 2130 3097 2208 βλέπειν,
3152 2131 3633 2197 λυσιτελεστάτους
3690 2130 3751 2189 δὲ

2092 2225 2425 2294 προσοικεῖν,
2487 2220 2580 2276 οὓς
2645 2221 2737 2276 καὶ
2793 2222 3079 2295 ποταμοὺς
3135 2220 3199 2275 ἃν
3258 2218 3435 2285 εἷ’ποις
3491 2222 3628 2298 πρὸς
3684 2220 3750 2278 τὸ

2093 2309 2271 2365 στενὸν
2329 2310 2471 2385 ὁρῶν
2524 2308 2615 2365 καὶ
2670 2312 2769 2381 τὴν
2828 2311 2967 2366 κατά
3015 2310 3224 2383 κίνησιν
3281 2307 3624 2385 ὁμαλότητα,
3656 2312 3750 2367 καὶ

2095 2397 2364 2455 θάλασσαν
2399 2398 2696 2473 όνομάσαις
2744 2399 2944 2475 κρίνων
2990 2400 3098 2456 ἀπὸ
3152 2408 3255 2471 τῆς
3313 2399 3493 2473 ἄλλης
3553 2401 3747 2473 αἰσθή-

2095 2509 2252 2560 σεως,
2282 2492 2445 2544 τοῦτο
2488 2486 2533 2543 δ’
2590 2487 2906 2562 ἐπικείμενα
2960 2487 3202 2565 πελάγη,
3230 2486 3373 2546 ἔνθεν
3436 2490 3552 2565 μὲν,
3608 2490 3749 2566 πρὸς

2097 2572 2462 2652 μεσημϐρίαν,
2494 2579 2585 2633 τὸν
2619 2578 2871 2654 Αἰγαῖον,
2902 2578 2994 2657 ἀφ’
3019 2576 3438 2650 Ἑλλησπόντου
3482 2577 3749 2635 δοκοῦντα

2092 2666 2185 2722 καὶ
2229 2671 2327 2721 τοῦ
2380 2674 2484 2737 τῆς
2522 2664 2741 2731 πόλεως
2800 2667 2926 2744 ῥοὸς
2985 2666 3265 2745 ἄρχεσθαι,
3298 2666 3441 2725 ἔνθεν
3501 2666 3578 2743 δὲ,
3609 2670 3749 2743 πρὸς

2093 2756 2288 2833 ἄρκτον
2346 2756 2437 2812 καὶ
2500 2756 2699 2834 βορῥᾶν
2751 2755 2973 2831 ἄνεμον,
3003 2757 3095 2813 τὸν
3155 2755 3424 2831 Εὔξεινον,
3457 2757 3518 2814 ἐκ
3563 2760 3750 2814 Μαιώ-

2089 2843 2239 2908 τιδος
2293 2847 2388 2919 μὲν
2448 2845 2756 2921 ἀρχόμενον
2813 2847 2904 2902 καὶ
2930 2853 3033 2917 τῆς
3068 2844 3273 2920 λίμνης
3301 2845 3584 2922 Τανάϊδος,
3613 2846 3744 2904 ὅλον

2092 2933 2151 2990 δὲ
2203 2934 2266 2991 τὸ
2326 2935 2500 3011 ῥεῦμα
2551 2936 2657 3010 πρὸ
2740 2936 2909 3006 αὐτῆς
2991 2936 3197 3008 ταύτης
3282 2937 3743 3014 ἀπερευγόμενον,

2092 3025 2257 3105 ἄμφω
2312 3022 2370 3080 δὲ
2425 3025 2501 3088 ὡς
2564 3022 2804 3101 βασιλίδι
2832 3025 2904 3101 τῇ
2961 3023 3123 3081 πόλει
3184 3023 3600 3106 δωροφεροῦντα
3653 3028 3745 3084 καὶ

2088 3116 2264 3169 πάντα
2319 3112 2477 3190 δεῦρο
2534 3119 2652 3177 ταῖς
2709 3113 2900 3170 ὁλκάσι
2958 3116 3096 3170 κατὰ
3168 3121 3340 3172 πᾶσαν
3418 3118 3742 3192 πνευμάτων

2088 3203 2299 3275 κίνησιν
2368 3202 2818 3280 παραπέμποντα.
2879 3203 2980 3259 Καὶ
3055 3217 3284 3282 μεγεθος
3355 3202 3414 3261 δὲ
3475 3213 3581 3277 τῆς
3640 3214 3742 3278 σῆς

2087 3292 2305 3357 πόλεως
2336 3291 2459 3348 ὅσον
2506 3292 2605 3349 οὐκ
2655 3290 2834 3363 ἄλλης
2872 3293 3110 3368 πόλεων,
3141 3292 3364 3366 πολλῆς
3423 3296 3519 3369 μὲν
3574 3292 3745 3367 οὔσης

2089 3389 2204 3439 κατ’
2231 3380 2483 3460 ἤπειρον,
2515 3378 2735 3452 πολλῆς
2792 3379 2851 3437 δὲ
2902 3383 2994 3438 καὶ
3057 3382 3225 3457 μέσην
3284 3384 3586 3461 σχιζούσης
3639 3386 3742 3455 τὴν

2090 3470 2383 3542 θάλασσαν,
2416 3471 2491 3534 ὡς
2521 3466 2833 3548 ἀμφίϐολον
2868 3471 2999 3527 εἶναι
3027 3471 3179 3536 τίνος
3239 3471 3455 3547 μᾶλλον
3485 3477 3521 3544 ἡ
3553 3472 3740 3548 πόλις,

2090 3562 2344 3637 ἑκατέρας
2402 3559 2581 3634 ὥσπερ
2641 3560 3049 3638 ἀγωνιζομένης
3137 3561 3305 3633 αύτήν
3388 3562 3741 3637 οἰκειοῦσθαι,

2087 3651 2179 3706 καὶ
2238 3648 2488 3729 σφοδρῶς
2546 3649 2922 3726 ἀντεχομένης
2978 3651 3168 3722 αὐτῆς.
3230 3657 3293 3705 Ὃ
3351 3649 3419 3721 δὴ
3468 3653 3560 3709 καὶ
3616 3652 3742 3729 περὶ

2085 3747 2185 3809 τῆς
2242 3740 2428 3803 Ἀσίας
2488 3738 2657 3795 εἷ’πεῖν
2714 3738 2809 3812 ἔνι,
2867 3738 3110 3815 θαλάσσῃ
3170 3741 3263 3815 μὲν
3315 3742 3741 3817 τυραννηθείσης

2086 3828 2461 3906 ἀπορραγῆναι
2486 3835 2585 3899 τῆς
2638 3827 2878 3901 πόλεως,
2911 3829 3000 3884 τὸν
3053 3828 3229 3906 ἔρωτα
3284 3826 3343 3885 δὲ
3394 3830 3470 3905 μὴ
3513 3830 3742 3888 καταλε-

2088 3916 2313 3981 λυκυίας
2362 3915 2504 3992 μηδὲ
2557 3917 2750 3995 πόρῥω
2806 3918 3188 3997 ἀφεστηκυίας,
3249 3916 3397 3975 ἀλλά
3446 3920 3538 3975 καὶ
3597 3918 3741 3975 οὕτω

2083 4006 2503 4087 φιλονεικούσης
2561 4006 2818 4085 σύνεγγυς
2875 4008 2965 4063 καὶ
3023 4007 3321 4085 ἀπαντικρὺ
3374 4015 3476 4079 τῆς
3527 4007 3741 4086 ἐρωμέ-

2081 4117 2182 4167 νης
2244 4093 2477 4151 ἑστάναι.
2536 4095 2637 4149 Καὶ
2695 4091 3117 4171 ὑπερϐάλλουσα
3173 4093 3231 4151 δὲ
3309 4097 3523 4173 μεγέθει
3598 4095 3735 4169 αὐτὴ

2083 4184 2301 4257 ἑαυτῆς,
2359 4182 2658 4260 τριπλασία
2709 4189 2827 4247 τοῖς
2912 4180 3156 4260 ἀκριϐῶς
3240 4189 3535 4242 σκοποῦσιν
3591 4186 3746 4263 εὑρίσ-

2083 4294 2285 4329 σκεταιο
2318 4274 2387 4329 τὰ
2441 4274 2536 4348 μὲν
2596 4272 2700 4349 γὰρ
2754 4273 2923 4344 αὐτῆς
2981 4272 3273 4350 κατάγαιός
3329 4273 3468 4331 ἐσιιν
3504 4271 3741 4349 οἷ’κησις,

2078 4363 2147 4418 τὰ
2193 4360 2252 4418 δὲ
2305 4364 2405 4433 τὴν
2467 4361 2777 4442 ἐπίφάνειαν
2817 4360 3051 4440 πληροῖ,
3078 4360 3223 4418 ἄλλα
3281 4360 3341 4418 δὲ
3395 4368 3505 4419 τῶν
3561 4364 3741 4439 μέσων

2081 4450 2262 4507 ἐπάνω
2319 4452 2591 4529 φερόμενα
2647 4452 2842 4525 πείθει,
2903 4453 3040 4527 μετά
3089 4456 3199 4508 τῶν
3260 4449 3449 4508 ἄλλων
3509 4454 3585 4509 ὧν
3637 4454 3739 4524 τὴν

2077 4540 2242 4597 πόλιν
2325 4539 2577 4615 καλοῦσι,
2652 4541 2859 4616 τελμᾷν
2937 4539 3164 4598 καλέσαι
3243 4541 3335 4597 καὶ
3421 4541 3739 4617 ἀερόπολιν.

316 4630 433 4687 reis
481 4631 722 4689 ﬂatibus
771 4635 828 4687 et
878 4647 1022 4688 aura
1066 4629 1311 4703 zephiri,
1343 4646 1459 4687 non
1500 4631 1644 4687 sinit
1670 4632 1971 4691 radiorum

2088 4631 2220 4708 Ἀἠρ
2280 4627 2339 4686 δὲ
2396 4629 2563 4701 αὐτῆς
2623 4631 2652 4686 ὁ
2714 4630 2848 4708 ὑπὲρ
2904 4628 3169 4711 κεφαλῆς,
3221 4631 3605 4710 καθαρώτατος
3660 4629 3736 4688 ὢν

315 4720 441 4777 acie
468 4720 711 4778 omnino
757 4719 1098 4777 dominari:
1154 4718 1269 4777 alia
1320 4736 1457 4777 vero
1506 4725 1774 4794 tempora
1825 4739 1970 4796 quo-

316 4809 493 4866 modo
557 4809 1003 4867 immisceantur
1069 4823 1396 4865 memorare
1470 4826 1969 4881 supervacaneum

318 4900 429 4967 est,
462 4915 598 4955 cum
644 4899 755 4956 hoc
805 4899 1119 4956 manifesto
1167 4915 1271 4972 per
1314 4902 1574 4955 extrema
1620 4898 1967 4960 innotescat.

320 4987 394 5045 Et
440 4986 542 5044 illa
586 4992 713 5045 tute
759 4987 1166 5062 magnitudine
1218 4987 1550 5060 praeditum,
1597 4990 1793 5055 potius
1838 4990 1967 5063 pul-

320 5075 524 5133 chram
582 5094 762 5151 quam
813 5094 1092 5151 magnam
1141 5076 1385 5145 diceres,
1435 5077 1759 5150 exprimere
1810 5081 1969 5136 enim

317 5163 514 5222 valeas
543 5166 970 5237 excellentiam,
999 5168 1059 5223 id
1106 5183 1222 5240 quo
1272 5167 1416 5223 alias
1465 5168 1643 5224 urbes
1673 5169 1972 5227 antecellit

319 5254 553 5324 civitas,
611 5259 902 5327 quantum
964 5273 1099 5313 vero
1165 5254 1610 5328 pulchritudine
1676 5257 1971 5314 antecellit

318 5341 509 5400 dicere
564 5344 759 5417 nefas,
819 5350 878 5402 et
933 5362 1051 5402 non
1108 5348 1300 5419 potest
1363 5343 1612 5402 inveniri
1672 5347 1965 5405 intervalli

315 5448 600 5491 numerus
658 5438 761 5490 aut
813 5450 1108 5492 mensura.

387 5665 467 5740 (3)
496 5664 841 5741 Byzantium
888 5665 1027 5741 facit
1071 5670 1239 5741 terra;
1271 5669 1646 5741 _umbilicum
1707 5686 1772 5726 ac
1830 5685 1965 5727 cen-

316 5739 497 5811 trum,
523 5739 590 5798 ut
619 5740 947 5816 antiquitus
975 5740 1158 5799 Graeci
1188 5739 1465 5817 Delphos,
1491 5746 1558 5801 ut
1585 5742 1772 5801 Judaei
1801 5742 1967 5803 Jeru-

2080 4720 2170 4776 καὶ
2200 4716 2469 4790 ἡδύτατος
2510 4719 2858 4792 ἀναπνεῦσαι,
2889 4718 2967 4775 ἔτι
3024 4718 3115 4775 καὶ
3175 4719 3545 4796 ὑγιεινότατός
3603 4720 3738 4791 ἐστι,

2080 4813 2360 4885 χειμῶνος
2423 4810 2517 4883 μὲν
2578 4808 2679 4864 οὐκ
2735 4808 2928 4885 ἄγριος
2982 4806 3057 4865 ὣν
3097 4806 3223 4865 ούδὶ
3252 4806 3451 4887 δριμὺς
3483 4808 3536 4874 ἐς
3567 4810 3737 4885 ὑπερ-

2081 4894 2276 4969 ϐολήν,
2306 4897 2433 4954 ἀλλ’
2466 4895 2679 4961 ἄλυπος
2709 4897 2799 4953 καὶ
2830 4900 3117 4975 προσηνὴς
3171 4898 3265 4955 καὶ
3319 4903 3440 4962 τοῖς
3492 4900 3739 4973 σώμασιν

2082 4988 2322 5059 ἀνεκτὸς,
2357 4988 2545 5064 θέρους
2575 4985 2633 5043 δὲ
2662 4987 2724 5042 ού
2754 4985 3045 5059 καυσώδης
3103 4989 3194 5044 καὶ
3250 4986 3557 5066 πνιγώδης,
3591 4986 3737 5044 ἀλλά

2078 5098 2186 5131 τινι
2221 5076 2517 5153 σύγκρατος
2547 5077 2735 5152 ψύχει,
2773 5076 3012 5154 βορείοις
3068 5077 3338 5153 πνεύμασι
3397 5075 3486 5133 κάὶ
3542 5073 3735 5152 αὔραις

2083 5165 2313 5243 ζεφύρου
2364 5166 2467 5221 ὑπὸ
2517 5173 2618 5237 τῆς
2675 5171 2784 5221 τῶν
2855 5168 3082 5224 ἀκτίνων
3162 5169 3345 5241 ἀκμῆς
3423 5166 3731 5239 κρατεῖσθαι

2077 5254 2320 5326 καθάπαξ
2355 5256 2430 5328 μὴ
2465 5255 2947 5331 συγχωρούμενοςο
2978 5262 3087 5314 τῶν
3132 5255 3177 5313 δ’
3207 5256 3392 5313 ἄλλων
3426 5254 3583 5332 ὡρῶν
3636 5273 3733 5308 πε-

2080 5344 2258 5422 ριττὸν
2311 5344 2402 5399 καὶ
2463 5346 2768 5418 μνησθῆναι
2825 5345 2900 5408 ὡς
2956 5346 3263 5423 κέκρανται,
3293 5342 3488 5401 τούτου
3549 5345 3736 5421 σαφῶς

2078 5433 2139 5489 ἐκ
2197 5437 2304 5489 τῶν
2373 5430 2550 5511 ἄκρων
2635 5434 3068 5510 γινωσκομένου.
3127 5436 3226 5492 Καὶ
3311 5435 3418 5509 μὴν
3507 5432 3735 5512 μέγεθος

2076 5667 2283 5728 salem.
2316 5667 2462 5724 Vide
2492 5683 2620 5741 quas
2652 5669 2847 5728 notavi
2880 5670 2952 5728 ad
2993 5669 3324 5729 Planudeas
3372 5667 3561 5737 Ovidii
3613 5668 3736 5728 Me-

2078 5748 2248 5811 tam.,
2276 5756 2335 5814 p.
2367 5741 2474 5797 430
2514 5744 2573 5798 et
2600 5741 2726 5803 689.
