4132 6442
286 356 412 424 393

1314 365 1720 427 LAUDATIO
1764 367 2198 427 ANDRONICI
2245 368 2730 430 ΡΑΙλίΕΟΙλΟΟΙ.

3592 373 3713 431 394

282 495 523 573 ἔχουσαν
571 494 922 565 τηλικοῦτον,
959 491 1173 567 μᾶλλον
1222 492 1282 549 ἃν
1331 494 1497 565 αὐτὴν
1547 494 1719 558 εἷ’ποις
1765 495 1941 565 καλὴν
1972 497 2008 565 ἢ
2046 495 2314 572 μεγάλην·
2363 503 2460 553 τοῦ
2513 499 2607 570 μὲν
2657 499 2779 575 γὰρ,
2831 497 3010 574 εὕροις
3053 497 3112 554 ἂν
3166 498 3329 575 λόγον
3387 503 3485 569 τῆς
3546 502 3710 576 ὑπερ-

287 592 459 663 οχῆς,
510 586 557 657 ᾦ
606 588 715 639 τῶν
761 580 949 638 ἄλλων
1012 580 1323 660 διενήνοχεν
1386 584 1588 640 ἀστέων
1634 588 1669 656 ἡ
1718 583 1907 658 πόλις,
1967 583 2161 641 κάλλει
2212 584 2269 641 δὲ
2317 586 2441 642 ὅσον
2511 584 2791 663 διήνεγκεν
2866 587 3102 664 ἄρῥητος
3152 589 3179 643 ὁ
3224 585 3410 665 λόγος,
3458 590 3548 645 καὶ
3623 590 3714 664 μέ-

285 695 419 751 τρον
448 672 550 730 οὐκ
579 670 719 728 ἔστιν
755 672 929 750 εὑρεῖν
961 669 1073 728 οὐδ’
1101 672 1331 749 ἀριθμὸν
1360 681 1461 744 τῆς
1499 673 1921 749 μεσότητος

362 771 525 829 Ἀλλ’
556 774 591 841 ἡ
629 771 724 845 μὲν
775 770 971 845 πατρὶς
1017 774 1116 825 τοῦ
1168 770 1438 845 βασιλέως
1486 772 1651 835 πόλις
1700 771 1947 844 τοιαύτη,

2135 776 2207 830 At
2236 775 2426 847 patria
2456 776 2611 846 regis
2641 779 2733 831 est
2774 776 2887 832 ista
2935 775 3164 848 civitas,
3195 782 3253 832 et
3281 778 3455 833 omisi
3503 796 3720 852 magna

290 864 383 919 καὶ
429 860 727 917 κατέλιπον
785 861 853 915 τὰ
912 858 1126 935 μεγάλα
1178 860 1381 929 ταύτης
1435 861 1806 938 γνωρίσματα,
1866 861 1951 916 εὐ-

290 948 503 1010 σέϐειαν
572 950 907 1027 οἰκητόρων,
980 948 1255 1023 εὐνομίαν,
1323 947 1687 1023 δικαιοσύνην,
1757 949 1949 1030 φιλαν-

296 1041 566 1120 θρωπίαν,
597 1037 843 1117 ἀνδρίαν,
886 1037 1070 1095 τᾶλλα
1112 1038 1164 1110 ἐξ
1210 1040 1283 1094 ὧν
1344 1037 1567 1103 δικαίως
1610 1040 1701 1095 καὶ
1747 1040 1810 1095 τὸ
1854 1043 1955 1110 τῆς

299 1130 631 1204 οἰκουμένης
664 1129 973 1198 ἀνεζώσατο
1026 1128 1246 1204 κράτος·
1294 1128 1360 1183 τὸ
1412 1126 1471 1184 δὲ
1520 1128 1673 1206 γένος
1721 1130 1953 1200 ὁποῖον;

300 1220 367 1275 τὸ
419 1216 817 1292 ἐπισημότατον
847 1215 1128 1288 Ἑλλήνων
1176 1217 1267 1272 καὶ
1305 1218 1591 1291 Ῥωμαίων
1648 1222 1757 1274 τῶν
1800 1216 1952 1293 τῇδε,

308 1310 340 1365 ’ὸ
366 1308 454 1364 καὶ
495 1307 573 1370 εἰς
619 1306 832 1380 κόσμου
862 1306 1179 1381 προσθήκην
1232 1305 1322 1361 καὶ
1365 1304 1730 1383 λαμπρότητα
1773 1307 1959 1384 γέγονε

304 1400 371 1471 τῇ
401 1392 640 1473 πατρίδι,
673 1393 831 1465 αὔξον
864 1395 990 1469 παρ’
1021 1395 1214 1469 έαυτοῦ
1250 1395 1349 1457 τὰς
1388 1394 1555 1465 αὐτῆς
1615 1394 1957 1475 φιλοτιμίας,

301 1484 430 1543 ἀλλ’
457 1485 587 1563 οὐχ,
617 1484 647 1540 ὃ
675 1489 793 1546 τοῖς
824 1481 1022 1546 ἄλλοις
1062 1478 1359 1553 συνέϐαινε,
1385 1489 1504 1546 τοῖς
1560 1491 1663 1555 τῆς
1712 1484 1956 1562 ἐνεγκού-

301 1595 403 1646 σης
468 1572 943 1646 πλεονεκτήμασιν
996 1572 1071 1634 εἷς
1140 1572 1342 1627 οἰκείαν
1409 1571 1727 1650 φιλοτιμίαν
1790 1594 1960 1650 προσ-

300 1665 619 1741 χρώμενον.
669 1663 745 1718 Τὰ
795 1663 890 1736 μὲν
938 1663 1042 1738 γὰρ
1088 1663 1355 1738 πατρόθεν
1399 1661 1778 1739 Ιιαλαιολόγοι
1826 1661 1963 1738 πρό-

300 1773 458 1829 γονοι
506 1755 589 1825 τῷ
634 1749 870 1828 βασιλεῖ,
920 1752 1078 1827 γένος
1127 1750 1216 1806 καὶ
1279 1756 1358 1824 τῷ
1404 1756 1520 1824 Θεῷ
1563 1747 1634 1806 δι’
1690 1746 1959 1807 ἐύσέϐειαν

299 1842 394 1897 καὶ
449 1843 550 1911 τήν
606 1839 785 1912 ἄλλην
841 1840 1101 1896 παντοίαν
1176 1840 1373 1917 ἀρετὴν
1445 1840 1816 1914 ἀνακείμενον,
1871 1841 1961 1897 καὶ

301 1930 550 2007 ἡρωϊκὸν
602 1926 791 1991 ἄλλως
866 1929 958 1983 καὶ
1017 1926 1254 2006 ἀρεϊκὸν,
1313 1927 1528 2005 μεγάλα
1581 1929 1962 2006 γενναιότητος

305 2017 573 2095 δείγματα
620 2016 673 2073 ἔν
720 2037 780 2073 τε
825 2015 1156 2090 πολεμικοῖς
1205 2018 1378 2093 ἀγῶσι
1426 2016 1517 2073 καί
1555 2018 1715 2073 παντὶ
1743 2023 1824 2091 τῷ
1864 2039 1964 2073 πα-

306 2112 540 2186 ρεστῶτι
576 2105 869 2183 ἐξενεγκόν·
916 2108 984 2161 τὰ
1032 2105 1080 2161 δ’
1123 2107 1184 2162 ἐκ
1234 2108 1443 2183 μητρὸς
1493 2106 1571 2168 εἷς
1606 2106 1809 2171 Δούκας
1843 2108 1965 2163 ἀνα-

305 2196 458 2275 φέρει
486 2196 554 2251 τὸ
581 2196 730 2272 γένος
759 2198 857 2270 (4),
890 2195 941 2266 ἐξ
972 2196 1046 2250 ὢν
1091 2196 1178 2251 καὶ
1226 2194 1471 2271 βασιλεῖς
1518 2194 1606 2250 καί
1656 2196 1706 2250 οἱ
1752 2197 1820 2251 τὰ
1870 2217 1964 2271 με-

303 2286 455 2363 γάλα
516 2285 664 2360 παρὰ
741 2283 1007 2361 βασιλέων
1081 2281 1396 2354 δυνηθέντες
1468 2283 1816 2361 προήλθοσαν

305 2374 474 2438 αὐτὸς
523 2371 572 2430 δ’
620 2375 650 2430 ὁ
698 2375 881 2450 πατὴρ
933 2371 1210 2450 βασιλεὺς,
1247 2374 1338 2429 καὶ
1377 2373 1647 2448 βασιλέων
1694 2375 1758 2430 τὸ
1810 2373 1965 2450 μέγισ-

307 2486 442 2520 στον
477 2459 674 2537 ὄνομα,
704 2464 852 2518 τοῦτ’
884 2462 1018 2519 εἶναι
1066 2456 1251 2518 λαϐὼν
1299 2461 1405 2517 κάκ
1448 2468 1556 2518 τῶν
1604 2462 1901 2540 τροπαίων,
1935 2461 1971 2516 ἃ

307 2551 501 2610 πολλὰ
537 2552 628 2608 καὶ
678 2550 892 2628 μεγάλα
934 2552 1051 2606 κατ’
1079 2550 1290 2627 ἐχθρῶν
1338 2550 1621 2623 ἐστήσατο,
1653 2551 1763 2627 οὐχ
1804 2554 1968 2621 ἧττον

310 2641 374 2699 δὲ
419 2642 513 2697 καὶ
580 2639 672 2697 διὰ
715 2642 779 2697 τὸ
835 2641 924 2696 σὸν
986 2639 1146 2695 αὐτὸν
1220 2638 1448 2717 ὑπάρξαι
1508 2639 1746 2717 γενέτην.
1799 2645 1969 2696 Τοῦτο

310 2732 421 2809 γὰρ
454 2732 587 2808 ὑπὲρ
614 2731 716 2800 τήν
760 2727 1036 2805 βασιλείαν
1070 2728 1261 2801 αὐτὴν,
1293 2729 1425 2806 ὑπὲρ
1474 2730 1571 2792 τὰς
1628 2728 1801 2801 νίκας,
1837 2730 1970 2806 ὑπὲρ

310 2828 420 2877 πᾶν
475 2820 617 2897 μέγα
660 2818 1010 2896 κατόρθωμα,
1044 2817 1315 2892 ἐπίσημον
1369 2814 1554 2889 ἔδειξε·
1595 2820 1686 2874 καὶ
1731 2820 1832 2895 γὰρ
1881 2817 1971 2873 καὶ

272 2938 278 2944 ν
315 2908 620 2977 Φίλιππος,
651 2908 820 2984 μέγας
870 2904 964 2981 ὣν,
999 2903 1078 2963 ἔτι
1129 2907 1328 2981 μείζων
1377 2904 1445 2962 δι’
1493 2905 1849 2982 Ἀλέξανδρον
1886 2906 1975 2983 γέ-

311 3020 463 3078 γονε.
510 3002 682 3055 Τοῦτο
733 2995 800 3067 δὴ
846 2996 936 3052 καὶ
985 2998 1310 3073 καυχήσεως
1359 2996 1508 3070 αύτῷ
1556 2997 1743 3073 γέγονε
1788 2997 1976 3075 στέφα-

314 3110 435 3160 νος,
478 3087 570 3144 καὶ
636 3086 714 3149 εἷς
780 3087 873 3141 τὸν
917 3092 1018 3156 τῆς
1067 3082 1413 3159 εὐδαιμονίας
1464 3080 1751 3140 ἀνεϐίϐασε
1808 3085 1974 3142 κολο-

316 3183 491 3257 φῶνα,
542 3175 684 3253 ἐπεὶ,
714 3175 806 3231 καὶ
853 3174 1102 3251 παραυτά
1149 3181 1250 3245 τῆς
1298 3181 1398 3244 σῆς
1438 3176 1741 3250 γεννήσεως
1790 3174 1977 3247 ἐπιση-

321 3266 571 3342 μαίνεται
630 3264 786 3338 Θεὸς,
841 3264 932 3320 καὶ
988 3265 1252 3337 Ῥωμαῖοι
1306 3262 1433 3327 τοὺς
1466 3262 1594 3326 σοὺς
1624 3265 1974 3341 γεννήτορας,

318 3354 498 3418 οὕτως
552 3355 720 3410 αὐτοῦ
786 3351 1142 3416 κελεύσαντος
1198 3352 1289 3408 καὶ
1347 3353 1415 3408 τὰ
1491 3355 1664 3427 μήπω
1710 3348 1973 3428 πρότερον

317 3444 507 3506 αὐτοῖς
564 3439 656 3498 διὰ
721 3441 781 3496 σὲ
842 3440 1231 3518 χαριζομένου,
1295 3438 1539 3517 βασιλεῖς
1596 3440 1837 3512 ἀνεῖπον,
1887 3441 1977 3495 καὶ

2062 863 2221 919 illius
2251 871 2615 933 ornamenta,
2651 865 2930 937 pietatem
2973 865 3324 930 incolarum,
3355 868 3715 939 aquitatem,

2054 952 2374 1025 justitiam,
2424 953 2877 1023 humanitatem,
2934 955 3369 1023 strenuitatem,
3401 962 3459 1011 et
3509 962 3720 1014 catera

2065 1041 2281 1113 quibus
2303 1042 2439 1113 jure
2469 1043 2628 1098 orbis
2661 1043 2976 1115 imperium
3023 1045 3421 1115 recuperavit;
3455 1050 3515 1101 et
3545 1046 3718 1119 quale

2065 1145 2251 1203 genus
2271 1130 2299 1185 ?
2330 1130 2804 1203 insignissimum
2853 1131 3187 1188 Gracorum
3219 1139 3395 1205 atque
3427 1135 3718 1192 Romano-

2066 1236 2198 1274 rum
2222 1218 2315 1274 hic
2335 1218 2741 1285 incolentium,
2764 1222 2919 1292 quod
2943 1221 3014 1276 ad
3041 1222 3265 1279 decoris
3287 1222 3718 1280 incrementum
3771 1265 3785 1274 .

2066 1312 2126 1363 et
2150 1306 2521 1380 splendorem
2574 1309 2776 1381 patria
2821 1314 3088 1382 occupat,
3122 1327 3192 1367 ex
3240 1311 3367 1382 ipso
3419 1312 3720 1386 adaugens

2067 1395 2233 1452 illius
2291 1395 2559 1468 gloriam,
2592 1398 2693 1453 sed
2743 1414 2885 1466 non,
2918 1399 3075 1470 quod
3124 1399 3257 1457 aliis
3308 1402 3616 1474 contingit,
3649 1403 3721 1458 ad

2069 1486 2365 1559 propriam
2416 1484 2662 1558 gloriam
2711 1486 3019 1544 insumens
3064 1489 3264 1559 patria
3310 1490 3540 1547 decora.
3573 1491 3723 1548 Nam

2069 1591 2138 1629 ex
2186 1578 2357 1630 Patre
2403 1574 2713 1646 Palaologi
2764 1580 2906 1630 sunt
2957 1576 3113 1648 regis
3163 1578 3383 1648 proavi,
3432 1595 3620 1651 genus
3666 1582 3727 1635 et

2070 1662 2187 1718 Deo
2217 1667 2453 1734 propter
2499 1663 2777 1735 pietatem
2809 1668 2867 1720 et
2899 1663 3042 1720 alias
3093 1664 3451 1738 multiplices
3479 1666 3723 1725 virtutes

2070 1751 2391 1822 addictum,
2424 1755 2482 1809 et
2526 1752 2763 1809 aliunde
2810 1753 3111 1809 heroicum
3164 1758 3339 1826 atque
3386 1761 3722 1827 strenuum,

2072 1841 2227 1912 quod
2277 1857 2494 1914 magna
2537 1842 2904 1898 strenuitatis
2952 1843 3197 1916 pignora
3228 1845 3291 1899 in
3339 1844 3565 1902 bellicis
3595 1862 3719 1903 cer-

2070 1929 2395 1985 taminibus
2443 1934 2501 1986 et
2546 1929 2608 1985 in
2653 1948 2887 2003 quaque
2936 1948 2996 1986 re
3044 1932 3415 2005 signiﬁcavit.
3450 1934 3531 1990 Ex
3561 1939 3727 2007 parte
3826 1932 3833 1939 ’

2074 2018 2279 2073 matris
2322 2019 2475 2075 inter
2504 2019 2695 2075 Ducas
2744 2021 3093 2075 trrnsfertur
3141 2038 3351 2093 genus,
3383 2040 3452 2078 ex
3504 2023 3726 2096 quibus

2076 2122 2262 2179 reges,
2294 2111 2351 2162 et
2388 2107 2447 2163 hi
2476 2108 2655 2179 gapud
2704 2124 2869 2180 reges
2919 2125 3135 2181 magna
3179 2109 3464 2178 valentes,
3494 2110 3726 2167 instite-

2077 2200 2254 2262 runt;
2284 2196 2410 2267 ipse
2454 2203 2619 2268 pater
2645 2213 2764 2264 rex,
2796 2203 2855 2252 et
2901 2213 3106 2270 regum
3158 2199 3481 2255 maximum
3511 2216 3727 2256 nomen

2077 2285 2339 2356 suscepit
2368 2289 2425 2340 et
2469 2300 2537 2340 ea
2585 2285 2843 2357 tropaeis,
2877 2302 3008 2357 qua
3054 2286 3245 2342 multa
3275 2292 3335 2342 et
3381 2304 3597 2360 magna
3621 2289 3729 2343 ad-

2075 2389 2281 2429 versus
2313 2372 2514 2429 hostes
2546 2374 2771 2439 statuit,
2802 2379 2861 2431 et
2888 2392 3006 2431 non
3038 2377 3259 2444 minus,
3280 2376 3422 2448 quia
3449 2376 3548 2433 ille
3576 2376 3731 2449 patri

2076 2467 2181 2518 tuo
2213 2479 2343 2518 esse
2370 2461 2631 2534 contigit.
2665 2462 2817 2518 Illud
2843 2464 3023 2531 enim,
3051 2465 3239 2536 magis
3269 2482 3448 2539 quam
3480 2465 3612 2539 ipsa
3640 2482 3731 2522 re-

2078 2550 2174 2624 gia
2223 2555 2502 2623 potestas,
2536 2552 2724 2624 magis
2775 2569 2955 2624 quam
2999 2552 3272 2622 victoria,
3306 2555 3498 2627 magis
3550 2570 3731 2627 quam

2079 2655 2449 2712 quaecunque
2531 2639 2888 2712 prosperitas
2971 2641 3316 2713 praclarum
3411 2642 3646 2699 exhibet
3712 2658 3728 2698 :

2080 2744 2220 2784 nam
2273 2732 2330 2784 et
2377 2727 2701 2800 Philippus,
2761 2729 2899 2785 licet
2955 2746 3231 2804 magnus,
3287 2731 3476 2801 major
3531 2731 3729 2801 etiam,

2080 2817 2390 2873 Alexandri
2438 2834 2636 2886 causa,
2686 2819 2889 2875 evasit.
2919 2818 3038 2874 Hoc
3084 2819 3368 2875 nimirum
3419 2818 3617 2891 gloria
3647 2818 3734 2874 illi

2082 2906 2195 2962 fuit
2224 2922 2457 2966 corona.
2491 2911 2549 2962 et
2577 2907 2650 2962 ad
2682 2906 2979 2964 felicitatis
3031 2908 3332 2981 fastigium
3362 2908 3570 2976 evexit,
3596 2925 3734 2964 cum

2082 2995 2212 3068 ipso
2242 2994 2565 3051 nativitatis
2597 3001 2876 3069 tempore
2922 2996 3094 3069 signa
3121 2997 3283 3053 dedit
3332 3002 3505 3065 Deus,
3534 3003 3591 3053 et
3622 2998 3734 3053 Ro-

2084 3084 2246 3139 mani
2274 3089 2410 3140 tuos
2446 3084 2760 3157 genitores,
2791 3086 2874 3141 ita
2920 3085 3019 3141 illo
3041 3087 3290 3157 jubente
3319 3092 3378 3142 et
3409 3104 3537 3158 qua
3591 3104 3739 3143 nun—

2085 3190 2263 3246 quam
2294 3177 2467 3229 antea
2496 3173 2627 3229 istis
2670 3173 3055 3247 gratiﬁcante,
3090 3192 3256 3248 reges
3286 3181 3649 3247 creaverunt,
3682 3180 3741 3232 et

2085 3278 2301 3335 magna
2329 3266 2498 3334 gesta
2528 3279 2803 3335 peragere
2833 3262 2977 3318 illud
3009 3265 3204 3335 ;coepit
3233 3269 3398 3336 pater
3425 3269 3482 3321 et
3506 3281 3625 3331 rex,
3657 3264 3742 3320 ita

2086 3357 2154 3408 ut
2183 3367 2372 3422 neque
2410 3350 2701 3406 vaticiniis
2754 3367 2943 3423 neque
2990 3352 3410 3424 interpretibus
3456 3369 3550 3409 res
3580 3352 3741 3409 indi-

2086 3444 2240 3513 geat,
2274 3426 2383 3496 sed.
2409 3439 2544 3495 inde
2573 3445 2769 3511 pateat
2794 3445 2998 3512 Deum,
3031 3459 3066 3497 a
3093 3441 3415 3514 longinquo
3445 3446 3615 3497 tuum
3644 3458 3738 3498 re-

313 3535 387 3590 τὰ
439 3530 655 3609 μεγάλα
708 3529 1097 3608 διαπράξασθαι
1154 3535 1263 3585 τῶν
1312 3526 1488 3608 ἔργων
1534 3534 1615 3602 τῷ
1660 3528 1826 3606 πατρί
1887 3530 1974 3584 καὶ

2089 3546 2275 3603 gnum
2305 3533 2362 3585 et
2390 3546 2481 3585 res
2512 3535 2825 3601 prasentes
2846 3530 3200 3587 illustrando
3233 3530 3412 3586 simul
3441 3548 3507 3587 ac
3536 3547 3742 3587 omnes

322 3622 543 3699 βασιλεῖ
569 3618 764 3676 αὐτίκα
813 3617 1276 3692 ἐπηκολούθησεν,
1308 3619 1386 3682 ὡς
1438 3621 1514 3693 μή
1565 3618 1978 3695 χρησμολόγων

326 3708 473 3786 μηδέ
528 3731 691 3765 τινων
733 3708 1014 3784 ἐξηγητῶν
1059 3712 1140 3780 τῷ
1186 3709 1467 3784 πράγματι
1517 3705 1649 3780 δεῖν,
1680 3705 1807 3763 ἀλλ’
1847 3707 1982 3762 εἶναι

323 3797 498 3870 δῆλον
531 3797 766 3856 ἐντεῦθεν
804 3796 885 3852 ὅτι
919 3818 1015 3853 σου
1040 3799 1140 3867 τήν
1178 3795 1454 3873 βασιλείαν
1487 3799 1576 3852 καὶ
1627 3797 1697 3851 τὰ
1742 3796 1985 3871 παρόντα

322 3887 615 3965 πόρρωθεν
661 3884 931 3942 κυδαίνων
982 3886 1135 3959 Θεὸς,
1185 3885 1276 3941 καὶ
1314 3886 1430 3959 ἅμα
1473 3884 1678 3948 πάντας
1736 3884 1982 3962 ἐπιστρέ-

324 3999 443 4057 φων
493 3978 634 4053 πρὸς
680 3977 759 4048 σὲ,
796 3972 1060 4050 μεγάλοις
1110 3996 1206 4030 σου
1253 3976 1321 4029 τὰ
1365 3972 1614 4051 γενέθλια
1658 3974 1747 4030 καὶ
1789 3972 1985 4048 δεξιοῖς

323 4072 446 4129 τοῖς
491 4059 797 4140 συμϐόλοις
839 4061 1107 4135 ἐδόξασεν.
1143 4061 1362 4119 Ἰταλῶν
1408 4063 1510 4141 γὰρ
1558 4067 1716 4132 ἧτται
1761 4065 1839 4138 (6)
1888 4084 1982 4118 πε-

325 4160 576 4235 ριφανεῖς
623 4155 715 4209 καὶ
764 4155 875 4209 οἷαι
925 4148 1080 4209 οὔπω
1144 4150 1427 4231 πρότερον,
1472 4152 1564 4208 καὶ
1608 4156 1828 4228 Περσῶν
1864 4152 1987 4207 ’έτέ-

323 4246 498 4323 ρωθεν
581 4247 883 4314 τηνικαῦτα
965 4235 1238 4317 συμϐᾶσαι
1323 4239 1599 4317 παρέσχον
1683 4240 1778 4314 μὲν
1855 4241 1988 4295 Ῥω-

325 4334 519 4408 μαίοις
586 4333 689 4402 τήν
764 4331 1029 4404 ἀμείνονα
1092 4334 1199 4385 τῶν
1263 4331 1531 4409 σφετέρων
1601 4327 1987 4407 πανηγυρίζειν

326 4416 672 4497 μεταϐολὴν,
722 4418 1021 4495 παρέσχον,
1075 4416 1133 4474 δέ
1191 4418 1266 4481 ὠς
1332 4416 1691 4495 ἐναργέστατα
1749 4422 1989 4492 προορᾷν

318 4511 418 4567 καὶ
459 4512 560 4579 τὴν
610 4513 884 4586 παροῦσαν
935 4507 1280 4565 κατάστασιν.
1312 4506 1411 4562 Καί
1463 4527 1558 4579 μοι
1610 4504 1760 4562 δοκεῖ
1808 4507 1903 4579 ὡς,
1945 4506 1992 4561 εἰ

323 4598 559 4671 ποιηταὶ
591 4598 689 4655 κάν
726 4602 807 4670 τῷ
838 4599 951 4653 καθ’
983 4599 1134 4671 ἡμᾶς
1164 4596 1300 4665 ἦσαν
1332 4595 1522 4673 χρόνῳ
1568 4596 1658 4651 καὶ
1705 4601 1822 4651 τοῖς
1872 4594 1996 4651 τότε

326 4685 654 4765 γενομένοις
733 4693 1003 4763 παρῆσαν,
1061 4692 1311 4763 παρῆκαν
1389 4687 1484 4760 μὲν
1559 4682 1705 4756 ᾅδειν
1759 4684 1822 4740 τὸ
1876 4685 1995 4740 καθ’

326 4774 631 4853 Ἡρακλέα,
661 4774 744 4830 ὅτι
777 4772 1066 4853 δράκοντες
1105 4773 1251 4847 αὐτῷ
1291 4772 1412 4849 ἄρτι
1463 4775 1771 4850 γεννηθέντι
1822 4793 1998 4847 προσ-

2090 3619 2163 3674 ad
2193 3623 2250 3673 te
2281 3619 2689 3685 convertenda,
2723 3618 2955 3691 magnis
2980 3624 3037 3674 et
3066 3620 3278 3675 faustis
3309 3619 3496 3691 signis
3525 3612 3743 3676 natalia

2093 3707 2471 3779 gloriﬁcasse.
2522 3707 2843 3763 Manifesta
2891 3709 3049 3762 enim
3102 3708 3382 3763 Italorum
3431 3708 3629 3765 clades
3685 3712 3744 3764 et

2095 3795 2296 3868 quales
2322 3800 2495 3851 antea
2522 3813 2829 3867 nunquam
2882 3797 3132 3865 fuerant,
3165 3801 3225 3852 et
3271 3797 3581 3854 Persarum
3612 3814 3741 3870 qua

2094 3890 2237 3941 tunc
2284 3884 2566 3956 temporis
2615 3900 2855 3940 evenere
2900 3884 2960 3940 in
3008 3885 3118 3941 hoc
3151 3885 3445 3942 Romanos
3493 3887 3748 3943 adduxe-

2095 3976 2235 4028 runt
2265 3978 2331 4028 ut
2353 3972 2656 4028 meliorem
2696 3989 2940 4028 suorum
2960 3974 3255 4029 celebrent
3280 3975 3745 4046 conversionem,

2096 4062 2155 4117 in
2186 4062 2296 4117 hoc
2327 4061 2507 4117 etiam
2537 4061 2905 4117 adduxerunt
2952 4066 3017 4117 ut
3058 4062 3496 4119 evidentissimc
3527 4081 3751 4136 prano-

2097 4156 2266 4208 scant
2311 4155 2657 4223 prasentem
2709 4150 3174 4223 prosperitatem.
3226 4151 3295 4206 Et
3324 4152 3468 4207 mihi
3524 4153 3756 4210 videtur

2100 4240 2256 4312 quod
2288 4239 2338 4294 si
2390 4245 2569 4311 poeta
2604 4239 2664 4294 in
2718 4244 2918 4295 nostra
2949 4243 3115 4296 atate
3168 4240 3427 4296 viverent
3476 4245 3534 4296 et
3579 4242 3756 4298 rebus

2101 4346 2229 4402 qua
2258 4332 2386 4384 tum
2437 4327 2809 4401 contigerunt
2857 4330 3150 4397 adessent,
3182 4329 3577 4402 neglexissent
3620 4331 3755 4403 qui-

2103 4419 2236 4473 dem
2262 4416 2555 4473 celebrare
2599 4416 2742 4472 illud
2794 4417 3079 4489 Herculis,
3113 4420 3268 4490 quod
3319 4418 3619 4486 dracones,
3654 4420 3758 4491 qui

2103 4507 2176 4563 ad
2206 4523 2342 4564 eum
2373 4506 2466 4561 vix
2505 4510 2713 4562 natum
2761 4512 3159 4576 accesserunt,
3195 4508 3491 4579 perierint,
3524 4508 3624 4564 sed
3655 4513 3761 4564 tua

2102 4601 2334 4652 tantum
2394 4595 2614 4651 natalia
2658 4594 3072 4663 celebrassent,
3105 4602 3312 4669 prater
3362 4598 3603 4652 modum
3660 4596 3764 4653 illa

2107 4685 2390 4741 mirantes
2454 4690 2511 4739 et
2564 4683 2685 4739 illis
2742 4701 2947 4765 omnes
3007 4685 3270 4741 carmina
3331 4685 3764 4758 impendentes,

2108 4772 2388 4848 quoniam
2434 4778 2490 4828 te
2541 4774 2612 4828 ab
2663 4773 3038 4830 incunabulis
3069 4774 3204 4848 dua.
3248 4775 3516 4830 maxima
3564 4780 3768 4848 gentes

328 4866 548 4928 τιόντες
597 4864 882 4936 ἀπέθανον,
914 4861 1047 4939 ᾖδον
1091 4860 1138 4917 δ’
1187 4861 1247 4918 ἂν
1306 4863 1445 4937 μόνα
1488 4864 1557 4918 τὰ
1598 4862 1735 4918 κατὰ
1765 4864 1841 4935 σὲ,
1877 4874 1974 4927 θαυ

2113 4862 2625 4937 aggrediebantur,
2660 4879 2836 4935 regno
2878 4867 2981 4919 tuo
3031 4864 3262 4919 ofﬁcere
3311 4863 3639 4935 molientes,
3670 4881 3772 4937 ag-

340 4956 612 5032 μάζοντες
661 4953 906 5016 ἐκτόπως
955 4952 1091 5008 αὐτὰ
1135 4952 1226 5008 καὶ
1271 4953 1372 5021 τήν
1423 4950 1560 5023 ὅλην
1606 4952 1870 5024 μουσικὴν
1924 4949 2007 5005 ἐπ’

334 5045 533 5108 αὐτοῖς
587 5041 989 5117 ἀναλίσκοντες,
1021 5040 1104 5096 ὅτι
1153 5062 1239 5097 σοι
1302 5041 1441 5117 πρὸς
1501 5046 1618 5102 τοῖς
1682 5040 2006 5115 σπαργάνοις

2117 4968 2332 5025 gressa
2360 4955 2555 5006 autem
2609 4951 2866 5024 pessime
2912 4952 3232 5024 perierunt,
3268 4969 3401 5008 cum
3451 4954 3645 5009 fausta
3672 4958 3777 5008 tua

2120 5042 2357 5096 fortuna
2386 5056 2490 5113 per
2520 5057 2761 5096 manum
2793 5045 3094 5113 paternam
3126 5041 3243 5096 illis
3275 5042 3587 5098 obstiterit.

334 5132 462 5190 ὄντι
517 5132 753 5210 προσῄει
810 5132 904 5205 μὲν
967 5129 1064 5185 δύο
1114 5133 1181 5186 τὰ
1241 5130 1471 5207 μέγιστα
1519 5134 1626 5184 τῶν
1684 5128 1848 5185 ἐθνῶν
1906 5132 2213 5183 σκοποῦντα
2274 5126 2532 5203 βλάπτειν
2594 5149 2688 5182 σου
2744 5129 2843 5197 τὴν
2904 5129 3109 5204 ἀρχὴν,
3141 5129 3437 5203 προσιόντα
3489 5126 3546 5183 δὲ
3597 5133 3776 5191 κακῶς

336 5221 739 5302 παραπώλετο,
770 5228 871 5292 τῆς
900 5221 1107 5297 ἀγαθῆς
1137 5240 1234 5274 σου
1262 5219 1441 5296 τύχης
1474 5216 1561 5274 διὰ
1589 5227 1689 5289 τῆς
1720 5219 1987 5295 πατρικῆς
2020 5220 2212 5295 χειρὸς
2271 5217 2693 5291 ἀντιταξαμένης
2723 5216 2928 5280 αὐτοῖς.

419 5486 502 5561 (3)
541 5484 647 5543 Est
694 5483 790 5561 hic
837 5480 1093 5561 assem;
1129 5480 1502 5561 intervallum
1536 5498 1681 5561 _quo
1741 5481 1882 5561 quid
1908 5480 2016 5561 “ab
2127 5477 2495 5561 Ducazyide
2525 5478 2722 5561 Cangii
2757 5477 3033 5561 Familias
3058 5484 3299 5561 ﬁyzant.
3334 5481 3548 5561 p.234.

343 5546 552 5631 aliqua
594 5546 1195 5631 renaliaZseparatur,
1247 5553 1391 5631 Aliis
1436 5546 1629 5631 verbis
1675 5570 1689 5607 :
1736 5546 1848 5631 (id;
1886 5546 2018 5631 ﬁeri

349 5620 604 5709 μετ’ρεῖχ.
636 5625 747 5709 031’
826 5620 1076 5709 ἀριόιιεῖν
1124 5625 1197 5709 ,τὸ
1248 5621 1428 5709 μὲσρν,
1480 5621 1657 5709 εῖξτωη
1680 5620 1825 5709 πφλῤ
1882 5621 2015 5706 ἐστι.

427 5651 453 5685 τ
498 5649 577 5684 ειν
636 5649 742 5682 ουτ·
826 5649 1076 5709 αριυμειν
1124 5649 1197 5709 ,το
1248 5649 1428 5697 μεσον,
1480 5649 1624 5705 ουτω
1680 5649 1825 5707 stum:
1882 5649 2015 5706 εστι.

427 5649 509 5778 (ἕ)
540 5699 850 5759 Theodora
878 5715 1036 5755 enim
1087 5714 1214 5768 CJUB
1249 5702 1433 5753 mater
1479 5695 1602 5751 {illa
1633 5695 1744 5751 fuit
1773 5697 2020 5753 Joannis

656 5828 917 5891 ΡΑτιιοι..
966 5826 1077 5889 Gn.
1124 5824 1349 5890 CXLII.

2130 5623 2171 5677 ἴ.
2201 5550 2278 5633 (εξ)
2306 5551 2498 5606 Nolim
2529 5552 2773 5606 verbum
2802 5550 2916 5607 tale
2947 5550 3235 5608 excidisse
3287 5550 3504 5609 oratori
3551 5550 3787 5625 elegan-

2162 5639 2384 5677 lﬂqlmﬂ.
3138 5652 3142 5657 ‘

2162 5639 2384 5677 ιραιῐηο.
3138 5652 3142 5657 ‘

2204 5697 2283 5767 (ὃ)
2314 5693 2551 5767 Niceph.
2587 5698 2871 5766 Gregoras
2904 5711 2978 5766 IV,
3013 5695 3061 5765 1,

3433 5826 3506 5888 13
