4132 6440
349 383 466 440 395

1373 353 1691 419 GEORGII
1739 349 1998 412 CYPBll
2048 349 2162 407 ΕΡ.
2212 342 2743 404 ΡΑΤΒΙΑΗΟΗᾸΣ

3647 331 3764 394 396

421 513 775 568 Proavorum
808 501 1081 575 equidem
1111 495 1356 551 virtutes
1382 495 1441 547 et
1487 490 1752 562 ipsorum
1795 497 1997 555 regum
2028 539 2034 550 η

2182 473 2467 551 Προγόνων
2503 474 2600 548 μέιι
2640 470 2731 528 οὖν
2782 475 2890 526 τῶν
2938 473 3042 524 σῶν
3093 467 3286 544 ἀρετὰς
3334 465 3424 522 καὶ
3470 463 3646 520 αὐτῶν
3697 460 3766 530 δή

2151 570 2177 575 ..
2502 567 2528 575 ..
2913 561 2923 575 1
3099 558 3126 575 n
3227 555 3247 575 χ
3272 557 3282 575 ι
3538 554 3554 573 \
3656 551 3698 575 ῑ-
3719 573 3730 575 _
3756 572 3766 575 -

353 603 452 676 qui
484 614 672 671 nuper
699 593 1047 652 exstiterunt
1078 583 1378 659 sigillatim
1412 592 1710 635 recensere
1740 579 1797 629 et
1824 579 1879 626 te
1912 587 2001 626 os-

353 690 596 750 tendere
627 683 818 758 qualis
849 697 918 737 ex
946 678 1162 752 quibus
1193 677 1357 729 ortus
1387 686 1449 724 es
1480 666 1670 739 magis
1702 659 2000 732 scriptori-

355 783 469 838 bus
499 783 556 835 et
584 776 658 832 iis
688 789 819 846 quas
863 768 1170 825 historiam
1219 761 1580 832 componunt
1624 769 1802 827 quam
1836 749 2004 804 nobis

359 869 663 946 proprium
696 879 846 936 opus
891 874 1021 915 esse
1069 854 1344 928 proﬁteor
1375 867 1388 905 :
1421 864 1556 903 cum
1607 857 1861 917 praesens
1907 837 2006 893 ille

363 975 556 1018 sermo
588 972 704 1011 non
735 957 824 1008 est
867 945 1214 1004 historicum
1245 957 1415 1013 opus,
1447 938 1557 992 hoc
1598 938 1828 989 tantum
1861 945 2005 1002 prae-

363 1049 582 1107 teriens
632 1043 782 1108 dico,
832 1038 1011 1110 quod,
1057 1048 1272 1105 magna
1305 1025 1662 1102 jampridem
1709 1038 1827 1076 una
1872 1034 2006 1074 cum

363 1146 466 1197 tuo
495 1151 706 1210 genere
736 1131 948 1187 adorea
977 1123 1182 1198 gloria,
1216 1121 1358 1176 dum
1391 1115 1488 1173 alii
1521 1112 1846 1169 mutatione
1875 1123 2009 1163 suc-

366 1200 699 1286 cublierunt
726 1226 784 1276 et
813 1219 871 1273 in
902 1214 1158 1272 deterius
1179 1207 1392 1281 dilapsi
1423 1207 1581 1274 sunt,
1601 1200 1795 1258 solum
1827 1212 2012 1271 genus

367 1324 536 1374 tuum
569 1307 877 1369 mutationi
910 1321 1026 1361 non
1058 1302 1166 1358 fuit
1193 1296 1548 1361 obnoxium;
1583 1291 1684 1347 sed
1715 1292 1920 1345 contra
1949 1289 2015 1340 ut

368 1401 754 1478 amplitudine
787 1393 1032 1471 proﬁcit,
1068 1393 1150 1447 ita
1195 1393 1251 1444 et
1299 1384 1486 1459 gloria
1515 1379 1829 1455 profecisse
1858 1375 2014 1433 vide-

369 1470 487 1563 tur,
531 1498 587 1549 et
635 1470 1058 1563 progrediendo
1104 1478 1298 1548 majus
1351 1472 1544 1545 seipso
1593 1470 1814 1524 factum
1864 1479 2015 1528 esse,

372 1591 592 1642 naturas
624 1582 810 1635 instar
859 1572 1193 1637 ﬂuviorum,
1226 1564 1326 1638 qui
1357 1579 1424 1619 eo
1469 1559 1659 1631 magis
1687 1557 2017 1612 incremen-

371 1680 500 1731 tum
532 1668 917 1740 susciperent,
950 1677 1065 1734 quo
1093 1655 1286 1728 magis
1330 1653 1390 1708 in
1434 1655 1654 1706 terram
1685 1645 1935 1718 proeunt
1963 1645 2021 1697 et

374 1763 657 1835 majorem
681 1734 913 1830 plagam
939 1747 1320 1824 perlustrant.
1352 1740 1463 1798 Sed
1485 1743 1574 1806 tu,
1600 1752 1736 1794 cum
1756 1734 2022 1790 Oceanus

379 1820 655 1908 degorum
683 1820 856 1903 nobis
877 1820 959 1898 ab
981 1840 1112 1913 ipsa
1151 1832 1451 1891 nativitate
1479 1827 1674 1901 potius
1696 1839 1872 1896 quam
1907 1820 2021 1876 ﬂu-

377 1958 515 1998 men
562 1932 925 2011 apparueris,
958 1911 1122 1984 tanto
1164 1921 1355 1995 magis
1398 1917 1561 1975 avitae
1609 1913 1805 1988 gloriae
1846 1911 2026 1966 ﬂuctu

379 2032 450 2087 ad
485 2026 786 2102 proprium
817 2023 1100 2078 honorem
1131 2030 1248 2070 non
1297 2007 1626 2082 indigebas,
1659 2001 1892 2060 etiamsi
1923 2017 2028 2055 su-

381 2088 723 2193 peradditur
766 2111 877 2168 tibi
929 2124 1047 2164 non
1094 2100 1400 2175 indigenti,
1447 2101 1513 2152 ut
1557 2091 1788 2167 proavis
1837 2088 2032 2163 glorias

382 2222 658 2268 coronam
689 2207 747 2260 et
777 2195 1070 2256 felicitatis
1099 2189 1406 2250 cumulum
1437 2202 1540 2259 per
1569 2182 1815 2254 tuaipse
1843 2180 2033 2250 impo-

385 2296 596 2364 sueris,
628 2298 687 2350 et
715 2290 870 2364 quod
910 2288 1224 2344 honestum
1270 2282 1396 2335 erat
1441 2273 1697 2347 amplius
1727 2270 2039 2325 honestan-

388 2390 486 2454 do,
517 2357 755 2456 et'quod
789 2378 1015 2435 clarum
1043 2375 1169 2429 erat
1199 2369 1391 2438 seipso
1441 2363 1659 2420 clarius
1687 2357 2036 2416 exhibendo.

389 2445 524 2544 Quae
557 2445 676 2529 illis
705 2468 896 2540 major
941 2466 1099 2521 esset
1139 2457 1348 2533 gloria,
1378 2471 1508 2527 quae
1553 2450 1833 2523 dignitas,
1867 2445 2040 2517 quale

390 2562 760 2639 splendidius
789 2563 847 2614 et
895 2547 1368 2626 magniﬁcentius
1416 2544 1829 2600 ornamentum
1860 2551 2039 2609 quam

389 2661 469 2723 te,
501 2665 786 2726 magnum
818 2663 884 2703 ac
912 2642 1176 2700 divinum
1204 2651 1446 2710 prorsus
1475 2630 1802 2704 ingenium,
1823 2645 1892 2683 ex
1921 2623 2042 2680 illis

394 2743 692 2803 exstitisse
709 2738 952 2806 ?;'Quem
977 2731 1074 2788 vix
1102 2733 1308 2785 natum
1331 2722 1605 2781 omnibus
1635 2736 1764 2791 quae
1794 2713 2042 2787 imperio

393 2801 912 2906 congruunt—Deus
958 2816 1275 2883 exornavit,
1307 2817 1374 2869 ut
1402 2811 1481 2868 sit
1509 2807 1656 2864 nihil
1687 2807 1748 2861 in
1777 2811 1852 2874 te,
1887 2801 2043 2876 quod

397 2941 514 2981 non
547 2935 744 2993 regem
777 2911 1089 2970 manifesto
1121 2903 1429 2964 ostendere
1456 2899 1745 2963 videatur,
1777 2893 1953 2950 etiam
1985 2891 2044 2946 in

399 3010 607 3088 puerili
647 3004 908 3079 corporis
957 2996 1298 3074 gracilitate.
1349 2985 1855 3056 Quemadmodum
1889 2981 2046 3037 enim

397 3119 515 3160 non
545 3101 737 3174 potest
765 3111 881 3151 non
908 3073 1110 3146 lumen
1139 3099 1268 3142 esse
1298 3080 1454 3154 quod
1485 3095 1519 3134 a
1549 3075 1772 3132 lumine
1802 3073 2047 3128 abscon-

399 3164 645 3260 das,.sic
677 3202 781 3242 nec
808 3185 870 3239 in
907 3185 985 3249 te,
1019 3194 1138 3249 rex,
1171 3170 1457 3246 quidquid
1491 3166 1652 3223 nullo
1685 3164 1858 3218 modo
1888 3164 2046 3234 pote-

400 3235 528 3260 ν’·νι
562 3235 643 3246 ων
678 3235 779 3242 -ν-
811 3235 869 3239 --
920 3235 985 3249 ““1
1122 3235 1138 3249 ι
1187 3235 1206 3246 .
1334 3235 1353 3243 -

399 3287 491 3339 rat
519 3275 789 3342 inveniri,
837 3270 993 3344 quod
1045 3282 1160 3322 non
1195 3265 1390 3335 aperte
1436 3253 1880 3329 imperatorium
1922 3264 2050 3304 esse
2081 3235 2124 3302 C

403 3381 460 3428 et
488 3364 764 3442 genuisse
796 3342 1024 3433 regium
1055 3351 1269 3425 aliquis
1300 3345 1509 3404 dixerit
1534 3362 1549 3413 ;
1581 3342 1796 3398 idcirco
1827 3343 1883 3395 et
1904 3354 2059 3394 com-

406 3474 650 3517 munem
682 3457 956 3510 naturam
977 3447 1049 3502 de
1079 3443 1274 3515 seipsa
1302 3433 1603 3510 superbire
1631 3430 1905 3498 arbitror,
1923 3443 2058 3484 cum

407 3556 495 3609 tot
523 3543 806 3622 praditus
836 3537 1006 3596 donis
1037 3527 1354 3590 exstiteris.

410 3927 838 3988 formositatem
870 3923 927 3976 et
954 3916 1193 3973 illorum
1246 3925 1380 3965 cum
1430 3902 1679 3960 invicem
1711 3898 2060 3954 concentum

407 4023 465 4077 et
493 4011 958 4090 congruentiam,
991 4005 1241 4062 nitorem
1271 3995 1586 4071 pulchrum
1614 3989 1700 4044 tui
1733 3984 1965 4054 coloris,
1990 3999 2060 4038 ex

657 4103 763 4159 tibi
813 4071 1102 4155 mirabilis
1151 4092 1354 4161 utpote
1384 4100 1501 4140 non
1533 4077 1804 4144 feminea,
1837 4074 1937 4130 sed
1969 4071 2057 4127 vi-

407 4159 545 4254 ;ilis
643 4189 878 4248 heroica
906 4159 1282 4259 pulchritudo
1310 4169 1594 4240 constitit,
1630 4163 1834 4222 multis
1863 4159 2056 4218 verbis

403 4285 568 4344 valeo
599 4277 878 4350 consequi
903 4293 918 4344 ;
951 4273 1053 4330 sed
1084 4285 1201 4327 non
1234 4280 1404 4322 secus
1450 4277 1518 4317 ac
1547 4257 1648 4330 qui
1680 4253 1951 4311 dubitant
1980 4266 2054 4305 an

405 4341 722 4449 pulchrum
771 4341 851 4423 sit
893 4341 1103 4435 ingens
1151 4361 1379 4414 astrum
1426 4347 1632 4415 oculis,
1663 4344 1792 4401 visu
1842 4341 2056 4396 debent

406 4427 438 4449 ,Γ
455 4427 535 4430 r“
556 4427 563 4428 '
958 4427 991 4435 υ

401 4461 650 4521 inscitiae
677 4454 917 4521 mederi,
952 4467 1068 4507 non
1101 4450 1298 4504 autem
1339 4438 1552 4505 verbis,
1583 4437 1666 4491 ita
1696 4434 1812 4488 fere
1843 4430 1914 4485 de
1943 4427 2052 4484 hoc

403 4554 566 4610 decet
591 4541 926 4606 ratiocinari
961 4559 975 4598 :
1013 4537 1282 4595 omittere
1328 4530 1567 4603 quidem
1617 4523 1815 4589 verba,
1847 4521 2052 4591 utpote

2110 570 2218 620 τῶν
2282 567 2570 640 προσεχῶς
2637 561 3036 638 γεγεννηκότων
3098 555 3366 632 βασιλέων
3427 554 3564 610 κατὰ
3608 551 3770 627 μέρος

2113 652 2380 726 διεξιέναι,
2430 652 2517 706 καί
2570 673 2627 706 σε
2675 655 2789 712 τοῖς
2855 655 3012 704 πᾶσιν
3080 646 3316 724 ἐμφῆναι
3367 646 3483 707 οἷος
3534 643 3586 713 ἐξ
3635 639 3764 697 οἵων

2111 742 2444 820 γεγέννησαι,
2499 743 2858 817 συγγραφεῦσι
2919 737 3008 792 καὶ
3076 741 3190 798 τοῖς
3247 733 3486 811 ἱστορίαν
3546 730 3772 786 συντάτ-

2111 853 2294 888 τουσιν
2343 829 2485 904 ἤπερ
2530 833 2664 903 ἡμῖν
2716 828 2916 883 οἰκεῖον
2973 825 3125 901 ἔργον
3179 823 3313 880 εἶναί
3360 839 3524 898 φημι·
3557 819 3672 876 ἐπεὶ
3725 815 3774 873 δ’

2116 921 2178 978 οὗ
2229 919 2568 998 συγγραφικὴ
2638 914 2848 985 σπουδή
2910 915 2978 970 τὰ
3045 914 3305 990 παρόντα,
3359 913 3533 966 ἐκεῖνο
3607 907 3771 983 μόνον

2118 1012 2284 1068 εἰπὼν
2362 1004 2765 1082 μεταϐήσομαι,
2816 1005 2920 1077 ὅτι,
2976 1001 3226 1080 μεγάλης
3293 1002 3491 1064 ἄνωθεν
3565 1001 3645 1070 τῷ
3699 1001 3776 1068 σῷ

2117 1103 2260 1178 γὲνει
2321 1098 2695 1176 συνηργμὲνης
2761 1093 3027 1165 εὐκλείας,
3077 1098 3185 1148 τῶν
3255 1088 3441 1147 ἄλλων
3525 1086 3775 1143 ἁπάντων

2123 1187 2499 1245 ὑποπεσόντων
2559 1180 2838 1261 μεταϐολῇ
2905 1183 2994 1238 καὶ
3041 1184 3140 1250 τὴν
3193 1180 3273 1236 ἐπ’
3324 1177 3546 1234 ἔλαττον
3617 1197 3780 1244 κινη-

2124 1279 2344 1350 θὲντων,
2391 1272 2550 1330 τοῦδε
2623 1274 2793 1347 μόνου
2837 1276 2935 1326 τοῦ
2984 1270 3174 1346 γὲνους
3227 1268 3334 1344 οὐχ
3381 1267 3561 1342 ἥψατο
3618 1285 3781 1339 μετα-

2125 1363 2290 1438 ϐολή·
2321 1363 2629 1421 τούναντίον
2667 1362 2760 1435 μὲν
2797 1358 2888 1415 οὖν
2926 1354 3222 1434 προϐαῖνον
3269 1357 3450 1431 ὥσπερ
3501 1360 3583 1427 τῷ
3631 1351 3784 1423 πλή-

2127 1460 2228 1526 θει,
2280 1454 2422 1510 οὕτω
2491 1451 2558 1520 δὴ
2626 1453 2714 1507 καὶ
2779 1447 2907 1524 δόξῃ
2969 1442 3316 1525 προϐεϐηκὸς
3383 1446 3649 1524 φαίνεται,
3690 1441 3782 1497 καὶ

2131 1551 2313 1620 μεῖζον
2348 1545 2539 1598 ἑαυτοῦ
2565 1541 2788 1618 γεγονὸς
2816 1544 2937 1601 ταῖς
2986 1534 3249 1612 προόδοις
3295 1535 3432 1590 κατὰ
3474 1535 3575 1602 τὴν
3628 1531 3784 1610 φύσιν

2125 1640 2234 1691 τῶν
2279 1636 2562 1705 ποταμῶν,
2603 1631 2656 1685 οἳ
2694 1633 2954 1684 τοσοῦτον
3004 1626 3279 1697 αὐξήσεως
3333 1616 3790 1700 προσλαμϐάνου-

2129 1746 2234 1796 σιν,
2268 1722 2466 1778 ὁπόσον
2519 1718 2588 1789 δή
2635 1725 2735 1790 τῆς
2779 1725 2884 1792 γῆς
2913 1714 3142 1793 προΐασι
3190 1714 3279 1768 καὶ
3329 1717 3514 1789 χῶρον
3561 1708 3792 1766 πλείονα

2129 1807 2585 1890 παραμείϐουσιν.
2647 1806 2827 1864 Ἀλλά
2895 1805 2958 1860 σύ
3023 1825 3088 1880 γε
3143 1804 3233 1859 καὶ
3296 1801 3538 1857 Θάλασσα
3583 1797 3789 1858 ἶκαλῶν

2141 1886 2293 1977 ἡμῖν
2325 1901 2376 1972 ἐξ
2428 1899 2593 1969 αὐτῆς
2639 1898 2902 1973 γενέσεως
2955 1893 3168 1968 μᾶλλον
3219 1895 3254 1963 ἢ
3300 1891 3548 1964 ποταμὸς
3599 1886 3795 1944 ἀναπέ-

2141 2013 2332 2072 φηνας,
2379 1992 2634 2044 τοσοῦτον
2683 1989 2780 2041 τοῦ⁹
2828 1991 2926 2054 τῆς
2994 1988 3328 2060 προγονικῆς
3382 1978 3626 2041 εὐκλείας
3674 1975 3796 2054 ῥεύ-

2146 2065 2313 2156 ματος
2364 2078 2440 2140 εἷς
2509 2075 2709 2132 οἰκείαν
2763 2074 2824 2128 οὐ
2873 2071 3242 2150 προσχρῄζων
3311 2068 3654 2147 φιλοτιμίαν,
3703 2065 3799 2120 κᾶν

2143 2155 2398 2246 πρόσεστι
2431 2167 2519 2222 καὶ
2571 2167 2646 2239 μή
2697 2163 2988 2240 χρῄζοντι,
3039 2161 3162 2216 ὅσον
3208 2159 3298 2214 καὶ
3342 2163 3458 2220 τοῖς
3511 2155 3802 2234 προγόνοις

2143 2245 2235 2315 τὸν
2265 2261 2363 2327 τῆς
2397 2254 2558 2327 δόξης
2607 2253 2863 2332 στέφανον
2914 2253 3004 2306 καὶ
3052 2251 3115 2305 τὸ
3161 2257 3262 2318 τῆς
3316 2245 3662 2321 εὐδαιμονίας
3713 2245 3800 2299 τέ-

2147 2349 2294 2405 λειον
2343 2346 2404 2401 ἐκ
2450 2349 2556 2400 τῶν
2610 2343 2758 2419 παρὰ
2809 2345 3033 2397 σεαυτοῦ
3080 2336 3515 2415 προσεπέθηκας,
3570 2331 3801 2410 ὑπερδο-

2149 2439 2305 2510 ξάσας
2333 2437 2395 2490 τὸ
2428 2431 2816 2506 δεδοξασμένον
2846 2431 2936 2486 καὶ
2966 2428 3110 2484 πολὺ
3164 2426 3374 2501 μᾶλλον
3425 2427 3617 2480 ἑαυτοῦ
3653 2421 3805 2497 λαμ-

2148 2527 2413 2604 πρότερον
2462 2524 2525 2577 τὸ
2583 2521 2833 2598 λαμπρὸν
2924 2518 3230 2596 ἀποφήνας.
3275 2515 3365 2577 Τίς
3437 2513 3539 2590 γάρ
3618 2513 3806 2575 αὐτοῖς

2150 2603 2348 2692 γένοιτ’
2417 2611 2474 2667 ἃν
2539 2610 2737 2685 μείζων
2807 2607 3117 2688 φιλοτιμία,
3157 2604 3240 2668 τίς
3304 2603 3595 2677 σεμνότης,
3646 2606 3804 2663 ποῖος

2153 2704 2528 2779 εὐκλεέστερος
2595 2699 2686 2755 καὶ
2737 2696 3316 2774 μεγαλοπρεπέστερος
3377 2691 3607 2764 κόσμος,
3656 2690 3691 2760 ἢ
3741 2691 3807 2745 τὸ

2155 2795 2206 2867 ἐξ
2255 2793 2428 2849 αὐτῶν
2476 2791 2554 2863 σε,
2594 2789 2658 2844 τὸ
2710 2786 2844 2865 μέγα
2889 2787 2980 2841 καὶ
3029 2787 3170 2841 θεῖον
3223 2779 3394 2844 ὅντως
3440 2787 3660 2858 χρῆμα,
3705 2800 3806 2858 φα-

2153 2892 2338 2954 νῆναις
2371 2882 2416 2954 ᾧ
2445 2879 2535 2935 καὶ
2574 2884 2919 2955 παραχρῆμα
2948 2873 3272 2951 γεννωμένῳ
3319 2871 3493 2926 πάντα
3537 2873 3608 2941 τῇ
3657 2869 3809 2945 ἀρχῇ

2155 2972 2433 3048 πρέποντα
2479 2968 2622 3030 ’.Θεὸς
2671 2965 2988 3042 ἐχαρίσατο,
3040 2964 3114 3025 ὡς
3184 2961 3317 3016 εἶναι
3395 2956 3563 3034 μηδὲν
3622 2955 3812 3020 ἁπλῶς

2156 3068 2264 3118 τῶν
2313 3065 2439 3129 σῶν,
2473 3059 2502 3113 ὃ
2555 3057 2631 3130 μὴ
2683 3052 2910 3132 βασιλέα
2958 3073 3018 3106 σε
3064 3055 3247 3129 σαφῶς
3299 3046 3474 3107 ἐδόκει
3523 3045 3817 3117 δεικνύναι,

2159 3152 2254 3208 κάν
2305 3154 2374 3224 τῇ
2433 3149 2662 3225 βρεφικῇ
2711 3148 2806 3198 τοῦ
2874 3144 3128 3216 σώματος
3199 3137 3525 3209 ἁπαλότητι.
3570 3138 3658 3198 Ὠς
3709 3135 3817 3212 γὰρ

2163 3240 2261 3296 οὐκ
2291 3234 2400 3293 ἔστι
2437 3238 2512 3310 μὴ
2543 3239 2656 3313 φῶς
2701 3233 2834 3287 εἶναι
2865 3231 2895 3286 ὅ
2922 3253 2974 3286 τι
3009 3230 3069 3284 ἂν
3118 3233 3216 3284 τοῦ
3265 3228 3442 3305 φωτὸς
3494 3226 3821 3299 ἀποτέμοις,

2167 3330 2341 3390 οὕτως
2388 3324 2514 3382 οὐδὲ
2557 3328 2664 3379 τῶν
2718 3326 2824 3376 σῶν
2868 3342 2946 3390 τι,
3001 3317 3247 3395 βασιλεῖ’),
3279 3317 3380 3372 οὐκ
3414 3316 3482 3386 ἦν
3529 3312 3681 3370 οὐδὲν
3733 3313 3820 3369 εὖ·

2170 3425 2300 3498 ρεῖν,
2340 3417 2369 3472 ’ὀ
2417 3417 2491 3490 μή
2550 3412 2777 3490 ἀρχικὸν
2842 3406 3008 3488 ἔφησέ.
3066 3429 3165 3498 ,τις
3229 3403 3480 3477 ἐκδήλως
3538 3404 3671 3459 εἶναι
3732 3403 3823 3458 καὶ

2166 3495 2404 3586 γνησίως
2457 3501 2762 3582 βασιλικὸν,
2794 3499 2875 3579 ἐφ’
2903 3499 2948 3572 ᾧ
2989 3497 3080 3554 καὶ
3123 3498 3223 3567 τὴν
3265 3496 3450 3565 κοινὴν
3507 3495 3642 3570 μέγα
3689 3514 3822 3572 φρο-

2168 3602 2276 3652 νεῖν
2327 3595 2408 3673 ἐφ’
2453 3581 2616 3664 ἑαυτῇ
2666 3588 2822 3669 φύσιν
2873 3587 3050 3662 οἶμαι,
3098 3587 3178 3647 οἷς
3223 3584 3380 3648 εὐθὺς
3439 3582 3612 3646 οὕτως
3677 3581 3821 3659 ἔχων

2171 3686 2413 3765 χαρίτων
2444 3680 2742 3759 προσῆλθες.

2240 3791 2419 3848 Ἀλλὰ
2463 3790 2568 3864 γὰρ
2638 3785 2817 3861 μελῶν
2887 3783 3110 3839 ἑκάστου
3177 3786 3284 3837 τῶν
3354 3783 3681 3854 σωματικῶν
3737 3777 3823 3834 εὐ-

2172 3883 2329 3965 φυίαν
2360 3881 2451 3938 καὶ
2479 3880 2578 3948 τήν
2614 3875 2751 3953 πρὸς
2798 3871 3022 3944 ἄλληλα
3067 3872 3273 3928 τούτων
3321 3868 3678 3947 εὖαρμοστίαν
3731 3868 3821 3924 καὶ

2169 3971 2509 4052 συμφωνίαν,
2540 3968 2631 4023 καὶ
2681 3966 2744 4021 τὸ
2788 3963 3046 4019 ἐπανθοῦν
3101 3983 3184 4016 σοι
3234 3959 3402 4017 καλὸν
3450 3962 3550 4030 τῆς
3599 3965 3820 4035 χροιᾶς,

2169 4045 2344 4138 ἐξνῶν
2396 4058 2461 4131 δή
2513 4079 2597 4113 σοι
2647 4055 2737 4122 καὶ
2782 4051 3080 4126 θαυμάσιον
3131 4051 3206 4114 ὡς
3265 4049 3326 4105 οὐ
3381 4048 3647 4123 μαλακὸν,
3696 4045 3826 4103 ἀλλ’

2167 4137 2407 4231 ἀκριϐῶς
2457 4142 2728 4224 ἀνδρῶδες
2777 4143 2866 4199 καὶ
2907 4141 3173 4219 ἡρωϊκὸν,
3204 4140 3268 4195 τὸ
3314 4137 3524 4202 κάλλος
3573 4137 3820 4192 συνίστα-

2163 4265 2247 4313 το,
2283 4239 2397 4297 οὐδ’
2427 4239 2486 4293 ἄν
2537 4256 2622 4298 τις
2670 4231 2762 4289 καὶ
2808 4232 3150 4309 παριστάνειν
3203 4229 3386 4292 ἱκανὸς
3433 4225 3578 4284 ἔσται
3630 4224 3819 4304 λόγος·

2165 4331 2312 4406 ἀλλ’,
2358 4330 2417 4384 ’ὸν
2473 4324 2674 4403 τρόπον
2719 4326 2835 4384 τοῖς
2880 4319 3004 4398 περὶ
3053 4324 3150 4376 τοῦ
3202 4315 3444 4394 μεγάλου
3505 4323 3819 4396 φωστῆρος,

2165 4423 2211 4479 εἰ
2267 4403 2437 4481 καλός
2496 4415 2628 4485 ἐστι,
2688 4410 3148 4487 διαπορουμὲνοις
3221 4407 3520 4487 ὀφθαλμῶν
3594 4403 3677 4461 δεῖ
3727 4405 3821 4460 καὶ

2163 4508 2342 4587 ὄψεως
2393 4502 2702 4583 θεραπεύειν
2748 4501 2848 4571 τήν
2900 4499 3151 4576 ἀπορίαν,
3203 4496 3332 4573 οὐχὶ
3382 4494 3438 4551 δὲ
3477 4496 3568 4551 καὶ
3625 4492 3817 4571 λόγου,

403 4583 566 4610 unum.
592 4583 926 4606 [auum-nun
962 4584 975 4598 .
1014 4583 1278 4595 νυν-η.--
1333 4583 1469 4603 In,"
1805 4583 1813 4589 '
1918 4583 1937 4591 _

400 4642 461 4698 in
491 4641 602 4696 hac
649 4654 710 4694 re
753 4631 1009 4695 inutilia,
1041 4641 1255 4683 sensus
1308 4623 1506 4676 autem
1557 4611 1926 4671 audientium
1978 4606 2034 4662 ac‘

2160 4601 2303 4657 οὕτω
2360 4595 2538 4668 δήπου
2586 4591 2677 4648 καὶ
2725 4590 2851 4667 περὶ
2898 4588 3099 4644 τούτου
3147 4594 3428 4664 προσῆκον
3484 4583 3815 4662 λογίζεσθαι’

2309 4685 2332 4698 κ
2481 4691 2502 4698 .-
2616 4682 2632 4698 \
2759 4681 2772 4698 ἢ
2865 4677 2884 4698 Ν
2916 4679 2928 4698 Ι
3092 4679 3116 4698 υ
3164 4697 3167 4698 ,
3321 4673 3367 4698 δὶ
3473 4676 3561 4698 ,ΑΑΣ
3586 4695 3597 4698 Α
3659 4678 3810 4698 ___‘3_-

397 4732 573 4788 ﬁdem
623 4738 943 4788 assumere,
1001 4722 1060 4774 et
1099 4713 1217 4770 illis
1266 4709 1512 4767 suadere
1555 4709 1622 4760 ut
1671 4718 1774 4774 per
1821 4700 2046 4770 seipsos

394 4821 635 4875 ﬁrmum
659 4812 952 4886 judicium
983 4802 1368 4875 comperiant.
1401 4793 1632 4852 Etenim
1666 4806 1846 4864 quam
1877 4788 1937 4842 in
1963 4803 2048 4841 re-

393 4925 464 4981 ge
495 4923 651 4963 nunc
682 4895 1198 4959 licetintuentihus
1227 4890 1422 4946 videre
1445 4883 1888 4945 formositatem,
1915 4877 2047 4948 ipsa

390 4967 498 5052 tibi
529 4995 705 5050 etiam
757 4991 980 5046 discere
1011 4981 1266 5056 cupienti
1318 4993 1449 5050 quae
1478 4973 1563 5028 illi
1611 4970 1870 5043 primum
1920 4967 2045 5021 erat

389 5090 603 5158 praesto
634 5087 760 5149 est;
793 5095 929 5135 cum
973 5091 1080 5130 nec
1113 5075 1319 5145 praeter
1365 5082 1494 5122 eam
1548 5060 1662 5119 alia
1691 5059 1786 5125 sit,
1821 5056 1923 5113 sed
1954 5057 2044 5110 est

387 5175 561 5248 plane
587 5173 724 5236 ista,
755 5185 885 5240 quae
916 5181 1050 5221 cum
1100 5159 1327 5218 caeteris
1359 5152 1586 5229 pulchri
1618 5146 1876 5220 corporis
1910 5160 2040 5217 par-

385 5234 547 5320 tibus
577 5234 828 5318 adolevit
875 5261 932 5312 et
981 5255 1039 5308 in
1069 5253 1182 5308 hoc
1229 5249 1386 5321 quod
1432 5245 1702 5299 videmus
1751 5234 2034 5300 constitit,

385 5352 546 5409 illam
599 5347 777 5407 simili
827 5351 884 5403 et
911 5340 1122 5416 aequali
1172 5338 1396 5395 ratione
1452 5333 1524 5388 ab
1573 5327 1740 5385 initio
1790 5327 2037 5396 augente

385 5446 526 5499 natu
537 5457 619 5497 ra.

451 5727 740 5786 therum
770 5722 858 5781 vis
889 5719 1070 5791 hujus
1119 5718 1332 5772 natura
1360 5707 1577 5768 habilis
1608 5702 1868 5780 corporis
1914 5702 2027 5757 for-

2156 4685 2529 4767 παραδραμεῖν
2578 4682 2670 4756 μὲν
2719 4681 2811 4767 τὸν
2865 4677 3028 4767 λόγον
3084 4679 3174 4732 ἅτε
3235 4673 3402 4750 μηδὲν
3463 4676 3600 4752 πρὸς
3657 4678 3816 4729 τοῦτο

2157 4779 2472 4852 δυνάμενον,
2504 4764 2838 4847 παραλαϐεῖν
2879 4765 2938 4823 δὲ
2977 4767 3070 4830 τὰς
3101 4767 3381 4835 αἰσθήσεις
3436 4769 3544 4820 τῶν
3597 4761 3819 4818 ἀκουόν-

2151 4892 2260 4926 των
2311 4868 2388 4930 εἶς
2437 4863 2639 4929 πίστιν,
2671 4857 2873 4931 καὶδι’,
2906 4857 3105 4912 ἑαυτῶν
3156 4854 3351 4917 αὐτοὺς
3402 4859 3584 4908 πεῖσαι
3641 4851 3814 4926 ἀναμ-

2154 4959 2407 5040 φίλεκτον
2441 4949 2628 5011 λαϐεῖν
2666 4955 2766 5024 τήν
2819 4948 3112 5018 ἀπόδειξιν.
3148 4944 3247 5000 Καὶ
3308 4944 3413 5019 γὰρ
3471 4944 3531 5013 ἣν
3586 4947 3667 5013 τῷ
3717 4942 3812 5017 βα-

2151 5048 2295 5105 σιλεῖ
2341 5051 2433 5101 νῦν
2487 5041 2683 5116 ἔξεστιν
2713 5041 3086 5111 Ἀτενίζοντας
3136 5037 3265 5112 ὁρᾷν
3314 5032 3645 5108 ὡραιότητα,
3672 5030 3808 5099 αὕτη

2151 5142 2345 5210 σοιτῷ
2387 5137 2574 5210 μαθεῖν
2627 5131 2938 5209 αἱρουμένῳ
2986 5127 3077 5183 καὶ
3127 5126 3225 5195 τήν
3284 5121 3499 5177 ἐνοῦσαν
3567 5119 3807 5194 ἀρχῆθεν

2148 5229 2491 5305 παρίστησιν,
2525 5224 2625 5279 οὐκ
2684 5220 2828 5293 ἄλλη
2889 5241 2974 5282 τις
3035 5215 3169 5272 οὖσα
3215 5214 3344 5290 παρ’
3400 5209 3630 5280 ἐκείνην,
3683 5204 3810 5261 ἀλλ’

2149 5313 2388 5394 ἀκριϐῶς
2456 5313 2652 5381 ἐκείνη,
2713 5305 3170 5365 συνεπιδεδωκυῖα
3244 5308 3362 5364 τοῖς
3431 5297 3652 5359 λοιποῖς
3710 5299 3810 5351 τοῦ

2144 5409 2318 5463 καλοῦ
2349 5406 2602 5478 σώματος
2648 5399 2831 5475 μέρεσι
2861 5397 2952 5452 καὶ
2986 5395 3068 5457 οἷς
3098 5397 3127 5449 ’ὸ
3164 5397 3254 5448 νῦν
3307 5393 3498 5467 ὁρᾶται
3545 5397 3812 5458 καθεστη-

2143 5502 2290 5569 κυῖα,
2325 5492 2395 5548 δι’
2454 5491 2700 5566 ὁμαλοῦς
2759 5487 2928 5556 αὐτὴν
2998 5484 3088 5540 καὶ
3154 5480 3272 5553 ἴσης
3330 5477 3627 5555 ἀναλογίας
3656 5480 3726 5552 τῇ
3759 5474 3811 5548 ἐξ

2143 5586 2322 5663 ἀρχῆς
2350 5583 2643 5652 κινησάσης
2670 5585 2770 5649 τῆς
2801 5576 3034 5657 φύσεως.

2213 5691 2370 5761 Πλὴν
2443 5687 2599 5767 ἔργον
2669 5689 2768 5742 τοῦ
2838 5685 2975 5740 κατά
3021 5679 3179 5766 φύσιν
3242 5675 3586 5755 εὗαρμόστου
3638 5669 3799 5732 τοῦδε
