4132 6426
292 414 409 475 397

1297 414 1700 477 LAUDATIO
1744 412 2178 474 ANDRONICI
2222 414 2682 478 PALIEOLOGI
2696 460 2711 476 .

3594 421 3714 484 398

291 540 488 613 καλοῦ,
548 542 659 620 οὐχ
715 543 831 598 οἷον
892 542 1175 615 Ἐλλήνων
1236 542 1426 607 παῖδες
1474 545 1536 599 τὸ
1588 551 1686 614 τῆς
1716 542 1952 621 Ὀρφέως

2071 560 2194 613 mae,
2228 564 2342 604 non
2373 557 2496 604 erat
2535 549 2688 604 sicut
2720 566 2788 604 ea
2832 566 3009 621 quam
3050 549 3381 609 Grmcorum
3413 555 3574 626 gnati
3606 553 3710 611 Or-

291 632 516 709 κιθάρσς
547 632 697 710 φασὶ,
747 630 818 688 δι’
863 628 1177 710 ὑπερϐολῆς
1225 634 1319 689 τὸν
1370 633 1532 710 λόγον
1577 635 1714 710 πρὸς
1762 635 1824 688 τὸ
1859 655 1956 706 μυ-

293 717 486 793 θῶδες,
544 719 863 797 ἐξάγοντες,
925 719 1040 776 οὐδ’
1096 723 1209 777 οἷον
1270 720 1335 777 αὖ
1388 723 1452 777 τὸ
1508 726 1615 777 τῶν
1678 724 1951 797 Σειρήνων

289 813 563 865 ποιοῦσιν.
623 808 831 880 Ἐκείνη
894 811 988 883 μὲν
1042 811 1144 888 γὰρ
1203 811 1367 885 θηρία
1421 810 1633 886 θέλγειν
1697 808 1951 882 ἠδύνατο,

289 898 383 954 καὶ
414 897 602 960 λίθους
660 897 750 953 καὶ
800 897 954 971 ξύλα,
1003 899 1093 954 καὶ
1139 900 1238 969 τὴν
1290 898 1467 971 ἄλλην
1522 897 1734 976 ἄψυχον
1774 898 1951 978 φύσιν,

291 987 612 1065 ἀνθρώπους
668 984 744 1058 δὲ,
793 986 892 1042 καὶ·
929 987 997 1043 τὰ
1044 985 1314 1063 δυνάμενα
1356 988 1675 1065 θέλγεσθαι,
1738 988 1949 1064 ἀγριαί-

291 1097 399 1133 νειν
464 1074 678 1151 μᾶλλον
740 1075 915 1132 εποίει
969 1076 1058 1132 καὶ
1115 1076 1487 1154 χαλεπαίνειν,
1539 1079 1614 1142 ὡς
1668 1075 1868 1150 ἔδειξαν
1897 1079 1952 1133 αἱ

295 1170 527 1242 Θρᾷσσαι
582 1171 829 1241 γυναῖκες
879 1165 1039 1221 αὐτὸν
1098 1167 1292 1245 Ὀρφέα
1350 1167 1485 1242 αὐτῇ
1549 1172 1784 1242 μουσικῇ
1842 1165 1952 1222 δια-

297 1254 572 1333 φθείρασαι
607 1272 620 1286 '
682 1261 941 1331 Σειρῆνες
995 1253 1072 1326 δὲ,
1130 1262 1424 1333 κρατοῦσαι
1479 1261 1586 1312 τῶν
1645 1256 1947 1312 ἀκουόντων

293 1348 364 1419 τῇ
399 1340 641 1417 μελῳδίᾳ
685 1343 775 1399 καὶ
812 1343 1126 1420 θέλγουσαι,
1175 1344 1329 1419 ὅμως
1380 1345 1573 1408 αὐτοὺς
1622 1346 1710 1401 ἐπὶ
1755 1345 1948 1408 τέλους

295 1430 614 1505 ἀπώλλυον,
643 1435 742 1502 τῆς
792 1431 1048 1511 σφετέρας
1101 1438 1245 1503 ζωῆς
1294 1435 1540 1505 ἀνοήτως
1583 1436 1684 1504 τὴν
1734 1433 1947 1489 ἐκείνων

292 1518 441 1593 ᾠδὴν
474 1521 835 1595 ὠνουμένους.
887 1526 991 1577 Τοῦ
1037 1519 1095 1577 δὲ
1137 1523 1233 1578 σοῦ
1280 1521 1522 1586 κάλλους
1571 1520 1725 1599 ἔργον
1756 1521 1966 1594 κηλεῖν,

286 1610 386 1673 τὰς
435 1609 685 1666 ἁπάντων
742 1606 894 1685 ὄψεις
956 1610 1046 1665 καὶ
1100 1608 1167 1666 δι’
1224 1610 1398 1667 αὐτῶν
1455 1612 1553 1674 τὰς
1601 1612 1804 1688 ψυχὰς,
1858 1611 1948 1667 καὶ

286 1698 494 1764 πείθειν
544 1698 828 1776 πόῤῥωθέν
887 1721 973 1755 σοι
1029 1700 1387 1778 προστρέχειν
1444 1701 1534 1757 καὶ
1586 1702 1741 1774 πόθῳ
1800 1722 1890 1755 συν
1924 1733 1947 1744 -

289 1786 519 1862 δεῖσθαι,
551 1788 641 1843 καὶ
669 1795 772 1858 τῆς
822 1787 910 1844 ἐπὶ
960 1790 1044 1844 σοὶ
1096 1789 1481 1867 καλλιτεχνίας
1526 1791 1618 1846 τὸν
1669 1792 1945 1867 ἁρμοστὴν

291 1876 589 1951 θαυμάζειν
618 1878 770 1935 Θεόν.

361 1968 463 2022 Καὶ
521 1971 650 2043 γοῦν
709 1966 854 2023 οὕτω
919 1967 1162 2045 χαρίτων
1219 1972 1327 2023 τῶν
1384 1966 1599 2040 ἔξωθεν,
1659 1967 1802 2023 οὕτω
1856 1968 1947 2023 καὶ

285 2053 532 2119 κάλλους
577 2054 722 2131 ἔχων
780 2055 936 2120 εὐθὺς
990 2057 1041 2128 ἐξ
1091 2058 1294 2133 ἀρχῆς,
1344 2054 1424 2112 ἔτι
1482 2055 1693 2131 μᾶλλον
1741 2056 1810 2112 τὰ
1844 2063 1945 2126 τῆς

285 2149 478 2221 ψυχῆς
533 2143 881 2221 παρεδείκνυς
941 2147 1357 2223 θαυμασιώτερα
1389 2193 1403 2218 ,
1453 2146 1802 2222 κρυπτόμενα
1854 2146 1948 2219 μὲν

283 2236 429 2297 τέως
480 2233 572 2289 καὶ
621 2232 1031 2308 συστελλόμενα
1074 2240 1154 2308 τῷ
1191 2243 1292 2305 τῆς
1338 2234 1548 2313 φύσεως
1581 2233 1782 2307 ἀτελεῖ,
1830 2232 1947 2289 δια-

289 2322 585 2397 λάμποντα
641 2320 687 2378 δ’
741 2321 894 2397 ὅμως
952 2324 1041 2378 καὶ
1098 2323 1242 2392 τότε,
1294 2325 1530 2401 καθάπερ
1582 2321 1650 2379 δι’
1685 2324 1947 2397 ἐσόπτρου

288 2417 389 2468 τοῦ
448 2412 733 2489 ὁρωμένου
787 2412 878 2467 καὶ
937 2412 1037 2467 οὐκ
1095 2410 1353 2488 ἀμυδρῶς
1405 2411 1812 2492 ἐμφαινόμενα.
1874 2412 1946 2467 Ού

291 2502 398 2578 γάρ
458 2499 629 2557 σθένει
688 2499 778 2556 διὰ
828 2500 1024 2564 τέλους
1080 2502 1143 2557 τὸ
1205 2500 1547 2580 μεγαλοφυὲς
1601 2509 1702 2572 τῆς
1760 2505 1947 2578 ψυχῆς

293 2591 548 2665 ἠρεμεῖν,
596 2587 723 2645 οὐδὲ
777 2589 1005 2667 χρόνοις
1061 2587 1336 2646 δουλεύειν
1383 2596 1600 2654 τακτοῖς
1660 2588 1949 2646 συστελλό-

300 2700 485 2753 μενον,
521 2677 647 2736 ἀλλ⁹
697 2676 836 2735 ἔστιν
887 2679 949 2734 οῦ
1002 2680 1092 2756 βίᾳ
1116 2680 1178 2735 τὸ
1227 2680 1589 2757 ἐπιπροσθοῦν
1623 2679 1948 2751 ἐκτινάσσον,

293 2768 535 2846 καθάπερ
592 2767 658 2839 δὴ
710 2769 917 2844 θερινὸν
972 2770 1134 2846 νέφος
1188 2769 1353 2839 ἥλιος
1403 2767 1672 2846 διαυγάζει
1721 2774 1838 2831 τοῖς
1874 2770 1950 2842 μῆ

295 2864 474 2929 πάντη
524 2856 927 2932 τεθολωμένοις
974 2859 1067 2914 τὸν
1124 2863 1273 2929 νοῦν,
1321 2859 1411 2914 καὶ
1463 2861 1561 2928 τῆς
1604 2857 1954 2928 τελειότητος

299 2948 540 3025 ἐναργεῖς
580 2947 676 3010 τὰς
728 2947 987 3021 εἰκασίας,
1036 2947 1127 3002 καὶ
1172 2948 1279 3025 πρὸ
1324 2952 1421 3002 τοῦ
1468 2947 1560 3003 τὸν
1607 2947 1792 3023 καιρὸν
1851 2954 1952 3016 τῆς

293 3034 644 3106 τελειότητος
701 3033 895 3109 ἥκειν,
955 3035 1273 3112 παρέχεται.
1332 3041 1625 3113 Τοιγαροῦν
1682 3036 1779 3091 κάν
1836 3040 1953 3098 τοῖς

303 3128 584 3205 βρεφικοῖς
643 3127 937 3200 κινήμασιν
997 3125 1125 3202 ὁρᾷν
1196 3125 1414 3202 ὑπῆρχε
1468 3125 1693 3181 συνόντα
1747 3125 1837 3180 καὶ
1889 3126 1956 3180 τὰ

298 3210 631 3292 πρεσϐυτικά
662 3261 676 3288 ,
729 3214 820 3270 καὶ
870 3219 987 3277 τοῖς
1043 3213 1345 3291 ἀθύρμασιν
1379 3259 1393 3284 ,
1453 3213 1485 3268 ἃ
1542 3211 1608 3283 δὴ
1669 3216 1696 3269 ὁ
1756 3213 1955 3291 χρόνος

1978 1915 2028 1981 Β

2065 635 2246 706 phoos
2277 638 2510 693 citharae
2552 639 2841 704 tribuunt,
2877 641 3329 710 praetermodum
3380 659 3711 699 sermonem

2064 725 2134 779 ad
2169 726 2425 781 tabulam
2452 727 2830 795 deﬂectendo,
2864 732 2967 783 aut
3009 744 3187 800 quam
3237 747 3444 787 rursus
3490 732 3711 789 Sirenis

2062 830 2191 870 esse
2212 815 2460 887 ﬁngunt.
2487 816 2618 871 Haec
2647 817 2803 872 enim
2836 817 2988 873 feras
3037 817 3367 875 demulcere
3413 821 3622 892 potuit,
3655 825 3713 877 et

2060 907 2256 974 petras
2296 909 2352 959 et
2380 904 2539 977 ligna
2577 909 2634 961 et
2675 904 2851 961 aliam
2895 905 3220 962 inanimam
3260 913 3554 975 naturam,
3599 909 3711 966 ho-

2063 991 2254 1048 mines
2293 1009 2425 1049 vero
2457 999 2514 1050 et
2542 1010 2669 1065 quae
2714 994 3031 1050 demulceri
3065 1001 3310 1067 queunt,
3342 997 3567 1055 efferari
3613 1014 3713 1072 po-

2061 1081 2182 1136 tius
2210 1086 2267 1137 et
2296 1084 2627 1138 succenseri
2659 1083 2942 1149 incitavit,
2977 1088 3042 1139 ut
3088 1086 3471 1142 ostenderunt
3519 1087 3709 1144 Thra-

2062 1169 2160 1225 ciae
2193 1170 2468 1227 mulieres
2500 1189 2533 1226 a
2562 1173 2779 1245 quibus
2804 1172 2930 1244 ipse
2955 1172 3221 1245 Orpheus
3241 1192 3408 1231 suam
3433 1178 3504 1232 ob
3533 1177 3712 1233 musi-

2060 1274 2189 1314 cam
2220 1265 2461 1315 necatus
2491 1265 2578 1316 est
2608 1279 2621 1327 ;
2665 1260 2898 1317 Sirenes
2920 1278 3046 1333 quae
3066 1261 3375 1319 vincebant
3404 1265 3707 1321 audientes

2060 1349 2347 1403 suavitate
2377 1356 2585 1405 cantus
2615 1355 2672 1404 et
2703 1349 3137 1416 demulcebant,
3170 1350 3305 1408 illos
3337 1353 3515 1409 simul
3557 1370 3710 1410 mer-

2060 1438 2218 1492 cedis
2264 1438 2386 1493 vice
2434 1439 2789 1507 mactabant,
2831 1439 3064 1511 propria
3115 1440 3232 1496 vita
3272 1441 3459 1498 sultos
3506 1458 3710 1499 earum

2060 1530 2269 1581 cantus
2299 1531 2580 1582 ementes.
2614 1528 2751 1582 Tuas
2782 1544 2916 1586 vero
2949 1528 3331 1585 formositatis
3372 1531 3460 1586 vis
3490 1535 3578 1587 est
3607 1532 3710 1589 de-

2059 1612 2293 1669 lectanti
2328 1614 2594 1670 omnium
2626 1615 2825 1671 oculos
2868 1622 2926 1671 et
2964 1633 3069 1688 per
3097 1634 3196 1674 eos
3229 1618 3480 1685 animas,
3512 1624 3569 1675 et
3598 1619 3711 1675 im-

2059 1701 2313 1775 pellendi
2343 1703 2514 1776 longe
2542 1704 2615 1760 ad
2652 1709 2707 1759 te
2761 1721 3084 1776 accurrere,
3116 1711 3174 1761 et
3220 1707 3349 1780 capi
3397 1708 3709 1781 desiderio,

2061 1796 2233 1864 atque
2262 1792 2461 1848 eximii
2491 1794 2647 1864 quod
2681 1792 2741 1848 in
2770 1796 2829 1849 te
2858 1798 2947 1850 est
2976 1794 3169 1866 operis
3200 1798 3380 1851 Deum
3421 1796 3710 1855 artiﬁcem

2060 1880 2358 1936 admirari.

2128 1969 2195 2024 Et
2223 1969 2404 2041 igitur
2432 1970 2514 2025 ita
2544 1970 2780 2027 dotibus
2822 1972 3096 2043 externis,
3130 1972 3213 2029 ita
3257 1976 3315 2028 et
3346 1973 3711 2031 formositate

2059 2058 2268 2131 primis
2298 2060 2371 2114 ab
2402 2059 2580 2116 annis
2610 2064 2857 2116 ornatus
2886 2077 3036 2127 eras,
3072 2060 3258 2117 multo
3288 2061 3468 2119 etiam
3500 2063 3558 2118 in
3592 2063 3713 2120 ani-

2061 2164 2158 2203 ma
2187 2148 2503 2204 ostendens
2534 2149 2916 2217 mirabiliora,
2953 2167 3079 2221 quas
3122 2150 3321 2206 abdita
3368 2151 3625 2223 primum
3655 2157 3713 2209 et

2061 2234 2289 2291 occulta
2320 2253 2434 2307 prae
2466 2236 2809 2308 imperfecta
2840 2241 3072 2305 natura,
3109 2239 3286 2295 etiam
3333 2243 3475 2295 tunc
3510 2245 3711 2298 tamen

2062 2324 2489 2396 praefulgentia,
2519 2327 2690 2398 quasi
2715 2327 2775 2380 in
2808 2326 3044 2399 speculo
3077 2344 3194 2383 non
3243 2328 3489 2385 obscure
3519 2328 3712 2386 eluce-

2063 2415 2225 2470 bant.
2258 2416 2385 2470 Non
2418 2414 2575 2470 enim
2623 2420 2815 2487 potest
2862 2416 3103 2472 omnino
3153 2417 3499 2490 magnitudo
3530 2418 3714 2475 animi

2065 2504 2384 2576 quiescere,
2417 2507 2476 2558 et
2532 2503 2900 2576 temporibus
2956 2504 3088 2560 ﬁxis
3145 2505 3343 2562 abdita
3402 2506 3713 2575 deservire,

2066 2595 2166 2650 sed
2200 2598 2288 2649 est
2318 2596 2384 2648 ut
2413 2609 2517 2664 per
2542 2592 2659 2647 vim
2685 2592 3109 2665 impedimenta
3138 2594 3480 2664 discutiens,
3513 2612 3716 2667 quem-

2064 2683 2382 2738 admodum
2408 2681 2494 2738 sol
2524 2680 2753 2737 aestivas
2780 2683 2988 2751 nubes,
3012 2699 3214 2738 eorum
3239 2684 3564 2756 perfulgeat
3584 2700 3717 2740 ocu-

2063 2772 2137 2826 lis
2169 2788 2420 2844 quorum
2453 2787 2621 2825 mens
2652 2787 2769 2827 non
2801 2771 2974 2843 plane
3012 2772 3381 2839 obscuratur,
3415 2778 3472 2828 et
3517 2778 3716 2830 matu-

2065 2860 2258 2916 ritatis
2289 2858 2476 2915 claras
2523 2858 2832 2933 imagines,
2868 2866 3184 2933 antequam
3233 2861 3427 2917 veniat
3478 2867 3714 2935 tempus

2068 2948 2449 3015 maturitatis,
2482 2947 2706 3004 offerat.
2741 2950 2803 3002 In
2858 2949 3184 3020 puerilibus
3233 2967 3369 3023 ergo
3414 2951 3559 3023 ipsis
3593 2968 3715 3007 mo-

2068 3038 2229 3094 tibus
2258 3038 2424 3092 dotes
2443 3037 2659 3108 quibus
2686 3038 2961 3109 praeditus
2981 3055 3111 3094 eras
3131 3044 3189 3094 et
3210 3039 3392 3095 senile
3412 3039 3717 3112 ingenium

2067 3126 2263 3182 videre
2310 3129 2650 3196 promptum
2711 3130 2852 3193 erat,
2884 3130 2942 3181 et
2982 3126 3156 3197 jocis,
3207 3143 3337 3198 quae
3387 3127 3722 3199 postulabat

2068 3219 2231 3282 astas,
2268 3213 2431 3269 labor
2463 3213 2840 3283 miscebatur,
2864 3219 2921 3269 et
2949 3215 3142 3286 prima
3170 3216 3347 3271 verba
3377 3215 3496 3272 alta
3526 3221 3721 3273 mente

300 3285 518 3378 ἀπήτει,
573 3285 784 3373 σπουδή
846 3285 1218 3380 συνεκέκρατο,
1268 3302 1359 3358 καὶ
1414 3304 1479 3358 τὸ
1526 3285 1811 3378 am:an
1867 3303 1957 3380 βα-

2072 3322 2188 3360 non
2246 3305 2547 3372 vacabant,
2610 3304 2713 3359 sed
2771 3303 2832 3358 in
2889 3304 3050 3359 omni
3107 3304 3333 3377 impetu
3391 3305 3724 3362 constantia

303 3396 423 3459 θέος
452 3415 555 3449 παν
597 3392 793 3448 άπασιν
838 3392 938 3448 οὐκ
984 3392 1209 3468 ἠμοίρει
1251 3394 1398 3465 νοὸς,
1453 3392 1503 3447 ἐν
1548 3392 1691 3467 πάσῃ
1728 3390 1786 3447 δὲ
1818 3397 1959 3470 φορᾷ

298 3485 365 3541 τὸ
438 3482 686 3546 εὐσταθὲς
748 3481 959 3559 ἐκράτει
998 3480 1203 3555 ,κάπὶ
1277 3481 1456 3552 πάσης
1528 3481 1795 3559 ἐνεργείας
1867 3482 1957 3537 καὶ

299 3572 548 3649 πράξεως
606 3571 755 3628 ἐνίκα
803 3573 867 3626 τὸ
922 3592 1135 3627 συνετον
1170 3619 1187 3645 ,
1245 3572 1555 3649 ἁπανταχοῦ
1629 3576 1738 3626 τῶν
1811 3567 1960 3626 ἔνδον

299 3660 796 3735 πλεονεκτημάτων
855 3659 1290 3736 προαλλομένων
1343 3667 1446 3731 τῆς
1501 3659 1750 3731 ἡλικίας.
1807 3662 1956 3715 Ὅθεν

301 3747 429 3807 οὐδὲ
476 3748 806 3806 διδασκάλου
854 3771 938 3805 σοι
972 3748 1246 3827 Χείρωνος
1293 3747 1401 3805 ἔδει
1448 3750 1516 3805 τὰ
1560 3749 1839 3824 πολεμικὰ
1880 3749 1957 3804 ἐκ·

298 3836 655 3901 παιδεύοντος
690 3883 704 3909 ,
767 3835 892 3894 οὐδὲ
966 3834 1218 3914 γέροντος
1292 3836 1468 3894 ἄλλου
1523 3844 1910 3915 παρομαρτοῦν
1939 3872 1961 3881 -

299 3950 420 3992 τος,
475 3928 761 4007 ὑφηγητοῦ
823 3928 918 4002 μὲν
974 3931 1082 3982 τῶν
1140 3925 1342 4003 λόγων,
1406 3928 1693 4006 ὑφηγητοῦ
1747 3925 1805 3982 δὲ
1849 3932 1958 3984 τῶν

302 4014 480 4096 ἔργων
516 4064 532 4088 ,
590 4019 781 4073 ὁποῖον
836 4017 1082 4092 Ὅμηρος
1140 4014 1200 4071 ἐκ
1253 4023 1355 4086 τῆς
1428 4014 1693 4079 Ἑλλάδος
1752 4018 1828 4091 (7)
1883 4022 1962 4089 τῷ

296 4105 564 4184 Ἀχιλλεῖ
607 4128 740 4186 φησι
790 4103 1179 4161 συνεκπλεῦσαι
1227 4106 1320 4161 τὸν
1370 4106 1617 4161 Φοίνικαο
1669 4106 1736 4176 ἦν
1784 4103 1841 4160 δέ
1876 4127 1959 4160 σοι

302 4193 604 4265 παιδευτὴς
653 4195 743 4251 καὶ
785 4192 1110 4258 διδάσκαλος
1161 4195 1445 4271 ἀποχρῶν,
1494 4194 1624 4250 αὐτὸ
1673 4192 1741 4263 δὴ
1788 4199 1851 4250 τὸ
1906 4193 1962 4249 εὖ

299 4284 618 4365 πεφυκέναι,
680 4284 844 4356 ὀξέως
907 4285 1002 4359 μὲν
1054 4283 1131 4347 sic
1190 4283 1393 4359 εὕρεσιν
1443 4288 1709 4349 καθιστῶν
1761 4306 1819 4339 σε
1868 4289 1964 4339 τοῦ

304 4373 547 4449 δέοντος,
600 4373 764 4445 ὀξέως
813 4371 861 4429 δ’
912 4372 978 4429 αὖ
1020 4373 1112 4429 καὶ
1165 4373 1399 4447 μετιέναι
1439 4378 1605 4428 τοῦτο
1644 4373 1735 4429 καὶ
1785 4372 1961 4428 ἀνύειν

301 4463 712 4542 παρασκευάζον
746 4504 760 4520 .
818 4462 882 4517 Εἰ
967 4460 1014 4517 δ’
1096 4459 1198 4539 ἄρα
1272 4463 1406 4518 ποτὲ
1481 4463 1571 4517 καὶ
1635 4459 1965 4519 διδασκάλου

304 4550 519 4624 ἐδέησε,
547 4551 631 4615 τίς
663 4548 836 4614 ἄλλος
869 4549 1025 4614 οὗτος
1075 4551 1166 4622 ἢν,
1200 4551 1248 4606 εἴ
1301 4552 1376 4624 μὴ
1430 4552 1458 4605 ὁ
1513 4551 1676 4628 μέγας
1712 4550 1966 4626 βασιλεὺς

2068 3394 2369 3466 regnabat,
2402 3392 2462 3447 in
2512 3392 2673 3447 omni
2722 3396 2849 3448 acto
2899 3398 2956 3448 et
3005 3410 3182 3465 opera
3230 3396 3544 3466 praestabat
3583 3412 3721 3468 pru-

2068 3482 2284 3552 dentia,
2318 3498 2453 3537 cum
2485 3482 2652 3537 dotes
2681 3481 2891 3536 animae
2932 3486 3161 3538 aetatem
3206 3483 3719 3556 praegredirentur,

2068 3572 2291 3630 Idcirco
2318 3587 2424 3627 nec
2456 3570 2558 3626 tibi
2591 3571 2841 3627 Chirone
2873 3572 3157 3644 magistro
3197 3574 3269 3628 ad
3323 3572 3595 3629 bellicam
3626 3591 3718 3630 ar-

2067 3666 2187 3718 tem
2226 3660 2599 3717 ediscendam
2658 3676 2806 3732 opus
2863 3665 3007 3727 erat,
3038 3677 3145 3716 nec
3191 3659 3306 3717 alio
3360 3678 3498 3718 sene
3540 3663 3612 3718 ad
3663 3666 3722 3719 te

2070 3750 2492 3819 comitandum,
2543 3749 2781 3803 ductore
2838 3750 2897 3803 in
2955 3749 3221 3816 dicendo,
3263 3751 3503 3808 ductore
3557 3755 3615 3807 et
3656 3750 3719 3807 in

2070 3840 2317 3913 agendo,
2377 3836 2611 3909 qualem
2673 3838 2957 3893 Homerus
3011 3856 3080 3894 ex
3135 3838 3358 3894 Gracia
3410 3857 3530 3896 una
3583 3857 3720 3897 cum

2070 3927 2288 3985 Achille
2337 3926 2419 3982 ait
2466 3926 2776 3999 navigasse
2807 3926 3187 3983 Phoenicem:
3240 3931 3365 3984 erat
3408 3928 3566 3984 enim
3614 3929 3723 3985 tibi

2070 4021 2391 4091 praeceptor
2439 4019 2497 4071 et
2545 4016 2828 4087 magister
2857 4016 3127 4079 idoneus,
3162 4017 3295 4089 ipsa
3337 4017 3595 4089 ingenua
3621 4034 3725 4073 na-

2070 4113 2222 4162 tura.
2258 4107 2393 4171 Quaa
2421 4108 2478 4160 te
2506 4104 2719 4161 acriter
2749 4105 2821 4160 ad
2856 4104 3267 4177 indagationes
3312 4105 3459 4174 iusti
3506 4105 3727 4161 consti-

2071 4195 2300 4260 tuebat,
2341 4193 2550 4248 acriter
2586 4208 2793 4248 rursus
2839 4191 2947 4248 hoc
2994 4193 3261 4249 omittere
3299 4197 3402 4248 aut
3449 4193 3727 4265 perﬁcere

2072 4282 2435 4356 impellebat.
2467 4282 2526 4336 Si
2554 4286 2753 4337 autem
2785 4280 3102 4353 aliquando
3128 4280 3410 4355 magistro
3458 4280 3727 4354 indigue-

2073 4373 2176 4441 ris,
2207 4372 2343 4443 quis
2373 4369 2526 4426 alius
2557 4369 2653 4425 ille
2686 4376 2830 4435 erat,
2865 4370 2979 4425 nisi
3014 4386 3266 4443 magnus
3296 4386 3397 4426 rex
3438 4374 3496 4426 et
3540 4374 3727 4441 pater,

2075 4478 2253 4533 quem
2284 4460 2561 4525 dicerem,
2593 4464 2651 4514 et
2680 4459 2892 4514 merito
2940 4458 3219 4528 dicerem,
3253 4475 3459 4514 omnes
3508 4475 3730 4515 coaevus

2077 4547 2565 4622 magnanimitate
2596 4551 2652 4601 et
2683 4547 2923 4603 solertia
2951 4564 3251 4620 superare,
3288 4547 3401 4603 nisi
3450 4552 3514 4601 tu
3549 4546 3734 4603 menti

302 4642 399 4698 καὶ
430 4643 633 4719 πατὴρ,
667 4641 725 4696 ’ὀν
759 4635 892 4720 ἔφην
946 4640 1006 4696 ἃν
1058 4639 1162 4717 ἐγὼ
1212 4640 1302 4695 καὶ
1333 4639 1595 4717 ἀσφαλῶς
1628 4639 1775 4696 εἶπον
1834 4641 1957 4695 πάν-

2076 4637 2421 4706 occurreris,
2453 4637 2552 4708 qui
2584 4640 2816 4692 tantum
2848 4653 2963 4692 non
3014 4636 3407 4706 antecessisti,
3440 4637 3596 4708 quod
3635 4636 3735 4693 ille

301 4753 401 4795 τας
459 4730 765 4808 ὑπεραίρειν
826 4728 1157 4806 μεγαλονοίᾳ
1210 4730 1302 4785 καὶ
1367 4729 1624 4807 ἀγχινοίᾳ
1675 4729 1803 4793 τοὺς
1852 4731 1968 4785 κατ’

304 4821 498 4892 αὐτὸν,
560 4819 606 4874 εἰ
669 4821 746 4892 μὴ
806 4820 869 4874 τὸ
934 4819 1025 4875 σὸν
1084 4818 1455 4893 προσίστατο,
1515 4817 1661 4874 παόά
1710 4823 1968 4874 τοσοῦτον

305 4910 620 4981 ἐκνικῆσαν,
673 4908 801 4985 παρ’
858 4906 982 4963 ὅσον
1032 4907 1234 4970 ἐκεῖνος
1296 4912 1435 4981 (πῶς
1491 4906 1549 4963 ἂν
1610 4904 1823 4982 εἷ’ποιμι
1877 4929 1969 4981 με-

299 5000 478 5075 τρίως
532 4999 648 5073 ἅμα
692 4997 783 5053 καὶ
831 4996 1115 5074 εὐπρεπῶς
1159 5001 1201 5067 ;)
1251 5001 1509 5070 προήκων
1561 4996 1628 5066 ἧν
1657 4997 1845 5073 χρόνῳ
1882 4996 1973 5051 καὶ

299 5095 385 5163 τῷ
592 5086 840 5144 πλείοσιν
890 5085 1126 5164 ἡμέραις
1169 5085 1479 5160 ὡμιληκὼς
1508 5132 1522 5157 ,
1579 5085 1728 5156 ὥστ’,
1785 5084 1973 5141 ἄλλων

304 5177 455 5235 ἄλλο
506 5197 559 5232 τι
618 5180 727 5232 τῶν
771 5182 874 5246 τῆς
923 5183 1022 5246 σῆς
1071 5174 1328 5245 νεότητος
1389 5174 1806 5248 θαυμαζόντων,
1864 5179 1973 5230 τῶν

310 5268 411 5341 μὲν
470 5267 570 5335 τῆν
630 5265 779 5337 ξένην
839 5263 929 5320 καὶ
986 5265 1216 5341 χάριτος
1274 5264 1545 5339 γέμουσαν
1599 5267 1700 5333 τῆς
1757 5262 1976 5334 ἡλικίας

310 5355 577 5426 διάθεσιν,
633 5354 1033 5430 ὁνατρέχουσαν
1093 5352 1155 5407 ού
1216 5351 1379 5425 μόνον
1439 5351 1578 5427 πρὸς
1626 5353 1761 5426 ὕψος
1812 5349 1976 5428 ἔρνεῖ,

310 5446 436 5501 καθ’
483 5446 795 5521 Ὅμηρον(
831 5446 871 5517 ),
926 5438 1067 5515 ἴσην,
1117 5438 1265 5496 ἀλλὰ
1319 5437 1408 5494 καί
1464 5440 1600 5515 πρὸς
1658 5439 1821 5518 λόγον
1880 5445 1978 5495 τοῦ

387 5591 471 5662 (7)
503 5588 835 5662 Pbmnicem
858 5587 1066 5662 Peleus
1089 5584 1209 5662 ﬁlio
1232 5584 1505 5640 comitem
1537 5590 1596 5662 et
1627 5587 1980 5662 magistrum

319 5654 589 5735 dederat,
615 5658 902 5735 Méemvgte
932 5657 1127 5735 ῥητῆρ’
1159 5654 1343 5730 ἔμεναι
1374 5655 1670 5733 πρηκτῆρά
1696 5654 1757 5712 τέ
1786 5655 1981 5734 ἔργων,

314 5738 384 5795 ut
409 5741 501 5792 est
527 5733 590 5789 in
619 5732 784 5791 Iliad.
821 5732 865 5791 Ι.

2079 4727 2398 4801 (quomodo
2448 4725 2692 4781 dixerim
2742 4741 2906 4797 aeque
2953 4724 3130 4781 simul
3182 4742 3249 4781 ac
3278 4723 3736 4799 congruenter?)

2080 4820 2390 4890 provectus
2421 4819 2545 4870 erat
2575 4818 2742 4869 aetate
2774 4820 2831 4869 et
2858 4814 2918 4869 in
2951 4815 3068 4869 vita
3117 4812 3482 4887 longioribus
3531 4831 3567 4871 a
3613 4814 3736 4870 die-

2082 4908 2195 4962 bus
2227 4908 2531 4971 versatus;
2569 4903 2650 4958 ita
2691 4908 2777 4973 ut,
2810 4903 2942 4959 aliis
2974 4903 3135 4959 aliud
3169 4903 3309 4973 quid
3342 4902 3401 4957 in
3425 4902 3737 4974 juventute

2082 5000 2185 5052 tua
2214 4993 2591 5059 mirantibus,
2627 4992 2719 5048 bis
2749 4993 3021 5064 equidem
3070 4992 3429 5064 singularem
3463 4997 3521 5048 et
3548 4991 3739 5065 gratia

2084 5085 2329 5158 plenum
2361 5083 2550 5137 aetatis
2579 5082 2874 5149 habitum,
2905 5082 3006 5153 qui
3038 5098 3153 5137 non
3179 5086 3413 5137 tantum
3446 5082 3505 5136 in
3540 5080 3739 5138 altitu-

2086 5174 2285 5230 dinem
2318 5171 2669 5243 assurgebat
2700 5172 2932 5243 plantae,
2964 5176 3031 5226 ut
3059 5171 3141 5226 ait
3168 5175 3478 5240 Homerus,
3502 5170 3739 5237 similis,

2085 5265 2187 5318 sed
2221 5262 2399 5318 etiam
2432 5278 2536 5332 pro
2572 5259 2795 5316 ratione
2826 5260 3167 5317 altitudines
3189 5262 3335 5316 alias
3355 5260 3594 5316 subibat
3611 5276 3744 5315 con-

2084 5353 2404 5421 versiones,
2432 5366 2567 5409 cum
2599 5354 2828 5416 natura,
2861 5354 3035 5421 prout
3064 5367 3191 5421 quae
3224 5350 3488 5406 videmus
3516 5353 3740 5404 testan-

2089 5446 2187 5497 tur
2215 5456 2426 5512 magno
2484 5438 2680 5494 studio
2736 5443 2794 5494 te
2850 5440 3061 5494 educat
3108 5444 3166 5495 et
3211 5455 3385 5495 omne
3423 5438 3742 5495 artiﬁcium

2164 5584 2241 5655 (8)
2272 5582 2560 5655 Homerus
2592 5580 2757 5653 Iliad,
2791 5586 2853 5652 Σ,
2886 5582 2977 5649 56,
3011 5582 3083 5638 de
3111 5582 3331 5640 Achille
3365 5601 3378 5639 :
3430 5584 3483 5634 '0
3532 5574 3576 5634 δ’
3623 5577 3745 5634 ἀνέ-

2093 5649 2294 5731 δραμεν
2328 5649 2467 5728 ἔρνεϊ
2494 5650 2624 5708 ἶσοι.
