4132 6438
414 394 529 453 399

1442 396 1759 456 GEORGII
1806 396 2070 456 CYPHII
2115 396 2231 454 ΟΡ.
2287 387 2818 457 PATRIARCH/E

3717 399 3839 460 400

403 525 706 593 conferat;
739 523 857 580 illis
907 525 1086 580 robur
1136 531 1193 580 et
1239 541 1488 598 magnas
1536 527 1711 592 vires,
1743 531 1941 599 utpote
1971 526 2046 580 in-

2173 523 2343 597 ὕψους
2387 524 2485 586 τάς
2534 523 2732 587 λοιπὰς
2788 522 3089 587 διαστάσεις
3145 520 3562 598 λαμϐάνουσαν,
3613 526 3837 582 ἐνταῦθα

409 613 583 670 solita
613 620 669 669 et
698 614 1015 682 mirabilia,
1037 620 1210 685 atque
1230 621 1457 670 aetatem
1479 616 1915 688 exsuperantia;
1939 615 2056 671 illis

411 711 574 760 tuam
624 705 684 758 in
733 703 866 759 telis
915 722 981 759 ac
1022 705 1238 774 jaculis
1287 706 1566 760 adversus
1610 706 1762 760 feras
1817 711 1875 760 et
1930 722 2056 760 om-

411 793 512 848 nia
543 810 672 865 quas
701 793 870 848 ferire
899 810 1046 864 opus
1076 799 1201 848 erat
1245 794 1580 864 injiciendis
1629 795 2054 860 dexteritatem,

411 881 610 938 alteris
667 887 826 937 tuam
890 882 947 936 in
1007 883 1346 954 equitando,
1380 882 1441 938 in
1493 882 1774 940 vibrantia
1812 882 2056 955 Spiculis

409 970 554 1027 etin
586 969 785 1044 clypeo
816 971 886 1026 ad
936 975 1327 1026 tutamentum
1383 972 1564 1027 armis
1612 972 1939 1043 objiciendo
1989 989 2056 1028 ac

407 1058 468 1114 in
499 1060 831 1116 hostehaud
847 1076 999 1133 aegre
1020 1061 1172 1116 inter
1191 1061 1372 1117 aciem
1397 1063 1708 1118 sternendo
1729 1061 2053 1131 solertiam,

406 1148 529 1204 huic
556 1150 686 1204 aliis
720 1150 925 1204 merito
955 1150 1390 1207 celebrantibus
1434 1156 1491 1206 et
1533 1151 1904 1220 mirantibus,
1937 1167 2055 1206 non

405 1243 495 1295 est
524 1238 763 1310 quidam
810 1240 900 1293 cui
954 1241 1236 1310 majorem
1287 1256 1392 1312 ego
1441 1240 1891 1296 admirationem
1939 1241 2055 1296 im-

405 1327 642 1397 pertiar,
673 1343 850 1398 quam
881 1333 992 1382 tuas
1027 1329 1300 1400 ingenitae
1330 1331 1627 1402 sapientiae
1644 1329 2058 1386 beneficio.So-

405 1414 659 1472 lomonis
705 1417 1002 1487 equidem,
1035 1417 1213 1473 etiam
1262 1419 1450 1488 pueri,
1485 1419 1775 1475 miramur
1817 1419 2056 1491 sapien-

404 1506 547 1561 tiam
574 1512 630 1560 et
669 1506 1022 1576 aequitatem,
1051 1513 1228 1578 atque
1271 1508 1331 1563 in
1382 1508 1737 1578 quibusdam
1779 1509 2056 1580 quaestio—

405 1595 583 1650 nibus
605 1593 890 1650 intricatis
911 1596 1237 1651 enodandis
1251 1598 1662 1669 prudentiam:
1697 1599 1914 1654 etenim
1939 1615 2054 1669 prae

406 1683 630 1738 caeteris
677 1685 992 1756 scriptores
1040 1685 1276 1741 sedulos
1325 1687 1570 1742 sortitus
1617 1691 1729 1752 est,
1788 1687 2054 1742 omnium

402 1773 563 1829 illius
584 1778 881 1845 gestorum
905 1775 1074 1845 quasi
1101 1775 1505 1847 ephemerides
1519 1776 1707 1832 facere
1718 1776 2051 1849 gestientes;

401 1861 505 1917 tibi
529 1867 719 1917 autem
753 1862 803 1917 si
837 1864 1069 1919 adesset
1098 1863 1351 1936 impiger
1379 1864 1651 1938 scriptor,
1684 1866 1822 1920 dum
1875 1866 2052 1920 etiam
2087 1902 2134 1966 Β

400 1951 588 2006 multo
621 1952 930 2007 delicatius
969 1952 1216 2008 haberes
1246 1970 1459 2026 corpus
1489 1971 1668 2026 quam
1720 1971 1856 2009 cum
1889 1953 2051 2010 Solo-

399 2040 593 2096 monis
617 2041 762 2096 istas
785 2041 857 2096 lis
879 2041 1245 2112 dijudicavit,
1269 2059 1404 2098 mox
1426 2059 1726 2099 sermones
1747 2048 1804 2098 et
1826 2048 2056 2099 senten-

397 2129 514 2184 tias
543 2129 701 2184 illius
731 2129 980 2185 historia
1013 2137 1336 2202 superaret,
1370 2149 1462 2188 res
1495 2133 1894 2200 conscribens,
1926 2148 2054 2204 quas

401 2235 646 2274 numero
678 2223 853 2290 atque
883 2221 1236 2290 perfectione
1265 2226 1464 2277 essent
1494 2222 1944 2294 praestantiores.

2165 611 2232 683 δὴ
2265 617 2362 682 τῆς
2385 613 2616 691 φύσεως,
2649 613 2792 670 καλά
2836 612 2906 684 δὴ
2953 615 3052 669 παὶ
3100 615 3160 670 τὸ
3213 616 3490 690 ὁρώμενον
3549 621 3834 692 μαρτυρεῖ,

2166 701 2584 781 φιλοτιμότερον
2655 703 2988 776 κινουμένης
3045 704 3135 758 καὶ
3194 711 3368 758 πᾶσαν
3433 703 3832 782 εἰσφερομένης

2166 791 2539 870 φιλοτεχνίαν,
2591 797 2698 847 τῶν
2751 790 2809 847 δὲ
2854 794 2954 861 τὴν
2992 792 3150 868 ἰσχὺν
3197 793 3376 848 καὶτὸ
3410 789 3620 870 σφόδρα
3652 793 3838 868 ῥωμα-

2167 879 2291 936 λέον
2321 885 2419 936 τοῦ
2469 881 2721 955 σώματος
2772 881 2846 944 ὡς
2900 882 3144 960 ὑπερφυῆ
3194 903 3254 936 τε
3302 880 3392 937 καὶ
3435 883 3715 956 θαυμαστά
3743 881 3834 938 καὶ

2165 971 2272 1045 πρὸ
2317 977 2418 1040 τῆς
2471 970 2692 1040 ἡλικίας
2746 969 3114 1042 ἀπηντηκότα,
3165 970 3361 1045 ἐτέρων
3413 971 3513 1040 τὴν
3548 972 3675 1049 περὶ
3703 973 3836 1044 τόξα

2163 1059 2254 1113 καὶ
2311 1059 2525 1137 ἀφέσεις
2579 1059 2753 1134 βελῶν
2808 1060 2944 1114 κατὰ
2993 1059 3198 1135 θηρίων
3246 1059 3336 1114 καὶ
3393 1064 3494 1114 τοῦ
3554 1060 3608 1114 ἐν
3669 1064 3834 1137 χρείᾳ

2164 1149 2364 1211 παντὸς
2427 1147 2700 1223 βληθῆναι
2758 1147 2909 1224 παρά
2961 1151 3056 1202 σού
3117 1145 3439 1222 δεξιότητα,
3499 1146 3687 1204 ἄλλων
3734 1151 3833 1218 τὴν

2163 1237 2288 1312 περὶ
2340 1236 2671 1309 ἱπποσύνην,
2717 1236 2808 1291 καὶ
2854 1238 2918 1291 τὸ
2964 1238 3228 1291 τινάσσειν
3260 1237 3474 1312 αἰχμήν
3505 1237 3597 1292 καὶ
3629 1235 3831 1292 ἀσπίδα

2162 1321 2568 1402 προϐάλλεσθαι
2617 1326 2707 1380 καὶ
2757 1327 3084 1403 φράσσεσθαι
3137 1325 3356 1396 ὅπλοις,
3411 1327 3502 1381 καὶ
3550 1325 3828 1400 πολέμιον

2166 1415 2254 1470 ἐπὶ
2309 1415 2659 1490 παρατάξεως
2717 1414 2781 1468 ού
2852 1413 3116 1490 χαλεπῶς
3172 1409 3498 1470 καταϐαλεῖν
3534 1462 3549 1488 ,
3601 1413 3826 1487 ἐπιστή-

2169 1527 2300 1578 μην,
2328 1509 2496 1559 ταῦτα
2532 1508 2640 1559 τῶν
2689 1502 2876 1560 ἄλλων
2926 1501 3149 1566 δικαίως
3195 1503 3509 1577 ὑμνούντων
3557 1504 3646 1559 καὶ
3694 1506 3828 1559 θαυ-

2169 1594 2479 1667 μαζόντων,
2542 1592 2640 1648 οὐκ
2697 1590 2838 1648 ἔστιν
2894 1593 3045 1666 ᾧτινι
3109 1591 3323 1667 μᾶλλον
3385 1592 3491 1669 ἐγὼ
3548 1593 3824 1665 θαύματος

2164 1683 2314 1756 νέμω
2371 1687 2466 1737 τοῦ
2523 1682 2574 1736 ἐν
2632 1681 2716 1736 σοὶ
2770 1689 2871 1752 τῆς
2919 1681 3140 1745 αὐτόθεν
3193 1681 3384 1760 σοφίας
3435 1682 3822 1758 χαρίσματος.

2167 1777 2531 1845 Σολομῶντος
2599 1771 2695 1844 μὲν
2741 1771 2845 1847 γὰρ
2895 1769 3227 1845 θαυμάζεται
3281 1771 3372 1825 καὶ
3420 1768 3616 1833 παιδὸς
3675 1766 3827 1834 ὄντος

2165 1860 2329 1940 σοφία
2394 1862 2483 1916 καὶ
2537 1857 2811 1916 εὐθυδικία
2857 1860 2946 1915 καὶ
2998 1861 3137 1939 σοφή
3187 1882 3349 1915 τινων
3401 1859 3621 1933 ἀπόρων
3667 1881 3774 1938 προ
3805 1895 3827 1904 -

2165 1947 2468 2024 ϐλημάτων
2522 1947 2809 2026 διάκρισις·
2860 1949 2950 2004 καὶ
3009 1951 3114 2026 γὰρ
3162 1950 3298 2026 πρὸς
3341 1954 3459 2011 τοῖς
3508 1946 3704 2012 ἄλλοις
3737 1951 3826 2005 καὶ

2165 2039 2518 2118 συγγραφέων
2568 2038 2864 2114 προθύμων
2907 2039 3191 2116 ἐτύγχανε,
3240 2039 3414 2093 πάντα
3473 2037 3824 2114 βουλομένων

2163 2130 2230 2184 τὰ
2261 2128 2467 2184 ἐκείνου
2519 2127 2699 2203 ὥσπερ
2750 2125 3087 2205 ἐφημερίδας
3137 2132 3335 2181 ποιεῖν’
3370 2126 3456 2182 σοὶ
3489 2123 3535 2181 δ’
3569 2126 3614 2182 εἰ
3644 2131 3822 2200 παρῆν

2165 2215 2359 2280 ἄοκνος
2427 2217 2813 2294 συγγραφεὺς,
2873 2215 3036 2286 ἡνίκα
3091 2216 3181 2270 καὶ
3253 2214 3610 2292 ἁπαλώτερον
3683 2214 3827 2271 πολὺ

405 2303 618 2378 μᾶλλον
679 2305 822 2380 εἶχες
852 2306 916 2360 τὸ
946 2310 1104 2380 σῶμα
1133 2307 1166 2377 ἢ
1193 2307 1283 2362 ὅτε
1320 2307 1497 2363 ἐκεῖνα
1529 2307 1798 2382 Σολομῶν
1829 2305 2024 2383 ἔκρινε,
2053 2307 2179 2384 τάχ’
2210 2306 2269 2362 ἂν
2302 2303 2553 2383 παρῆλθε
2579 2305 2706 2368 τοὺς
2739 2303 2944 2360 ἐκείνου
2973 2308 3042 2379 τῇ
3089 2308 3372 2381 συγγραφῇ
3416 2304 3618 2380 λόγους
3651 2325 3710 2360 τε
3739 2306 3828 2360 καὶ

399 2396 671 2468 νοήματα,
705 2394 904 2465 πλήθει
935 2416 992 2450 τε
1020 2396 1109 2450 καὶ
1141 2392 1388 2474 ἀκριϐείᾳ
1414 2403 1644 2453 νικῶντα
1672 2398 2148 2475 ἀπογραφόμενος.

472 2506 557 2560 Ita
589 2504 826 2576 quidem
859 2521 921 2561 se
943 2522 1035 2562 res
1056 2506 1351 2563 habebant
1369 2509 1718 2580 priusquam
1750 2509 1821 2565 ad
1845 2511 2050 2580 juven-

396 2593 544 2649 tutis
569 2594 816 2665 gradum
848 2594 1183 2652 devenisses
1215 2612 1228 2651 :
1270 2601 1581 2668 postquam
1640 2603 1834 2654 autem
1886 2597 2049 2652 illam

394 2682 642 2754 adeptus
673 2699 824 2752 eras,
857 2684 1271 2740 denudabatur
1301 2685 1484 2741 animi
1508 2686 2053 2759 magnanimitas,et

396 2771 641 2827 rationis
681 2773 862 2828 robur
891 2772 1062 2845 plane
1092 2773 1426 2847 eﬂ‘ulgebat,
1450 2781 1506 2831 et
1535 2775 1716 2831 simul
1749 2777 2052 2832 crescebat

398 2861 468 2916 de
499 2864 556 2916 te
583 2861 895 2918 admiratio
939 2867 998 2917 et
1045 2863 1272 2919 animos
1317 2864 1694 2935 potissimum
1741 2865 2054 2921 invadebat

399 2954 457 3005 et
551 2951 764 3006 ardens
867 2967 1050 3020 amor,
1127 2969 1263 3024 spes
1345 2957 1743 3010 Romanorum
1839 2954 2051 3010 conﬁr-

401 3040 737 3107 mabantur,
799 3045 855 3096 et
930 3040 1124 3096 omnis
1199 3045 1421 3098 naturae
1478 3042 1780 3099 tristitiam
1838 3060 2054 3116 magna

402 3127 736 3184 futurorum
797 3129 1214 3186 consolabatur
1260 3132 1635 3204 exspectatio.
1693 3132 1905 3188 Praeter
1959 3131 2054 3188 his

401 3216 678 3273 omnibus
734 3217 1025 3275 videbaris
1080 3219 1508 3276 humanitatem
1563 3227 1621 3276 et
1672 3222 1897 3277 viscera
1939 3221 2055 3278 mi-

402 3305 728 3362 sericordias
761 3298 1067 3378 induisse;
1101 3313 1158 3364 et
1209 3326 1410 3366 revera
1456 3311 1746 3367 induebas
1793 3316 1849 3368 et
1895 3328 2053 3368 com-

2231 2502 2412 2559 Ἀλλά
2437 2509 2606 2559 ταῦτα
2657 2503 2750 2576 μέν
2803 2505 2868 2572 ἧν
2916 2501 3007 2556 καὶ
3060 2501 3167 2577 πρὸ
3196 2506 3294 2555 τοῦ
3344 2500 3399 2564 ἐς
3450 2501 3644 2578 μέτρον
3676 2497 3825 2573 ἥϐης

2161 2593 2335 2651 ἐλθεῖν
2372 2635 2384 2647 .
2447 2593 2562 2648 ἐπεὶ
2627 2589 2671 2646 δ’
2728 2590 2803 2652 εἷς
2853 2595 3019 2645 τοῦτο
3075 2589 3304 2666 προῄεις
3337 2637 3350 2662 ,
3410 2595 3824 2667 παρεγυμνοῦτο

2164 2684 2258 2756 μὲν
2307 2685 2370 2737 τὸ
2426 2690 2526 2752 τῆς
2587 2684 2772 2758 ψυχῆς
2831 2679 3044 2754 εὐγενὲς
3101 2681 3191 2733 καὶ
3249 2680 3314 2733 τά
3370 2684 3478 2734 τῶν
3536 2677 3821 2755 λογισμῶν

2163 2773 2364 2849 ἰσχυρά
2415 2770 2739 2849 διεφαίνετο,
2797 2766 3147 2824 συνεπεδίδου
3206 2765 3265 2822 δὲ
3319 2769 3411 2823 καὶ
3463 2768 3526 2823 τὸ
3578 2769 3704 2844 περὶ
3764 2769 3825 2824 σὲ

2161 2864 2342 2935 θαῦμα
2369 2860 2460 2916 καὶ
2513 2858 2726 2934 μᾶλλον
2768 2858 2971 2928 ἥπτετο
3015 2863 3123 2914 τῶν
3175 2860 3392 2933 ψυχῶν,
3445 2858 3714 2929 ἀνήπτετο
3764 2854 3823 2913 δὲ

2159 2951 2251 3006 καὶ
2298 2949 2551 3026 λαμπρὸς
2602 2949 2631 3003 ὁ
2673 2945 2835 3024 ἓρως,
2865 2949 2933 3002 τὰ
2979 2944 3038 3002 δὲ
3085 2950 3195 3002 τῶν
3243 2943 3484 3000 ἐλπίδων
3525 2946 3820 3021 Ῥωμαίοις

2162 3039 2512 3109 ἐπλατύνετο,
2570 3039 2661 3094 καὶ
2716 3044 2864 3093 πᾶσα
2919 3036 3218 3112 δυσχεροῦς
3283 3035 3441 3114 φύσις
3493 3039 3563 3110 τῇ
3612 3035 3822 3112 μεγάλῃ

2160 3134 2270 3184 τῶν
2320 3127 2634 3203 μελλόντων
2682 3126 3065 3204 ἐπεκουφίζετο
3113 3122 3444 3201 προσδοκίᾳ.
3498 3124 3824 3202 Φιλανθρω-

2161 3218 2286 3274 πίαν
2351 3218 2452 3296 γὰρ
2516 3219 2651 3292 μετά
2704 3221 2814 3273 τῶν
2864 3214 3052 3271 ἄλλων
3113 3212 3320 3277 ἐδόκεις
3380 3215 3470 3269 καὶ
3536 3213 3824 3292 σπλάγχνα

2164 3308 2461 3384 οἰκτιρμῶν
2521 3305 2852 3380 ἐνδεδύσθαι,
2907 3305 2998 3360 καὶ
3056 3302 3363 3375 ἐνεδέδυσο,
3424 3303 3704 3378 ἐκάμπτου
3763 3325 3822 3360 τε

401 3396 728 3450 movebaris
786 3397 1018 3468 generis
1075 3397 1535 3467 calamitatibus,
1586 3406 1878 3472 quantum
1931 3418 2046 3457 non

2161 3381 2469 3476 συμφαραῖς
2516 3401 2614 3452 τοῦ
2662 3395 2874 3472 γένους,
2924 3394 3050 3449 ὅσον
3100 3391 3214 3448 οὐδ’
3263 3393 3322 3448 ἂν
3361 3394 3413 3448 οἱ
3443 3393 3822 3470 περιπεσόντες

399 3483 514 3556 ipsi
546 3485 644 3556 qui
678 3485 736 3539 in
793 3485 912 3542 illis
964 3486 1327 3560 inciderant;
1376 3493 1434 3544 et
1479 3489 1529 3544 si
1579 3490 1892 3546 accidisset
1941 3490 2046 3546 ali-

398 3589 574 3645 quem
616 3574 677 3629 in
727 3591 930 3646 pcnnas
980 3575 1300 3644 incurrere,
1334 3595 1469 3633 cum
1519 3577 1802 3634 liberatus
1848 3583 1970 3635 erat
2015 3596 2050 3634 a

394 3662 794 3735 damnatione,
853 3667 1077 3738 majore
1132 3668 1204 3722 de
1261 3667 1371 3723 hoc
1428 3666 1632 3723 laetitia
1689 3669 1934 3724 affectus
1989 3673 2049 3724 et

395 3753 608 3824 gaudio
657 3754 866 3826 plenus
910 3772 1041 3812 eras
1092 3773 1271 3828 quam
1317 3757 1432 3830 ipsi
1473 3757 1559 3813 illi
1590 3758 1879 3830 sanguine
1909 3775 2047 3814 con-

386 3842 598 3913 juncu.

465 3954 598 4006 Haec
647 3952 1046 4009 Romanorum
1095 3971 1231 4027 spes
1282 3954 1582 4028 erigebant
1629 3958 1687 4010 et
1724 3953 2046 4026 amplifica-

394 4040 576 4107 bant;
607 4041 729 4097 hac
759 4048 816 4097 et
845 4049 1124 4115 praeterea
1172 4044 1484 4115 prudentia
1531 4048 1588 4100 et
1631 4044 1920 4100 mirabilis
1951 4061 2045 4099 sa-

394 4129 613 4202 pientia
643 4131 861 4202 quibus
888 4132 1140 4188 maxime
1169 4132 1434 4189 omnium
1463 4137 1635 4189 tuum
1675 4149 1863 4205 genus
1894 4150 2045 4205 pras-

393 4219 581 4274 ditum
629 4225 753 4276 erat
796 4221 1119 4277 incitabant
1164 4222 1298 4278 illos
1344 4240 1448 4295 pro
1479 4227 1536 4278 te
1567 4223 1884 4295 deprecari.
1917 4223 2043 4279 Non

391 4309 546 4363 enim
600 4313 724 4364 erat
775 4315 842 4364 ut
895 4312 1042 4382 patri
1105 4312 1393 4382 assidens,
1445 4310 1690 4368 consilio
1749 4313 2043 4384 proposito

391 4397 463 4452 de
495 4396 718 4452 bellicis
765 4398 1188 4454 certaminibus
1238 4405 1340 4455 aut
1389 4399 1504 4455 alia
1549 4401 1920 4466 necessitate,
1953 4417 2042 4456 se-

389 4485 623 4542 niorum
681 4487 901 4542 ducum
963 4488 1231 4559 peritiam
1292 4495 1349 4544 et
1397 4489 1751 4561 sapientium
1806 4489 2041 4545 aliunde

389 4581 728 4631 senatorum
788 4578 1160 4648 prudentiam
1219 4595 1334 4633 non
1413 4578 1804 4650 superaveris,
1863 4583 2040 4651 atque

386 4664 672 4736 optimam
723 4666 1040 4737 protuleris
1090 4667 1464 4739 sententiam,
1519 4671 1575 4722 et
1624 4684 1753 4739 quae
1801 4667 2036 4739 potissi-

2158 3486 2332 3541 αὐτοί·
2388 3485 2483 3542 κᾶν
2537 3483 2703 3561 ’έτυχέ
2752 3507 2836 3548 τις
2897 3484 2984 3539 ὑπ’
3040 3482 3265 3553 εὐθύνην
3325 3482 3662 3558 γενόμενος,
3725 3484 3822 3538 εἴτ’

2159 3575 2390 3652 ἐρῥύσθη
2443 3582 2543 3645 τῆς
2589 3571 2908 3645 καταδίκης,
2966 3569 3180 3646 μᾶλλον
3230 3571 3506 3648 ἐγεγήθεις
3559 3571 3642 3626 ἐπ’
3675 3571 3821 3644 αὐτῷ

2156 3666 2246 3719 καὶ
2278 3662 2484 3735 ἡδονῆς
2517 3662 2763 3740 ἐπληροῦ
2792 3657 2934 3738 ᾗπερ
2965 3662 3017 3716 oi
3047 3660 3192 3736 γένει
3222 3662 3617 3736 προσήκοντες.

2225 3954 2400 4004 Ταῦτα
2449 3949 2545 4012 τὰς
2604 3947 2892 4022 Ῥωμαίων
2944 3944 3171 4008 ἐλπίδας
3233 3945 3438 4020 ἀνύψου
3496 3945 3586 4002 καὶ
3650 3947 3817 4025 μεγά-

2157 4039 2256 4102 λας
2306 4038 2498 4094 ἐποίειο
2547 4042 2716 4092 ταῦτα
2762 4036 2898 4112 πρὸς
2951 4035 3117 4112 εὐχὰς
3166 4034 3362 4098 αὐτοὺς
3411 4035 3508 4097 τὰς
3555 4034 3690 4111 ὑπὲρ
3721 4041 3820 4092 σοῦ

2156 4126 2415 4202 διανίστα,
2465 4127 2731 4202 καὶπαρά
2776 4130 2945 4181 ταῦτα
2985 4126 3021 4195 ἡ
3070 4126 3386 4201 προμήθεια
3431 4125 3521 4180 καὶ
3564 4126 3627 4180 τὸ
3681 4127 3820 4202 μέγα

2151 4226 2253 4288 τῆς
2312 4217 2575 4280 συνέσεως
2631 4236 2850 4292 χρημα,
2911 4216 2984 4269 ὧν
3037 4213 3087 4269 ἐν
3137 4219 3258 4276 τοῖς
3313 4212 3590 4290 μεγίστοις
3629 4213 3693 4268 τὸ
3726 4215 3819 4269 σὸν

2152 4307 2306 4385 γένος
2365 4307 2640 4364 ἀπώνατο.
2699 4305 2772 4359 Οὐ
2829 4308 2933 4382 γάρ
2985 4307 3052 4374 ἦν
3113 4303 3251 4358 ὅπου
3309 4307 3390 4375 τῷ
3444 4303 3608 4380 πατρὶ
3666 4324 3818 4380 παρ-

2153 4395 2408 4473 εδρεύων,
2457 4397 2548 4451 καὶ
2603 4396 2843 4469 σκέψεως
2899 4393 3024 4470 περὶ
3080 4392 3401 4465 πολεμικῶν
3448 4395 3817 4469 προκειμένης

2151 4487 2378 4562 ἀγώνων
2437 4486 2472 4555 ἥ
2527 4506 2673 4548 τινος
2729 4484 2915 4562 ἐτέρου
2969 4487 3077 4537 τῶν
3133 4483 3474 4558 ἀναγκαίων,
3537 4481 3668 4560 οὐχὶ
3726 4484 3818 4539 καὶ

2151 4575 2418 4652 γερόντων
2478 4577 2795 4651 στρατηγῶν
2878 4571 3160 4646 ἐμπειρίαν
3232 4572 3322 4626 καὶ
3381 4575 3562 4649 σοφῶν
3623 4569 3816 4635 ἄλλως

2155 4665 2463 4740 βουλευτῶν
2515 4664 2693 4725 ἐνίκας
2743 4662 3023 4742 φρόνησιν,
3078 4661 3168 4716 καὶ
3218 4662 3318 4729 τὴν
3369 4660 3672 4731 καλλίστην
3703 4661 3814 4716 εἷσ-

387 4770 544 4809 mam
605 4756 779 4810 rebus
833 4757 1084 4827 publicis
1143 4755 1447 4812 consulere
1505 4758 1713 4828 potuit.
1779 4755 1944 4812 Unde
1985 4761 2040 4812 et

2159 4755 2343 4832 έφερες
2371 4758 2479 4808 τῶν
2510 4756 2748 4827 γνωμῶν
2797 4750 2886 4806 καὶ
2931 4749 2966 4819 ἦ
3005 4749 3242 4823 μάλιστα
3287 4754 3405 4810 τοῖς
3433 4755 3640 4812 κοινοῖς
3677 4751 3815 4826 βοη-

384 4845 738 4913 trapaeorum
771 4850 827 4898 et
857 4845 1255 4913 victoriarum,
1286 4862 1435 4917 quas
1456 4845 1676 4917 ubique
1710 4843 2040 4918 Illyriorum

385 4934 550 4984 terrae
591 4939 647 4986 et
691 4931 1072 5004 Peloponnesi
1105 4939 1161 4989 et
1192 4934 1528 4989 Acarnaniae
1559 4940 1616 4989 et
1643 4933 1857 4989 iterum
1887 4933 2034 4989 Asiae

384 5023 441 5072 et
489 5018 748 5091 Phrygiae
798 5027 853 5075 et
907 5040 1110 5078 versus
1169 5023 1530 5078 Maeandrum
1587 5023 1782 5093 Caria,
1825 5023 2034 5078 Roma-

382 5123 590 5162 norum
627 5125 835 5164 manus
869 5117 1170 5182 patraveru
1184 5116 1262 5177 nt,
1293 5129 1487 5183 regem
1509 5116 1565 5167 et
1587 5117 1809 5184 patrem
1844 5120 2030 5182 tuum,

379 5200 512 5266 post
544 5202 749 5263 Deum,
778 5199 934 5254 dicet
964 5200 1181 5272 aliquis
1213 5206 1510 5257 auctorem
1535 5201 1719 5257 fuisse
1746 5219 1758 5268 ;
1791 5203 1892 5256 sed
1927 5201 2032 5255 tibi

377 5284 779 5356 potissimum,
835 5289 1203 5344 divinissime
1252 5308 1370 5357 rex,
1417 5307 1532 5345 non
1593 5291 1792 5345 minus
1854 5306 2030 5360 quam

371 5374 523 5444 patri
586 5374 817 5430 illorum
882 5394 1124 5433 causam
1184 5381 1458 5446 ascribet,
1489 5379 1538 5433 si
1589 5379 1847 5433 haeccine
1901 5395 2028 5450 per-

372 5463 582 5534 spiciat
615 5480 627 5517 :
663 5463 758 5518 ille
813 5466 937 5521 dies
989 5469 1351 5540 transigebat
1405 5467 1834 5523 deliberando?
1877 5472 1935 5522 et
1966 5473 2028 5522 tu

375 5551 778 5624 transigebas;
838 5562 1038 5611 noctes
1087 5562 1238 5612 totas
1288 5563 1566 5628 praeterea
1643 5557 2030 5612 consumebat

377 5640 737 5698 consulendo
757 5643 784 5698 ‘I
813 5649 876 5699 tu
906 5661 1141 5716 quoque
1173 5645 1556 5718 pernoctabas
1581 5663 1596 5714 ;
1630 5645 1884 5718 negotiis
1915 5645 2029 5702 dis-

377 5735 601 5786 tractus
631 5733 800 5790 erat?
845 5733 1065 5788 Pariter
1092 5738 1149 5790 et
1173 5752 1303 5792 eras
1334 5735 1673 5804 distractus,
1707 5739 1762 5790 et
1791 5739 2023 5791 tantum

2148 4847 2256 4899 θεῖν
2304 4842 2421 4919 εἶχε
2471 4841 2781 4917 πράγμασιν
2813 4885 2824 4897 .
2881 4841 3036 4894 Ὅθεν
3087 4839 3178 4893 καὶ
3232 4838 3467 4914 τρόπαια
3513 4839 3605 4894 καὶ
3663 4839 3816 4902 νίκας

2147 4932 2370 5001 ἐκείνας,
2423 4931 2483 4993 ἃς
2534 4933 2850 5004 ἁπανταχοῦ
2895 4936 2998 4998 τῆς
3047 4926 3339 5004 Ἰλλυριῶν
3389 4935 3516 5003 γῆς,
3568 4927 3661 4982 καὶ
3704 4934 3812 4984 Πε-

2147 5021 2492 5092 λοποννήσου
2538 5019 2627 5074 καὶ
2678 5019 3054 5094 Ἀκαρνανίας,
3086 5018 3176 5073 καὶ
3228 5015 3292 5072 αὗ
3329 5016 3513 5079 Ἀσίας
3543 5017 3632 5070 καὶ
3659 5023 3809 5091 Φρυ-

2144 5109 2308 5184 γίας,
2365 5110 2454 5164 καὶ
2507 5112 2606 5178 τῆς
2667 5108 2806 5185 πρὸς
2865 5104 3167 5180 Μαίανδρον
3233 5104 3454 5182 Καρίας,
3512 5105 3566 5157 αἱ
3622 5111 3808 5180 χεῖρες

2141 5199 2427 5272 Ῥωμαίων
2479 5200 2822 5275 εἰργάσαντο,
2877 5197 2988 5273 ἐρεῖ
3051 5196 3144 5268 μὲν
3208 5196 3266 5249 ἄν
3312 5215 3397 5256 τις
3442 5189 3614 5248 αἴτιον
3671 5195 3809 5265 μετὰ

2139 5310 2200 5364 γε
2231 5289 2359 5342 Θεὸν
2393 5295 2482 5342 τὸν
2537 5286 2764 5362 βασιλέα
2809 5288 2898 5341 καὶ
2946 5285 3154 5361 πατέρα
3184 5285 3273 5339 τὸν
3309 5285 3399 5338 σὸν
3440 5280 3604 5344 αὐτὰς
3636 5280 3806 5357 ἐσχη-

2140 5378 2307 5431 κέναι·
2343 5378 2404 5431 ού
2457 5379 2563 5450 μὴν
2613 5375 2761 5432 ἀλλά
2808 5375 2897 5430 καί
2947 5375 3030 5429 σοί
3081 5395 3161 5450 γε,
3209 5375 3318 5428 θεῖε
3368 5369 3614 5448 βαωλεῦ,
3650 5369 3808 5427 οὐδα-

2145 5472 2260 5539 μῶς
2309 5470 2472 5536 ἧττον
2519 5469 2553 5536 ἣ
2601 5472 2678 5539 τῷ
2726 5465 2889 5540 πατρὶ
2939 5467 3037 5534 τήν
3071 5463 3244 5518 αἰτίαν
3293 5463 3502 5517 τούτων
3544 5482 3808 5538 προσεπι-

2138 5553 2420 5631 γράψεται,
2483 5560 2700 5610 σκοπῶν
2762 5554 2994 5609 οὖτωσί·
3059 5551 3349 5627 διημέρευε
3411 5550 3808 5626 βουλευόμενος

2139 5643 2341 5707 ἐκεῖνος
2394 5665 2407 5715 ;
2451 5642 2871 5719 συνδιημέρευες
2908 5661 2920 5673 ·
2979 5641 3175 5704 νύκτας
3231 5639 3367 5704 ὅλας
3425 5639 3811 5718 προσεδαπάνα

2136 5737 2204 5808 τῇ
2266 5733 2446 5809 σκέψει
2479 5754 2492 5803 ;
2531 5731 3056 5810 προσεπαννύχιζες·
3117 5729 3398 5808 ἐμερίζετο
3453 5737 3575 5794 ταῖς
3637 5753 3806 5813 φρον-
