4132 6448
356 437 473 500 401

1367 439 1766 503 LAUDATIO
1812 441 1914 501 AN
1925 441 2245 502 DRONICI
2291 442 2779 504 PALAEOLOGI.

3664 447 3782 507 402

354 569 502 637 τίσις
551 567 924 647 συνεμερίζου·
983 569 1074 626 καὶ
1124 569 1383 627 τοσοῦτόν
1435 592 1497 648 γε
1554 568 1621 641 δὴ
1677 575 1746 645 τῇ
1807 570 2006 641 νεότητί

2127 575 2423 647 juventuti
2469 573 2799 630 laxamenta
2846 574 3050 645 dabas,
3105 577 3395 647 quantum
3447 591 3619 633 nemo
3669 576 3784 634 sibi

358 659 642 737 ῥᾳστώνης
672 657 906 722 ἐδίδους.
940 659 1140 716 ὁπόσον
1195 658 1374 724 οὐδεὶς
1405 662 1540 716 ἑκὼν
1587 663 1760 734 ἑαυτῷ
1802 662 1873 717 τά
1923 661 2016 735 μέ-

353 769 512 824 γιστα
539 746 932 824 ταλαιπωριῶν
961 770 1022 804 τε
1052 750 1141 804 καὶ
1172 749 1350 804 πόνων
1383 751 1709 824 προσνέμοι.

430 836 502 892 Ού
569 836 736 914 μέχρι
769 835 828 892 δὲ
854 840 1063 894 τούτων
1123 839 1255 915 ὑπὲρ
1313 839 1597 913 Ῥωμαίων
1647 839 1864 894 καὶτοῦ
1897 838 2014 894 θεό-

358 927 445 980 θεν
506 946 593 981 σοι
653 925 866 1000 κλήρου
915 927 978 982 τὸ
1035 924 1396 1000 κηδεμονικὸν
1478 926 1838 1001 ἐπεδείκνυτο,
1892 925 2018 983 οὐδὲ

363 1015 552 1088 μόνον,
587 1013 638 1070 ἐν
670 1020 790 1079 τοῖς
825 1015 1122 1092 βασιλείοις
1153 1019 1483 1090 καθήμενος,
1518 1015 1605 1073 διὰ
1642 1016 1861 1074 πολλοῦ
1916 1023 2016 1072 τοῦ

364 1103 528 1178 μέσου
603 1105 703 1174 τήν
785 1103 1098 1181 ἐπικουρίαν
1184 1113 1445 1182 παρεῖχες
1500 1112 1620 1169 τοῖς
1677 1107 2013 1184 πράγμασιν,

360 1191 506 1249 ἀλλά
561 1191 626 1263 δὴ
685 1194 776 1248 καὶ
837 1194 1102 1269 ἀπαίρων,
1135 1195 1225 1251 καὶ
1275 1195 1547 1259 πολλάκις
1605 1197 1867 1271 ἀπαίρων,
1924 1197 2015 1252 καὶ

359 1287 476 1344 τοῖς
532 1285 649 1338 καθ’
703 1279 904 1339 ἕκαστα
959 1283 1049 1338 καὶ
1113 1281 1349 1357 μάλιστα
1399 1292 1517 1347 τοῖς
1577 1285 1629 1340 ἐν
1693 1284 1850 1361 χρείᾳ
1897 1284 2016 1341 οὖσι

362 1371 612 1447 βοηθείας
671 1371 1045 1451 ἐφιστάμενος,
1099 1379 1360 1450 παρεῖχες
1421 1375 1554 1447 μετά
1617 1374 1834 1430 πολλοῦ
1917 1380 2014 1430 τοῦ

355 1460 640 1536 περιόντος
692 1463 792 1531 τὴν
836 1463 1080 1537 ἀρωγήν.
1114 1462 1204 1516 καὶ
1236 1463 1312 1524 ὡς
1371 1464 1570 1525 ἱκανῶς
1627 1458 2009 1536 ἀνελάμϐανες.

350 1551 509 1626 Ἔχει
539 1549 728 1607 πολλά
760 1550 858 1606 σού
904 1558 1008 1620 τῆς
1062 1551 1322 1625 προνοίας
1379 1552 1469 1608 καὶ
1528 1554 1824 1629 παρουσίας
1853 1557 1888 1622 ἡ
1915 1557 2014 1609 τοῦ

350 1639 539 1700 ἄστεος
618 1636 1020 1717 Φιλαδελφείας
1075 1642 1152 1714 (9)
1226 1641 1542 1718 περίχωρος
1614 1643 2015 1717 κατορθώματα

352 1723 681 1801 διηγεῖσθαν
719 1723 838 1804 ἔχει
887 1726 946 1784 δὲ
995 1727 1085 1784 καὶ
1143 1729 1323 1786 Μυσία
1377 1728 1466 1785 καί
1525 1730 1742 1801 Μηονία
1797 1731 1889 1786 καὶ
1947 1732 2013 1786 τὰ

351 1813 462 1872 ἅνω
516 1814 742 1889 Λυδίας,
775 1817 875 1874 οὐκ
933 1817 1142 1875 ἐλάττω
1203 1816 1262 1874 δὲ
1317 1819 1407 1874 καὶ
1468 1818 1645 1876 Ἰωνία
1671 1820 1760 1875 καὶ
1791 1823 1827 1890 ἡ
1885 1821 2008 1894 περὶ

2127 663 2319 721 libens
2348 664 2636 720 maximas
2667 664 3034 720 calamitates
3066 667 3125 720 et
3180 681 3382 736 panes
3426 671 3779 724 assumeret.

2195 848 2320 902 Non
2353 850 2596 902 eatenus
2628 862 2807 917 super
2839 844 3122 900 Romanis
3164 848 3220 900 et
3241 843 3576 901 hareditate
3602 862 3636 901 a
3664 846 3779 903 Deo

2126 938 2266 994 data
2295 935 2690 992 sollicitudine
2721 934 3096 1000 ostendebas,
3131 951 3246 988 non
3275 938 3530 1004 tantum,
3570 934 3629 990 in
3689 953 3777 991 re-

2126 1026 2299 1099 gibus
2325 1024 2616 1088 assidens,
2676 1023 2850 1095 longo
2910 1021 3216 1078 intervallo
3273 1023 3448 1078 rebus
3493 1023 3776 1080 aﬂ‘erehas

2127 1113 2434 1178 auxilium,
2467 1113 2568 1168 sed
2602 1111 2777 1168 etiam
2808 1110 3116 1166 discedens
3147 1116 3204 1166 et
3236 1127 3384 1182 sape
3443 1111 3770 1181 discedens,

2125 1201 2510 1273 etunicuique
2533 1205 2709 1273 atque
2733 1199 3059 1272 prasertim
3079 1199 3348 1272 praesidio
3371 1198 3775 1272 indigentibus

2125 1297 2348 1356 astans,
2383 1307 2598 1363 magna
2627 1306 2763 1345 cum
2784 1289 3048 1344 ubertate
3073 1289 3391 1360 prastabas
3414 1289 3771 1359 subsidium,

2125 1385 2182 1435 et
2212 1379 2464 1434 maxime
2493 1378 2814 1433 reﬁciebas.
2849 1377 3077 1432 Habent
3107 1375 3294 1431 multa
3322 1379 3434 1431 tua
3465 1376 3774 1448 providen-

2123 1469 2216 1524 tia
2247 1472 2304 1524 et
2336 1466 2741 1540 opitulationis
2773 1466 3032 1524 facinora
3078 1481 3351 1520 enarrare
3397 1464 3776 1534 circumjecta

2124 1557 2540 1629 Philadelphia
2566 1575 2579 1624 ;
2615 1556 2835 1611 habent
2865 1559 2921 1609 et
2951 1555 3138 1626 Mysia
3167 1558 3224 1610 et
3253 1553 3478 1609 Meonia
3507 1559 3564 1609 et
3595 1554 3776 1626 Lydia

2123 1645 2409 1718 superior,
2449 1662 2556 1700 nec
2581 1644 2809 1700 minora
2840 1643 3001 1699 lonia
3031 1647 3089 1698 et
3114 1659 3240 1713 qua
3267 1642 3598 1697 circumdat
3640 1659 3771 1697 eam

2122 1736 2306 1791 Asia:
2345 1752 2459 1790 non
2491 1739 2581 1790 est
2610 1733 2768 1789 enim
2825 1735 2928 1788 aut
2982 1731 3208 1798 civitas,
3271 1736 3373 1787 aut
3429 1732 3613 1804 regio,
3671 1727 3796 1788 aut'

2122 1824 2273 1881 alius
2300 1824 2434 1896 quis
2462 1823 2646 1890 locus,
2673 1821 2771 1893 qui
2794 1826 2850 1876 te
2877 1825 3159 1892 prasente
3189 1819 3424 1886 fruitus,
3448 1835 3564 1875 non
3589 1817 3769 1876 simul

345 1905 552 1976 ταύτην
585 1906 762 1962 Ἀσίαο
813 1906 875 1961 ού
921 1908 1025 1984 γάρ
1081 1906 1336 1978 ἐστιν,ού
1391 1909 1578 1978 πόλις,
1607 1909 1674 1964 ού
1731 1911 1912 1986 χώρα,
1947 1909 2006 1965 οὐ

397 1994 409 2013 Ι
706 1993 796 2013 N“
919 1997 941 2013 ﬂ
1046 1995 1060 2013 θ
1149 1996 1169 2013 κ
1234 1997 1248 2013 Ι
1681 1997 1692 2013 1
1943 1999 1956 2013 9

2122 1913 2316 1985 aliquo
2373 1911 2652 1968 beneﬁcio
2709 1909 3029 1982 perfruitus
3082 1909 3347 1964 evaserit.
3403 1907 3533 1964 Sive
3607 1909 3767 1965 enim

346 1994 518 2058 τόπος
565 2015 649 2058 τις
699 1993 872 2058 ἄλλος
919 1997 1001 2069 ὃς,
1035 1995 1351 2060 ἀπολαύσας
1410 2019 1505 2054 σου
1553 1997 1842 2074 παρόντος,
1901 1999 2006 2075 οὐχ

2120 2003 2352 2076 fugatos
2383 2001 2595 2056 viderit
2623 1998 2988 2072 propinquos
3018 1997 3325 2068 Barbaros,
3358 1996 3478 2052 sive
3508 1996 3766 2053 trucida-

347 2084 464 2156 ἅμα
515 2084 607 2139 καὶ
662 2089 772 2140 τῶν
829 2083 1013 2141 καλῶν
1065 2087 1184 2148 ἐνὸς
1230 2087 1638 2151 συναπολαύσας
1697 2089 1888 2167 ἐφάνη.
1939 2090 2008 2144 Ἦ

347 2173 453 2250 γὰρ
531 2173 824 2253 φεύγοντας
896 2175 1026 2237 τοὺς
1104 2175 1343 2252 ὁμόρους
1420 2175 1530 2234 εἶδε
1585 2174 1916 2254 Βαρϐάρους,
1974 2179 2008 2248 ἣ

345 2263 754 2340 σφαττομένους
811 2265 846 2332 ἣ
901 2263 1322 2338 ἁλισκομένους,
1383 2264 1420 2336 ἤ
1489 2289 1544 2322 τι
1621 2267 2003 2342 παραπλήσιον

344 2350 682 2428 πάσχοντας,
713 2353 804 2408 καὶ
858 2354 959 2422 τὴν
1016 2354 1231 2410 ἐκείνων
1291 2354 1652 2433 ἐπανηγύρισε
1699 2359 2002 2435 συμφορὰν,

345 2442 381 2510 ἢ
413 2438 666 2514 πόλισμά
694 2462 749 2496 τι
793 2439 1007 2512 ἐδέξατο
1037 2443 1127 2498 καὶ
1157 2451 1260 2513 τῆς
1295 2443 1646 2522 καταδρομῆς
1676 2445 2004 2521 ἀπηλλάγη,

345 2527 690 2606 έχυρώτερος
761 2530 954 2586 ἑαυτοῦ
1022 2533 1112 2587 καὶ
1186 2533 1582 2612 ἀσφαλέστερος
1655 2537 1912 2611 γεγονὼς,
1971 2538 2006 2606 ἦ

346 2619 688 2694 στρατιώτης
736 2619 1080 2699 περιελήφθη
1114 2624 1229 2696 (10)
1271 2629 1556 2701 φρουραῖς,
1585 2623 1673 2679 καὶ
1720 2629 1840 2687 τοῖς
1889 2625 2001 2681 ἐθέ-

346 2706 534 2763 λουσιν
595 2707 696 2766 ἐπὶ,
742 2709 893 2784 λύμῃ
948 2713 1226 2786 προσιέναι
1275 2709 1654 2790 φοϐερώοερος
1686 2715 1932 2789 γέγονεν,
1964 2711 2000 2782 ἤ

342 2818 395 2852 τι
427 2794 610 2874 ἕτερον
645 2800 920 2876 σωτηρίας
953 2799 1218 2876 ἐχέγγυον
1280 2799 1427 2878 ἔσχε,
1489 2803 1577 2858 καὶ
1633 2804 1733 2872 τὴν
1795 2805 2000 2876 θαυμα-

345 2887 478 2956 στήν
537 2888 664 2963 περὶ
721 2887 894 2946 πάντα
952 2889 1208 2967 κηρύττει
1269 2912 1364 2946 σου
1419 2892 1701 2964 πρόνοιαν.
1743 2892 1841 2946 Καὶ
1896 2894 1999 2968 γάρ

341 2974 477 3052 ὅπερ
537 2977 592 3031 αἱ
649 2977 795 3032 σκιαὶ
852 2979 1152 3054 πάσχουσι,
1206 2980 1531 3057 προσιόντος
1607 2979 1796 3051 ἡλίου,
1852 2982 2000 3037 τοῦτ’

343 3066 618 3141 ἀτεχνῶς,
673 3067 750 3128 ὡς
807 3067 971 3141 μόνον
1048 3071 1440 3145 προσήγγιζες,
1499 3076 1642 3126 πᾶσα
1694 3067 1997 3146 βαρϐαρικὴ

345 3154 598 3216 σύστασις
651 3154 894 3234 ἐφαίνετο
951 3157 1259 3234 πάσχουσα,
1293 3156 1658 3233 σκεδαζομένη
1721 3161 1811 3215 καὶ
1870 3157 2000 3215 λυο-

349 3245 486 3318 μένη
519 3244 611 3299 καὶ
638 3246 738 3314 τήν
762 3246 1058 3322 παρουσίαν
1091 3246 1153 3302 οὐ
1183 3247 1437 3326 φέρουσα.

2117 2096 2230 2161 tos,
2265 2090 2384 2146 sive
2414 2094 2635 2162 captos,
2695 2087 2816 2143 sive
2875 2085 3034 2141 aliud
3093 2084 3233 2157 quid
3291 2084 3580 2156 patientes
3637 2084 3768 2140 illo-

2117 2195 2250 2235 rum
2310 2177 2620 2234 celebravit
2670 2175 2918 2242 cladem,
2981 2174 3103 2228 sive
3170 2173 3407 2244 aliquod
3484 2173 3765 2244 oppidum

2116 2267 2403 2340 acceperit
2432 2272 2491 2323 et
2519 2267 2592 2322 ab
2624 2263 3068 2321 incursionibus
3101 2263 3278 2318 fuerit
3335 2261 3638 2331 liberatus,
3689 2262 3770 2318 fa-

2115 2364 2243 2414 ctus
2281 2357 2410 2428 ipso
2462 2355 2747 2411 munitior
2777 2357 2952 2426 atque
2982 2351 3182 2422 tutior,
3235 2353 3355 2408 sive
3401 2351 3582 2423 copia
3633 2350 3768 2406 reli-

2115 2451 2216 2503 cta
2247 2447 2465 2502 fuerint
2493 2445 2713 2515 ubique
2743 2443 2803 2497 in
2835 2440 3146 2514 prasidiis,
3198 2445 3255 2495 et
3310 2441 3382 2496 ad
3433 2440 3765 2496 nocendum

2114 2536 2348 2609 prodire
2377 2532 2704 2590 volentibus
2733 2529 3049 2588 terribilior
3079 2528 3382 2596 exstiterit,
3433 2527 3552 2584 sive
3579 2528 3764 2584 alium

2115 2622 2381 2694 quemvis
2410 2621 2616 2677 salutis
2677 2618 2952 2674 habuerit
3007 2617 3295 2685 obsidem,
3346 2616 3758 2672 admirabilem

2113 2718 2277 2768 tuam
2308 2709 2680 2783 prudentiam
2712 2708 2771 2762 in
2804 2706 2896 2763 his
2926 2705 3278 2779 pradicavit.
3332 2705 3558 2760 Etenim
3603 2706 3761 2777 quod

2111 2802 2389 2866 tenebra,
2419 2798 2762 2854 adveniente
2795 2797 2935 2865 sole,
2968 2795 3370 2867 experiuntur,
3401 2793 3546 2849 illud
3591 2810 3760 2865 pror-

2112 2907 2214 2946 sus
2255 2889 2353 2944 ubi
2409 2891 2639 2943 tantum
2689 2884 3225 2958 appropinquabas,
3271 2883 3464 2937 omnis
3505 2882 3758 2937 barbara

2111 2978 2286 3035 coitio
2315 2975 2563 3049 experiri
2618 2975 2744 3029 visa
2792 2978 2900 3043 est,
2953 2988 3088 3027 cum
3138 2970 3425 3044 dissipata
3472 2971 3648 3025 fuerit
3688 2986 3756 3025 ac

2110 3066 2418 3137 dissoluta,
2451 3069 2626 3136 atque
2658 3061 3025 3134 prasentiam
3069 3076 3184 3115 non
3223 3058 3574 3116 toleraverit.

416 3331 598 3390 Ἀλλά
627 3335 696 3389 τὰ
728 3320 849 3408 μὲν.
882 3335 1146 3412 εἰρημένα
1197 3320 1366 3393 ταῦτα
1411 3345 1510 3408 τῆ)
1566 3343 1664 3394 τοῦ
1707 3337 1999 3414 βασιλέως,

2182 3336 2293 3392 Sed
2323 3334 2442 3390 hac
2474 3350 2602 3406 qua
2631 3331 2748 3387 dixi
2796 3335 2924 3386 tum
2971 3329 3142 3402 regia
3191 3327 3578 3394 strenuitatis,
3635 3330 3764 3382 tum

342 3427 509 3478 τοῦτο
566 3422 662 3496 μὲν
723 3421 966 3499 ἀνδρίας,
995 3429 1158 3480 τοῦτο
1217 3423 1276 3481 δὲ
1332 3423 1682 3500 κηδεμονίας,
1731 3430 2003 3504 τεκμήρια

341 3510 537 3588 πόρῥω
591 3515 690 3567 τοῦ
747 3517 838 3568 νῦν
900 3513 1032 3587 ἐστι,
1064 3515 1154 3570 καὶ
1213 3515 1258 3570 εἰ
1323 3517 1398 3589 μὴ
1452 3515 1696 3580 πολλοῖς
1739 3516 1998 3595 πρότερον

342 3596 488 3656 ἔτεσι
543 3599 783 3678 γέγονεν·
818 3601 852 3657 ἃ
883 3599 930 3657 δ’
972 3602 1259 3681 ἐγγύτερόν
1311 3604 1421 3660 ἐστι
1470 3607 1560 3661 καὶ
1612 3610 1721 3661 τῶν
1779 3605 2001 3662 ἀκουόν-

343 3710 454 3744 των
513 3687 696 3766 ὥσπερ
753 3690 804 3745 ἐν
867 3691 1200 3770 ὀφθαλμοῖς,
1267 3689 1583 3768 ἐϐουλόμην
1641 3697 1754 3770 (11)
1783 3697 1847 3751 τὸ
1898 3700 2004 3750 τῶν

345 3781 595 3849 ποιητῶν
654 3780 791 3835 ἅπαν
851 3780 1135 3856 σύνταγμα
1190 3789 1454 3860 περιεῖναι
1510 3788 1590 3856 τῷ
1647 3784 1771 3860 βίῳ,
1821 3785 2005 3840 κάκεί-

343 3887 464 3928 νοις
520 3870 937 3946 συμφρονήσασι
993 3869 1084 3924 καὶ
1154 3870 1279 3944 μίαν
1353 3871 1753 3947 ἁρμοσαμένοις
1820 3875 2006 3951 φωνήν

343 3958 748 4030 παραχωρῆσαι
795 3957 920 4032 περὶ
958 3956 1167 4014 τούτων
1218 3959 1408 4015 εἰπεῖν·
1467 3962 1613 4036 τάχα
1658 3963 1762 4036 γὰρ
1822 3959 2004 4032 ἔδοξαν

346 4043 600 4100 ὁπωσοῦν
630 4048 701 4117 τῇ
731 4043 885 4124 φύσει
915 4046 1193 4122 προσιέναι
1240 4054 1348 4103 τῶν
1408 4047 1605 4124 ἔργων,
1639 4049 1821 4126 ὥσπερ
1880 4050 2007 4128 ἐρά-

343 4153 445 4189 νου
529 4134 698 4211 φορὰν
782 4135 1148 4208 ποιησάμενοι
1225 4137 1315 4191 καὶ
1384 4138 1872 4214 συνεισενεγκόντες
1929 4143 2008 4211 τῷ

345 4219 530 4298 λόγῳ,
555 4219 730 4284 ἄλλος
761 4220 904 4278 ἄλλο
932 4245 984 4278 τι
1016 4222 1197 4298 τούτῳ
1241 4224 1648 4303 μεγαληγορίας
1705 4226 2005 4301 ἐμπεπνευ-

344 4310 504 4373 κότες
563 4319 862 4383 ποιητικῆς
919 4312 1008 4368 καὶ
1067 4311 1366 4388 δυνάμεως.
1430 4315 1586 4390 Ἐμοὶ
1645 4313 1711 4385 δ’,
1747 4317 2004 4394 ὁπότερον

345 4400 452 4476 ἄρα
479 4400 570 4455 καὶ
609 4396 892 4477 δράσαιμι,
927 4400 1028 4457 ούκ
1074 4401 1260 4479 ὀλίγον
1321 4398 1603 4482 φοϐεῖσθαι
1661 4405 2004 4481 παρίσταται.

347 4485 580 4544 Δέδοικα
639 4488 744 4566 γάρ
805 4491 904 4564 μὴ,
940 4491 1325 4568 φθεγξάμενος,
1361 4494 1693 4568 θρασύτητος
1752 4491 2008 4570 ἔγκλημα

345 4576 439 4633 καὶ
522 4575 808 4649 ἀπονοίας,
866 4575 942 4634 ἔτι
1004 4576 1063 4634 δὲ
1118 4581 1208 4636 καὶ
1266 4581 1521 4655 ἀμαθίας,
1581 4582 1899 4657 ἀποίσομαι,
1959 4585 2006 4638 εἰ

2112 3422 2525 3482 sollicitudinis
2553 3419 2888 3477 testimonia
2917 3437 2951 3474 a
2988 3423 3249 3490 tempore
3301 3415 3575 3489 prasenti
3627 3432 3761 3486 pro-

2113 3513 2208 3571 cul
2240 3514 2479 3578 absunt,
2522 3516 2579 3567 et
2609 3510 2722 3566 nisi
2749 3508 2953 3564 multis
3006 3507 3219 3563 abhinc
3269 3507 3440 3562 annis
3483 3504 3762 3560 innotue-

2115 3604 2250 3658 rint.
2299 3602 2381 3657 De
2437 3601 2530 3656 his
2587 3605 2782 3655 autem
2843 3615 2969 3670 qua
3031 3594 3456 3668 propinquiora
3513 3598 3652 3658 sunt
3707 3598 3765 3647 et

2114 3692 2480 3748 audientium
2536 3689 2706 3762 quasi
2765 3692 2900 3743 ante
2957 3685 3176 3752 oculos,
3228 3700 3402 3739 omne
3458 3687 3763 3755 poetarum

2115 3797 2326 3853 agmen
2357 3795 2666 3852 superesse
2695 3775 2894 3845 velim,
2940 3781 2997 3830 et
3026 3774 3111 3829 eis
3150 3771 3662 3828 consensientibus
3708 3773 3768 3825 et

2116 3887 2297 3926 unam
2327 3868 2667 3941 Optantibus
2699 3881 2899 3920 vocem
2929 3864 3177 3919 dicenda
3208 3862 3580 3934 permittere:
3630 3875 3767 3915 mox

2116 3959 2273 4015 enim
2306 3958 2378 4012 ad
2412 3961 2685 4012 naturam
2719 3955 2799 4008 rei
2831 3967 3206 4024 quocumque
3254 3949 3427 4005 modo
3474 3949 3769 4004 videretur

2118 4048 2426 4120 attingere,
2459 4045 2598 4117 quia
2617 4041 3028 4113 unusquisque
3054 4039 3342 4094 tributum
3375 4038 3540 4093 daret
3559 4040 3617 4091 et
3635 4053 3769 4092 con-

2118 4138 2293 4192 ferret
2325 4135 2591 4198 dicendo,
2618 4149 2751 4188 cum
2786 4130 2938 4186 alius
2980 4127 3138 4185 aliud
3170 4126 3308 4200 quid
3362 4143 3430 4181 ex
3478 4124 3766 4198 magnilo-

2117 4225 2361 4296 quentia
2389 4226 2460 4280 de
2490 4224 2700 4279 robore
2733 4235 2973 4293 poeseos
3030 4216 3367 4288 inspiraret.
3417 4214 3560 4270 Mihi
3606 4230 3790 4282 vero,

2119 4314 2645 4387 quomodocunque
2693 4307 2933 4382 egerim,
2985 4322 3100 4361 non
3153 4321 3360 4377 parum
3409 4303 3618 4359 timere
3665 4319 3766 4358 su-

2119 4407 2330 4476 perest.
2365 4403 2558 4457 Metuo
2590 4399 2746 4456 enim
2777 4415 2849 4453 ne
2881 4397 3114 4454 locutus
3143 4391 3490 4450 temeritatis
3531 4391 3764 4463 vitupe-

2118 4493 2407 4549 rationem
2438 4497 2496 4546 et
2525 4487 2833 4544 dementia
2864 4491 2921 4542 et
2976 4484 3153 4542 etiam
3198 4480 3543 4554 ignorantia
3583 4479 3763 4535 susti-

2119 4598 2311 4650 neam,
2343 4578 2392 4636 si
2437 4596 2616 4652 parvo
2673 4582 2730 4632 et
2777 4575 2944 4631 humi
2988 4576 3259 4646 serpente
3316 4585 3584 4625 sermone
3633 4568 3766 4623 faci-

347 4670 568 4743 σμικρῷ
632 4665 722 4721 καὶ
788 4673 1125 4744 χαμαιπετεῖ
1203 4667 1353 4747 λόγῳ
1410 4670 1568 4748 ἔργον
1658 4668 2003 4750 ὑπερϐάλλον

2120 4687 2329 4727 norum
2362 4667 2825 4742 prastantiorem
2858 4664 3208 4737 dignitatem
3228 4659 3603 4726 imminuam,
3627 4673 3764 4712 cum

347 4754 567 4828 ἀξίωμα
621 4757 966 4826 ταπεινώσω,
1010 4755 1130 4814 δέον
1187 4765 1305 4822 τοῖς
1363 4758 1600 4836 ὑψηλοῖς
1647 4762 1739 4816 τὸν
1801 4761 2011 4836 ὑψηλὸν

343 4844 656 4916 προσιέναι,
708 4844 770 4899 οὐ
832 4847 942 4919 μὴν
995 4846 1086 4902 καὶ
1132 4848 1224 4902 τὸν
1280 4846 1469 4912 ἄλλως
1521 4849 1721 4926 ἔχοντα
1775 4851 1863 4906 καὶ
1925 4852 2008 4922 ὃς,

346 4932 519 4988 εἴπεῖν
551 4931 864 5006 τολμήσας,
897 4934 972 4997 εἰς
1023 4933 1238 5008 ἀδοξίαν
1297 4942 1404 4993 τῶν
1450 4943 1824 5015 προκειμένων
1877 4939 2004 5016 ἐρεῖ.

347 5019 582 5084 Δέδοικα
635 5021 828 5092 πάλιν,
860 5027 1112 5100 σιγήσας,
1158 5026 1254 5090 τάς
1300 5034 1401 5098 τῆς
1462 5029 1854 5105 ἀγνωμοσύνης
1904 5028 2009 5084 ἑτέ-

345 5112 520 5190 ρωθεν
579 5109 943 5183 ἀναπηδώσας
1013 5112 1211 5178 αἰτίας
1265 5114 1620 5192 ἀγνωμοσύνη
1696 5119 1797 5194 γάρ
1868 5117 2006 5187 ἀλη-

347 5204 483 5274 θῶς,
540 5197 596 5255 εἷ’
635 5221 719 5264 τις
757 5201 849 5257 καὶ
907 5202 1158 5257 ὁπωσοῦν
1216 5203 1535 5281 φθέγγεσθαι
1596 5203 1836 5280 δύναται,
1896 5205 2010 5261 εἶτα

345 5294 476 5366 σιγῇ
534 5290 870 5367 παρέρχεται
929 5291 964 5345 ’ἀ
1013 5293 1090 5366 μὴ
1148 5292 1306 5367 θέμις
1361 5301 1538 5371 σιγᾷν,
1586 5300 1700 5350 Τῶν
1761 5293 1851 5350 οὖν
1912 5293 2007 5350 δύο

343 5377 648 5437 τοῦλαττον
695 5379 960 5454 ἑλόμενος
1011 5376 1432 5460 φοϐερὸν(μέγα
1485 5386 1586 5462 γὰρ
1641 5382 2003 5460 ἀγνωμοσύνη

419 5629 956 5757 ξὲςδξῐίὲεοδοὲῗιόιε
1014 5634 1092 5733 Πι.
1289 5651 1347 5705 p.
1410 5633 1507 5688 121
1567 5629 2007 5726 ε’ςδιλαδέλφεια

527 5745 542 5757 .
659 5722 745 5757 φει
833 5723 868 5757 φ
905 5721 1069 5757 ογγον
1128 5723 1184 5757 ιρι
1230 5700 1461 5757 αδελωία
1489 5701 1566 5757 δὲ,
1605 5725 1756 5757 ιωτα.

444 5646 503 5703 ν)
535 5646 775 5689 moscno
819 5646 956 5686 nius
1015 5646 1084 5684 ιι.
1223 5675 1238 5688 .
1289 5651 1347 5705 p.
1410 5646 1507 5688 121
1567 5651 1581 5687 :
1634 5646 1756 5687 φιλι

350 5646 542 5788 “ita
571 5702 634 5788 ξὲ
659 5722 745 5788 re
777 5646 1461 5788 ξίφθογπογῖςῖίίαξξλφὲα
1489 5701 1567 5776 δὲ,
1600 5704 1756 5788 3231.9!-

426 5775 544 5848 (10)
573 5771 777 5839 Malim
808 5771 1183 5853 πέριέλιίφθὴ·
1218 5800 1246 5827 ‹‹
1276 5771 1487 5834 Milites
1535 5771 1722 5834 relicti
1761 5780 1900 5833 sunt
1947 5777 2006 5832 in

2125 4764 2390 4832 oporteat
2441 4754 2684 4813 excelsis
2743 4753 3036 4810 excelsum
3095 4750 3350 4822 aliquem
3421 4762 3764 4812 consonare,

2120 4865 2234 4904 non
2269 4851 2466 4903 autem
2499 4845 2665 4900 illum
2694 4843 2796 4915 qui
2829 4841 2998 4897 aliter
3027 4856 3155 4896 sese
3202 4839 3379 4894 habet
3407 4841 3466 4891 et
3523 4835 3624 4907 qui
3674 4835 3766 4890 di-

2120 4953 2249 4993 cere
2279 4953 2482 4999 ausus,
2525 4934 2596 4988 ad
2656 4947 2852 4987 rerum
2907 4930 3161 4985 dedecus
3214 4925 3493 4998 ioquitur.
3541 4924 3766 4980 Metuo-

2118 5026 2344 5081 revisus
2378 5041 2467 5089 ne,
2503 5021 2749 5092 silendo,
2793 5019 3094 5091 injustitia
3150 5015 3371 5072 crimen
3419 5011 3658 5085 aliunde
3704 5011 3765 5066 in

2121 5132 2214 5170 me
2243 5113 2568 5181 redundet;
2618 5110 2762 5165 illud
2804 5108 2962 5164 enim
3008 5105 3299 5178 injustitia
3342 5107 3453 5174 est,
3505 5101 3556 5158 si
3604 5101 3762 5173 quis,

2121 5221 2255 5261 cum
2280 5203 2439 5275 loqui
2471 5216 2822 5274 quocunque
2868 5197 3042 5253 modo
3082 5193 3288 5268 possit,
3335 5190 3568 5249 silentio
3616 5207 3765 5262 pra-

2121 5296 2305 5350 tereat
2335 5309 2462 5364 qua
2494 5289 2666 5347 silere
2696 5290 2859 5344 nefas
2889 5291 3004 5342 est.
3045 5291 3303 5352 Quorum
3335 5298 3470 5355 ergo
3501 5297 3569 5336 ex
3626 5279 3766 5334 duo-

2118 5384 2232 5439 bus
2253 5383 2451 5438 minus
2467 5379 2793 5436 timendum
2807 5377 3025 5449 eligens
3046 5375 3351 5446 (magnum
3364 5371 3520 5428 enim
3543 5368 3764 5425 malum

2117 5631 2375 5688 castellis
2405 5646 2471 5685 ac
2501 5626 2810 5697 prasidiis.
2838 5647 2867 5675 »

2190 5706 2299 5776 (il)
2327 5703 2461 5758 Post
2491 5691 2803 5770 ἐϐουλόμην
2836 5697 3058 5770 perisse
3089 5691 3147 5748 ἂν
3177 5693 3423 5748 videtur.
