4132 6442
322 420 499 482 “403

1411 419 1727 481 GEORGII
1772 418 2038 481 CYPRII
2081 416 2202 479 GP.
2251 412 2779 477 PATRIARCILE

3677 409 3797 475 404

378 549 677 620 iniustitia
695 554 785 607 est
804 553 862 607 et
881 566 1098 623 magna
1118 554 1258 607 sunt
1279 549 1442 608 illius
1472 568 1651 624 poenae
1673 552 2028 624 (sermonem

2158 546 2304 601 ιακὸν
2368 545 2458 599 καὶ
2522 542 2735 619 μεγάλα
2807 540 3009 613 ταύτης
3064 538 3397 616 τάπιτίμια),
3455 542 3553 596 τοῦ
3628 536 3797 617 λόγου

384 640 640 696 faciam:
683 640 922 695 omnino
972 644 1173 696 autem
1220 641 1510 713 ignoscar,
1557 642 1629 711 si,
1680 656 1853 696 omne
1894 656 2031 695 eon-

384 729 622 785 ferendo
656 730 921 784 studium
948 735 1013 784 ut
1041 730 1218 785 verba
1265 730 1433 785 factis
1484 730 1851 802 exaequandae
1901 745 2032 802 pro-

358 819 592 891 feram,
626 818 845 874 invitus
872 819 931 874 in
962 818 1329 892 propositum
1364 818 1722 890 delinquam.

455 927 588 982 Jam
620 942 758 998 ergo
789 942 882 982 res
915 926 1201 982 Asiaticae
1252 944 1420 982 meus
1452 944 1550 983 rex
1600 930 1751 982 recte
1798 942 2033 997 compo-

386 1016 585 1085 nebat,
617 1020 812 1087 atque,
847 1032 1054 1087 parum
1086 1016 1270 1081 abest,
1297 1022 1449 1071 recte
1470 1020 1879 1087 composuerat
1900 1031 2033 1070 cum

386 1110 554 1178 pater
572 1110 628 1160 et
650 1122 748 1160 rex
760 1105 830 1159 ad
847 1105 1108 1176 seipsum
1124 1106 1481 1176 etEuropam
1497 1104 1662 1159 illum
1677 1104 2033 1175 convocavit,

388 1210 481 1250 res
515 1194 769 1249 maxime
799 1193 1157 1248 necessarias
1208 1193 1615 1248 deliberandas
1644 1197 1702 1247 et
1750 1193 2032 1264 agendas,

388 1284 563 1355 quale
578 1299 730 1354 saepe
743 1283 966 1355 regium
984 1282 1296 1354 imperium
1313 1281 1782 1338 circumveniunt
1796 1297 2033 1336 causam

387 1372 814 1444 pratendentes
844 1371 1297 1426 convocationis.
1332 1374 1694 1426 Convocatus
1724 1369 2036 1441 estigitur,

384 1465 444 1516 et
472 1460 647 1517 etiam
680 1459 777 1515 illa
799 1460 955 1515 orbis
986 1459 1214 1515 excelsa
1248 1466 1304 1515 et
1334 1476 1548 1531 magna
1578 1459 1781 1514 civitas
1806 1458 2032 1513 habuit.

386 1549 455 1605 Et
482 1553 623 1604 tunc
654 1564 756 1619 per
781 1549 1087 1603 decessum
1118 1548 1293 1619 regis,
1327 1547 1571 1620 erigitur
1602 1548 1913 1603 Persarum
1937 1563 2038 1618 ge-

386 1655 523 1708 nus,
557 1637 615 1692 in
649 1641 849 1692 nostra
877 1636 1009 1692 Asia
1030 1636 1478 1705 circumfusum,
1503 1636 1618 1691 Deo
1642 1637 2034 1707 foedifragam,

387 1724 793 1795 foedrifragum
824 1728 881 1779 et
909 1725 968 1778 in
990 1724 1261 1780 homines
1293 1724 1553 1797 legitime
1582 1724 1699 1781 Deo
1739 1725 2037 1780 conliden-

384 1819 499 1885 tes,
521 1818 579 1869 et
596 1817 858 1869 evectum
883 1818 1290 1885 congregatur,
1307 1819 1362 1869 et
1380 1817 1799 1886 congregatum
1824 1813 2041 1885 recepit

2141 638 2466 709 γενήσομαι·
2527 632 2743 695 πάντως
2804 630 2863 688 δὲ
2918 632 3434 708 συγγνωσθήσομαι,
3493 628 3561 700 εἰ,
3621 636 3794 685 πᾶσαν

2143 723 2402 801 εἰσφέρων
2439 719 2680 791 σπουδὴν
2716 719 3056 798 ἐφαμίλλους
3092 717 3219 781 τοὺς
3282 718 3481 795 λόγους
3537 724 3655 782 τοῖς
3709 715 3798 796 ἕρ-

2141 834 2261 888 γοις
2288 809 2638 882 ἐνδείξασθαι,
2671 806 2814 865 ἄκων
2848 807 3198 885 διαμαρτάνω
3229 812 3458 863 σκοποῦ.

2216 916 2355 988 Ἤδη
2420 917 2515 991 μὲν
2593 915 2683 972 οῦν
2741 916 2832 971 τὸν
2908 915 3039 989 ἐμὸν
3113 913 3342 991 βασιλέα
3389 915 3458 970 τὰ
3512 914 3650 971 κατὰ
3701 916 3803 985 τὴν

2143 1007 2324 1064 Ἀσίαν
2388 1005 2444 1062 εὗ
2502 1004 2870 1079 διατιθέμενον
2924 1005 3036 1076 καὶ,
3091 1008 3288 1079 μικροῦ
3345 1001 3478 1077 δεῖν,
3512 1002 3568 1059 εὖ
3627 1001 3801 1060 διαθέ-

2149 1118 2326 1169 μενον,
2362 1096 2390 1151 ὁ
2443 1096 2623 1170 πατὴρ
2675 1096 2766 1149 καὶ
2827 1092 3080 1170 βασιλεὺς
3136 1091 3274 1167 πρὸς
3332 1093 3517 1148 ἑαυτὸν
3568 1093 3660 1148 καὶ
3699 1094 3798 1163 τὴν

2144 1184 2416 1261 Εὐρώπην
2486 1180 2855 1257 μτεκαλεῖτο,
2917 1180 3202 1255 σκέμματά
3272 1202 3394 1237 τινα
3464 1186 3570 1236 τῶν
3640 1182 3802 1257 ἀναγ-

2145 1274 2444 1329 καιοτάτων
2499 1273 2589 1327 καὶ
2638 1271 2879 1348 πράξεις,
2912 1273 3000 1327 οἶα
3047 1269 3235 1326 πολλὰ
3277 1273 3367 1326 καὶ
3397 1268 3670 1334 πολλάκις
3699 1273 3799 1341 τὴν

2150 1361 2424 1439 βασίλειον
2480 1363 2660 1438 ἀρχὴν
2729 1361 3087 1438 περιίσταται,
3145 1360 3412 1438 πρόφασιν
3482 1357 3627 1437 ἔχων
3700 1367 3803 1430 τῆς

2150 1452 2557 1527 μετακλήσεως.
2618 1448 2978 1507 Μετεκαλεῖτο
3038 1454 3194 1525 γοῦν,
3240 1450 3331 1505 καὶ
3376 1449 3537 1506 αὐτὸν
3605 1453 3641 1519 ἡ
3700 1457 3801 1520 τῆς

2148 1542 2478 1614 οἰκουμένης
2510 1538 2812 1618 ἀκρόπολις
2861 1537 2961 1609 ἥδε
3003 1539 3094 1594 καὶ
3146 1536 3526 1616 μεγαλόπολις
3559 1539 3678 1615 εἶχε
3705 1540 3806 1595 Καὶ

2145 1631 2268 1686 τότε
2315 1631 2451 1703 πρὸς
2507 1631 2610 1699 τήν
2664 1634 2762 1684 τοῦ
2826 1626 3094 1705 βασιλέως
3155 1623 3399 1684 διάϐασιν
3438 1626 3712 1704 ἐπαίρεται
3745 1629 3806 1683 τὸ

2145 1720 2245 1788 τήν
2278 1719 2546 1795 ἡμετέραν
2580 1717 2761 1773 Ἀσίαν
2810 1719 3242 1795 περικαθήμενον
3295 1716 3567 1793 Περσικὸν
3628 1718 3805 1792 γένος,

2150 1803 2444 1863 ἔκσπονδον
2498 1812 2660 1863 τοῦτο
2705 1811 2842 1880 Θεῷ,
2899 1804 3193 1862 ἔκσπονδον
3250 1803 3308 1861 δὲ
3357 1805 3447 1861 καὶ
3505 1806 3804 1883 ἀνθρώπων

387 1903 678 1969 animum,
711 1907 767 1958 et
796 1918 962 1957 arma
990 1902 1147 1974 capit
1178 1919 1334 1958 nunc
1363 1902 1694 1968 latrocinia,
1734 1918 1892 1957 nunc
1943 1903 2037 1958 in-

2158 1902 2266 1959 τοῖς
2338 1896 2576 1973 γνησίως
2654 1900 2772 1968 Θεῷ
2844 1896 3268 1971 προσανέχουσι,
3325 1895 3417 1950 καὶ
3503 1892 3808 1972 ἐπηρμένον

389 1991 694 2048 cursiones
737 1990 959 2046 faciens
1017 2007 1270 2062 cumque
1327 2008 1571 2047 numero
1629 1992 1837 2064 ingens
1887 1996 2042 2047 esset

391 2085 450 2137 et
481 2080 743 2151 undique
771 2080 1208 2153 aggrederetur,
1239 2080 1647 2136 turbulentum
1680 2081 1729 2137 si
1778 2097 2042 2153 unquam

389 2169 572 2226 fuerit
600 2173 658 2224 et
686 2168 979 2224 nefarium
1002 2169 1063 2223 in
1101 2168 1241 2224 Asia
1272 2185 1333 2224 se
1364 2169 1691 2224 constituit.
1741 2169 1854 2225 Sed
1907 2186 2043 2225 con-

391 2262 486 2314 tra
516 2256 648 2312 illos
678 2256 944 2328 procedis
977 2260 1034 2311 et
1065 2273 1293 2326 rursus,
1318 2273 1350 2311 o
1372 2274 1491 2323 rex,
1513 2257 1914 2312 vehementior
1945 2274 2043 2313 su-

399 2345 545 2412 bito,
577 2345 732 2401 sicut
762 2344 888 2400 coeli
919 2344 1189 2415 fulmina,
1232 2347 1402 2417 juxta
1449 2346 1537 2401 ira
1580 2345 1934 2417 impellente,
1984 2346 2045 2400 in

398 2433 534 2490 illos
562 2434 780 2489 irruis:
812 2437 941 2488 tum
982 2433 1276 2505 propriam
1330 2434 1647 2506 perniciem
1697 2438 2044 2507 agnoscunt,

396 2528 540 2580 tunc
570 2522 667 2595 (1),
700 2513 856 2594 quod
888 2523 948 2577 in
978 2539 1180 2579 eorum
1214 2523 1426 2595 capitis
1454 2523 1696 2579 exitium
1731 2540 1896 2578 arma
1945 2527 2047 2579 tua

392 2616 621 2670 tentare
651 2612 780 2668 ausi
813 2612 1053 2667 fuerint.

2153 1985 2482 2058 συνίσταται,
2532 1984 2622 2041 καὶ
2663 1986 2948 2061 ἀναθαρσεῖ
2999 1984 3215 2054 συστὰν,
3247 1985 3338 2039 καὶ
3395 1982 3584 2040 ὅπλων
3652 1986 3810 2041 ἅπτε-

2150 2096 2260 2146 ται,
2289 2074 2377 2129 καὶ
2439 2079 2599 2129 τοῦτο
2660 2074 2755 2148 μὶν
2814 2072 3111 2148 λῃστείαις,
3142 2078 3305 2128 τοῦτο
3365 2070 3423 2127 δὲ
3469 2074 3559 2128 καὶ
3618 2070 3812 2151 ἐκδρο-

2158 2169 2282 2236 μαῖς
2331 2164 2646 2240 χρώμενον,
2675 2162 2849 2224 πολύς
2876 2183 2935 2217 τε
2982 2161 3040 2218 ὃν
3102 2162 3353 2239 ἀριθμὸς,
3381 2162 3472 2217 καὶ
3526 2159 3815 2239 πολλαχό-

2156 2256 2241 2309 θεν
2299 2249 2672 2330 προσϐάλλον,
2709 2251 2955 2329 ὀχληρὸν
3017 2249 3166 2329 εἷ’περ
3225 2252 3359 2306 ποτὲ
3414 2251 3505 2307 καὶ
3560 2249 3808 2329 λυπηρὸν

2153 2348 2270 2405 τοῖς
2332 2341 2383 2396 ἐν
2440 2341 2598 2414 Ἀσίᾳ
2648 2341 2984 2397 καθίσταται.
3046 2339 3224 2397 Ἀλλὰ
3301 2335 3599 2403 διαϐαίνεις
3674 2341 3812 2417 πρὸς

2154 2430 2404 2503 τούτους,
2461 2430 2552 2486 καὶ
2606 2429 2794 2499 πάλιν,
2855 2429 2899 2485 ὦ
2962 2427 3206 2506 βασιλεῦ,
3278 2427 3638 2509 σφοδρότερος
3715 2435 3813 2486 τοῦ

2158 2523 2425 2592 συνήθους
2479 2518 2569 2575 καί
2620 2519 2731 2575 οἷόν
2758 2524 2947 2575 τιτῶν
3006 2519 3058 2590 ἐξ
3115 2518 3347 2593 ούρανοῦ
3405 2517 3604 2596 βελῶν,
3638 2521 3814 2594 θυμοῦ

2159 2608 2370 2667 δικαίου
2424 2614 2725 2681 κινοῦντος,
2787 2607 3074 2683 ἐμπίπτεις
3132 2607 3336 2671 αὐτοῖς.
3395 2609 3486 2664 καὶ
3541 2608 3667 2665 τότε
3721 2611 3814 2665 τὸν

393 2700 595 2757 οἰκεῖον
654 2700 1102 2776 ἐπιγινώσκουσιν
1159 2696 1403 2775 ὄλεθρον,
1461 2702 1551 2755 καὶ
1608 2700 1731 2755 τότε
1768 2701 1842 2763 ὡς
1898 2700 1986 2756 ἐπὶ
2049 2704 2200 2773 κακῷ
2255 2703 2363 2755 τῶν
2422 2700 2689 2778 σφετέρων
2745 2697 2997 2775 κεφαλῶν
3052 2699 3153 2768 τὴν
3211 2703 3402 2775 πεῖραν
3458 2702 3567 2754 τῶν
3626 2697 3815 2754 ὅπλων

392 2788 520 2846 ἐτόλ
529 2811 604 2864 μη
612 2810 703 2844 σαν
713 2831 726 2844 .

463 2898 648 2955 Multa
673 2914 807 2954 vero
838 2913 908 2954 ex
938 2897 1032 2953 his
1057 2914 1187 2969 quze
1204 2898 1262 2953 in
1292 2898 1598 2955 intervallo
1620 2899 1792 2972 egisti
1814 2898 2045 2957 silentio

393 2986 860 3063 pretermittam,
893 2987 1156 3055 consilio,
1193 2988 1465 3060 cogitata,
1500 2988 1799 3060 proposita
1855 3004 2047 3060 neque

395 3078 491 3133 die
519 3092 710 3149 neque
740 3080 908 3131 nocte
936 3076 1207 3143 remissa,
1231 3092 1532 3132 armorum
1557 3078 2043 3150 comparationes,

398 3171 716 3239 apparatus
761 3164 921 3233 belli,
946 3167 1424 3221 concursationes
1441 3167 1513 3220 ad
1541 3167 1758 3221 auxilia
1775 3167 2043 3239 petenda,

377 3249 888 3320 'machinationes,
902 3253 1174 3319 insidias,
1198 3254 1587 3325 incursiones,
1615 3272 1772 3311 nunc
1789 3261 2041 3327 apertas,

397 3360 557 3399 nunc
614 3342 893 3407 occultas,
953 3348 1130 3414 prout
1187 3344 1669 3415 aggredientibus
1741 3344 2048 3400 videbatur

400 3433 683 3499 conferre,
717 3431 1023 3487 suasiones
1054 3434 1127 3486 de
1154 3431 1307 3488 bello
1339 3434 1766 3505 componendo,
1824 3438 1881 3489 et
1919 3451 2047 3489 rur-

401 3537 505 3577 sus
536 3518 971 3575 adhortationes
998 3520 1068 3574 ad
1103 3520 1319 3576 bellum
1352 3526 1409 3576 et
1447 3526 1653 3577 caetera
1682 3539 2049 3595 quaecunque

396 3613 695 3666 testantur
725 3613 783 3663 te
808 3610 1017 3664 ducem
1047 3610 1337 3681 optimum
1357 3614 1533 3683 atque
1556 3612 2048 3683 perfectissimum

395 3697 710 3755 exstitisse.
734 3697 885 3753 Illud
909 3702 1101 3754 autem
1119 3716 1400 3772 magnum
1421 3701 1716 3772 specimen
1734 3701 1951 3757 amoris
1963 3719 2049 3758 er-

358 3810 363 3818 ί
393 3804 470 3861 ga
497 3803 627 3856 nos,
658 3786 885 3842 ﬁduciae
917 3787 975 3842 in
1003 3792 1208 3855 Deum,
1262 3792 1319 3843 et
1367 3790 1542 3845 etiam
1596 3791 2044 3863 magnimitatis,

395 3876 787 3941 strenuitatis,
818 3880 874 3932 et
902 3877 1267 3933 incitamenti
1313 3878 1502 3934 dicere
1550 3896 1666 3935 non
1713 3880 2044 3947 aversabor,

398 3969 452 4021 te
472 3965 694 4020 scilicet
722 3982 1026 4037 nunquam
1057 3967 1389 4023 deseruisse
1422 3968 1661 4035 milites,
1694 3970 1795 4025 sed
1848 3970 2046 4041 ipsum

397 4054 635 4110 duxisse
665 4070 765 4110 eos
796 4070 957 4109 more
987 4055 1176 4125 ducis,
1207 4062 1283 4123 et,
1318 4057 1471 4112 sicut
1492 4056 1740 4113 militem
1765 4058 1826 4113 in
1850 4074 2048 4131 pugna

396 4149 454 4200 et
482 4145 543 4199 in
572 4143 695 4199 acie
741 4143 1103 4210 interfuisse,
1161 4150 1219 4200 et
1264 4145 1444 4217 praelii
1507 4146 1698 4203 locum
1759 4148 2048 4221 sanguine

397 4231 707 4288 Persarum
740 4231 1047 4288 imbuisse.
1082 4234 1200 4289 Hoc
1230 4239 1403 4289 tuum
1434 4234 1663 4291 facinus
1694 4237 1853 4308 regio
1893 4237 2048 4293 inter

394 4322 635 4394 Lydiam
666 4324 724 4376 et
752 4320 968 4377 Ioniam
1003 4322 1117 4377 sita
1133 4324 1403 4395 cognovit
1425 4323 1618 4390 ;aliud
1642 4341 1775 4380 vero
1797 4325 2048 4381 clarissi-

393 4426 582 4477 mum,
596 4415 654 4465 et
671 4409 817 4464 illud
843 4427 956 4465 non
973 4410 1156 4466 multo
1179 4412 1338 4467 hisce
1353 4413 1561 4469 diebus
1574 4414 2047 4484 posterius.circa

392 4499 752 4554 Laodicmam
787 4503 1082 4570 patratum
1107 4505 1232 4557 est:
1266 4505 1321 4556 et
1352 4506 1487 4556 ante
1517 4501 1632 4557 ista
1665 4520 1776 4557 non
1800 4504 2045 4559 interius

389 4586 477 4643 eis
508 4586 665 4642 aliud
688 4586 1057 4657 Philadelphi
1089 4587 1298 4643 civitas
1330 4606 1508 4661 prope
1539 4591 1797 4662 seipsam
1823 4592 2040 4647 factum

392 4692 523 4731 esse
552 4674 875 4748 conspexit.
910 4675 1198 4731 Perfruita
1228 4681 1316 4732 est
1371 4694 1607 4750 quoque
1656 4679 1875 4735 talibus
1928 4698 2044 4736 non

393 4764 621 4836 exiguis
652 4764 797 4819 citra
824 4764 1185 4819 Maeandrum
1218 4766 1385 4820 Caria
1418 4784 1432 4834 ;
1464 4773 1521 4822 et
1551 4767 1745 4823 media
1794 4770 2046 4826 maxime

394 4852 561 4910 Ionia
589 4852 792 4908 multis
826 4853 1108 4924 perfruita
1157 4859 1264 4920 est,
1316 4860 1373 4909 et
1420 4855 1564 4911 vidit
1611 4872 1891 4929 magnum
1936 4857 2044 4914 flu-

398 4958 534 4997 men
593 4944 897 5013 Caystrum
958 4942 1172 4999 ﬂuctus
1230 4945 1516 5017 sanguine
1570 4946 1877 5002 Persarum
1930 4949 2044 5003 tin-

401 5035 563 5097 ctos;
599 5034 655 5085 et
694 5030 808 5086 sita
853 5046 1056 5088 versus
1088 5031 1403 5105 Olympum
1455 5033 1706 5107 Phrygia
1755 5040 1814 5090 et
1870 5037 2045 5093 etiam

396 5117 581 5191 Mysia
611 5134 738 5189 quae
764 5117 1029 5184 ingentes
1064 5121 1371 5176 Persarum
1403 5123 1602 5194 copias
1632 5124 1874 5196 excepit,
1917 5143 2045 5182 ma-

398 5221 575 5278 gnam
632 5206 787 5278 apud
845 5206 979 5262 illos
1037 5209 1185 5264 vidit
1241 5211 1395 5282 regis
1452 5211 1756 5267 victoriam
1780 5230 1799 5273 ,·
1882 5214 2045 5270 deni-

398 5311 533 5367 que,
566 5311 637 5351 ne
677 5294 908 5366 longior
943 5298 1078 5364 sim,
1136 5298 1196 5352 in
1251 5300 1452 5355 Asiam
1512 5302 1936 5374 progrediendo
1992 5307 2049 5359 et

397 5400 525 5440 eam
560 5385 899 5439 mandando
933 5402 967 5439 a
1012 5386 1306 5455 Barbaris,
1355 5406 1455 5444 rex
1498 5390 1657 5445 illam
1711 5391 1823 5446 alio
1874 5394 2045 5448 modo

396 5473 860 5528 contaminatam
919 5474 1127 5546 reddit,
1198 5493 1402 5544 cruore
1464 5478 1688 5535 scilicet
1763 5480 2045 5537 Barbaro-

397 5578 553 5617 rum.

473 5739 688 5797 Bellica
729 5758 865 5815 ergo
924 5742 1043 5799 haec
1100 5745 1254 5818 regis
1312 5746 1572 5804 facinora
1626 5749 1706 5821 (et
1763 5747 2048 5806 nonnulla

2228 2894 2400 2954 Ἀλλά
2454 2896 2559 2973 γὰρ
2612 2894 2799 2952 πολλά
2856 2916 2953 2950 σου
3005 2899 3112 2949 τῶν
3144 2895 3195 2950 ἐν
3233 2893 3384 2968 μέσῳ
3446 2899 3628 2971 σιωπῇ
3678 2915 3816 2970 παρ-

2155 2985 2471 3060 ελεύσομαι,
2531 2985 2757 3062 βουλὰς,
2818 2984 3074 3055 ἐπινοίας,
3107 2981 3418 3063 φροντίδας,
3451 2983 3668 3058 νύκτωρ
3721 2984 3812 3041 καὶ

2160 3077 2274 3148 μεθ’
2317 3076 2526 3151 ἡμέραν
2575 3075 2639 3129 ού
2689 3072 3096 3146 διαλειπούσας,
3130 3071 3400 3142 ὁπλίσεις,
3450 3074 3813 3151 παρασκευὰς,

2160 3160 2477 3238 μεταϐάσεις
2534 3165 2668 3240 πρὸς
2721 3165 2784 3219 τὸ
2840 3167 3050 3240 χρῇζον
3112 3161 3193 3217 ἀεὶ
3255 3162 3528 3238 βοηθείας,
3572 3161 3812 3240 ἐνέδρας,

2078 3276 2121 3342 C
2159 3253 2387 3332 λόχους,
2434 3255 2717 3328 ἐπιθέσεις,
2747 3256 2842 3317 τὰς
2906 3256 2999 3329 μὲν
3058 3254 3119 3310 ἐκ
3170 3259 3267 3310 τοῦ
3322 3254 3709 3333 άφανοῦς,τὰς
3766 3249 3816 3308 δ’

2159 3344 2218 3400 ἐκ
2262 3350 2360 3400 τοῦ
2409 3350 2736 3424 προφανοῦς,
2770 3345 2847 3407 ὡς
2889 3343 2948 3400 ἂν
2981 3341 3156 3400 ἐδόκει
3215 3348 3538 3420 συνενεγκεῖν
3594 3346 3812 3416 μετιοῦ-

2160 3455 2264 3502 σιν,
2299 3433 2612 3511 εἰσηγήσεις
2666 3439 2764 3489 τοῦ
2820 3438 2938 3495 πῶς
2998 3433 3241 3507 μετιτέον
3298 3432 3390 3488 τόν
3422 3430 3689 3505 πόλεμον,
3722 3430 3813 3486 καὶ

2159 3522 2223 3577 αὗ
2281 3520 2654 3598 παρακλήσεις
2711 3523 2851 3599 πρὸς
2906 3520 3176 3596 πόλεμον,
3205 3519 3386 3579 τᾶλλα
3441 3519 3814 3596 ὅσασεστρα-

2155 3615 2340 3686 τηγῶν
2399 3613 2490 3666 τὸν
2550 3608 2766 3684 ἄριστον
2798 3610 3138 3688 παριστάνειν
3180 3611 3299 3687 εἶχε
3334 3610 3424 3666 καὶ
3453 3610 3812 3667 τελεώτατον.

2159 3702 2364 3756 Ἐκεῖνο
2396 3698 2455 3755 δὲ
2504 3701 2645 3775 μέγα
2694 3696 2975 3774 σύμϐολον
3004 3700 3062 3756 δν
3097 3700 3310 3777 ἀγάπης
3337 3707 3438 3770 τῆς
3473 3701 3609 3777 πρὸς
3638 3701 3812 3774 ἡμᾶς,

2158 3787 2384 3852 ἐλπίδος
2441 3797 2541 3860 τῆς
2599 3790 2735 3866 πρὸς
2791 3789 2943 3862 Θεὸν,
3002 3790 3093 3845 καὶ
3150 3788 3227 3845 ἔτι
3286 3789 3693 3866 γενναιότητος,
3726 3789 3816 3844 ἀν-

2158 3876 2333 3956 δρίας,
2391 3877 2815 3955 παρακλήσεως,
2864 3880 3113 3934 ἁπάντων
3167 3883 3274 3934 τῶν
3332 3877 3664 3951 καλλίστων,
3726 3877 3815 3935 λέ-

2155 3988 2265 4045 γειν
2324 3967 2387 4022 ού
2436 3970 2870 4045 παραιτήσομαι,
2932 3967 3018 4023 ὅτι
3071 3967 3162 4022 καὶ
3231 3968 3330 4038 τὴν
3392 3966 3644 4043 στρατιὰν
3714 3967 3817 4023 οὐκ

2157 4056 2471 4130 ἐξέπεμπες,
2533 4055 2660 4113 ἀλλ’
2717 4056 2879 4119 αὐτὸς
2931 4056 3068 4132 ἦγες
3123 4060 3427 4133 στρατηγοῦ
3482 4055 3661 4130 νόμῳ,
3723 4056 3815 4111 καὶ

2154 4153 2254 4216 τῆς
2282 4146 2630 4222 παρατάξεως
2690 4149 3093 4223 στρατιωτικῶς
3151 4144 3238 4201 καί
3278 4153 3382 4216 τῆς
3439 4146 3625 4222 μάχης
3685 4166 3813 4219 μετ-

2156 4232 2411 4313 είληφας,
2436 4236 2527 4289 καὶ
2579 4234 2669 4290 τὸν
2706 4237 2805 4304 τῆς
2863 4234 3191 4309 συμπλοκῆς
3222 4233 3390 4290 τόπον
3452 4236 3557 4289 ἀπὸ
3611 4241 3813 4312 Περσι-

2155 4328 2265 4379 κῶν
2299 4324 2546 4395 αἱμάτων
2576 4322 2860 4396 ἐμέθυσας.
2892 4329 3062 4379 Τοῦτο
3098 4325 3192 4398 μὲν
3239 4322 3331 4379 οῦν
3389 4328 3485 4378 σοῦ
3539 4324 3604 4379 τὸ
3658 4318 3816 4401 ἔργον

2156 4414 2184 4467 ὁ
2229 4412 2424 4485 μεταξὺ
2482 4410 2681 4475 Λυδίας
2739 4412 2830 4467 καὶ
2891 4411 3098 4475 Ἰωνίας
3160 4410 3365 4487 ἔγνωκε
3418 4411 3607 4474 τόπος
3672 4411 3815 4468 ἄλλο

2157 4499 2215 4556 δὲ
2268 4501 2720 4580 περιφανέστατον
2799 4501 2890 4556 καὶ
2971 4502 3101 4557 αὐτὸ
3176 4501 3411 4577 ἡμέραις
3469 4500 3691 4575 ὕστερον
3751 4501 3813 4557 οὗ

2154 4588 2394 4654 πολλαῖς
2453 4591 2576 4665 περί
2632 4613 2739 4646 που
2797 4589 3113 4646 Λαοδίκειαν
3174 4590 3498 4666 πέπρακται,
3551 4591 3642 4647 καὶ
3706 4590 3814 4667 πρὸ

2153 4679 2360 4735 τούτων
2416 4679 2517 4735 οὐκ
2582 4677 2807 4735 ἔλαττον
2862 4678 3070 4734 τούτων
3127 4676 3312 4756 ἕτερον
3360 4680 3396 4750 ἠ
3461 4677 3813 4759 Φιλαδέλφου

2154 4768 2319 4831 πόλις
2402 4766 2640 4845 ἅγχιστά
2696 4790 2773 4839 πη
2843 4769 3039 4838 ἑαυτῆς
3113 4769 3473 4845 γεγενημένον
3556 4770 3815 4847 ἑώρακεν.

2158 4857 2472 4929 Ἀπήλαυσε
2530 4856 2589 4913 δὲ
2642 4857 2904 4913 τοιούτων
2985 4857 3084 4912 ούκ
3140 4856 3343 4933 ὀλίγων
3402 4858 3493 4913 καὶ
3550 4860 3586 4929 ἠ
3646 4858 3812 4937 πέραν

2158 4944 2469 5021 Μαιάνδρου
2554 4947 2744 5023 Καρία·
2803 4947 2893 5000 καὶ
2952 4946 3162 5008 Ἰωνίας
3239 4944 3297 5002 δὲ
3372 4947 3436 5003 τὸ
3496 4948 3817 5020 μεσαίτατον

2157 5033 2385 5092 πολλῶν
2446 5033 2633 5090 ἄλλων
2694 5034 3030 5109 ἀπήλαυσεν,
3059 5035 3196 5092 ὅπου
3253 5035 3343 5092 καὶ
3395 5035 3570 5097 πολὺς
3620 5035 3756 5111 ῥέων
3786 5037 3815 5092 ὁ

2156 5126 2432 5199 Κάϋστρος
2481 5124 2633 5198 ὅμως
2680 5125 2743 5179 τὸ
2794 5124 2977 5200 ῥόθιον
3029 5124 3081 5195 ἐξ
3134 5124 3381 5199 αἱμάτων
3431 5119 3595 5197 ἔϐαψε
3624 5130 3818 5199 Περσι-

2157 5217 2287 5268 κῶν·
2339 5214 2373 5283 ἠ
2433 5210 2492 5268 δέ
2545 5234 2609 5288 γε
2663 5214 2800 5291 πρὸς
2857 5212 3145 5287 Ὄλυμπον
3207 5214 3439 5292 Φρυγία,
3472 5210 3645 5267 εἷ’τουν
3696 5216 3816 5269 Μυ-

2157 5303 2266 5371 σία,
2333 5302 2472 5378 μέγα
2525 5307 2748 5379 Ιῐερσῶν
2810 5304 3118 5380 στράτευμα
3188 5301 3474 5378 δεξαμένη,
3538 5302 3674 5379 μέγα
3723 5301 3815 5358 καὶ

2157 5393 2220 5447 τὸ
2276 5394 2391 5447 κατ’
2440 5391 2615 5448 αὐτῶν
2670 5398 2768 5448 τοῦ
2829 5392 3101 5469 βασιλέως
3162 5391 3297 5448 εἶδεν
3358 5392 3648 5466 ἐκνίκημα.
3684 5398 3821 5448 Συν-

2159 5481 2349 5537 ελόντα
2404 5478 2463 5536 δὲ
2520 5481 2703 5560 φάναι,
2749 5477 2940 5545 διαϐὰς
2998 5482 3076 5545 εἰς
3133 5481 3335 5555 Ἀσίαν,
3394 5482 3488 5537 καὶ
3542 5482 3815 5559 καθαίρων

2158 5567 2218 5622 ἐκ
2267 5563 2559 5645 Βαρϐάρων
2611 5569 2834 5642 ταύτην,
2865 5571 2895 5625 ὁ
2931 5567 3186 5646 βασιλεὺς
3245 5576 3555 5645 χρανθῆναι
3608 5571 3814 5648 τρόπον

2159 5655 2328 5712 ἄλλον
2362 5656 2528 5727 αὐτὴν
2567 5654 2921 5736 βαρϐαρικοῖς
2951 5657 3173 5735 λύθροις
3198 5659 3488 5730 πεποίηκε.

2235 5744 2545 5821 ΙΙολεμικαὶ
2608 5750 2702 5823 μὲν
2758 5747 2850 5803 οῦν
2881 5747 3102 5825 πράξεις
3155 5747 3311 5803 αὗται
3358 5753 3455 5805 τοῦ
3519 5749 3815 5827 βασιλέως,
