4132 6422
375 439 495 501 405

1380 434 1783 499 LAUDATIO
1825 431 2253 494 ANDHONICI
2300 423 2791 490 PALEOLUGI.

3675 413 3796 475 406

375 567 588 633 καὶτὰς
627 565 854 633 πλείους
906 574 1146 648 παρῆκεν
1179 567 1208 623 6
1259 566 1442 645 λόγος,
1472 567 1536 623 τὸ
1588 573 1762 640 μῆκος
1817 563 2019 642 ὑφορώ-

2144 560 2535 637 praetermittit
2565 575 2777 624 sermo,
2804 570 3118 612 numerum
3145 551 3248 608 ubi
3278 547 3637 622 suspicatur)
3668 546 3792 604 haec

379 679 560 734 μενος·
624 660 680 714 αἱ
739 657 786 714 δ’
844 658 999 715 αὐταὶ
1057 660 1147 713 καὶ
1193 665 1294 728 τῆς
1356 657 1487 732 ὑπὲρ
1544 659 1706 730 ἡμῶν
1766 653 2025 730 προνοίας

374 749 614 826 ἐναργεῖς
672 745 994 822 ἀποδείξεις.
1030 750 1252 824 Ἐχεται
1313 745 1372 802 δὲ
1427 753 1526 816 τῆς
1557 745 1724 814 αὐτῆς
1764 741 2024 821 προνοίας

371 839 461 895 καὶ
509 841 546 909 ἡ
597 838 722 915 περὶ
770 841 839 893 τὰ
885 837 1118 917 φρούρια
1165 839 1378 914 πρᾶξις,
1409 838 1488 898 οἷς
1542 833 1607 904 δὴ
1666 831 2025 907 παμπόλλοις

368 929 438 983 τὰ
481 927 668 1004 καίρια
726 925 1027 1004 διειληφὼς
1085 933 1184 997 τῆς
1233 927 1444 1003 χώρας,
1474 925 1572 986 τὰς
1627 920 1853 1002 ἐφόδους
1887 927 2024 998 Περ-

370 1021 478 1072 σῶν
534 1016 866 1092 ἀπετείχισε.
900 1015 1013 1093 Πρὸ
1076 1012 1134 1071 δὲ
1177 1015 1383 1070 τούτων
1445 1013 1618 1069 ἐκεῖνο
1671 1011 1805 1088 μέγα
1859 1008 2021 1081 κηδε-

374 1106 563 1181 μονίας
591 1109 891 1180 τεκμήριον
942 1105 1032 1160 καὶ
1080 1110 1178 1160 τοῦ
1225 1110 1327 1160 πᾶν
1375 1105 1570 1180 ἀγαθὸν
1601 1100 1898 1174 Ῥωμαίαις
1928 1101 2018 1156 τὸν

374 1194 598 1273 βασιλέα
625 1195 716 1250 καὶ
767 1194 1054 1271 βούλεσθαι
1102 1194 1192 1249 καὶ
1238 1193 1314 1256 εἰς
1364 1190 1590 1266 δύναμιν
1641 1189 2018 1266 πραγματεύε-

372 1297 509 1356 σθαι,
541 1284 573 1339 6'
623 1305 692 1358 με
734 1287 912 1358 (πῶς;
966 1283 1065 1338 οὐκ
1112 1281 1260 1355 οἶδα)
1314 1286 1510 1357 μικροῢ
1560 1280 1649 1335 καὶ
1710 1277 2018 1355 διέδραμεν,

367 1369 424 1428 ὅν
455 1395 514 1451 γε
557 1374 649 1429 καὶ
692 1379 861 1429 ταῦτα
903 1378 1179 1445 τοσοῦτον,
1213 1371 1361 1448 λέγω
1402 1369 1466 1441 δὴ
1519 1373 1548 1426 6
1594 1375 1700 1425 τῶν
1761 1367 2014 1443 μεγάλων

363 1462 652 1539 Τράλλεων
683 1462 993 1540 τειχισμός.

431 1573 599 1627 Ἦσαν
663 1571 757 1645 μὲν
792 1573 904 1646 (12)
957 1567 1046 1625 οὖν
1103 1571 1159 1625 αὶ
1213 1567 1482 1646 Τράλλεις
1542 1567 1704 1628 πόλις
1752 1565 1804 1621 ἐν
1862 1564 2016 1636 κοιλῷ

358 1668 462 1731 τῆς
511 1659 696 1722 Ἀσίας
755 1659 1002 1732 κειμένη,
1066 1658 1324 1736 μεγέθους
1378 1679 1438 1712 τε
1495 1657 1739 1730 μείζονος
1798 1655 1832 1724 ἢ
1879 1653 2015 1708 κατὰ

357 1751 453 1812 τάς
513 1748 704 1811 πόλεις
761 1746 1136 1818 ἀπολαύουσα,
1187 1748 1276 1802 καὶ
1334 1747 1635 1824 περιφανὴς
1693 1745 1745 1799 ἐν
1791 1743 2012 1806 ταύταις

363 1839 703 1915 ὑπάρχουσα·
737 1839 871 1907 ἦσαν
917 1835 975 1893 δὲ
1023 1835 1192 1892 πάλαι
1246 1833 1550 1910 ﬂori-2,11:in
1607 1831 1862 1902 δηλονότι
1917 1833 2010 1887 τὸν

2137 656 2298 711 illius
2374 668 2552 724 super
2605 667 2712 706 nos
2772 644 3182 704 sollicitudinis
3252 639 3575 697 manifestis
3648 639 3792 694 sunt

2136 743 2616 818 significationes.
2673 734 3097 796 Sollicitudinis
3176 731 3352 788 istius
3409 730 3624 802 pignus
3679 730 3790 795 est,

2135 836 2353 891 factum
2386 831 2684 904 pertinens
2733 829 2804 883 ad
2839 825 3129 898 praesidia,
3162 821 3378 894 quibus
3421 817 3786 874 numerosio-

2133 925 2300 980 ribus
2351 925 2679 995 opportuna
2720 916 2974 989 regionis
3025 912 3153 968 loca
3217 908 3637 977 intercludens,
3681 922 3787 978 ag-

2133 1030 2374 1087 gressus
2424 1012 2732 1066 Persarum
2787 1003 3130 1078 prohibuit:
3163 1001 3264 1056 sed
3316 1002 3449 1054 ante
3478 997 3592 1052 ista
3639 995 3786 1050 illud

2132 1086 2284 1174 quod
2343 1101 2596 1157 maxime
2652 1101 2902 1153 testatur
2980 1092 3132 1165 regis
3188 1086 3666 1153 sollicitudinem,
3724 1087 3783 1140 et

2131 1193 2299 1248 illum
2364 1189 2645 1246 Romanis
2695 1201 2976 1259 prospera
3023 1196 3270 1254 quaeque
3322 1181 3521 1249 aptare
3577 1180 3634 1230 et
3683 1190 3783 1244 pro

2129 1282 2353 1337 viribus
2385 1279 2634 1352 operari,
2670 1293 2763 1332 me
2792 1272 3111 1347 (quomodo
3131 1269 3158 1324 ?
3180 1267 3399 1334 nescio)
3430 1281 3576 1337 pene
3606 1263 3780 1336 fugit,

2129 1370 2400 1443 quamvis
2432 1385 2546 1425 non
2579 1366 2730 1422 alius
2760 1365 2952 1436 impar
2980 1360 3435 1430 sit,magnarum
3467 1353 3595 1410 dico
3624 1352 3785 1408 Tral-

2126 1460 2270 1516 lium
2301 1456 2670 1515 instauratio.

2195 1569 2376 1623 Erant
2399 1565 2671 1638 equidem
2697 1559 2918 1618 Tralles
2949 1558 3092 1615 urbs
3120 1555 3180 1611 in
3209 1553 3454 1626 pulchro
3475 1551 3623 1608 Asia
3656 1551 3775 1607 situ

2123 1657 2401 1713 collocata
2447 1659 2504 1710 et
2533 1655 2754 1726 majore
2803 1665 2982 1723 quam
3009 1664 3136 1718 quae
3169 1643 3416 1700 urbibus
3447 1645 3537 1698 est
3587 1640 3776 1713 gloria

2122 1746 2450 1817 perfruens,
2483 1747 2540 1798 et
2591 1743 2743 1797 inter
2793 1739 2926 1794 illas
2975 1734 3296 1810 praeclara:
3352 1735 3520 1787 erant
3573 1733 3770 1785 autem

2122 1837 2202 1890 ita
2249 1832 2568 1906 quondam,
2603 1830 2946 1903 priusquam
2997 1823 3222 1880 scilicet
3273 1835 3448 1876 omne
3492 1819 3564 1874 ad
3615 1818 3770 1890 quod

357 1907 550 1983 πάντα.
583 1922 996 2002 μεταϐάλλοντα
1043 1925 1244 2002 χρόνον
1290 1925 1379 1981 καὶ
1435 1907 1597 1986 αύτάς
1647 1927 1860 2001 φθεῖραι
1922 1941 2010 1994 με·

2138 1927 2312 1979 iervat
2342 1926 2398 1977 et
2425 1925 2661 1992 tempus
2708 1917 2844 1972 illas
2869 1911 3267 1971 subnectendo
3293 1908 3538 1965 diruerit
3565 1931 3580 1974 ;
3611 1910 3669 1962 et
3697 1907 3769 1962 ab

355 2012 668 2073 ταϐαλόντα
722 2016 812 2070 καὶ
859 2020 956 2070 τοῦ
1016 2015 1249 2091 ἀριθμοῦ
1333 2013 1525 2084 ἐξῶσαι
1603 2016 1710 2067 τῶν
1766 2009 2003 2080 πόλεων,

351 2105 516 2183 τείχη
578 2125 637 2161 τε
710 2104 1029 2176 καθελόντα,
1089 2103 1261 2166 οἰκίας
1328 2124 1388 2158 τε
1467 2099 1848 2178 ἀνατρέψαντα,
1907 2098 2010 2154 κάκ

353 2200 462 2251 τῶν
549 2194 800 2272 ἐρειπίων
891 2194 1065 2268 μόνων
1156 2192 1507 2270 γνωρίζεσθαι
1591 2189 2006 2264 καταλείψαντα.

357 2281 538 2340 Ἀλλά
587 2283 754 2360 μέχρι
785 2287 900 2351 σοῦ,
939 2280 1186 2359 βασιλεῦ,
1215 2287 1333 2344 ταῖς
1392 2279 1688 2358 Τράλλεσιν
1738 2283 1773 2348 ἡ
1836 2279 2011 2357 φθορά

355 2373 449 2429 καὶ
480 2377 558 2445 τῷ
586 2372 778 2448 χρόνῳ
805 2375 840 2441 ἡ
875 2371 1168 2447 καύχησις·
1201 2369 1312 2426 νυνί
1367 2368 1425 2425 δὲ
1475 2367 1563 2425 διὰ
1611 2373 1707 2423 σοῦ
1750 2367 1913 2424 πάλιν
1955 2367 2006 2422 ἐν

357 2460 580 2518 πόλεσιν
633 2461 854 2530 ἐκεῖναι,
915 2460 977 2515 ού
1037 2461 1173 2516 κατὰ
1228 2458 1546 2539 φιλοτιμίαν
1631 2463 1728 2513 τοῦ
1793 2455 2009 2519 πόλεως

357 2551 629 2623 τοσαύτης
688 2551 934 2620 οἰκιστὴν
989 2548 1274 2605 ἀκούεσθαι
1354 2548 1646 2625 βούλεσθαι
1703 2544 1852 2622 (οὐδὲ
1907 2548 2010 2622 γὰρ

361 2639 593 2718 ἐραστής
652 2661 717 2716 γε
766 2639 829 2695 σὺ
890 2646 1049 2709 κενῆς
1103 2636 1285 2710 δόξης,
1336 2635 1450 2692 οὐδ’
1501 2636 1706 2701 ἐθέλεις
1756 2635 1844 2690 ἐπὶ
1887 2643 2010 2711 γῆς,

360 2729 497 2786 κατά
566 2729 694 2792 τοὺς
775 2730 850 2803 μή
926 2726 1156 2804 ἔχοντας
1232 2724 1447 2799 ἐλπίδα,
1511 2727 1647 2801 μέγα
1718 2726 2013 2795 κτήσασθαι

361 2813 580 2893 ὄνομα),
625 2817 774 2874 ἀλλὰ
835 2818 972 2872 κατὰ
1031 2815 1217 2891 χρείαν
1287 2821 1526 2894 φρουρᾶς
1587 2818 1655 2888 τῇ
1716 2813 1871 2885 Ἀσίᾳ
1923 2812 2013 2867 καὶ

357 2913 457 2963 τοῦ
519 2907 681 2982 μόνον
739 2905 908 2980 ταύτῃ
968 2905 1359 2984 συμφέροντος.
1411 2906 1656 2976 Ἀνιστᾷς
1728 2901 1819 2958 οὖν
1877 2901 2014 2976 αὐτῇ

357 2999 470 3070 xui,
504 2995 575 3053 δι’
624 2997 817 3068 αὐτῆς,
847 3000 917 3070 τῇ
957 2995 1101 3070 πάσῃ
1147 2993 1342 3071 σχεδὸν
1386 2994 1565 3065 Ἰωνίᾳ
1622 2991 1874 3069 λαμπρὸν
1922 2993 2013 3046 τὸν

358 3082 659 3164 περίϐολον
693 3083 991 3155 ἀποδίδως,
1021 3084 1110 3140 καὶ
1139 3086 1238 3153 τὴν
1272 3081 1450 3154 ἄλλην
1483 3083 1581 3153 ὅση
1623 3081 1838 3143 πόλεώς
1876 3081 2014 3136 ἐστιν

360 3177 674 3254 εὐπρέπεια,
747 3175 838 3231 καὶ
911 3174 1204 3252 οἰκήτορας
1273 3172 1409 3247 αὐτῇ
1476 3170 1688 3242 πλῆθος
1751 3171 2014 3247 ἀποχρῶν

360 3265 682 3340 ἀπονέμεις,
735 3261 1045 3340 ἀριστίνδην
1103 3262 1299 3319 τούτου
1346 3263 1446 3332 τήν
1503 3259 1767 3337 ἐπιλύγήν
1815 3259 1914 3315 οὐκ
1959 3259 2019 3315 ἐκ

367 3361 496 3430 μιᾶς
548 3352 790 3426 πόλεως,
849 3353 909 3409 ἐκ
961 3351 1018 3409 δὲ
1062 3349 1290 3408 πολλῶν
1340 3352 1734 3424 ποιησάμενος,
1769 3349 1876 3426 οὐχ
1927 3347 2020 3403 ’ίνα

366 3445 532 3518 μόνον
589 3449 690 3514 τῆς
749 3441 1073 3520 δεχομένης,
1125 3439 1272 3498 ἀλλὰ
1332 3439 1422 3496 καὶ
1484 3445 1591 3494 τῶν
1655 3440 2015 3514 ἐκπεμψασῶν

361 3531 464 3588 ὦσι
496 3530 754 3612 φύλακες.

432 3641 668 3714 Ἀρετῶν
719 3639 812 3713 μὲν
864 3635 955 3693 οὖν
1007 3641 1114 3693 τῶν
1184 3633 1370 3693 ἄλλων
1429 3637 1636 3700 τοιαῦθ’
1687 3635 1715 3689 ὁ
1764 3632 2018 3710 βασιλεὺς

360 3729 650 3805 ἐξενήνοχε
699 3726 967 3804 δείγματα
1011 3727 1102 3782 καὶ
1151 3724 1227 3781 ἔτι
1275 3747 1337 3802 γε
1384 3723 1712 3798 τελεώτερον
1754 3722 2019 3798 ἐξενέγκοι

357 3820 574 3897 προϊὼν
622 3822 703 3891 τῷ
755 3815 945 3893 χρόνῳ
992 3816 1083 3871 καὶ
1143 3812 1397 3888 δυνάμεις
1443 3813 1657 3876 πολλὰς
1689 3813 2021 3886 ποιούμενος

360 3909 430 3984 ἐν,
477 3912 612 3979 Θεῷ’
664 3905 719 3962 τί
779 3904 836 3962 δὲ
881 3905 1006 3982 περὶ
1052 3908 1149 3974 τῆς
1198 3904 1424 3980 πρώτης
1474 3903 1563 3958 καὶ
1615 3901 1874 3977 μεγίστης
1919 3908 2021 3970 τῆς

360 3998 482 4053 κατ’
565 3995 749 4068 αὐτὸν,
811 3989 1082 4056 εὐσεϐείας
1161 3990 1227 4062 δὴ
1303 3990 1472 4068 λέγω,
1531 3991 1585 4046 τί
1641 3990 1766 4067 περὶ
1821 3988 2023 4060 ταύτης

362 4086 546 4162 ἐρεῖς;
598 4080 751 4160 ἔχεις
847 4077 1160 4160 ὑπερϐολὴν
1229 4081 1430 4151 ταύτης
1510 4078 1813 4148 δεικνύναι;
1876 4076 2024 4154 ἔχεις

363 4175 537 4230 εἷπεῖν
588 4175 663 4236 ὡς
713 4174 781 4242 ἧν
828 4193 962 4228 ποτε
1007 4168 1169 4227 τοῦδε
1215 4175 1313 4225 τοῦ
1363 4170 1567 4244 ἀγαθοῦ
1599 4169 1632 4238 ἢ
1669 4168 1838 4245 φύλαξ
1871 4169 2024 4242 ἀκρι-

363 4259 644 4339 ϐέστερος,
693 4263 730 4331 ἢ
776 4261 1034 4332 ζηλωτὴς
1083 4259 1432 4336 θερμότερος,
1477 4259 1512 4327 ἢ
1565 4259 1736 4335 κήρυξ
1777 4257 2027 4334 τρανότε-

363 4373 502 4430 ρος;
539 4351 640 4408 Καὶ
688 4351 770 4413 τίς
819 4352 848 4406 6
890 4350 1241 4426 ἐπαναγαγὼν
1295 4370 1354 4403 σε
1399 4348 1843 4424 παρασυρόμενον
1888 4348 2026 4416 πρὸς

360 4443 397 4497 ’ὰ
431 4443 511 4516 μὴ
562 4444 717 4515 θέμις
775 4439 945 4495 εἰπεῖν
1005 4442 1117 4513 (13)
1148 4458 1162 4508 ;
1192 4439 1282 4501 Τίς
1317 4438 1522 4514 δ’πρὸς
1581 4431 1882 4491 Βαϐυλῶνα
1935 4436 2030 4490 xui

358 4530 490 4594 τοὺς
539 4529 859 4606 ’Δσσυρίους
913 4527 1274 4604 αἰχμάλωτον
1320 4525 1669 4602 ἀπαγόμενον
1717 4525 1795 4588 εἰς
1835 4527 2030 4604 Ἰερου-

360 4618 561 4693 σαλὴμ
614 4619 937 4688 ἀνασώσας;
976 4616 1214 4690 μάλιστα
1259 4613 1318 4671 δὲ
1363 4615 1448 4678 τίς
1493 4617 1522 4669 6
1573 4614 1623 4686 ἐξ
1675 4616 1847 4688 Ἐῴας
1889 4617 2024 4692 πρὸς

2118 2011 2354 2068 urbium
2430 2025 2676 2065 numero
2734 2009 3008 2062 amovent
3064 1999 3282 2056 mcenia
3357 1996 3768 2066 disturbando,

2120 2104 2442 2173 domosque
2458 2097 2765 2155 evertenda
2783 2100 2840 2152 et
2855 2094 2966 2150 nisi
2990 2091 3302 2148 ruderibus
3328 2086 3768 2161 agnoscendum

2119 2191 2803 2264 relinquendo.Atusque
2816 2185 2888 2240 ad
2917 2189 2973 2238 te
2994 2181 3288 2238 Trallibus
3310 2183 3435 2234 erat
3453 2176 3696 2233 exitium
3714 2179 3773 2230 et

2120 2281 2367 2353 tempori
2417 2277 2808 2349 triumphus;
2859 2290 3016 2330 nunc
3065 2276 3260 2327 autem
3309 2287 3413 2342 per
3456 2273 3514 2324 te
3561 2283 3770 2323 rursus

2122 2374 2261 2428 sunt
2308 2370 2458 2424 inter
2506 2366 2789 2432 civitates,
2823 2380 2939 2419 non
2971 2361 3111 2434 quia
3157 2363 3331 2415 tantae
3364 2359 3528 2415 urbis
3569 2361 3768 2413 aucto-

2123 2478 2246 2516 rem
2297 2458 2408 2514 dici
2458 2457 2726 2512 studeres
2769 2454 2910 2526 (non
2958 2451 3116 2507 enim
3166 2450 3405 2504 amabas
3446 2451 3512 2503 tu
3559 2462 3772 2502 vanam

2123 2548 2380 2623 gloriam,
2411 2564 2528 2603 non
2575 2544 2831 2610 volebas,
2866 2557 3044 2611 super
3073 2544 3246 2607 terra,
3281 2538 3434 2593 sicut
3476 2535 3578 2608 qui
3609 2551 3774 2608 spem

2124 2656 2240 2694 non
2291 2638 2528 2706 habent,
2563 2649 2845 2704 magnum
2900 2645 3114 2685 nomen
3163 2626 3452 2699 adipisci),
3484 2625 3586 2680 sed
3642 2639 3780 2696 pro-

2124 2733 2252 2800 pter
2273 2725 2678 2782 necessitatem
2703 2721 2849 2776 Asiae
2877 2718 3110 2774 tuendae
3142 2722 3198 2772 et
3227 2716 3414 2772 solam
3439 2714 3602 2769 illius
3623 2713 3781 2769 utili-

2124 2822 2327 2874 tatem.
2379 2815 2697 2884 Postquam
2745 2826 2882 2882 ergo
2936 2807 3096 2862 illam
3167 2803 3514 2860 instaurasti
3566 2807 3624 2858 et
3679 2818 3786 2874 per

2125 2907 2288 2962 illam
2340 2904 2552 2960 dedisti
2609 2900 2891 2956 universae
2923 2899 3040 2952 fere
3083 2895 3256 2951 Ionia;
3306 2893 3530 2949 clarum
3583 2891 3780 2947 muni-

2126 2999 2417 3057 mentum,
2451 2997 2508 3048 et
2562 2989 2866 3046 restituisti
2900 3002 3105 3043 novam
3159 3002 3287 3057 quae
3326 2981 3599 3054 congruit
3647 2979 3778 3037 urbi

2127 3081 2722 3158 dignitatem,incolas
2752 3094 2996 3134 numero
3029 3075 3355 3130 sufﬁciente
3384 3069 3780 3142 tribuis,opti-

2128 3192 2259 3230 mos
2289 3188 2556 3245 quosque
2609 3186 2723 3225 non
2755 3185 2826 3224 ex
2856 3183 2974 3222 una
3021 3165 3271 3229 civitate,
3303 3163 3405 3219 sed
3454 3178 3524 3217 ex
3574 3159 3779 3216 multis

2129 3263 2449 3336 seligendo,
2481 3277 2597 3316 non
2645 3259 2774 3314 ideo
2803 3262 3034 3313 tantum
3085 3258 3152 3309 ut
3200 3255 3496 3324 acceptam
3546 3251 3776 3320 urbem,

2048 3311 2092 3379 Ο
2129 3311 2449 3410 sedoetiam,
2471 3354 2537 3406 ut
2566 3311 3187 3406 relictasicustodiant.

2200 3639 2503 3693 Virtutum
2533 3635 2784 3692 aliarum
2815 3632 3035 3689 similia
3072 3647 3173 3686 rex
3201 3627 3447 3702 protulit
3494 3623 3780 3697 exempla,

2131 3733 2190 3785 et
2220 3724 2548 3800 pert‘ectiori
2580 3724 2754 3780 modo
2787 3721 3027 3795 protulit
3055 3725 3318 3792 tempore
3361 3714 3785 3790 progrediendo

2133 3823 2191 3874 et
2246 3817 2399 3888 apud
2465 3820 2642 3870 Deum
2707 3811 3116 3867 invalescendo
3177 3826 3190 3864 :
3251 3807 3395 3879 quid
3454 3809 3650 3862 autem
3711 3804 3784 3860 de

2133 3907 2325 3979 prima
2373 3910 2430 3960 et
2477 3903 2736 3958 maxima
2782 3901 2942 3956 illius
2990 3898 3225 3966 virtute,
3281 3896 3493 3968 pietate
3541 3893 3786 3960 scilicet,

2134 3994 2275 4066 quid
2309 3994 2382 4048 de
2410 4009 2478 4048 ea
2508 3991 2656 4047 dicis
2676 3990 2951 4046 ?Potesne
2982 3987 3143 4042 illius
3175 3983 3574 4058 praestantiam
3598 3986 3790 4040 osten-

2136 4083 2323 4138 dere?
2373 4081 2542 4136 Potes
2598 4079 2790 4134 dicere
2847 4075 2986 4132 boni
3038 4075 3274 4130 virtutis
3329 4072 3633 4129 custodem
3685 4069 3788 4127 illo

2137 4172 2321 4227 fuisse
2387 4167 2774 4236 solertiorem,
2843 4164 3122 4221 amulum
3190 4161 3649 4236 ﬂagrantiorem,
3733 4164 3792 4216 et

2137 4277 2462 4334 praeconem
2513 4256 2975 4313 manifestiorem
2996 4254 3024 4308 ‘I
3055 4255 3121 4309 Et
3153 4253 3284 4322 quis
3313 4251 3545 4307 reduxit
3583 4254 3663 4321 te,
3688 4265 3789 4306 va-

2139 4354 2374 4422 gantem
2409 4348 2480 4403 ad
2508 4364 2576 4402 ea
2607 4363 2734 4418 qum
2767 4345 2957 4401 dicere
2987 4343 3152 4399 nefas
3181 4339 3473 4406 est?Quis
3492 4339 3792 4412 captivum

2141 4440 2211 4495 ad
2242 4437 2598 4509 Babylonem
2629 4439 2687 4490 et
2713 4433 2982 4506 Assyrios
3012 4432 3335 4487 adductum
3366 4429 3441 4486 ad
3462 4427 3791 4485 Jerusalem

2143 4525 2478 4584 revocavit?
2509 4524 2650 4589 Quis
2678 4522 3000 4596 praesertim
3031 4537 3102 4577 ex
3125 4520 3359 4576 Oriente
3384 4519 3457 4574 ad
3507 4517 3792 4574 Occiden-

2140 4623 2256 4674 tem
2291 4614 2529 4671 ferentis
2575 4614 2671 4669 hic
2699 4612 2882 4667 invito
2913 4627 3048 4682 rege
3078 4610 3352 4666 tenebras
3388 4623 3627 4663 cursum
3660 4623 3795 4662 mu-

360 4682 588 4784 Δυσμάς
643 4708 733 4763 xui
787 4707 880 4762 τὸν
924 4682 1045 4762 ’ἐκεῖ
1105 4706 1266 4784 ζόφον
1317 4705 1409 4781 βίᾳ
1457 4682 2019 4784 φερόμενον-μεταϐα-

2138 4711 2259 4762 tare
2289 4703 2658 4777 compulit,et
2689 4701 2941 4772 dedit,ut
2970 4715 3206 4755 rursum
3235 4699 3307 4754 ad
3345 4697 3544 4753 lumen
3567 4697 3790 4765 venias,

361 4797 482 4856 λεῖν
541 4799 782 4869 ποιήσας
825 4795 1076 4875 ἐξαίφνης
1124 4795 1216 4850 τὸν
1272 4792 1502 4870 δρόμον,
1548 4795 1647 4864 τὴν
1715 4793 1852 4870 πρὸς
1910 4799 2026 4871 φῶς

359 4889 455 4944 καὶ
512 4886 681 4945 πάλιν
736 4885 999 4941 κινεῖσθαί
1060 4905 1146 4939 σοι
1205 4881 1330 4946 δοὺς
1389 4883 1480 4938 καὶ
1535 4884 1635 4952 τὴν
1692 4881 1943 4952 ἀκίνητον
1974 4881 2026 4936 ἐν

362 4977 514 5051 αὐτῷ
549 4974 916 5055 χαρισάμενος
954 4972 1170 5050 ’ίδρυσιν
1199 4992 1212 5043 ;
1249 4973 1368 5050 Ούχ
1397 4974 1425 5028 6
1454 4971 1574 5034 νέος
1625 4972 1808 5027 οὑτοσὶ
1862 4978 2028 5048 Ζορο-

362 5061 542 5123 ϐάϐελ
567 5067 704 5142 (14),
748 5066 776 5120 ὁ
807 5065 906 5132 τὴν
938 5063 1199 5134 ἀλήθειαν
1227 5063 1317 5119 καὶ
1363 5061 1603 5140 φιλήσας
1653 5061 1742 5116 καὶ
1791 5063 2028 5135 τιμήσας

436 5283 666 5359 (12)_De
711 5280 1004 5359 Trallibus
1033 5279 1465 5359 abAndrqnieo
1506 5276 1850 5359 instauratis
1897 5277 2028 5359 vide

363 5347 683 5429 Nicephor.
704 5351 1202 5429 Gregoram_l_1ist.
1233 5368 1287 5406 v.
1315 5352 1370 5429 Eg,
1401 5351 1457 5429 ἕξ,
1490 5350 1590 5405 ubi
1621 5350 1678 5429 in
1715 5349 1869 5429 notis
1899 5347 2029 5429 Boi-

361 5418 543 5487 vinus
572 5428 731 5498 hunc
779 5418 1373 5498 Gregoriilocumﬁb
1401 5422 1552 5498 ἦσαν
1588 5419 1682 5498 μὲν
1717 5421 1792 5498 ad_
1822 5418 1873 5498 ἐν
1923 5418 2027 5498 πό-

365 5501 520 5559 λεσιν
577 5496 795 5564 ἐκεῖναι,
850 5491 1251 5566 e'codicibus
1322 5491 2030 5566 protulit._Quadriennio

367 5573 638 5631 nondum
690 5563 890 5640 elapso
940 5567 1104 5640 urbs,
1138 5564 1296 5620 mala
1324 5563 1450 5620 'ave
1493 5563 1788 5640 restituta,
1841 5563 1950 5618 fuit
1997 5580 2029 5617 a

365 5643 579 5703 Turcis
609 5635 982 5713 expugnata;
1017 5639 1087 5693 de
1119 5654 1234 5713 qua
1263 5653 1396 5692 cum
1430 5641 1625 5713 orator
1660 5635 1937 5713 loquatur
1968 5639 2033 5690 ut

368 5719 528 5774 inter
574 5706 842 5769 civitat'es
896 5706 1278 5773 numeranda,
1314 5707 1692 5762 manifestum
1743 5712 1831 5761 est
1879 5706 2030 5760 hanc

369 5786 702 5848 orationem
758 5783 912 5841 circa
940 5799 993 5839 a.
1029 5781 1190 5853 1282,
1219 5778 1307 5837 vel
1340 5780 1498 5851 1283,
1530 5778 1712 5835 fuisse
1744 5777 2026 5834 habitam.

2137 4801 2195 4850 et
2244 4793 2516 4867 praestitit
2565 4792 2622 4846 in
2673 4791 2775 4846 illa
2818 4789 3068 4845 firmiter
3122 4787 3472 4844 conﬁrmare
3510 4785 3540 4841 ?
3587 4784 3793 4842 Nonne

2139 4885 2286 4941 alter
2314 4883 2412 4938 ille
2459 4880 2775 4937 Zorobabel
2801 4879 2900 4952 qui
2930 4879 3238 4935 veritatem
3290 4875 3495 4932 dilexit
3524 4879 3582 4931 et
3609 4872 3794 4931 coluit

2140 4978 2313 5044 atque
2363 4971 2571 5026 fortem
2605 4986 2734 5026 sese
2782 4983 2989 5023 rursus
3038 4965 3410 5039 signiﬁcavit,
3464 4969 3639 5038 atque
3666 4979 3791 5018 ma-

2140 5077 2316 5134 gnam
2347 5057 2699 5128 Jerusalem,
2716 5055 2986 5112 videlicet
3013 5054 3356 5122 Ecclesium,
3391 5053 3650 5109 restituit
3667 5051 3696 5107 ‘I
3721 5051 3794 5109 Et

2211 5276 2326 5354 (l3)
2375 5273 2573 5354 Innuit
2623 5273 2938 5354 Gregorius
2988 5275 3227 5354 tempus
3265 5286 3408 5354 .quo
3456 5270 3796 5354 opinionem

2141 5341 2482 5402 Latinorum
2535 5346 2606 5400 de
2657 5341 3043 5416 processionei
3076 5341 3133 5396 SI
3183 5341 3438 5416 Spiritus
3493 5341 3792 5416 tuebatur2

2139 5423 2263 5473 Huc
2295 5418 2470 5473 etiam
2522 5413 2827 5487 sequ—entia
2871 5415 3184 5487 adludunt,
3214 5413 3274 5468 et
3325 5414 3385 5487 in
3438 5415 3648 5487 primis
3693 5413 3796 5471 ubi

2139 5489 2191 5559 ἐξ
2225 5489 2360 5561 ἑῴας
2413 5487 2548 5563 πρὸς
2598 5483 2804 5559 σδυμάς
2851 5485 2941 5540 xui
2979 5485 3071 5539 τὸν
3122 5483 3236 5538 ἐκεῖ
3282 5483 3457 5563 ζόφοᾶ
3495 5483 3794 5563 φερόμενον

2140 5579 2201 5618 se
2233 5565 2332 5616 ait.
2801 5585 2804 5588 ~

2213 5633 2325 5704 (14)
2381 5632 2592 5687 Notum
2653 5648 2740 5704 exi,
2777 5629 2922 5685 libro
2980 5629 3172 5704 primo
3228 5629 3422 5685 Esdrzn
3479 5627 3798 5704 Zorohabel

2140 5701 2497 5832 griecipuum
2549 5703 2946 5758 lsraelitarum
2982 5701 3202 5757 ducem
3254 5716 3354 5757 eos
3385 5716 3418 5756 e
3462 5717 3531 5756 ca
3573 5701 3828 5758 tivitate‘

2188 5775 2493 5832 abvlonica
2537 5773 2866 5832 Jerusalem
2917 5773 3242 5832 reduxisse.
3293 5775 3469 5832 atque
3515 5717 3599 5828 iiii
3641 5775 3790 5828 tem-

2188 5771 2493 5849 abylonica
2537 5773 2866 5832 Jerusalem
2917 5773 3242 5840 reduxisse,
3293 5775 3469 5845 atque
3515 5771 3599 5828 ibi
3641 5775 3790 5828 tem-
