4132 6460
355 441 477 503 407

1384 445 1705 507 GEORGII
1749 443 2015 506 CYPRII
2059 444 2179 504 GP.
2226 442 2760 506 PATRIARCHE

3659 439 3780 502 408

364 576 500 650 quis
562 592 755 632 arcem
835 576 1220 634 confessionis
1284 581 1398 633 tua;
1483 578 1889 635 labefactatam
1956 582 2015 633 et

2149 576 2216 630 ιαὶ
2259 574 2487 651 ἰσχυρὰν
2533 571 2972 651 ἀνομολογῆσας,
3003 572 3093 630 καὶ
3142 572 3244 644 τὴν
3298 573 3542 651 μεγάλην
3583 574 3782 651 Ἰερου-

363 666 532 723 humi
597 683 866 721 corruere
914 667 1343 735 imminentem,
1393 684 1459 723 ac
1510 684 1655 740 pene
1723 672 2016 724 corrutam

366 755 612 815 stabiliit
663 760 721 811 et
753 774 959 813 rursus
990 761 1143 813 stare
1175 758 1378 828 jussit,
1410 763 1466 813 et
1495 764 1649 814 recte
1678 759 1749 813 ad
1806 756 2016 812 cmlum

367 846 568 912 erexit,
610 846 933 917 superbum
980 852 1145 901 tuum
1193 864 1520 903 eversorem
1574 848 1744 918 ejecit
1780 853 1836 902 et
1884 847 2016 902 abs-

365 935 586 1004 tulit,et
617 934 779 990 illius
808 935 1206 991 instrumenta
1238 936 1315 1006 (α)
1344 936 1466 1008 igni
1498 936 1721 1007 ingenti
1751 935 2020 991 tradidit?

368 1026 581 1081 Fcedus
633 1024 905 1096 equidem
959 1024 1381 1096 percussimus.
1414 1030 1618 1080 etnon
1673 1042 1776 1097 per
1818 1031 2017 1090 Deum,

370 1118 427 1170 et
476 1119 736 1185 pactum,
764 1109 868 1169 sed
903 1131 1017 1169 non
1052 1131 1153 1186 per
1181 1114 1460 1185 Spiritum
1493 1116 1621 1185 ejus
1669 1119 2021 1186 (opportune

371 1203 604 1258 divinus
635 1203 820 1258 Isaias
850 1202 1172 1274 loquatur),
1205 1210 1262 1258 et
1287 1205 1485 1258 decem
1517 1204 1686 1258 annis
1727 1203 2021 1258 continuis

367 1293 428 1348 in
478 1293 790 1348 adversum
844 1294 1149 1348 sententiae
1198 1300 1411 1348 nostrae
1462 1293 1915 1360 ambulavimus,
1967 1297 2024 1348 et

367 1382 574 1438 exinde
630 1385 688 1436 et
755 1381 955 1437 fabula
1010 1386 1069 1437 et
1122 1383 1505 1454 opprobrium
1563 1388 1621 1438 et
1696 1382 2021 1437 ludibrium

368 1476 429 1526 et
474 1470 858 1526 subsannatio
918 1469 1013 1525 bis
1062 1471 1159 1541 qui
1211 1476 1354 1526 sunt
1397 1472 1459 1525 in
1524 1471 1774 1527 circuitu
1824 1475 2023 1527 nostro

368 1559 505 1615 facti
557 1574 805 1626 sumus;
840 1563 897 1613 et
938 1559 1127 1614 foedus
1177 1559 1345 1630 (proh
1395 1559 1646 1631 pudor!)
1699 1564 1824 1616 erat
1869 1560 2025 1615 bona

371 1648 642 1704 instituta
672 1652 899 1703 mutare
945 1652 1003 1703 et
1031 1649 1360 1720 transgredi
1394 1648 1695 1719 terminos,
1729 1666 1880 1721 quos
1921 1665 2024 1720 po-

371 1740 620 1793 suerunt
665 1741 861 1808 patres
910 1737 1119 1804 nostri,
1167 1742 1233 1791 ut
1282 1737 1423 1808 quid
1480 1738 1581 1793 fiat
1622 1738 1651 1792 ?
1699 1743 1764 1793 ut
1805 1740 2022 1793 terram

373 1826 622 1881 firmiter
646 1829 974 1896 teneamus,
1008 1842 1117 1881 nos
1147 1827 1219 1881 ad
1253 1824 1464 1883 coelum
1506 1825 1807 1898 impellere
1828 1826 1981 1897 jussi
2009 1825 2022 1880 ί

2124 663 2335 737 σαλήμ,
2370 660 2544 719 εἷίτουν
2594 665 2694 733 τήν
2743 661 3091 734 Ἐκκλησίαν,
3120 660 3597 737 ἀνοικοδομήσας;
3630 664 3658 718 6
3686 662 3780 718 τὸν

2125 753 2333 829 πύργον
2393 774 2489 808 σου
2552 755 2651 822 τῆς
2728 751 3034 828 ὁμολογίας
3101 749 3494 826 διασειόμενον,
3552 751 3645 808 καὶ
3702 752 3780 815 εἷς

2125 842 2258 917 γόνυ
2330 848 2510 898 πεσεῖν
2577 839 2952 897 κινδυνεύοντα
3003 842 3092 897 καὶ
3153 846 3350 918 μικροῦ
3406 862 3470 918 γε
3523 840 3776 914 πεσόντα,

2128 928 2355 1008 ἒδράσας
2403 930 2568 987 πάλιν
2614 931 2705 986 καὶ
2750 930 2905 1007 ὀρθὸν
2949 937 3140 1001 στῆναι
3180 934 3441 1002 ποιήσας,
3479 931 3571 986 καὶ
3619 928 3777 987 ἀκλι-

2126 1024 2229 1082 νῶς
2272 1021 2407 1097 πρὸς
2458 1019 2682 1094 οὐρανὸν
2752 1019 3046 1088 ἀνατείνας,
3096 1020 3191 1076 τὸν
3264 1018 3610 1097 μεγάλαυχόν
3679 1039 3777 1075 σου

2127 1110 2407 1185 πορθητήν
2435 1111 2547 1184 (15)
2579 1106 2847 1171 διασείσας
2902 1109 2991 1164 καὶ
3043 1107 3312 1179 καθελὼν,
3344 1110 3435 1164 καὶ
3492 1109 3659 1165 αὐτοῦ
3714 1109 3784 1163 τὰ

2129 1198 2291 1269 σκεύη
2329 1197 2538 1275 μεγάλῃ
2581 1197 2745 1276 φλογὶ
2777 1201 2889 1273 (16)
2919 1196 3194 1275 παραδούς
3223 1217 3238 1267 ;
3272 1197 3485 1269 Βουλήν
3541 1198 3636 1271 μὲν
3686 1195 3779 1252 οῦν

2130 1287 2484 1361 ἐποιήσαμεν,
2515 1287 2604 1342 καὶ
2656 1287 2719 1342 οὐ
2767 1285 2856 1342 διὰ
2905 1292 3060 1360 Θεοῦ,
3091 1288 3181 1343 καὶ
3234 1290 3530 1359 συνθήκην,
3578 1287 3669 1343 καὶ
3719 1286 3782 1342 οὐ

2130 1375 2220 1433 διὰ
2245 1382 2343 1432 τοῦ
2372 1376 2680 1449 πνεύματος
2711 1376 2875 1432 αὐτοῦ
2904 1377 3004 1451 (εἷς
3052 1378 3239 1451 καιρὸν
3290 1378 3319 1432 6
3368 1382 3515 1442 θεῖος
3560 1374 3782 1439 Ἡσαΐας

2131 1466 2380 1541 λεγέτω),
2440 1466 2530 1521 καὶ
2580 1463 2709 1521 δέκα
2764 1467 2885 1538 ἑξῆς
2945 1461 3039 1536 ἔτη
3114 1465 3288 1522 ὀπίσω
3364 1473 3468 1536 τῆς
3541 1463 3784 1528 διανοίας

2129 1559 2292 1629 ἡμῶν
2326 1554 2722 1628 ἐπορεύθημεν,
2757 1554 2809 1626 ἐξ
2842 1554 2904 1610 οὗ
2951 1555 3042 1610 καὶ
3088 1550 3382 1633 παραϐολή
3433 1555 3523 1611 καὶ
3572 1550 3783 1617 ὄνειδος

2129 1644 2220 1699 καὶ
2277 1641 2456 1721 χλεύη
2488 1644 2578 1698 καὶ
2621 1644 2999 1720 μυκτηρισμὸς
3055 1649 3172 1707 τοῖς
3221 1641 3392 1709 ἔθνεσι
3445 1643 3538 1700 καὶ
3593 1641 3784 1716 κύκλῳ

2132 1736 2293 1807 ἡμῶν
2347 1732 2700 1810 ἐγεγόνειμεν·
2742 1735 2777 1803 ἡ
2823 1730 2882 1788 δὲ
2934 1731 3110 1809 βουλή
3146 1736 3266 1811 (φεῦ
3307 1736 3408 1803 τῆς
3461 1733 3787 1810 αἱσχύνηςί)

2131 1823 2201 1877 τὰ
2227 1821 2413 1886 καλῶς
2460 1822 2680 1896 κείμενα
2727 1827 2893 1878 κινεῖν
2932 1822 3021 1878 καὶ
3068 1821 3191 1897 ὅρια
3241 1822 3508 1899 μεταίρειν
3541 1822 3576 1878 ἃ
3605 1820 3787 1887 ἔθεντο

372 1916 665 1985 Attamen,
699 1931 833 1970 eum
883 1914 993 1971 hoc
1048 1931 1165 1971 non
1213 1916 1583 1983 successerit,
1629 1915 1773 1972 satis
1815 1916 2025 1971 docen-

2149 1913 2187 1967 ἡ
2243 1910 2468 1987 πατέρες
2517 1913 2699 1985 ἡμῶν,
2727 1910 2821 1967 ’ίνα
2876 1911 2927 1967 τί
2974 1910 3233 1987 γένηται;
3260 1910 3353 1968 ἵνα
3397 1914 3498 1982 τὴν
3541 1918 3645 1989 γῆν
3697 1913 3787 1988 βε-

375 2005 515 2059 dum
546 2008 637 2060 est
684 2003 755 2074 si,
783 2008 1097 2076 postquam
1128 2004 1371 2060 miserat
1407 2020 1514 2060 nos
1543 2004 1698 2061 Deus
1744 2009 1802 2060 et
1830 2004 2024 2060 humi-

371 2092 617 2149 liaverat
644 2096 703 2148 et
731 2091 903 2147 illum
952 2109 1210 2163 quaerere
1239 2095 1551 2149 edocuerat
1580 2110 1685 2149 nos
1725 2093 2024 2149 calamita-

372 2182 533 2238 tibus
564 2181 742 2238 ﬂexos
790 2186 849 2237 et
877 2182 1214 2253 castigatos,
1246 2182 1506 2238 secunda
1545 2183 1720 2238 fuerit
1769 2182 2025 2238 audacias

372 2269 673 2343 aggressio
705 2286 720 2324 :
754 2269 814 2325 in
846 2286 1060 2325 vanum
1096 2270 1252 2326 enim
1284 2271 1625 2343 delinquere
1653 2272 2025 2337 videbantur,

375 2365 463 2426 ut,
504 2360 1005 2430 quemadmodum
1055 2360 1156 2427 ait,
1192 2360 1380 2416 simus
1432 2360 1704 2433 deinceps
1756 2360 1814 2416 in
1864 2359 2026 2417 cultu

374 2447 644 2520 puriores
664 2453 722 2502 et
747 2446 806 2502 in
833 2448 1171 2503 adoratione
1194 2448 1737 2521 irreprehensibiles
1754 2468 1767 2518 ;
1784 2451 2026 2522 quinam

376 2553 536 2592 sanae
566 2535 723 2603 ﬁdei,
756 2536 832 2591 da
859 2536 1025 2607 mihi,
1057 2542 1373 2594 sectatores
1403 2547 1460 2594 et
1490 2539 1549 2595 in
1581 2540 1858 2595 omnibus
1888 2556 2028 2612 gen-

376 2627 537 2683 tibus
588 2627 851 2682 doctores
873 2626 900 2681 ‘I
930 2627 1175 2698 quinam
1226 2636 1518 2684 rectorum
1559 2630 1900 2701 dogmalum
1931 2646 2029 2702 pa-

377 2714 542 2771 tres?
580 2714 831 2777 Quinam
884 2714 1221 2771 tribuerunt
1269 2717 1387 2773 illis
1437 2718 1508 2773 ad
1559 2734 1710 2789 quos
1758 2718 2035 2774 transmi-

380 2819 551 2876 grare
592 2803 777 2858 coacti
823 2820 1034 2860 sumus
1083 2822 1200 2860 non
1233 2806 1406 2861 modo
1454 2806 1651 2878 legum
1705 2807 2035 2862 divinarum

384 2895 717 2948 accuratam
768 2892 1183 2964 cognitionem,
1217 2894 1314 2949 sed
1350 2899 1406 2950 et
1434 2894 1881 2967 disciplinarum
1924 2896 2039 2952 uti-

384 2997 500 3053 que
547 2980 839 3048 notitiam,
872 2986 929 3037 et
976 2982 1212 3038 illorum
1246 2988 1500 3039 mentem
1550 2990 1730 3057 atque
1772 2985 2039 3058 linguam

386 3069 716 3125 litterarum
766 3069 1050 3126 beneficio
1097 3078 1275 3143 atque
1349 3074 1642 3130 consortio
1699 3074 2041 3131 nobilitave-

386 3158 573 3214 runt?
629 3159 742 3214 Sed
792 3163 1071 3230 praeterea
1115 3159 1198 3216 ita
1242 3160 1570 3230 videbatur,
1617 3168 1675 3218 et
1717 3163 2041 3220 secundum

389 3248 546 3319 quod
594 3246 787 3303 visum
840 3247 969 3313 fuit,
1020 3252 1217 3303 actum
1269 3254 1375 3305 est.
1412 3252 1482 3306 Et
1526 3255 1590 3305 tu
1638 3250 1762 3306 illic
1810 3268 2041 3308 mecum

2135 1995 2305 2063 ϐαίως
2361 2001 2672 2074 οἰκήσωμεν
2734 2002 2846 2075 (17)
2906 2002 2959 2056 οἱ
3018 2003 3153 2077 πρὸς
3212 2000 3436 2078 οὐρανὸν
3485 1999 3787 2078 ἐπείγεσθαι

2133 2084 2508 2164 κελευόμενοι.
2540 2090 2676 2162 Εἶθ’,
2708 2089 2783 2152 ὡς
2841 2089 2903 2145 οὐ
2960 2095 3121 2145 τοῦτο
3176 2084 3519 2165 προέϐαινεν.
3570 2089 3790 2167 ἀγαπη-

2132 2182 2222 2236 τὸν
2274 2178 2332 2235 δὲ
2372 2180 2462 2235 καὶ
2511 2179 2557 2235 εί
2613 2181 2689 2252 μή
2731 2178 3068 2249 τούναντίον,
3117 2177 3446 2256 ἐκγελῶντπ
3494 2181 3643 2254 ἡμᾶς
3690 2183 3790 2235 τοῦ

2136 2274 2269 2326 Θεοῦ
2352 2269 2443 2324 καὶ
2527 2268 2916 2344 σμικρύνοντος
2973 2270 3064 2325 καὶ
3123 2268 3282 2324 αὐτὸν
3344 2273 3523 2339 ζητεῖν
3600 2267 3789 2325 ἐκπαι-

2138 2357 2388 2420 δεύοντος
2449 2358 2552 2413 ὑπὸ
2608 2363 2713 2413 τῶν
2804 2362 3099 2436 συμφορῶν
3171 2356 3626 2432 νουθετουμὲνους
3697 2359 3789 2414 καὶ

2135 2448 2575 2521 καμπτομένους,
2609 2444 2831 2520 δευτέρα
2882 2450 2982 2517 τῆς
3038 2446 3257 2522 τόλμης
3315 2448 3560 2526 ἀφορμή·
3614 2445 3790 2504 ἐδόκει

2137 2538 2239 2614 γὰρ
2298 2534 2408 2607 ἤδη
2464 2536 2554 2591 καὶ
2603 2533 2692 2591 διὰ
2745 2539 2904 2605 κενῆς
2937 2537 3180 2609 ἀνομεῖν,
3207 2534 3320 2592 ἵνα.
3354 2536 3509 2614 φησὶ,
3540 2536 3788 2613 καθαρώ-

2138 2646 2285 2701 τεροι
2315 2626 2378 2681 τὸ
2426 2621 2586 2688 σέϐας
2639 2624 2786 2699 ὦμεν
2843 2630 2941 2681 τοῦ
3002 2625 3202 2682 λοιποῦ
3263 2626 3352 2681 καὶ
3396 2626 3496 2695 τήν
3547 2624 3803 2703 λατρείαν

2144 2715 2466 2789 ἀμώμητοι·
2522 2714 2577 2769 οἰ
2625 2716 2738 2789 (18)
2784 2722 2887 2785 τῆς
2947 2715 3320 2791 ὑγιαινούσης,
3366 2714 3483 2771 εἷπὲ
3543 2736 3661 2789 μοι,
3710 2714 3802 2770 πί-

2145 2825 2317 2867 στεως
2369 2798 2670 2879 ἀκριϐωταὶ
2726 2804 2816 2859 καὶ
2874 2805 3011 2879 πρὸς
3070 2805 3243 2860 πάντα
3268 2804 3337 2861 τὰ
3367 2800 3492 2876 ἔθνη
3554 2800 3806 2860 διδάσκα-

2148 2895 2274 2963 λοι;
2314 2894 2366 2948 οἱ
2396 2898 2503 2948 τῶν
2536 2893 2712 2970 ὀρθῶν
2747 2890 3040 2968 δογμάτων
3087 2893 3354 2970 πατέρες;
3395 2895 3449 2948 οἱ
3496 2892 3807 2969 παρασχόν-

2147 3002 2234 3045 τες
2292 2987 2410 3045 τοῖς
2468 2982 2606 3056 πρὸς
2676 2982 2768 3044 οὓς
2841 2977 3225 3055 ἐξεϐιαζόμεθα
3302 2984 3681 3055 μετατεθῆναι,
3744 2981 3807 3036 ού

2153 3071 2313 3145 μόνον
2352 3068 2419 3140 δὴ
2450 3070 2637 3144 νόμων
2664 3075 2773 3125 τῶν
2813 3070 2971 3126 θείων
3022 3065 3320 3144 ἀκρίϐειαν,
3352 3070 3502 3128 ἀλλὰ
3546 3071 3637 3126 καὶ
3679 3091 3809 3127 παι-

2152 3158 2296 3224 δείας
2356 3158 2505 3222 ὅλως
2555 3164 2777 3234 γνῶσιν,
2809 3159 2901 3214 καὶ
2954 3160 3018 3216 τὸ
3064 3167 3165 3229 τῆς
3218 3163 3405 3236 ψυχῆς
3463 3159 3641 3216 αὐτῶν
3696 3161 3811 3233 ἅμα

2152 3250 2241 3305 καὶ
2270 3247 2526 3325 γλώττης
2563 3243 2833 3324 βάρϐαρον
2865 3252 2933 3323 τῇ
2986 3248 3263 3324 εὐεργεσίᾳ
3314 3248 3482 3325 ταύτῃ
3537 3249 3629 3304 καὶ
3689 3270 3814 3322 μετ-

389 3352 587 3407 regem
613 3335 895 3407 inspicias
920 3355 934 3404 ;
957 3337 1091 3392 vide
1124 3340 1417 3410 quomodo
1446 3339 1607 3395 zelus
1637 3339 1784 3412 legis
1808 3341 2036 3397 Domini

2154 3318 2311 3408 ουσίά
2355 3318 2701 3412 τῶν-λόγων
2744 3318 3167 3412 ἔξευγενίσανίτες
3199 3357 3212 3407 ;
3242 3318 3416 3407 ’Πλὴν
3458 3318 3643 3400 ὀὕτως
3689 3318 3811 3394 ἐδό-

393 3430 451 3481 et
481 3424 738 3496 despecti
768 3427 1104 3482 testamenti
1136 3444 1272 3483 eum
1313 3430 1691 3496 comedebat;
1726 3431 2042 3501 quomodo,

391 3531 526 3570 cum
562 3528 667 3568 nec
698 3513 980 3569 auxilium
1014 3515 1161 3571 ferre
1192 3534 1418 3587 posses,
1446 3534 1551 3573 nec
1580 3518 1895 3590 reprimere
1924 3518 2046 3574 cla-

393 3605 527 3658 dem
557 3602 738 3658 libere
767 3602 1067 3674 vulgatam
1098 3609 1155 3659 et
1184 3606 1245 3659 in
1275 3623 1481 3662 omnes
1512 3607 1740 3664 animos
1775 3625 2047 3680 grassan-

2154 3448 2258 3497 κει,
2291 3425 2380 3481 καὶ
2419 3426 2557 3481 κατὰ
2602 3427 2664 3481 τὸ
2713 3424 2906 3482 δοκοῦν
2961 3424 3224 3484 ἐτελεῖτο.
3255 3427 3535 3483 Κάνταῦτα
3590 3426 3654 3485 σύ
3704 3448 3811 3500 ,μοι

2158 3516 2346 3571 σκόπει
2393 3516 2484 3571 τὸν
2549 3513 2795 3591 βασιλέα·
2853 3515 2954 3591 ὅρα
3007 3520 3127 3578 πῶς
3175 3516 3203 3570 6
3263 3514 3434 3586 ζῆλος
3484 3520 3584 3570 τοῦ
3634 3515 3811 3589 νόμου

2158 3604 2363 3680 Κυρίου
2389 3604 2480 3659 καὶ
2519 3607 2618 3673 τῆς
2671 3603 2815 3659 οὕτω
2871 3603 3303 3681 παρεωραμένης
3360 3602 3627 3676 διαθήκης
3683 3626 3815 3660 κατ-

394 3696 537 3759 tem,
570 3696 819 3747 moestus
851 3698 909 3747 et
946 3694 1154 3760 tristis,
1198 3712 1539 3768 quanquam
1589 3714 1704 3752 non
1743 3698 2036 3753 videbatui

2159 3697 2335 3765 ήσθιε,
2396 3697 2533 3765 πῶς,
2594 3692 2677 3748 ὅτι
2740 3695 2817 3767 μὴ
2882 3695 3100 3769 βοηθεῖν
3157 3694 3295 3769 εἶχε,
3345 3691 3489 3768 μηδὲ
3542 3694 3606 3753 τὸ
3649 3693 3815 3753 κακὸν

389 3780 566 3836 vitam
620 3781 888 3853 degebat,
938 3781 1021 3837 ita
1070 3787 1133 3838 ut
1186 3784 1384 3855 ignem
1435 3785 1494 3839 in
1544 3786 1870 3842 visceribus
1918 3803 2051 3843 suc-

392 3868 564 3924 cendi
596 3873 653 3923 et
682 3870 755 3924 ab
786 3867 885 3924 illo
917 3870 1129 3943 corripi
1158 3888 1259 3926 cor
1287 3873 1416 3944 ejus
1447 3874 1764 3930 videretur.

2160 3779 2511 3838 ἀναστέλλειν
2558 3780 2825 3838 ἀκάθεκτα
2872 3782 3172 3861 φερόμενον
3227 3782 3317 3839 καὶ
3373 3786 3563 3860 ψυχῆς
3604 3784 3817 3855 ἁπάσης

2164 3871 2468 3947 ἁπτόμενον
2503 3874 2637 3946 (19),
2686 3876 2899 3937 πενθῶν
2955 3872 3047 3927 καὶ
3106 3873 3532 3947 σκυθρωπάζων,
3580 3871 3677 3927 κᾶν
3738 3872 3816 3945 μὴ

392 3952 591 4026 ἐδόκει,
622 3958 713 4011 τὸν
778 3957 893 4031 βίον
946 3954 1155 4034 διῆγεν,
1192 3958 1307 4015 ἐπεὶ
1362 3961 1453 4016 καὶ
1510 3962 2016 4040 πῦρ,ύποσμύχειν
2077 3961 2128 4018 ἐν
2185 3967 2303 4025 τοῖς
2363 3959 2703 4038 σπλάγχνοις
2764 3957 2962 4030 ἐδόκει,
2991 3960 3082 4016 καὶ
3138 3961 3305 4031 αὐτὴν
3366 3961 3454 4015 ὑπ’
3503 3959 3670 4016 αὐτοῦ
3716 3963 3817 4030 τὴν

390 4042 615 4120 καρδίαν
648 4043 716 4100 ἀλ
727 4044 977 4104 ίσκεσθαι.

466 4140 601 4204 Quae
637 4143 694 4192 et
726 4138 879 4193 unde
910 4155 1105 4193 rerum
1138 4138 1386 4195 istarum
1422 4141 1568 4197 fides
1589 4143 1715 4198 ?Ex
1744 4142 1889 4215 ipsis
1921 4162 2050 4216 quae

393 4242 552 4281 nunc
602 4225 895 4281 videmus.
946 4227 1050 4282 Ubi
1114 4228 1270 4283 enim
1321 4229 1641 4286 auxiliandi
1709 4232 2049 4288 facultatem

2232 4140 2322 4205 Τίς
2353 4140 2442 4197 καὶ
2483 4139 2645 4195 πόθεν
2693 4140 2903 4196 τούτων
2938 4141 2973 4209 ἢ
3005 4138 3227 4208 πίστις;
3274 4139 3326 4212 ἐξ
3368 4138 3545 4195 αὐτῶν
3591 4136 3659 4208 δὴ
3712 4143 3820 4194 τῶν

2160 4234 2253 4284 νῦν
2313 4230 2631 4305 ὁρωμένων.
2692 4231 2780 4291 Ὡς
2856 4229 2960 4305 γὰρ
3031 4233 3130 4284 τοῦ
3212 4229 3428 4305 βοηθεῖν
3486 4226 3677 4305 κύριος
3736 4228 3825 4304 γὲ-

393 4312 676 4383 habuisti,
707 4313 881 4385 quale
932 4315 1200 4371 studium
1230 4322 1287 4371 et
1316 4316 1682 4375 alacritatem
1710 4320 1722 4374 l
1759 4321 1885 4377 Non
1916 4320 2036 4376 tulit

2160 4340 2284 4396 γονε
2309 4320 2444 4394 (20),
2484 4313 2647 4395 βαϐαὶ
2676 4325 2779 4389 τῆς
2824 4315 3069 4387 σπουδῆς
3116 4317 3206 4372 καὶ
3256 4321 3354 4372 τοῦ
3400 4317 3609 4392 τάχους
3666 4318 3822 4389 (21)!

396 4404 514 4458 fere
571 4404 860 4474 respirare
919 4410 1232 4476 antequem
1293 4406 1570 4478 pietatem
1630 4410 2051 4482 praedicaverit,

2163 4408 2274 4464 Οὐκ
2327 4406 2522 4484 ἤνεγκε
2581 4405 2777 4485 σχεδὸν
2833 4408 3154 4462 ἀναπνεῦσαι
3211 4405 3336 4482 πρίν
3392 4406 3494 4475 τὴν
3552 4400 3826 4461 εὐσέϐειαν

396 4509 503 4547 nec
552 4493 623 4549 de
672 4493 848 4549 rebus
901 4492 1027 4549 suis
1073 4495 1348 4567 cogitare,
1383 4513 1571 4569 neque
1620 4498 1942 4569 quidquam
1985 4517 2036 4555 θ)

2161 4497 2414 4572 κηρύξαι,
2473 4496 2536 4552 οὐ
2603 4496 2881 4574 φροντίσαι
2959 4499 3068 4550 τῶν
3141 4497 3260 4550 καθ’
3316 4495 3526 4568 ἑαυτὸν,
3583 4494 3646 4550 οὐ
3713 4498 3822 4550 τῶν

398 4581 574 4635 rebus
606 4579 855 4636 internis
903 4598 1384 4654 componere,nec
1415 4584 1486 4640 de
1516 4586 1772 4642 externis
1823 4604 2036 4656 curare1

2161 4585 2308 4649 ἐντός
2355 4608 2409 4641 τι
2457 4584 2736 4657 διαθεῖναι,
2789 4582 2915 4640 οὐδὲ
2960 4585 3085 4661 περὶ
3136 4588 3244 4638 τῶν
3291 4583 3443 4647 ἐκτὸς
3512 4579 3823 4641 διαστείλα-

398 4684 505 4725 nec
538 4669 654 4726 alia
701 4671 878 4725 verba
910 4672 1189 4742 proferre,
1241 4672 1354 4728 nisi
1387 4696 1415 4723 ‹‹
1449 4674 1814 4731 Festinemus
1866 4693 2051 4732 novus

399 4846 565 4974 plum
614 4847 953 4903 aediﬁcasse.
989 4849 1059 4904 Et
1105 4867 1234 4906 esse
1266 4852 1654 4924 scriptoribus
1703 4853 2053 4911 Christianis

438 4919 729 4974 erusalem
763 4920 1030 4974 Ecclesiae
1062 4922 1396 4974 svmbolum
1433 4926 1565 4974 nuis
1598 4925 1876 4974 ignorat?

438 4919 729 4995 erusalem
763 4920 1031 4995 Ecclesiae
1062 4919 1405 4995 symbolum
1433 4926 1565 4995 quis
1598 4925 1876 4995 ignorat?

474 4990 588 5059 (15)
638 4990 740 5067 ille
792 4990 1656 5067 aopenrﬁc'ﬁdeigGregorium
1707 5002 1796 5051 est
1859 4998 2051 5066 Vecci,

402 5066 568 5142 puto,
601 5060 901 5142 allegoria,
945 5060 1529 5142 qui,_cum_gl,.atiﬁisi
1558 5069 1794 5132 faveret,
1825 5070 1935 5125 fuit
1982 5060 2055 5123 ab

402 5132 737 5209 Andronico
801 5132 1023 5209 missus
1072 5137 1132 5190 in
1180 5137 1441 5192 exilium.
1515 5141 2053 5209 lnterpretationem

403 5203 712 5276 confirmat
763 5205 961 5276 glossa
1010 5206 1070 5261 in
1121 5211 1247 5263 cod.
1303 5210 1488 5263 131οε
1521 5203 1687 5263 Κατόί
1711 5214 1806 5263 τοῦ
1858 5209 2054 5264 Βέκκου

401 5272 491 5327 καὶ
520 5280 620 5341 τῆς
647 5272 790 5328 τότέ
801 5274 1062 5338 ἕνώσεως.

475 5345 590 5415 (16)
638 5347 766 5417 Igni
816 5348 1096 5403 traditum
1151 5348 1263 5404 fuit
1305 5350 1473 5406 Vecci
1528 5350 1802 5408 volumen
1856 5370 1867 5407 :
1922 5354 2056 5410 vide

403 5418 846 5495 Veccumﬂrat.
881 5420 959 5495 de_
980 5420 1202 5495 injuste
1230 5423 1320 5495 sui
1355 5424 1717 5495 depositione
1748 5442 1805 5495 p.
1837 5426 1925 5480 29.

476 5488 587 5559 (l7)
624 5487 727 5543 Illa
758 5506 871 5544 non
907 5487 1076 5561 plane
1108 5491 1391 5564 intelligo,
1424 5487 1699 5551 Voluitne
1731 5487 1973 5552 ihnuere
1993 5513 2056 5552 se

404 5575 598 5637 rerum
635 5565 995 5637 terrenarum
1029 5579 1223 5637 causa
1240 5564 1459 5620 Latinis
1492 5566 1722 5637 favisse,
1749 5567 1970 5624 scilicet
1991 5573 2056 5624 ut

404 5629 672 5705 Michaeli
708 5630 1011 5705 Palmlogo,
1040 5634 1138 5705 cui
1170 5634 1500 5705 placebant,
1534 5629 1834 5703 placeret?

477 5702 596 5781 (18)
619 5704 752 5757 Cod.
803 5702 965 5781 BQIQ,
996 5704 1074 5771 oi,
1103 5702 1335 5781 psi-bene
1368 5702 1501 5781 legi.
1537 5710 1723 5766 Locus
1770 5714 1859 5765 est
1884 5709 2052 5781 vitia-

405 5775 521 5829 tus.
554 5774 796 5842 Forsan,
827 5774 862 5843 ἢ
896 5775 969 5843 οἱ,
1003 5781 1067 5832 ut
1094 5775 1127 5845 ἢ
1162 5778 1241 5834 sit
1269 5774 1648 5853 comparativi
1682 5779 2053 5858 καθαρώτεροι

2164 4687 2306 4749 σθαι,
2338 4675 2400 4730 οὐ
2457 4674 2624 4751 λόγον
2676 4674 2846 4730 ἄλλον
2893 4678 3262 4750 προενεγκεῖν,
3293 4673 3330 4744 ἢ
3363 4671 3471 4742 ὅτι,
3506 4696 3535 4725 ι(
3567 4670 3825 4728 Σπεύδω-

2164 4855 2603 4937 consequentia.
2639 4853 2945 4937 Sententia
2974 4853 3083 4936 erit
3112 4852 3335 4936 irquica
3362 4856 3421 4909 et
3481 4868 3617 4909 cum
3650 4852 3825 4933 inter-

2165 4946 2227 4982 ro
2273 4926 2466 4982 attene
2494 4926 3129 4997 pronuntianda,cujus
3159 4926 3350 4996 signa,
3384 4939 3514 4996 quas
3546 4926 3817 4997 apposui,

2165 4944 2394 5054 cogices
2441 4998 2739 5053 exhibent.
2773 4995 3219 5068 dmc‘ziindicare
3245 4995 3476 5051 videtur
3520 4996 3822 5068 appositas

2165 5088 2294 5127 esse
2323 5087 2492 5124 voces
2522 5069 2865 5136 adversarii,
2896 5067 3067 5122 Vecci
3095 5068 3313 5122 forsan.

2237 5144 2352 5213 (19)
2380 5142 2560 5196 Veros
2609 5139 2792 5195 animi
2841 5155 3076 5213 sensus,
3117 5135 3671 5213 viven_te_lt_lichaele
3713 5135 3819 5189 Pa-

2165 5206 2428 5321 laologp,
2479 5213 2765 5267 celaverat
2792 5212 3164 5266 Andronicus
3198 5227 3212 5266 :
3242 5211 3317 5266 cf.
3359 5209 3484 5265 Nic.
3532 5206 3821 5279 Gregoras

2165 5286 2612 5428 fil,(21(l)3.Morte,
2674 5352 2914 5419 scilicet,
2970 5351 3177 5424 patris,
3241 5349 3543 5409 Michaelis
3609 5348 3826 5407 Palico-

2164 5426 2300 5498 logi.

2238 5490 2585 5570 (21)__Glossa
2632 5497 2692 5552 in
2742 5495 3107 5570 cod.‘1310:
3151 5492 3471 5570 ξημείωσαι
3497 5491 3627 5556 τοὺς
3679 5490 3827 5547 ἐπαί-

2162 5590 2286 5660 νους
2317 5564 2409 5631 οὓς
2456 5571 2684 5643 γεννῶσι
2714 5567 2781 5622 τὰ
2809 5564 3107 5643 σχὶσματα.
3158 5564 3462 5623 Glossator
3506 5571 3635 5624 erat
3656 5570 3825 5621 Δάτι-

2160 5660 2398 5717 νοιρρων.

2235 5784 2310 5856 (a)
2342 5783 2546 5841 Libros
2575 5783 2706 5854 ejus
2736 5780 2977 5840 scilicet.
