4132 6442
374 473 493 536 409

1382 476 1776 540 LAUDATIO
1824 476 2253 540 ANDBONICI
2296 475 2784 540 PALJEOLOGI.

3669 471 3793 532 410

379 627 471 681 μεν
539 603 757 683 Ἰσραὴλ
804 606 833 662 ὁ
871 604 1013 678 νέος,
1063 605 1461 684 ἐπαναγώμεθα
1526 609 1661 682 πρὸς
1707 611 1854 682 Θεὸν,
1905 610 2010 665 ἐπι-

2142 610 2316 666 Israel
2364 612 2434 667 ad
2481 611 2667 666 Deum
2721 609 3051 679 redeamus,
3107 608 3537 672 convertamur,
3595 604 3784 679 legem

376 697 750 774 στρεφώμεθα,
808 698 906 766 τῆς
967 694 1234 769 διαθήκης
1290 697 1454 754 αὐτοῦ
1521 693 2026 772 ἐπιλαμϐανώμεθα

373 785 462 839 καὶ
493 786 629 859 πρὸς
653 787 753 855 τὴν
797 783 1005 860 λάμψιν
1037 791 1134 842 τοῦ
1165 788 1344 865 φωτὸς
1376 787 1545 856 αὐτῆς
1577 789 1958 864 πορευώμεθα.
1994 813 2020 839 ››

375 875 492 950 Οὐχ
546 874 690 930 οὕτω
746 877 877 930 ποτὲ
931 874 1161 955 σφοδρὸν
1219 874 1412 939 ὕδατος
1472 876 1665 953 ῥεῦμα,
1712 876 1830 954 ῥέον
1889 878 2024 932 κατά

374 968 628 1038 πρανοῦς,
664 964 778 1018 εἶτά
822 986 934 1020 τισι
995 972 1271 1042 μηχαναῖς
1322 966 1709 1042 ἀνισχόμενον,
1747 967 1912 1037 ὀξέως
1963 967 2020 1020 ἂν

375 1052 612 1130 φέροιτο,
671 1059 770 1108 τοῦ
827 1053 1138 1118 κωλύοντος
1209 1057 1632 1118 ὑποσπασθέντος
1690 1053 1778 1111 καί
1827 1059 2020 1111 ἀνακο-

371 1141 582 1214 πέντος,
617 1143 691 1204 ὡς
753 1144 780 1196 ὁ
843 1142 1121 1219 βασιλεὺς,
1172 1143 1499 1220 δραξάμενος
1561 1145 1750 1200 αὐτίκα
1807 1151 2021 1222 καιροῦ,

374 1230 494 1302 ὀξὺς
537 1233 604 1301 ἧν
651 1231 882 1308 ἐπείγων
927 1238 1095 1288 ταῦτα
1142 1235 1232 1288 καὶ
1280 1233 1458 1310 λέγων
1489 1236 1579 1290 καὶ
1625 1232 2021 1312 διαπραττόμε-

369 1341 484 1382 νος.
515 1317 588 1374 Εὗ
619 1322 718 1396 γὰρ
767 1319 926 1384 εἰδὼς
969 1323 1044 1384 ὡς
1083 1320 1184 1392 ἥδε
1229 1323 1374 1394 τάξις
1428 1324 1617 1399 ἀρίστη
1677 1324 1766 1378 καὶ
1813 1321 2023 1379 λασιτε-

371 1406 625 1482 λεστάτη,
659 1411 858 1471 παντὸς
891 1411 1228 1487 ἀρχομένοις
1257 1413 1347 1467 καὶ
1398 1413 1564 1489 λόγου
1621 1415 1710 1468 καὶ
1766 1413 2023 1490 πράγμα-

366 1517 482 1571 τος,
515 1497 574 1553 ἐκ
622 1503 756 1554 Θεοῦ
802 1520 862 1554 τε
910 1496 1170 1576 ἄρχεσθαι
1213 1501 1303 1556 καὶ
1352 1501 1426 1564 εἷς
1469 1503 1594 1557 Θεὸν
1640 1503 2020 1571 ἀναπαύεσθαι,

367 1587 458 1642 καὶ
517 1587 678 1650 αὐτὸς
726 1591 828 1658 τῆς
888 1583 1138 1652 εὐσεϐοῦς
1193 1589 1616 1668 αὐτοκρατορίας
1663 1587 1854 1661 εὐσεϐῆ
1886 1613 2021 1668 κρη-

368 1674 501 1731 πῖδα
531 1676 904 1752 πηγνύμενος,
936 1675 1074 1755 αἶ’ρει
1128 1680 1220 1752 μὲν
1272 1682 1410 1735 ἅπαν
1456 1679 1669 1736 σκῶλον
1715 1681 1804 1736 καὶ
1853 1676 2020 1751 πρόσ-

366 1786 558 1838 κομμα
585 1773 686 1836 τῆς
719 1765 866 1828 θείας
899 1765 1094 1836 αὐλῆς,
1123 1765 1215 1822 xui
1243 1767 1370 1831 τοὺς
1417 1768 1607 1832 λίθους
1663 1777 1763 1840 τῆς
1813 1768 2019 1833 εὐθείας

365 1854 455 1909 καὶ
517 1854 810 1931 βασιλικῆς
867 1855 958 1910 καὶ
1019 1855 1192 1928 μόνης
1257 1859 1395 1933 πρὸς
1457 1857 1682 1934 οὐρανὸν
1750 1858 2019 1937 φερούσης

2133 701 2295 757 illius
2324 701 2857 773 apprehendamus,
2891 702 2948 754 et
2998 697 3071 754 ad
3121 695 3494 769 splendorem
3543 694 3788 750 luminis

2133 792 2260 863 ejus
2303 790 2696 845 ambulemus.
2750 811 2777 839 »
2839 787 2966 842 Non
3016 787 3215 858 itaque
3272 784 3586 840 vehemens
3631 783 3789 839 unde

2133 897 2344 936 cursus
2376 895 2632 952 praeceps
2665 878 2874 945 fluens,
2907 881 3221 949 postquam
3253 873 3599 946 aliquandiu
3644 872 3782 944 qui-

2135 970 2386 1025 busdam
2418 969 2710 1024 machinis
2743 968 2918 1023 fuerit
2959 965 3268 1031 inhibitus,
3314 963 3484 1020 citius
3537 963 3787 1018 ferretur

2133 1059 2296 1114 obice
2344 1063 2564 1114 remoto
2613 1062 2672 1112 et
2733 1056 2954 1124 avulso,
3022 1071 3156 1110 cum
3217 1070 3338 1122 rex,
3397 1051 3498 1124 qui
3547 1056 3784 1124 accepta

2135 1147 2334 1202 statim
2366 1147 2670 1202 occasione
2700 1145 2820 1200 haec
2860 1144 3125 1216 urgebat,
3172 1143 3403 1198 dicebat
3447 1145 3505 1197 et
3551 1140 3782 1212 agebat.

2133 1241 2275 1292 Cum
2302 1236 2458 1292 enim
2492 1237 2665 1291 sciret
2694 1235 2839 1290 illud
2872 1234 3135 1289 ordinem
3170 1232 3462 1305 optimum
3493 1246 3559 1286 ac
3587 1228 3780 1285 utilis-

2135 1326 2355 1382 simum
2389 1342 2537 1393 esse,
2574 1329 2638 1380 ut
2663 1324 2764 1396 qui
2796 1325 2986 1379 dicere
3007 1329 3065 1378 et
3097 1338 3266 1395 agere
3287 1319 3580 1392 incipiunt
3607 1335 3639 1373 a
3663 1319 3779 1374 Deo

2132 1415 2420 1487 incipiant
2469 1419 2526 1469 et
2557 1413 2848 1483 desinant,
2881 1413 3007 1484 ipse
3049 1411 3156 1484 piae
3214 1409 3579 1466 auctoritatis
3611 1407 3775 1480 pium

2133 1509 2369 1559 struens
2401 1503 2871 1569 fundamentum,
2906 1501 3097 1556 aufert
3135 1515 3308 1554 omne
3355 1495 3775 1554 otl'endiculum

2131 1598 2188 1649 et
2217 1592 2562 1649 scandalum
2594 1592 2667 1646 ab
2698 1590 2834 1646 aula
2862 1589 3079 1655 divina,
3110 1594 3167 1645 et
3212 1593 3408 1659 petras
3458 1603 3491 1642 a
3531 1591 3692 1642 recta
3719 1589 3779 1641 et

2132 1682 2293 1755 regia
2335 1687 2392 1737 et
2440 1681 2566 1737 sola
2615 1698 2741 1752 quae
2784 1679 2946 1735 ducit
2993 1680 3064 1734 ad
3111 1676 3324 1734 caelum
3369 1675 3463 1730 via
3509 1674 3680 1746 ejecit
3718 1679 3778 1729 et

2131 1771 2426 1826 sincerum
2457 1777 2635 1841 atque
2666 1785 2880 1841 purum
2911 1767 3138 1823 cultum
3171 1771 3285 1821 Deo
3317 1763 3606 1834 adhibuit,
3639 1779 3774 1819 cum

2132 1859 2533 1914 adulterantes
2564 1875 2698 1914 eum
2729 1862 2786 1913 et
2815 1860 3258 1928 corrumpentes
3291 1852 3590 1910 amaverit.

366 1941 496 1999 ὁδοῦ
556 1942 880 2020 διαρῥίπτει,
940 1945 1226 2010 ἀνόθευτον
1287 1945 1345 2002 δὲ
1392 1947 1481 2002 καὶ
1537 1950 1768 2026 καθαρὸν
1826 1949 1888 2003 τὸ
1939 1943 2098 2010 σέϐας
2162 1947 2441 2018 ἀνατίθησι
2497 1951 2576 2019 τῷ
2631 1951 2767 2018 Θεῷ,
2798 1943 2925 2008 τοὺς
2978 1942 3491 2021 παραχαράττοντάς
3543 1939 3632 1996 καὶ
3689 1937 3780 1995 κί-

363 2027 571 2103 ϐδηλον
607 2033 736 2088 αὐτὸ
765 2039 1054 2098 ποιοῦντας
1087 2037 1291 2112 μακρὰν
1320 2039 1689 2110 ποιησάμενος

435 2122 534 2177 Καί
565 2143 629 2197 γε
657 2124 793 2196 πρὸς
849 2124 1010 2180 τοῦτό
1067 2146 1162 2180 σου
1190 2126 1252 2180 τὸ
1284 2125 1464 2202 ἔργον,
1497 2126 1541 2180 ὦ
1579 2125 1823 2204 βασιλεῦ,
1862 2124 2010 2182 οὐδὲν

2198 2130 2267 2184 Et
2297 2145 2428 2184 vero
2459 2145 2573 2201 prae
2603 2127 2716 2182 isto
2747 2131 2846 2182 tuo
2878 2126 3158 2189 facinore,
3208 2140 3240 2179 ο
3289 2140 3412 2190 rex,
3443 2120 3589 2178 nihil
3636 2123 3776 2176 sunt

367 2207 844 2288 βαρϐαροκτονίαι,
888 2213 978 2268 καὶ
1037 2211 1464 2292 ἀνδραποδισμοὶ
1511 2215 1600 2271 καὶ
1657 2214 2017 2279 ἐκδουλώσεις

363 2301 548 2374 ἐθνῶν,
606 2301 697 2356 καὶ
776 2307 922 2357 νῖκαι
1001 2304 1137 2358 κατά
1211 2305 1390 2376 πάσης
1464 2305 2016 2382 ἀντιστρατευομένης

361 2387 666 2462 δυνάμεως,
731 2387 884 2446 οὐδὲν
955 2390 1310 2468 ἐκπορθήσεις
1365 2392 1582 2448 πόλεων
1636 2395 1725 2450 καὶ
1783 2395 2016 2457 ἁλώσεις

358 2478 449 2534 καὶ
505 2480 862 2558 κατασκαφαὶ,
923 2473 1038 2536 οὐδ’
1093 2479 1158 2536 αὖ
1216 2482 1516 2558 ἀνεγέρσεις
1570 2484 1661 2539 καὶ
1730 2485 2014 2560 τειχισμοὶ

356 2567 449 2622 καὶ
482 2570 845 2642 συνοικισμοὶ,
878 2569 968 2624 καὶ
1000 2569 1032 2624 ὅ
1057 2592 1110 2625 τι
1141 2571 1199 2625 ἂν
1234 2569 1376 2626 εἷ’ποι
1423 2594 1507 2634 τις
1562 2578 1670 2628 τῶν
1734 2573 2008 2648 μεγάλωνο

355 2658 573 2712 πάντων
606 2659 710 2734 γὰρ
745 2658 1050 2735 ὑπέρκειται
1093 2665 1198 2714 τῶν
1255 2660 1542 2719 τοιούτων.
1575 2667 1743 2718 Τοῦτο
1804 2660 1868 2733 δή
1926 2683 2010 2717 σοι

357 2747 449 2800 xui
504 2745 899 2821 οὐρανομήκης
949 2747 1150 2822 στήλη,
1181 2749 1346 2805 τοῦτό
1388 2771 1446 2805 σε
1501 2751 1590 2806 xui
1626 2751 2009 2826 βασιλεύτατον

358 2832 648 2908 δείκνυσιν,
683 2835 766 2890 ὅτι
796 2836 886 2891 xui
919 2836 1100 2892 ὁπόσπ
1131 2835 1196 2906 δὴ
1236 2837 1501 2913 βασιλέων
1559 2835 1691 2915 ἔργα
1742 2839 2011 2914 βασιλικῷ

353 2928 434 2996 τῷ
490 2926 660 3000 πήχει
702 2929 864 2980 τοῦτο
923 2930 1062 2997 νικᾷ.
1115 2928 1320 2982 Ἐκεῖνο
1381 2925 1446 2998 δὴ
1503 2929 1664 3002 μόνον
1723 2949 2006 3004 συμπαρα-

359 3019 631 3090 μετρεῖται
706 3013 906 3087 τούτῷ,
966 3013 1153 3085 ἐπειδὴ
1213 3017 1304 3071 καὶ
1373 3017 1512 3090 πρὸς
1567 3017 1740 3073 ἐκεῖνο
1800 3017 2006 3092 βλέπον

352 3107 516 3158 τοῦτο
593 3105 972 3178 κατώρθωται,
1044 3105 1133 3160 xui
1211 3101 1449 3181 ἀκριϐῶς
1528 3107 1792 3180 έξίσωται,
1851 3107 1883 3162 ὅ
1946 3130 2009 3184 γε

353 3197 761 3254 Κωνσταντῖνος
811 3193 838 3247 ὁ
870 3193 1075 3269 Μέγας,
1107 3194 1272 3249 ὁτῶν
1333 3191 1637 3271 ὀρθοδόξων
1698 3197 1850 3270 ὑμῶν
1909 3199 2006 3274 βα-

355 3279 553 3336 σιλέων
627 3283 833 3350 πατὴρ,
892 3280 1365 3360 διαπεπραγμένος
1440 3283 1630 3363 ἐφάνη,
1689 3287 1787 3354 τήν
1853 3287 2005 3361 βασι-

353 3367 506 3425 λείαν
559 3369 823 3444 ἀναμίξας
877 3375 946 3445 τῇ
1002 3368 1262 3446 εὐσεϐείᾳ,
1322 3372 1558 3446 μάλιστα
1605 3372 1663 3430 δὲ
1719 3375 2006 3452 ὑποτάξας,

351 3459 444 3513 καὶ
478 3458 647 3534 μέγας
680 3458 779 3514 οὐκ
811 3459 870 3514 ἐκ
895 3467 996 3529 τῆς
1044 3461 1325 3538 πορφύρας
1373 3463 1463 3517 xui
1510 3468 1608 3518 τοῦ
1667 3462 2004 3538 διαδήματος

351 3547 442 3602 xui
474 3551 571 3602 τοῦ
623 3554 721 3616 τῆς
782 3547 1108 3622 οἰκουμένης
1164 3549 1395 3626 κράτους
1449 3549 1896 3628 ἀναδειχθεὶς,έκ
1951 3553 2008 3610 δὲ

350 3641 449 3690 τοῦ
506 3637 606 3705 τήν
665 3635 925 3707 ἀλήθειαν
986 3636 1391 3718 κατειληφέναι,
1449 3641 1538 3695 καὶ
1587 3643 1723 3717 πρὸς
1781 3644 2010 3717 Χριστὸν

356 3727 698 3798 μετακλῖναι,
751 3726 842 3781 καὶ
918 3727 1018 3796 τὴν
1091 3735 1192 3797 τῆς
1248 3727 1476 3803 Τριάδος
1532 3729 1656 3804 μίαν
1714 3731 2007 3807 ἐπιγνῶναι

342 3813 594 3883 θεότητα·
635 3814 697 3868 οὐ
746 3816 837 3869 καὶ
889 3814 972 3887 σὺ,
1011 3815 1256 3891 βασιλεῦ,
1290 3819 1406 3880 υἱὸς
1452 3818 1543 3872 καὶ
1576 3817 1838 3896 διάδοχος
1868 3819 2008 3892 ἀλη-

340 3904 467 3974 θής,
525 3904 642 3958 κατ’
702 3901 861 3979 ἴχνος
917 3911 1020 3974 τῆς
1080 3905 1243 3961 αὐτοῦ
1299 3902 1553 3984 βεϐηκὼς
1617 3907 2006 3984 προαιρέσεως,

338 3991 406 4045 τὸ
468 3993 602 4064 μετὰ
672 3997 906 4067 Χριστοῦ
982 3997 1100 4066 ζῇν,
1160 3995 1235 4057 ὡς
1296 3993 1524 4068 ἐκεῖνος,
1577 3997 1651 4059 ὡς
1712 3995 2005 4075 κεφάλαιον

339 4084 453 4135 τῶν
487 4079 705 4154 ἀγαθῶν
740 4080 1025 4156 ἀγαπήσας
1075 4082 1166 4136 καὶ
1223 4084 1437 4139 πάντων
1496 4088 1844 4160 προτιμήσας
1899 4092 2005 4142 τῶν

343 4167 556 4225 ἄλλων.
590 4169 667 4224 Tu
724 4169 932 4226 ἐκείνου
991 4168 1061 4240 δή
1125 4171 1263 4245 μόνα
1319 4172 1407 4226 καὶ
1454 4173 1521 4227 τὰ
1571 4174 1637 4228 σὰ
1691 4177 2006 4252 συνέρχεται

339 4258 434 4313 xui
512 4253 816 4332 συμϐαίνει,
877 4260 967 4315 καὶ
1027 4260 1106 4322 είς
1160 4259 1215 4315 ’ἐν
1276 4258 1516 4338 ἀκριϐῶς
1590 4261 2004 4339 συναρμόζεται,

343 4345 424 4408 ὡς
479 4346 595 4401 νέον
657 4346 1002 4423 ἐκεῖνον
1052 4350 1127 4422 μή
1181 4353 1406 4427 χρῆναι,
1454 4353 1571 4406 κατ’
1621 4352 1758 4427 έμήν
1805 4356 2002 4431 κρίσιν,

341 4431 528 4510 ’ἕτερον
597 4437 633 4505 ἢ
691 4437 785 4491 τὸν
844 4435 1054 4493 ἐκείνου
1111 4437 1398 4517 σύμφρονα
1450 4441 1508 4496 σε
1548 4442 1638 4496 xui
1695 4443 2007 4518 ὁμότροπον

341 4522 653 4598 ὀνομάζειν.

418 4615 519 4668 Καὶ
585 4616 694 4688 μὴν
746 4615 890 4671 οὕτω
955 4615 1227 4693 λαμπρῶς
1288 4617 1530 4694 ἐχούσης
1586 4624 1686 4690 τῆς
1733 4617 2003 4688 εὐσεϐείας

334 4707 423 4774 τῷ
478 4703 717 4780 βασιλεῖ,
781 4701 862 4760 ἔτι
912 4706 1128 4762 κάκεῖνό
1186 4728 1291 4762 που
1347 4710 1644 4782 θαυμάσιον
1731 4710 2002 4785 ἐννοῆσαι,

339 4791 428 4847 ὅτι
477 4794 570 4847 xui
619 4793 740 4848 ὅσαι
788 4799 897 4850 τῶν
947 4797 1150 4870 ἀρετῶν
1197 4795 1595 4862 ἀκολουθοῦσαι
1650 4800 1818 4875 ταύτῃ
1869 4823 2002 4877 τυγ-

2130 2219 2518 2274 Barbarorum
2555 2218 2760 2281 caedes,
2793 2215 3100 2272 servitutes
3139 2218 3198 2270 et
3253 2211 3574 2269 famulatus
3629 2226 3776 2282 gen-

2127 2308 2298 2376 tium,
2348 2312 2406 2363 et
2451 2306 2708 2362 victoria:
2765 2307 3044 2361 adversus
3114 2301 3382 2376 singulas
3457 2303 3776 2373 potestates

2125 2395 2709 2470 oppugnantes.nihil
2740 2395 2976 2450 urbium
2999 2393 3355 2465 direptiones
3377 2395 3433 2447 et
3461 2389 3687 2447 excidia
3710 2405 3776 2444 ac

2123 2487 2472 2553 eversiones,
2505 2490 2607 2540 aut
2635 2485 2848 2540 iterum
2889 2482 3314 2540 exstructiones
3363 2485 3420 2536 et
3466 2493 3772 2535 murorum

2123 2579 2181 2630 et
2200 2575 2508 2630 domorum
2541 2573 3029 2642 constructiones,
3063 2576 3121 2628 et
3152 2569 3442 2642 quidquid
3475 2585 3544 2625 ex
3590 2568 3767 2624 rebus

2121 2664 2239 2720 tuis
2271 2662 2564 2736 praeclaris
2593 2662 2808 2734 aliquis
2839 2661 3050 2717 dixerit
3081 2678 3094 2716 :
3129 2659 3327 2716 omnia
3365 2659 3522 2714 enim
3552 2656 3769 2729 hujus-

2122 2753 2278 2808 modi
2310 2756 2641 2825 exsuperat.
2676 2756 2795 2808 Hoc
2828 2769 2969 2807 sane
2996 2750 3101 2805 tibi
3136 2749 3410 2805 columna
3441 2748 3512 2803 ad
3552 2745 3764 2802 caelum

2120 2847 2332 2909 erecta,
2384 2842 2493 2897 hoc
2541 2847 2598 2897 et
2645 2846 2702 2896 te
2756 2856 2950 2914 regem
3003 2837 3379 2913 potissimum
3428 2833 3664 2891 exhibet
3709 2837 3768 2890 et

2119 2918 2278 2985 omni
2333 2947 2537 3003 regum
2583 2930 2841 2985 facinora
2894 2929 3004 2983 hoc
3063 2926 3377 2983 antecellit.
3427 2923 3531 2979 Cui
3570 2921 3762 2978 solum

2117 3018 2262 3074 illud
2305 3021 2603 3076 confertur
2648 3019 2966 3091 (siquidem
3016 3017 3125 3073 hoc
3168 3017 3241 3072 ad
3289 3014 3437 3070 illud
3494 3016 3766 3085 spectans

2119 3109 2362 3165 feliciter
2437 3109 2786 3165 successerit
2853 3113 2911 3164 et
2986 3110 3255 3162 accurate
3343 3105 3764 3176 aequiperatum

2118 3197 2312 3268 fuerit)
2326 3199 2482 3270 quod
2494 3197 2911 3254 Constantinus
2930 3197 3539 3269 Magnus,nostrorum
3558 3207 3760 3264 regum

2117 3287 2572 3343 orthodoxorum
2617 3291 2800 3357 pater,
2868 3289 3178 3342 exsecutus
3225 3281 3468 3348 exstitit,
3516 3297 3764 3355 regnum

2118 3376 2333 3448 pietate
2365 3376 2796 3447 coniungendo,
2829 3375 2948 3430 imo
2979 3372 3344 3446 subjiciendo
3380 3390 3394 3440 ;
3427 3375 3486 3427 et
3515 3387 3767 3444 magnus

2121 3482 2235 3521 non
2269 3471 2508 3538 propter
2552 3481 2901 3537 purpuram,
2954 3468 3057 3518 aut
3104 3462 3396 3527 diadema,
3445 3463 3549 3516 aut
3607 3459 3768 3515 orbis

2121 3553 2435 3626 imperium
2467 3553 2733 3622 evaserit,
2794 3553 2894 3608 sed
2955 3556 3192 3624 propter
3246 3550 3402 3622 quod
3459 3549 3767 3605 veritatem

2121 3643 2426 3715 amplexus
2456 3643 2551 3710 sit,
2601 3647 2659 3698 et
2705 3643 2777 3698 ad
2825 3641 3124 3697 Christum
3177 3637 3566 3706 inclinaverit,
3596 3643 3771 3710 atque

2121 3732 2425 3788 Trinitatis
2481 3749 2661 3788 unam
2713 3730 3015 3804 agnoverit
3065 3729 3428 3786 divinitatem
3463 3745 3478 3797 ;
3511 3729 3681 3798 cujus
3712 3731 3770 3782 et

2119 3827 2205 3889 tu,
2238 3839 2356 3886 rex,
2393 3821 2550 3880 ﬁlius
2609 3825 2666 3876 et
2721 3820 2907 3876 haeres
2963 3819 3245 3888 veritatis,
3303 3818 3433 3890 ejus
3487 3815 3768 3889 propositi

2117 3911 2381 3982 vestigiis
2426 3910 2725 3975 insistens,
2794 3925 2930 3964 eum
2981 3907 3210 3964 Christo
3278 3910 3488 3974 vivere,
3537 3910 3604 3961 ut
3647 3905 3766 3976 ille,

2121 4003 2290 4070 quasi
2323 4005 2496 4070 caput
2515 3999 2804 4054 bonorum
2837 3996 3514 4066 satiusduxisses,rebus
3543 3994 3768 4051 caeteris

2120 4088 2526 4159 anteposuisti.
2562 4087 2696 4143 Sola
2725 4085 2885 4143 illius
2915 4085 3176 4142 facinora
3234 4089 3409 4156 atque
3464 4086 3566 4138 tua
3615 4083 3770 4140 inter

2120 4194 2182 4234 se
2213 4176 2570 4234 conveniunt
2598 4181 2774 4248 atque
2803 4179 3180 4246 concurrunt,
3212 4177 3269 4229 et
3297 4173 3356 4227 in
3418 4187 3603 4228 unum
3636 4175 3770 4244 apte

2119 4267 2500 4338 concinnunt,
2580 4266 2662 4321 ita
2737 4269 2805 4321 ut
2853 4281 3067 4321 novum
3142 4262 3591 4320 Constantinum
3649 4279 3768 4317 non

2119 4360 2383 4428 oporteat
2432 4371 2797 4428 nuncupare,
2829 4359 2894 4410 ut
2923 4355 3150 4426 opinor,
3203 4352 3386 4406 alium
3437 4369 3471 4406 a
3508 4356 3565 4406 te
3595 4351 3767 4422 cujus

2118 4461 2287 4501 mens
2317 4449 2375 4501 et
2401 4445 2631 4501 indotes
2659 4461 2963 4516 compares
2993 4443 3304 4499 exsistunt.

2188 4623 2260 4678 Et
2289 4623 2590 4694 equidem,
2621 4623 2762 4678 dum
2796 4623 2877 4678 ita
2924 4621 3162 4694 effulget
3211 4621 3270 4676 in
3320 4636 3450 4676 meo
3477 4635 3612 4692 rege
3642 4619 3766 4692 pie-

2116 4716 2230 4781 tas,
2291 4711 2436 4767 illud
2488 4711 2760 4768 mirabile
2805 4712 2982 4768 etiam
3036 4709 3625 4766 animadvertendum
3675 4714 3768 4765 est

2116 4802 2270 4872 quod
2314 4803 2617 4874 contingat
2673 4817 2879 4857 omnes
2927 4801 3174 4856 virtutes
3221 4799 3330 4870 illi,
3361 4799 3654 4866 comitari,
3711 4803 3769 4854 et

339 4883 602 4958 χάνουσι,
641 4887 813 4954 ζῶσαν
875 4884 1071 4939 ὡσανεί
1109 4884 1199 4940 καὶ
1254 4884 1467 4963 ἐνεργὸν
1528 4895 1867 4962 καθιστᾶσαι,
1919 4892 2010 4946 xui

2125 4907 2246 4946 eam
2271 4891 2440 4962 quasi
2471 4890 2723 4946 vividam
2756 4896 2933 4962 atque
2963 4890 3262 4946 efﬁcacem
3311 4888 3574 4956 reddere,
3605 4892 3664 4943 et
3691 4886 3759 4942 il-

333 4969 538 5032 ταύτας
590 4971 620 5027 ὁ
683 4970 816 5044 ἐμὸς
876 4970 1134 5048 βασιλεὺς
1199 4976 1687 5049 προσκτησάμενος
1741 4978 2003 5055 φαίνεται.

336 5057 444 5115 Καί
482 5079 580 5132 μοι
615 5057 679 5113 σὺ
719 5060 1052 5134 συμπαθείας
1093 5061 1184 5116 xui
1233 5062 1642 5140 φιλανθρωπίας
1683 5065 1773 5120 xui
1823 5065 2009 5123 οἴκτου

341 5151 526 5217 ζητῶν
565 5147 896 5220 ἀποδείξεις,
931 5151 1008 5222 μὴ
1038 5150 1237 5213 ταύτας
1288 5149 1377 5206 διὰ
1415 5151 1586 5227 λόγου
1640 5149 1824 5210 λαϐεῖν
1884 5157 2007 5211 ἀνα-

340 5234 562 5310 μείνῃς.
615 5235 809 5308 Βάδιζε
855 5235 916 5293 δὲ
963 5237 1102 5315 πρὸς
1153 5241 1218 5294 τὰ
1257 5237 1628 5318 δεσμωτήρια,
1679 5244 1834 5298 κάκεῖ
1886 5251 2004 5308 τοῖς

340 5324 658 5404 ὀφθαλμοῖς
707 5328 772 5382 τὸ
833 5327 1166 5401 ζητούμενον
1205 5329 1596 5404 καταμάνθανεο
1631 5329 1712 5388 ἴδε
1752 5330 2006 5407 δεσμίους

418 5504 532 5577 (22)
591 5505 897 5577 Glossator
953 5505 1315 5563 orthodbxus
1365 5507 1426 5563 in
1481 5511 1685 5566 eodem
1754 5511 1999 5569 codice:

336 5573 549 5670 Μάτζη),
610 5597 657 5670 μ)
715 5574 911 5670 Πάτερ,
969 5577 1133 5669 κατὰ,
1171 5583 1290 5670 τῇς,
1337 5578 1621 5668 Ῥωμαίων
1677 5581 2002 5652 Ἐκκλησίας

336 5614 549 5662 ..ιτ-ιιι,
611 5614 657 5630 υυ
716 5614 911 5670 uua-sv,
971 5614 1107 5632 «usus
1181 5614 1271 5639 ιιι,
1356 5614 1621 5651 τωμυιιων
1693 5614 2000 5652 ιπυυυλυιιυ,

331 5667 423 5725 και
457 5644 765 5725 ἀλογίστων
807 5669 1049 5725 ειρηκας·
1084 5614 1328 5725 εὐσεέε-ίᾳ
1357 5651 1491 5725 ⁸γδιρ
1552 5655 1821 5725 ζῶσι-καὶ
1862 5655 2000 5709 κατὰ

334 5717 468 5808 Θεὸν
515 5717 929 5790 πολιτεύονται,
954 5722 1019 5776 τὸ
1076 5722 1200 5797 περὶ
1260 5717 1577 5798 θεολὸγὶαξ
1611 5721 1778 5796 μηδὲν
1820 5723 2000 5799 λυμη-

333 5809 580 5862 ναμενοι.

2118 4977 2192 5033 lis
2222 4996 2392 5034 meus
2425 4995 2522 5034 rex
2551 4984 2810 5042 ornatus,
2843 4994 2972 5034 esse
3015 4977 3300 5034 videatur.
3360 4977 3430 5032 Et
3477 4982 3542 5032 tu
3599 4975 3767 5032 boni-

2117 5067 2280 5134 tatis,
2311 5067 2698 5122 humanitatis
2730 5072 2785 5122 et
2810 5066 3226 5123 misericordiae
3283 5083 3550 5138 quaerens
3581 5065 3768 5138 speci-

2117 5156 2300 5222 mina,
2332 5173 2404 5211 ne
2461 5156 2593 5211 illas
2649 5173 2918 5212 sermone
2979 5155 3453 5228 conprehendere
3507 5169 3768 5228 perseve-

2115 5263 2229 5301 res.
2263 5247 2374 5302 Sed
2409 5247 2552 5302 vade
2587 5247 2660 5301 ad
2693 5261 2974 5310 carceres,
3031 5250 3090 5301 et
3137 5245 3216 5300 ibi
3272 5261 3340 5301 ex
3372 5245 3557 5301 oculis
3607 5244 3764 5316 quod

2114 5336 2328 5408 quaeris
2359 5335 2552 5408 edisce
2585 5352 2598 5390 :
2629 5335 2760 5390 vide
2817 5336 3042 5391 vinctos
3079 5351 3125 5390 .a
3175 5333 3430 5392 vinculis
3458 5333 3762 5402 liberatos,

2183 5514 2297 5584 (23)
2341 5513 2565 5586 Tangit
2610 5513 2954 5586 Michaelem
3012 5513 3404 5585 Palaeologum
3452 5513 3555 5586 qui
3606 5517 3757 5568 Κων-

2110 5588 2384 5658 σταντῖνος
2431 5583 2636 5658 ὁ*Νέος
2693 5585 2881 5640 fuerat
2931 5583 3408 5658 cognominatus,
3464 5583 3761 5658 quemque

2111 5655 2210 5746 illo
2240 5656 2744 5746 cogpomine'ipse
2771 5656 3107 5746 appellavit.
3149 5657 3450 5746 Glpssadn
3481 5655 3587 5714 cod
3618 5655 3762 5720 4310

2111 5729 2245 5803 Ὀρα
2274 5724 2566 5785 κὸλακείας
2603 5728 2612 5782 l
2644 5724 2734 5782 τὸν
2771 5724 2900 5782 Νέόν
2931 5733 3333 5782 Κωνσταντῖνον
3366 5730 3377 5784 ί
