4132 6460
361 435 480 498 «Hi

1369 441 1689 506 GEORGII
1733 435 1998 502 CYPBII
2041 434 2160 498 GP.
2210 437 2736 502 PATRIARGHE

3655 445 3774 506 412

357 571 491 628 vide
519 570 581 628 in
613 573 745 630 feno
775 578 832 631 et
858 590 920 631 in
959 575 1334 634 mendicitate
1382 579 1641 646 iacentes
1702 580 1760 632 et
1803 572 2009 630 vulne-

2124 567 2213 623 καὶ
2270 567 2484 644 δεσμῶν
2544 571 2876 647 ἀνειμένους,
2939 569 3020 630 ἴδε
3073 571 3200 637 τοὺς
3277 573 3328 630 ἐν
3402 569 3616 652 σιδήρῳ
3681 574 3771 632 καὶ

360 666 542 728 ratos,
579 662 860 722 dimissos
898 682 1028 723 esse
1075 668 1132 722 in
1183 667 1511 724 libertatem
1559 672 1616 723 et
1660 665 2013 723 consolatos.

360 751 526 807 Tunc
556 758 836 825 praeterea
863 757 1092 815 exsules
1141 763 1460 828 revocatos,
1493 763 1550 813 et
1595 757 1726 813 illos
1767 756 2012 812 redeun-

355 844 445 896 tes
477 842 577 914 qui
612 859 728 914 pra
758 846 970 900 timore
1000 845 1060 901 in
1119 847 1352 903 deserta
1398 846 1552 902 invia
1599 845 1830 917 depulsi
1887 845 2010 898 fue-

355 935 515 986 rant.
549 932 660 987 Fec
682 933 810 1001 jam
841 935 1215 1007 angustiores
1248 937 1325 1006 (α)
1358 941 1498 991 sunt
1547 935 1823 992 custodiae
1861 934 2012 990 ardes

356 1034 464 1074 nec
496 1020 841 1078 cohabitant
872 1041 1006 1079 cum
1039 1024 1175 1081 feris
1206 1026 1305 1097 qui
1334 1026 1580 1097 patriam
1614 1025 1869 1097 fugiunt,
1907 1038 2012 1080 nec

358 1125 550 1180 parvae
580 1111 738 1182 ,Εεθὶ
771 1111 976 1167 insulsa
1004 1131 1152 1185 quas
1185 1114 1382 1170 nullus
1429 1115 1604 1170 homo
1655 1119 1889 1186 propter
1919 1113 2010 1166 ἰη-

358 1200 835 1256 commoditatem
894 1202 1156 1275 incoluit,
1218 1205 1289 1259 ab
1367 1204 1710 1260 hominibus
1785 1203 2008 1273 qualis-

359 1304 612 1360 cumque
642 1290 1042 1348 damnationis
1070 1309 1249 1348 causa
1292 1294 1566 1349 demissis
1625 1299 2003 1365 occupantur.

355 1377 566 1449 Aspice
597 1394 827 1434 mecum
853 1384 911 1435 et
943 1380 1286 1437 facultatum
1307 1382 1714 1454 largitioneset
1737 1381 2006 1438 liberales

357 1466 816 1523 oondonationes
851 1486 864 1536 ;
899 1486 1014 1524 non
1045 1472 1316 1541 equidem
1351 1470 1728 1527 adulantibus
1759 1477 1861 1526 aut
1891 1471 2005 1526 alio

359 1555 534 1610 modo
563 1556 854 1628 corruptis
885 1557 1224 1615 hominibus
1247 1559 1452 1630 factas,
1468 1561 1570 1617 sed
1601 1561 2004 1633 indigentibus

357 1647 416 1697 et
445 1643 639 1715 dignis
670 1646 768 1716 qui
802 1661 901 1701 eas
933 1648 1242 1719 accipiant.
1275 1649 1483 1720 Aspice
1523 1666 1778 1715 mecum,
1830 1650 1876 1704 si
1902 1651 2000 1721 ju-

357 1731 581 1787 stitiam
613 1732 772 1789 illius
801 1735 1159 1808 exploratam
1209 1737 1421 1794 habere
1469 1738 1634 1809 velis,
1669 1738 2004 1810 publicano-

356 1837 492 1875 rum
555 1821 1078 1893 inhumanitatem,
1139 1831 1196 1881 et
1243 1831 1580 1884 exactorum
1624 1828 2000 1900 asperitatem

2123 659 2373 736 πτωχείᾳ
2444 662 2775 734 καθθμένους
2835 663 2925 719 καὶ
2990 664 3437 740 τεθραυσμένους,
3505 663 3770 720 ἀπεσταλ-

2127 749 2320 821 μένους
2374 749 2425 804 ἐν
2487 751 2666 830 ἀφέσει
2727 753 2816 807 καὶ
2873 753 3414 829 παρακεκλημένους.
3447 757 3582 828 Ὅρα
3637 754 3770 829 πρὸς

2121 838 2334 901 τούτοις
2389 839 2477 894 καὶ
2528 839 2853 912 ἀνακλήσεις
2899 847 3006 898 τῶν
3066 841 3117 897 ἐν
3177 843 3456 919 ὑπερορίᾳ,
3509 848 3598 897 xui
3644 845 3770 898 καθ-

2124 925 2282 990 όδους
2312 935 2418 984 τῶν
2451 931 2589 1006 πρὸς
2623 930 2866 1005 ἐρήμους
2898 929 2987 986 διὰ
3039 927 3205 1011 φόϐον
3258 931 3595 1003 έξωσθέντων
3642 927 3770 987 ἀϐά-

2118 1037 2267 1080 τους.
2301 1018 2411 1073 Οὐκ
2468 1017 2544 1074 ἔτι
2603 1026 3070 1096 στενοχωροῦνται
3129 1019 3377 1100 φυλακῆς
3434 1021 3599 1089 οἴκοι,
3645 1019 3771 1077 οὐδὲ

2121 1103 2527 1163 συνδιαιτῶνταί
2556 1130 2693 1171 τινες
2733 1110 2946 1185 Θηρίοις
2997 1110 3284 1188 φεύγοντες
3339 1111 3435 1172 τὰς
3482 1109 3767 1187 πατρίδας,

2120 1193 2266 1262 οὐδὲ,
2316 1196 2348 1250 ἃ
2409 1195 2600 1270 μηδεὶς
2657 1196 2841 1272 ᾤκησε
2899 1198 2967 1254 δι’
2998 1199 3322 1276 ἀχρηστίαν,
3379 1204 3480 1254 τοῦ
3540 1200 3768 1275 Αἰγαίου

2116 1282 2333 1355 νησίδια
2393 1293 2502 1350 τοῖς
2586 1287 2645 1342 ἐκ
2705 1288 3070 1365 κατακρίσεως
3126 1287 3457 1359 οἷάσδήποτε
3509 1289 3769 1363 πεμφθεῖ-

2114 1395 2196 1428 σιν
2229 1374 2537 1451 ἀνθρώποις
2568 1374 2904 1447 πολίζονται.
2938 1377 3112 1433 Βλέπε
3143 1375 3207 1448 δή
3266 1399 3360 1451 μοι
3403 1377 3492 1433 καὶ
3539 1377 3765 1454 χρημά-

2112 1485 2220 1518 των
2277 1461 2536 1538 διανομάς
2590 1467 2680 1521 καὶ
2737 1465 3012 1543 χορηγίας
3056 1467 3320 1546 ἀφθόνους
3361 1466 3424 1521 οὐ
3458 1465 3647 1538 κόλαξι
3675 1467 3766 1522 καὶ

2114 1550 2300 1616 ἄλλως
2333 1551 2749 1632 διεφθαρμένοις
2798 1557 3124 1630 ἀνθρώποις,
3180 1561 3296 1618 τοῖς
3357 1553 3414 1611 δέ
3469 1577 3574 1611 που
3629 1555 3769 1632 χρῄ-

2116 1647 2262 1711 ζουσι
2309 1641 2596 1716 διδομένας
2656 1645 2744 1699 καὶ
2803 1645 2975 1716 ἀξίοις
3027 1641 3236 1700 λαϐεῖν.
3283 1643 3458 1700 Βλέπε
3509 1666 3624 1718 μοι,
3675 1646 3765 1700 ἒάν

2113 1752 2176 1805 γε
2223 1733 2313 1787 καὶ
2373 1731 2720 1805 δικαιοσύνης
2767 1735 2946 1790 πίστιν
3003 1735 3190 1810 ἐθέλῃς
3252 1730 3460 1805 λαϐεῖν,
3513 1731 3763 1789 τελωνῶν

2113 1821 2493 1897 ἀπανθρωπίαν
2571 1825 2661 1878 καὶ
2737 1823 3059 1902 φορολόγων
3128 1825 3549 1900 καταργηθεῖσαν
3619 1821 3768 1895 ώμό-

357 1909 541 1966 fuisse
582 1911 884 1970 abolitam.
939 1915 1150 1987 Aspice
1198 1916 1400 1985 etiam,
1430 1917 1478 1972 si
1527 1919 1635 1987 vis,
1670 1917 1888 1989 scripta
1911 1917 2001 1971 in-

2122 1930 2266 1978 εητα.
2319 1911 2495 1966 Βλέπε
2552 1913 2642 1966 καὶ
2702 1914 3016 1990 συγγραφὴν
3073 1909 3280 1980 ἄδικον,
3341 1911 3386 1967 εἰ
3443 1909 3502 1966 δὲ
3552 1909 3764 1988 βούλει,

350 2001 516 2070 justa
557 2005 616 2056 et
638 2000 867 2058 libellos
917 2004 1234 2060 dilacerata
1267 2022 1279 2062 :
1312 2007 1513 2062 nullus
1542 2023 1610 2061 ex
1641 2005 1732 2060 bis
1763 2006 1864 2078 qui
1896 2005 2006 2060 ini-

356 2105 475 2160 qua
506 2090 774 2147 scribunt
801 2091 982 2148 libere
1011 2093 1302 2166 loquitur;
1338 2095 1537 2151 nullus
1589 2096 1783 2167 prodit
1823 2095 2004 2168 hypo-

356 2179 524 2245 crita,
555 2183 630 2246 et,
663 2180 712 2236 si
739 2181 935 2237 forsan
967 2185 1199 2250 audeat,
1259 2202 1374 2239 non
1435 2185 1746 2240 laetabitur.
1796 2183 2004 2240 Nullus

356 2267 641 2324 exitiosus
671 2269 847 2326 homo
879 2271 950 2326 ad
1010 2288 1257 2329 munera
1313 2273 1552 2346 publica
1601 2274 1847 2346 abrepit,
1899 2290 2004 2329 nec

356 2357 504 2412 emit
533 2357 752 2414 divitiis
803 2359 1157 2434 sibimetipsi
1195 2363 1298 2434 jus
1343 2363 1678 2434 peculatum
1730 2364 2000 2431 faciendi,

355 2449 442 2512 ut,
487 2449 986 2518 quemadmodum
1035 2451 1116 2506 ait
1163 2451 1485 2525 Scriptura,
1547 2454 1715 2526 plebe
1753 2453 2004 2526 spoliata

351 2550 423 2591 ex
453 2535 707 2607 publicis
739 2537 1176 2597 calamitatibus
1202 2542 1502 2614 proprium
1533 2543 1764 2599 lucrum
1800 2543 1998 2613 faciat;

355 2625 637 2696 quoniam
664 2625 762 2682 ille
795 2627 955 2684 solus
983 2631 1161 2685 audet
1189 2632 1262 2686 ad
1304 2647 1499 2704 regem
1533 2633 2004 2705 appropinquare

352 2715 410 2768 et
440 2712 493 2768 ei
520 2713 876 2786 ministrare,
905 2718 1027 2790 qui,
1059 2724 1128 2774 ut
1156 2719 1370 2792 psalmi
1410 2722 1604 2777 verbis
1638 2727 1788 2790 utar,
1821 2723 1880 2778 in
1911 2723 2005 2779 via

351 2801 734 2860 immaculata
763 2807 1158 2880 ambulat,qui
1182 2810 1487 2866 veritatem
1521 2811 1580 2865 in
1613 2811 1785 2868 corde
1813 2811 2002 2884 loqui-

351 2895 472 2956 tur,
512 2899 571 2950 et
620 2911 738 2950 non
788 2895 999 2952 habuit
1051 2897 1254 2955 dolum
1313 2899 1373 2955 in
1429 2899 1635 2972 lingua
1665 2918 1793 2971 sua,
1825 2907 2004 2974 atque

354 2983 689 3054 proximum
719 3001 834 3040 non
862 2986 1159 3057 detraxit;
1195 2987 1294 3060 qui
1342 2994 1538 3044 autem
1597 2990 1656 3045 in
1715 2991 1825 3046 viis
1873 2993 2003 3062 ejus

353 3086 692 3142 perverssus
724 3077 814 3128 est
841 3078 900 3130 et
927 3075 1133 3147 iniqua
1163 3077 1341 3132 simul
1375 3078 1494 3151 agit
1514 3083 1690 3150 atque
1720 3079 2000 3152 loquitur,

355 3175 472 3214 non
505 3161 715 3217 direxit
744 3162 804 3218 in
849 3170 1168 3237 conspectu
1217 3165 1521 3222 oculorum
1554 3169 1704 3240 ejus,
1765 3185 1870 3225 nec
1901 3187 2002 3224 un-

355 3265 535 3320 quam
567 3250 798 3324 diriget.
843 3253 928 3309 Ita
963 3271 1064 3310 rex
1111 3270 1215 3325 per
1260 3255 1724 3313 miscricordiam
1772 3262 1829 3314 et
1845 3259 2003 3330 judi-

2113 1999 2204 2053 xui
2264 1999 2574 2077 ἀναγραφὴν
2625 1998 3057 2056 διασπασθεῖσαν·
3093 1999 3270 2064 οὐδεὶς
3319 2002 3540 2079 γράφων
3592 2001 3767 2074 ἄνομα

2114 2089 2541 2165 παρρησιάζεται
2576 2108 2588 2122 ⁶
2673 2087 2851 2153 οὐδεὶς
2947 2091 3309 2168 προσέρχεται
3397 2092 3766 2168 συκοφάντης,

2113 2179 2208 2234 κᾶν
2261 2178 2520 2254 τολμήσῃ
2595 2180 2744 2251 ποτὶ,
2817 2179 2878 2234 οὐ
2936 2183 3212 2255 χαιρήσει.
3281 2177 3469 2242 Οὐδεὶς
3547 2179 3765 2252 λυμεὼν

2115 2267 2398 2340 ἄνθρωπος
2477 2269 2551 2330 εἷς
2636 2267 2974 2346 λειτουργίαν
3055 2266 3320 2342 δημόσιον
3410 2265 3761 2344 παραδύεται,

2115 2356 2228 2413 οὐδ’
2277 2360 2449 2430 ἑαυτῷ
2495 2359 2799 2435 χρημάτων
2853 2357 3153 2434 εἴσπράξεις
3203 2355 3539 2428 ώνεῖται,⁹ίν’
3585 2357 3616 2412 ὅ
3657 2379 3764 2436 φη-

2115 2469 2195 2502 σιν
2236 2451 2271 2517 ἡ
2332 2449 2542 2524 Γραφή,
2571 2448 2664 2503 τὸν
2721 2445 2852 2502 λαὸν
2911 2447 3338 2520 καλαμώμενος,
3379 2445 3572 2523 κέρδος
3623 2445 3762 2502 ἴδιον

2112 2545 2337 2607 ποιῆται
2395 2539 2491 2599 τὰς
2547 2538 2732 2600 κοινὰς
2805 2539 3110 2615 συμφορὰς,
3165 2535 3278 2592 ἐπεὶ
3357 2537 3518 2611 μόνος
3580 2536 3768 2610 τολμᾷ

2110 2631 2192 2700 τῷ
2252 2625 2468 2704 βασιλεῖ
2518 2626 2796 2703 προσιέναι
2844 2627 2936 2682 καὶ
2991 2626 3349 2702 λειτουργεῖν,
3398 2625 3573 2698 ὅστις,
3631 2627 3768 2682 κατὰ

2109 2716 2202 2772 τὸν
2262 2717 2504 2791 ψαλμὸν,
2538 2716 2590 2772 ἐν
2635 2714 2748 2789 ὁδῷ
2802 2717 3024 2791 ἀμώμῳ
3078 2715 3386 2792 πορεύεται,
3420 2716 3569 2779 ὅστις
3627 2715 3766 2788 ἀλή-

2111 2807 2256 2861 θειαν
2315 2807 2366 2862 ἐν
2400 2804 2595 2884 καρδίᾳ
2651 2805 2830 2876 λαλεῖ,
2872 2806 2964 2862 καὶ
3025 2806 3127 2861 οὐκ
3157 2803 3425 2861 ἐδόλωσεν
3454 2804 3505 2860 ἐν
3542 2803 3766 2882 γλώσσῃ

2113 2895 2278 2951 αὐτοῦ
2334 2895 2423 2950 καὶ
2471 2901 2568 2950 τοῦ
2617 2895 2852 2966 πλησίον
2891 2895 2954 2950 οὐ
2983 2893 3344 2966 κατελάλησε·
3380 2896 3409 2949 6
3437 2892 3496 2950 δὲ
3525 2892 3766 2971 διαστρέ-

2113 3008 2226 3064 φων
2279 2985 2330 3040 ἐν
2385 2991 2502 3048 ταῖς
2563 2982 2712 3048 ὁδοῖς
2771 2984 2954 3057 αὐτοῦ,
3004 2984 3092 3039 καὶ
3166 2985 3279 3058 ἅμα
3343 2985 3595 3059 πράττων
3672 2985 3763 3040 καὶ

2112 3075 2480 3153 φθεγγόμενος
2540 3072 2719 3146 ἄδικα,
2778 3072 2902 3130 οὔτε
2964 3074 3278 3138 κατεύθυνεν
3355 3073 3585 3130 ἐνώπιον
3655 3078 3763 3130 τῶν

2115 3164 2414 3243 ὀφθαλμῶν
2461 3164 2646 3236 αὐτοῦ,
2699 3160 2812 3219 οὐτ’
2856 3164 2918 3218 οὐ
2973 3166 3188 3238 μήποτε
3231 3163 3544 3238 κατευθύνῃ.
3578 3162 3764 3226 Οὕτως

2117 3256 2145 3311 6
2181 3253 2435 3331 βασιλεὺς
2467 3252 2538 3309 δι’
2567 3253 2724 3310 ἐλέου
2756 3254 2846 3308 καὶ
2894 3254 3124 3330 κρίσεως
3172 3254 3272 3323 τὴν
3323 3253 3634 3326 ὲτοιμασίαν
3675 3258 3773 3308 τοῦ

357 3338 514 3394 cium
549 3320 850 3412 proprium
883 3320 1166 3398 thronum
1201 3345 1429 3417 paravit
1459 3350 1517 3401 et
1560 3347 1721 3403 dedit
1749 3320 2006 3419 illevpro-

2122 3343 2321 3398 οἰκείου
2385 3347 2623 3398 ποιεῖοαι
2701 3342 2894 3418 θρόνου
2962 3342 3054 3397 καὶ
3115 3343 3216 3410 τήν
3279 3341 3634 3417 κατόρθωσιν·
3685 3341 3778 3398 διὰ

355 3427 694 3500 speritatem
730 3447 744 3486 :
775 3430 973 3502 itaque
1002 3436 1060 3488 et
1090 3431 1342 3505 populus
1373 3435 1554 3490 miser
1580 3435 1667 3489 illi
1718 3435 2011 3492 benedicit

356 3520 414 3573 et
439 3518 614 3574 urbes
645 3518 985 3591 iniquorum
1018 3521 1327 3578 hominum
1357 3522 1675 3580 celebrant.

431 3605 648 3679 Regem
703 3612 921 3665 autem.
989 3615 1198 3683 praeter
1243 3611 1388 3668 alias
1419 3613 1604 3681 dotes,
1665 3614 2010 3686 disciplinas

359 3694 538 3751 etiam
572 3697 920 3770 colere,quis
944 3699 1202 3772 ignorat?
1230 3702 1541 3774 Sapientiae
1571 3703 1728 3759 enim
1754 3703 2010 3759 fervidus

359 3788 451 3841 est
479 3790 706 3841 amator
734 3792 792 3842 et
821 3794 1130 3861 propterea
1159 3790 1706 3864 philosophus.Nou
1739 3793 2010 3865 equidem

362 3889 466 3945 per
493 3889 561 3930 ea
590 3891 718 3946 quas
759 3876 903 3932 dicit
943 3878 1022 3949 (et
1070 3881 1326 3952 profecto
1374 3882 1640 3938 mirando
1681 3882 1846 3951 dicit,
1877 3899 2011 3938 cum

363 3961 543 4018 altam
575 3963 636 4019 in
667 3982 788 4021 suae
817 3971 1112 4025 senectutis
1137 3971 1510 4042 prudentiam
1557 3971 1802 4027 volubili
1832 3976 1890 4027 et
1918 3989 2012 4027 ex-

364 4051 562 4123 pedita
592 4051 796 4127 lingua
824 4060 957 4128 apte
990 4058 1168 4114 simul
1202 4076 1267 4115 ac
1298 4059 1452 4116 clare
1474 4061 1892 4130 exhibeat),sed
1913 4078 2017 4133 per

365 4140 490 4197 haec
519 4142 739 4214 quibus
761 4150 936 4202 navat
959 4163 1194 4220 operam
1220 4166 1348 4205 sese
1367 4149 1783 4222 philosophum
1808 4151 2013 4222 aperit,

368 4230 428 4285 in
461 4232 755 4304 sapientia
796 4235 1062 4305 vivendo,
1111 4237 1209 4293 ira:
1256 4240 1620 4310 imperando,
1662 4240 1723 4294 in
1783 4257 2018 4312 prospe-

369 4319 544 4376 ritate
593 4321 706 4377 sibi
765 4327 1162 4396 temperando,
1224 4327 1282 4383 in
1332 4328 1592 4385 adversis
1650 4330 2016 4396 conﬁdendo,

370 4410 788 4482 magnanimen
821 4413 880 4468 in
914 4413 1373 4488 calamitatibus,
1392 4433 1454 4472 se
1477 4418 2018 4489 praestando,multo

371 4498 570 4570 potius
603 4501 673 4556 de
719 4501 936 4559 talibus
985 4503 1307 4561 virtutibus
1349 4511 1615 4578 oportere
1659 4507 1893 4580 gloriari
1928 4525 2018 4562 ra-

2116 3437 2280 3488 τοῦτο
2307 3433 2398 3486 καὶ
2433 3432 2461 3486 6
2494 3430 2626 3494 λαὸς
2657 3431 2816 3487 αὐτὸν
2849 3433 2878 3487 6
2906 3432 3131 3508 πτωχὸς
3179 3429 3399 3506 εὐλογεῖ
3441 3432 3532 3486 καὶ
3581 3427 3774 3494 πόλεις

2119 3522 2418 3593 ἀνθρώπων
2451 3518 2826 3595 ἀδικουμένων
2859 3521 3118 3580 αἰνοῦσιν.

2191 3613 2312 3667 Ὅτι
2344 3608 2403 3666 δὲ
2431 3611 2686 3685 καὶπρὸς
2713 3615 2836 3671 τοῖς
2885 3607 3080 3672 ἄλλοις
3126 3608 3321 3672 καλοῖς
3368 3611 3459 3666 καὶ
3507 3614 3644 3683 τιμᾷ
3688 3609 3781 3666 λό-

2120 3722 2249 3778 γους
2305 3698 2670 3777 διαφερόντως
2726 3700 2754 3754 ὁ
2809 3698 3090 3775 βασιλεὺς,
3147 3699 3231 3762 τίς
3306 3699 3532 3774 ἀγνοεῖ;
3591 3698 3783 3775 σοφίας

2121 3791 2222 3867 γὰρ
2253 3787 2514 3864 διάπυρος
2549 3787 2778 3866 ἐραστής
2809 3787 2942 3860 ἐστι,
2973 3789 3063 3844 καὶ
3113 3785 3203 3844 διὰ
3245 3794 3410 3844 τοῦτο
3452 3786 3778 3867 φιλόσοφος.

2123 3880 2233 3934 Οὐκ
2303 3877 2354 3950 ἐξ
2421 3879 2496 3933 ὧν
2544 3875 2610 3948 δὴ
2662 3875 2813 3953 λέγει
2858 3877 3056 3952 (καίτοι
3113 3900 3174 3954 γε
3225 3879 3547 3952 θαυμαστῶς
3605 3874 3779 3953 λέγει,

2121 3969 2184 4024 τὸ
2243 3967 2376 4045 βαθὺ
2424 3975 2527 4037 τῆς
2564 3965 2764 4030 πολιᾶς
2796 3966 2960 4022 αὐτοῦ
3156 3966 3340 4040 νόημα
3387 3965 3634 4043 εὐτρόχῳ
3689 3967 3779 4022 καὶ

2126 4054 2506 4131 ἀνεμποδίστῳ
2567 4055 2789 4132 γλώττῃ
2865 4053 3102 4130 διαρκῶς
3167 4057 3280 4128 ἅμα
3353 4056 3444 4110 καὶ
3527 4057 3778 4132 καθαρῶς

2127 4146 2488 4224 ἑρμηνεύων),
2550 4145 2676 4202 ἀλλ’
2728 4148 2810 4207 οἷς
2867 4142 3174 4216 ἐπιτηδεύει
3228 4145 3292 4200 τὸ
3349 4144 3648 4223 φιλόσοφον
3700 4144 3782 4200 έν-

2128 4235 2497 4310 δεικνύμενος,
2585 4233 2904 4312 σωφροσύνῃ
2985 4238 3179 4305 συζῶν,
3263 4239 3476 4310 κρατῶν
3579 4236 3778 4307 θυμοῦ,

2132 4327 2432 4404 μετριάζων
2503 4325 2555 4380 έν
2620 4323 2962 4399 εὐπραγίαις,
3029 4323 3302 4400 εὐθαρσῶν
3370 4322 3421 4378 ἐν
3466 4328 3584 4386 τοῖς
3632 4323 3780 4380 ἐναν-

2126 4416 2290 4484 τίοις,
2348 4412 2756 4490 μεγαλοψυχῶν
2817 4413 2904 4468 ἐπὶ
2960 4419 3079 4474 τοῖς
3139 4409 3456 4492 δυσφόροις,
3507 4413 3603 4467 κάν
3658 4419 3780 4476 ταῖς

2127 4504 2402 4566 τοιαύταις
2454 4508 2558 4558 τῶν
2633 4503 2836 4579 ἀρετῶν
2895 4500 3041 4558 πολὺ
3094 4500 3308 4576 μᾶλλον
3363 4501 3616 4576 οἰόμενος
3671 4500 3782 4558 δεῖν

368 4593 487 4657 tus,
521 4606 700 4661 quam
734 4592 804 4646 de
833 4592 994 4665 regia
1024 4599 1311 4665 potestate
1338 4601 1396 4652 et
1424 4597 1582 4652 orbis
1623 4596 1870 4668 imperio
1891 4613 2009 4651 sese

2129 4600 2365 4674 φρονεῖν,
2398 4593 2434 4663 ἢ
2469 4592 2556 4648 ἐπὶ
2582 4596 2650 4666 τῇ
2686 4591 2936 4669 βασιλείᾳ
2964 4592 3054 4647 καὶ
3103 4596 3182 4663 τῷ
3226 4595 3332 4646 τῶν
3391 4589 3537 4646 ὅλων
3595 4589 3780 4668 κράτει

358 4677 606 4750 jactare.
637 4679 935 4737 Meliorem
968 4684 1334 4740 reddendum
1367 4702 1496 4741 esse
1553 4685 2009 4757 delinquentem,

2127 4684 2497 4760 σεμνύνεσθαι.
2579 4681 2867 4755 Ἀμείνονα
2950 4681 3041 4736 τὸν
3119 4681 3495 4758 ἁμαρτάνοντα
3575 4689 3780 4758 χρῆναι

366 4783 482 4823 non
543 4773 741 4825 autem
796 4771 1204 4844 perimendum
1263 4779 1386 4830 erat
1442 4775 1678 4846 quidem
1743 4774 2014 4845 Spartani

365 4857 624 4929 Agesilai
682 4859 930 4928 dictum,
1017 4867 1188 4918 tuum
1243 4880 1378 4920 vero
1456 4881 1624 4935 opus.
1681 4863 1806 4919 Non
1857 4863 2015 4919 enim

367 4962 532 5002 amas
564 4964 762 5018 poenas
785 4955 841 5004 et
871 4951 1156 5008 damnum
1187 4951 1412 5025 inferri,
1446 4954 1494 5009 si
1527 4954 1659 5025 quis
1703 4952 2017 5024 deliquerit

365 5039 425 5090 et
453 5033 660 5108 lapsus
683 5039 882 5110 fuerit,
915 5042 1014 5097 sed
1059 5042 1472 5098 benefaciendo
1532 5042 1717 5098 vincis
1766 5040 2017 5114 pravita-

365 5129 581 5192 tem,et
604 5133 857 5185 mentem
876 5131 1179 5186 beneﬁciis
1211 5135 1517 5199 convertis,
1543 5133 1645 5188 sed
1675 5130 2014 5187 violentiam

367 5231 630 5273 removes
661 5221 719 5273 et
747 5235 861 5274 non
893 5237 1200 5292 poenarum
1233 5221 1443 5277 timore
1475 5221 2014 5277 coerces.Juvenem

365 5323 562 5380 regem
609 5307 957 5380 sapientem,
992 5311 1462 5384 magnaminum,
1495 5315 1752 5384 gratum,
1785 5310 2014 5375 mitem,

362 5395 675 5452 docibilem
737 5402 794 5453 et
847 5404 1179 5471 strenuum,
1248 5406 1484 5456 caeteros
1541 5399 1755 5472 eligere
1813 5415 1880 5454 ac
1927 5396 2016 5452 illi

360 5485 500 5543 dare
533 5486 745 5559 poscit,
781 5486 941 5544 ﬁlius
987 5487 1284 5545 Aristonis
1332 5489 1515 5558 Plato,
1575 5506 1703 5562 quae
1758 5487 2018 5546 invenire

436 5645 514 5718 (α)
569 5646 735 5724 Vide,
789 5647 1079 5724 _si__1ibet,_
1123 5649 1435 5724 Synesium
1507 5652 1567 5708 in
1625 5651 1886 5724 oratione
1942 5652 2018 5707 De

360 5717 567 5799 Regna,
601 5717 727 5799 ubi;
749 5717 1186 5794 philosophiam
1215 5723 1336 5796 regi
1386 5739 1513 5779 esse
1555 5722 1862 5799 perutilem
1896 5727 2015 5779 sta-

361 5791 524 5850 tuere
551 5791 816 5850 conatur.

2124 4779 2321 4842 ποιεῖν,
2379 4771 2506 4827 ἀλλ’
2559 4770 2659 4826 οὐκ
2715 4769 3004 4848 ἀφανίζειν,
3060 4767 3395 4846 Ἀγησιλάου
3458 4770 3551 4844 μὲν
3609 4769 3778 4846 λόγος

2121 4867 2220 4918 τοῦ
2301 4859 2664 4937 Σπαρτιάτου,
2716 4864 2812 4914 σοῦ
2887 4857 2964 4930 δὲ,
3019 4857 3264 4934 βασιλεῖ’),
3323 4853 3499 4935 ἔργον·
3561 4858 3622 4913 οὐ
3672 4861 3775 4936 γάρ

2125 4949 2305 5029 φιλεῖς
2347 4951 2409 5026 γέ
2453 4971 2573 5012 πως
2613 4948 2906 5022 ἀμύνεσθαι
2952 4947 3043 5003 καὶ
3093 4945 3377 5024 βλάπτειν,
3419 4944 3479 5003 ἄν
3527 4970 3611 5010 τις
3654 4945 3779 5018 ἠδί-

2122 5062 2287 5112 κηκεν
2337 5040 2373 5109 ἢ
2423 5037 2868 5116 προσκέκρουκεν,
2909 5035 3036 5094 ἀλλ’
3075 5035 3132 5092 εὗ
3177 5041 3350 5092 ποιῶν
3386 5037 3637 5112 περιγίνῃ
3675 5043 3777 5107 τῆς

2125 5128 2416 5206 πονηρίας,
2459 5127 2551 5184 καὶ
2612 5131 2921 5201 μεταποιεῖς
2981 5125 3310 5203 εὐεργεσίαις
3376 5127 3475 5194 τήν
3525 5125 3776 5202 γνώμην,

2125 5218 2189 5274 16
2264 5215 2524 5291 δυσμενὲς
2590 5209 2975 5290 μεταϐάλλων,
3037 5214 3165 5291 οὐχὶ
3233 5211 3544 5272 συστέλλων
3619 5207 3776 5290 φόϐῳ

2128 5306 2428 5363 κολάσεων.
2464 5304 2594 5360 Νέον
2633 5305 2726 5360 τὸν
2781 5303 3006 5381 βασιλέα
3051 5305 3325 5384 σώφρονα,
3361 5300 3777 5379 μεγαλοπρεπῆ,

2133 5399 2407 5472 μνήμονα,
2466 5401 2658 5472 πρᾶον,
2720 5393 2930 5468 εὐμαθῆ
2989 5393 3077 5449 καὶ
3147 5391 3411 5468 ἀνδρεῖον,
3469 5391 3697 5448 Πλάτων
3753 5392 3783 5448 6

2130 5485 2454 5562 ’Δρίστωνος
2499 5483 2630 5547 τοὺς
2676 5480 2881 5546 ἄλλους
2932 5481 3242 5554 ἐκλέξασθαι
3289 5481 3380 5537 καὶ
3428 5481 3575 5555 αὐτῷ
3633 5477 3780 5538 διδό-

2203 5644 2570 5728 (ᾏΒἼΛΠολξὰ
2605 5646 2837 5728 dictum
2889 5644 3671 5728 est_respectu.prud_entim
3715 5661 3783 5728 ap

2130 5716 2623 5794 sapientiastrat
2676 5720 2834 5775 enim
2889 5716 3262 5794 Andronicus
3300 5716 3544 5794 jyvenis
3577 5733 3591 5772 :
3624 5716 3778 5774 conf.

2133 5784 2260 5868 qua
2291 5808 2428 5851 mox
2455 5792 2613 5850 dicet
2639 5795 2857 5859 orator,
2885 5786 3004 5852 νέος
3039 5787 3136 5864 μὶν
3162 5807 3265 5866 γαρ
3295 5784 3526 5850 οὗτος...
