4132 6444
376 444 496 507 413

1378 447 1775 510 LAUDATIO
1818 445 2247 510 ANDRONIGI
2292 444 2783 510 PALIEOLOGI.

3667 435 3788 505 414

374 599 457 633 ναι
518 580 716 648 ζητεῖ,
775 575 850 641 ὡς
909 573 1063 641 ὄντος
1117 577 1289 656 εὑρεῖν
1361 577 1664 656 δυσχεροῦς
1722 577 2023 635 παντάπασι

2139 582 2495 654 perarduum
2523 584 2612 637 est
2630 598 2695 638 ac
2720 578 3136 638 difﬁcillimum
3166 595 3179 634 :
3209 577 3363 636 idem
3392 577 3583 651 inquit
3601 576 3782 635 etiam

379 666 470 722 καὶ
531 665 742 743 ἀπόρου
801 671 899 722 τοῦ
955 667 1276 744 πράγματος
1313 689 1326 701 ’
1381 671 1410 724 6
1470 667 1516 724 δ’
1572 669 1730 731 αὐτὸς
1788 671 1878 725 καὶ
1932 671 2028 733 τὰς

379 753 572 814 πόλεις
642 755 767 810 τότε
842 758 975 835 φησί
1060 763 1236 814 κακῶν
1314 758 1606 814 παύσεσθαι
1679 759 1767 814 καὶ
1840 765 2026 834 πεῖραν

378 843 726 919 εὐδαιμονίας
757 845 1048 920 λήψεσθαι,
1085 845 1294 904 ἐπειδὰν
1349 851 1382 918 ἣ
1432 848 1675 924 βασιλεῖς
1723 848 2028 928 φιλοσοφή-

380 955 564 1005 σωσιν,
615 935 650 1003 ἢ
713 934 1005 1014 φιλόσοφοι
1067 935 1476 1011 βασιλεύσωσιψ
1527 937 1740 1004 οὐκοῦν,
1774 939 1820 992 ὦ
1876 937 2026 994 ΙΙλά-

375 1045 504 1092 των,
550 1024 688 1100 πρὸς
743 1029 861 1086 τοῖς
909 1023 1104 1088 ἄλλοις
1159 1028 1242 1088 οἷς
1291 1026 1556 1097 ἐζήτησας
1585 1074 1598 1099 ,
1650 1027 1739 1082 καὶ
1790 1025 2029 1104 ἀκριϐῶς

378 1112 676 1193 φιλόσοφον
726 1110 874 1190 ἔγεις
911 1116 1002 1170 τὸν
1061 1113 1288 1191 βασιλέα
1321 1134 1333 1148 ⁶
1368 1115 1484 1189 ὥρα
1532 1116 1723 1172 λοιπὸν
1779 1117 1870 1171 καὶ
1927 1119 2024 1186 την

381 1199 729 1276 εὐδαιμονίαν
785 1202 1220 1275 ἐπακολουθῆσαι
1286 1211 1404 1268 ταῖς
1460 1205 1700 1262 πόλεσι.
1763 1211 1871 1261 Σοῦ
1933 1207 2026 1280 μὲν

373 1292 475 1369 γὰρ
534 1292 762 1369 εὐγενεῖς
808 1296 1004 1357 πάντες
1035 1293 1190 1370 λόγοι
1231 1295 1445 1350 καὶτοῦ
1494 1294 1788 1358 Πλάτωνος
1825 1295 2026 1371 ὀνόμα-

371 1401 464 1442 τος
520 1378 658 1452 ἄξιοι
693 1400 706 1412 °
764 1382 910 1452 πλὴν
964 1381 1124 1440 τοῦδε
1185 1382 1398 1458 μᾶλλον
1459 1382 1717 1456 ἀληθείας
1780 1385 2025 1462 μετέχειν

375 1469 473 1524 οὐκ
531 1468 670 1525 ἔστιν
728 1470 876 1534 ὅστις
935 1476 1446 1550 συγχωρηθήσεταιο
1504 1475 1540 1544 ἢ
1589 1475 1690 1551 γὰρ
1735 1474 1838 1530 οὐκ
1882 1473 2028 1531 ἔσται

373 1556 638 1614 οὐδέποτε
693 1560 854 1617 πόλιν
938 1561 1376 1635 εὐδαιμονῆσαι,
1434 1565 1469 1632 ἢ
1531 1561 2024 1636 εὐδαιμονήσουσαν

375 1647 577 1724 ἀνάγκη
637 1655 782 1704 πᾶσα
842 1650 946 1705 ὑπὸ
995 1649 1229 1724 τοιούτῳ
1281 1652 1497 1728 βασιλεῖ
1540 1674 1598 1708 τε
1646 1652 1736 1708 καὶ
1769 1651 2029 1729 πολιτάρ-

374 1755 451 1812 χῃ
479 1744 582 1807 τῆς
631 1735 974 1813 εὐδαιμονίας
1025 1740 1298 1804 αἰσθέσθαι
1334 1786 1347 1799 .
1396 1741 1528 1804 Νέος
1583 1742 1678 1814 μὲν
1713 1743 1816 1819 γάρ
1849 1741 2024 1806 οὗτος·

375 1823 523 1880 ἀλλᾶ
577 1825 741 1880 ποίου
798 1829 990 1902 γήρως
1045 1831 1080 1898 ἡ
1137 1825 1297 1883 τοῦδε
1349 1828 1544 1897 νεότης
1599 1829 1661 1884 οὐ
1715 1828 1973 1906 κρείττων
2012 1874 2026 1896 ,

370 1918 534 1969 τοῦτο
570 1915 663 1987 μὲν
690 1920 770 1987 τῷ
816 1918 1056 1992 σώφρονι
1105 1924 1204 1987 τῆς
1254 1915 1466 1988 διαίτης
1515 1919 1602 1974 καὶ
1651 1924 1731 1991 τῷ
1760 1919 1882 1994 περὶ
1922 1925 2025 1973 πᾶ-
2056 1954 2104 2019 Β

368 2023 462 2057 σαν
519 2003 730 2074 κίνησιν
781 2011 995 2080 κρατεῖν
1055 2007 1249 2076 ἑαυτῆς
1284 2051 1298 2077 ,
1352 2012 1514 2062 τοῦτο
1576 2005 1634 2062 δὲ
1687 2013 1765 2079 τῷ
1815 2007 2025 2084 γονίμῳ

365 2092 457 2147 καὶ
506 2092 759 2168 αὐτάρκει
805 2094 895 2150 καὶ
959 2090 1162 2171 βεϐαίῳ
1209 2103 1308 2166 τῆς
1364 2097 1640 2172 γνώσεως,
1691 2099 1778 2175 ἀφ’
1827 2097 1900 2152 ὧν
1934 2099 2024 2153 καὶ

367 2182 493 2259 περῖ
542 2184 638 2246 τὰς
696 2184 917 2260 πράξεις
976 2186 1231 2255 ἀνυστική
1281 2186 1370 2241 καὶ
1420 2188 1646 2261 πλήρης
1693 2189 1728 2256 ἠ
1761 2186 2024 2264 φρόνησις

367 2268 491 2340 ἥκει
547 2273 636 2327 καὶ
683 2276 718 2342 ἡ
771 2269 1033 2329 εὐϐουλία
1078 2275 1204 2351 περὶ
1254 2276 1322 2330 τά
1369 2277 1655 2349 σκέμματα
1699 2295 1712 2346 ;
1763 2277 2024 2349 Εὐμαθής

370 2359 486 2416 ἐστι
533 2361 625 2416 καὶ
679 2365 934 2436 μνήμων,
987 2359 1152 2434 ὀξέως
1207 2365 1300 2437 μὶν
1346 2371 1464 2428 τοῖς
1524 2364 1716 2442 ἑτέρων
1776 2361 2023 2439 συμϐάλ-

368 2447 484 2504 λων
543 2452 832 2524 νοήμασιν,
890 2453 1144 2531 ἀσφααῶς
1204 2451 1262 2508 δὲ
1315 2453 1583 2530 κατέχων,
1631 2454 1720 2509 καὶ
1776 2451 1917 2528 μηδὲ
1961 2455 2024 2510 τὸ

367 2537 710 2616 φαυλότατον
739 2544 808 2614 τῇ
863 2538 1005 2616 λήθῃ
1043 2543 1222 2617 φέρειν
1272 2548 1642 2620 παραχωρῶν,
1694 2541 1886 2599 οὕκοόν
1926 2543 2027 2600 ὅσα

370 2649 436 2702 γε
483 2631 738 2705 χρήσιμα
788 2631 878 2685 καὶ
924 2635 1022 2686 τοῦ
1071 2631 1496 2704 μνημονεύεσθαι
1547 2632 1666 2704 ἄξια
1698 2653 1712 2667 ·
1746 2631 1872 2688 ἀλλ’
1913 2635 2026 2708 ἅμα

366 2717 460 2773 καὶ
491 2717 665 2795 πρᾶός
715 2718 826 2774 ἐστι
872 2721 962 2775 καὶ
1012 2718 1231 2796 ἀνδρίας
1279 2720 1534 2778 πλεῖστον
1590 2722 1736 2796 αὐτῷ
1781 2722 1870 2779 καὶ
1915 2746 2026 2800 γεν-

366 2806 659 2878 ναιότητος
710 2809 974 2882 μέτεστιν,
1028 2811 1160 2885 ἅπερ
1211 2811 1430 2874 ἐκείνοις
1468 2811 1543 2874 ὡς
1596 2811 1858 2889 ἐλάχιστα
1889 2834 2024 2887 συμ-

366 2891 570 2952 ϐαίνειν
620 2896 789 2973 φιλεῖ.
841 2899 1069 2972 Εὐμαθῆ
1119 2901 1223 2977 γὰρ
1272 2895 1417 2974 ὅντα,
1459 2902 1535 2974 μὴ
1568 2901 1656 2956 καὶ
1710 2901 1830 2973 ὀξὺν
1864 2903 2019 2973 εἶναι,

359 2988 470 3040 τῶν
528 2983 793 3060 χαλεπῶν
837 2987 1009 3061 εὑρεῖν
1047 3009 1058 3021 ·
1122 2981 1250 3042 ὄντα
1302 2986 1360 3042 δὲ
1411 2992 1595 3060 τοῦτο,
1652 2989 1823 3062 πρᾶον
1871 2987 2022 3052 αὖθις

365 3074 500 3129 εἶναι
549 3073 639 3129 καὶ
698 3072 941 3150 ἀνδρεῖον
977 3119 990 3144 ,
1047 3075 1195 3152 ὀρθῷ
1269 3076 1526 3152 λογισμῷ
1580 3078 1718 3154 πρὸς
1775 3079 1844 3133 τὰ
1881 3076 2024 3134 δεινά

366 3163 458 3218 καὶ
510 3164 768 3237 ὁρμῶντα
814 3164 904 3219 καὶ
949 3161 1339 3239 ἀναδυόμενον,
1388 3165 1467 3222 ἔτι
1509 3165 1654 3222 πολὺ
1700 3165 2020 3244 χαλεπώτε-

367 3273 481 3329 ρον.
541 3251 696 3310 Ἀλλ’
752 3254 780 3308 ὁ
838 3252 1113 3330 βασιλεὺς,
1169 3257 1338 3312 ταῦτά
1390 3277 1449 3312 τε
1499 3252 1732 3332 βεϐαίως
1779 3262 1876 3312 τοῦ
1925 3255 2020 3328 δη-

2139 671 2386 728 urbibus
2417 670 2702 728 malorum
2758 671 2935 726 linem
2989 669 3130 740 fore,
3161 673 3219 725 et
3263 666 3599 724 felicitatem
3646 665 3778 722 illas

2139 776 2268 818 esse
2298 765 2657 833 experturas,
2682 765 2809 817 tum
2837 777 2970 816 cum
2994 775 3160 831 reges
3190 757 3781 830 philosophabuntur,

2139 855 2240 908 aut
2286 850 2620 923 philosophi
2670 850 3018 922 regnabunt.
3051 852 3232 917 Certe,
3277 863 3310 902 ο
3366 847 3544 914 Plato,
3577 849 3784 918 praeter

2138 940 2268 996 aliis
2299 957 2425 1012 quae
2459 940 2796 1011 quaesivisti,
2829 939 3002 994 etiam
3057 954 3254 1010 regem
3305 935 3477 1009 plane
3525 934 3782 1007 philoso-

2138 1030 2321 1102 phum
2371 1029 2551 1086 habes
2585 1047 2597 1085 :
2645 1029 2776 1084 vide
2822 1033 3091 1084 caeterum
3123 1027 3298 1083 urbes
3329 1029 3627 1082 assecutas
3654 1040 3783 1080 esse

2137 1118 2491 1175 felicitatem.
2523 1119 2735 1174 Omnia
2763 1117 3002 1189 quidem
3045 1121 3147 1171 tua
3191 1115 3367 1170 verba
3393 1113 3613 1170 nobilia
3643 1116 3784 1169 sunt

2135 1214 2193 1264 et
2223 1207 2485 1264 Platonis
2515 1207 2751 1263 nomine
2785 1207 2998 1280 digna;
3033 1203 3262 1261 nullum
3306 1208 3502 1260 tamen
3551 1207 3642 1259 est
3687 1201 3784 1258 cui

2136 1298 2309 1353 detur
2340 1299 2622 1368 majorem
2657 1313 2832 1368 quam
2866 1295 3011 1352 illud
3046 1293 3302 1350 nancisci
3332 1293 3636 1349 veritatem
3669 1292 3781 1359 iis;

2137 1391 2240 1442 aut
2271 1387 2426 1443 enim
2461 1387 2663 1442 civitas
2694 1385 2827 1442 felix
2869 1402 2999 1441 esse
3042 1383 3262 1455 nequit,
3293 1386 3396 1438 aut
3444 1399 3507 1438 se
3552 1381 3781 1437 felicem

2138 1477 2248 1533 sub
2281 1476 2382 1532 tali
2414 1493 2548 1549 rege
2587 1480 2644 1532 et
2687 1475 3036 1547 imperatore
3065 1473 3282 1529 sentiat
3310 1471 3550 1528 omnino
3581 1485 3781 1526 neces-

2137 1583 2200 1622 se
2229 1570 2336 1622 est.
2369 1568 2442 1621 At
2481 1566 2636 1622 enim
2689 1565 2799 1620 iste
2845 1563 3081 1636 juvenis
3128 1566 3264 1618 est:
3322 1561 3422 1618 sed
3471 1561 3781 1630 cujusnam

2137 1659 2408 1712 senectus
2440 1655 2598 1711 illius
2619 1655 2864 1726 juventu
2877 1657 2930 1708 te
2971 1656 3060 1708 est
3101 1650 3489 1718 excellentior,
3521 1655 3651 1706 tum
3683 1664 3786 1721 per

2137 1744 2487 1816 sapientiam
2523 1743 2654 1798 vita;
2705 1747 2762 1798 et
2807 1746 3073 1798 motuum
3114 1739 3621 1811 temperationem,
3652 1742 3781 1794 tum

2136 1851 2240 1906 per
2268 1833 2595 1889 ubertatem
2625 1837 2684 1888 et
2707 1831 3124 1888 sufficientiam
3153 1833 3211 1885 et
3234 1829 3577 1884 firmitatem
3599 1827 3782 1883 scien-

2136 1923 2252 1990 tiae,
2285 1939 2354 1979 ex
2400 1923 2614 1993 quibus
2663 1921 2722 1976 in
2771 1919 3084 1993 propositis
3115 1917 3301 1974 oritur
3329 1916 3581 1989 perfecta
3609 1919 3783 1986 atque

2136 2011 2308 2085 plena
2337 2011 2650 2084 prudentia
2678 2016 2734 2067 et
2762 2009 3096 2081 sapientia?
3126 2005 3392 2064 docibilis
3421 2009 3513 2063 est
3549 2008 3607 2062 et
3648 2020 3780 2077 gra-

2135 2108 2233 2158 tus
2267 2120 2280 2158 :
2333 2119 2468 2158 cum
2518 2099 2764 2179 aliorum
2810 2097 3124 2155 sententiis
3163 2094 3580 2159 communicat,
3613 2099 3781 2150 caute

2135 2209 2198 2248 se
2235 2191 2427 2258 habet,
2461 2195 2518 2247 et
2565 2208 2637 2246 ne
2685 2189 2928 2244 minima
2970 2189 3209 2261 quidem
3242 2185 3532 2243 oblivione
3561 2185 3783 2257 patitur

2135 2281 2427 2353 exstingui
2457 2282 2634 2336 etiam
2666 2296 2758 2334 res
2799 2275 2959 2333 nullo
3007 2277 3179 2332 modo
3227 2274 3402 2331 utiles
3451 2292 3517 2331 ac
3569 2274 3782 2346 dignos

2134 2389 2264 2444 qua:
2295 2370 2632 2426 meminerit
2660 2387 2672 2436 ;
2709 2369 2808 2424 sed
2841 2365 3020 2423 simul
3050 2366 3212 2422 mitis
3240 2369 3330 2421 est
3359 2369 3532 2436 atque
3562 2365 3784 2434 majore

2135 2459 2483 2516 strenuitate
2531 2464 2589 2514 et
2634 2455 3118 2531 magnanimitate
3148 2455 3430 2528 praeditus
3461 2457 3568 2520 est,
3605 2468 3783 2524 quam

2133 2567 2262 2622 quae
2293 2551 2365 2604 iis
2396 2549 2653 2604 maxima
2679 2547 2910 2603 donatis
2941 2546 3278 2617 contingere
3308 2543 3478 2600 solet.
3510 2542 3778 2615 Aliquem

2133 2639 2291 2694 enim
2323 2637 2634 2694 docibilem
2686 2641 2744 2692 et
2792 2636 2969 2692 simul
3018 2652 3133 2690 non
3177 2650 3392 2702 acrem,
3425 2632 3660 2688 difficile
3689 2637 3780 2689 est

2131 2727 2392 2784 invenire
2419 2744 2432 2782 :
2466 2726 2722 2800 aliquem
2752 2730 2948 2782 autem
2980 2723 3180 2780 mitem
3211 2727 3269 2779 et
3298 2739 3417 2779 una
3445 2726 3776 2790 strenuum,

2132 2821 2291 2873 recta
2319 2820 2514 2872 mente
2542 2816 2614 2870 ad
2647 2812 2905 2886 pericula
2933 2812 3226 2868 volantem
3257 2815 3433 2884 atque
3464 2827 3778 2884 properan-

2130 2910 2270 2972 tem,
2305 2905 2490 2961 multo
2521 2905 2695 2960 etiam
2729 2902 3048 2960 difficilius.
3083 2902 3194 2958 Sed
3228 2918 3346 2968 rex,
3379 2904 3634 2956 creatore
3677 2901 3779 2955 fir-

2132 2996 2304 3051 miter
2332 2993 2433 3050 illa
2461 2994 2571 3050 hoc
2601 2994 2772 3050 modo
2803 2996 3206 3065 componente,
3237 2995 3326 3046 est
3354 2994 3632 3062 praeterea
3661 3007 3781 3046 ma-

2132 3085 2403 3158 gniﬁcus,
2431 3085 2513 3138 ita
2542 3088 2606 3139 ut
2637 3082 2737 3155 qui
2768 3083 2924 3137 videt
2953 3085 3010 3138 et
3047 3098 3080 3136 a
3118 3079 3318 3153 procul
3349 3079 3508 3135 venit
3535 3084 3595 3136 et
3625 3096 3777 3134 nun-

2131 3191 2307 3245 quam
2341 3174 2506 3246 prius
2534 3171 2699 3236 vidit,
2731 3170 2963 3226 etiamsi
3009 3169 3070 3225 in
3118 3169 3310 3224 medio
3350 3166 3603 3223 millium
3633 3167 3781 3224 viro-

2132 3280 2258 3319 rum
2293 3263 2528 3318 fortuna
2556 3265 2669 3317 stet
2711 3266 2769 3317 et
2821 3259 3052 3316 nullum
3095 3275 3162 3314 ex
3193 3256 3499 3329 dignitatis
3529 3255 3778 3330 insigni-

365 3347 637 3419 μιουργοῦ
685 3347 877 3398 τοῦτον
927 3345 1018 3399 τὸν
1070 3345 1272 3420 τρόπον
1323 3345 1687 3420 ἁρμόσαντος,
1719 3347 1811 3402 καὶ
1849 3369 2017 3424 προσ-

2133 3354 2244 3409 bus
2275 3351 2442 3408 illum
2476 3350 2806 3423 patefaciet,
2837 3348 3183 3417 conclamat,
3215 3321 3400 3403 oculis
3437 3346 3497 3402 in
3545 3321 3780 3402 heroico

363 3432 444 3488 ἐτι
504 3430 930 3508 μεγαλοπρεπής
979 3431 1142 3506 ἐστιν,
1202 3435 1278 3498 ὡς
1333 3434 1516 3491 ἰδόντα
1567 3436 1656 3491 καὶ
1686 3437 1778 3492 τὸν
1807 3436 2024 3514 πόρῥω-

360 3520 448 3574 θεν
505 3517 710 3588 ἥκοντα
767 3519 857 3575 καὶ
915 3515 1096 3576 ἰδόντα
1159 3520 1435 3594 μηδέποτε
1491 3524 1776 3601 πρότερον,
1826 3525 1921 3581 κᾶν
1968 3525 2021 3582 ἐν

366 3607 555 3682 μέσοις
601 3607 746 3685 τύχῃ
801 3609 1017 3687 μυρίοις
1067 3611 1354 3685 ἱστάμενος
1401 3613 1491 3668 καὶ
1521 3613 1680 3669 αὐτὸν
1734 3613 1886 3670 οὐδὲν
1916 3620 2024 3671 τῶν

367 3698 616 3774 ἀρχικῶν
669 3694 968 3773 συμϐόλων
1021 3701 1220 3776 μηνόῃ,
1271 3698 1569 3772 ἀναϐοῆσαι
1602 3747 1617 3774 ,
1673 3709 1752 3777 τῷ
1796 3707 2025 3780 ἠρωϊκῷ

365 3786 458 3842 καὶ
517 3787 644 3860 θείῳ
700 3792 798 3842 τοῦ
853 3785 1030 3851 εἴδους
1087 3788 1483 3846 ένατενίσανταο
1547 3817 1576 3844 ‹‹
1630 3795 1718 3856 Ὠς
1772 3793 2023 3858 ἐπιεικῶς

361 3873 520 3952 ἀνδρὶ
576 3875 794 3953 βασιλεῖ
835 3876 992 3940 οὗτος
1040 3876 1251 3936 ἔοικενξ
1305 3904 1336 3932 ››
1366 3883 1516 3936 ⁹⁹Ωστ’
1570 3883 1616 3937 εἰ
1669 3883 1763 3956 μὲν
1823 3889 2021 3956 ζητῶν,

361 3965 439 4027 ὡς
473 3963 692 4038 εἴωθας,
745 3964 1096 4043 παράδειγμα
1124 3970 1214 4024 καὶ
1261 3967 1407 4025 ἰδέαν
1446 3969 1722 4046 βασιλείας
1775 3972 2023 4049 ἀρίστης,

2130 3447 2189 3499 et
2217 3441 2410 3498 divino
2438 3440 2604 3496 vultu
2635 3439 2840 3496 defixis
2869 3455 2882 3494 :
2919 3460 2946 3489 «
2978 3437 3163 3502 Quam
3197 3436 3407 3493 eximie
3437 3434 3522 3491 illi
3552 3434 3780 3491 homini

2131 3531 2252 3604 regi
2284 3529 2497 3587 similis
2528 3532 2635 3585 est.
2671 3551 2700 3580 »
2753 3528 2954 3599 Itaque
3003 3525 3075 3596 si,
3109 3525 3442 3598 quaerendo,
3475 3525 3545 3580 de
3593 3540 3780 3593 more,

2132 3618 2429 3692 exemplar
2460 3624 2518 3674 et
2548 3617 2865 3690 imaginem
2897 3615 3103 3688 optimi
3136 3613 3311 3687 regis,
3342 3612 3489 3668 illud
3520 3611 3778 3668 invenie-

2132 3709 2238 3772 ris,
2267 3707 2492 3780 inspice
2543 3707 2593 3763 si
2641 3705 2738 3762 ille
2785 3709 3056 3761 accurate
3100 3704 3160 3758 in
3190 3701 3488 3775 exemplar
3517 3718 3634 3757 non
3663 3701 3780 3757 for-

2132 3801 2328 3853 matus
2378 3797 2503 3852 sit:
2561 3795 2714 3867 quod
2765 3793 2814 3849 si
2863 3793 3124 3849 nondum
3167 3791 3464 3848 conveniri
3493 3790 3778 3864 potueris,

2131 3886 2301 3942 illum
2350 3891 2415 3940 ut
2461 3884 2778 3956 imaginem
2817 3887 3063 3951 statuas,
3096 3886 3155 3937 et
3201 3881 3260 3936 in
3305 3879 3473 3936 illum
3522 3878 3782 3951 aspicere

2125 3977 2359 4048 jubeas,
2394 3979 2459 4030 ut
2488 3974 2545 4029 in
2579 3974 3014 4028 fortunatorum
3046 3986 3251 4042 regum
3282 3969 3686 4041 archetypum.

361 4053 608 4132 ἒφεῦρες,
643 4055 744 4132 ὅρα
771 4060 982 4128 τοῦτον,
1020 4057 1069 4112 εἴ
1099 4060 1175 4131 μὴ
1208 4057 1448 4136 ἀκριϐῶς
1478 4061 1614 4136 πρὸς
1646 4062 1706 4116 τὸ
1738 4060 2080 4140 παράδειγμα
2118 4062 2376 4134 ⁴ἤσκηται·
2410 4061 2455 4117 εἰ
2486 4059 2533 4116 δ’
2563 4060 2801 4139 ἐφευρεῖν
2855 4057 3007 4114 οὔπω
3047 4055 3353 4128 δεδύνησαι,
3401 4053 3548 4112 ἀλλά
3591 4060 3782 4112 τοῦτον

359 4141 508 4200 ἰδέαν
539 4144 698 4214 τίθει,
729 4145 819 4200 καὶ
849 4143 959 4201 ὧδε
993 4144 1211 4222 βλέπειν
1242 4149 1522 4221 νομοθέτει
1553 4149 1681 4213 τοὺς
1714 4149 1919 4215 ἄλλους
1952 4153 2027 4216 ὡς
2055 4152 2131 4216 εἷς
2160 4150 2495 4226 εὐδαιμόνων
2533 4148 2800 4226 βασιλέων
2828 4148 3158 4224 ἀρχέτυπον.

431 4290 499 4344 Ἃ
547 4290 642 4362 μὲν
695 4288 786 4344 οὖν
854 4289 914 4345 ἐκ
939 4287 1169 4346 πολλῶν
1228 4289 1392 4367 ὀλίγα
1445 4297 1553 4348 τῶν
1597 4297 1695 4348 τοῦ
1748 4293 2018 4370 βασιλέως

2198 4297 2330 4354 Haec
2360 4297 2559 4370 igitur,
2592 4312 2661 4351 ex
2699 4294 2902 4350 multis
2932 4309 3152 4366 paucas,
3183 4292 3336 4364 regis
3368 4290 3553 4362 dotes,
3585 4306 3776 4362 quan-

356 4375 546 4432 καλῶν
609 4377 727 4441 οἶός
781 4400 842 4434 τε
897 4380 1098 4456 γέγονα
1152 4384 1220 4455 τῇ
1281 4379 1490 4454 διανοίᾳ
1561 4378 1876 4458 περιλαϐεῖν
1932 4385 2022 4439 καὶ

359 4463 614 4536 διεξιέναι
669 4471 750 4539 τῷ
797 4465 966 4542 λόγῳ,
1020 4473 1202 4523 ταῦτα·
1256 4469 1372 4524 ἐπεὶ
1415 4467 1473 4525 δὲ
1519 4475 1596 4542 τῷ
1626 4467 1811 4547 ἔχοντι
1861 4473 2021 4528 παντὶ

359 4553 649 4626 δοθήσεται
697 4555 789 4611 καὶ
845 4560 1274 4634 προστεθήσεται
1305 4606 1320 4631 ,
1355 4557 1558 4632 ἴδωμεν
1587 4559 1640 4615 τί
1691 4558 1904 4616 δέδοται
1931 4561 2022 4617 καὶ

359 4644 735 4722 προστέθειται
792 4651 912 4708 τοῖς
973 4647 1150 4702 ἐνοῦσι
1204 4653 1281 4720 τῷ
1340 4647 1592 4725 βασιλεῖ.
1646 4650 1706 4705 Τί
1757 4648 1814 4705 δὲ
1871 4649 2019 4726 ἅρα;

361 4733 410 4788 εἰ
466 4735 542 4808 μή
582 4734 646 4788 τὸ
702 4739 810 4789 τῶν
863 4729 1040 4810 ὄψεων
1098 4735 1385 4814 ἀκόρεστον
1443 4737 1635 4813 θέαμα,
1673 4740 1738 4794 τὸ
1794 4741 2019 4815 τερπνὸν

356 4829 464 4892 τῆς
524 4822 825 4896 θαυμασίας
887 4823 1041 4901 ῥίζης
1091 4826 1274 4902 φυτὸν,
1319 4829 1354 4896 ἡ
1386 4827 1784 4904 αὐθωραιότης,
1823 4829 1888 4883 τὸ
1911 4835 2019 4884 τῶν

359 4911 612 4990 χαρίτων
663 4913 1023 4992 συμφόρημα,
1083 4917 1118 4985 ἡ
1166 4915 1260 4971 νέα
1295 4917 1385 4972 καὶ
1422 4917 1632 4994 μεγάλη
1676 4923 1774 4973 τοῦ
1821 4919 2021 4982 παντὸς

353 5001 552 5077 γένους
592 5000 770 5074 ἐλπὶς,
807 5004 836 5058 6
865 5008 997 5066 παῖς
1036 5001 1127 5060 ὅδε
1155 5007 1267 5080 (24)
1296 5005 1386 5062 καὶ
1422 5005 1697 5081 βασιλεὺς,
1741 5008 1886 5078 ἄξιος
1925 5008 2018 5081 μὲν

352 5094 455 5146 τοῦ
508 5091 887 5168 παρασχόντος
944 5097 1100 5165 Θεοῦ,
1163 5094 1308 5165 ἄξιος
1370 5092 1428 5150 δὲ
1464 5096 1554 5150 καὶ
1613 5100 1709 5151 τοῦ
1761 5093 1850 5151 διὰ
1887 5101 2022 5152 Θεοῦ

355 5180 746 5257 γεγεννηκότος
809 5181 1032 5258 πατρός·
1087 5182 1150 5236 οὗ
1205 5184 1476 5256 θαυμασία
1521 5185 1614 5258 μὶν
1662 5188 1698 5255 ἡ
1745 5183 2019 5260 γέννησις,

352 5270 462 5338 τήν
527 5263 976 5344 σεϐασμιωτάτην
1035 5271 1125 5326 καὶ
1185 5270 1547 5350 φαιδροτάτην
1615 5275 1705 5329 καὶ
1768 5275 2023 5351 βασιλίδα

351 5362 468 5414 τῶν
528 5361 750 5414 ἀπασῶν
818 5360 1028 5437 ἡμέραν
1098 5359 1502 5437 κληρωσαμένη
1573 5365 1708 5438 (25),
1784 5370 1902 5429 καθ’
1956 5366 2023 5435 ἠν

352 5447 654 5525 ἐνεργήσας
703 5450 804 5520 τὴν
839 5457 942 5520 τῆς
982 5450 1184 5528 φθορᾶς
1237 5449 1530 5506 κατάλυσιν
1567 5453 1596 5507 6
1642 5450 1908 5524 δεσπότης
1957 5454 2021 5510 τὸ

422 5702 516 5774 24,
549 5701 767 5774 Aderat
815 5701 1082 5759 videlicet
1131 5702 1228 5758 ille
1277 5703 1593 5761 Andronici
1627 5704 1866 5774 filiolus,
1898 5706 2005 5764 Mi-

345 5772 517 5830 chael
555 5771 940 5848 Palaeologus.

2131 4390 2260 4442 tum
2279 4403 2377 4442 eas
2398 4387 2457 4440 in
2480 4402 2574 4440 me
2595 4391 2682 4440 est
2701 4388 2898 4439 mente
2918 4381 3410 4454 comprehendere
3431 4383 3488 4435 et
3510 4395 3779 4436 sermone

2131 4474 2443 4547 explicare,
2475 4474 2622 4530 tales
2662 4478 2837 4537 sunt;
2889 4472 3167 4545 quoniam
3199 4487 3333 4525 vero
3363 4469 3520 4524 omni
3546 4467 3782 4524 habenti

2130 4563 2355 4619 dabitur
2374 4569 2431 4618 et
2459 4562 2788 4634 adjicietur,
2821 4560 3126 4616 videamus
3156 4558 3296 4628 quid
3345 4558 3540 4623 datur,
3573 4561 3632 4612 et
3677 4556 3779 4612 ad-

2124 4653 2363 4724 jicietur
2399 4651 2493 4708 his
2536 4669 2662 4724 quae
2703 4651 2762 4706 in
2795 4666 2927 4723 rege
2956 4653 3096 4704 sunt
3126 4647 3364 4704 dotibus
3393 4649 3415 4701 Ρ
3442 4645 3588 4712 Quid
3620 4661 3779 4716 ergo,

2134 4742 2245 4798 nisi
2271 4741 2692 4815 spectaculum,
2716 4756 2831 4812 quo
2864 4755 2977 4794 non
3009 4740 3352 4794 saturantur
3373 4733 3779 4806 oculi,jucun-

2135 4833 2247 4888 dus
2277 4829 2565 4885 mirabilis
2596 4827 2807 4884 radicis
2841 4828 3074 4899 stirpes,
3107 4825 3208 4880 illa
3255 4841 3511 4897 praesens
3563 4822 3782 4896 gratia-

2133 4937 2264 4976 rum
2298 4918 2686 4985 concursatio,
2720 4916 2822 4972 illa
2859 4933 3008 4972 nova
3053 4919 3110 4970 et
3154 4930 3370 4986 magna
3397 4912 3578 4968 totius
3606 4927 3779 4984 gene-

2133 5011 2215 5066 ris
2263 5026 2419 5082 spes,
2454 5008 2550 5063 ille
2602 5024 2748 5080 puer
2797 5009 2854 5061 et
2901 5022 3018 5074 rex,
3053 5005 3264 5076 dignus
3308 5003 3424 5060 Deo
3465 5002 3564 5076 qui
3595 5001 3780 5068 dedit,

2133 5100 2350 5172 dignus
2381 5101 2439 5152 et
2466 5097 2566 5152 illo
2596 5097 2690 5167 qui
2724 5111 2826 5167 per
2855 5100 3038 5150 Deum
3071 5093 3229 5149 hunc
3259 5093 3544 5148 infantem
3575 5089 3783 5165 genuit

2133 5195 2336 5261 patre;
2391 5203 2559 5258 cujus
2606 5185 2874 5242 miranda
2917 5174 3149 5253 natalis,
3179 5181 3686 5237 venerabillimum
3727 5183 3784 5235 et

2133 5277 2528 5334 clarissimum
2573 5281 2630 5332 et
2677 5273 2930 5347 regalem
2963 5289 3032 5328 ex
3060 5272 3336 5328 omnibus
3365 5271 3522 5326 diem
3552 5269 3779 5337 sortita,

2131 5367 2192 5422 in
2225 5383 2340 5439 quo
2372 5364 2680 5430 Dominus,
2718 5364 2869 5419 facta
2915 5367 3124 5418 nostrae
3165 5359 3563 5416 damnationis
3590 5357 3782 5414 disso-

2131 5455 2377 5526 lutione,
2417 5469 2700 5526 magnum
2751 5457 2958 5508 contra
3005 5456 3253 5507 mortem
3308 5454 3611 5523 tropaeum,
3661 5452 3780 5504 sta-

2123 5778 2143 5838 1
2189 5708 2303 5778 (25)
2334 5705 2475 5762 Inde
2503 5703 2790 5760 discimus
2820 5703 2975 5760 diem
3007 5702 3242 5761 Pascha
3275 5701 3358 5758 illi
3393 5702 3580 5760 fuisse
3609 5704 3774 5761 natu

2147 5795 2262 5835 em.

2147 5795 2262 5835 em.
