4132 6424
370 393 490 458 415

1413 404 1732 468 GEORGII
1777 404 2039 468 CYPRII
2084 407 2206 469 GP.
2251 401 2784 470 PATRIARGHE

3661 404 3782 470 416

368 530 484 586 tuit
508 548 523 599 ;
577 546 793 606 magna
822 534 978 591 unde
1005 534 1090 591 illi
1122 553 1254 593 cum
1284 538 1516 596 Christo
1545 544 1763 613 tropea
1791 557 2015 598 necnon

2140 539 2272 612 μέγα
2343 540 2478 594 κατὰ
2546 538 2776 594 θανάτου
2840 536 3099 614 τρόπαιον
3164 533 3356 607 ἔστησε
3387 583 3401 609 ,
3467 539 3574 594 τῶν
3647 534 3783 609 μετὰ

369 619 628 676 hostium
659 624 884 680 eversio
914 625 1066 682 clare
1093 630 1604 698 prmnuntiantur;
1637 631 1809 702 cujus
1839 632 2012 686 etiam

2124 633 2292 683 ταῦτα
2339 627 2430 682 σὺν
2484 633 2698 701 Χριστῷ
2750 626 2998 704 μεγάλων
3051 627 3215 683 αὐτοῦ
3252 625 3528 703 τροπαίων
3560 626 3651 682 καὶ
3681 632 3782 694 τῆς

371 707 643 764 miranda
672 715 761 766 est
799 713 984 769 aetatis
1015 717 1346 788 progressio
1376 718 1716 790 singularis,
1749 724 2019 792 prompta

2140 722 2230 771 ιῶν
2282 717 2492 793 ἐχθρῶν
2544 715 2891 779 καταλύσεως
2943 722 3129 795 σαφῶς
3178 714 3650 791 προδηλουμένων
3703 714 3784 772 ἐν-

371 812 438 852 ac
475 814 741 871 prOpera,
774 800 1164 876 idoneamque
1207 823 1527 880 pregressa
1556 814 1803 864 aetatem.
1841 809 2017 864 Mira-

370 885 528 944 tione
575 903 808 960 quoque
854 891 1033 964 digna
1089 899 1200 964 est,
1248 900 1375 950 tum
1425 903 1702 954 constans
1758 904 1815 953 et
1873 900 2017 954 bene

2124 809 2304 862 τεῦθεν
2336 826 2349 839 ·
2409 806 2684 879 θαυμασία
2740 804 2798 862 δὲ
2854 809 2888 876 ἡ
2946 813 3044 876 τῆς
3120 805 3342 876 ἡλικίας
3398 802 3634 881 πρόοδος
3691 803 3781 858 καὶ

2128 895 2425 973 ὑπερφυὴς,
2487 894 2732 964 ἶθυτενὴς
2790 893 2922 950 οὖσα
2976 896 3067 950 καὶ
3123 897 3462 969 προήκουσα,
3512 893 3601 949 καὶ
3651 893 3782 970 χρό-

372 982 676 1048 compacta
707 985 772 1034 ut
801 981 1030 1037 stabilis
1061 985 1321 1055 corporis
1350 985 1450 1041 illa
1487 987 1793 1044 consensio
1824 1013 1838 1052 ;
1883 987 2018 1043 talis

2140 1006 2216 1041 ρον
2275 987 2542 1063 φθάνουσα
2595 986 2686 1040 τὸν
2745 987 3092 1060 προσήκοντα
3125 1027 3137 1038 .
3197 991 3318 1040 ’Έτι
3377 981 3435 1039 δὲ
3504 983 3781 1056 θαύματος

371 1065 620 1137 denique
651 1072 715 1122 ut
756 1071 1118 1139 praesentires
1166 1072 1225 1128 in
1275 1074 1374 1130 illo
1427 1076 1872 1148 intelligentiam
1905 1077 2018 1132 im-

373 1155 518 1226 perii
550 1155 635 1209 illi
668 1158 1013 1228 pertinentis
1043 1165 1254 1217 natura
1283 1163 1604 1231 inductam,
1639 1183 1766 1237 quae
1799 1183 1954 1220 nunc
1985 1184 2020 1222 a

369 1243 734 1312 excellenter,
769 1247 1012 1317 fortiter,
1044 1251 1315 1323 regaliter
1353 1254 1661 1325 disponere
1699 1257 2016 1328 compellit,

373 1337 434 1388 et
482 1334 541 1388 in
597 1333 785 1390 lucem
846 1338 1130 1410 quidquid
1179 1341 1354 1414 regali
1387 1348 1475 1398 est
1507 1345 1781 1415 proferat,
1815 1363 2018 1417 quem-

373 1422 690 1479 admodum
715 1429 774 1480 et
803 1427 1068 1484 videmus
1095 1427 1329 1486 leonum
1353 1432 1576 1488 catulos
1601 1434 1841 1490 omnino
1867 1435 2018 1490 leoni

372 1525 442 1567 ex
495 1511 757 1584 ingenita
805 1514 1068 1585 ipsorum
1128 1523 1339 1574 natura
1393 1521 1692 1590 exsistere,
1741 1527 1867 1578 tum
1921 1523 2020 1580 ille

372 1601 582 1656 animae
632 1603 888 1670 habitus,
937 1622 1113 1676 quem
1164 1612 1397 1673 gratum
1453 1615 1511 1665 et
1566 1626 1838 1666 serenum
1889 1612 2019 1668 visu

371 1690 607 1761 praebet,
658 1691 796 1762 quia
852 1692 939 1748 illi
997 1702 1352 1752 commesoet
1404 1699 1798 1770 prudentiam,
1849 1702 2017 1772 quasi

371 1777 535 1834 virile
591 1783 648 1835 et
703 1781 897 1838 nobile
953 1789 1012 1839 et
1069 1801 1181 1840 non
1245 1785 1419 1842 fallax
1467 1788 1762 1844 ﬁrmitatis
1812 1789 2019 1846 anime

2128 1070 2272 1144 ἄξιον
2324 1074 2385 1127 τὸ
2443 1071 2760 1148 ἐναρμόνιον
2819 1074 2908 1128 καὶ
2979 1070 3211 1148 βεϐηκὸς
3263 1072 3352 1128 καὶ
3407 1071 3637 1147 εὐπαγὲς
3695 1071 3784 1127 καὶ

2129 1162 2421 1235 στάσιμον,
2469 1168 2628 1217 τοῦτο
2682 1165 2774 1236 μὲν
2824 1167 2921 1217 τοῦ
2965 1163 3240 1236 σώματος,
3299 1163 3373 1224 ὡς
3425 1161 3652 1231 εἰκάζειν
3706 1157 3785 1215 αἶ’-

2130 1254 2318 1322 σθησιν
2363 1253 2462 1321 τήν
2513 1252 2670 1330 φύσιν
2715 1259 2816 1322 τῆς
2866 1252 3255 1328 προσηκούσης
3305 1251 3453 1324 αὐτῷ
3507 1250 3783 1326 βασιλείας

2130 1337 2401 1397 λαϐοῦσαν
2455 1341 2627 1396 πάντα
2666 1342 2804 1416 πρὸς
2849 1342 2912 1396 τὸ
2965 1339 3196 1414 ὑψηλὸν,
3251 1341 3338 1396 οιαὶ
3393 1341 3618 1418 ἀρχικὸν
3671 1341 3784 1410 καὶ,

2129 1430 2465 1507 ἀρρενωπὸν,
2514 1431 2940 1506 συναρμόζεσθαι
2994 1427 3448 1498 διαπλάττουσαν,
3501 1429 3590 1484 καὶ
3646 1449 3784 1505 προ-

2128 1526 2342 1596 αγαγεῖν
2373 1520 2449 1582 εἰς
2481 1525 2594 1598 φῶς
2625 1519 2754 1575 ὅλον
2807 1519 3111 1596 βασιλικὸν,
3164 1519 3392 1584 ὁποίους
3439 1516 3506 1588 δή
3539 1518 3628 1574 καὶ
3657 1517 3786 1580 τοὺς

2127 1613 2236 1663 τῶν
2289 1607 2523 1664 λεόντων
2565 1611 2778 1684 ὁρῶμεν
2829 1609 3101 1682 σκύμνους
3147 1607 3313 1671 ὅλους
3363 1605 3684 1669 λεοντώδεις
3737 1606 3788 1680 ἐξ

2131 1697 2298 1766 αὐτῆς
2328 1699 2618 1773 προϊόντας
2663 1699 2944 1774 γενέσεως,
2990 1703 3158 1754 τοῦτο
3201 1695 3260 1754 δὲ
3310 1702 3409 1753 τοῦ
3457 1705 3555 1766 τῆς
3601 1699 3788 1772 ψυχῆς

2130 1789 2570 1861 καταστήματος,
2604 1787 2712 1862 ὅγ’
2753 1787 2976 1863 ἐπίχαρι
3016 1787 3105 1842 καὶ
3157 1785 3380 1865 φαιδρὸν
3431 1787 3560 1863 ὁρᾷν
3610 1805 3792 1860 παρε-

369 1867 821 1937 testimonium;
871 1870 1068 1944 itaque
1118 1891 1304 1944 neque
1351 1876 1629 1933 omnibus
1673 1882 1847 1934 navat
1884 1895 2017 1950 ope-

2140 1877 2390 1952 χόμενος,
2444 1873 2586 1932 ἔστιν
2623 1877 2699 1939 ὡς
2747 1875 2836 1931 καὶ
2881 1875 3126 1938 συννοίας
3175 1875 3324 1948 αὐτῷ
3362 1874 3787 1951 παραμίγνυσιν,

2149 1966 2162 1980 ο
2277 1965 2291 1980 ἢ
2337 1963 2360 1980 ἢ
2464 1967 2478 1980 \
2640 1970 2667 1980 ιιι
2867 1966 2881 1980 ι
3102 1971 3124 1980 ε
3269 1965 3294 1980 1r
3495 1964 3509 1980 \
3570 1963 3619 1980 ,ι
3704 1960 3748 1980 ἢκ

370 1973 519 2024 ram,
554 1974 746 2031 neque
775 1959 1101 2033 impellitur
1145 1964 1216 2018 ad
1268 1964 1468 2020 omnia
1524 1983 1648 2036 quae
1699 1967 2023 2024 infantibus

2140 1966 2209 2029 ὡς
2267 1963 2516 2042 ἀνδρικὸν
2573 1970 2736 2021 τοῦτο
2794 1966 2883 2021 καὶ
2943 1971 3185 2042 γενναῖον
3242 1965 3374 2020 εἶναι
3422 1964 3513 2020 καὶ
3559 1960 3789 2038 ἀψευδὲς

368 2046 697 2113 conferunt,
752 2049 854 2105 sed
902 2051 1165 2123 seipsum
1220 2054 1482 2110 continet
1529 2055 1706 2112 veluti
1764 2057 2023 2114 infantiae

369 2133 734 2208 impatiens;
807 2143 864 2193 et
931 2141 1206 2208 quoniam
1273 2144 1708 2214 quodammodo
1776 2147 2024 2219 proprize

373 2224 572 2296 gloria:
621 2228 1089 2300 magnitudinem
1147 2233 1432 2302 agnoscit,
1473 2232 1783 2306 indignum
1833 2235 2025 2307 seipso

371 2313 670 2371 existimat
727 2317 882 2373 inter
938 2335 1150 2390 pueros
1206 2322 1535 2388 numerari,
1592 2323 1862 2395 quamvis
1926 2324 2029 2380 illa

370 2407 511 2460 aetas
541 2410 779 2478 propter
809 2423 980 2464 suam
1010 2410 1400 2467 temeritatem
1433 2427 1576 2468 cura
1618 2417 1676 2468 et
1718 2414 2026 2486 reprehen-

368 2490 535 2550 sione
563 2498 778 2551 careat.

440 2711 552 2768 Sed
586 2711 759 2786 plura
788 2714 987 2771 volens
1018 2715 1211 2772 dicere
1256 2717 1315 2772 in
1361 2717 1728 2775 iterationem
1761 2718 2024 2785 devenio,

371 2818 500 2876 quas
557 2801 801 2858 minime
852 2803 1261 2862 laudatoribus
1310 2807 1602 2880 congruit.
1651 2807 1876 2863 Etenim
1927 2807 2030 2864 illa

375 2908 505 2963 quae
551 2891 623 2947 dc
669 2895 725 2947 te
770 2910 969 2964 puero,
1003 2894 1257 2951 maxime
1287 2912 1405 2964 rex,
1441 2896 1631 2952 dicere
1663 2913 1755 2952 me
1786 2898 2026 2955 induce-

379 2980 508 3048 bas,
529 2981 732 3038 eadem
757 2983 829 3038 de
857 2983 1072 3056 seipso,
1095 2988 1235 3040 tuus
1266 2985 1548 3054 delectus,
1572 3003 1738 3042 meus
1768 3004 1903 3043 vero
1934 3003 2031 3043 rex

377 3086 472 3126 me
492 3069 683 3127 dicere
705 3070 952 3128 inducit.
972 3073 1117 3128 Cum
1141 3073 1297 3129 enim
1325 3075 1400 3130 sit
1419 3091 1694 3147 expressa
1713 3081 1814 3132 tua
1835 3077 2030 3150 imago

379 3174 619 3214 movens
675 3163 733 3215 et
787 3160 1004 3230 vivida,
1056 3166 1394 3235 naturaeque
1450 3165 1687 3221 dotibus
1743 3165 2030 3237 particeps

2130 2057 2230 2124 τῆς
2278 2053 2838 2130 ίσχυρογνωμοσύνης
2886 2057 3209 2131 τεκμήριον·
3261 2053 3379 2110 ὅθεν
3417 2050 3543 2108 οὐδὲ
3570 2050 3788 2108 πάντων

2134 2146 2377 2215 ἅπτεται,
2439 2142 2565 2198 οὐδὲ
2613 2145 2748 2218 πρὸς
2796 2145 2967 2199 πάντα
3015 2148 3244 2200 κινεῖται
3288 2140 3482 2212 ὅσαδή
3534 2143 3624 2197 καὶ
3658 2163 3791 2196 παι-

2138 2231 2277 2295 δίοις
2311 2231 2427 2288 οὖσι
2458 2235 2746 2307 προσήκει,
2799 2231 2925 2288 ἀλλ’
2975 2233 3159 2288 ἑαυτὸν
3215 2234 3458 2308 κατέχει,
3505 2227 3793 2305 ἐμϐριμώ-

2141 2344 2301 2397 μενος
2333 2323 2516 2399 ὥσπερ
2545 2327 2614 2396 τῇ
2662 2323 2973 2394 νηπιότητι,
3022 2323 3114 2378 καὶ
3159 2327 3240 2394 τῷ
3289 2321 3666 2396 ἐπιγινώσκειν
3713 2321 3794 2374 οὶ-

2137 2414 2247 2468 ονεὶ
2296 2414 2358 2468 τὸ
2415 2416 2515 2482 τῆς
2562 2413 2957 2489 ὑπερκειμένης
3007 2419 3178 2483 τιμῆς
3235 2410 3530 2487 ὑπερέχον,
3579 2409 3792 2479 ἀνάξιον

2135 2505 2328 2560 ἐαυτοῦ
2358 2503 2494 2558 κατά
2521 2499 2718 2564 παῖδας
2749 2501 3000 2580 φέρεσθαι
3045 2501 3268 2577 κρίνων,
3300 2501 3346 2556 εὶ
3375 2501 3464 2556 καὶ
3502 2498 3691 2561 ἄλλως
3723 2496 3794 2553 δι’

2136 2590 2457 2662 ἁπαλότητα
2485 2592 2769 2648 ἀνεύθυνον
2799 2595 2961 2647 τοῦτο
2991 2591 3080 2646 καὶ
3116 2587 3508 2660 ἀνεπίληπτον.

2210 2714 2390 2772 Ἀλλὰ
2415 2717 2517 2793 γὰρ
2560 2715 2740 2772 πλείω
2793 2715 3134 2792 βουλόμενος
3182 2714 3306 2792 περὶ
3347 2714 3545 2770 τούτου
3593 2713 3792 2789 λέγειν,

2138 2805 2216 2870 εἰς
2249 2804 2661 2882 δευτερολογίαν
2691 2805 2950 2884 ἀφίξομαι
2996 2812 3114 2868 τοῖς
3165 2804 3621 2880 ἐγκωμιαστικοῖς
3669 2801 3795 2871 ἤκι-

2138 2917 2236 2952 στα
2284 2895 2614 2972 πρέπουσαν.
2663 2898 2731 2950 "A
2781 2897 2884 2970 γὰρ
2934 2893 2998 2950 σὺ
3045 2895 3171 2971 περὶ
3225 2899 3342 2966 σοῦ,
3386 2894 3606 2968 μέγιστε
3639 2893 3793 2968 βασι-

2141 2985 2276 3051 λεῦ,
2325 2981 2518 3047 παιδὸς
2569 2979 2723 3046 ὄντος
2774 2989 3035 3060 παρεῖχες
3086 2983 3277 3055 εἰπεῖν,
3328 2981 3464 3036 αὐτά
3511 2979 3579 3050 δὴ
3627 2985 3795 3036 ταῦτα

2139 3073 2262 3150 περὶ
2295 3074 2488 3130 ἑαυτοῦ
2515 3071 2695 3149 λέγειν
2745 3072 2834 3128 καὶ
2866 3074 2894 3127 ὁ
2945 3074 3036 3135 σὸς
3085 3073 3180 3145 μὲν
3231 3069 3515 3151 φίλτατος,
3550 3069 3683 3144 ἐμὸς
3737 3067 3796 3124 δὲ

2138 3158 2511 3240 προϐάλλεται
2570 3161 2845 3239 βασιλεύς·
2899 3156 3131 3238 ἀκριϐὴς
3191 3162 3296 3238 γάρ
3350 3181 3446 3215 σου
3504 3159 3796 3236 τυγχάνων

377 3247 648 3322 egregiis,
683 3247 878 3305 nescio
909 3251 1202 3321 quomodo
1233 3267 1488 3324 peccem,
1524 3255 1573 3310 si
1605 3253 1808 3310 laudes
1852 3255 1923 3310 de
1969 3259 2026 3310 te

2140 3253 2299 3309 εἰκὼν
2358 3253 2646 3325 κινουμένη
2695 3251 2785 3306 καὶ
2849 3255 2993 3321 ζῶσα
3039 3251 3129 3306 καὶ
3181 3254 3291 3306 τῶν
3341 3254 3582 3327 φυσικῶν
3612 3248 3799 3324 αὐχη-

2201 3341 2212 3356 ο
2495 3342 2505 3356 Ι
2809 3339 2823 3356 9
2956 3337 3008 3356 τ“
3147 3343 3175 3355 ι-
3311 3338 3325 3356 ’
3454 3338 3468 3356 9
3524 3337 3536 3356 1
3778 3336 3793 3353 ‘

375 3335 437 3392 in
469 3337 594 3409 pari
627 3337 885 3394 infantiae
911 3340 1097 3412 gradu
1129 3341 1448 3397 constituto
1487 3343 1560 3398 ad
1611 3343 1792 3399 istum
1839 3342 2026 3399 filium

379 3425 652 3483 referam.
683 3425 899 3482 Verum
932 3429 1228 3486 enimvero
1259 3446 1330 3486 ne
1361 3447 1568 3487 rursus
1615 3433 1675 3487 in
1721 3433 2032 3489 necessita-

377 3519 496 3571 tem
523 3515 650 3587 jam
682 3515 842 3571 dicta
873 3517 1160 3574 referendi
1191 3519 1591 3590 deveniamus,
1615 3520 1761 3578 tales
1790 3522 1898 3578 tibi
1931 3539 2008 3578 na

378 3608 499 3672 tus,
550 3621 585 3660 a
639 3605 748 3660 Deo
805 3605 1079 3675 donatus,
1126 3608 1360 3679 qualem
1409 3611 1512 3666 tibi
1572 3611 1710 3666 dare
1761 3617 2031 3682 precatus

379 3710 463 3760 es,
496 3693 615 3750 imo
663 3699 796 3751 vota
838 3699 940 3752 tua
988 3703 1247 3771 superat,
1279 3699 1422 3756 dum
1464 3705 1632 3758 aetate
1671 3703 1922 3775 proﬁcit,
1955 3707 2033 3758 te-

380 3800 515 3840 cum
547 3783 705 3857 regio
737 3801 980 3841 munere
1012 3787 1285 3860 fungens,
1317 3788 1376 3844 in
1417 3790 1575 3846 curis
1615 3792 2031 3848 communibus

379 3870 485 3927 tibi
517 3873 732 3943 socius,
767 3875 824 3930 in
875 3876 1135 3933 consiliis
1181 3879 1414 3949 adiutor
1451 3879 1740 3954 egregius,
1773 3881 1830 3935 in
1883 3880 2032 3937 bello

383 3967 733 4035 praepotens,
783 3963 1102 4022 virtutibus
1160 3967 1472 4039 praeclarus
1527 3976 1586 4024 et
1639 3971 1699 4025 in
1755 3971 2033 4026 omnibus

384 4051 635 4125 negotiis
665 4051 934 4125 miratus,
956 4051 1220 4111 laetitiam
1252 4055 1488 4128 quidem
1521 4075 1591 4113 ex
1620 4058 1713 4114 his
1743 4060 1848 4115 tibi
1880 4060 2030 4132 patri

383 4141 655 4210 aﬂ‘erens,
686 4141 950 4198 laetitiam
999 4146 1224 4200 caeteris
1271 4145 1636 4215 hominibus,
1667 4147 1928 4204 laetitiam
1978 4154 2036 4204 et

385 4229 530 4287 mihi
565 4231 802 4298 oratori,
835 4231 958 4304 qui,
990 4234 1040 4289 si
1072 4239 1307 4291 tantum
1338 4237 1425 4292 fas
1455 4240 1544 4292 est
1573 4238 1717 4294 satis
1747 4238 1866 4294 vita
1895 4237 2034 4305 frui,

384 4320 655 4392 quamvis
684 4321 796 4376 sim
821 4321 947 4392 jam
978 4326 1144 4379 atate
1177 4330 1506 4396 provectus,
1542 4325 1876 4398 permittam
1908 4327 2036 4383 nul-

385 4409 510 4465 lum
563 4427 633 4468 ex
682 4410 754 4468 iis
802 4411 1079 4484 praeclare
1116 4413 1297 4486 gestis
1329 4417 1634 4488 praeteriri,
1667 4433 1840 4489 quem
1888 4417 2034 4474 illud

385 4499 666 4556 laudibus
694 4499 954 4557 efferam.
987 4502 1072 4558 Tu
1103 4520 1259 4570 vero,
1291 4504 1383 4560 cui
1417 4521 1588 4562 nemo
1627 4506 1878 4563 conferri
1929 4524 2036 4579 po-

384 4592 501 4644 test
529 4589 666 4661 (non
699 4588 884 4646 habeo
915 4591 1072 4646 enim
1106 4593 1278 4662 cujus
1308 4598 1474 4665 gesta
1505 4593 1674 4650 facile
1711 4595 1833 4652 tuis
1877 4612 2034 4652 com-

385 4679 648 4751 ponam),
679 4683 875 4736 tamen
925 4679 1091 4737 vince
1137 4681 1417 4754 teipsum,
1447 4683 1690 4740 virtutes
1719 4685 2038 4742 virtutibus

385 4785 621 4840 semper
669 4770 986 4826 astruendo
1036 4769 1109 4842 (si
1151 4772 1291 4842 quid
1327 4779 1616 4844 superest,
1648 4775 1804 4845 quod
1846 4774 2038 4830 adhuc

385 4855 657 4929 pristinis
715 4858 1002 4930 adjicias),
1054 4858 1446 4933 preclaraque
1495 4862 1807 4933 praeclaris.
1858 4863 2039 4920 Vince

382 4945 563 5000 etiam
611 4951 910 5002 oratorum
960 4947 1250 5014 ardorem,
1283 4966 1435 5020 quos
1488 4952 1642 5021 apud
1697 4957 1753 5007 te
1800 4956 2039 5024 tempus

381 5034 727 5090 convocabit
769 5039 828 5091 et
865 5053 1006 5092 sane
1041 5037 1248 5093 multis
1279 5039 1560 5109 conferet,
1582 5040 1895 5111 adjuvante
1919 5041 2037 5098 Deo

382 5121 586 5190 simul,
619 5128 676 5179 et
717 5122 819 5179 illa
860 5129 962 5179 tua
1005 5126 1228 5196 optima
1254 5127 1532 5183 facultate
1564 5128 1878 5202 deligendi,
1910 5148 2037 5203 quas

383 5211 493 5268 tibi
525 5213 812 5268 bonorum
843 5218 1164 5286 oratorum,
1190 5232 1414 5273 necnon
1444 5221 1501 5272 et
1529 5216 1778 5274 aliorum
1811 5225 2038 5276 sancto-

383 5317 515 5357 rum
544 5301 851 5358 bominum
876 5303 1104 5375 copiam
1128 5305 1485 5377 suppeditat.
1511 5309 1611 5361 Est
1639 5307 1795 5363 enim
1829 5307 2034 5364 talium

382 5391 748 5448 abundantia
787 5392 938 5448 sicut
987 5397 1046 5449 et
1090 5394 1439 5467 disparium,
1473 5395 1888 5453 sceleratorum
1921 5398 2038 5454 duo

381 5485 440 5535 et
489 5479 893 5536 adulterorum
933 5486 990 5537 et
1019 5485 1403 5555 perditorum,
1435 5501 1562 5556 qum
1597 5489 1848 5557 utroque
1877 5487 2037 5559 prin-

381 5568 529 5641 cipis
560 5585 760 5625 secum
784 5571 972 5626 facere
1004 5570 1276 5644 celebrat,
1299 5574 1468 5645 copia
1496 5574 1783 5630 bonorum
1813 5576 2036 5631 bonum

383 5658 553 5714 illum
584 5675 737 5724 esse.
770 5659 998 5731 copiam
1031 5660 1323 5716 malorum
1356 5662 1572 5718 malam
1600 5681 1612 5718 :
1645 5663 1826 5720 altare
1856 5665 2036 5734 enim,

372 5748 566 5819 aiunt,
601 5748 821 5824 templo
851 5749 1160 5832 convenire
1202 5755 1260 5815 et
1306 5753 1639 5824 subjectum
1668 5753 1913 5832 regenti.
1949 5755 2039 5818 In-

2145 3341 2327 3416 μάτων
2388 3342 2710 3417 μετέχουσα,
2769 3339 2869 3395 οὐκ
2924 3337 3046 3395 οἴδα
3100 3343 3218 3402 πῶς
3269 3338 3369 3394 οὐκ
3425 3337 3652 3399 εἰκότως
3705 3336 3796 3391 καὶ

2137 3430 2266 3494 τοὺς
2325 3431 2399 3493 ὡς
2455 3429 2506 3486 ἐν
2558 3427 2780 3500 ἡλικίας
2835 3429 3018 3506 μέτρῳ
3063 3427 3310 3502 τοσούτῳ
3357 3427 3481 3504 περὶ
3531 3430 3627 3482 σοῦ
3656 3425 3795 3503 πρὸς

2140 3519 2324 3576 ἐαυτὸν
2381 3516 2728 3597 ἐφελκύσεται
2780 3517 3010 3595 λόγους.
3064 3519 3162 3573 ’¹Ιν’
3207 3515 3297 3573 οῦν
3350 3518 3457 3591 μὴν
3505 3515 3595 3572 καὶ
3643 3513 3798 3579 αὖθις

2141 3609 2220 3672 εἷς
2267 3609 2501 3686 ἀνάγγην
2552 3612 2651 3663 τοῦ
2699 3607 2866 3662 ταυτά
2915 3606 3090 3683 λέγειν
3138 3602 3423 3679 ἔλθοιμεν,
3478 3605 3506 3660 ὁ
3558 3605 3653 3679 μὲν
3704 3601 3796 3658 οῦν

2140 3699 2256 3761 υἱὸς
2312 3696 2558 3752 τοιοῦτός
2610 3718 2697 3752 σοι
2751 3696 2900 3774 παρά
2957 3701 3092 3753 Θεοῦ
3149 3693 3484 3772 δεδώρηται,
3548 3691 3794 3770 βασιλεῦ,

2141 3790 2331 3844 ὁποῖον
2391 3784 2539 3858 ηῦξω
2603 3783 2850 3851 δεδόσθαι
2907 3807 3032 3859 σοι,
3087 3785 3178 3840 καὶ
3235 3786 3408 3858 νικῴη
3472 3783 3568 3845 τὰς
3629 3781 3797 3858 εὐχὰς

2140 3872 2452 3955 προϐαίνων
2493 3879 2572 3948 τῷ
2619 3875 2831 3952 χρόνῳ,
2877 3876 2977 3944 τήν
3037 3873 3314 3950 βασίλειόν
3367 3894 3452 3928 σοι
3494 3869 3794 3927 συνδιέπων

2141 3968 2321 4044 ἀρχὴν
2393 3963 2483 4020 καί
2550 3961 2646 4028 τὰς
2719 3965 2906 4028 κοινάς
2983 3961 3350 4043 συνδιαφέρων
3427 3959 3718 4040 φροντίδας
3780 4005 3798 4030 ,

2142 4054 2455 4132 διαπρέπων
2485 4053 2536 4109 ἐν
2602 4053 2850 4131 βουλαῖς·
2895 4052 3189 4130 ἀριστεύων
3245 4051 3297 4108 ἐν
3355 4049 3652 4126 πολέμοις,
3706 4047 3799 4105 δο-

2143 4145 2436 4219 ξαζόμενος
2490 4145 2542 4200 ἐν
2609 4145 2846 4220 ἀρεταῖς,
2899 4143 2986 4198 καὶ
3037 4142 3124 4198 ἐπὶ
3172 4147 3304 4197 πᾶσι
3353 4142 3636 4218 πράγμασι
3676 4141 3802 4194 θαυ-

2146 4235 2450 4310 μαζόμενος
2483 4281 2500 4308 ,
2559 4232 2892 4311 εὐφροσύνην
2975 4233 3070 4305 μὲν
3153 4229 3243 4287 διὰ
3309 4231 3516 4287 τούτων
3584 4251 3668 4284 σοι
3724 4233 3804 4302 τῷ

2143 4324 2330 4400 πατρὶ,
2393 4323 2726 4402 εὐφροσύνην
2787 4320 2845 4378 δὲ
2900 4321 2991 4377 καὶ
3042 4325 3122 4394 τῷ
3168 4317 3352 4394 λοιπῷ
3397 4319 3540 4396 γένει
3593 4315 3799 4390 διδοὺς,

2141 4419 2222 4487 τῷ
2250 4411 2306 4468 δὲ
2355 4411 2687 4490 λογογράφῳ
2733 4407 2876 4484 τῷδε
2923 4409 2993 4486 (εἰ
3043 4410 3146 4487 ἄρα
3191 4412 3449 4465 τοσοῦτον
3502 4426 3800 4485 συγχωρη-

2145 4502 2367 4576 θείημεν
2446 4500 2739 4557 ἀπολαύειν
2811 4503 2908 4555 τοῦ
2987 4499 3133 4576 βίου)
3188 4497 3445 4573 γλυκείας
3513 4493 3802 4575 φροντίδος

2144 4590 2472 4668 πειρωμένῳ
2507 4637 2520 4663 ,
2577 4590 2768 4666 καίπερ
2828 4585 2942 4645 ὅντι
2999 4609 3061 4666 γε
3114 4591 3413 4659 τηνικαῦτα
3478 4579 3755 4662 πρεσϐύτῃ
3787 4630 3802 4655 ,

2067 4665 2115 4729 D
2150 4665 2425 4755 μηδεμίαν
2501 4685 2608 4735 τῶν
2693 4665 2947 4755 μεγάλων
3004 4665 3169 4734 αὐτοῦ
3245 4676 3490 4754 πράξεων
3553 4677 3803 4750 παριέναι

2148 4770 2338 4845 λόγοις
2387 4769 2709 4846 ἀγέραστον.
2761 4767 2837 4824 Σὺ
2886 4765 2964 4841 δὲ,
3009 4767 3330 4844 ἀσύγκριτος
3383 4763 3455 4821 ὢν
3506 4765 3644 4844 πρὸς
3673 4763 3802 4827 τοὺς

2147 4857 2353 4922 ἄλλους
2403 4858 2488 4933 (οὐ
2536 4859 2640 4934 γὰρ
2689 4855 2891 4934 ἔχομεν
2945 4857 3071 4912 ὅτου
3122 4853 3323 4932 ῥᾳδίως
3371 4855 3589 4933 πράξεις
3635 4874 3806 4931 παρα-

2147 4945 2374 5006 ϐάλλειν
2424 4953 2544 5010 ταῖς
2595 4950 2757 5020 σαῖς),
2809 4946 2964 5020 ὅμως
3010 4945 3135 5002 νίκα
3181 4945 3400 5015 σαυτὸν,
3445 4945 3638 5021 ἀρετὰς
3683 4948 3806 5006 ταῖς

2147 5037 2388 5099 ἐνούσαις
2441 5035 2524 5092 ἀεὶ
2575 5035 2884 5113 προστιθεὶς
2929 5081 2944 5109 ,
3002 5032 3056 5090 εἷ’
3124 5055 3186 5112 γε
3260 5033 3291 5091 ὅ
3363 5055 3416 5091 τι
3479 5033 3806 5110 προσθήσεις

2146 5123 2459 5196 κατέλιπες,
2509 5125 2599 5181 καὶ
2651 5125 2919 5202 ἀριστείας
2970 5129 3090 5187 ταῖς
3142 5123 3478 5201 ἀριστείαις.
3529 5119 3667 5176 Νίκα
3715 5118 3806 5176 καὶ

2145 5218 2246 5286 τήν
2276 5221 2383 5271 τῶν
2418 5214 2666 5292 ῥητόρων
2713 5211 2976 5288 σπουδὴν,
3030 5213 3124 5277 οὓς
3176 5212 3236 5269 ἂν
3269 5214 3298 5269 ὁ
3343 5211 3481 5270 κατὰ
3507 5209 3566 5268 σὲ
3602 5207 3805 5286 χρόνος

2149 5305 2373 5384 ἐνέγκοι,
2422 5301 2670 5368 πολλοὺς
2721 5301 2778 5360 δὲ
2826 5305 3045 5367 πάντως
3104 5303 3328 5374 ἐνοίσει,
3387 5305 3520 5361 Θεοῦ
3573 5321 3658 5356 σοι
3715 5298 3807 5355 καὶ

2148 5403 2249 5466 τῆς
2307 5395 2515 5470 ἀγαθῆς
2569 5393 2937 5470 προαιρέσεως
3008 5394 3098 5450 καὶ
3152 5394 3253 5463 τήν
3319 5392 3528 5449 τούτων
3585 5389 3755 5470 φορὰν
3791 5435 3809 5463 ,

2149 5484 2289 5550 καθὰ
2318 5481 2385 5554 δὴ
2435 5481 2526 5538 καί
2563 5487 2670 5538 τῶν
2721 5481 2910 5539 ἄλλων
2963 5485 3172 5560 ἀγαθῶν
3222 5479 3455 5558 ἀνδρῶν,
3487 5480 3812 5558 ἐνεργήσον-

2149 5595 2264 5636 τος.
2325 5575 2478 5630 Ἔστι
2537 5574 2642 5649 γὰρ
2697 5574 2788 5629 καὶ
2842 5577 2950 5628 τῶν
3007 5571 3271 5628 τοιούτων
3326 5570 3490 5650 φορὰ,
3547 5567 3809 5647 βασιλεῦ,

2155 5662 2337 5738 ὥσπερ
2397 5659 2466 5730 δὴ
2523 5661 2612 5718 καὶ
2669 5667 2778 5718 τῶν
2828 5661 3103 5732 ἐναντίων,
3150 5663 3260 5715 τῶν
3307 5658 3607 5733 λυμεώνων
3659 5657 3808 5733 λέγω

2155 5751 2244 5808 καὶ
2303 5749 2543 5828 ὀλέθρων
2577 5798 2592 5826 ,
2646 5751 2818 5807 αἰτίαν
2877 5749 3101 5828 ἑκατέρα
3171 5750 3271 5820 τήν
3323 5753 3422 5804 τοῦ
3480 5753 3810 5825 κρατοῦντος
