4132 6444
339 398 459 472 417

1917 394 2181 471 CHaiA.

3633 414 3754 479 418

342 541 589 618 αὐχοῦσα
643 540 852 616 ψυχὴν,
891 536 928 608 ἤ
978 558 1040 614 γε
1095 538 1272 612 ἀγαθὴ
1323 535 1558 593 τελοῦσα
1611 539 1712 608 τήν
1762 539 1994 616 ἀγαθὴν,

2121 558 2288 615 super
2306 542 2470 599 vince
2488 543 2796 600 verborum
2821 545 3289 612 naturam,factis
3318 549 3572 619 probans
3597 568 3610 606 :
3635 569 3754 609 non

342 633 378 701 ἡ
439 627 486 686 δ’
543 630 608 685 αὖ
667 627 849 708 φαύλη
905 629 1008 697 τὴν
1063 624 1298 704 φαύλην·
1334 628 1363 682 ὁ
1412 629 1518 705 γὰρ
1580 629 1790 704 βωμὸς,
1843 628 1991 707 φασὶ,

343 719 482 797 πρὸς
526 719 619 773 τὸν
655 717 806 789 ναὸν,
838 716 929 772 καὶ
975 716 1040 772 τὸ
1089 716 1400 792 ἀρχόμενον
1431 716 1568 792 πρὸς
1597 717 1660 772 τὸ
1691 715 1863 794 ἄρχον
1896 719 1996 791 ἁρ-

349 808 591 883 μόζεται.
623 807 721 862 Καὶ
750 806 876 862 τίκα
902 807 1002 876 τὴν
1041 805 1196 884 φύσιν
1248 810 1358 860 τῶν
1409 804 1614 882 λόγων,
1639 812 1754 869 τοῖς
1815 804 1998 882 ἔργοις

343 897 587 975 ἐλέγχων
621 897 696 959 ὡς
728 895 829 951 οὐκ
858 896 960 970 ἄρα
991 893 1174 970 λόγος,
1206 896 1343 950 κατά
1385 892 1475 950 τὸν
1527 895 1758 972 ἀρχαῖον
1809 895 1995 972 λόγον,

345 987 421 1050 ὡς
473 988 502 1042 ὁ
559 984 779 1062 γενέτης
836 989 961 1046 νοῦς
1017 985 1190 1039 πάντα
1253 979 1676 1060 περιλαμϐάνειν
1737 983 1852 1062 ἔχει
1908 984 1999 1039 καὶ

344 1073 811 1152 περιδράσσεσθαι·
883 1072 1009 1128 ἀλλ’
1067 1071 1207 1128 ἔστιν
1279 1073 1342 1128 οὗ
1408 1073 1499 1128 καὶ
1577 1073 1838 1146 ἥττηται,
1890 1079 1998 1129 τῶν

347 1165 426 1228 εἰς
495 1163 728 1236 ἐξέτασιν
776 1163 1152 1239 προκειμένων
1221 1160 1556 1238 πραγμάτων
1614 1164 1690 1236 μὴ
1753 1162 2000 1240 ἐφικνού-

351 1275 529 1328 μενος.
581 1253 737 1308 Οὕτω
803 1253 947 1307 νίκα·
1007 1251 1097 1306 καὶ
1167 1254 1287 1321 ζῆθι
1350 1249 1475 1306 ὅσον
1543 1251 1805 1326 μήκιστόν
1859 1250 1999 1307 ἐστιν

347 1345 634 1420 ἀνθρώπῳ,
667 1341 890 1418 ἄγοντός
922 1361 980 1396 σε
1011 1338 1100 1396 διὰ
1138 1341 1318 1411 πάσης
1365 1348 1464 1410 τῆς
1511 1342 1658 1410 ζωῆς
1701 1345 1799 1395 τοῦ
1845 1345 2001 1408 Θεοῦ,

2105 633 2400 703 equidem,
2433 634 2746 700 sermonis,
2777 635 2878 690 sed
2911 636 3121 691 animae
3153 653 3280 708 quae
3311 643 3401 692 est
3431 638 3591 696 illius
3649 659 3752 713 pa-

2105 737 2260 789 rens,
2293 723 2492 778 omnia
2521 723 2888 795 inspicienda
2917 731 2978 778 et
3004 727 3557 796 comprehendenda
3585 747 3751 800 esse;

2107 812 2208 865 sed
2242 810 2343 866 illa
2372 809 2690 883 aliquando
2722 813 2936 876 deficit,
2999 829 3133 868 cum
3184 817 3359 870 rebus
3408 818 3479 872 ad
3512 818 3756 892 indaga-

2108 898 2328 954 tionem
2359 899 2467 954 sibi
2505 901 2818 971 propositis
2851 918 2964 956 non
3019 902 3295 958 sufﬁciat.
3328 906 3431 960 Sed
3466 905 3669 975 vince;
3701 912 3758 964 et

2107 986 2232 1042 vive
2258 1004 2434 1058 quam
2467 989 2803 1044 diutissime
2841 989 2928 1045 fas
2959 995 3050 1045 est
3077 991 3303 1047 homini
3333 993 3519 1051 vivere
3551 1017 3570 1051 :
3603 997 3758 1055 Deus

2110 1081 2166 1131 te
2198 1092 2301 1148 per
2328 1081 2510 1132 totam
2541 1079 2720 1132 vitam
2744 1078 2816 1133 ad
2847 1095 3023 1150 opera
3041 1082 3417 1152 generosiora
3433 1088 3491 1139 et
3519 1085 3759 1142 meliora

2109 1169 2166 1219 te
2195 1164 2430 1237 dirigat,
2463 1166 2545 1221 ita
2576 1171 2641 1220 ut
2696 1167 2767 1224 de
2795 1167 2982 1238 gloria
3038 1169 3096 1223 in
3128 1169 3400 1241 gloriam,
3432 1173 3504 1227 de
3534 1173 3759 1230 minore

2111 1251 2332 1309 scilicet
2389 1255 2457 1308 ad
2493 1256 2798 1326 majorem.
2860 1257 2933 1311 de
2991 1263 3278 1330 potestate
3307 1259 3363 1314 in
3411 1266 3759 1332 potestatem

2111 1343 2406 1414 proficias.

348 1431 438 1488 διὰ
480 1437 589 1488 τῶν
641 1431 1015 1506 εὐθυμοτέρων
1065 1431 1154 1485 καὶ
1206 1429 1522 1507 βελτιόνων,
1575 1431 1664 1486 καὶ
1709 1425 2102 1504 ἐμϐιϐάζοντος
2153 1430 2260 1484 ἀπὸ
2309 1428 2469 1501 δόξης
2521 1431 2595 1492 εἷς
2639 1429 2814 1505 δόξαν,
2861 1440 2962 1503 τῆς
3013 1433 3299 1498 ἐλάττονος
3347 1435 3562 1508 δηλαδὴ
3621 1428 3760 1517 πρὸς

344 1523 443 1592 τήν
481 1521 718 1596 μείζονα,
750 1521 840 1576 καὶ
871 1521 976 1576 ἀπὸ
1008 1518 1290 1594 δυνάμεως
1320 1519 1406 1574 ἐπὶ
1438 1516 1660 1594 δύναμιν
1695 1521 1828 1594 (26).

421 1651 533 1722 (26)
564 1646 1079 1725 Absoluta‘bujua
1107 1647 1357 1725 encomii
1411 1647 1686 1725 editione,
1747 1647 1998 1725 ir_1_codi-

2121 1665 2162 1699 τε
2188 1649 2285 1725 τοῦ
2317 1645 2653 1713 Φιλοπόνου,
2687 1644 2862 1725 φέρων
2912 1644 2968 1702 δὲ

348 1718 473 1778 cem
506 1718 735 1791 regium
764 1720 906 1774 2629
960 1718 1161 1785 indici,
1222 1735 1338 1791 quo
1390 1719 1999 1791 cumhaliisaliorum

349 1789 651 1864 opusculis
672 1791 1032 1864 continetur,
1066 1789 1320 1864 cumque
1344 1789 1586 1864 contuli,
1617 1790 1840 1861 majore
1870 1790 1999 1864 qui-

347 1861 480 1920 dem
512 1881 647 1920 cum
671 1862 869 1918 labore
899 1879 1076 1934 quam
1111 1861 1362 1934 utilitate
1392 1862 1488 1933 (a),
1513 1879 1648 1934 cum
1679 1865 1751 1917 ab
1785 1878 1851 1916 eo
1875 1861 2001 1934 ipso

347 1936 525 1991 fuerit
553 1935 791 1990 librario
823 1935 1155 2006 descriptus
1185 1933 1286 2004 qui
1335 1938 1392 1989 et
1421 1933 1681 1989 codicem
1711 1934 1812 2006 8731
1866 1933 2003 2006 des-

347 2007 576 2080 cripsit,
637 2022 936 2080 quo___sum
968 2005 1033 2080 in
1080 2005 1304 2080 edendo
1363 2009 1433 2080 et_
1476 2009 1534 2080 et
1592 2005 2000 2080 conAcinuando

347 2075 507 2134 textu
543 2075 710 2134 usus.
746 2077 849 2132 Hic
881 2076 1121 2148 quidem
1153 2077 1268 2131 ista
1298 2081 1390 2131 est
1418 2075 1478 2130 in
1518 2076 1793 2148 ipso‘fine
1823 2075 2001 2148 libra:

347 2151 421 2206 rii
455 2157 594 2206 nota
617 2142 938 2219 insignitus
974 2164 995 2219 :_
1027 2151 1100 2219 ἩΔ
1142 2149 1416 2219 παροῦσαΔ
1445 2142 1760 2219 πολυειδής
1805 2165 1865 2200 τε
1911 2145 2001 2200 καὶ

345 2220 665 2298 ’χρυσοεπὴς
724 2212 915 2294 βίϐλος
979 2216 1183 2295 ἐγράφη
1222 2212 1341 2290 ’μὲν
1398 2216 1501 2271 ὑπὸ
1531 2212 1717 2293 χειρὸς
1751 2217 2001 2271 Ἰωάννου

2700 1649 2862 1724 ρὲρων
2912 1649 2968 1702 δὲ
3024 1650 3220 1724 γελκαί
3281 1649 3528 1724 ἐπίκλιον
3589 1660 3762 1718 Ναθα-

2109 1715 2274 1794 ναὴλ,
2369 1715 2966 1794 μὲν-στραγγὲμόμενος
3026 1715 3144 1794 ὗπὸΔ
3178 1728 3280 1790 τῆς
3339 1721 3520 1793 δεινῆς
3576 1715 3760 1789 πενίας

2111 1785 2419 1868 ἐξὲγραψεν,
2474 1785 2568 1842 διά
2625 1785 2982 1868 τέηδαπάνης
3062 1791 3152 1868 καὶ
3229 1785 3591 1868 ᾇναλώματος
3664 1785 3762 1856 τοῦ

2112 1855 2491 1944 εὖγενεστάτου
2547 1855 2880 1944 περιϐοήτου
2912 1855 2994 1944 ’τε
3049 1864 3138 1918 καὶ
3165 1855 3465 1944 καλλίστου
3496 1855 3763 1944 ἄρχοντος

2112 1889 2491 1933 ευγινιιπατυυ
2547 1889 2880 1936 περιυοηῖυυ
2935 1889 2994 1917 τε
3049 1889 3465 1920 χαικαΛΛιστου
3496 1889 3763 1944 αρχοντος

2110 1931 2298 2025 κυρίου
2346 1931 2640 2025 Ἀντωνίου
2686 1938 2782 2025 τοῦ
2834 1932 3132 2025 Καλιέργου
3173 1933 3223 1990 ἐν
3274 1938 3512 2025 Γορτύνῃ
3550 1889 3766 2020 ἐλαφη-

2113 1953 2174 1986 κυ
2219 1951 2298 1986 ιου
2350 1951 2640 1986 Ἀντωνιου
2686 1954 2782 1988 του
2834 1951 3132 2011 ικαΛιεργου
3173 1951 3223 1990 εν
3274 1951 3512 2025 Γορτυνῃ
3550 1951 3764 2020 ἐλαφη-

2113 1951 2523 2088 ϐολιῶνοςιέπὶ
2582 2001 2709 2088 δέκα
2763 2004 3068 2088 ἱσταμένου,
3115 2011 3226 2088 ’τοῦ
3281 2029 3411 2088 αου-
3453 2016 3556 2088 φοῦ
3624 2013 3764 2085 μάου

2113 2073 2265 2155 ἔτους
2315 2075 2419 2155 ἀπὸ
2467 2073 3001 2155 τῇςλθεογονμίας-(ἃ
3048 2073 3496 2155 ὲοὶιὶοθι-1541ἳ.
3559 2073 3633 2140 In.
3673 2101 3766 2140 co.

2111 2148 2666 2224 d_icpﬂautem_2_629_,
2701 2148 2757 2220 p.
2790 2150 2882 2224 65,
2913 2148 3065 2206 hanc
3109 2153 3296 2224 reperi
3347 2148 3547 2212 notam
3582 2174 3596 2212 :
3629 2159 3764 2210 Θεοῦ

2110 2217 2172 2271 τὸ
2199 2214 2373 2292 δῶρον
2400 2217 2489 2271 καὶ
2524 2214 2774 2273 Ἰωάννου
2803 2220 2970 2282 πόνος
3000 2214 3279 2292 Ναθανῆλ.

413 2348 491 2410 (α)
511 2347 654 2397 Idem
686 2345 976 2396 dicendum
1004 2343 1072 2393 de
1102 2343 1286 2394 codice
1312 2342 1442 2406 Reg.
1475 2343 1595 2392 1310
1630 2343 1783 2406 cujus
1816 2343 2103 2393 varietates
2131 2343 2347 2406 collegit
2375 2344 2684 2393 Boissonad.
2715 2346 2772 2393 in
2801 2346 3101 2410 Prteloquio
3136 2347 3204 2397 ad
3233 2352 3362 2400 tom.
3390 2352 3454 2400 II.

1099 2491 3749 2518 Ἥ

493 2646 1831 2820 ΓΡΗΓΟΡΙΟΥ
1959 2646 2435 2818 ΤΟΥ
2556 2648 3628 2824 ΚΥΠΡΙΟΥ

1743 2933 2393 3072 ΧΡΕΜᾸ

941 3261 2184 3451 GBEGORII
2321 3259 3200 3454 CYPRII

1730 3580 2399 3704 CHRJA

434 3887 761 3964 Σωκράτους
823 3885 915 3960 μὲν
977 3883 1258 3952 ἐπαινέτην
1313 3881 1469 3956 οἶμαι
1516 3883 1691 3938 πάντα
1735 3881 2009 3958 πρόθυμον

2201 3882 2454 3939 Socratis
2511 3883 2781 3956 equidem
2839 3902 3323 3960 unumquemque
3367 3888 3618 3946 alacrem
3652 3907 3782 3949 esse

360 3979 497 4035 εἶναι
555 3975 819 4054 γενέσθαι,
851 3974 999 4036 ὅστις
1069 3970 1202 4045 οἶδε,
1265 3971 1435 4048 λέγω,
1493 3972 1554 4026 τὸ
1602 3968 1764 4026 τοῦδε
1819 3970 2018 4026 ὁπόσον

361 4069 453 4124 ἐπὶ
512 4065 675 4145 σοφίᾳ
720 4071 951 4139 προῆκε,
983 4061 1230 4138 γενέσθαι
1286 4058 1345 4115 δὲ
1401 4059 1554 4134 ὅμως
1591 4059 1880 4133 κατ’ἀξίαν
1932 4059 2022 4115 οὗ·

362 4155 510 4214 δὲνα.
544 4155 695 4210 Ἐπεὶ
742 4153 795 4208 τί
842 4175 926 4216 τις
974 4151 1034 4207 ἂν
1085 4151 1219 4226 ὑπὲρ
1264 4147 1458 4227 ἀνδρὸς
1507 4148 1628 4226 ἔχοι
1661 4147 1859 4226 λέγειν,
1893 4150 1951 4204 ὃν
1983 4152 2019 4219 ἡ

360 4245 536 4302 Πυθία
563 4239 922 4320 προλαϐοῦσα
953 4239 1016 4296 οὐ
1051 4239 1214 4314 μόνον
1250 4239 1382 4314 ὑπὲρ
1434 4237 1563 4300 τοὺς
1613 4236 1820 4300 ἄλλους
1871 4234 2021 4310 εἷ’ρη-

359 4357 453 4393 κεν
515 4335 647 4390 εἶναι
698 4332 882 4411 σοφὸν,
918 4328 1065 4386 ἀλλά
1115 4329 1206 4383 καὶ
1268 4326 1432 4405 μόνον
1488 4323 1647 4381 τόνδε
1703 4320 1866 4404 σοφόν
1897 4327 2014 4400 (1);

360 4423 464 4481 Καὶ
525 4423 770 4485 εἰκότως.
803 4423 919 4475 Τῶν
979 4419 1081 4496 γὰρ
1136 4415 1322 4472 ἄλλων
1371 4415 1586 4470 πάντων
1629 4414 1753 4491 περὶ
1797 4414 1863 4469 τὸ
1893 4435 2015 4492 φαι-

357 4513 594 4589 νόμενον
649 4511 739 4567 καὶ
795 4511 858 4566 τὸ
921 4507 1097 4564 δοκεῖν
1173 4503 1611 4575 σπουδαζόντων,
1670 4501 2022 4576 ἀμελούντων

361 4601 426 4659 δὲ
481 4601 618 4657 κατὰ
673 4599 846 4655 πάντα
903 4597 1066 4674 λόγον
1114 4600 1212 4651 τοῦ
1244 4595 1401 4665 εἶναι,
1435 4595 1464 4648 ὁ
1497 4591 1555 4648 δὲ
1601 4601 1704 4663 τῆς
1763 4591 2027 4664 ἀληθείας

361 4691 702 4769 ἐφρόντισεν,
731 4687 793 4742 οὐ
857 4686 1023 4762 μέχρι
1081 4689 1188 4740 τῶν
1249 4684 1542 4762 ὁρωμένων
1598 4686 1668 4757 τῇ
1725 4680 2030 4760 φιλοπραγ-

369 4781 576 4858 μοσύνῃ
641 4777 872 4848 σταθεὶς,
931 4775 1060 4830 ἀλλ’
1121 4770 1355 4850 ὑπερϐὰς
1410 4773 1500 4827 καὶ
1558 4773 1633 4834 εἷς
1689 4773 1874 4847 ψυχὴν
1934 4772 2026 4826 καὶ

360 4871 492 4932 νοὸς
550 4865 719 4924 ἄδυτα
772 4864 1114 4942 παρακύψας,
1173 4864 1264 4918 ἅτε
1325 4863 1399 4935 μή
1458 4865 1525 4935 τῇ
1565 4859 1832 4934 αἰσθήσει,
1889 4861 2026 4915 κατὰ

361 4957 496 5020 τοὺς
544 4954 771 5025 ἄλλους,
816 4952 1003 5030 ὁδηγῷ
1060 4952 1195 5026 πρὸς
1245 4953 1345 5021 τὴν
1399 4950 1606 5024 σκέψιν,
1640 4947 1786 5005 ἀλλὰ
1825 4953 1905 5021 τῷ
1948 4955 2026 5022 νῷ

362 5045 742 5124 κεχρημένος,
772 5045 818 5117 ᾧ
865 5065 926 5121 γε
970 5041 1121 5116 μόνῳ
1150 5043 1186 5110 ἡ
1216 5045 1322 5095 τῶν
1376 5035 1542 5095 ὄντων
1594 5034 1831 5115 ἀκριϐὴς
1867 5037 2031 5093 κατά-

366 5139 546 5212 ληψις
576 5136 802 5212 γίνεται.

2130 3972 2515 4039 laudatorem,
2548 3974 2649 4044 qui
2706 3973 2884 4040 novit,
2917 3975 3178 4044 inquam,
3229 3983 3517 4048 quantum
3549 3979 3663 4035 iste
3719 3981 3780 4036 in

2131 4060 2422 4131 sapientia
2451 4062 2817 4132 processerit,
2877 4063 3172 4120 neminem
3228 4081 3364 4121 vero
3403 4082 3552 4135 esse,
3595 4084 3782 4140 quan-

2132 4153 2261 4203 tum
2295 4149 2530 4214 meruit,
2553 4149 2825 4205 arbitror.
2851 4151 3000 4217 Quid
3032 4153 3190 4208 enim
3223 4152 3438 4225 aliquis
3466 4155 3784 4212 dicendum

2132 4237 2375 4294 haberet
2404 4240 2475 4294 de
2504 4238 2831 4311 viro,quem
2860 4240 3067 4313 Pythia
3095 4242 3433 4314 excipiendo
3463 4260 3579 4300 non
3611 4247 3785 4302 modo

2137 4327 2326 4400 magis
2357 4343 2534 4399 quam
2568 4327 2712 4383 alios
2743 4345 2872 4384 esse
2920 4330 3268 4401 sapientem,
3293 4333 3394 4387 sed
3426 4331 3618 4389 solum
3649 4350 3785 4390 eum

2136 4416 2461 4487 sapientem
2489 4416 2778 4487 judicavit
2799 4418 2826 4473 ?
2857 4418 2926 4474 Et
2954 4419 3162 4475 merito
3184 4421 3597 4491 quidem.Dum
3627 4423 3787 4478 enim

2137 4506 2329 4560 caeteri
2391 4521 2616 4573 omnes,
2668 4506 2739 4560 ad
2793 4511 3032 4562 externa
3063 4511 3122 4563 et
3151 4508 3368 4579 placita
3396 4510 3628 4579 intenti,
3663 4527 3786 4568 rem

2136 4592 2328 4665 ipsam
2358 4595 2417 4649 in
2449 4594 2610 4650 omni
2644 4611 2914 4652 sermone
2971 4595 3355 4670 negligerent,
3397 4597 3497 4654 ille
3525 4599 3790 4656 veritatis

2139 4683 2445 4739 studiosus
2503 4699 2617 4739 non
2674 4685 2829 4740 intra
2877 4684 3132 4741 visibilia
3161 4693 3398 4758 propter
3425 4686 3789 4760 diligentiam

2141 4772 2425 4840 constitit,
2460 4773 2560 4828 sed
2619 4789 2968 4844 progressus
2996 4778 3088 4829 est
3119 4791 3308 4846 usque
3339 4775 3410 4831 ad
3442 4776 3701 4833 animam
3733 4784 3793 4834 et

2141 4862 2201 4916 in
2229 4863 2444 4917 mentis
2483 4861 2724 4917 latebris
2755 4863 3120 4934 introspexit,
3157 4880 3272 4918 non
3303 4872 3640 4933 sensum,ut
3667 4867 3788 4935 alii,

2143 4951 2215 5006 ad
2245 4951 2672 5006 observandum
2705 4952 2938 5017 ducem,
2997 4952 3099 5006 sed
3132 4958 3388 5009 mentem
3422 4959 3789 5028 prosecutus,

2147 5055 2262 5110 quo
2294 5044 2526 5095 tantum
2558 5044 2831 5094 accurata
2860 5040 2926 5094 ﬁt
2955 5055 3150 5096 rerum
3193 5042 3506 5114 perceptio.

444 5283 521 5354 (1)
552 5280 769 5354 Pythiae
808 5275 1112 5354 oraculum
1142 5278 1331 5354 exstat
1360 5275 1420 5330 in
1451 5273 1691 5331 scholiis
1720 5275 1792 5330 ad
1822 5271 2009 5329 Nubes

2121 5273 2151 5326 5
2184 5290 2197 5330 :
2231 5271 2408 5350 Σοφὸς
2442 5268 2756 5349 Σοφοκλῆς·
2809 5271 3118 5349 σοφώτερος
3149 5270 3196 5326 δ’
3234 5271 3534 5350 Εὐριπόης’
3587 5269 3792 5349 ἀνδρῶν

366 5351 434 5408 δὲ
449 5343 667 5407 Ῐπᾶντων
704 5349 1002 5425 Σωκράτης
1036 5343 1371 5423 σοφώτατος,

438 5480 514 5540 (α)
543 5479 583 5528 Ε
612 5477 797 5528 codice
833 5480 975 5535 1310,
1027 5488 1148 5539 pag.
1175 5475 1310 5540 _107.
1351 5473 1442 5540 Est

1523 5470 1702 5542 uidem
1724 5471 1808 5542 __id
1855 5468 2179 5542 opusculum
2213 5483 2559 5542 anonymum
2579 5470 2634 5518 in
2686 5482 2751 5542 eo
2789 5470 2988 5542 codice,
3023 5470 3115 5542 sed
3148 5472 3573 5542 variis_G_regorii
3601 5471 3797 5542 libellis

369 5533 770 5604 interpositum,
803 5544 868 5604 ut
891 5533 1223 5604 de'auc‘toris
1247 5536 1466 5604 no_mine
1491 5533 1666 5604 facilis
1694 5533 2110 5604 sitconjectura.
2141 5533 2415 5582 Tribuitur
2443 5537 2498 5582 et
2523 5533 2772 5596 Gregorio
2801 5533 2994 5596 Cyprio
3023 5533 3079 5582 in
3109 5536 3292 5584 codice
3319 5533 3655 5585 bibliothecae
3677 5534 3796 5584 Lei-

372 5595 560 5657 densis
591 5619 603 5652 :
637 5595 767 5653 vide,
783 5603 988 5653 Fabric.
1025 5600 1264 5650 Biblioth.
1298 5600 1407 5660 Gr.,
1438 5595 1621 5660 t_VIll,
1655 5609 1709 5660 p.
1749 5598 1827 5646 62.

439 5669 459 5690 ’
490 5666 666 5724 οιυηα,
697 5670 830 5716 teste
869 5664 1212 5724 Qnmtiliano,
1245 5667 1362 5712 erat
1389 5654 1675 5723 cujusdam'
1701 5657 1980 5709 sententia:
2011 5655 2231 5708 celebris
2255 5658 2493 5709 oratoria
2522 5654 2885 5721 ampliﬁcatio,
2919 5669 3040 5724 quas
3069 5657 3128 5708 in
3157 5659 3432 5711 rethornm
3461 5659 3662 5712 scholis
3695 5659 3800 5714 fuit

375 5730 741 5782 usitatissima.
