4132 6422
373 371 492 434 419

1396 367 1713 432 GEORGII
1759 365 2023 430 CYPRII
2070 370 2186 429 cr.
2235 357 2764 431 ρΑΤΡιΙΑηοΗιΕ

3667 365 3786 432 420

447 503 518 558 Et
548 518 690 558 sane
721 501 974 559 Socratis
1003 500 1177 558 istius
1207 504 1338 557 acta
1365 506 1421 557 et
1449 517 1772 568 sermones,
1805 499 2013 573 quibus

2205 498 2303 552 Καὶ
2332 497 2510 554 τοίνυν
2567 498 2892 576 Σωκράτους
2949 501 3043 573 μὲν
3100 497 3260 556 τοῦδε
3307 498 3524 576 πράξεις
3577 521 3636 556 τε
3691 499 3782 555 καὶ

375 590 840 665 pulcherrimum
868 591 998 646 vitis
1059 589 1544 663 philosophorum
1600 589 1896 662 exemplar
1925 607 2019 645 ex-

375 681 545 748 stitit,
578 685 636 737 et
665 697 764 737 eos
823 681 924 753 qui
981 679 1066 735 illi
1099 680 1470 736 adhaeserunt
1502 679 1770 735 meliores
1803 678 2022 752 duplici

377 771 551 827 modo
610 770 905 843 produxit,
967 773 1096 824 tum
1150 785 1330 840 quam
1387 769 1606 841 optime
1654 785 1715 824 se
1745 768 2020 840 gerendo,

379 863 503 917 tum
552 860 624 916 de
679 859 852 915 rebus
896 857 1111 914 divinis
1157 863 1214 913 et
1262 857 1557 928 humanis,
1617 862 1682 911 ut
1711 873 1827 911 non
1859 855 2021 927 quis-

373 949 556 1022 piam,
616 947 1020 1021 philosophice
1077 946 1478 1014 edisserendo,
1538 945 1798 1001 evolvore
1847 944 2024 999 nimis

371 1038 616 1112 longum
647 1043 803 1094 esset
832 1041 932 1092 aut
961 1041 1123 1092 extra
1153 1043 1423 1091 nostrum
1467 1050 1724 1107 praesens
1755 1034 2021 1105 proposi-

372 1134 502 1184 tum
535 1145 548 1184 :
581 1143 738 1182 nunc
769 1130 964 1181 autem
995 1124 1164 1182 nobis
1209 1123 1330 1180 haec
1377 1124 1866 1194 praetereuntibus
1896 1123 2024 1193 (nec

371 1218 530 1273 enim
553 1215 721 1272 aliter
740 1214 863 1270 fieri
895 1217 1106 1286 potest)
1138 1229 1317 1268 unam
1340 1229 1408 1268 ex
1435 1213 1708 1268 omnibus
1731 1211 1790 1266 in
1825 1211 2023 1266 animo

369 1310 459 1362 est
489 1305 823 1378 praeclaram
881 1303 1134 1375 proferre
1191 1301 1567 1366 sententiam,
1601 1318 1728 1372 quas
1788 1305 1878 1356 est
1930 1316 2022 1356 sa-

374 1395 606 1468 pientia
634 1393 937 1450 Socraticae
971 1409 1084 1447 non
1116 1391 1402 1447 incertum
1435 1391 1730 1462 specimen
1766 1407 1780 1446 :
1817 1407 1885 1446 ea
1935 1393 2025 1446 est

379 1501 506 1557 quae
537 1484 607 1539 de
639 1481 879 1548 ratione,
914 1479 1148 1553 qualem
1207 1485 1264 1535 et
1305 1484 1586 1552 quantam
1619 1479 1777 1534 illius
1810 1495 1928 1534 rem
1961 1478 2022 1534 in

377 1573 658 1639 animam,
693 1570 977 1644 quamdiu
1037 1570 1166 1641 ejus
1225 1568 1487 1641 regimen
1535 1568 1730 1634 habet,
1766 1567 2022 1640 philoso-

373 1661 544 1736 phice
573 1659 870 1717 disseruit.

439 1771 511 1826 Et
540 1768 682 1842 quid
729 1766 917 1824 dicit?
964 1789 992 1816 «
1036 1765 1182 1821 Aliis
1230 1765 1502 1838 equidem
1534 1763 1648 1820 alia
1680 1769 1819 1820 sunt
1849 1781 2020 1820 orna-

2134 585 2330 664 λόγους
2387 587 2514 649 τοὺς
2577 586 2802 658 ἄλλους,
2856 586 2925 643 δι’
2975 589 3047 643 ὧν
3111 588 3406 644 κάλλιπον
3475 588 3782 666 ἀρχέτυπον

2133 681 2232 732 106
2297 673 2610 756 φιλοσόφων
2664 673 2870 754 ἐγένετο
2924 677 3067 753 βίου.
3113 678 3203 732 καὶ
3259 677 3506 754 βελτίους
3557 677 3684 740 τούς
3736 679 3785 753 γ’

2133 766 2320 839 ἐκείνῳ
2402 766 2848 844 προσεσχηκότας
2929 768 3256 846 ἑκατέρωθεν
3324 765 3546 841 ἔδειξεν,
3605 765 3654 840 ἐξ
3713 768 3788 821 ὧν

2131 877 2190 911 τε
2238 857 2312 918 ὡς
2357 858 2547 933 ἄριστα
2595 854 3005 930 ἐπολιτεύσατο,
3052 855 3142 912 καί
3193 858 3266 911 ὧν
3316 857 3440 934 περί
3505 879 3563 912 τε
3628 856 3784 912 θείων

2133 945 2257 1022 περί
2311 952 2356 1000 τ’
2412 946 2764 1022 ἀνθρωπίνων
2825 945 3158 1022 πραγμάτων
3225 947 3298 1008 ὡς
3355 944 3480 1001 οὐδέ
3532 967 3617 1008 τις
3676 945 3787 1024 ἐφι-

2137 1030 2431 1112 λοσόφησε,
2487 1032 2731 1108 διεξιέναι
2795 1035 3127 1112 μακρότερον
3180 1036 3238 1090 ἂν
3296 1033 3379 1104 εἷή
3422 1035 3456 1104 ἢ
3502 1035 3639 1089 κατὰ
3691 1036 3783 1089 τὸν

2133 1123 2374 1199 παρόντα
2419 1128 2516 1178 106
2569 1122 2738 1200 λόγου
2799 1125 3023 1180 σκοπόν·
3072 1124 3188 1179 νυνὶ
3235 1122 3279 1180 δ’
3325 1124 3546 1201 ἀφέντας
3609 1123 3787 1179 ἐκεῖνα

2127 1211 2280 1283 (οὐδὲ
2334 1214 2436 1289 γὰρ
2487 1209 2673 1276 ἄλλως
2725 1213 2836 1268 οἷόν
2900 1216 3000 1286 τε),
3044 1212 3100 1268 ἓν
3146 1213 3197 1283 ἐξ
3239 1214 3488 1268 ἁπάντων
3541 1216 3784 1289 ἡγοῦμαι

2131 1308 2414 1378 προθεῖναι
2468 1302 2658 1372 καλὸν,
2692 1299 2749 1357 ὅν
2794 1324 2857 1378 γε
2903 1302 2993 1358 καὶ
3038 1307 3200 1358 τοῦτο
3245 1302 3344 1359 οὐκ
3393 1299 3632 1378 ἀμυδρὰν
3683 1309 3784 1372 τῆς

2135 1393 2458 1468 Σωκράτους
2539 1390 2730 1470 σοφίας
2811 1393 3132 1468 τεκμήριον·
3192 1392 3255 1446 τὸ
3341 1388 3398 1446 δέ
3478 1389 3640 1462 ἐστιν,
3694 1390 3786 1468 ὅγε

2131 1481 2255 1556 περὶ
2313 1484 2412 1536 106
2474 1478 2663 1557 λόγου,
2726 1480 2838 1535 οἷόν
2891 1501 2942 1535 τι
3001 1481 3090 1535 καὶ
3164 1479 3287 1536 ὅσον
3350 1479 3509 1542 οὗτος
3568 1476 3783 1535 δύναται

2132 1570 2208 1633 εἰς
2257 1571 2464 1646 ψυχὴν,
2516 1569 2752 1640 ὁπηνίκα
2814 1572 2916 1640 τὴν
2986 1569 3188 1640 ταύτης
3254 1564 3575 1646 κυϐέρνησιν
3638 1568 3782 1647 ἔχοι,

2131 1657 2517 1738 ἐφιλοσόφησε.

2201 1766 2300 1821 Καὶ
2355 1767 2407 1821 τί
2460 1785 2637 1844 φησι;
2696 1791 2723 1816 ‹‹
2783 1764 3014 1828 Ἀλλοις
3078 1767 3171 1839 μὲν
3251 1762 3396 1820 ἄλλα
3477 1771 3784 1839 κοσμεῖται·

367 1863 568 1916 menta
600 1875 614 1914 :
647 1856 861 1912 animas
918 1872 1052 1912 vero
1100 1854 1402 1928 pr0prium
1453 1858 1863 1909 ornamentum
1896 1851 2013 1908 sola

2130 1859 2315 1932 ψυχῆς
2367 1854 2424 1910 δὶ
2479 1857 2778 1932 κοσμήτωρ
2842 1855 3045 1917 οἰκεῖος
3106 1853 3273 1928 μόνος
3304 1855 3332 1908 ὁ
3373 1851 3561 1929 λόγος,
3594 1851 3663 1910 δι’
3721 1854 3785 1909 οὗ

373 1948 544 2019 ratio,
579 1963 682 2018 per
711 1961 889 2017 quam
919 1948 1035 2000 ista
1065 1961 1206 2000 sane
1263 1943 1460 2016 seipsa
1517 1941 1909 2014 pulcherrima
1937 1941 2018 1996 ef-

371 2035 593 2110 fulget;
624 2035 708 2090 ita
737 2039 824 2100 ut,
884 2032 1000 2088 nisi
1054 2031 1157 2087 illa
1210 2031 1320 2088 hoc
1351 2035 1763 2088 ornamentum
1812 2031 2021 2085 admit-

367 2130 479 2193 tat,
511 2122 844 2196 periculum
875 2127 964 2178 est
993 2137 1065 2176 ne
1124 2137 1478 2193 quocunque
1529 2121 1607 2176 sit
1663 2121 1862 2175 anima
1893 2125 2020 2174 tur-

366 2213 515 2287 pior.
550 2235 580 2264 ››

439 2302 569 2359 Haec
601 2307 893 2374 sunt-quae
951 2301 1022 2356 de
1081 2300 1302 2356 ratione
1342 2301 1610 2356 Socrates
1642 2299 1816 2355 habet
1849 2317 1861 2354 :
1895 2298 2015 2354 viro

367 2397 564 2448 autem
595 2395 653 2447 et
690 2389 853 2446 illius
880 2389 1169 2462 sapientia
1198 2389 1376 2462 digna
1405 2405 1532 2445 esse
1563 2389 1815 2461 quisque
1845 2405 2013 2444 accu-

363 2485 489 2538 rate
519 2479 852 2554 perspiciet,
888 2479 937 2534 si
968 2478 1060 2534 bis
1090 2477 1476 2550 sequentibus
1507 2477 1795 2533 intendat.

435 2587 603 2644 Ratio
634 2587 842 2643 anima
871 2591 1098 2645 coercet
1126 2588 1434 2658 impetum,
1472 2590 1529 2641 et
1554 2585 1842 2641 malorum
1875 2602 2011 2641 con-

361 2676 726 2749 cupiscentia
757 2677 980 2731 ratione
1011 2676 1248 2747 fugatur
1279 2691 1292 2730 :
1326 2675 1703 2746 potissimum
1733 2692 1867 2730 vero
1899 2675 2013 2730 ista

363 2783 466 2840 per
495 2767 782 2822 rationem
813 2765 872 2820 in
894 2765 1180 2820 virtutum
1205 2768 1478 2818 naturam
1510 2766 1745 2820 abeunt.
1779 2764 2010 2820 Scimus

360 2856 518 2912 enim
548 2855 744 2911 enasci
776 2853 1130 2920 virilitatem,
1190 2869 1325 2908 cum
1357 2853 1502 2908 ratio
1549 2852 1837 2924 impetum
1878 2852 2004 2908 ani-

361 2961 473 3000 mae
504 2945 856 3011 comitatur;
887 2948 946 2998 et
977 2943 1235 3014 aliquam
1294 2959 1418 2996 rem
1470 2943 1695 2996 ratione
1724 2942 2010 3014 concupi-

359 3039 620 3089 scentem
653 3049 825 3088 nemo
856 3037 921 3087 ut
951 3030 1173 3086 malum
1205 3032 1544 3103 objurgaret
1570 3048 1582 3097 ;
1613 3031 1758 3102 justi
1791 3031 2008 3086 baben-

359 3127 456 3177 tur
486 3121 776 3188 homines,
809 3122 908 3176 sed
962 3138 1095 3176 cum
1129 3120 1222 3175 his
1273 3137 1400 3191 quas
1449 3120 1692 3190 faciunt,
1724 3121 2007 3175 rationem

361 3210 684 3278 adhibent;
717 3215 772 3266 et
807 3209 1100 3281 sapientes
1159 3226 1274 3264 non
1333 3210 1466 3280 quis
1524 3209 1871 3277 nominabit,
1904 3209 2006 3264 sed

361 3316 512 3372 quos
541 3300 701 3356 novit
729 3299 1016 3354 rationem
1068 3298 1320 3354 maxime
1352 3304 1730 3370 prosecutos;
1766 3298 2008 3354 scientia

359 3404 462 3461 per
492 3389 778 3444 rationem
833 3389 1031 3444 anima
1058 3387 1392 3455 instruitur,
1425 3391 1483 3442 et
1512 3387 1779 3443 notitiam
1813 3403 2008 3442 rerum

359 3494 487 3550 quae
515 3494 696 3534 sensu
725 3476 1012 3549 effugiunt
1071 3494 1139 3532 ex
1176 3477 1400 3532 ratione
1443 3476 1714 3531 homines
1746 3477 2008 3548 assequi-

360 3584 535 3636 mur;
567 3566 936 3622 mirationem
965 3566 1144 3622 habet
1174 3565 1336 3622 solus
1380 3565 1555 3621 homo
1587 3582 1764 3636 super
1791 3569 2008 3621 terram

354 3656 460 3712 sed
507 3656 790 3711 nimirum
850 3663 1084 3727 propter
1143 3655 1450 3721 rationem,
1483 3659 1540 3709 et
1570 3671 1749 3726 supra
1779 3659 2011 3709 terrena

355 3749 472 3801 stat
501 3744 647 3801 illud
680 3743 898 3800 animal
929 3744 1172 3800 rationis
1204 3761 1383 3800 manu
1416 3744 1658 3799 ductum
1695 3769 1708 3810 ;
1751 3745 2006 3814 inventa,

358 3839 518 3890 artes
547 3838 605 3890 et
639 3833 888 3890 artiﬁcia
918 3833 1368 3902 omnia,ratione
1398 3833 1750 3906 gignuntur;
1776 3833 2008 3904 sapien-

358 3923 456 3980 tiae
488 3927 677 3980 mater
732 3923 900 3994 ratio,
959 3927 1016 3978 et
1067 3923 1261 3978 omnis
1291 3922 1476 3978 virtus
1525 3922 1810 3978 rationem
1842 3937 2008 3994 gene-

359 4012 566 4069 tricem
597 4013 871 4069 obtinuit.
904 4012 1029 4068 Non
1063 4012 1258 4068 locum
1291 4012 1469 4068 habet
1501 4012 1747 4078 malum,
1779 4011 1879 4066 ubi
1908 4010 2011 4066 illa

360 4105 521 4159 tenet
549 4103 885 4175 imperium,
919 4107 977 4158 et
1004 4102 1198 4158 omnis
1227 4101 1412 4157 virtus
1443 4101 1756 4158 adducitur
1786 4117 1888 4174 per
1916 4117 2008 4156 ra-

361 4192 541 4248 tionis
572 4191 924 4249 libertatem.

430 4370 561 4427 Hac
591 4373 648 4426 et
677 4369 847 4442 plura
876 4371 1048 4426 etiam
1092 4371 1150 4425 in
1185 4371 1384 4426 anima
1411 4387 1513 4443 per
1572 4369 1858 4427 rationem
1889 4371 2009 4428 effi-

359 4460 614 4529 ciuntur,
676 4477 812 4516 cum
869 4459 1032 4514 illius
1076 4459 1560 4532 gubernationem
1605 4460 1854 4532 arripuit
1901 4478 1913 4516 :
1959 4461 2008 4516 si

359 4554 557 4606 autem
587 4548 746 4605 aliud
779 4566 882 4622 pro
911 4548 1014 4603 illa
1069 4549 1330 4604 animam
1361 4549 1719 4620 dominatur,
1781 4555 1925 4622 quot
1954 4553 2012 4605 et

2131 1942 2197 2015 δὴ
2243 1946 2332 1999 καὶ
2379 1945 2650 2015 καλλίστη
2703 1944 2836 2013 αύτὴ
2885 1945 3080 2013 ἑαυτῆς
3140 1942 3541 2022 καταφαίνεται’
3585 1943 3682 2015 ὡς,
3735 1942 3787 1999 εἰ

2131 2036 2206 2107 μὴ
2274 2033 2430 2096 οὗτός
2479 2055 2542 2108 γε
2595 2036 2863 2107 κοσμήσει
2925 2027 3281 2106 παραλαϐὼν,
3324 2029 3621 2087 κινδυνεύει
3684 2037 3782 2087 106

2126 2124 2326 2185 παντὸς
2358 2122 2562 2199 αἰσχίω
2595 2125 2728 2178 εἶναι
2760 2125 2963 2198 ψυχήν.
3000 2148 3027 2174 ››

2200 2301 2362 2356 Καὶᾶ
2409 2303 2504 2375 μὲν
2559 2301 2682 2378 περὶ
2730 2306 2827 2356 106
2876 2301 3047 2376 λόγου
3092 2302 3408 2376 Σωκράτης,
3461 2305 3647 2356 ταῦτα·
3701 2301 3776 2364 ὡς

2071 2451 2078 2455 η
2125 2385 2183 2443 δὲ
2229 2393 2326 2443 106
2369 2387 2565 2465 ἀνδρὸς
2615 2387 2734 2459 ἄξια
2780 2388 2868 2443 καὶ
2919 2391 3018 2457 τῆς
3067 2387 3272 2444 ἐκείνου
3313 2389 3504 2467 σοφίας
3535 2385 3776 2467 ἀκριϐώ-

2124 2480 2259 2533 σαιτ’
2293 2478 2351 2532 ἄν
2382 2499 2467 2540 τις
2497 2476 2701 2549 καλῶς,
2735 2478 3024 2554 προσέχων
3054 2483 3171 2540 τοῖς
3208 2479 3342 2552 μετὰ
3368 2482 3556 2535 ταῦτα.

2193 2585 2371 2660 Λόγος
2438 2593 2540 2655 τῆς
2617 2589 2803 2661 ψυχῆς
2882 2584 3104 2661 ἐξορίζει
3178 2586 3370 2658 θυμὸν,
3423 2586 3513 2640 καὶ
3593 2590 3776 2640 κακῶν

2123 2675 2383 2748 ἐπιθυμία
2449 2672 2804 2753 φυγαδεύεται
2873 2672 3048 2750 λόγῳ·
3107 2671 3343 2747 μάλιστα
3382 2671 3440 2728 δὲ
3493 2675 3627 2748 μετᾶ
3675 2672 3772 2729 λό-

2119 2785 2218 2840 γου
2270 2763 2359 2818 καὶ
2414 2769 2581 2818 ταῦτα
2635 2762 2709 2826 εἷίς
2767 2763 2862 2826 τὰς
2917 2768 3023 2818 τῶν
3101 2763 3306 2840 ἀρετῶν
3391 2759 3772 2837 μεταϐαίνουσι

2121 2853 2327 2931 φύσεις.
2413 2852 2691 2928 Γίγνεσθαι
2764 2853 2868 2929 γὰρ
2945 2851 3106 2926 ’ίσμεν
3183 2850 3423 2929 ἀνδρίαν,
3484 2855 3621 2926 μετά
3676 2858 3774 2908 106

2121 2941 2291 3017 λόγου
2341 2946 2438 2997 106
2488 2946 2662 3014 θυμοῦ
2710 2941 3056 3018 γιγνομένου·
3111 2942 3200 2996 καὶ
3249 2942 3386 2997 κατὰ
3433 2939 3600 3016 λόγον
3653 2941 3770 2997 ἐπι-

2118 3033 2364 3105 θυμήσας
2421 3053 2506 3094 τις
2566 3030 2665 3087 οὒκ
2722 3031 2780 3086 ἂν
2830 3032 2906 3094 ὡς
2953 3033 3116 3094 κακὸς
3150 3026 3531 3086 διαϐάλλοιτοο
3567 3029 3766 3086 δίκαιοι

2117 3119 2434 3194 νομίζονται
2491 3118 2788 3191 ἄνθρωποι,
2819 3119 2946 3176 ἀλλ’
2992 3120 3140 3193 ὅταν,
3202 3120 3283 3198 ἐφ’
3331 3121 3405 3174 ὦν
3453 3119 3771 3196 πράττουσι,

2117 3211 2208 3264 τὸν
2262 3209 2423 3285 λόγον
2473 3204 2920 3286 προϐάλλωνται·
2972 3210 3062 3264 καὶ
3109 3209 3410 3288 φρονίμους
3480 3208 3578 3263 οὐκ
3645 3209 3775 3264 ὀνο-

2124 3300 2281 3372 μάσει
2323 3319 2430 3365 τις,
2483 3296 2610 3354 ἀλλ’
2659 3297 2750 3360 οὒς
2812 3296 2926 3353 οἶδε
2979 3297 3215 3372 μάλιστα
3261 3298 3644 3374 κεχρημένους
3695 3303 3774 3371 τῷ

2120 3387 2288 3463 λόγῳ·
2342 3386 2619 3460 ἐπιστήμη
2673 3384 2762 3441 διὰ
2827 3385 3000 3462 λόγου
3067 3388 3418 3464 προσγίνεται
3472 3392 3541 3461 τῇ
3593 3390 3770 3464 ψυχῇν

2116 3476 2207 3531 καὶ
2263 3481 2458 3551 γνῶσιν
2511 3477 2609 3544 τήν
2672 3476 2804 3552 ὑπὲρ
2864 3474 3112 3547 αἴσθησιν
3175 3476 3324 3550 μόνῳ
3368 3481 3447 3548 τῷ
3497 3474 3648 3552 λόγῳ
3679 3489 3776 3547 θη-

2120 3565 2347 3642 ρεύομεν
2398 3562 2696 3639 ἄνθρωπον
2747 3568 3077 3639 θαυμάζεται
3131 3566 3294 3640 μόνος
3347 3555 3631 3641 ἅνθρωπος
3682 3564 3774 3619 ἐπὶ

2118 3662 2245 3730 γῆς,
2280 3653 2406 3710 ἀλλ’
2452 3652 2608 3710 ἕνεκά
2663 3677 2723 3730 γε
2777 3659 2874 3709 106
2935 3655 3131 3730 λόγου,
3161 3655 3251 3710 καὶ
3313 3654 3445 3731 ὑπὲρ
3501 3655 3570 3709 τὰ
3625 3654 3774 3709 κάτω

2116 3745 2318 3820 γίνεται
2371 3749 2532 3800 τοῦτο
2582 3745 2642 3800 τὸ
2704 3749 2839 3814 ζῶον
2891 3750 2970 3817 τῷ
3030 3743 3182 3820 λόγῳ
3233 3744 3766 3824 χειραγωγούμενον·

2119 3833 2373 3906 ἐπίνοιαι,
2417 3835 2609 3910 τέχναι
2668 3855 2726 3889 τε
2772 3841 2936 3889 πᾶσαι
2985 3835 3074 3889 καὶ
3129 3833 3394 3909 μηχαναὶ,
3448 3823 3544 3888 106
3609 3833 3776 3909 λόγου

2117 3926 2450 3998 γεννήματα⁸
2512 3923 2701 4002 σοφίας
2753 3925 2934 4000 πατὴρ
2967 3925 2995 3977 ὁ
3026 3922 3216 3999 λόγος,
3257 3922 3346 3977 καὶ
3405 3921 3570 3998 ἀρετή
3631 3928 3776 3977 πᾶσα

2117 4015 2418 4090 γεννήτορά
2483 4013 2575 4068 τὸν
2645 4012 2810 4088 λόγον
2857 4011 3259 4083 πεπλούτηκεν.
3320 4011 3431 4066 Οὐκ
3487 4007 3602 4087 ἔχει
3654 4013 3773 4088 χώ-

2120 4122 2213 4179 ραν
2273 4103 2454 4174 κακία,
2487 4101 2625 4158 ὅπου
2679 4103 2743 4158 τὸ
2799 4103 2996 4178 κράτος
3054 4098 3197 4178 ἔχων
3260 4100 3399 4156 ἐστὶν
3451 4100 3630 4170 οὗτος,
3681 4101 3774 4155 καὶ

2119 4193 2283 4268 ἀρετὴ
2341 4191 2399 4248 δὲ
2455 4198 2601 4247 πᾶσα
2672 4195 2738 4266 τῇ
2812 4196 2909 4246 106
2984 4191 3152 4267 λόγου
3214 4189 3492 4267 παρῥησίᾳ
3567 4188 3780 4265 εἰσάγε-

2117 4303 2224 4337 ται.

2188 4376 2363 4426 Ταῦτα
2422 4372 2516 4444 μὲν
2575 4369 2641 4440 δὴ
2689 4371 2780 4426 καὶ
2808 4371 2874 4426 τὰ
2901 4370 3108 4426 τούτων
3142 4367 3221 4424 ἔτι
3249 4368 3426 4425 πλείω
3457 4366 3546 4424 διὰ
3602 4366 3776 4444 λόγου

2119 4460 2323 4536 γίνεται
2370 4464 2439 4534 τῇ
2473 4463 2649 4537 ψυχῇ,
2683 4459 2806 4515 ὅταν
2853 4455 2955 4535 ἔχῃ
3007 4458 3372 4536 ἐγχειρισθεὶς
3417 4459 3517 4528 τήν
3570 4457 3774 4528 ταύτης

2117 4545 2454 4622 κυϐέενησινο
2516 4549 2575 4604 ἂν
2637 4547 2681 4604 δ’
2739 4546 2920 4626 ἕτερον
2983 4547 3100 4604 ἀντί
3149 4549 3346 4604 τούτου
3425 4551 3598 4624 κρατῇ
3671 4554 3773 4617 τῆς

362 4643 584 4712 quanta
612 4635 805 4694 mala!
841 4637 1052 4694 Statim
1084 4639 1144 4692 in
1192 4654 1260 4693 ea
1313 4637 1695 4709 perturbatio,
1730 4655 1796 4694 ac
1828 4637 2012 4694 malo-

2130 4643 2324 4716 ψυχῆς,
2357 4641 2446 4693 οἵα
2502 4640 2590 4694 καὶ
2649 4638 2747 4693 ὅσα
2803 4639 2872 4694 τὰ
2926 4636 3177 4714 χαλεπάί
3230 4637 3376 4708 Ζάλη
3431 4637 3556 4714 περὶ
3604 4636 3772 4706 αὐτὴν

362 4745 495 4785 rum
543 4729 916 4796 resurrectio,
966 4731 1024 4782 et
1070 4731 1410 4783 casterorum
1463 4728 1755 4800 appetitus
1787 4732 1844 4784 et
1873 4745 2009 4784 con-

367 4817 748 4889 cupiscentia,
812 4816 1030 4888 quibus
1083 4815 1400 4889 illaqueata
1453 4816 1514 4871 in
1573 4817 1864 4889 sapientia
1896 4834 2012 4872 non

361 4905 726 4972 consisteret,
757 4910 954 4961 motus
986 4906 1194 4961 rationi
1253 4904 1527 4960 contrarii
1575 4911 1632 4961 et
1672 4905 2009 4976 inordinati,

362 4999 538 5067 atque
584 4992 731 5048 nihil
766 4994 1014 5067 dignum
1072 5010 1138 5050 ac
1195 4994 1491 5050 decorum.
1527 4994 1696 5061 Nam,
1729 4995 2012 5066 quoniam

362 5099 726 5154 quiscunque
757 5083 934 5150 mala,
995 5087 1279 5154 praesente
1318 5081 1567 5149 ratione,
1597 5083 1835 5152 absunt,
1868 5085 2012 5152 haec,

363 5172 413 5228 si
447 5187 562 5227 non
585 5176 930 5243 permaneat
960 5171 1340 5237 ratio,adesse
1370 5187 1607 5227 necesse
1636 5177 1727 5228 est
1760 5189 1772 5228 :
1807 5173 2013 5229 eodem

341 5261 485 5316 'fere
518 5260 690 5315 modo
724 5276 790 5315 ac
821 5277 956 5316 mox
984 5264 1073 5315 est
1119 5260 1380 5316 defectus
1427 5258 1692 5326 luminis,
1742 5277 1857 5332 quo
1890 5261 2015 5317 dies

365 5349 639 5414 efﬁcitur,
668 5353 725 5404 et
753 5349 995 5404 morbus
1029 5348 1282 5415 advolat,
1305 5365 1441 5405 cum
1473 5350 1688 5405 recedit
1713 5367 1746 5405 a
1776 5367 2014 5422 corpore

372 5438 618 5495 sanitas.

437 5615 574 5681 Quae
627 5616 823 5674 omnia
882 5618 1139 5690 profecto
1191 5617 1580 5690 conspiciens,
1641 5620 2017 5692 Sophronisci

375 5705 531 5766 ﬁlius
581 5711 846 5763 Socrates
879 5705 1162 5763 rationem
1203 5707 1489 5764 bonarum
1519 5708 1848 5766 animarum
1879 5727 2018 5783 pro-

2123 4729 2333 4798 αὐτίκα,
2389 4729 2480 4783 καὶ
2561 4733 2739 4783 κακῶν
2828 4727 3201 4798 ἐπανάστασις,
3258 4732 3366 4782 τῶν
3449 4748 3509 4782 τε
3585 4725 3774 4782 ἄλλων

2119 4820 2209 4874 καὶ
2255 4816 2321 4887 δὴ
2365 4818 2454 4873 καὶ
2503 4819 2678 4891 θυμοῦ
2737 4818 2828 4873 καὶ
2897 4818 3204 4891 ἐπιθυμίας,
3261 4818 3346 4895 ὑφ’
3397 4817 3470 4871 ὧν
3537 4836 3776 4891 κατεχο-

2127 4909 2257 4983 μένη
2318 4905 2432 4962 οὐδ’
2490 4907 2549 4962 ἂν
2607 4907 2683 4962 ἔτι
2737 4912 2920 4986 σαφῶς
2997 4908 3148 4980 μένοι
3215 4907 3391 4982 ψυχὴ,
3450 4906 3513 4961 τὸ
3575 4905 3774 4960 οἷ’κεῖον

2125 4997 2437 5054 ἀπολέσασα
2493 4994 2659 5068 εἶδος,
2708 4997 2921 5068 κίνησις
2975 4998 3122 5072 παρὰ
3180 4995 3343 5072 λόγον
3387 4995 3478 5050 καὶ
3525 4993 3775 5064 ἄτακτος,

2194 5088 2209 5108 κ
2281 5083 2336 5107 ,λ
2949 5087 2965 5108 \
3076 5090 3101 5100 θ’
3603 5085 3613 5104 9

2121 5107 2210 5142 και
2239 5088 2392 5142 ουοὶν
2441 5086 2573 5160 μετὰ
2619 5086 2830 5160 κόσμου
2875 5107 2966 5141 και
3008 5107 3106 5142 του
3153 5087 3548 5162 προσήκοντος.
3617 5089 3778 5137 Επει-

2125 5174 2297 5251 δήπερ
2355 5176 2445 5230 καὶ
2514 5177 2667 5231 πάνθ’
2733 5175 2854 5244 ὅσα,
2905 5181 3001 5231 106
3060 5175 3226 5251 λόγου
3283 5175 3569 5250 παρόντος,
3631 5172 3772 5240 ἀπῆν

2122 5269 2229 5319 τῶν
2291 5261 2494 5336 δεινῶν,
2522 5267 2690 5318 ταῦτα
2745 5269 2994 5341 παρεῖναι
3055 5265 3277 5340 ἀνάγνη,
3322 5267 3419 5318 106
3478 5260 3642 5336 λόγου
3696 5260 3772 5333 μὴ

2123 5353 2548 5428 παραμένοντος·
2610 5352 2791 5430 ὥσπερ
2851 5351 2990 5422 δῆτα
3045 5353 3133 5407 καὶ
3193 5352 3280 5425 νύξ
3340 5351 3479 5407 ἐστιν
3546 5347 3780 5404 ἀπουσία

2124 5448 2220 5498 106
2263 5444 2361 5510 τὴν
2410 5443 2619 5519 ἡμέραν
2671 5447 2954 5504 ποιοῦντος
3002 5443 3206 5520 φωτὸς,
3235 5441 3326 5496 καὶ
3375 5441 3534 5503 νόσος
3575 5439 3784 5516 ἐπιτρέ-

2126 5552 2238 5607 χει,
2269 5537 2369 5600 τῆς
2403 5531 2578 5607 ὑγείας
2609 5529 3008 5606 ἀποδημούσης
3033 5536 3132 5586 106
3161 5531 3439 5604 σώματος.

2195 5623 2264 5678 Ἃ
2293 5618 2360 5692 δὴ
2421 5619 2594 5676 πάντα
2648 5627 2888 5698 συνορῶν
2944 5623 2972 5676 ὁ
3031 5619 3422 5700 Σωφρονίσκου
3481 5621 3784 5696 Σωκράτης

2125 5709 2372 5780 πλάστην
2443 5711 2658 5787 ἀγαθῶν
2733 5717 2840 5766 τῶν
2919 5713 3111 5787 ψυχῶν
3180 5710 3272 5765 τὸν
3332 5708 3495 5787 λόγον
3555 5705 3781 5781 ἐδίδαξε,
