4132 6476
311 379 424 448 421

1581 377 1964 450 EPISTULA
1975 375 2136 448 RUM
2184 376 2422 448 INDEX
2437 431 2450 446 .

3609 387 3728 451 422

314 519 413 574 Καὶ
462 517 567 594 γὰρ
631 516 690 571 ὃν
737 514 941 592 τρόπον
987 515 1038 573 ἐν
1086 516 1232 590 οῗκίᾳ
1277 521 1358 590 τῷ
1406 514 1639 592 δεσπότῃ
1686 519 1780 591 μὲν
1829 537 1966 591 προ-

2112 521 2422 578 reatricem
2453 537 2582 579 esse
2613 521 2830 578 docuit.
2865 517 3091 577 Etenim
3121 519 3620 593 quemadmodum
3667 523 3729 578 in

315 606 672 681 στατουμένῃ,
735 606 934 682 ἀνάγκη
992 607 1161 662 πάντα
1217 629 1275 663 τε
1351 607 1427 670 ὡς
1496 606 1775 684 εὐπρεπῶς
1856 605 1968 662 δια-

312 695 555 761 τίθεσθαι
612 694 704 750 καὶ
774 696 911 750 κατά
965 695 1169 770 κόσμον
1221 695 1462 772 γίνεσθαι
1515 697 1614 766 τήν
1675 694 1964 768 διοίκησιν,

323 789 401 860 μή
446 783 650 840 ἐκείνου
700 781 778 854 δὲ,
827 788 935 839 τῶν
988 782 1048 840 δὲ
1103 782 1316 840 δούλων
1373 785 1738 862 κρατούντων,
1788 787 1972 840 ἅπαντ’

323 877 435 931 ἄνω
481 874 573 928 καὶ
617 874 764 928 κάτω
829 873 1176 944 μεταπίπτειν
1234 878 1304 949 τῇ
1351 873 1662 950 ἐπικρατείᾳ
1707 879 1804 930 τοῦ
1851 875 1970 950 χεί-

325 983 503 1042 ρονος*
540 963 586 1018 εἰ
645 961 702 1018 δὲ
759 961 967 1038 βούλει,
1001 963 1180 1041 ὥσπερ
1239 963 1290 1018 ἐν
1353 965 1566 1037 σώματι
1620 971 1721 1034 τῆς
1765 985 1972 1037 συμμε-

2079 612 2252 667 domo
2283 612 2374 666 cui
2409 617 2618 683 praeest
2648 611 2949 677 dominus,
2975 627 3212 668 necesse
3241 617 3331 666 est
3360 612 3560 667 omnia
3596 628 3734 668 con-

2078 701 2517 756 venientissime
2545 701 2775 773 disponi
2807 705 2865 756 et
2911 700 3022 756 rite
3052 699 3304 757 exerceri
3352 701 3728 772 gubernatio-

2081 805 2238 860 nem,
2272 793 2347 856 et,
2383 791 2431 846 si
2467 795 2670 845 contra
2698 806 2802 862 pro
2851 788 2950 844 illo
2996 789 3145 845 servi
3191 789 3500 860 imperent,
3532 789 3734 845 omnia

2084 895 2322 934 sursum
2373 879 2645 934 deorsum
2681 879 2738 933 in
2771 883 3120 951 potestatem
3165 879 3382 950 pejoris
3424 879 3734 935 devenire:

2086 973 2206 1038 aut,
2240 967 2288 1022 si
2322 968 2526 1035 mavis,
2561 968 2762 1035 veluti,
2793 968 3052 1040 quandiu
3101 967 3161 1022 in
3212 984 3452 1040 corpore
3492 971 3743 1040 regnant

321 1053 474 1130 τρίας
529 1052 834 1129 κρατούσης
891 1052 980 1106 καὶ
1031 1058 1128 1108 τοῦ
1186 1049 1387 1118 ἄνωθεν
1435 1053 1627 1129 Λόγου,
1661 1052 1977 1114 κατάστασίς

2112 1057 2398 1112 :oncordia
2453 1063 2511 1112 et
2563 1074 2778 1112 summa
2837 1057 3005 1123 ratio,
3039 1056 3231 1113 omnis
3282 1056 3621 1113 constitutio
3681 1057 3742 1111 in

319 1163 380 1198 τε
407 1148 553 1196 πᾶσα
593 1141 720 1217 περὶ
765 1139 935 1195 ἐκεῖνο
977 1141 1068 1196 καὶ
1115 1138 1180 1211 δὴ
1224 1142 1314 1196 καὶ
1349 1141 1502 1217 ὑγεία
1543 1143 1617 1204 ὡς
1655 1141 1975 1218 ἀκραιφνὴς,

324 1229 539 1286 ἐκείνων
618 1226 678 1284 δὲ
755 1227 1116 1293 διαλυθέντων
1195 1228 1271 1293 εἵς
1333 1232 1379 1286 τ’
1459 1230 1828 1306 ἀσυμμετρίαν
1888 1230 1979 1286 καὶ

327 1317 542 1392 ἀταξίαν
614 1321 712 1388 τῆς
788 1319 1052 1394 κράσεως,
1108 1318 1414 1393 ἀνωμαλίαι
1489 1340 1547 1375 τε
1605 1317 1770 1375 ἄλλαι
1847 1341 1982 1392 συμ-

330 1403 598 1475 ϐαίνουσι,
645 1408 735 1462 καὶ
793 1406 945 1462 νόσοι
1001 1409 1090 1462 καὶ
1151 1408 1383 1486 φθίσεις,
1413 1409 1503 1464 καὶ
1553 1408 1652 1464 ὅσα
1705 1415 1807 1480 τῆς
1856 1410 1982 1464 ἀτα-

331 1497 444 1567 ξίας
501 1499 835 1572 γεννήματα,
869 1497 1012 1552 οὕτω
1065 1495 1202 1566 δῆτα
1260 1498 1350 1552 καὶ
1409 1497 1573 1574 λόγος
1627 1499 1814 1575 παρὼν
1847 1499 1984 1575 πρὸς

331 1587 395 1642 τὸ
457 1585 673 1661 βέλτιον
721 1584 834 1641 οἶδε
886 1583 1276 1660 μεταπλάττειν
1333 1589 1544 1663 ψυχὴν,
1577 1588 1727 1643 ἀπὼν
1762 1585 1820 1643 δὲ
1847 1588 1986 1664 πρὸς

329 1674 644 1731 τούναντίον
704 1675 837 1730 ἷὲναι
895 1681 1268 1753 παραχωρεῖν,
1327 1677 1466 1731 καθὰ
1551 1674 1730 1748 δήπου
1789 1673 1986 1748 συνέϐη

337 1765 398 1820 ἂν
456 1764 547 1820 καὶ
635 1761 878 1838 πλεούσῃ
933 1766 1048 1836 νηῒ,
1109 1767 1185 1838 μή
1243 1770 1341 1820 τοῦ
1397 1761 1820 1844 κυϐερνήσοντος
1873 1767 1990 1822 κατ’

337 1854 650 1927 ἐπιστήμην
679 1853 969 1927 παρόντος.

414 1943 508 1998 Διὸ
540 1941 606 2013 δὴ
639 1943 730 1998 καὶ
787 1945 985 2006 πάντες
1042 1945 1122 2007 οἷς
1182 1942 1391 2020 ἐγένετο
1446 1943 1630 2008 καλῶς
1686 1944 1994 2015 ἀναπλῆσαι

341 2033 436 2089 τὸν
474 2030 615 2108 βίον,
649 2028 829 2108 ἔργοις
862 2031 1042 2094 αὐτοῖς
1083 2033 1173 2088 καὶ
1223 2031 1416 2109 λόγοις
1463 2037 1542 2106 τῷ
1591 2032 1742 2110 λόγῳ
1794 2055 1996 2110 μαρτυ-

342 2125 495 2197 ροῦσι
558 2120 907 2195 Σωκράτους,
960 2119 1030 2176 δι’
1078 2121 1402 2200 ἀμφοτέρων
1475 2124 1704 2199 βοῶντες
1766 2143 1994 2200 περιφα-

341 2217 470 2281 νῶς,
503 2211 578 2273 ὡς
637 2210 737 2265 οὐκ
791 2208 850 2264 ἂν
906 2210 974 2280 ἦν
1036 2209 1220 2273 αὐτοῖς
1249 2215 1356 2266 τῶν
1390 2209 1619 2268 δεόντων
1670 2210 1822 2268 οὐδὲν
1878 2211 2000 2267 ἀνύ-

343 2321 452 2372 σαι,
486 2299 532 2354 εἶ
588 2300 665 2372 μὴ
725 2300 754 2354 ὁ
813 2296 975 2374 λόγος
1033 2298 1395 2375 ἐχειραγώγει
1450 2303 1566 2356 οἷον
1613 2300 1704 2356 καὶ
1759 2301 2001 2378 προύπο-

343 2389 549 2467 ρεύετο,
611 2388 794 2443 ὅντινα
855 2385 923 2458 δὴ
985 2388 1132 2462 σφίσι
1186 2389 1277 2444 καὶ
1335 2391 1413 2464 (2)
1467 2391 1665 2452 παντὸς
1721 2395 1820 2446 τοῦ
1878 2390 2000 2466 βίου

345 2477 779 2554 προύστήσαντο.
811 2474 967 2534 Ἀλλ’
1010 2475 1103 2532 ’ίνα
1149 2477 1216 2532 τά
1270 2499 1332 2554 γε
1385 2483 1492 2534 τῶν
1552 2477 1738 2535 ἄλλων
1797 2478 2001 2554 παρέλ-

351 2581 451 2637 θω,
485 2567 584 2622 ὅσα
640 2587 700 2622 τε
757 2566 932 2639 εἶπον,
965 2565 1063 2621 ὅσα
1118 2567 1166 2621 τ’
1223 2564 1469 2644 ἔδρασαν,
1503 2568 1581 2631 εἰς
1622 2570 1816 2624 ταυτὸν
1867 2570 2004 2645 γνώ-

353 2679 462 2732 μης
495 2655 773 2733 Σωκράτει
806 2655 1121 2732 ἐρχόμενοι,
1164 2647 1255 2719 τίς
1311 2655 1410 2712 οὐκ
1464 2655 1579 2712 οἶδε
1635 2658 1724 2712 τὸν
1775 2657 2002 2734 Εὐριπί-

351 2745 452 2818 δην
523 2742 663 2800 ἔστιν
721 2744 773 2800 ἐν
831 2746 915 2807 οἷς
973 2750 1082 2800 τῶν
1153 2747 1480 2818 ποιημάτων
1551 2745 1872 2822 εὐχόμενον,
1929 2748 2004 2820 μὴ

353 2834 560 2892 ὲθὲλειν
611 2835 746 2890 ποτε
797 2837 914 2908 ζῇν,
962 2831 1103 2908 μηδὲ
1145 2834 1391 2909 γενέσθαι
1430 2836 1482 2889 οἱ
1527 2839 1689 2890 τοῦτο
1740 2833 2006 2906 συνόλως,

359 2923 418 2979 ἂν
458 2924 535 2997 μὴ
577 2922 669 2978 καὶ
723 2921 891 2998 λόγος
920 2927 1101 2999 προσῇ
1132 2927 1201 2998 τῇ
1238 2927 1352 2998 ζωῇ
1563 2921 1865 2994 δηλοῦντος
1924 2921 2012 2979 διὰ

357 3011 592 3082 τούτων,
624 3011 692 3082 ἦν
749 3032 814 3088 γε
871 3009 941 3066 δι’
972 3010 1160 3067 ἄλλων
1222 3013 1518 3090 Σωκράτης
1574 3013 1826 3089 ἐξήνεγκε
1871 3014 2012 3089 γνώ-

367 3125 499 3177 μην,
533 3101 609 3174 ᾡς
641 3100 742 3157 οὐκ
770 3099 911 3157 ἔστιν
942 3101 1134 3170 εὐκτήν
1168 3102 1302 3157 εἶναι
1356 3105 1523 3175 ζωὴν,
1559 3104 1635 3175 μὴ
1693 3107 1791 3157 τοῦ
1847 3101 2013 3178 λόγου

360 3194 462 3261 τήν
521 3192 707 3267 ψυχὴν
768 3191 905 3246 κατὰ
959 3191 1056 3261 τὴν
1119 3191 1315 3246 ἑαυτοῦ
1374 3191 1528 3270 φύσιν
1583 3193 1722 3268 πρὸς
1781 3193 1842 3248 τὸ
1894 3191 2017 3269 βελ-

360 3303 479 3338 τιον
569 3296 1059 3355 μεταπλαττοντος,
1118 3280 1256 3336 ὥστε
1333 3279 1507 3350 καλὴν
1567 3283 1646 3355 (4)
1705 3280 1851 3357 ἔχειν
1928 3281 2019 3337 αύ-

363 3372 489 3441 τήν,
525 3367 692 3443 μηδὲν
721 3369 1008 3444 ἐπίμωμον
1040 3369 1091 3440 ἐξ
1123 3369 1485 3446 αἷσχρότητος
1516 3368 1890 3448 ἐπιφέρουσαν,

439 3460 540 3514 Καὶ
589 3458 733 3514 οὕτω
776 3459 873 3533 μὲτ
934 3457 1234 3535 Σωκράτης
1283 3459 1444 3530 ἀξίως
1502 3460 1693 3515 ἑαυτοῦ
1741 3461 1867 3537 περὶ
1925 3464 2020 3516 τοῦ

367 3549 638 3627 παρόντος
699 3546 1117 3626 ἐφιλοσόφησεν·
1179 3548 1340 3620 ἀξίως
1399 3546 1457 3604 δὲ
1511 3550 1601 3604 καὶ
1668 3549 1796 3612 τοὺς
1867 3548 2020 3605 ἐπαί-

366 3660 494 3702 νους
525 3634 712 3696 λαϐεῖν
746 3636 864 3716 ἔχει
892 3639 1020 3713 παρ’
1051 3635 1282 3701 εύδενός.

469 3821 526 3890 2)
556 3820 772 3876 Forsan
805 3814 896 3871 διὰ
925 3834 1028 3890 pro
1057 3815 1166 3874 καί.

469 3821 505 3873 2
556 3821 772 3876 Forsan
805 3821 896 3871 διὰ
925 3834 1028 3890 pro
1057 3821 1166 3874 καί.

447 3821 528 3964 (3)
562 3891 848 3964 Respectu
899 3891 1097 3964 forsan
1121 3891 1212 3964 _ad
1266 3889 1518 3964 nobilem
1551 3891 1609 3964 in
1641 3890 2026 3964 HerculeFu-

373 3958 542 4020 rente
598 3958 842 4018 chorum
877 3981 890 4018 :
925 3958 996 4014 Ού
1027 3959 1302 4033 παύσομαι
1351 3961 1448 4022 τὰς
1501 3962 1732 4036 χάριτας
1787 3959 2027 4023 Μούσαις

2023 1891 2074 1956 Β

2091 1163 2158 1202 eo
2188 1153 2244 1201 et
2274 1147 2498 1202 sanitas
2530 1151 2619 1202 est
2645 1163 2886 1218 prorsus
2918 1146 3166 1217 integra,
3199 1151 3255 1202 et
3284 1163 3419 1202 cum
3452 1146 3511 1201 in
3544 1162 3748 1202 eorum

2091 1235 2274 1291 vicem
2299 1235 2556 1291 subeunt
2585 1235 2878 1291 discordia
2905 1240 2963 1291 et
2992 1235 3257 1291 confusio
3279 1235 3748 1308 temperationis,

2093 1324 2230 1379 salias
2279 1325 2744 1396 perturbationes
2797 1323 3152 1380 conveniunt
3201 1329 3258 1381 et
3307 1325 3517 1389 morbi,
3578 1329 3754 1396 atque
3829 1362 3840 1370 .

2094 1415 2282 1480 tabes,
2310 1418 2368 1470 et
2406 1413 2623 1485 singuli
2669 1412 2972 1468 discordia:
3004 1413 3200 1469 fetus:
3252 1413 3336 1468 sic
3384 1413 3641 1486 profecto
3692 1417 3753 1470 et

2099 1519 2354 1576 praesens
2385 1502 2531 1558 ratio
2563 1502 2632 1558 ad
2666 1501 2908 1557 meliora
2937 1502 3047 1557 scit
3083 1502 3342 1558 animam
3394 1509 3748 1575 convertere,

2099 1592 2361 1648 discessa
2389 1607 2525 1647 vero
2574 1607 2702 1647 eam
2758 1591 2815 1646 in
2867 1591 3178 1647 adversum
3227 1590 3312 1646 ire
3342 1590 3651 1663 permittit,
3683 1597 3751 1648 ut

2098 1678 2366 1735 videlicet
2421 1678 2632 1734 accidit
2676 1678 2735 1733 in
2786 1677 2916 1733 navi
2969 1678 3298 1746 ﬂuctuanti,
3331 1679 3382 1735 si
3431 1696 3548 1736 non
3595 1678 3756 1737 adsit

2101 1770 2327 1840 peritus
2359 1767 2737 1840 gubernator.

2178 1947 2378 2017 Itaque
2401 1949 2458 2001 et
2489 1962 2693 2002 omnes
2722 1946 2936 2017 quibus
2965 1945 3211 2019 contigit
3240 1946 3451 2002 bonam
3484 1948 3762 2020 navigare

2105 2035 2306 2102 vitam,
2364 2033 2423 2089 in
2483 2035 2710 2106 agendo
2767 2040 2826 2090 et
2883 2035 3128 2091 dicendo
3185 2035 3428 2092 verbum
3468 2041 3762 2092 testantur

2109 2123 2493 2192 Socraticum,
2545 2139 2616 2179 ex
2673 2128 2917 2194 utroque
2971 2123 3144 2181 modo
3201 2123 3545 2194 clamantes,
3602 2126 3757 2196 quod

2109 2231 2222 2268 non
2265 2217 2536 2285 poterant
2591 2212 2870 2284 quidquid
2931 2229 2999 2268 ex
3055 2212 3148 2269 his
3203 2229 3328 2285 qua
3379 2213 3584 2269 decent
3628 2231 3757 2287 per-

2111 2317 2301 2374 agere,
2345 2301 2458 2357 nisi
2508 2299 2640 2357 illos
2689 2301 2836 2358 ratio
2886 2302 3056 2374 quasi
3105 2303 3526 2359 manuduceret
3571 2307 3630 2359 et
3675 2303 3762 2360 eis

2113 2396 2411 2463 praeesset,
2446 2395 2512 2445 ut
2557 2391 2750 2463 reipsa
2796 2390 2942 2463 ipsis
2991 2392 3050 2445 in
3099 2391 3260 2446 omni
3303 2393 3423 2448 vita
3451 2392 3766 2466 praeposita

2112 2480 2241 2534 fuit.
2272 2479 2380 2535 Sed
2414 2485 2479 2534 ut
2508 2479 2654 2536 alios
2687 2483 3046 2551 praeteream,
3079 2480 3178 2551 qui
3230 2484 3356 2536 tum
3402 2481 3462 2537 in
3493 2481 3764 2551 dicendo,

2115 2573 2241 2624 tum
2285 2569 2344 2623 in
2393 2568 2618 2641 agendo
2667 2569 2738 2624 de
2789 2568 2898 2623 hac
2945 2569 3239 2625 sententia
3287 2570 3509 2626 Socrati
3559 2585 3766 2626 conve-

2117 2659 2309 2726 niunt,
2341 2657 2471 2730 quis
2513 2655 2699 2713 nescit
2729 2657 3064 2729 Euripidem
3117 2658 3176 2712 in
3219 2659 3573 2729 quibusdam
3624 2659 3768 2716 locis

2119 2753 2468 2820 pramature
2499 2751 2854 2819 precantem,
2887 2763 3002 2802 non
3054 2746 3198 2803 velle
3242 2764 3500 2818 unquam
3551 2747 3765 2820 vivere,

2121 2853 2225 2892 nec
2256 2836 2366 2892 sibi
2399 2836 2508 2892 hoc
2545 2835 2716 2908 plane
2749 2836 2893 2906 fieri,
2927 2837 3080 2907 quod
3113 2836 3258 2892 ratio
3290 2854 3407 2892 non
3457 2837 3582 2893 vitae
3622 2855 3772 2908 prm-

2121 2926 2246 2982 sit:
2289 2941 2390 2996 per
2418 2925 2540 2980 haec
2569 2924 2849 2991 ostendit,
2896 2941 3072 2996 quam
3122 2924 3236 2982 alio
3285 2927 3458 2982 modo
3505 2927 3774 2983 Socrates

2125 3014 2370 3087 protulit
2416 3015 2788 3082 sententiam,
2818 3030 3030 3086 nempe
3076 3015 3256 3070 vitam
3316 3032 3432 3071 non
3486 3031 3615 3072 esse
3671 3032 3777 3072 ex-

2125 3103 2463 3175 optandam,
2497 3106 2546 3157 si
2575 3103 2722 3158 ratio
2754 3107 2964 3159 natura
2995 3120 3102 3160 sua
3132 3120 3248 3160 non
3280 3104 3538 3161 animam
3583 3105 3666 3160 ita
3695 3105 3770 3161 ad

2131 3193 2372 3248 meliora
2397 3192 2808 3260 conformaret,
2841 3197 2928 3262 ut,
2960 3192 3107 3248 nihil
3139 3193 3490 3250 dedecorum
3531 3210 3600 3250 ex
3646 3198 3776 3250 tur-

2130 3282 2397 3355 pitudine
2424 3281 2726 3352 haurines,
2757 3279 3004 3354 pulchra
3035 3287 3332 3354 appareat.

2202 3461 2297 3518 Sic
2326 3460 2596 3532 equidem
2627 3460 2893 3517 Socrates
2914 3461 2986 3516 de
3006 3477 3066 3516 re
3097 3461 3390 3534 praesenti,
3414 3467 3479 3517 ut
3497 3461 3581 3518 illi
3614 3461 3786 3519 dece-

2135 3552 2251 3614 bat,
2298 3549 2747 3622 philosophatus
2797 3554 2932 3607 est:
2985 3550 3220 3607 nemine
3265 3567 3422 3618 vero,
3475 3556 3540 3608 ut
3589 3551 3786 3621 decet,

2134 3643 2330 3714 potest
2359 3639 2457 3696 ille
2487 3639 2811 3712 praedicari.

2135 3815 2571 3908 συγκαταμιγνὺς
2626 3814 2873 3872 Ἡδίσταν
2954 3816 3223 3895 συζυγίαν·
3287 3819 3375 3888 Μὴ
3449 3817 3596 3892 ζῴην
3661 3838 3792 3894 μετ-

2136 3887 2423 3962 ἀμουσίας.
2455 3887 2465 3892 ’

2209 3962 2283 4034 (4)
2316 3962 2534 4018 Forsan
2561 3957 2767 4022 καλῶς.

1052 4360 2106 4552 GEORGII
2245 4357 3126 4549 CYPRII

887 4707 2446 4832 EPISTOLARUM
2608 4706 3287 4830 INDEX

1053 4957 1242 5031 (Apud
1273 4957 1648 5014 Lambecium
1679 4960 2004 5013 Comment.
2038 4955 2111 5012 de
2138 4955 2412 5012 Biblioth.
2444 4955 2801 5027 Vindobon.,
2833 4955 2936 5012 lib.
2969 4956 3120 5028 vm.)

438 5280 856 5354 Sexagesimus
892 5279 1180 5352 septimus
1210 5277 1387 5335 codex
1418 5277 1857 5352 manuscriptus
1888 5277 2213 5334 Historicus
2237 5274 2474 5332 Grecus
2522 5275 2962 5333 ecclesiasticus
3013 5280 3104 5333 est
3152 5275 3498 5333 chartaceus
3530 5277 3805 5350 antiquus

358 5377 422 5428 et
455 5371 620 5426 bonae
652 5375 800 5426 notas
845 5387 904 5425 in
949 5373 1176 5440 quarto,
1211 5367 1312 5423 sed
1363 5366 1719 5440 negligentia
1765 5383 1968 5424 eorum
2017 5367 2118 5438 qui
2171 5372 2304 5422 ante
2358 5382 2452 5422 me
2497 5366 2982 5438 augustissimam
3037 5366 3451 5423 bibliothecam
3482 5366 3804 5424 Caesaream

354 5461 863 5518 administrarunt
893 5458 1114 5530 aliquot
1143 5455 1298 5512 foliis
1333 5457 1394 5511 in
1424 5457 1710 5528 principio
1743 5455 2016 5526 mutilus,
2066 5459 2412 5526 constatque
2471 5471 2628 5510 nunc
2689 5454 2845 5510 foliis
2905 5459 3143 5512 centum
3200 5455 3592 5527 quadraginta
3646 5461 3802 5514 octo.

352 5549 751 5606 Continentur
773 5565 840 5605 eo
872 5547 1132 5620 Gregorii
1163 5544 1379 5618 Cyprii,
1413 5544 1512 5615 qui
1557 5551 1692 5601 ante
1742 5546 2159 5601 monacbatum
2207 5544 2494 5618 Georgius
2542 5543 2873 5616 appellatus
2928 5545 3038 5601 fuit
3085 5550 3143 5601 et
3190 5561 3344 5601 anno
3391 5543 3607 5601 Christi
3665 5545 3806 5601 1285

353 5639 522 5696 circa
549 5638 791 5695 initium
821 5637 1041 5711 Aprilis
1071 5637 1144 5694 ab
1175 5636 1528 5707 imperatore
1556 5635 1890 5692 Andronico
1935 5633 2256 5708 Palaeologo
2307 5633 2540 5691 seniore
2590 5633 2929 5708 patriarcha
2979 5633 3403 5693 Constantinus
3445 5637 3684 5693 creatus
3713 5637 3808 5691 est

356 5732 539 5800 atque
569 5727 630 5784 in
661 5743 730 5785 ea
759 5727 1041 5801 dignitate
1063 5723 1394 5801 permansit
1431 5739 1612 5794 usque
1643 5724 1715 5781 ad
1747 5724 2192 5784 annumChristi
2232 5722 2365 5780 1239
2394 5741 2408 5794 ί
2439 5739 2513 5779 uo
2563 5739 2692 5782 eam
2745 5724 2897 5782 cit-aa
2954 5741 3220 5782 maneam
3276 5722 3352 5782 Ju
3379 5723 3546 5780 nium
3595 5727 3803 5799 propte
