4132 6420
371 324 489 386 423
1391 304 1717 378 GEORGII
1759 313 2021 375 CYPRII
2066 312 2184 373 GP.
2234 300 2763 379 PATRlARCHAE
3664 312 3789 379 ιιι

365 455 560 512 varias
588 450 971 509 adversitates
999 452 1209 521 sponte
1238 463 1347 505 sua
1384 445 1679 503 abdicavit
1724 443 1937 517 quique
1995 443 2254 516 proxime
2310 448 2577 518 sequenti
2624 464 2779 505 anno
2840 448 2978 505 1290
3027 447 3174 504 obiit
3226 447 3487 521 epistolae
3543 451 3783 506 centum

366 543 689 616 nonaginta
715 547 774 597 et
803 557 941 608 una,
972 555 1108 595 cum
1138 538 1343 594 incerti
1371 537 1683 608 cujusdam
1714 534 1929 590 actoris
1958 534 2295 605 synchroni,
2328 537 2501 608 cujus
2532 555 2745 594 nomen
2775 539 2848 594 ob
2897 554 3078 610 supra
3126 542 3521 594 memoratum
3562 536 3788 610 aliquot

366 634 642 690 foliorum
672 630 966 687 defectum
993 628 1318 702 ignoratur,
1351 624 1712 694 Praefatione,
1743 623 1939 678 Vitam
1969 640 2072 678 seu
2106 624 2300 695 potius
2350 625 2774 683 Laudationem
2819 628 2949 699 ejus
2991 626 3327 683 continente
3354 644 3368 695 ;
3401 643 3526 698 quas
3577 626 3811 685 mutila.

366 722 575 795 incipit
618 724 728 776 hoc
771 718 993 774 modo:
1036 760 1050 774 .
1096 756 1108 769 .
1156 757 1169 770 .
1215 759 1228 772 .
1274 755 1286 768 .
1331 758 1344 771 .
1378 711 1558 787 λόγων
1612 709 1670 766 δὲ
1714 709 1968 783 ἐπεθύμει

2173 708 2524 791 ἐπεστρέφετο
2576 711 2636 769 δὲ
2679 714 2753 776 ὡς
2800 714 3017 784 ἥκιστα,
3046 721 3156 772 etc.
3195 714 3416 772 Desinit
3464 720 3659 779 autem
3696 716 3788 772 bis

367 810 560 869 verbis
593 827 607 868 :
642 804 746 862 Κᾶν
802 826 887 868 τις
946 801 1049 879 ἄρα
1102 802 1227 880 περὶ
1283 807 1392 858 τῶν
1453 800 1661 856 ἐκείνου
1714 800 1955 875 χρηστόν
2011 821 2063 854 τι
2094 800 2130 869 ἢ
2162 800 2251 855 καὶ
2309 802 2529 876 θάτερον
2593 807 2840 879 μαρτυρῇ
2894 803 2970 865 εἰς
2998 804 3277 876 τάμαυτοῦ
3306 803 3491 858 καὶτὸ
3523 808 3789 877 σκῶμμα,

366 898 446 962 εἷς
501 897 780 971 τάμαυτοῦ
837 893 927 949 καὶ
979 893 1071 948 τὸν
1122 890 1339 958 ἔπαινον
1396 891 1574 970 φέρειν
1633 889 1800 967 φημὶ,
1834 887 1971 943 ὥστε
2028 888 2121 962 μοί
2178 890 2231 963 γ’
2283 888 2427 945 οὕτω
2480 891 2550 946 τὰ
2600 891 2739 967 πρὸς
2797 891 2997 947 ἐκεῖνον
3074 887 3258 967 ἔχοντι
3314 892 3521 965 πρέπον
3581 890 3641 947 ἂν
3701 889 3786 963 εἴη

367 992 541 1064 σιγᾷν.
602 987 667 1043 Ἥ
719 981 777 1040 δέ
826 1003 932 1038 που
986 980 1199 1055 πυκτὶς,
1254 980 1385 1055 ὅπερ
1442 979 1532 1034 καὶ
1592 979 1793 1033 ἄνωθεν
1855 975 2007 1055 ἔφην,
2065 976 2251 1040 καλῶς
2305 979 2397 1034 τὸν
2454 981 2659 1056 πατέρα
2730 986 2847 1043 τοῖς
2925 980 3346 1057 ἀναγινώσκουσι
3412 978 3591 1052 δείξει·
3652 978 3792 1036 ὥστε

367 1073 691 1155 προσεκτέον
747 1072 883 1147 αὐτῇ
936 1075 1033 1126 τοῦ
1082 1068 1305 1138 λοιποῦ,
1334 1069 1425 1124 καὶ
1472 1069 1549 1131 ὡς
1607 1067 1667 1122 ἂν
1724 1066 1862 1141 αὐτῇ
1921 1064 2082 1121 δώσει
2135 1065 2360 1143 κρίνειν,
2402 1068 2546 1124 οὕτω
2602 1070 2694 1124 καὶ
2745 1069 2871 1147 περὶ
2925 1074 3034 1124 τῶν
3082 1068 3385 1147 ιὶρημένων
3442 1070 3543 1139 τὴν
3602 1072 3784 1148 ψῆφον

368 1164 686 1238 ἐξενεκτέον.
737 1164 1076 1235 Sequuntur
1139 1160 1351 1216 deinde
1397 1158 1539 1230 ipsa
1583 1156 1873 1231 epistolis;
1922 1173 2173 1228 quarum
2219 1157 2410 1229 prima
2457 1160 2529 1215 ad
2576 1160 3134 1217 Protosecretarium
3178 1160 3506 1216 ManueIem
3551 1161 3783 1218 Neoca-

302 1318 311 1325 ,
369 1268 705 1313 sareensem
769 1249 1110 1306 inscribitur
1150 1253 1325 1319 atque
1370 1246 1579 1317 incipit
1624 1244 1734 1300 hoc
1792 1244 1934 1300 modi

2155 1242 2393 1299 τιστολαὶ
2440 1250 2538 1301 τοῦ
2582 1246 2885 1323 άγιωτάτου
2927 1246 3018 1301 καὶ
3085 1245 3465 1319 οἶκουμενικοῦ
3519 1247 3787 1323 πατριάρ-

367 1362 475 1420 χου
530 1338 722 1418 κυρίου
780 1334 1103 1414 Γρηγορίου.
1158 1341 1235 1393 Δ’.
1289 1338 1376 1407 Τῷ
1426 1331 1864 1420 Νεοκαισαρείτῃ.
1923 1330 2062 1386 Φασί
2116 1353 2259 1395 τινες
2317 1331 2478 1410 λόγον
2541 1333 2600 1390 ἐκ
2652 1342 2754 1405 τῆς
2794 1335 2961 1411 πέραν
3009 1335 3241 1411 ἠπείρου
3291 1336 3544 1414 ἀφῖχθαι,
3594 1332 3793 1413 ἀνδρὸς

367 1419 595 1506 πόνημα
642 1428 706 1485 οὐ
757 1424 903 1483 πολὺ
951 1423 1114 1487 κλέος
1164 1423 1405 1502 ἀρχῆθεν
1454 1421 1506 1478 ἐν
1558 1419 1767 1497 λόγοις·
1813 1420 1938 1500 φασὶ
1985 1421 2076 1476 καὶ
2121 1423 2212 1477 τὸν
2263 1420 2431 1498 λόγον
2481 1423 2618 1480 εἶναι
2672 1426 2787 1480 οἷον
2838 1424 3132 1480 ἁνανεῷσαι
3182 1425 3273 1480 καὶ
3318 1425 3548 1496 αὐξῆσαι
3575 1426 3640 1481 τὸ
3693 1430 3794 1482 τοῦ

368 1520 575 1597 πατρὸς
631 1515 790 1579 κλέος
846 1513 1140 1579 παλαιόθεν
1200 1510 1335 1584 ἤδη,
1387 1511 1486 1567 οὐκ
1533 1508 1854 1567 ἐλαττῶσαι.
1908 1506 2112 1565 Οὔκουν
2172 1509 2283 1586 ἐγὼ
2356 1512 2481 1589 περὶ
2538 1517 2637 1568 τοῦ
2705 1513 2975 1591 προτέρου
3038 1515 3403 1588 πυνθάνομαι,
3464 1514 3510 1570 εἰ
3558 1508 3792 1590 βεϐαίως

369 1609 611 1689 ἀφίκετο·
660 1604 880 1685 ἀφίκετο
928 1604 1054 1680 γὰρ,
1108 1610 1218 1662 etc.
1250 1602 1582 1689 Centesima
1628 1608 1824 1656 autem
1872 1618 2001 1689 non:

2157 1619 2254 1659 ma
2298 1603 2491 1675 prima
2540 1604 2888 1660 inscribitur
2924 1609 3101 1677 atque
3152 1605 3360 1678 incipit
3401 1606 3512 1661 hoc
3561 1605 3786 1663 modo:

367 1687 478 1755 Τινὶ
532 1702 641 1753 τῶν
701 1694 1001 1770 ἀρχιερέων
1049 1691 1188 1769 ρλα’.
1246 1692 1336 1754 Ὦς
1392 1687 1704 1759 διετέθησαν
1766 1689 1819 1743 οἱ
1871 1688 2135 1762 πολεμεῖν
2177 1689 2258 1745 ἀεὶ
2315 1694 2384 1764 τῇ
2436 1690 2735 1764 Ἐκκλησία
2782 1692 2873 1748 καὶ
2937 1696 3008 1766 τῇ
3076 1692 3395 1748 καταστάσει
3456 1696 3565 1747 τῶν
3620 1696 3794 1770 πράγο

376 1787 561 1862 μάτων
615 1782 969 1862 βουλόμενοι,
1018 1781 1108 1837 καὶ
1156 1781 1229 1843 ὡς
1293 1777 1437 1851 αὔξει
1490 1780 1606 1834 καθ’
1651 1777 1879 1849 ἑκάστην
1945 1777 2005 1833 ἐκ
2057 1785 2157 1848 τῆς
2201 1777 2407 1834 τούτῶν
2468 1779 2726 1856 ἐπηρείας
2778 1783 2847 1836 τα
2903 1779 3195 1859 σφάλματα
3250 1783 3501 1859 περιττὸν
3558 1778 3686 1845 {huic
3740 1781 3796 1838 ἐν

366 1878 605 1939 τοῖς”νῦν
639 1871 965 1948 διηγεῖσθαι,
997 1869 1134 1939 ἐπεὶ,
1167 1877 1277 1928 etc.
1311 1869 1685 1944 Dignissimas
1717 1871 1971 1941 profecto

2171 1885 2374 1927 omnes
2403 1870 2517 1926 illae
2562 1871 2842 1943 epistolae,
2876 1877 2943 1928 ut
2991 1877 3277 1938 tanquam
3324 1872 3606 1930 eximium
3653 1875 3790 1930 Cor-

366 1968 528 2041 poris
555 1964 821 2022 Historisa
847 1962 1176 2032 Byzantines
1207 1960 1686 2033 supplementum
1718 1958 1911 2014 Graece
1941 1963 1999 2013 et
2028 1957 2231 2014 Latine
2259 1958 2318 2013 in
2349 1958 2540 2016 lucem
2572 1962 2945 2031 proferantur
2994 1966 3053 2018 et
3096 1961 3334 2032 quidem
3384 1961 3676 2034 precipue
3715 1963 3792 2020 ob

369 2052 601 2129 Georgii
634 2049 1004 2126 Pachymeris
1038 2049 1350 2105 Historiam
1394 2047 1646 2104 Jusserii
1698 2046 2012 2102 Andronici
2071 2045 2379 2119 Palaeologi
2438 2048 2708 2115 senioris,
2763 2049 2980 2121 quippe
3030 2066 3159 2121 quae
3213 2050 3515 2107 beneﬁciis
3571 2050 3787 2108 harum

366 2143 750 2218 epistularum
778 2139 1131 2197 immuneris
1162 2139 1278 2194 fere
1307 2136 1453 2193 locis
1484 2141 1675 2210 potest
1707 2136 2013 2191 illustrari.
2046 2135 2195 2192 Sunt
2224 2137 2383 2193 enim
2415 2137 2567 2193 inter
2612 2154 2711 2193 eas
2762 2139 2961 2194 multa
3008 2139 3083 2193 ad
3130 2139 3328 2211 ipsum
3373 2138 3543 2195 illum
3595 2138 3789 2213 impe-

367 2238 621 2290 ratorem
651 2229 1089 2295 Andronicum;
1117 2227 1261 2283 item
1294 2228 1366 2283 ad
1398 2226 1713 2299 Georgium
1743 2223 2133 2296 Acropolitam
2165 2242 2339 2295 quem
2389 2242 2564 2282 suum
2612 2226 2867 2300 appellat
2897 2222 3221 2281 διδάσκαλον
3253 2229 3375 2285 sive
3406 2228 3792 2301 magistrum,

368 2323 442 2380 ad
470 2319 893 2377 Melidenistam
925 2316 1406 2374 archidiaconum
1436 2316 1535 2387 qui
1565 2316 1759 2372 socius
1814 2316 1923 2369 fuit
1963 2313 2380 2386 expatriarchaa
2423 2314 2667 2371 Joannis
2715 2315 2880 2372 Bccci
2929 2316 2989 2372 in
3037 2333 3269 2373 carcere
3316 2318 3389 2374 ad
3444 2317 3791 2376 Holobolum

367 2411 665 2468 rhetorem
695 2408 793 2480 qui
825 2406 1047 2481 synodo
1077 2411 1282 2462 contra
1307 2405 1555 2461 Beccum
1586 2402 1852 2461 interfuit
1882 2403 1953 2459 ad
1996 2402 2367 2460 Theodorum
2400 2402 2761 2461 Muzalonem
2812 2421 3096 2478 magnum
3145 2405 3502 2478 logothetam
3551 2412 3610 2462 et
3655 2423 3793 2480 pro-

365 2497 772 2557 tovestiarium
803 2497 874 2552 ad
919 2493 1312 2567 Nicephorum
1351 2493 1691 2550 Chumnum
1742 2492 2067 2548 Muzalonis
2121 2507 2521 2548 successorem
2570 2493 2965 2550 Theodosium
3013 2493 3456 2567 Saponopulum
3509 2496 3584 2551 ad
3633 2495 3791 2553 Rau-

362 2589 575 2645 laanam
621 2585 1188 2660 protovestarissam.
1219 2601 1344 2654 qua:
1389 2584 1589 2655 ipsum
1629 2583 1757 2654 jam
1789 2581 2256 2654 expatriarcbam
2304 2580 2365 2638 in
2415 2582 2772 2639 monasterio
2822 2581 3143 2639 liberaliter
3188 2583 3540 2640 sustentavit
3598 2588 3656 2640 et
3715 2585 3792 2642 ad

363 2676 697 2750 complures
727 2674 899 2742 alios,
929 2689 1179 2744 quorum
1226 2689 1406 2745 supra
1456 2676 1818 2727 memoratus
1858 2670 2244 2743 Pachymeres
2290 2670 2349 2727 in
2397 2669 2652 2727 Historia
2699 2687 2808 2727 sua
2856 2671 3186 2742 frequenter
3234 2670 3522 2728 meminit.
3576 2672 3787 2746 Reperi

362 2783 591 2839 quoque
619 2765 700 2821 ibi
734 2779 934 2832 unam,
967 2778 1177 2835 nempe
1207 2760 1634 2834 sexagesimam
1666 2776 1877 2816 novam
1908 2759 1981 2815 ad
2021 2758 2219 2831 ipsum
2267 2758 2434 2815 illum
2485 2759 2832 2833 Gregorium
2880 2759 3298 2833 Pachymerem
3353 2761 3526 2833 cuius
3573 2760 3791 2820 titulus

364 2860 423 2914 et
461 2854 813 2929 principium
846 2870 861 2907 :
893 2854 980 2923 Τῷ
1035 2850 1357 2926 Παχυμέρῃ.
1413 2849 1657 2903 Δέσποτά
1714 2868 1819 2922 μου
1875 2846 2173 2925 σοφώτατε,
2234 2846 2467 2923 ἀνέγνων
2525 2847 2617 2902 τὸν
2679 2845 2840 2923 λόγον
2901 2845 3058 2903 πλεῖν
3108 2850 3145 2917 ἤ
3199 2849 3466 2925 τετράκις·
3526 2845 3671 2925 ἔγνω
3730 2846 3792 2905 δὲ

366 2939 481 2998 οὐδ’
512 2941 588 3005 εἲς
629 2941 788 3013 ἅπαξ,
835 2945 945 2997 etc.
994 2939 1201 2996 Varias
1245 2939 1422 2996 etiam
1472 2939 1545 2995 ob
1595 2955 1806 2996 causas
1855 2954 2041 3010 operae
2093 2939 2349 3010 pretium
2397 2937 2574 2994 fuerit
2621 2954 2828 2994 omnes
2876 2937 3114 2995 illarum
3162 2938 3546 3011 epistolarum
3579 2940 3791 2997 inscri-

364 3034 597 3106 ptiones
652 3031 880 3088 Graecas
927 3029 1020 3085 hic
1062 3027 1405 3102 singulatim
1455 3027 1727 3085 exhibere
1771 3044 1890 3084 una
1945 3043 2082 3084 cum
2128 3028 2470 3084 earumdem
2516 3026 2741 3097 initiis;
2776 3044 2882 3084 nec
2930 3044 3024 3084 me
3056 3028 3278 3100 pigebit
3325 3028 3502 3085 istius
3544 3029 3789 3099 laboris,

367 3126 568 3195 utpote
613 3136 746 3176 cum
797 3118 850 3176 is
897 3134 1133 3191 quoque
1167 3117 1312 3174 mihi
1343 3133 1413 3174 ea
1443 3121 1501 3173 et
1543 3117 1657 3189 ipsi
1688 3114 1748 3171 in
1780 3132 1948 3173 sacra
1977 3119 2035 3172 et
2065 3116 2311 3189 profana
2344 3132 2549 3172 eorum
2580 3121 2916 3190 temporum
2946 3116 3201 3174 Historia
3229 3119 3703 3191 recognoscenda
3734 3122 3796 3175 et

365 3209 722 3267 illustranda
749 3207 998 3281 posthac
1029 3206 1216 3280 possit
1244 3223 1374 3264 esse
1416 3206 1571 3262 usui.
1605 3206 1821 3262 Earum
1862 3204 2042 3278 igitur
2089 3206 2231 3262 ordo
2282 3209 2373 3261 est
2419 3204 2556 3262 talis
2589 3222 2601 3262 :
2637 3204 2899 3278 Epistola
2942 3206 3135 3278 prima
3170 3224 3182 3261 :
3213 3209 3293 3278 τῷ
3346 3205 3789 3282 Νεοκαισαρείτῃ.

367 3296 510 3353 Φασί
569 3317 714 3360 τινες
776 3293 958 3371 λόγον,
1022 3300 1175 3366 etc.;
1226 3296 1532 3352 secunda:
1579 3298 1661 3365 τῷ
1724 3291 1985 3368 λογοθέτῃ

2214 3297 2441 3368 γενικῷν
2508 3298 2587 3348 τῷ
2657 3291 3045 3369 ’Δκροπολίτῃ.
3094 3299 3151 3347 Ὁ
3219 3295 3315 3368 μὲν
3382 3296 3581 3363 κανὼν,
3632 3302 3788 3365 etc.;

362 3389 539 3446 tertia
587 3405 601 3443 :
654 3388 735 3458 τῷ
784 3388 1015 3459 μοναχῷ
1068 3383 1284 3457 Ἰασίτῃ.
1326 3384 1385 3441 Ὁ
1426 3382 1555 3455 ἐμὸς
1599 3382 1689 3436 καὶ
1730 3382 1821 3443 σὸς
1875 3380 1991 3451 Κλή

2185 3388 2337 3449 etc.;
2370 3387 2647 3465 'quarta:
2694 3386 2774 3454 τῷ
2818 3380 2986 3454 αὐτῷ.
3039 3378 3242 3445 Ἡδέως
3292 3383 3387 3456 μὶν
3436 3382 3564 3446 τοὺς
3628 3383 3791 3459 ῒγθῦς

367 3472 609 3549 εἴδομεν,
666 3480 821 3543 etc.;
860 3474 1088 3547 quinta,
1136 3476 1215 3545 τῷ
1260 3468 1662 3544 Μελιτηνιώτῃ.
1699 3470 1864 3543 Ἐμὸν
1917 3468 1999 3524 πάι

2162 3476 2314 3537 etc.;
2368 3476 2551 3541 sexta,
2600 3474 2680 3541 τῷ
2728 3470 3163 3546 Νεοκαισαρείτη.
3207 3471 3484 3548 Ὑγιαίνειν
3543 3493 3624 3542 σε,
3679 3478 3790 3530 etc.

366 3564 619 3638 septima
650 3581 664 3619 :
694 3565 773 3634 τῷ
819 3560 1266 3623 Θεσσαλονικείας
1312 3559 1616 3636 Δημητρίῳ
1668 3563 1749 3631 τῷ
1794 3559 1998 3631 Beniqu

2160 3557 2394 3633 οέτυχον,
2443 3555 2664 3636 ἀδελφέ,
2714 3567 2866 3627 etc.;
2917 3566 3166 3618 octava:
3207 3565 3287 3632 τῷ
3336 3565 3583 3634 μυστικῷ
3633 3566 3792 3640 κυφῷ

365 3648 603 3727 Ἰωάννῃ.
674 3648 903 3729 Ἀδελφέ
965 3649 1329 3724 ποθεινότατε,
1395 3649 1872 3726 παροιμιάζεσθαι,
1922 3654 2078 3716 etc.;
2130 3666 2331 3706 nona:
2383 3652 2464 3719 τῷ
2523 3645 2778 3723 προέδρῳ
2838 3649 3065 3727 Ἐφέσου
3120 3654 3272 3727 κυρῷ
3336 3651 3534 3707 Ἰσαάκ.
3610 3650 3796 3707 Ἠνίκα

368 3740 447 3805 εἷς
511 3742 734 3817 μνήμην
795 3737 963 3810 ἔλθω,
997 3745 1105 3797 etc.
1132 3758 1147 3810 ;
1179 3741 1442 3797 decima:
1471 3743 1552 3811 τῷ
1605 3736 1909 3817 Ξιφιλίνῳ.
1939 3744 2000 3793 Me

2161 3758 2184 3792 ε
2235 3736 2328 3792 τὸν
2366 3738 2659 3815 ἡμέτερον,
2691 3743 2799 3795 etc.
2828 3757 2842 3807 ;
2876 3740 3189 3796 undecima
3221 3758 3235 3797 :
3268 3744 3347 3811 τῷ
3408 3739 3793 3817 Νεοκαισαρεί-

364 3851 452 3905 τῃ.
486 3828 833 3907 Ὦρμημένον
886 3848 946 3883 τε
999 3827 1100 3897 τήν
1160 3826 1312 3901 χθὲς,
1340 3831 1489 3895 etc.;
1521 3826 1912 3884 duodecima:
1945 3830 2025 3898 τῷ
2073 3826 2408 3901 Θεογνώστῳ
2466 3830 2617 3901 κυρῷ
2671 3827 2893 3901 Ἰωάννῃ
2938 3830 3018 3899 τῷ
3066 3827 3258 3903 ἰατρῷ.
3295 3829 3595 3903 Στομάχου
3625 3828 3791 3883 κατά-

365 3919 543 3994 ψυξις,
574 3924 686 3976 etc.
714 3936 729 3987 ;
762 3918 991 3974 decima
1038 3917 1209 3974 tertia
1241 3935 1254 3973 :
1284 3919 1364 3987 τῷ
1420 3914 1586 3987 αὐτῷ.
1633 3914 1708 3969 Τά
1762 3935 1821 3970 τε
1878 3934 1997 3991 χρει

2159 3934 2305 3986 τατα,
2339 3922 2449 3973 etc.
2476 3933 2491 3983 ;
2524 3917 2753 3972 decima
2806 3918 3010 3988 quaria
3043 3935 3055 3972 :
3087 3920 3167 3988 τῷ
3220 3916 3603 3994 χαρτοφόλακι
3655 3923 3791 3972 Θεσ-

366 4005 665 4077 σαλονίκης
718 4010 800 4078 τῷ
856 4004 1195 4080 Σταυρακίῳ.
1254 4000 1508 4079 Εὕχομαι
1568 4001 1849 4079 ὑγιαίνειν,
1896 4024 1975 4072 σε,

2210 4005 2443 4062 decima
2496 4006 2751 4077 quinta:
2795 4008 2876 4076 τῷ
2933 4006 3281 4079 Θεογνώστῳ.
3312 4006 3547 4067 ,Λευκὸς
3607 4006 3703 4080 μὲν
3764 4006 3793 4061 ὁ

367 4098 460 4160 σὸς
491 4096 660 4167 οἶνος,
681 4101 791 4153 etc.
820 4112 835 4164 ;
869 4095 1097 4152 decima
1147 4099 1311 4151 sexta
1340 4112 1353 4149 :
1385 4097 1465 4165 τῷ
1521 4092 1963 4166 Νεοκαισαρείτῃ.
1995 4141 1999 4147 .

2189 4090 2362 4147 ἄλλον
2420 4093 2539 4165 μὲν,
2569 4093 2660 4148 καὶ
2709 4099 2860 4162 etc.;
2894 4095 3126 4151 decima
3170 4095 3462 4168 septima:
3493 4098 3574 4166 τῷ
3629 4092 3798 4166 αὐτῷ.

367 4188 447 4243 Δι’
490 4190 639 4259 ημᾶς
698 4183 804 4260 οὐχ
851 4180 1028 4254 ἥκεις,
1089 4190 1240 4250 etc.;
1273 4184 1504 4239 decima
1562 4189 1809 4239 octava:
1842 4185 1931 4254 Τῷ
1962 4202 1995 4236 α

2166 4175 2391 4237 Βιϐλίον
2453 4181 2553 4237 οὐκ
2604 4179 2713 4236 ἔστι
2770 4188 2895 4259 παρ’
2943 4185 3101 4257 ἡμῖν.
3132 4190 3242 4240 etc.
3279 4203 3293 4252 ;
3327 4184 3560 4240 decima
3590 4201 3750 4239 nona
3783 4200 3798 4237 :

364 4279 452 4348 Τῷ
509 4273 775 4346 αὐτῷ.Εί
829 4277 947 4335 τοῖς
1006 4270 1163 4343 πόθῳ
1218 4269 1513 4344 κάμνουσιν
1573 4270 1757 4347 ἡμέρα
1814 4269 1912 4343 μία
1973 4269 2090 4345 βίος
2151 4268 2303 4343 ὅλος,
2337 4277 2490 4341 etc.;
2538 4272 2983 4344 νίοθδίωαετῷ
3041 4271 3311 4348 Σταυρίῳ.
3363 4268 3543 4327 Ἀλλά
3600 4270 3654 4327 τί
3713 4292 3800 4325 σι-

364 4368 485 4441 γᾷς,
536 4370 645 4421 etc.
674 4380 691 4423 :
720 4362 997 4419 vicesima
1048 4362 1284 4434 prima:
1320 4364 1398 4433 τῷ
1455 4358 1622 4431 αὐτῷ.
1681 4360 1781 4413 Καὶ
1839 4358 1996 4433 πρώη

2161 4382 2186 4414 ν
2220 4359 2248 4412 ὁ
2280 4359 2571 4437 Γεώργιος,
2630 4367 2744 4430 etc,
2804 4362 3086 4419 vicesima
3140 4363 3445 4419 secunda:
3478 4364 3566 4432 Τῷ
3624 4358 3792 4432 αὐτῷ.

364 4454 629 4525 Μάνθανε,
661 4451 737 4514 ὡς
784 4451 813 4506 ὁ
852 4449 1129 4512 νεανίσκος
1185 4449 1367 4518 οὗτος,
1426 4448 1717 4525 ἡμέτερος,
1776 4454 1903 4517 etc;
1934 4450 1996 4505 vi.

2165 4466 2217 4505 la
2270 4449 2442 4506 tertia
2474 4467 2487 4505 :
2518 4452 2606 4521 Τῷ
2661 4448 2829 4521 αὐτῷ.
2890 4449 3059 4523 Ἐμὸς
3112 4450 3141 4504 ὁ
3193 4449 3479 4525 παρεστώς
3539 4468 3648 4517 σοι,
3705 4448 3797 4504 καὶ

364 4543 490 4614 ἥκει
512 4541 649 4616 πρός
701 4561 778 4613 σε,
811 4547 958 4609 etc.;
990 4540 1271 4597 vicesima
1326 4546 1537 4613 quarta
1569 4557 1581 4594 :
1612 4542 1701 4611 Τῷ
1761 4545 1994 4611 Νεοκαισ

2165 4559 2198 4603 ι.
2254 4535 2603 4612 Τετράμηνον
2634 4538 2764 4611 (sic)
2794 4534 2948 4609 ὅλον,
3004 4544 3113 4595 etc.
3144 4557 3157 4607 ;
3190 4539 3472 4595 vicesima
3528 4541 3739 4611 quinta
3783 4554 3797 4593 :

362 4636 451 4706 Τῷ
501 4630 666 4705 αὐτῷ.
722 4627 949 4703 Ἰδίωμά
1005 4649 1122 4700 σου,
1155 4628 1617 4697 etc.;vicesima
1667 4634 1882 4685 sexta:
1929 4630 1994 4699 Τῇ

2157 4629 2234 4698 τῷ.
2294 4622 2420 4680 Εἴθε
2481 4623 2623 4699 μηδὲ
2673 4627 2773 4695 τὴν
2825 4626 3004 4704 ἀρχὴν
3068 4621 3299 4702 βιϐλίων
3357 4626 3590 4704 ὑπῆρξεν
3646 4628 3789 4699 ἡμῖν

364 4717 721 4795 ’Δριστείδου,
779 4726 933 4786 etc.;
979 4719 1261 4775 vicesima
1304 4718 1599 4790 septima:
1648 4720 1736 4788 Τῷ
1786 4713 1995 4785 Μελιτη

2157 4736 2194 4787 3.
2246 4712 2441 4770 Πολλά
2494 4716 2590 4787 μὲν
2652 4715 2699 4770 εἰ
2750 4720 2954 4791 καυχᾷ,
3009 4721 3155 4785 etc.;
3209 4717 3488 4773 vicesima
3540 4721 3789 4773 octava:

366 4813 455 4882 Τῷ
518 4807 857 4885 Σταυρακίῳ.
928 4807 1069 4862 ’Δντ’
1130 4802 1348 4867 οὐδενὸς
1404 4803 1602 4875 ἄλλου,
1651 4812 1806 4873 etc.;
1856 4805 1998 4862 vices

2206 4822 2407 4861 nona:
2457 4802 2759 4877 ’Δθανασίῳ
2826 4808 2907 4876 τῷ
2962 4803 3228 4878 Χατζύγῃ.
3279 4806 3609 4878 Τιμιώτατε,
3662 4802 3804 4860 πολ-

369 4897 528 4961 λάκις
585 4893 815 4971 ᾔτησας,
876 4895 1009 4970 ὅπερ
1062 4891 1291 4970 ᾔτησας,
1344 4901 1495 4963 etc.;
1554 4895 1852 4952 tricesima
1910 4913 1925 4950 :
1978 4898 2065 4965 Τῷ
2123 4893 2531 4967 Σκουταριώτῃ.
2591 4893 2699 4962 Τὴν
2757 4887 2951 4969 βίϐλον
3009 4897 3117 4950 τῶν
3176 4897 3481 4972 Προφητῶν
3552 4893 3799 4951 ἀπαιτῶν

368 4991 461 5043 νῦν
517 4983 652 5059 ἤδη,
685 4994 794 5045 etc.
820 5006 835 5056 ;
862 4986 1179 5043 tricesima
1216 4986 1407 5059 prima
1437 5002 1451 5039 :
1484 4988 1571 5056 Τῷ
1627 4982 2000 5059 Νεοκαισαρείπ

2157 4986 2246 5057 ιρῷ
2301 4980 2565 5051 Μανουήλ
2615 4987 2695 5054 τῷ
2748 4985 3211 5060 πρωτασηκρήτῃ.
3263 4982 3464 5045 Πάντες
3525 5003 3583 5037 σε
3639 4979 3789 5051 πλὴν

368 5074 575 5151 ὀλίγων
626 5073 830 5131 οἷόνται
876 5072 1159 5144 ἀληθεύειν
1210 5071 1262 5127 ἐν
1337 5071 1547 5148 λόγοις,
1596 5078 1748 5141 etc.;
1799 5073 1992 5130 tricesi

2169 5073 2414 5128 iocunda
2464 5089 2476 5126 :
2528 5074 2615 5143 Τῷ
2659 5069 2828 5143 αὐτῷ.
2875 5072 2975 5127 Ἦν
3026 5069 3116 5127 ὅτε
3164 5070 3366 5147 λέγων,
3418 5077 3570 5139 etc.;
3623 5071 3801 5127 trice-

369 5170 523 5225 sima
565 5165 738 5223 tertia
781 5183 794 5220 :
839 5165 897 5218 Ὁ
934 5163 1282 5239 πατριάρχης
1328 5166 1406 5234 τῷ
1452 5161 1619 5217 αὐτοῦ
1671 5164 1907 5239 φοιτητῇ
1970 5162 2414 5236 πρωτασηκρήτη
2484 5164 2636 5236 κυρῷ
2700 5159 2969 5231 Μανουήλ
3033 5165 3115 5233 τῷ
3177 5158 3613 5235 Νεοκαισαρείτῃ,
3664 5159 3788 5213 νέαν

370 5256 515 5332 ἄγων
578 5254 678 5323 τήν
742 5251 987 5323 ἡλικίαν,
1036 5251 1145 5329 πρὸ
1197 5255 1294 5306 τοῦ
1367 5251 1459 5305 τὸν
1527 5252 1744 5327 μονήρη
1802 5249 1919 5326 βίον
1974 5249 2002 5303 ὗ

2159 5253 2249 5305 εἶν.
2300 5248 2363 5302 Et
2419 5249 2512 5323 μὲν
2570 5250 2706 5304 κατᾶ
2749 5250 2851 5319 τὴν
2905 5249 3221 5327 ὑπόσχεσιν,
3287 5256 3436 5318 etc.;
3488 5248 3791 5305 tricesima

371 5349 624 5416 quarta:
664 5342 723 5394 Ὁ
768 5340 1114 5417 πατριάρχης
1162 5344 1240 5412 τῷ
1289 5339 1461 5413 αὐτῷ,
1505 5338 1583 5395 ἔτι
1652 5338 1773 5394 νέαν
1839 5336 1986 5414 ἄγων
2055 5338 2157 5407 τὴν
2218 5336 2460 5410 ἡλικίαν,
2510 5339 2601 5393 καὶ
2663 5338 2769 5415 πρὸ
2828 5343 2927 5394 τοῦ
2996 5336 3283 5414 μοναδικὸν
3358 5334 3804 5417 ὲπαμφιάσασθαι

370 5439 591 5508 σχῆμα.
640 5432 730 5493 Ὡς
768 5427 906 5500 ἡδὺς
955 5430 1021 5500 εί,
1073 5428 1118 5483 ὦ
1162 5428 1358 5502 λῷστε,
1409 5429 1487 5491 είς
1529 5430 1593 5484 τὸ
1637 5426 1786 5483 ἐπιὸν
1837 5425 2002 5503 θέρος,

2196 5427 2543 5496 ;tricesima
2591 5430 2800 5501 quinta
2834 5447 2846 5485 :
2888 5432 2977 5501 Τῷ
3019 5426 3354 5501 Πεδιασίμῳ,
3412 5423 3800 5504 χαρτοφῦλακι

371 5517 698 5596 ’Δχρείδων.
730 5518 829 5574 Καὶ
860 5516 1044 5597 φιλίαν
1078 5515 1199 5573 οἶδα
1221 5523 1384 5592 τιμᾷν
1419 5516 1545 5595 ἐγὼ,
1573 5522 1683 5575 etc.
1710 5536 1723 5587 ;
1751 5518 2003 5574 tricesim

2165 5522 2283 5573 ita:
2323 5520 2411 5589 Τῷ
2443 5516 2886 5594 Νεοκαισαρείτῃ.
2930 5517 3107 5594 Λόγος
3137 5519 3274 5594 πρὸς
3332 5517 3424 5572 τὸν
3479 5517 3797 5595 σοφώτατον

372 5607 699 5686 λογοθὲτην,
749 5615 896 5676 etc.;
927 5609 1230 5665 tricesima
1275 5609 1574 5681 septima:
1616 5609 1703 5679 Τῷ
1750 5605 2004 5661 ἓπισκόπι

2167 5605 2349 5677 ιήνης.
2399 5607 2593 5662 Ὃποτὲ
2646 5607 2739 5682 μὲν
2791 5605 3058 5679 δεσπότης
3123 5604 3249 5676 ἤτοι
3280 5604 3551 5677 ’παππᾶς,
3602 5608 3693 5659 νῦν
3740 5601 3799 5660 δὶ

377 5700 556 5777 ἰατρὸς
608 5697 697 5753 καί
740 5699 931 5775 μικρὸν
981 5697 1115 5770 μετά
1159 5700 1267 5752 τῶν
1317 5701 1409 5751 νῦν
1472 5695 1792 5773 ἁρχιατρὸς,
1843 5702 1994 5764 etc.;

2162 5697 2342 5753 esima
2387 5703 2634 5755 octava:
2682 5698 2956 5774 Λογοθέτῃ
3022 5701 3118 5752 τοῦ
3183 5702 3398 5772 γενικοῦ
3454 5700 3536 5768 τῷ
3590 5701 3794 5770 Ἀκρο-

372 5787 599 5866 πολίτῃ.
628 5784 823 5847 Πολλὰ
878 5786 975 5864 μὲν
1019 5782 1205 5865 ἔσχον,
1254 5791 1366 5846 etc.
1394 5804 1410 5863 ;
1441 5787 1740 5847 tricesima
1793 5796 1996 5846 nona;

2172 5785 2600 5866 Νεοκαισαρείτῃ.
2641 5786 2858 5866 Χάρτης
2891 5786 2992 5845 οὐκ
3036 5784 3146 5844 ἔστι
3192 5806 3317 5862 μοι,
3359 5791 3470 5845 etc.
3501 5803 3516 5858 ;
3549 5787 3804 5861 quadra-
