4132 6418
253 344 370 414 415
1530 350 1885 414 EPISTOLI

2039 350 2091 413 M
2133 350 2398 416 INDEX.
3551 357 3671 421 426

253 483 528 560 gesima:
578 480 693 538 Τινὶ
753 486 862 539 τῶν
915 481 1223 557 ὁμιλητῶν.
1286 482 1359 539 Οὐ
1417 482 1703 562 μέμφομαί
1762 504 1857 540 σου

2072 485 2197 561 περί
2250 484 2560 559 ἐπιστολάς,
2618 491 2750 556 etc.;
2812 489 3265 564 quadragesima
3315 492 3507 565 prima
3538 511 3553 551 :
3583 495 3671 565 Τῷ

255 571 419 646 αὐτῷ.
483 573 876 646 Ἐμεμψάμην,
935 571 1201 648 ὁμολογῶ
1235 590 1252 609 ο
1308 570 1549 648 λεγέσθω
1599 574 1701 651 γὰρ
1765 573 1887 647 μέμ(

2053 581 2186 642 etc.;
2247 569 2700 650 quadragesima
2729 579 2988 635 secunda
3019 597 3032 634 :
3065 583 3152 651 Τῷ
3183 579 3484 657 κοιαίστορι
3523 584 3674 658 κυρῷ

255 660 557 741 Νικηφόρῳ
612 665 694 734 τῷ
761 660 997 736 Χούμνῳ
1025 706 1038 719 .
1096 665 1221 718 Ὅτε
1279 661 1665 736 συνταξάμενος
1720 665 1887 736 ἡμῖν,

2039 681 2076 732 .;
2138 666 2588 739 quadragesima
2641 667 2862 724 tertia:
2912 671 2999 739 Τῷ
3054 668 3489 745 Νεοκαισαρείτῃ.
3550 672 3671 747 Ὧρ-

260 751 507 826 μημένον
574 771 642 824 με
695 750 918 827 γράφειν
972 751 1109 826 πρὸς
1168 752 1245 823 σέ,
1306 757 1440 820 etc.;
1500 753 1892 826 quadragesin

2040 760 2216 825 :uarta
2251 772 2263 809 :
2294 757 2381 825 Τῷ
2437 753 2601 826 αὐτῷ.
2657 755 2869 811 Ἔοικεν
2906 756 2934 810 ὁ
2961 760 3058 812 τοῦ
3088 753 3260 833 λόγου
3289 759 3492 834 πατὴρ,
3525 760 3672 835 Ἀρι-

254 838 501 896 στοτέλει
558 839 654 912 μὲν
708 837 1084 913 πλημμελῶς,
1141 847 1275 908 etc.;
1328 841 1782 915 quadragesima
1826 859 1886 916 qt

2064 846 2194 914 εΤῷ
2250 842 2415 915 αὐτῷ.
2478 842 2761 919 Ἐγκαλεῖν
2819 842 2972 900 οὐδέν
3032 866 3115 901 σοι
3180 846 3476 923 βούλομαι,
3534 854 3671 921 etc.;

254 930 706 1003 quadragesima
753 934 914 986 sexta
948 947 961 985 :
993 931 1082 1001 Τῷ
1129 929 1294 1001 αὐτῷ.
1347 930 1478 1002 Ἐμέ
1535 949 1616 991 τις
1674 927 1847 985 πάλαι

2043 934 2137 985 εῶν
2199 930 2508 1004 ὁμιλητῶν,
2568 940 2699 1002 etc.;
2750 936 3202 1008 quadragesima
3248 944 3476 1011 septma
3507 955 3521 996 :
3553 944 3675 994 Δια-

252 1016 402 1091 κόνῳ
427 1019 508 1089 τῷ
564 1013 878 1090 Καλλίστῳ.
937 1015 1179 1072 Δέσποτά
1233 1037 1338 1089 μου
1386 1016 1754 1084 ποθεινότατε,
1806 1016 2034 1074 πολλῶν
2094 1016 2204 1091 ἤδη
2263 1025 2368 1075 τῶν
2429 1023 2651 1098 ἡμερῶν
2708 1020 3125 1098 Ἀριστοτέλους
3184 1025 3371 1080 Ἠθικά
3421 1024 3675 1098 ζητοῦντί

258 1124 376 1181 μοι,
409 1112 543 1176 etc.;
572 1107 1023 1179 quadragesima
1065 1114 1269 1164 octava
1300 1124 1314 1164 :
1347 1110 1452 1161 Τοῦ
1501 1105 1666 1161 αὐτοῦ
1712 1105 1849 1183 πρὸς

2040 1112 2082 1163 ὃν
2141 1110 2215 1172 ὡς
2269 1111 2360 1164 ἀπ’
2416 1108 2612 1165 ἄλλου.
2666 1110 2898 1187 Λέγουσι
2949 1113 3043 1184 μὲν
3091 1111 3199 1192 ﬁgi)
3246 1115 3486 1188 θήραμα,
3538 1120 3672 1187 etc.;

254 1196 708 1271 quadragesima
764 1213 966 1253 nona:
999 1197 1092 1267 Τῷ
1149 1194 1595 1270 Νεοκοιισαρείτῃ.
1649 1194 1709 1250 Τί
1764 1201 1886 1252 τοῦτ

2044 1197 2238 1269 τέστης,
2296 1204 2429 1269 etc.;
2462 1202 3129 1276 quinquagesima:ToB
3186 1201 3350 1257 αὐτοῦ
3408 1203 3484 1267 ὡς
3540 1204 3676 1280 πρὸς

254 1284 447 1369 εαυτὸν
503 1284 589 1362 ὑφ’
642 1282 815 1360 ἑτέρυ.
876 1281 1009 1339 Οἶδα
1064 1284 1154 1339 καὶ
1210 1285 1311 1354 τήν
1371 1284 1608 1360 ἐμαυτοῦ
1675 1284 1800 1362 περὶ
1860 1283 2065 1362 λόγους
2117 1286 2404 1360 ἀσθένειαν,
2467 1287 2588 1344 οἶδα
2643 1288 2734 1344 καὶ
2784 1291 2881 1359 τὴν
2942 1291 3040 1359 σὴν
3100 1291 3224 1368 περὶ
3258 1289 3484 1355 τούτους
3523 1291 3676 1369 ἀκρί-

253 1368 427 1447 δῑιαν,
461 1379 594 1443 etc.;
627 1372 1120 1447 quinquagesima
1172 1375 1365 1448 prima
1395 1393 1407 1430 ε
1438 1377 1527 1445 Τῷ
1559 1378 1885 1450 Νεοκαισαρε

2043 1373 2092 1428 Τί
2127 1374 2222 1447 μὶν
2276 1379 2391 1437 τοῖς
2454 1373 2670 1448 ἄλλοις,
2729 1383 2862 1447 etc.;
2924 1380 3413 1454 quinquagesima
3463 1368 3675 1439 seou’n-

253 1465 375 1522 da;
428 1465 516 1534 Τῷ
573 1459 836 1538 λογοθέτῃ
889 1467 994 1517 τῶν
1055 1462 1322 1539 ἆγγελιῶν
1379 1467 1458 1535 τῷ
1519 1458 1925 1539 Πεπαγωμένῳ.
1984 1458 2207 1520 ’Ἁλλων
2274 1466 2371 1536 μὲι.
2439 1460 2635 1540 λόγους
2694 1465 2953 1541 ἡγούμην
3007 1470 3074 1523 τὰ
3131 1468 3426 1545 πράγματα
3460 1517 3473 1543 ,
3535 1476 3674 1543 etc,;

252 1551 742 1628 quinquagesima
798 1552 971 1608 tertia
1003 1570 1015 1607 :
1047 1552 1104 1605 Ὁ
1163 1551 1329 1629 μέγας
1388 1550 1690 1626 λογοθέτης
1741 1556 1822 1624 τῷ
1876 1575 1884 1589 ν

2045 1551 2210 1630 άρχῃ.
2271 1555 2412 1629 Ἐγὼ
2470 1551 2528 1609 δὲ
2583 1553 2910 1630 ᾐσχυνόμην
2970 1553 3272 1630 ἐπιδείξειν,
3331 1563 3464 1631 etc.;
3502 1559 3675 1633 quin-

250 1641 596 1716 quagesima
640 1645 853 1714 quarta
882 1657 896 1696 :
930 1642 1018 1713 Τῷ
1068 1638 1292 1717 μεγάλῳ
1345 1639 1626 1717 λογοθέτῃ.
1659 1639 1782 1696 Οὕτ³
1813 1640 1881 1696 έπ

2043 1662 2051 1693 ρ
2100 1640 2270 1716 κρίνω
2320 1643 2411 1697 τὸν
2464 1641 2654 1718 λόγον,
2703 1649 2836 1713 etc.;
2890 1647 3384 1721 quinquagesima
3413 1649 3675 1722 quinta:

248 1733 345 1804 Τῷ
380 1728 547 1801 αὖτῷ.
608 1728 783 1804 Δέχου
839 1728 931 1784 τὸν
992 1727 1177 1805 λόγον,
1238 1728 1509 1792 πολλάκις
1569 1729 1655 1808 ὑφ’
1712 1732 1874 1803 ἡμῶν
1933 1728 2338 1807 ἀναγνωσθέντα
2392 1730 2481 1786 καὶ
2538 1732 2930 1806 θαυμασθέντα,
2991 1739 3126 1803 etc.,
3183 1736 3678 1811 quinquagesima

248 1820 579 1889 sextatTCp
637 1815 805 1889 αὐτῷ.
868 1817 1007 1894 Ἐγώ
1064 1837 1161 1872 σου
1210 1818 1303 1873 τὸν
1360 1815 1527 1894 λόγον
1590 1817 1875 1895 ἀναγνούς,

2041 1837 2067 1886 ης
2129 1821 2625 1894 quinquagesima
2679 1823 2929 1895 septima
2961 1841 2973 1879 :
3006 1827 3093 1896 Τῷ
3122 1823 3539 1899 Νεοκαισαρείτῃ
3583 1826 3673 1881 καὶ

246 1911 328 1981 τῷ
387 1905 648 1980 Χοῦμνῳ.
710 1902 1051 1968 Κακόπαιδας
1109 1907 1202 1979 μὲν
1262 1902 1383 1960 οἶδα
1417 1951 1430 1978 ,
1491 1911 1625 1974 etc.;
1685 1908 1878 1980 quinq‘

2039 1908 2184 1965 sima
2240 1915 2443 1966 octava
2496 1927 2509 1964 :
2557 1914 2643 1982 Τῷ
2707 1912 3108 1988 Σκουταριώτῃ.
3165 1907 3513 1986 Ἐϐουλόμην
3577 1914 3671 1987 μὲν

250 1996 456 2074 λέγειν,
512 2000 647 2054 etc.;
708 1996 1202 2069 quinquagesima
1260 2013 1415 2052 nona
1467 2014 1480 2051 :
1534 1999 1621 2067 Τῷ
1680 2001 1878 2050 Νεοκαι

2039 2016 2103 2070 τῃ
2138 2039 2150 2053 .
2210 1997 2615 2073 Ὑποσχόμενος
2673 1999 2991 2056 ἀποστεῖλαι
3048 2001 3147 2069 τὴν
3211 1997 3403 2077 βίϐλον
3438 2046 3453 2072 ,
3512 2008 3671 2073 etc.;

248 2085 664 2161 sexagesima:
697 2086 786 2155 Τῷ
847 2081 1072 2161 μεγάλῳ
1130 2082 1415 2158 λογοθέτῃ.
1449 2085 1609 2159 ’Ἄρτι
1667 2088 1883 2160 πρῶτος
1940 2085 2092 2157 ἡμᾶς
2125 2086 2159 2154 ἡ
2192 2085 2316 2161 περὶ
2374 2090 2471 2140 τοῦ
2526 2091 2621 2141 σοῦ
2670 2085 2933 2165 φιλτάτου
2976 2089 3146 2166 πικρὰ
3192 2084 3482 2146 κατέλαϐεν
3513 2090 3674 2168 ἀγγε-

247 2172 364 2247 λία,
427 2177 559 2242 eto.;
620 2173 985 2245 sexagesima
1041 2172 1278 2246 prima:
1336 2176 1423 2245 Τῷ
1480 2171 1644 2245 αὐτῷ.
1707 2176 1812 2227 Νῦν
1869 2195 1879 2225 -.

2049 2172 2131 2228 εία
2177 2179 2331 2245 κινεῖ,
2383 2180 2515 2245 etc.;
2569 2178 2934 2249 sexagesima
2992 2179 3294 2236 secunda:
3327 2182 3414 2252 Τῷ
3446 2185 3677 2235 Νεοκαι-

248 2261 473 2339 σαρείτῃ
505 2305 518 2319 .
592 2265 670 2316 Εκ
724 2258 942 2316 πολλοῦ
990 2281 1076 2315 σοι
1133 2257 1537 2334 διαννοούμενοι
1599 2258 1880 2316 ἐπιστεῖλαι

2043 2280 2089 2330 ι.;
2151 2265 2516 2337 sexagesima
2572 2266 2743 2322 tertia
2804 2285 2817 2322 :
2863 2269 2950 2338 Τῷ
3006 2264 3375 2340 Σαπανόπλῳ.
3432 2266 3568 2331 Τοὺς
3622 2266 3675 2325 ιν

245 2349 410 2429 ’χερσὶ
438 2345 632 2405 τούσδε
678 2347 904 2426 λόγους.
957 2354 1090 2418 etc.;
1141 2351 1508 2422 sexagesima
1538 2355 1747 2424 quarta
1780 2368 1793 2407 :
1827 2354 1877 2403 Ti

2044 2353 2137 2423 τῷ.
2196 2353 2399 2429 ’Ὠσπερ
2457 2351 2639 2422 ἀληθῆ
2702 2351 2845 2409 οὕτω
2901 2351 2967 2425 δή
3029 2375 3128 2410 σοι·
3164 2354 3255 2410 καὶ
3285 2356 3450 2412 πιστὰ
3479 2353 3676 2431 λέξεως

246 2438 391 2512 οῖδα,
453 2443 588 2508 etc.;
647 2439 1011 2512 sexagesima
1072 2439 1277 2510 quinta
1331 2457 1344 2494 :
1402 2443 1490 2511 Τῷ
1547 2438 1741 2512 αὐτῷ.
1804 2439 1878 2495 Οὐ

2049 2439 2126 2517 ῥω
2183 2444 2281 2495 τοῦ
2334 2445 2444 2496 τῶν
2504 2446 2774 2520 σοφιστῶν
2828 2442 3032 2508 πάθους
3065 2488 3078 2513 ,
3130 2450 3279 2514 etc.;
3314 2445 3676 2520 sexagesima

244 2531 578 2600 εθχιαετῷ
637 2525 1028 2602 Μελιτινιώτῃ,
1088 2528 1285 2605 Καιρὸς
1342 2528 1408 2597 ἦν
1463 2526 1554 2584 ὅτε
1613 2529 1641 2583 ὁ
1698 2527 1876 2584 πολυθ

2037 2550 2167 2600 ητος
2229 2527 2516 2605 βασιλικὸς
2572 2536 2743 2601 σῖτος,
2792 2537 2925 2606 etc.,
2966 2534 3335 2607 sexagesima
3371 2535 3669 2608 septima:

243 2622 331 2692 Τῷ
384 2615 823 2692 Νεοκαισαρείτῃ.
887 2622 1050 2678 Ἴσως
1109 2621 1290 2689 ζητεῖς
1344 2637 1464 2671 τινα
1514 2617 1702 2693 καιρὸν
1765 2616 1875 2673 έλθε

2044 2618 2126 2680 »ὸς
2173 2621 2344 2692 ἡμᾶς,
2394 2625 2527 2688 etc.;
2560 2621 2923 2695 sexagesima
2966 2627 3168 2679 octava
3201 2640 3214 2679 :
3243 2625 3331 2693 Τῷ
3359 2621 3525 2695 αὐτῷ.
3559 2621 3676 2701 Πρὸ

241 2707 478 2764 πολλῶν
527 2707 773 2782 ἡμερῶν,
834 2711 969 2771 etc.;
1029 2708 1396 2780 sexagesima
1451 2710 1773 2779 οοοοεΤῷ
1836 2712 1873 2761 Il

2038 2706 2160 2784 έρῃ.
2221 2706 2463 2763 Δέσποτά
2523 2730 2628 2782 μου
2682 2710 2999 2786 σοφώτατε,
3059 2709 3291 2787 ἀνέγνων
3351 2711 3442 2766 τὸν
3503 2709 3670 2789 λόγον

244 2794 447 2854 πλεῖον
499 2796 537 2865 ἢ
592 2795 840 2872 τετράκις
875 2838 889 2864 ,
947 2800 1082 2865 etc.;
1145 2796 1581 2870 septuagesima
1643 2814 1655 2851 :
1710 2798 1797 2867 Τῷ
1856 2802 1876 2850 Ι

2044 2796 2275 2874 ισαρείτῃ
2326 2840 2337 2851 .
2401 2797 2565 2872 Ἀνὴρ
2624 2797 2828 2861 ἐκεῖνος
2884 2799 3184 2876 γράμματα
3239 2797 3387 2874 ἔδοξε
3442 2799 3676 2874 πέμπειν

245 2889 405 2961 ἡμιν,
469 2887 602 2953 etc.;
637 2884 1071 2958 septuagesima
1118 2885 1313 2956 prima
1374 2903 1386 2941 :
1445 2887 1533 2956 Τῷ
1595 2886 1826 2959 μοναχῷ

2040 2906 2103 2959 ῃ.
2133 2888 2231 2948 ’Ός
2262 2906 2346 2940 σοι
2392 2886 2490 2955 τὴν
2542 2885 2837 2956 ἐπιστολὴν
2879 2885 3192 2965 έγχειριζει,
3242 2893 3374 2959 etc.;
3436 2897 3672 2964 septua-

244 2977 478 3052 gesima
523 2975 827 3032 secunda:
860 2975 949 3045 Τῷ
995 2971 1382 3047 Μελιτινιώτῃ.
1432 2968 1689 3047 Εὕχομαι
1738 2974 1814 3036 εἰς
1864 2982 1876 3027 ι

2062 2972 2153 3029 τίνα
2200 2974 2297 3029 κᾶν
2346 2975 2509 3038 αὐτὸς
2559 2974 2845 3051 ὑγιαίνοις,
2895 2983 3030 3045 etc.,
3075 2979 3510 3053 septuagesima
3556 2984 3672 3038 ter-

243 3061 496 3137 ιίαςτῷ
555 3060 784 3138 μοναχῷ
840 3065 991 3138 κυρῷ
1042 3058 1317 3135 Μεθοδίῳ.
1381 3063 1620 3137 Ἐρωτᾷς
1672 3062 1726 3116 τί
1781 3064 1919 3136 ἡμῖν
1976 3065 2010 3132 ἡ
2072 3061 2297 3142 ἀφέλεια
2350 3067 2458 3119 τῶν
2518 3064 2656 3140 πρὸς
2714 3066 2772 3120 σὲ
2832 3064 3088 3141 βούλεται
3137 3065 3500 3144 γραμμάτων,
3532 3072 3670 3138 eto.,

246 3153 687 3230 septuagesima
734 3157 990 3225 quarta:
1041 3154 1129 3223 Τῷ
1175 3152 1385 3228 Κορισῃ
1439 3156 1669 3227 μοναχῷ
1717 3151 1878 3227 Ἀγάθ

2062 3154 2182 3207 Ἔτι
2227 3157 2491 3230 περιττῶς
2549 3150 2751 3230 ἔχομεν
2800 3158 2906 3209 τῶν
2950 3155 3197 3231 ἀνιαρῶν,
3247 3162 3381 3228 etc.,
3432 3161 3668 3231 septua-

245 3245 476 3318 gesima
533 3241 785 3315 quinta:
818 3243 906 3311 Τῷ
968 3237 1334 3314 Μελιτινιώτῃ
1368 3285 1379 3297 .
1457 3237 1599 3295 Ἰδοὺ
1650 3261 1735 3295 σοι
1783 3241 1877 3296 πέτ

2037 3261 2047 3294 ι
2091 3240 2181 3296 καὶ
2225 3237 2407 3316 ἕτερον
2457 3239 2791 3315 Ἀριστείδου
2844 3238 3101 3318 βιϐλίον-³,
3161 3249 3297 3314 etc.;
3356 3249 3669 3320 septuage-

246 3334 398 3391 sima
427 3334 594 3389 sexta
625 3347 640 3386 :
669 3326 758 3402 Τῷ
789 3326 1128 3401 Σταυρακίῳ.
1160 3328 1218 3381 Ὀ
1279 3328 1373 3402 μὲν
1433 3328 1621 3405 καιρὸς
1680 3328 1863 3400 ἐξότου

2040 3330 2131 3399 τήν
2193 3324 2488 3403 σεϐασμίαν
2548 3330 2673 3404 ἐμοὶ
2729 3330 2992 3409 κεφαλὴν,
3044 3339 3177 3403 etc.;
3234 3334 3672 3407 septuagesima

247 3422 547 3496 septima;
578 3421 666 3491 Τῷ
721 3417 888 3490 αὐτῷ.
943 3417 1088 3474 Ἅνω
1135 3416 1225 3472 καὶ
1274 3418 1422 3473 κάτω
1471 3421 1569 3473 σοῦ
1617 3421 1725 3473 τῶν
1777 3417 1879 3474 έπιι

2040 3440 2102 3492 w,
2152 3426 2287 3490 etc.,
2343 3422 2780 3495 septuagesima
2826 3428 3069 3479 octava:
3104 3420 3361 3498 Γεωργίῳ
3415 3425 3495 3495 τῷ
3524 3428 3672 3499 Μαρ-

251 3510 413 3587 μαρᾷ,
478 3507 699 3581 Ἔξότοο
740 3507 838 3570 τὰς
894 3500 1211 3580 μεμϐράνας
1259 3504 1530 3584 εἷλήφεις,
1580 3512 1713 3579 etc.;
1766 3515 1883 3581 sep!

2041 3509 2205 3566 rsima
2250 3526 2405 3567 nona
2433 3528 2445 3565 :
2476 3506 2564 3583 Τῷ
2594 3510 2924 3587 Θεογνώστῳ
2951 3508 3101 3585 κυρῷ
3131 3510 3353 3585 Ἰωάννῃ
3393 3508 3474 3585 τῷ
3505 3508 3673 3588 ἰατρῷ

246 3597 468 3676 χρηπᾶ
520 3598 689 3652 ταῦτα
744 3596 780 3667 ἢ
839 3593 988 3658 ὅλως
1051 3593 1265 3669 ἀνεκτά,
1326 3602 1461 3666 etc.;
1530 3598 1878 3671 octogesima

2042 3597 2092 3651 Γὸ
2153 3595 2520 3670 Σαπανόπλῳ.
2557 3599 2794 3653 Ἐπαινῶ
2822 3598 2914 3653 καὶ
2962 3598 3021 3654 σὲ
3049 3601 3148 3669 τῆς
3188 3597 3506 3672 ἐπιπολῆς,
3539 3609 3674 3673 etc.,

245 3687 608 3764 octogesima
635 3686 827 3760 prima
858 3703 872 3741 :
903 3682 992 3757 Τῷ
1021 3682 1324 3762 Ξιφιλίνῳ.
1356 3685 1428 3740 Τὸ
1464 3684 1557 3758 μὶν
1596 3682 1774 3760 βιλίον
1803 3683 1877 3739 ἴδε

2071 3684 2148 3748 εἰς
2177 3690 2386 3762 χεῖρας,
2417 3692 2552 3756 etc.,
2596 3688 2958 3761 octogesima
3002 3689 3261 3746 secunda.
3292 3707 3306 3744 :
3336 3686 3424 3761 Τῷ
3469 3708 3673 3765 χαρτο-

245 3775 451 3857 φύλακι
509 3771 917 3845 Θεσσαλονίκης
970 3772 1051 3846 τῷ
1102 3772 1448 3850 Σταυρακίῳ.
1501 3776 1597 3828 Ὃν
1648 3773 1711 3828 σὺ
1759 3773 1877 3846 περῖ

2039 3794 2062 3837 ς
2118 3772 2283 3829 πόθον
2317 3773 2496 3847 σαυτῷ
2528 3779 2839 3852 μαρτυρεῖς,
2874 3781 3008 3845 etc.;
3066 3778 3422 3851 octogesima
3449 3779 3627 3836 tertia
3658 3797 3671 3836 :

244 3866 333 3939 Τῷ
392 3864 720 3942 Θεογνώστῳ
772 3860 925 3938 κυρῷ
980 3863 1198 3938 Ἰωάννῃ
1253 3860 1334 3936 τῷ
1370 3917 1375 3921 ,
1413 3860 1582 3939 ἴατρῷ
1617 3908 1628 3920 .
1691 3862 2037 3936 Ἐντιμότατε
2094 3859 2326 3918 δέσποτα
2358 3911 2373 3936 ,
2432 3862 2530 3919 οὐκ
2587 3864 2744 3938 οἶμαί
2803 3885 2862 3919 σε
2916 3865 3007 3919 τὸν
3067 3864 3197 3938 ἐμὸν
3258 3865 3470 3942 ἀγνοεῖν
3526 3866 3625 3941 τρό
3654 3899 3679 3910 -

245 3976 371 4027 παν,
430 3960 567 4026 etc.;
627 3955 988 4029 octogesima
1045 3958 1256 4027 quarta
1288 3970 1301 4009 :
1333 3949 1422 4025 Τῷ
1457 3950 1682 4029 μοναχῷ
1740 3950 1874 4009 Θεοδ

2094 3951 2280 4029 Παχὺς
2341 3953 2468 4027 ὑμῖν
2504 3955 2532 4008 ὁ
2580 3953 2845 4032 πεμφθεὶς
2893 3953 3058 4025 οἶνος,
3116 3959 3250 4023 etc.;
3313 3956 3675 4030 octogesima

244 4046 501 4119 quinta:
532 4040 621 4115 Τῷ
676 4040 843 4115 αὐτῷ.
904 4043 1022 4097 ’Ότι
1084 4042 1178 4115 μὲν
1239 4039 1412 4117 χέρῆν
1470 4040 1663 4097 αὐτίκα
1723 4040 1876 4115 μετά,

2037 4060 2071 4110 ’;
2131 4043 2490 4116 octogesima
2546 4048 2707 4100 sexta
2739 4061 2752 4111 ;
2784 4040 2873 4115 Τῷ
2933 4040 3300 4115 Σαπανόπλῳ.
3359 4041 3429 4099 Εἴ
3480 4040 3564 4099 δεῖ
3615 4064 3669 4098 τι

242 4133 472 4190 ἀκοῦσαι
525 4133 676 4206 ἡμᾶς
730 4129 878 4208 παρᾶ
935 4135 1051 4203 σοῦ,
1111 4136 1245 4200 etc.;
1306 4132 1665 4205 octogesima
1714 4132 1874 4204 septi]

2043 4129 2131 4204 Τῷ
2187 4130 2624 4207 Νεοκαισαρείτῃ.
2671 4132 2770 4186 Τὸν
2825 4132 2916 4204 μὲν
2962 4132 3173 4209 καιρὸν,
3223 4130 3304 4187 ὅτι
3354 4132 3659 4209 χειμέριος,

244 4223 399 4298 ὁρᾷς,
459 4225 596 4291 etc.;
647 4220 1007 4294 octogesima
1062 4223 1307 4275 octava:
1339 4215 1428 4290 Τῷ
1484 4215 1875 4293 Μελιτινιώτῃ.

2052 4222 2146 4274 ρῶν
2204 4238 2391 4291 τινων,
2449 4217 2531 4274 ὅτι
2591 4218 2896 4295 γεγόνασιν,
2953 4219 3320 4276 ἀκουσθέντων
3371 4242 3487 4295 μοι,
3537 4226 3684 4291 etc.;.

244 4311 610 4386 octogesima
665 4327 823 4367 nona
855 4326 869 4365 :
899 4305 988 4380 Τῷ
1042 4306 1251 4384 Κορέσῃ
1312 4304 1541 4384 μοναχῷ
1587 4307 1856 4383 Ἀγάθωνι
1905 4306 1996 4363 καὶ
2042 4305 2124 4381 τῷ
2170 4307 2589 4385 Νεοκαισαρείτῃ
2623 4352 2636 4365 .
2686 4307 2817 4384 Περὶ
2867 4308 2930 4364 οὗ
2977 4310 3077 4379 τήν
3130 4311 3373 4385 σήμερον
3421 4308 3677 4383 εἰρήκατε

246 4394 477 4471 βιϐλίου
526 4396 659 4454 εἶναι
709 4397 838 4474 παρ’
886 4396 1033 4471 ὑμῖν,
1082 4401 1216 4467 etc.;
1266 4397 1698 4471 nonagesima:
1747 4395 1836 4469 Τῷ

2043 4397 2270 4471 τινιώτῃ.
2320 4402 2375 4451 '0
2422 4394 2808 4473 ἀρχιδιάκονος
2860 4398 3146 4474 ὑγιαίνοις,
3195 4402 3341 4453 τοῦτ’
3386 4394 3528 4453 ἓστω
3580 4418 3675 4472 μοι

240 4495 344 4559 τῆς
398 4484 699 4557 ἔπιστολής
745 4487 809 4542 τὸ
856 4485 1170 4564 προοίμιον,
1222 4490 1354 4555 etc.;
1409 4486 1791 4558 nonagesimo.
1840 4505 1872 4560 p

2063 4505 2076 4541 :
2125 4490 2248 4548 Τοῖς
2300 4487 2491 4541 ἑαυτοῦ
2541 4483 2862 4559 ὁμιληταῖς,
2911 4485 2993 4560 τῷ
3040 4508 3100 4542 τε
3143 4486 3472 4543 Μουσάλωνι
3524 4485 3674 4565 κυρῷ

244 4575 520 4656 Θεοδώρῳ
578 4574 838 4653 λογοθέτῃ
892 4578 1000 4631 τῶν
1055 4577 1308 4650 γενικῶν,
1368 4573 1460 4629 καί
1513 4579 1632 4637 τοῖς
1692 4572 1911 4637 λοιποῖς
1948 4619 1961 4632 .
2023 4571 2246 4652 ’Δνδρες
2304 4573 2505 4653 φίλοι,
2564 4580 2768 4649 Ἐρμοῦ
2840 4574 3102 4655 τρόφιμοι
3170 4575 3261 4631 καὶ
3319 4580 3572 4650 Μουσῶν,
3628 4575 3676 4631 εἰ

250 4668 368 4742 μέν,
428 4672 569 4737 etc.;
626 4666 1011 4740 nonagesima
1067 4665 1621 4739 εθοιιοάεεῬήτορι
1677 4664 1757 4736 τῷ
1812 4662 1882 4719 Ὀ]

2041 4685 2122 4737 ιῳ.
2174 4662 2348 4739 Κόρος
2395 4669 2503 4719 τῶν
2555 4666 2789 4737 πάντων,
2850 4671 2984 4735 etc.;
3045 4667 3429 4739 nonagesimo.
3456 4666 3673 4723 tertia:

245 4757 335 4829 Τῷ
366 4754 458 4813 ἐπὶ
488 4758 598 4811 τῶν
641 4750 896 4825 δεήσεων.
945 4757 1156 4828 Πρᾶττε
1203 4751 1278 4814 ὡς
1330 4752 1390 4807 ἂν
1444 4748 1651 4826 ἐθέλῃς,
1705 4754 2263 4827 etc.;-nonagesimo.
2310 4758 2519 4826 quarta
2558 4751 2690 4825 ;Τῷ
2738 4751 2905 4826 αὐτῷ.
2953 4752 3119 4828 Χάριν
3153 4750 3279 4808 οὐδὲ
3322 4752 3448 4826 μίαν
3475 4756 3511 4823 ἡ
3543 4752 3677 4828 πρό-

248 4845 405 4921 τριτά
434 4864 534 4901 σου
563 4847 664 4899 :06
705 4840 881 4898 ιίππου
932 4841 1078 4917 εἶχεν
1131 4839 1436 4913 ἀποστολή,
1488 4847 1622 4910 etc.;
1673 4858 1880 4915 nonagt

2041 4860 2056 4899 I
2105 4844 2309 4915 quinta
2343 4861 2355 4898 :
2386 4846 2474 4915 Τῷ
2524 4841 2670 4915 αὐτῷ
2700 4841 2899 4920 Ἐφάνη
2948 4843 3011 4897 τὸ
3042 4839 3290 4919 δεύτερον
3321 4846 3507 4914 τοῦτο,
3538 4848 3673 4913 etc.,

250 4935 638 5009 nonagesimo.
685 4938 850 4991 sexta
884 4953 900 4986 ι
932 4933 1145 5004 Ῥήτορι
1196 4930 1275 5003 τῷ
1328 4924 1641 5004 Ὁλοϐόλῳ.
1692 4932 1864 5006 ᾯτινι

2051 4928 2370 5009 φιλοτιμίας
2419 4929 2596 5005 μέλει,
2652 4929 2787 5007 βλὰξ
2837 4931 3061 5003 ἐκεῖνος,
3111 4931 3291 5009 φασὶν,
3325 4937 3457 5001 etc.;
3490 4950 3673 4990 nona-

252 5024 480 5095 gesima
509 5022 764 5096 septima
796 5040 810 5078 ζ
841 5020 930 5092 Τῷ
988 5017 1376 5094 Μελιτινιώτῃ.
1420 5018 1484 5074 EI
1535 5017 1629 5093 μέν
1674 5041 1725 5075 τι
1778 5019 1884 5074 νόσι

2042 5017 2188 5089 εταξὺ
2236 5019 2327 5074 καὶ
2378 5019 2553 5096 ὑγείας
2598 5018 2771 5096 ἔχεις,
2818 5025 2950 5090 etc.;
3002 5021 3385 5094 nonagesimo.
3425 5026 3674 5080 octava:

251 5113 336 5183 Τῷ
386 5110 515 5189 περί
571 5113 678 5165 τῶν
737 5107 998 5180 δεήσεων.
1058 5111 1313 5185 Σήμερον
1370 5106 1677 5185 ὀρθρίσαντί
1737 5128 1854 5181 μοι,
1913 5112 2048 5177 etc.;
2104 5108 2482 5181 nonagesima
2538 5109 2854 5181 nonazTLf)
2913 5108 3252 5182 Σταυρακίῳ.
3308 5113 3481 5187 Τῦφον
3538 5111 3675 5183 ἡμῖν

256 5198 532 5275 ἐγκαλεῖς,
595 5200 641 5255 ὧ
697 5198 881 5276 ἀγαθὲ,
942 5196 1054 5268 καί,
1114 5205 1251 5268 etc.,
1307 5199 1793 5270 centesimazTi’p
1853 5219 1888 5271 μ

2044 5200 2080 5269 ᾦ
2134 5200 2283 5272 κυρῷ
2338 5194 2609 5269 Μεθοδίῳ.
2669 5197 2981 5274 Ὑγιαίνοις,
3017 5196 3069 5252 έν
3101 5202 3317 5274 Χριστῷ
3358 5198 3676 5273 τιμιώτατε,

258 5287 307 5361 ἒξ
336 5287 510 5366 εὐχῆς
563 5309 657 5362 μοι
702 5287 767 5342 τὸ
811 5290 909 5343 τοῦ
948 5287 1273 5363 γράμματος
1323 5283 1461 5342 ἔστω
1508 5286 1828 5364 προοίμιον.
1879 5287 1890 5307 ’

2045 5308 2072 5358 ε,
2123 5292 2257 5354 etc.;
2312 5288 2634 5344 centesima
2681 5288 2905 5360 prima:
2958 5290 3046 5359 Τῷ
3092 5286 3256 5360 αὐτῷ.
3300 5288 3677 5362 Ἐπανήκαμεν

259 5375 317 5432 ἐκ
358 5383 461 5447 τῆς
513 5375 801 5451 ἐκδημίας,
866 5381 999 5445 etc.;
1054 5378 1376 5434 centesima
1425 5378 1684 5433 secunda
1718 5394 1731 5432 :
1763 5380 1849 5447 Τῷ

2046 5378 2159 5449 ιασῇ
2223 5375 2464 5449 Ἰωάννῃ.
2533 5369 2878 5448 Βαμϐακίνας
2923 5374 2983 5429 έκ
3049 5374 3220 5448 μόνης
3282 5377 3505 5450 θατέρας
3569 5381 3678 5434 τῶν

260 5463 583 5544 ἐπιφανειῶν
661 5463 1042 5542 γεγραμμένας
1086 5463 1385 5537 πέπεισμαι
1434 5460 1577 5519 οἶκοι
1626 5485 1710 5520 σοι
1760 5462 2120 5542 παρερρίφθαι
2171 5460 2383 5525 πολλάς
2434 5482 2447 5494 ·
2499 5464 2555 5517 αἱ
2605 5463 2662 5518 δέ
2717 5485 2801 5518 σοι
2856 5464 2948 5538 μὲν
2999 5464 3075 5527 είς
3134 5462 3287 5520 οὐδὲν
3347 5468 3621 5542 χρήσιμαι
3668 5510 3682 5535 ,

260 5554 305 5608 εἱ
357 5557 434 5629 μὴ
489 5554 591 5630 ἄρα
636 5554 819 5630 λέγεις
871 5552 949 5616 εἷς
999 5549 1183 5628 ἔξαψιν
1234 5550 1445 5631 φλογὸς
1494 5552 1771 5625 ταμιεύειν
1823 5550 1892 5606 αὖ⁴

2061 5550 2185 5625 ἐμοὶ
2241 5549 2298 5606 δὲ
2362 5551 2408 5606 εί
2471 5551 2727 5627 πέμψεις,
2802 5562 2935 5624 etc.;
3006 5555 3325 5611 centesima
3381 5557 3554 5612 tertia
3596 5559 3685 5629 Τῷ

258 5641 651 5718 Μελιτινιώτῃ.
703 5644 864 5707 Ἴσως
918 5642 1014 5716 μὲν
1061 5642 1311 5717 γράψεις,
1360 5647 1492 5711 etc.;
1546 5643 1867 5700 centesima

2045 5648 2188 5698 .rta:
2240 5644 2328 5712 Τῷ
2378 5641 2659 5716 Δουκαίτῃ.
2729 5641 2906 5717 Λόγος
2970 5641 3051 5696 ὅτι
3112 5642 3423 5716 πταίσματα
3485 5642 3677 5713 ἐνῆσαν

256 5736 334 5806 τῷ
382 5733 668 5809 γράμματι
714 5776 728 5803 ,
778 5737 912 5802 etc.;
963 5731 1284 5789 centesima
1332 5731 1583 5803 quinta:
1639 5732 1756 5785 Τινὶ
1805 5734 1888 5786 τῷ

2049 5726 2255 5801 ιλητῶν
2307 5727 2397 5784 διά
2445 5751 2566 5785 τινα
2613 5730 2961 5804 αἰτιώμενον,
3008 5730 3090 5785 ὅτι
3144 5732 3220 5802 μὴ
3279 5733 3414 5806 πρὸς
3475 5730 3680 5802 ἡδονὴν

258 5818 473 5907 γράφει.
533 5818 869 5897 Ἐπικροτεῖν
936 5819 1034 5875 οὐκ
1089 5816 1218 5873 οἴδα
1253 5816 1393 5896 πρός
1451 5816 1697 5898 ὀργάνων
1768 5834 1890 5904 φωνι

2042 5824 2165 5892 ato.;
2224 5820 2548 5880 centesima.
2603 5826 2764 5880 sexta
2821 5838 2834 5881 :
2892 5824 2979 5895 Τῷ
3035 5820 3392 5895 Σταυρακίῳ,
3444 5820 3522 5879 Τὸ
3581 5821 3674 5899 μὲν

584 5949 849 6015 Ριτιιοι..
895 5948 1009 6014 Gn.
1052 5946 1286 6014 CXLII.

3284 5950 3359 6027 Η
