4132 6424
396 318 514 382 427
1426 320 1740 382 GEORGII
1788 320 2022 381 CYPHI

2184 325 2217 378 ’.
2270 318 2795 381 ΡΑΤΗΙΔΗΟΗᾸΞ
3695 322 3816 386 428

392 452 531 529 πρὸς
570 454 722 524 ἡμᾶς
773 472 870 506 σου
921 451 1153 525 γράμμα
1206 449 1538 507 Λακωνικόν·
1573 448 1682 523 ἐγὼ
1741 448 1798 505 δὲ
1853 448 1955 525 ἄρα
2014 448 2326 524 πολυλόγος
2371 469 2476 517 τις,
2504 449 2614 521 καὶ,
2648 449 2723 512 ὡς
2778 452 3027 527 ’Όμηρος
3083 448 3209 524 εἷ’πῃ
3257 451 3624 526 ἀμετροεπής,
3653 458 3814 522 etc.;

395 543 715 600 centesima
762 541 1015 614 septima
1047 559 1060 598 :
1090 541 1179 613 Τῷ
1236 540 1584 616 Θεογνώστῳ.
1620 537 1744 604 Εἷίθε
1804 538 1983 614 ὥσπερ

2183 559 2295 601 ιτος
2355 538 2401 593 εἰ
2460 539 2669 615 πράξει,
2712 546 2868 608 etc.;
2931 541 3253 598 centesima
3308 547 3511 599 octava
3542 558 3557 598 :
3588 541 3677 613 Τῷ
3727 540 3815 597 ἐπὶ

393 634 504 685 τῶν
573 627 833 701 δεήσεων.
911 628 1057 685 Καλὲ
1127 630 1332 705 κάγαθέ
1402 626 1687 700 Μανουήλ,
1739 626 2015 704 ὑγιαίνοις.
2076 626 2246 682 Τοῦτό
2306 647 2398 700 μοι
2455 635 2555 697 τῆς
2612 625 2836 700 ὁμιλίος
2891 628 2983 683 καὶ
3022 627 3161 705 εύχὴ
3221 629 3312 684 καὶ
3371 628 3688 706 προοίμιον.
3747 632 3819 686 Τὸ

398 716 457 775 δὲ
513 720 647 793 μετά
694 724 855 774 τοῦτο
908 720 936 774 6
986 721 1255 794 ἡμέτερος
1309 719 1600 795 Γεώργιος,
1654 725 1805 785 θιο.;
1856 718 2190 776 centesima
2240 735 2439 775 nona:
2483 717 2570 789 Τῷ
2628 718 2929 796 σοφωτάτῳ
2991 716 3219 793 μεγάλῳ
3276 716 3563 795 λογοθέτη.
3627 718 3815 793 Οἶμαι,

397 806 645 870 πολλούς
699 829 847 869 τινας
904 804 1063 883 ἔσχες
1121 804 1276 877 ἰδεῖν,
1310 814 1460 876 eto.;
1494 808 1818 864 centesima
1873 806 2029 863 decin

2185 805 2274 876 Τῷ
2309 803 2701 878 Μελιτινιώτῃ.
2735 808 2857 862 ’Ότι
2893 803 3006 861 οὐδ’
3034 809 3319 877 ἡντιναοῦν
3350 810 3485 880 ἡμῖν
3513 807 3703 884 χρείαν
3754 808 3817 863 τὸ

394 901 493 953 τοῖ’)
555 895 844 973 βαλανίτου
900 901 1133 971 παρεῖχε
1193 890 1427 970 βιϐλίον,
1486 900 1637 963 etc.;
1693 896 2014 951 centesima

2185 895 2385 951 Lecima
2439 913 2453 952 :
2501 894 2589 966 Τῷ
2649 893 3019 971 Ἀκροπολίτῃ
3080 894 3309 972 μεγάλῳ
3363 895 3625 973 λογοθέτῃ
3666 895 3817 977 κυρῷ

396 986 676 1063 Γεωργίῳ,
708 982 1021 1057 διδασκάλῳ
1079 984 1241 1039 αὐτοῦ
1294 983 1719 1059 χρηματίσαντι.
1756 982 1917 1056 Κύριέ
1979 1003 2083 1055 μου
2140 983 2229 1037 καὶ
2290 979 2604 1054 διδάσκαλε,
2636 982 2751 1039 ἐπεὶ
2808 985 2945 1061 πρὸς
2997 988 3095 1040 τοῦ
3151 985 3459 1061 κρείττονος
3516 983 3815 1063 ὁδηγηθεὶς

400 1074 641 1151 ὑπέσχου
693 1072 877 1130 δοῦναι
922 1075 1022 1143 τὴν
1081 1068 1297 1148 βίϐλον,
1329 1079 1438 1129 etc.
1468 1098 1482 1141 ;
1514 1072 1835 1129 centesima
1891 1073 2032 1129 duo:

2185 1090 2242 1129 la
2273 1090 2286 1128 :
2316 1073 2403 1144 Τῷ
2464 1070 2685 1149 μεγάλῳ
2745 1071 3031 1149 λογοθέτῃ.
3063 1073 3174 1129 Ούκ
3232 1072 3419 1149 ὀλίγοι
3468 1079 3579 1130 τῶν
3639 1073 3817 1152 φίλων

394 1165 487 1220 τὸν
520 1164 682 1241 λόγον
736 1163 975 1219 αἰτοῦσιν
1034 1164 1205 1235 ἡμᾶς·
1238 1165 1427 1216 τοῦτον
1483 1158 1549 1229 δὴ
1611 1159 1753 1237 λέγω
1798 1160 1891 1215 τὸν
1947 1161 2275 1238 προσφάνως
2328 1163 2465 1233 ἡμῖν
2526 1161 2614 1217 ἐπὶ
2666 1160 2747 1234 τῷ
2808 1159 3037 1237 μεγάλῳ
3086 1162 3492 1236 συντεθειμένον
3524 1163 3816 1237 Διονυσίῳ,

395 1260 525 1325 etc;
556 1255 877 1312 centesima.
900 1252 1127 1310 decima
1154 1253 1327 1308 tertia
1368 1269 1380 1307 :
1412 1248 1500 1322 Τῷ
1555 1248 1781 1327 μοναχῷ
1822 1249 2021 1324 Ἰασίτῃ

2186 1251 2367 1314 ὑσκεις
2425 1252 2516 1306 τὸν
2580 1250 2710 1324 ἐμὸν
2766 1251 2991 1328 τρόπον,
3022 1257 3174 1322 eto.;
3210 1254 3533 1311 centesima
3587 1254 3818 1311 decima

396 1340 772 1419 quartaz’l‘c‘é
828 1341 1159 1416 Θεογνώστῳ
1206 1340 1355 1415 κυρῷ
1416 1338 1633 1414 Ἰωάννῃ
1688 1340 1767 1412 τῷ
1828 1338 2018 1415 ἰατρῷ.

2187 1346 2288 1416 φῆς
2346 1339 2562 1395 οἶασοῦν
2596 1339 2705 1416 οὐχ
2733 1340 2961 1415 ἡψάμην
2989 1341 3089 1411 τήν
3121 1340 3275 1418 χθές,
3309 1348 3419 1400 etc.
3446 1360 3461 1411 ;
3495 1344 3819 1401 centesima

396 1434 625 1491 decima
680 1433 934 1506 quinta:
992 1434 1095 1485 Τοῦ
1152 1428 1317 1483 αὐτοῦ
1373 1428 1675 1503 ἁγιωτάτου
1733 1426 2078 1504 πατριάρχου
2132 1426 2440 1501 ἐπιστολαὶ,
2500 1428 2798 1483 ἐκδοθεῖσαι
2857 1428 2909 1484 ἐν
2966 1428 3047 1503 τῷ
3103 1430 3500 1507 πατριαρχείῳ.
3561 1432 3658 1502 Τῷ
3717 1452 3816 1504 με·

395 1520 556 1597 γάλῳ
605 1518 889 1597 λογοθέτῃ.
941 1515 1097 1580 Εἶδες
1142 1518 1230 1571 οἷά
1281 1537 1346 1589 με
1396 1518 1424 1571 6
1467 1515 1796 1592 Θεολογίτης
1849 1513 2094 1586 διέθηκεν
2147 1517 2397 1588 Ἰωάννης
2448 1518 2476 1572 6
2534 1514 2871 1581 Μακεδονίας
2920 1517 3009 1574 καὶ
3060 1518 3275 1594 Θρᾴκης
3336 1518 3473 1575 κατᾶ
3524 1519 3619 1593 μέν
3668 1539 3817 1583 τινας

374 1608 602 1683 ,ἄλλους
650 1607 1014 1687 ἀπογραφεύς,
1063 1613 1211 1674 etc.;
1266 1607 1591 1663 centesima
1637 1606 1864 1662 decima
1911 1622 2006 1662 sex

2198 1606 2255 1657 Ὀ
2308 1604 2475 1680 μέγας
2540 1603 2844 1680 λογοθέτης
2893 1610 2971 1679 τῷ
3037 1605 3369 1684 πατριάρχῃ.
3427 1608 3571 1680 Ἐγὼ
3621 1604 3679 1663 δὲ
3726 1607 3816 1663 καὶ

395 1701 556 1775 χάριν
614 1697 876 1774 ὁμολογῶ
930 1701 1011 1769 τῷ
1067 1694 1405 1769 ταλαιπώρῳ
1457 1692 1773 1769 Θεολογίτῃ,
1834 1700 1986 1762 etc.;

2180 1695 2368 1751 esima
2421 1696 2650 1751 decima
2707 1697 2959 1769 septima
2986 1714 3005 1753 :
3038 1696 3095 1750 '0
3146 1696 3496 1773 πατριάρχης
3525 1700 3605 1769 τῷ
3645 1693 3812 1769 αὕτῷ.

393 1792 505 1859 Τῆς
536 1788 732 1865 ἀρετὴς
756 1794 859 1856 τῆς
903 1785 1032 1862 χθές
1081 1805 1175 1859 μοι
1223 1783 1561 1862 πεμφθείσης
1616 1782 1932 1853 amotam"
1966 1790 2022 1840 et

2190 1785 2481 1841 entesima
2510 1784 2736 1840 decima
2774 1790 2976 1842 octava
3014 1803 3027 1840 :
3073 1790 3128 1839 '0
3179 1783 3341 1859 μέγας
3392 1783 3691 1861 λογοθέτης
3736 1791 3817 1858 τῷ

392 1877 727 1955 πατριάρχῃ.
778 1876 1083 1953 Ἦσχύνθην
1147 1875 1278 1948 ὑπὲρ
1340 1873 1575 1947 ἐμαυτοῦ
1623 1870 1910 1944 δεξάμενος
1958 1873 2058 1940 τῆν
2109 1870 2428 1942 ἐπιστολὴν,
2474 1870 2558 1927 ὅτι
2612 1893 2679 1945 με
2724 1877 2977 1929 τοσοῦτον
3031 1873 3239 1948 ἐπῄνει,
3294 1881 3448 1944 etc.;
3497 1876 3820 1933 centesima

396 1971 623 2027 decima
668 1984 868 2025 nona:
916 1967 973 2019 '0
1004 1964 1350 2039 πατριάρχης
1397 1967 1477 2034 τῷ
1536 1961 1704 2034 αὐτῷ.
1766 1955 2098 2033 Εϐουλόμην
2153 1960 2213 2015 ἐκ
2260 1965 2369 2015 τῶν
2430 1960 2570 2017 ἐπῶν
2629 1963 2872 2036 Ὁμήρου
2926 1968 3033 2017 τῶν
3096 1960 3526 2037 ἐπιστολιμαίων
3587 1964 3817 2019 τουτωνὶ

391 2054 747 2133 κατάρξασθαι
822 2048 1135 2120 συλλαϐῶν,
1196 2059 1355 2120 etc.;
1416 2052 1735 2108 centesima
1790 2050 2023 2124 vigesim

2191 2053 2285 2123 Τῷ
2345 2049 2509 2122 αὐτῷ.
2571 2052 2634 2105 Οἱ
2692 2048 2750 2106 δὲ
2806 2057 3066 2126 Περσαεῖς
3144 2053 3285 2108 πόσα
3338 2049 3519 2116 δοκεῖς
3580 2052 3812 2109 ἐνώπιον

392 2149 555 2220 ἡμῶν
611 2142 907 2220 πράττουσί
960 2162 1019 2197 τε
1072 2141 1161 2196 καὶ
1213 2138 1680 2215 λέγουσιν;Ἐγὼ
1713 2140 1806 2212 μὲν
1842 2136 1955 2193 οὐδ’
2017 2138 2228 2194 ἀκούειν
2294 2140 2559 2216 ἀνέχομαι
2617 2145 2725 2195 τῶν
2781 2138 3016 2217 ἀνδρῶν,
3072 2141 3226 2215 οἶμαι
3288 2139 3368 2215 δέ,
3427 2147 3536 2200 etc.
3568 2161 3583 2212 ;
3615 2147 3817 2200 cente-

392 2237 547 2293 sima
602 2234 888 2308 vigesima
943 2232 1178 2305 prima:
1212 2231 1345 2291 Τοῖς
1405 2228 1455 2283 ἐν
1515 2233 1594 2301 τῷ
1656 2226 1967 2305 Ὀστρειδίῳ
2023 2280 2024 2291 γ

2186 2234 2293 2304 ίοῖς
2321 2234 2399 2302 τῷ
2456 2227 2627 2300 Χειλᾷ
2660 2229 2878 2306 Ἰωάννῃ
2929 2231 3017 2286 καὶ
3078 2236 3157 2303 τῷ
3215 2230 3445 2302 Δανιήλ.
3490 2230 3818 2309 Εὐστράτιος

391 2325 455 2380 τὸ
528 2316 810 2394 ἀϐϐάδιον,
899 2319 1083 2375 ἐαυτὸν
1156 2315 1224 2372 δι’
1302 2317 1496 2388 αἰτίαν,
1556 2319 1617 2386 ἦν
1694 2317 1852 2379 αὐτὸς
1932 2313 2129 2388 εἰδείη,
2186 2324 2287 2387 τῆς
2357 2318 2619 2393 ὑμετέρας
2695 2316 3065 2397 ἀδελφότητος
3136 2318 3470 2397 ἀπορρήξας,
3527 2322 3629 2389 ἧκε
3679 2320 3820 2397 πρὸς

391 2415 562 2487 ἡμᾶς,
622 2416 773 2479 etc.;
831 2410 1151 2467 centesima
1195 2408 1481 2482 vigesima
1537 2408 1794 2464 secunda
1845 2411 2023 2477 :"Prp

2188 2411 2269 2479 τῷ
2321 2401 2631 2480 Ὁλοὸόλῳ.
2700 2408 2915 2464 Γένοιτό
2975 2429 3081 2481 σοι,
3140 2408 3419 2487 σοφώτατε
3473 2408 3563 2463 καὶ
3617 2409 3820 2482 τιμιώ-

391 2506 692 2574 τατε,ο,πᾶν
753 2499 813 2554 ἐκ
868 2502 1001 2554 Θεοῦ
1053 2496 1272 2572 ἀγαθόν,
1306 2502 1457 2565 etc.;
1517 2496 1839 2553 centesima
1890 2495 2021 2569 vige

2235 2496 2455 2553 tertia:
2499 2498 2595 2567 Τῷ
2650 2494 2879 2571 μεγάλῳ
2938 2493 3228 2572 λογοθέτῃ.
3287 2497 3448 2570 Ἡμῖν
3508 2494 3650 2568 αὔξει
3717 2498 3818 2567 τήν

396 2591 679 2668 ὑπέρθεσιν
733 2588 917 2664 ἡμέρα
963 2585 1182 2656 ἑκάστη,
1216 2592 1327 2642 etc.
1354 2604 1368 2654 ;
1400 2584 1723 2641 centesima
1772 2584 2028 2657 vigesima

2184 2590 2363 2641 arta:
2397 2586 2493 2655 Τῷ
2536 2584 2708 2657 αὐτῷ.
2744 2586 2888 2661 Πρὸς
2940 2586 3031 2640 τὸν
3082 2584 3421 2662 ’Δντιοχείας
3470 2586 3816 2663 πατριάρχην

397 2681 474 2755 μή
506 2679 770 2753 ξιπέμπειν
832 2680 979 2751 ἡμᾶς
1034 2676 1285 2752 γράμμα,
1320 2680 1430 2731 etc.
1459 2699 1473 2742 ;
1504 2675 1825 2730 centesima
1877 2674 2029 2746 viges

2222 2673 2430 2746 quinta
2465 2693 2477 2730 :
2518 2675 2612 2745 Τῷ
2658 2673 2827 2746 αὐτῷ.
2864 2675 2920 2728 '0
2981 2674 3167 2748 παρὼν
3226 2674 3555 2750 Ὑρτακηνὸς
3609 2673 3714 2731 οὐκ
3741 2672 3814 2731 ὢν

393 2768 722 2846 Ὑρτακηνὸς
779 2767 842 2821 τὸ
899 2764 1173 2833 ἀνέκαθεν,
1221 2759 1367 2816 ἀλλὰ
1426 2760 1687 2836 Κύπριος,
1748 2757 1942 2829 δεῆσαν
2003 2759 2150 2833 αὐτῷ
2206 2760 2283 2824 εἰς
2341 2760 2502 2816 πόλιν
2551 2761 2960 2839 παραγενέσθαι,
3018 2766 3117 2832 ἧκε
3174 2763 3262 2818 καὶ
3322 2762 3373 2837 ἐς
3431 2766 3602 2836 ἡμᾶς,
3662 2770 3814 2835 etc.;

392 2844 716 2918 centesima
760 2858 1044 2930 vigesima
1102 2859 1308 2911 sexta:
1344 2848 1545 2919 Δανιὴλ
1603 2855 1682 2920 τῷ
1741 2847 1956 2904 Γλυκεῖ.
2019 2856 2024 2902 1

2179 2844 2322 2911 λαϐες
2382 2851 2626 2922 ἐνταῦθα,
2662 2859 2790 2922 etc;
2822 2853 3144 2909 centesima
3198 2853 3485 2926 vigesima
3512 2852 3765 2926 septima
3799 2872 3811 2910 :

391 2950 486 3021 Τῷ
541 2945 769 3023 μεγάλῳ
828 2944 1113 3019 λογοθέτῃ,
1148 2944 1204 2995 '0
1253 2948 1352 3010 τῆς
1414 2939 1464 2994 ἐν
1524 2940 1674 3011 νήσῳ
1724 2938 1838 3011 Χίῳ
1897 2941 2091 3012 μονῆς,
2121 2941 2219 3007 τῆς
2271 2940 2391 3001 νέας
2445 2938 2770 3016 λεγομένης,
2802 2939 3270 3017 καθηγησάμενος,
3302 2947 3415 2999 etc.
3445 2960 3460 3013 ;
3495 2943 3819 3001 centesima

391 3039 675 3112 vigesima
732 3042 937 3091 octava
970 3052 983 3089 :
1013 3034 1108 3102 Τῷ
1164 3029 1328 3101 αύτῷ.
1384 3025 1559 3083 Οὕθ⁹ὁ
1589 3028 1682 3082 τὸν
1746 3026 1862 3103 βίον
1918 3027 2023 3081 ἀπο

2183 3050 2207 3081 ν
2267 3029 2571 3102 Χατζύκης,
2605 3036 2753 3100 etc.;
2789 3031 3110 3088 centesima
3164 3030 3445 3104 vigesima
3483 3048 3684 3089 nona:
3721 3034 3815 3104 Τῷ

394 3125 559 3197 αὐτῷ,
614 3126 1015 3200 Χρυσοκομπᾶς
1072 3140 1154 3177 τις
1215 3118 1575 3193 στρατιώτης,
1606 3117 1703 3185 τὴν
1764 3113 2258 3190 Παρασκάμανδρον
2312 3118 2500 3193 χώραν
2557 3117 2747 3188 οἰκῶν,
2785 3118 2899 3173 υἱὸν
2958 3114 3103 3193 ἔχων
3163 3118 3224 3173 ἐκ
3278 3119 3507 3194 πρώτης
3562 3120 3814 3194 γυναικὸς

390 3214 481 3271 καὶ
539 3216 802 3268 συνοικῶν
863 3208 1103 3285 δευτέρᾳ,
1165 3204 1375 3277 ἐπειδη,
1432 3213 1566 3274 etc.;
1621 3206 1943 3263 centesima
1998 3211 2021 3262 t

2182 3206 2303 3264 ima
2355 3226 2368 3267 ;
2421 3211 2508 3279 Τῷ
2566 3205 2712 3279 αὐτῷ
2745 3248 2757 3261 .
2819 3208 3007 3265 Ἔσται
3072 3208 3164 3281 μὲν
3222 3204 3447 3278 ἀληθῶς
3491 3207 3671 3284 κρίσις
3735 3214 3814 3283 τῷ

391 3308 509 3376 Θεῷ
564 3299 700 3377 πρὸς
768 3302 1004 3360 ἅπαντας
1064 3297 1376 3372 ἀνθρώπους
1432 3298 1648 3366 κοινῶς,
1708 3297 1841 3361 eic.;
1897 3300 2023 3351 cent

2189 3313 2223 3351 α
2277 3296 2582 3369 trigesima
2638 3298 2831 3369 prima
2890 3316 2902 3354 :
2981 3300 3069 3369 Τῷ
3127 3291 3585 3374 σεϐαστοκράτορι
3641 3298 3816 3372 κυρίῳ

391 3393 615 3463 Ἰωάννη
655 3433 668 3447 .
730 3387 1199 3463 Πανευτυχέστατε
1257 3380 1687 3460 σεϐαστοκράτορ
1722 3427 1736 3453 ,
1787 3383 1971 3437 τέκνον
2031 3381 2083 3437 έν
2148 3382 2330 3460 Κυρίῳ
2383 3391 2485 3453 τῆς
2541 3387 2700 3457 ἡμῶν
2762 3384 3115 3460 μετριότητος
3148 3404 3161 3419 ο
3223 3383 3498 3459 καλοῦμεν
3575 3386 3679 3462 γὰρ
3760 3408 3817 3443 σε

389 3483 481 3540 καὶ
541 3480 593 3535 ἐν
651 3484 767 3539 τοῖς
824 3474 1097 3536 τοιούτοις
1158 3473 1440 3546 ὀνόμασιν,
1475 3471 1521 3526 εἰ
1579 3472 1669 3526 καὶ
1718 3471 1785 3524 τά
1831 3471 2157 3548 προσφάτως
2199 3473 2346 3547 παρὰ
2396 3475 2492 3525 σοῦ
2535 3471 2892 3547 γεγενημένα,
2940 3473 3031 3527 καὶ
3085 3472 3160 3534 εἷς
3211 3473 3375 3534 ἀκοὰς
3402 3474 3499 3535 τὰς
3545 3473 3816 3550 ἡμετέρας

395 3572 625 3633 ἐλθόντα
675 3567 783 3643 οὐχ
835 3564 977 3620 οὕτω
1034 3583 1091 3618 σε
1146 3560 1333 3617 καλεῖν
1392 3563 1541 3633 ἡμᾶς
1600 3559 1889 3623 ἀναπείθει.
1952 3559 2027 3614 Ἐἐ

2184 3580 2216 3613 ·ε
2273 3560 2593 3633 Χριστιανόν
2642 3581 2702 3616 τε
2759 3556 2907 3635 ὄντα,
2965 3561 3077 3634 καί,
3135 3563 3599 3632 etc.;centesima
3640 3565 3816 3638 trige-

398 3667 552 3725 sima
609 3658 911 3718 secunda:
946 3657 1040 3726 Τῷ
1102 3650 1334 3729 βασιλεῖ.
1396 3649 1658 3718 Εἰκοστὴν
1718 3648 1860 3723 εἶχεν
1922 3649 1949 3702 6
2008 3643 2337 3725 Δεκέμϐριος
2399 3650 2531 3722 μὴν,
2591 3649 2679 3704 καὶ
2737 3652 2902 3724 ἡμεῖς
2949 3655 3242 3721 τηνικαῦτα
3269 3651 3368 3720 τήν
3427 3650 3815 3727 βασιλεύουσαν

397 3751 560 3810 πόλιν
616 3737 1114 3818 κατελαμϐάνομεν.
1175 3740 1395 3813 ἐντίμου
1448 3745 1548 3807 τῆς
1608 3737 1685 3799 εἰς
1731 3737 1897 3806 αὐτὴν
1955 3734 2168 3792 εἰσόδου
2223 3736 2506 3814 τυχόντες·
2564 3739 2654 3793 καὶ
2718 3738 2883 3815 μέχρι
2949 3740 3043 3813 μὲν
3090 3738 3299 3795 τούτων
3337 3738 3614 3816 προῆλθεν
3648 3743 3809 3815 ἡμῶν

391 3842 461 3898 τὰ
522 3836 746 3915 τερπνὰ,
807 3835 872 3888 τὰ
930 3829 987 3886 δὲ
1044 3831 1164 3903 ἑξῆς
1221 3829 1359 3883 ὅσων
1416 3831 1696 3915 ταραχῶν,
1758 3825 1906 3880 ὅσων.
1959 3820 2203 3902 θορύϐων
2263 3826 2352 3880 καὶ
2412 3824 2641 3903 ἰλίγγων
2708 3828 2914 3915 μεστάῗί
2950 3823 3485 3901 ’Δνασεσοϐημένους
3531 3828 3636 3906 γὰρ
3683 3829 3814 3894 τοὺς

388 3914 614 3990 πλείους
675 3924 991 4001 εύρίσκομεν
1052 3919 1154 3973 ὑπὸ
1206 3924 1307 3986 τῆς
1366 3914 1683 3986 ἐπιπολῆς,
1863 3916 1892 3969 6
1954 3915 2148 3977 Βέκκος
2207 3916 2530 3988 συνθέμενος
2579 3915 2669 3970 καὶ
2721 3914 3010 3992 ἐγκύκλιον
3064 3915 3352 3990 ὀνομάσας,
3405 3917 3481 3981 εἷς
3535 3916 3725 3975 πολλά
3751 3940 3811 3975 τε

389 4017 681 4097 ἐγγράψας,
737 4009 1054 4080 διαδοθῆναι
1111 4007 1247 4083 πρὸς
1302 4007 1526 4076 πάντας,
1588 4005 1633 4059 εἷ’
1691 4001 1930 4075 δυνατόν,
1991 4002 2330 4097 ἐξαπέστειλε
2361 4050 2375 4075 ,
2435 4003 2525 4059 καί
2584 4003 2902 4080 εὑρίσκομεν
2967 4005 3043 4068 εἰς
3097 4003 3194 4061 δύο
3244 4003 3621 4097 Δ’διῃρημένους
3678 4006 3806 4071 τοὺς

393 4090 513 4185 μὲν,
571 4090 705 4173 οιτ.;
765 4100 1087 4160 centesima
1141 4096 1468 4185 trigesima_
1502 4096 1673 4185 tertia
1724 4097 1812 4165 Τῷ
1872 4090 2025 4185 βασιλ

2170 4092 2471 4174 Κράτιστεὶ,
2530 4094 2836 4167 θεόστεπτε,
2897 4094 3015 4171 ἆγιέ
3075 4116 3179 4169 μου
3239 4092 3475 4151 δέσποτα
3528 4095 3802 4171 βασιλεῦ,

388 4179 698 4252 εἰσακούσοι
748 4190 878 4252 Θεὸς
919 4196 1022 4258 τῆς
1071 4192 1258 4264 φωνῆς
1305 4185 1405 4253 τήν
1450 4182 1686 4255 δεήσεώς
1733 4204 1849 4257 σου,
1899 4183 1986 4237 καὶ
2034 4184 2209 4246 πάσας
2257 4184 2350 4245 τάς
2398 4182 2563 4259 εὐχὰς
2612 4204 2713 4238 σου
2764 4179 2995 4254 ἀποδοίη
3048 4204 3134 4240 σοι
3164 4183 3240 4246 εἰς
3274 4184 3571 4261 σωτηρίαν,
3605 4185 3804 4262 ἐχθρός

380 4286 580 4355 νοητὸς
638 4281 729 4337 καὶ
786 4279 900 4340 υἱὸς
960 4274 1211 4349 ἀνομίας,
1273 4280 1407 4343 etc.;
1459 4274 1779 4330 centesima
1837 4274 2012 4346 triges

2199 4278 2408 4346 quarta
2467 4291 2478 4330 :
2539 4274 2634 4344 Τῷ
2692 4271 2875 4345 αὐτῷ.
2936 4270 3090 4330 Ἀλλ’
3144 4275 3311 4347 ἡμεῖς
3368 4295 3463 4349 γε,
3521 4275 3637 4351 ἅγιέ
3699 4296 3802 4349 μου

383 4372 617 4432 δέσποτα
689 4370 780 4425 καὶ
863 4368 1114 4442 κράτιστε
1197 4360 1420 4439 βασιλεῦ
1453 4408 1466 4433 ,
1526 4358 1651 4415 οὔτε
1736 4366 1840 4415 τῶν
1925 4381 2015 4436 πρ(

2198 4358 2488 4438 ὀχλήσεων
2564 4359 2965 4438 ἀπηλλάγημεν
3003 4408 3017 4434 ,
3077 4368 3210 4431 eto.;
3287 4363 3609 4422 centesima
3664 4366 3742 4421 tri
3772 4396 3802 4408 —

376 4465 607 4539 gesima
661 4463 867 4533 quinta
929 4476 939 4512 :
993 4459 1088 4527 Τῷ
1148 4450 1372 4529 μεγάλῳ
1417 4449 1695 4526 -λογοθέτῃ
1728 4451 1923 4539 ,λΠερὶ
1989 4455 2086 4506 τοῦ
2158 4450 2457 4527 ἀρχιερέως
2537 4447 2696 4539 τούδε
2770 4448 2880 4521 ¹ἤδη
2954 4451 3087 4506 ποτὶ
3142 4452 3234 4506 καὶ
3308 4448 3510 4507 ἄλλοτε
3569 4451 3800 4523 ἀξιώσας

377 4534 520 4625 οἴδα,
576 4550 667 4606 καὶ
723 4553 815 4603 νῦν
879 4544 936 4600 δὲ
992 4542 1155 4599 πάλιν
1217 4543 1348 4615 ἀξιῶ
1402 4540 1492 4595 καὶ
1549 4537 1851 4616 παρακαλῶ
1908 4560 1972 4614 γε
2028 4539 2165 4616 πρὸς
2223 4541 2372 4613 (εἰσ),
2433 4534 2669 4616 Πτωχάς
2727 4539 2869 4594 ἐστιν
2922 4539 3121 4602 αὐτός.
3188 4540 3431 4616 "wax-6‘
3487 4540 3590 4617 γὰρ
3648 4541 3800 4596 ἄνω-

373 4643 483 4714 θεν,
508 4623 648 4709 >elc.;
697 4638 1015 4695 centesima
1057 4633 1362 4704 trigesima
1404 4635 1613 4687 sexta:
1651 4632 1746 4701 Τῷ
1777 4628 1941 4700 αὐτῷ.
1995 4629 2005 4648 ⁸

2161 4650 2184 4690 ς
2216 4628 2292 4690 ὠς
2349 4628 2451 4698 τήν
2511 4628 2912 4683 Κωνσταντίνου
2965 4623 3342 4701 κατελάϐομεν
3398 4626 3584 4701 πόλιν,
3639 4627 3793 4693 ἀσθε-

373 4730 490 4802 νείᾳ
547 4728 609 4784 οὐ
667 4726 806 4781 πάνυ
863 4744 950 4778 τοι
1005 4720 1425 4797 περιπτώκαμεν
1474 4716 1696 4793 χαλεπῇ
1744 4763 1758 4788 ,
1817 4714 1931 4772 οὐδ’
1990 4735 2005 4774 ε

2200 4719 2519 4775 centesima
2595 4719 2901 4792 trigesima
2974 4718 3226 4792 septima
3285 4737 3299 4775 :
3358 4720 3453 4791 Τῷ
3531 4716 3792 4794 βασιλεῖ.

370 4818 632 4896 Κράτιστε
687 4813 965 4887 θεοστεφὶς
1054 4812 1173 4885 ἅγιε
1262 4805 1486 4884 βασιλεῦ
1544 4852 1562 4875 ,
1619 4806 1771 4869 νίκας
1855 4806 1991 4861 κατά
2074 4811 2180 4862 τῶν
2270 4805 2484 4883 ἀφανῶς
2563 4805 2948 4879 ἐπιτιθεμένων
3031 4805 3270 4882 έχθρῶν,
3339 4805 3575 4882 τρόπαια
3640 4806 3795 4896 ,κατά

367 4892 477 4963 τῶν
535 4904 854 4983 ὁρωμένων,
907 4901 998 4957 καὶ
1055 4902 1275 4974 ἡμερῶν
1335 4895 1552 4966 πλῆθος
1634 4897 1750 4969 μετ’
1828 4894 2159 4974 εὐφροσύνης
2224 4893 2467 4965 ἀλήκτου
2544 4895 2830 4983 χαρίζοιτό
2888 4916 2984 4951 σου
3040 4900 3108 4970 τῇ
3171 4898 3285 4969 ζωῇ
3339 4894 3563 4983 Κύριος,
3619 4892 3689 4950 ἵν’
3745 4895 3791 4950 εἰ

373 4980 590 5071 μήποτε
650 4994 913 5070 πρότερον
973 5035 987 5059 ,
1042 4999 1174 5057 etc.;
1236 4989 1557 5044 centesima
1612 4987 1915 5059 trigesima
1988 5003 2005 5041 ί

2158 5002 2188 5041 a
2245 5000 2259 5041 :
2315 4985 2410 5056 Τῷ
2489 4982 2704 5059 βασιλεῖ
2738 5026 2751 5040 .
2804 4984 2942 5059 Ἐγώ
3018 5005 3115 5039 σου
3188 4988 3297 5038 τῶν
3376 4980 3560 5038 καλῶν
3593 5030 3610 5057 ,
3670 4983 3790 5059 ἅγιε

367 5069 602 5141 δέσποτα
658 5069 904 5152 ϐασιλεῦ,
964 5080 1038 5142 εἰς
1102 5079 1326 5152 μνήμην
1382 5075 1504 5144 ἥκω
1560 5074 1961 5151 συνεχέστερον,

2215 5074 2536 5130 centesima
2587 5074 2893 5146 trigesima
2950 5092 3149 5131 nona:
3192 5077 3284 5146 Τῷ
3345 5069 3569 5148 μεγάλῳ
3622 5071 3787 5149 λογο-

363 5174 507 5251 θέτῃ,
568 5179 685 5229 ’Ὁτι
744 5172 851 5249 πρὸ
908 5172 1131 5243 ἡμερῶν
1190 5165 1289 5221 οὐκ
1348 5164 1550 5240 ὀλίγων
1606 5170 2038 5240 συγχωρηθῆναι
2093 5166 2228 5235 ἡμῖν
2290 5162 2535 5239 ἀπαίρειν
2591 5161 2668 5225 εἷς
2727 5163 3016 5231 Βυζάντιον
3068 5160 3349 5237 ἐδεόμεθα,
3404 5167 3539 5251 etc:;
3597 5168 3788 5219 cente-

363 5246 516 5323 sinia
568 5246 1021 5337 quadragesima
1055 5275 1068 5318 :
1101 5259 1195 5327 Τῷ
1250 5256 1414 5325 αὐτῷ.
1448 5251 1674 5330 Ὑγίαινέ
1735 5273 1825 5326 μοι
1882 5251 1970 5306 καὶ

2152 5272 2222 5323 ιε,
2282 5253 2309 5305 ὁ
2362 5249 2540 5313 πολὺς
2594 5254 2693 5320 τὴν
2754 5253 2890 5307 κατά
2946 5259 3117 5308 πᾶσαν
3177 5251 3371 5329 ἀρετὴν
3432 5246 3784 5323 εὐδοκίμησιν

366 5351 531 5427 μέγας
588 5335 676 5405 καὶ
730 5349 895 5426 σοφὸς
952 5344 1271 5420 λογοθέτης,
1331 5350 1439 5398 etc.
1502 5342 1821 5397 centesima
1874 5359 1998 5413 qua!

2149 5341 2328 5397 esima
2378 5341 2570 5427 prima
2630 5359 2641 5395 :
2704 5345 2790 5412 Τῷ
2846 5335 3470 5416 πρωτοϐεστιαρίῳ......
3526 5339 3571 5427 ὁ,
3612 5340 3781 5413 ἠμέ-

355 5425 512 5517 τερ-ος
558 5439 858 5513 θμγάτριον
918 5431 1060 5509 ἔχων
1118 5432 1381 5507 ἐπίγαμον
1438 5430 1527 5484 καὶ
1588 5427 1755 5505 ἄνδρα
1813 5427 2013 5505 ῥᾳδίως
2071 5427 2216 5500 αὐτῷ
2277 5428 2354 5501 μὴ
2411 5425 2708 5501 δυνάμενος
2766 5428 2824 5483 ἐκ
2880 5429 3066 5491 πενίας
3121 5428 3434 5503 ἀγαγέσθαι,
3493 5425 3779 5502 Ὄλυμπον

358 5514 607 5604 ἄντικρυς
662 5528 697 5598 ἢ
758 5524 1091 5595 Παρνασσὸν,
1149 5522 1184 5590 ἢ
1236 5542 1287 5575 τι
1348 5521 1475 5594 (sic)
1505 5524 1612 5574 τῶν
1646 5518 1896 5594 μεγάλων
1938 5517 2077 5594 ὀρῶν
2117 5514 2267 5572 δοκεῖ
2292 5516 2470 5594 φέρειν
2527 5516 2613 5571 ἐπὶ
2660 5526 2759 5587 τῆς
2807 5516 3073 5596 κεφαλῆς,
3123 5522 3314 5572 τοῦτον
3343 5564 3356 5589 ,
3405 5524 3540 5586 et0.;
3593 5524 3784 5576 cente-

354 5603 521 5675 sima’
562 5615 1015 5688 quadragesima
1070 5613 1329 5670 secunda
1363 5628 1375 5666 :
1409 5611 1502 5680 Τῷ
1564 5607 1779 5683 βασιλεῖ
1814 5653 1824 5664 .
1879 5610 1986 5683 Κρά

2171 5650 2184 5677 ,
2247 5605 2363 5681 ἄγιέ
2424 5627 2529 5680 μου
2600 5603 2838 5661 δέσποτα
2903 5604 3148 5681 βασιλεῦ,
3209 5603 3418 5669 ἄλλους
3480 5607 3577 5680 μὶν
3635 5604 3781 5661 ἄλλα

348 5706 535 5781 τέρπει
563 5709 672 5761 τῶν
703 5700 1057 5778 πραγμάτων,
1117 5698 1215 5772 έμῖε
1273 5696 1329 5752 δὲ
1379 5699 1442 5752 τὸ
1497 5699 1565 5752 τὰ
1624 5695 1834 5774 μεγάλα
1891 5720 1948 5752 σε
2005 5694 2472 5771 συμμαχούμενον
2530 5691 2731 5751 ἄνωθεν
2790 5697 3105 5771 κατορθοῦνο
3169 5692 3309 5768 ὅθεν,
3364 5700 3501 5781 etc};
3548 5700 3716 5753 canto
3748 5727 3779 5740 -

347 5776 503 5858 siina
554 5776 1011 5873 quadrégésima
1056 5790 1233 5852 tertia
1264 5805 1279 5854 ;
1312 5791 1399 5865 Τῷ
1457 5787 1694 5871 βασιλεῖ.
1749 5785 1911 5868 "Am
1971 5807 1979 5867 ι

2144 5781 2389 5864 δέσποτα,
2448 5785 2701 5867 κράτιστε
2748 5782 2994 5868 βασιλεῦ,
3042 5782 3133 5843 ἐπὶ
3164 5782 3295 5852 τοὺς
3327 5776 3620 5853 θλίϐοντας
3676 5783 3776 5859 τήν

4087 5274 4113 5417 ί
