4132 6418
349 330 476 395 ,429
1628 321 2187 385 EPISTOLARUM
2232 321 2499 383 INDEX.
3659 328 3780 389 430

353 454 730 535 κληρονομίαν
781 475 899 528 σου,
944 454 980 525 ἢ
1024 449 1230 512 θλίϐειν
1283 451 1729 527 διανοουμένους,
1777 454 1877 522 τὴν
1928 471 1985 529 χε

2158 452 2320 508 αὐτοῦ
2382 449 2672 509 ἐπιϐάλλω
2725 454 2877 527 Θεός,
2927 460 3079 525 etc.;
3134 459 3454 516 centesima
3515 462 3779 533 quadra-

354 550 586 625 gesima
614 550 829 621 quarta
861 564 875 602 :
904 549 992 618 Τῷ
1044 544 1272 621 μεγάλῳ
1326 542 1607 620 λογοθέτῃ.
1641 544 1791 598 Ἐστι
1853 542 1948 615 μὲν
2008 541 2060 597 έν
2120 540 2484 618 Θεσσαλονίκῃ
2540 548 2610 618 τῇ
2666 542 2827 599 πόλει
2886 545 2974 599 καὶ
3016 543 3161 601 ἄλλα
3192 543 3256 618 δή
3289 568 3410 602 τινα
3442 550 3781 623 μοναστήρια

358 637 463 693 ὑπὸ
520 637 620 706 τὴν
680 635 1082 712 πατριαρχικὴν
1142 631 1379 708 ἐξουσίαν
1436 630 1719 704 τελοῦντα,
1753 629 1861 687 ἔστι
1918 628 1975 686 δὲ
2031 630 2120 687 καὶ
2172 632 2235 686 τὸ
2284 636 2381 687 τοῦ
2430 633 2715 707 Γεροντίου
2768 631 3082 710 λεγόμενον·
3120 634 3219 690 οὐκ
3266 633 3452 710 ἄνδρες
3493 637 3544 692 έν
3605 636 3774 710 αύτῷ,

362 724 599 802 μόναχαὶ
660 721 718 780 δὲ
772 729 1019 800 γυναῖκες
1075 723 1333 778 οἶκοῦσιν’
1368 720 1428 777 έκ
1484 717 1552 789 δὴ
1598 719 1794 776 τούτου
1852 720 1958 795 πρό
1989 740 2151 776 τινων
2202 719 2263 775 οὐ
2311 719 2449 775 πάνυ
2500 719 2728 777 πολλῶν
2783 723 3004 799 ἡμερῶν
3059 724 3160 793 ἧκέ
3220 746 3312 798 μοι
3361 727 3611 802 γράμμα,
3645 723 3775 802 ἔχον

362 816 457 890 μὲν
518 814 844 892 ἐπιγραφὴν,
890 814 959 871 Αἱ
1018 812 1217 868 ἅπασαι
1287 809 1519 887 μοναχαὶ
1592 814 1673 883 τῷ
1748 807 2080 886 πατριάρχῃ,
2133 804 2261 885 ἔχον
2338 806 2396 864 δὲ
2450 811 2540 865 καὶ
2594 812 2693 879 τήν
2746 813 3073 889 κατηγορίαν
3131 812 3228 885 ὅση
3292 813 3350 869 ἃν
3409 813 3582 877 εἶ’ποις
3642 814 3779 871 κατά

358 911 460 975 τῆς
516 899 857 980 Ἡγουμένης
939 898 1182 971 πολλήν.
1241 899 1302 955 Τί
1358 898 1449 954 οὖν
1510 896 1586 968 δέ,
1647 905 1798 968 etc.;
1853 906 1985 956 cent

2146 916 2177 955 ιι
2233 900 2687 973 quadragesima
2724 903 2930 974 quinta
2963 920 2975 958 :
3012 904 3106 974 Τῷ
3162 902 3327 975 αὐτῷ.
3388 905 3585 981 ’Όνπερ
3641 903 3778 960 κατὰ

359 998 468 1050 τῶν
522 996 620 1048 τοῦ
672 989 875 1047 Βέκκου
905 987 1304 1066 ἀδολεσχιῶνῆ
1338 990 1650 1044 οὑτινοσοῦν
1712 985 1883 1043 ἄλλον
1944 985 2111 1061 λόγον
2167 984 2518 1043 ἐκδεδωκέναι
2576 989 2676 1058 τὴν
2736 990 2835 1059 σὴν
2880 987 3000 1045 οἶδα
3031 990 3240 1070 σοφίαν,
3275 999 3425 1064 etc.;
3458 995 3780 1053 centesima

365 1082 817 1156 quadragesima
873 1086 1036 1137 sexta
1069 1097 1083 1135 :
1115 1083 1204 1151 Τῷ
1269 1076 1502 1155 βασιλεῖ.
1567 1073 1926 1149 Παραδηλοῦν
1993 1099 1997 1148 ι

2145 1079 2213 1150 τῇ
2273 1096 2325 1131 ικ
2364 1081 2497 1132 Θεοῦ
2533 1076 2783 1152 βασιλείᾳ
2811 1100 2928 1151 σου,
2961 1086 3111 1151 etc.;
3147 1084 3468 1139 centesima
3525 1084 3777 1156 quadra-

364 1172 593 1247 gesima
620 1170 873 1244 septima
905 1186 919 1226 :
948 1172 1036 1240 Τῷ
1069 1171 1298 1243 μοναχῶ
1331 1165 1634 1239 Ἀθανασίῳ
1661 1170 1741 1239 τῷ
1795 1163 2170 1242 Λεπενδρηνῷ.
2208 1165 2328 1220 Ἐπὶ
2382 1166 2446 1222 τὸ
2506 1162 2635 1242 ὄρος
2692 1169 2754 1222 τὸ
2814 1170 3118 1243 θαυμαστὸν
3172 1168 3472 1226 σπεύδοντά
3529 1192 3605 1244 σε,
3638 1179 3776 1243 etc.,

365 1260 685 1318 centesima
739 1257 1192 1332 quadragesima
1247 1263 1451 1313 octava
1496 1274 1508 1312 :
1554 1258 1640 1326 Τῷ
1698 1253 1846 1327 αύσῷ
1902 1251 1979 1309 ἔτι

2146 1253 2382 1325 ινεύοντι.
2445 1254 2895 1333 Προσφθέγγομαί
2963 1279 3020 1312 σε
3068 1258 3159 1313 καὶ
3216 1257 3403 1333 πάλιν,
3464 1254 3778 1335 σεϐασμιώ-

362 1369 506 1423 τατε,
539 1352 690 1416 etc.;
725 1347 1048 1403 centesima
1111 1347 1566 1419 quadragesima
1616 1361 1808 1401 nona:
1839 1346 1926 1415 Τῷ
1985 1366 1994 1416 ι

2148 1360 2212 1416 ίῳ
2267 1341 2546 1421 λογοθέτῃ.
2608 1346 2918 1422 Σοφώτατε,
2978 1351 3178 1423 γνῶναι
3232 1346 3482 1425 παρέστω
3539 1371 3645 1420 σοι,
3705 1351 3780 1412 ὡς

363 1438 417 1493 οἱ
448 1434 500 1492 ἐν
531 1434 776 1513 Περίνθῳ
808 1438 1032 1510 Δωριεῖς
1063 1454 1123 1488 τε
1150 1433 1239 1488 καὶ
1296 1429 1732 1503 Πελοποννήσιοι
1791 1430 1845 1494 ἐς
1899 1436 1995 1501 Βυζ

2148 1453 2187 1487 w
2239 1429 2763 1507 συνδεδραμηκότες,
2823 1441 2976 1503 etc.;
3040 1438 3358 1494 centesima
3414 1439 3780 1514 quinquage-

360 1527 514 1584 sima
544 1543 558 1582 :
590 1528 679 1597 Τῷ
711 1522 875 1596 αύτῷ.
910 1524 966 1576 Ὁ
994 1528 1099 1592 τῆς
1132 1523 1400 1579 Ἰκονιέων
1459 1520 1675 1582 πόλεως
1712 1519 1992 1596 μητροπολ

2171 1520 2375 1593 οὑτοσί,
2427 1527 2534 1577 etc.
2570 1539 2584 1589 ;
2619 1522 2937 1579 centesima
2992 1524 3484 1598 quinquagesima
3537 1528 3776 1600 prima:

360 1619 446 1687 Τῷ
501 1611 670 1686 αὐτῷ.
703 1613 772 1681 Οἱ
825 1612 889 1667 τὸ
939 1610 1181 1666 Πευκίων
1241 1609 1473 1666 ἐπίνειον
1533 1609 1806 1671 οἰκοῦντες
1863 1606 2247 1685 Παρδόπουλοι
2304 1607 2512 1664 ἐλεεινὰ
2567 1610 2846 1685 προσίασιν
2918 1614 3053 1685 ἡμῖν
3127 1609 3410 1676 κλαίοντες
3497 1615 3638 1687 ὁμοῦ
3687 1616 3777 1671 καὶ

358 1703 454 1765 τὰς
511 1703 713 1758 ἑαυτῶν
774 1698 1202 1777 ἀναγγέλλοντες
1257 1702 1559 1777 συμφοράς,
1620 1704 1771 1767 etc.;
1831 1705 1990 1756 cente

2143 1721 2152 1755 L
2211 1700 2705 1773 quinquagesima
2759 1703 3060 1758 secunda:
3117 1706 3204 1774 Τῷ
3262 1708 3521 1780 Μοναχῷ.
3563 1705 3775 1778 Ἡμεῖς,

362 1789 700 1862 ὦθεσπέσιε,
740 1791 876 1846 κατὰ
919 1792 983 1845 τὸ
1035 1786 1226 1844 δοκοῦν
1281 1793 1361 1862 τῷ
1418 1792 1535 1861 Θεῷ
1571 1792 1692 1851 ταῖς
1748 1792 1958 1850 κοιναῖς
2011 1794 2111 1857 τῆς
2167 1785 2490 1859 Έκκλησίας
2546 1786 2979 1865 παραδεδομένοι
3036 1790 3333 1868 φροντίσιν,
3390 1798 3502 1850 etc.
3534 1812 3548 1861 ;
3581 1799 3776 1851 cente-

361 1882 515 1940 sima
568 1880 1060 1955 quinquagesima
1117 1880 1332 1936 tertia:
1365 1882 1453 1949 Τῷ
1511 1875 1738 1953 μεγάλῳ
1796 1875 1993 1953 λογοθέ

2144 1873 2289 1935 )ύδὲν
2348 1880 2483 1951 ἡμῖν
2543 1879 2667 1955 περὶ
2722 1885 2822 1949 τῆς
2882 1877 3149 1953 Πρωτέως
3206 1880 3495 1952 ἀπατηλῆς
3550 1881 3776 1955 ὁμιλίας

360 1972 458 2039 τήν
494 1968 870 2047 παρελθοῦσαν
915 1967 1140 2045 ἑσπέραν
1175 1964 1507 2038 δεδήλωται,
1541 1971 1652 2024 etc.
1690 1986 1702 2035 ;
1736 1967 1992 2024 centesin

2145 1968 2577 2042 linquagesima
2635 1975 2845 2041 quarta
2877 1988 2889 2025 :
2921 1974 3008 2041 Τῷ
3057 1969 3224 2043 αύτῷ.
3280 1972 3423 2047 Ἀρά
3478 1992 3542 2047 γε
3598 1969 3777 2027 πλατὺ

362 2057 635 2134 γελάσεις,
690 2057 944 2130 ἀκούσας,
1005 2058 1161 2133 ἅπερ,
1221 2062 1367 2125 etc.;
1426 2057 1749 2114 centesima.
1806 2056 1994 2129 quinq‘

2149 2057 2295 2114 Bima
2349 2058 2556 2131 quinta
2590 2076 2602 2113 :
2633 2062 2720 2129 Τῷ
2775 2057 2942 2131 αὐτῷ.
3003 2059 3286 2130 Ἀκούσας,
3346 2059 3525 2133 οἶμαι,
3562 2058 3593 2114 6'
3627 2081 3682 2114 τι
3713 2056 3781 2130 δὴ

362 2148 451 2204 καὶ
508 2145 1050 2226 ποιῶν,φιλοτιμίαν
1107 2144 1355 2209 καλέσεις
1413 2145 1513 2215 τὴν
1574 2145 1788 2219 πρᾶξιν,
1820 2149 1969 2213 etc.;

2153 2146 2324 2203 asima
2378 2147 2867 2221 quinquagesima
2923 2155 3087 2207 sexta
3119 2167 3133 2206 :
3164 2150 3221 2203 '0
3255 2149 3424 2226 μέγας
3483 2147 3785 2224 λογοθέτης

360 2243 441 2311 τῷ
467 2236 802 2315 πατριάρχῃ.
833 2238 896 2290 Ὃ
947 2229 1233 2310 συμϐαίνει
1265 2235 1496 2312 πάσχειν
1531 2232 1804 2297 πολλάκις
1862 2235 1990 2296 τοὺς

2154 2239 2276 2297 ενῶς
2332 2239 2439 2290 τῶν
2499 2230 2675 2309 ὄψεων
2731 2232 2979 2313 ἔχοντας,
3039 2243 3191 2307 etc.;
3240 2240 3561 2297 centesima
3607 2240 3786 2313 quin-

363 2329 705 2403 quagesima
760 2326 1015 2401 septima
1047 2343 1060 2382 :
1092 2326 1149 2378 ‘0
1204 2324 1553 2401 πατριάρχης
1610 2328 1688 2396 τῷ
1736 2323 1902 2396 αὐτῷ.
1937 2324 1993 2379 Ἐ

2152 2324 2282 2398 ίμην
2349 2325 2441 2397 μὲν
2501 2325 2610 2401 ἐγὼ
2665 2325 2761 2389 τὰς
2818 2327 2991 2389 πάσας
3047 2332 3158 2382 τῶν
3213 2325 3516 2383 ἐπιστολῶν
3575 2329 3784 2404 χάρτας

364 2416 903 2494 έναπογραψάμενος,
964 2412 1233 2488 διαμένειν
1294 2413 1370 2477 εἷς
1415 2414 1505 2469 τὸν
1570 2411 1856 2487 μετέπειτα
1911 2412 1996 2489 βίο

2161 2414 2311 2487 ιέναι,
2374 2420 2522 2484 etc.;
2582 2418 2902 2473 centesima
2983 2417 3476 2491 quinquagesima
3527 2424 3787 2476 octava:

362 2510 438 2581 Τῇ
486 2500 1045 2584 πρωτοϐεστιαρίσσῃ,
1110 2505 1203 2558 καὶ
1269 2506 1338 2577 τῇ
1400 2500 1615 2581 ἀδελφῇ
1674 2501 1842 2572 αὐτῆς
1897 2506 2345 2577 παραμυθητική.
2408 2504 2483 2557 Σὺ
2539 2504 2633 2576 μὲν
2690 2502 2843 2575 ἴσως,
2900 2505 3061 2581 κυρία
3116 2503 3205 2561 καί
3262 2504 3488 2583 θύγατερ
3541 2505 3592 2561 ἐν
3650 2511 3782 2582 Χρι-

364 2600 496 2669 στῷ,
530 2595 631 2651 οὐκ
686 2593 988 2656 ἀπεικότως
1041 2594 1192 2667 ἡμᾶς
1254 2592 1299 2647 εἰ
1359 2591 1556 2671 φίλους
1615 2593 1800 2668 ἡγήσῃ
1855 2592 1944 2647 καὶ
1999 2588 2284 2655 διαθέσεως
2336 2599 2437 2662 τῆς
2492 2592 2628 2647 κατὰ
2681 2597 2917 2667 πνεῦμα,
2968 2594 3112 2667 ἀμνὴ
3179 2596 3368 2668 μονάς,
3402 2601 3514 2652 etc.
3544 2622 3558 2666 ;
3590 2601 3786 2653 cente-

363 2687 518 2744 sima
549 2684 1046 2760 quinquagesima
1077 2700 1233 2740 nona
1265 2700 1278 2738 :
1309 2685 1397 2754 Τῷ
1445 2682 1671 2757 μεγάκῳ
1704 2678 1984 2757 λογοθέτῃ.

2151 2684 2239 2736 τοῦ
2297 2680 2507 2758 Πέρσου
2563 2679 2773 2755 παιδία,
2801 2689 2910 2741 etc.
2948 2701 2963 2752 ;
2994 2685 3315 2742 centesima
3371 2686 3783 2758 sexagesima:

363 2779 450 2846 Τῷ
502 2772 669 2846 αὐτῷ.
730 2772 829 2827 Καὶ
882 2772 980 2841 τὴν
1038 2771 1171 2848 χθὲς
1227 2771 1319 2826 καὶ
1375 2771 1474 2841 τὴν
1532 2774 1626 2825 νῦν
1684 2767 1845 2825 οὖσαν
1899 2771 1995 2843 ἠμι

2167 2776 2276 2828 etc.
2304 2789 2317 2839 ;
2351 2773 2672 2829 centesima
2703 2774 3071 2846 sexagesima
3100 2774 3288 2847 prima
3319 2790 3334 2829 :
3364 2777 3451 2845 Τῷ
3504 2790 3783 2849 πρωτοσε-

365 2858 550 2936 ϐάστῳ
605 2861 697 2919 καὶ
743 2855 1246 2938 πρωτοϐεστιαρίῳ.
1308 2860 1378 2915 Τὸ
1434 2857 1597 2914 τοῦδε
1669 2863 1768 2915 τοῦ
1850 2857 2080 2929 πένητος
2168 2856 2408 2932 αἷίτημα-
2457 2859 2557 2915 οὐκ
2635 2857 2896 2934 Ἀρκαδία
2977 2860 3139 2934 ἐστὶν,
3202 2860 3233 2916 6'
3279 2883 3442 2939 φησιν
3494 2864 3530 2932 ἡ
3588 2881 3787 2937 παροι-

368 2951 487 3025 μία,
519 2958 631 3010 etc.
663 2969 677 3019 ;
708 2950 1032 3009 centesima
1087 2949 1453 3023 sexagesima
1511 2950 1772 3006 secunda
1804 2967 1816 3004 :
1850 2952 1938 3020 Τῷ
1992 2971 2000 3001 ι

2154 2949 2262 3004 ,Τὸ
2319 2946 2670 3025 ταλαίπωρον
2731 2950 2951 3024 γύναιον
2979 2953 3014 3020 ἡ
3067 2953 3410 3027 Καρυστηνή,
3465 2958 3616 3021 etc.;
3651 2970 3786 3010 cen-

359 3043 575 3100 tesima
623 3041 991 3115 sexagesima
1038 3040 1249 3096 tertia:
1280 3042 1368 3110 Τῷ
1424 3036 1589 3109 αὐτῷ.
1651 3037 1724 3091 Τὸ
1782 3036 1834 3091 ἐν
1893 3036 1991 3091 Ῥόέ

2157 3041 2506 3114 .οναστήριον⁶
2565 3035 2805 3110 Ῥοδίνην
2861 3038 2991 3094 αὐτὸ
3052 3040 3341 3116 ἐγχωρίως
3392 3037 3673 3097 καλοῦσιν·
3734 3041 3789 3096 οἱ

359 3128 762 3206 Ἰεροσολύμων
822 3127 1043 3197 ἥκοντες
1106 3126 1258 3182 οὗτοι
1314 3125 1589 3201 ᾐτήσαντο
1635 3119 1822 3181 λαϐεῖν
1884 3124 1962 3187 είς

2155 3145 2303 3202 χιον,
2337 3126 2413 3188 ὡς
2445 3122 2523 3197 ὅν,
2551 3133 2661 3183 etc.
2689 3144 2703 3195 ;
2740 3130 3063 3185 centesima
3119 3130 3485 3203 sexagesima
3525 3135 3738 3202 quarta
3768 3147 3783 3188 :

361 3222 459 3292 Τῷ
513 3217 678 3291 αύτῷ.
743 3218 971 3291 Συμεών
1028 3237 1131 3288 τις,
1184 3211 1429 3292 ἔμπορος
1505 3212 1809 3291 ἅνθρωπος,
1870 3213 2043 3290 Σύρος
2101 3214 2164 3269 τὸ
2215 3214 2386 3291 γένος,
2447 3213 2832 3289 Πτολεμαίδος
2882 3223 2985 3286 τῆς
3042 3215 3092 3271 έν
3143 3217 3478 3292 Παλαιστίνῃ
3530 3217 3794 3292 πολίτης,

363 3306 522 3387 φίλος
582 3305 736 3381 ἐμός⁸
771 3305 833 3361 ού
888 3307 1027 3360 πάνυ
1086 3301 1144 3360 δὲ
1194 3302 1450 3373 παλαιὸς,
1484 3301 1613 3359 ἀλλ’
1675 3302 1962 3380 έξότουπερ

2160 3302 2365 3373 ζάντιον
2395 3306 2515 3376 ἧκε,
2548 3311 2657 3363 etc.
2688 3323 2702 3375 ;
2737 3307 3062 3363 centesima
3119 3309 3485 3380 sexagesima
3536 3309 3745 3382 quinta
3777 3327 3789 3365 :

358 3401 449 3470 Τῷ
504 3395 669 3469 αύτῷ.
717 3399 838 3451 ’Ὁτι
889 3395 965 3469 μὴ
1017 3392 1181 3467 μόνον
1227 3394 1366 3470 πρὸς
1417 3393 1547 3448 Θεὸν
1593 3394 1692 3462 τὴν
1748 3392 1942 3468 εὐχήν,

2194 3394 2516 3451 centesima
2564 3396 2930 3469 sexagesima
2976 3402 3138 3453 sexta
3186 3415 3199 3453 :
3250 3394 3711 3473 Φραγκόπουλος,
3759 3397 3820 3451 ὁ.

358 3487 461 3555 τὴν
521 3483 758 3558 οἷ’κησιν,
818 3489 927 3542 etc.
956 3503 970 3553 ;
1004 3484 1329 3541 centesima
1381 3484 1748 3557 sexagesima
1805 3484 1990 3556 septin

2152 3485 2240 3554 Τῷ
2297 3482 2465 3558 ἰατρῷ
2520 3483 2869 3559 Θεογνώστῳ.
2929 3485 3029 3539 Τὸν
3085 3487 3192 3562 πρὸ
3253 3491 3451 3564 μικροῦ
3507 3488 3784 3560 κομήτην,

361 3581 452 3631 νῦν
507 3571 565 3630 δὲ
623 3573 805 3647 ἀτίμῳ
849 3576 1021 3648 κουρᾷ
1068 3565 1526 3645 ἀποϐεϐλημένον
1589 3570 1685 3633 τὰς
1746 3571 1964 3648 τρίχας,
2010 3571 2100 3626 τὸν
2159 3570 2443 3646 μαστιγίαν
2491 3572 2581 3627 καὶ
2627 3566 3022 3646 ἐκϐεϐοημένον
3073 3574 3526 3652 Φραγκόπουλον,
3577 3572 3787 3649 δεσμώ-

359 3687 462 3736 την
513 3659 657 3736 ὅντα,
718 3670 864 3732 etc.;
910 3663 1232 3720 centesima
1290 3661 1656 3735 sexagesima
1712 3666 1962 3718 octava:

2149 3655 2642 3738 πρωτοϐεστιαρίῳ.
2702 3658 2816 3719 Εἶτ’
2873 3662 3074 3734 ἀληθές
3134 3662 3297 3734 ἐστιν,
3357 3663 3388 3718 6'
3443 3664 3569 3743 φασί
3617 3685 3781 3738 τινες,

364 3752 473 3810 εἴτε
501 3752 593 3809 καὶ
626 3753 727 3827 μή,
759 3758 906 3821 etc.;
939 3752 1261 3809 centesima
1291 3753 1655 3825 sexagesima
1713 3767 1868 3807 nona
1901 3768 1913 3805 :
1944 3754 1996 3805 Ti

2150 3752 2346 3825 γοθέτῃ
2386 3755 2493 3805 τῶν
2541 3755 2767 3827 γενικῶν
2824 3756 2903 3824 τῷ
2964 3752 3444 3828 Ἀκροπολίτῃ.Ὅ
3501 3775 3634 3809 ποτε
3690 3754 3781 3809 τὸν

361 3845 637 3913 ’Λτζωνᾶν
694 3840 898 3896 ἐκεῖνον
959 3839 1075 3916 εἶχε
1133 3837 1398 3911 δεσπότην
1452 3835 1784 3913 Ἀριστείδου
1848 3834 2084 3913 βιϐλίον’
2144 3842 2241 3894 νῦν
2296 3836 2353 3894 δὲ
2409 3839 2499 3894 σὸν
2561 3838 2804 3916 εὐτυχῶς
2845 3840 3145 3915 εὑρίσκεται
3200 3845 3404 3916 κτῆμα,
3439 3849 3591 3913 etc.;
3647 3862 3783 3902 ceu-

363 3934 578 3992 tesima
617 3932 1097 4006 septuagesima:
1146 3933 1234 4002 Τῷ
1292 3926 1516 4006 μεγάλῳ
1570 3926 1859 4003 λογοθὲτῃ.
1890 3934 1995 3983 Ἑαι

2155 3949 2191 3982 τι
2237 3930 2532 4005 προσήκειν
2584 3929 2611 3983 6
2659 3925 2806 3985 δεῖνα
2865 3930 3164 4007 ῥητορικῆς
3224 3930 3550 4008 εὐγλωττίας
3603 3931 3787 4006 όῖόμε-

361 4042 457 4085 νος
516 4018 675 4098 ἔργον
729 4026 832 4090 τῆς
893 4016 1162 4088 δοκούσης
1218 4022 1454 4073 ποιεῖται
1514 4015 1793 4091 δυνάμεως
1846 4014 1936 4072 διὰ
1993 4021 2205 4094 συχνῶν
2278 4017 2413 4090 ἐμοῦ
2488 4018 2846 4073 καθάπτεσθαι
2901 4024 3009 4075 τῶν
3082 4019 3402 4094 ἐπιστολῶν,
3462 4021 3643 4098 ὥσπερ
3690 4022 3789 4076 οὐκ

364 4106 597 4167 ἄλλοθεν
654 4104 799 4185 ἔχων
857 4112 973 4169 τοῖς
1030 4107 1221 4162 ἑαυτοῦ
1270 4103 1456 4182 λόγοις
1507 4105 1645 4174 ὕλην
1676 4106 1712 4175 ἢ
1758 4105 1818 4161 ἐκ
1861 4110 1969 4161 τῶν

2153 4100 2300 4181 τέρων
2337 4105 2519 4182 ψόγων
2563 4102 2879 4180 ὑποϐαλεῖν,
2914 4114 3023 4166 etc.
3051 4127 3065 4178 ;
3098 4112 3421 4169 centesima
3476 4117 3785 4186 septuage-

366 4202 523 4259 sima
577 4200 1089 4274 ρι’ἰωατΜοναχῷ
1144 4217 1248 4252 τινι
1296 4194 1579 4272 γνωρίμῳ.
1610 4194 1841 4270 Πρώτην
1896 4194 2047 4271 εἶχον
2105 4196 2203 4264 τήν
2262 4195 2336 4258 εἰς
2397 4196 2670 4251 ἀσθένειαν
2728 4195 3100 4261 κατακλίσεως
3152 4201 3385 4276 ἡμέραν,
3446 4206 3601 4269 etc.;
3650 4218 3789 4257 ceu.

364 4290 582 4347 tesima
636 4288 1074 4362 septuagesima
1129 4286 1390 4343 secunda
1422 4303 1435 4340 :
1467 4288 1555 4356 Τῷ
1618 4282 1840 4360 μεγάλῳ
1902 4280 1996 4357 λογ

2156 4305 2188 4349 λ.
2234 4283 2505 4359 Γεώργιόν
2565 4306 2686 4339 τινα
2740 4283 3053 4363 Ξιιριλῖνον,
3082 4283 3244 4363 ἄνδρα
3301 4289 3442 4343 θεῖον
3503 4288 3593 4343 καὶ
3654 4288 3788 4365 ὑπὲρ

365 4375 498 4439 τοὺς
553 4382 669 4432 κατ’
724 4374 882 4431 αὐτὸν
942 4370 1074 4430 ὅντα
1130 4374 1349 4451 ἀρετὴν,
1382 4371 1466 4427 ὅτι
1522 4371 1709 4449 γέγονε
1762 4372 1996 4448 πατριάρ

2156 4371 2418 4443 ἀκήκοας,
2452 4373 2627 4446 οἶμαι,
2660 4372 2849 4450 γέγονε
2874 4371 2953 4443 δέ,
2984 4381 3091 4432 etc.
3118 4395 3130 4445 ;
3166 4378 3488 4434 centesima
3543 4383 3783 4451 septua-

369 4467 597 4543 gesima
654 4467 871 4523 tertia:
922 4469 1011 4537 Τῷ
1058 4461 1223 4535 αύτῷ.
1275 4460 1428 4519 Ἀλλ’
1486 4457 1673 4537 ἔμοιγε
1743 4465 1999 4516 τοσοῦτον

2157 4481 2229 4517 »ει
2278 4461 2378 4530 τὴν
2446 4462 2736 4538 αἰσχύνην,
2787 4469 2936 4534 etc.;
2986 4467 3307 4523 centesima
3354 4467 3789 4540 septuagesima

370 4560 622 4632 quarta:
664 4558 752 4627 Τῷ
801 4551 966 4626 αὐτῷ.
1018 4551 1152 4608 Εῖπέ
1196 4572 1303 4620 τις,
1338 4548 1552 4624 μᾶλλον
1604 4549 1662 4605 δὲ
1705 4552 1953 4607 κατεῖπεν
2004 4549 2092 4605 ἐπὶ
2143 4557 2243 4620 τῆς
2300 4558 2399 4621 σῆς
2457 4550 2824 4623 τελειότητος,
2875 4552 2952 4616 ὡς
2999 4550 3081 4625 εἶή
3133 4555 3161 4609 6
3207 4551 3472 4632 πρόεδρος
3522 4552 3687 4610 Ai'vou
3724 4554 3794 4610 τὰ

370 4644 461 4701 καὶ
516 4644 587 4699 τὰ
641 4647 839 4717 ποιῶν,
911 4648 1039 4713 etc;
1101 4641 1421 4700 centesima
1479 4643 1917 4715 septuagesima
1972 4659 2002 4715 q

2160 4659 2181 4697 ι
2239 4658 2252 4696 :
2294 4641 2383 4712 Τῴ
2439 4640 2606 4714 αὐτῷ.
2668 4648 2880 4697 Ἔοικεν
2936 4644 2964 4698 6
3021 4644 3318 4716 θαυμάσιος
3370 4648 3468 4699 τοῦ
3524 4643 3792 4722 φοσσάτου

369 4733 567 4809 κριτής
628 4733 657 4788 6
717 4726 1085 4794 πανσέϐαστος
1138 4728 1373 4786 παλαιάν
1432 4750 1551 4784 τινα
1600 4729 1736 4806 πρὸς
1796 4730 1887 4785 τὸν
1940 4749 2001 4804 τρ

2163 4727 2343 4808 ιφόρον
2398 4731 2613 4808 τρέφειν
2686 4728 3019 4803 δυσμένειαν,
3077 4739 3228 4801 etc.;
3288 4734 3608 4791 centesima
3662 4751 3795 4807 sep-

372 4823 708 4898 tuagesima
762 4828 928 4881 sexta
978 4840 991 4878 :
1052 4819 1163 4877 Τινὶ
1220 4818 1508 4897 γνωρίμῳ.
1569 4813 1928 4889 Πανσέϐαστε,
1985 4820 2272 4897 ἄνθρωπος
2333 4820 2402 4887 εἴ,
2460 4820 2550 4875 καὶ
2601 4821 2886 4897 ἀνθρώπου
2943 4822 3145 4898 πατρὸς
3201 4820 3338 4886 υἱόςυ
3397 4823 3564 4896 γνωθι
3617 4821 3798 4877 τοίνυν

372 4910 591 4985 σαυτὸν,
622 4911 713 4967 καὶ
766 4913 840 4985 μὴ
897 4909 1079 4989 φρόνει
1142 4913 1324 4983 μεῖζον
1383 4914 1485 4979 τῆς
1546 4907 1780 4987 φύσεως,
1841 4913 2004 4984 μικρᾶ

2165 4926 2261 4979 '.c.;
2306 4912 2631 4968 centesima
2687 4914 3122 4987 septuagesima
3176 4914 3429 4986 septima
3460 4931 3473 4970 :
3504 4910 3592 4985 Τῷ
3650 4910 3797 4985 αύτῷ

380 4999 611 5077 μεγάλῳ
668 4998 953 5077 λογοθέτῃ.
1002 4999 1200 5075 Τετρὰς
1252 4998 1319 5068 ἦν
1379 4999 1414 5067 ἡ
1473 4998 1573 5067 τῆς
1631 4995 1930 5068 ἐνεστώσης
1980 4995 2012 5052 ἐι

2169 4994 2308 5068 ὶδος,
2368 5004 2479 5056 etc.
2508 5017 2522 5068 ;
2555 5000 2874 5056 centesima
2928 5003 3364 5075 septuagesima
3418 5008 3665 5060 octava:
3714 4999 3801 5075 Τῷ

372 5091 609 5169 Ἐφέσου
666 5090 823 5165 (sic).
863 5086 1183 5160 Δεδήλωταί
1239 5108 1335 5143 σου
1499 5085 1743 5162 ἱερότητι
1801 5083 1959 5163 δεῦρο
2014 5084 2404 5163 παραγενέσθαι
2460 5086 2549 5141 καὶ
2609 5085 2861 5163 ἐξύπερθε
2916 5085 3245 5161 δεδήλωται,
3309 5089 3474 5163 μῆνές
3531 5090 3633 5146 εἶσί
3694 5112 3801 5147 που

376 5184 550 5257 τρεῖς·
608 5178 755 5254 τάχα
823 5175 904 5247 δέ,
963 5184 1114 5246 etc.;
1170 5176 1489 5234 centesima
1572 5177 2008 5250 septuagesima

2166 5193 2221 5232 ιθ,
2279 5194 2292 5232 :
2351 5174 2436 5247 Τῷ
2494 5173 2662 5249 αὐτῷ.
2719 5177 2957 5252 ’Έπρεπε
3013 5173 3228 5240 πάντως
3282 5198 3360 5252 σε,
3419 5179 3664 5234 θεσπέσιε
3711 5175 3798 5235 δέ-

379 5288 574 5342 σποτα,
607 5273 752 5337 etc.;
788 5270 1112 5326 centesima
1167 5266 1527 5341 octogesima
1559 5285 1573 5324 :
1604 5263 1691 5338 Τῷ
1751 5261 1975 5342 μεγάλῳ

2381 5262 2652 5338 Χαλεπὸν,
2714 5265 2876 5344 φησὶν
2907 5267 2942 5336 ἠ
3002 5267 3293 5344 παροιμία,
3352 5267 3495 5324 κύων
3559 5270 3802 5341 μαθοῦσα

382 5364 788 5435 σκυτοτραγεῖν,
850 5356 911 5412 ού
975 5358 1081 5430 μήν
1140 5376 1202 5432 γε
1258 5354 1383 5410 ὅσον
1437 5352 1800 5432 ἀκειρεκόμης
1853 5352 2310 5431 Φραγκόπουλος,
2347 5353 2567 5431 ἐρώτων
2629 5354 2844 5429 μανίαις
2906 5354 3091 5419 ἁλούς.
3126 5357 3336 5433 Ἐπήρα
3382 5356 3476 5431 μὲν
3532 5354 3624 5412 οὗν
3680 5378 3804 5414 τινα

381 5446 670 5524 παρθένον,
725 5456 878 5517 etc.;
913 5446 1236 5504 centesima
1290 5447 1650 5520 octogesima
1713 5446 1945 5519 prima:
1983 5449 2013 5496 Ἰ

2168 5442 2296 5517 ύτῷ.
2358 5444 2639 5507 Διονύσιος
2695 5444 2877 5500 οὐτοσὶ
2934 5445 3127 5521 Ἀρκάς
3189 5444 3327 5501 ἐστιν
3388 5446 3448 5501 ἐκ
3520 5445 3800 5503 Πελοπον-

381 5539 574 5608 νήσουο
606 5534 875 5612 ἡμέτερος
902 5532 980 5608 δέ,
1014 5541 1123 5593 etc.
1150 5552 1164 5604 ;
1198 5536 1523 5591 centesima
1551 5535 1908 5607 octogesima
1937 5551 2013 5591 se:

2169 5553 2198 5590 Β.
2231 5552 2243 5591 :
2276 5534 2363 5606 Τῷ
2394 5533 2561 5606 αὐτῷ.
2606 5536 2662 5587 Ὁ
2714 5535 3020 5608 θαυμαστὸς
3064 5533 3151 5589 ἐπὶ
3196 5539 3303 5591 τῶν
3364 5533 3623 5607 δεήσεων,
3646 5543 3756 5609 etc,
3789 5556 3801 5607 ;

383 5625 708 5684 centesima
763 5625 1122 5699 octogesima
1177 5624 1394 5680 tertia:
1428 5622 1484 5674 Ὃ
1538 5622 1889 5697 πατριάρχης
1944 5621 2015 5696 τῷ

2175 5617 2583 5700 υτοϐεστιαρίῳ.
2616 5623 2776 5697 Ἐμοὶ
2832 5624 2925 5697 μὲν
2984 5624 3134 5679 τουτὶ
3190 5625 3252 5679 τὸ
3301 5620 3525 5699 πόνημα
3571 5625 3807 5695 πεποίη-

384 5702 475 5772 κεν
539 5715 653 5768 οἷον
714 5713 843 5789 ὁρᾷς
899 5710 1095 5792 ἀφελὲς
1145 5712 1319 5781 πάντη
1380 5709 1468 5765 καὶ
1525 5710 1798 5783 ταπεινόν,
1830 5718 1982 5783 etc.;

2174 5714 2338 5772 :sima
2392 5713 2751 5789 octogesima
2801 5720 3014 5786 quarta
3044 5732 3061 5771 :
3088 5713 3176 5788 Τῷ
3222 5714 3453 5791 παρόντι
3482 5714 3683 5786 νεανίᾳ,
3713 5713 3806 5770 καὶ

384 5804 585 5879 πένητι
612 5797 730 5859 ὄντι
786 5802 876 5860 καὶ
931 5801 1210 5881 ἡμετέρῳ,
1262 5807 1371 5862 etc.
1401 5819 1415 5875 ς
1450 5801 1773 5863 centesima
1817 5805 2016 5879 octoge

2172 5846 2175 5859 ι
2229 5804 2433 5881 quinta
2463 5820 2477 5865 :
2508 5803 2595 5884 Τῷ
2654 5801 2823 5883 αὐτῷ.
2858 5800 3133 5886 Ἐπεράλη
3163 5800 3245 5888 τῷ
3303 5801 3437 5862 δεῖνι
3499 5803 3607 5861 ὧδε
3650 5804 3804 5896 ἰέναι,
