4132 6418
390 320 504 378 431
1417 315 1733 376 GEORGII
1781 313 2012 377 GYPRI

2174 320 2207 374 '.
2257 315 2787 378 PATRIABCHE
3687 313 3806 379 481

381 449 472 504 καὶ
529 449 596 516 ἦν
656 446 716 502 ἂν
776 442 898 509 ἔτος
963 444 1019 501 ἓν
1081 439 1339 519 ἀκριϐῶς,
1397 450 1549 515 etc.;
1609 447 1928 504 centesima
1984 463 2013 503 0

2173 447 2342 504 isima
2397 453 2606 505 sexta:
2665 447 2721 500 Ὁ
2778 440 3274 521 πρωτοϐεστιάριος
3329 448 3412 517 τῷ
3465 443 3805 523 acceptant}.

386 537 768 613 Παναγιώτατε
827 535 916 590 καὶ
973 532 1211 589 Θειότατε
1267 531 1500 589 δὲσποτά
1569 557 1701 608 μου,
1760 535 2104 609 οἶκουμενικὲ
2160 538 2494 613 πατριάρχαο
2555 535 2659 612 ἐγὼ
2720 533 2778 591 δὲ
2829 538 2931 605 τήν
2987 534 3074 590 ἐπὶ
3131 535 3226 590 τὸν
3283 535 3432 592 Ἀθω
3488 537 3662 613 φυγὴν
3710 540 3808 591 τοῦ

384 630 632 704 πονηροῦ
681 621 974 681 Θεοδοσίου
1037 624 1244 696 μαθών,
1278 629 1391 682 etc.
1421 643 1433 693 ;
1466 627 1788 682 centesima
1841 632 2016 699 octogi

2174 643 2198 682 9.
2248 629 2504 699 septima
2536 645 2549 683 :
2581 629 2656 700 Τῇ
2709 624 3052 700 Ῥαουλαίνῃ.
3113 623 3319 702 ’Δφελῆ
3381 623 3466 680 σοί
3519 644 3641 680 τινα
3697 623 3806 703 φῂς

387 717 520 773 εἶναι
578 717 878 792 γράμματα
927 713 1017 768 καὶ
1071 710 1321 783 ἐκδήλως
1379 709 2022 791 πρεσϐυτερικὰ,ἓιπρὸς
2080 717 2240 788 ἡμῶν
2298 736 2382 770 σοι
2443 715 2711 788 πέμπεται
2771 715 3088 792 γράμματαθ
3146 713 3242 769 εἶτ’
3301 713 3409 789 οὐχ
3463 712 3615 786 ῗστᾷς
3674 711 3807 791 ἄχρι

383 803 545 862 τοῦδε
602 806 665 859 τὸ
717 809 965 881 πρᾶγμα,
1029 808 1180 871 etc.;
1216 804 1539 860 centesima
1596 807 1954 878 octogesima
2010 830 2015 856 ι

2179 823 2212 860 a
2245 823 2256 860 :
2289 806 2368 875 Τῇ
2422 804 2760 878 Ῥαουλαίνῃ.
2813 809 2931 858 ’Ότι
2993 804 3087 877 μὲν
3145 802 3252 880 ἐγὼ
3299 803 3408 858 ἀπὸ
3455 811 3558 874 τῆς
3604 802 3656 859 ἐν
3703 824 3805 860 πα-

383 893 530 973 τρίδι
589 893 824 956 παλαιᾶς
882 893 1164 962 συνηθείας
1227 891 1394 968 φίλην
1452 893 1671 965 ἐμαυτῷ
1723 893 1789 948 τὰ
1849 893 2015 966 συκάμ

2193 895 2414 970 βρῶσιν,
2455 900 2602 962 etc.;
2657 895 2977 950 centesima
3051 895 3410 966 octogesima
3485 911 3687 951 nona:
3731 895 3809 965 Τῇ

384 983 928 1059 Ῥαουλαίνῃ.“Ἀπερ
988 983 1117 1058 ὁρᾷς
1173 981 1498 1054 πεμπόμενά
1549 1003 1633 1037 σοι
1691 984 1958 1057 συκάμινα
2020 985 2096 1056 μή
2159 981 2248 1038 διά
2304 1004 2423 1038 τινα
2477 983 2796 1061 φιλοτιμίαν
2857 983 3161 1055 πέμπεσθαι
3200 982 3410 1055 νόμιζε,
3444 981 3610 1054 ἀλλά,
3645 989 3805 1053 etc.;

387 1075 710 1133 centesima
765 1073 1148 1146 nonagesima
1176 1089 1188 1128 :
1219 1075 1323 1125 Τοῦ
1373 1069 1674 1146 άγιωτάτου
1719 1073 2019 1148 πατριάρχε

2181 1071 2196 1124 ἶ
2251 1072 2344 1144 μὲν
2415 1070 2473 1126 ἐκ
2535 1079 2635 1140 τῆς
2706 1070 2944 1135 ἐντεῦθεν
3012 1073 3199 1149 ψήφου
3267 1065 3601 1139 ἐϐεϐαιοῦτο,
3652 1077 3806 1139 etc.;

390 1165 714 1222 centesima
769 1161 1151 1235 nonagesima
1196 1161 1430 1234 prima:
1465 1160 1578 1215 Τινὶ
1624 1165 1732 1215 τῶν
1787 1162 2022 1238 ἀρχιερέι

2175 1169 2246 1222 Ως
2290 1158 2598 1231 διετέθησαν
2659 1161 2709 1214 οἳ
2775 1157 3040 1232 πολεμεῖν
3104 1159 3187 1214 ἀεὶ
3250 1164 3320 1233 τῇ
3369 1159 3668 1230 Ἐκκλησία
3717 1158 3807 1214 καὶ

392 1251 464 1326 τῇ
492 1251 809 1308 καταστάσει
841 1254 949 1304 τῶν
981 1247 1316 1324 πραγμάτων
1351 1248 1705 1324 βουλόμενοι,
1735 1256 1845 1307 etc.

465 1343 784 1414 Hucusque
829 1341 1010 1414 igitur
1041 1339 1380 1413 pertingunt
1437 1341 1702 1395 omnium
1753 1340 1987 1395 illarum
2033 1339 2293 1412 Gregorii
2324 1340 2513 1414 Cyprii
2547 1339 2928 1412 epistolarum
2961 1340 3373 1412 inscriptiones
3404 1344 3462 1396 et
3498 1338 3707 1407 initia;
3740 1353 3812 1394 ex

390 1432 631 1505 quibus,
664 1436 730 1486 ut
783 1445 888 1502 ego
945 1429 1170 1502 opinor,
1206 1445 1320 1484 non
1377 1429 1572 1485 minus
1626 1429 1918 1502 elegantia
1975 1445 2176 1484 earum
2236 1446 2415 1500 quam
2466 1429 2715 1485 varietas
2773 1429 3006 1485 abunde
3066 1434 3345 1501 apparet;
3404 1427 3580 1484 simul
3629 1425 3808 1485 etiam

392 1520 698 1593 multiplex
754 1518 1028 1575 editionis
1080 1519 1420 1574 earumdem
1481 1518 1930 1574 Graeco-Latina
1980 1517 2226 1574 utilitas.
2261 1518 2421 1574 Certe
2472 1519 2538 1573 R.
2572 1519 2631 1572 Ρ.
2661 1521 2868 1574 Petrus
2917 1519 3198 1574 Pessinus
3231 1517 3290 1573 S.
3337 1518 3392 1574 J.
3427 1517 3527 1589 qui
3577 1521 3810 1572 utram-

390 1626 505 1682 que
551 1607 778 1679 Georgii
828 1606 1200 1679 Pacbymeris
1232 1607 1561 1672 historiam,
1587 1622 1798 1678 nempe
1847 1606 2080 1678 imperii
2131 1606 2428 1661 Michaelis
2482 1605 2787 1678 Palaologi
2837 1611 2897 1662 et
2943 1605 3173 1678 imperii
3223 1604 3541 1667 Andronici
3589 1605 3810 1662 Palae-

389 1698 508 1770 logi
538 1697 786 1755 senioris
815 1713 885 1752 ex
915 1696 1367 1752 eminentissimi
1408 1701 1465 1751 et
1495 1696 1822 1752 doctissimi
1854 1695 2174 1751 cardinalis
2233 1695 2525 1752 Francisci
2583 1695 2884 1751 Barberini
2938 1695 3399 1752 instructissima
3454 1694 3812 1754 bibliotheca

391 1787 650 1861 primum
683 1788 878 1844 Roma
909 1786 1066 1858 typis
1099 1785 1430 1842 Barberinis
1463 1803 1520 1841 a.
1556 1786 1694 1840 1666
1725 1791 1780 1840 et
1810 1786 1950 1840 1669
1983 1787 2176 1841 Grace
2206 1789 2263 1841 et
2294 1785 2496 1841 Latine
2525 1790 2582 1841 et
2637 1802 2772 1840 cum
2829 1784 3250 1841 eruditissimis
3298 1785 3810 1843 observationibus

393 1877 626 1933 duobus
655 1875 832 1932 tomis
863 1876 922 1930 in
955 1875 1090 1930 folio
1119 1874 1324 1944 edidit,
1358 1875 1407 1928 si
1435 1874 1644 1929 harum
1676 1874 2060 1946 epistolarum
2095 1875 2358 1929 notitiam
2419 1880 2477 1930 et
2531 1891 2699 1930 usum
2749 1874 3075 1940 habuisset,
3133 1873 3375 1929 minime
3426 1874 3673 1930 dubium
3720 1879 3814 1932 est

391 1966 535 2037 quin
597 1965 784 2020 multa
839 1964 976 2019 inde
1034 1963 1321 2034 potuisset
1376 1963 1612 2019 haurire
1669 1963 2000 2018 necessaria
2025 1969 2080 2018 et
2109 1969 2229 2019 tam
2264 1963 2524 2018 difficilis
2556 1963 2749 2036 cperis
2781 1963 3199 2019 obscuritatem
3242 1962 3432 2036 magis
3489 1962 3807 2021 illustrare.

390 2055 554 2119 Quod
608 2055 780 2110 etiam
832 2054 956 2125 ipse
1003 2057 1520 2108 monumentorum
1570 2051 1803 2107 Gracia
1847 2051 2183 2108 recentioris
2233 2052 2672 2108 curiosissimus
2713 2057 2771 2108 et
2823 2052 3210 2124 dignissimus
3270 2057 3668 2124 perscrutator
3699 2058 3808 2110 Leo

391 2144 662 2215 Allatius,
695 2142 1015 2216 primarius
1073 2141 1441 2197 Bibliotheca
1499 2140 1791 2197 Vaticana
1844 2147 2063 2212 custos,
2099 2141 2256 2197 haud
2314 2142 2705 2198 sufficientem
2738 2142 3079 2198 earumdem
3111 2141 3492 2214 epistolarum
3534 2142 3812 2200 habuerit

389 2233 686 2298 notitiam,
716 2233 843 2304 ipse
892 2232 1033 2286 satis
1081 2229 1234 2287 clare
1277 2231 1494 2286 indicat
1542 2231 1600 2286 in
1646 2230 2014 2302 amplissima
2063 2231 2316 2286 diatriba
2346 2247 2454 2287 sua
2483 2231 2554 2286 de
2585 2231 2889 2304 Ceorgiis;
2924 2231 3023 2286 ubi
3053 2231 3125 2288 de
3154 2231 3358 2288 eodem
3390 2231 3638 2305 Georgio
3686 2233 3809 2289 sive

390 2322 664 2392 Gregorio
725 2321 930 2393 Cyprio
976 2320 1142 2376 valde
1198 2320 1419 2392 prolixe
1470 2336 1669 2391 agens,
1704 2337 1836 2393 pag.
1898 2321 2022 2387 423,
2079 2322 2163 2376 sic
2212 2320 2416 2377 scribit
2448 2321 2756 2392 :Epistola
2806 2320 2972 2376 CCIII
3031 2319 3293 2392 Gregorii
3342 2320 3534 2394 Cyprii
3590 2322 3808 2394 partim

388 2411 617 2484 scripta
676 2415 991 2481 antequam
1043 2427 1190 2465 onus
1240 2410 1672 2482 patriarchatus
1729 2409 2105 2481 suscepisset,
2135 2409 2350 2481 partim
2407 2415 2719 2483 postquam
2781 2409 2940 2465 illius
2990 2426 3130 2466 cura
3177 2409 3292 2482 ipsi
3323 2411 3644 2468 commissa
3673 2411 3806 2483 fuit,

387 2501 698 2557 exstabant
753 2499 812 2555 in
869 2498 1228 2554 Bibliotheca
1283 2498 1518 2554 Antonii
1567 2498 1902 2571 Augustini,
1927 2501 2056 2555 cod.
2088 2499 2196 2567 69;
2229 2503 2511 2571 erantque
2541 2499 2599 2554 iu
2633 2498 2896 2555 Polliana
2944 2505 3002 2555 et
3041 2498 3331 2555 Monachii
3390 2500 3666 2568 Bavaria,
3702 2500 3806 2556 sed

387 2589 515 2645 sine
572 2587 781 2643 titulis.
819 2591 883 2642 In
933 2587 1324 2642 Ambrosiana
1375 2587 1652 2659 leguntur
1698 2587 1934 2643 CLXVI.
1976 2587 2264 2644 Robertus
2322 2587 2746 2644 Constantinus
2793 2587 2852 2643 in
2905 2587 3264 2644 Bibliotheca
3314 2604 3328 2643 :
3389 2587 3650 2662 Gregorii
3703 2605 3806 2662 pa-

384 2677 653 2733 triarcha
680 2677 753 2732 de
779 2676 913 2732 Vita
939 2693 1048 2732 sua
1078 2681 1135 2732 et
1164 2675 1422 2748 epistola
1459 2677 1581 2731 166.
1617 2681 1679 2730 In
1712 2676 2121 2747 Ambrosiana,
2155 2675 2294 2732 licet
2326 2677 2498 2748 paulo
2537 2694 2716 2750 supra
2772 2677 2832 2732 in
2891 2678 3094 2734 eodem
3146 2677 3344 2733 Indice
3388 2675 3636 2748 legatur,
3671 2677 3806 2734 Gre-

384 2765 530 2837 gorii
562 2765 757 2838 Cyprii
801 2764 1057 2837 epistola
1121 2765 1371 2832 selectis,
1404 2765 1560 2819 aliud
1623 2765 1764 2819 item
1826 2765 2122 2837 exemplar
2154 2783 2166 2821 :
2197 2767 2334 2821 item
2385 2767 2456 2821 de
2483 2766 2617 2822 Vita
2670 2783 2778 2822 sua
2808 2765 3067 2839 epistola
3098 2781 3342 2822 numero
3376 2766 3498 2822 166.
3531 2767 3619 2822 An
3651 2782 3802 2839 opus

383 2853 495 2909 hoc
545 2854 617 2909 de
671 2853 805 2908 Vita
852 2853 1145 2908 diversum
1203 2858 1294 2908 est
1347 2853 1418 2908 ab
1464 2853 1734 2925 Epistolis
1791 2853 1881 2908 vel
1912 2854 2186 2926 Epistolis
2231 2854 2378 2926 ipsis
2406 2854 2600 2910 Vitam
2650 2871 2818 2912 suam
2865 2854 3186 2927 exprimit?
3215 2853 3358 2909 Mihi
3385 2851 3579 2910 adhuc
3617 2853 3805 2910 incer-

382 2949 512 2998 tum
566 2946 679 3000 est.
720 2946 849 2997 Hac
906 2943 985 2997 ibi
1045 2941 1317 2999 Allatius.
1349 2943 1511 3008 Quod
1571 2944 1808 2999 tandem
1861 2948 2060 3010 restat,
2097 2944 2348 3000 maxime
2379 2945 2702 3000 notandum
2735 2951 2821 2999 est
2851 2961 3031 3016 supra
3058 2941 3416 2999 enumeratis
3446 2943 3715 3015 epistolis
3742 2943 3804 2999 in

383 3032 591 3088 eodem
630 3030 827 3087 codice
887 3030 1286 3102 manuscripto
1334 3030 1593 3087 Casareo
1642 3049 1675 3086 ει
1725 3031 1822 3087 fol.
1877 3033 1997 3102 146,
2033 3050 2165 3105 pag.
2207 3034 2242 3086 2
2291 3050 2476 3105 usque
2527 3036 2605 3091 ad
2642 3032 2738 3088 fol.
2796 3033 2900 3088 148
2948 3047 3079 3105 pag.
3129 3033 3164 3086 2
3212 3033 3402 3087 instar
3457 3031 3804 3105 appendicis

383 3120 662 3192 subjungi
721 3121 988 3190 ejusdem
1046 3119 1387 3191 patriarcha
1441 3121 1701 3192 Gregorii
1762 3121 1956 3193 Cyprii
2011 3123 2308 3178 decretum
2367 3122 2598 3194 aliquod
2654 3121 2932 3196 synodale
2965 3138 2978 3176 :
3013 3122 3184 3193 cujus
3229 3120 3441 3178 titulus
3473 3125 3531 3178 et
3580 3121 3801 3195 princi-

381 3207 546 3280 pium
583 3225 595 3265 :
626 3206 943 3284 Ἀπόφασις.
986 3208 1047 3262 Ἠ
1109 3207 1399 3281 μετριότης
1451 3210 1612 3280 ἡμῶν
1673 3207 1882 3281 σόναμα
1935 3212 2003 3281 τῇ
2053 3209 2178 3286 περὶ
2236 3210 2402 3279 αὐτὴν
2460 3210 2700 3287 ίερότητι
2757 3214 2864 3264 τῶν
2918 3209 3218 3286 ἀρχιερέων
3279 3208 3574 3287 ὁμηγύρει,
3633 3210 3798 3286 ἱερεῖς

375 3316 435 3352 τε
487 3295 576 3351 καὶ
636 3293 940 3366 διακόνους,
970 3294 1096 3356 τοὺς
1153 3295 1203 3351 ἐν
1260 3301 1340 3369 τῷ
1397 3301 1570 3371 καιρῷ
1635 3304 1733 3367 τῆς
1791 3295 2245 3367 ἐκκλησιαστικῆς
2296 3301 2608 3375 συγχύσεως
2668 3297 2899 3362 διώκτας
2959 3295 3423 3373 ὁμολογουμένως
3511 3296 3796 3378 ἀναφανέν-

376 3405 491 3457 τας,
523 3382 560 3454 ἤ
591 3390 701 3442 etc.
740 3389 862 3453 Quo
907 3387 1070 3440 ﬁnito
1121 3386 1350 3442 decreto
1391 3387 1658 3458 sequitur
1703 3387 1955 3444 formula
2004 3389 2308 3461 solemnis,
2358 3407 2471 3461 qua
2523 3392 2714 3447 eidem
2763 3389 3111 3462 patriarcha
3157 3390 3431 3462 Gregorio
3483 3389 3799 3447 adversarii

375 3476 505 3546 ejus
535 3475 955 3547 promiserunt,
988 3476 1183 3547 ipsum
1215 3475 1447 3548 publice
1477 3476 1836 3532 declaratum
1867 3477 1926 3532 in
1953 3477 2362 3547 orthodoxum,
2396 3483 2453 3532 et
2481 3494 2724 3550 prorsus
2775 3478 3026 3534 liberum
3073 3479 3148 3534 ab
3197 3477 3358 3534 omni
3414 3477 3546 3535 labe
3594 3482 3651 3534 et
3693 3493 3798 3534 su-

372 3563 635 3636 spicione
666 3581 853 3637 prava
905 3563 1204 3636 doctrina,
1237 3564 1286 3620 si
1320 3565 1370 3620 is
1401 3565 1565 3638 prius
1612 3566 1826 3638 scripto
1879 3565 2266 3638 polliceretur,
2301 3583 2384 3638 se,
2416 3574 2547 3639 post
2595 3571 2898 3640 acceptum
2945 3567 3092 3624 illud
3140 3567 3490 3624 innocentia
3541 3583 3660 3624 sua
3710 3571 3796 3623 te-

375 3653 721 3710 stimonium
753 3653 1081 3726 publicum,
1115 3654 1241 3710 sine
1270 3671 1432 3710 mora
1475 3655 1686 3710 throno
1737 3655 2112 3728 patriarchali
2143 3671 2205 3711 se
2235 3656 2646 3712 abdicaturum
2679 3671 2828 3714 esse.
2862 3657 3073 3713 Narrat
3130 3657 3368 3730 quidem
3419 3661 3602 3714 totam
3632 3655 3796 3713 illam

375 3759 497 3799 rem
559 3743 778 3815 prolixe
809 3747 866 3799 et
895 3748 1161 3799 accurate
1195 3743 1482 3816 Georgius
1513 3745 1898 3816 Pachymeres
1945 3745 2004 3799 in
2055 3743 2312 3801 Historia
2356 3745 2588 3817 imperii
2634 3747 2950 3804 Andronici
3002 3746 3310 3820 Palaologi
3354 3745 3606 3803 senioris
3660 3744 3795 3801 libri

381 3832 628 3888 secundi
680 3832 940 3904 quinque
999 3832 1245 3904 integris
1298 3832 1612 3904 capitibus.
1648 3849 1859 3905 nempe
1913 3839 2094 3901 sexto,
2129 3834 2400 3906 septimo,
2428 3840 2648 3902 octavo,
2689 3853 2843 3892 nono
2893 3841 2952 3892 et
3008 3835 3256 3903 decimo,
3297 3835 3440 3892 adeo
3499 3840 3567 3891 ut
3616 3834 3794 3892 etiam

372 3921 665 3994 integram
697 3920 1012 3977 formulam
1045 3921 1435 3978 abdicationis
1468 3939 1498 3977 e
1531 3922 1805 3995 Gregorio
1827 3923 2219 3994 conscriptam
2249 3929 2308 3979 et
2337 3923 2684 3982 adversariis
2731 3926 3006 3982 traditam
3052 3926 3175 3996 jam
3232 3929 3556 3982 memorato
3614 3924 3794 3998 capiti

374 4026 530 4067 nono
579 4012 648 4067 ad
699 4011 940 4067 verbum
989 4011 1338 4078 inseruerit;
1374 4010 1629 4067 formula
1676 4017 1873 4068 tamen
1925 4011 2334 4082 promissionis
2387 4014 2877 4086 adversariorum,
2909 4029 3037 4086 qua
3085 4015 3144 4070 in
3189 4015 3389 4071 codice
3439 4014 3549 4071 hoc
3579 4029 3793 4071 manu-

371 4099 590 4172 scripto
637 4099 896 4156 Casareo
942 4103 1147 4168 exstat,
1181 4100 1261 4156 ibi
1306 4100 1524 4155 omissa
1573 4105 1679 4167 est,
1713 4101 1956 4171 ideoque
2006 4101 2344 4173 supplenda
2393 4102 2660 4159 Historia
2711 4103 3184 4177 Pachymeriana
3231 4120 3413 4161 causa
3461 4107 3649 4160 totam
3700 4104 3792 4162 hic

371 4188 627 4260 publico.
661 4189 740 4245 Ea
796 4188 975 4260 igitur
1034 4205 1168 4245 cum
1223 4187 1606 4260 inscriptione
1667 4207 1775 4244 sua
1829 4193 1918 4245 est
1969 4195 2003 4244 t:

2181 4191 2536 4267 Ἀνακήρυξις
2592 4198 2692 4260 τῆς
2752 4187 3024 4254 εὐσεϐείας
3076 4191 3241 4247 αὐτοῦ
3297 4191 3444 4270 παρὰ
3497 4195 3606 4248 τῶν
3661 4193 3790 4248 ὅπο-

367 4276 656 4352 σχομὲνων
705 4274 870 4346 αὐτῷ.
905 4273 1219 4349 Εὐλογήτὸς
1259 4276 1286 4329 ὁ
1329 4275 1459 4337 Θεὸς
1508 4277 1690 4348 ἡμῶν,
1727 4274 1807 4329 ὅτι
1859 4273 2118 4332 οὐδέποτε
2164 4279 2333 4347 κακὴν
2388 4278 2663 4353 ὑπόληψιν
2710 4277 2945 4357 ἔσχομεν
2999 4282 3124 4357 περὶ
3171 4287 3268 4337 τοῦ
3318 4279 3580 4338 δεσπότου
3623 4285 3788 4355 ἡμῶν

362 4369 462 4420 τοῦ
520 4365 862 4441 πατριάρχου
921 4368 1090 4438 κυροῦ
1148 4364 1473 4440 Γρηγορίου,
1536 4365 1610 4427 ὡς
1670 4363 1779 4420 ἔστι
1841 4363 2188 4444 βλάσφημος,
2247 4370 2487 4445 καθάπερ
2561 4370 2723 4425 τοῦτό
2805 4392 2948 4433 τινες
3003 4375 3110 4426 τῶν
3148 4365 3426 4445 ’ἀμυήτων
3489 4367 3784 4428 ὑπέλαϐον·

364 4449 494 4508 ἀλλ’
550 4450 966 4529 ὀρθοδοξότατον
1015 4458 1205 4509 τοῦτον
1265 4455 1607 4527 γινώσκομεν
1665 4454 1755 4509 καὶ
1817 4449 2215 4511 εὐσεϐέστατον.
2270 4457 2452 4514 Μόνον
2509 4455 2739 4532 δεόμεθα
2790 4465 2886 4515 τοῦ
2943 4461 3286 4538 πατριάρχου
3352 4463 3788 4538 παραιτήσασθαι

365 4536 555 4616 θρόνον
587 4539 675 4596 διὰ
711 4542 810 4610 τὴν
840 4543 1281 4619 τῶνάνθρώπων
1327 4543 1570 4617 εἰρήνην·
1631 4545 1720 4598 καὶ
1775 4541 1962 4614 ἐπειδή
2014 4547 2140 4621 παρ’
2188 4548 2348 4619 ἡμῶν
2404 4552 2554 4616 ζητεῖ
2607 4550 2706 4618 τήν
2761 4557 2862 4619 τῆς
2918 4536 3789 4629 εὐσεϐείαςήαὐτοῦ-ἂνακήρυξιν

365 4627 641 4710 ἔγγραφον
703 4628 976 4706 λέγεσθαι,
1036 4631 1125 4686 καὶ
1180 4631 1369 4686 αὐτίκα
1419 4632 1696 4686 κατανεύει
1753 4634 1843 4687 τὸν
1878 4629 2067 4710 θρόνον
2125 4636 2582 4708 παραιτήσασθαι,
2627 4642 2892 4710 ζητοῦμεν
2954 4639 3044 4693 καὶ
3102 4642 3266 4711 ἡμεῖς
3323 4638 3518 4702 πάντες
3571 4627 3785 4715 ἕτοιμοι

359 4718 410 4774 ἐν
446 4719 673 4794 ὀνόματι
702 4725 798 4775 τοῦ
830 4724 1065 4794 Χριστοῦ
1095 4721 1183 4775 καὶ
1217 4721 1495 4799 ἐγγράφως
1523 4721 1614 4776 καὶ
1647 4721 1927 4800 ἐγγράφως
1955 4723 2043 4777 καὶ
2075 4723 2329 4802 ἀγράφως
2360 4724 2638 4801 παρῥησίᾳ
2683 4746 2742 4781 τε
2787 4728 2877 4781 καὶ
2929 4724 3039 4799 ἰδίᾳ
3084 4733 3298 4800 τοῦτον,
3333 4728 3516 4804 ὥσπερ
3558 4728 3651 4784 καὶ
3691 4731 3784 4785 τὸν

359 4806 566 4864 ἅπαντα
623 4809 822 4886 χρόνον
881 4813 970 4882 ἦν,
1004 4806 1380 4865 εὐσεϐέστατον
1441 4811 1726 4886 κηρύττειν
1783 4812 1872 4867 καὶ
1935 4811 2375 4888 ὀρθοδοξότατον,
2411 4814 2664 4888 ἐπιτιμᾷν
2718 4813 2776 4871 δὲ
2831 4818 2922 4871 καὶ
2975 4823 3094 4879 τοῖς
3150 4818 3399 4896 ἀφρόνως
3469 4818 3559 4873 καὶ
3635 4818 3780 4893 ἅμα·

355 4897 466 4959 θῶς
505 4899 620 4952 κατ’
653 4898 817 4953 αὐτοῦ
849 4896 1118 4975 λέγουσιν.
1157 4903 1472 4974 Ilucusque
1496 4904 1746 4959 formula
1775 4903 1887 4959 ista
1917 4921 1986 4976 pr

2147 4906 2326 4962 sionis
2358 4922 2554 4978 quam,
2587 4924 2752 4980 aque
2784 4925 2850 4963 ac
2903 4908 3212 4964 formulam
3265 4909 3655 4967 abdicationis
3705 4910 3779 4966 ab

356 4987 486 5060 ipso
531 4988 807 5061 Gregorio
859 4991 1244 5061 compositam
1297 4996 1352 5046 et
1403 4993 1753 5048 adversariis
1803 4995 2201 5064 prascriptam
2257 4994 2440 5050 fuisse
2490 4995 2779 5052 existimo.
2813 4997 3119 5053 Clauditur
3165 4999 3417 5072 denique
3465 5003 3628 5055 totus
3676 4998 3778 5055 ille

355 5075 535 5131 codex
593 5077 697 5132 hac
756 5077 1232 5150 subscriptione:
1267 5077 1435 5141 Τέλος
1491 5083 1597 5134 τῶν
1658 5077 1961 5135 ἐπιστολῶν

2174 5080 2225 5136 ἐν
2287 5081 2460 5158 ἁγίοις
2521 5085 2731 5157 Πατρὸς
2786 5087 2947 5158 ἡμῶν
3000 5087 3307 5162 Γρηγορίου
3341 5086 3775 5164 ἄρχιεπισκόπου

353 5164 1000 5236 Κωνσταντινουπόλεως,
1032 5171 1128 5222 τοῦ
1158 5167 1521 5245 πατριάρχου.
1558 5168 1656 5223 Καὶ
1685 5173 1766 5241 τῷ
1797 5173 1912 5242 Θεῷ
1943 5166 2090 5240 δόξα.
