4132 6422
293 482 501 592 ’433

1726 483 2144 547 ENCOMIUM
2187 481 2460 546 MARIS.

3686 483 3805 543 434

1083 780 1688 878 GEORGII
1787 782 2266 878 CYPBII
2364 780 3106 876 EPISTOLE

2063 998 2106 1053 Ι.

1684 1113 2028 1170 EPISTOLA
2068 1117 2164 1168 AD
2200 1112 2488 1170 AMICUM

1763 1230 1911 1287 Vide
1938 1246 2120 1303 supra
2149 1229 2258 1286 col.
2293 1231 2415 1285 125.

2046 1391 2118 1445 ΙΙ.

1482 1507 1832 1566 EPISTOLA
1866 1509 1962 1566 AD
2000 1507 2480 1566 ANDRONICUM
2532 1507 2680 1562 IMP.

1680 1694 1682 1696 ,
1763 1641 1908 1699 Vide
1938 1659 2120 1716 supra
2147 1641 2256 1698 col.
2278 1641 2404 1698 267.

1167 1959 1289 2010 ΤΟΥ
1327 1960 1702 2022 ΔΓΙΩΤΑῙῸΥ
1739 1959 2171 2014 ΠΑΤΡΙΑΡΧΟΥ
2209 1960 3004 2014 ΚΩΝΣΥΔΝΥΙΝΟΥΠΟΛΕΩΣ

637 2151 1225 2283 ΚΥΡΟΥ
1325 2152 2191 2284 ΓΕΩΡΓΙΟΥ
2291 2153 2638 2284 ΤΟΥ
2749 2151 3540 2282 ΚΥΠΡΙΟΥ

1021 2436 1684 2535 ΕΓΚΩΜΙΟΝ
1805 2440 2003 2534 ΕΙΣ

2115 2440 2372 2534 ΤΗΝ
2483 2437 3141 2535 ΘΑΛΑΣΣΑΝ

1967 2655 2207 2711 ΕΙΤΟΥΝ

1315 2801 1432 2852 ΕΙΣ
1471 2797 1608 2854 ΤΗΝ
1645 2801 1769 2852 ΤΟΥ
1807 2800 2121 2852 ΚΔΘΟΛΟΥ
2156 2801 2282 2852 ΤΟΥ
2318 2801 2582 2854 ΥΔΑΤΟΣ
2623 2801 2857 2854 ΦΥΣΙΝ.

1410 3104 1766 3148 ΒΔΝΟἸἹΒΒῙΜΙ
1804 3108 2166 3150 PATRIARCHE
2201 3108 2754 3150 CONSTANTINOPOLIS

793 3283 1553 3438 DOMINI
1702 3284 2538 3437 GEORGII
2675 3283 3368 3437 CYPRII

1519 3532 2196 3660 ENCOMIUM
2267 3564 2653 3690 MABIS

2019 3778 2140 3816 SIVE

1555 3905 1660 3959 DE
1711 3903 2030 3962 UNIVERSA
2092 3903 2295 3973 AQUAE
2331 3904 2612 3963 NATURA.

1417 4047 1840 4119 (Franequerae,
1874 4047 2032 4119 1797,
2065 4063 2134 4103 ex
2163 4048 2254 4103 ed.
2291 4048 2425 4104 Fed.
2474 4046 2741 4119 Morelli.)

439 4331 742 4409 Θαυμάζειν
807 4335 902 4408 μὲν
960 4339 1066 4390 τῶν
1142 4335 1474 4412 πραγμάτων
1545 4335 1718 4392 ὁπόσα
1776 4336 2021 4414 ὑπερφυῆ

2212 4337 2507 4393 Admirari
2539 4337 2812 4409 equidem
2845 4352 2938 4393 res
2959 4353 3340 4409 quascunque
3389 4338 3600 4392 natura
3645 4334 3790 4392 insi-

363 4423 457 4482 κοιὶ
517 4423 734 4500 μεγάλα
790 4423 854 4479 οὗ
919 4421 1136 4480 πολλοῦ
1192 4445 1336 4487 τινος
1393 4420 1555 4501 ἔργου
1616 4424 1858 4503 φαίνεται
1919 4425 2027 4496 ὃν,

369 4510 426 4569 εἷ’
472 4533 558 4575 τις
611 4509 774 4570 τοῦτό
831 4534 896 4588 γε
957 4513 1120 4586 μόνον
1179 4519 1353 4572 ποιεῖν
1421 4512 1678 4591 βούλεται
1749 4515 2028 4588 ἱστάμενος

369 4601 612 4680 ἄφωνοςο
715 4601 940 4678 ἀπόχρη
1038 4602 1141 4678 γὰρ
1241 4603 1587 4667 αἰσθανθέντα
1693 4604 1768 4666 εἷς
1852 4606 2031 4678 Θαῦμα

365 4690 585 4766 τρέπειν
641 4691 741 4759 τήν
775 4687 1040 4761 αἴσθησιν
1102 4712 1164 4745 αν
1220 4688 1278 4746 δὲ
1306 4691 1397 4746 καὶ
1431 4691 1582 4768 λόγῳ
1627 4714 1712 4755 τις
1761 4700 2028 4762 σκοπῆται

365 4783 482 4836 τῶν
510 4779 773 4836 τοιούτων
827 4777 972 4850 ἄξιον
1024 4779 1191 4835 εἰπεῖν
1238 4802 1292 4836 τι
1330 4781 1420 4836 καὶ
1472 4778 1852 4858 διηγήσασθαι,
1882 4773 2030 4837 τοῦτ’

371 4865 485 4940 ἤδη
521 4872 620 4924 τοῦ
666 4869 866 4931 παντὸς
915 4867 1312 4946 ἐργωδέστερον
1349 4914 1362 4926 .
1393 4875 1729 4948 ’Δφαιρεῖται
1777 4871 1878 4946 γὰρ
1933 4871 2030 4927 λό-

367 4978 481 5034 γων
543 4955 703 5034 ῐσχὺν
754 4961 862 5012 τῶν
915 4959 1205 5032 θαυμάτων
1251 4961 1285 5029 ἠ
1331 4957 1507 5038 φύσις,
1557 4959 1647 5014 καὶ
1698 4957 1807 5032 ὅσῳ
1863 4964 2029 5016 ταῦτα

366 5051 489 5110 τοῖς
533 5045 945 5124 ἐντυγχάνουσιν
993 5045 1274 5119 ἔκπληξις,
1326 5048 1574 5121 τοσούτῳ
1625 5047 1836 5122 μᾶλλον
1891 5050 2024 5103 ἀπο-

368 5133 463 5213 ρία
514 5139 634 5198 τοῖς
695 5135 890 5212 λόγοις
947 5135 1037 5192 καὶ
1084 5137 1147 5191 τὸ
1196 5134 1471 5211 μηδαμῶς
1522 5137 1734 5200 ἑαυτοῖς
1773 5135 2024 5193 δύνασθαι

366 5231 632 5302 χρῆσθαι.
687 5225 782 5280 Διὸ
840 5225 929 5282 οιαὶ
985 5223 1171 5297 πολλή
1231 5247 1313 5289 τις
1369 5227 1565 5303 γένοιτ’
1622 5226 1679 5281 ἂν
1731 5228 2026 5304 συγγνώμη

368 5311 596 5377 δικαίως
642 5319 762 5378 τοῖς
809 5314 936 5389 περὶ
981 5315 1188 5371 τούτων
1235 5314 1413 5392 λέγειν
1445 5313 1750 5390 τολμῶσιν,
1783 5315 1843 5371 ἂν
1883 5317 2030 5392 παρᾶ

367 5400 516 5460 πολὺ
561 5408 665 5474 τῆς
717 5402 870 5474 ἀξίας
928 5401 1230 5478 ἐλλίπωσι,
1287 5405 1377 5460 καὶ
1439 5403 1676 5478 μάλιστα
1726 5406 1862 5481 πρὸς
1919 5409 2027 5460 τῶν

364 5494 596 5548 τοιαῦτα
652 5487 1098 5565 πεπαιδευμένων
1165 5492 1465 5568 ἀνθρώπων
1511 5538 1525 5564 ,
1586 5492 1699 5567 ὅσῳ
1773 5492 1864 5549 καὶ
1919 5498 2027 5548 τῶν

369 5575 561 5640 ἄλλων
615 5576 834 5654 μᾶλλον
882 5576 1086 5644 εἰδότες
1139 5579 1306 5650 εἰσὶν,
1347 5579 1422 5643 ὡς
1474 5580 1570 5654 μὶν
1621 5580 1866 5657 χαλεπὸν
1910 5587 2028 5645 τοῖς

2140 4442 2284 4499 gnes
2310 4431 2368 4482 et
2399 4442 2664 4499 magnas,
2697 4442 2812 4481 non
2860 4426 3059 4498 magni
3119 4425 3371 4497 alicujus
3419 4425 3610 4497 operis
3660 4440 3791 4482 esse

2138 4515 2389 4582 videtur,
2441 4506 2672 4586 si'quis
2721 4515 2778 4570 id
2833 4516 3018 4570 facere
3075 4518 3304 4570 tantum
3362 4513 3499 4569 velit
3573 4513 3788 4570 tacitus

2141 4604 2490 4661 subsistens.
2531 4604 2755 4659 Sufﬁcit
2801 4605 2957 4659 enim
3001 4603 3421 4674 contemplanti
3453 4603 3512 4657 in
3544 4602 3794 4657 admira-

2139 4692 2361 4748 tionem
2386 4701 2720 4748 convertere
2751 4691 3325 4763 contemplationem.
3357 4691 3455 4746 Sin
3515 4695 3793 4763 pmterea

2139 4783 2274 4855 quis
2305 4781 2500 4836 animo
2533 4785 2821 4853 proponat
2859 4780 3101 4852 dignum
3145 4781 3283 4852 quid
3329 4779 3541 4836 talibus
3593 4778 3790 4835 dicere

2139 4879 2194 4928 et
2219 4887 2510 4938 enarrare,
2543 4869 2686 4925 illud
2721 4871 2849 4941 jam
2900 4869 3131 4925 videtur
3169 4869 3435 4926 omnium
3493 4867 3785 4941 operosis-

2138 4961 2378 5017 simum.
2409 4959 2628 5015 Natura
2655 4959 2812 5014 enim
2843 4975 3039 5014 rerum
3067 4957 3547 5014 admirandarum
3571 4957 3792 5013 minuit

2136 5049 2254 5106 vim
2307 5047 2569 5104 rationis.
2620 5048 2690 5103 Et
2733 5051 2952 5120 quanto
3001 5047 3206 5119 majori
3263 5047 3350 5102 baa
3411 5045 3790 5103 admirationi

2139 5143 2280 5195 sunt
2309 5139 2381 5193 iis
2413 5138 2511 5210 qui
2543 5137 2601 5192 in
2634 5153 2732 5192 eas
2765 5137 3054 5207 incidunt,
3113 5141 3275 5192 tanto
3321 5137 3512 5208 major
3549 5136 3788 5192 hesita-

2139 5227 2218 5283 tio
2251 5229 2439 5283 oritur
2468 5227 2528 5281 in
2562 5227 2954 5293 sermonibus,
2988 5230 3045 5281 et
3095 5225 3430 5282 nullatenus
3478 5225 3590 5282 sibi
3627 5243 3789 5283 com-

2141 5321 2305 5389 potes
2348 5321 2507 5372 sunt.
2543 5315 2834 5386 Multaque
2863 5319 3196 5387 propterea
3236 5314 3405 5371 venia
3445 5315 3606 5388 digni
3649 5319 3792 5372 sunt

2141 5406 2371 5472 merito,
2403 5405 2504 5476 qui
2535 5406 2606 5460 de
2637 5404 2731 5460 his
2753 5404 3075 5460 orationem
3124 5404 3430 5460 instituere
3478 5410 3788 5474 conantur,

2141 5495 2189 5552 si
2218 5512 2368 5566 saepe
2400 5511 2434 5549 a
2464 5511 2660 5549 rerum
2711 5493 2998 5566 dignitate
3044 5494 3396 5561 defecerint;
3438 5497 3496 5549 et
3539 5493 3792 5551 maxime

2139 5584 2293 5656 apud
2342 5581 2632 5649 homines,
2682 5582 2779 5652 qui
2833 5581 2955 5637 haec
3001 5583 3187 5637 edocti
3236 5590 3374 5638 sunt
3427 5587 3484 5638 et
3549 5583 3788 5654 quidem

365 5665 648 5730 τοιούτοις
676 5665 997 5745 ἐπιχειρεῖν,
1043 5667 1120 5730 ὡς
1170 5663 1218 5722 δ’
1263 5665 1467 5742 ἀνάγκη
1520 5667 1609 5722 καὶ
1661 5669 1786 5731 τοὺς
1829 5668 2026 5746 λόγους

376 5754 407 5774 Π
642 5755 657 5774 9
695 5755 713 5774 ς
811 5761 838 5773 υ
1162 5757 1174 5774 Ι
1458 5751 1490 5774 ρ
1538 5757 1548 5774 I
1765 5760 1819 5774 ο-
1895 5759 1909 5774 ι
1977 5757 2017 5774 αι

2139 5681 2356 5746 quanlo
2387 5671 2518 5728 aliis
2549 5677 2688 5727 sunt
2718 5670 3018 5745 peritiores
3044 5688 3057 5736 ;
3093 5672 3178 5727 uti
3209 5671 3366 5728 enim
3415 5671 3654 5728 difﬁcile
3701 5676 3791 5728 est

369 5754 574 5828 ἥττους
631 5755 715 5814 ἀεὶ
773 5761 880 5813 τῶν
955 5757 1288 5832 πραγμάτων
1345 5751 1658 5832 συμϐαίνειν
1692 5803 1703 5816 .
1765 5759 1912 5814 Ἐπεὶ
1973 5757 2029 5813 δὲ

2141 5761 2358 5818 talibus
2407 5762 2580 5816 rebus
2621 5777 2862 5816 manum
2911 5761 3208 5833 adhibere,
3251 5762 3334 5818 ita
3402 5777 3640 5818 necesse
3701 5765 3792 5819 est
