4132 6434
316 479 434 542 435

1324 477 1645 542 GEORGII
1688 474 1953 542 CYPRII
1996 475 2116 540 GP.
2165 479 2695 548 PATBIARCHE

3619 481 3741 545 436

314 629 617 673 sermones
645 628 879 688 quoque
906 612 1084 670 rebus
1104 611 1359 686 impares
1389 614 1651 671 evadere.
1685 612 1969 681 Quoniam

2103 617 2234 680 τοῦθ’
2282 615 2424 672 οὕτω
2472 617 2561 674 καὶ
2616 614 2891 688 θαλάσσης
2946 613 3071 691 περὶ
3128 612 3219 671 τὸν
3279 610 3533 691 λέγοντα,
3583 610 3737 670 οὐδὲν

317 711 514 763 autem
545 705 656 761 hoc
684 704 770 760 ita
802 722 864 761 se
902 704 1099 772 habet,
1150 704 1287 760 hinc
1335 721 1471 760 eum
1521 705 1697 761 etiam
1748 704 1848 777 qui
1900 705 1970 761 de

320 794 469 852 mari
505 794 667 863 dicit,
697 794 843 851 nihil
873 795 1018 851 satis
1051 798 1254 866 aptum
1288 795 1585 850 dicturum
1622 811 1750 851 esse
1775 793 1970 849 existi-

321 901 439 941 mo.
470 884 526 940 Si
560 884 702 957 quid
732 885 890 939 enim
923 883 1075 940 inter
1106 889 1340 941 cceteras
1381 901 1473 940 res
1523 883 1970 939 admirationem

326 978 604 1039 meretur,
637 989 799 1029 mare
829 977 917 1028 est
942 994 955 1042 ς
989 973 1129 1045 quia
1156 974 1308 1029 inter
1331 973 1518 1043 prima
1548 972 1836 1028 elementa
1864 974 1971 1027 est.

328 1066 397 1119 Et
433 1063 482 1117 si
516 1061 649 1135 quis
679 1061 907 1117 veniam
940 1063 1223 1118 concedat
1252 1062 1324 1117 iis
1355 1063 1457 1134 qui
1488 1078 1549 1117 se
1577 1060 1638 1116 in
1679 1077 1977 1116 sermones

330 1152 401 1208 de
432 1150 530 1207 illo
561 1151 895 1220 demittunt,
920 1151 1111 1223 magis
1142 1150 1502 1223 diligentiam
1535 1168 1765 1217 amans,
1797 1162 1976 1221 quam

330 1241 638 1297 audaciam
698 1240 1077 1309 improbans;
1128 1256 1267 1295 sane
1313 1244 1368 1295 et
1416 1239 1681 1312 gloriam,
1746 1239 1977 1295 etiamsi

330 1330 479 1388 satis
508 1330 692 1401 proba
723 1347 839 1385 non
865 1331 1219 1402 praestiterit,
1261 1334 1667 1402 reportaturus
1713 1333 1820 1385 est.
1868 1328 1979 1383 Sed

331 1419 526 1493 qualis
556 1421 614 1475 et
642 1423 863 1492 quanta
891 1418 966 1474 sit
988 1418 1212 1474 utilitas
1244 1418 1444 1488 maris,
1489 1424 1548 1474 et
1591 1434 1706 1491 qua
1755 1416 1980 1474 ratione

331 1510 412 1566 sit
439 1525 557 1582 prae
604 1508 827 1564 caeteris
870 1507 1122 1565 universi
1170 1508 1346 1564 rebus
1397 1507 1978 1580 praestantissimum.

329 1597 426 1655 his
478 1597 635 1669 quis,
692 1597 742 1653 si
788 1597 1071 1664 attendat,
1121 1595 1277 1653 clare
1326 1597 1650 1670 perspiciet.
1702 1599 1982 1653 Ceterum

333 1688 605 1745 convenit
635 1686 731 1743 hic
759 1686 951 1759 parvis
977 1702 1193 1759 magna
1216 1701 1564 1759 componere
1594 1692 1646 1742 et
1677 1685 1982 1743 veritatem

336 1791 407 1833 ex
442 1776 671 1833 umbris
700 1775 907 1832 sectari
938 1776 1253 1832 rationum.

406 1870 574 1922 Nunc
605 1865 802 1937 itaque
839 1881 1014 1922 omne
1056 1866 1212 1938 quod
1255 1869 1346 1922 est
1391 1873 1447 1922 et
1493 1866 1649 1938 quod
1706 1882 1822 1921 non
1872 1868 1981 1935 est,

2080 705 2133 768 ἐς
2185 706 2362 762 ἱκανὸν
2419 705 2556 783 ἐρεῖν
2619 709 2772 781 οἶμαι
2802 727 2815 741 ·
2873 705 2965 761 καὶ
3022 707 3126 783 γὰρ
3193 702 3466 777 θαύματος
3522 701 3574 759 ἐν
3623 708 3741 765 τοῖς

2082 794 2254 868 οὖσιν,
2306 794 2454 870 εἶ’περ
2503 798 2593 852 καὶ
2627 795 2768 854 ἄλλο
2810 817 2886 865 τι,
2940 796 3248 871 μετέχουσά
3296 793 3407 849 ἐστι
3453 792 3693 858 θάλαττα
3723 810 3738 825 ⁵

2083 885 2166 941 ὅτι
2199 885 2289 941 καὶ
2321 886 2595 962 στοιχεῖόν
2648 885 2758 942 ἐστι
2799 890 2906 941 τῶν
2951 886 3207 962 πρώτων,
3255 883 3352 939 κᾶν
3399 879 3454 938 εἷ’
3489 903 3573 945 τις
3612 903 3739 960 συγ-

2083 976 2340 1051 γινώσκοι
2389 982 2505 1038 τοῖς
2559 975 2636 1037 είς
2681 974 2808 1038 τοὺς
2850 974 2974 1050 περὶ
3021 972 3222 1045 ταύτης
3273 971 3476 1048 λόγους
3522 970 3743 1033 ἑαυτοὺς

2085 1069 2339 1135 καθιεῖσι,
2403 1064 2615 1138 μᾶλλον
2662 1072 2765 1135 τῆς
2816 1062 3124 1141 προθυμίας
3180 1063 3494 1138 ἀγαπήσας,
3552 1062 3588 1131 ἢ
3646 1082 3743 1116 κα-

2084 1152 2317 1230 ταγνοὺς
2367 1157 2468 1223 τῆς
2518 1154 2874 1230 θρασύτητος,
2908 1152 3101 1208 οὐκοῦν
3133 1153 3213 1225 (1)
3253 1152 3354 1219 τήν
3407 1154 3503 1205 τοῦ
3554 1150 3631 1223 μὴ
3680 1150 3749 1204 τὰ

2089 1240 2274 1298 δίκαια
2317 1243 2675 1314 πεποιηκέναι
2708 1238 2863 1313 δόξαν
2905 1241 3207 1297 ἀποίσεται.
3260 1237 3415 1295 Ἀλλ’
3460 1237 3650 1293 ὁποῖόν
3690 1258 3750 1292 τε

2087 1332 2178 1387 καὶ
2209 1330 2333 1387 ὅσον
2362 1333 2425 1387 τὸ
2466 1339 2664 1409 χρῆμα
2713 1330 3007 1402 θαλάττης,
3055 1329 3147 1385 καὶ
3196 1329 3272 1391 ὡς
3322 1327 3458 1398 αὕτη
3505 1328 3580 1383 τὸ·
3614 1328 3748 1402 κρά-

2088 1441 2266 1477 τιστον
2324 1426 2421 1477 τοῦ
2487 1422 2685 1484 παντὸς
2722 1464 2737 1491 ,
2797 1417 2905 1475 ὧδέ
2978 1440 3061 1481 τις
3134 1417 3505 1492 σκοπούμενος
3562 1420 3748 1496 σαφῶς

2092 1508 2308 1569 εἵσεται.
2360 1508 2515 1581 Πλήν
2568 1509 2795 1581 εἰκάζειν
2847 1507 3074 1564 ἐνταῦθα
3119 1508 3387 1583 προσήκει
3435 1510 3654 1582 μικροῖς
3682 1506 3752 1561 τὰ

2095 1598 2310 1675 μεγάλα
2335 1597 2425 1656 καὶ
2449 1601 2549 1669 τήν
2578 1598 2839 1670 ἀλήθειαν
2866 1602 2987 1661 ταῖς
3019 1595 3079 1653 ἐκ
3103 1600 3213 1652 τῶν
3262 1594 3441 1672 λόγων
3484 1595 3749 1669 θηρᾶσθαι

2092 1710 2289 1752 σκιαις.

2166 1865 2311 1940 ’Ήδη
2366 1870 2461 1942 μὶν
2505 1866 2597 1923 οῦν
2650 1868 2712 1923 τὸ
2760 1872 2863 1922 πᾶν
2913 1863 3041 1922 τόδε
3092 1866 3167 1939 μὴ
3219 1861 3277 1919 ὃν
3325 1862 3590 1940 πρότερον
3649 1861 3756 1919 ού-

341 1954 507 2013 nullo
527 1955 702 2011 modo
734 1955 900 2028 prius
928 1954 1167 2011 initium
1211 1955 1365 2028 cepit
1403 1958 1469 2011 ut
1514 1959 1690 2024 esset,
1732 1955 1876 2027 quin
1928 1957 1985 2009 et

2103 1955 2284 2032 δαμῶς
2362 1958 2543 2035 ἀρχὴν
2622 1950 2927 2030 ἐλάμϐανεν
3006 1954 3140 2010 εἶναι
3219 1953 3311 2008 καὶ
3366 1952 3491 2009 τότε
3567 1951 3760 2053 αιύτίκα

337 2060 501 2101 mare
529 2045 838 2101 confestim
876 2043 1163 2100 exstiterit
1209 2060 1342 2100 cum
1390 2044 1531 2116 ipsis
1580 2044 1807 2117 primis,
1857 2060 1985 2115 quae

337 2141 474 2190 sunt
503 2134 679 2191 rebus
721 2134 1072 2206 productum
1122 2137 1179 2188 et
1215 2132 1468 2205 primam
1515 2149 1582 2189 ac
1631 2132 1985 2206 praecipuam

336 2224 457 2281 vim
486 2224 787 2295 adeptum.
821 2222 969 2281 Nam
991 2219 1171 2277 veluti
1201 2222 1273 2278 ad
1305 2238 1539 2278 omnem
1577 2238 1699 2278 rem
1744 2237 1870 2294 quae
1920 2222 1986 2276 ﬁt

339 2311 648 2369 materiam
679 2311 941 2384 aliquam
971 2315 1181 2383 praesto
1218 2327 1347 2368 esse
1397 2316 1626 2384 oportet
1673 2315 1730 2367 et
1775 2311 1987 2367 deinde

335 2418 406 2460 ex
435 2401 537 2458 illa
563 2402 993 2474 generationem
1023 2401 1172 2457 efﬁci
1198 2418 1211 2468 ;
1245 2400 1329 2457 sic
1359 2405 1416 2457 et
1446 2417 1607 2463 mare
1637 2399 1817 2458 simul
1848 2417 1983 2457 cum

336 2492 544 2566 primis
573 2490 1018 2547 subsistentiam
1050 2490 1340 2563 accepisse
1396 2492 1572 2548 rebus
1605 2492 1893 2561 videmus,
1927 2499 1987 2547 ut

334 2584 489 2638 esset
544 2580 901 2637 elementum
965 2596 1163 2636 rerum
1229 2585 1434 2652 postea
1499 2582 1853 2653 futurarum,
1931 2585 1989 2637 et

335 2670 773 2744 quodammodo
795 2670 1149 2743 principium
1181 2671 1481 2726 mixtionis
1508 2687 1522 2738 ;
1544 2672 1685 2727 adeo
1709 2671 1833 2727 utsi
1853 2670 1986 2743 quis

335 2758 784 2831 contemplando
829 2758 1150 2815 admiretur
1197 2758 1639 2831 dispositionem
1708 2758 1985 2831 universi,

339 2847 748 2905 admirationis
777 2847 1012 2903 initium
1044 2863 1113 2903 ex
1145 2864 1310 2920 aqua:
1362 2851 1575 2904 natura
1617 2848 1731 2921 ipsi
1767 2849 1985 2905 facien-

338 2938 481 2995 dum
513 2944 635 2994 est:
668 2941 727 2993 et
758 2937 1013 3010 profecto
1043 2952 1177 2992 cum
1219 2937 1486 2993 conditor
1534 2954 1694 2994 mare
1740 2937 1991 2995 voluerit

342 3043 473 3084 esse
506 3026 1009 3099 antiquissimum.
1042 3042 1158 3081 non
1184 3026 1475 3083 dissimile
1498 3043 1633 3083 vero
1663 3031 1720 3083 et
1766 3027 1991 3100 primas

342 3116 457 3188 ipsi
496 3115 557 3171 in
590 3115 996 3187 magnitudine
1044 3115 1405 3171 attribuisse.
1459 3116 1614 3172 Adeo
1663 3117 1821 3172 enim
1872 3132 1992 3171 ma-

2097 2049 2314 2124 ὑπῆρχε
2367 2046 2457 2103 καὶ
2518 2044 2776 2119 θάλαττα,
2830 2044 2924 2100 σὺν
2978 2050 3098 2107 τοῖς
3144 2043 3388 2119 πρώτοις
3436 2046 3542 2097 τῶν
3582 2036 3753 2098 ὄντων

2095 2142 2320 2215 φανεῖσα
2378 2182 2392 2209 ,
2453 2137 2543 2191 καὶ
2622 2133 2849 2208 δύναμιν
2908 2138 3119 2210 σχοῦσα
3174 2134 3273 2202 τὴν
3332 2133 3560 2209 πρώτην
3597 2174 3611 2189 .
3671 2136 3760 2194 Ὧς

2095 2227 2199 2303 γὰρ
2260 2224 2347 2281 ἐπὶ
2403 2226 2605 2289 παντὸς
2676 2226 2969 2301 χρήματος
3028 2221 3357 2300 γιγνομένου
3419 2220 3559 2293 ὅλην
3619 2220 3759 2277 εἶναί

2093 2336 2215 2370 τινα
2271 2313 2398 2388 δεῖ,
2460 2315 2554 2371 εἶτ’
2610 2314 2662 2386 ἐξ
2719 2313 2887 2383 αὐτῆς
2944 2313 3043 2382 τήν
3107 2310 3311 2388 γένεσιν
3376 2309 3706 2387 ἐνεργεῖσθαι
3741 2355 3757 2382 ,

2096 2402 2239 2459 οὕτω
2292 2402 2471 2476 δήπου
2527 2404 2617 2459 καὶ
2668 2401 2934 2469 θάλασσαν
2996 2403 3138 2476 ὁμοῦ
3185 2405 3302 2462 τοῖς
3343 2399 3585 2477 πρώτοις
3620 2398 3757 2477 ὑποτ

2095 2498 2287 2548 στᾶσαν
2337 2495 2584 2569 ὁρῶμεν,
2635 2492 2709 2556 ὡς
2757 2492 2894 2547 εἶναι
2945 2495 3219 2567 στοιχεῖον
3270 2493 3378 2544 τῶν
3434 2489 3571 2563 μετὰ
3608 2473 3758 2544 τοῦτ’

2097 2580 2367 2655 ἐσομένων
2423 2628 2438 2655 ,
2515 2581 2605 2637 καὶ
2686 2581 2867 2658 ἀρχὴν
2941 2583 3039 2635 τοῦ
3104 2577 3469 2655 συγκρίματος
3554 2573 3757 2652 τρόπον

2093 2669 2233 2728 τινά.
2286 2672 2435 2725 ”Ωστ’
2486 2667 2537 2725 εἷ’
2578 2691 2664 2733 τις
2713 2670 2988 2742 θεώμενος
3039 2668 3307 2740 θαυμάζοι
3353 2667 3417 2721 τὸ
3462 2668 3562 2721 τοῦ
3617 2684 3752 2720 παν-

2094 2760 2187 2821 τὸς
2244 2762 2436 2835 σχῆμα
2493 2758 2553 2815 ἐκ
2615 2765 2714 2830 τῆς
2772 2763 2870 2813 τοῦ
2925 2755 3118 2820 ὕδατος
3180 2755 3391 2834 φύσεως
3436 2801 3452 2829 ,
3514 2751 3633 2810 δέον
3692 2752 3759 2808 τὰ

2096 2853 2286 2925 πρῶτα
2337 2853 2434 2905 τοῦ
2484 2847 2759 2922 θαύματος
2808 2845 3071 2923 ἄρχεσθαι
3108 2866 3121 2881 ο
3172 2845 3262 2900 καὶ
3311 2842 3378 2914 δὴ
3432 2837 3755 2919 πρεσϐυτά-

2096 2959 2197 3008 την
2259 2937 2425 3006 αύτὴν
2498 2934 2671 3007 δείξας
2733 2937 2761 2991 ὁ
2822 2933 3162 3011 δημιουργὸς
3197 2979 3212 3007 ,
3271 2932 3374 2988 οὐκ
3450 2931 3759 2993 ἀπεικότως

2097 3025 2188 3082 καί
2257 3027 2324 3081 τά
2389 3030 2580 3103 πρῶτα
2655 3026 2916 3102 μεγέθους
2993 3024 3252 3097 ἀπένειμε
3282 3068 3295 3081 .
3354 3019 3578 3097 Μεγάλη
3654 3020 3759 3097 γὰρ

2098 3115 2355 3171 τοσοῦτόν
2411 3114 2520 3171 ἐστι
2576 3114 2855 3186 θάλασσα,
2905 3113 2979 3175 ὡς
3026 3109 3169 3185 μηδὲ
3214 3113 3275 3181 ἣν
3323 3108 3479 3185 ἴσμεν
3528 3107 3758 3184 ἤπειρον

345 3220 530 3279 gnum
560 3207 651 3260 est
679 3219 860 3272 mare,
903 3209 968 3259 ut
1015 3203 1240 3260 nullam
1292 3205 1551 3260 sciamus
1601 3204 1991 3261 continentem

2103 3205 2411 3282 ἀποχρῆναι
2462 3204 2541 3267 εἴς
2587 3205 2776 3281 χώραν
2825 3202 2984 3277 αὐτῇ·
3030 3200 3158 3258 ἀλλ’
3207 3200 3345 3257 εἶναι
3395 3200 3491 3274 μὶν
3540 3196 3764 3268 πολλὴν

344 3294 460 3367 ipsi
490 3292 551 3349 in
583 3292 1063 3365 conceptaculum
1097 3293 1403 3350 sufﬁcere:
1438 3294 1538 3351 sed
1571 3311 1700 3351 esse
1751 3294 1991 3366 quidem

2104 3296 2203 3363 τήν
2256 3294 2403 3355 έντὸς
2450 3290 2746 3369 Γαδείρων,
2797 3291 2872 3354 ὡς
2928 3290 3018 3345 καὶ
3060 3288 3187 3352 τοὺς
3236 3289 3558 3364 ἀνθρώπους
3614 3286 3762 3363 ίλίγ-

345 3358 578 3439 tantum
609 3358 951 3439 illud-mare
978 3384 1133 3454 quod
1182 3383 1338 3439 intra
1384 3384 1573 3439 Gades
1618 3387 1728 3452 est,
1768 3358 1844 3438 ὐι
1887 3382 1991 3439 ho-

2107 3387 2341 3458 γιῶντας
2399 3380 2753 3457 ἀπαγορεύειν
2810 3382 2948 3457 πρὸς
3006 3385 3200 3451 πᾶσαν,
3242 3379 3332 3433 καὶ
3394 3381 3593 3451 μικροῦ
3635 3376 3764 3439 τοὺς

347 3472 538 3529 mines
570 3470 740 3543 quasi
768 3470 1052 3543 vertigine
1086 3470 1416 3527 laborantes
1456 3472 1528 3527 de
1577 3472 1847 3529 universo
1896 3471 1991 3528 illo

2103 3476 2199 3528 τοῦ
2249 3470 2475 3548 ἀπείρου
2527 3466 2729 3546 λόγους
2777 3468 3034 3546 ἁρμόζειν
3086 3467 3246 3541 αὐτῇ,
3304 3467 3397 3522 καὶ
3445 3467 3595 3521 ταῦθ’
3644 3466 3761 3542 ὁρι-

347 3560 539 3617 dicere
571 3577 632 3616 se
662 3559 805 3632 quid
836 3577 1009 3632 posse
1041 3564 1253 3633 negent
1282 3565 1339 3616 et
1368 3561 1486 3617 fere
1517 3561 1793 3617 immensi
1825 3560 1998 3617 ratio-

350 3666 485 3705 nem
517 3648 569 3705 ei
617 3648 928 3722 applicent.
981 3649 1265 3705 Caeterum
1324 3649 1432 3706 hoc
1483 3650 1996 3724 circumscriptum

354 3754 479 3795 esse
510 3742 569 3794 et
598 3738 1013 3810 comprehendi
1045 3755 1079 3794 a
1106 3742 1261 3794 terra
1291 3737 1515 3811 liquido
1547 3740 1820 3796 novimus
1847 3757 1861 3809 ;
1895 3740 1996 3795 sed

354 3828 549 3898 majus
580 3843 711 3883 esse
755 3827 922 3898 illud,
958 3828 1112 3899 quod
1161 3832 1323 3883 extra
1370 3829 1557 3884 Gades
1605 3833 1712 3897 est,
1747 3834 1804 3885 et
1840 3828 2002 3884 nulla

353 3916 577 3972 ratione
606 3916 933 3988 comparari
965 3933 1136 3989 posse
1184 3932 1316 3972 cum
1356 3933 1422 3973 eo
1480 3918 1635 3990 quod
1687 3920 1843 3990 apud
1894 3934 2002 3975 nos

352 4009 481 4073 est;
514 4010 871 4078 quapropter
899 4010 957 4061 et
981 4004 1144 4060 nulla
1171 4005 1229 4061 in
1269 4022 1335 4061 eo
1386 4006 1717 4062 instituitur
1766 4007 2002 4079 naviga-

351 4093 433 4151 tio
459 4112 473 4163 ;
504 4093 872 4150 immensitas
893 4095 1050 4149 enim
1083 4111 1244 4167 aqua;
1276 4095 1548 4167 prohibet
1579 4095 1728 4152 scire
1759 4097 2001 4153 ubinam

356 4184 490 4255 quis
520 4187 718 4256 posset
749 4184 1014 4254 trajicere
1040 4203 1053 4253 ;
1087 4191 1144 4240 et
1169 4185 1450 4240 terminos
1483 4185 1669 4257 ipsius
1694 4186 2003 4242 siomnino

353 4272 537 4345 aliqui
565 4272 707 4340 sint,
738 4290 907 4329 nemo
941 4272 1093 4327 valet
1132 4273 1454 4345 assignare.
1506 4274 1572 4328 Et
1613 4291 1728 4330 non
1760 4274 1885 4331 sine
1915 4292 2004 4332 ra-

350 4363 510 4417 tione
541 4378 608 4417 ac
641 4360 889 4417 utilitate
922 4367 1151 4417 tantum
1182 4362 1439 4418 obtinuit
1472 4379 1631 4419 mare
1654 4364 2004 4437 magnitudi-

353 4465 488 4506 nem
515 4468 528 4520 ;
562 4451 666 4507 sed
697 4451 975 4523 quoniam
1008 4456 1219 4507 natura
1247 4468 1408 4523 aqua:
1439 4468 1553 4507 non
1593 4454 1767 4509 modo
1818 4458 2005 4510 mater

353 4538 484 4597 aliis
510 4540 701 4611 rebus,
734 4540 834 4597 sed
858 4544 915 4595 et
944 4541 1140 4595 nutrix
1169 4541 1367 4596 futura
1388 4546 1560 4608 esset,
1582 4546 1638 4597 et
1677 4544 1748 4598 ad
1792 4542 2000 4600 factam

353 4628 413 4684 in
472 4629 638 4686 initio
697 4646 891 4686 rerum
946 4630 1389 4702 productionem
1441 4646 1614 4701 quam
1681 4631 1999 4704 plurimum

352 4719 644 4776 conferret
673 4723 731 4775 et
757 4719 828 4775 ad
856 4718 1326 4791 permanentiam
1357 4720 1679 4793 unicuique
1709 4722 1790 4777 rei
1833 4726 2004 4779 natu-
2038 4726 2083 4790 D

352 4824 428 4864 rea
455 4807 893 4865 convenientem
924 4808 1289 4865 conduceret.

425 4901 617 4970 Atque
648 4897 730 4953 ita
755 4913 889 4954 cum
915 4898 988 4954 ob
1014 4897 1482 4970 magnitudinem
1529 4915 1699 4955 suam
1747 4900 2003 4957 admira-

352 4985 500 5041 tioni
531 4985 627 5055 sit,
651 5002 768 5041 non
800 4986 997 5043 minus
1029 4987 1206 5042 etiam
1237 4987 1310 5043 ob
1352 4985 1853 5059 pulchritudinem
1901 4991 2003 5045 ad-

304 5124 311 5127 .
355 5074 561 5130 mirari
586 5073 731 5130 illud
746 5079 992 5147 oportet,
1017 5080 1215 5147 utpote
1229 5091 1405 5146 quam
1431 5077 1750 5133 maximam
1774 5094 2003 5151 semper

353 5166 411 5220 et
440 5163 930 5236 perfectissimam
954 5162 1186 5219 exhibet
1207 5163 1761 5237 contemplantibus.
1791 5167 2004 5240 Figura

352 5250 510 5307 enim
569 5252 748 5307 maris
804 5252 1062 5325 profecto
1120 5258 1210 5308 est
1270 5252 1689 5325 pulcherrima,
1742 5255 1895 5327 quali
1947 5261 2004 5311 et

350 5340 557 5398 cmlum
590 5357 725 5396 cum
755 5340 919 5397 fieret
944 5347 1218 5396 ornatum
1246 5357 1375 5397 esse
1403 5342 1692 5398 novimus.
1738 5344 2003 5402 Oceanus

348 5430 505 5486 enim
540 5420 872 5487 universam
902 5429 963 5485 in
996 5431 1240 5485 circuitu
1267 5431 1453 5486 ambit
1480 5435 1735 5500 terram;
1769 5438 1826 5488 et
1872 5451 2000 5489 rur-

350 5535 455 5575 sus
483 5516 631 5574 illud
663 5521 821 5590 quod
856 5535 1011 5591 aqua
1042 5517 1278 5591 plenum
1310 5525 1401 5575 est
1432 5537 1467 5577 a
1518 5528 1672 5576 terra
1718 5526 1999 5594 tanquam

343 5606 407 5664 in
437 5606 654 5664 circulo
703 5608 1148 5679 constringitur.
1200 5610 1270 5665 Ει
1313 5610 1460 5665 situs
1501 5612 1737 5682 quidem
1786 5612 1999 5683 ipsius,

344 5714 487 5844 30ςὸ
522 5716 853 5787 Legendum
885 5710 1076 5767 οὔκουν
1111 5720 1309 5771 monet
1359 5716 1781 5775 Boissonadius
1826 5720 2006 5777 Anecd

2110 3562 2342 3635 ζομένην
2413 3564 2596 3638 σαφῶς
2671 3561 2761 3615 καὶ
2835 3557 3024 3631 κύκλῳ
3083 3550 3636 3633 περιλαμϐανομένην
3691 3558 3762 3629 τῇ

2106 3655 2199 3728 γῇ,
2248 3647 2477 3706 πλείονα
2527 3647 2585 3705 δὲ
2630 3650 2731 3718 τὴν
2774 3646 2949 3711 ἐκτός.
2998 3646 3099 3703 Καὶ
3162 3642 3291 3720 μηδ’
3341 3645 3476 3701 εἶναι
3523 3644 3764 3721 παρεξε-

2109 3741 2284 3810 τάζειν
2338 3738 2504 3809 αὐτὴν
2555 3738 2692 3814 πρὸς
2740 3738 2839 3807 τὴν
2894 3738 3009 3792 καθ’
3066 3737 3213 3809 ἡμᾶς
3258 3735 3377 3789 κατ’
3424 3731 3616 3789 οὐδένα
3663 3731 3764 3790 λό-

2110 3850 2206 3904 γον
2239 3874 2253 3900 ,
2313 3827 2376 3883 οῦ
2428 3848 2489 3903 γε
2542 3826 2705 3903 χάριν
2757 3825 2882 3880 οὕτε
2936 3823 3109 3886 πλοῦς
3167 3822 3217 3877 ἐν
3276 3822 3413 3896 αὐτῇ
3471 3822 3765 3897 γίγνεται,

2112 3919 2330 3995 ἀπειρία
2382 3918 2485 3993 γὰρ
2536 3915 2729 3977 ὕδατος
2778 3912 2969 3988 εἷ’ργει,
3013 3913 3102 3968 καὶ
3142 3914 3203 3967 τὸ
3261 3913 3337 3985 μή
3388 3908 3585 3966 εἰδέναι
3639 3909 3769 3967 ὅποι

2110 4029 2193 4070 τις
2225 4008 2284 4063 ἃν
2313 4004 2436 4082 ἔχοι
2482 4011 2731 4081 κατᾶραν
2782 4005 2850 4059 τά
2893 4023 2953 4058 τε
3003 4001 3128 4079 ὅρια
3174 4002 3366 4073 αὐτῆς,
3416 3999 3583 4056 εἶκαὶ
3621 3998 3768 4061 ὅλως

2114 4098 2270 4171 εἰσὶν,
2330 4096 2429 4152 οὐκ
2470 4095 2605 4151 εἶναι
2660 4093 2829 4149 εἰπεῖν
2890 4088 3127 4153 οὐδενός.
3189 4090 3288 4146 Καὶ
3345 4090 3492 4145 τοῦτ’
3552 4088 3768 4167 εἷλήφει

2111 4188 2174 4243 τὸ
2210 4186 2435 4262 μέγεθος
2474 4183 2574 4239 οὐκ
2620 4179 2721 4255 ἔξω
2772 4181 2964 4258 λόγου,
3016 4178 3142 4236 οὐδὲ
3186 4183 3285 4235 τοῦ
3331 4178 3617 4256 χρησίμου
3647 4198 3771 4254 χω-

2115 4275 2220 4351 ρίςο
2280 4273 2408 4330 ἀλλ’
2457 4271 2674 4347 ἐπείπερ
2733 4267 2968 4345 ἔμελλεν
3027 4272 3063 4339 ἡ
3116 4272 3215 4323 τοῦ
3261 4264 3456 4330 ὕδατος
3506 4266 3666 4346 φύσις
3708 4266 3771 4323 οὗ

2117 4364 2279 4439 μόνον
2332 4360 2399 4432 δὴ
2453 4364 2637 4437 μήτηρ
2685 4366 2801 4423 τοῖς
2850 4356 3067 4431 ἄλλοις,
3116 4356 3263 4413 ἀλλά
3298 4358 3389 4411 καὶ
3438 4357 3638 4427 τιθήνη
3671 4377 3774 4434 φα-

2110 4460 2264 4523 νῆναι
2295 4449 2369 4514 εἴς
2388 4471 2447 4506 τε
2474 4451 2573 4519 τὴν
2607 4448 2657 4523 ἐξ
2685 4450 2863 4526 ἀρχῆς
2887 4447 3091 4523 γένεσιν
3125 4444 3208 4501 ὅτι
3238 4444 3493 4502 πλεῖστον
3515 4443 3769 4515 τελοῦσα,

2114 4539 2188 4603 εἵς
2265 4563 2323 4595 τε
2401 4540 2462 4595 τὸ
2543 4537 2814 4613 διαμένειν
2888 4536 2941 4599 ἐς
3015 4534 3139 4592 ὅσον
3219 4535 3428 4609 ἑκάστῳ
3498 4537 3534 4606 ἡ
3612 4534 3771 4612 φύσις

2113 4631 2316 4701 ἐξήκοι.

2184 4897 2339 4955 Οὕτω
2371 4896 2419 4953 δ’
2462 4896 2525 4954 ἰκ
2569 4899 2669 4952 τοῦ
2722 4892 2983 4970 μεγέθους
3031 4893 3444 4967 θαυμαζομένη,
3493 4890 3604 4968 οὐχ
3647 4890 3773 4962 ¹ἥκι-

2112 5008 2211 5043 στα
2264 4989 2356 5042 καὶ
2415 4986 2504 5042 διὰ
2550 4986 2652 5055 τὴν
2706 4983 2850 5059 ὥραν
2910 4982 3231 5057 θαυμάζοιτ⁹
3278 4979 3364 5056 ἂν,
3414 4982 3475 5051 ἦν
3510 4980 3587 5042 ὡς
3616 4978 3775 5034 πλεί-

2114 5098 2243 5148 στην
2302 5077 2384 5132 ἀεὶ
2460 5076 2551 5131 καὶ
2608 5071 2949 5143 τελεωτάτην
3026 5069 3324 5147 παρέχεται
3380 5074 3500 5132 τοῖς
3558 5068 3774 5145 ὁρῶσι.

2114 5173 2321 5243 Σχῆμα
2376 5167 2477 5241 γὰρ
2527 5162 2717 5219 αὐτίκα
2766 5160 3042 5233 θαλάσσης
3092 5160 3156 5215 τὸ
3203 5157 3497 5215 κάλλιστον
3533 5203 3547 5231 ,
3592 5155 3772 5228 ὁποίῳ

2112 5252 2380 5326 δήπουθεν
2458 5253 2547 5309 καὶ
2626 5252 2717 5307 τὸν
2778 5250 3003 5327 οὐρανὸν
3066 5245 3217 5324 ἴσμεν
3277 5246 3597 5325 γιγνόμενον
3652 5265 3715 5300 κε
3747 5278 3771 5289 -

2109 5344 2414 5416 κοσμῆσθαι
2451 5386 2463 5400 .
2527 5348 2633 5411 Γῆν
2690 5362 2749 5396 τε
2813 5339 2914 5417 γὰρ
2977 5339 3181 5393 ἅπασαν
3241 5334 3480 5398 ώκεανὸς
3534 5330 3770 5411 περιδέ-

2112 5430 2284 5510 δρομε
2326 5430 2537 5505 κύκλῳ,
2587 5430 2676 5486 καὶ
2727 5426 2879 5494 αὖθις
2921 5428 2996 5490 ὡς
3046 5426 3097 5482 έν
3143 5424 3335 5500 κύκλῳ
3382 5430 3452 5501 τῇ
3500 5427 3593 5502 γῇ,
3624 5423 3654 5479 θ
3702 5420 3769 5493 δὴ

2110 5521 2304 5585 ὕδατος
2364 5520 2663 5596 πλεόμενόν
2725 5518 2836 5575 ἐστι
2872 5560 2886 5587 ,
2944 5515 3361 5595 περισφίγγεται
3404 5559 3419 5574 .
3477 5513 3577 5571 Καὶ
3631 5512 3774 5576 θέσις

2110 5610 2167 5667 δὲ
2199 5610 2356 5684 αὐτῇ,
2417 5611 2491 5673 ὡς
2555 5610 2615 5666 ἐκ
2667 5613 2775 5665 τῶν
2829 5606 3133 5683 εἰρημένων
3193 5604 3425 5675 εἰκάσαι,
3475 5604 3538 5659 τὸ
3590 5600 3773 5678 μεσαί-

2014 5762 2028 5779 .
2082 5724 2184 5778 Gr.
2216 5723 2259 5775 t.
2293 5719 2337 5789 Ι,
2370 5736 2427 5793 p.
2460 5721 2587 5789 314,
2637 5718 2788 5790 quod
2840 5718 3044 5772 tenent
3089 5713 3264 5772 codd.
3323 5713 3464 5787 Reg.
3514 5711 3660 5769 2629
3713 5712 3773 5768 et
