  <div class='ocr_page' id='page_1' title='image "/cluster/home/n/w/nwhite01/storage/ocr_20150623/142/coo.31924054870476/226.png"; bbox 0 0 4132 6450; ppageno 0'>
   <div class='ocr_carea' id='block_1_1' title="bbox 340 486 459 559">
    <p class='ocr_par' dir='ltr' id='par_1_1' title="bbox 340 486 459 559">
     <span class='ocr_line' id='line_1_1' title="bbox 340 486 459 559; baseline -0.017 0"><span class='ocrx_word' id='word_1_1' title='bbox 340 486 459 559; x_wconf 75' lang='grc'><strong>437</strong></span> 
     </span>
    </p>
   </div>
   <div class='ocr_carea' id='block_1_2' title="bbox 1680 490 2414 558">
    <p class='ocr_par' dir='ltr' id='par_1_2' title="bbox 1680 490 2414 558">
     <span class='ocr_line' id='line_1_2' title="bbox 1680 490 2414 558; baseline -0.005 0"><span class='ocrx_word' id='word_1_2' title='bbox 1680 490 2104 558; x_wconf 83' lang='lat' dir='ltr'><strong>ENGOMIUM</strong></span> <span class='ocrx_word' id='word_1_3' title='bbox 2146 490 2414 558; x_wconf 85' lang='lat' dir='ltr'><strong>MARIS.</strong></span> 
     </span>
    </p>
   </div>
   <div class='ocr_carea' id='block_1_3' title="bbox 3641 492 3764 557">
    <p class='ocr_par' dir='ltr' id='par_1_3' title="bbox 3641 492 3764 557">
     <span class='ocr_line' id='line_1_3' title="bbox 3641 492 3764 557; baseline 0.008 -1"><span class='ocrx_word' id='word_1_4' title='bbox 3641 492 3764 557; x_wconf 70' lang='lat'><strong>438</strong></span> 
     </span>
    </p>
   </div>
   <div class='ocr_carea' id='block_1_4' title="bbox 339 620 1990 705">
    <p class='ocr_par' dir='ltr' id='par_1_4' title="bbox 339 620 1990 705">
     <span class='ocr_line' id='line_1_4' title="bbox 339 620 1990 705; baseline -0.002 -21"><span class='ocrx_word' id='word_1_5' title='bbox 339 644 504 685; x_wconf 85' lang='grc' dir='ltr'>τατον</span> <span class='ocrx_word' id='word_1_6' title='bbox 552 630 653 684; x_wconf 88' lang='grc' dir='ltr'><strong>τοῦ</strong></span> <span class='ocrx_word' id='word_1_7' title='bbox 708 624 927 701; x_wconf 84' lang='grc' dir='ltr'>παντὸς,</span> <span class='ocrx_word' id='word_1_8' title='bbox 988 620 1138 701; x_wconf 75' lang='grc' dir='ltr'>εἷ’περ</span> <span class='ocrx_word' id='word_1_9' title='bbox 1214 624 1305 684; x_wconf 85' lang='grc' dir='ltr'><strong>καὶ</strong></span> <span class='ocrx_word' id='word_1_10' title='bbox 1375 630 1472 698; x_wconf 76' lang='grc' dir='ltr'><strong>τῆς</strong></span> <span class='ocrx_word' id='word_1_11' title='bbox 1553 630 1654 705; x_wconf 73' lang='grc' dir='ltr'><strong>γῆς</strong></span> <span class='ocrx_word' id='word_1_12' title='bbox 1710 626 1774 683; x_wconf 87' lang='grc' dir='ltr'><strong>τὸ</strong></span> <span class='ocrx_word' id='word_1_13' title='bbox 1837 626 1990 700; x_wconf 87' lang='grc' dir='ltr'>μέσον</span> 
     </span>
    </p>
   </div>
   <div class='ocr_carea' id='block_1_5' title="bbox 2103 620 3757 705">
    <p class='ocr_par' dir='ltr' id='par_1_5' title="bbox 2114 625 3757 703">
     <span class='ocr_line' id='line_1_5' title="bbox 2114 625 3757 703; baseline 0.002 -20"><span class='ocrx_word' id='word_1_14' title='bbox 2114 632 2177 684; x_wconf 93' lang='lat' dir='ltr'><strong>ut</strong></span> <span class='ocrx_word' id='word_1_15' title='bbox 2207 646 2237 684; x_wconf 92' lang='lat' dir='ltr'><strong>e</strong></span> <span class='ocrx_word' id='word_1_16' title='bbox 2268 628 2441 686; x_wconf 89' lang='lat' dir='ltr'><strong>dictis</strong></span> <span class='ocrx_word' id='word_1_17' title='bbox 2470 627 2757 702; x_wconf 81' lang='lat' dir='ltr'><strong>conjiceré</strong></span> <span class='ocrx_word' id='word_1_18' title='bbox 2787 628 2941 701; x_wconf 84' lang='lat' dir='ltr'><strong>licet,</strong></span> <span class='ocrx_word' id='word_1_19' title='bbox 2960 633 3051 688; x_wconf 88' lang='lat' dir='ltr'><strong>est</strong></span> <span class='ocrx_word' id='word_1_20' title='bbox 3079 627 3341 687; x_wconf 89' lang='lat' dir='ltr'><strong>medium</strong></span> <span class='ocrx_word' id='word_1_21' title='bbox 3372 625 3651 703; x_wconf 83' lang='lat' dir='ltr'><strong>universi,</strong></span> <span class='ocrx_word' id='word_1_22' title='bbox 3676 630 3757 687; x_wconf 90' lang='lat' dir='ltr'><strong>si-</strong></span> 
     </span>
    </p>
   </div>
   <div class='ocr_carea' id='block_1_6' title="bbox 342 714 1998 793">
    <p class='ocr_par' dir='ltr' id='par_1_6' title="bbox 342 714 1998 793">
     <span class='ocr_line' id='line_1_6' title="bbox 342 714 1998 793; baseline -0.002 -19"><span class='ocrx_word' id='word_1_23' title='bbox 342 716 743 792; x_wconf 84' lang='grc' dir='ltr'>ἀπονενέμηται</span> <span class='ocrx_word' id='word_1_24' title='bbox 790 716 861 793; x_wconf 74' lang='grc' dir='ltr'><strong>τῇ</strong></span> <span class='ocrx_word' id='word_1_25' title='bbox 907 714 1168 793; x_wconf 80' lang='grc' dir='ltr'>Θαλάττῃ.</span> <span class='ocrx_word' id='word_1_26' title='bbox 1223 718 1324 774; x_wconf 82' lang='grc' dir='ltr'><strong>Καὶ</strong></span> <span class='ocrx_word' id='word_1_27' title='bbox 1377 714 1666 774; x_wconf 81' lang='grc' dir='ltr'>κινδυνεύῖι</span> <span class='ocrx_word' id='word_1_28' title='bbox 1713 721 1792 789; x_wconf 83' lang='grc' dir='ltr'>τῷ</span> <span class='ocrx_word' id='word_1_29' title='bbox 1843 714 1998 792; x_wconf 88' lang='grc' dir='ltr'>λόγῳ</span> 
     </span>
    </p>
   </div>
   <div class='ocr_carea' id='block_1_7' title="bbox 346 804 1999 884">
    <p class='ocr_par' dir='ltr' id='par_1_7' title="bbox 346 804 1999 884">
     <span class='ocr_line' id='line_1_7' title="bbox 346 804 1999 884; baseline -0.004 -19"><span class='ocrx_word' id='word_1_30' title='bbox 346 809 423 882; x_wconf 72' lang='grc' dir='ltr'>μὴ</span> <span class='ocrx_word' id='word_1_31' title='bbox 454 808 671 884; x_wconf 83' lang='grc' dir='ltr'>κέντρον</span> <span class='ocrx_word' id='word_1_32' title='bbox 716 808 817 877; x_wconf 80' lang='grc' dir='ltr'><strong>τήν</strong></span> <span class='ocrx_word' id='word_1_33' title='bbox 846 809 969 884; x_wconf 76' lang='grc' dir='ltr'>γῆν,</span> <span class='ocrx_word' id='word_1_34' title='bbox 999 808 1101 877; x_wconf 78' lang='grc' dir='ltr'>τὴν</span> <span class='ocrx_word' id='word_1_35' title='bbox 1153 804 1212 862; x_wconf 74' lang='grc' dir='ltr'>δὲ</span> <span class='ocrx_word' id='word_1_36' title='bbox 1263 805 1530 872; x_wconf 81' lang='grc' dir='ltr'>θάλασσαν</span> <span class='ocrx_word' id='word_1_37' title='bbox 1587 807 1742 863; x_wconf 81' lang='grc' dir='ltr'>εἶναι.</span> <span class='ocrx_word' id='word_1_38' title='bbox 1775 808 1884 877; x_wconf 88' lang='grc' dir='ltr'>Τήν</span> <span class='ocrx_word' id='word_1_39' title='bbox 1935 825 1999 881; x_wconf 90' lang='grc' dir='ltr'>γε</span> 
     </span>
    </p>
   </div>
   <div class='ocr_carea' id='block_1_8' title="bbox 345 893 1992 974">
    <p class='ocr_par' dir='ltr' id='par_1_8' title="bbox 345 893 1992 974">
     <span class='ocr_line' id='line_1_8' title="bbox 345 893 1992 974; baseline -0.001 -24"><span class='ocrx_word' id='word_1_40' title='bbox 345 898 454 971; x_wconf 73' lang='grc' dir='ltr'>μὴν</span> <span class='ocrx_word' id='word_1_41' title='bbox 481 895 627 974; x_wconf 84' lang='grc' dir='ltr'>ὥραν</span> <span class='ocrx_word' id='word_1_42' title='bbox 658 893 750 951; x_wconf 85' lang='grc' dir='ltr'><strong>καὶ</strong></span> <span class='ocrx_word' id='word_1_43' title='bbox 780 895 940 971; x_wconf 86' lang='grc' dir='ltr'>χάριν</span> <span class='ocrx_word' id='word_1_44' title='bbox 975 897 1042 966; x_wconf 83' lang='grc' dir='ltr'>ἢν</span> <span class='ocrx_word' id='word_1_45' title='bbox 1083 894 1134 950; x_wconf 80' lang='grc' dir='ltr'><strong>ἐν</strong></span> <span class='ocrx_word' id='word_1_46' title='bbox 1181 894 1318 971; x_wconf 78' lang='grc' dir='ltr'>αὐτῇ</span> <span class='ocrx_word' id='word_1_47' title='bbox 1367 900 1436 971; x_wconf 77' lang='grc' dir='ltr'><strong>τῇ</strong></span> <span class='ocrx_word' id='word_1_48' title='bbox 1487 896 1627 951; x_wconf 85' lang='grc' dir='ltr'>θέσει</span> <span class='ocrx_word' id='word_1_49' title='bbox 1674 894 1992 972; x_wconf 82' lang='grc' dir='ltr'>παρέχεται,</span> 
     </span>
    </p>
   </div>
   <div class='ocr_carea' id='block_1_9' title="bbox 339 982 1993 1060">
    <p class='ocr_par' dir='ltr' id='par_1_9' title="bbox 339 982 1993 1060">
     <span class='ocr_line' id='line_1_9' title="bbox 339 982 1993 1060; baseline -0.004 -18"><span class='ocrx_word' id='word_1_50' title='bbox 339 986 431 1043; x_wconf 79' lang='grc' dir='ltr'><strong>καὶ</strong></span> <span class='ocrx_word' id='word_1_51' title='bbox 485 986 561 1049; x_wconf 81' lang='grc' dir='ltr'>ὡς</span> <span class='ocrx_word' id='word_1_52' title='bbox 617 982 821 1047; x_wconf 82' lang='grc' dir='ltr'>κύκλος</span> <span class='ocrx_word' id='word_1_53' title='bbox 877 985 936 1040; x_wconf 85' lang='grc' dir='ltr'>τέ</span> <span class='ocrx_word' id='word_1_54' title='bbox 995 983 1135 1040; x_wconf 75' lang='grc' dir='ltr'>ἐστιν</span> <span class='ocrx_word' id='word_1_55' title='bbox 1169 987 1204 1055; x_wconf 81' lang='grc' dir='ltr'>ἡ</span> <span class='ocrx_word' id='word_1_56' title='bbox 1249 984 1384 1053; x_wconf 82' lang='grc' dir='ltr'><strong>αύτή</strong></span> <span class='ocrx_word' id='word_1_57' title='bbox 1440 988 1520 1057; x_wconf 82' lang='grc' dir='ltr'>τῷ</span> <span class='ocrx_word' id='word_1_58' title='bbox 1578 1005 1643 1060; x_wconf 90' lang='grc' dir='ltr'><strong>γε</strong></span> <span class='ocrx_word' id='word_1_59' title='bbox 1695 984 1795 1053; x_wconf 82' lang='grc' dir='ltr'>τήν</span> <span class='ocrx_word' id='word_1_60' title='bbox 1856 982 1993 1054; x_wconf 77' lang='grc' dir='ltr'>ὅλην</span> 
     </span>
    </p>
   </div>
   <div class='ocr_carea' id='block_1_10' title="bbox 336 1071 1992 1151">
    <p class='ocr_par' dir='ltr' id='par_1_10' title="bbox 336 1071 1992 1151">
     <span class='ocr_line' id='line_1_10' title="bbox 336 1071 1992 1151; baseline -0.003 -19"><span class='ocrx_word' id='word_1_61' title='bbox 336 1078 708 1147; x_wconf 75' lang='grc' dir='ltr'><strong>κατανοοῦντι,</strong></span> <span class='ocrx_word' id='word_1_62' title='bbox 767 1073 860 1130; x_wconf 76' lang='grc' dir='ltr'>καὶ</span> <span class='ocrx_word' id='word_1_63' title='bbox 918 1075 1089 1129; x_wconf 84' lang='grc' dir='ltr'>πάντα</span> <span class='ocrx_word' id='word_1_64' title='bbox 1144 1075 1408 1151; x_wconf 78' lang='grc' dir='ltr'>σχήματα</span> <span class='ocrx_word' id='word_1_65' title='bbox 1491 1071 1753 1129; x_wconf 85' lang='grc' dir='ltr'>δείκνυσιν</span> <span class='ocrx_word' id='word_1_66' title='bbox 1813 1072 1865 1128; x_wconf 81' lang='grc' dir='ltr'><strong>έν</strong></span> <span class='ocrx_word' id='word_1_67' title='bbox 1922 1075 1992 1147; x_wconf 78' lang='grc' dir='ltr'><strong>τῇ</strong></span> 
     </span>
    </p>
   </div>
   <div class='ocr_carea' id='block_1_11' title="bbox 339 1159 1992 1241">
    <p class='ocr_par' dir='ltr' id='par_1_11' title="bbox 339 1159 1992 1241">
     <span class='ocr_line' id='line_1_11' title="bbox 339 1159 1992 1241; baseline -0.002 -22"><span class='ocrx_word' id='word_1_68' title='bbox 339 1163 479 1241; x_wconf 85' lang='grc' dir='ltr'>πρὸς</span> <span class='ocrx_word' id='word_1_69' title='bbox 506 1171 611 1238; x_wconf 83' lang='grc' dir='ltr'><strong>γῆν</strong></span> <span class='ocrx_word' id='word_1_70' title='bbox 643 1160 949 1219; x_wconf 88' lang='grc' dir='ltr'>συνελεύσει</span> <span class='ocrx_word' id='word_1_71' title='bbox 995 1161 1084 1217; x_wconf 82' lang='grc' dir='ltr'><strong>καὶ</strong></span> <span class='ocrx_word' id='word_1_72' title='bbox 1139 1162 1303 1236; x_wconf 79' lang='grc' dir='ltr'>μίξει,</span> <span class='ocrx_word' id='word_1_73' title='bbox 1333 1160 1575 1225; x_wconf 82' lang='grc' dir='ltr'>κόλπους</span> <span class='ocrx_word' id='word_1_74' title='bbox 1628 1163 1722 1235; x_wconf 73' lang='grc' dir='ltr'>μὲν</span> <span class='ocrx_word' id='word_1_75' title='bbox 1767 1159 1992 1217; x_wconf 87' lang='grc' dir='ltr'>πολυει-</span> 
     </span>
    </p>
   </div>
   <div class='ocr_carea' id='block_1_12' title="bbox 339 1248 1990 1327">
    <p class='ocr_par' dir='ltr' id='par_1_12' title="bbox 339 1248 1990 1327">
     <span class='ocr_line' id='line_1_12' title="bbox 339 1248 1990 1327; baseline -0.003 -17"><span class='ocrx_word' id='word_1_76' title='bbox 339 1250 451 1315; x_wconf 83' lang='grc' dir='ltr'>δεῖς</span> <span class='ocrx_word' id='word_1_77' title='bbox 508 1251 886 1323; x_wconf 82' lang='grc' dir='ltr'>άνελίσσουσα,</span> <span class='ocrx_word' id='word_1_78' title='bbox 942 1254 1142 1322; x_wconf 79' lang='grc' dir='ltr'>νήσους</span> <span class='ocrx_word' id='word_1_79' title='bbox 1201 1248 1260 1307; x_wconf 80' lang='grc' dir='ltr'>δὲ</span> <span class='ocrx_word' id='word_1_80' title='bbox 1315 1249 1380 1309; x_wconf 80' lang='grc' dir='ltr'>αὖ</span> <span class='ocrx_word' id='word_1_81' title='bbox 1439 1250 1501 1307; x_wconf 79' lang='grc' dir='ltr'>ἐκ</span> <span class='ocrx_word' id='word_1_82' title='bbox 1560 1251 1731 1325; x_wconf 88' lang='grc' dir='ltr'>μέσης</span> <span class='ocrx_word' id='word_1_83' title='bbox 1794 1250 1990 1327; x_wconf 72' lang='grc' dir='ltr'>μικρὰς</span> 
     </span>
    </p>
   </div>
   <div class='ocr_carea' id='block_1_13' title="bbox 337 1337 1990 1416">
    <p class='ocr_par' dir='ltr' id='par_1_13' title="bbox 337 1337 1990 1416">
     <span class='ocr_line' id='line_1_13' title="bbox 337 1337 1990 1416; baseline -0.002 -18"><span class='ocrx_word' id='word_1_84' title='bbox 337 1341 427 1398; x_wconf 81' lang='grc' dir='ltr'><strong>καὶ</strong></span> <span class='ocrx_word' id='word_1_85' title='bbox 481 1339 696 1415; x_wconf 81' lang='grc' dir='ltr'>μείζους</span> <span class='ocrx_word' id='word_1_86' title='bbox 739 1337 1088 1413; x_wconf 77' lang='grc' dir='ltr'><strong>ἀναδιδοῦσα,</strong></span> <span class='ocrx_word' id='word_1_87' title='bbox 1141 1340 1232 1395; x_wconf 77' lang='grc' dir='ltr'><strong>καὶ</strong></span> <span class='ocrx_word' id='word_1_88' title='bbox 1281 1339 1564 1416; x_wconf 80' lang='grc' dir='ltr'>πορθμοὺς</span> <span class='ocrx_word' id='word_1_89' title='bbox 1616 1340 1669 1395; x_wconf 82' lang='grc' dir='ltr'><strong>ἐν</strong></span> <span class='ocrx_word' id='word_1_90' title='bbox 1713 1344 1881 1411; x_wconf 89' lang='grc' dir='ltr'>στενῷ</span> <span class='ocrx_word' id='word_1_91' title='bbox 1937 1338 1990 1402; x_wconf 82' lang='grc' dir='ltr'>ές</span> 
     </span>
    </p>
   </div>
   <div class='ocr_carea' id='block_1_14' title="bbox 341 1426 1988 1508">
    <p class='ocr_par' dir='ltr' id='par_1_14' title="bbox 341 1426 1988 1508">
     <span class='ocr_line' id='line_1_14' title="bbox 341 1426 1988 1508; baseline -0.002 -22"><span class='ocrx_word' id='word_1_92' title='bbox 341 1432 606 1505; x_wconf 87' lang='grc' dir='ltr'>μήκιστον</span> <span class='ocrx_word' id='word_1_93' title='bbox 687 1427 978 1501; x_wconf 88' lang='grc' dir='ltr'>διήκοντας</span> <span class='ocrx_word' id='word_1_94' title='bbox 1051 1429 1483 1508; x_wconf 72' lang='grc' dir='ltr'>ἀπεργαζομένη,</span> <span class='ocrx_word' id='word_1_95' title='bbox 1540 1429 1625 1492; x_wconf 84' lang='grc' dir='ltr'><strong>τίς</strong></span> <span class='ocrx_word' id='word_1_96' title='bbox 1693 1428 1752 1484; x_wconf 78' lang='grc' dir='ltr'>ἂν</span> <span class='ocrx_word' id='word_1_97' title='bbox 1820 1426 1988 1505; x_wconf 86' lang='grc' dir='ltr'>λόγος</span> 
     </span>
    </p>
   </div>
   <div class='ocr_carea' id='block_1_15' title="bbox 338 1516 1989 1595">
    <p class='ocr_par' dir='ltr' id='par_1_15' title="bbox 338 1516 1989 1595">
     <span class='ocr_line' id='line_1_15' title="bbox 338 1516 1989 1595; baseline 0.002 -21"><span class='ocrx_word' id='word_1_98' title='bbox 338 1519 576 1594; x_wconf 77' lang='grc' dir='ltr'><strong>μετρίως</strong></span> <span class='ocrx_word' id='word_1_99' title='bbox 623 1516 792 1574; x_wconf 78' lang='grc' dir='ltr'>εἰπεῖν</span> <span class='ocrx_word' id='word_1_100' title='bbox 863 1518 1208 1595; x_wconf 82' lang='grc' dir='ltr'>ἀποχρήσει;</span> <span class='ocrx_word' id='word_1_101' title='bbox 1266 1516 1442 1574; x_wconf 84' lang='grc' dir='ltr'>Ἀλλά</span> <span class='ocrx_word' id='word_1_102' title='bbox 1505 1524 1673 1573; x_wconf 85' lang='grc' dir='ltr'>ταῦτα</span> <span class='ocrx_word' id='word_1_103' title='bbox 1744 1519 1838 1592; x_wconf 71' lang='grc' dir='ltr'>μέν</span> <span class='ocrx_word' id='word_1_104' title='bbox 1915 1517 1989 1579; x_wconf 79' lang='grc' dir='ltr'><strong>ὡς</strong></span> 
     </span>
    </p>
   </div>
   <div class='ocr_carea' id='block_1_16' title="bbox 336 1606 1986 1684">
    <p class='ocr_par' dir='ltr' id='par_1_16' title="bbox 336 1606 1986 1684">
     <span class='ocr_line' id='line_1_16' title="bbox 336 1606 1986 1684; baseline -0.002 -19"><span class='ocrx_word' id='word_1_105' title='bbox 336 1607 398 1665; x_wconf 75' lang='grc' dir='ltr'>ἐκ</span> <span class='ocrx_word' id='word_1_106' title='bbox 450 1614 553 1679; x_wconf 83' lang='grc' dir='ltr'><strong>τῆς</strong></span> <span class='ocrx_word' id='word_1_107' title='bbox 611 1610 956 1684; x_wconf 74' lang='grc' dir='ltr'>περιγραφῆς</span> <span class='ocrx_word' id='word_1_108' title='bbox 1004 1607 1093 1662; x_wconf 86' lang='grc' dir='ltr'><strong>καὶ</strong></span> <span class='ocrx_word' id='word_1_109' title='bbox 1152 1610 1250 1677; x_wconf 66' lang='grc' dir='ltr'>τῆς</span> <span class='ocrx_word' id='word_1_110' title='bbox 1317 1608 1514 1671; x_wconf 82' lang='grc' dir='ltr'>θέσεως</span> <span class='ocrx_word' id='word_1_111' title='bbox 1569 1608 1660 1663; x_wconf 81' lang='grc' dir='ltr'><strong>καὶ</strong></span> <span class='ocrx_word' id='word_1_112' title='bbox 1735 1606 1859 1663; x_wconf 75' lang='grc' dir='ltr'>ὅσον</span> <span class='ocrx_word' id='word_1_113' title='bbox 1916 1607 1986 1681; x_wconf 68' lang='grc' dir='ltr'><strong>τῇ</strong></span> 
     </span>
    </p>
   </div>
   <div class='ocr_carea' id='block_1_17' title="bbox 334 1692 1988 1773">
    <p class='ocr_par' dir='ltr' id='par_1_17' title="bbox 334 1692 1988 1773">
     <span class='ocr_line' id='line_1_17' title="bbox 334 1692 1988 1773; baseline -0.002 -20"><span class='ocrx_word' id='word_1_114' title='bbox 334 1703 384 1773; x_wconf 90' lang='grc' dir='ltr'>γ’</span> <span class='ocrx_word' id='word_1_115' title='bbox 431 1696 677 1768; x_wconf 75' lang='grc' dir='ltr'>αἴσθήσει</span> <span class='ocrx_word' id='word_1_116' title='bbox 748 1692 1099 1752; x_wconf 74' lang='grc' dir='ltr'>καταλαϐεῖνσ</span> <span class='ocrx_word' id='word_1_117' title='bbox 1161 1702 1419 1773; x_wconf 79' lang='grc' dir='ltr'>Λογισμῷ</span> <span class='ocrx_word' id='word_1_118' title='bbox 1482 1695 1540 1752; x_wconf 83' lang='grc' dir='ltr'>δέ</span> <span class='ocrx_word' id='word_1_119' title='bbox 1591 1718 1674 1759; x_wconf 89' lang='grc' dir='ltr'><strong>τις</strong></span> <span class='ocrx_word' id='word_1_120' title='bbox 1733 1702 1988 1752; x_wconf 88' lang='grc' dir='ltr'>τοσοῦτον</span> 
     </span>
    </p>
   </div>
   <div class='ocr_carea' id='block_1_18' title="bbox 335 1782 1982 1865">
    <p class='ocr_par' dir='ltr' id='par_1_18' title="bbox 335 1782 1982 1865">
     <span class='ocr_line' id='line_1_18' title="bbox 335 1782 1982 1865; baseline -0.001 -24"><span class='ocrx_word' id='word_1_121' title='bbox 335 1783 736 1863; x_wconf 83' lang='grc' dir='ltr'>διισχυρίσαιτο</span> <span class='ocrx_word' id='word_1_122' title='bbox 790 1787 890 1855; x_wconf 85' lang='grc' dir='ltr'>τήν</span> <span class='ocrx_word' id='word_1_123' title='bbox 949 1790 1048 1841; x_wconf 87' lang='grc' dir='ltr'><strong>τοῦ</strong></span> <span class='ocrx_word' id='word_1_124' title='bbox 1104 1783 1299 1848; x_wconf 77' lang='grc' dir='ltr'>ὕδατος</span> <span class='ocrx_word' id='word_1_125' title='bbox 1359 1785 1514 1865; x_wconf 86' lang='grc' dir='ltr'>φύσιν</span> <span class='ocrx_word' id='word_1_126' title='bbox 1577 1786 1709 1847; x_wconf 84' lang='grc' dir='ltr'>εἶναι</span> <span class='ocrx_word' id='word_1_127' title='bbox 1784 1782 1982 1855; x_wconf 75' lang='grc' dir='ltr'>καλὴν,</span> 
     </span>
    </p>
   </div>
   <div class='ocr_carea' id='block_1_19' title="bbox 333 1872 1987 1952">
    <p class='ocr_par' dir='ltr' id='par_1_19' title="bbox 333 1872 1987 1952">
     <span class='ocr_line' id='line_1_19' title="bbox 333 1872 1987 1952; baseline -0.001 -22"><span class='ocrx_word' id='word_1_128' title='bbox 333 1874 532 1931; x_wconf 84' lang='grc' dir='ltr'>ὁπόσον</span> <span class='ocrx_word' id='word_1_129' title='bbox 562 1874 655 1930; x_wconf 84' lang='grc' dir='ltr'><strong>καὶ</strong></span> <span class='ocrx_word' id='word_1_130' title='bbox 696 1875 843 1952; x_wconf 84' lang='grc' dir='ltr'>ἀρχὴ</span> <span class='ocrx_word' id='word_1_131' title='bbox 882 1880 1003 1938; x_wconf 88' lang='grc' dir='ltr'>τοῖς</span> <span class='ocrx_word' id='word_1_132' title='bbox 1050 1872 1245 1938; x_wconf 81' lang='grc' dir='ltr'>ἄλλοις</span> <span class='ocrx_word' id='word_1_133' title='bbox 1296 1875 1330 1930; x_wconf 80' lang='grc' dir='ltr'>ἃ</span> <span class='ocrx_word' id='word_1_134' title='bbox 1375 1880 1474 1931; x_wconf 86' lang='grc' dir='ltr'><strong>τοῦ</strong></span> <span class='ocrx_word' id='word_1_135' title='bbox 1529 1879 1703 1931; x_wconf 75' lang='grc' dir='ltr'>καλοῦ</span> <span class='ocrx_word' id='word_1_136' title='bbox 1755 1875 1987 1950; x_wconf 84' lang='grc' dir='ltr'>μετέσχε</span> 
     </span>
    </p>
   </div>
   <div class='ocr_carea' id='block_1_20' title="bbox 2109 718 3757 790">
    <p class='ocr_par' dir='ltr' id='par_1_20' title="bbox 2109 718 3757 790">
     <span class='ocr_line' id='line_1_20' title="bbox 2109 718 3757 790; baseline 0.002 -17"><span class='ocrx_word' id='word_1_137' title='bbox 2109 718 2349 790; x_wconf 85' lang='lat' dir='ltr'><strong>quidem</strong></span> <span class='ocrx_word' id='word_1_138' title='bbox 2380 723 2437 776; x_wconf 91' lang='lat' dir='ltr'><strong>et</strong></span> <span class='ocrx_word' id='word_1_139' title='bbox 2465 720 2725 776; x_wconf 89' lang='lat' dir='ltr'><strong>medium</strong></span> <span class='ocrx_word' id='word_1_140' title='bbox 2772 725 2940 777; x_wconf 77' lang='lat' dir='ltr'><strong>terras</strong></span> <span class='ocrx_word' id='word_1_141' title='bbox 2969 719 3119 776; x_wconf 90' lang='lat' dir='ltr'><strong>mari</strong></span> <span class='ocrx_word' id='word_1_142' title='bbox 3165 720 3513 777; x_wconf 90' lang='lat' dir='ltr'><strong>attributum</strong></span> <span class='ocrx_word' id='word_1_143' title='bbox 3543 724 3652 777; x_wconf 89' lang='lat' dir='ltr'><strong>est.</strong></span> <span class='ocrx_word' id='word_1_144' title='bbox 3684 719 3757 776; x_wconf 89' lang='lat' dir='ltr'><strong>Et</strong></span> 
     </span>
    </p>
   </div>
   <div class='ocr_carea' id='block_1_21' title="bbox 2107 807 3749 882">
    <p class='ocr_par' dir='ltr' id='par_1_21' title="bbox 2107 807 3749 882">
     <span class='ocr_line' id='line_1_21' title="bbox 2107 807 3749 882; baseline 0.003 -22"><span class='ocrx_word' id='word_1_145' title='bbox 2107 823 2176 862; x_wconf 82' lang='lat' dir='ltr'><strong>ex</strong></span> <span class='ocrx_word' id='word_1_146' title='bbox 2205 807 2429 865; x_wconf 77' lang='lat' dir='ltr'><strong>ratione</strong></span> <span class='ocrx_word' id='word_1_147' title='bbox 2481 810 2760 882; x_wconf 81' lang='lat' dir='ltr'><strong>consequi</strong></span> <span class='ocrx_word' id='word_1_148' title='bbox 2787 810 3020 866; x_wconf 91' lang='lat' dir='ltr'><strong>videtur</strong></span> <span class='ocrx_word' id='word_1_149' title='bbox 3066 814 3282 866; x_wconf 88' lang='lat' dir='ltr'><strong>terram</strong></span> <span class='ocrx_word' id='word_1_150' title='bbox 3313 826 3431 866; x_wconf 92' lang='lat' dir='ltr'><strong>non</strong></span> <span class='ocrx_word' id='word_1_151' title='bbox 3458 826 3587 867; x_wconf 88' lang='lat' dir='ltr'><strong>esse</strong></span> <span class='ocrx_word' id='word_1_152' title='bbox 3616 826 3749 866; x_wconf 87' lang='lat' dir='ltr'><strong>cen-</strong></span> 
     </span>
    </p>
   </div>
   <div class='ocr_carea' id='block_1_22' title="bbox 2105 898 3758 972">
    <p class='ocr_par' dir='ltr' id='par_1_22' title="bbox 2105 898 3758 972">
     <span class='ocr_line' id='line_1_22' title="bbox 2105 898 3758 972; baseline 0.003 -21"><span class='ocrx_word' id='word_1_153' title='bbox 2105 899 2284 969; x_wconf 90' lang='lat' dir='ltr'><strong>trum,</strong></span> <span class='ocrx_word' id='word_1_154' title='bbox 2334 898 2435 954; x_wconf 90' lang='lat' dir='ltr'><strong>sed</strong></span> <span class='ocrx_word' id='word_1_155' title='bbox 2504 915 2682 955; x_wconf 89' lang='lat' dir='ltr'><strong>mare.</strong></span> <span class='ocrx_word' id='word_1_156' title='bbox 2733 899 2879 954; x_wconf 87' lang='lat' dir='ltr'><strong>Nam</strong></span> <span class='ocrx_word' id='word_1_157' title='bbox 2949 899 3203 972; x_wconf 82' lang='lat' dir='ltr'><strong>profecto</strong></span> <span class='ocrx_word' id='word_1_158' title='bbox 3276 898 3649 971; x_wconf 84' lang='lat' dir='ltr'><strong>pulchritudo</strong></span> <span class='ocrx_word' id='word_1_159' title='bbox 3697 901 3758 956; x_wconf 87' lang='lat' dir='ltr'><strong>et</strong></span> 
     </span>
    </p>
   </div>
   <div class='ocr_carea' id='block_1_23' title="bbox 2105 986 3754 1061">
    <p class='ocr_par' dir='ltr' id='par_1_23' title="bbox 2105 986 3754 1061">
     <span class='ocr_line' id='line_1_23' title="bbox 2105 986 3754 1061; baseline 0.002 -20"><span class='ocrx_word' id='word_1_160' title='bbox 2105 986 2293 1059; x_wconf 88' lang='lat' dir='ltr'><strong>gratia</strong></span> <span class='ocrx_word' id='word_1_161' title='bbox 2326 1004 2504 1059; x_wconf 88' lang='lat' dir='ltr'><strong>quam</strong></span> <span class='ocrx_word' id='word_1_162' title='bbox 2538 988 2598 1043; x_wconf 90' lang='lat' dir='ltr'><strong>in</strong></span> <span class='ocrx_word' id='word_1_163' title='bbox 2632 989 2763 1060; x_wconf 86' lang='lat' dir='ltr'><strong>ipsa</strong></span> <span class='ocrx_word' id='word_1_164' title='bbox 2791 1006 2899 1044; x_wconf 86' lang='lat' dir='ltr'><strong>sua</strong></span> <span class='ocrx_word' id='word_1_165' title='bbox 2926 988 3192 1060; x_wconf 88' lang='lat' dir='ltr'><strong>positura</strong></span> <span class='ocrx_word' id='word_1_166' title='bbox 3220 989 3474 1056; x_wconf 87' lang='lat' dir='ltr'><strong>exhibet,</strong></span> <span class='ocrx_word' id='word_1_167' title='bbox 3505 988 3634 1061; x_wconf 89' lang='lat' dir='ltr'><strong>ipsa</strong></span> <span class='ocrx_word' id='word_1_168' title='bbox 3660 992 3754 1046; x_wconf 90' lang='lat' dir='ltr'><strong>est</strong></span> 
     </span>
    </p>
   </div>
   <div class='ocr_carea' id='block_1_24' title="bbox 2104 1076 3748 1150">
    <p class='ocr_par' dir='ltr' id='par_1_24' title="bbox 2104 1076 3748 1150">
     <span class='ocr_line' id='line_1_24' title="bbox 2104 1076 3748 1150; baseline 0.001 -19"><span class='ocrx_word' id='word_1_169' title='bbox 2104 1076 2291 1132; x_wconf 87' lang='lat' dir='ltr'><strong>instar</strong></span> <span class='ocrx_word' id='word_1_170' title='bbox 2339 1077 2565 1146; x_wconf 90' lang='lat' dir='ltr'><strong>circuli,</strong></span> <span class='ocrx_word' id='word_1_171' title='bbox 2597 1077 2785 1150; x_wconf 86' lang='lat' dir='ltr'><strong>siquis</strong></span> <span class='ocrx_word' id='word_1_172' title='bbox 2833 1077 2979 1133; x_wconf 91' lang='lat' dir='ltr'><strong>illud</strong></span> <span class='ocrx_word' id='word_1_173' title='bbox 3012 1077 3349 1134; x_wconf 89' lang='lat' dir='ltr'><strong>universum</strong></span> <span class='ocrx_word' id='word_1_174' title='bbox 3399 1078 3748 1146; x_wconf 79' lang='lat' dir='ltr'><strong>consideret,</strong></span> 
     </span>
    </p>
   </div>
   <div class='ocr_carea' id='block_1_25' title="bbox 2102 1167 3748 1239">
    <p class='ocr_par' dir='ltr' id='par_1_25' title="bbox 2102 1167 3748 1239">
     <span class='ocr_line' id='line_1_25' title="bbox 2102 1167 3748 1239; baseline 0.002 -19"><span class='ocrx_word' id='word_1_175' title='bbox 2102 1181 2427 1238; x_wconf 89' lang='lat' dir='ltr'><strong>omnesque</strong></span> <span class='ocrx_word' id='word_1_176' title='bbox 2475 1167 2693 1239; x_wconf 85' lang='lat' dir='ltr'><strong>ﬁguras</strong></span> <span class='ocrx_word' id='word_1_177' title='bbox 2723 1167 2981 1223; x_wconf 84' lang='lat' dir='ltr'><strong>ostendit</strong></span> <span class='ocrx_word' id='word_1_178' title='bbox 3028 1168 3086 1222; x_wconf 91' lang='lat' dir='ltr'><strong>in</strong></span> <span class='ocrx_word' id='word_1_179' title='bbox 3119 1185 3225 1222; x_wconf 85' lang='lat' dir='ltr'><strong>suo</strong></span> <span class='ocrx_word' id='word_1_180' title='bbox 3257 1168 3328 1223; x_wconf 90' lang='lat' dir='ltr'><strong>ad</strong></span> <span class='ocrx_word' id='word_1_181' title='bbox 3375 1172 3597 1223; x_wconf 88' lang='lat' dir='ltr'><strong>teraam</strong></span> <span class='ocrx_word' id='word_1_182' title='bbox 3648 1184 3748 1223; x_wconf 85' lang='lat' dir='ltr'><strong>ac-</strong></span> 
     </span>
    </p>
   </div>
   <div class='ocr_carea' id='block_1_26' title="bbox 2101 1255 3748 1313">
    <p class='ocr_par' dir='ltr' id='par_1_26' title="bbox 2101 1255 3748 1313">
     <span class='ocr_line' id='line_1_26' title="bbox 2101 1255 3748 1313; baseline 0.002 -4"><span class='ocrx_word' id='word_1_183' title='bbox 2101 1270 2268 1309; x_wconf 90' lang='lat' dir='ltr'><strong>cessu</strong></span> <span class='ocrx_word' id='word_1_184' title='bbox 2299 1259 2358 1310; x_wconf 90' lang='lat' dir='ltr'><strong>et</strong></span> <span class='ocrx_word' id='word_1_185' title='bbox 2388 1271 2521 1310; x_wconf 90' lang='lat' dir='ltr'><strong>cum</strong></span> <span class='ocrx_word' id='word_1_186' title='bbox 2571 1272 2638 1311; x_wconf 88' lang='lat' dir='ltr'><strong>ea</strong></span> <span class='ocrx_word' id='word_1_187' title='bbox 2667 1255 3102 1312; x_wconf 84' lang='lat' dir='ltr'><strong>commixtione.</strong></span> <span class='ocrx_word' id='word_1_188' title='bbox 3154 1256 3331 1313; x_wconf 90' lang='lat' dir='ltr'><strong>Sinus</strong></span> <span class='ocrx_word' id='word_1_189' title='bbox 3369 1256 3526 1312; x_wconf 91' lang='lat' dir='ltr'><strong>enim</strong></span> <span class='ocrx_word' id='word_1_190' title='bbox 3576 1255 3748 1312; x_wconf 66' lang='lat' dir='ltr'><strong>varia</strong></span> 
     </span>
    </p>
   </div>
   <div class='ocr_carea' id='block_1_27' title="bbox 2100 1342 3751 1416">
    <p class='ocr_par' dir='ltr' id='par_1_27' title="bbox 2100 1342 3751 1416">
     <span class='ocr_line' id='line_1_27' title="bbox 2100 1342 3751 1416; baseline 0.002 -19"><span class='ocrx_word' id='word_1_191' title='bbox 2100 1342 2301 1399; x_wconf 67' lang='lat' dir='ltr'><strong>formae</strong></span> <span class='ocrx_word' id='word_1_192' title='bbox 2331 1360 2479 1415; x_wconf 89' lang='lat' dir='ltr'><strong>quas</strong></span> <span class='ocrx_word' id='word_1_193' title='bbox 2509 1343 2788 1399; x_wconf 90' lang='lat' dir='ltr'><strong>volvendo</strong></span> <span class='ocrx_word' id='word_1_194' title='bbox 2820 1344 3024 1416; x_wconf 86' lang='lat' dir='ltr'><strong>aperit,</strong></span> <span class='ocrx_word' id='word_1_195' title='bbox 3059 1361 3384 1416; x_wconf 87' lang='lat' dir='ltr'><strong>rursusque</strong></span> <span class='ocrx_word' id='word_1_196' title='bbox 3412 1344 3638 1401; x_wconf 87' lang='lat' dir='ltr'><strong>insulas</strong></span> <span class='ocrx_word' id='word_1_197' title='bbox 3680 1360 3751 1401; x_wconf 87' lang='lat' dir='ltr'><strong>ex</strong></span> 
     </span>
    </p>
   </div>
   <div class='ocr_carea' id='block_1_28' title="bbox 2100 1432 3750 1507">
    <p class='ocr_par' dir='ltr' id='par_1_28' title="bbox 2100 1432 3750 1507">
     <span class='ocr_line' id='line_1_28' title="bbox 2100 1432 3750 1507; baseline 0.002 -21"><span class='ocrx_word' id='word_1_198' title='bbox 2100 1432 2293 1487; x_wconf 90' lang='lat' dir='ltr'><strong>medio</strong></span> <span class='ocrx_word' id='word_1_199' title='bbox 2324 1433 2414 1489; x_wconf 90' lang='lat' dir='ltr'><strong>sui</strong></span> <span class='ocrx_word' id='word_1_200' title='bbox 2447 1450 2655 1505; x_wconf 88' lang='lat' dir='ltr'><strong>parvas</strong></span> <span class='ocrx_word' id='word_1_201' title='bbox 2685 1438 2742 1488; x_wconf 88' lang='lat' dir='ltr'><strong>et</strong></span> <span class='ocrx_word' id='word_1_202' title='bbox 2766 1449 3010 1507; x_wconf 89' lang='lat' dir='ltr'><strong>magnas</strong></span> <span class='ocrx_word' id='word_1_203' title='bbox 3042 1451 3190 1506; x_wconf 87' lang='lat' dir='ltr'><strong>quas</strong></span> <span class='ocrx_word' id='word_1_204' title='bbox 3222 1433 3573 1507; x_wconf 88' lang='lat' dir='ltr'><strong>producit,et</strong></span> <span class='ocrx_word' id='word_1_205' title='bbox 3602 1433 3750 1490; x_wconf 88' lang='lat' dir='ltr'><strong>freta</strong></span> 
     </span>
    </p>
   </div>
   <div class='ocr_carea' id='block_1_29' title="bbox 2099 1519 3741 1594">
    <p class='ocr_par' dir='ltr' id='par_1_29' title="bbox 2099 1519 3741 1594">
     <span class='ocr_line' id='line_1_29' title="bbox 2099 1519 3741 1594; baseline 0.001 -20"><span class='ocrx_word' id='word_1_206' title='bbox 2099 1519 2250 1576; x_wconf 91' lang='lat' dir='ltr'><strong>inter</strong></span> <span class='ocrx_word' id='word_1_207' title='bbox 2278 1520 2584 1593; x_wconf 82' lang='lat' dir='ltr'><strong>angustias</strong></span> <span class='ocrx_word' id='word_1_208' title='bbox 2614 1521 2960 1593; x_wconf 88' lang='lat' dir='ltr'><strong>longissime</strong></span> <span class='ocrx_word' id='word_1_209' title='bbox 2988 1524 3356 1578; x_wconf 79' lang='lat' dir='ltr'><strong>transeuntis</strong></span> <span class='ocrx_word' id='word_1_210' title='bbox 3383 1538 3511 1594; x_wconf 64' lang='lat' dir='ltr'><strong>qua</strong></span> <span class='ocrx_word' id='word_1_211' title='bbox 3542 1521 3741 1592; x_wconf 81' lang='lat' dir='ltr'><strong>efﬁcit,</strong></span> 
     </span>
    </p>
   </div>
   <div class='ocr_carea' id='block_1_30' title="bbox 2098 1610 3747 1685">
    <p class='ocr_par' dir='ltr' id='par_1_30' title="bbox 2098 1610 3747 1685">
     <span class='ocr_line' id='line_1_30' title="bbox 2098 1610 3747 1685; baseline 0.004 -22"><span class='ocrx_word' id='word_1_212' title='bbox 2098 1626 2366 1682; x_wconf 68' lang='lat' dir='ltr'><strong>quaenam</strong></span> <span class='ocrx_word' id='word_1_213' title='bbox 2400 1610 2604 1677; x_wconf 84' lang='lat' dir='ltr'><strong>oratio,</strong></span> <span class='ocrx_word' id='word_1_214' title='bbox 2631 1615 2695 1666; x_wconf 87' lang='lat' dir='ltr'><strong>ut</strong></span> <span class='ocrx_word' id='word_1_215' title='bbox 2726 1628 2833 1684; x_wconf 89' lang='lat' dir='ltr'><strong>par</strong></span> <span class='ocrx_word' id='word_1_216' title='bbox 2859 1615 2969 1683; x_wconf 89' lang='lat' dir='ltr'><strong>est,</strong></span> <span class='ocrx_word' id='word_1_217' title='bbox 3002 1612 3192 1668; x_wconf 84' lang='lat' dir='ltr'><strong>dicere</strong></span> <span class='ocrx_word' id='word_1_218' title='bbox 3222 1612 3479 1668; x_wconf 80' lang='lat' dir='ltr'><strong>sufﬁciat</strong></span> <span class='ocrx_word' id='word_1_219' title='bbox 3503 1617 3526 1669; x_wconf 75' lang='grc' dir='ltr'><strong><em>Ρ</em></strong></span> <span class='ocrx_word' id='word_1_220' title='bbox 3554 1615 3747 1685; x_wconf 86' lang='lat' dir='ltr'><strong>Atque</strong></span> 
     </span>
    </p>
   </div>
   <div class='ocr_carea' id='block_1_31' title="bbox 2098 1698 3746 1775">
    <p class='ocr_par' dir='ltr' id='par_1_31' title="bbox 2098 1698 3746 1775">
     <span class='ocr_line' id='line_1_31' title="bbox 2098 1698 3746 1775; baseline 0.002 -22"><span class='ocrx_word' id='word_1_221' title='bbox 2098 1698 2219 1754; x_wconf 81' lang='lat' dir='ltr'><strong>haec</strong></span> <span class='ocrx_word' id='word_1_222' title='bbox 2268 1698 2506 1771; x_wconf 86' lang='lat' dir='ltr'><strong>quidem</strong></span> <span class='ocrx_word' id='word_1_223' title='bbox 2557 1717 2625 1756; x_wconf 84' lang='lat' dir='ltr'><strong>ex</strong></span> <span class='ocrx_word' id='word_1_224' title='bbox 2673 1700 3213 1773; x_wconf 85' lang='lat' dir='ltr'><strong>circumscriptione</strong></span> <span class='ocrx_word' id='word_1_225' title='bbox 3270 1705 3328 1757; x_wconf 91' lang='lat' dir='ltr'><strong>et</strong></span> <span class='ocrx_word' id='word_1_226' title='bbox 3377 1702 3642 1775; x_wconf 89' lang='lat' dir='ltr'><strong>positura</strong></span> <span class='ocrx_word' id='word_1_227' title='bbox 3687 1705 3746 1759; x_wconf 91' lang='lat' dir='ltr'><strong>et</strong></span> 
     </span>
    </p>
   </div>
   <div class='ocr_carea' id='block_1_32' title="bbox 2097 1788 3744 1861">
    <p class='ocr_par' dir='ltr' id='par_1_32' title="bbox 2097 1788 3744 1861">
     <span class='ocr_line' id='line_1_32' title="bbox 2097 1788 3744 1861; baseline 0.002 -18"><span class='ocrx_word' id='word_1_228' title='bbox 2097 1788 2266 1860; x_wconf 88' lang='lat' dir='ltr'><strong>quasi</strong></span> <span class='ocrx_word' id='word_1_229' title='bbox 2294 1788 2424 1861; x_wconf 92' lang='lat' dir='ltr'><strong>ipso</strong></span> <span class='ocrx_word' id='word_1_230' title='bbox 2455 1805 2632 1845; x_wconf 91' lang='lat' dir='ltr'><strong>sensu</strong></span> <span class='ocrx_word' id='word_1_231' title='bbox 2661 1789 3095 1860; x_wconf 89' lang='lat' dir='ltr'><strong>deprehendere</strong></span> <span class='ocrx_word' id='word_1_232' title='bbox 3116 1789 3744 1847; x_wconf 85' lang='lat' dir='ltr'><strong>licet.Ratiocinatione</strong></span> 
     </span>
    </p>
   </div>
   <div class='ocr_carea' id='block_1_33' title="bbox 2095 1878 3743 1952">
    <p class='ocr_par' dir='ltr' id='par_1_33' title="bbox 2095 1878 3743 1952">
     <span class='ocr_line' id='line_1_33' title="bbox 2095 1878 3743 1952; baseline 0.002 -20"><span class='ocrx_word' id='word_1_233' title='bbox 2095 1882 2292 1933; x_wconf 88' lang='lat' dir='ltr'><strong>autem</strong></span> <span class='ocrx_word' id='word_1_234' title='bbox 2324 1878 2457 1950; x_wconf 90' lang='lat' dir='ltr'><strong>quis</strong></span> <span class='ocrx_word' id='word_1_235' title='bbox 2487 1878 2835 1934; x_wconf 76' lang='lat' dir='ltr'><strong>confirmare</strong></span> <span class='ocrx_word' id='word_1_236' title='bbox 2867 1879 3078 1950; x_wconf 89' lang='lat' dir='ltr'><strong>poterit</strong></span> <span class='ocrx_word' id='word_1_237' title='bbox 3106 1880 3249 1935; x_wconf 90' lang='lat' dir='ltr'><strong>adeo</strong></span> <span class='ocrx_word' id='word_1_238' title='bbox 3279 1879 3589 1952; x_wconf 86' lang='lat' dir='ltr'><strong>pulchram</strong></span> <span class='ocrx_word' id='word_1_239' title='bbox 3613 1896 3743 1937; x_wconf 89' lang='lat' dir='ltr'><strong>esse</strong></span> 
     </span>
    </p>
   </div>
   <div class='ocr_carea' id='block_1_34' title="bbox 330 1962 1990 2070">
    <p class='ocr_par' dir='ltr' id='par_1_34' title="bbox 330 1962 1981 2042">
     <span class='ocr_line' id='line_1_34' title="bbox 330 1962 1981 2042; baseline -0.001 -22"><span class='ocrx_word' id='word_1_240' title='bbox 330 1963 670 2042; x_wconf 81' lang='grc' dir='ltr'><strong>γνωρίζεται.</strong></span> <span class='ocrx_word' id='word_1_241' title='bbox 721 1963 796 2019; x_wconf 80' lang='grc' dir='ltr'><strong>Οὐ</strong></span> <span class='ocrx_word' id='word_1_242' title='bbox 852 1966 953 2039; x_wconf 65' lang='grc' dir='ltr'><strong>γὰρ</strong></span> <span class='ocrx_word' id='word_1_243' title='bbox 1013 1964 1073 2019; x_wconf 78' lang='grc' dir='ltr'>ἂν</span> <span class='ocrx_word' id='word_1_244' title='bbox 1131 1965 1199 2033; x_wconf 81' lang='grc' dir='ltr'>ἦν</span> <span class='ocrx_word' id='word_1_245' title='bbox 1258 1964 1401 2027; x_wconf 82' lang='grc' dir='ltr'>εἰκὸς</span> <span class='ocrx_word' id='word_1_246' title='bbox 1459 1966 1525 2019; x_wconf 80' lang='grc' dir='ltr'><strong>τὰ</strong></span> <span class='ocrx_word' id='word_1_247' title='bbox 1581 1965 1679 2034; x_wconf 81' lang='grc' dir='ltr'><strong>τὴν</strong></span> <span class='ocrx_word' id='word_1_248' title='bbox 1759 1962 1981 2038; x_wconf 77' lang='grc' dir='ltr'>ὕπαρξιν</span> 
     </span>
    </p>
   </div>
   <div class='ocr_carea' id='block_1_35' title="bbox 2103 1962 3742 2070">
    <p class='ocr_par' dir='ltr' id='par_1_35' title="bbox 2103 1967 3742 2042">
     <span class='ocr_line' id='line_1_35' title="bbox 2103 1967 3742 2042; baseline 0.002 -21"><span class='ocrx_word' id='word_1_249' title='bbox 2103 1983 2261 2039; x_wconf 62' lang='lat' dir='ltr'><strong>aquae</strong></span> <span class='ocrx_word' id='word_1_250' title='bbox 2309 1972 2605 2039; x_wconf 85' lang='lat' dir='ltr'><strong>naturam,</strong></span> <span class='ocrx_word' id='word_1_251' title='bbox 2639 1972 2704 2024; x_wconf 91' lang='lat' dir='ltr'><strong>ut</strong></span> <span class='ocrx_word' id='word_1_252' title='bbox 2750 1967 2993 2039; x_wconf 90' lang='lat' dir='ltr'><strong>reliquis</strong></span> <span class='ocrx_word' id='word_1_253' title='bbox 3022 1968 3200 2025; x_wconf 88' lang='lat' dir='ltr'><strong>rebus</strong></span> <span class='ocrx_word' id='word_1_254' title='bbox 3239 1986 3366 2042; x_wconf 65' lang='lat' dir='ltr'><strong>qua:</strong></span> <span class='ocrx_word' id='word_1_255' title='bbox 3413 1967 3742 2041; x_wconf 89' lang='lat' dir='ltr'><strong>pulchritu-</strong></span> 
     </span>
    </p>
   </div>
   <div class='ocr_carea' id='block_1_36' title="bbox 332 2051 1981 2131">
    <p class='ocr_par' dir='ltr' id='par_1_36' title="bbox 332 2051 1981 2131">
     <span class='ocr_line' id='line_1_36' title="bbox 332 2051 1981 2131; baseline -0.002 -21"><span class='ocrx_word' id='word_1_256' title='bbox 332 2051 556 2131; x_wconf 87' lang='grc' dir='ltr'>δεύτερα</span> <span class='ocrx_word' id='word_1_257' title='bbox 608 2052 864 2108; x_wconf 86' lang='grc' dir='ltr'>τοιούτου</span> <span class='ocrx_word' id='word_1_258' title='bbox 926 2053 1176 2130; x_wconf 87' lang='grc' dir='ltr'>μετέχειν</span> <span class='ocrx_word' id='word_1_259' title='bbox 1234 2055 1383 2116; x_wconf 87' lang='grc' dir='ltr'>τινὸς</span> <span class='ocrx_word' id='word_1_260' title='bbox 1445 2054 1521 2127; x_wconf 78' lang='grc' dir='ltr'>μὴ</span> <span class='ocrx_word' id='word_1_261' title='bbox 1578 2057 1687 2108; x_wconf 82' lang='grc' dir='ltr'>τῶν</span> <span class='ocrx_word' id='word_1_262' title='bbox 1748 2053 1981 2127; x_wconf 83' lang='grc' dir='ltr'>πρώτων</span> 
     </span>
    </p>
   </div>
   <div class='ocr_carea' id='block_1_37' title="bbox 334 2139 1983 2220">
    <p class='ocr_par' dir='ltr' id='par_1_37' title="bbox 334 2139 1983 2220">
     <span class='ocr_line' id='line_1_37' title="bbox 334 2139 1983 2220; baseline -0.001 -22"><span class='ocrx_word' id='word_1_263' title='bbox 334 2140 780 2219; x_wconf 80' lang='grc' dir='ltr'>μετεσχηκότων,</span> <span class='ocrx_word' id='word_1_264' title='bbox 833 2141 923 2220; x_wconf 86' lang='grc' dir='ltr'>ἀφ’</span> <span class='ocrx_word' id='word_1_265' title='bbox 970 2143 1044 2196; x_wconf 81' lang='grc' dir='ltr'>ὦν</span> <span class='ocrx_word' id='word_1_266' title='bbox 1093 2139 1160 2211; x_wconf 84' lang='grc' dir='ltr'>δὴ</span> <span class='ocrx_word' id='word_1_267' title='bbox 1204 2140 1293 2198; x_wconf 80' lang='grc' dir='ltr'>καί</span> <span class='ocrx_word' id='word_1_268' title='bbox 1343 2147 1513 2198; x_wconf 86' lang='grc' dir='ltr'>ταῦτα</span> <span class='ocrx_word' id='word_1_269' title='bbox 1575 2143 1824 2214; x_wconf 89' lang='grc' dir='ltr'>συνέστη.</span> <span class='ocrx_word' id='word_1_270' title='bbox 1872 2148 1983 2197; x_wconf 86' lang='grc' dir='ltr'><strong>Πο-</strong></span> 
     </span>
    </p>
   </div>
   <div class='ocr_carea' id='block_1_38' title="bbox 327 2228 1985 2309">
    <p class='ocr_par' dir='ltr' id='par_1_38' title="bbox 327 2228 1985 2309">
     <span class='ocr_line' id='line_1_38' title="bbox 327 2228 1985 2309; baseline -0.001 -21"><span class='ocrx_word' id='word_1_271' title='bbox 327 2232 496 2307; x_wconf 84' lang='grc' dir='ltr'>ταμοὶ</span> <span class='ocrx_word' id='word_1_272' title='bbox 574 2228 634 2287; x_wconf 81' lang='grc' dir='ltr'>δὲ</span> <span class='ocrx_word' id='word_1_273' title='bbox 707 2230 904 2294; x_wconf 85' lang='grc' dir='ltr'>πάντες</span> <span class='ocrx_word' id='word_1_274' title='bbox 988 2231 1078 2286; x_wconf 81' lang='grc' dir='ltr'><strong>καὶ</strong></span> <span class='ocrx_word' id='word_1_275' title='bbox 1162 2232 1355 2309; x_wconf 85' lang='grc' dir='ltr'>πηγαὶ,</span> <span class='ocrx_word' id='word_1_276' title='bbox 1415 2231 1608 2306; x_wconf 84' lang='grc' dir='ltr'>λίμναι</span> <span class='ocrx_word' id='word_1_277' title='bbox 1660 2253 1721 2287; x_wconf 90' lang='grc' dir='ltr'><strong>τε</strong></span> <span class='ocrx_word' id='word_1_278' title='bbox 1775 2230 1840 2287; x_wconf 75' lang='grc' dir='ltr'>αὖ</span> <span class='ocrx_word' id='word_1_279' title='bbox 1894 2231 1985 2287; x_wconf 88' lang='grc' dir='ltr'><strong>καὶ</strong></span> 
     </span>
    </p>
   </div>
   <div class='ocr_carea' id='block_1_39' title="bbox 328 2319 1990 2401">
    <p class='ocr_par' dir='ltr' id='par_1_39' title="bbox 328 2319 1990 2401">
     <span class='ocr_line' id='line_1_39' title="bbox 328 2319 1990 2401; baseline 0 -23"><span class='ocrx_word' id='word_1_280' title='bbox 328 2325 556 2401; x_wconf 78' lang='grc' dir='ltr'>νυμφῶν</span> <span class='ocrx_word' id='word_1_281' title='bbox 616 2320 829 2395; x_wconf 83' lang='grc' dir='ltr'>νάματα</span> <span class='ocrx_word' id='word_1_282' title='bbox 884 2320 975 2376; x_wconf 85' lang='grc' dir='ltr'><strong>καὶ</strong></span> <span class='ocrx_word' id='word_1_283' title='bbox 1032 2319 1131 2376; x_wconf 83' lang='grc' dir='ltr'>ὅσα</span> <span class='ocrx_word' id='word_1_284' title='bbox 1204 2323 1305 2391; x_wconf 77' lang='grc' dir='ltr'>τὴν</span> <span class='ocrx_word' id='word_1_285' title='bbox 1384 2328 1488 2397; x_wconf 82' lang='grc' dir='ltr'><strong>γῆν</strong></span> <span class='ocrx_word' id='word_1_286' title='bbox 1552 2323 1866 2399; x_wconf 84' lang='grc' dir='ltr'>ὑποτρέχει,</span> <span class='ocrx_word' id='word_1_287' title='bbox 1929 2321 1990 2377; x_wconf 77' lang='grc' dir='ltr'>ἐκ</span> 
     </span>
    </p>
   </div>
   <div class='ocr_carea' id='block_1_40' title="bbox 332 2408 1985 2488">
    <p class='ocr_par' dir='ltr' id='par_1_40' title="bbox 332 2408 1985 2488">
     <span class='ocr_line' id='line_1_40' title="bbox 332 2408 1985 2488; baseline -0.001 -21"><span class='ocrx_word' id='word_1_288' title='bbox 332 2409 610 2481; x_wconf 77' lang='grc' dir='ltr'>θαλάσσης</span> <span class='ocrx_word' id='word_1_289' title='bbox 666 2411 734 2466; x_wconf 80' lang='grc' dir='ltr'>τὰ</span> <span class='ocrx_word' id='word_1_290' title='bbox 782 2411 954 2466; x_wconf 83' lang='grc' dir='ltr'>πάντα</span> <span class='ocrx_word' id='word_1_291' title='bbox 999 2410 1091 2465; x_wconf 86' lang='grc' dir='ltr'><strong>καὶ</strong></span> <span class='ocrx_word' id='word_1_292' title='bbox 1132 2408 1283 2476; x_wconf 75' lang='grc' dir='ltr'>αὖθις</span> <span class='ocrx_word' id='word_1_293' title='bbox 1346 2411 1422 2474; x_wconf 78' lang='grc' dir='ltr'>εἰς</span> <span class='ocrx_word' id='word_1_294' title='bbox 1469 2410 1737 2468; x_wconf 86' lang='grc' dir='ltr'>θάλασσαν</span> <span class='ocrx_word' id='word_1_295' title='bbox 1789 2411 1985 2488; x_wconf 83' lang='grc' dir='ltr'>καταρ-</span> 
     </span>
    </p>
   </div>
   <div class='ocr_carea' id='block_1_41' title="bbox 333 2498 1985 2578">
    <p class='ocr_par' dir='ltr' id='par_1_41' title="bbox 333 2498 1985 2578">
     <span class='ocr_line' id='line_1_41' title="bbox 333 2498 1985 2578; baseline -0.001 -21"><span class='ocrx_word' id='word_1_296' title='bbox 333 2500 419 2578; x_wconf 78' lang='grc' dir='ltr'><strong>ῥεῖ</strong></span> <span class='ocrx_word' id='word_1_297' title='bbox 466 2504 628 2556; x_wconf 87' lang='grc' dir='ltr'>τοῦτο</span> <span class='ocrx_word' id='word_1_298' title='bbox 667 2500 784 2573; x_wconf 76' lang='grc' dir='ltr'>μὲν,</span> <span class='ocrx_word' id='word_1_299' title='bbox 833 2500 909 2563; x_wconf 85' lang='grc' dir='ltr'>ὡς</span> <span class='ocrx_word' id='word_1_300' title='bbox 968 2498 1028 2556; x_wconf 78' lang='grc' dir='ltr'>ἐκ</span> <span class='ocrx_word' id='word_1_301' title='bbox 1087 2501 1295 2578; x_wconf 86' lang='grc' dir='ltr'>μητρὸς</span> <span class='ocrx_word' id='word_1_302' title='bbox 1352 2505 1514 2557; x_wconf 82' lang='grc' dir='ltr'>τοῦτο</span> <span class='ocrx_word' id='word_1_303' title='bbox 1568 2498 1617 2556; x_wconf 88' lang='grc' dir='ltr'>δ’</span> <span class='ocrx_word' id='word_1_304' title='bbox 1659 2498 1746 2573; x_wconf 79' lang='grc' dir='ltr'>αὖ,</span> <span class='ocrx_word' id='word_1_305' title='bbox 1777 2502 1853 2563; x_wconf 86' lang='grc' dir='ltr'>ὡς</span> <span class='ocrx_word' id='word_1_306' title='bbox 1910 2501 1985 2563; x_wconf 85' lang='grc' dir='ltr'><strong>εἷς</strong></span> 
     </span>
    </p>
   </div>
   <div class='ocr_carea' id='block_1_42' title="bbox 329 2587 1984 2667">
    <p class='ocr_par' dir='ltr' id='par_1_42' title="bbox 329 2587 1984 2667">
     <span class='ocr_line' id='line_1_42' title="bbox 329 2587 1984 2667; baseline -0.001 -21"><span class='ocrx_word' id='word_1_307' title='bbox 329 2591 515 2660; x_wconf 89' lang='grc' dir='ltr'>κοινήν</span> <span class='ocrx_word' id='word_1_308' title='bbox 565 2609 688 2645; x_wconf 88' lang='grc' dir='ltr'>τινα</span> <span class='ocrx_word' id='word_1_309' title='bbox 746 2594 844 2645; x_wconf 88' lang='grc' dir='ltr'><strong>τοῦ</strong></span> <span class='ocrx_word' id='word_1_310' title='bbox 910 2589 1110 2652; x_wconf 86' lang='grc' dir='ltr'>παντὸς</span> <span class='ocrx_word' id='word_1_311' title='bbox 1169 2590 1337 2666; x_wconf 89' lang='grc' dir='ltr'>ὑγροῦ</span> <span class='ocrx_word' id='word_1_312' title='bbox 1378 2590 1588 2667; x_wconf 85' lang='grc' dir='ltr'>χώραν.</span> <span class='ocrx_word' id='word_1_313' title='bbox 1635 2587 1735 2661; x_wconf 60' lang='grc' dir='ltr'>Εἷίη</span> <span class='ocrx_word' id='word_1_314' title='bbox 1793 2588 1851 2646; x_wconf 73' lang='grc' dir='ltr'>δὲ</span> <span class='ocrx_word' id='word_1_315' title='bbox 1896 2590 1984 2646; x_wconf 75' lang='grc' dir='ltr'>καὶ</span> 
     </span>
    </p>
   </div>
   <div class='ocr_carea' id='block_1_43' title="bbox 326 2678 1987 2756">
    <p class='ocr_par' dir='ltr' id='par_1_43' title="bbox 326 2678 1987 2756">
     <span class='ocr_line' id='line_1_43' title="bbox 326 2678 1987 2756; baseline 0.001 -21"><span class='ocrx_word' id='word_1_316' title='bbox 326 2682 492 2735; x_wconf 84' lang='grc' dir='ltr'>τοῦτο</span> <span class='ocrx_word' id='word_1_317' title='bbox 546 2679 648 2749; x_wconf 76' lang='grc' dir='ltr'><strong>τήν</strong></span> <span class='ocrx_word' id='word_1_318' title='bbox 712 2678 838 2753; x_wconf 88' lang='grc' dir='ltr'>μίαν</span> <span class='ocrx_word' id='word_1_319' title='bbox 898 2678 1032 2734; x_wconf 77' lang='grc' dir='ltr'>εἶναι</span> <span class='ocrx_word' id='word_1_320' title='bbox 1089 2678 1293 2748; x_wconf 91' lang='grc' dir='ltr'>ταύτην</span> <span class='ocrx_word' id='word_1_321' title='bbox 1362 2679 1542 2756; x_wconf 79' lang='grc' dir='ltr'>ἀρχὴν</span> <span class='ocrx_word' id='word_1_322' title='bbox 1612 2684 1710 2735; x_wconf 83' lang='grc' dir='ltr'><strong>τοῦ</strong></span> <span class='ocrx_word' id='word_1_323' title='bbox 1787 2681 1987 2742; x_wconf 86' lang='grc' dir='ltr'>παντὸς</span> 
     </span>
    </p>
   </div>
   <div class='ocr_carea' id='block_1_44' title="bbox 330 2765 1984 2844">
    <p class='ocr_par' dir='ltr' id='par_1_44' title="bbox 330 2765 1984 2844">
     <span class='ocr_line' id='line_1_44' title="bbox 330 2765 1984 2844; baseline 0.001 -21"><span class='ocrx_word' id='word_1_324' title='bbox 330 2765 528 2831; x_wconf 74' lang='grc' dir='ltr'>ὕδατος</span> <span class='ocrx_word' id='word_1_325' title='bbox 614 2773 841 2842; x_wconf 84' lang='grc' dir='ltr'>σημεῖον</span> <span class='ocrx_word' id='word_1_326' title='bbox 920 2766 1019 2823; x_wconf 80' lang='grc' dir='ltr'><strong>οὐκ</strong></span> <span class='ocrx_word' id='word_1_327' title='bbox 1099 2765 1365 2844; x_wconf 85' lang='grc' dir='ltr'>ἀμυδρόν.</span> <span class='ocrx_word' id='word_1_328' title='bbox 1418 2770 1581 2833; x_wconf 76' lang='grc' dir='ltr'>Ἔνθα</span> <span class='ocrx_word' id='word_1_329' title='bbox 1658 2769 1762 2844; x_wconf 75' lang='grc' dir='ltr'><strong>γὰρ</strong></span> <span class='ocrx_word' id='word_1_330' title='bbox 1850 2771 1984 2825; x_wconf 85' lang='grc' dir='ltr'>ἅπαν</span> 
     </span>
    </p>
   </div>
   <div class='ocr_carea' id='block_1_45' title="bbox 328 2856 1984 2934">
    <p class='ocr_par' dir='ltr' id='par_1_45' title="bbox 328 2856 1984 2934">
     <span class='ocr_line' id='line_1_45' title="bbox 328 2856 1984 2934; baseline 0.001 -21"><span class='ocrx_word' id='word_1_331' title='bbox 328 2856 680 2932; x_wconf 77' lang='grc' dir='ltr'>ἀνακάμπτον</span> <span class='ocrx_word' id='word_1_332' title='bbox 762 2858 977 2934; x_wconf 77' lang='grc' dir='ltr'>ὁρῶμεν</span> <span class='ocrx_word' id='word_1_333' title='bbox 1052 2857 1142 2912; x_wconf 86' lang='grc' dir='ltr'><strong>καὶ</strong></span> <span class='ocrx_word' id='word_1_334' title='bbox 1201 2857 1726 2931; x_wconf 83' lang='grc' dir='ltr'>ἀποκαθιστάμενον,</span> <span class='ocrx_word' id='word_1_335' title='bbox 1787 2857 1984 2924; x_wconf 76' lang='grc' dir='ltr'>ἐκεῖθεν</span> 
     </span>
    </p>
   </div>
   <div class='ocr_carea' id='block_1_46' title="bbox 329 2945 1986 3026">
    <p class='ocr_par' dir='ltr' id='par_1_46' title="bbox 329 2945 1986 3026">
     <span class='ocr_line' id='line_1_46' title="bbox 329 2945 1986 3026; baseline -0.001 -23"><span class='ocrx_word' id='word_1_336' title='bbox 329 2948 420 3003; x_wconf 83' lang='grc' dir='ltr'>καὶ</span> <span class='ocrx_word' id='word_1_337' title='bbox 470 2948 571 3017; x_wconf 73' lang='grc' dir='ltr'><strong>τήν</strong></span> <span class='ocrx_word' id='word_1_338' title='bbox 631 2946 856 3025; x_wconf 88' lang='grc' dir='ltr'>πρώτην</span> <span class='ocrx_word' id='word_1_339' title='bbox 917 2945 1091 3002; x_wconf 80' lang='grc' dir='ltr'>αἰτίαν</span> <span class='ocrx_word' id='word_1_340' title='bbox 1151 2952 1248 3002; x_wconf 87' lang='grc' dir='ltr'><strong>τοῦ</strong></span> <span class='ocrx_word' id='word_1_341' title='bbox 1320 2947 1454 3004; x_wconf 84' lang='grc' dir='ltr'>εἶναι</span> <span class='ocrx_word' id='word_1_342' title='bbox 1531 2947 1814 3026; x_wconf 71' lang='grc' dir='ltr'>εἰληφέναι</span> <span class='ocrx_word' id='word_1_343' title='bbox 1896 2970 1986 3002; x_wconf 88' lang='grc' dir='ltr'>πι-</span> 
     </span>
    </p>
   </div>
   <div class='ocr_carea' id='block_1_47' title="bbox 327 3034 1986 3113">
    <p class='ocr_par' dir='ltr' id='par_1_47' title="bbox 327 3034 1986 3113">
     <span class='ocr_line' id='line_1_47' title="bbox 327 3034 1986 3113; baseline -0.002 -21"><span class='ocrx_word' id='word_1_344' title='bbox 327 3037 621 3109; x_wconf 76' lang='grc' dir='ltr'>στούμεθα.</span> <span class='ocrx_word' id='word_1_345' title='bbox 655 3034 812 3091; x_wconf 76' lang='grc' dir='ltr'>Οὕτω</span> <span class='ocrx_word' id='word_1_346' title='bbox 868 3036 970 3112; x_wconf 82' lang='grc' dir='ltr'><strong>γὰρ</strong></span> <span class='ocrx_word' id='word_1_347' title='bbox 1026 3035 1116 3091; x_wconf 82' lang='grc' dir='ltr'>καὶ</span> <span class='ocrx_word' id='word_1_348' title='bbox 1173 3037 1240 3091; x_wconf 76' lang='grc' dir='ltr'>τὰ</span> <span class='ocrx_word' id='word_1_349' title='bbox 1299 3035 1359 3092; x_wconf 87' lang='grc' dir='ltr'><strong>έκ</strong></span> <span class='ocrx_word' id='word_1_350' title='bbox 1408 3043 1509 3113; x_wconf 81' lang='grc' dir='ltr'><strong>γῆς</strong></span> <span class='ocrx_word' id='word_1_351' title='bbox 1540 3038 1747 3092; x_wconf 80' lang='grc' dir='ltr'>ἅπαντα</span> <span class='ocrx_word' id='word_1_352' title='bbox 1780 3036 1856 3099; x_wconf 80' lang='grc' dir='ltr'><strong>εἰς</strong></span> <span class='ocrx_word' id='word_1_353' title='bbox 1886 3043 1986 3113; x_wconf 80' lang='grc' dir='ltr'><strong>γῆν</strong></span> 
     </span>
    </p>
   </div>
   <div class='ocr_carea' id='block_1_48' title="bbox 325 3123 1989 3203">
    <p class='ocr_par' dir='ltr' id='par_1_48' title="bbox 325 3123 1989 3203">
     <span class='ocr_line' id='line_1_48' title="bbox 325 3123 1989 3203; baseline -0.001 -23"><span class='ocrx_word' id='word_1_354' title='bbox 325 3123 633 3181; x_wconf 81' lang='grc' dir='ltr'>ἀναλύοντα</span> <span class='ocrx_word' id='word_1_355' title='bbox 688 3125 789 3193; x_wconf 82' lang='grc' dir='ltr'>τὴν</span> <span class='ocrx_word' id='word_1_356' title='bbox 852 3131 955 3201; x_wconf 81' lang='grc' dir='ltr'><strong>γῆν</strong></span> <span class='ocrx_word' id='word_1_357' title='bbox 1032 3126 1258 3199; x_wconf 85' lang='grc' dir='ltr'>πρώτην</span> <span class='ocrx_word' id='word_1_358' title='bbox 1333 3125 1480 3203; x_wconf 85' lang='grc' dir='ltr'>σφίσι</span> <span class='ocrx_word' id='word_1_359' title='bbox 1563 3125 1772 3202; x_wconf 77' lang='grc' dir='ltr'>μητέρα</span> <span class='ocrx_word' id='word_1_360' title='bbox 1854 3125 1989 3181; x_wconf 76' lang='grc' dir='ltr'>εἶναι</span> 
     </span>
    </p>
   </div>
   <div class='ocr_carea' id='block_1_49' title="bbox 328 3210 1986 3291">
    <p class='ocr_par' dir='ltr' id='par_1_49' title="bbox 328 3210 1986 3291">
     <span class='ocr_line' id='line_1_49' title="bbox 328 3210 1986 3291; baseline 0 -21"><span class='ocrx_word' id='word_1_361' title='bbox 328 3212 518 3285; x_wconf 84' lang='grc' dir='ltr'>δηλοῖ.</span> <span class='ocrx_word' id='word_1_362' title='bbox 567 3215 631 3270; x_wconf 88' lang='grc' dir='ltr'>Ἡ</span> <span class='ocrx_word' id='word_1_363' title='bbox 690 3210 768 3285; x_wconf 75' lang='grc' dir='ltr'>δὲ,</span> <span class='ocrx_word' id='word_1_364' title='bbox 817 3213 1062 3269; x_wconf 80' lang='grc' dir='ltr'>ἁπάντων</span> <span class='ocrx_word' id='word_1_365' title='bbox 1134 3211 1341 3270; x_wconf 83' lang='grc' dir='ltr'>ὑδάτων</span> <span class='ocrx_word' id='word_1_366' title='bbox 1393 3213 1471 3277; x_wconf 81' lang='grc' dir='ltr'>εἷς</span> <span class='ocrx_word' id='word_1_367' title='bbox 1532 3213 1697 3283; x_wconf 82' lang='grc' dir='ltr'>αὐτὴν</span> <span class='ocrx_word' id='word_1_368' title='bbox 1753 3213 1986 3291; x_wconf 76' lang='grc' dir='ltr'>εἰσρεόν-</span> 
     </span>
    </p>
   </div>
   <div class='ocr_carea' id='block_1_50' title="bbox 328 3300 1988 3380">
    <p class='ocr_par' dir='ltr' id='par_1_50' title="bbox 328 3300 1988 3380">
     <span class='ocr_line' id='line_1_50' title="bbox 328 3300 1988 3380; baseline -0.001 -21"><span class='ocrx_word' id='word_1_369' title='bbox 328 3324 462 3376; x_wconf 85' lang='grc' dir='ltr'>των,</span> <span class='ocrx_word' id='word_1_370' title='bbox 506 3303 598 3359; x_wconf 82' lang='grc' dir='ltr'><strong>καὶ</strong></span> <span class='ocrx_word' id='word_1_371' title='bbox 650 3303 807 3358; x_wconf 79' lang='grc' dir='ltr'>πάνθ’</span> <span class='ocrx_word' id='word_1_372' title='bbox 858 3300 1271 3379; x_wconf 62' lang='grc' dir='ltr'>ὑποδεχομένη</span> <span class='ocrx_word' id='word_1_373' title='bbox 1299 3301 1389 3359; x_wconf 85' lang='grc' dir='ltr'><strong>διὰ</strong></span> <span class='ocrx_word' id='word_1_374' title='bbox 1459 3303 1719 3380; x_wconf 81' lang='grc' dir='ltr'>μεγέθους</span> <span class='ocrx_word' id='word_1_375' title='bbox 1767 3324 1988 3379; x_wconf 82' lang='grc' dir='ltr'>περιου-</span> 
     </span>
    </p>
   </div>
   <div class='ocr_carea' id='block_1_51' title="bbox 2094 2056 3741 2130">
    <p class='ocr_par' dir='ltr' id='par_1_51' title="bbox 2094 2056 3741 2130">
     <span class='ocr_line' id='line_1_51' title="bbox 2094 2056 3741 2130; baseline 0.003 -19"><span class='ocrx_word' id='word_1_376' title='bbox 2094 2056 2251 2111; x_wconf 89' lang='lat' dir='ltr'><strong>dinis</strong></span> <span class='ocrx_word' id='word_1_377' title='bbox 2303 2056 2615 2129; x_wconf 83' lang='lat' dir='ltr'><strong>participes</strong></span> <span class='ocrx_word' id='word_1_378' title='bbox 2645 2061 2805 2125; x_wconf 89' lang='lat' dir='ltr'><strong>sunt,</strong></span> <span class='ocrx_word' id='word_1_379' title='bbox 2856 2057 3212 2130; x_wconf 86' lang='lat' dir='ltr'><strong>principium</strong></span> <span class='ocrx_word' id='word_1_380' title='bbox 3260 2073 3411 2127; x_wconf 90' lang='lat' dir='ltr'><strong>esse,</strong></span> <span class='ocrx_word' id='word_1_381' title='bbox 3444 2062 3602 2115; x_wconf 90' lang='lat' dir='ltr'><strong>certo</strong></span> <span class='ocrx_word' id='word_1_382' title='bbox 3645 2075 3741 2116; x_wconf 91' lang='lat' dir='ltr'><strong>co-</strong></span> 
     </span>
    </p>
   </div>
   <div class='ocr_carea' id='block_1_52' title="bbox 2096 2145 3738 2221">
    <p class='ocr_par' dir='ltr' id='par_1_52' title="bbox 2096 2145 3738 2221">
     <span class='ocr_line' id='line_1_52' title="bbox 2096 2145 3738 2221; baseline 0.003 -21"><span class='ocrx_word' id='word_1_383' title='bbox 2096 2150 2431 2218; x_wconf 82' lang='lat' dir='ltr'><strong>gnoscatur.</strong></span> <span class='ocrx_word' id='word_1_384' title='bbox 2465 2146 2592 2202; x_wconf 89' lang='lat' dir='ltr'><strong>Non</strong></span> <span class='ocrx_word' id='word_1_385' title='bbox 2623 2145 2779 2202; x_wconf 92' lang='lat' dir='ltr'><strong>enim</strong></span> <span class='ocrx_word' id='word_1_386' title='bbox 2810 2146 3141 2203; x_wconf 87' lang='lat' dir='ltr'><strong>verosimile</strong></span> <span class='ocrx_word' id='word_1_387' title='bbox 3171 2150 3261 2203; x_wconf 90' lang='lat' dir='ltr'><strong>est</strong></span> <span class='ocrx_word' id='word_1_388' title='bbox 3288 2165 3358 2204; x_wconf 88' lang='lat' dir='ltr'><strong>ea</strong></span> <span class='ocrx_word' id='word_1_389' title='bbox 3384 2165 3515 2221; x_wconf 70' lang='lat' dir='ltr'><strong>quas</strong></span> <span class='ocrx_word' id='word_1_390' title='bbox 3545 2150 3738 2221; x_wconf 89' lang='lat' dir='ltr'><strong>quoad</strong></span> 
     </span>
    </p>
   </div>
   <div class='ocr_carea' id='block_1_53' title="bbox 2097 2234 3740 2311">
    <p class='ocr_par' dir='ltr' id='par_1_53' title="bbox 2097 2234 3740 2311">
     <span class='ocr_line' id='line_1_53' title="bbox 2097 2234 3740 2311; baseline 0.002 -19"><span class='ocrx_word' id='word_1_391' title='bbox 2097 2235 2500 2292; x_wconf 85' lang='lat' dir='ltr'><strong>exsistentiam</strong></span> <span class='ocrx_word' id='word_1_392' title='bbox 2532 2235 2853 2308; x_wconf 88' lang='lat' dir='ltr'><strong>posteriora</strong></span> <span class='ocrx_word' id='word_1_393' title='bbox 2883 2234 3184 2304; x_wconf 87' lang='lat' dir='ltr'><strong>sunt,talis</strong></span> <span class='ocrx_word' id='word_1_394' title='bbox 3215 2236 3464 2310; x_wconf 85' lang='lat' dir='ltr'><strong>alicujus</strong></span> <span class='ocrx_word' id='word_1_395' title='bbox 3494 2238 3576 2294; x_wconf 89' lang='lat' dir='ltr'><strong>rei</strong></span> <span class='ocrx_word' id='word_1_396' title='bbox 3607 2256 3740 2311; x_wconf 91' lang='lat' dir='ltr'><strong>par-</strong></span> 
     </span>
    </p>
   </div>
   <div class='ocr_carea' id='block_1_54' title="bbox 2096 2324 3745 2400">
    <p class='ocr_par' dir='ltr' id='par_1_54' title="bbox 2096 2324 3745 2400">
     <span class='ocr_line' id='line_1_54' title="bbox 2096 2324 3745 2400; baseline 0.002 -19"><span class='ocrx_word' id='word_1_397' title='bbox 2096 2324 2360 2397; x_wconf 90' lang='lat' dir='ltr'><strong>ticipare,</strong></span> <span class='ocrx_word' id='word_1_398' title='bbox 2395 2325 2467 2380; x_wconf 92' lang='lat' dir='ltr'><strong>de</strong></span> <span class='ocrx_word' id='word_1_399' title='bbox 2520 2341 2637 2397; x_wconf 89' lang='lat' dir='ltr'><strong>qua</strong></span> <span class='ocrx_word' id='word_1_400' title='bbox 2666 2324 2874 2397; x_wconf 89' lang='lat' dir='ltr'><strong>prima,</strong></span> <span class='ocrx_word' id='word_1_401' title='bbox 2910 2341 3014 2398; x_wconf 89' lang='lat' dir='ltr'><strong>per</strong></span> <span class='ocrx_word' id='word_1_402' title='bbox 3062 2343 3188 2396; x_wconf 64' lang='lat' dir='ltr'><strong>quas</strong></span> <span class='ocrx_word' id='word_1_403' title='bbox 3243 2326 3374 2400; x_wconf 85' lang='lat' dir='ltr'><strong>ipsa</strong></span> <span class='ocrx_word' id='word_1_404' title='bbox 3421 2327 3745 2399; x_wconf 87' lang='lat' dir='ltr'><strong>posteriora</strong></span> 
     </span>
    </p>
   </div>
   <div class='ocr_carea' id='block_1_55' title="bbox 2098 2413 3746 2493">
    <p class='ocr_par' dir='ltr' id='par_1_55' title="bbox 2098 2413 3746 2493">
     <span class='ocr_line' id='line_1_55' title="bbox 2098 2413 3746 2493; baseline 0.003 -24"><span class='ocrx_word' id='word_1_405' title='bbox 2098 2413 2450 2486; x_wconf 89' lang='lat' dir='ltr'><strong>consistunt,</strong></span> <span class='ocrx_word' id='word_1_406' title='bbox 2484 2431 2599 2469; x_wconf 90' lang='lat' dir='ltr'><strong>non</strong></span> <span class='ocrx_word' id='word_1_407' title='bbox 2646 2413 3017 2487; x_wconf 87' lang='lat' dir='ltr'><strong>participant.</strong></span> <span class='ocrx_word' id='word_1_408' title='bbox 3045 2415 3230 2471; x_wconf 89' lang='lat' dir='ltr'><strong>Fluvii</strong></span> <span class='ocrx_word' id='word_1_409' title='bbox 3262 2417 3418 2472; x_wconf 91' lang='lat' dir='ltr'><strong>enim</strong></span> <span class='ocrx_word' id='word_1_410' title='bbox 3451 2432 3657 2474; x_wconf 89' lang='lat' dir='ltr'><strong>omnes</strong></span> <span class='ocrx_word' id='word_1_411' title='bbox 3686 2420 3746 2493; x_wconf 83' lang='lat' dir='ltr'><strong>et</strong></span> 
     </span>
    </p>
   </div>
   <div class='ocr_carea' id='block_1_56' title="bbox 2097 2502 3745 2579">
    <p class='ocr_par' dir='ltr' id='par_1_56' title="bbox 2097 2502 3745 2579">
     <span class='ocr_line' id='line_1_56' title="bbox 2097 2502 3745 2579; baseline 0.002 -21"><span class='ocrx_word' id='word_1_412' title='bbox 2097 2502 2307 2571; x_wconf 87' lang='lat' dir='ltr'><strong>fontes,</strong></span> <span class='ocrx_word' id='word_1_413' title='bbox 2338 2519 2511 2575; x_wconf 89' lang='lat' dir='ltr'><strong>porro</strong></span> <span class='ocrx_word' id='word_1_414' title='bbox 2560 2508 2618 2558; x_wconf 90' lang='lat' dir='ltr'><strong>et</strong></span> <span class='ocrx_word' id='word_1_415' title='bbox 2645 2502 2809 2559; x_wconf 90' lang='lat' dir='ltr'><strong>lacus</strong></span> <span class='ocrx_word' id='word_1_416' title='bbox 2844 2507 2902 2558; x_wconf 92' lang='lat' dir='ltr'><strong>ct</strong></span> <span class='ocrx_word' id='word_1_417' title='bbox 2948 2519 3236 2575; x_wconf 89' lang='lat' dir='ltr'><strong>aquarum</strong></span> <span class='ocrx_word' id='word_1_418' title='bbox 3287 2504 3481 2561; x_wconf 85' lang='lat' dir='ltr'><strong>ﬂuxus</strong></span> <span class='ocrx_word' id='word_1_419' title='bbox 3509 2509 3568 2561; x_wconf 89' lang='lat' dir='ltr'><strong>et</strong></span> <span class='ocrx_word' id='word_1_420' title='bbox 3596 2504 3745 2579; x_wconf 82' lang='lat' dir='ltr'><strong>lym-</strong></span> 
     </span>
    </p>
   </div>
   <div class='ocr_carea' id='block_1_57' title="bbox 2097 2591 3745 2665">
    <p class='ocr_par' dir='ltr' id='par_1_57' title="bbox 2097 2591 3745 2665">
     <span class='ocr_line' id='line_1_57' title="bbox 2097 2591 3745 2665; baseline 0.002 -17"><span class='ocrx_word' id='word_1_421' title='bbox 2097 2592 2347 2665; x_wconf 89' lang='lat' dir='ltr'><strong>pharum</strong></span> <span class='ocrx_word' id='word_1_422' title='bbox 2397 2591 2622 2658; x_wconf 86' lang='lat' dir='ltr'><strong>latices,</strong></span> <span class='ocrx_word' id='word_1_423' title='bbox 2650 2597 2719 2648; x_wconf 84' lang='lat' dir='ltr'><strong>et</strong></span> <span class='ocrx_word' id='word_1_424' title='bbox 2754 2608 3121 2664; x_wconf 69' lang='lat' dir='ltr'><strong>quascunque</strong></span> <span class='ocrx_word' id='word_1_425' title='bbox 3151 2609 3330 2650; x_wconf 87' lang='lat' dir='ltr'><strong>cursu</strong></span> <span class='ocrx_word' id='word_1_426' title='bbox 3371 2610 3478 2650; x_wconf 89' lang='lat' dir='ltr'><strong>suo</strong></span> <span class='ocrx_word' id='word_1_427' title='bbox 3526 2598 3745 2651; x_wconf 86' lang='lat' dir='ltr'><strong>terram</strong></span> 
     </span>
    </p>
   </div>
   <div class='ocr_carea' id='block_1_58' title="bbox 2097 2680 3748 2748">
    <p class='ocr_par' dir='ltr' id='par_1_58' title="bbox 2097 2680 3748 2748">
     <span class='ocr_line' id='line_1_58' title="bbox 2097 2680 3748 2748; baseline 0.002 -11"><span class='ocrx_word' id='word_1_428' title='bbox 2097 2682 2373 2748; x_wconf 89' lang='lat' dir='ltr'><strong>subeunt,</strong></span> <span class='ocrx_word' id='word_1_429' title='bbox 2421 2680 2620 2736; x_wconf 88' lang='lat' dir='ltr'><strong>omnia</strong></span> <span class='ocrx_word' id='word_1_430' title='bbox 2650 2697 2718 2736; x_wconf 83' lang='lat' dir='ltr'><strong>ex</strong></span> <span class='ocrx_word' id='word_1_431' title='bbox 2766 2681 2913 2736; x_wconf 86' lang='lat' dir='ltr'><strong>mari</strong></span> <span class='ocrx_word' id='word_1_432' title='bbox 2961 2685 3101 2738; x_wconf 87' lang='lat' dir='ltr'><strong>sunt</strong></span> <span class='ocrx_word' id='word_1_433' title='bbox 3129 2685 3187 2737; x_wconf 91' lang='lat' dir='ltr'><strong>et</strong></span> <span class='ocrx_word' id='word_1_434' title='bbox 3238 2699 3441 2739; x_wconf 88' lang='lat' dir='ltr'><strong>rursus</strong></span> <span class='ocrx_word' id='word_1_435' title='bbox 3472 2682 3533 2738; x_wconf 93' lang='lat' dir='ltr'><strong>in</strong></span> <span class='ocrx_word' id='word_1_436' title='bbox 3586 2698 3748 2740; x_wconf 88' lang='lat' dir='ltr'><strong>mare</strong></span> 
     </span>
    </p>
   </div>
   <div class='ocr_carea' id='block_1_59' title="bbox 2097 2768 3748 2842">
    <p class='ocr_par' dir='ltr' id='par_1_59' title="bbox 2097 2768 3748 2842">
     <span class='ocr_line' id='line_1_59' title="bbox 2097 2768 3748 2842; baseline 0.002 -17"><span class='ocrx_word' id='word_1_437' title='bbox 2097 2770 2393 2837; x_wconf 91' lang='lat' dir='ltr'><strong>reﬂuunt;</strong></span> <span class='ocrx_word' id='word_1_438' title='bbox 2428 2774 2484 2824; x_wconf 90' lang='lat' dir='ltr'><strong>et</strong></span> <span class='ocrx_word' id='word_1_439' title='bbox 2529 2768 2675 2824; x_wconf 92' lang='lat' dir='ltr'><strong>illud</strong></span> <span class='ocrx_word' id='word_1_440' title='bbox 2707 2768 2945 2841; x_wconf 90' lang='lat' dir='ltr'><strong>quidem</strong></span> <span class='ocrx_word' id='word_1_441' title='bbox 2976 2774 3260 2842; x_wconf 85' lang='lat' dir='ltr'><strong>tanquam</strong></span> <span class='ocrx_word' id='word_1_442' title='bbox 3292 2786 3361 2826; x_wconf 83' lang='lat' dir='ltr'><strong>ex</strong></span> <span class='ocrx_word' id='word_1_443' title='bbox 3398 2774 3604 2841; x_wconf 89' lang='lat' dir='ltr'><strong>matre,</strong></span> <span class='ocrx_word' id='word_1_444' title='bbox 3637 2772 3748 2829; x_wconf 88' lang='lat' dir='ltr'><strong>hoc</strong></span> 
     </span>
    </p>
   </div>
   <div class='ocr_carea' id='block_1_60' title="bbox 2097 2859 3750 2931">
    <p class='ocr_par' dir='ltr' id='par_1_60' title="bbox 2097 2859 3750 2931">
     <span class='ocr_line' id='line_1_60' title="bbox 2097 2859 3750 2931; baseline 0.002 -17"><span class='ocrx_word' id='word_1_445' title='bbox 2097 2864 2295 2914; x_wconf 90' lang='lat' dir='ltr'><strong>autem</strong></span> <span class='ocrx_word' id='word_1_446' title='bbox 2328 2863 2612 2931; x_wconf 89' lang='lat' dir='ltr'><strong>tanquam</strong></span> <span class='ocrx_word' id='word_1_447' title='bbox 2645 2859 2703 2913; x_wconf 91' lang='lat' dir='ltr'><strong>in</strong></span> <span class='ocrx_word' id='word_1_448' title='bbox 2735 2874 3049 2914; x_wconf 91' lang='lat' dir='ltr'><strong>commune</strong></span> <span class='ocrx_word' id='word_1_449' title='bbox 3077 2859 3373 2931; x_wconf 87' lang='lat' dir='ltr'><strong>quoddam</strong></span> <span class='ocrx_word' id='word_1_450' title='bbox 3406 2859 3599 2917; x_wconf 90' lang='lat' dir='ltr'><strong>omnis</strong></span> <span class='ocrx_word' id='word_1_451' title='bbox 3630 2860 3750 2917; x_wconf 87' lang='lat' dir='ltr'><strong>hu-</strong></span> 
     </span>
    </p>
   </div>
   <div class='ocr_carea' id='block_1_61' title="bbox 2101 2947 3745 3021">
    <p class='ocr_par' dir='ltr' id='par_1_61' title="bbox 2101 2947 3745 3021">
     <span class='ocr_line' id='line_1_61' title="bbox 2101 2947 3745 3021; baseline 0.002 -18"><span class='ocrx_word' id='word_1_452' title='bbox 2101 2947 2242 3003; x_wconf 90' lang='lat' dir='ltr'><strong>midi</strong></span> <span class='ocrx_word' id='word_1_453' title='bbox 2297 2947 2750 3020; x_wconf 82' lang='lat' dir='ltr'><strong>receptaculum.</strong></span> <span class='ocrx_word' id='word_1_454' title='bbox 2787 2948 2935 3003; x_wconf 85' lang='lat' dir='ltr'><strong>Adeo</strong></span> <span class='ocrx_word' id='word_1_455' title='bbox 2984 2953 3053 3003; x_wconf 91' lang='lat' dir='ltr'><strong>ut</strong></span> <span class='ocrx_word' id='word_1_456' title='bbox 3079 2948 3188 3003; x_wconf 89' lang='lat' dir='ltr'><strong>hoc</strong></span> <span class='ocrx_word' id='word_1_457' title='bbox 3235 2948 3314 3004; x_wconf 90' lang='lat' dir='ltr'><strong>sit</strong></span> <span class='ocrx_word' id='word_1_458' title='bbox 3345 2948 3581 3021; x_wconf 88' lang='lat' dir='ltr'><strong>signum</strong></span> <span class='ocrx_word' id='word_1_459' title='bbox 3627 2966 3745 3006; x_wconf 92' lang='lat' dir='ltr'><strong>non</strong></span> 
     </span>
    </p>
   </div>
   <div class='ocr_carea' id='block_1_62' title="bbox 2098 3037 3747 3111">
    <p class='ocr_par' dir='ltr' id='par_1_62' title="bbox 2098 3037 3747 3111">
     <span class='ocr_line' id='line_1_62' title="bbox 2098 3037 3747 3111; baseline 0.001 -18"><span class='ocrx_word' id='word_1_460' title='bbox 2098 3038 2438 3102; x_wconf 86' lang='lat' dir='ltr'><strong>obscurum,</strong></span> <span class='ocrx_word' id='word_1_461' title='bbox 2470 3054 2627 3092; x_wconf 89' lang='lat' dir='ltr'><strong>mare</strong></span> <span class='ocrx_word' id='word_1_462' title='bbox 2657 3053 2787 3093; x_wconf 85' lang='lat' dir='ltr'><strong>esse</strong></span> <span class='ocrx_word' id='word_1_463' title='bbox 2817 3037 3059 3093; x_wconf 92' lang='lat' dir='ltr'><strong>unicum</strong></span> <span class='ocrx_word' id='word_1_464' title='bbox 3090 3037 3282 3093; x_wconf 88' lang='lat' dir='ltr'><strong>omnis</strong></span> <span class='ocrx_word' id='word_1_465' title='bbox 3313 3055 3475 3111; x_wconf 71' lang='lat' dir='ltr'><strong>aqum</strong></span> <span class='ocrx_word' id='word_1_466' title='bbox 3526 3038 3747 3111; x_wconf 90' lang='lat' dir='ltr'><strong>princi-</strong></span> 
     </span>
    </p>
   </div>
   <div class='ocr_carea' id='block_1_63' title="bbox 2098 3126 3746 3201">
    <p class='ocr_par' dir='ltr' id='par_1_63' title="bbox 2098 3126 3746 3201">
     <span class='ocr_line' id='line_1_63' title="bbox 2098 3126 3746 3201; baseline 0.002 -20"><span class='ocrx_word' id='word_1_467' title='bbox 2098 3127 2300 3198; x_wconf 88' lang='lat' dir='ltr'><strong>pium;</strong></span> <span class='ocrx_word' id='word_1_468' title='bbox 2334 3142 2399 3182; x_wconf 91' lang='lat' dir='ltr'><strong>eo</strong></span> <span class='ocrx_word' id='word_1_469' title='bbox 2431 3127 2587 3182; x_wconf 90' lang='lat' dir='ltr'><strong>enim</strong></span> <span class='ocrx_word' id='word_1_470' title='bbox 2619 3143 2853 3182; x_wconf 88' lang='lat' dir='ltr'><strong>omnem</strong></span> <span class='ocrx_word' id='word_1_471' title='bbox 2888 3126 3091 3182; x_wconf 86' lang='lat' dir='ltr'><strong>reverti</strong></span> <span class='ocrx_word' id='word_1_472' title='bbox 3124 3143 3339 3198; x_wconf 90' lang='lat' dir='ltr'><strong>aquam</strong></span> <span class='ocrx_word' id='word_1_473' title='bbox 3370 3130 3429 3183; x_wconf 93' lang='lat' dir='ltr'><strong>et</strong></span> <span class='ocrx_word' id='word_1_474' title='bbox 3460 3131 3746 3201; x_wconf 87' lang='lat' dir='ltr'><strong>tanquam</strong></span> 
     </span>
    </p>
   </div>
   <div class='ocr_carea' id='block_1_64' title="bbox 2096 3213 3747 3289">
    <p class='ocr_par' dir='ltr' id='par_1_64' title="bbox 2096 3213 3747 3289">
     <span class='ocr_line' id='line_1_64' title="bbox 2096 3213 3747 3289; baseline 0 -18"><span class='ocrx_word' id='word_1_475' title='bbox 2096 3215 2159 3271; x_wconf 91' lang='lat' dir='ltr'><strong>in</strong></span> <span class='ocrx_word' id='word_1_476' title='bbox 2190 3215 2507 3287; x_wconf 89' lang='lat' dir='ltr'><strong>pristinum</strong></span> <span class='ocrx_word' id='word_1_477' title='bbox 2557 3214 2752 3270; x_wconf 89' lang='lat' dir='ltr'><strong>locum</strong></span> <span class='ocrx_word' id='word_1_478' title='bbox 2784 3214 2971 3270; x_wconf 89' lang='lat' dir='ltr'><strong>redire</strong></span> <span class='ocrx_word' id='word_1_479' title='bbox 3009 3213 3298 3281; x_wconf 87' lang='lat' dir='ltr'><strong>videmus,</strong></span> <span class='ocrx_word' id='word_1_480' title='bbox 3332 3220 3389 3272; x_wconf 92' lang='lat' dir='ltr'><strong>et</strong></span> <span class='ocrx_word' id='word_1_481' title='bbox 3434 3215 3598 3272; x_wconf 91' lang='lat' dir='ltr'><strong>illinc</strong></span> <span class='ocrx_word' id='word_1_482' title='bbox 3626 3217 3747 3289; x_wconf 84' lang='lat' dir='ltr'><strong>pri-</strong></span> 
     </span>
    </p>
   </div>
   <div class='ocr_carea' id='block_1_65' title="bbox 2101 3305 3748 3375">
    <p class='ocr_par' dir='ltr' id='par_1_65' title="bbox 2101 3305 3748 3375">
     <span class='ocr_line' id='line_1_65' title="bbox 2101 3305 3748 3375; baseline 0.001 -15"><span class='ocrx_word' id='word_1_483' title='bbox 2101 3321 2257 3360; x_wconf 89' lang='lat' dir='ltr'><strong>mam</strong></span> <span class='ocrx_word' id='word_1_484' title='bbox 2290 3322 2409 3361; x_wconf 66' lang='lat' dir='ltr'><strong>suae</strong></span> <span class='ocrx_word' id='word_1_485' title='bbox 2458 3305 2725 3360; x_wconf 83' lang='lat' dir='ltr'><strong>essentias</strong></span> <span class='ocrx_word' id='word_1_486' title='bbox 2756 3320 2995 3359; x_wconf 89' lang='lat' dir='ltr'><strong>causam</strong></span> <span class='ocrx_word' id='word_1_487' title='bbox 3043 3305 3375 3375; x_wconf 88' lang='lat' dir='ltr'><strong>suscepisse</strong></span> <span class='ocrx_word' id='word_1_488' title='bbox 3428 3306 3748 3362; x_wconf 89' lang='lat' dir='ltr'><strong>credimus.</strong></span> 
     </span>
    </p>
   </div>
   <div class='ocr_carea' id='block_1_66' title="bbox 329 3379 1990 3469">
    <p class='ocr_par' dir='ltr' id='par_1_66' title="bbox 329 3388 1985 3469">
     <span class='ocr_line' id='line_1_66' title="bbox 329 3388 1985 3469; baseline 0.001 -21"><span class='ocrx_word' id='word_1_489' title='bbox 329 3392 470 3466; x_wconf 83' lang='grc' dir='ltr'>σίαν,</span> <span class='ocrx_word' id='word_1_490' title='bbox 503 3389 620 3448; x_wconf 70' lang='grc' dir='ltr'>οὔτι</span> <span class='ocrx_word' id='word_1_491' title='bbox 677 3391 884 3449; x_wconf 90' lang='grc' dir='ltr'>πλείων</span> <span class='ocrx_word' id='word_1_492' title='bbox 944 3395 1045 3462; x_wconf 78' lang='grc' dir='ltr'>τῆς</span> <span class='ocrx_word' id='word_1_493' title='bbox 1103 3388 1270 3464; x_wconf 71' lang='grc' dir='ltr'>ούσης</span> <span class='ocrx_word' id='word_1_494' title='bbox 1331 3393 1541 3469; x_wconf 82' lang='grc' dir='ltr'>ὁρᾶται,</span> <span class='ocrx_word' id='word_1_495' title='bbox 1584 3390 1694 3448; x_wconf 76' lang='grc' dir='ltr'>οὔτ’</span> <span class='ocrx_word' id='word_1_496' title='bbox 1747 3392 1985 3449; x_wconf 80' lang='grc' dir='ltr'>ἐλάττων</span> 
     </span>
    </p>
   </div>
   <div class='ocr_carea' id='block_1_67' title="bbox 2103 3379 3748 3469">
    <p class='ocr_par' dir='ltr' id='par_1_67' title="bbox 2103 3392 3748 3465">
     <span class='ocr_line' id='line_1_67' title="bbox 2103 3392 3748 3465; baseline 0.002 -17"><span class='ocrx_word' id='word_1_497' title='bbox 2103 3393 2246 3448; x_wconf 85' lang='lat' dir='ltr'><strong>Nam</strong></span> <span class='ocrx_word' id='word_1_498' title='bbox 2278 3393 2360 3449; x_wconf 89' lang='lat' dir='ltr'><strong>ita</strong></span> <span class='ocrx_word' id='word_1_499' title='bbox 2389 3397 2446 3449; x_wconf 92' lang='lat' dir='ltr'><strong>et</strong></span> <span class='ocrx_word' id='word_1_500' title='bbox 2475 3409 2839 3465; x_wconf 77' lang='lat' dir='ltr'><strong>quaecunque</strong></span> <span class='ocrx_word' id='word_1_501' title='bbox 2868 3408 2937 3447; x_wconf 87' lang='lat' dir='ltr'><strong>ex</strong></span> <span class='ocrx_word' id='word_1_502' title='bbox 2962 3396 3117 3447; x_wconf 88' lang='lat' dir='ltr'><strong>terra</strong></span> <span class='ocrx_word' id='word_1_503' title='bbox 3146 3396 3285 3449; x_wconf 88' lang='lat' dir='ltr'><strong>sunt</strong></span> <span class='ocrx_word' id='word_1_504' title='bbox 3313 3392 3372 3449; x_wconf 91' lang='lat' dir='ltr'><strong>in</strong></span> <span class='ocrx_word' id='word_1_505' title='bbox 3410 3398 3627 3449; x_wconf 86' lang='lat' dir='ltr'><strong>terram</strong></span> <span class='ocrx_word' id='word_1_506' title='bbox 3659 3411 3748 3451; x_wconf 87' lang='lat' dir='ltr'><strong>re-</strong></span> 
     </span>
    </p>
   </div>
   <div class='ocr_carea' id='block_1_68' title="bbox 329 3478 1992 3560">
    <p class='ocr_par' dir='ltr' id='par_1_68' title="bbox 329 3478 1992 3560">
     <span class='ocr_line' id='line_1_68' title="bbox 329 3478 1992 3560; baseline 0 -23"><span class='ocrx_word' id='word_1_507' title='bbox 329 3503 416 3545; x_wconf 90' lang='grc' dir='ltr'><strong>τις</strong></span> <span class='ocrx_word' id='word_1_508' title='bbox 476 3479 723 3560; x_wconf 87' lang='grc' dir='ltr'>φαίνεται</span> <span class='ocrx_word' id='word_1_509' title='bbox 784 3478 936 3539; x_wconf 74' lang='grc' dir='ltr'>οὖσα.</span> <span class='ocrx_word' id='word_1_510' title='bbox 996 3480 1071 3537; x_wconf 81' lang='grc' dir='ltr'><strong>Οὐ</strong></span> <span class='ocrx_word' id='word_1_511' title='bbox 1121 3482 1223 3559; x_wconf 86' lang='grc' dir='ltr'><strong>γάρ</strong></span> <span class='ocrx_word' id='word_1_512' title='bbox 1279 3503 1385 3537; x_wconf 91' lang='grc' dir='ltr'><strong>που</strong></span> <span class='ocrx_word' id='word_1_513' title='bbox 1438 3481 1605 3538; x_wconf 83' lang='grc' dir='ltr'>πλέον</span> <span class='ocrx_word' id='word_1_514' title='bbox 1667 3480 1728 3537; x_wconf 75' lang='grc' dir='ltr'><strong>οὗ</strong></span> <span class='ocrx_word' id='word_1_515' title='bbox 1788 3480 1992 3537; x_wconf 78' lang='grc' dir='ltr'>δέδωκε</span> 
     </span>
    </p>
   </div>
   <div class='ocr_carea' id='block_1_69' title="bbox 331 3566 1987 3647">
    <p class='ocr_par' dir='ltr' id='par_1_69' title="bbox 331 3566 1987 3647">
     <span class='ocr_line' id='line_1_69' title="bbox 331 3566 1987 3647; baseline 0.001 -21"><span class='ocrx_word' id='word_1_516' title='bbox 331 3577 499 3646; x_wconf 84' lang='grc' dir='ltr'>γῆθεν</span> <span class='ocrx_word' id='word_1_517' title='bbox 561 3566 851 3646; x_wconf 74' lang='grc' dir='ltr'>λαμϐάνει*</span> <span class='ocrx_word' id='word_1_518' title='bbox 908 3570 998 3626; x_wconf 84' lang='grc' dir='ltr'><strong>καὶ</strong></span> <span class='ocrx_word' id='word_1_519' title='bbox 1065 3568 1220 3635; x_wconf 76' lang='grc' dir='ltr'>αὖθις</span> <span class='ocrx_word' id='word_1_520' title='bbox 1297 3568 1489 3627; x_wconf 84' lang='grc' dir='ltr'>δίδωσί</span> <span class='ocrx_word' id='word_1_521' title='bbox 1563 3593 1627 3647; x_wconf 87' lang='grc' dir='ltr'><strong>γε</strong></span> <span class='ocrx_word' id='word_1_522' title='bbox 1709 3576 1987 3642; x_wconf 88' lang='grc' dir='ltr'>τοσοῦτον,</span> 
     </span>
    </p>
   </div>
   <div class='ocr_carea' id='block_1_70' title="bbox 331 3657 1991 3734">
    <p class='ocr_par' dir='ltr' id='par_1_70' title="bbox 331 3657 1991 3734">
     <span class='ocr_line' id='line_1_70' title="bbox 331 3657 1991 3734; baseline -0.001 -17"><span class='ocrx_word' id='word_1_523' title='bbox 331 3660 535 3717; x_wconf 81' lang='grc' dir='ltr'>ὁπόσον</span> <span class='ocrx_word' id='word_1_524' title='bbox 594 3659 685 3716; x_wconf 85' lang='grc' dir='ltr'><strong>καὶ</strong></span> <span class='ocrx_word' id='word_1_525' title='bbox 735 3657 1051 3731; x_wconf 84' lang='grc' dir='ltr'>εἰσεδέξατο·</span> <span class='ocrx_word' id='word_1_526' title='bbox 1087 3660 1176 3715; x_wconf 79' lang='grc' dir='ltr'><strong>καὶ</strong></span> <span class='ocrx_word' id='word_1_527' title='bbox 1223 3660 1336 3734; x_wconf 79' lang='grc' dir='ltr'><strong>ἅμα</strong></span> <span class='ocrx_word' id='word_1_528' title='bbox 1394 3660 1493 3716; x_wconf 79' lang='grc' dir='ltr'><strong>οὐκ</strong></span> <span class='ocrx_word' id='word_1_529' title='bbox 1547 3657 1827 3717; x_wconf 79' lang='grc' dir='ltr'>ἐπιδίδωσι</span> <span class='ocrx_word' id='word_1_530' title='bbox 1885 3666 1991 3716; x_wconf 77' lang='grc' dir='ltr'>τῶν</span> 
     </span>
    </p>
   </div>
   <div class='ocr_carea' id='block_1_71' title="bbox 331 3743 1989 3826">
    <p class='ocr_par' dir='ltr' id='par_1_71' title="bbox 331 3743 1989 3826">
     <span class='ocr_line' id='line_1_71' title="bbox 331 3743 1989 3826; baseline 0 -21"><span class='ocrx_word' id='word_1_531' title='bbox 331 3747 395 3805; x_wconf 82' lang='grc' dir='ltr'>ἐκ</span> <span class='ocrx_word' id='word_1_532' title='bbox 448 3755 556 3825; x_wconf 75' lang='grc' dir='ltr'><strong>γῆς</strong></span> <span class='ocrx_word' id='word_1_533' title='bbox 610 3743 1112 3823; x_wconf 77' lang='grc' dir='ltr'>τυμϐαλλομένων,</span> <span class='ocrx_word' id='word_1_534' title='bbox 1155 3748 1271 3805; x_wconf 74' lang='grc' dir='ltr'>ἐπεὶ</span> <span class='ocrx_word' id='word_1_535' title='bbox 1333 3747 1463 3824; x_wconf 84' lang='grc' dir='ltr'>μηδ’</span> <span class='ocrx_word' id='word_1_536' title='bbox 1502 3748 1700 3818; x_wconf 70' lang='grc' dir='ltr'>ἀτελὴς</span> <span class='ocrx_word' id='word_1_537' title='bbox 1758 3749 1989 3826; x_wconf 84' lang='grc' dir='ltr'>ἐγένετο,</span> 
     </span>
    </p>
   </div>
   <div class='ocr_carea' id='block_1_72' title="bbox 331 3834 1989 3915">
    <p class='ocr_par' dir='ltr' id='par_1_72' title="bbox 331 3834 1989 3915">
     <span class='ocr_line' id='line_1_72' title="bbox 331 3834 1989 3915; baseline 0 -21"><span class='ocrx_word' id='word_1_538' title='bbox 331 3836 461 3894; x_wconf 75' lang='grc' dir='ltr'>οὑδὲ</span> <span class='ocrx_word' id='word_1_539' title='bbox 515 3839 834 3914; x_wconf 82' lang='grc' dir='ltr'>προσθήκης</span> <span class='ocrx_word' id='word_1_540' title='bbox 891 3835 1123 3911; x_wconf 85' lang='grc' dir='ltr'>δεομένη</span> <span class='ocrx_word' id='word_1_541' title='bbox 1185 3838 1335 3900; x_wconf 86' lang='grc' dir='ltr'>κινὸς</span> <span class='ocrx_word' id='word_1_542' title='bbox 1395 3838 1446 3909; x_wconf 79' lang='grc' dir='ltr'>ἐξ</span> <span class='ocrx_word' id='word_1_543' title='bbox 1506 3839 1707 3915; x_wconf 81' lang='grc' dir='ltr'>ἀρχῆς.</span> <span class='ocrx_word' id='word_1_544' title='bbox 1739 3843 1828 3912; x_wconf 81' lang='grc' dir='ltr'><strong>Τῷ</strong></span> <span class='ocrx_word' id='word_1_545' title='bbox 1876 3834 1989 3894; x_wconf 77' lang='grc' dir='ltr'>ὄντι</span> 
     </span>
    </p>
   </div>
   <div class='ocr_carea' id='block_1_73' title="bbox 331 3924 1990 4005">
    <p class='ocr_par' dir='ltr' id='par_1_73' title="bbox 331 3924 1990 4005">
     <span class='ocr_line' id='line_1_73' title="bbox 331 3924 1990 4005; baseline 0.001 -23"><span class='ocrx_word' id='word_1_546' title='bbox 331 3924 394 3983; x_wconf 73' lang='grc' dir='ltr'>δὲ</span> <span class='ocrx_word' id='word_1_547' title='bbox 446 3925 634 3983; x_wconf 89' lang='grc' dir='ltr'>τελεία</span> <span class='ocrx_word' id='word_1_548' title='bbox 706 3928 798 3983; x_wconf 79' lang='grc' dir='ltr'><strong>καὶ</strong></span> <span class='ocrx_word' id='word_1_549' title='bbox 864 3924 1113 4005; x_wconf 80' lang='grc' dir='ltr'>πλήρης,</span> <span class='ocrx_word' id='word_1_550' title='bbox 1174 3927 1377 3990; x_wconf 90' lang='grc' dir='ltr'>παντὸς</span> <span class='ocrx_word' id='word_1_551' title='bbox 1441 3926 1656 4001; x_wconf 78' lang='grc' dir='ltr'>μᾶλλον</span> <span class='ocrx_word' id='word_1_552' title='bbox 1715 3926 1990 3999; x_wconf 82' lang='grc' dir='ltr'>ἀνενδεής.</span> 
     </span>
    </p>
   </div>
   <div class='ocr_carea' id='block_1_74' title="bbox 332 4011 1992 4094">
    <p class='ocr_par' dir='ltr' id='par_1_74' title="bbox 332 4011 1992 4094">
     <span class='ocr_line' id='line_1_74' title="bbox 332 4011 1992 4094; baseline 0 -23"><span class='ocrx_word' id='word_1_553' title='bbox 332 4011 573 4093; x_wconf 76' lang='grc' dir='ltr'>Ὀμϐροι</span> <span class='ocrx_word' id='word_1_554' title='bbox 635 4015 693 4072; x_wconf 69' lang='grc' dir='ltr'>δέ</span> <span class='ocrx_word' id='word_1_555' title='bbox 747 4018 886 4094; x_wconf 88' lang='grc' dir='ltr'>πρὸς</span> <span class='ocrx_word' id='word_1_556' title='bbox 943 4021 1062 4079; x_wconf 86' lang='grc' dir='ltr'>τοῖς</span> <span class='ocrx_word' id='word_1_557' title='bbox 1121 4015 1434 4094; x_wconf 77' lang='grc' dir='ltr'>εἰρημένοις</span> <span class='ocrx_word' id='word_1_558' title='bbox 1494 4017 1585 4072; x_wconf 85' lang='grc' dir='ltr'><strong>καὶ</strong></span> <span class='ocrx_word' id='word_1_559' title='bbox 1662 4015 1848 4092; x_wconf 83' lang='grc' dir='ltr'>δρόσοι</span> <span class='ocrx_word' id='word_1_560' title='bbox 1902 4017 1992 4072; x_wconf 77' lang='grc' dir='ltr'><strong>καὶ</strong></span> 
     </span>
    </p>
   </div>
   <div class='ocr_carea' id='block_1_75' title="bbox 329 4104 1993 4185">
    <p class='ocr_par' dir='ltr' id='par_1_75' title="bbox 329 4104 1993 4185">
     <span class='ocr_line' id='line_1_75' title="bbox 329 4104 1993 4185; baseline 0.001 -25"><span class='ocrx_word' id='word_1_561' title='bbox 329 4106 563 4185; x_wconf 82' lang='grc' dir='ltr'>νιφετοὶ,</span> <span class='ocrx_word' id='word_1_562' title='bbox 621 4104 846 4185; x_wconf 77' lang='grc' dir='ltr'>νεφέλαι</span> <span class='ocrx_word' id='word_1_563' title='bbox 899 4127 960 4161; x_wconf 91' lang='grc' dir='ltr'><strong>τε</strong></span> <span class='ocrx_word' id='word_1_564' title='bbox 1014 4104 1079 4161; x_wconf 76' lang='grc' dir='ltr'>αὖ</span> <span class='ocrx_word' id='word_1_565' title='bbox 1138 4106 1191 4161; x_wconf 75' lang='grc' dir='ltr'>αἱ</span> <span class='ocrx_word' id='word_1_566' title='bbox 1262 4105 1492 4169; x_wconf 86' lang='grc' dir='ltr'>τούτους</span> <span class='ocrx_word' id='word_1_567' title='bbox 1562 4111 1843 4179; x_wconf 78' lang='grc' dir='ltr'>γεννῶσαι,</span> <span class='ocrx_word' id='word_1_568' title='bbox 1902 4107 1993 4162; x_wconf 86' lang='grc' dir='ltr'><strong>καὶ</strong></span> 
     </span>
    </p>
   </div>
   <div class='ocr_carea' id='block_1_76' title="bbox 332 4191 1995 4271">
    <p class='ocr_par' dir='ltr' id='par_1_76' title="bbox 332 4191 1995 4271">
     <span class='ocr_line' id='line_1_76' title="bbox 332 4191 1995 4271; baseline 0.001 -21"><span class='ocrx_word' id='word_1_569' title='bbox 332 4194 436 4250; x_wconf 81' lang='grc' dir='ltr'><strong>ὅσα</strong></span> <span class='ocrx_word' id='word_1_570' title='bbox 490 4198 709 4271; x_wconf 83' lang='grc' dir='ltr'>πρῶτον</span> <span class='ocrx_word' id='word_1_571' title='bbox 781 4195 856 4258; x_wconf 90' lang='grc' dir='ltr'>εἰς</span> <span class='ocrx_word' id='word_1_572' title='bbox 914 4192 1005 4250; x_wconf 83' lang='grc' dir='ltr'>τὸν</span> <span class='ocrx_word' id='word_1_573' title='bbox 1067 4191 1177 4250; x_wconf 80' lang='grc' dir='ltr'><strong>ἅνω</strong></span> <span class='ocrx_word' id='word_1_574' title='bbox 1232 4193 1591 4269; x_wconf 82' lang='grc' dir='ltr'>συνιστάμενα</span> <span class='ocrx_word' id='word_1_575' title='bbox 1646 4195 1836 4267; x_wconf 81' lang='grc' dir='ltr'>τόπον,</span> <span class='ocrx_word' id='word_1_576' title='bbox 1897 4196 1995 4251; x_wconf 74' lang='grc' dir='ltr'>εἶτ’</span> 
     </span>
    </p>
   </div>
   <div class='ocr_carea' id='block_1_77' title="bbox 331 4280 1992 4363">
    <p class='ocr_par' dir='ltr' id='par_1_77' title="bbox 331 4280 1992 4363">
     <span class='ocr_line' id='line_1_77' title="bbox 331 4280 1992 4363; baseline -0.001 -23"><span class='ocrx_word' id='word_1_577' title='bbox 331 4284 534 4340; x_wconf 73' lang='grc' dir='ltr'>ἐκεῖθεν</span> <span class='ocrx_word' id='word_1_578' title='bbox 565 4283 642 4347; x_wconf 73' lang='grc' dir='ltr'>εἷς</span> <span class='ocrx_word' id='word_1_579' title='bbox 668 4290 771 4360; x_wconf 81' lang='grc' dir='ltr'><strong>γῆν</strong></span> <span class='ocrx_word' id='word_1_580' title='bbox 827 4282 1086 4352; x_wconf 89' lang='grc' dir='ltr'>κάτεισιν,</span> <span class='ocrx_word' id='word_1_581' title='bbox 1120 4280 1197 4339; x_wconf 78' lang='grc' dir='ltr'>ἔτι</span> <span class='ocrx_word' id='word_1_582' title='bbox 1257 4305 1320 4359; x_wconf 86' lang='grc' dir='ltr'><strong>γε</strong></span> <span class='ocrx_word' id='word_1_583' title='bbox 1376 4284 1484 4357; x_wconf 82' lang='grc' dir='ltr'><strong>μήν</strong></span> <span class='ocrx_word' id='word_1_584' title='bbox 1545 4284 1760 4357; x_wconf 82' lang='grc' dir='ltr'>ἀνέμων</span> <span class='ocrx_word' id='word_1_585' title='bbox 1807 4284 1992 4363; x_wconf 84' lang='grc' dir='ltr'>φύσεις</span> 
     </span>
    </p>
   </div>
   <div class='ocr_carea' id='block_1_78' title="bbox 331 4369 1994 4450">
    <p class='ocr_par' dir='ltr' id='par_1_78' title="bbox 331 4369 1994 4450">
     <span class='ocr_line' id='line_1_78' title="bbox 331 4369 1994 4450; baseline -0.002 -19"><span class='ocrx_word' id='word_1_586' title='bbox 331 4375 427 4431; x_wconf 73' lang='grc' dir='ltr'><strong>καὶ</strong></span> <span class='ocrx_word' id='word_1_587' title='bbox 455 4378 709 4429; x_wconf 81' lang='grc' dir='ltr'>παντοῖαι</span> <span class='ocrx_word' id='word_1_588' title='bbox 742 4373 926 4444; x_wconf 78' lang='grc' dir='ltr'>πνοαὶ,</span> <span class='ocrx_word' id='word_1_589' title='bbox 955 4374 1056 4443; x_wconf 79' lang='grc' dir='ltr'>τήν</span> <span class='ocrx_word' id='word_1_590' title='bbox 1107 4372 1285 4449; x_wconf 77' lang='grc' dir='ltr'>ἀρχὴν</span> <span class='ocrx_word' id='word_1_591' title='bbox 1337 4373 1397 4429; x_wconf 83' lang='grc' dir='ltr'>ἐκ</span> <span class='ocrx_word' id='word_1_592' title='bbox 1443 4377 1541 4429; x_wconf 87' lang='grc' dir='ltr'><strong>τοῦ</strong></span> <span class='ocrx_word' id='word_1_593' title='bbox 1589 4369 1783 4436; x_wconf 74' lang='grc' dir='ltr'>ὕδατος</span> <span class='ocrx_word' id='word_1_594' title='bbox 1836 4369 1994 4450; x_wconf 79' lang='grc' dir='ltr'>ἔχου-</span> 
     </span>
    </p>
   </div>
   <div class='ocr_carea' id='block_1_79' title="bbox 331 4459 1991 4541">
    <p class='ocr_par' dir='ltr' id='par_1_79' title="bbox 331 4459 1991 4541">
     <span class='ocr_line' id='line_1_79' title="bbox 331 4459 1991 4541; baseline -0.001 -22"><span class='ocrx_word' id='word_1_595' title='bbox 331 4483 441 4519; x_wconf 89' lang='grc' dir='ltr'>σιν.</span> <span class='ocrx_word' id='word_1_596' title='bbox 474 4461 541 4518; x_wconf 71' lang='grc' dir='ltr'>Εἴ</span> <span class='ocrx_word' id='word_1_597' title='bbox 597 4459 657 4519; x_wconf 75' lang='grc' dir='ltr'>δὲ</span> <span class='ocrx_word' id='word_1_598' title='bbox 716 4461 951 4538; x_wconf 81' lang='grc' dir='ltr'>βλάσται</span> <span class='ocrx_word' id='word_1_599' title='bbox 1010 4466 1214 4540; x_wconf 78' lang='grc' dir='ltr'>φυτῶν,</span> <span class='ocrx_word' id='word_1_600' title='bbox 1264 4461 1511 4541; x_wconf 77' lang='grc' dir='ltr'>ἐκφύσεις</span> <span class='ocrx_word' id='word_1_601' title='bbox 1567 4483 1627 4518; x_wconf 90' lang='grc' dir='ltr'><strong>τε</strong></span> <span class='ocrx_word' id='word_1_602' title='bbox 1682 4460 1769 4518; x_wconf 82' lang='grc' dir='ltr'>καί</span> <span class='ocrx_word' id='word_1_603' title='bbox 1827 4462 1991 4534; x_wconf 82' lang='grc' dir='ltr'>αὐξή-</span> 
     </span>
    </p>
   </div>
   <div class='ocr_carea' id='block_1_80' title="bbox 332 4548 1990 4630">
    <p class='ocr_par' dir='ltr' id='par_1_80' title="bbox 332 4548 1990 4630">
     <span class='ocr_line' id='line_1_80' title="bbox 332 4548 1990 4630; baseline -0.001 -23"><span class='ocrx_word' id='word_1_604' title='bbox 332 4572 471 4625; x_wconf 86' lang='grc' dir='ltr'>σεις,</span> <span class='ocrx_word' id='word_1_605' title='bbox 528 4548 893 4622; x_wconf 85' lang='grc' dir='ltr'>ἀναθηλήσεις</span> <span class='ocrx_word' id='word_1_606' title='bbox 970 4572 1032 4606; x_wconf 91' lang='grc' dir='ltr'><strong>τε</strong></span> <span class='ocrx_word' id='word_1_607' title='bbox 1105 4550 1195 4606; x_wconf 81' lang='grc' dir='ltr'><strong>καὶ</strong></span> <span class='ocrx_word' id='word_1_608' title='bbox 1252 4550 1615 4630; x_wconf 84' lang='grc' dir='ltr'>καρποφορίαι</span> <span class='ocrx_word' id='word_1_609' title='bbox 1674 4550 1726 4622; x_wconf 76' lang='grc' dir='ltr'><strong>ἐξ</strong></span> <span class='ocrx_word' id='word_1_610' title='bbox 1787 4548 1990 4607; x_wconf 81' lang='grc' dir='ltr'>ὑδάτων</span> 
     </span>
    </p>
   </div>
   <div class='ocr_carea' id='block_1_81' title="bbox 310 4636 1994 4717">
    <p class='ocr_par' dir='ltr' id='par_1_81' title="bbox 310 4636 1994 4717">
     <span class='ocr_line' id='line_1_81' title="bbox 310 4636 1994 4717; baseline 0.001 -22"><span class='ocrx_word' id='word_1_611' title='bbox 310 4640 414 4704; x_wconf 85' lang='grc' dir='ltr'><strong>,ὡς</strong></span> <span class='ocrx_word' id='word_1_612' title='bbox 445 4638 497 4712; x_wconf 76' lang='grc' dir='ltr'><strong>ἐξ</strong></span> <span class='ocrx_word' id='word_1_613' title='bbox 536 4638 702 4712; x_wconf 79' lang='grc' dir='ltr'>ὕλης,</span> <span class='ocrx_word' id='word_1_614' title='bbox 734 4639 797 4696; x_wconf 88' lang='grc' dir='ltr'><strong>ού</strong></span> <span class='ocrx_word' id='word_1_615' title='bbox 844 4641 950 4717; x_wconf 80' lang='grc' dir='ltr'><strong>γὰρ</strong></span> <span class='ocrx_word' id='word_1_616' title='bbox 1000 4636 1189 4704; x_wconf 77' lang='grc' dir='ltr'>ἄλλως</span> <span class='ocrx_word' id='word_1_617' title='bbox 1238 4641 1352 4696; x_wconf 82' lang='grc' dir='ltr'>οἶόν</span> <span class='ocrx_word' id='word_1_618' title='bbox 1401 4661 1461 4696; x_wconf 89' lang='grc' dir='ltr'>τε</span> <span class='ocrx_word' id='word_1_619' title='bbox 1505 4639 1835 4716; x_wconf 87' lang='grc' dir='ltr'>προκύπτειν</span> <span class='ocrx_word' id='word_1_620' title='bbox 1896 4648 1994 4710; x_wconf 81' lang='grc' dir='ltr'>τῆς</span> 
     </span>
    </p>
   </div>
   <div class='ocr_carea' id='block_1_82' title="bbox 2103 3480 3753 3553">
    <p class='ocr_par' dir='ltr' id='par_1_82' title="bbox 2103 3480 3753 3553">
     <span class='ocr_line' id='line_1_82' title="bbox 2103 3480 3753 3553; baseline 0 -14"><span class='ocrx_word' id='word_1_621' title='bbox 2103 3483 2497 3550; x_wconf 88' lang='lat' dir='ltr'><strong>solvuntur,et</strong></span> <span class='ocrx_word' id='word_1_622' title='bbox 2526 3487 2741 3537; x_wconf 86' lang='lat' dir='ltr'><strong>terram</strong></span> <span class='ocrx_word' id='word_1_623' title='bbox 2775 3480 2894 3537; x_wconf 87' lang='lat' dir='ltr'><strong>illis</strong></span> <span class='ocrx_word' id='word_1_624' title='bbox 2925 3480 3176 3553; x_wconf 89' lang='lat' dir='ltr'><strong>primam</strong></span> <span class='ocrx_word' id='word_1_625' title='bbox 3210 3486 3456 3539; x_wconf 89' lang='lat' dir='ltr'><strong>matrem</strong></span> <span class='ocrx_word' id='word_1_626' title='bbox 3481 3497 3609 3539; x_wconf 88' lang='lat' dir='ltr'><strong>esse</strong></span> <span class='ocrx_word' id='word_1_627' title='bbox 3631 3499 3753 3539; x_wconf 85' lang='lat' dir='ltr'><strong>ma-</strong></span> 
     </span>
    </p>
   </div>
   <div class='ocr_carea' id='block_1_83' title="bbox 2103 3571 3751 3642">
    <p class='ocr_par' dir='ltr' id='par_1_83' title="bbox 2103 3571 3751 3642">
     <span class='ocr_line' id='line_1_83' title="bbox 2103 3571 3751 3642; baseline -0.001 -13"><span class='ocrx_word' id='word_1_628' title='bbox 2103 3573 2381 3629; x_wconf 92' lang='lat' dir='ltr'><strong>nifestum</strong></span> <span class='ocrx_word' id='word_1_629' title='bbox 2432 3575 2539 3627; x_wconf 87' lang='lat' dir='ltr'><strong>est.</strong></span> <span class='ocrx_word' id='word_1_630' title='bbox 2594 3574 2749 3627; x_wconf 87' lang='lat' dir='ltr'><strong>Mare</strong></span> <span class='ocrx_word' id='word_1_631' title='bbox 2793 3574 3010 3642; x_wconf 87' lang='lat' dir='ltr'><strong>autem,</strong></span> <span class='ocrx_word' id='word_1_632' title='bbox 3061 3587 3194 3626; x_wconf 92' lang='lat' dir='ltr'><strong>cum</strong></span> <span class='ocrx_word' id='word_1_633' title='bbox 3247 3588 3454 3628; x_wconf 91' lang='lat' dir='ltr'><strong>omnes</strong></span> <span class='ocrx_word' id='word_1_634' title='bbox 3501 3572 3560 3627; x_wconf 90' lang='lat' dir='ltr'><strong>in</strong></span> <span class='ocrx_word' id='word_1_635' title='bbox 3603 3571 3751 3628; x_wconf 90' lang='lat' dir='ltr'><strong>illud</strong></span> 
     </span>
    </p>
   </div>
   <div class='ocr_carea' id='block_1_84' title="bbox 2102 3661 3753 3734">
    <p class='ocr_par' dir='ltr' id='par_1_84' title="bbox 2102 3661 3753 3734">
     <span class='ocr_line' id='line_1_84' title="bbox 2102 3661 3753 3734; baseline -0.001 -15"><span class='ocrx_word' id='word_1_636' title='bbox 2102 3661 2406 3719; x_wconf 89' lang='lat' dir='ltr'><strong>conﬂuunt</strong></span> <span class='ocrx_word' id='word_1_637' title='bbox 2436 3677 2599 3733; x_wconf 64' lang='lat' dir='ltr'><strong>aqua:</strong></span> <span class='ocrx_word' id='word_1_638' title='bbox 2631 3674 2847 3731; x_wconf 84' lang='lat' dir='ltr'><strong>easque</strong></span> <span class='ocrx_word' id='word_1_639' title='bbox 2895 3676 3100 3716; x_wconf 92' lang='lat' dir='ltr'><strong>omnes</strong></span> <span class='ocrx_word' id='word_1_640' title='bbox 3127 3661 3356 3732; x_wconf 83' lang='lat' dir='ltr'><strong>excipit,</strong></span> <span class='ocrx_word' id='word_1_641' title='bbox 3388 3666 3628 3734; x_wconf 89' lang='lat' dir='ltr'><strong>propter</strong></span> <span class='ocrx_word' id='word_1_642' title='bbox 3657 3662 3753 3718; x_wconf 81' lang='lat' dir='ltr'><strong>in-</strong></span> 
     </span>
    </p>
   </div>
   <div class='ocr_carea' id='block_1_85' title="bbox 2103 3749 3754 3826">
    <p class='ocr_par' dir='ltr' id='par_1_85' title="bbox 2103 3749 3754 3826">
     <span class='ocr_line' id='line_1_85' title="bbox 2103 3749 3754 3826; baseline -0.001 -18"><span class='ocrx_word' id='word_1_643' title='bbox 2103 3756 2336 3826; x_wconf 82' lang='lat' dir='ltr'><strong>gentem</strong></span> <span class='ocrx_word' id='word_1_644' title='bbox 2369 3750 2838 3822; x_wconf 83' lang='lat' dir='ltr'><strong>magnitudinem</strong></span> <span class='ocrx_word' id='word_1_645' title='bbox 2871 3766 2975 3804; x_wconf 87' lang='lat' dir='ltr'><strong>nec</strong></span> <span class='ocrx_word' id='word_1_646' title='bbox 3018 3750 3211 3820; x_wconf 87' lang='lat' dir='ltr'><strong>majus</strong></span> <span class='ocrx_word' id='word_1_647' title='bbox 3240 3749 3602 3823; x_wconf 89' lang='lat' dir='ltr'><strong>conspicitur</strong></span> <span class='ocrx_word' id='word_1_648' title='bbox 3648 3766 3754 3807; x_wconf 92' lang='lat' dir='ltr'><strong>nec</strong></span> 
     </span>
    </p>
   </div>
   <div class='ocr_carea' id='block_1_86' title="bbox 2105 3838 3755 3912">
    <p class='ocr_par' dir='ltr' id='par_1_86' title="bbox 2105 3838 3755 3912">
     <span class='ocr_line' id='line_1_86' title="bbox 2105 3838 3755 3912; baseline -0.001 -16"><span class='ocrx_word' id='word_1_649' title='bbox 2105 3841 2303 3897; x_wconf 90' lang='lat' dir='ltr'><strong>minus</strong></span> <span class='ocrx_word' id='word_1_650' title='bbox 2334 3843 2579 3912; x_wconf 86' lang='lat' dir='ltr'><strong>apparet</strong></span> <span class='ocrx_word' id='word_1_651' title='bbox 2608 3854 2784 3910; x_wconf 89' lang='lat' dir='ltr'><strong>quam</strong></span> <span class='ocrx_word' id='word_1_652' title='bbox 2835 3842 2968 3893; x_wconf 89' lang='lat' dir='ltr'><strong>ante</strong></span> <span class='ocrx_word' id='word_1_653' title='bbox 2999 3842 3123 3893; x_wconf 88' lang='lat' dir='ltr'><strong>erat</strong></span> <span class='ocrx_word' id='word_1_654' title='bbox 3155 3855 3167 3893; x_wconf 92' lang='lat'>:</span> <span class='ocrx_word' id='word_1_655' title='bbox 3204 3838 3385 3894; x_wconf 85' lang='lat' dir='ltr'><strong>nihilo</strong></span> <span class='ocrx_word' id='word_1_656' title='bbox 3415 3839 3573 3895; x_wconf 91' lang='lat' dir='ltr'><strong>enim</strong></span> <span class='ocrx_word' id='word_1_657' title='bbox 3594 3838 3755 3911; x_wconf 88' lang='lat' dir='ltr'><strong>plus-</strong></span> 
     </span>
    </p>
   </div>
   <div class='ocr_carea' id='block_1_87' title="bbox 2104 3926 3753 4003">
    <p class='ocr_par' dir='ltr' id='par_1_87' title="bbox 2104 3926 3753 4003">
     <span class='ocr_line' id='line_1_87' title="bbox 2104 3926 3753 4003; baseline -0.002 -16"><span class='ocrx_word' id='word_1_658' title='bbox 2104 3947 2282 4003; x_wconf 89' lang='lat' dir='ltr'><strong>quam</strong></span> <span class='ocrx_word' id='word_1_659' title='bbox 2314 3928 2475 3983; x_wconf 90' lang='lat' dir='ltr'><strong>dedit</strong></span> <span class='ocrx_word' id='word_1_660' title='bbox 2503 3926 2710 3999; x_wconf 90' lang='lat' dir='ltr'><strong>recipit</strong></span> <span class='ocrx_word' id='word_1_661' title='bbox 2739 3944 2772 3981; x_wconf 89' lang='lat' dir='ltr'><strong>a</strong></span> <span class='ocrx_word' id='word_1_662' title='bbox 2809 3929 2963 3981; x_wconf 85' lang='lat' dir='ltr'><strong>terra</strong></span> <span class='ocrx_word' id='word_1_663' title='bbox 2990 3944 3002 3994; x_wconf 92' lang='lat'><strong>;</strong></span> <span class='ocrx_word' id='word_1_664' title='bbox 3032 3932 3090 3981; x_wconf 91' lang='lat' dir='ltr'><strong>et</strong></span> <span class='ocrx_word' id='word_1_665' title='bbox 3120 3927 3313 3982; x_wconf 92' lang='lat' dir='ltr'><strong>denuo</strong></span> <span class='ocrx_word' id='word_1_666' title='bbox 3342 3930 3573 3983; x_wconf 88' lang='lat' dir='ltr'><strong>tantum</strong></span> <span class='ocrx_word' id='word_1_667' title='bbox 3623 3928 3753 3984; x_wconf 90' lang='lat' dir='ltr'><strong>red-</strong></span> 
     </span>
    </p>
   </div>
   <div class='ocr_carea' id='block_1_88' title="bbox 2103 4014 3755 4090">
    <p class='ocr_par' dir='ltr' id='par_1_88' title="bbox 2103 4014 3755 4090">
     <span class='ocr_line' id='line_1_88' title="bbox 2103 4014 3755 4090; baseline -0.002 -15"><span class='ocrx_word' id='word_1_668' title='bbox 2103 4021 2210 4087; x_wconf 85' lang='lat' dir='ltr'><strong>dit,</strong></span> <span class='ocrx_word' id='word_1_669' title='bbox 2243 4022 2531 4090; x_wconf 88' lang='lat' dir='ltr'><strong>quantum</strong></span> <span class='ocrx_word' id='word_1_670' title='bbox 2581 4017 2640 4070; x_wconf 88' lang='lat' dir='ltr'><strong>in</strong></span> <span class='ocrx_word' id='word_1_671' title='bbox 2682 4032 2744 4070; x_wconf 89' lang='lat' dir='ltr'><strong>se</strong></span> <span class='ocrx_word' id='word_1_672' title='bbox 2789 4019 3120 4086; x_wconf 76' lang='lat' dir='ltr'><strong>receperat;</strong></span> <span class='ocrx_word' id='word_1_673' title='bbox 3154 4021 3212 4070; x_wconf 87' lang='lat' dir='ltr'><strong>et</strong></span> <span class='ocrx_word' id='word_1_674' title='bbox 3257 4014 3411 4071; x_wconf 86' lang='lat' dir='ltr'><strong>inter</strong></span> <span class='ocrx_word' id='word_1_675' title='bbox 3459 4031 3529 4071; x_wconf 90' lang='lat' dir='ltr'><strong>ea</strong></span> <span class='ocrx_word' id='word_1_676' title='bbox 3574 4014 3755 4072; x_wconf 87' lang='lat' dir='ltr'><strong>simul</strong></span> 
     </span>
    </p>
   </div>
   <div class='ocr_carea' id='block_1_89' title="bbox 2104 4103 3755 4180">
    <p class='ocr_par' dir='ltr' id='par_1_89' title="bbox 2104 4103 3755 4180">
     <span class='ocr_line' id='line_1_89' title="bbox 2104 4103 3755 4180; baseline -0.004 -15"><span class='ocrx_word' id='word_1_677' title='bbox 2104 4126 2221 4165; x_wconf 90' lang='lat' dir='ltr'><strong>non</strong></span> <span class='ocrx_word' id='word_1_678' title='bbox 2265 4110 2532 4180; x_wconf 88' lang='lat' dir='ltr'><strong>augetur,</strong></span> <span class='ocrx_word' id='word_1_679' title='bbox 2565 4105 2708 4160; x_wconf 88' lang='lat' dir='ltr'><strong>dum</strong></span> <span class='ocrx_word' id='word_1_680' title='bbox 2741 4122 2774 4159; x_wconf 85' lang='lat' dir='ltr'><strong>a</strong></span> <span class='ocrx_word' id='word_1_681' title='bbox 2799 4108 2955 4159; x_wconf 88' lang='lat' dir='ltr'><strong>terra</strong></span> <span class='ocrx_word' id='word_1_682' title='bbox 3002 4105 3257 4175; x_wconf 88' lang='lat' dir='ltr'><strong>quadam</strong></span> <span class='ocrx_word' id='word_1_683' title='bbox 3285 4103 3399 4176; x_wconf 88' lang='lat' dir='ltr'><strong>ipsi</strong></span> <span class='ocrx_word' id='word_1_684' title='bbox 3440 4104 3755 4160; x_wconf 84' lang='lat' dir='ltr'><strong>conferun-</strong></span> 
     </span>
    </p>
   </div>
   <div class='ocr_carea' id='block_1_90' title="bbox 2103 4192 3756 4268">
    <p class='ocr_par' dir='ltr' id='par_1_90' title="bbox 2103 4192 3756 4268">
     <span class='ocr_line' id='line_1_90' title="bbox 2103 4192 3756 4268; baseline -0.002 -15"><span class='ocrx_word' id='word_1_685' title='bbox 2103 4203 2203 4254; x_wconf 91' lang='lat' dir='ltr'><strong>tur</strong></span> <span class='ocrx_word' id='word_1_686' title='bbox 2229 4214 2242 4265; x_wconf 91' lang='lat'><strong>;</strong></span> <span class='ocrx_word' id='word_1_687' title='bbox 2277 4195 2556 4268; x_wconf 89' lang='lat' dir='ltr'><strong>quoniam</strong></span> <span class='ocrx_word' id='word_1_688' title='bbox 2611 4210 2716 4249; x_wconf 90' lang='lat' dir='ltr'><strong>nec</strong></span> <span class='ocrx_word' id='word_1_689' title='bbox 2747 4193 3151 4262; x_wconf 88' lang='lat' dir='ltr'><strong>imperfectum</strong></span> <span class='ocrx_word' id='word_1_690' title='bbox 3198 4192 3417 4248; x_wconf 88' lang='lat' dir='ltr'><strong>factum</strong></span> <span class='ocrx_word' id='word_1_691' title='bbox 3447 4196 3537 4249; x_wconf 90' lang='lat' dir='ltr'><strong>est</strong></span> <span class='ocrx_word' id='word_1_692' title='bbox 3564 4207 3756 4265; x_wconf 81' lang='lat' dir='ltr'><strong>neque</strong></span> 
     </span>
    </p>
   </div>
   <div class='ocr_carea' id='block_1_91' title="bbox 2105 4280 3758 4355">
    <p class='ocr_par' dir='ltr' id='par_1_91' title="bbox 2105 4280 3758 4355">
     <span class='ocr_line' id='line_1_91' title="bbox 2105 4280 3758 4355; baseline -0.004 -12"><span class='ocrx_word' id='word_1_693' title='bbox 2105 4283 2488 4343; x_wconf 90' lang='lat' dir='ltr'><strong>additamenti</strong></span> <span class='ocrx_word' id='word_1_694' title='bbox 2513 4284 2583 4339; x_wconf 91' lang='lat' dir='ltr'><strong>ab</strong></span> <span class='ocrx_word' id='word_1_695' title='bbox 2615 4282 2727 4339; x_wconf 89' lang='lat' dir='ltr'><strong>alio</strong></span> <span class='ocrx_word' id='word_1_696' title='bbox 2751 4282 3008 4355; x_wconf 88' lang='lat' dir='ltr'><strong>quodam</strong></span> <span class='ocrx_word' id='word_1_697' title='bbox 3032 4280 3318 4354; x_wconf 90' lang='lat' dir='ltr'><strong>principio</strong></span> <span class='ocrx_word' id='word_1_698' title='bbox 3341 4280 3595 4354; x_wconf 87' lang='lat' dir='ltr'><strong>indiget;</strong></span> <span class='ocrx_word' id='word_1_699' title='bbox 3615 4298 3758 4353; x_wconf 89' lang='lat' dir='ltr'><strong>quo-</strong></span> 
     </span>
    </p>
   </div>
   <div class='ocr_carea' id='block_1_92' title="bbox 2105 4370 3758 4443">
    <p class='ocr_par' dir='ltr' id='par_1_92' title="bbox 2105 4370 3758 4443">
     <span class='ocr_line' id='line_1_92' title="bbox 2105 4370 3758 4443; baseline -0.002 -12"><span class='ocrx_word' id='word_1_700' title='bbox 2105 4376 2265 4432; x_wconf 90' lang='lat' dir='ltr'><strong>niam</strong></span> <span class='ocrx_word' id='word_1_701' title='bbox 2317 4389 2516 4430; x_wconf 89' lang='lat' dir='ltr'><strong>revera</strong></span> <span class='ocrx_word' id='word_1_702' title='bbox 2579 4374 3062 4428; x_wconf 88' lang='lat' dir='ltr'><strong>consummatum</strong></span> <span class='ocrx_word' id='word_1_703' title='bbox 3128 4374 3186 4425; x_wconf 90' lang='lat' dir='ltr'><strong>et</strong></span> <span class='ocrx_word' id='word_1_704' title='bbox 3259 4370 3585 4443; x_wconf 83' lang='lat' dir='ltr'><strong>perfectum</strong></span> <span class='ocrx_word' id='word_1_705' title='bbox 3651 4387 3758 4428; x_wconf 89' lang='lat' dir='ltr'><strong>nec</strong></span> 
     </span>
    </p>
   </div>
   <div class='ocr_carea' id='block_1_93' title="bbox 2105 4459 3760 4535">
    <p class='ocr_par' dir='ltr' id='par_1_93' title="bbox 2105 4459 3760 4535">
     <span class='ocr_line' id='line_1_93' title="bbox 2105 4459 3760 4535; baseline -0.002 -15"><span class='ocrx_word' id='word_1_706' title='bbox 2105 4464 2285 4521; x_wconf 91' lang='lat' dir='ltr'><strong>ullius</strong></span> <span class='ocrx_word' id='word_1_707' title='bbox 2339 4461 2530 4535; x_wconf 86' lang='lat' dir='ltr'><strong>magis</strong></span> <span class='ocrx_word' id='word_1_708' title='bbox 2575 4460 2886 4533; x_wconf 89' lang='lat' dir='ltr'><strong>indignum</strong></span> <span class='ocrx_word' id='word_1_709' title='bbox 2914 4464 3022 4515; x_wconf 89' lang='lat' dir='ltr'><strong>est.</strong></span> <span class='ocrx_word' id='word_1_710' title='bbox 3075 4459 3289 4515; x_wconf 72' lang='lat' dir='ltr'><strong>Praeter</strong></span> <span class='ocrx_word' id='word_1_711' title='bbox 3335 4459 3492 4515; x_wconf 90' lang='lat' dir='ltr'><strong>dicta</strong></span> <span class='ocrx_word' id='word_1_712' title='bbox 3535 4475 3671 4516; x_wconf 90' lang='lat' dir='ltr'><strong>vero</strong></span> <span class='ocrx_word' id='word_1_713' title='bbox 3701 4463 3760 4517; x_wconf 92' lang='lat' dir='ltr'><strong>et</strong></span> 
     </span>
    </p>
   </div>
   <div class='ocr_carea' id='block_1_94' title="bbox 2104 4548 3756 4622">
    <p class='ocr_par' dir='ltr' id='par_1_94' title="bbox 2104 4548 3756 4622">
     <span class='ocr_line' id='line_1_94' title="bbox 2104 4548 3756 4622; baseline -0.003 -12"><span class='ocrx_word' id='word_1_714' title='bbox 2104 4554 2326 4611; x_wconf 88' lang='lat' dir='ltr'><strong>imbres</strong></span> <span class='ocrx_word' id='word_1_715' title='bbox 2356 4556 2415 4608; x_wconf 91' lang='lat' dir='ltr'><strong>et</strong></span> <span class='ocrx_word' id='word_1_716' title='bbox 2443 4568 2538 4607; x_wconf 92' lang='lat' dir='ltr'><strong>ros</strong></span> <span class='ocrx_word' id='word_1_717' title='bbox 2564 4554 2622 4607; x_wconf 88' lang='lat' dir='ltr'><strong>et</strong></span> <span class='ocrx_word' id='word_1_718' title='bbox 2647 4550 2748 4605; x_wconf 87' lang='lat' dir='ltr'><strong>nix</strong></span> <span class='ocrx_word' id='word_1_719' title='bbox 2776 4553 2834 4605; x_wconf 92' lang='lat' dir='ltr'><strong>et</strong></span> <span class='ocrx_word' id='word_1_720' title='bbox 2862 4549 3049 4605; x_wconf 90' lang='lat' dir='ltr'><strong>nubes</strong></span> <span class='ocrx_word' id='word_1_721' title='bbox 3081 4549 3324 4621; x_wconf 90' lang='lat' dir='ltr'><strong>insuper</strong></span> <span class='ocrx_word' id='word_1_722' title='bbox 3352 4565 3481 4620; x_wconf 68' lang='lat' dir='ltr'><strong>qum</strong></span> <span class='ocrx_word' id='word_1_723' title='bbox 3526 4548 3630 4605; x_wconf 89' lang='lat' dir='ltr'><strong>illa</strong></span> <span class='ocrx_word' id='word_1_724' title='bbox 3657 4565 3756 4622; x_wconf 88' lang='lat' dir='ltr'><strong>ge-</strong></span> 
     </span>
    </p>
   </div>
   <div class='ocr_carea' id='block_1_95' title="bbox 2105 4637 3761 4713">
    <p class='ocr_par' dir='ltr' id='par_1_95' title="bbox 2105 4637 3761 4713">
     <span class='ocr_line' id='line_1_95' title="bbox 2105 4637 3761 4713; baseline -0.003 -14"><span class='ocrx_word' id='word_1_725' title='bbox 2105 4646 2313 4700; x_wconf 89' lang='lat' dir='ltr'><strong>nerant</strong></span> <span class='ocrx_word' id='word_1_726' title='bbox 2341 4645 2398 4698; x_wconf 90' lang='lat' dir='ltr'><strong>et</strong></span> <span class='ocrx_word' id='word_1_727' title='bbox 2427 4656 2791 4713; x_wconf 65' lang='lat' dir='ltr'><strong>quaecunque</strong></span> <span class='ocrx_word' id='word_1_728' title='bbox 2820 4638 3010 4711; x_wconf 91' lang='lat' dir='ltr'><strong>primo</strong></span> <span class='ocrx_word' id='word_1_729' title='bbox 3040 4637 3102 4694; x_wconf 90' lang='lat' dir='ltr'><strong>in</strong></span> <span class='ocrx_word' id='word_1_730' title='bbox 3133 4637 3374 4694; x_wconf 91' lang='lat' dir='ltr'><strong>sublimi</strong></span> <span class='ocrx_word' id='word_1_731' title='bbox 3423 4637 3761 4694; x_wconf 88' lang='lat' dir='ltr'><strong>consistunt</strong></span> 
     </span>
    </p>
   </div>
   <div class='ocr_carea' id='block_1_96' title="bbox 333 4726 1990 4813">
    <p class='ocr_par' dir='ltr' id='par_1_96' title="bbox 333 4726 1990 4813">
     <span class='ocr_line' id='line_1_96' title="bbox 333 4726 1990 4813; baseline 0.001 -29"><span class='ocrx_word' id='word_1_732' title='bbox 333 4736 468 4809; x_wconf 82' lang='grc' dir='ltr'>γῆς,</span> <span class='ocrx_word' id='word_1_733' title='bbox 503 4730 691 4806; x_wconf 87' lang='grc' dir='ltr'>μήτηρ</span> <span class='ocrx_word' id='word_1_734' title='bbox 750 4726 809 4813; x_wconf 60' lang='grc' dir='ltr'>δέ</span> <span class='ocrx_word' id='word_1_735' title='bbox 860 4733 960 4785; x_wconf 91' lang='grc' dir='ltr'><strong>τοῦ</strong></span> <span class='ocrx_word' id='word_1_736' title='bbox 1007 4730 1210 4793; x_wconf 83' lang='grc' dir='ltr'>παντὸς</span> <span class='ocrx_word' id='word_1_737' title='bbox 1258 4726 1479 4799; x_wconf 75' lang='grc' dir='ltr'>ὕδατος,</span> <span class='ocrx_word' id='word_1_738' title='bbox 1528 4730 1871 4807; x_wconf 81' lang='grc' dir='ltr'>προσκείσθω</span> <span class='ocrx_word' id='word_1_739' title='bbox 1936 4729 1990 4786; x_wconf 77' lang='grc' dir='ltr'>δὲ</span> 
     </span>
    </p>
   </div>
   <div class='ocr_carea' id='block_1_97' title="bbox 2103 4726 3757 4813">
    <p class='ocr_par' dir='ltr' id='par_1_97' title="bbox 2103 4726 3757 4798">
     <span class='ocr_line' id='line_1_97' title="bbox 2103 4726 3757 4798; baseline -0.004 -9"><span class='ocrx_word' id='word_1_740' title='bbox 2103 4733 2230 4789; x_wconf 89' lang='lat' dir='ltr'><strong>loco</strong></span> <span class='ocrx_word' id='word_1_741' title='bbox 2261 4734 2318 4787; x_wconf 91' lang='lat' dir='ltr'><strong>et</strong></span> <span class='ocrx_word' id='word_1_742' title='bbox 2348 4729 2560 4786; x_wconf 91' lang='lat' dir='ltr'><strong>deinde</strong></span> <span class='ocrx_word' id='word_1_743' title='bbox 2603 4727 2765 4783; x_wconf 90' lang='lat' dir='ltr'><strong>illinc</strong></span> <span class='ocrx_word' id='word_1_744' title='bbox 2796 4728 2856 4783; x_wconf 91' lang='lat' dir='ltr'><strong>in</strong></span> <span class='ocrx_word' id='word_1_745' title='bbox 2888 4731 3107 4783; x_wconf 89' lang='lat' dir='ltr'><strong>terram</strong></span> <span class='ocrx_word' id='word_1_746' title='bbox 3158 4726 3543 4798; x_wconf 90' lang='lat' dir='ltr'><strong>descendunt,</strong></span> <span class='ocrx_word' id='word_1_747' title='bbox 3591 4726 3757 4783; x_wconf 89' lang='lat' dir='ltr'><strong>insu-</strong></span> 
     </span>
    </p>
   </div>
   <div class='ocr_carea' id='block_1_98' title="bbox 332 4810 1993 4896">
    <p class='ocr_par' dir='ltr' id='par_1_98' title="bbox 332 4810 1993 4896">
     <span class='ocr_line' id='line_1_98' title="bbox 332 4810 1993 4896; baseline -0.001 -20"><span class='ocrx_word' id='word_1_748' title='bbox 332 4816 430 4876; x_wconf 78' lang='grc' dir='ltr'>καί</span> <span class='ocrx_word' id='word_1_749' title='bbox 483 4818 687 4882; x_wconf 86' lang='grc' dir='ltr'>παντὸς</span> <span class='ocrx_word' id='word_1_750' title='bbox 744 4810 931 4896; x_wconf 78' lang='grc' dir='ltr'>ὑγροῦ,</span> <span class='ocrx_word' id='word_1_751' title='bbox 990 4816 1252 4893; x_wconf 83' lang='grc' dir='ltr'>θάλασσα,</span> <span class='ocrx_word' id='word_1_752' title='bbox 1311 4816 1545 4890; x_wconf 73' lang='grc' dir='ltr'>εὔδηλον</span> <span class='ocrx_word' id='word_1_753' title='bbox 1596 4818 1674 4882; x_wconf 84' lang='grc' dir='ltr'><strong>ὡς</strong></span> <span class='ocrx_word' id='word_1_754' title='bbox 1719 4820 1809 4875; x_wconf 83' lang='grc' dir='ltr'>καὶ</span> <span class='ocrx_word' id='word_1_755' title='bbox 1865 4820 1993 4875; x_wconf 82' lang='grc' dir='ltr'>τού-</span> 
     </span>
    </p>
   </div>
   <div class='ocr_carea' id='block_1_99' title="bbox 332 4904 1991 4987">
    <p class='ocr_par' dir='ltr' id='par_1_99' title="bbox 332 4904 1991 4987">
     <span class='ocr_line' id='line_1_99' title="bbox 332 4904 1991 4987; baseline -0.002 -21"><span class='ocrx_word' id='word_1_756' title='bbox 332 4929 448 4966; x_wconf 90' lang='grc' dir='ltr'><strong>των</strong></span> <span class='ocrx_word' id='word_1_757' title='bbox 506 4905 609 4964; x_wconf 68' lang='lat' dir='ltr'><strong>of»:</strong></span> <span class='ocrx_word' id='word_1_758' title='bbox 664 4904 811 4979; x_wconf 77' lang='grc' dir='ltr'>ἄλλη</span> <span class='ocrx_word' id='word_1_759' title='bbox 857 4928 942 4971; x_wconf 89' lang='grc' dir='ltr'><strong>τις</strong></span> <span class='ocrx_word' id='word_1_760' title='bbox 1013 4906 1161 4964; x_wconf 70' lang='grc' dir='ltr'>αἰτία</span> <span class='ocrx_word' id='word_1_761' title='bbox 1202 4909 1267 4964; x_wconf 85' lang='grc' dir='ltr'>τὸ</span> <span class='ocrx_word' id='word_1_762' title='bbox 1318 4908 1485 4987; x_wconf 87' lang='grc' dir='ltr'>μέρος</span> <span class='ocrx_word' id='word_1_763' title='bbox 1548 4912 1710 4965; x_wconf 86' lang='grc' dir='ltr'>τοῦτο</span> <span class='ocrx_word' id='word_1_764' title='bbox 1768 4908 1851 4964; x_wconf 83' lang='grc' dir='ltr'>ὅτι</span> <span class='ocrx_word' id='word_1_765' title='bbox 1916 4911 1991 4983; x_wconf 81' lang='grc' dir='ltr'>μὴ</span> 
     </span>
    </p>
   </div>
   <div class='ocr_carea' id='block_1_100' title="bbox 338 4993 602 5063">
    <p class='ocr_par' dir='ltr' id='par_1_100' title="bbox 338 4993 602 5063">
     <span class='ocr_line' id='line_1_100' title="bbox 338 4993 602 5063; baseline 0 -11"><span class='ocrx_word' id='word_1_766' title='bbox 338 4993 602 5063; x_wconf 81' lang='grc' dir='ltr'>θάλασσα.</span> 
     </span>
    </p>
   </div>
   <div class='ocr_carea' id='block_1_101' title="bbox 2105 4813 3762 4896">
    <p class='ocr_par' dir='ltr' id='par_1_101' title="bbox 2105 4813 3762 4896">
     <span class='ocr_line' id='line_1_101' title="bbox 2105 4813 3762 4896; baseline -0.004 -19"><span class='ocrx_word' id='word_1_767' title='bbox 2105 4837 2210 4896; x_wconf 90' lang='lat' dir='ltr'><strong>per</strong></span> <span class='ocrx_word' id='word_1_768' title='bbox 2238 4836 2380 4876; x_wconf 87' lang='lat' dir='ltr'><strong>sane</strong></span> <span class='ocrx_word' id='word_1_769' title='bbox 2406 4822 2715 4874; x_wconf 90' lang='lat' dir='ltr'><strong>ventorum</strong></span> <span class='ocrx_word' id='word_1_770' title='bbox 2741 4815 3057 4889; x_wconf 89' lang='lat' dir='ltr'><strong>qualitates</strong></span> <span class='ocrx_word' id='word_1_771' title='bbox 3087 4819 3147 4871; x_wconf 91' lang='lat' dir='ltr'><strong>et</strong></span> <span class='ocrx_word' id='word_1_772' title='bbox 3175 4813 3369 4871; x_wconf 91' lang='lat' dir='ltr'><strong>omnis</strong></span> <span class='ocrx_word' id='word_1_773' title='bbox 3399 4813 3632 4887; x_wconf 87' lang='lat' dir='ltr'><strong>generis</strong></span> <span class='ocrx_word' id='word_1_774' title='bbox 3662 4814 3762 4871; x_wconf 92' lang='lat' dir='ltr'><strong>ﬂa-</strong></span> 
     </span>
    </p>
   </div>
   <div class='ocr_carea' id='block_1_102' title="bbox 2104 4903 3757 4981">
    <p class='ocr_par' dir='ltr' id='par_1_102' title="bbox 2104 4903 3757 4981">
     <span class='ocr_line' id='line_1_102' title="bbox 2104 4903 3757 4981; baseline -0.004 -14"><span class='ocrx_word' id='word_1_775' title='bbox 2104 4915 2202 4967; x_wconf 89' lang='lat' dir='ltr'><strong>tus</strong></span> <span class='ocrx_word' id='word_1_776' title='bbox 2232 4925 2301 4966; x_wconf 84' lang='lat' dir='ltr'><strong>ex</strong></span> <span class='ocrx_word' id='word_1_777' title='bbox 2329 4924 2486 4981; x_wconf 88' lang='lat' dir='ltr'><strong>aqua</strong></span> <span class='ocrx_word' id='word_1_778' title='bbox 2514 4905 2872 4979; x_wconf 90' lang='lat' dir='ltr'><strong>principium</strong></span> <span class='ocrx_word' id='word_1_779' title='bbox 2902 4904 3187 4961; x_wconf 88' lang='lat' dir='ltr'><strong>obtinent.</strong></span> <span class='ocrx_word' id='word_1_780' title='bbox 3236 4903 3581 4960; x_wconf 88' lang='lat' dir='ltr'><strong>Plantarum</strong></span> <span class='ocrx_word' id='word_1_781' title='bbox 3611 4920 3757 4977; x_wconf 90' lang='lat' dir='ltr'><strong>quo-</strong></span> 
     </span>
    </p>
   </div>
   <div class='ocr_carea' id='block_1_103' title="bbox 2105 4992 3762 5072">
    <p class='ocr_par' dir='ltr' id='par_1_103' title="bbox 2105 4992 3762 5072">
     <span class='ocr_line' id='line_1_103' title="bbox 2105 4992 3762 5072; baseline -0.002 -18"><span class='ocrx_word' id='word_1_782' title='bbox 2105 5014 2222 5072; x_wconf 89' lang='lat' dir='ltr'><strong>que</strong></span> <span class='ocrx_word' id='word_1_783' title='bbox 2271 4996 2624 5071; x_wconf 84' lang='lat' dir='ltr'><strong>prOpagines</strong></span> <span class='ocrx_word' id='word_1_784' title='bbox 2673 4998 2731 5051; x_wconf 86' lang='lat' dir='ltr'><strong>et</strong></span> <span class='ocrx_word' id='word_1_785' title='bbox 2781 4993 3242 5067; x_wconf 82' lang='lat' dir='ltr'><strong>germinationes</strong></span> <span class='ocrx_word' id='word_1_786' title='bbox 3290 4996 3349 5049; x_wconf 92' lang='lat' dir='ltr'><strong>et</strong></span> <span class='ocrx_word' id='word_1_787' title='bbox 3396 4992 3762 5050; x_wconf 86' lang='lat' dir='ltr'><strong>incrementa</strong></span> 
     </span>
    </p>
   </div>
   <div class='ocr_carea' id='block_1_104' title="bbox 343 5082 3760 5162">
    <p class='ocr_par' dir='ltr' id='par_1_104' title="bbox 343 5082 3760 5162">
     <span class='ocr_line' id='line_1_104' title="bbox 343 5082 3760 5162; baseline -0.001 -18"><span class='ocrx_word' id='word_1_788' title='bbox 343 5087 681 5160; x_wconf 89' lang='lat' dir='ltr'><strong>ﬂorumque</strong></span> <span class='ocrx_word' id='word_1_789' title='bbox 726 5087 1142 5161; x_wconf 87' lang='lat' dir='ltr'><strong>productiones</strong></span> <span class='ocrx_word' id='word_1_790' title='bbox 1169 5092 1248 5146; x_wconf 78' lang='lat' dir='ltr'><strong>&#39;et</strong></span> <span class='ocrx_word' id='word_1_791' title='bbox 1292 5088 1591 5146; x_wconf 89' lang='lat' dir='ltr'><strong>fructuum</strong></span> <span class='ocrx_word' id='word_1_792' title='bbox 1654 5093 1969 5162; x_wconf 88' lang='lat' dir='ltr'><strong>proventus</strong></span> <span class='ocrx_word' id='word_1_793' title='bbox 2025 5106 2096 5146; x_wconf 84' lang='lat' dir='ltr'><strong>ex</strong></span> <span class='ocrx_word' id='word_1_794' title='bbox 2145 5104 2299 5161; x_wconf 90' lang='lat' dir='ltr'><strong>aqua</strong></span> <span class='ocrx_word' id='word_1_795' title='bbox 2342 5085 2503 5142; x_wconf 80' lang='lat' dir='ltr'><strong>velut</strong></span> <span class='ocrx_word' id='word_1_796' title='bbox 2549 5101 2617 5141; x_wconf 84' lang='lat' dir='ltr'><strong>ex</strong></span> <span class='ocrx_word' id='word_1_797' title='bbox 2682 5083 2930 5139; x_wconf 86' lang='lat' dir='ltr'><strong>materia</strong></span> <span class='ocrx_word' id='word_1_798' title='bbox 2974 5082 3326 5155; x_wconf 90' lang='lat' dir='ltr'><strong>proveniunt</strong></span> <span class='ocrx_word' id='word_1_799' title='bbox 3370 5100 3383 5151; x_wconf 92' lang='lat'><strong>;</strong></span> <span class='ocrx_word' id='word_1_800' title='bbox 3433 5098 3551 5138; x_wconf 89' lang='lat' dir='ltr'><strong>non</strong></span> <span class='ocrx_word' id='word_1_801' title='bbox 3601 5082 3760 5140; x_wconf 89' lang='lat' dir='ltr'><strong>enim</strong></span> 
     </span>
    </p>
   </div>
   <div class='ocr_carea' id='block_1_105' title="bbox 345 5170 3761 5249">
    <p class='ocr_par' dir='ltr' id='par_1_105' title="bbox 345 5170 3761 5249">
     <span class='ocr_line' id='line_1_105' title="bbox 345 5170 3761 5249; baseline -0.001 -15"><span class='ocrx_word' id='word_1_802' title='bbox 345 5175 520 5234; x_wconf 84' lang='lat' dir='ltr'><strong>aliter</strong></span> <span class='ocrx_word' id='word_1_803' title='bbox 546 5176 714 5233; x_wconf 84' lang='lat' dir='ltr'><strong>fleret</strong></span> <span class='ocrx_word' id='word_1_804' title='bbox 743 5180 809 5233; x_wconf 93' lang='lat' dir='ltr'><strong>ut</strong></span> <span class='ocrx_word' id='word_1_805' title='bbox 854 5176 915 5233; x_wconf 89' lang='lat' dir='ltr'><strong>in</strong></span> <span class='ocrx_word' id='word_1_806' title='bbox 956 5181 1172 5234; x_wconf 88' lang='lat' dir='ltr'><strong>terram</strong></span> <span class='ocrx_word' id='word_1_807' title='bbox 1223 5177 1527 5235; x_wconf 89' lang='lat' dir='ltr'><strong>inclinent.</strong></span> <span class='ocrx_word' id='word_1_808' title='bbox 1579 5177 1766 5235; x_wconf 91' lang='lat' dir='ltr'><strong>Mater</strong></span> <span class='ocrx_word' id='word_1_809' title='bbox 1813 5178 1970 5234; x_wconf 88' lang='lat' dir='ltr'><strong>enim</strong></span> <span class='ocrx_word' id='word_1_810' title='bbox 2023 5178 2217 5236; x_wconf 89' lang='lat' dir='ltr'><strong>omnis</strong></span> <span class='ocrx_word' id='word_1_811' title='bbox 2266 5192 2454 5249; x_wconf 63' lang='lat' dir='ltr'><strong>aquae,</strong></span> <span class='ocrx_word' id='word_1_812' title='bbox 2503 5174 2756 5230; x_wconf 89' lang='lat' dir='ltr'><strong>addatur</strong></span> <span class='ocrx_word' id='word_1_813' title='bbox 2798 5176 2856 5229; x_wconf 91' lang='lat' dir='ltr'><strong>et</strong></span> <span class='ocrx_word' id='word_1_814' title='bbox 2902 5170 3097 5229; x_wconf 90' lang='lat' dir='ltr'><strong>omnis</strong></span> <span class='ocrx_word' id='word_1_815' title='bbox 3142 5170 3394 5241; x_wconf 89' lang='lat' dir='ltr'><strong>humidi,</strong></span> <span class='ocrx_word' id='word_1_816' title='bbox 3444 5187 3606 5228; x_wconf 87' lang='lat' dir='ltr'><strong>mare</strong></span> <span class='ocrx_word' id='word_1_817' title='bbox 3651 5176 3761 5231; x_wconf 86' lang='lat' dir='ltr'><strong>est.</strong></span> 
     </span>
    </p>
   </div>
   <div class='ocr_carea' id='block_1_106' title="bbox 340 5261 3267 5341">
    <p class='ocr_par' dir='ltr' id='par_1_106' title="bbox 340 5261 3267 5341">
     <span class='ocr_line' id='line_1_106' title="bbox 340 5261 3267 5341; baseline -0.003 -16"><span class='ocrx_word' id='word_1_818' title='bbox 340 5265 503 5325; x_wconf 87' lang='lat' dir='ltr'><strong>Satis</strong></span> <span class='ocrx_word' id='word_1_819' title='bbox 534 5265 691 5323; x_wconf 88' lang='lat' dir='ltr'><strong>clare</strong></span> <span class='ocrx_word' id='word_1_820' title='bbox 720 5266 876 5323; x_wconf 89' lang='lat' dir='ltr'><strong>enim</strong></span> <span class='ocrx_word' id='word_1_821' title='bbox 912 5270 1076 5341; x_wconf 86' lang='lat' dir='ltr'><strong>patet</strong></span> <span class='ocrx_word' id='word_1_822' title='bbox 1114 5268 1270 5339; x_wconf 91' lang='lat' dir='ltr'><strong>quod</strong></span> <span class='ocrx_word' id='word_1_823' title='bbox 1302 5271 1361 5324; x_wconf 89' lang='lat' dir='ltr'><strong>et</strong></span> <span class='ocrx_word' id='word_1_824' title='bbox 1387 5267 1599 5325; x_wconf 90' lang='lat' dir='ltr'><strong>horum</strong></span> <span class='ocrx_word' id='word_1_825' title='bbox 1631 5266 1796 5324; x_wconf 88' lang='lat' dir='ltr'><strong>nulla</strong></span> <span class='ocrx_word' id='word_1_826' title='bbox 1824 5267 1940 5325; x_wconf 89' lang='lat' dir='ltr'><strong>alia</strong></span> <span class='ocrx_word' id='word_1_827' title='bbox 1970 5267 2049 5324; x_wconf 86' lang='lat' dir='ltr'><strong>sit</strong></span> <span class='ocrx_word' id='word_1_828' title='bbox 2077 5283 2258 5324; x_wconf 88' lang='lat' dir='ltr'><strong>causa</strong></span> <span class='ocrx_word' id='word_1_829' title='bbox 2286 5281 2465 5338; x_wconf 87' lang='lat' dir='ltr'><strong>quam</strong></span> <span class='ocrx_word' id='word_1_830' title='bbox 2498 5280 2633 5337; x_wconf 86' lang='lat' dir='ltr'><strong>pars</strong></span> <span class='ocrx_word' id='word_1_831' title='bbox 2662 5261 2782 5332; x_wconf 87' lang='lat' dir='ltr'><strong>illa,</strong></span> <span class='ocrx_word' id='word_1_832' title='bbox 2809 5279 2936 5336; x_wconf 62' lang='lat' dir='ltr'><strong>qua;</strong></span> <span class='ocrx_word' id='word_1_833' title='bbox 2968 5265 3059 5318; x_wconf 92' lang='lat' dir='ltr'><strong>est</strong></span> <span class='ocrx_word' id='word_1_834' title='bbox 3087 5277 3267 5317; x_wconf 88' lang='lat' dir='ltr'><strong>mare.</strong></span> 
     </span>
    </p>
   </div>
   <div class='ocr_carea' id='block_1_107' title="bbox 414 5349 1998 5432">
    <p class='ocr_par' dir='ltr' id='par_1_107' title="bbox 414 5349 1998 5432">
     <span class='ocr_line' id='line_1_107' title="bbox 414 5349 1998 5432; baseline -0.001 -21"><span class='ocrx_word' id='word_1_835' title='bbox 414 5353 489 5411; x_wconf 81' lang='grc' dir='ltr'><strong>Θῦ</strong></span> <span class='ocrx_word' id='word_1_836' title='bbox 546 5349 615 5426; x_wconf 81' lang='grc' dir='ltr'>δὴ</span> <span class='ocrx_word' id='word_1_837' title='bbox 679 5354 820 5428; x_wconf 90' lang='grc' dir='ltr'>μόνα</span> <span class='ocrx_word' id='word_1_838' title='bbox 871 5358 1043 5410; x_wconf 89' lang='grc' dir='ltr'>ταῦτα</span> <span class='ocrx_word' id='word_1_839' title='bbox 1093 5355 1195 5425; x_wconf 79' lang='grc' dir='ltr'>τὴν</span> <span class='ocrx_word' id='word_1_840' title='bbox 1255 5356 1421 5432; x_wconf 77' lang='grc' dir='ltr'>ὑγρὰν</span> <span class='ocrx_word' id='word_1_841' title='bbox 1475 5356 1551 5419; x_wconf 86' lang='grc' dir='ltr'>ὡς</span> <span class='ocrx_word' id='word_1_842' title='bbox 1614 5356 1824 5432; x_wconf 85' lang='grc' dir='ltr'>μητέρα</span> <span class='ocrx_word' id='word_1_843' title='bbox 1860 5354 1998 5412; x_wconf 81' lang='grc' dir='ltr'>κατὰ</span> 
     </span>
    </p>
   </div>
   <div class='ocr_carea' id='block_1_108' title="bbox 336 5442 2003 5522">
    <p class='ocr_par' dir='ltr' id='par_1_108' title="bbox 336 5442 2003 5522">
     <span class='ocr_line' id='line_1_108' title="bbox 336 5442 2003 5522; baseline 0 -23"><span class='ocrx_word' id='word_1_844' title='bbox 336 5443 436 5499; x_wconf 88' lang='grc' dir='ltr'>τὸν</span> <span class='ocrx_word' id='word_1_845' title='bbox 498 5442 788 5520; x_wconf 74' lang='grc' dir='ltr'>εἰρημένον</span> <span class='ocrx_word' id='word_1_846' title='bbox 846 5443 1103 5515; x_wconf 83' lang='grc' dir='ltr'>κέκτηται</span> <span class='ocrx_word' id='word_1_847' title='bbox 1159 5443 1388 5522; x_wconf 84' lang='grc' dir='ltr'>τρόπον,</span> <span class='ocrx_word' id='word_1_848' title='bbox 1431 5442 1577 5501; x_wconf 76' lang='grc' dir='ltr'>ἀλλὰ</span> <span class='ocrx_word' id='word_1_849' title='bbox 1628 5444 1719 5500; x_wconf 77' lang='grc' dir='ltr'><strong>καὶ</strong></span> <span class='ocrx_word' id='word_1_850' title='bbox 1774 5448 2003 5500; x_wconf 84' lang='grc' dir='ltr'>παντοῖα</span> 
     </span>
    </p>
   </div>
   <div class='ocr_carea' id='block_1_109' title="bbox 337 5529 2000 5612">
    <p class='ocr_par' dir='ltr' id='par_1_109' title="bbox 337 5529 2000 5612">
     <span class='ocr_line' id='line_1_109' title="bbox 337 5529 2000 5612; baseline -0.001 -23"><span class='ocrx_word' id='word_1_851' title='bbox 337 5552 470 5612; x_wconf 77' lang='grc' dir='ltr'>γενη</span> <span class='ocrx_word' id='word_1_852' title='bbox 526 5536 636 5589; x_wconf 78' lang='grc' dir='ltr'>τῶν</span> <span class='ocrx_word' id='word_1_853' title='bbox 699 5534 877 5604; x_wconf 84' lang='grc' dir='ltr'>ζώων,</span> <span class='ocrx_word' id='word_1_854' title='bbox 936 5532 1053 5590; x_wconf 80' lang='grc' dir='ltr'>ἐπεὶ</span> <span class='ocrx_word' id='word_1_855' title='bbox 1110 5532 1210 5590; x_wconf 82' lang='grc' dir='ltr'>οὐκ</span> <span class='ocrx_word' id='word_1_856' title='bbox 1263 5529 1404 5589; x_wconf 75' lang='grc' dir='ltr'>ἔστιν</span> <span class='ocrx_word' id='word_1_857' title='bbox 1453 5531 1607 5589; x_wconf 72' lang='grc' dir='ltr'>οὐδὲν</span> <span class='ocrx_word' id='word_1_858' title='bbox 1667 5538 1776 5590; x_wconf 82' lang='grc' dir='ltr'>τῶν</span> <span class='ocrx_word' id='word_1_859' title='bbox 1835 5534 2000 5588; x_wconf 80' lang='grc' dir='ltr'>ἀπάνο</span> 
     </span>
    </p>
   </div>
   <div class='ocr_carea' id='block_1_110' title="bbox 337 5621 1998 5700">
    <p class='ocr_par' dir='ltr' id='par_1_110' title="bbox 337 5621 1998 5700">
     <span class='ocr_line' id='line_1_110' title="bbox 337 5621 1998 5700; baseline 0.001 -21"><span class='ocrx_word' id='word_1_860' title='bbox 337 5643 453 5680; x_wconf 86' lang='grc' dir='ltr'><strong>των</strong></span> <span class='ocrx_word' id='word_1_861' title='bbox 505 5621 537 5679; x_wconf 79' lang='grc' dir='ltr'><strong>ὃ</strong></span> <span class='ocrx_word' id='word_1_862' title='bbox 598 5622 676 5699; x_wconf 83' lang='grc' dir='ltr'>μή</span> <span class='ocrx_word' id='word_1_863' title='bbox 734 5625 804 5699; x_wconf 82' lang='grc' dir='ltr'>τῇ</span> <span class='ocrx_word' id='word_1_864' title='bbox 861 5626 957 5680; x_wconf 88' lang='grc' dir='ltr'><strong>τοῦ</strong></span> <span class='ocrx_word' id='word_1_865' title='bbox 1029 5623 1200 5699; x_wconf 83' lang='grc' dir='ltr'>ὑγροῦ</span> <span class='ocrx_word' id='word_1_866' title='bbox 1261 5626 1475 5700; x_wconf 77' lang='grc' dir='ltr'>μετοχῇ</span> <span class='ocrx_word' id='word_1_867' title='bbox 1527 5630 1630 5694; x_wconf 84' lang='grc' dir='ltr'>τῆς</span> <span class='ocrx_word' id='word_1_868' title='bbox 1688 5622 1998 5698; x_wconf 79' lang='grc' dir='ltr'>ἐπωνυμίας</span> 
     </span>
    </p>
   </div>
   <div class='ocr_carea' id='block_1_111' title="bbox 340 5710 1996 5790">
    <p class='ocr_par' dir='ltr' id='par_1_111' title="bbox 340 5710 1996 5790">
     <span class='ocr_line' id='line_1_111' title="bbox 340 5710 1996 5790; baseline -0.002 -21"><span class='ocrx_word' id='word_1_869' title='bbox 340 5711 551 5783; x_wconf 85' lang='grc' dir='ltr'>ταύτης</span> <span class='ocrx_word' id='word_1_870' title='bbox 639 5710 926 5790; x_wconf 76' lang='grc' dir='ltr'>μετάσχοι.</span> <span class='ocrx_word' id='word_1_871' title='bbox 1002 5712 1206 5769; x_wconf 87' lang='grc' dir='ltr'>Τούτου</span> <span class='ocrx_word' id='word_1_872' title='bbox 1290 5711 1336 5768; x_wconf 85' lang='grc' dir='ltr'>δ’</span> <span class='ocrx_word' id='word_1_873' title='bbox 1395 5712 1610 5790; x_wconf 72' lang='grc' dir='ltr'>ἐναργὲς</span> <span class='ocrx_word' id='word_1_874' title='bbox 1693 5713 1996 5788; x_wconf 85' lang='grc' dir='ltr'>γνώρισμα·</span> 
     </span>
    </p>
   </div>
   <div class='ocr_carea' id='block_1_112' title="bbox 346 5795 1997 5880">
    <p class='ocr_par' dir='ltr' id='par_1_112' title="bbox 346 5795 1997 5880">
     <span class='ocr_line' id='line_1_112' title="bbox 346 5795 1997 5880; baseline -0.002 -21"><span class='ocrx_word' id='word_1_875' title='bbox 346 5797 650 5880; x_wconf 69' lang='grc' dir='ltr'>ὖπειδήπιρ</span> <span class='ocrx_word' id='word_1_876' title='bbox 734 5795 1138 5861; x_wconf 75' lang='grc' dir='ltr'>συναποϐάλλει</span> <span class='ocrx_word' id='word_1_877' title='bbox 1204 5802 1295 5858; x_wconf 73' lang='grc' dir='ltr'><strong>καὶ</strong></span> <span class='ocrx_word' id='word_1_878' title='bbox 1369 5802 1433 5859; x_wconf 80' lang='grc' dir='ltr'>τὸ</span> <span class='ocrx_word' id='word_1_879' title='bbox 1510 5806 1620 5873; x_wconf 80' lang='grc' dir='ltr'>ζῶα</span> <span class='ocrx_word' id='word_1_880' title='bbox 1696 5802 1850 5875; x_wconf 78' lang='grc' dir='ltr'>εἶναι,</span> <span class='ocrx_word' id='word_1_881' title='bbox 1909 5801 1997 5857; x_wconf 74' lang='grc' dir='ltr'><strong>καὶ</strong></span> 
     </span>
    </p>
   </div>
   <div class='ocr_carea' id='block_1_113' title="bbox 2178 5350 3762 5427">
    <p class='ocr_par' dir='ltr' id='par_1_113' title="bbox 2178 5350 3762 5427">
     <span class='ocr_line' id='line_1_113' title="bbox 2178 5350 3762 5427; baseline -0.003 -16"><span class='ocrx_word' id='word_1_882' title='bbox 2178 5355 2295 5411; x_wconf 82' lang='grc' dir='ltr'>Νοο</span> <span class='ocrx_word' id='word_1_883' title='bbox 2325 5352 2585 5427; x_wconf 79' lang='lat' dir='ltr'><strong>profecto</strong></span> <span class='ocrx_word' id='word_1_884' title='bbox 2637 5351 2760 5407; x_wconf 68' lang='lat' dir='ltr'><strong>haec</strong></span> <span class='ocrx_word' id='word_1_885' title='bbox 2787 5351 2913 5409; x_wconf 85' lang='lat' dir='ltr'><strong>sola</strong></span> <span class='ocrx_word' id='word_1_886' title='bbox 2942 5350 3258 5407; x_wconf 91' lang='lat' dir='ltr'><strong>humidum</strong></span> <span class='ocrx_word' id='word_1_887' title='bbox 3305 5354 3591 5424; x_wconf 88' lang='lat' dir='ltr'><strong>tanquam</strong></span> <span class='ocrx_word' id='word_1_888' title='bbox 3635 5366 3762 5407; x_wconf 87' lang='lat' dir='ltr'><strong>ma-</strong></span> 
     </span>
    </p>
   </div>
   <div class='ocr_carea' id='block_1_114' title="bbox 2111 5439 3762 5514">
    <p class='ocr_par' dir='ltr' id='par_1_114' title="bbox 2111 5439 3762 5514">
     <span class='ocr_line' id='line_1_114' title="bbox 2111 5439 3762 5514; baseline -0.004 -12"><span class='ocrx_word' id='word_1_889' title='bbox 2111 5450 2283 5513; x_wconf 90' lang='lat' dir='ltr'><strong>trem,</strong></span> <span class='ocrx_word' id='word_1_890' title='bbox 2317 5461 2384 5500; x_wconf 93' lang='lat' dir='ltr'><strong>eo</strong></span> <span class='ocrx_word' id='word_1_891' title='bbox 2433 5459 2550 5514; x_wconf 94' lang='lat' dir='ltr'><strong>quo</strong></span> <span class='ocrx_word' id='word_1_892' title='bbox 2580 5441 2803 5497; x_wconf 88' lang='lat' dir='ltr'><strong>dictum</strong></span> <span class='ocrx_word' id='word_1_893' title='bbox 2853 5444 2944 5496; x_wconf 87' lang='lat' dir='ltr'><strong>est</strong></span> <span class='ocrx_word' id='word_1_894' title='bbox 2971 5440 3168 5512; x_wconf 91' lang='lat' dir='ltr'><strong>modo,</strong></span> <span class='ocrx_word' id='word_1_895' title='bbox 3217 5440 3425 5496; x_wconf 89' lang='lat' dir='ltr'><strong>sortita</strong></span> <span class='ocrx_word' id='word_1_896' title='bbox 3467 5443 3625 5508; x_wconf 91' lang='lat' dir='ltr'><strong>sunt,</strong></span> <span class='ocrx_word' id='word_1_897' title='bbox 3657 5439 3762 5496; x_wconf 89' lang='lat' dir='ltr'><strong>sed</strong></span> 
     </span>
    </p>
   </div>
   <div class='ocr_carea' id='block_1_115' title="bbox 2111 5527 3763 5605">
    <p class='ocr_par' dir='ltr' id='par_1_115' title="bbox 2111 5527 3763 5605">
     <span class='ocr_line' id='line_1_115' title="bbox 2111 5527 3763 5605; baseline -0.005 -13"><span class='ocrx_word' id='word_1_898' title='bbox 2111 5540 2169 5593; x_wconf 90' lang='lat' dir='ltr'><strong>et</strong></span> <span class='ocrx_word' id='word_1_899' title='bbox 2195 5534 2601 5605; x_wconf 86' lang='lat' dir='ltr'><strong>cujuscunque</strong></span> <span class='ocrx_word' id='word_1_900' title='bbox 2628 5530 2858 5603; x_wconf 82' lang='lat' dir='ltr'><strong>generis</strong></span> <span class='ocrx_word' id='word_1_901' title='bbox 2890 5529 3169 5587; x_wconf 87' lang='lat' dir='ltr'><strong>animalia</strong></span> <span class='ocrx_word' id='word_1_902' title='bbox 3195 5547 3210 5597; x_wconf 87' lang='lat'><strong>;</strong></span> <span class='ocrx_word' id='word_1_903' title='bbox 3233 5528 3375 5602; x_wconf 86' lang='lat' dir='ltr'><strong>quia</strong></span> <span class='ocrx_word' id='word_1_904' title='bbox 3402 5527 3631 5585; x_wconf 92' lang='lat' dir='ltr'><strong>nullum</strong></span> <span class='ocrx_word' id='word_1_905' title='bbox 3663 5528 3763 5585; x_wconf 90' lang='lat' dir='ltr'><strong>da-</strong></span> 
     </span>
    </p>
   </div>
   <div class='ocr_carea' id='block_1_116' title="bbox 2110 5618 3761 5693">
    <p class='ocr_par' dir='ltr' id='par_1_116' title="bbox 2110 5618 3761 5693">
     <span class='ocr_line' id='line_1_116' title="bbox 2110 5618 3761 5693; baseline -0.005 -12"><span class='ocrx_word' id='word_1_906' title='bbox 2110 5630 2208 5682; x_wconf 90' lang='lat' dir='ltr'><strong>tur</strong></span> <span class='ocrx_word' id='word_1_907' title='bbox 2237 5639 2306 5680; x_wconf 85' lang='lat' dir='ltr'><strong>ex</strong></span> <span class='ocrx_word' id='word_1_908' title='bbox 2334 5620 2610 5679; x_wconf 91' lang='lat' dir='ltr'><strong>omnibus</strong></span> <span class='ocrx_word' id='word_1_909' title='bbox 2640 5621 2797 5693; x_wconf 93' lang='lat' dir='ltr'><strong>quod</strong></span> <span class='ocrx_word' id='word_1_910' title='bbox 2830 5637 2945 5676; x_wconf 93' lang='lat' dir='ltr'><strong>non</strong></span> <span class='ocrx_word' id='word_1_911' title='bbox 2978 5621 3051 5676; x_wconf 92' lang='lat' dir='ltr'><strong>ob</strong></span> <span class='ocrx_word' id='word_1_912' title='bbox 3092 5619 3323 5676; x_wconf 88' lang='lat' dir='ltr'><strong>humidi</strong></span> <span class='ocrx_word' id='word_1_913' title='bbox 3361 5618 3761 5692; x_wconf 84' lang='lat' dir='ltr'><strong>participatio-</strong></span> 
     </span>
    </p>
   </div>
   <div class='ocr_carea' id='block_1_117' title="bbox 2113 5708 3758 5785">
    <p class='ocr_par' dir='ltr' id='par_1_117' title="bbox 2113 5708 3758 5785">
     <span class='ocr_line' id='line_1_117' title="bbox 2113 5708 3758 5785; baseline -0.005 -15"><span class='ocrx_word' id='word_1_914' title='bbox 2113 5730 2248 5770; x_wconf 91' lang='lat' dir='ltr'><strong>nem</strong></span> <span class='ocrx_word' id='word_1_915' title='bbox 2296 5712 2563 5785; x_wconf 89' lang='lat' dir='ltr'><strong>ejusdem</strong></span> <span class='ocrx_word' id='word_1_916' title='bbox 2613 5710 2857 5783; x_wconf 88' lang='lat' dir='ltr'><strong>originis</strong></span> <span class='ocrx_word' id='word_1_917' title='bbox 2904 5713 2963 5767; x_wconf 89' lang='lat' dir='ltr'><strong>et</strong></span> <span class='ocrx_word' id='word_1_918' title='bbox 3010 5709 3267 5766; x_wconf 80' lang='lat' dir='ltr'><strong>nominis</strong></span> <span class='ocrx_word' id='word_1_919' title='bbox 3314 5708 3609 5783; x_wconf 88' lang='lat' dir='ltr'><strong>particeps</strong></span> <span class='ocrx_word' id='word_1_920' title='bbox 3658 5708 3758 5763; x_wconf 89' lang='lat' dir='ltr'><strong>sit.</strong></span> 
     </span>
    </p>
   </div>
   <div class='ocr_carea' id='block_1_118' title="bbox 2110 5795 3760 5874">
    <p class='ocr_par' dir='ltr' id='par_1_118' title="bbox 2110 5795 3760 5874">
     <span class='ocr_line' id='line_1_118' title="bbox 2110 5795 3760 5874; baseline -0.004 -15"><span class='ocrx_word' id='word_1_921' title='bbox 2110 5805 2179 5859; x_wconf 86' lang='lat' dir='ltr'><strong>Et</strong></span> <span class='ocrx_word' id='word_1_922' title='bbox 2237 5802 2417 5874; x_wconf 89' lang='lat' dir='ltr'><strong>hujus</strong></span> <span class='ocrx_word' id='word_1_923' title='bbox 2466 5800 2546 5857; x_wconf 88' lang='lat' dir='ltr'><strong>rei</strong></span> <span class='ocrx_word' id='word_1_924' title='bbox 2597 5800 2833 5856; x_wconf 90' lang='lat' dir='ltr'><strong>evidens</strong></span> <span class='ocrx_word' id='word_1_925' title='bbox 2887 5804 2976 5856; x_wconf 76' lang='lat' dir='ltr'><strong>est</strong></span> <span class='ocrx_word' id='word_1_926' title='bbox 3023 5798 3329 5870; x_wconf 89' lang='lat' dir='ltr'><strong>indicium,</strong></span> <span class='ocrx_word' id='word_1_927' title='bbox 3378 5797 3533 5870; x_wconf 90' lang='lat' dir='ltr'><strong>quod</strong></span> <span class='ocrx_word' id='word_1_928' title='bbox 3579 5795 3760 5853; x_wconf 84' lang='lat' dir='ltr'><strong>simul</strong></span> 
     </span>
    </p>
   </div>
  </div>
