4132 6486
286 469 407 534 439

1310 459 1632 526 GEORGII
1673 454 1937 521 GYPRII
1982 452 2100 518 ΟΡ.
2144 456 2678 524 ΡΑΤΒῙΑΒΟΗΛΕ

3591 456 3714 523 “0

292 599 585 663 coincidat
613 601 682 657 ut
730 600 789 656 et
817 594 1097 654 animalia
1143 599 1201 653 et
1229 596 1466 654 omnino
1510 594 1771 651 animata
1801 591 1939 657 sint,

2078 586 2207 653 ἶλως
2238 588 2462 669 ἔμψυχα
2507 594 2607 663 τὴν
2646 589 2922 670 ὑγρότητα
2966 584 3340 650 ἀποϐαλόντα.
3372 585 3548 649 Ἀλλὰ
3598 590 3708 665 μὴν

292 693 345 751 si
392 688 748 748 humiditate
801 691 1018 743 carent.
1076 687 1186 741 Sed
1250 690 1460 756 praeter
1512 688 1717 739 cetera
1765 680 1947 737 maris

290 793 577 862 tanquam
627 786 880 841 maxime
931 784 1235 856 proprium
1288 784 1489 838 foetum
1524 783 1650 837 dico
1701 797 1829 835 esse
1861 778 1946 852 pi-

295 881 482 939 scium
515 882 572 932 et
622 874 948 931 natatilium
983 874 1181 928 omnia
1228 889 1481 943 genera;
1511 871 1664 943 quod
1716 887 1833 941 qua
1861 886 1947 924 ra-

295 970 455 1026 tione
483 966 589 1023 etsi
641 966 816 1037 digne
861 964 994 1035 quis
1043 963 1390 1025 admiretur,
1440 958 1771 1031 intelligat?
1802 958 1947 1012 Nam

298 1066 453 1139 quod
492 1065 560 1120 ad
596 1062 710 1119 alia
741 1063 947 1117 attinet
976 1059 1252 1114 animalia
1276 1064 1660 1130 praeterquam
1693 1056 1849 1127 quod
1880 1056 1950 1110 de

298 1155 544 1212 humido
596 1151 945 1224 participent
977 1168 989 1206 :
1027 1149 1217 1221 pisces
1267 1154 1462 1202 autem
1496 1162 1637 1219 pure
1687 1161 1755 1200 ex
1781 1144 1950 1216 aquis

299 1248 459 1310 sunt,
488 1241 547 1296 in
578 1241 652 1296 iis
703 1239 958 1311 primum
990 1242 1345 1310 generantur
1393 1241 1451 1289 et
1479 1239 1750 1290 crescunt
1778 1238 1835 1289 et
1877 1234 1949 1288 ad

300 1342 479 1398 ﬁnem
511 1355 702 1411 usque
740 1337 1105 1403 nutriuntur,
1140 1334 1358 1407 ingenti
1392 1332 1628 1405 quidem
1680 1330 1949 1387 multitu-

301 1431 479 1488 dine:
514 1429 659 1484 adeo
705 1424 850 1482 utsi
881 1441 1085 1481 eorum
1120 1440 1403 1479 numerus
1443 1421 1723 1478 animalia
1772 1425 1950 1475 terre-

303 1518 451 1577 stria
496 1534 612 1574 non
663 1515 921 1584 excedat,
972 1512 1259 1569 minorem
1319 1515 1517 1568 tamen
1583 1525 1715 1567 esse
1780 1524 1951 1564 nemo

303 1608 507 1681 utique
537 1606 766 1674 dixerit,
795 1607 854 1660 et
901 1602 1146 1659 minime
1170 1602 1221 1659 is
1252 1601 1350 1674 qui
1399 1601 1545 1657 satis
1575 1599 1796 1672 peritus
1842 1602 1950 1654 est.

306 1708 377 1766 Ut
400 1704 725 1779 plurimum
755 1702 999 1775 insuper
1024 1700 1215 1773 pisces
1248 1698 1555 1757 hominum
1587 1697 1783 1771 generi
1816 1712 1951 1752 con—

304 1796 531 1852 ducunt
559 1793 778 1867 quibus
810 1795 868 1847 et
896 1791 1329 1846 nutrimentum
1369 1792 1511 1845 sunt
1541 1791 1599 1844 et
1627 1786 1795 1842 valde
1826 1785 1957 1858 qui-

306 1885 439 1941 dem
470 1898 796 1955 congruum
828 1885 958 1936 tum
988 1879 1332 1953 corporibus
1364 1877 1530 1950 ipsis,
1560 1880 1689 1933 tum
1720 1876 1792 1932 iis
1833 1876 1957 1947 qui-

304 1974 419 2030 bus
450 1951 688 2029 necesse
736 1974 828 2028 est
857 1969 929 2026 ab
980 1951 1141 2025 hisce
1171 1985 1233 2024 se
1281 1972 1566 2023 saturare.
1624 1966 1787 2031 Quod
1832 1982 1955 2021 ser-

2078 1952 2165 2003 μεν
2223 1951 2390 1985 ειπειν
2450 1952 2550 1990 ουκ

308 2077 484 2119 mone
520 2059 847 2134 exprimere
876 2058 987 2115 etsi
1016 2056 1215 2114 minus
1243 2054 1569 2124 liceat,sola
1603 2052 1959 2127 experientia

304 2152 496 2209 docet.

375 2294 492 2351 Nec
522 2308 664 2350 sane
691 2295 924 2348 tantum
958 2294 1196 2363 prepter
1225 2306 1293 2346 ea
1326 2305 1453 2361 quae
1498 2288 1656 2345 dicta
1685 2291 1824 2345 sunt
1852 2303 1957 2360 ap-

307 2386 475 2458 paret
504 2381 732 2438 utilitas
760 2397 924 2453 aqum
955 2384 1014 2437 et
1044 2379 1250 2449 maris,
1282 2378 1516 2452 expedit
1545 2376 1701 2434 enim
1733 2380 1956 2432 utrum-

310 2489 425 2545 que
457 2471 753 2528 afﬁrmare
800 2471 928 2536 (nec
957 2469 1125 2524 aliter
1172 2469 1404 2539 sentio),
1454 2468 1699 2523 minime
1746 2466 1959 2522 horum

308 2566 542 2619 tantum
572 2561 765 2633 gratia
794 2576 953 2615 mare
986 2557 1656 2630 admiratione‘dignum
1690 2573 1837 2622 esse,
1859 2556 1958 2611 sed

309 2655 370 2709 et
401 2655 708 2724 propterea
737 2651 894 2721 quod
929 2648 1163 2720 nosipsi
1194 2646 1293 2703 illo
1319 2647 1410 2703 usi
1444 2647 1632 2702 simus
1664 2663 1797 2702 cum
1834 2645 1961 2700 vitae

309 2745 524 2798 nostra
547 2737 1212 2795 utilitate.Prsatermitto
1239 2737 1419 2793 etiam
1449 2736 1641 2792 dicere
1666 2734 1961 2807 quomodo

313 2845 470 2903 aqua
496 2826 854 2885 animalibus
871 2826 1093 2882 reficiat
1108 2842 1351 2898 corpora
1368 2830 1425 2881 et
1453 2825 1595 2880 dum
1610 2841 1731 2880 eam
1751 2823 1964 2879 bibunt

308 2921 369 2976 et
396 2919 539 2974 dum
560 2933 629 2973 ea
658 2915 1083 2984 abluuntur;et
1114 2914 1408 2986 quomodo
1440 2913 1608 2986 panis
1631 2912 1731 2969 illa
1760 2912 1965 2968 misce-

310 3012 410 3065 tur
437 3012 494 3063 et
522 3006 814 3078 quomodo
844 3021 992 3077 pene
1037 3020 1154 3059 non
1186 3003 1266 3059 sit
1295 3003 1460 3059 cibus
1488 3002 1602 3058 nisi
1632 3018 1766 3059 cum
1810 3018 1967 3073 aqua

315 3098 601 3170 cogatur;
633 3098 691 3150 et
714 3094 869 3166 quod
902 3091 1053 3149 sales
1080 3108 1198 3148 non
1227 3091 1463 3148 aliunde
1505 3090 1815 3159 habemus,
1849 3092 1964 3148 nisi

316 3201 387 3241 ex
414 3184 527 3240 hac
572 3186 893 3250 concretos,
928 3184 986 3236 et
1031 3180 1297 3253 insuper,
1327 3182 1618 3250 quomodo
1660 3180 1764 3236 illa
1797 3180 1966 3252 quasi

319 3271 616 3330 animetur
644 3270 809 3327 cibus
840 3274 897 3326 et
934 3269 1240 3326 suavitatis
1271 3286 1450 3342 quam
1495 3270 1748 3325 maxime
1779 3270 1965 3341 parti-

2057 681 2154 750 τήν
2214 702 2277 755 γε
2331 682 2476 759 παρᾶ
2548 678 2726 739 τᾶλλα
2792 680 3034 756 θαλάσσῃ
3102 679 3438 750 οἰκειοτάτην
3515 680 3709 758 φορὰν,

2055 769 2122 823 τὰ
2150 773 2257 824 τῶν
2309 770 2513 846 ἰχθύων
2573 770 2721 847 λέγω
2771 771 2862 827 καὶ
2912 775 3120 842 νηκτῶν
3178 772 3354 826 πάντα
3410 768 3563 845 γένη,
3593 773 3710 832 πῶς

2059 855 2117 912 ἄν
2150 880 2231 921 τις
2259 859 2354 914 κᾶν
2391 861 2552 932 ἀξίως
2594 862 2864 935 θαυμάσοι
2923 863 3226 938 περινοῶν;
3261 860 3344 917 Τὰ
3397 859 3492 933 μὲν
3530 858 3710 914 τοίνυν

2060 944 2205 1003 ἄλλα
2234 953 2343 1003 τῶν
2379 950 2554 1022 ζώων,
2588 950 2725 1026 πρὸς
2756 948 2836 1023 τῷ
2889 953 2986 1005 τοῦ
3037 950 3206 1025 ὑγροῦ
3266 947 3537 1025 μετέχειν,
3570 946 3711 1003 ἔστιν
3820 992 3825 996 .

2058 1035 2122 1091 οὗ
2152 1038 2242 1092 καὶ
2271 1043 2379 1093 τῶν
2414 1037 2600 1095 ἄλλων
2632 1040 2863 1113 πρώτων
2908 1037 3175 1112 σωμάτων
3230 1037 3469 1115 μετέχει·
3524 1036 3714 1113 ἰχθύες

2061 1122 2118 1180 δὲ
2173 1129 2419 1204 καθαρῶς
2476 1129 2536 1184 ἐκ
2596 1126 2893 1199 θαλάσσης,
2925 1128 2977 1182 έν
3036 1126 3171 1202 αὐτῇ
3231 1128 3329 1197 την
3394 1126 3575 1203 ἀρχὴν
3624 1126 3714 1182 καὶ

2060 1216 2393 1289 γεννώμενοι
2447 1216 2537 1272 καὶ
2597 1216 2906 1292 αὐξόμενοι,
2967 1216 3058 1272 καὶ
3109 1213 3198 1272 διὰ
3268 1214 3463 1278 τέλους
3517 1214 3717 1295 τρεφό-

2065 1325 2238 1378 μενοι,
2269 1303 2475 1361 πολλοὶ
2512 1307 2607 1380 μὲν
2645 1307 2709 1363 τὸ
2756 1306 2989 1377 πλῆθος·
3026 1307 3101 1369 ὡς
3145 1305 3193 1360 εἰ
3238 1304 3329 1361 καὶ
3379 1305 3446 1360 τὰ
3484 1310 3720 1382 χερσαῖα

2065 1394 2140 1467 μὴ
2225 1389 2522 1450 ὑπεϐάλλει
2580 1396 2641 1451 τὸ
2692 1397 2809 1452 κατ’
2864 1394 3077 1467 αὐτοὺς,
3139 1392 3488 1451 ἐλαττοῦσθαι
3566 1390 3715 1463 πλὴν

2063 1480 2239 1547 οὐδεὶς
2322 1482 2451 1561 ἐρεῖ,
2513 1484 2706 1541 οὐκοῦν
2777 1483 2808 1540 ὅ
2881 1491 2930 1562 γ’
3002 1483 3256 1547 ἐπιεικῶς
3336 1480 3715 1558 ἐπιστάμενος,

2062 1571 2293 1628 πλεῖστα
2352 1570 2409 1628 δὲ
2462 1573 2553 1630 καὶ
2606 1579 2685 1647 τῷ
2740 1578 2847 1630 τῶν
2894 1573 3201 1651 ἀνθρώπων
3229 1574 3506 1650 χρήσιμοι
3552 1574 3715 1650 γένει,

2065 1664 2144 1724 οἷς
2200 1684 2259 1718 τε
2314 1664 2490 1741 τροφή
2547 1664 2809 1739 γίγνεται,
2867 1663 2958 1720 καὶ
3023 1663 3171 1737 μάλα
3228 1659 3542 1735 κατάδηλος
3600 1667 3718 1725 τοῖς

2066 1753 2309 1825 σώμασιν
2391 1753 2630 1808 ἐντεῦθεν
2685 1752 2893 1824 αὐτοῖς,
2955 1753 3045 1808 καὶ
3103 1754 3191 1815 οἷς
3246 1750 3312 1807 αὗ
3366 1753 3465 1820 τήν
3536 1749 3715 1822 ἄλλην

2066 1841 2253 1916 χρείαν
2335 1837 2474 1896 ἔστιν
2563 1841 2623 1898 ἐκ
2695 1842 2900 1899 τούτων
2986 1840 3367 1918 ἀποπληροῦν,
3423 1842 3491 1912 ἣν
3568 1838 3719 1917 λόγῳ

2609 1931 2667 1987 ἂν
2728 1932 2841 1988 οἷόν
2871 1933 2919 1987 τ’
2949 1928 3059 2005 εἷή,
3091 1936 3254 2008 πεῖρα
3312 1927 3372 1986 δὲ
3431 1930 3594 2006 μόνον
3638 1927 3719 1986 δι-

2069 2017 2358 2082 δάσκαλος.

2142 2288 2215 2343 Ού
2248 2284 2314 2357 δὴ
2353 2287 2513 2362 μόνον
2543 2292 2652 2345 τῶν
2686 2288 2989 2365 εἰρημένων
3043 2291 3205 2366 χάριν
3259 2289 3321 2345 τὸ
3375 2292 3473 2345 τοῦ
3529 2285 3724 2352 ὕδατος

2071 2383 2268 2452 χρῆμα
2322 2378 2360 2447 ἢ
2415 2376 2479 2433 τδ
2551 2384 2652 2449 τῆς
2726 2377 3020 2451 θαλάσσης,
3081 2375 3249 2450 ἔξεστι
3326 2378 3431 2455 γὰρ
3503 2376 3722 2434 ἀκούειν

2072 2465 2340 2543 ἑκάτερον,
2401 2466 2464 2522 ού
2517 2464 2865 2546 διαφέρομαι,
2899 2467 3027 2545 ούχὶ
3086 2467 3291 2524 τούτων
3347 2464 3503 2524 ἕνεκα
3562 2466 3726 2541 μόνον

2069 2554 2344 2628 θαύματος
2416 2555 2587 2627 ἄξιον,
2637 2554 2785 2614 ἀλλὰ
2848 2557 2938 2612 καὶ
3013 2558 3085 2613 ὧν
3164 2558 3331 2630 ἡμεῖς
3404 2557 3727 2633 κεχρήμεθα

2073 2644 2220 2717 αὐτῷ
2267 2645 2651 2724 συμφερόντως
2703 2651 2783 2719 τῷ
2835 2645 2961 2722 βίῳ.
2996 2646 3096 2702 Καὶ
3151 2645 3359 2725 ἀφίημι
3419 2644 3593 2722 Λέγειν
3649 2643 3726 2706 ὡς

2074 2733 2362 2789 ἀνακτᾶται
2419 2736 2481 2791 τὸ
2538 2732 2684 2811 ὕδωρ
2740 2741 2859 2798 τοῖς
2920 2736 3080 2806 ζώοις
3133 2736 3200 2791 τὰ
3256 2735 3505 2808 σώματα,
3562 2736 3724 2789 τοῦτο

2079 2824 2174 2897 μὲν
2234 2823 2469 2898 πίνουσι,
2528 2829 2688 2880 τοῦτο
2775 2821 2832 2880 δὲ
2916 2826 3006 2881 καὶ
3091 2823 3437 2898 λουομένοις·
3492 2822 3583 2879 καὶ
3651 2822 3727 2886 ὡς

2075 2913 2236 2989 ἄρτος
2269 2912 2456 2989 φύεται
2509 2911 2684 2987 ὕδατι,
2726 2912 2816 2968 καὶ
2847 2912 2922 2976 ὡς
2964 2913 3063 2969 οὐκ
3116 2910 3257 2969 ἔστιν
3320 2911 3472 2968 οὐδὲν
3532 2908 3727 2988 σχεδὸν

2075 3001 2153 3064 εἷς
2216 3002 2443 3079 βρῶσιν,
2477 3000 2507 3058 δ
2542 3024 2595 3058 τι
2657 3003 2733 3076 μή
2793 3002 2909 3077 μεθ’
2965 2999 3159 3065 ὕδατος
3218 3000 3583 3079 χρηματίσαι,
3642 3000 3732 3057 καὶ

2075 3089 2159 3145 ὅτι
2212 3089 2341 3153 τοὺς
2401 3089 2539 3154 ἅλας
2624 3090 2723 3146 οὐκ
2777 3088 3009 3147 ἄλλοθεν
3068 3089 3271 3167 ἔχομεν
3324 3091 3362 3160 ἢ
3418 3089 3484 3146 ἐκ
3533 3088 3732 3147 τούτου

2076 3177 2518 3252 συνισταμένους,
2580 3181 2695 3253 μεθ’
2775 3181 2847 3235 ῶν
2926 3181 3042 3235 οἷον
3119 3180 3467 3255 ἐμψυχοῦται
3530 3178 3733 3258 τροφὴ,

2077 3268 2167 3322 καὶ
2225 3265 2432 3338 ἡδονῆς
2497 3269 2573 3332 ὡς
2625 3266 2885 3325 πλεῖστον
2976 3270 3217 3345 μετέχει,
3275 3267 3366 3323 καὶ
3423 3266 3736 3345 ἀνθρώποις

318 3377 456 3434 ceps
487 3361 590 3416 fiat
616 3363 674 3416 et
717 3358 1060 3415 hominibus
1091 3336 1334 3431 prorsus
1363 3364 1567 3431 gratus
1598 3359 1696 3430 sit,
1729 3336 1961 3431 etprae-

2078 3336 2315 3428 καθάπ-αξ
2374 3336 2514 3413 έστὶν
2571 3358 2781 3430 αἱρετὴ,
2840 3358 2932 3414 καὶ
2977 3336 3146 3435 πρός-
3203 3336 3268 3433 γε
3350 3362 3471 3421 τοῖς
3515 3336 3737 3433 εἰρημέ-

316 3453 407 3507 ter
453 3447 630 3516 dicta,
686 3447 841 3519 quod
890 3446 1094 3502 sordes
1146 3451 1356 3518 purget
1403 3462 1556 3518 aqua
1602 3450 1659 3501 et
1704 3445 1966 3502 maculas

316 3536 479 3594 eluat
507 3541 567 3593 et
604 3534 1049 3608 inquinamenta
1099 3539 1393 3590 removeat
1431 3540 1488 3590 et
1526 3536 1798 3605 fcetores;
1847 3534 1969 3591 baac

317 3625 477 3683 enim
529 3622 1013 3680 manifestissime
1044 3627 1183 3680 nota
1229 3628 1385 3679 sunt.
1419 3624 1488 3678 Et
1512 3639 1651 3697 sane
1682 3623 1797 3679 alia
1830 3629 1971 3679 sunt

316 3713 391 3771 ad
436 3728 564 3783 qum
595 3710 766 3767 nobis
815 3698 972 3783 aqua
1021 3726 1170 3783 opus
1219 3716 1343 3777 est;
1390 3727 1526 3767 nam
1579 3727 1697 3783 qua
1745 3712 1968 3769 ratione

318 3800 534 3874 aliquis
563 3800 722 3856 brevi
751 3803 1015 3872 tempore
1063 3802 1296 3856 enarret
1343 3816 1410 3855 ea
1438 3799 1652 3872 quibus
1698 3800 1969 3858 universa

314 3890 437 3947 vita
466 3889 728 3945 humana
758 3905 873 3944 non
907 3888 1220 3955 sufﬁceret,
1255 3888 1303 3944 si
1334 3888 1619 3945 vellemus
1664 3890 1967 3961 sigillatim

316 3995 605 4052 exponere
630 3994 996 4051 quaecunque
1027 3978 1368 4034 hominibus
1389 3994 1457 4034 ex
1480 3978 1629 4034 mari
1656 3981 1969 4036 accedunt?

317 4068 452 4136 Sed,
486 4068 570 4123 uti
619 4084 726 4140 par
774 4072 883 4136 est,
934 4067 1197 4140 accipere
1246 4068 1530 4123 debemus
1581 4074 1639 4124 et
1684 4074 1969 4142 tanquam

318 4158 632 4215 obscuram
681 4156 996 4227 quamdam
1057 4156 1569 4213 adumbrationem
1636 4158 1973 4215 existimare

319 4262 654 4304 sermonem
684 4245 854 4300 illum
885 4244 982 4316 qui
1015 4245 1085 4301 de
1113 4244 1207 4301 his
1238 4245 1665 4302 instituitur.Et
1694 4247 1971 4318 quoniam

321 4332 513 4391 multa
557 4339 854 4406 suntquae
904 4335 975 4389 ad
1008 4333 1329 4389 humanam
1383 4333 1559 4390 vitam
1614 4337 1970 4406 conducunt,

323 4439 428 4481 nec
458 4423 655 4480 omnis
702 4427 870 4479 terrae
914 4440 1050 4495 pars
1098 4423 1297 4478 omnia
1344 4424 1508 4493 ferat,
1542 4441 1731 4497 neque
1781 4426 1974 4482 omnis

325 4512 645 4568 multitudo
675 4512 942 4568 omnium
974 4511 1209 4567 utilium
1241 4512 1458 4567 ibidem
1493 4515 1796 4584 proveniat
1840 4516 1972 4585 loci,

322 4601 424 4659 sed
472 4600 574 4657 illa
603 4601 842 4673 quidem
882 4602 1020 4657 Asia
1069 4601 1302 4673 habeat,
1335 4597 1457 4658 haec
1493 4608 1687 4659 autem
1721 4604 1971 4678 Europa,

2076 3467 2211 3519 νοις,
2250 3445 2335 3502 ὅτι
2381 3447 2473 3502 καὶ
2505 3445 2707 3524 ῥύπους
2751 3446 2995 3524 καθαίρει
3051 3445 3115 3502 τό
3172 3444 3321 3524 ὕδωρ
3378 3445 3470 3502 καὶ
3498 3441 3735 3516 κηλῖδας

2078 3533 2352 3608 ἐκπλύνει,
2386 3536 2476 3592 καὶ
2536 3535 2839 3610 μολυσμῶν
2897 3532 3231 3593 ἀπαλλάττει
3290 3534 3383 3592 καὶ
3443 3531 3732 3597 δυσωδίας·

2077 3628 2329 3702 γνώριμα
2400 3625 2503 3702 γὰρ
2578 3629 2744 3681 ταῦτα
2818 3629 3148 3704 περιφανῶς·
3203 3624 3271 3681 τὰ
3345 3622 3404 3680 δέ
3480 3645 3545 3700 γε
3626 3623 3734 3697 μὴν

2076 3710 2232 3789 ἕτερα
2290 3713 2369 3776 εἷς
2428 3713 2526 3769 ὅσα
2581 3717 2717 3787 ἡμῖν
2767 3713 3075 3789 ἀναγκαίως
3136 3709 3263 3791 ἕχον
3298 3712 3411 3770 ἐστὶ
3438 3710 3585 3787 τόδε,
3617 3716 3735 3775 πῶς

2080 3802 2139 3857 ἄν
2170 3824 2253 3865 τις
2289 3801 2339 3857 ἐν
2375 3801 2555 3879 ὀλίγῳ
2585 3802 2775 3879 χρόνῳ
2807 3801 3055 3872 διέλθοι;
3088 3803 3161 3858 Ού
3192 3803 3296 3879 γὰρ
3329 3802 3388 3858 ἃν
3425 3801 3543 3878 βίος
3600 3796 3735 3865 ὅλος

2079 3892 2418 3964 ἀνθρώπινος
2524 3892 2861 3969 ἀποχρήσοι,
2954 3891 3318 3969 βουλομένοις
3405 3893 3730 3948 καθέκαστον

2081 3979 2335 4051 διελθεῖν,
2379 3980 2478 4036 ὅσα
2530 3986 2648 4043 τοῖς
2708 3983 3017 4059 ἀνθρώποις
3073 3981 3133 4038 ἐκ
3182 3978 3456 4052 θαλάττης
3513 3981 3742 4057 προσγί-

2079 4091 2248 4134 νεται,
2299 4068 2452 4140 Πλὴν
2505 4071 2738 4146 ἅψασθαι
2801 4072 2913 4147 χρή
2979 4069 3214 4147 μετρίως
3273 4069 3364 4125 καὶ
3406 4068 3529 4126 ὅσον
3588 4072 3741 4143 ἀμυ-

2082 4158 2211 4236 δράν
2296 4180 2415 4216 τινα
2492 4160 2845 4237 σκιαγραφίαν
2916 4161 3005 4215 τὸν
3085 4161 3210 4237 περὶ
3254 4150 3476 4216 τούτων
3532 4156 3742 4224 οἷέσθαι

2083 4247 2271 4324 λόγον.
2305 4246 2540 4305 Πολλῶν
2597 4247 2776 4304 τοίνυν
2835 4244 3007 4304 ὄντων
3049 4250 3084 4305 ἅ
3136 4269 3199 4325 γε
3254 4248 3332 4311 εἷς
3388 4249 3480 4305 τὸν
3538 4246 3749 4325 ἀνθρώ-

2082 4360 2239 4394 πινον
2299 4338 2417 4415 βίον
2474 4335 2645 4406 τελεῖ,
2678 4337 2788 4416 οὐχ
2839 4339 3073 4402 ἅπαντος
3132 4335 3190 4394 δὲ
3250 4336 3450 4414 μέρους
3515 4343 3621 4413 γῆς
3677 4338 3748 4392 τὰ

2084 4426 2259 4484 πάντα
2318 4428 2596 4506 φέροντος,
2645 4425 2760 4483 οὐδ’
2814 4427 3007 4503 ἀθρόον
3065 4432 3172 4483 τῶν
3233 4426 3528 4506 χρησίμων
3582 4422 3748 4482 ἀπάν-

2087 4539 2192 4572 των
2252 4516 2304 4571 ἐν
2359 4521 2542 4590 ταυτῷ
2602 4514 3031 4591 ἀναδιδομένων,
3084 4514 3230 4574 ἀλλὰ
3284 4516 3353 4572 τὰ
3411 4516 3508 4591 μὲν
3568 4514 3747 4578 Ἀσίας

2087 4605 2344 4683 ἐχούσης,
2401 4606 2470 4661 τὰ
2546 4603 2604 4662 δὲ
2672 4605 2967 4682 Εὐρώπης,
3021 4603 3179 4682 ἕτερα
3249 4605 3307 4661 δὲ
3368 4600 3603 4677 Λιϐύης,
3655 4603 3747 4661 καὶ

322 4690 437 4748 alia
466 4706 602 4748 vero
650 4690 848 4746 Africa
876 4695 932 4747 et
981 4689 1097 4745 alia
1140 4696 1307 4746 terrae
1356 4691 1514 4763 regio
1560 4691 1697 4763 alia,
1731 4693 1846 4750 nisi
1894 4696 1965 4751 di-

2098 4694 2243 4751 ἄλλα
2300 4694 2483 4771 ἒτέροτ
2544 4694 2811 4768 κλίματος
2870 4702 2998 4771 γῆς,
3031 4695 3090 4751 ἂν
3154 4695 3231 4769 μὴ
3291 4696 3631 4752 συνάπτουσα
3676 4694 3745 4765 ἦν

325 4784 551 4837 stantes
581 4779 950 4836 continentes
999 4780 1379 4852 conjungeret
1409 4798 1570 4837 mare
1602 4787 1659 4837 et
1705 4781 1975 4842 homines

327 4869 430 4943 qui
460 4868 844 4944 undiquaque
897 4873 1056 4940 sunt,
1092 4887 1195 4942 per
1223 4869 1367 4924 illud
1400 4871 1819 4929 commercium
1870 4874 1979 4931 ha-

325 4957 529 5014 berent
574 4974 709 5014 cum
761 4956 892 5014 aliis
940 4958 1043 5031 qui
1093 4957 1430 5031 ubicunque
1477 4964 1768 5017 terrarum
1819 4967 1978 5036 sunt,

324 5045 462 5103 licet
489 5046 695 5119 paucis
727 5046 1072 5103 necessariis
1105 5047 1249 5104 satis
1280 5047 1607 5105 abundaret
1639 5050 1836 5124 aliqua
1884 5069 1983 5109 na-

322 5134 430 5203 tio,
474 5135 787 5191 deficerent
837 5140 1034 5193 tamen
1082 5136 1385 5208 plurima:
1427 5155 1585 5195 nunc
1633 5144 1828 5196 autem
1879 5159 1983 5215 per

326 5240 490 5282 mare
520 5224 617 5280 alii
671 5224 805 5281 aliis
835 5241 962 5297 quae
1014 5242 1252 5283 necesse
1283 5226 1524 5300 habent,
1558 5231 1977 5301 suppeditant;

326 5318 386 5371 et
432 5313 780 5369 admiranda
826 5316 1097 5386 quaedam
1147 5317 1483 5373 communio
1528 5317 1871 5375 hominibus
1927 5325 1984 5377 et

327 5402 568 5458 ubertas
613 5401 803 5458 victus
850 5407 940 5459 est
981 5421 993 5471 ;
1041 5405 1314 5474 quoniam
1366 5422 1434 5461 ea
1476 5423 1604 5478 quae
1646 5406 1825 5464 vitam
1879 5426 1983 5464 no-

328 5495 514 5548 stram
563 5495 899 5547 sustentant
936 5492 1318 5565 undiquaque
1347 5511 1449 5565 per
1489 5494 1597 5551 hoc
1627 5494 1981 5553 elementum

327 5584 755 5653 apportantur;
792 5583 849 5635 et
895 5581 1231 5638 existimare
1273 5589 1503 5654 oportet
1545 5601 1705 5641 mare
1745 5602 1859 5641 non
1892 5587 1981 5641 di-

324 5668 483 5727 visas
516 5686 619 5725 nec
670 5687 702 5726 a
728 5685 791 5726 se
821 5668 1069 5725 invicem
1120 5673 1406 5728 distantes
1439 5674 1627 5730 facere
1679 5674 1982 5732 continen-

323 5762 454 5831 tes;
488 5776 622 5814 nam
678 5775 794 5815 non
826 5759 1035 5814 accedo
1087 5758 1203 5816 illis
1255 5780 1321 5817 cx
1374 5764 1668 5820 veteribus
1721 5764 1819 5839 qui
1873 5764 1981 5822 hoc

2085 4786 2179 4847 τὰς
2223 4782 2514 4847 διεστώσας
2576 4783 2837 4861 ἠπείρους
2894 4783 3156 4853 θάλασσα,
3185 4785 3277 4840 καὶ
3333 4785 3605 4861 ἄνθρωποι
3659 4780 3751 4839 διὰ

2091 4872 2293 4944 ταύτης
2328 4871 2684 4950 ἐπεμίσγοντο
2716 4875 2767 4929 oi
2825 4873 3195 4954 ἁπανταχόθεν
3237 4879 3352 4938 τοῖς
3410 4870 3751 4945 ὁποιδήποτε

2091 4969 2215 5037 γῆς,
2248 4961 2343 5017 κᾶν
2407 4959 2610 5040 ὀλίγων
2671 4963 2764 5036 μὲν
2822 4968 2929 5019 τῶν
3000 4959 3322 5033 ἐπιτηδείων
3410 4960 3628 5038 εὐπόρει
3683 4962 3776 5018 τὸ·

2092 5052 2270 5127 γένος,
2330 5049 2656 5107 ἀπελείπετο
2734 5049 2792 5108 δὲ
2862 5057 2970 5108 τῶν
3028 5050 3325 5109 πλείστωνο
3381 5051 3497 5109 νυνὶ
3550 5047 3614 5106 δὲ
3658 5047 3752 5106 διὰ

2094 5138 2368 5209 θαλάττης
2432 5137 2706 5212 ἀλλήλοις
2760 5142 2827 5196 τὰ
2884 5139 3022 5218 πρὸς
3070 5139 3340 5212 ἀλλήλων
3401 5136 3612 5199 διδόασι
3660 5138 3750 5197 καὶ

2094 5229 2371 5301 θαυμασία
2429 5250 2510 5291 τις
2578 5229 2837 5285 κοινωνία
2902 5234 3021 5293 τοῖς
3094 5228 3401 5305 ἀνθρώποις
3484 5227 3750 5297 lanios»,

2092 5317 2182 5372 καὶ
2242 5317 2469 5396 ἀφθονία
2532 5317 2674 5395 βίου,
2710 5317 2826 5374 ἐπεὶ
2875 5317 2964 5374 καὶ
3011 5319 3076 5374 τὰ
3121 5317 3402 5374 συνεκτικὰ
3448 5323 3552 5388 τῆς
3608 5319 3751 5392 ἡμε-

2090 5406 2248 5483 τέρας
2306 5412 2451 5477 ζωῆς
2524 5409 2838 5486 ἁπανταχοῦ
2900 5405 2989 5464 διὰ
3058 5404 3220 5464 τοῦδε
3289 5411 3387 5463 τοῦ
3469 5405 3750 5484 στοιχείου

2092 5496 2397 5570 κομίζεται,
2454 5497 2545 5552 καί
2604 5518 2667 5574 γε
2749 5499 2826 5571 μὴ
2905 5494 3156 5575 διαιρεῖν,
3215 5493 3357 5570 μηδὲ
3428 5492 3748 5566 ἀποδιιστᾷν

2093 5583 2360 5657 ἀλλήλων
2405 5586 2502 5649 τὰς
2558 5586 2820 5664 ἠπείρους
2877 5586 3118 5661 νομίζειν
3178 5588 3446 5662 προσήκει
3510 5586 3613 5656 τὴν
3663 5584 3753 5643 θά-

2093 5673 2316 5730 λασσαν·
2352 5674 2413 5731 ού
2444 5677 2549 5752 γάρ
2578 5698 2663 5732 τοι
2698 5675 3010 5750 συντίθεμαι
3068 5677 3151 5738 οἷς
3210 5680 3318 5732 τῶν
3369 5673 3542 5732 πάλαι
3600 5675 3751 5731 ταῦθ’

2095 5763 2269 5827 οὕτως
2328 5761 2523 5840 ἐδόκει,
2580 5764 2890 5823 τουναντίον
2966 5766 3060 5841 μὲν
3122 5761 3213 5821 οῦν
3292 5765 3578 5822 συνάπτειν
3654 5763 3751 5822 καὶ
