  <div class='ocr_page' id='page_1' title='image "/cluster/home/n/w/nwhite01/storage/ocr_20150623/142/coo.31924054870476/228.png"; bbox 0 0 4132 6430; ppageno 0'>
   <div class='ocr_carea' id='block_1_1' title="bbox 417 465 531 533">
    <p class='ocr_par' dir='ltr' id='par_1_1' title="bbox 417 465 531 533">
     <span class='ocr_line' id='line_1_1' title="bbox 417 465 531 533; baseline -0.018 1"><span class='ocrx_word' id='word_1_1' title='bbox 417 465 531 533; x_wconf 71' lang='lat' dir='ltr'>Ml</span> 
     </span>
    </p>
   </div>
   <div class='ocr_carea' id='block_1_2' title="bbox 1755 463 2485 531">
    <p class='ocr_par' dir='ltr' id='par_1_2' title="bbox 1755 463 2485 531">
     <span class='ocr_line' id='line_1_2' title="bbox 1755 463 2485 531; baseline -0.003 -2"><span class='ocrx_word' id='word_1_2' title='bbox 1755 463 2173 531; x_wconf 80' lang='lat' dir='ltr'><strong>ENCOMIUM</strong></span> <span class='ocrx_word' id='word_1_3' title='bbox 2217 464 2485 529; x_wconf 79' lang='lat' dir='ltr'>MARIS.</span> 
     </span>
    </p>
   </div>
   <div class='ocr_carea' id='block_1_3' title="bbox 3710 455 3831 521">
    <p class='ocr_par' dir='ltr' id='par_1_3' title="bbox 3710 455 3831 521">
     <span class='ocr_line' id='line_1_3' title="bbox 3710 455 3831 521; baseline -0.017 1"><span class='ocrx_word' id='word_1_4' title='bbox 3710 455 3831 521; x_wconf 69' lang='lat' dir='ltr'>M2</span> 
     </span>
    </p>
   </div>
   <div class='ocr_carea' id='block_1_4' title="bbox 417 590 2066 678">
    <p class='ocr_par' dir='ltr' id='par_1_4' title="bbox 417 594 2066 678">
     <span class='ocr_line' id='line_1_4' title="bbox 417 594 2066 678; baseline -0.005 -18"><span class='ocrx_word' id='word_1_5' title='bbox 417 603 494 666; x_wconf 72' lang='grc' dir='ltr'>εἰς</span> <span class='ocrx_word' id='word_1_6' title='bbox 541 597 706 678; x_wconf 75' lang='grc' dir='ltr'>ἄκραν</span> <span class='ocrx_word' id='word_1_7' title='bbox 754 594 942 660; x_wconf 67' lang='grc' dir='ltr'>ἶνωσιν</span> <span class='ocrx_word' id='word_1_8' title='bbox 996 597 1125 658; x_wconf 82' lang='grc' dir='ltr'>ἰέναι</span> <span class='ocrx_word' id='word_1_9' title='bbox 1172 597 1370 662; x_wconf 77' lang='grc' dir='ltr'>ταύτας</span> <span class='ocrx_word' id='word_1_10' title='bbox 1418 605 1617 672; x_wconf 81' lang='grc' dir='ltr'>ποιεῖν,</span> <span class='ocrx_word' id='word_1_11' title='bbox 1667 597 1729 653; x_wconf 69' lang='grc' dir='ltr'>οὐ</span> <span class='ocrx_word' id='word_1_12' title='bbox 1783 597 1945 672; x_wconf 83' lang='grc' dir='ltr'>μόνον</span> <span class='ocrx_word' id='word_1_13' title='bbox 1987 595 2066 652; x_wconf 78' lang='grc' dir='ltr'>ὅτι</span> 
     </span>
    </p>
   </div>
   <div class='ocr_carea' id='block_1_5' title="bbox 2181 590 3827 678">
    <p class='ocr_par' dir='ltr' id='par_1_5' title="bbox 2185 590 3827 671">
     <span class='ocr_line' id='line_1_5' title="bbox 2185 590 3827 671; baseline -0.004 -17"><span class='ocrx_word' id='word_1_14' title='bbox 2185 598 2616 671; x_wconf 80' lang='lat' dir='ltr'>opinabantur;</span> <span class='ocrx_word' id='word_1_15' title='bbox 2668 595 2770 654; x_wconf 89' lang='lat' dir='ltr'>sed</span> <span class='ocrx_word' id='word_1_16' title='bbox 2799 611 2829 654; x_wconf 91' lang='lat' dir='ltr'>e</span> <span class='ocrx_word' id='word_1_17' title='bbox 2851 598 3054 653; x_wconf 87' lang='lat' dir='ltr'>contra</span> <span class='ocrx_word' id='word_1_18' title='bbox 3074 591 3300 667; x_wconf 83' lang='lat' dir='ltr'>judico,</span> <span class='ocrx_word' id='word_1_19' title='bbox 3331 607 3494 649; x_wconf 85' lang='lat' dir='ltr'>mare</span> <span class='ocrx_word' id='word_1_20' title='bbox 3525 590 3827 648; x_wconf 87' lang='lat' dir='ltr'>continen-</span> 
     </span>
    </p>
   </div>
   <div class='ocr_carea' id='block_1_6' title="bbox 416 687 2066 770">
    <p class='ocr_par' dir='ltr' id='par_1_6' title="bbox 416 687 2066 770">
     <span class='ocr_line' id='line_1_6' title="bbox 416 687 2066 770; baseline -0.003 -23"><span class='ocrx_word' id='word_1_21' title='bbox 416 693 516 762; x_wconf 80' lang='grc' dir='ltr'>τήν</span> <span class='ocrx_word' id='word_1_22' title='bbox 601 691 771 765; x_wconf 89' lang='grc' dir='ltr'>μέσην</span> <span class='ocrx_word' id='word_1_23' title='bbox 851 688 1112 770; x_wconf 73' lang='grc' dir='ltr'>εἰληφυῖα</span> <span class='ocrx_word' id='word_1_24' title='bbox 1188 690 1376 767; x_wconf 87' lang='grc' dir='ltr'>χώραν</span> <span class='ocrx_word' id='word_1_25' title='bbox 1454 687 1649 762; x_wconf 86' lang='grc' dir='ltr'>δεσμὸς</span> <span class='ocrx_word' id='word_1_26' title='bbox 1722 693 1830 744; x_wconf 79' lang='grc' dir='ltr'>τῶν</span> <span class='ocrx_word' id='word_1_27' title='bbox 1891 689 2066 764; x_wconf 83' lang='grc' dir='ltr'>ἄκρων</span> 
     </span>
    </p>
   </div>
   <div class='ocr_carea' id='block_1_7' title="bbox 418 777 2065 853">
    <p class='ocr_par' dir='ltr' id='par_1_7' title="bbox 418 777 2065 853">
     <span class='ocr_line' id='line_1_7' title="bbox 418 777 2065 853; baseline -0.003 -17"><span class='ocrx_word' id='word_1_28' title='bbox 418 780 576 853; x_wconf 84' lang='grc' dir='ltr'>ἐστὶν,</span> <span class='ocrx_word' id='word_1_29' title='bbox 629 779 755 836; x_wconf 88' lang='grc' dir='ltr'>ἀλλ’</span> <span class='ocrx_word' id='word_1_30' title='bbox 805 779 886 834; x_wconf 78' lang='grc' dir='ltr'>ὅτι</span> <span class='ocrx_word' id='word_1_31' title='bbox 937 780 1026 835; x_wconf 85' lang='grc' dir='ltr'>καὶ</span> <span class='ocrx_word' id='word_1_32' title='bbox 1076 779 1440 835; x_wconf 80' lang='grc' dir='ltr'>ἐπικοινωνεῖν</span> <span class='ocrx_word' id='word_1_33' title='bbox 1491 777 1742 849; x_wconf 76' lang='grc' dir='ltr'>ἀλλήλας</span> <span class='ocrx_word' id='word_1_34' title='bbox 1788 778 1855 832; x_wconf 81' lang='grc' dir='ltr'>τὰ</span> <span class='ocrx_word' id='word_1_35' title='bbox 1897 778 2010 850; x_wconf 82' lang='grc' dir='ltr'>τμή</span> <span class='ocrx_word' id='word_1_36' title='bbox 2043 809 2065 818; x_wconf 91' lang='grc'><strong><em>-</em></strong></span> 
     </span>
    </p>
   </div>
   <div class='ocr_carea' id='block_1_8' title="bbox 423 864 2066 943">
    <p class='ocr_par' dir='ltr' id='par_1_8' title="bbox 423 864 2066 943">
     <span class='ocr_line' id='line_1_8' title="bbox 423 864 2066 943; baseline -0.003 -19"><span class='ocrx_word' id='word_1_37' title='bbox 423 889 562 943; x_wconf 84' lang='grc' dir='ltr'><strong>ματα</strong></span> <span class='ocrx_word' id='word_1_38' title='bbox 589 872 661 943; x_wconf 80' lang='grc' dir='ltr'>κῇ</span> <span class='ocrx_word' id='word_1_39' title='bbox 705 866 940 924; x_wconf 73' lang='grc' dir='ltr'>διαδόσει</span> <span class='ocrx_word' id='word_1_40' title='bbox 987 869 1077 924; x_wconf 84' lang='grc' dir='ltr'>καὶ</span> <span class='ocrx_word' id='word_1_41' title='bbox 1123 867 1476 923; x_wconf 80' lang='grc' dir='ltr'>ἐπαλλάττειν</span> <span class='ocrx_word' id='word_1_42' title='bbox 1529 872 1692 924; x_wconf 84' lang='grc' dir='ltr'>ποιεῖ.</span> <span class='ocrx_word' id='word_1_43' title='bbox 1743 864 1912 928; x_wconf 70' lang='grc' dir='ltr'>ῗΙδοις</span> <span class='ocrx_word' id='word_1_44' title='bbox 1963 866 2066 940; x_wconf 80' lang='grc' dir='ltr'>γὰρ</span> 
     </span>
    </p>
   </div>
   <div class='ocr_carea' id='block_1_9' title="bbox 419 954 2066 1036">
    <p class='ocr_par' dir='ltr' id='par_1_9' title="bbox 419 954 2066 1036">
     <span class='ocr_line' id='line_1_9' title="bbox 419 954 2066 1036; baseline -0.003 -22"><span class='ocrx_word' id='word_1_45' title='bbox 419 957 478 1014; x_wconf 72' lang='grc' dir='ltr'>ἂν</span> <span class='ocrx_word' id='word_1_46' title='bbox 511 958 588 1021; x_wconf 83' lang='grc' dir='ltr'>εἷς</span> <span class='ocrx_word' id='word_1_47' title='bbox 632 959 729 1027; x_wconf 76' lang='grc' dir='ltr'>τήν</span> <span class='ocrx_word' id='word_1_48' title='bbox 783 955 1012 1026; x_wconf 77' lang='grc' dir='ltr'>Ἰνδικὴν</span> <span class='ocrx_word' id='word_1_49' title='bbox 1063 957 1424 1036; x_wconf 81' lang='grc' dir='ltr'>ἐπιφοιτῶντα</span> <span class='ocrx_word' id='word_1_50' title='bbox 1478 957 1676 1013; x_wconf 80' lang='grc' dir='ltr'>Κελτὸν</span> <span class='ocrx_word' id='word_1_51' title='bbox 1724 955 1813 1011; x_wconf 82' lang='grc' dir='ltr'>καὶ</span> <span class='ocrx_word' id='word_1_52' title='bbox 1865 954 2012 1010; x_wconf 89' lang='grc' dir='ltr'>Γαλά</span> <span class='ocrx_word' id='word_1_53' title='bbox 2043 987 2066 997; x_wconf 94' lang='grc'><strong><em>-</em></strong></span> 
     </span>
    </p>
   </div>
   <div class='ocr_carea' id='block_1_10' title="bbox 417 1044 2066 1119">
    <p class='ocr_par' dir='ltr' id='par_1_10' title="bbox 417 1044 2066 1119">
     <span class='ocr_line' id='line_1_10' title="bbox 417 1044 2066 1119; baseline -0.002 -16"><span class='ocrx_word' id='word_1_54' title='bbox 417 1069 543 1119; x_wconf 89' lang='grc' dir='ltr'>την,</span> <span class='ocrx_word' id='word_1_55' title='bbox 591 1047 680 1104; x_wconf 81' lang='grc' dir='ltr'>καὶ</span> <span class='ocrx_word' id='word_1_56' title='bbox 732 1047 808 1109; x_wconf 83' lang='grc' dir='ltr'>εἷς</span> <span class='ocrx_word' id='word_1_57' title='bbox 858 1048 958 1116; x_wconf 82' lang='grc' dir='ltr'>τήν</span> <span class='ocrx_word' id='word_1_58' title='bbox 1009 1047 1224 1102; x_wconf 79' lang='grc' dir='ltr'>ἐκείνων</span> <span class='ocrx_word' id='word_1_59' title='bbox 1274 1047 1422 1109; x_wconf 80' lang='grc' dir='ltr'>αὖθις</span> <span class='ocrx_word' id='word_1_60' title='bbox 1476 1044 1674 1107; x_wconf 80' lang='grc' dir='ltr'>Ἰνδοὺς</span> <span class='ocrx_word' id='word_1_61' title='bbox 1719 1047 1818 1115; x_wconf 75' lang='grc' dir='ltr'>τήν</span> <span class='ocrx_word' id='word_1_62' title='bbox 1869 1044 2066 1100; x_wconf 85' lang='grc' dir='ltr'>θάλατ-</span> 
     </span>
    </p>
   </div>
   <div class='ocr_carea' id='block_1_11' title="bbox 419 1131 2067 1212">
    <p class='ocr_par' dir='ltr' id='par_1_11' title="bbox 419 1131 2067 1212">
     <span class='ocr_line' id='line_1_11' title="bbox 419 1131 2067 1212; baseline -0.004 -20"><span class='ocrx_word' id='word_1_63' title='bbox 419 1157 514 1193; x_wconf 90' lang='grc' dir='ltr'>ταν</span> <span class='ocrx_word' id='word_1_64' title='bbox 567 1131 1080 1210; x_wconf 82' lang='grc' dir='ltr'>διαπεραιουμένους</span> <span class='ocrx_word' id='word_1_65' title='bbox 1115 1154 1128 1168; x_wconf 76' lang='grc' dir='ltr'><strong>ο</strong></span> <span class='ocrx_word' id='word_1_66' title='bbox 1174 1136 1234 1191; x_wconf 81' lang='grc' dir='ltr'>οὐ</span> <span class='ocrx_word' id='word_1_67' title='bbox 1278 1136 1378 1212; x_wconf 78' lang='grc' dir='ltr'>γὰρ</span> <span class='ocrx_word' id='word_1_68' title='bbox 1438 1133 1624 1198; x_wconf 83' lang='grc' dir='ltr'>ἄλλως</span> <span class='ocrx_word' id='word_1_69' title='bbox 1683 1135 1796 1189; x_wconf 79' lang='grc' dir='ltr'>οἷόν</span> <span class='ocrx_word' id='word_1_70' title='bbox 1849 1153 1927 1190; x_wconf 88' lang='grc' dir='ltr'>τε·</span> <span class='ocrx_word' id='word_1_71' title='bbox 1979 1133 2067 1188; x_wconf 82' lang='grc' dir='ltr'>καὶ</span> 
     </span>
    </p>
   </div>
   <div class='ocr_carea' id='block_1_12' title="bbox 423 1220 2068 1301">
    <p class='ocr_par' dir='ltr' id='par_1_12' title="bbox 423 1220 2068 1301">
     <span class='ocr_line' id='line_1_12' title="bbox 423 1220 2068 1301; baseline -0.002 -19"><span class='ocrx_word' id='word_1_72' title='bbox 423 1221 618 1288; x_wconf 75' lang='grc' dir='ltr'>Λίϐυες</span> <span class='ocrx_word' id='word_1_73' title='bbox 669 1226 733 1281; x_wconf 84' lang='grc' dir='ltr'>αὗ</span> <span class='ocrx_word' id='word_1_74' title='bbox 782 1220 1149 1299; x_wconf 89' lang='grc' dir='ltr'>διατρίϐουσιν</span> <span class='ocrx_word' id='word_1_75' title='bbox 1211 1225 1262 1282; x_wconf 82' lang='grc' dir='ltr'>ὲν</span> <span class='ocrx_word' id='word_1_76' title='bbox 1316 1224 1552 1300; x_wconf 79' lang='grc' dir='ltr'>Εὐρώπῃ</span> <span class='ocrx_word' id='word_1_77' title='bbox 1609 1225 1950 1301; x_wconf 79' lang='grc' dir='ltr'>χρησάμενοι</span> <span class='ocrx_word' id='word_1_78' title='bbox 1999 1226 2068 1296; x_wconf 76' lang='grc' dir='ltr'>τῇ</span> 
     </span>
    </p>
   </div>
   <div class='ocr_carea' id='block_1_13' title="bbox 420 1311 2064 1390">
    <p class='ocr_par' dir='ltr' id='par_1_13' title="bbox 420 1311 2064 1390">
     <span class='ocr_line' id='line_1_13' title="bbox 420 1311 2064 1390; baseline -0.003 -19"><span class='ocrx_word' id='word_1_79' title='bbox 420 1314 676 1389; x_wconf 82' lang='grc' dir='ltr'>θαλάσσῃ,</span> <span class='ocrx_word' id='word_1_80' title='bbox 734 1314 824 1369; x_wconf 81' lang='grc' dir='ltr'>καὶ</span> <span class='ocrx_word' id='word_1_81' title='bbox 875 1315 1030 1373; x_wconf 78' lang='grc' dir='ltr'>Ἀσία</span> <span class='ocrx_word' id='word_1_82' title='bbox 1077 1315 1208 1376; x_wconf 80' lang='grc' dir='ltr'>τοὺς</span> <span class='ocrx_word' id='word_1_83' title='bbox 1256 1313 1308 1385; x_wconf 82' lang='grc' dir='ltr'>ἐξ</span> <span class='ocrx_word' id='word_1_84' title='bbox 1352 1315 1602 1390; x_wconf 74' lang='grc' dir='ltr'>ἑκατέρας</span> <span class='ocrx_word' id='word_1_85' title='bbox 1650 1321 1750 1390; x_wconf 81' lang='grc' dir='ltr'>γῆς</span> <span class='ocrx_word' id='word_1_86' title='bbox 1799 1311 2064 1390; x_wconf 81' lang='grc' dir='ltr'>δέχεται,</span> 
     </span>
    </p>
   </div>
   <div class='ocr_carea' id='block_1_14' title="bbox 414 1401 2070 1478">
    <p class='ocr_par' dir='ltr' id='par_1_14' title="bbox 414 1401 2070 1478">
     <span class='ocr_line' id='line_1_14' title="bbox 414 1401 2070 1478; baseline -0.002 -18"><span class='ocrx_word' id='word_1_87' title='bbox 414 1411 514 1475; x_wconf 85' lang='grc' dir='ltr'>τῆς</span> <span class='ocrx_word' id='word_1_88' title='bbox 584 1403 752 1474; x_wconf 73' lang='grc' dir='ltr'>αὐτῆς</span> <span class='ocrx_word' id='word_1_89' title='bbox 831 1403 1032 1474; x_wconf 76' lang='grc' dir='ltr'>ταύτης</span> <span class='ocrx_word' id='word_1_90' title='bbox 1113 1405 1556 1478; x_wconf 83' lang='grc' dir='ltr'>παραπεμψάσης</span> <span class='ocrx_word' id='word_1_91' title='bbox 1593 1422 1604 1433; x_wconf 81' lang='lat'><strong><em>°</em></strong></span> <span class='ocrx_word' id='word_1_92' title='bbox 1663 1401 1747 1458; x_wconf 85' lang='grc' dir='ltr'>διὸ</span> <span class='ocrx_word' id='word_1_93' title='bbox 1817 1403 1910 1458; x_wconf 81' lang='grc' dir='ltr'>καὶ</span> <span class='ocrx_word' id='word_1_94' title='bbox 1971 1401 2070 1458; x_wconf 78' lang='grc' dir='ltr'>οὐκ</span> 
     </span>
    </p>
   </div>
   <div class='ocr_carea' id='block_1_15' title="bbox 416 1490 2067 1570">
    <p class='ocr_par' dir='ltr' id='par_1_15' title="bbox 416 1490 2067 1570">
     <span class='ocr_line' id='line_1_15' title="bbox 416 1490 2067 1570; baseline -0.002 -21"><span class='ocrx_word' id='word_1_95' title='bbox 416 1491 527 1549; x_wconf 71' lang='grc' dir='ltr'>ἔστι</span> <span class='ocrx_word' id='word_1_96' title='bbox 589 1493 666 1567; x_wconf 81' lang='grc' dir='ltr'>μὴ</span> <span class='ocrx_word' id='word_1_97' title='bbox 721 1492 812 1548; x_wconf 83' lang='grc' dir='ltr'>καὶ</span> <span class='ocrx_word' id='word_1_98' title='bbox 867 1496 975 1548; x_wconf 81' lang='grc' dir='ltr'>τῶν</span> <span class='ocrx_word' id='word_1_99' title='bbox 1039 1490 1223 1548; x_wconf 80' lang='grc' dir='ltr'>ἄλλων</span> <span class='ocrx_word' id='word_1_100' title='bbox 1282 1492 1522 1565; x_wconf 89' lang='grc' dir='ltr'>νομίζειν</span> <span class='ocrx_word' id='word_1_101' title='bbox 1574 1491 1706 1547; x_wconf 79' lang='grc' dir='ltr'>εἶναι</span> <span class='ocrx_word' id='word_1_102' title='bbox 1755 1492 1922 1570; x_wconf 71' lang='grc' dir='ltr'>φορὰν</span> <span class='ocrx_word' id='word_1_103' title='bbox 1969 1495 2067 1562; x_wconf 76' lang='grc' dir='ltr'>τὴν</span> 
     </span>
    </p>
   </div>
   <div class='ocr_carea' id='block_1_16' title="bbox 413 1579 2068 1660">
    <p class='ocr_par' dir='ltr' id='par_1_16' title="bbox 413 1579 2068 1660">
     <span class='ocr_line' id='line_1_16' title="bbox 413 1579 2068 1660; baseline -0.001 -22"><span class='ocrx_word' id='word_1_104' title='bbox 413 1589 514 1653; x_wconf 85' lang='grc' dir='ltr'>τῆς</span> <span class='ocrx_word' id='word_1_105' title='bbox 545 1581 730 1658; x_wconf 75' lang='grc' dir='ltr'>ἑτέρας</span> <span class='ocrx_word' id='word_1_106' title='bbox 757 1585 868 1638; x_wconf 79' lang='grc' dir='ltr'>τῶν</span> <span class='ocrx_word' id='word_1_107' title='bbox 915 1580 1163 1658; x_wconf 75' lang='grc' dir='ltr'>ἠπείρων</span> <span class='ocrx_word' id='word_1_108' title='bbox 1216 1583 1404 1660; x_wconf 74' lang='grc' dir='ltr'>φοράν·</span> <span class='ocrx_word' id='word_1_109' title='bbox 1463 1579 1588 1637; x_wconf 77' lang='grc' dir='ltr'>οὐδὲ</span> <span class='ocrx_word' id='word_1_110' title='bbox 1633 1583 1769 1636; x_wconf 83' lang='grc' dir='ltr'>κατὰ</span> <span class='ocrx_word' id='word_1_111' title='bbox 1794 1588 1895 1652; x_wconf 81' lang='grc' dir='ltr'>τῆς</span> <span class='ocrx_word' id='word_1_112' title='bbox 1929 1588 2068 1637; x_wconf 83' lang='grc' dir='ltr'>Σκυ-</span> 
     </span>
    </p>
   </div>
   <div class='ocr_carea' id='block_1_17' title="bbox 415 1666 2068 1747">
    <p class='ocr_par' dir='ltr' id='par_1_17' title="bbox 415 1666 2068 1747">
     <span class='ocr_line' id='line_1_17' title="bbox 415 1666 2068 1747; baseline 0 -21"><span class='ocrx_word' id='word_1_113' title='bbox 415 1673 522 1727; x_wconf 82' lang='grc' dir='ltr'>θῶν</span> <span class='ocrx_word' id='word_1_114' title='bbox 575 1673 681 1747; x_wconf 77' lang='grc' dir='ltr'>γῆς</span> <span class='ocrx_word' id='word_1_115' title='bbox 741 1666 971 1746; x_wconf 88' lang='grc' dir='ltr'>Ἀραϐία</span> <span class='ocrx_word' id='word_1_116' title='bbox 1024 1672 1314 1744; x_wconf 70' lang='grc' dir='ltr'>κομπάζει*</span> <span class='ocrx_word' id='word_1_117' title='bbox 1375 1668 1490 1726; x_wconf 81' lang='grc' dir='ltr'>οὐδ’</span> <span class='ocrx_word' id='word_1_118' title='bbox 1544 1674 1578 1740; x_wconf 78' lang='grc' dir='ltr'>ἡ</span> <span class='ocrx_word' id='word_1_119' title='bbox 1635 1675 1744 1726; x_wconf 82' lang='grc' dir='ltr'>τῶν</span> <span class='ocrx_word' id='word_1_120' title='bbox 1793 1671 2068 1728; x_wconf 75' lang='grc' dir='ltr'>Αἰθιόπων</span> 
     </span>
    </p>
   </div>
   <div class='ocr_carea' id='block_1_18' title="bbox 413 1757 2068 1836">
    <p class='ocr_par' dir='ltr' id='par_1_18' title="bbox 413 1757 2068 1836">
     <span class='ocr_line' id='line_1_18' title="bbox 413 1757 2068 1836; baseline -0.001 -20"><span class='ocrx_word' id='word_1_121' title='bbox 413 1759 549 1816; x_wconf 79' lang='grc' dir='ltr'>κατὰ</span> <span class='ocrx_word' id='word_1_122' title='bbox 593 1766 694 1829; x_wconf 85' lang='grc' dir='ltr'>τῆς</span> <span class='ocrx_word' id='word_1_123' title='bbox 741 1757 1034 1831; x_wconf 78' lang='grc' dir='ltr'>Ἑλλάδος,</span> <span class='ocrx_word' id='word_1_124' title='bbox 1085 1757 1197 1815; x_wconf 78' lang='grc' dir='ltr'>οὐδ’</span> <span class='ocrx_word' id='word_1_125' title='bbox 1244 1757 1310 1814; x_wconf 78' lang='grc' dir='ltr'>αὖ</span> <span class='ocrx_word' id='word_1_126' title='bbox 1368 1760 1523 1836; x_wconf 75' lang='grc' dir='ltr'>ἑτέρα</span> <span class='ocrx_word' id='word_1_127' title='bbox 1579 1781 1664 1822; x_wconf 91' lang='grc' dir='ltr'>τις</span> <span class='ocrx_word' id='word_1_128' title='bbox 1717 1762 1832 1814; x_wconf 84' lang='grc' dir='ltr'>καθ’</span> <span class='ocrx_word' id='word_1_129' title='bbox 1863 1761 2068 1836; x_wconf 69' lang='grc' dir='ltr'>ἑτέρας’</span> 
     </span>
    </p>
   </div>
   <div class='ocr_carea' id='block_1_19' title="bbox 415 1845 2072 1924">
    <p class='ocr_par' dir='ltr' id='par_1_19' title="bbox 415 1845 2072 1924">
     <span class='ocr_line' id='line_1_19' title="bbox 415 1845 2072 1924; baseline 0.001 -20"><span class='ocrx_word' id='word_1_130' title='bbox 415 1848 530 1904; x_wconf 66' lang='grc' dir='ltr'>ἐπεὶ</span> <span class='ocrx_word' id='word_1_131' title='bbox 585 1849 654 1904; x_wconf 89' lang='grc' dir='ltr'>τά</span> <span class='ocrx_word' id='word_1_132' title='bbox 709 1869 772 1924; x_wconf 92' lang='grc' dir='ltr'>γε</span> <span class='ocrx_word' id='word_1_133' title='bbox 829 1845 1092 1904; x_wconf 79' lang='grc' dir='ltr'>δοκοῦντα</span> <span class='ocrx_word' id='word_1_134' title='bbox 1145 1847 1378 1919; x_wconf 73' lang='grc' dir='ltr'>ἑκάστης</span> <span class='ocrx_word' id='word_1_135' title='bbox 1431 1845 1542 1904; x_wconf 64' lang='grc' dir='ltr'>ἴδια</span> <span class='ocrx_word' id='word_1_136' title='bbox 1589 1849 1746 1904; x_wconf 81' lang='grc' dir='ltr'>κοινά</span> <span class='ocrx_word' id='word_1_137' title='bbox 1789 1855 1907 1912; x_wconf 86' lang='grc' dir='ltr'>ταῖς</span> <span class='ocrx_word' id='word_1_138' title='bbox 1937 1849 2072 1904; x_wconf 81' lang='grc' dir='ltr'>ἁπά-</span> 
     </span>
    </p>
   </div>
   <div class='ocr_carea' id='block_1_20' title="bbox 2177 680 3830 761">
    <p class='ocr_par' dir='ltr' id='par_1_20' title="bbox 2177 680 3830 761">
     <span class='ocr_line' id='line_1_20' title="bbox 2177 680 3830 761; baseline -0.005 -18"><span class='ocrx_word' id='word_1_139' title='bbox 2177 693 2265 745; x_wconf 88' lang='lat' dir='ltr'>tes</span> <span class='ocrx_word' id='word_1_140' title='bbox 2297 690 2651 761; x_wconf 84' lang='lat' dir='ltr'>conjungere</span> <span class='ocrx_word' id='word_1_141' title='bbox 2682 692 2740 744; x_wconf 91' lang='lat' dir='ltr'>et</span> <span class='ocrx_word' id='word_1_142' title='bbox 2787 687 2974 743; x_wconf 88' lang='lat' dir='ltr'>facere</span> <span class='ocrx_word' id='word_1_143' title='bbox 3009 689 3077 741; x_wconf 91' lang='lat' dir='ltr'>ut</span> <span class='ocrx_word' id='word_1_144' title='bbox 3105 684 3166 742; x_wconf 90' lang='lat' dir='ltr'>in</span> <span class='ocrx_word' id='word_1_145' title='bbox 3213 697 3512 741; x_wconf 89' lang='lat' dir='ltr'>summam</span> <span class='ocrx_word' id='word_1_146' title='bbox 3552 680 3830 737; x_wconf 89' lang='lat' dir='ltr'>unionem</span> 
     </span>
    </p>
   </div>
   <div class='ocr_carea' id='block_1_21' title="bbox 2177 770 3832 847">
    <p class='ocr_par' dir='ltr' id='par_1_21' title="bbox 2177 770 3832 847">
     <span class='ocr_line' id='line_1_21' title="bbox 2177 770 3832 847; baseline -0.004 -15"><span class='ocrx_word' id='word_1_147' title='bbox 2177 777 2289 833; x_wconf 65' lang='lat' dir='ltr'>illa:</span> <span class='ocrx_word' id='word_1_148' title='bbox 2321 779 2704 847; x_wconf 84' lang='lat' dir='ltr'>conveniant;</span> <span class='ocrx_word' id='word_1_149' title='bbox 2739 794 2852 834; x_wconf 92' lang='lat' dir='ltr'>non</span> <span class='ocrx_word' id='word_1_150' title='bbox 2883 780 3112 832; x_wconf 87' lang='lat' dir='ltr'>tantum</span> <span class='ocrx_word' id='word_1_151' title='bbox 3161 773 3313 845; x_wconf 88' lang='lat' dir='ltr'>quod</span> <span class='ocrx_word' id='word_1_152' title='bbox 3363 770 3623 828; x_wconf 90' lang='lat' dir='ltr'>medium</span> <span class='ocrx_word' id='word_1_153' title='bbox 3671 787 3832 826; x_wconf 89' lang='lat' dir='ltr'>mare</span> 
     </span>
    </p>
   </div>
   <div class='ocr_carea' id='block_1_22' title="bbox 2177 859 3827 939">
    <p class='ocr_par' dir='ltr' id='par_1_22' title="bbox 2177 859 3827 939">
     <span class='ocr_line' id='line_1_22' title="bbox 2177 859 3827 939; baseline -0.004 -17"><span class='ocrx_word' id='word_1_154' title='bbox 2177 867 2371 924; x_wconf 90' lang='lat' dir='ltr'>locum</span> <span class='ocrx_word' id='word_1_155' title='bbox 2406 868 2682 939; x_wconf 89' lang='lat' dir='ltr'>adeptum</span> <span class='ocrx_word' id='word_1_156' title='bbox 2709 870 3101 922; x_wconf 86' lang='lat' dir='ltr'>extremarum</span> <span class='ocrx_word' id='word_1_157' title='bbox 3126 863 3382 936; x_wconf 89' lang='lat' dir='ltr'>partium</span> <span class='ocrx_word' id='word_1_158' title='bbox 3403 859 3702 917; x_wconf 84' lang='lat' dir='ltr'>vinculum</span> <span class='ocrx_word' id='word_1_159' title='bbox 3730 859 3827 928; x_wconf 83' lang='lat' dir='ltr'>sit,</span> 
     </span>
    </p>
   </div>
   <div class='ocr_carea' id='block_1_23' title="bbox 2178 948 3830 1029">
    <p class='ocr_par' dir='ltr' id='par_1_23' title="bbox 2178 948 3830 1029">
     <span class='ocr_line' id='line_1_23' title="bbox 2178 948 3830 1029; baseline -0.006 -16"><span class='ocrx_word' id='word_1_160' title='bbox 2178 958 2280 1013; x_wconf 90' lang='lat' dir='ltr'>sed</span> <span class='ocrx_word' id='word_1_161' title='bbox 2313 958 2468 1028; x_wconf 93' lang='lat' dir='ltr'>quod</span> <span class='ocrx_word' id='word_1_162' title='bbox 2501 957 2745 1029; x_wconf 79' lang='lat' dir='ltr'>insuper</span> <span class='ocrx_word' id='word_1_163' title='bbox 2783 957 3077 1028; x_wconf 91' lang='lat' dir='ltr'>portiones</span> <span class='ocrx_word' id='word_1_164' title='bbox 3099 958 3264 1010; x_wconf 66' lang='lat' dir='ltr'>terra</span> <span class='ocrx_word' id='word_1_165' title='bbox 3295 951 3407 1008; x_wconf 91' lang='lat' dir='ltr'>sibi</span> <span class='ocrx_word' id='word_1_166' title='bbox 3438 950 3686 1006; x_wconf 90' lang='lat' dir='ltr'>invicem</span> <span class='ocrx_word' id='word_1_167' title='bbox 3715 948 3830 1004; x_wconf 88' lang='lat' dir='ltr'>dis-</span> 
     </span>
    </p>
   </div>
   <div class='ocr_carea' id='block_1_24' title="bbox 2177 1041 3830 1112">
    <p class='ocr_par' dir='ltr' id='par_1_24' title="bbox 2177 1041 3830 1112">
     <span class='ocr_line' id='line_1_24' title="bbox 2177 1041 3830 1112; baseline -0.004 -12"><span class='ocrx_word' id='word_1_168' title='bbox 2177 1047 2496 1102; x_wconf 90' lang='lat' dir='ltr'>tributione</span> <span class='ocrx_word' id='word_1_169' title='bbox 2553 1045 2987 1101; x_wconf 84' lang='lat' dir='ltr'>communicare</span> <span class='ocrx_word' id='word_1_170' title='bbox 3038 1046 3095 1099; x_wconf 91' lang='lat' dir='ltr'>et</span> <span class='ocrx_word' id='word_1_171' title='bbox 3152 1042 3308 1098; x_wconf 90' lang='lat' dir='ltr'>inter</span> <span class='ocrx_word' id='word_1_172' title='bbox 3360 1056 3425 1096; x_wconf 88' lang='lat' dir='ltr'>se</span> <span class='ocrx_word' id='word_1_173' title='bbox 3495 1041 3830 1112; x_wconf 76' lang='lat' dir='ltr'>permutare</span> 
     </span>
    </p>
   </div>
   <div class='ocr_carea' id='block_1_25' title="bbox 2178 1128 3830 1198">
    <p class='ocr_par' dir='ltr' id='par_1_25' title="bbox 2178 1128 3830 1198">
     <span class='ocr_line' id='line_1_25' title="bbox 2178 1128 3830 1198; baseline -0.008 -1"><span class='ocrx_word' id='word_1_174' title='bbox 2178 1138 2368 1198; x_wconf 80' lang='lat' dir='ltr'>faciat.</span> <span class='ocrx_word' id='word_1_175' title='bbox 2432 1136 2636 1192; x_wconf 91' lang='lat' dir='ltr'>Videre</span> <span class='ocrx_word' id='word_1_176' title='bbox 2674 1134 2829 1192; x_wconf 91' lang='lat' dir='ltr'>enim</span> <span class='ocrx_word' id='word_1_177' title='bbox 2888 1133 3021 1190; x_wconf 90' lang='lat' dir='ltr'>licet</span> <span class='ocrx_word' id='word_1_178' title='bbox 3078 1132 3138 1186; x_wconf 92' lang='lat' dir='ltr'>in</span> <span class='ocrx_word' id='word_1_179' title='bbox 3198 1129 3458 1187; x_wconf 85' lang='lat' dir='ltr'>Indicam</span> <span class='ocrx_word' id='word_1_180' title='bbox 3517 1128 3830 1184; x_wconf 86' lang='lat' dir='ltr'>adventare</span> 
     </span>
    </p>
   </div>
   <div class='ocr_carea' id='block_1_26' title="bbox 2177 1218 3828 1303">
    <p class='ocr_par' dir='ltr' id='par_1_26' title="bbox 2177 1218 3828 1303">
     <span class='ocr_line' id='line_1_26' title="bbox 2177 1218 3828 1303; baseline -0.009 -16"><span class='ocrx_word' id='word_1_181' title='bbox 2177 1229 2474 1303; x_wconf 81' lang='lat' dir='ltr'>regionem</span> <span class='ocrx_word' id='word_1_182' title='bbox 2506 1225 2738 1282; x_wconf 88' lang='lat' dir='ltr'>Gallum</span> <span class='ocrx_word' id='word_1_183' title='bbox 2779 1227 2837 1281; x_wconf 89' lang='lat' dir='ltr'>et</span> <span class='ocrx_word' id='word_1_184' title='bbox 2874 1222 3138 1279; x_wconf 85' lang='lat' dir='ltr'>Galatam</span> <span class='ocrx_word' id='word_1_185' title='bbox 3170 1225 3229 1278; x_wconf 93' lang='lat' dir='ltr'>et</span> <span class='ocrx_word' id='word_1_186' title='bbox 3259 1219 3318 1275; x_wconf 89' lang='lat' dir='ltr'>in</span> <span class='ocrx_word' id='word_1_187' title='bbox 3376 1218 3587 1275; x_wconf 92' lang='lat' dir='ltr'>horum</span> <span class='ocrx_word' id='word_1_188' title='bbox 3621 1233 3828 1274; x_wconf 90' lang='lat' dir='ltr'>rursus</span> 
     </span>
    </p>
   </div>
   <div class='ocr_carea' id='block_1_27' title="bbox 2180 1307 3831 1391">
    <p class='ocr_par' dir='ltr' id='par_1_27' title="bbox 2180 1307 3831 1391">
     <span class='ocr_line' id='line_1_27' title="bbox 2180 1307 3831 1391; baseline -0.008 -16"><span class='ocrx_word' id='word_1_189' title='bbox 2180 1319 2476 1391; x_wconf 83' lang='lat' dir='ltr'>regionem</span> <span class='ocrx_word' id='word_1_190' title='bbox 2508 1314 2872 1386; x_wconf 83' lang='lat' dir='ltr'>trajicientes</span> <span class='ocrx_word' id='word_1_191' title='bbox 2901 1329 3062 1368; x_wconf 89' lang='lat' dir='ltr'>mare</span> <span class='ocrx_word' id='word_1_192' title='bbox 3092 1311 3264 1367; x_wconf 88' lang='lat' dir='ltr'>Indos</span> <span class='ocrx_word' id='word_1_193' title='bbox 3289 1328 3303 1379; x_wconf 90' lang='lat'><strong>;</strong></span> <span class='ocrx_word' id='word_1_194' title='bbox 3336 1325 3444 1366; x_wconf 90' lang='lat' dir='ltr'>nec</span> <span class='ocrx_word' id='word_1_195' title='bbox 3471 1307 3588 1365; x_wconf 89' lang='lat' dir='ltr'>alia</span> <span class='ocrx_word' id='word_1_196' title='bbox 3607 1307 3831 1363; x_wconf 81' lang='lat' dir='ltr'>ratione</span> 
     </span>
    </p>
   </div>
   <div class='ocr_carea' id='block_1_28' title="bbox 2180 1395 3828 1481">
    <p class='ocr_par' dir='ltr' id='par_1_28' title="bbox 2180 1395 3828 1481">
     <span class='ocr_line' id='line_1_28' title="bbox 2180 1395 3828 1481; baseline -0.009 -15"><span class='ocrx_word' id='word_1_197' title='bbox 2180 1408 2305 1466; x_wconf 86' lang='lat' dir='ltr'>fieri</span> <span class='ocrx_word' id='word_1_198' title='bbox 2336 1410 2547 1481; x_wconf 84' lang='lat' dir='ltr'>potest.</span> <span class='ocrx_word' id='word_1_199' title='bbox 2581 1405 2649 1460; x_wconf 88' lang='lat' dir='ltr'>Et</span> <span class='ocrx_word' id='word_1_200' title='bbox 2677 1403 2798 1459; x_wconf 87' lang='lat' dir='ltr'>Afri</span> <span class='ocrx_word' id='word_1_201' title='bbox 2829 1403 3006 1459; x_wconf 88' lang='lat' dir='ltr'>etiam</span> <span class='ocrx_word' id='word_1_202' title='bbox 3038 1401 3098 1456; x_wconf 89' lang='lat' dir='ltr'>in</span> <span class='ocrx_word' id='word_1_203' title='bbox 3128 1403 3359 1472; x_wconf 86' lang='lat' dir='ltr'>Europa</span> <span class='ocrx_word' id='word_1_204' title='bbox 3397 1401 3708 1454; x_wconf 85' lang='lat' dir='ltr'>versantur</span> <span class='ocrx_word' id='word_1_205' title='bbox 3736 1395 3828 1453; x_wconf 91' lang='lat' dir='ltr'>usi</span> 
     </span>
    </p>
   </div>
   <div class='ocr_carea' id='block_1_29' title="bbox 2180 1485 3826 1564">
    <p class='ocr_par' dir='ltr' id='par_1_29' title="bbox 2180 1485 3826 1564">
     <span class='ocr_line' id='line_1_29' title="bbox 2180 1485 3826 1564; baseline -0.009 -10"><span class='ocrx_word' id='word_1_206' title='bbox 2180 1497 2348 1555; x_wconf 90' lang='lat' dir='ltr'>mari.</span> <span class='ocrx_word' id='word_1_207' title='bbox 2397 1499 2466 1553; x_wconf 88' lang='lat' dir='ltr'>Et</span> <span class='ocrx_word' id='word_1_208' title='bbox 2513 1494 2649 1550; x_wconf 84' lang='lat' dir='ltr'>Asia</span> <span class='ocrx_word' id='word_1_209' title='bbox 2691 1509 2761 1549; x_wconf 83' lang='lat' dir='ltr'>ex</span> <span class='ocrx_word' id='word_1_210' title='bbox 2789 1491 3107 1564; x_wconf 88' lang='lat' dir='ltr'>longinqua</span> <span class='ocrx_word' id='word_1_211' title='bbox 3137 1495 3294 1546; x_wconf 91' lang='lat' dir='ltr'>terra</span> <span class='ocrx_word' id='word_1_212' title='bbox 3330 1485 3552 1544; x_wconf 90' lang='lat' dir='ltr'>incolas</span> <span class='ocrx_word' id='word_1_213' title='bbox 3600 1485 3826 1558; x_wconf 86' lang='lat' dir='ltr'>recipit.</span> 
     </span>
    </p>
   </div>
   <div class='ocr_carea' id='block_1_30' title="bbox 2180 1574 3833 1661">
    <p class='ocr_par' dir='ltr' id='par_1_30' title="bbox 2180 1574 3833 1661">
     <span class='ocr_line' id='line_1_30' title="bbox 2180 1574 3833 1661; baseline -0.007 -17"><span class='ocrx_word' id='word_1_214' title='bbox 2180 1589 2308 1661; x_wconf 89' lang='lat' dir='ltr'>ipso</span> <span class='ocrx_word' id='word_1_215' title='bbox 2340 1585 2487 1642; x_wconf 89' lang='lat' dir='ltr'>mari</span> <span class='ocrx_word' id='word_1_216' title='bbox 2528 1585 2789 1656; x_wconf 88' lang='lat' dir='ltr'>trajecto.</span> <span class='ocrx_word' id='word_1_217' title='bbox 2841 1582 2908 1636; x_wconf 85' lang='lat' dir='ltr'>Et</span> <span class='ocrx_word' id='word_1_218' title='bbox 2949 1581 3168 1636; x_wconf 91' lang='lat' dir='ltr'>idcirco</span> <span class='ocrx_word' id='word_1_219' title='bbox 3203 1595 3318 1634; x_wconf 92' lang='lat' dir='ltr'>non</span> <span class='ocrx_word' id='word_1_220' title='bbox 3350 1581 3441 1634; x_wconf 87' lang='lat' dir='ltr'>est</span> <span class='ocrx_word' id='word_1_221' title='bbox 3497 1574 3833 1633; x_wconf 82' lang='lat' dir='ltr'>existiman-</span> 
     </span>
    </p>
   </div>
   <div class='ocr_carea' id='block_1_31' title="bbox 2181 1667 3830 1742">
    <p class='ocr_par' dir='ltr' id='par_1_31' title="bbox 2181 1667 3830 1742">
     <span class='ocr_line' id='line_1_31' title="bbox 2181 1667 3830 1742; baseline -0.007 -10"><span class='ocrx_word' id='word_1_222' title='bbox 2181 1677 2320 1732; x_wconf 89' lang='lat' dir='ltr'>dum</span> <span class='ocrx_word' id='word_1_223' title='bbox 2354 1675 2604 1731; x_wconf 90' lang='lat' dir='ltr'>aliarum</span> <span class='ocrx_word' id='word_1_224' title='bbox 2634 1677 2800 1728; x_wconf 72' lang='lat' dir='ltr'>terrea</span> <span class='ocrx_word' id='word_1_225' title='bbox 2831 1671 3137 1742; x_wconf 77' lang='lat' dir='ltr'>regionum</span> <span class='ocrx_word' id='word_1_226' title='bbox 3183 1667 3364 1723; x_wconf 89' lang='lat' dir='ltr'>alium</span> <span class='ocrx_word' id='word_1_227' title='bbox 3408 1683 3538 1723; x_wconf 90' lang='lat' dir='ltr'>esse</span> <span class='ocrx_word' id='word_1_228' title='bbox 3589 1681 3830 1739; x_wconf 87' lang='lat' dir='ltr'>proven-</span> 
     </span>
    </p>
   </div>
   <div class='ocr_carea' id='block_1_32' title="bbox 2180 1755 3829 1835">
    <p class='ocr_par' dir='ltr' id='par_1_32' title="bbox 2180 1755 3829 1835">
     <span class='ocr_line' id='line_1_32' title="bbox 2180 1755 3829 1835; baseline -0.007 -13"><span class='ocrx_word' id='word_1_229' title='bbox 2180 1771 2306 1822; x_wconf 86' lang='lat' dir='ltr'>tum</span> <span class='ocrx_word' id='word_1_230' title='bbox 2365 1780 2540 1835; x_wconf 87' lang='lat' dir='ltr'>quam</span> <span class='ocrx_word' id='word_1_231' title='bbox 2591 1759 3040 1818; x_wconf 89' lang='lat' dir='ltr'>continentium.</span> <span class='ocrx_word' id='word_1_232' title='bbox 3100 1758 3297 1828; x_wconf 86' lang='lat' dir='ltr'>Neque</span> <span class='ocrx_word' id='word_1_233' title='bbox 3360 1756 3640 1812; x_wconf 86' lang='lat' dir='ltr'>adversus</span> <span class='ocrx_word' id='word_1_234' title='bbox 3689 1755 3829 1828; x_wconf 81' lang='lat' dir='ltr'>Scy-</span> 
     </span>
    </p>
   </div>
   <div class='ocr_carea' id='block_1_33' title="bbox 2179 1847 3829 1924">
    <p class='ocr_par' dir='ltr' id='par_1_33' title="bbox 2179 1847 3829 1924">
     <span class='ocr_line' id='line_1_33' title="bbox 2179 1847 3829 1924; baseline -0.007 -14"><span class='ocrx_word' id='word_1_235' title='bbox 2179 1855 2416 1910; x_wconf 90' lang='lat' dir='ltr'>tharum</span> <span class='ocrx_word' id='word_1_236' title='bbox 2449 1851 2744 1924; x_wconf 85' lang='lat' dir='ltr'>regionem</span> <span class='ocrx_word' id='word_1_237' title='bbox 2778 1848 2995 1905; x_wconf 78' lang='lat' dir='ltr'>Arabia</span> <span class='ocrx_word' id='word_1_238' title='bbox 3023 1847 3342 1921; x_wconf 76' lang='lat' dir='ltr'>gloriatur;</span> <span class='ocrx_word' id='word_1_239' title='bbox 3375 1860 3566 1918; x_wconf 89' lang='lat' dir='ltr'>neque</span> <span class='ocrx_word' id='word_1_240' title='bbox 3594 1859 3664 1900; x_wconf 87' lang='lat' dir='ltr'>ea</span> <span class='ocrx_word' id='word_1_241' title='bbox 3699 1859 3829 1916; x_wconf 74' lang='lat' dir='ltr'>quas</span> 
     </span>
    </p>
   </div>
   <div class='ocr_carea' id='block_1_34' title="bbox 415 1931 2066 2041">
    <p class='ocr_par' dir='ltr' id='par_1_34' title="bbox 415 1935 2066 2014">
     <span class='ocr_line' id='line_1_34' title="bbox 415 1935 2066 2014; baseline 0 -20"><span class='ocrx_word' id='word_1_242' title='bbox 415 1959 531 2001; x_wconf 88' lang='grc' dir='ltr'>σαις</span> <span class='ocrx_word' id='word_1_243' title='bbox 581 1935 674 1994; x_wconf 80' lang='grc' dir='ltr'>διὰ</span> <span class='ocrx_word' id='word_1_244' title='bbox 709 1939 812 2007; x_wconf 86' lang='grc' dir='ltr'>τήν</span> <span class='ocrx_word' id='word_1_245' title='bbox 865 1936 1132 2002; x_wconf 86' lang='grc' dir='ltr'>θάλασσαν</span> <span class='ocrx_word' id='word_1_246' title='bbox 1182 1937 1376 2014; x_wconf 88' lang='grc' dir='ltr'>γέγονε</span> <span class='ocrx_word' id='word_1_247' title='bbox 1409 1982 1422 1995; x_wconf 93' lang='grc'><strong>.</strong></span> <span class='ocrx_word' id='word_1_248' title='bbox 1455 1938 1554 1993; x_wconf 86' lang='grc' dir='ltr'>Καὶ</span> <span class='ocrx_word' id='word_1_249' title='bbox 1603 1937 1664 1993; x_wconf 90' lang='grc' dir='ltr'>τό</span> <span class='ocrx_word' id='word_1_250' title='bbox 1713 1961 1773 2014; x_wconf 89' lang='grc' dir='ltr'>γε</span> <span class='ocrx_word' id='word_1_251' title='bbox 1823 1939 1891 1994; x_wconf 82' lang='grc' dir='ltr'>τὰ</span> <span class='ocrx_word' id='word_1_252' title='bbox 1937 1939 2066 1994; x_wconf 78' lang='grc' dir='ltr'>αὐτᾶ</span> 
     </span>
    </p>
   </div>
   <div class='ocr_carea' id='block_1_35' title="bbox 2181 1931 3832 2041">
    <p class='ocr_par' dir='ltr' id='par_1_35' title="bbox 2181 1931 3832 2014">
     <span class='ocr_line' id='line_1_35' title="bbox 2181 1931 3832 2014; baseline -0.008 -13"><span class='ocrx_word' id='word_1_253' title='bbox 2181 1947 2273 2001; x_wconf 91' lang='lat' dir='ltr'>est</span> <span class='ocrx_word' id='word_1_254' title='bbox 2299 1943 2636 2014; x_wconf 71' lang='lat' dir='ltr'>Ethiopum</span> <span class='ocrx_word' id='word_1_255' title='bbox 2658 1940 2938 1996; x_wconf 89' lang='lat' dir='ltr'>adversus</span> <span class='ocrx_word' id='word_1_256' title='bbox 2957 1937 3259 2004; x_wconf 64' lang='lat' dir='ltr'>Graeciam,</span> <span class='ocrx_word' id='word_1_257' title='bbox 3292 1950 3480 2008; x_wconf 88' lang='lat' dir='ltr'>neque</span> <span class='ocrx_word' id='word_1_258' title='bbox 3513 1949 3685 2007; x_wconf 90' lang='lat' dir='ltr'>porro</span> <span class='ocrx_word' id='word_1_259' title='bbox 3716 1931 3832 1989; x_wconf 81' lang='lat' dir='ltr'>alia</span> 
     </span>
    </p>
   </div>
   <div class='ocr_carea' id='block_1_36' title="bbox 394 2019 2068 2105">
    <p class='ocr_par' dir='ltr' id='par_1_36' title="bbox 394 2019 2068 2105">
     <span class='ocr_line' id='line_1_36' title="bbox 394 2019 2068 2105; baseline 0.001 -21"><span class='ocrx_word' id='word_1_260' title='bbox 394 2019 678 2105; x_wconf 51' lang='grc' dir='ltr'>Ἑὺρίσκειν</span> <span class='ocrx_word' id='word_1_261' title='bbox 746 2026 954 2105; x_wconf 75' lang='grc' dir='ltr'>ἄφθονα</span> <span class='ocrx_word' id='word_1_262' title='bbox 1014 2032 1301 2103; x_wconf 76' lang='grc' dir='ltr'>πανταχοῦ</span> <span class='ocrx_word' id='word_1_263' title='bbox 1356 2033 1457 2097; x_wconf 82' lang='grc' dir='ltr'>τῆς</span> <span class='ocrx_word' id='word_1_264' title='bbox 1513 2027 1844 2103; x_wconf 87' lang='grc' dir='ltr'>γεννησάσης</span> <span class='ocrx_word' id='word_1_265' title='bbox 1911 2025 2068 2091; x_wconf 74' lang='grc' dir='ltr'>ἰδίως</span> 
     </span>
    </p>
   </div>
   <div class='ocr_carea' id='block_1_37' title="bbox 413 2109 1046 2190">
    <p class='ocr_par' dir='ltr' id='par_1_37' title="bbox 413 2109 1046 2190">
     <span class='ocr_line' id='line_1_37' title="bbox 413 2109 1046 2190; baseline 0.005 -19"><span class='ocrx_word' id='word_1_266' title='bbox 413 2115 661 2190; x_wconf 79' lang='grc' dir='ltr'>τάξίωμα</span> <span class='ocrx_word' id='word_1_267' title='bbox 690 2109 1046 2174; x_wconf 79' lang='grc' dir='ltr'>καταϐάλλει.</span> 
     </span>
    </p>
   </div>
   <div class='ocr_carea' id='block_1_38' title="bbox 2180 2026 3833 2106">
    <p class='ocr_par' dir='ltr' id='par_1_38' title="bbox 2180 2026 3833 2106">
     <span class='ocr_line' id='line_1_38' title="bbox 2180 2026 3833 2106; baseline -0.006 -16"><span class='ocrx_word' id='word_1_268' title='bbox 2180 2032 2470 2106; x_wconf 84' lang='lat' dir='ltr'>quaepiam</span> <span class='ocrx_word' id='word_1_269' title='bbox 2524 2031 2805 2086; x_wconf 89' lang='lat' dir='ltr'>adversus</span> <span class='ocrx_word' id='word_1_270' title='bbox 2852 2028 3028 2085; x_wconf 88' lang='lat' dir='ltr'>aliam</span> <span class='ocrx_word' id='word_1_271' title='bbox 3062 2051 3076 2096; x_wconf 87' lang='lat'><strong>;</strong></span> <span class='ocrx_word' id='word_1_272' title='bbox 3106 2026 3386 2100; x_wconf 89' lang='lat' dir='ltr'>quoniam</span> <span class='ocrx_word' id='word_1_273' title='bbox 3433 2041 3522 2093; x_wconf 84' lang='lat' dir='ltr'>ea,</span> <span class='ocrx_word' id='word_1_274' title='bbox 3575 2039 3706 2095; x_wconf 69' lang='lat' dir='ltr'>quae</span> <span class='ocrx_word' id='word_1_275' title='bbox 3733 2038 3833 2080; x_wconf 86' lang='lat' dir='ltr'>ou-</span> 
     </span>
    </p>
   </div>
   <div class='ocr_carea' id='block_1_39' title="bbox 2169 2111 3832 2195">
    <p class='ocr_par' dir='ltr' id='par_1_39' title="bbox 2169 2111 3832 2195">
     <span class='ocr_line' id='line_1_39' title="bbox 2169 2111 3832 2195; baseline -0.007 -16"><span class='ocrx_word' id='word_1_276' title='bbox 2169 2124 2389 2195; x_wconf 90' lang='lat' dir='ltr'>jusque</span> <span class='ocrx_word' id='word_1_277' title='bbox 2419 2119 2656 2194; x_wconf 88' lang='lat' dir='ltr'>propria</span> <span class='ocrx_word' id='word_1_278' title='bbox 2704 2135 2835 2175; x_wconf 88' lang='lat' dir='ltr'>esse</span> <span class='ocrx_word' id='word_1_279' title='bbox 2879 2117 3174 2182; x_wconf 87' lang='lat' dir='ltr'>videntur,</span> <span class='ocrx_word' id='word_1_280' title='bbox 3206 2116 3278 2172; x_wconf 95' lang='lat' dir='ltr'>ob</span> <span class='ocrx_word' id='word_1_281' title='bbox 3337 2131 3499 2171; x_wconf 90' lang='lat' dir='ltr'>mare</span> <span class='ocrx_word' id='word_1_282' title='bbox 3553 2111 3832 2170; x_wconf 88' lang='lat' dir='ltr'>omnibus</span> 
     </span>
    </p>
   </div>
   <div class='ocr_carea' id='block_1_40' title="bbox 413 2201 3834 2283">
    <p class='ocr_par' dir='ltr' id='par_1_40' title="bbox 413 2201 3834 2283">
     <span class='ocr_line' id='line_1_40' title="bbox 413 2201 3834 2283; baseline -0.002 -19"><span class='ocrx_word' id='word_1_283' title='bbox 413 2205 752 2264; x_wconf 88' lang='lat' dir='ltr'>communia</span> <span class='ocrx_word' id='word_1_284' title='bbox 836 2207 988 2262; x_wconf 85' lang='lat' dir='ltr'>facta</span> <span class='ocrx_word' id='word_1_285' title='bbox 1065 2209 1224 2263; x_wconf 89' lang='lat' dir='ltr'>sunt.</span> <span class='ocrx_word' id='word_1_286' title='bbox 1311 2207 1381 2262; x_wconf 84' lang='lat' dir='ltr'>Et</span> <span class='ocrx_word' id='word_1_287' title='bbox 1463 2206 1573 2262; x_wconf 91' lang='lat' dir='ltr'>hoc</span> <span class='ocrx_word' id='word_1_288' title='bbox 1646 2207 1883 2280; x_wconf 90' lang='lat' dir='ltr'>quidem</span> <span class='ocrx_word' id='word_1_289' title='bbox 1961 2213 2116 2283; x_wconf 89' lang='lat' dir='ltr'>quod</span> <span class='ocrx_word' id='word_1_290' title='bbox 2192 2213 2397 2269; x_wconf 91' lang='lat' dir='ltr'>eadem</span> <span class='ocrx_word' id='word_1_291' title='bbox 2482 2210 2704 2283; x_wconf 89' lang='lat' dir='ltr'>ubique</span> <span class='ocrx_word' id='word_1_292' title='bbox 2786 2207 3021 2280; x_wconf 90' lang='lat' dir='ltr'>copiose</span> <span class='ocrx_word' id='word_1_293' title='bbox 3096 2205 3349 2278; x_wconf 87' lang='lat' dir='ltr'>reperire</span> <span class='ocrx_word' id='word_1_294' title='bbox 3405 2203 3560 2274; x_wconf 88' lang='lat' dir='ltr'>licet,</span> <span class='ocrx_word' id='word_1_295' title='bbox 3617 2201 3834 2259; x_wconf 88' lang='lat' dir='ltr'>minuit</span> 
     </span>
    </p>
   </div>
   <div class='ocr_carea' id='block_1_41' title="bbox 413 2294 2306 2370">
    <p class='ocr_par' dir='ltr' id='par_1_41' title="bbox 413 2294 2306 2370">
     <span class='ocr_line' id='line_1_41' title="bbox 413 2294 2306 2370; baseline 0.003 -19"><span class='ocrx_word' id='word_1_296' title='bbox 413 2296 669 2370; x_wconf 87' lang='lat' dir='ltr'>pretium</span> <span class='ocrx_word' id='word_1_297' title='bbox 699 2294 860 2352; x_wconf 92' lang='lat' dir='ltr'>illius</span> <span class='ocrx_word' id='word_1_298' title='bbox 890 2299 1205 2367; x_wconf 84' lang='lat' dir='ltr'>proventus</span> <span class='ocrx_word' id='word_1_299' title='bbox 1231 2296 1415 2368; x_wconf 91' lang='lat' dir='ltr'>quiin</span> <span class='ocrx_word' id='word_1_300' title='bbox 1466 2297 1703 2368; x_wconf 92' lang='lat' dir='ltr'>propria</span> <span class='ocrx_word' id='word_1_301' title='bbox 1731 2297 1966 2370; x_wconf 85' lang='lat' dir='ltr'>regione</span> <span class='ocrx_word' id='word_1_302' title='bbox 1996 2305 2171 2359; x_wconf 87' lang='lat' dir='ltr'>natus</span> <span class='ocrx_word' id='word_1_303' title='bbox 2199 2305 2306 2359; x_wconf 87' lang='lat' dir='ltr'>est.</span> 
     </span>
    </p>
   </div>
   <div class='ocr_carea' id='block_1_42' title="bbox 483 2379 2065 2462">
    <p class='ocr_par' dir='ltr' id='par_1_42' title="bbox 483 2379 2065 2462">
     <span class='ocr_line' id='line_1_42' title="bbox 483 2379 2065 2462; baseline 0.001 -22"><span class='ocrx_word' id='word_1_304' title='bbox 483 2383 665 2460; x_wconf 80' lang='grc' dir='ltr'>Χωρὶς</span> <span class='ocrx_word' id='word_1_305' title='bbox 719 2379 776 2438; x_wconf 71' lang='grc' dir='ltr'>δὲ</span> <span class='ocrx_word' id='word_1_306' title='bbox 819 2386 928 2437; x_wconf 82' lang='grc' dir='ltr'>τῶν</span> <span class='ocrx_word' id='word_1_307' title='bbox 973 2381 1276 2459; x_wconf 77' lang='grc' dir='ltr'>εῒρημένων</span> <span class='ocrx_word' id='word_1_308' title='bbox 1304 2427 1319 2454; x_wconf 86' lang='lat'>,</span> <span class='ocrx_word' id='word_1_309' title='bbox 1367 2380 1534 2459; x_wconf 81' lang='grc' dir='ltr'>κέρδη</span> <span class='ocrx_word' id='word_1_310' title='bbox 1589 2389 1705 2446; x_wconf 85' lang='grc' dir='ltr'>τοῖς</span> <span class='ocrx_word' id='word_1_311' title='bbox 1756 2385 2065 2462; x_wconf 82' lang='grc' dir='ltr'>ἀνθρώποις</span> 
     </span>
    </p>
   </div>
   <div class='ocr_carea' id='block_1_43' title="bbox 415 2469 2068 2551">
    <p class='ocr_par' dir='ltr' id='par_1_43' title="bbox 415 2469 2068 2551">
     <span class='ocr_line' id='line_1_43' title="bbox 415 2469 2068 2551; baseline 0.002 -22"><span class='ocrx_word' id='word_1_312' title='bbox 415 2473 475 2529; x_wconf 82' lang='grc' dir='ltr'>ἐκ</span> <span class='ocrx_word' id='word_1_313' title='bbox 529 2469 802 2542; x_wconf 81' lang='grc' dir='ltr'>θαλάττης</span> <span class='ocrx_word' id='word_1_314' title='bbox 883 2471 1051 2548; x_wconf 85' lang='grc' dir='ltr'>μυρία</span> <span class='ocrx_word' id='word_1_315' title='bbox 1096 2516 1110 2541; x_wconf 88' lang='grc'>,</span> <span class='ocrx_word' id='word_1_316' title='bbox 1169 2473 1474 2548; x_wconf 88' lang='grc' dir='ltr'>χρημάτων</span> <span class='ocrx_word' id='word_1_317' title='bbox 1551 2494 1611 2528; x_wconf 90' lang='grc' dir='ltr'>τε</span> <span class='ocrx_word' id='word_1_318' title='bbox 1686 2475 1904 2551; x_wconf 82' lang='grc' dir='ltr'>ἀπειρία</span> <span class='ocrx_word' id='word_1_319' title='bbox 1977 2477 2068 2532; x_wconf 82' lang='grc' dir='ltr'>καὶ</span> 
     </span>
    </p>
   </div>
   <div class='ocr_carea' id='block_1_44' title="bbox 415 2559 2069 2639">
    <p class='ocr_par' dir='ltr' id='par_1_44' title="bbox 415 2559 2069 2639">
     <span class='ocr_line' id='line_1_44' title="bbox 415 2559 2069 2639; baseline 0.002 -21"><span class='ocrx_word' id='word_1_320' title='bbox 415 2559 601 2618; x_wconf 73' lang='grc' dir='ltr'>ἄλλων</span> <span class='ocrx_word' id='word_1_321' title='bbox 677 2560 890 2638; x_wconf 81' lang='grc' dir='ltr'>ἀγαθῶν</span> <span class='ocrx_word' id='word_1_322' title='bbox 951 2561 1174 2639; x_wconf 80' lang='grc' dir='ltr'>ἀφθονία</span> <span class='ocrx_word' id='word_1_323' title='bbox 1205 2606 1221 2632; x_wconf 86' lang='grc'>,</span> <span class='ocrx_word' id='word_1_324' title='bbox 1279 2559 1348 2617; x_wconf 85' lang='grc' dir='ltr'>δι’</span> <span class='ocrx_word' id='word_1_325' title='bbox 1406 2562 1480 2616; x_wconf 83' lang='grc' dir='ltr'>ὧν</span> <span class='ocrx_word' id='word_1_326' title='bbox 1552 2562 1714 2624; x_wconf 80' lang='grc' dir='ltr'>αὐτός</span> <span class='ocrx_word' id='word_1_327' title='bbox 1769 2585 1823 2618; x_wconf 91' lang='grc' dir='ltr'>τι</span> <span class='ocrx_word' id='word_1_328' title='bbox 1876 2566 2069 2621; x_wconf 71' lang='grc' dir='ltr'>ἑαυτοῦ</span> 
     </span>
    </p>
   </div>
   <div class='ocr_carea' id='block_1_45' title="bbox 415 2648 2068 2728">
    <p class='ocr_par' dir='ltr' id='par_1_45' title="bbox 415 2648 2068 2728">
     <span class='ocr_line' id='line_1_45' title="bbox 415 2648 2068 2728; baseline 0.001 -20"><span class='ocrx_word' id='word_1_329' title='bbox 415 2652 604 2728; x_wconf 80' lang='grc' dir='ltr'>δρᾶται</span> <span class='ocrx_word' id='word_1_330' title='bbox 657 2649 1106 2728; x_wconf 70' lang='grc' dir='ltr'>περιφανέστερος</span> <span class='ocrx_word' id='word_1_331' title='bbox 1138 2695 1152 2708; x_wconf 93' lang='grc'><strong>.</strong></span> <span class='ocrx_word' id='word_1_332' title='bbox 1215 2648 1390 2706; x_wconf 84' lang='grc' dir='ltr'>Ἀλλὰ</span> <span class='ocrx_word' id='word_1_333' title='bbox 1445 2655 1610 2706; x_wconf 73' lang='grc' dir='ltr'>ταῦτα</span> <span class='ocrx_word' id='word_1_334' title='bbox 1667 2653 1762 2725; x_wconf 79' lang='grc' dir='ltr'>μὲν</span> <span class='ocrx_word' id='word_1_335' title='bbox 1817 2652 1950 2717; x_wconf 66' lang='grc' dir='ltr'>ἴσως</span> <span class='ocrx_word' id='word_1_336' title='bbox 2005 2655 2068 2710; x_wconf 81' lang='grc' dir='ltr'>οὐ</span> 
     </span>
    </p>
   </div>
   <div class='ocr_carea' id='block_1_46' title="bbox 413 2737 2068 2818">
    <p class='ocr_par' dir='ltr' id='par_1_46' title="bbox 413 2737 2068 2818">
     <span class='ocr_line' id='line_1_46' title="bbox 413 2737 2068 2818; baseline 0 -22"><span class='ocrx_word' id='word_1_337' title='bbox 413 2737 631 2796; x_wconf 78' lang='grc' dir='ltr'>πολλοῦ</span> <span class='ocrx_word' id='word_1_338' title='bbox 657 2759 808 2802; x_wconf 92' lang='grc' dir='ltr'>τινος</span> <span class='ocrx_word' id='word_1_339' title='bbox 838 2737 1011 2815; x_wconf 84' lang='grc' dir='ltr'>λόγου</span> <span class='ocrx_word' id='word_1_340' title='bbox 1040 2745 1158 2802; x_wconf 88' lang='grc' dir='ltr'>τοῖς</span> <span class='ocrx_word' id='word_1_341' title='bbox 1205 2761 1269 2814; x_wconf 88' lang='grc' dir='ltr'>γε</span> <span class='ocrx_word' id='word_1_342' title='bbox 1307 2739 1800 2818; x_wconf 79' lang='grc' dir='ltr'>φιλοσοφωτέροις,</span> <span class='ocrx_word' id='word_1_343' title='bbox 1847 2743 1938 2798; x_wconf 83' lang='grc' dir='ltr'>καὶ</span> <span class='ocrx_word' id='word_1_344' title='bbox 1968 2744 2068 2812; x_wconf 78' lang='grc' dir='ltr'>τήν</span> 
     </span>
    </p>
   </div>
   <div class='ocr_carea' id='block_1_47' title="bbox 415 2826 2073 2908">
    <p class='ocr_par' dir='ltr' id='par_1_47' title="bbox 415 2826 2073 2908">
     <span class='ocr_line' id='line_1_47' title="bbox 415 2826 2073 2908; baseline 0.002 -24"><span class='ocrx_word' id='word_1_345' title='bbox 415 2826 655 2884; x_wconf 80' lang='grc' dir='ltr'>διάνοιαν</span> <span class='ocrx_word' id='word_1_346' title='bbox 710 2829 842 2904; x_wconf 72' lang='grc' dir='ltr'>ὑπὲρ</span> <span class='ocrx_word' id='word_1_347' title='bbox 889 2829 1016 2890; x_wconf 83' lang='grc' dir='ltr'>τοὺς</span> <span class='ocrx_word' id='word_1_348' title='bbox 1064 2827 1334 2890; x_wconf 86' lang='grc' dir='ltr'>πολλούς.</span> <span class='ocrx_word' id='word_1_349' title='bbox 1388 2828 1456 2882; x_wconf 92' lang='grc' dir='ltr'>Τό</span> <span class='ocrx_word' id='word_1_350' title='bbox 1514 2851 1577 2904; x_wconf 88' lang='grc' dir='ltr'>γε</span> <span class='ocrx_word' id='word_1_351' title='bbox 1638 2831 1744 2902; x_wconf 74' lang='grc' dir='ltr'>μὴν</span> <span class='ocrx_word' id='word_1_352' title='bbox 1785 2833 2073 2908; x_wconf 85' lang='grc' dir='ltr'>κράτιστον</span> 
     </span>
    </p>
   </div>
   <div class='ocr_carea' id='block_1_48' title="bbox 412 2915 2068 2995">
    <p class='ocr_par' dir='ltr' id='par_1_48' title="bbox 412 2915 2068 2995">
     <span class='ocr_line' id='line_1_48' title="bbox 412 2915 2068 2995; baseline 0.001 -22"><span class='ocrx_word' id='word_1_353' title='bbox 412 2915 618 2995; x_wconf 79' lang='grc' dir='ltr'>κερδῶν</span> <span class='ocrx_word' id='word_1_354' title='bbox 673 2916 922 2973; x_wconf 86' lang='grc' dir='ltr'>ἁπάντων</span> <span class='ocrx_word' id='word_1_355' title='bbox 967 2917 1057 2972; x_wconf 86' lang='grc' dir='ltr'>καὶ</span> <span class='ocrx_word' id='word_1_356' title='bbox 1105 2923 1266 2972; x_wconf 78' lang='grc' dir='ltr'>πᾶσιν</span> <span class='ocrx_word' id='word_1_357' title='bbox 1322 2916 1516 2989; x_wconf 78' lang='grc' dir='ltr'>ἐπίσης</span> <span class='ocrx_word' id='word_1_358' title='bbox 1575 2919 1982 2993; x_wconf 79' lang='grc' dir='ltr'>θαυμαζόμενον</span> <span class='ocrx_word' id='word_1_359' title='bbox 2033 2924 2068 2990; x_wconf 73' lang='grc' dir='ltr'><strong>ἡ</strong></span> 
     </span>
    </p>
   </div>
   <div class='ocr_carea' id='block_1_49' title="bbox 411 3001 2069 3086">
    <p class='ocr_par' dir='ltr' id='par_1_49' title="bbox 411 3001 2069 3086">
     <span class='ocr_line' id='line_1_49' title="bbox 411 3001 2069 3086; baseline 0.001 -22"><span class='ocrx_word' id='word_1_360' title='bbox 411 3011 519 3064; x_wconf 80' lang='grc' dir='ltr'>τῶν</span> <span class='ocrx_word' id='word_1_361' title='bbox 589 3007 798 3082; x_wconf 79' lang='grc' dir='ltr'>μακρὰν</span> <span class='ocrx_word' id='word_1_362' title='bbox 858 3001 1025 3062; x_wconf 69' lang='grc' dir='ltr'>ὄντων</span> <span class='ocrx_word' id='word_1_363' title='bbox 1088 3004 1398 3081; x_wconf 75' lang='grc' dir='ltr'>κατάληψις</span> <span class='ocrx_word' id='word_1_364' title='bbox 1447 3006 1684 3063; x_wconf 73' lang='grc' dir='ltr'>ἐντεῦθεν</span> <span class='ocrx_word' id='word_1_365' title='bbox 1747 3029 2069 3086; x_wconf 88' lang='grc' dir='ltr'>προσγιγνο-</span> 
     </span>
    </p>
   </div>
   <div class='ocr_carea' id='block_1_50' title="bbox 420 3091 2072 3173">
    <p class='ocr_par' dir='ltr' id='par_1_50' title="bbox 420 3091 2072 3173">
     <span class='ocr_line' id='line_1_50' title="bbox 420 3091 2072 3173; baseline 0.002 -21"><span class='ocrx_word' id='word_1_366' title='bbox 420 3097 576 3170; x_wconf 87' lang='grc' dir='ltr'>μένη,</span> <span class='ocrx_word' id='word_1_367' title='bbox 636 3097 727 3152; x_wconf 84' lang='grc' dir='ltr'>καὶ</span> <span class='ocrx_word' id='word_1_368' title='bbox 783 3095 1116 3173; x_wconf 83' lang='grc' dir='ltr'>πραγμάτων</span> <span class='ocrx_word' id='word_1_369' title='bbox 1186 3091 1433 3169; x_wconf 88' lang='grc' dir='ltr'>ἀκρίϐεια</span> <span class='ocrx_word' id='word_1_370' title='bbox 1489 3097 1579 3151; x_wconf 82' lang='grc' dir='ltr'>καὶ</span> <span class='ocrx_word' id='word_1_371' title='bbox 1647 3097 1922 3172; x_wconf 75' lang='grc' dir='ltr'>ἐπιστήμη</span> <span class='ocrx_word' id='word_1_372' title='bbox 1983 3100 2072 3155; x_wconf 83' lang='grc' dir='ltr'>καὶ</span> 
     </span>
    </p>
   </div>
   <div class='ocr_carea' id='block_1_51' title="bbox 414 3183 2072 3264">
    <p class='ocr_par' dir='ltr' id='par_1_51' title="bbox 414 3183 2072 3264">
     <span class='ocr_line' id='line_1_51' title="bbox 414 3183 2072 3264; baseline 0.002 -22"><span class='ocrx_word' id='word_1_373' title='bbox 414 3185 688 3263; x_wconf 78' lang='grc' dir='ltr'>ἐμπειρία.</span> <span class='ocrx_word' id='word_1_374' title='bbox 747 3188 995 3242; x_wconf 58' lang='lat' dir='ltr'>&quot;Astath</span> <span class='ocrx_word' id='word_1_375' title='bbox 1042 3183 1380 3262; x_wconf 72' lang='grc' dir='ltr'>συλλέγομεν</span> <span class='ocrx_word' id='word_1_376' title='bbox 1441 3187 1577 3241; x_wconf 89' lang='grc' dir='ltr'>κατά</span> <span class='ocrx_word' id='word_1_377' title='bbox 1639 3188 1849 3264; x_wconf 85' lang='grc' dir='ltr'>μικρὸν,</span> <span class='ocrx_word' id='word_1_378' title='bbox 1906 3188 2015 3245; x_wconf 90' lang='grc' dir='ltr'>πολ</span> <span class='ocrx_word' id='word_1_379' title='bbox 2049 3221 2072 3232; x_wconf 93' lang='grc'><strong><em>-</em></strong></span> 
     </span>
    </p>
   </div>
   <div class='ocr_carea' id='block_1_52' title="bbox 2248 2381 3834 2453">
    <p class='ocr_par' dir='ltr' id='par_1_52' title="bbox 2248 2381 3834 2453">
     <span class='ocr_line' id='line_1_52' title="bbox 2248 2381 3834 2453; baseline -0.006 -7"><span class='ocrx_word' id='word_1_380' title='bbox 2248 2391 2458 2446; x_wconf 79' lang='lat' dir='ltr'>Praeter</span> <span class='ocrx_word' id='word_1_381' title='bbox 2495 2389 2654 2444; x_wconf 88' lang='lat' dir='ltr'>dicta</span> <span class='ocrx_word' id='word_1_382' title='bbox 2679 2401 2837 2453; x_wconf 80' lang='lat' dir='ltr'>vero,</span> <span class='ocrx_word' id='word_1_383' title='bbox 2866 2386 3176 2442; x_wconf 88' lang='lat' dir='ltr'>innumera</span> <span class='ocrx_word' id='word_1_384' title='bbox 3199 2383 3540 2442; x_wconf 90' lang='lat' dir='ltr'>hominibus</span> <span class='ocrx_word' id='word_1_385' title='bbox 3568 2381 3735 2438; x_wconf 88' lang='lat' dir='ltr'>lucra</span> <span class='ocrx_word' id='word_1_386' title='bbox 3763 2396 3834 2437; x_wconf 80' lang='lat' dir='ltr'>ex</span> 
     </span>
    </p>
   </div>
   <div class='ocr_carea' id='block_1_53' title="bbox 2178 2472 3831 2545">
    <p class='ocr_par' dir='ltr' id='par_1_53' title="bbox 2178 2472 3831 2545">
     <span class='ocr_line' id='line_1_53' title="bbox 2178 2472 3831 2545; baseline -0.006 -9"><span class='ocrx_word' id='word_1_387' title='bbox 2178 2479 2348 2536; x_wconf 91' lang='lat' dir='ltr'>mari.</span> <span class='ocrx_word' id='word_1_388' title='bbox 2383 2479 2496 2535; x_wconf 85' lang='lat' dir='ltr'>Res</span> <span class='ocrx_word' id='word_1_389' title='bbox 2548 2477 2706 2534; x_wconf 88' lang='lat' dir='ltr'>enim</span> <span class='ocrx_word' id='word_1_390' title='bbox 2740 2475 3061 2532; x_wconf 68' lang='lat' dir='ltr'>innumerae</span> <span class='ocrx_word' id='word_1_391' title='bbox 3115 2473 3486 2545; x_wconf 86' lang='lat' dir='ltr'>aliorumque</span> <span class='ocrx_word' id='word_1_392' title='bbox 3540 2472 3831 2528; x_wconf 88' lang='lat' dir='ltr'>bonorum</span> 
     </span>
    </p>
   </div>
   <div class='ocr_carea' id='block_1_54' title="bbox 2178 2559 3830 2636">
    <p class='ocr_par' dir='ltr' id='par_1_54' title="bbox 2178 2559 3830 2636">
     <span class='ocr_line' id='line_1_54' title="bbox 2178 2559 3830 2636; baseline -0.005 -12"><span class='ocrx_word' id='word_1_393' title='bbox 2178 2570 2415 2625; x_wconf 81' lang='lat' dir='ltr'>ubertas</span> <span class='ocrx_word' id='word_1_394' title='bbox 2443 2568 2652 2625; x_wconf 87' lang='lat' dir='ltr'>exinde</span> <span class='ocrx_word' id='word_1_395' title='bbox 2695 2571 2818 2633; x_wconf 89' lang='lat' dir='ltr'>est;</span> <span class='ocrx_word' id='word_1_396' title='bbox 2852 2566 2925 2621; x_wconf 94' lang='lat' dir='ltr'>ob</span> <span class='ocrx_word' id='word_1_397' title='bbox 2957 2581 3085 2636; x_wconf 65' lang='lat' dir='ltr'>quae</span> <span class='ocrx_word' id='word_1_398' title='bbox 3117 2563 3252 2636; x_wconf 88' lang='lat' dir='ltr'>quis</span> <span class='ocrx_word' id='word_1_399' title='bbox 3269 2563 3462 2635; x_wconf 87' lang='lat' dir='ltr'>seipso</span> <span class='ocrx_word' id='word_1_400' title='bbox 3493 2559 3830 2634; x_wconf 66' lang='lat' dir='ltr'>precellsn-</span> 
     </span>
    </p>
   </div>
   <div class='ocr_carea' id='block_1_55' title="bbox 2182 2647 3834 2723">
    <p class='ocr_par' dir='ltr' id='par_1_55' title="bbox 2182 2647 3834 2723">
     <span class='ocr_line' id='line_1_55' title="bbox 2182 2647 3834 2723; baseline -0.007 -9"><span class='ocrx_word' id='word_1_401' title='bbox 2182 2659 2293 2714; x_wconf 80' lang='lat' dir='ltr'>ticr</span> <span class='ocrx_word' id='word_1_402' title='bbox 2319 2658 2571 2714; x_wconf 82' lang='lat' dir='ltr'>videtur.</span> <span class='ocrx_word' id='word_1_403' title='bbox 2607 2655 2721 2712; x_wconf 89' lang='lat' dir='ltr'>Sed</span> <span class='ocrx_word' id='word_1_404' title='bbox 2761 2654 2884 2710; x_wconf 67' lang='lat' dir='ltr'>haec</span> <span class='ocrx_word' id='word_1_405' title='bbox 2933 2654 3182 2709; x_wconf 81' lang='lat' dir='ltr'>fortasse</span> <span class='ocrx_word' id='word_1_406' title='bbox 3213 2669 3326 2708; x_wconf 88' lang='lat' dir='ltr'>non</span> <span class='ocrx_word' id='word_1_407' title='bbox 3359 2649 3552 2723; x_wconf 86' lang='lat' dir='ltr'>magis</span> <span class='ocrx_word' id='word_1_408' title='bbox 3581 2647 3834 2720; x_wconf 83' lang='lat' dir='ltr'>alicujus</span> 
     </span>
    </p>
   </div>
   <div class='ocr_carea' id='block_1_56' title="bbox 2181 2737 3832 2813">
    <p class='ocr_par' dir='ltr' id='par_1_56' title="bbox 2181 2737 3832 2813">
     <span class='ocr_line' id='line_1_56' title="bbox 2181 2737 3832 2813; baseline -0.005 -10"><span class='ocrx_word' id='word_1_409' title='bbox 2181 2747 2464 2803; x_wconf 86' lang='lat' dir='ltr'>momenti</span> <span class='ocrx_word' id='word_1_410' title='bbox 2512 2745 2870 2801; x_wconf 88' lang='lat' dir='ltr'>videbuntur</span> <span class='ocrx_word' id='word_1_411' title='bbox 2928 2743 3001 2798; x_wconf 89' lang='lat' dir='ltr'>iis</span> <span class='ocrx_word' id='word_1_412' title='bbox 3050 2742 3150 2813; x_wconf 91' lang='lat' dir='ltr'>qui</span> <span class='ocrx_word' id='word_1_413' title='bbox 3179 2741 3242 2796; x_wconf 92' lang='lat' dir='ltr'>in</span> <span class='ocrx_word' id='word_1_414' title='bbox 3303 2739 3602 2812; x_wconf 64' lang='lat' dir='ltr'>sapientis</span> <span class='ocrx_word' id='word_1_415' title='bbox 3637 2737 3832 2795; x_wconf 89' lang='lat' dir='ltr'>studio</span> 
     </span>
    </p>
   </div>
   <div class='ocr_carea' id='block_1_57' title="bbox 2181 2826 3833 2909">
    <p class='ocr_par' dir='ltr' id='par_1_57' title="bbox 2181 2826 3833 2909">
     <span class='ocr_line' id='line_1_57' title="bbox 2181 2826 3833 2909; baseline -0.006 -17"><span class='ocrx_word' id='word_1_416' title='bbox 2181 2837 2372 2909; x_wconf 87' lang='lat' dir='ltr'>magis</span> <span class='ocrx_word' id='word_1_417' title='bbox 2399 2835 2612 2892; x_wconf 87' lang='lat' dir='ltr'>versati</span> <span class='ocrx_word' id='word_1_418' title='bbox 2643 2837 2783 2890; x_wconf 90' lang='lat' dir='ltr'>sunt</span> <span class='ocrx_word' id='word_1_419' title='bbox 2820 2835 2880 2888; x_wconf 88' lang='lat' dir='ltr'>et</span> <span class='ocrx_word' id='word_1_420' title='bbox 2930 2831 3031 2904; x_wconf 92' lang='lat' dir='ltr'>qui</span> <span class='ocrx_word' id='word_1_421' title='bbox 3061 2829 3362 2886; x_wconf 86' lang='lat' dir='ltr'>intellectu</span> <span class='ocrx_word' id='word_1_422' title='bbox 3392 2827 3568 2900; x_wconf 89' lang='lat' dir='ltr'>vulgo</span> <span class='ocrx_word' id='word_1_423' title='bbox 3599 2826 3833 2901; x_wconf 70' lang='lat' dir='ltr'>praecel-</span> 
     </span>
    </p>
   </div>
   <div class='ocr_carea' id='block_1_58' title="bbox 2180 2916 3836 2990">
    <p class='ocr_par' dir='ltr' id='par_1_58' title="bbox 2180 2916 3836 2990">
     <span class='ocr_line' id='line_1_58' title="bbox 2180 2916 3836 2990; baseline -0.005 -10"><span class='ocrx_word' id='word_1_424' title='bbox 2180 2924 2330 2980; x_wconf 89' lang='lat' dir='ltr'>lunt.</span> <span class='ocrx_word' id='word_1_425' title='bbox 2383 2926 2451 2979; x_wconf 85' lang='lat' dir='ltr'>At</span> <span class='ocrx_word' id='word_1_426' title='bbox 2479 2924 2589 2979; x_wconf 93' lang='lat' dir='ltr'>hoc</span> <span class='ocrx_word' id='word_1_427' title='bbox 2621 2937 2763 2978; x_wconf 91' lang='lat' dir='ltr'>sane</span> <span class='ocrx_word' id='word_1_428' title='bbox 2809 2920 3083 2978; x_wconf 89' lang='lat' dir='ltr'>omnibus</span> <span class='ocrx_word' id='word_1_429' title='bbox 3133 2917 3313 2977; x_wconf 90' lang='lat' dir='ltr'>lucris</span> <span class='ocrx_word' id='word_1_430' title='bbox 3372 2916 3746 2990; x_wconf 68' lang='lat' dir='ltr'>prestantius</span> <span class='ocrx_word' id='word_1_431' title='bbox 3776 2920 3836 2973; x_wconf 91' lang='lat' dir='ltr'>et</span> 
     </span>
    </p>
   </div>
   <div class='ocr_carea' id='block_1_59' title="bbox 2182 3006 3832 3084">
    <p class='ocr_par' dir='ltr' id='par_1_59' title="bbox 2182 3006 3832 3084">
     <span class='ocr_line' id='line_1_59' title="bbox 2182 3006 3832 3084; baseline -0.004 -16"><span class='ocrx_word' id='word_1_432' title='bbox 2182 3030 2344 3084; x_wconf 75' lang='lat' dir='ltr'>aeque</span> <span class='ocrx_word' id='word_1_433' title='bbox 2372 3029 2440 3070; x_wconf 86' lang='lat' dir='ltr'>ac</span> <span class='ocrx_word' id='word_1_434' title='bbox 2471 3017 2678 3068; x_wconf 60' lang='lat' dir='ltr'>caetera</span> <span class='ocrx_word' id='word_1_435' title='bbox 2721 3009 2920 3066; x_wconf 91' lang='lat' dir='ltr'>omnia</span> <span class='ocrx_word' id='word_1_436' title='bbox 2953 3008 3342 3065; x_wconf 84' lang='lat' dir='ltr'>admiratione</span> <span class='ocrx_word' id='word_1_437' title='bbox 3371 3006 3641 3081; x_wconf 90' lang='lat' dir='ltr'>dignum,</span> <span class='ocrx_word' id='word_1_438' title='bbox 3675 3006 3832 3079; x_wconf 89' lang='lat' dir='ltr'>quod</span> 
     </span>
    </p>
   </div>
   <div class='ocr_carea' id='block_1_60' title="bbox 2181 3095 3834 3173">
    <p class='ocr_par' dir='ltr' id='par_1_60' title="bbox 2181 3095 3834 3173">
     <span class='ocr_line' id='line_1_60' title="bbox 2181 3095 3834 3173; baseline -0.005 -15"><span class='ocrx_word' id='word_1_439' title='bbox 2181 3118 2384 3158; x_wconf 90' lang='lat' dir='ltr'>earum</span> <span class='ocrx_word' id='word_1_440' title='bbox 2416 3118 2543 3173; x_wconf 70' lang='lat' dir='ltr'>quae</span> <span class='ocrx_word' id='word_1_441' title='bbox 2574 3098 2774 3172; x_wconf 91' lang='lat' dir='ltr'>procul</span> <span class='ocrx_word' id='word_1_442' title='bbox 2807 3102 2948 3154; x_wconf 93' lang='lat' dir='ltr'>sunt</span> <span class='ocrx_word' id='word_1_443' title='bbox 2976 3115 3172 3154; x_wconf 91' lang='lat' dir='ltr'>rerum</span> <span class='ocrx_word' id='word_1_444' title='bbox 3211 3097 3444 3171; x_wconf 88' lang='lat' dir='ltr'>cognito</span> <span class='ocrx_word' id='word_1_445' title='bbox 3473 3095 3685 3152; x_wconf 84' lang='lat' dir='ltr'>exinde</span> <span class='ocrx_word' id='word_1_446' title='bbox 3731 3095 3834 3151; x_wconf 88' lang='lat' dir='ltr'>ad-</span> 
     </span>
    </p>
   </div>
   <div class='ocr_carea' id='block_1_61' title="bbox 2181 3185 3832 3260">
    <p class='ocr_par' dir='ltr' id='par_1_61' title="bbox 2181 3185 3832 3260">
     <span class='ocr_line' id='line_1_61' title="bbox 2181 3185 3832 3260; baseline -0.005 -13"><span class='ocrx_word' id='word_1_447' title='bbox 2181 3191 2377 3247; x_wconf 88' lang='lat' dir='ltr'>veniat</span> <span class='ocrx_word' id='word_1_448' title='bbox 2405 3195 2461 3246; x_wconf 93' lang='lat' dir='ltr'>et</span> <span class='ocrx_word' id='word_1_449' title='bbox 2491 3189 2786 3246; x_wconf 88' lang='lat' dir='ltr'>actionum</span> <span class='ocrx_word' id='word_1_450' title='bbox 2837 3205 2904 3244; x_wconf 92' lang='lat' dir='ltr'>ac</span> <span class='ocrx_word' id='word_1_451' title='bbox 2926 3204 3239 3244; x_wconf 81' lang='lat' dir='ltr'>causarum</span> <span class='ocrx_word' id='word_1_452' title='bbox 3270 3185 3630 3260; x_wconf 88' lang='lat' dir='ltr'>agendarum</span> <span class='ocrx_word' id='word_1_453' title='bbox 3664 3199 3832 3240; x_wconf 82' lang='lat' dir='ltr'>accu-</span> 
     </span>
    </p>
   </div>
   <div class='ocr_carea' id='block_1_62' title="bbox 411 3270 2066 3370">
    <p class='ocr_par' dir='ltr' id='par_1_62' title="bbox 411 3270 2066 3370">
     <span class='ocr_line' id='line_1_62' title="bbox 411 3270 2066 3370; baseline 0.001 -38"><span class='ocrx_word' id='word_1_454' title='bbox 411 3275 662 3370; x_wconf 37' lang='lat' dir='ltr'>lo‘ic‘plv</span> <span class='ocrx_word' id='word_1_455' title='bbox 714 3270 919 3345; x_wconf 76' lang='grc' dir='ltr'>ἔθνεσι,</span> <span class='ocrx_word' id='word_1_456' title='bbox 971 3273 1208 3338; x_wconf 82' lang='grc' dir='ltr'>πολλοῖς</span> <span class='ocrx_word' id='word_1_457' title='bbox 1261 3273 1320 3331; x_wconf 75' lang='grc' dir='ltr'>δὲ</span> <span class='ocrx_word' id='word_1_458' title='bbox 1367 3273 1550 3345; x_wconf 71' lang='grc' dir='ltr'>ἤθεσιν</span> <span class='ocrx_word' id='word_1_459' title='bbox 1601 3275 1926 3348; x_wconf 79' lang='grc' dir='ltr'>ὁμιλοῦντες</span> <span class='ocrx_word' id='word_1_460' title='bbox 1981 3279 2066 3334; x_wconf 77' lang='grc' dir='ltr'>καὶ</span> 
     </span>
    </p>
   </div>
   <div class='ocr_carea' id='block_1_63' title="bbox 2181 3270 3833 3370">
    <p class='ocr_par' dir='ltr' id='par_1_63' title="bbox 2182 3273 3833 3352">
     <span class='ocr_line' id='line_1_63' title="bbox 2182 3273 3833 3352; baseline -0.005 -16"><span class='ocrx_word' id='word_1_461' title='bbox 2182 3285 2310 3336; x_wconf 89' lang='lat' dir='ltr'>rata</span> <span class='ocrx_word' id='word_1_462' title='bbox 2383 3278 2702 3352; x_wconf 83' lang='lat' dir='ltr'>exploratio</span> <span class='ocrx_word' id='word_1_463' title='bbox 2759 3281 2817 3333; x_wconf 91' lang='lat' dir='ltr'>et</span> <span class='ocrx_word' id='word_1_464' title='bbox 2865 3277 3112 3333; x_wconf 86' lang='lat' dir='ltr'>scientia</span> <span class='ocrx_word' id='word_1_465' title='bbox 3161 3279 3220 3333; x_wconf 92' lang='lat' dir='ltr'>et</span> <span class='ocrx_word' id='word_1_466' title='bbox 3275 3273 3650 3347; x_wconf 84' lang='lat' dir='ltr'>experientia,</span> <span class='ocrx_word' id='word_1_467' title='bbox 3705 3289 3833 3345; x_wconf 68' lang='lat' dir='ltr'>qua</span> 
     </span>
    </p>
   </div>
   <div class='ocr_carea' id='block_1_64' title="bbox 409 3364 2066 3444">
    <p class='ocr_par' dir='ltr' id='par_1_64' title="bbox 409 3364 2066 3444">
     <span class='ocr_line' id='line_1_64' title="bbox 409 3364 2066 3444; baseline 0 -23"><span class='ocrx_word' id='word_1_468' title='bbox 409 3364 696 3442; x_wconf 76' lang='grc' dir='ltr'>καινότερα</span> <span class='ocrx_word' id='word_1_469' title='bbox 743 3365 826 3424; x_wconf 84' lang='grc' dir='ltr'>ἀεὶ</span> <span class='ocrx_word' id='word_1_470' title='bbox 894 3366 1252 3438; x_wconf 82' lang='grc' dir='ltr'>μανθάνοντες</span> <span class='ocrx_word' id='word_1_471' title='bbox 1311 3364 1372 3420; x_wconf 75' lang='grc' dir='ltr'>ἐκ</span> <span class='ocrx_word' id='word_1_472' title='bbox 1422 3369 1520 3421; x_wconf 78' lang='grc' dir='ltr'>τοῦ</span> <span class='ocrx_word' id='word_1_473' title='bbox 1571 3365 1906 3444; x_wconf 82' lang='grc' dir='ltr'>καινοτέροις</span> <span class='ocrx_word' id='word_1_474' title='bbox 1958 3367 2008 3423; x_wconf 82' lang='grc' dir='ltr'>ἐν</span> <span class='ocrx_word' id='word_1_475' title='bbox 2041 3401 2066 3413; x_wconf 88' lang='grc'><strong><em>-</em></strong></span> 
     </span>
    </p>
   </div>
   <div class='ocr_carea' id='block_1_65' title="bbox 407 3451 2068 3531">
    <p class='ocr_par' dir='ltr' id='par_1_65' title="bbox 407 3451 2068 3531">
     <span class='ocr_line' id='line_1_65' title="bbox 407 3451 2068 3531; baseline 0.001 -21"><span class='ocrx_word' id='word_1_476' title='bbox 407 3454 696 3531; x_wconf 83' lang='grc' dir='ltr'>τυγχάνειν</span> <span class='ocrx_word' id='word_1_477' title='bbox 747 3454 828 3510; x_wconf 81' lang='grc' dir='ltr'>ἀεὶ</span> <span class='ocrx_word' id='word_1_478' title='bbox 876 3454 966 3510; x_wconf 83' lang='grc' dir='ltr'>καὶ</span> <span class='ocrx_word' id='word_1_479' title='bbox 1015 3451 1235 3531; x_wconf 79' lang='grc' dir='ltr'>ἀνδράσι</span> <span class='ocrx_word' id='word_1_480' title='bbox 1281 3454 1371 3510; x_wconf 79' lang='grc' dir='ltr'>καὶ</span> <span class='ocrx_word' id='word_1_481' title='bbox 1423 3453 1617 3511; x_wconf 88' lang='grc' dir='ltr'>πόλεσι</span> <span class='ocrx_word' id='word_1_482' title='bbox 1664 3456 1755 3510; x_wconf 83' lang='grc' dir='ltr'>καὶ</span> <span class='ocrx_word' id='word_1_483' title='bbox 1805 3455 2068 3530; x_wconf 88' lang='grc' dir='ltr'>νομίμοις</span> 
     </span>
    </p>
   </div>
   <div class='ocr_carea' id='block_1_66' title="bbox 407 3539 2066 3620">
    <p class='ocr_par' dir='ltr' id='par_1_66' title="bbox 407 3539 2066 3620">
     <span class='ocr_line' id='line_1_66' title="bbox 407 3539 2066 3620; baseline 0.001 -21"><span class='ocrx_word' id='word_1_484' title='bbox 407 3543 497 3599; x_wconf 83' lang='grc' dir='ltr'>καὶ</span> <span class='ocrx_word' id='word_1_485' title='bbox 526 3549 658 3598; x_wconf 76' lang='grc' dir='ltr'>πᾶσι</span> <span class='ocrx_word' id='word_1_486' title='bbox 705 3545 1040 3620; x_wconf 81' lang='grc' dir='ltr'>πράγμασιν,</span> <span class='ocrx_word' id='word_1_487' title='bbox 1091 3541 1142 3614; x_wconf 79' lang='grc' dir='ltr'>ἐξ</span> <span class='ocrx_word' id='word_1_488' title='bbox 1194 3544 1268 3598; x_wconf 80' lang='grc' dir='ltr'>ὧν</span> <span class='ocrx_word' id='word_1_489' title='bbox 1319 3543 1395 3605; x_wconf 83' lang='grc' dir='ltr'>ὡς</span> <span class='ocrx_word' id='word_1_490' title='bbox 1447 3539 1904 3620; x_wconf 80' lang='grc' dir='ltr'>ἔμπειρικώτατοι</span> <span class='ocrx_word' id='word_1_491' title='bbox 1957 3551 2066 3601; x_wconf 83' lang='grc' dir='ltr'>τῶν</span> 
     </span>
    </p>
   </div>
   <div class='ocr_carea' id='block_1_67' title="bbox 407 3629 2066 3710">
    <p class='ocr_par' dir='ltr' id='par_1_67' title="bbox 407 3629 2066 3710">
     <span class='ocr_line' id='line_1_67' title="bbox 407 3629 2066 3710; baseline 0.002 -23"><span class='ocrx_word' id='word_1_492' title='bbox 407 3629 592 3688; x_wconf 78' lang='grc' dir='ltr'>ἄλλων</span> <span class='ocrx_word' id='word_1_493' title='bbox 639 3633 728 3688; x_wconf 84' lang='grc' dir='ltr'>καὶ</span> <span class='ocrx_word' id='word_1_494' title='bbox 777 3632 1221 3710; x_wconf 82' lang='grc' dir='ltr'>φρονιμώτατοι,</span> <span class='ocrx_word' id='word_1_495' title='bbox 1271 3629 1420 3708; x_wconf 61' lang='grc' dir='ltr'>εἰπερ</span> <span class='ocrx_word' id='word_1_496' title='bbox 1469 3634 1558 3686; x_wconf 80' lang='grc' dir='ltr'>καὶ</span> <span class='ocrx_word' id='word_1_497' title='bbox 1608 3633 2066 3710; x_wconf 81' lang='grc' dir='ltr'>ἐμπειρικώτατοι</span> 
     </span>
    </p>
   </div>
   <div class='ocr_carea' id='block_1_68' title="bbox 411 3719 2066 3797">
    <p class='ocr_par' dir='ltr' id='par_1_68' title="bbox 411 3719 2066 3797">
     <span class='ocr_line' id='line_1_68' title="bbox 411 3719 2066 3797; baseline 0.001 -21"><span class='ocrx_word' id='word_1_498' title='bbox 411 3721 464 3776; x_wconf 81' lang='grc' dir='ltr'>οἱ</span> <span class='ocrx_word' id='word_1_499' title='bbox 516 3725 586 3794; x_wconf 79' lang='grc' dir='ltr'>τῇ</span> <span class='ocrx_word' id='word_1_500' title='bbox 643 3719 883 3791; x_wconf 77' lang='grc' dir='ltr'>θαλάσση</span> <span class='ocrx_word' id='word_1_501' title='bbox 961 3721 1297 3797; x_wconf 80' lang='grc' dir='ltr'>κεχρημένοι</span> <span class='ocrx_word' id='word_1_502' title='bbox 1355 3721 1761 3796; x_wconf 85' lang='grc' dir='ltr'>γινώσκονται.</span> <span class='ocrx_word' id='word_1_503' title='bbox 1821 3723 1894 3778; x_wconf 70' lang='grc' dir='ltr'>Οὐ</span> <span class='ocrx_word' id='word_1_504' title='bbox 1959 3725 2066 3796; x_wconf 73' lang='grc' dir='ltr'>μήν</span> 
     </span>
    </p>
   </div>
   <div class='ocr_carea' id='block_1_69' title="bbox 411 3807 2070 3887">
    <p class='ocr_par' dir='ltr' id='par_1_69' title="bbox 411 3807 2070 3887">
     <span class='ocr_line' id='line_1_69' title="bbox 411 3807 2070 3887; baseline 0.002 -23"><span class='ocrx_word' id='word_1_505' title='bbox 411 3807 558 3865; x_wconf 78' lang='grc' dir='ltr'>ἀλλὰ</span> <span class='ocrx_word' id='word_1_506' title='bbox 627 3808 716 3865; x_wconf 87' lang='grc' dir='ltr'>καὶ</span> <span class='ocrx_word' id='word_1_507' title='bbox 784 3808 1135 3886; x_wconf 76' lang='grc' dir='ltr'>καρτερικοὺς</span> <span class='ocrx_word' id='word_1_508' title='bbox 1212 3807 1352 3872; x_wconf 73' lang='grc' dir='ltr'>ἴδοις</span> <span class='ocrx_word' id='word_1_509' title='bbox 1431 3810 1488 3864; x_wconf 74' lang='grc' dir='ltr'>ἂν</span> <span class='ocrx_word' id='word_1_510' title='bbox 1548 3811 1637 3864; x_wconf 82' lang='grc' dir='ltr'>καὶ</span> <span class='ocrx_word' id='word_1_511' title='bbox 1717 3809 1933 3887; x_wconf 87' lang='grc' dir='ltr'>ἀνδρίας</span> <span class='ocrx_word' id='word_1_512' title='bbox 1992 3815 2070 3875; x_wconf 84' lang='grc' dir='ltr'>ὡς</span> 
     </span>
    </p>
   </div>
   <div class='ocr_carea' id='block_1_70' title="bbox 410 3897 2073 3975">
    <p class='ocr_par' dir='ltr' id='par_1_70' title="bbox 410 3897 2073 3975">
     <span class='ocr_line' id='line_1_70' title="bbox 410 3897 2073 3975; baseline 0.001 -20"><span class='ocrx_word' id='word_1_513' title='bbox 410 3897 668 3955; x_wconf 84' lang='grc' dir='ltr'>πλεῖστον</span> <span class='ocrx_word' id='word_1_514' title='bbox 737 3898 970 3968; x_wconf 76' lang='grc' dir='ltr'>ἥκοντας</span> <span class='ocrx_word' id='word_1_515' title='bbox 1023 3897 1151 3961; x_wconf 74' lang='grc' dir='ltr'>τοὺς</span> <span class='ocrx_word' id='word_1_516' title='bbox 1203 3898 1400 3962; x_wconf 72' lang='grc' dir='ltr'>αὐτοὺς</span> <span class='ocrx_word' id='word_1_517' title='bbox 1458 3899 1684 3962; x_wconf 73' lang='grc' dir='ltr'>τούτους</span> <span class='ocrx_word' id='word_1_518' title='bbox 1721 3923 1733 3935; x_wconf 92' lang='grc'><strong>·</strong></span> <span class='ocrx_word' id='word_1_519' title='bbox 1796 3899 1877 3956; x_wconf 77' lang='grc' dir='ltr'>ὅτι</span> <span class='ocrx_word' id='word_1_520' title='bbox 1943 3900 2073 3975; x_wconf 76' lang='grc' dir='ltr'>μηδ’</span> 
     </span>
    </p>
   </div>
   <div class='ocr_carea' id='block_1_71' title="bbox 410 3984 2071 4064">
    <p class='ocr_par' dir='ltr' id='par_1_71' title="bbox 410 3984 2071 4064">
     <span class='ocr_line' id='line_1_71' title="bbox 410 3984 2071 4064; baseline 0.001 -21"><span class='ocrx_word' id='word_1_521' title='bbox 410 3984 520 4044; x_wconf 77' lang='grc' dir='ltr'>ἔσθ’</span> <span class='ocrx_word' id='word_1_522' title='bbox 561 3988 591 4043; x_wconf 77' lang='grc' dir='ltr'>ὅ</span> <span class='ocrx_word' id='word_1_523' title='bbox 635 4008 697 4064; x_wconf 83' lang='grc' dir='ltr'>γε</span> <span class='ocrx_word' id='word_1_524' title='bbox 751 3989 898 4061; x_wconf 83' lang='grc' dir='ltr'>παρὰ</span> <span class='ocrx_word' id='word_1_525' title='bbox 949 3990 1050 4057; x_wconf 77' lang='grc' dir='ltr'>τήν</span> <span class='ocrx_word' id='word_1_526' title='bbox 1109 3986 1377 4043; x_wconf 83' lang='grc' dir='ltr'>θάλασσαν</span> <span class='ocrx_word' id='word_1_527' title='bbox 1434 3990 1627 4051; x_wconf 75' lang='grc' dir='ltr'>ἱκανῶς</span> <span class='ocrx_word' id='word_1_528' title='bbox 1686 3995 1802 4052; x_wconf 87' lang='grc' dir='ltr'>τοῖς</span> <span class='ocrx_word' id='word_1_529' title='bbox 1862 3988 2016 4046; x_wconf 74' lang='grc' dir='ltr'>κινδύ</span> <span class='ocrx_word' id='word_1_530' title='bbox 2049 4024 2071 4033; x_wconf 94' lang='grc'><strong>-</strong></span> 
     </span>
    </p>
   </div>
   <div class='ocr_carea' id='block_1_72' title="bbox 408 4075 2072 4156">
    <p class='ocr_par' dir='ltr' id='par_1_72' title="bbox 408 4075 2072 4156">
     <span class='ocr_line' id='line_1_72' title="bbox 408 4075 2072 4156; baseline 0.002 -24"><span class='ocrx_word' id='word_1_531' title='bbox 408 4097 523 4140; x_wconf 85' lang='grc' dir='ltr'>νοις</span> <span class='ocrx_word' id='word_1_532' title='bbox 572 4078 902 4151; x_wconf 85' lang='grc' dir='ltr'>παραμένειν</span> <span class='ocrx_word' id='word_1_533' title='bbox 960 4075 1160 4148; x_wconf 81' lang='grc' dir='ltr'>διδάξει</span> <span class='ocrx_word' id='word_1_534' title='bbox 1217 4079 1308 4132; x_wconf 84' lang='grc' dir='ltr'>καὶ</span> <span class='ocrx_word' id='word_1_535' title='bbox 1368 4077 1636 4134; x_wconf 84' lang='grc' dir='ltr'>ἀναπείσει</span> <span class='ocrx_word' id='word_1_536' title='bbox 1692 4079 1766 4141; x_wconf 83' lang='grc' dir='ltr'>ὡς</span> <span class='ocrx_word' id='word_1_537' title='bbox 1817 4080 2072 4156; x_wconf 76' lang='grc' dir='ltr'>εὐψύχως</span> 
     </span>
    </p>
   </div>
   <div class='ocr_carea' id='block_1_73' title="bbox 410 4161 2071 4246">
    <p class='ocr_par' dir='ltr' id='par_1_73' title="bbox 410 4161 2071 4246">
     <span class='ocr_line' id='line_1_73' title="bbox 410 4161 2071 4246; baseline 0.001 -24"><span class='ocrx_word' id='word_1_538' title='bbox 410 4161 589 4246; x_wconf 77' lang='grc' dir='ltr'>φέρειν</span> <span class='ocrx_word' id='word_1_539' title='bbox 631 4168 699 4222; x_wconf 82' lang='grc' dir='ltr'>τὰ</span> <span class='ocrx_word' id='word_1_540' title='bbox 747 4165 986 4223; x_wconf 83' lang='grc' dir='ltr'>ἐπιόντα.</span> <span class='ocrx_word' id='word_1_541' title='bbox 1031 4168 1189 4240; x_wconf 82' lang='grc' dir='ltr'>Ἐμοὶ</span> <span class='ocrx_word' id='word_1_542' title='bbox 1237 4167 1332 4240; x_wconf 76' lang='grc' dir='ltr'>μὲν</span> <span class='ocrx_word' id='word_1_543' title='bbox 1380 4167 1482 4244; x_wconf 82' lang='grc' dir='ltr'>γὰρ</span> <span class='ocrx_word' id='word_1_544' title='bbox 1541 4167 1617 4230; x_wconf 68' lang='grc' dir='ltr'>εἷς</span> <span class='ocrx_word' id='word_1_545' title='bbox 1669 4165 1928 4239; x_wconf 81' lang='grc' dir='ltr'>ἔκπληξιν</span> <span class='ocrx_word' id='word_1_546' title='bbox 1979 4170 2071 4223; x_wconf 83' lang='grc' dir='ltr'>θά-</span> 
     </span>
    </p>
   </div>
   <div class='ocr_carea' id='block_1_74' title="bbox 409 4253 2069 4332">
    <p class='ocr_par' dir='ltr' id='par_1_74' title="bbox 409 4253 2069 4332">
     <span class='ocr_line' id='line_1_74' title="bbox 409 4253 2069 4332; baseline 0.001 -21"><span class='ocrx_word' id='word_1_547' title='bbox 409 4253 585 4311; x_wconf 82' lang='grc' dir='ltr'>λασσα</span> <span class='ocrx_word' id='word_1_548' title='bbox 651 4255 742 4312; x_wconf 87' lang='grc' dir='ltr'>καὶ</span> <span class='ocrx_word' id='word_1_549' title='bbox 795 4255 1078 4332; x_wconf 79' lang='grc' dir='ltr'>πόῤῥωθεν</span> <span class='ocrx_word' id='word_1_550' title='bbox 1141 4254 1417 4328; x_wconf 79' lang='grc' dir='ltr'>ἱσταμένῳ</span> <span class='ocrx_word' id='word_1_551' title='bbox 1482 4257 1572 4312; x_wconf 79' lang='grc' dir='ltr'>καὶ</span> <span class='ocrx_word' id='word_1_552' title='bbox 1631 4257 1736 4312; x_wconf 90' lang='grc' dir='ltr'>ἀπὸ</span> <span class='ocrx_word' id='word_1_553' title='bbox 1785 4264 1886 4328; x_wconf 81' lang='grc' dir='ltr'>τῆς</span> <span class='ocrx_word' id='word_1_554' title='bbox 1948 4257 2069 4322; x_wconf 85' lang='grc' dir='ltr'>θέας</span> 
     </span>
    </p>
   </div>
   <div class='ocr_carea' id='block_1_75' title="bbox 410 4341 2070 4424">
    <p class='ocr_par' dir='ltr' id='par_1_75' title="bbox 410 4341 2070 4424">
     <span class='ocr_line' id='line_1_75' title="bbox 410 4341 2070 4424; baseline 0.001 -24"><span class='ocrx_word' id='word_1_555' title='bbox 410 4343 550 4421; x_wconf 76' lang='grc' dir='ltr'>ἔχει,</span> <span class='ocrx_word' id='word_1_556' title='bbox 598 4344 689 4400; x_wconf 83' lang='grc' dir='ltr'>καὶ</span> <span class='ocrx_word' id='word_1_557' title='bbox 735 4348 843 4401; x_wconf 82' lang='grc' dir='ltr'>τῶν</span> <span class='ocrx_word' id='word_1_558' title='bbox 889 4342 1048 4421; x_wconf 74' lang='grc' dir='ltr'>ἤχων</span> <span class='ocrx_word' id='word_1_559' title='bbox 1098 4345 1160 4399; x_wconf 83' lang='grc' dir='ltr'>τὸ</span> <span class='ocrx_word' id='word_1_560' title='bbox 1218 4341 1490 4424; x_wconf 78' lang='grc' dir='ltr'>φρικῶδες</span> <span class='ocrx_word' id='word_1_561' title='bbox 1547 4346 1639 4400; x_wconf 86' lang='grc' dir='ltr'>καὶ</span> <span class='ocrx_word' id='word_1_562' title='bbox 1698 4341 1950 4423; x_wconf 82' lang='grc' dir='ltr'>φοϐερόν”</span> <span class='ocrx_word' id='word_1_563' title='bbox 2007 4348 2070 4402; x_wconf 89' lang='grc' dir='ltr'>τὸ</span> 
     </span>
    </p>
   </div>
   <div class='ocr_carea' id='block_1_76' title="bbox 410 4427 2068 4510">
    <p class='ocr_par' dir='ltr' id='par_1_76' title="bbox 410 4427 2068 4510">
     <span class='ocr_line' id='line_1_76' title="bbox 410 4427 2068 4510; baseline 0.001 -22"><span class='ocrx_word' id='word_1_564' title='bbox 410 4430 471 4488; x_wconf 81' lang='grc' dir='ltr'>δέ</span> <span class='ocrx_word' id='word_1_565' title='bbox 525 4453 588 4508; x_wconf 87' lang='grc' dir='ltr'>γε</span> <span class='ocrx_word' id='word_1_566' title='bbox 637 4433 728 4488; x_wconf 85' lang='grc' dir='ltr'>καὶ</span> <span class='ocrx_word' id='word_1_567' title='bbox 773 4438 985 4506; x_wconf 77' lang='grc' dir='ltr'>τολμᾷν</span> <span class='ocrx_word' id='word_1_568' title='bbox 1063 4427 1356 4488; x_wconf 84' lang='grc' dir='ltr'>ἐπιϐαίνειν</span> <span class='ocrx_word' id='word_1_569' title='bbox 1431 4434 1522 4488; x_wconf 78' lang='grc' dir='ltr'>καὶ</span> <span class='ocrx_word' id='word_1_570' title='bbox 1579 4434 2068 4510; x_wconf 80' lang='grc' dir='ltr'>παρασκευάζεσθαι</span> 
     </span>
    </p>
   </div>
   <div class='ocr_carea' id='block_1_77' title="bbox 409 4519 2072 4598">
    <p class='ocr_par' dir='ltr' id='par_1_77' title="bbox 409 4519 2072 4598">
     <span class='ocr_line' id='line_1_77' title="bbox 409 4519 2072 4598; baseline 0.001 -21"><span class='ocrx_word' id='word_1_571' title='bbox 409 4521 548 4595; x_wconf 84' lang='grc' dir='ltr'>πρὸς</span> <span class='ocrx_word' id='word_1_572' title='bbox 602 4519 858 4578; x_wconf 73' lang='grc' dir='ltr'>κλύδωνα</span> <span class='ocrx_word' id='word_1_573' title='bbox 931 4523 1020 4577; x_wconf 82' lang='grc' dir='ltr'>καὶ</span> <span class='ocrx_word' id='word_1_574' title='bbox 1092 4521 1261 4593; x_wconf 84' lang='grc' dir='ltr'>ζάλην</span> <span class='ocrx_word' id='word_1_575' title='bbox 1316 4523 1406 4578; x_wconf 83' lang='grc' dir='ltr'>καὶ</span> <span class='ocrx_word' id='word_1_576' title='bbox 1461 4522 1748 4598; x_wconf 89' lang='grc' dir='ltr'>τρικυμίαν</span> <span class='ocrx_word' id='word_1_577' title='bbox 1825 4525 1915 4579; x_wconf 77' lang='grc' dir='ltr'>καὶ</span> <span class='ocrx_word' id='word_1_578' title='bbox 1973 4524 2072 4579; x_wconf 81' lang='grc' dir='ltr'>πά-</span> 
     </span>
    </p>
   </div>
   <div class='ocr_carea' id='block_1_78' title="bbox 411 4606 2064 4688">
    <p class='ocr_par' dir='ltr' id='par_1_78' title="bbox 411 4606 2064 4688">
     <span class='ocr_line' id='line_1_78' title="bbox 411 4606 2064 4688; baseline 0.002 -22"><span class='ocrx_word' id='word_1_579' title='bbox 411 4631 508 4674; x_wconf 88' lang='grc' dir='ltr'>σας</span> <span class='ocrx_word' id='word_1_580' title='bbox 567 4606 873 4685; x_wconf 79' lang='grc' dir='ltr'>μεταϐολᾶς</span> <span class='ocrx_word' id='word_1_581' title='bbox 930 4611 1020 4666; x_wconf 84' lang='grc' dir='ltr'>καὶ</span> <span class='ocrx_word' id='word_1_582' title='bbox 1079 4612 1234 4688; x_wconf 84' lang='grc' dir='ltr'>ἀέρος</span> <span class='ocrx_word' id='word_1_583' title='bbox 1297 4613 1386 4667; x_wconf 83' lang='grc' dir='ltr'>καὶ</span> <span class='ocrx_word' id='word_1_584' title='bbox 1453 4610 1646 4674; x_wconf 76' lang='grc' dir='ltr'>ὕδατος</span> <span class='ocrx_word' id='word_1_585' title='bbox 1677 4660 1690 4684; x_wconf 93' lang='grc'>,</span> <span class='ocrx_word' id='word_1_586' title='bbox 1746 4615 1892 4668; x_wconf 79' lang='grc' dir='ltr'>τοῦτ’</span> <span class='ocrx_word' id='word_1_587' title='bbox 1957 4612 2064 4685; x_wconf 78' lang='grc' dir='ltr'>ἤδη</span> 
     </span>
    </p>
   </div>
   <div class='ocr_carea' id='block_1_79' title="bbox 413 4696 1991 4777">
    <p class='ocr_par' dir='ltr' id='par_1_79' title="bbox 413 4696 1991 4777">
     <span class='ocr_line' id='line_1_79' title="bbox 413 4696 1991 4777; baseline 0.001 -21"><span class='ocrx_word' id='word_1_588' title='bbox 413 4699 608 4777; x_wconf 80' lang='grc' dir='ltr'>μέτρον</span> <span class='ocrx_word' id='word_1_589' title='bbox 685 4703 820 4756; x_wconf 79' lang='grc' dir='ltr'>ἅπαν</span> <span class='ocrx_word' id='word_1_590' title='bbox 907 4699 1151 4775; x_wconf 79' lang='grc' dir='ltr'>ἀνδρείας</span> <span class='ocrx_word' id='word_1_591' title='bbox 1240 4696 1572 4774; x_wconf 83' lang='grc' dir='ltr'>ὑπερϐάλλει</span> <span class='ocrx_word' id='word_1_592' title='bbox 1657 4703 1745 4757; x_wconf 79' lang='grc' dir='ltr'>καὶ</span> <span class='ocrx_word' id='word_1_593' title='bbox 1829 4723 1991 4777; x_wconf 84' lang='grc' dir='ltr'>καρτε</span> 
     </span>
    </p>
   </div>
   <div class='ocr_carea' id='block_1_80' title="bbox 410 4785 549 4868">
    <p class='ocr_par' dir='ltr' id='par_1_80' title="bbox 410 4785 549 4868">
     <span class='ocr_line' id='line_1_80' title="bbox 410 4785 549 4868; baseline 0.007 -22"><span class='ocrx_word' id='word_1_594' title='bbox 410 4785 549 4868; x_wconf 78' lang='grc' dir='ltr'>ρίας.</span> 
     </span>
    </p>
   </div>
   <div class='ocr_carea' id='block_1_81' title="bbox 481 5051 2067 5134">
    <p class='ocr_par' dir='ltr' id='par_1_81' title="bbox 481 5051 2067 5134">
     <span class='ocr_line' id='line_1_81' title="bbox 481 5051 2067 5134; baseline 0.001 -22"><span class='ocrx_word' id='word_1_595' title='bbox 481 5056 582 5112; x_wconf 86' lang='grc' dir='ltr'>Καὶ</span> <span class='ocrx_word' id='word_1_596' title='bbox 607 5060 777 5112; x_wconf 75' lang='grc' dir='ltr'>ταῦτα</span> <span class='ocrx_word' id='word_1_597' title='bbox 834 5057 928 5130; x_wconf 77' lang='grc' dir='ltr'>μὲν</span> <span class='ocrx_word' id='word_1_598' title='bbox 979 5056 1056 5118; x_wconf 86' lang='grc' dir='ltr'>ὡς</span> <span class='ocrx_word' id='word_1_599' title='bbox 1105 5054 1164 5110; x_wconf 87' lang='grc' dir='ltr'>ἐκ</span> <span class='ocrx_word' id='word_1_600' title='bbox 1216 5060 1423 5131; x_wconf 81' lang='grc' dir='ltr'>μικρῶν</span> <span class='ocrx_word' id='word_1_601' title='bbox 1468 5056 1532 5111; x_wconf 87' lang='grc' dir='ltr'>τὸ</span> <span class='ocrx_word' id='word_1_602' title='bbox 1574 5051 1923 5134; x_wconf 85' lang='grc' dir='ltr'>ὑπερϐάλλον</span> <span class='ocrx_word' id='word_1_603' title='bbox 1969 5063 2067 5114; x_wconf 80' lang='grc' dir='ltr'>τοῦ</span> 
     </span>
    </p>
   </div>
   <div class='ocr_carea' id='block_1_82' title="bbox 407 5143 2066 5223">
    <p class='ocr_par' dir='ltr' id='par_1_82' title="bbox 407 5143 2066 5223">
     <span class='ocr_line' id='line_1_82' title="bbox 407 5143 2066 5223; baseline 0.001 -21"><span class='ocrx_word' id='word_1_604' title='bbox 407 5145 684 5222; x_wconf 83' lang='grc' dir='ltr'>στοιχείου</span> <span class='ocrx_word' id='word_1_605' title='bbox 760 5143 1083 5222; x_wconf 85' lang='grc' dir='ltr'>γνωρίσαι·</span> <span class='ocrx_word' id='word_1_606' title='bbox 1145 5151 1394 5223; x_wconf 87' lang='grc' dir='ltr'>παρεῖται</span> <span class='ocrx_word' id='word_1_607' title='bbox 1479 5143 1536 5201; x_wconf 75' lang='grc' dir='ltr'>δὲ</span> <span class='ocrx_word' id='word_1_608' title='bbox 1603 5146 1667 5200; x_wconf 77' lang='grc' dir='ltr'>τὰ</span> <span class='ocrx_word' id='word_1_609' title='bbox 1748 5147 1916 5220; x_wconf 86' lang='grc' dir='ltr'>μείζω</span> <span class='ocrx_word' id='word_1_610' title='bbox 1975 5147 2066 5203; x_wconf 83' lang='grc' dir='ltr'>καὶ</span> 
     </span>
    </p>
   </div>
   <div class='ocr_carea' id='block_1_83' title="bbox 402 5230 2066 5312">
    <p class='ocr_par' dir='ltr' id='par_1_83' title="bbox 402 5230 2066 5312">
     <span class='ocr_line' id='line_1_83' title="bbox 402 5230 2066 5312; baseline -0.001 -21"><span class='ocrx_word' id='word_1_611' title='bbox 402 5233 710 5310; x_wconf 84' lang='grc' dir='ltr'>τελεώτερα</span> <span class='ocrx_word' id='word_1_612' title='bbox 760 5233 884 5308; x_wconf 87' lang='grc' dir='ltr'>περὶ</span> <span class='ocrx_word' id='word_1_613' title='bbox 934 5230 1093 5289; x_wconf 79' lang='grc' dir='ltr'>τοῦδε</span> <span class='ocrx_word' id='word_1_614' title='bbox 1141 5232 1320 5309; x_wconf 73' lang='grc' dir='ltr'>λέγειν</span> <span class='ocrx_word' id='word_1_615' title='bbox 1372 5237 1530 5308; x_wconf 80' lang='grc' dir='ltr'>ἡμῖν,</span> <span class='ocrx_word' id='word_1_616' title='bbox 1581 5234 1809 5312; x_wconf 83' lang='grc' dir='ltr'>ἀπορίαν</span> <span class='ocrx_word' id='word_1_617' title='bbox 1853 5235 2066 5299; x_wconf 75' lang='grc' dir='ltr'>ἑαυτοῖς</span> 
     </span>
    </p>
   </div>
   <div class='ocr_carea' id='block_1_84' title="bbox 405 5320 2065 5399">
    <p class='ocr_par' dir='ltr' id='par_1_84' title="bbox 405 5320 2065 5399">
     <span class='ocr_line' id='line_1_84' title="bbox 405 5320 2065 5399; baseline -0.001 -19"><span class='ocrx_word' id='word_1_618' title='bbox 405 5320 700 5380; x_wconf 86' lang='grc' dir='ltr'>συνειδόσιν</span> <span class='ocrx_word' id='word_1_619' title='bbox 780 5321 919 5378; x_wconf 82' lang='grc' dir='ltr'>ὥστε</span> <span class='ocrx_word' id='word_1_620' title='bbox 995 5321 1118 5399; x_wconf 81' lang='grc' dir='ltr'>περὶ</span> <span class='ocrx_word' id='word_1_621' title='bbox 1196 5328 1294 5379; x_wconf 80' lang='grc' dir='ltr'>τοῦ</span> <span class='ocrx_word' id='word_1_622' title='bbox 1372 5322 1660 5399; x_wconf 84' lang='grc' dir='ltr'>κρατίστου</span> <span class='ocrx_word' id='word_1_623' title='bbox 1719 5329 1824 5380; x_wconf 80' lang='grc' dir='ltr'>τῶν</span> <span class='ocrx_word' id='word_1_624' title='bbox 1894 5321 2065 5380; x_wconf 73' lang='grc' dir='ltr'>ὄντων</span> 
     </span>
    </p>
   </div>
   <div class='ocr_carea' id='block_1_85' title="bbox 410 5411 2068 5490">
    <p class='ocr_par' dir='ltr' id='par_1_85' title="bbox 410 5411 2068 5490">
     <span class='ocr_line' id='line_1_85' title="bbox 410 5411 2068 5490; baseline 0.001 -22"><span class='ocrx_word' id='word_1_625' title='bbox 410 5411 765 5490; x_wconf 78' lang='grc' dir='ltr'>ὑψηλοτέρων</span> <span class='ocrx_word' id='word_1_626' title='bbox 817 5413 1070 5467; x_wconf 81' lang='grc' dir='ltr'>ἅπτεσθαι</span> <span class='ocrx_word' id='word_1_627' title='bbox 1123 5411 1305 5488; x_wconf 88' lang='grc' dir='ltr'>λόγων</span> <span class='ocrx_word' id='word_1_628' title='bbox 1334 5457 1346 5469; x_wconf 94' lang='grc'>.</span> <span class='ocrx_word' id='word_1_629' title='bbox 1397 5414 1496 5467; x_wconf 83' lang='grc' dir='ltr'>Καὶ</span> <span class='ocrx_word' id='word_1_630' title='bbox 1546 5414 1650 5490; x_wconf 73' lang='grc' dir='ltr'>γὰρ</span> <span class='ocrx_word' id='word_1_631' title='bbox 1703 5414 1846 5490; x_wconf 79' lang='grc' dir='ltr'>ἀρχή</span> <span class='ocrx_word' id='word_1_632' title='bbox 1892 5435 1974 5476; x_wconf 87' lang='grc' dir='ltr'>τις</span> <span class='ocrx_word' id='word_1_633' title='bbox 2006 5415 2068 5469; x_wconf 85' lang='grc' dir='ltr'>τὸ</span> 
     </span>
    </p>
   </div>
   <div class='ocr_carea' id='block_1_86' title="bbox 409 5499 2069 5578">
    <p class='ocr_par' dir='ltr' id='par_1_86' title="bbox 409 5499 2069 5578">
     <span class='ocr_line' id='line_1_86' title="bbox 409 5499 2069 5578; baseline 0.001 -21"><span class='ocrx_word' id='word_1_634' title='bbox 409 5499 556 5577; x_wconf 74' lang='grc' dir='ltr'>ὕδωρ</span> <span class='ocrx_word' id='word_1_635' title='bbox 610 5504 712 5571; x_wconf 75' lang='grc' dir='ltr'>τῆς</span> <span class='ocrx_word' id='word_1_636' title='bbox 772 5502 936 5578; x_wconf 80' lang='grc' dir='ltr'>ὑγρᾶς</span> <span class='ocrx_word' id='word_1_637' title='bbox 999 5501 1183 5564; x_wconf 74' lang='grc' dir='ltr'>οὐσίας</span> <span class='ocrx_word' id='word_1_638' title='bbox 1257 5501 1533 5575; x_wconf 84' lang='grc' dir='ltr'>νομίζεται</span> <span class='ocrx_word' id='word_1_639' title='bbox 1602 5504 1692 5558; x_wconf 80' lang='grc' dir='ltr'>καὶ</span> <span class='ocrx_word' id='word_1_640' title='bbox 1740 5504 2069 5559; x_wconf 86' lang='grc' dir='ltr'>συνεκτικὸν</span> 
     </span>
    </p>
   </div>
   <div class='ocr_carea' id='block_1_87' title="bbox 406 5589 2067 5668">
    <p class='ocr_par' dir='ltr' id='par_1_87' title="bbox 406 5589 2067 5668">
     <span class='ocr_line' id='line_1_87' title="bbox 406 5589 2067 5668; baseline 0.001 -21"><span class='ocrx_word' id='word_1_641' title='bbox 406 5595 514 5648; x_wconf 83' lang='grc' dir='ltr'>τῶν</span> <span class='ocrx_word' id='word_1_642' title='bbox 575 5589 886 5668; x_wconf 87' lang='grc' dir='ltr'>λεγομένων</span> <span class='ocrx_word' id='word_1_643' title='bbox 937 5592 1084 5668; x_wconf 84' lang='grc' dir='ltr'>παρᾶ</span> <span class='ocrx_word' id='word_1_644' title='bbox 1129 5594 1292 5646; x_wconf 76' lang='grc' dir='ltr'>τοῦτο</span> <span class='ocrx_word' id='word_1_645' title='bbox 1350 5591 1637 5668; x_wconf 84' lang='grc' dir='ltr'>στοιχείων</span> <span class='ocrx_word' id='word_1_646' title='bbox 1666 5611 1677 5624; x_wconf 77' lang='grc'><em>’</em></span> <span class='ocrx_word' id='word_1_647' title='bbox 1741 5589 1928 5662; x_wconf 73' lang='grc' dir='ltr'>ἐπειδὴ</span> <span class='ocrx_word' id='word_1_648' title='bbox 1978 5593 2067 5648; x_wconf 82' lang='grc' dir='ltr'>καὶ</span> 
     </span>
    </p>
   </div>
   <div class='ocr_carea' id='block_1_88' title="bbox 412 5675 2066 5757">
    <p class='ocr_par' dir='ltr' id='par_1_88' title="bbox 412 5675 2066 5757">
     <span class='ocr_line' id='line_1_88' title="bbox 412 5675 2066 5757; baseline 0 -20"><span class='ocrx_word' id='word_1_649' title='bbox 412 5687 572 5737; x_wconf 79' lang='grc' dir='ltr'>πᾶσιν</span> <span class='ocrx_word' id='word_1_650' title='bbox 620 5680 850 5742; x_wconf 83' lang='grc' dir='ltr'>ἐκείνοις</span> <span class='ocrx_word' id='word_1_651' title='bbox 906 5681 981 5742; x_wconf 76' lang='grc' dir='ltr'>εἷς</span> <span class='ocrx_word' id='word_1_652' title='bbox 1038 5681 1100 5735; x_wconf 85' lang='grc' dir='ltr'>τὸ</span> <span class='ocrx_word' id='word_1_653' title='bbox 1157 5680 1288 5735; x_wconf 74' lang='grc' dir='ltr'>εἶναι</span> <span class='ocrx_word' id='word_1_654' title='bbox 1349 5675 1677 5753; x_wconf 86' lang='grc' dir='ltr'>συμϐάλλει.</span> <span class='ocrx_word' id='word_1_655' title='bbox 1737 5687 1825 5753; x_wconf 80' lang='grc' dir='ltr'>Τῷ</span> <span class='ocrx_word' id='word_1_656' title='bbox 1867 5703 1925 5737; x_wconf 90' lang='grc' dir='ltr'>τε</span> <span class='ocrx_word' id='word_1_657' title='bbox 1966 5684 2066 5757; x_wconf 72' lang='grc' dir='ltr'>γὰρ</span> 
     </span>
    </p>
   </div>
   <div class='ocr_carea' id='block_1_89' title="bbox 411 5766 2064 5849">
    <p class='ocr_par' dir='ltr' id='par_1_89' title="bbox 411 5766 2064 5849">
     <span class='ocr_line' id='line_1_89' title="bbox 411 5766 2064 5849; baseline 0.001 -24"><span class='ocrx_word' id='word_1_658' title='bbox 411 5768 526 5849; x_wconf 80' lang='grc' dir='ltr'>ἀέρι</span> <span class='ocrx_word' id='word_1_659' title='bbox 591 5766 920 5846; x_wconf 86' lang='grc' dir='ltr'>μεταδίδωσι</span> <span class='ocrx_word' id='word_1_660' title='bbox 975 5773 1072 5840; x_wconf 76' lang='grc' dir='ltr'>τῆς</span> <span class='ocrx_word' id='word_1_661' title='bbox 1146 5769 1469 5848; x_wconf 79' lang='grc' dir='ltr'>ὑγρότητος,</span> <span class='ocrx_word' id='word_1_662' title='bbox 1529 5770 1618 5826; x_wconf 79' lang='grc' dir='ltr'>καὶ</span> <span class='ocrx_word' id='word_1_663' title='bbox 1677 5769 1777 5827; x_wconf 78' lang='grc' dir='ltr'>οὐκ</span> <span class='ocrx_word' id='word_1_664' title='bbox 1835 5769 2064 5828; x_wconf 68' lang='grc' dir='ltr'>ἂλλοθεν</span> 
     </span>
    </p>
   </div>
   <div class='ocr_carea' id='block_1_90' title="bbox 2181 3362 3836 3440">
    <p class='ocr_par' dir='ltr' id='par_1_90' title="bbox 2181 3362 3836 3440">
     <span class='ocr_line' id='line_1_90' title="bbox 2181 3362 3836 3440; baseline -0.005 -13"><span class='ocrx_word' id='word_1_665' title='bbox 2181 3369 2382 3427; x_wconf 90' lang='lat' dir='ltr'>omnia</span> <span class='ocrx_word' id='word_1_666' title='bbox 2405 3368 2737 3440; x_wconf 87' lang='lat' dir='ltr'>colligimus</span> <span class='ocrx_word' id='word_1_667' title='bbox 2767 3366 2952 3432; x_wconf 90' lang='lat' dir='ltr'>brevi,</span> <span class='ocrx_word' id='word_1_668' title='bbox 3002 3383 3136 3422; x_wconf 91' lang='lat' dir='ltr'>cum</span> <span class='ocrx_word' id='word_1_669' title='bbox 3191 3363 3399 3421; x_wconf 90' lang='lat' dir='ltr'>multis</span> <span class='ocrx_word' id='word_1_670' title='bbox 3453 3362 3730 3437; x_wconf 86' lang='lat' dir='ltr'>gentibus</span> <span class='ocrx_word' id='word_1_671' title='bbox 3777 3365 3836 3419; x_wconf 88' lang='lat' dir='ltr'>et</span> 
     </span>
    </p>
   </div>
   <div class='ocr_carea' id='block_1_91' title="bbox 2186 3452 3836 3526">
    <p class='ocr_par' dir='ltr' id='par_1_91' title="bbox 2186 3452 3836 3526">
     <span class='ocr_line' id='line_1_91' title="bbox 2186 3452 3836 3526; baseline -0.004 -11"><span class='ocrx_word' id='word_1_672' title='bbox 2186 3458 2392 3515; x_wconf 90' lang='lat' dir='ltr'>multis</span> <span class='ocrx_word' id='word_1_673' title='bbox 2447 3458 2712 3513; x_wconf 91' lang='lat' dir='ltr'>moribus</span> <span class='ocrx_word' id='word_1_674' title='bbox 2760 3459 3193 3523; x_wconf 87' lang='lat' dir='ltr'>conversantes,</span> <span class='ocrx_word' id='word_1_675' title='bbox 3225 3460 3283 3511; x_wconf 90' lang='lat' dir='ltr'>et</span> <span class='ocrx_word' id='word_1_676' title='bbox 3313 3452 3554 3510; x_wconf 86' lang='lat' dir='ltr'>meliora</span> <span class='ocrx_word' id='word_1_677' title='bbox 3603 3468 3836 3526; x_wconf 88' lang='lat' dir='ltr'>semper</span> 
     </span>
    </p>
   </div>
   <div class='ocr_carea' id='block_1_92' title="bbox 2176 3541 3830 3618">
    <p class='ocr_par' dir='ltr' id='par_1_92' title="bbox 2176 3541 3830 3618">
     <span class='ocr_line' id='line_1_92' title="bbox 2176 3541 3830 3618; baseline -0.005 -13"><span class='ocrx_word' id='word_1_678' title='bbox 2176 3549 2543 3606; x_wconf 84' lang='lat' dir='ltr'>addiscentes</span> <span class='ocrx_word' id='word_1_679' title='bbox 2575 3564 2662 3616; x_wconf 91' lang='lat' dir='ltr'>eo,</span> <span class='ocrx_word' id='word_1_680' title='bbox 2695 3547 2852 3618; x_wconf 91' lang='lat' dir='ltr'>quod</span> <span class='ocrx_word' id='word_1_681' title='bbox 2881 3545 2941 3600; x_wconf 89' lang='lat' dir='ltr'>in</span> <span class='ocrx_word' id='word_1_682' title='bbox 2973 3562 3154 3602; x_wconf 88' lang='lat' dir='ltr'>novos</span> <span class='ocrx_word' id='word_1_683' title='bbox 3183 3548 3242 3601; x_wconf 88' lang='lat' dir='ltr'>et</span> <span class='ocrx_word' id='word_1_684' title='bbox 3271 3543 3418 3600; x_wconf 91' lang='lat' dir='ltr'>alios</span> <span class='ocrx_word' id='word_1_685' title='bbox 3458 3558 3690 3615; x_wconf 86' lang='lat' dir='ltr'>semper</span> <span class='ocrx_word' id='word_1_686' title='bbox 3734 3541 3830 3598; x_wconf 91' lang='lat' dir='ltr'>in-</span> 
     </span>
    </p>
   </div>
   <div class='ocr_carea' id='block_1_93' title="bbox 2180 3633 3833 3706">
    <p class='ocr_par' dir='ltr' id='par_1_93' title="bbox 2180 3633 3833 3706">
     <span class='ocr_line' id='line_1_93' title="bbox 2180 3633 3833 3706; baseline -0.004 -13"><span class='ocrx_word' id='word_1_687' title='bbox 2180 3637 2447 3694; x_wconf 90' lang='lat' dir='ltr'>cidamus</span> <span class='ocrx_word' id='word_1_688' title='bbox 2477 3639 2535 3692; x_wconf 92' lang='lat' dir='ltr'>et</span> <span class='ocrx_word' id='word_1_689' title='bbox 2563 3635 2831 3693; x_wconf 88' lang='lat' dir='ltr'>homines</span> <span class='ocrx_word' id='word_1_690' title='bbox 2860 3639 2920 3690; x_wconf 91' lang='lat' dir='ltr'>et</span> <span class='ocrx_word' id='word_1_691' title='bbox 2949 3635 3124 3691; x_wconf 87' lang='lat' dir='ltr'>urbes</span> <span class='ocrx_word' id='word_1_692' title='bbox 3145 3637 3202 3690; x_wconf 88' lang='lat' dir='ltr'>et</span> <span class='ocrx_word' id='word_1_693' title='bbox 3226 3633 3383 3706; x_wconf 88' lang='lat' dir='ltr'>leges</span> <span class='ocrx_word' id='word_1_694' title='bbox 3411 3636 3468 3688; x_wconf 89' lang='lat' dir='ltr'>et</span> <span class='ocrx_word' id='word_1_695' title='bbox 3489 3647 3582 3688; x_wconf 87' lang='lat' dir='ltr'>res</span> <span class='ocrx_word' id='word_1_696' title='bbox 3608 3646 3833 3688; x_wconf 90' lang='lat' dir='ltr'>omnes.</span> 
     </span>
    </p>
   </div>
   <div class='ocr_carea' id='block_1_94' title="bbox 2189 3719 3836 3798">
    <p class='ocr_par' dir='ltr' id='par_1_94' title="bbox 2189 3719 3836 3798">
     <span class='ocr_line' id='line_1_94' title="bbox 2189 3719 3836 3798; baseline -0.006 -14"><span class='ocrx_word' id='word_1_697' title='bbox 2189 3727 2349 3786; x_wconf 90' lang='lat' dir='ltr'>Unde</span> <span class='ocrx_word' id='word_1_698' title='bbox 2377 3731 2661 3798; x_wconf 88' lang='lat' dir='ltr'>tanquam</span> <span class='ocrx_word' id='word_1_699' title='bbox 2696 3725 2882 3796; x_wconf 85' lang='lat' dir='ltr'>magis</span> <span class='ocrx_word' id='word_1_700' title='bbox 2912 3723 3128 3796; x_wconf 86' lang='lat' dir='ltr'>experli</span> <span class='ocrx_word' id='word_1_701' title='bbox 3154 3727 3211 3779; x_wconf 91' lang='lat' dir='ltr'>et</span> <span class='ocrx_word' id='word_1_702' title='bbox 3241 3721 3646 3796; x_wconf 79' lang='lat' dir='ltr'>prudentiores</span> <span class='ocrx_word' id='word_1_703' title='bbox 3701 3719 3836 3776; x_wconf 85' lang='lat' dir='ltr'>aliis</span> 
     </span>
    </p>
   </div>
   <div class='ocr_carea' id='block_1_95' title="bbox 2179 3810 3836 3888">
    <p class='ocr_par' dir='ltr' id='par_1_95' title="bbox 2179 3810 3836 3888">
     <span class='ocr_line' id='line_1_95' title="bbox 2179 3810 3836 3888; baseline -0.005 -15"><span class='ocrx_word' id='word_1_704' title='bbox 2179 3816 2502 3883; x_wconf 88' lang='lat' dir='ltr'>evadimus,</span> <span class='ocrx_word' id='word_1_705' title='bbox 2535 3814 2828 3888; x_wconf 88' lang='lat' dir='ltr'>siquidem</span> <span class='ocrx_word' id='word_1_706' title='bbox 2879 3812 3234 3886; x_wconf 87' lang='lat' dir='ltr'>experientia</span> <span class='ocrx_word' id='word_1_707' title='bbox 3278 3810 3532 3867; x_wconf 82' lang='lat' dir='ltr'>maxime</span> <span class='ocrx_word' id='word_1_708' title='bbox 3561 3813 3836 3882; x_wconf 64' lang='lat' dir='ltr'>praestare</span> 
     </span>
    </p>
   </div>
   <div class='ocr_carea' id='block_1_96' title="bbox 2179 3899 3835 3978">
    <p class='ocr_par' dir='ltr' id='par_1_96' title="bbox 2179 3899 3835 3978">
     <span class='ocr_line' id='line_1_96' title="bbox 2179 3899 3835 3978; baseline -0.005 -16"><span class='ocrx_word' id='word_1_709' title='bbox 2179 3905 2702 3978; x_wconf 89' lang='lat' dir='ltr'>deprehenduntur</span> <span class='ocrx_word' id='word_1_710' title='bbox 2733 3903 2817 3959; x_wconf 90' lang='lat' dir='ltr'>ilii</span> <span class='ocrx_word' id='word_1_711' title='bbox 2851 3903 2952 3976; x_wconf 91' lang='lat' dir='ltr'>qui</span> <span class='ocrx_word' id='word_1_712' title='bbox 2995 3903 3143 3958; x_wconf 91' lang='lat' dir='ltr'>mari</span> <span class='ocrx_word' id='word_1_713' title='bbox 3173 3901 3259 3956; x_wconf 90' lang='lat' dir='ltr'>uti</span> <span class='ocrx_word' id='word_1_714' title='bbox 3290 3899 3499 3957; x_wconf 89' lang='lat' dir='ltr'>solent.</span> <span class='ocrx_word' id='word_1_715' title='bbox 3534 3899 3650 3955; x_wconf 89' lang='lat' dir='ltr'>Nec</span> <span class='ocrx_word' id='word_1_716' title='bbox 3701 3915 3835 3972; x_wconf 88' lang='lat' dir='ltr'>pro-</span> 
     </span>
    </p>
   </div>
   <div class='ocr_carea' id='block_1_97' title="bbox 2179 3985 3835 4061">
    <p class='ocr_par' dir='ltr' id='par_1_97' title="bbox 2179 3985 3835 4061">
     <span class='ocr_line' id='line_1_97' title="bbox 2179 3985 3835 4061; baseline -0.005 -11"><span class='ocrx_word' id='word_1_717' title='bbox 2179 3995 2328 4051; x_wconf 87' lang='lat' dir='ltr'>fecto</span> <span class='ocrx_word' id='word_1_718' title='bbox 2377 3995 2434 4049; x_wconf 90' lang='lat' dir='ltr'>id</span> <span class='ocrx_word' id='word_1_719' title='bbox 2486 3998 2744 4061; x_wconf 90' lang='lat' dir='ltr'>tantum,</span> <span class='ocrx_word' id='word_1_720' title='bbox 2799 3993 2901 4049; x_wconf 91' lang='lat' dir='ltr'>sed</span> <span class='ocrx_word' id='word_1_721' title='bbox 2951 3997 3008 4048; x_wconf 88' lang='lat' dir='ltr'>et</span> <span class='ocrx_word' id='word_1_722' title='bbox 3054 3991 3328 4048; x_wconf 90' lang='lat' dir='ltr'>robustos</span> <span class='ocrx_word' id='word_1_723' title='bbox 3377 3993 3436 4045; x_wconf 92' lang='lat' dir='ltr'>et</span> <span class='ocrx_word' id='word_1_724' title='bbox 3491 3985 3835 4044; x_wconf 87' lang='lat' dir='ltr'>fortitudine</span> 
     </span>
    </p>
   </div>
   <div class='ocr_carea' id='block_1_98' title="bbox 2180 4073 3834 4158">
    <p class='ocr_par' dir='ltr' id='par_1_98' title="bbox 2180 4073 3834 4158">
     <span class='ocr_line' id='line_1_98' title="bbox 2180 4073 3834 4158; baseline -0.006 -18"><span class='ocrx_word' id='word_1_725' title='bbox 2180 4083 2589 4158; x_wconf 66' lang='lat' dir='ltr'>praeponentes</span> <span class='ocrx_word' id='word_1_726' title='bbox 2629 4083 2866 4140; x_wconf 88' lang='lat' dir='ltr'>eosdem</span> <span class='ocrx_word' id='word_1_727' title='bbox 2894 4081 3090 4138; x_wconf 90' lang='lat' dir='ltr'>videre</span> <span class='ocrx_word' id='word_1_728' title='bbox 3137 4080 3292 4137; x_wconf 89' lang='lat' dir='ltr'>soles</span> <span class='ocrx_word' id='word_1_729' title='bbox 3327 4104 3342 4147; x_wconf 88' lang='lat'><strong>;</strong></span> <span class='ocrx_word' id='word_1_730' title='bbox 3373 4076 3653 4150; x_wconf 87' lang='lat' dir='ltr'>quoniam</span> <span class='ocrx_word' id='word_1_731' title='bbox 3687 4073 3834 4131; x_wconf 88' lang='lat' dir='ltr'>nihil</span> 
     </span>
    </p>
   </div>
   <div class='ocr_carea' id='block_1_99' title="bbox 2179 4164 3833 4246">
    <p class='ocr_par' dir='ltr' id='par_1_99' title="bbox 2179 4164 3833 4246">
     <span class='ocr_line' id='line_1_99' title="bbox 2179 4164 3833 4246; baseline -0.006 -16"><span class='ocrx_word' id='word_1_732' title='bbox 2179 4179 2270 4230; x_wconf 89' lang='lat' dir='ltr'>est</span> <span class='ocrx_word' id='word_1_733' title='bbox 2299 4174 2456 4246; x_wconf 88' lang='lat' dir='ltr'>quod</span> <span class='ocrx_word' id='word_1_734' title='bbox 2479 4176 2688 4245; x_wconf 69' lang='lat' dir='ltr'>preter</span> <span class='ocrx_word' id='word_1_735' title='bbox 2716 4187 2875 4228; x_wconf 89' lang='lat' dir='ltr'>mare</span> <span class='ocrx_word' id='word_1_736' title='bbox 2923 4169 3284 4226; x_wconf 81' lang='lat' dir='ltr'>sufﬁcienter</span> <span class='ocrx_word' id='word_1_737' title='bbox 3307 4167 3368 4224; x_wconf 88' lang='lat' dir='ltr'>in</span> <span class='ocrx_word' id='word_1_738' title='bbox 3399 4164 3680 4240; x_wconf 86' lang='lat' dir='ltr'>periculis</span> <span class='ocrx_word' id='word_1_739' title='bbox 3707 4181 3833 4237; x_wconf 85' lang='lat' dir='ltr'>per-</span> 
     </span>
    </p>
   </div>
   <div class='ocr_carea' id='block_1_100' title="bbox 2181 4256 3828 4331">
    <p class='ocr_par' dir='ltr' id='par_1_100' title="bbox 2181 4256 3828 4331">
     <span class='ocr_line' id='line_1_100' title="bbox 2181 4256 3828 4331; baseline -0.006 -12"><span class='ocrx_word' id='word_1_740' title='bbox 2181 4278 2442 4319; x_wconf 89' lang='lat' dir='ltr'>severare</span> <span class='ocrx_word' id='word_1_741' title='bbox 2473 4263 2698 4328; x_wconf 89' lang='lat' dir='ltr'>doceat,</span> <span class='ocrx_word' id='word_1_742' title='bbox 2731 4264 2789 4316; x_wconf 89' lang='lat' dir='ltr'>et</span> <span class='ocrx_word' id='word_1_743' title='bbox 2818 4260 3170 4331; x_wconf 88' lang='lat' dir='ltr'>persuadeat</span> <span class='ocrx_word' id='word_1_744' title='bbox 3201 4257 3464 4314; x_wconf 88' lang='lat' dir='ltr'>animose</span> <span class='ocrx_word' id='word_1_745' title='bbox 3497 4256 3646 4311; x_wconf 88' lang='lat' dir='ltr'>ferre</span> <span class='ocrx_word' id='word_1_746' title='bbox 3674 4271 3828 4325; x_wconf 67' lang='lat' dir='ltr'>qua-</span> 
     </span>
    </p>
   </div>
   <div class='ocr_carea' id='block_1_101' title="bbox 2181 4343 3836 4423">
    <p class='ocr_par' dir='ltr' id='par_1_101' title="bbox 2181 4343 3836 4423">
     <span class='ocr_line' id='line_1_101' title="bbox 2181 4343 3836 4423; baseline -0.005 -15"><span class='ocrx_word' id='word_1_747' title='bbox 2181 4368 2413 4423; x_wconf 90' lang='lat' dir='ltr'>cunque</span> <span class='ocrx_word' id='word_1_748' title='bbox 2460 4350 2748 4408; x_wconf 88' lang='lat' dir='ltr'>incidunt.</span> <span class='ocrx_word' id='word_1_749' title='bbox 2800 4349 2946 4408; x_wconf 85' lang='lat' dir='ltr'>Nam</span> <span class='ocrx_word' id='word_1_750' title='bbox 2996 4347 3142 4404; x_wconf 88' lang='lat' dir='ltr'>mihi</span> <span class='ocrx_word' id='word_1_751' title='bbox 3189 4346 3486 4420; x_wconf 90' lang='lat' dir='ltr'>equidem,</span> <span class='ocrx_word' id='word_1_752' title='bbox 3543 4343 3776 4402; x_wconf 83' lang='lat' dir='ltr'>etiamsi</span> <span class='ocrx_word' id='word_1_753' title='bbox 3805 4359 3836 4400; x_wconf 84' lang='grc' dir='ltr'>θ</span> 
     </span>
    </p>
   </div>
   <div class='ocr_carea' id='block_1_102' title="bbox 2179 4434 3836 4513">
    <p class='ocr_par' dir='ltr' id='par_1_102' title="bbox 2179 4434 3836 4513">
     <span class='ocr_line' id='line_1_102' title="bbox 2179 4434 3836 4513; baseline -0.004 -17"><span class='ocrx_word' id='word_1_754' title='bbox 2179 4440 2505 4513; x_wconf 89' lang='lat' dir='ltr'>longinquo</span> <span class='ocrx_word' id='word_1_755' title='bbox 2537 4438 2896 4495; x_wconf 90' lang='lat' dir='ltr'>constitutus</span> <span class='ocrx_word' id='word_1_756' title='bbox 2927 4437 3060 4509; x_wconf 86' lang='lat' dir='ltr'>sim,</span> <span class='ocrx_word' id='word_1_757' title='bbox 3089 4436 3176 4493; x_wconf 79' lang='lat' dir='ltr'>vel</span> <span class='ocrx_word' id='word_1_758' title='bbox 3217 4434 3341 4493; x_wconf 87' lang='lat' dir='ltr'>solo</span> <span class='ocrx_word' id='word_1_759' title='bbox 3379 4437 3620 4508; x_wconf 86' lang='lat' dir='ltr'>aspectu</span> <span class='ocrx_word' id='word_1_760' title='bbox 3646 4437 3836 4490; x_wconf 87' lang='lat' dir='ltr'>terro-</span> 
     </span>
    </p>
   </div>
   <div class='ocr_carea' id='block_1_103' title="bbox 2181 4523 3834 4594">
    <p class='ocr_par' dir='ltr' id='par_1_103' title="bbox 2181 4523 3834 4594">
     <span class='ocr_line' id='line_1_103' title="bbox 2181 4523 3834 4594; baseline -0.004 -10"><span class='ocrx_word' id='word_1_761' title='bbox 2181 4546 2302 4586; x_wconf 87' lang='lat' dir='ltr'>rem</span> <span class='ocrx_word' id='word_1_762' title='bbox 2335 4529 2546 4585; x_wconf 88' lang='lat' dir='ltr'>incutit</span> <span class='ocrx_word' id='word_1_763' title='bbox 2578 4543 2757 4594; x_wconf 91' lang='lat' dir='ltr'>mare,</span> <span class='ocrx_word' id='word_1_764' title='bbox 2791 4531 2846 4583; x_wconf 92' lang='lat' dir='ltr'>et</span> <span class='ocrx_word' id='word_1_765' title='bbox 2896 4527 3208 4582; x_wconf 87' lang='lat' dir='ltr'>frementes</span> <span class='ocrx_word' id='word_1_766' title='bbox 3237 4523 3320 4580; x_wconf 92' lang='lat' dir='ltr'>illi</span> <span class='ocrx_word' id='word_1_767' title='bbox 3355 4523 3582 4580; x_wconf 91' lang='lat' dir='ltr'>sonitus</span> <span class='ocrx_word' id='word_1_768' title='bbox 3613 4525 3672 4578; x_wconf 89' lang='lat' dir='ltr'>et</span> <span class='ocrx_word' id='word_1_769' title='bbox 3718 4526 3834 4578; x_wconf 86' lang='lat' dir='ltr'>tre-</span> 
     </span>
    </p>
   </div>
   <div class='ocr_carea' id='block_1_104' title="bbox 2183 4611 3837 4689">
    <p class='ocr_par' dir='ltr' id='par_1_104' title="bbox 2183 4611 3837 4689">
     <span class='ocr_line' id='line_1_104' title="bbox 2183 4611 3837 4689; baseline -0.005 -15"><span class='ocrx_word' id='word_1_770' title='bbox 2183 4619 2402 4675; x_wconf 91' lang='lat' dir='ltr'>mendi.</span> <span class='ocrx_word' id='word_1_771' title='bbox 2437 4619 2596 4682; x_wconf 90' lang='lat' dir='ltr'>Quod</span> <span class='ocrx_word' id='word_1_772' title='bbox 2633 4634 2761 4673; x_wconf 86' lang='lat' dir='ltr'>vero</span> <span class='ocrx_word' id='word_1_773' title='bbox 2788 4622 2846 4672; x_wconf 80' lang='lat' dir='ltr'>et</span> <span class='ocrx_word' id='word_1_774' title='bbox 2875 4617 3008 4689; x_wconf 89' lang='lat' dir='ltr'>quis</span> <span class='ocrx_word' id='word_1_775' title='bbox 3039 4614 3252 4670; x_wconf 88' lang='lat' dir='ltr'>audeat</span> <span class='ocrx_word' id='word_1_776' title='bbox 3279 4612 3506 4686; x_wconf 88' lang='lat' dir='ltr'>ingredi</span> <span class='ocrx_word' id='word_1_777' title='bbox 3561 4616 3618 4667; x_wconf 91' lang='lat' dir='ltr'>et</span> <span class='ocrx_word' id='word_1_778' title='bbox 3674 4611 3837 4667; x_wconf 88' lang='lat' dir='ltr'>navi-</span> 
     </span>
    </p>
   </div>
   <div class='ocr_carea' id='block_1_105' title="bbox 2040 4677 3836 4782">
    <p class='ocr_par' dir='ltr' id='par_1_105' title="bbox 2040 4677 3836 4782">
     <span class='ocr_line' id='line_1_105' title="bbox 2040 4677 3836 4782; baseline -0.004 -19"><span class='ocrx_word' id='word_1_779' title='bbox 2040 4677 2064 4745; x_wconf 54' lang='grc' dir='ltr'><em>λ</em></span> <span class='ocrx_word' id='word_1_780' title='bbox 2099 4677 2148 4742; x_wconf 82' lang='lat' dir='ltr'><strong>D</strong></span> <span class='ocrx_word' id='word_1_781' title='bbox 2181 4723 2308 4763; x_wconf 89' lang='lat' dir='ltr'>rare</span> <span class='ocrx_word' id='word_1_782' title='bbox 2340 4677 2681 4782; x_wconf 34' lang='lat' dir='ltr'>pervestum</span> <span class='ocrx_word' id='word_1_783' title='bbox 2713 4710 2769 4761; x_wconf 92' lang='lat' dir='ltr'>et</span> <span class='ocrx_word' id='word_1_784' title='bbox 2796 4677 3092 4760; x_wconf 81' lang='lat' dir='ltr'>turbinem</span> <span class='ocrx_word' id='word_1_785' title='bbox 3123 4707 3180 4759; x_wconf 92' lang='lat' dir='ltr'>et</span> <span class='ocrx_word' id='word_1_786' title='bbox 3218 4677 3574 4758; x_wconf 50' lang='lat' dir='ltr'>decuvmanos</span> <span class='ocrx_word' id='word_1_787' title='bbox 3621 4701 3836 4756; x_wconf 86' lang='lat' dir='ltr'>ﬂuctus</span> 
     </span>
    </p>
   </div>
   <div class='ocr_carea' id='block_1_106' title="bbox 2176 4789 3835 4863">
    <p class='ocr_par' dir='ltr' id='par_1_106' title="bbox 2176 4789 3835 4863">
     <span class='ocr_line' id='line_1_106' title="bbox 2176 4789 3835 4863; baseline -0.004 -10"><span class='ocrx_word' id='word_1_788' title='bbox 2176 4802 2233 4853; x_wconf 90' lang='lat' dir='ltr'>et</span> <span class='ocrx_word' id='word_1_789' title='bbox 2321 4813 2527 4852; x_wconf 90' lang='lat' dir='ltr'>omnes</span> <span class='ocrx_word' id='word_1_790' title='bbox 2610 4795 3048 4852; x_wconf 87' lang='lat' dir='ltr'>vicissitudines</span> <span class='ocrx_word' id='word_1_791' title='bbox 3127 4792 3279 4849; x_wconf 90' lang='lat' dir='ltr'>aeris</span> <span class='ocrx_word' id='word_1_792' title='bbox 3333 4796 3390 4848; x_wconf 91' lang='lat' dir='ltr'>et</span> <span class='ocrx_word' id='word_1_793' title='bbox 3457 4807 3640 4863; x_wconf 67' lang='lat' dir='ltr'>aquae,</span> <span class='ocrx_word' id='word_1_794' title='bbox 3725 4789 3835 4846; x_wconf 91' lang='lat' dir='ltr'>hoc</span> 
     </span>
    </p>
   </div>
   <div class='ocr_carea' id='block_1_107' title="bbox 2177 4879 3834 4942">
    <p class='ocr_par' dir='ltr' id='par_1_107' title="bbox 2177 4879 3834 4942">
     <span class='ocr_line' id='line_1_107' title="bbox 2177 4879 3834 4942; baseline -0.004 -1"><span class='ocrx_word' id='word_1_795' title='bbox 2177 4902 2318 4942; x_wconf 91' lang='lat' dir='ltr'>sane</span> <span class='ocrx_word' id='word_1_796' title='bbox 2347 4901 2586 4941; x_wconf 90' lang='lat' dir='ltr'>omnem</span> <span class='ocrx_word' id='word_1_797' title='bbox 2637 4882 3008 4941; x_wconf 87' lang='lat' dir='ltr'>strenuitatis</span> <span class='ocrx_word' id='word_1_798' title='bbox 3047 4887 3106 4938; x_wconf 92' lang='lat' dir='ltr'>et</span> <span class='ocrx_word' id='word_1_799' title='bbox 3134 4879 3457 4938; x_wconf 64' lang='lat' dir='ltr'>tolerantia</span> <span class='ocrx_word' id='word_1_800' title='bbox 3492 4895 3834 4936; x_wconf 88' lang='lat' dir='ltr'>mensuram</span> 
     </span>
    </p>
   </div>
   <div class='ocr_carea' id='block_1_108' title="bbox 2175 4973 2416 5031">
    <p class='ocr_par' dir='ltr' id='par_1_108' title="bbox 2175 4973 2416 5031">
     <span class='ocr_line' id='line_1_108' title="bbox 2175 4973 2416 5031; baseline -0.012 0"><span class='ocrx_word' id='word_1_801' title='bbox 2175 4973 2416 5031; x_wconf 85' lang='lat' dir='ltr'>excedit.</span> 
     </span>
    </p>
   </div>
   <div class='ocr_carea' id='block_1_109' title="bbox 2246 5058 3835 5136">
    <p class='ocr_par' dir='ltr' id='par_1_109' title="bbox 2246 5058 3835 5136">
     <span class='ocr_line' id='line_1_109' title="bbox 2246 5058 3835 5136; baseline -0.003 -18"><span class='ocrx_word' id='word_1_802' title='bbox 2246 5066 2430 5134; x_wconf 81' lang='lat' dir='ltr'>Atque</span> <span class='ocrx_word' id='word_1_803' title='bbox 2477 5063 2560 5119; x_wconf 89' lang='lat' dir='ltr'>ita</span> <span class='ocrx_word' id='word_1_804' title='bbox 2597 5067 2881 5136; x_wconf 88' lang='lat' dir='ltr'>tanquam</span> <span class='ocrx_word' id='word_1_805' title='bbox 2912 5080 2943 5120; x_wconf 92' lang='lat' dir='ltr'>e</span> <span class='ocrx_word' id='word_1_806' title='bbox 2976 5062 3166 5136; x_wconf 90' lang='lat' dir='ltr'>parvis</span> <span class='ocrx_word' id='word_1_807' title='bbox 3224 5058 3604 5117; x_wconf 88' lang='lat' dir='ltr'>eminentiam</span> <span class='ocrx_word' id='word_1_808' title='bbox 3653 5058 3835 5131; x_wconf 81' lang='lat' dir='ltr'>hujus</span> 
     </span>
    </p>
   </div>
   <div class='ocr_carea' id='block_1_110' title="bbox 2177 5149 3836 5224">
    <p class='ocr_par' dir='ltr' id='par_1_110' title="bbox 2177 5149 3836 5224">
     <span class='ocr_line' id='line_1_110' title="bbox 2177 5149 3836 5224; baseline -0.003 -15"><span class='ocrx_word' id='word_1_809' title='bbox 2177 5151 2448 5212; x_wconf 87' lang='lat' dir='ltr'>elementi</span> <span class='ocrx_word' id='word_1_810' title='bbox 2481 5169 2832 5224; x_wconf 88' lang='lat' dir='ltr'>cognoscere</span> <span class='ocrx_word' id='word_1_811' title='bbox 2865 5153 3014 5208; x_wconf 90' lang='lat' dir='ltr'>licet.</span> <span class='ocrx_word' id='word_1_812' title='bbox 3048 5150 3336 5206; x_wconf 84' lang='lat' dir='ltr'>Adferunt</span> <span class='ocrx_word' id='word_1_813' title='bbox 3366 5152 3561 5204; x_wconf 88' lang='lat' dir='ltr'>autem</span> <span class='ocrx_word' id='word_1_814' title='bbox 3610 5149 3836 5221; x_wconf 85' lang='lat' dir='ltr'>majora</span> 
     </span>
    </p>
   </div>
   <div class='ocr_carea' id='block_1_111' title="bbox 2177 5237 3831 5314">
    <p class='ocr_par' dir='ltr' id='par_1_111' title="bbox 2177 5237 3831 5314">
     <span class='ocr_line' id='line_1_111' title="bbox 2177 5237 3831 5314; baseline -0.002 -17"><span class='ocrx_word' id='word_1_815' title='bbox 2177 5246 2235 5297; x_wconf 93' lang='lat' dir='ltr'>et</span> <span class='ocrx_word' id='word_1_816' title='bbox 2265 5242 2454 5314; x_wconf 88' lang='lat' dir='ltr'>magis</span> <span class='ocrx_word' id='word_1_817' title='bbox 2485 5241 2700 5298; x_wconf 83' lang='lat' dir='ltr'>eximia</span> <span class='ocrx_word' id='word_1_818' title='bbox 2745 5259 2870 5313; x_wconf 69' lang='lat' dir='ltr'>quas</span> <span class='ocrx_word' id='word_1_819' title='bbox 2903 5242 2974 5296; x_wconf 91' lang='lat' dir='ltr'>de</span> <span class='ocrx_word' id='word_1_820' title='bbox 3007 5240 3103 5296; x_wconf 93' lang='lat' dir='ltr'>illo</span> <span class='ocrx_word' id='word_1_821' title='bbox 3134 5239 3381 5295; x_wconf 90' lang='lat' dir='ltr'>dicenda</span> <span class='ocrx_word' id='word_1_822' title='bbox 3412 5243 3553 5294; x_wconf 89' lang='lat' dir='ltr'>sunt</span> <span class='ocrx_word' id='word_1_823' title='bbox 3598 5237 3831 5294; x_wconf 65' lang='lat' dir='ltr'>haesita-</span> 
     </span>
    </p>
   </div>
   <div class='ocr_carea' id='block_1_112' title="bbox 2177 5327 3833 5403">
    <p class='ocr_par' dir='ltr' id='par_1_112' title="bbox 2177 5327 3833 5403">
     <span class='ocr_line' id='line_1_112' title="bbox 2177 5327 3833 5403; baseline -0.001 -19"><span class='ocrx_word' id='word_1_824' title='bbox 2177 5329 2397 5386; x_wconf 88' lang='lat' dir='ltr'>tionem</span> <span class='ocrx_word' id='word_1_825' title='bbox 2445 5332 2614 5385; x_wconf 87' lang='lat' dir='ltr'>nobis</span> <span class='ocrx_word' id='word_1_826' title='bbox 2636 5329 2802 5403; x_wconf 89' lang='lat' dir='ltr'>ipsis,</span> <span class='ocrx_word' id='word_1_827' title='bbox 2829 5334 3030 5402; x_wconf 89' lang='lat' dir='ltr'>utpote</span> <span class='ocrx_word' id='word_1_828' title='bbox 3060 5327 3311 5385; x_wconf 88' lang='lat' dir='ltr'>consciis</span> <span class='ocrx_word' id='word_1_829' title='bbox 3333 5343 3440 5397; x_wconf 79' lang='lat' dir='ltr'>nos</span> <span class='ocrx_word' id='word_1_830' title='bbox 3457 5327 3530 5382; x_wconf 91' lang='lat' dir='ltr'>de</span> <span class='ocrx_word' id='word_1_831' title='bbox 3558 5330 3833 5399; x_wconf 66' lang='lat' dir='ltr'>prestan-</span> 
     </span>
    </p>
   </div>
   <div class='ocr_carea' id='block_1_113' title="bbox 2176 5415 3832 5476">
    <p class='ocr_par' dir='ltr' id='par_1_113' title="bbox 2176 5415 3832 5476">
     <span class='ocr_line' id='line_1_113' title="bbox 2176 5415 3832 5476; baseline 0 -2"><span class='ocrx_word' id='word_1_832' title='bbox 2176 5419 2412 5476; x_wconf 91' lang='lat' dir='ltr'>tissima</span> <span class='ocrx_word' id='word_1_833' title='bbox 2444 5435 2639 5475; x_wconf 86' lang='lat' dir='ltr'>rerum</span> <span class='ocrx_word' id='word_1_834' title='bbox 2691 5418 3034 5476; x_wconf 83' lang='lat' dir='ltr'>sublimium</span> <span class='ocrx_word' id='word_1_835' title='bbox 3068 5433 3399 5475; x_wconf 88' lang='lat' dir='ltr'>sermonem</span> <span class='ocrx_word' id='word_1_836' title='bbox 3449 5416 3646 5473; x_wconf 88' lang='lat' dir='ltr'>ordiri.</span> <span class='ocrx_word' id='word_1_837' title='bbox 3683 5415 3832 5474; x_wconf 87' lang='lat' dir='ltr'>Nam</span> 
     </span>
    </p>
   </div>
   <div class='ocr_carea' id='block_1_114' title="bbox 2177 5505 3831 5582">
    <p class='ocr_par' dir='ltr' id='par_1_114' title="bbox 2177 5505 3831 5582">
     <span class='ocr_line' id='line_1_114' title="bbox 2177 5505 3831 5582; baseline -0.001 -18"><span class='ocrx_word' id='word_1_838' title='bbox 2177 5525 2332 5581; x_wconf 88' lang='lat' dir='ltr'>aqua</span> <span class='ocrx_word' id='word_1_839' title='bbox 2359 5508 2535 5564; x_wconf 87' lang='lat' dir='ltr'>etiam</span> <span class='ocrx_word' id='word_1_840' title='bbox 2568 5514 2848 5581; x_wconf 90' lang='lat' dir='ltr'>tanquam</span> <span class='ocrx_word' id='word_1_841' title='bbox 2872 5508 3223 5582; x_wconf 90' lang='lat' dir='ltr'>principium</span> <span class='ocrx_word' id='word_1_842' title='bbox 3249 5507 3543 5578; x_wconf 88' lang='lat' dir='ltr'>quoddam</span> <span class='ocrx_word' id='word_1_843' title='bbox 3574 5505 3831 5562; x_wconf 66' lang='lat' dir='ltr'>humida</span> 
     </span>
    </p>
   </div>
   <div class='ocr_carea' id='block_1_115' title="bbox 2178 5599 3830 5666">
    <p class='ocr_par' dir='ltr' id='par_1_115' title="bbox 2178 5599 3830 5666">
     <span class='ocr_line' id='line_1_115' title="bbox 2178 5599 3830 5666; baseline 0.001 -15"><span class='ocrx_word' id='word_1_844' title='bbox 2178 5600 2398 5652; x_wconf 61' lang='lat' dir='ltr'>natura;</span> <span class='ocrx_word' id='word_1_845' title='bbox 2428 5613 2557 5653; x_wconf 87' lang='lat' dir='ltr'>esse</span> <span class='ocrx_word' id='word_1_846' title='bbox 2585 5602 2873 5666; x_wconf 87' lang='lat' dir='ltr'>censetur,</span> <span class='ocrx_word' id='word_1_847' title='bbox 2907 5603 2966 5654; x_wconf 90' lang='lat' dir='ltr'>et</span> <span class='ocrx_word' id='word_1_848' title='bbox 2997 5599 3297 5654; x_wconf 89' lang='lat' dir='ltr'>continere</span> <span class='ocrx_word' id='word_1_849' title='bbox 3350 5615 3416 5654; x_wconf 90' lang='lat' dir='ltr'>ac</span> <span class='ocrx_word' id='word_1_850' title='bbox 3445 5599 3505 5654; x_wconf 91' lang='lat' dir='ltr'>in</span> <span class='ocrx_word' id='word_1_851' title='bbox 3537 5600 3691 5654; x_wconf 86' lang='lat' dir='ltr'>statu</span> <span class='ocrx_word' id='word_1_852' title='bbox 3723 5611 3830 5652; x_wconf 89' lang='lat' dir='ltr'>suo</span> 
     </span>
    </p>
   </div>
   <div class='ocr_carea' id='block_1_116' title="bbox 2177 5687 3825 5758">
    <p class='ocr_par' dir='ltr' id='par_1_116' title="bbox 2177 5687 3825 5758">
     <span class='ocr_line' id='line_1_116' title="bbox 2177 5687 3825 5758; baseline 0.001 -18"><span class='ocrx_word' id='word_1_853' title='bbox 2177 5701 2520 5741; x_wconf 88' lang='lat' dir='ltr'>conservare</span> <span class='ocrx_word' id='word_1_854' title='bbox 2575 5701 2643 5741; x_wconf 87' lang='lat' dir='ltr'>ea</span> <span class='ocrx_word' id='word_1_855' title='bbox 2673 5703 2799 5758; x_wconf 70' lang='lat' dir='ltr'>quae</span> <span class='ocrx_word' id='word_1_856' title='bbox 2832 5691 3040 5758; x_wconf 76' lang='lat' dir='ltr'>praeter</span> <span class='ocrx_word' id='word_1_857' title='bbox 3070 5688 3264 5758; x_wconf 86' lang='lat' dir='ltr'>ipsum</span> <span class='ocrx_word' id='word_1_858' title='bbox 3296 5693 3438 5744; x_wconf 87' lang='lat' dir='ltr'>sunt</span> <span class='ocrx_word' id='word_1_859' title='bbox 3495 5687 3825 5755; x_wconf 84' lang='lat' dir='ltr'>elementa;</span> 
     </span>
    </p>
   </div>
   <div class='ocr_carea' id='block_1_117' title="bbox 2175 5774 3826 5848">
    <p class='ocr_par' dir='ltr' id='par_1_117' title="bbox 2175 5774 3826 5848">
     <span class='ocr_line' id='line_1_117' title="bbox 2175 5774 3826 5848; baseline 0.002 -19"><span class='ocrx_word' id='word_1_860' title='bbox 2175 5774 2458 5847; x_wconf 90' lang='lat' dir='ltr'>quoniam</span> <span class='ocrx_word' id='word_1_861' title='bbox 2490 5780 2547 5831; x_wconf 90' lang='lat' dir='ltr'>et</span> <span class='ocrx_word' id='word_1_862' title='bbox 2589 5775 2866 5832; x_wconf 90' lang='lat' dir='ltr'>omnibus</span> <span class='ocrx_word' id='word_1_863' title='bbox 2895 5774 3037 5848; x_wconf 88' lang='lat' dir='ltr'>illis,</span> <span class='ocrx_word' id='word_1_864' title='bbox 3071 5781 3137 5832; x_wconf 92' lang='lat' dir='ltr'>ut</span> <span class='ocrx_word' id='word_1_865' title='bbox 3189 5776 3542 5846; x_wconf 85' lang='lat' dir='ltr'>subsistant,</span> <span class='ocrx_word' id='word_1_866' title='bbox 3566 5775 3826 5846; x_wconf 84' lang='lat' dir='ltr'>confert;</span> 
     </span>
    </p>
   </div>
  </div>
