4132 6450
258 457 379 522 443

1285 465 1606 532 GEORGII
1651 465 1913 531 CYPRII
1955 464 2073 530 GP.
2118 465 2653 533 PATRIARCHE

3553 464 3672 530 444

250 609 387 650 nam
418 592 539 651 aeri
562 594 665 652 dat
693 595 764 653 de
793 611 904 654 sua
930 595 1318 669 humiditate;
1370 617 1476 657 nec
1506 602 1744 659 aliunde
1764 601 1900 659 talis

2010 603 2262 662 τοιοῦτος
2318 600 2424 678 ἀὴρ
2484 601 2518 670 ἢ
2575 603 2644 675 τῇ
2711 597 2968 674 μετουσίᾳ
3015 602 3114 656 τοῦ
3171 595 3381 662 ὕδατος.
3431 599 3569 676 Πυρὶ
3611 596 3669 656 δὶ

247 698 349 740 aer
377 682 491 740 nisi
522 699 593 741 ex
621 686 1036 745 communione
1056 705 1239 763 aquae,
1274 690 1394 762 igni
1423 694 1617 747 autem
1657 690 1900 748 alimen-

244 772 374 827 tum
405 776 494 828 est
522 771 838 831 humidum
868 780 927 832 et
954 775 1065 832 hoc
1097 783 1373 834 manente
1404 784 1603 835 manet
1632 787 1689 836 et
1734 780 1896 852 ipse;

244 864 304 917 et
332 860 441 918 hoc
472 861 617 918 dum
666 865 1055 931 consumitur,
1105 866 1231 939 ipse
1287 868 1467 924 simul
1511 869 1901 939 consumitur,

243 952 303 1005 et
334 950 436 1005 ubi
468 950 642 1024 plano
701 953 994 1022 defecerit,
1039 955 1166 1028 ipse
1196 957 1410 1013 deficit.
1443 958 1668 1014 Dantur
1722 960 1899 1015 etiam

242 1037 345 1110 qui
379 1039 573 1096 stellis
601 1057 671 1098 ex
700 1059 855 1114 aqua
903 1042 1251 1101 alimentum
1302 1048 1694 1118 suppediant;
1730 1050 1900 1120 cujus

244 1144 427 1185 causa
455 1132 513 1184 et
538 1128 693 1203 ignis
723 1135 781 1188 et
817 1132 1121 1189 stellarum
1182 1134 1563 1191 subsistentia
1612 1138 1896 1209 quodam-

245 1217 421 1273 modo
470 1233 539 1275 ex
584 1236 737 1291 aqua
773 1226 902 1289 est;
935 1223 1090 1280 unde
1137 1224 1293 1279 enim
1342 1223 1562 1298 aliquid
1614 1224 1896 1293 nutritur,

244 1305 383 1362 inde
410 1308 557 1364 etin
599 1310 976 1368 subsistendo
1008 1314 1477 1385 permanentiam
1524 1315 1738 1371 habere
1782 1332 1900 1371 cre-

244 1393 423 1452 ditur.
453 1397 633 1454 Terra
659 1404 856 1456 autem
878 1403 935 1457 et
954 1401 1179 1474 reliqua
1203 1418 1330 1475 quae
1361 1419 1429 1459 ex
1460 1420 1529 1459 ea
1556 1405 1709 1460 facta
1738 1410 1897 1473 sunt,

244 1488 562 1547 manifesto
591 1504 660 1544 ex
689 1504 883 1561 aqua;
916 1506 1034 1545 non
1078 1490 1235 1547 enim
1284 1491 1452 1549 aliter
1498 1510 1677 1565 quam
1719 1494 1900 1566 hujus

244 1578 660 1639 communione
690 1578 901 1651 frigida
931 1584 1039 1635 est.
1074 1570 1298 1637 Etenim
1329 1580 1378 1638 si
1437 1599 1647 1639 rursus
1697 1584 1897 1639 abstu-

242 1669 382 1727 leris
414 1685 449 1726 ο.
476 1672 635 1725 terra
663 1684 898 1726 omnem
943 1668 1384 1737 humiditatem,
1424 1671 1653 1728 videbis
1706 1674 1898 1744 ipsam

243 1759 543 1816 inﬁrmam
590 1760 649 1814 et
705 1773 820 1813 non
862 1757 1308 1831 subsistentem,
1343 1760 1576 1835 aliaque
1607 1762 1898 1818 sustinere

243 1865 360 1906 non
379 1861 571 1920 posse,
593 1846 693 1903 sed
723 1846 1033 1918 quibusvis
1054 1848 1412 1920 ponderibus
1428 1866 1617 1921 usque
1636 1856 1695 1906 et
1712 1868 1898 1924 usque

2012 691 2189 769 τροφὴ
2249 690 2485 767 γίγνεται
2540 690 2604 746 τὸ
2661 690 2824 767 ὑγρὸν
2857 739 2870 762 ,
2926 689 3017 745 καὶ
3097 689 3345 765 μένοντος
3421 689 3616 746 τούτου
3649 735 3664 761 ,

2014 780 2159 852 μένει
2215 781 2429 835 κάκεῖνο
2493 824 2507 850 ,
2565 779 2656 834 καὶ
2740 777 3130 853 δαπανωμένου
3211 776 3603 835 συνδαπανᾶται
3648 825 3665 852 ,

2008 870 2099 925 καὶ
2156 869 2360 932 τελέως
2431 868 2821 932 ἐκλελοιπότος
2897 866 3324 945 ἀπομαραίνεταί
3359 912 3372 926 .
3430 867 3551 922 Εἰσὶ
3610 863 3668 923 δὲ

2010 958 2062 1014 οἳ
2120 958 2209 1013 καὶ
2264 963 2383 1021 τοῖς
2442 955 2665 1035 ἐίστρασι
2719 958 2927 1037 τροφὴν
2982 956 3042 1012 ἐκ
3093 961 3191 1012 τοῦ
3249 953 3442 1019 ὕδατος
3498 976 3664 1033 παρε-

2009 1046 2291 1121 σκεύασαν,
2351 1045 2413 1102 οῦ
2471 1069 2533 1122 γε
2582 1048 2746 1124 χάριν
2802 1047 2893 1102 καὶ
2958 1045 3128 1123 πυρὰς
3182 1046 3277 1102 καὶ
3334 1045 3573 1122 ἀστέρων
3628 1048 3664 1115 ἡ

2009 1136 2260 1199 σύστασις
2322 1135 2382 1191 έκ
2434 1140 2531 1191 τοῦ
2590 1134 2785 1198 ὕδατος
2841 1130 3043 1210 τρόπον
3100 1134 3239 1190 τινά.
3299 1134 3519 1190 Ὀπόθεν
3575 1134 3666 1190 καὶ

2006 1226 2108 1302 γὰρ
2154 1222 2381 1282 ’ἑκαστον
2424 1223 2715 1302 τρέφεται,
2767 1223 2966 1289 ἐκεῖθεν
3016 1224 3106 1279 καὶ
3152 1226 3251 1293 τὴν
3304 1224 3382 1286 εἷς
3420 1224 3482 1279 τὸ
3530 1223 3663 1279 εἶναι

2009 1312 2276 1388 διαμονὴν
2318 1311 2465 1391 ἔχειν
2515 1313 2842 1371 πιστεύεται.
2896 1319 3005 1384 Γῆς
3056 1310 3115 1370 δὲ
3163 1313 3253 1369 καὶ
3299 1312 3468 1384 αὐτῆς
3512 1309 3664 1388 ἕτερ-

2005 1408 2112 1460 τῶν
2172 1406 2482 1475 ποιοτήτων
2538 1408 2847 1483 περιφανῶς
2906 1402 2966 1459 ἐκ
3010 1408 3109 1459 τοῦ
3164 1400 3380 1466 ὕδατος.
3441 1402 3504 1458 οὐ
3562 1403 3663 1478 γὰρ

2009 1493 2207 1569 ἑτέρως
2266 1514 2330 1567 γε
2374 1495 2410 1562 ἢ
2468 1497 2537 1567 τῇ
2601 1492 2855 1567 μετουσίᾳ
2909 1489 3070 1548 τοῦδε
3121 1491 3256 1561 αὐτὴ
3306 1492 3512 1569 ψυχρὰ,
3565 1490 3662 1547 κᾶν

2007 1581 2156 1646 αὖθις
2203 1582 2406 1660 ἀφέλῃς
2447 1589 2547 1652 τῆς
2597 1585 2701 1658 γῆς
2750 1583 2849 1650 τὴν
2927 1587 3099 1637 πᾶσαν
3151 1580 3446 1658 ὑγρότητα,
3503 1581 3658 1636 ἀσθεν

2005 1693 2064 1728 τε
2092 1669 2236 1734 ἴδοις
2265 1672 2355 1727 καὶ
2405 1673 2790 1743 ἀνυπόστατον,
2843 1670 2910 1725 τά
2947 1693 3007 1727 τε
3050 1668 3198 1726 ἄλλα
3245 1671 3320 1745 μή
3375 1670 3665 1745 στέγουσαν

2006 1762 2096 1817 καὶ
2153 1760 2435 1825 παντοίοις
2506 1760 2721 1837 βάρεσιν
2794 1761 3186 1836 ὑποχωροῦσαν
3246 1759 3372 1816 ἀεί.
3434 1761 3665 1816 Πάσεστι

2003 1855 2165 1907 τοῦτο
2220 1851 2310 1906 καὶ
2349 1852 2446 1920 τὴν
2497 1852 2725 1926 ψάμμον
2779 1851 2992 1925 ὁρῶντα
3046 1855 3357 1922 κατανοεῖν,
3417 1848 3543 1919 ἥτις
3594 1850 3665 1925 γὴ

244 1937 467 1995 cedere.
499 1936 564 1993 In
621 1939 898 2009 promptu
954 1940 1156 1993 autem
1204 1942 1297 1994 est
1341 1942 1401 1994 et
1454 1938 1599 1994 illud
1655 1956 1895 1996 arenam

2012 1941 2106 2015 μὲν
2156 1936 2290 2013 ἔστι,
2341 1939 2489 2009 πλὴν
2541 1940 2866 2018 ἀφῃρημένη
2916 1945 3017 2009 τῆς
3067 1938 3145 2002 εἲς
3195 1939 3359 1995 ταυτὸ
3407 1937 3670 2014 συναγού-

243 2025 541 2085 contuenti
603 2040 992 2098 cognoscere;
1045 2042 1174 2099 quae
1216 2027 1419 2100 utique
1466 2032 1622 2085 terra
1681 2033 1790 2097 est,
1847 2030 1897 2085 si

242 2115 438 2174 ablata
500 2114 577 2171 sit
633 2131 762 2187 quae
810 2130 939 2171 eam
971 2115 1125 2188 cogit
1154 2120 1211 2171 et
1238 2117 1499 2173 continet
1552 2118 1896 2174 humiditas.

243 2206 312 2262 Et
341 2205 581 2279 quidem
602 2202 758 2269 illos,
790 2204 1131 2276 quisquam
1179 2204 1420 2262 unicum
1452 2210 1510 2263 et
1567 2206 1898 2263 solitarium

243 2294 511 2352 omnium
572 2308 767 2349 rerum
819 2292 1175 2365 principium
1234 2311 1363 2351 esse
1428 2296 1722 2364 dixerunt,
1782 2313 1897 2352 non

243 2387 385 2457 puto
417 2382 491 2439 ob
528 2381 687 2439 aliud
736 2381 878 2454 quid
926 2398 1103 2455 quam
1148 2383 1273 2440 haec
1319 2385 1590 2442 inductos
1623 2385 1806 2443 fuisse
1835 2390 1902 2442 ut

243 2472 357 2531 hoc
390 2471 672 2539 dicerent,
723 2486 841 2527 non
892 2471 1019 2528 sine
1076 2473 1301 2530 ratione
1332 2475 1441 2530 hac
1500 2474 1772 2547 opinione
1829 2476 1900 2531 de

243 2578 401 2637 aqua
450 2564 744 2633 suscepta.
797 2559 1075 2633 Proptera
1120 2562 1269 2619 nihil
1314 2568 1425 2636 est,
1467 2580 1571 2620 cur
1617 2564 1753 2637 quis
1782 2580 1899 2620 ma-

237 2650 387 2724 joris
412 2648 696 2707 momenti
735 2664 828 2705 res
856 2648 996 2707 velit
1035 2650 1283 2710 minoris
1311 2653 1477 2725 paria
1522 2653 1814 2709 aestimare
1842 2658 1900 2710 et

245 2742 439 2816 prima
466 2740 526 2797 in
554 2739 629 2796 iis
659 2755 787 2812 qua:
841 2740 1167 2812 posteriora
1217 2746 1395 2812 sunt;
1451 2742 1692 2815 reliquis
1741 2743 1898 2799 enim

245 2829 573 2898 elementis,
603 2847 728 2905 quae
779 2832 837 2886 et
890 2828 1021 2903 ipsa
1049 2830 1242 2903 prima
1269 2848 1466 2887 rerum
1526 2833 1692 2887 aiunt
1748 2848 1899 2901 esse,

244 2922 476 2977 tantum
508 2921 787 2994 praecellit
814 2939 987 2995 aqua,
1028 2925 1094 2976 ut
1148 2921 1220 2976 de
1267 2919 1385 2976 illis
1444 2937 1570 2993 quae
1602 2938 1712 2977 sua
1739 2926 1897 2989 sunt,

247 3006 379 3064 aliis
409 3011 822 3081 communicet,
856 3011 987 3084 ipsa
1026 3025 1159 3065 vero
1191 3007 1529 3065 nullatenus
1578 3008 1697 3066 illis
1746 3009 1898 3065 indi-

246 3099 399 3168 geat.
445 3098 593 3155 Nam
645 3104 813 3157 terrae
869 3099 1141 3171 equidem
1189 3098 1279 3169 (ut
1304 3097 1512 3154 iisdem
1572 3099 1901 3156 rationibus

246 3185 437 3242 denuo
486 3189 639 3261 utar)
670 3190 743 3245 de
784 3187 1101 3262 lrigiditate
1143 3187 1559 3255 communicat,
1611 3189 1712 3243 sed
1752 3188 1899 3243 nihil

247 3273 320 3329 ab
354 3273 456 3330 illa
500 3275 744 3350 recipit:
797 3278 916 3334 aeri
972 3280 1168 3333 autem
1223 3276 1295 3331 de
1346 3275 1725 3342 humiditate,
1774 3276 1904 3348 ipsa

2008 2050 2107 2101 σης
2153 2029 2242 2084 καὶ
2302 2028 2638 2105 συνεχούσης
2697 2027 2997 2105 ὗγρότητος
3031 2069 3044 2084 .
3076 2028 3176 2083 Καί
3235 2048 3299 2103 γε
3352 2027 3482 2091 τοὺς
3538 2027 3664 2099 μίαν

2009 2119 2187 2194 ἀρχὴν
2248 2117 2337 2173 καὶ
2400 2116 2573 2191 μόνην
2639 2122 2747 2173 τῶν
2821 2112 2990 2172 ὄντων
3064 2116 3350 2195 εἰρηκότας
3417 2115 3549 2172 εἶναὶ
3604 2117 3667 2172 τὸ

2008 2204 2155 2281 ὕδωρ
2205 2205 2304 2262 οὐκ
2352 2206 2505 2281 οἶμαι
2558 2204 2628 2262 δι’
2676 2206 2818 2262 ἄλλο
2868 2207 2904 2275 ἢ
2952 2210 3122 2261 ταῦτα
3162 2204 3537 2283 προαχθέντας
3590 2205 3667 2260 εἷ-

2007 2301 2126 2352 πεῖν
2188 2294 2288 2351 οὐκ
2337 2293 2438 2367 ἔξω
2498 2294 2665 2373 λόγου
2730 2295 2955 2367 ταυτηνὶ
3009 2296 3109 2365 τήν
3173 2293 3326 2367 δόξαν
3386 2295 3512 2371 περὶ
3567 2299 3666 2351 τοῦ

2008 2382 2201 2448 ὕδατος
2259 2384 2576 2463 εἰληφότας.
2638 2386 2731 2440 Διὸ
2779 2382 2893 2440 οὐδ’
2940 2382 3078 2441 ἔστιν
3130 2384 3241 2459 ὅτῳ
3285 2406 3371 2448 τις
3421 2385 3482 2439 τὸ
3525 2404 3667 2439 στοι-

2007 2478 2161 2551 χεῖον
2209 2478 2372 2530 τοῦτο
2418 2469 2746 2549 παραϐαλεῖ,
2778 2475 2824 2529 εἱ
2881 2475 2957 2548 μὴ
2995 2470 3251 2551 βούλεται
3278 2480 3396 2536 τοῖς
3449 2472 3667 2530 ἐλάττο-

2009 2584 2091 2619 σιν
2124 2562 2480 2635 ἀντεξετάζειν
2534 2565 2602 2618 τὰ
2650 2562 2842 2636 μείζω,
2892 2563 2983 2617 καὶ
3032 2563 3098 2618 τὰ
3148 2567 3341 2639 πρῶτα
3375 2568 3495 2625 τοῖς
3531 2561 3668 2635 μετὰ

2008 2657 2195 2710 ταῦτα.
2255 2652 2557 2730 Στοιχείων
2618 2653 2712 2725 μὶν
2773 2653 2873 2729 γὰρ
2930 2656 3039 2708 τῶν
3099 2648 3308 2724 ἄλλων,
3372 2653 3405 2706 ἅ
3460 2672 3521 2728 γε
3577 2649 3667 2706 καῖ

2008 2740 2143 2798 αὐτὰ
2221 2745 2406 2816 πρῶτα
2484 2745 2591 2797 τῶν
2667 2735 2838 2797 ὄντων
2912 2739 3069 2818 φασὶν
3148 2739 3283 2796 εῖναι
3315 2785 3329 2812 ,
3400 2742 3663 2795 τοσοῦτον

2012 2829 2286 2907 ὑπεραίρει
2365 2827 2428 2884 τὸ
2479 2826 2626 2906 ὕδωρ
2660 2874 2678 2903 ,
2731 2829 2808 2891 ὡς
2888 2833 2995 2883 τῶν
3068 2829 3259 2884 ἑαυτοῦ
3321 2825 3667 2902 μεταδιδόναι

2008 2919 2311 2988 κάκείνοις,
2367 2918 2496 2975 αὐτὸ
2546 2916 2604 2973 δὲ
2648 2922 2754 2974 τῶν
2817 2916 3034 2974 ἐκείνων
3098 2915 3303 2983 δεῖσθαι
3366 2915 3662 2991 μηδέποτε.

2010 3012 2089 3080 Γῆ
2134 3010 2228 3083 μὲν
2277 3009 2402 3086 γάρ,
2446 3006 2537 3064 ’ίνα
2580 3008 2671 3063 καὶ
2720 3006 2872 3070 αὖθις
2920 3010 3222 3083 χρήσωμαι
3278 3012 3394 3070 τοῖς
3451 3006 3664 3075 αὐτοῖς,

2014 3095 2340 3172 μεταδίδωσι
2378 3104 2479 3166 τῆς
2530 3097 2880 3173 ψυχρότητος
2908 3141 2922 3167 ,
2975 3095 3127 3152 οὐδὲν
3180 3093 3226 3151 δ’
3276 3095 3475 3161 ἐκεῖθεν
3525 3095 3666 3170 λαμ-

2011 3182 2178 3243 ϐάνει·
2241 3186 2358 3263 ἀέρι
2419 3184 2477 3242 δὲ
2530 3193 2631 3256 τῆς
2690 3185 2990 3263 ὑγρότητος
3060 3185 3152 3241 καὶ
3208 3189 3317 3241 τῶν
3369 3186 3517 3259 παρὰ
3569 3190 3668 3241 τοῦ

2011 3277 2168 3354 ἀέρος
2250 3275 2390 3331 ἐστὶν
2470 3276 2691 3346 ἀνενεής
2726 3320 2739 3333 .
2810 3279 2899 3348 Τῷ
2973 3273 3105 3351 πυρὶ
3183 3272 3241 3330 δὲ
3312 3274 3390 3337 εἰς
3457 3274 3668 3352 τροφὴν

245 3366 447 3419 autem
503 3380 707 3422 eorum
763 3383 889 3438 quea
945 3365 1097 3421 aeris
1155 3369 1295 3421 sunt
1349 3380 1467 3420 non
1509 3368 1597 3421 est
1652 3364 1898 3438 indiga:

2016 3351 2254 3443 γίγνεταί
2302 3386 2440 3427 πως·
2500 3362 2648 3433 πλὴν
2699 3361 2893 3435 δεῆσαν
2942 3362 3217 3427 συνελθεῖν
3267 3364 3342 3427 ὡς
3375 3362 3453 3426 είς
3483 3351 3668 3440 μάχην

245 3448 371 3523 igni
425 3468 560 3509 vero
601 3452 975 3526 aliquatenus
1006 3455 1093 3510 int
1124 3453 1553 3509 nutrimentum
1610 3458 1717 3510 est.
1750 3454 1894 3511 Cum

247 3544 442 3597 autem
475 3546 705 3614 oportet
732 3547 802 3599 ut
831 3542 1001 3616 quasi
1032 3543 1104 3599 ad
1153 3559 1413 3617 pugnam
1461 3542 1700 3599 veniant
1756 3560 1907 3614 aqua

247 3633 307 3687 et
337 3629 512 3703 ignis,
545 3632 786 3688 omnino
818 3648 1057 3689 necesse
1086 3636 1199 3700 est,
1258 3635 1324 3688 ut
1354 3636 1457 3688 aut
1505 3648 1658 3704 aqua
1705 3633 1906 3689 robore

245 3717 490 3776 inferior
518 3719 597 3776 sit
622 3724 680 3777 et
709 3723 898 3787 cedat,
930 3727 1029 3777 aut
1052 3738 1205 3794 aqua
1225 3720 1383 3777 illius
1404 3721 1662 3793 potentia
1683 3726 1908 3779 tentata

247 3808 422 3880 plane
451 3809 862 3884 exetinguatur
891 3814 950 3867 et
979 3810 1142 3866 nulla
1194 3809 1415 3866 ratione
1455 3810 1608 3866 inter
1635 3827 1729 3867 res
1756 3812 1906 3869 exsi-

248 3901 473 3955 stentes
515 3900 792 3972 supersit.
841 3900 996 3956 Mare
1052 3900 1249 3972 itaque
1277 3899 1394 3954 tale
1432 3906 1540 3966 est,
1574 3900 1791 3973 ubique
1845 3902 1904 3957 in

248 3988 526 4044 omnibus
545 3987 859 4062 imperium
900 3989 1170 4045 obtinens
1212 3987 1400 4044 multa
1446 4006 1580 4045 cum
1632 3990 1904 4046 utilitate.

249 4075 429 4134 Nobis
459 4080 653 4134 autem
687 4094 802 4134 non
835 4082 925 4134 est
956 4077 1205 4135 facultas
1235 4078 1306 4134 de
1337 4076 1438 4135 illo
1472 4095 1573 4151 pro
1621 4078 1908 4152 dignitate

250 4165 482 4224 dicendi
512 4182 702 4240 neque
731 4166 908 4225 etiam
940 4166 1108 4235 illud,
1141 4171 1206 4223 ut
1248 4184 1356 4240 par
1395 4172 1505 4236 est,
1552 4167 1904 4224 admirandi.

250 4257 491 4330 Oportet
517 4254 711 4326 itaque
742 4255 1209 4329 magnitudinem
1245 4255 1425 4327 hujus
1460 4256 1673 4329 negotii
1721 4257 1907 4329 perci-

251 4346 534 4419 pientem,
582 4343 887 4401 silentium
936 4346 1127 4418 magis
1178 4361 1356 4416 quam
1385 4345 1563 4401 verba
1611 4345 1905 4417 amplecti,

250 4451 325 4491 ne
355 4434 767 4494 admirationis
795 4434 1267 4507 magnitudinem
1297 4433 1579 4490 orationis
1636 4433 1907 4492 debilitas

253 4527 493 4582 evertat.

2005 3451 2152 3531 ὕδωρ
2217 3453 2306 3509 καὶ
2358 3458 2487 3531 πῦρ,
2548 3453 2750 3529 ἀνάγκη
2796 3458 2941 3507 πᾶσα
2988 3453 3022 3522 ἢ
3075 3457 3156 3525 τῷ
3192 3448 3368 3522 ὕδατι,
3400 3472 3673 3529 παραχω-

2017 3551 2179 3621 ρῆσαι
2232 3547 2329 3598 τοῦ
2384 3541 2614 3618 κράτους
2666 3541 2755 3597 καὶ
2808 3542 3137 3613 ὑπεκστῆναι
3193 3541 3229 3610 ἢ
3283 3541 3533 3619 πειραθὲν
3571 3543 3673 3610 τῆς

2015 3631 2223 3688 ἐκείνου
2280 3630 2583 3705 δυνάμεως,
2638 3628 2841 3693 τελέως
2898 3652 2958 3687 τε
3014 3625 3315 3701 ἀποσϐῆναι
3389 3630 3481 3685 καὶ
3540 3630 3676 3686 ε’ἰναι

2019 3719 2292 3797 μηδαμῶς
2324 3721 2377 3776 ἐν
2404 3727 2524 3785 τοῖς
2556 3720 2697 3779 οὖσι.
2747 3720 2848 3776 Καὶ
2895 3718 3139 3785 θάλασσα
3172 3720 3267 3794 μὲν
3300 3717 3392 3775 οὖν
3420 3719 3672 3791 τοιαύτη,

2016 3811 2335 3886 ἁπανταχοῦ
2410 3808 2462 3865 έν
2540 3814 2672 3864 πᾶσι
2745 3812 3019 3886 κρατοῦσα
3098 3810 3234 3883 μετᾶ
3304 3807 3521 3866 πολλοῦ
3577 3813 3675 3865 τοῦ

2015 3899 2326 3977 χρησίμου,
2354 3902 2489 3972 ἡμῖν
2543 3897 2602 3954 δὲ
2648 3900 2774 3972 περὶ
2812 3896 2980 3967 αὐτῆς
3027 3897 3133 3974 οὐχ
3176 3896 3326 3960 ὅπως
3367 3899 3504 3973 έρεῖν
3535 3897 3674 3972 πρὸς

2018 3988 2163 4060 ἀξίαν
2197 4036 2210 4061 ,
2272 3985 2399 4043 ἀλλ’
2466 3985 2593 4043 οὐδὲ
2665 3986 3055 4064 προσηκόντως
3133 3987 3401 4061 θαυμάσαι
3461 3986 3621 4062 ἰσχύς
3656 4028 3669 4041 .

2018 4077 2145 4134 Δέον
2176 4082 2464 4153 τοιγαροῦν
2517 4081 2615 4132 τοῦ
2668 4075 2924 4154 μεγέθους
2971 4080 3067 4131 τοῦ
3118 4076 3441 4151 πράγματος
3490 4075 3673 4131 αἰσθο-

2022 4165 2214 4241 μένους
2247 4166 2364 4221 ἀντὶ
2418 4170 2525 4222 τῶν
2574 4165 2757 4242 λόγων
2809 4164 3143 4222 ἀσπάσασθαι
3194 4167 3295 4235 τήν
3353 4166 3536 4242 σιγὴν,
3579 4162 3673 4220 ⁶ίνα

2022 4256 2097 4330 μή
2154 4256 2216 4310 τὸ
2276 4253 2421 4310 πολῦ
2477 4260 2574 4310 τοῦ
2634 4254 2910 4329 Θαύματος
2962 4255 3026 4311 τὸ
3081 4255 3290 4319 ἀσθενὲς
3336 4258 3442 4310 τῶν
3491 4253 3670 4331 λόγων

2017 4343 2306 4424 ὑφέληται.
