4132 6466
419 531 540 592 445

1561 527 2189 594 PROVERBIORUM
2235 527 2694 592 COLLECTIO.

3717 521 3841 584 446

1501 849 2758 1023 HAPOIMIAI

1259 1125 1722 1180 ΣΥΛΛΕΓΕΙΣΑΙ
1763 1125 1947 1179 ΠΔΡΑ
1985 1127 2108 1177 ΤΟΥ
2148 1125 2523 1178 ΔΓΙΩΤΑΤΟΥ
2561 1126 2990 1177 ΠΑΤΡΙΑΡΧΟΥ

601 1291 1190 1423 ΚΥΡΟΥ
1294 1293 2303 1422 ΓΡΗΓΟΡΙΟΥ
2410 1291 2758 1420 ΤΟΥ
2865 1288 3660 1418 ΚΥΠΡΙΟΥ

1798 1530 1979 1581 ΚΑΤΑ
2019 1527 2445 1582 ΔΛΦΑΒΗΙΟΝ.

1542 1855 2714 2023 PROVERBIA

1209 2129 1608 2190 COLLECTA
1656 2130 1805 2188 PER
1851 2128 2444 2208 SANCTISSIMUM
2487 2127 3060 2188 PATRIABGHAM

1067 2308 1220 2433 D.
1324 2305 2330 2432 GREGORIUM
2433 2305 3198 2430 CYPRIUM

1599 2527 1767 2591 JUX
1771 2527 1870 2590 TA
1915 2525 2329 2591 ALPHABE
2339 2526 2522 2590 TUM
2551 2526 2658 2608 (a).

497 2821 643 2893 Αὕτη
677 2825 711 2892 ἡ
751 2823 1014 2897 μήρινθος
1045 2819 1198 2878 οὐδὲν
1231 2821 1477 2878 ἔσπασεν.
1500 2822 1640 2876 Ἀπὸ
1667 2825 1772 2876 τῶν
1808 2819 2064 2876 ἀλιευτῶν

2259 2825 2375 2894 Ipse
2401 2823 2554 2893 funis
2589 2837 2812 2894 prorsus
2841 2823 3080 2878 attraxit
3107 2821 3282 2878 nihil.
3343 2826 3421 2877 De
3450 2819 3839 2893 piscatoribus

431 2916 540 2966 τῶν
572 2908 739 2984 μηδὲν
770 2910 1107 2967 ἐλκυσάντων
1133 2910 1362 2984 εἴρηται.

495 2998 838 3080 Ἀφροόίσιος
870 2999 1054 3076 ὅρκος.
1087 3000 1198 3055 Οὐκ
1227 2998 1570 3073 ἐμποίνιμος.

496 3090 698 3165 Ἀγορὰ
740 3090 1066 3165 Κερκώπων.
1102 3089 1223 3143 Ἐπὶ
1269 3093 1378 3144 τῶν
1428 3093 1685 3163 πονηρῶν
1731 3088 1819 3142 καὶ
1865 3090 2070 3159 κακοή-

424 3181 554 3235 θων.
605 3178 894 3255 Κέρκωπες
963 3180 1062 3255 γὰρ
1127 3199 1270 3240 τινες
1338 3180 1642 3240 ἀπατεῶνες
1707 3176 1950 3252 ἐγίνοντο
2017 3177 2068 3233 ἐν

418 3267 649 3347 Ἐφέσῳ.
743 3317 745 3319 ,

491 3359 679 3414 ’Δετοῦ
706 3365 903 3434 γῆρας,
935 3354 1170 3432 κορύὸου
1197 3355 1407 3427 νεότης.

491 3446 695 3520 Ἀγαθᾶ
742 3445 1004 3502 Κιλίκων.
1057 3445 1179 3500 Ἐπὶ
1221 3448 1329 3500 τῶν
1393 3445 1454 3499 οὐ
1521 3443 1705 3507 καλῶς
1768 3443 2070 3500 πλουτούν-

416 3556 545 3591 των.
588 3532 872 3611 Προδότης
921 3535 1023 3610 γὰρ
1062 3532 1218 3605 Κίλιξ
1266 3555 1347 3597 τις
1387 3533 1638 3604 Μίλητον
1689 3531 1928 3608 προδοὺς
1983 3532 2067 3588 εὖ·

418 3622 562 3697 πόρη
572 3643 675 3680 σεν.

491 3801 778 3876 Ἀγροίκου
809 3801 885 3873 μὴ
913 3800 1238 3879 καταφρόνει
1269 3801 1520 3877 ῥήτορος.

493 3886 788 3952 ’Δδώνιὸος
870 3896 1060 3959 κῆποι.
1125 3891 1244 3944 Ἐπὶ
1327 3895 1433 3944 τῶν
1509 3888 1904 3964 ὀλιγοχρονίων
1978 3889 2068 3942 καὶ

416 3978 634 4055 ἀώρων.

485 4067 728 4124 νΑλλοτε
772 4067 816 4123 δ’
866 4065 1093 4124 ἀλλοῖον
1144 4066 1380 4132 τελέθειν
1444 4067 1533 4122 καὶ
1601 4069 1760 4144 χώρᾳ
1826 4064 2064 4132 ἕπεσθαι.

411 4158 532 4212 ’Ὀτι
582 4159 845 4234 προσήκει
893 4178 944 4211 τι
995 4157 1098 4232 γὰρ
1144 4154 1426 4230 ἐξομοιοῦν
1497 4156 1682 4211 ἑαυτὸν
1748 4161 1866 4218 τοῖς
1913 4153 2067 4225 ἤθεσι

413 4248 522 4300 τῶν
555 4245 770 4302 πόλεων
799 4244 890 4300 καὶ
917 4244 1100 4300 τόπων
1135 4243 1187 4299 ἐν
1226 4247 1308 4306 οἷς
1358 4244 1418 4300 ἂν
1468 4244 1699 4320 γένοιτο.
1735 4241 1962 4321 Εἴρηται
2012 4242 2069 4300 δὲ

411 4332 522 4388 ἀπὸ
551 4338 656 4389 τῶν
683 4331 1016 4390 πολυπόδων
1027 4377 1040 4389 .

488 4420 702 4494 Ἀλλην
749 4420 875 4499 δρῦν
928 4421 1205 4499 βαλάνιζε.
1260 4423 1378 4478 Ἐπὶ
1443 4426 1549 4477 τῶν
1621 4423 2064 4499 ἀπαγορευόντων

411 4508 602 4568 δώσειν
635 4511 711 4568 ἔτι
741 4513 841 4581 τὴν
874 4509 1087 4582 αἴτησιν
1121 4511 1338 4567 εἰώθασι
1371 4506 1690 4585 λαμϐάνειν.

484 4686 669 4761 ’ᾉδεις
767 4689 948 4764 ὥσπερ
1044 4691 1119 4752 εἰς
1199 4688 1398 4760 Δῆλον.
1464 4691 1667 4758 πλέων.
1737 4691 1858 4746 Ἐπὶ
1957 4694 2063 4745 τῶν

407 4777 783 4857 ἀφροντίστως
813 4778 905 4835 καὶ
935 4777 1251 4857 φιληδόνως
1287 4779 1572 4856 βιούντων.

481 4864 628 4925 ’Δλα
695 4869 788 4924 καὶ
855 4867 1090 4942 κύαμον.
1165 4868 1284 4925 Ἐπὶ
1353 4872 1460 4925 τῶν
1542 4869 1617 4942 μὴ
1687 4866 1910 4926 εἰδότων
1974 4869 2066 4924 καὶ

479 5039 556 5114 (t)
596 5039 1004 5114 Nempequod
1036 5040 1230 5114 aquila
1258 5041 1435 5114 etiam
1474 5040 1669 5114 vetula
1699 5043 2068 5114 praestantior

407 5110 487 5186 sit
515 5109 623 5167 hac
651 5109 897 5186 avicula,
928 5111 1066 5168 licet
1087 5109 1322 5186 juvene.
1374 5112 1598 5186 Dicitur
1638 5109 1836 5186 autem
1868 5113 2066 5186 aquila

403 5182 589 5259 vitam
619 5183 910 5259 amittere,
944 5182 1180 5256 quando
1224 5184 1405 5259 rostri
1431 5201 1567 5257 pars
1623 5185 1891 5257 superior
1919 5182 2062 5259 "qua:

403 5254 636 5330 adunca
664 5259 776 5324 est,
825 5255 898 5310 ad
951 5254 1180 5327 partem
1241 5254 1575 5313 inferiorem
1625 5254 1759 5313 cuin
1801 5254 2062 5330 tempore

402 5326 764 5383 incurvatur.

474 5397 557 5472 (2)
587 5397 899 5472 Propterea
928 5395 1086 5453 enim
1145 5397 1300 5472 quod
1357 5398 1600 5469 Adonis,
1653 5403 1720 5456 ut
1766 5401 1943 5456 estin
1975 5401 2059 5458 fa-

398 5467 580 5543 bulis,
630 5467 888 5543 AYéneris
940 5467 1181 5543 amore'
1212 5473 1441 5542 captus,
1499 5467 2058 5543 antehpubertatem

393 5541 593 5668 ρει-ῆι,
627 5539 756 5597 ideo
783 5540 893 5597 viri
946 5539 1365 5613 mulieresque,
1417 5543 1581 5613 orgia
1634 5539 1878 5600 veneris
1908 5544 2058 5600 cele-

440 5616 659 5668 rantes.
696 5613 896 5668 hortos
929 5611 990 5668 in
1043 5612 1202 5668 vasis
1233 5629 1337 5668 seu
1395 5614 1782 5668 receptaculis
1811 5616 2057 5668 auibus-

440 5616 659 5682 rantes,
696 5613 896 5670 hortos
929 5611 990 5668 in
1043 5612 1202 5669 vasis
1233 5611 1337 5670 seu
1395 5611 1782 5686 receptaculis
1811 5616 2057 5688 quibus-

2185 2928 2492 2968 successus
2522 2911 2818 2967 destitutis
2849 2915 3219 2983 usurpatum.

2262 3002 2557 3056 Venereum
2572 3001 2974 3072 juramentum.
3011 3001 3276 3072 Impune.

2254 3090 2449 3145 Sorum
2488 3090 2802 3162 Cerealium.
2839 3089 2918 3144 De
2967 3087 3251 3160 improbis
3282 3092 3338 3144 et
3370 3103 3600 3144 morum
3632 3104 3839 3160 pravo-

2182 3195 2331 3234 rum.
2367 3178 2648 3250 CercOpes
2678 3178 2833 3234 enim
2893 3176 3102 3251 Ephesi
3152 3178 3309 3234 fuere
3367 3176 3607 3249 quidam
3641 3176 3831 3249 impo-

2181 3271 2366 3324 stores
2382 3310 2392 3323 .

2250 3357 2463 3430 Aquila:
2485 3364 2749 3424 senectus,
2777 3356 2967 3430 corydi
2987 3357 3251 3429 juventus
3275 3357 3376 3426 (1).

2253 3448 2462 3503 Citicon
2509 3449 2668 3504 bona.
2707 3447 2770 3501 ln
2828 3462 2926 3501 eos
2959 3445 3062 3517 qui
3122 3445 3278 3501 unde
3333 3444 3578 3502 minime
3603 3447 3837 3518 oporte-

2181 3537 2299 3606 bat,
2361 3537 2675 3592 ditescunt.
2735 3535 3004 3592 Proditor
3078 3534 3235 3590 enim
3296 3535 3556 3606 quidam,
3615 3533 3838 3590 Cilicon

2179 3624 2438 3692 nomine,
2471 3625 2669 3680 Mileto
2695 3624 2799 3679 abs
2822 3639 2884 3680 se
2904 3621 3174 3679 hostibus
3205 3622 3440 3691 tradito,
3464 3623 3534 3678 ad
3562 3637 3835 3695 magnam

2178 3715 2542 3786 opulentiam
2574 3714 2854 3786 pervenit.

2249 3804 2529 3875 Agrestem
2557 3820 2624 3860 ne
2653 3809 2963 3863 contemnas
2990 3813 3284 3861 oratorem.

2251 3892 2510 3948 Adonidis
2565 3894 2730 3949 horti.
2764 3893 2844 3950 De
2902 3893 3089 3950 hortis
3124 3909 3332 3965 parum
3391 3889 3743 3946 durantibus
3775 3892 3832 3945 et

2178 3981 2545 4054 praematuris
2577 3983 2676 4055 (2).

2250 4073 2534 4128 Interdum
2591 4074 2777 4127 varius
2835 4074 2982 4143 regio
3056 4079 3115 4127 ut
3171 4085 3399 4143 quaque
3454 4069 3648 4139 exigit,
3696 4072 3829 4123 esto.

2178 4162 2339 4225 Quod
2372 4161 2536 4226 locis,
2569 4162 2625 4215 in
2675 4160 2889 4232 quibus
2949 4159 3082 4234 quis
3129 4164 3413 4230 versatur,
3467 4173 3530 4213 se
3556 4157 3835 4229 adaptare

2179 4251 2405 4306 debeat.
2441 4249 2757 4322 Sumptum
2789 4267 2823 4304 a
2852 4249 3236 4322 polypodibus
3266 4249 3362 4319 (3).

2247 4430 2436 4485 Atiam
2482 4445 2740 4500 quercum
2786 4433 2995 4485 excute.
3021 4430 3084 4484 In
3125 4426 3257 4484 illos
3288 4428 3389 4500 qui
3427 4425 3827 4482 indesinenter

2177 4518 2402 4591 aliquid
2435 4522 2661 4590 petunt,
2718 4523 2822 4574 aut
2878 4517 2980 4590 qui
3032 4518 3104 4574 ab
3163 4517 3373 4573 iisdem
3432 4531 3666 4588 semper
3693 4530 3826 4570 mu-

2174 4611 2420 4664 tuantur
2447 4608 2546 4680 (4).

2247 4695 2411 4753 Canis
2467 4702 2737 4769 tanquam
2785 4698 2979 4754 Delum
3029 4696 3315 4768 navigans.
3359 4698 3435 4750 De
3491 4693 3565 4750 iis
3595 4693 3699 4766 qui
3727 4709 3826 4749 vo-

2176 4784 2500 4859 luptatibus
2529 4785 2746 4842 abdicti
2777 4790 2835 4842 et
2861 4785 3081 4860 absque
3106 4783 3501 4842 sollicitudine
3530 4787 3688 4840 sunt.

2245 4873 2430 4932 Satem
2456 4883 2512 4931 et
2529 4874 2738 4946 fabam.
2769 4875 2851 4931 De
2881 4875 2976 4944 iis,
3009 4874 3112 4947 qui
3143 4890 3208 4931 se
3237 4872 3474 4946 quidem
3523 4871 3674 4930 scire
3701 4887 3827 4930 rem

2171 5045 2702 5128 dam-plantabant.
2753 5045 2861 5110 Qui
2918 5061 3054 5128 cum
3105 5044 3494 5128 radicesnnon
3515 5043 3826 5128 baberent!

2172 5114 2548 5188 celeriterque
2604 5124 3084 5184 emarcescerent,
3158 5114 3442 5173 Adonidis
3515 5115 3670 5174 horti
3737 5114 3826 5170 illi

2172 5188 2640 5243 annellabantur.

2171 5193 2640 5260 appellabantur.

2205 5261 2325 5344 “(3).
2348 5259 2456 5342 Qui
2490 5260 2820 5344 cuicunque
2861 5264 3036 5344 petra;
3067 5260 3441 5344 adhgserint,
3490 5258 3704 5316 timore
3732 5257 3824 5315 in-

2169 5331 2350 5415 citati,
2373 5333 2602 5415 in_ejus
2633 5331 2888 5415 speciem
2919 5348 2982 5415 se
3012 5331 3480 5415 transformarit.‘
3591 5404 3602 5415 .
3711 5399 3725 5414 ο

2243 5398 2343 5476 (4)
2373 5398 2608 5486 Veteres
2667 5398 2859 5488 enim.
2899 5403 3234 5488 glandibus
3264 5402 3647 5488 victitabant;
3708 5398 3828 5460 illis

2168 5472 2326 5557 ergo,
2361 5475 2461 5547 qui
2514 5491 2764 5557 quercus
2811 5472 3382 5557 circumspiciebant,
3411 5472 3698 5557 _ple_nten_e
3748 5489 3824 5531 an

2089 5575 2133 5644 Ο
2169 5545 2624 5608 inanes‘esse’nt.
2650 5547 2838 5604 Atiam
2867 5545 3127 5621 quercum
3152 5549 3362 5618 excute,
3394 5545 3689 5605 dicebant.

456 5755 540 5826 (ᾳ.)
565 5754 753 5826 Pri_ma
770 5758 987 5808 tantum
1015 5755 1207 5808 littere
1233 5755 1443 5808 ratione
1466 5755 1743 5808 habita.—
1769 5757 1852 5810 Ad
1887 5758 2180 5823 pleniorem
2216 5759 2625 5823 intelligentiam
2659 5759 3041 5825 explicationes
3078 5760 3403 5826 subjecimul
3439 5774 3507 5813 ex
3541 5760 3817 5826 Apostolio

391 5817 610 5882 petitas.
633 5818 773 5870 Eoir.
