4132 6458
267 448 387 512 M7

1302 455 1619 522 GEORGII
1663 456 1927 522 GYPBII
1971 455 2092 521 CP.
2135 456 2667 524 PATRIARGH/E

3570 455 3714 556 448‘

269 580 528 655 aliquam
580 583 884 657 simulant,
933 603 1112 661 quam
1159 593 1357 648 tamen
1403 592 1696 664 ignorant.
1747 592 1923 648 Vates

2066 594 2544 666 προσποιουμένων.
2601 593 2663 646 Οἱ
2714 591 2817 668 γὰρ
2880 586 3095 664 μάντεις
3157 585 3262 644 ἅλα
3325 585 3416 645 καὶ
3478 588 3687 664 κύαμον

269 672 430 728 enim
461 672 643 730 salem
674 679 732 731 et
761 676 953 734 fabam
985 685 1289 752 apponunt
1318 681 1415 752 (1).

347 762 552 818 Tollere
582 765 842 821 ancillam.
903 767 984 822 De
1040 768 1114 824 iis
1173 770 1271 841 qui
1329 769 1548 825 rustice
1605 772 1922 828 admodum

267 848 614 923 tripudiant.

345 942 530 1012 Capra
557 942 809 1010 gladium
835 946 1089 1014 praebens
1121 948 1217 1019 (2).

343 1028 479 1086 Sine
509 1031 773 1104 lacrymis
830 1034 1092 1092 bellumet
1146 1040 1470 1093 dormientis
1527 1047 1808 1112 tropccum.
1845 1041 1925 1095 De

270 1117 346 1174 iis
377 1119 477 1191 qui
510 1119 784 1178 facillime
813 1129 866 1180 et
897 1130 1104 1196 praeter
1151 1143 1314 1197 spem
1347 1129 1578 1200 negotia
1635 1145 1743 1184 sua
1774 1134 1925 1184 recte

269 1207 588 1265 conficiunt
615 1210 714 1283 (3).

339 1297 643 1357 Monedulae
668 1316 880 1372 semper
905 1303 1211 1362 monedula
1238 1306 1445 1362 assidet
1473 1307 1570 1379 (4),
1609 1311 1688 1373 et,
1719 1309 1923 1364 Parem

265 1401 478 1459 semper
505 1404 630 1443 cum
653 1391 783 1461 pari
812 1396 957 1448 Deus
985 1395 1289 1466 conjungit.

337 1476 622 1535 Amatheee
640 1495 834 1536 cornu.
870 1482 1031 1546 Quod
1062 1483 1290 1556 Jupiter
1336 1485 1547 1540 nutrici
1579 1503 1697 1542 suae
1727 1486 1922 1542 Amal-

266 1561 436 1632 theae,
467 1582 598 1638 quae
627 1584 696 1623 ex
728 1587 904 1641 capra
941 1571 1137 1644 ipsum
1171 1574 1481 1640 nutrierat,
1526 1575 1789 1646 ejusdem
1823 1593 1922 1630 ca-

270 1667 386 1724 prae
416 1669 597 1711 cornu
629 1657 874 1728 dederit,
904 1677 973 1716 ex
1003 1677 1116 1731 quo
1173 1663 1555 1734 proveniebat
1603 1664 1714 1736 ipsi
1750 1663 1922 1736 quid-

267 1740 408 1812 quid
435 1743 724 1814 petiisset.

333 1832 594 1906 Aquilam
619 1837 805 1893 volare
831 1837 1004 1896 doces.

2033 681 2258 736 τιθέασι.

2106 769 2287 843 Αἷ¹ρειν
2361 771 2672 846 μασχάλην.
2721 770 2870 826 ’Δντὶ
2917 773 3014 826 τοῦ
3064 769 3410 845 εὐωχεῖσθαι.
3459 767 3689 844 Εἴρηται

2035 859 2140 914 ἀπὸ
2169 865 2276 916 τῶν
2311 860 2638 936 ἀγροικικῶς
2670 859 3049 937 ὀρχουμένων.

2105 949 2198 1020 Αἲξ
2233 947 2398 1004 δοῦσα
2426 951 2524 1019 τήν
2559 949 2852 1026 μάχαιραν.

2105 1037 2376 1115 ’Δδακρυς
2405 1037 2651 1112 πόλεμος
2699 1040 2787 1094 καὶ
2836 1035 3196 1101 καθεύδοντος
3242 1037 3528 1113 τρόπαιον.
3563 1037 3686 1095 Ἐπὶ

2033 1133 2138 1183 τῶν
2174 1128 2340 1205 ῥᾷστα
2362 1130 2453 1183 καὶ
2485 1136 2609 1205 παρ’
2639 1126 2835 1184 ἐλπίδα
2863 1125 3293 1202 κατορθούντων.

2106 1307 2215 1364 Ἀεὶ
2264 1307 2483 1370 κολοιὸς
2532 1307 2670 1380 πρὸς
2719 1305 2963 1364 κολοιόν.
3009 1307 3128 1378 Καὶ,
3182 1306 3293 1362 Ἀεὶ
3351 1305 3444 1360 τὸν
3491 1305 3684 1378 ὁμοῖον

2034 1395 2148 1474 ἄγει
2182 1397 2313 1459 Θεὸς
2344 1397 2480 1473 πρὸς
2514 1399 2727 1470 ὁμοῖον.

2104 1486 2430 1559 Ἀμαλθείας
2481 1487 2663 1561 κὲρας.
2710 1489 2827 1540 Ὅτι
2880 1489 2948 1559 τῇ
3007 1489 3194 1563 τροφῷ
3256 1484 3422 1540 αὐτοῦ
3471 1481 3688 1557 Ἀμαλ-

2032 1574 2148 1645 θείᾳ
2195 1577 2221 1630 ὁ
2271 1575 2397 1638 Ζεὺς
2448 1575 2498 1646 ἐξ
2531 1576 2683 1650 αἰγὸς
2730 1575 3038 1652 τρεφούσης
3095 1574 3254 1630 αὐτὸν
3302 1573 3545 1650 παρέσχε
3600 1573 3688 1628 κέ-

2034 1685 2128 1740 ρας
2188 1665 2359 1740 αἱγός²
2422 1665 2492 1720 δι’
2549 1666 2612 1719 οὗ
2672 1661 2961 1734 ἐπέϐλυζεν
3022 1662 3158 1738 αὐτῇ
3210 1668 3314 1718 πᾶν
3355 1663 3384 1718 ’ὁ
3428 1661 3486 1718 ἂν

2033 1776 2181 1812 σατο.

2105 1846 2284 1900 ’Λετὸν
2313 1841 2573 1908 ἵπτασθαι
2606 1841 2897 1905 διδάσκεις.

338 1921 560 2027 Semper
586 1925 732 1982 lovis
759 1927 997 1996 feliciter
1015 1929 1122 1986 tali
1147 1929 1370 1986 cadunt.
1401 1931 1482 1988 De
1511 1931 1584 1987 iis
1616 1931 1716 2002 qui
1747 1931 1922 2002 digne

2105 1934 2215 1991 Ἀεὶ
2273 1936 2374 2009 γὰρ
2418 1931 2475 1989 εὖ
2544 1933 2830 1988 πίπτουσιν
2882 1933 2934 1986 o't
2998 1931 3120 1994 Διὸς
3173 1926 3354 1989 κύϐοι.
3410 1929 3528 1986 Ἐπί
3576 1935 3683 1986 τῶν

267 2010 652 2070 honorantur.

339 2103 631 2160 Certamen
675 2109 1082 2164 excusationem
1127 2125 1240 2166 non
1281 2111 1523 2167 admittit
1564 2126 1739 2184 neque
1784 2113 1926 2167 ami-

270 2191 424 2248 citia.

338 2281 544 2355 Aquila
575 2285 636 2338 in
662 2284 919 2341 nubibus.
948 2288 1026 2343 De
1056 2286 1234 2344 rebus
1257 2292 1429 2362 captu
1456 2288 1819 2346 difficilibus.

343 2369 531 2428 Molita
558 2373 692 2430 vita.
743 2373 824 2430 De
855 2374 926 2431 iis
956 2392 1084 2448 qua
1115 2376 1241 2434 sine
1267 2377 1467 2434 labore
1524 2382 1735 2451 praesto
1767 2387 1925 2436 sunt.

343 2551 665 2624 Anagyrum
710 2569 908 2610 moves.
938 2553 1018 2611 De
1065 2555 1139 2612 iis
1167 2557 1266 2628 qui
1317 2557 1428 2613 sibi
1479 2557 1747 2630 ipsismet
1775 2557 1932 2616 mala

270 2644 598 2698 accersunt.
634 2643 812 2700 Heras
859 2645 1014 2700 enim
1067 2644 1178 2700 fuit
1224 2645 1465 2717 quidam
1497 2653 1800 2720 Anagyrus
1831 2665 1927 2705 no-

266 2729 446 2798 mine,
481 2731 583 2804 qui
616 2730 837 2789 vicinos
872 2734 1133 2789 vexabat.

338 2817 494 2876 Tales
522 2835 610 2876 me
635 2836 850 2894 semper
903 2828 1304 2896 persequantur
1351 2826 1556 2883 hostes.
1615 2831 1690 2884 De
1719 2827 1794 2885 iis
1825 2827 1925 2901 qui

260 2911 719 2966 contemnuntur
748 2913 806 2966 et
836 2911 998 2983 parvi
1031 2913 1202 2968 ﬁunt.

328 2998 528 3071 Aquila
555 2997 773 3072 thripas
829 3000 990 3058 videt.
1025 3001 1107 3058 De
1165 3003 1238 3059 iis
1288 3004 1389 3075 qui
1443 3004 1750 3079 quospiam
1783 3023 1923 3063 con-

261 3088 555 3143 temnunt.

334 3174 452 3232 Non
481 3181 561 3233 est
586 3177 808 3250 salsugo
837 3181 900 3236 in
931 3179 1054 3237 illo.
1091 3186 1169 3237 De
1197 3182 1435 3238 homine
1466 3183 1716 3240 insuavi.

339 3264 532 3337 Vulpes
554 3282 665 3323 non
710 3271 1086 3341 corrumpitur
1113 3270 1290 3326 donis.
1341 3271 1423 3328 De
1469 3273 1543 3328 iis
1573 3273 1674 3344 qui
1709 3290 1920 3330 mune-

260 3351 425 3410 ribus
456 3355 626 3412 facile
655 3373 773 3413 non
803 3364 1283 3429 corrumpuntur.

330 3443 556 3517 Semper
581 3445 768 3518 Africa
797 3447 1012 3519 aliquid
1041 3449 1152 3520 fert
1180 3450 1340 3506 mali.
1375 3450 1437 3506 In
1496 3467 1598 3508 eos
1633 3451 1731 3524 qui
1763 3468 1924 3509 sem-

259 3551 365 3606 per
395 3533 621 3607 aliquid
653 3535 784 3591 novi
815 3536 955 3592 mali
985 3537 1538 3594 comminiscuntur.

333 3625 568 3681 Sursum
613 3640 802 3681 versus
829 3627 1129 3695 ﬂuminum
1178 3630 1462 3699 feruntur‘
1487 3627 1686 3702 fontes.
1743 3633 1821 3686 De
1851 3630 1924 3686 iis

267 3729 396 3786 qua
425 3713 718 3771 contrario
749 3713 1044 3770 dicuntur.

333 3802 567 3859 Moechus
593 3819 805 3875 semper
826 3803 1100 3859 moechum
1127 3806 1432 3876 sapientem
1459 3807 1618 3862 dicit.

334 3893 565 3963 Argenti
585 3893 764 3964 fontes
812 3893 1130 3964 loquuntur.
1164 3895 1245 3950 De
1293 3894 1364 3951 iis
1419 3895 1520 3968 qui
1570 3902 1804 3970 propter
1835 3897 1923 3953 ni-

265 3981 418 4038 mias
447 3997 586 4056 opes
617 3981 677 4036 in
709 3981 1096 4039 ostentatione
1125 3988 1182 4040 et
1210 3983 1433 4040 deliciis
1463 3985 1686 4041 vivunt.

339 4073 605 4146 Majorem
628 4075 800 4129 vitato
835 4075 1033 4130 virum.
1071 4075 1169 4130 Est
1198 4069 1478 4131 Ionicum.

341 4244 585 4308 Arabia:
639 4251 861 4308 tibicen.
923 4250 1210 4308 Dracbma
1269 4254 1446 4323 canit,
1503 4256 1603 4312 sed
1674 4260 1928 4328 quatuor

271 4339 683 4412 compescitur.

339 4481 419 4556 (l)
473 4481 638 4556 Unde
713 4483 958 4556 factum,
1031 4489 1097 4541 ut
1152 4487 1251 4556 qui
1312 4501 1508 4544 rerum
1569 4492 1926 4544 secretarum

267 4554 602 4630 quempiam
659 4554 1001 4630 participem
1058 4554 1400 4630 reddebant,
1452 4559 1606 4614 circa
1643 4559 1826 4615 salem
1874 4569 1930 4616 et

266 4625 464 4682 fabam
496 4642 626 4684 esse
654 4625 1000 4682 dicerentur.

341 4697 418 4767 (2)
449 4698 625 4754 Fama
653 4702 762 4764 est,
795 4698 1113 4755 Corinthiis
1158 4701 1376 4757 Junoni
1414 4703 1660 4768 Ascresa,
1694 4702 1785 4756 cui
1819 4707 1927 4757 Me-
1955 4697 2003 4761 D

269 4769 380 4841 dea
408 4773 695 4826 statutam
730 4769 996 4841 posuisse
1048 4772 1252 4841 fertur,
1303 4773 1793 4839 sacriﬁcantibus,
1825 4791 1925 4830 eos

266 4839 371 4912 qui
399 4841 461 4897 in
488 4841 701 4915 vicinia
730 4839 1095 4915 habitabant,
1143 4839 1405 4901 mercede
1452 4846 1770 4902 conductos
1801 4845 1923 4901 cul-

268 4920 423 4986 trum
453 4913 801 4979 occultasse,
836 4913 1146 4986 modisque
1175 4915 1448 4972 omnibus
1499 4925 1562 4970 ut
1591 4916 1797 4972 lateret
1827 4935 1925 4972 an—

267 4983 476 5110 :ilxlcitf:
528 5000 706 5059 quem
779 4988 976 5043 tamen
1045 4983 1221 5060 capra
1294 4988 1543 5060 pedibus
1619 4989 1926 5045 fodicando

271 5069 444 5111 eruit.

343 5126 419 5199 (3)
469 5125 784 5183 Oraculum
831 5128 990 5199 enim
1049 5130 1498 5186 Lacedaemoniis
1547 5131 1750 5187 datum
1795 5130 1924 5198 fuit,

270 5197 409 5274 fore
441 5201 506 5254 ut
556 5214 757 5274 pugna
797 5198 924 5256 sine
980 5200 1257 5274 lacrymis
1304 5207 1502 5258 essent
1554 5197 1923 5274 superiores:

271 5269 430 5398 ﬁngis
457 5269 574 5326 nec
617 5269 935 5343 quisquam
984 5269 1219 5328 illorum
1274 5278 1398 5328 tum
1431 5269 1708 5346 temporis
1757 5291 1928 5330 occu-

314 5358 371 5398 ιιι
407 5381 421 5396 .

314 5358 421 5399 un.

343 5412 421 5486 (4)
459 5411 548 5486 _De
590 5411 688 5486 iis,
736 5413 855 5486 qui
895 5430 1027 5470 cum
1106 5416 1195 5469 sui
1256 5415 1552 5472 similibus
1599 5425 1924 5472 versantur.

269 5483 473 5541 Veneti
523 5483 623 5557 qui
681 5483 962 5541 adimere
1034 5486 1392 5543 Adriaticum
1453 5487 1739 5554 accolunt,
1795 5504 1927 5542 cum

265 5557 392 5627 jam
449 5562 681 5627 tempus
737 5557 912 5610 aratri
973 5560 1028 5612 et
1091 5559 1372 5614 sementis
1429 5559 1701 5614 faciendae
1759 5560 1927 5614 ades-

275 5627 745 5702 set,_monedulis
778 5627 1288 5702 donaimittebant,
1327 5631 1625 5702 placentas
1669 5635 1724 5686 et
1771 5630 1925 5685 liba:

277 5698 496 5773 quibus
524 5699 760 5774 quidem
819 5699 988 5756 donis
1021 5701 1126 5757 hoc
1174 5698 1476 5774 agebatur,
1510 5712 1572 5760 ut
1620 5702 1776 5760 velut
1809 5702 1928 5774 pla-

278 5772 548 5833 camenta
575 5772 842 5844 quaedam
876 5776 1071 5829 essent
1099 5778 1157 5829 et
1185 5772 1558 5831 iﬁduciarum
1594 5779 1762 5848 pacta
1792 5772 1927 5831 con-

2036 2023 2197 2094 ἀξίως
2225 2023 2577 2095 τιμωμένων.

2109 2113 2284 2187 Ἀγὼν
2318 2111 2585 2190 πρόφασιν
2620 2111 2718 2166 οὐκ
2748 2107 3056 2186 ἐπιδέχεται
3090 2107 3216 2166 οὐδὲ
3246 2109 3420 2188 φιλία.

2109 2292 2290 2353 Ἀετὸς
2323 2291 2374 2346 ἐν
2402 2290 2674 2369 νεφέλαις.
2708 2289 2969 2353 Ἐπὶτῶν
3005 2287 3354 2345 δυσαλώτων.

2111 2379 2515 2454 Ἀληλεσμὲνος
2573 2379 2709 2455 βίος.
2765 2379 3031 2434 Ἐπὶτοῦ
3098 2377 3322 2451 ἑτοίμου
3393 2379 3482 2432 καὶ
3551 2377 3685 2432 ἀπό-

2037 2492 2153 2529 νου.

2112 2559 2402 2636 Ἀνάγυρον
2477 2564 2663 2621 κινεῖς.
2732 2558 2853 2613 Ἐπὶ
2923 2563 3027 2612 τῶν
3105 2556 3504 2632 προξενούντων
3567 2557 3686 2611 εαυ-

2035 2654 2152 2712 τοῖς
2203 2650 2358 2704 κακά.
2420 2648 2711 2724 Ἀνάγυρος
2771 2648 2873 2721 γάρ
2930 2667 3013 2709 τις
3069 2646 3222 2722 ἥρως
3301 2645 3495 2702 ἐκάκου
3559 2645 3686 2708 τοὺς

2037 2737 2302 2814 γείτονας.

2105 2827 2217 2884 ’Δεί
2277 2848 2344 2900 με
2426 2830 2666 2882 τοιοῦτοι
2727 2823 2989 2899 πολέμιοι
3062 2822 3330 2880 διώκοιεν.
3383 2824 3505 2882 Ἐπὶ
3577 2829 3684 2879 τῶν

1989 2958 1997 2966 .
2035 2917 2599 2994 καταπεφρονημὲνων
2632 2914 2722 2971 καὶ
2753 2911 2970 2977 οὕδενὸς
3002 2905 3181 2985 ἀξίων.

2108 3007 2288 3069 Ἀετὸς
2370 3007 2566 3081 θρίπας
2633 3005 2752 3078 ὁρᾷ.
2809 3004 2929 3059 Ἐπὶ
3008 3009 3114 3059 τῶν
3204 3001 3688 3082 καταφρονούντων

2031 3101 2216 3152 τινῶν.

2104 3185 2296 3258 ’Ἃλμη
2331 3185 2432 3240 οὐκ
2459 3182 2597 3240 ἔστιν
2633 3183 2682 3238 ἐν
2716 3183 2884 3255 αὑτῷ.
2915 3183 3037 3238 Ἐπὶ
3065 3187 3162 3238 τοῦ
3192 3179 3418 3251 ἀηδοῦς.

2102 3274 2362 3345 ’Δλώπηξ
2409 3273 2471 3328 ού
2531 3269 2941 3349 δωροδοκεῖται.
2997 3271 3120 3328 Ἐπὶ
3194 3275 3302 3326 τῶν
3360 3269 3422 3325 ού
3483 3267 3687 3346 ῥᾳδίως

2032 3361 2100 3420 ἀλ
2112 3384 2226 3418 ισκο
2237 3362 2409 3437 μένων
2421 3404 2431 3416 .

2105 3453 2216 3508 Ἀεὶ
2275 3453 2422 3530 φέρει
2470 3473 2521 3506 τι
2569 3446 2744 3521 Λιϐύη
2795 3449 2979 3508 κακόν.
3031 3449 3153 3505 Ἐπὶ
3216 3453 3322 3504 τῶν
3393 3449 3475 3504 ἀεὶ
3544 3448 3687 3519 ἐξευ-

2034 3542 2326 3615 ρισκόντων
2357 3563 2408 3596 τι
2439 3541 2558 3596 νὲον
2586 3539 2774 3596 κακόν.
3184 3613 3190 3618 _

2105 3635 2254 3689 ’Ἀνω
2301 3633 2562 3703 ποταμῶν
2615 3632 2861 3704 χωροῦσι
2931 3627 3128 3704 πηγαί.
3177 3627 3298 3682 Ἐπὶ
3363 3632 3471 3682 τῶν
3543 3627 3690 3683 ἐναν-

2031 3719 2160 3775 τίων
2197 3717 2536 3794 λεγομένων.

2105 3809 2218 3864 Ἀεὶ
2251 3809 2278 3863 ὁ
2310 3807 2514 3884 πόρνος
2545 3805 2690 3884 λέγει
2720 3808 2811 3861 τὸν
2843 3808 3096 3885 σώφρονα
3129 3805 3354 3880 πόρνον.

2103 3898 2372 3974 Ἀργύρου
2429 3904 2628 3974 κρῆναι
2687 3895 2972 3952 λαλοῦσιν.
3017 3896 3138 3950 Ἐπὶ
3202 3899 3311 3950 τῶν
3371 3891 3460 3949 διὰ
3525 3891 3692 3949 πλοῦ-

2031 4009 2122 4042 τον
2156 3985 2598 4066 ἐμφανιζομὲνων
2632 3985 2666 4054 ἢ
2702 3984 2794 4055 εύη
2808 3984 3140 4062 μερούντων.

2103 4075 2237 4133 Ἀπὸ
2313 4075 2566 4148 μείζονος
2658 4071 2856 4149 ἀνδρὸς
2932 4071 3102 4146 ἄλευ’,
3181 4070 3307 4141 ἤτοι
3393 4070 3691 4150 φυλάττου,

2034 4166 2312 4225 Ἰωνικῶς.

2105 4248 2360 4328 Ἀράϐιος
2395 4252 2664 4323 αὐλητής.
2695 4255 2786 4315 Ὃς
2821 4248 2983 4322 ηὔλει
3042 4251 3137 4323 μὲν
3162 4247 3439 4324 δραχμῆς,
3465 4247 3693 4305 ἐπαύετο

2038 4340 2095 4398 δὲ
2121 4342 2412 4418 τεττάρων.

2034 4491 2230 4552 venta,
2279 4503 2350 4541 ne
2398 4485 2510 4542 illa:
2579 4484 2803 4542 Cereris
2859 4483 3118 4540 fructum
3182 4487 3350 4540 terra
3415 4481 3696 4552 commis-

2036 4575 2169 4615 sum
2217 4551 2534 4613 effoderent
2599 4555 3126 4627 sublegerentque:
3193 4571 3316 4627 quo
3391 4551 3696 4627 facto_illi

2079 4630 2273 4684 uidem
2305 4629 2651 4695 discedunt;
2686 4625 2959 4682 centerum
2996 4625 3446 4682 monedularum
3487 4625 3698 4695 nubes,

2079 4646 2273 4684 ulaem
2305 4646 2651 4695 αιεοθαυῐιῑ;
2686 4646 2959 4682 caeterum
2997 4646 3446 4682 ωοιιθαυιαωω
3487 4646 3696 4695 1111068,

2035 4646 2182 4756 duas
2214 4705 2315 4756 aut
2343 4706 2463 4756 tres
2486 4701 2657 4770 juxta
2686 4714 2910 4770 morem
2943 4697 3270 4770 legatorum
3303 4697 3404 4768 qui
3435 4712 3504 4752 ex
3534 4696 3696 4770 urbi-

2037 4777 2148 4828 bus
2197 4773 2351 4826 mitti
2402 4768 2609 4836 solent,
2661 4768 3042 4840 hospitalium
3101 4785 3417 4840 munerum
3467 4768 3696 4840 copiam

2034 4844 2427 4914 inspecturas,
2459 4860 2527 4898 ex
2562 4843 2695 4914 suis
2745 4839 3096 4914 amandant.
3135 4841 3360 4907 Quibus
3389 4839 3696 4914 inspectis,

2036 4910 2302 4982 redeunt,
2334 4920 2513 4985 atque
2555 4913 2687 4970 illas
2715 4929 2852 4985 (qua
2897 4929 3036 4968 voce
3085 4912 3237 4967 inter
3285 4928 3349 4968 se
3395 4910 3699 4985 uti’atque

2035 4981 2294 5042 invicem
2332 4981 2658 5059 intelligere
2686 4981 2979 5059 innatum
3046 4989 3155 5055 est,
3186 4986 3554 5059 _accersun_t._
3580 4981 3696 5059 _Ve-

2037 5059 2265 5114 nientes
2315 5061 2508 5114 autem
2527 5053 3202 5128 'nubiumﬂinstar,‘_'_si
3253 5071 3382 5128 quas
3434 5053 3698 5128 diximus

2080 5130 2421 5195 nataverint,
2456 5127 2795 5200 intelligunt
2815 5125 3020 5200 Veneti
3051 5124 3164 5200 sibi
3195 5124 3330 5182 cum
3360 5124 3699 5200 volucribus

2080 5147 2421 5195 nataverint,
2456 5147 2795 5200 intelligunt
2827 5147 3020 5182 veneu
3051 5147 3164 5181 sum
3195 5147 3330 5182 cum
3360 5147 3699 5181 vonucrmus

2036 5147 2156 5258 ﬁlis
2189 5200 2736 5257 confmderationem
2769 5215 2935 5254 esse:
2969 5198 3059 5253 sin
3089 5197 3190 5253 illa
3218 5195 3700 5268 contempserint,

2038 5282 2096 5352 et
2127 5282 2403 5344 tanquam
2453 5271 2590 5352 vilia
2637 5287 2773 5352 cum
2822 5271 3104 5352 dedecore
3151 5266 3542 5352 despexerint,
3583 5266 3699 5352 ini-

2038 5338 2313 5416 nimeque
2379 5343 2777 5416 gustaverint;
2839 5342 3089 5416 credunt
3155 5338 3465 5416 indigenas,
3522 5338 3699 5416 talem

2039 5409 2273 5472 illarum
2327 5409 2667 5486 despectum
2715 5415 2928 5469 famem
2979 5412 3092 5486 sibi
3137 5429 3241 5485 pro
3287 5409 3512 5467 inuicta
3557 5409 3702 5486 alla-

2039 5495 2263 5543 turum.
2297 5482 2517 5556 Quippe
2550 5488 2770 5556 jejuna:
2814 5482 3166 5550 monedula]
3215 5499 3482 5557 quaeque,
3524 5486 3590 5540 ut
3619 5482 3702 5537 ita

2042 5561 2263 5631 loquar,
2315 5559 2662 5614 muneribus
2708 5557 2827 5612 illis
2874 5573 3001 5631 sese
3049 5557 3346 5628 corrumpi
3397 5572 3514 5611 non
3569 5569 3702 5628 per-

2041 5628 2352 5697 miserunt,
2410 5631 2477 5684 ad
2519 5646 2656 5685 arva
2707 5628 3104 5693 convolantes,
3154 5631 3560 5700 maioremque
3607 5641 3700 5682 sa-

2039 5709 2235 5760 torum
2269 5708 2492 5775 partem
2519 5701 2899 5775 acerbissime
2928 5697 3327 5774 iracundaque
3361 5697 3703 5757 eﬂ‘cdientes

2041 5772 2504 5848 indagantesque
2532 5772 2960 5846 depradantur.
