  <div class='ocr_page' id='page_1' title='image "/cluster/home/n/w/nwhite01/storage/ocr_20150623/142/coo.31924054870476/232.png"; bbox 0 0 4132 6420; ppageno 0'>
   <div class='ocr_carea' id='block_1_1' title="bbox 393 356 511 422">
    <p class='ocr_par' dir='ltr' id='par_1_1' title="bbox 393 356 511 422">
     <span class='ocr_line' id='line_1_1' title="bbox 393 356 511 422; baseline 0.017 -3"><span class='ocrx_word' id='word_1_1' title='bbox 393 356 511 422; x_wconf 73' lang='grc'><strong><em>449</em></strong></span> 
     </span>
    </p>
   </div>
   <div class='ocr_carea' id='block_1_2' title="bbox 471 485 850 562">
    <p class='ocr_par' dir='ltr' id='par_1_2' title="bbox 471 485 850 562">
     <span class='ocr_line' id='line_1_2' title="bbox 471 485 850 562; baseline -0.003 -14"><span class='ocrx_word' id='word_1_2' title='bbox 471 485 662 553; x_wconf 75' lang='grc' dir='ltr'>Ἄϊδος</span> <span class='ocrx_word' id='word_1_3' title='bbox 693 489 850 562; x_wconf 69' lang='grc' dir='ltr'>κυνῇ.</span> 
     </span>
    </p>
   </div>
   <div class='ocr_carea' id='block_1_3' title="bbox 470 572 1242 657">
    <p class='ocr_par' dir='ltr' id='par_1_3' title="bbox 470 572 1242 657">
     <span class='ocr_line' id='line_1_3' title="bbox 470 572 1242 657; baseline -0.008 -20"><span class='ocrx_word' id='word_1_4' title='bbox 470 586 664 657; x_wconf 74' lang='grc' dir='ltr'>νΑκρῳ</span> <span class='ocrx_word' id='word_1_5' title='bbox 695 577 931 652; x_wconf 78' lang='grc' dir='ltr'>ἅψασθαι</span> <span class='ocrx_word' id='word_1_6' title='bbox 962 572 1242 646; x_wconf 88' lang='grc' dir='ltr'>δακτύλῳ.</span> 
     </span>
    </p>
   </div>
   <div class='ocr_carea' id='block_1_4' title="bbox 473 655 2059 742">
    <p class='ocr_par' dir='ltr' id='par_1_4' title="bbox 473 655 2059 742">
     <span class='ocr_line' id='line_1_4' title="bbox 473 655 2059 742; baseline -0.008 -16"><span class='ocrx_word' id='word_1_7' title='bbox 473 655 679 742; x_wconf 76' lang='grc' dir='ltr'>Α’ίματι</span> <span class='ocrx_word' id='word_1_8' title='bbox 724 664 958 722; x_wconf 89' lang='grc' dir='ltr'>κλαίειν.</span> <span class='ocrx_word' id='word_1_9' title='bbox 1008 664 1135 720; x_wconf 83' lang='grc' dir='ltr'><strong><em>Καθ’</em></strong></span> <span class='ocrx_word' id='word_1_10' title='bbox 1189 655 1500 739; x_wconf 79' lang='grc' dir='ltr'>ὑπερϐολὴν</span> <span class='ocrx_word' id='word_1_11' title='bbox 1551 659 1638 716; x_wconf 81' lang='grc' dir='ltr'>ἐπὶ</span> <span class='ocrx_word' id='word_1_12' title='bbox 1681 663 1789 715; x_wconf 81' lang='grc' dir='ltr'><strong><em>τῶν</em></strong></span> <span class='ocrx_word' id='word_1_13' title='bbox 1846 657 2059 738; x_wconf 88' lang='grc' dir='ltr'>σφόδρα</span> 
     </span>
    </p>
   </div>
   <div class='ocr_carea' id='block_1_5' title="bbox 408 757 776 837">
    <p class='ocr_par' dir='ltr' id='par_1_5' title="bbox 408 757 776 837">
     <span class='ocr_line' id='line_1_5' title="bbox 408 757 776 837; baseline -0.019 -20"><span class='ocrx_word' id='word_1_14' title='bbox 408 757 752 837; x_wconf 79' lang='grc' dir='ltr'><strong><em>δακρυόντων</em></strong></span> <span class='ocrx_word' id='word_1_15' title='bbox 763 797 776 810; x_wconf 94' lang='grc'><strong><em>.</em></strong></span> 
     </span>
    </p>
   </div>
   <div class='ocr_carea' id='block_1_6' title="bbox 473 838 1918 924">
    <p class='ocr_par' dir='ltr' id='par_1_6' title="bbox 473 838 1918 924">
     <span class='ocr_line' id='line_1_6' title="bbox 473 838 1918 924; baseline -0.006 -18"><span class='ocrx_word' id='word_1_16' title='bbox 473 849 547 906; x_wconf 74' lang='grc' dir='ltr'><strong><em>Αἱ</em></strong></span> <span class='ocrx_word' id='word_1_17' title='bbox 574 848 809 924; x_wconf 85' lang='grc' dir='ltr'>Χάριτες</span> <span class='ocrx_word' id='word_1_18' title='bbox 833 844 1056 923; x_wconf 86' lang='grc' dir='ltr'>γυμναί.</span> <span class='ocrx_word' id='word_1_19' title='bbox 1089 847 1209 899; x_wconf 87' lang='grc' dir='ltr'>Ὅτι</span> <span class='ocrx_word' id='word_1_20' title='bbox 1242 838 1325 897; x_wconf 86' lang='grc' dir='ltr'>δεῖ</span> <span class='ocrx_word' id='word_1_21' title='bbox 1354 838 1559 917; x_wconf 76' lang='grc' dir='ltr'>δωρεὰν</span> <span class='ocrx_word' id='word_1_22' title='bbox 1598 838 1918 915; x_wconf 77' lang='grc' dir='ltr'>εὐεργετεῖν.</span> 
     </span>
    </p>
   </div>
   <div class='ocr_carea' id='block_1_7' title="bbox 481 926 2064 1008">
    <p class='ocr_par' dir='ltr' id='par_1_7' title="bbox 481 926 2064 1008">
     <span class='ocr_line' id='line_1_7' title="bbox 481 926 2064 1008; baseline -0.009 -13"><span class='ocrx_word' id='word_1_23' title='bbox 481 935 716 1005; x_wconf 83' lang='grc' dir='ltr'>Ἀκόνην</span> <span class='ocrx_word' id='word_1_24' title='bbox 778 933 1022 1004; x_wconf 79' lang='grc' dir='ltr'>σιτίζεις.</span> <span class='ocrx_word' id='word_1_25' title='bbox 1074 932 1197 988; x_wconf 85' lang='grc' dir='ltr'><strong><em>Ἐπὶ</em></strong></span> <span class='ocrx_word' id='word_1_26' title='bbox 1252 934 1360 986; x_wconf 78' lang='grc' dir='ltr'>τῶν</span> <span class='ocrx_word' id='word_1_27' title='bbox 1409 929 1774 1008; x_wconf 71' lang='grc' dir='ltr'><strong><em>τρεφομένων,</em></strong></span> <span class='ocrx_word' id='word_1_28' title='bbox 1824 928 1914 983; x_wconf 87' lang='grc' dir='ltr'>καὶ</span> <span class='ocrx_word' id='word_1_29' title='bbox 1964 926 2064 982; x_wconf 75' lang='grc' dir='ltr'><strong><em>οὐκ</em></strong></span> 
     </span>
    </p>
   </div>
   <div class='ocr_carea' id='block_1_8' title="bbox 410 1023 783 1085">
    <p class='ocr_par' dir='ltr' id='par_1_8' title="bbox 410 1023 783 1085">
     <span class='ocr_line' id='line_1_8' title="bbox 410 1023 783 1085; baseline -0.011 0"><span class='ocrx_word' id='word_1_30' title='bbox 410 1023 783 1085; x_wconf 73' lang='grc' dir='ltr'>ἐπιδιδόντων.</span> 
     </span>
    </p>
   </div>
   <div class='ocr_carea' id='block_1_9' title="bbox 483 1101 2118 1187">
    <p class='ocr_par' dir='ltr' id='par_1_9' title="bbox 483 1101 2118 1187">
     <span class='ocr_line' id='line_1_9' title="bbox 483 1101 2118 1187; baseline -0.007 -16"><span class='ocrx_word' id='word_1_31' title='bbox 483 1112 684 1171; x_wconf 76' lang='grc' dir='ltr'>’Δλλοι</span> <span class='ocrx_word' id='word_1_32' title='bbox 715 1113 916 1187; x_wconf 85' lang='grc' dir='ltr'>κάμον,</span> <span class='ocrx_word' id='word_1_33' title='bbox 944 1109 1109 1168; x_wconf 75' lang='grc' dir='ltr'>ἄλλοι</span> <span class='ocrx_word' id='word_1_34' title='bbox 1142 1106 1369 1167; x_wconf 83' lang='grc' dir='ltr'>ὤναντο.</span> <span class='ocrx_word' id='word_1_35' title='bbox 1403 1106 1525 1164; x_wconf 85' lang='grc' dir='ltr'>Ἐπὶ</span> <span class='ocrx_word' id='word_1_36' title='bbox 1556 1111 1661 1161; x_wconf 80' lang='grc' dir='ltr'>τῶν</span> <span class='ocrx_word' id='word_1_37' title='bbox 1712 1107 1838 1182; x_wconf 90' lang='grc' dir='ltr'>παρ’</span> <span class='ocrx_word' id='word_1_38' title='bbox 1870 1101 2067 1161; x_wconf 78' lang='grc' dir='ltr'>ἐλπίδα</span> <span class='ocrx_word' id='word_1_39' title='bbox 2109 1120 2118 1128; x_wconf 84' lang='lat'><strong>‘</strong></span> 
     </span>
    </p>
   </div>
   <div class='ocr_carea' id='block_1_10' title="bbox 409 1198 1328 1279">
    <p class='ocr_par' dir='ltr' id='par_1_10' title="bbox 409 1198 1328 1279">
     <span class='ocr_line' id='line_1_10' title="bbox 409 1198 1328 1279; baseline -0.01 -17"><span class='ocrx_word' id='word_1_40' title='bbox 409 1207 479 1263; x_wconf 79' lang='grc' dir='ltr'>τὰ</span> <span class='ocrx_word' id='word_1_41' title='bbox 506 1201 771 1279; x_wconf 84' lang='grc' dir='ltr'>ἀλλότρια</span> <span class='ocrx_word' id='word_1_42' title='bbox 800 1198 1328 1278; x_wconf 77' lang='grc' dir='ltr'><strong><em>κληρονομούντων.</em></strong></span> 
     </span>
    </p>
   </div>
   <div class='ocr_carea' id='block_1_11' title="bbox 483 1282 2066 1369">
    <p class='ocr_par' dir='ltr' id='par_1_11' title="bbox 483 1282 2066 1369">
     <span class='ocr_line' id='line_1_11' title="bbox 483 1282 2066 1369; baseline -0.008 -20"><span class='ocrx_word' id='word_1_43' title='bbox 483 1289 660 1350; x_wconf 71' lang='grc' dir='ltr'>’Άλλο</span> <span class='ocrx_word' id='word_1_44' title='bbox 692 1289 884 1369; x_wconf 76' lang='grc' dir='ltr'>γλαὺξ,</span> <span class='ocrx_word' id='word_1_45' title='bbox 914 1286 1058 1346; x_wconf 79' lang='grc' dir='ltr'>ἄλλο</span> <span class='ocrx_word' id='word_1_46' title='bbox 1088 1287 1307 1364; x_wconf 85' lang='grc' dir='ltr'>κορώνη</span> <span class='ocrx_word' id='word_1_47' title='bbox 1344 1285 1654 1363; x_wconf 74' lang='grc' dir='ltr'><strong><em>φθέγγεται.</em></strong></span> <span class='ocrx_word' id='word_1_48' title='bbox 1687 1283 1809 1339; x_wconf 88' lang='grc' dir='ltr'>Ἐπὶ</span> <span class='ocrx_word' id='word_1_49' title='bbox 1843 1286 1952 1338; x_wconf 77' lang='grc' dir='ltr'>τῶν</span> <span class='ocrx_word' id='word_1_50' title='bbox 1989 1282 2066 1356; x_wconf 79' lang='grc' dir='ltr'>μὴ</span> 
     </span>
    </p>
   </div>
   <div class='ocr_carea' id='block_1_12' title="bbox 413 1375 1182 1460">
    <p class='ocr_par' dir='ltr' id='par_1_12' title="bbox 413 1375 1182 1460">
     <span class='ocr_line' id='line_1_12' title="bbox 413 1375 1182 1460; baseline -0.005 -22"><span class='ocrx_word' id='word_1_51' title='bbox 413 1378 850 1460; x_wconf 74' lang='grc' dir='ltr'>συμφωνούντων</span> <span class='ocrx_word' id='word_1_52' title='bbox 885 1375 1182 1449; x_wconf 78' lang='grc' dir='ltr'>ἀλλήλοις.</span> 
     </span>
    </p>
   </div>
   <div class='ocr_carea' id='block_1_13' title="bbox 483 1460 2065 1542">
    <p class='ocr_par' dir='ltr' id='par_1_13' title="bbox 483 1460 2065 1542">
     <span class='ocr_line' id='line_1_13' title="bbox 483 1460 2065 1542; baseline -0.007 -16"><span class='ocrx_word' id='word_1_53' title='bbox 483 1468 874 1538; x_wconf 79' lang='grc' dir='ltr'>’Δλωπεκίζειν</span> <span class='ocrx_word' id='word_1_54' title='bbox 957 1468 1093 1542; x_wconf 84' lang='grc' dir='ltr'>πρὸς</span> <span class='ocrx_word' id='word_1_55' title='bbox 1165 1465 1348 1541; x_wconf 80' lang='grc' dir='ltr'>ὲτὲραν</span> <span class='ocrx_word' id='word_1_56' title='bbox 1423 1460 1703 1519; x_wconf 86' lang='grc' dir='ltr'>ἀλώπεκα.</span> <span class='ocrx_word' id='word_1_57' title='bbox 1773 1461 1894 1527; x_wconf 77' lang='grc' dir='ltr'><strong><em>Ἐπὶ</em></strong></span> <span class='ocrx_word' id='word_1_58' title='bbox 1959 1465 2065 1516; x_wconf 78' lang='grc' dir='ltr'>τῶν</span> 
     </span>
    </p>
   </div>
   <div class='ocr_carea' id='block_1_14' title="bbox 414 1553 1502 1635">
    <p class='ocr_par' dir='ltr' id='par_1_14' title="bbox 414 1553 1502 1635">
     <span class='ocr_line' id='line_1_14' title="bbox 414 1553 1502 1635; baseline -0.009 -18"><span class='ocrx_word' id='word_1_59' title='bbox 414 1560 674 1632; x_wconf 81' lang='grc' dir='ltr'>ἐξαπατᾷν</span> <span class='ocrx_word' id='word_1_60' title='bbox 714 1554 1069 1635; x_wconf 63' lang='grc' dir='ltr'>βουλομένων</span> <span class='ocrx_word' id='word_1_61' title='bbox 1094 1553 1224 1618; x_wconf 75' lang='grc' dir='ltr'>τοὺς</span> <span class='ocrx_word' id='word_1_62' title='bbox 1254 1553 1502 1628; x_wconf 84' lang='grc' dir='ltr'>ὁμοίους.</span> 
     </span>
    </p>
   </div>
   <div class='ocr_carea' id='block_1_15' title="bbox 487 1640 2066 1723">
    <p class='ocr_par' dir='ltr' id='par_1_15' title="bbox 487 1640 2066 1723">
     <span class='ocr_line' id='line_1_15' title="bbox 487 1640 2066 1723; baseline -0.006 -18"><span class='ocrx_word' id='word_1_63' title='bbox 487 1646 748 1705; x_wconf 84' lang='grc' dir='ltr'>’Δλλοισι</span> <span class='ocrx_word' id='word_1_64' title='bbox 785 1646 880 1720; x_wconf 72' lang='grc' dir='ltr'><strong><em>μὲν</em></strong></span> <span class='ocrx_word' id='word_1_65' title='bbox 907 1645 1151 1723; x_wconf 81' lang='grc' dir='ltr'>γλῶσσα,</span> <span class='ocrx_word' id='word_1_66' title='bbox 1184 1640 1405 1699; x_wconf 76' lang='grc' dir='ltr'>ἄλλοισι</span> <span class='ocrx_word' id='word_1_67' title='bbox 1436 1641 1497 1697; x_wconf 73' lang='grc' dir='ltr'>δὲ</span> <span class='ocrx_word' id='word_1_68' title='bbox 1523 1641 1773 1719; x_wconf 83' lang='grc' dir='ltr'>γόμφιοι.</span> <span class='ocrx_word' id='word_1_69' title='bbox 1807 1640 1930 1696; x_wconf 76' lang='grc' dir='ltr'><strong><em>Ἐπὶ</em></strong></span> <span class='ocrx_word' id='word_1_70' title='bbox 1957 1643 2066 1696; x_wconf 76' lang='grc' dir='ltr'>τῶν</span> 
     </span>
    </p>
   </div>
   <div class='ocr_carea' id='block_1_16' title="bbox 414 1736 961 1815">
    <p class='ocr_par' dir='ltr' id='par_1_16' title="bbox 414 1736 961 1815">
     <span class='ocr_line' id='line_1_16' title="bbox 414 1736 961 1815; baseline -0.007 -20"><span class='ocrx_word' id='word_1_71' title='bbox 414 1736 604 1796; x_wconf 82' lang='grc' dir='ltr'>λάλων</span> <span class='ocrx_word' id='word_1_72' title='bbox 632 1737 724 1792; x_wconf 83' lang='grc' dir='ltr'><strong><em>καὶ</em></strong></span> <span class='ocrx_word' id='word_1_73' title='bbox 754 1736 936 1815; x_wconf 86' lang='grc' dir='ltr'>φάγων</span> <span class='ocrx_word' id='word_1_74' title='bbox 947 1777 961 1791; x_wconf 92' lang='grc'><strong><em>.</em></strong></span> 
     </span>
    </p>
   </div>
   <div class='ocr_carea' id='block_1_17' title="bbox 1543 340 2682 413">
    <p class='ocr_par' dir='ltr' id='par_1_17' title="bbox 1543 340 2682 413">
     <span class='ocr_line' id='line_1_17' title="bbox 1543 340 2682 413; baseline -0.003 -1"><span class='ocrx_word' id='word_1_75' title='bbox 1543 344 2175 413; x_wconf 81' lang='lat' dir='ltr'><strong><em>PROVERBIORUM</em></strong></span> <span class='ocrx_word' id='word_1_76' title='bbox 2221 340 2682 412; x_wconf 85' lang='lat' dir='ltr'><strong><em>COLLECTIO.</em></strong></span> 
     </span>
    </p>
   </div>
   <div class='ocr_carea' id='block_1_18' title="bbox 2083 481 2684 555">
    <p class='ocr_par' dir='ltr' id='par_1_18' title="bbox 2083 481 2684 555">
     <span class='ocr_line' id='line_1_18' title="bbox 2083 481 2684 555; baseline -0.003 -15"><span class='ocrx_word' id='word_1_77' title='bbox 2083 484 2139 551; x_wconf 84' lang='grc' dir='ltr'><strong>Α</strong></span> <span class='ocrx_word' id='word_1_78' title='bbox 2243 482 2369 540; x_wconf 87' lang='lat' dir='ltr'><strong><em>Orci</em></strong></span> <span class='ocrx_word' id='word_1_79' title='bbox 2393 482 2553 554; x_wconf 80' lang='lat' dir='ltr'><strong><em>galea</em></strong></span> <span class='ocrx_word' id='word_1_80' title='bbox 2583 481 2684 555; x_wconf 91' lang='grc'><strong><em>(1).</em></strong></span> 
     </span>
    </p>
   </div>
   <div class='ocr_carea' id='block_1_19' title="bbox 3697 346 3822 412">
    <p class='ocr_par' dir='ltr' id='par_1_19' title="bbox 3697 346 3822 412">
     <span class='ocr_line' id='line_1_19' title="bbox 3697 346 3822 412; baseline 0.016 -2"><span class='ocrx_word' id='word_1_81' title='bbox 3697 346 3822 412; x_wconf 71' lang='grc'><strong><em>450</em></strong></span> 
     </span>
    </p>
   </div>
   <div class='ocr_carea' id='block_1_20' title="bbox 2236 571 2988 643">
    <p class='ocr_par' dir='ltr' id='par_1_20' title="bbox 2236 571 2988 643">
     <span class='ocr_line' id='line_1_20' title="bbox 2236 571 2988 643; baseline -0.001 -16"><span class='ocrx_word' id='word_1_82' title='bbox 2236 572 2463 628; x_wconf 90' lang='lat' dir='ltr'><strong><em>Summo</em></strong></span> <span class='ocrx_word' id='word_1_83' title='bbox 2491 571 2663 642; x_wconf 80' lang='lat' dir='ltr'><strong><em>digito</em></strong></span> <span class='ocrx_word' id='word_1_84' title='bbox 2688 572 2988 643; x_wconf 78' lang='lat' dir='ltr'><strong><em>attingere.</em></strong></span> 
     </span>
    </p>
   </div>
   <div class='ocr_carea' id='block_1_21' title="bbox 2243 659 3819 733">
    <p class='ocr_par' dir='ltr' id='par_1_21' title="bbox 2243 659 3819 733">
     <span class='ocr_line' id='line_1_21' title="bbox 2243 659 3819 733; baseline 0.002 -16"><span class='ocrx_word' id='word_1_85' title='bbox 2243 661 2525 733; x_wconf 83' lang='lat' dir='ltr'><strong><em>Sanguine</em></strong></span> <span class='ocrx_word' id='word_1_86' title='bbox 2548 662 2700 731; x_wconf 84' lang='lat' dir='ltr'><strong><em>ﬂere.</em></strong></span> <span class='ocrx_word' id='word_1_87' title='bbox 2751 659 3129 732; x_wconf 81' lang='lat' dir='ltr'><strong><em>Hyperbolice</em></strong></span> <span class='ocrx_word' id='word_1_88' title='bbox 3176 660 3247 716; x_wconf 90' lang='lat' dir='ltr'><strong><em>de</em></strong></span> <span class='ocrx_word' id='word_1_89' title='bbox 3286 659 3360 717; x_wconf 88' lang='lat' dir='ltr'><strong><em>iis</em></strong></span> <span class='ocrx_word' id='word_1_90' title='bbox 3409 660 3511 733; x_wconf 97' lang='lat' dir='ltr'><strong><em>qui</em></strong></span> <span class='ocrx_word' id='word_1_91' title='bbox 3560 660 3819 720; x_wconf 89' lang='lat' dir='ltr'><strong><em>multum</em></strong></span> 
     </span>
    </p>
   </div>
   <div class='ocr_carea' id='block_1_22' title="bbox 2172 751 2591 824">
    <p class='ocr_par' dir='ltr' id='par_1_22' title="bbox 2172 751 2591 824">
     <span class='ocr_line' id='line_1_22' title="bbox 2172 751 2591 824; baseline -0.005 -18"><span class='ocrx_word' id='word_1_92' title='bbox 2172 751 2591 824; x_wconf 84' lang='lat' dir='ltr'><strong><em>lacrymantur.</em></strong></span> 
     </span>
    </p>
   </div>
   <div class='ocr_carea' id='block_1_23' title="bbox 2245 838 3746 912">
    <p class='ocr_par' dir='ltr' id='par_1_23' title="bbox 2245 838 3746 912">
     <span class='ocr_line' id='line_1_23' title="bbox 2245 838 3746 912; baseline 0.001 -17"><span class='ocrx_word' id='word_1_93' title='bbox 2245 840 2420 897; x_wconf 59' lang='lat' dir='ltr'><strong><em>Nudaso</em></strong></span> <span class='ocrx_word' id='word_1_94' title='bbox 2447 841 2663 911; x_wconf 64' lang='lat' dir='ltr'><strong><em>gratia’.</em></strong></span> <span class='ocrx_word' id='word_1_95' title='bbox 2697 839 2860 903; x_wconf 87' lang='lat' dir='ltr'><strong><em>Quod</em></strong></span> <span class='ocrx_word' id='word_1_96' title='bbox 2892 841 3156 911; x_wconf 79' lang='lat' dir='ltr'><strong><em>oporteat</em></strong></span> <span class='ocrx_word' id='word_1_97' title='bbox 3174 838 3358 912; x_wconf 82' lang='lat' dir='ltr'><strong><em>gratis</em></strong></span> <span class='ocrx_word' id='word_1_98' title='bbox 3389 838 3746 898; x_wconf 81' lang='lat' dir='ltr'><strong><em>benefacere.</em></strong></span> 
     </span>
    </p>
   </div>
   <div class='ocr_carea' id='block_1_24' title="bbox 2245 927 3822 1000">
    <p class='ocr_par' dir='ltr' id='par_1_24' title="bbox 2245 927 3822 1000">
     <span class='ocr_line' id='line_1_24' title="bbox 2245 927 3822 1000; baseline 0.002 -15"><span class='ocrx_word' id='word_1_99' title='bbox 2245 929 2587 986; x_wconf 85' lang='lat' dir='ltr'><strong><em>Novaculam</em></strong></span> <span class='ocrx_word' id='word_1_100' title='bbox 2634 929 2883 997; x_wconf 86' lang='lat' dir='ltr'><strong><em>saginas.</em></strong></span> <span class='ocrx_word' id='word_1_101' title='bbox 2926 934 3003 983; x_wconf 90' lang='lat' dir='ltr'><strong><em>De</em></strong></span> <span class='ocrx_word' id='word_1_102' title='bbox 3039 927 3114 983; x_wconf 88' lang='lat' dir='ltr'><strong><em>iis</em></strong></span> <span class='ocrx_word' id='word_1_103' title='bbox 3156 927 3255 1000; x_wconf 88' lang='lat' dir='ltr'><strong><em>qui</em></strong></span> <span class='ocrx_word' id='word_1_104' title='bbox 3310 927 3497 985; x_wconf 89' lang='lat' dir='ltr'><strong><em>multo</em></strong></span> <span class='ocrx_word' id='word_1_105' title='bbox 3542 928 3822 988; x_wconf 89' lang='lat' dir='ltr'><strong><em>alimento</em></strong></span> 
     </span>
    </p>
   </div>
   <div class='ocr_carea' id='block_1_25' title="bbox 2176 1017 3106 1089">
    <p class='ocr_par' dir='ltr' id='par_1_25' title="bbox 2176 1017 3106 1089">
     <span class='ocr_line' id='line_1_25' title="bbox 2176 1017 3106 1089; baseline -0.003 -14"><span class='ocrx_word' id='word_1_106' title='bbox 2176 1022 2445 1084; x_wconf 88' lang='lat' dir='ltr'><strong><em>utuntur,</em></strong></span> <span class='ocrx_word' id='word_1_107' title='bbox 2476 1033 2583 1072; x_wconf 89' lang='lat' dir='ltr'><strong><em>nec</em></strong></span> <span class='ocrx_word' id='word_1_108' title='bbox 2611 1017 2747 1073; x_wconf 90' lang='lat' dir='ltr'><strong><em>inde</em></strong></span> <span class='ocrx_word' id='word_1_109' title='bbox 2777 1017 3106 1089; x_wconf 87' lang='lat' dir='ltr'><strong><em>proﬁciunt.</em></strong></span> 
     </span>
    </p>
   </div>
   <div class='ocr_carea' id='block_1_26' title="bbox 2249 1106 3825 1178">
    <p class='ocr_par' dir='ltr' id='par_1_26' title="bbox 2249 1106 3825 1178">
     <span class='ocr_line' id='line_1_26' title="bbox 2249 1106 3825 1178; baseline 0.001 -15"><span class='ocrx_word' id='word_1_110' title='bbox 2249 1107 2371 1163; x_wconf 86' lang='lat' dir='ltr'><strong><em>Alii</em></strong></span> <span class='ocrx_word' id='word_1_111' title='bbox 2418 1107 2765 1177; x_wconf 82' lang='lat' dir='ltr'><strong><em>laborabant,</em></strong></span> <span class='ocrx_word' id='word_1_112' title='bbox 2818 1107 2923 1161; x_wconf 84' lang='lat' dir='ltr'><strong><em>alii</em></strong></span> <span class='ocrx_word' id='word_1_113' title='bbox 2973 1110 3160 1162; x_wconf 89' lang='lat' dir='ltr'><strong><em>autem</em></strong></span> <span class='ocrx_word' id='word_1_114' title='bbox 3195 1106 3543 1178; x_wconf 79' lang='lat' dir='ltr'><strong><em>fruebantur.</em></strong></span> <span class='ocrx_word' id='word_1_115' title='bbox 3578 1108 3641 1164; x_wconf 92' lang='lat' dir='ltr'><strong><em>In</em></strong></span> <span class='ocrx_word' id='word_1_116' title='bbox 3691 1106 3825 1166; x_wconf 89' lang='lat' dir='ltr'><strong><em>illos</em></strong></span> 
     </span>
    </p>
   </div>
   <div class='ocr_carea' id='block_1_27' title="bbox 2178 1194 3654 1270">
    <p class='ocr_par' dir='ltr' id='par_1_27' title="bbox 2178 1194 3654 1270">
     <span class='ocr_line' id='line_1_27' title="bbox 2178 1194 3654 1270; baseline 0 -18"><span class='ocrx_word' id='word_1_117' title='bbox 2178 1197 2279 1270; x_wconf 87' lang='lat' dir='ltr'><strong><em>qui</em></strong></span> <span class='ocrx_word' id='word_1_118' title='bbox 2302 1201 2508 1267; x_wconf 69' lang='lat' dir='ltr'><strong><em>praeter</em></strong></span> <span class='ocrx_word' id='word_1_119' title='bbox 2529 1211 2693 1268; x_wconf 85' lang='lat' dir='ltr'><strong><em>spem</em></strong></span> <span class='ocrx_word' id='word_1_120' title='bbox 2726 1194 2975 1250; x_wconf 88' lang='lat' dir='ltr'><strong><em>aliorum</em></strong></span> <span class='ocrx_word' id='word_1_121' title='bbox 3006 1195 3162 1251; x_wconf 88' lang='lat' dir='ltr'><strong><em>bona</em></strong></span> <span class='ocrx_word' id='word_1_122' title='bbox 3191 1200 3654 1268; x_wconf 89' lang='lat' dir='ltr'><strong><em>consequuntur.</em></strong></span> 
     </span>
    </p>
   </div>
   <div class='ocr_carea' id='block_1_28' title="bbox 2247 1283 3827 1358">
    <p class='ocr_par' dir='ltr' id='par_1_28' title="bbox 2247 1283 3827 1358">
     <span class='ocr_line' id='line_1_28' title="bbox 2247 1283 3827 1358; baseline 0.001 -16"><span class='ocrx_word' id='word_1_123' title='bbox 2247 1285 2414 1342; x_wconf 81' lang='lat' dir='ltr'><strong><em>Aliud</em></strong></span> <span class='ocrx_word' id='word_1_124' title='bbox 2441 1293 2659 1352; x_wconf 77' lang='lat' dir='ltr'><strong><em>noctua,</em></strong></span> <span class='ocrx_word' id='word_1_125' title='bbox 2695 1283 2854 1341; x_wconf 81' lang='lat' dir='ltr'><em>aliud</em></span> <span class='ocrx_word' id='word_1_126' title='bbox 2889 1285 3087 1340; x_wconf 74' lang='lat' dir='ltr'><strong><em>cornix</em></strong></span> <span class='ocrx_word' id='word_1_127' title='bbox 3111 1293 3283 1341; x_wconf 84' lang='lat' dir='ltr'><strong><em>sonat.</em></strong></span> <span class='ocrx_word' id='word_1_128' title='bbox 3315 1289 3394 1341; x_wconf 90' lang='lat' dir='ltr'><strong><em>De</em></strong></span> <span class='ocrx_word' id='word_1_129' title='bbox 3439 1284 3513 1343; x_wconf 89' lang='lat' dir='ltr'><strong><em>iis</em></strong></span> <span class='ocrx_word' id='word_1_130' title='bbox 3542 1285 3642 1358; x_wconf 88' lang='lat' dir='ltr'><strong><em>qui</em></strong></span> <span class='ocrx_word' id='word_1_131' title='bbox 3675 1285 3827 1344; x_wconf 89' lang='lat' dir='ltr'><strong><em>inter</em></strong></span> 
     </span>
    </p>
   </div>
   <div class='ocr_carea' id='block_1_29' title="bbox 2178 1374 2630 1432">
    <p class='ocr_par' dir='ltr' id='par_1_29' title="bbox 2178 1374 2630 1432">
     <span class='ocr_line' id='line_1_29' title="bbox 2178 1374 2630 1432; baseline -0.009 0"><span class='ocrx_word' id='word_1_132' title='bbox 2178 1392 2240 1432; x_wconf 90' lang='lat' dir='ltr'><strong><em>se</em></strong></span> <span class='ocrx_word' id='word_1_133' title='bbox 2271 1374 2630 1431; x_wconf 82' lang='lat' dir='ltr'><strong><em>discordant.</em></strong></span> 
     </span>
    </p>
   </div>
   <div class='ocr_carea' id='block_1_30' title="bbox 2249 1461 3824 1535">
    <p class='ocr_par' dir='ltr' id='par_1_30' title="bbox 2249 1461 3824 1535">
     <span class='ocr_line' id='line_1_30' title="bbox 2249 1461 3824 1535; baseline 0.001 -16"><span class='ocrx_word' id='word_1_134' title='bbox 2249 1463 2384 1519; x_wconf 82' lang='lat' dir='ltr'><strong><em>Cum</em></strong></span> <span class='ocrx_word' id='word_1_135' title='bbox 2413 1465 2573 1535; x_wconf 87' lang='lat' dir='ltr'><strong><em>vulpe</em></strong></span> <span class='ocrx_word' id='word_1_136' title='bbox 2601 1462 2907 1535; x_wconf 83' lang='lat' dir='ltr'><strong><em>vulpinari.</em></strong></span> <span class='ocrx_word' id='word_1_137' title='bbox 2940 1463 3005 1517; x_wconf 90' lang='lat' dir='ltr'><strong><em>In</em></strong></span> <span class='ocrx_word' id='word_1_138' title='bbox 3049 1478 3148 1518; x_wconf 91' lang='lat' dir='ltr'><strong><em>eos</em></strong></span> <span class='ocrx_word' id='word_1_139' title='bbox 3174 1462 3275 1534; x_wconf 89' lang='lat' dir='ltr'><strong><em>qui</em></strong></span> <span class='ocrx_word' id='word_1_140' title='bbox 3305 1463 3399 1519; x_wconf 89' lang='lat' dir='ltr'><strong><em>sui</em></strong></span> <span class='ocrx_word' id='word_1_141' title='bbox 3442 1461 3669 1521; x_wconf 81' lang='lat' dir='ltr'><strong><em>similes</em></strong></span> <span class='ocrx_word' id='word_1_142' title='bbox 3718 1462 3824 1522; x_wconf 77' lang='lat' dir='ltr'><strong><em>fal-</em></strong></span> 
     </span>
    </p>
   </div>
   <div class='ocr_carea' id='block_1_31' title="bbox 2181 1549 3145 1624">
    <p class='ocr_par' dir='ltr' id='par_1_31' title="bbox 2181 1549 3145 1624">
     <span class='ocr_line' id='line_1_31' title="bbox 2181 1549 3145 1624; baseline -0.002 -17"><span class='ocrx_word' id='word_1_143' title='bbox 2181 1552 2300 1610; x_wconf 85' lang='lat' dir='ltr'><strong><em>lere</em></strong></span> <span class='ocrx_word' id='word_1_144' title='bbox 2329 1555 2505 1624; x_wconf 82' lang='lat' dir='ltr'><strong><em>atque</em></strong></span> <span class='ocrx_word' id='word_1_145' title='bbox 2535 1550 2799 1624; x_wconf 88' lang='lat' dir='ltr'><strong><em>decipere</em></strong></span> <span class='ocrx_word' id='word_1_146' title='bbox 2824 1549 3145 1607; x_wconf 89' lang='lat' dir='ltr'><strong><em>elaborant.</em></strong></span> 
     </span>
    </p>
   </div>
   <div class='ocr_carea' id='block_1_32' title="bbox 2250 1638 3922 1715">
    <p class='ocr_par' dir='ltr' id='par_1_32' title="bbox 2250 1638 3922 1715">
     <span class='ocr_line' id='line_1_32' title="bbox 2250 1638 3922 1715; baseline 0.002 -18"><span class='ocrx_word' id='word_1_147' title='bbox 2250 1643 2390 1699; x_wconf 81' lang='lat' dir='ltr'><strong><em>Aliis</em></strong></span> <span class='ocrx_word' id='word_1_148' title='bbox 2420 1642 2634 1713; x_wconf 86' lang='lat' dir='ltr'><strong><em>lingua,</em></strong></span> <span class='ocrx_word' id='word_1_149' title='bbox 2684 1639 2822 1697; x_wconf 69' lang='lat' dir='ltr'><strong><em>aliis</em></strong></span> <span class='ocrx_word' id='word_1_150' title='bbox 2861 1655 2987 1697; x_wconf 86' lang='lat' dir='ltr'><strong><em>vero</em></strong></span> <span class='ocrx_word' id='word_1_151' title='bbox 3034 1641 3285 1696; x_wconf 80' lang='lat' dir='ltr'><strong><em>molares.</em></strong></span> <span class='ocrx_word' id='word_1_152' title='bbox 3340 1642 3404 1697; x_wconf 89' lang='lat' dir='ltr'><strong><em>In</em></strong></span> <span class='ocrx_word' id='word_1_153' title='bbox 3454 1641 3724 1715; x_wconf 83' lang='lat' dir='ltr'><strong><em>garrulos</em></strong></span> <span class='ocrx_word' id='word_1_154' title='bbox 3771 1647 3830 1700; x_wconf 91' lang='lat' dir='ltr'><strong><em>et</em></strong></span> <span class='ocrx_word' id='word_1_155' title='bbox 3916 1638 3922 1644; x_wconf 80' lang='grc'><strong>’</strong></span> 
     </span>
    </p>
   </div>
   <div class='ocr_carea' id='block_1_33' title="bbox 2177 1746 2436 1787">
    <p class='ocr_par' dir='ltr' id='par_1_33' title="bbox 2177 1746 2436 1787">
     <span class='ocr_line' id='line_1_33' title="bbox 2177 1746 2436 1787; baseline -0.008 -1"><span class='ocrx_word' id='word_1_156' title='bbox 2177 1746 2414 1787; x_wconf 88' lang='lat' dir='ltr'><strong><em>voraces</em></strong></span> <span class='ocrx_word' id='word_1_157' title='bbox 2425 1771 2436 1784; x_wconf 86' lang='lat'><strong><em>.</em></strong></span> 
     </span>
    </p>
   </div>
   <div class='ocr_carea' id='block_1_34' title="bbox 491 1818 2077 1920">
    <p class='ocr_par' dir='ltr' id='par_1_34' title="bbox 491 1819 2071 1902">
     <span class='ocr_line' id='line_1_34' title="bbox 491 1819 2071 1902; baseline -0.006 -19"><span class='ocrx_word' id='word_1_158' title='bbox 491 1823 712 1902; x_wconf 85' lang='grc' dir='ltr'>Ἀνδρὸς</span> <span class='ocrx_word' id='word_1_159' title='bbox 743 1823 1002 1901; x_wconf 67' lang='grc' dir='ltr'>γέροντος</span> <span class='ocrx_word' id='word_1_160' title='bbox 1051 1821 1239 1900; x_wconf 76' lang='grc' dir='ltr'>σταφὶς</span> <span class='ocrx_word' id='word_1_161' title='bbox 1284 1821 1346 1876; x_wconf 86' lang='grc' dir='ltr'>τὸ</span> <span class='ocrx_word' id='word_1_162' title='bbox 1393 1820 1635 1897; x_wconf 85' lang='grc' dir='ltr'>κρανίον.</span> <span class='ocrx_word' id='word_1_163' title='bbox 1669 1820 1790 1875; x_wconf 85' lang='grc' dir='ltr'>Ἐπὶ</span> <span class='ocrx_word' id='word_1_164' title='bbox 1836 1824 1943 1874; x_wconf 82' lang='grc' dir='ltr'><strong><em>τῶν</em></strong></span> <span class='ocrx_word' id='word_1_165' title='bbox 1995 1819 2071 1880; x_wconf 77' lang='grc' dir='ltr'>εἰς</span> 
     </span>
    </p>
   </div>
   <div class='ocr_carea' id='block_1_35' title="bbox 2236 1818 3828 1920">
    <p class='ocr_par' dir='ltr' id='par_1_35' title="bbox 2256 1818 3828 1892">
     <span class='ocr_line' id='line_1_35' title="bbox 2256 1818 3828 1892; baseline 0.001 -16"><span class='ocrx_word' id='word_1_166' title='bbox 2256 1821 2368 1876; x_wconf 76' lang='lat' dir='ltr'><strong><em>Viri</em></strong></span> <span class='ocrx_word' id='word_1_167' title='bbox 2397 1820 2546 1874; x_wconf 85' lang='lat' dir='ltr'><strong><em>senis</em></strong></span> <span class='ocrx_word' id='word_1_168' title='bbox 2573 1818 2862 1888; x_wconf 82' lang='lat' dir='ltr'><strong><em>infirmum</em></strong></span> <span class='ocrx_word' id='word_1_169' title='bbox 2890 1823 2969 1875; x_wconf 87' lang='lat' dir='ltr'><strong><em>est</em></strong></span> <span class='ocrx_word' id='word_1_170' title='bbox 2995 1820 3268 1876; x_wconf 87' lang='lat' dir='ltr'><strong><em>cranium.</em></strong></span> <span class='ocrx_word' id='word_1_171' title='bbox 3290 1819 3352 1875; x_wconf 87' lang='lat' dir='ltr'><strong><em>In</em></strong></span> <span class='ocrx_word' id='word_1_172' title='bbox 3382 1819 3519 1875; x_wconf 83' lang='lat' dir='ltr'><strong><em>illos</em></strong></span> <span class='ocrx_word' id='word_1_173' title='bbox 3547 1819 3646 1892; x_wconf 88' lang='lat' dir='ltr'><strong><em>qui</em></strong></span> <span class='ocrx_word' id='word_1_174' title='bbox 3680 1820 3828 1877; x_wconf 84' lang='lat' dir='ltr'><strong><em>nulli</em></strong></span> 
     </span>
    </p>
   </div>
   <div class='ocr_carea' id='block_1_36' title="bbox 419 1911 1080 1991">
    <p class='ocr_par' dir='ltr' id='par_1_36' title="bbox 419 1911 1080 1991">
     <span class='ocr_line' id='line_1_36' title="bbox 419 1911 1080 1991; baseline -0.009 -18"><span class='ocrx_word' id='word_1_175' title='bbox 419 1913 573 1973; x_wconf 75' lang='grc' dir='ltr'>οὗδὲν</span> <span class='ocrx_word' id='word_1_176' title='bbox 605 1911 1080 1991; x_wconf 88' lang='grc' dir='ltr'>χρησιμευόντων.</span> 
     </span>
    </p>
   </div>
   <div class='ocr_carea' id='block_1_37' title="bbox 492 1992 2071 2075">
    <p class='ocr_par' dir='ltr' id='par_1_37' title="bbox 492 1992 2071 2075">
     <span class='ocr_line' id='line_1_37' title="bbox 492 1992 2071 2075; baseline -0.006 -15"><span class='ocrx_word' id='word_1_177' title='bbox 492 2001 676 2062; x_wconf 82' lang='grc' dir='ltr'>Ἀλλα</span> <span class='ocrx_word' id='word_1_178' title='bbox 724 2002 818 2075; x_wconf 71' lang='grc' dir='ltr'>μὲν</span> <span class='ocrx_word' id='word_1_179' title='bbox 867 2001 1105 2068; x_wconf 77' lang='grc' dir='ltr'>Λεύκων,</span> <span class='ocrx_word' id='word_1_180' title='bbox 1140 1996 1286 2054; x_wconf 76' lang='grc' dir='ltr'>ἀλλὰ</span> <span class='ocrx_word' id='word_1_181' title='bbox 1335 1995 1390 2052; x_wconf 81' lang='grc' dir='ltr'><strong><em>δὲ</em></strong></span> <span class='ocrx_word' id='word_1_182' title='bbox 1438 1996 1720 2060; x_wconf 82' lang='grc' dir='ltr'>Λεύκωνος</span> <span class='ocrx_word' id='word_1_183' title='bbox 1758 1992 1903 2060; x_wconf 78' lang='grc' dir='ltr'>ὄνος.</span> <span class='ocrx_word' id='word_1_184' title='bbox 1951 1997 2071 2051; x_wconf 87' lang='grc' dir='ltr'><strong><em>Ἐπὶ</em></strong></span> 
     </span>
    </p>
   </div>
   <div class='ocr_carea' id='block_1_38' title="bbox 415 2082 1766 2169">
    <p class='ocr_par' dir='ltr' id='par_1_38' title="bbox 415 2082 1766 2169">
     <span class='ocr_line' id='line_1_38' title="bbox 415 2082 1766 2169; baseline -0.005 -19"><span class='ocrx_word' id='word_1_185' title='bbox 415 2098 524 2150; x_wconf 83' lang='grc' dir='ltr'><strong><em>τῶν</em></strong></span> <span class='ocrx_word' id='word_1_186' title='bbox 552 2090 796 2169; x_wconf 74' lang='grc' dir='ltr'><strong><em>¹ἐχόντων</em></strong></span> <span class='ocrx_word' id='word_1_187' title='bbox 824 2094 940 2153; x_wconf 86' lang='grc' dir='ltr'>τοῖς</span> <span class='ocrx_word' id='word_1_188' title='bbox 972 2086 1161 2165; x_wconf 86' lang='grc' dir='ltr'>λόγοις</span> <span class='ocrx_word' id='word_1_189' title='bbox 1188 2084 1491 2165; x_wconf 80' lang='grc' dir='ltr'>ἀσύμφωνα</span> <span class='ocrx_word' id='word_1_190' title='bbox 1517 2086 1585 2140; x_wconf 80' lang='grc' dir='ltr'>τὰ</span> <span class='ocrx_word' id='word_1_191' title='bbox 1616 2082 1766 2162; x_wconf 75' lang='grc' dir='ltr'>ἔργα.</span> 
     </span>
    </p>
   </div>
   <div class='ocr_carea' id='block_1_39' title="bbox 490 2172 2072 2254">
    <p class='ocr_par' dir='ltr' id='par_1_39' title="bbox 490 2172 2072 2254">
     <span class='ocr_line' id='line_1_39' title="bbox 490 2172 2072 2254; baseline -0.005 -16"><span class='ocrx_word' id='word_1_192' title='bbox 490 2179 706 2252; x_wconf 75' lang='grc' dir='ltr'>’Ἄλλην</span> <span class='ocrx_word' id='word_1_193' title='bbox 789 2180 885 2254; x_wconf 79' lang='grc' dir='ltr'><strong><em>μὶν</em></strong></span> <span class='ocrx_word' id='word_1_194' title='bbox 968 2175 1351 2250; x_wconf 49' lang='grc' dir='ltr'>ξαντλοῦμεν,</span> <span class='ocrx_word' id='word_1_195' title='bbox 1406 2178 1443 2245; x_wconf 77' lang='grc' dir='ltr'>ἡ</span> <span class='ocrx_word' id='word_1_196' title='bbox 1500 2172 1545 2230; x_wconf 84' lang='grc' dir='ltr'>δ’</span> <span class='ocrx_word' id='word_1_197' title='bbox 1609 2174 1890 2251; x_wconf 77' lang='grc' dir='ltr'>ἐπεισρὲει.</span> <span class='ocrx_word' id='word_1_198' title='bbox 1951 2175 2072 2231; x_wconf 83' lang='grc' dir='ltr'><strong><em>Ἐπὶ</em></strong></span> 
     </span>
    </p>
   </div>
   <div class='ocr_carea' id='block_1_40' title="bbox 417 2254 1875 2345">
    <p class='ocr_par' dir='ltr' id='par_1_40' title="bbox 417 2266 1107 2345">
     <span class='ocr_line' id='line_1_40' title="bbox 417 2266 1107 2345; baseline -0.01 -17"><span class='ocrx_word' id='word_1_199' title='bbox 417 2275 527 2328; x_wconf 80' lang='grc' dir='ltr'>τῶν</span> <span class='ocrx_word' id='word_1_200' title='bbox 565 2270 741 2345; x_wconf 86' lang='grc' dir='ltr'>μάτην</span> <span class='ocrx_word' id='word_1_201' title='bbox 775 2266 1084 2324; x_wconf 84' lang='grc' dir='ltr'>πονούντων</span> <span class='ocrx_word' id='word_1_202' title='bbox 1095 2308 1107 2321; x_wconf 92' lang='grc'><strong><em>.</em></strong></span> 
     </span>
    </p>
   </div>
   <div class='ocr_carea' id='block_1_41' title="bbox 491 2352 1750 2434">
    <p class='ocr_par' dir='ltr' id='par_1_41' title="bbox 491 2352 1750 2434">
     <span class='ocr_line' id='line_1_41' title="bbox 491 2352 1750 2434; baseline -0.004 -18"><span class='ocrx_word' id='word_1_203' title='bbox 491 2362 672 2434; x_wconf 77' lang='grc' dir='ltr'>’Ἅμας</span> <span class='ocrx_word' id='word_1_204' title='bbox 704 2357 967 2429; x_wconf 83' lang='grc' dir='ltr'>ἀπήτουν,</span> <span class='ocrx_word' id='word_1_205' title='bbox 999 2356 1050 2411; x_wconf 73' lang='grc' dir='ltr'>οἱ</span> <span class='ocrx_word' id='word_1_206' title='bbox 1081 2352 1125 2410; x_wconf 88' lang='grc' dir='ltr'>δ’</span> <span class='ocrx_word' id='word_1_207' title='bbox 1155 2354 1493 2432; x_wconf 76' lang='grc' dir='ltr'>ἀπηρνοῦντο</span> <span class='ocrx_word' id='word_1_208' title='bbox 1525 2355 1750 2432; x_wconf 85' lang='grc' dir='ltr'>σκάφας.</span> 
     </span>
    </p>
   </div>
   <div class='ocr_carea' id='block_1_42' title="bbox 491 2442 2074 2523">
    <p class='ocr_par' dir='ltr' id='par_1_42' title="bbox 491 2442 2074 2523">
     <span class='ocr_line' id='line_1_42' title="bbox 491 2442 2074 2523; baseline -0.005 -18"><span class='ocrx_word' id='word_1_209' title='bbox 491 2449 628 2523; x_wconf 54' lang='lat' dir='ltr'><strong><em>&quot;Apf</em></strong></span> <span class='ocrx_word' id='word_1_210' title='bbox 698 2444 936 2519; x_wconf 75' lang='grc' dir='ltr'>ἠλέηται</span> <span class='ocrx_word' id='word_1_211' title='bbox 1004 2444 1094 2501; x_wconf 83' lang='grc' dir='ltr'>καὶ</span> <span class='ocrx_word' id='word_1_212' title='bbox 1163 2444 1414 2515; x_wconf 76' lang='grc' dir='ltr'>τέθνηκεν</span> <span class='ocrx_word' id='word_1_213' title='bbox 1466 2444 1730 2521; x_wconf 56' lang='grc' dir='ltr'><strong><em>⁵ἣχοὶριτς.</em></strong></span> <span class='ocrx_word' id='word_1_214' title='bbox 1785 2442 1907 2497; x_wconf 82' lang='grc' dir='ltr'>Ἐπὶ</span> <span class='ocrx_word' id='word_1_215' title='bbox 1967 2447 2074 2498; x_wconf 80' lang='grc' dir='ltr'><strong><em>τῶν</em></strong></span> 
     </span>
    </p>
   </div>
   <div class='ocr_carea' id='block_1_43' title="bbox 419 2537 754 2615">
    <p class='ocr_par' dir='ltr' id='par_1_43' title="bbox 419 2537 754 2615">
     <span class='ocr_line' id='line_1_43' title="bbox 419 2537 754 2615; baseline 0.003 -21"><span class='ocrx_word' id='word_1_216' title='bbox 419 2537 732 2615; x_wconf 80' lang='grc' dir='ltr'>ἀχαρίστων</span> <span class='ocrx_word' id='word_1_217' title='bbox 741 2581 754 2595; x_wconf 93' lang='grc'><strong><em>.</em></strong></span> 
     </span>
    </p>
   </div>
   <div class='ocr_carea' id='block_1_44' title="bbox 494 2619 2076 2702">
    <p class='ocr_par' dir='ltr' id='par_1_44' title="bbox 494 2619 2076 2702">
     <span class='ocr_line' id='line_1_44' title="bbox 494 2619 2076 2702; baseline -0.005 -19"><span class='ocrx_word' id='word_1_218' title='bbox 494 2629 591 2684; x_wconf 82' lang='grc' dir='ltr'>Ἂν</span> <span class='ocrx_word' id='word_1_219' title='bbox 629 2626 707 2701; x_wconf 81' lang='grc' dir='ltr'>μὴ</span> <span class='ocrx_word' id='word_1_220' title='bbox 736 2626 885 2702; x_wconf 81' lang='grc' dir='ltr'>παρῇ</span> <span class='ocrx_word' id='word_1_221' title='bbox 914 2623 1097 2700; x_wconf 83' lang='grc' dir='ltr'>κρέας,</span> <span class='ocrx_word' id='word_1_222' title='bbox 1122 2622 1338 2700; x_wconf 79' lang='grc' dir='ltr'>ταρίχῳ</span> <span class='ocrx_word' id='word_1_223' title='bbox 1369 2622 1671 2699; x_wconf 74' lang='grc' dir='ltr'>στερκτέον.</span> <span class='ocrx_word' id='word_1_224' title='bbox 1693 2624 1812 2676; x_wconf 86' lang='grc' dir='ltr'>Ὅτι</span> <span class='ocrx_word' id='word_1_225' title='bbox 1849 2619 1931 2677; x_wconf 79' lang='grc' dir='ltr'>δεῖ</span> <span class='ocrx_word' id='word_1_226' title='bbox 1960 2626 2076 2683; x_wconf 82' lang='grc' dir='ltr'>τοῖς</span> 
     </span>
    </p>
   </div>
   <div class='ocr_carea' id='block_1_45' title="bbox 421 2713 1016 2794">
    <p class='ocr_par' dir='ltr' id='par_1_45' title="bbox 421 2713 1016 2794">
     <span class='ocr_line' id='line_1_45' title="bbox 421 2713 1016 2794; baseline -0.005 -21"><span class='ocrx_word' id='word_1_227' title='bbox 421 2720 684 2794; x_wconf 77' lang='grc' dir='ltr'>παροῦσιν</span> <span class='ocrx_word' id='word_1_228' title='bbox 717 2713 1016 2791; x_wconf 81' lang='grc' dir='ltr'>ἀρκεῖσθαι.</span> 
     </span>
    </p>
   </div>
   <div class='ocr_carea' id='block_1_46' title="bbox 498 2799 1780 2879">
    <p class='ocr_par' dir='ltr' id='par_1_46' title="bbox 498 2799 1780 2879">
     <span class='ocr_line' id='line_1_46' title="bbox 498 2799 1780 2879; baseline -0.002 -17"><span class='ocrx_word' id='word_1_229' title='bbox 498 2808 715 2879; x_wconf 79' lang='grc' dir='ltr'>’Ἂμμες</span> <span class='ocrx_word' id='word_1_230' title='bbox 742 2809 863 2859; x_wconf 84' lang='grc' dir='ltr'>ποτ’</span> <span class='ocrx_word' id='word_1_231' title='bbox 890 2802 1051 2877; x_wconf 75' lang='grc' dir='ltr'>ἦμες.</span> <span class='ocrx_word' id='word_1_232' title='bbox 1088 2803 1201 2859; x_wconf 85' lang='grc' dir='ltr'><strong><em>Ἀεὶ</em></strong></span> <span class='ocrx_word' id='word_1_233' title='bbox 1237 2802 1305 2856; x_wconf 80' lang='grc' dir='ltr'>τὰ</span> <span class='ocrx_word' id='word_1_234' title='bbox 1332 2800 1521 2878; x_wconf 74' lang='grc' dir='ltr'>πέρυσι</span> <span class='ocrx_word' id='word_1_235' title='bbox 1558 2799 1780 2877; x_wconf 83' lang='grc' dir='ltr'>βελτίω.</span> 
     </span>
    </p>
   </div>
   <div class='ocr_carea' id='block_1_47' title="bbox 495 2975 2073 3061">
    <p class='ocr_par' dir='ltr' id='par_1_47' title="bbox 495 2975 2073 3061">
     <span class='ocr_line' id='line_1_47' title="bbox 495 2975 2073 3061; baseline -0.001 -22"><span class='ocrx_word' id='word_1_236' title='bbox 495 2982 663 3060; x_wconf 82' lang='grc' dir='ltr'><strong><em>’Δνήρ</em></strong></span> <span class='ocrx_word' id='word_1_237' title='bbox 695 2983 723 3037; x_wconf 89' lang='grc' dir='ltr'>ὁ</span> <span class='ocrx_word' id='word_1_238' title='bbox 754 2980 967 3061; x_wconf 89' lang='grc' dir='ltr'>φεύγων</span> <span class='ocrx_word' id='word_1_239' title='bbox 1006 2979 1069 3036; x_wconf 79' lang='grc' dir='ltr'><strong><em>ού</em></strong></span> <span class='ocrx_word' id='word_1_240' title='bbox 1120 2981 1267 3053; x_wconf 71' lang='grc' dir='ltr'>μένει</span> <span class='ocrx_word' id='word_1_241' title='bbox 1315 2977 1516 3035; x_wconf 87' lang='grc' dir='ltr'>κτύπον</span> <span class='ocrx_word' id='word_1_242' title='bbox 1568 2975 1759 3055; x_wconf 89' lang='grc' dir='ltr'>λύρας.</span> <span class='ocrx_word' id='word_1_243' title='bbox 1793 2978 1914 3035; x_wconf 81' lang='grc' dir='ltr'>Ἐπὶ</span> <span class='ocrx_word' id='word_1_244' title='bbox 1966 2985 2073 3037; x_wconf 81' lang='grc' dir='ltr'>τῶν</span> 
     </span>
    </p>
   </div>
   <div class='ocr_carea' id='block_1_48' title="bbox 424 3065 1576 3150">
    <p class='ocr_par' dir='ltr' id='par_1_48' title="bbox 424 3065 1576 3150">
     <span class='ocr_line' id='line_1_48' title="bbox 424 3065 1576 3150; baseline -0.002 -23"><span class='ocrx_word' id='word_1_245' title='bbox 424 3072 641 3149; x_wconf 72' lang='grc' dir='ltr'>ταχέως</span> <span class='ocrx_word' id='word_1_246' title='bbox 670 3069 1038 3150; x_wconf 84' lang='grc' dir='ltr'>ὀφειλούντων</span> <span class='ocrx_word' id='word_1_247' title='bbox 1063 3065 1262 3124; x_wconf 70' lang='grc' dir='ltr'>ἕκαστα</span> <span class='ocrx_word' id='word_1_248' title='bbox 1299 3067 1576 3145; x_wconf 81' lang='grc' dir='ltr'>πράττειν.</span> 
     </span>
    </p>
   </div>
   <div class='ocr_carea' id='block_1_49' title="bbox 491 3155 2073 3239">
    <p class='ocr_par' dir='ltr' id='par_1_49' title="bbox 491 3155 2073 3239">
     <span class='ocr_line' id='line_1_49' title="bbox 491 3155 2073 3239; baseline -0.003 -21"><span class='ocrx_word' id='word_1_249' title='bbox 491 3159 679 3239; x_wconf 84' lang='grc' dir='ltr'>Ἀνδρὶ</span> <span class='ocrx_word' id='word_1_250' title='bbox 760 3155 921 3233; x_wconf 88' lang='grc' dir='ltr'><strong><em>Λυδῷ</em></strong></span> <span class='ocrx_word' id='word_1_251' title='bbox 996 3158 1291 3235; x_wconf 83' lang='grc' dir='ltr'>πράγματα</span> <span class='ocrx_word' id='word_1_252' title='bbox 1387 3158 1486 3214; x_wconf 74' lang='grc' dir='ltr'><strong><em>οὐκ</em></strong></span> <span class='ocrx_word' id='word_1_253' title='bbox 1558 3158 1646 3229; x_wconf 81' lang='grc' dir='ltr'>ἧν,</span> <span class='ocrx_word' id='word_1_254' title='bbox 1712 3156 1839 3214; x_wconf 77' lang='grc' dir='ltr'>ἀλλ’</span> <span class='ocrx_word' id='word_1_255' title='bbox 1915 3158 2073 3222; x_wconf 77' lang='grc' dir='ltr'>αὐτὸς</span> 
     </span>
    </p>
   </div>
   <div class='ocr_carea' id='block_1_50' title="bbox 2180 1906 2854 1981">
    <p class='ocr_par' dir='ltr' id='par_1_50' title="bbox 2180 1906 2854 1981">
     <span class='ocr_line' id='line_1_50' title="bbox 2180 1906 2854 1981; baseline -0.003 -16"><span class='ocrx_word' id='word_1_256' title='bbox 2180 1908 2355 1981; x_wconf 88' lang='lat' dir='ltr'><strong><em>plane</em></strong></span> <span class='ocrx_word' id='word_1_257' title='bbox 2378 1909 2458 1964; x_wconf 89' lang='lat' dir='ltr'><strong><em>rei</em></strong></span> <span class='ocrx_word' id='word_1_258' title='bbox 2492 1906 2662 1964; x_wconf 80' lang='lat' dir='ltr'><strong><em>utiles</em></strong></span> <span class='ocrx_word' id='word_1_259' title='bbox 2693 1912 2854 1963; x_wconf 90' lang='lat' dir='ltr'><strong><em>sunt.</em></strong></span> 
     </span>
    </p>
   </div>
   <div class='ocr_carea' id='block_1_51' title="bbox 2253 1997 3831 2066">
    <p class='ocr_par' dir='ltr' id='par_1_51' title="bbox 2253 1997 3831 2066">
     <span class='ocr_line' id='line_1_51' title="bbox 2253 1997 3831 2066; baseline 0.003 -11"><span class='ocrx_word' id='word_1_260' title='bbox 2253 2002 2380 2055; x_wconf 76' lang='lat' dir='ltr'><strong><em>Fert</em></strong></span> <span class='ocrx_word' id='word_1_261' title='bbox 2411 1998 2567 2053; x_wconf 85' lang='lat' dir='ltr'><strong><em>aliud</em></strong></span> <span class='ocrx_word' id='word_1_262' title='bbox 2603 1999 2816 2066; x_wconf 87' lang='lat' dir='ltr'><strong><em>leucon,</em></strong></span> <span class='ocrx_word' id='word_1_263' title='bbox 2861 1997 3019 2053; x_wconf 84' lang='lat' dir='ltr'><strong><em>aliud</em></strong></span> <span class='ocrx_word' id='word_1_264' title='bbox 3063 1999 3328 2055; x_wconf 82' lang='lat' dir='ltr'><strong><em>Leucouis</em></strong></span> <span class='ocrx_word' id='word_1_265' title='bbox 3373 1998 3595 2055; x_wconf 88' lang='lat' dir='ltr'><strong><em>asellus.</em></strong></span> <span class='ocrx_word' id='word_1_266' title='bbox 3628 1998 3710 2057; x_wconf 92' lang='lat' dir='ltr'><strong><em>De</em></strong></span> <span class='ocrx_word' id='word_1_267' title='bbox 3756 1999 3831 2059; x_wconf 87' lang='lat' dir='ltr'><strong><em>iis</em></strong></span> 
     </span>
    </p>
   </div>
   <div class='ocr_carea' id='block_1_52' title="bbox 2183 2086 3356 2160">
    <p class='ocr_par' dir='ltr' id='par_1_52' title="bbox 2183 2086 3356 2160">
     <span class='ocr_line' id='line_1_52' title="bbox 2183 2086 3356 2160; baseline 0.001 -17"><span class='ocrx_word' id='word_1_268' title='bbox 2183 2104 2434 2160; x_wconf 90' lang='lat' dir='ltr'><strong><em>quorum</em></strong></span> <span class='ocrx_word' id='word_1_269' title='bbox 2468 2104 2659 2143; x_wconf 89' lang='lat' dir='ltr'><strong><em>sermo</em></strong></span> <span class='ocrx_word' id='word_1_270' title='bbox 2689 2104 2724 2143; x_wconf 86' lang='lat' dir='ltr'><strong><em>a</em></strong></span> <span class='ocrx_word' id='word_1_271' title='bbox 2762 2086 2929 2143; x_wconf 77' lang='lat' dir='ltr'><strong><em>factis</em></strong></span> <span class='ocrx_word' id='word_1_272' title='bbox 2960 2087 3232 2144; x_wconf 80' lang='lat' dir='ltr'><strong><em>dissentit</em></strong></span> <span class='ocrx_word' id='word_1_273' title='bbox 3258 2087 3356 2160; x_wconf 88' lang='lat'><strong><em>(2).</em></strong></span> 
     </span>
    </p>
   </div>
   <div class='ocr_carea' id='block_1_53' title="bbox 2254 2175 3835 2250">
    <p class='ocr_par' dir='ltr' id='par_1_53' title="bbox 2254 2175 3835 2250">
     <span class='ocr_line' id='line_1_53' title="bbox 2254 2175 3835 2250; baseline 0.001 -19"><span class='ocrx_word' id='word_1_274' title='bbox 2254 2176 2437 2231; x_wconf 87' lang='lat' dir='ltr'><strong><em>Aliam</em></strong></span> <span class='ocrx_word' id='word_1_275' title='bbox 2466 2175 2848 2244; x_wconf 72' lang='lat' dir='ltr'><strong><em>exhausimus,</em></strong></span> <span class='ocrx_word' id='word_1_276' title='bbox 2880 2176 2997 2231; x_wconf 89' lang='lat' dir='ltr'><strong><em>alia</em></strong></span> <span class='ocrx_word' id='word_1_277' title='bbox 3024 2192 3249 2232; x_wconf 87' lang='lat' dir='ltr'><strong><em>rursum</em></strong></span> <span class='ocrx_word' id='word_1_278' title='bbox 3277 2177 3482 2249; x_wconf 84' lang='lat' dir='ltr'><strong><em>afﬂuit.</em></strong></span> <span class='ocrx_word' id='word_1_279' title='bbox 3516 2176 3597 2233; x_wconf 90' lang='lat' dir='ltr'><strong><em>De</em></strong></span> <span class='ocrx_word' id='word_1_280' title='bbox 3625 2176 3700 2235; x_wconf 88' lang='lat' dir='ltr'><strong><em>iis</em></strong></span> <span class='ocrx_word' id='word_1_281' title='bbox 3731 2177 3835 2250; x_wconf 87' lang='lat' dir='ltr'><strong><em>qui</em></strong></span> 
     </span>
    </p>
   </div>
   <div class='ocr_carea' id='block_1_54' title="bbox 2183 2263 2718 2320">
    <p class='ocr_par' dir='ltr' id='par_1_54' title="bbox 2183 2263 2718 2320">
     <span class='ocr_line' id='line_1_54' title="bbox 2183 2263 2718 2320; baseline -0.002 -1"><span class='ocrx_word' id='word_1_282' title='bbox 2183 2265 2401 2320; x_wconf 80' lang='lat' dir='ltr'><strong><em>frustra</em></strong></span> <span class='ocrx_word' id='word_1_283' title='bbox 2434 2263 2718 2320; x_wconf 79' lang='lat' dir='ltr'><strong><em>laborant.</em></strong></span> 
     </span>
    </p>
   </div>
   <div class='ocr_carea' id='block_1_55' title="bbox 2255 2352 3578 2428">
    <p class='ocr_par' dir='ltr' id='par_1_55' title="bbox 2255 2352 3578 2428">
     <span class='ocr_line' id='line_1_55' title="bbox 2255 2352 3578 2428; baseline 0.002 -18"><span class='ocrx_word' id='word_1_284' title='bbox 2255 2354 2444 2410; x_wconf 90' lang='lat' dir='ltr'><strong><em>Falces</em></strong></span> <span class='ocrx_word' id='word_1_285' title='bbox 2469 2354 2740 2425; x_wconf 87' lang='lat' dir='ltr'><strong><em>petebam,</em></strong></span> <span class='ocrx_word' id='word_1_286' title='bbox 2770 2356 2829 2408; x_wconf 92' lang='lat' dir='ltr'><strong><em>at</em></strong></span> <span class='ocrx_word' id='word_1_287' title='bbox 2857 2352 2919 2409; x_wconf 89' lang='lat' dir='ltr'><strong><em>hi</em></strong></span> <span class='ocrx_word' id='word_1_288' title='bbox 2948 2354 3160 2425; x_wconf 85' lang='lat' dir='ltr'><strong><em>ligones</em></strong></span> <span class='ocrx_word' id='word_1_289' title='bbox 3187 2353 3454 2427; x_wconf 87' lang='lat' dir='ltr'><strong><em>denegant</em></strong></span> <span class='ocrx_word' id='word_1_290' title='bbox 3477 2356 3578 2428; x_wconf 87' lang='lat'><strong><em>(3).</em></strong></span> 
     </span>
    </p>
   </div>
   <div class='ocr_carea' id='block_1_56' title="bbox 2255 2436 3828 2515">
    <p class='ocr_par' dir='ltr' id='par_1_56' title="bbox 2255 2436 3828 2515">
     <span class='ocr_line' id='line_1_56' title="bbox 2255 2436 3828 2515; baseline 0.003 -17"><span class='ocrx_word' id='word_1_291' title='bbox 2255 2442 2433 2499; x_wconf 88' lang='lat' dir='ltr'><strong><em>Simul</em></strong></span> <span class='ocrx_word' id='word_1_292' title='bbox 2462 2446 2624 2515; x_wconf 87' lang='lat' dir='ltr'><strong><em>atque</em></strong></span> <span class='ocrx_word' id='word_1_293' title='bbox 2650 2443 2893 2514; x_wconf 82' lang='lat' dir='ltr'><strong><em>miseret,</em></strong></span> <span class='ocrx_word' id='word_1_294' title='bbox 2923 2444 3108 2515; x_wconf 88' lang='lat' dir='ltr'><strong><em>gratia</em></strong></span> <span class='ocrx_word' id='word_1_295' title='bbox 3152 2445 3329 2500; x_wconf 87' lang='lat' dir='ltr'><strong><em>omnis</em></strong></span> <span class='ocrx_word' id='word_1_296' title='bbox 3355 2443 3577 2502; x_wconf 85' lang='lat' dir='ltr'><strong><em>occidit.</em></strong></span> <span class='ocrx_word' id='word_1_297' title='bbox 3626 2436 3708 2502; x_wconf 83' lang='lat' dir='ltr'><strong><em>De</em></strong></span> <span class='ocrx_word' id='word_1_298' title='bbox 3738 2444 3828 2502; x_wconf 91' lang='lat' dir='ltr'><strong><em>in-</em></strong></span> 
     </span>
    </p>
   </div>
   <div class='ocr_carea' id='block_1_57' title="bbox 2257 2549 2390 2586">
    <p class='ocr_par' dir='ltr' id='par_1_57' title="bbox 2257 2549 2390 2586">
     <span class='ocr_line' id='line_1_57' title="bbox 2257 2549 2390 2586; baseline 0 0"><span class='ocrx_word' id='word_1_299' title='bbox 2257 2549 2390 2586; x_wconf 74' lang='lat'><strong><em>8.118.</em></strong></span> 
     </span>
    </p>
   </div>
   <div class='ocr_carea' id='block_1_58' title="bbox 2186 2537 3833 2690">
    <p class='ocr_par' dir='ltr' id='par_1_58' title="bbox 2186 2537 3833 2690">
     <span class='ocr_line' id='line_1_58' title="bbox 2186 2537 3833 2690; baseline 0.003 -14"><span class='ocrx_word' id='word_1_300' title='bbox 2186 2537 2494 2677; x_wconf 53' lang='lat' dir='ltr'><strong><em>grgimcaro</em></strong></span> <span class='ocrx_word' id='word_1_301' title='bbox 2548 2635 2660 2678; x_wconf 87' lang='lat' dir='ltr'><strong><em>non</em></strong></span> <span class='ocrx_word' id='word_1_302' title='bbox 2717 2619 2879 2690; x_wconf 84' lang='lat' dir='ltr'><strong><em>adsit,</em></strong></span> <span class='ocrx_word' id='word_1_303' title='bbox 2951 2621 3355 2678; x_wconf 83' lang='lat' dir='ltr'><strong><em>salsamentum</em></strong></span> <span class='ocrx_word' id='word_1_304' title='bbox 3433 2621 3833 2683; x_wconf 83' lang='lat' dir='ltr'><strong><em>adhibendum.</em></strong></span> 
     </span>
    </p>
   </div>
   <div class='ocr_carea' id='block_1_59' title="bbox 2184 2710 3767 2782">
    <p class='ocr_par' dir='ltr' id='par_1_59' title="bbox 2184 2710 3767 2782">
     <span class='ocr_line' id='line_1_59' title="bbox 2184 2710 3767 2782; baseline 0.003 -16"><span class='ocrx_word' id='word_1_305' title='bbox 2184 2711 2347 2775; x_wconf 89' lang='lat' dir='ltr'><strong><em>Quod</em></strong></span> <span class='ocrx_word' id='word_1_306' title='bbox 2378 2714 2609 2782; x_wconf 83' lang='lat' dir='ltr'><strong><em>oportet</em></strong></span> <span class='ocrx_word' id='word_1_307' title='bbox 2635 2726 2742 2766; x_wconf 89' lang='lat' dir='ltr'><strong><em>nos</em></strong></span> <span class='ocrx_word' id='word_1_308' title='bbox 2772 2710 2847 2766; x_wconf 91' lang='lat' dir='ltr'><strong><em>iis</em></strong></span> <span class='ocrx_word' id='word_1_309' title='bbox 2876 2726 3004 2782; x_wconf 84' lang='lat' dir='ltr'><strong><em>quae</em></strong></span> <span class='ocrx_word' id='word_1_310' title='bbox 3034 2710 3252 2766; x_wconf 87' lang='lat' dir='ltr'><strong><em>adsunt</em></strong></span> <span class='ocrx_word' id='word_1_311' title='bbox 3281 2714 3585 2768; x_wconf 89' lang='lat' dir='ltr'><strong><em>contentos</em></strong></span> <span class='ocrx_word' id='word_1_312' title='bbox 3617 2724 3767 2770; x_wconf 86' lang='lat' dir='ltr'><strong><em>esse.</em></strong></span> 
     </span>
    </p>
   </div>
   <div class='ocr_carea' id='block_1_60' title="bbox 2254 2797 3836 2872">
    <p class='ocr_par' dir='ltr' id='par_1_60' title="bbox 2254 2797 3836 2872">
     <span class='ocr_line' id='line_1_60' title="bbox 2254 2797 3836 2872; baseline 0.003 -17"><span class='ocrx_word' id='word_1_313' title='bbox 2254 2800 2361 2856; x_wconf 87' lang='lat' dir='ltr'><strong><em>Nos</em></strong></span> <span class='ocrx_word' id='word_1_314' title='bbox 2390 2799 2524 2855; x_wconf 89' lang='lat' dir='ltr'><strong><em>olim</em></strong></span> <span class='ocrx_word' id='word_1_315' title='bbox 2550 2799 2781 2869; x_wconf 83' lang='lat' dir='ltr'><strong><em>fuimus.</em></strong></span> <span class='ocrx_word' id='word_1_316' title='bbox 2817 2797 3059 2871; x_wconf 88' lang='lat' dir='ltr'><strong><em>Semper</em></strong></span> <span class='ocrx_word' id='word_1_317' title='bbox 3085 2799 3354 2872; x_wconf 73' lang='lat' dir='ltr'><strong><em>superior</em></strong></span> <span class='ocrx_word' id='word_1_318' title='bbox 3384 2815 3577 2857; x_wconf 89' lang='lat' dir='ltr'><strong><em>annus</em></strong></span> <span class='ocrx_word' id='word_1_319' title='bbox 3626 2801 3836 2860; x_wconf 87' lang='lat' dir='ltr'><strong><em>melior</em></strong></span> 
     </span>
    </p>
   </div>
   <div class='ocr_carea' id='block_1_61' title="bbox 2185 2888 2580 2962">
    <p class='ocr_par' dir='ltr' id='par_1_61' title="bbox 2185 2888 2580 2962">
     <span class='ocr_line' id='line_1_61' title="bbox 2185 2888 2580 2962; baseline -0.01 -16"><span class='ocrx_word' id='word_1_320' title='bbox 2185 2888 2454 2962; x_wconf 86' lang='lat' dir='ltr'><strong><em>sequenti</em></strong></span> <span class='ocrx_word' id='word_1_321' title='bbox 2483 2888 2580 2958; x_wconf 81' lang='grc'>(4).</span> 
     </span>
    </p>
   </div>
   <div class='ocr_carea' id='block_1_62' title="bbox 2265 2976 3832 3049">
    <p class='ocr_par' dir='ltr' id='par_1_62' title="bbox 2265 2976 3832 3049">
     <span class='ocr_line' id='line_1_62' title="bbox 2265 2976 3832 3049; baseline 0 -14"><span class='ocrx_word' id='word_1_322' title='bbox 2265 2978 2365 3035; x_wconf 65' lang='grc' dir='ltr'><strong><em>Ἢν</em></strong></span> <span class='ocrx_word' id='word_1_323' title='bbox 2393 2978 2490 3049; x_wconf 88' lang='lat' dir='ltr'><strong><em>qui</em></strong></span> <span class='ocrx_word' id='word_1_324' title='bbox 2517 2979 2683 3049; x_wconf 87' lang='lat' dir='ltr'><strong><em>fugit,</em></strong></span> <span class='ocrx_word' id='word_1_325' title='bbox 2717 2977 2836 3049; x_wconf 83' lang='lat' dir='ltr'><strong><em>lyre</em></strong></span> <span class='ocrx_word' id='word_1_326' title='bbox 2862 2978 3104 3034; x_wconf 88' lang='lat' dir='ltr'><strong><em>sonitum</em></strong></span> <span class='ocrx_word' id='word_1_327' title='bbox 3132 2976 3281 3034; x_wconf 85' lang='lat' dir='ltr'><strong><em>haud</em></strong></span> <span class='ocrx_word' id='word_1_328' title='bbox 3302 2982 3578 3035; x_wconf 87' lang='lat' dir='ltr'><strong><em>moratur.</em></strong></span> <span class='ocrx_word' id='word_1_329' title='bbox 3601 2978 3665 3034; x_wconf 88' lang='lat' dir='ltr'><strong><em>In</em></strong></span> <span class='ocrx_word' id='word_1_330' title='bbox 3697 2977 3832 3035; x_wconf 88' lang='lat' dir='ltr'><strong><em>illos</em></strong></span> 
     </span>
    </p>
   </div>
   <div class='ocr_carea' id='block_1_63' title="bbox 2187 3064 3568 3140">
    <p class='ocr_par' dir='ltr' id='par_1_63' title="bbox 2187 3064 3568 3140">
     <span class='ocr_line' id='line_1_63' title="bbox 2187 3064 3568 3140; baseline 0 -17"><span class='ocrx_word' id='word_1_331' title='bbox 2187 3067 2404 3140; x_wconf 87' lang='lat' dir='ltr'><strong><em>quibus</em></strong></span> <span class='ocrx_word' id='word_1_332' title='bbox 2435 3065 2696 3121; x_wconf 81' lang='lat' dir='ltr'><strong><em>celeriter</em></strong></span> <span class='ocrx_word' id='word_1_333' title='bbox 2724 3066 2865 3138; x_wconf 90' lang='lat' dir='ltr'><strong><em>quid</em></strong></span> <span class='ocrx_word' id='word_1_334' title='bbox 2897 3064 3228 3123; x_wconf 84' lang='lat' dir='ltr'><strong><em>faciendum</em></strong></span> <span class='ocrx_word' id='word_1_335' title='bbox 3256 3065 3568 3124; x_wconf 86' lang='lat' dir='ltr'><strong><em>incumbit.</em></strong></span> 
     </span>
    </p>
   </div>
   <div class='ocr_carea' id='block_1_64' title="bbox 2262 3155 3837 3229">
    <p class='ocr_par' dir='ltr' id='par_1_64' title="bbox 2262 3155 3837 3229">
     <span class='ocr_line' id='line_1_64' title="bbox 2262 3155 3837 3229; baseline 0 -17"><span class='ocrx_word' id='word_1_336' title='bbox 2262 3156 2393 3212; x_wconf 81' lang='lat' dir='ltr'><strong><em>Viro</em></strong></span> <span class='ocrx_word' id='word_1_337' title='bbox 2423 3155 2567 3227; x_wconf 84' lang='lat' dir='ltr'><strong><em>Lydo</em></strong></span> <span class='ocrx_word' id='word_1_338' title='bbox 2596 3171 2706 3211; x_wconf 88' lang='lat' dir='ltr'><strong><em>non</em></strong></span> <span class='ocrx_word' id='word_1_339' title='bbox 2734 3159 2896 3211; x_wconf 85' lang='lat' dir='ltr'><strong><em>erant</em></strong></span> <span class='ocrx_word' id='word_1_340' title='bbox 2921 3156 3159 3227; x_wconf 86' lang='lat' dir='ltr'><strong><em>negotia,</em></strong></span> <span class='ocrx_word' id='word_1_341' title='bbox 3190 3155 3281 3213; x_wconf 81' lang='lat' dir='ltr'><strong><em>sed</em></strong></span> <span class='ocrx_word' id='word_1_342' title='bbox 3308 3157 3425 3229; x_wconf 85' lang='lat' dir='ltr'><strong><em>ipse</em></strong></span> <span class='ocrx_word' id='word_1_343' title='bbox 3469 3158 3697 3214; x_wconf 82' lang='lat' dir='ltr'><strong><em>veniens</em></strong></span> <span class='ocrx_word' id='word_1_344' title='bbox 3725 3156 3837 3213; x_wconf 81' lang='lat' dir='ltr'><strong><em>sibi</em></strong></span> 
     </span>
    </p>
   </div>
   <div class='ocr_carea' id='block_1_65' title="bbox 424 3222 2077 3327">
    <p class='ocr_par' dir='ltr' id='par_1_65' title="bbox 424 3222 2077 3327">
     <span class='ocr_line' id='line_1_65' title="bbox 424 3222 2077 3327; baseline -0.002 -19"><span class='ocrx_word' id='word_1_345' title='bbox 424 3250 599 3308; x_wconf 76' lang='grc' dir='ltr'>ἐλθὼν</span> <span class='ocrx_word' id='word_1_346' title='bbox 626 3222 636 3239; x_wconf 46' lang='grc' dir='ltr'><strong>Ι</strong></span> <span class='ocrx_word' id='word_1_347' title='bbox 665 3222 909 3327; x_wconf 44' lang='grc' dir='ltr'>ἐπρίατοί</span> <span class='ocrx_word' id='word_1_348' title='bbox 954 3222 1078 3303; x_wconf 71' lang='grc' dir='ltr'>Ἐπὶ</span> <span class='ocrx_word' id='word_1_349' title='bbox 1122 3222 1253 3304; x_wconf 49' lang='grc' dir='ltr'>’τῶν</span> <span class='ocrx_word' id='word_1_350' title='bbox 1305 3247 1444 3303; x_wconf 87' lang='grc' dir='ltr'>κακὰ</span> <span class='ocrx_word' id='word_1_351' title='bbox 1499 3222 1709 3311; x_wconf 72' lang='grc' dir='ltr'>ἑαύτοῖς</span> <span class='ocrx_word' id='word_1_352' title='bbox 1759 3245 2077 3323; x_wconf 77' lang='grc' dir='ltr'>ἐπισπωμέ-</span> 
     </span>
    </p>
   </div>
   <div class='ocr_carea' id='block_1_66' title="bbox 2236 3222 3838 3327">
    <p class='ocr_par' dir='ltr' id='par_1_66' title="bbox 2236 3222 3838 3318">
     <span class='ocr_line' id='line_1_66' title="bbox 2236 3222 3838 3318; baseline -0.001 -15"><span class='ocrx_word' id='word_1_353' title='bbox 2236 3248 2405 3303; x_wconf 76' lang='lat' dir='ltr'><strong><em>)emit.</em></strong></span> <span class='ocrx_word' id='word_1_354' title='bbox 2461 3222 2540 3301; x_wconf 83' lang='lat' dir='ltr'><strong><em>lJe</em></strong></span> <span class='ocrx_word' id='word_1_355' title='bbox 2606 3244 2700 3315; x_wconf 91' lang='lat' dir='ltr'><strong><em>iis,</em></strong></span> <span class='ocrx_word' id='word_1_356' title='bbox 2768 3245 2869 3318; x_wconf 90' lang='lat' dir='ltr'><strong><em>qui</em></strong></span> <span class='ocrx_word' id='word_1_357' title='bbox 2913 3222 3152 3302; x_wconf 74' lang='lat' dir='ltr'><strong><em>sibimet</em></strong></span> <span class='ocrx_word' id='word_1_358' title='bbox 3214 3222 3361 3318; x_wconf 77' lang='lat' dir='ltr'><strong><em>ipsis</em></strong></span> <span class='ocrx_word' id='word_1_359' title='bbox 3430 3244 3589 3304; x_wconf 85' lang='lat' dir='ltr'><strong><em>mala</em></strong></span> <span class='ocrx_word' id='word_1_360' title='bbox 3643 3258 3838 3303; x_wconf 86' lang='lat' dir='ltr'><strong><em>accer-</em></strong></span> 
     </span>
    </p>
   </div>
   <div class='ocr_carea' id='block_1_67' title="bbox 422 3360 554 3398">
    <p class='ocr_par' dir='ltr' id='par_1_67' title="bbox 422 3360 554 3398">
     <span class='ocr_line' id='line_1_67' title="bbox 422 3360 554 3398; baseline 0.015 -2"><span class='ocrx_word' id='word_1_361' title='bbox 422 3360 554 3398; x_wconf 88' lang='grc' dir='ltr'>νων.</span> 
     </span>
    </p>
   </div>
   <div class='ocr_carea' id='block_1_68' title="bbox 498 3427 1029 3501">
    <p class='ocr_par' dir='ltr' id='par_1_68' title="bbox 498 3427 1029 3501">
     <span class='ocr_line' id='line_1_68' title="bbox 498 3427 1029 3501; baseline -0.004 -14"><span class='ocrx_word' id='word_1_362' title='bbox 498 3427 814 3501; x_wconf 78' lang='grc' dir='ltr'>’Ἃπληστος</span> <span class='ocrx_word' id='word_1_363' title='bbox 845 3427 1029 3492; x_wconf 82' lang='grc' dir='ltr'>πίθος.</span> 
     </span>
    </p>
   </div>
   <div class='ocr_carea' id='block_1_69' title="bbox 499 3513 2079 3593">
    <p class='ocr_par' dir='ltr' id='par_1_69' title="bbox 499 3513 2079 3593">
     <span class='ocr_line' id='line_1_69' title="bbox 499 3513 2079 3593; baseline -0.002 -19"><span class='ocrx_word' id='word_1_364' title='bbox 499 3519 763 3593; x_wconf 68' lang='grc' dir='ltr'>Ἀνέμους</span> <span class='ocrx_word' id='word_1_365' title='bbox 849 3520 1137 3592; x_wconf 81' lang='grc' dir='ltr'>γεωργεῖν.</span> <span class='ocrx_word' id='word_1_366' title='bbox 1203 3513 1323 3571; x_wconf 84' lang='grc' dir='ltr'>Ἐπί</span> <span class='ocrx_word' id='word_1_367' title='bbox 1403 3519 1510 3570; x_wconf 82' lang='grc' dir='ltr'><strong><em>τῶν</em></strong></span> <span class='ocrx_word' id='word_1_368' title='bbox 1595 3515 1923 3585; x_wconf 86' lang='grc' dir='ltr'>πονούντων,</span> <span class='ocrx_word' id='word_1_369' title='bbox 1990 3516 2079 3572; x_wconf 89' lang='grc' dir='ltr'>καὶ</span> 
     </span>
    </p>
   </div>
   <div class='ocr_carea' id='block_1_70' title="bbox 427 3604 1254 3684">
    <p class='ocr_par' dir='ltr' id='par_1_70' title="bbox 427 3604 1254 3684">
     <span class='ocr_line' id='line_1_70' title="bbox 427 3604 1254 3684; baseline -0.001 -20"><span class='ocrx_word' id='word_1_370' title='bbox 427 3605 666 3684; x_wconf 83' lang='grc' dir='ltr'>μηδενὸς</span> <span class='ocrx_word' id='word_1_371' title='bbox 701 3604 1254 3683; x_wconf 84' lang='grc' dir='ltr'>μεταλαγχανόντων.</span> 
     </span>
    </p>
   </div>
   <div class='ocr_carea' id='block_1_71' title="bbox 499 3692 1364 3773">
    <p class='ocr_par' dir='ltr' id='par_1_71' title="bbox 499 3692 1364 3773">
     <span class='ocr_line' id='line_1_71' title="bbox 499 3692 1364 3773; baseline -0.001 -21"><span class='ocrx_word' id='word_1_372' title='bbox 499 3697 736 3773; x_wconf 78' lang='grc' dir='ltr'><strong><em>’Δνάγκῃ</em></strong></span> <span class='ocrx_word' id='word_1_373' title='bbox 765 3692 890 3752; x_wconf 72' lang='grc' dir='ltr'>οὐδὲ</span> <span class='ocrx_word' id='word_1_374' title='bbox 923 3693 1035 3751; x_wconf 75' lang='grc' dir='ltr'>θεοὶ</span> <span class='ocrx_word' id='word_1_375' title='bbox 1072 3693 1364 3770; x_wconf 82' lang='grc' dir='ltr'>μάχονται.</span> 
     </span>
    </p>
   </div>
   <div class='ocr_carea' id='block_1_72' title="bbox 497 3782 2081 3861">
    <p class='ocr_par' dir='ltr' id='par_1_72' title="bbox 497 3782 2081 3861">
     <span class='ocr_line' id='line_1_72' title="bbox 497 3782 2081 3861; baseline -0.003 -18"><span class='ocrx_word' id='word_1_376' title='bbox 497 3786 642 3845; x_wconf 81' lang='grc' dir='ltr'>Ἀντὶ</span> <span class='ocrx_word' id='word_1_377' title='bbox 699 3786 906 3859; x_wconf 77' lang='grc' dir='ltr'>πὲρκης</span> <span class='ocrx_word' id='word_1_378' title='bbox 956 3782 1235 3861; x_wconf 86' lang='grc' dir='ltr'>σκορπίον.</span> <span class='ocrx_word' id='word_1_379' title='bbox 1285 3782 1406 3838; x_wconf 87' lang='grc' dir='ltr'><strong><em>Ἐπὶ</em></strong></span> <span class='ocrx_word' id='word_1_380' title='bbox 1450 3786 1557 3837; x_wconf 82' lang='grc' dir='ltr'><strong><em>τῶν</em></strong></span> <span class='ocrx_word' id='word_1_381' title='bbox 1631 3782 1699 3837; x_wconf 79' lang='grc' dir='ltr'>τὰ</span> <span class='ocrx_word' id='word_1_382' title='bbox 1763 3782 1935 3860; x_wconf 85' lang='grc' dir='ltr'>χείρω</span> <span class='ocrx_word' id='word_1_383' title='bbox 1996 3785 2081 3839; x_wconf 72' lang='grc' dir='ltr'><strong><em>αἱ·</em></strong></span> 
     </span>
    </p>
   </div>
   <div class='ocr_carea' id='block_1_73' title="bbox 426 3874 728 3954">
    <p class='ocr_par' dir='ltr' id='par_1_73' title="bbox 426 3874 728 3954">
     <span class='ocr_line' id='line_1_73' title="bbox 426 3874 728 3954; baseline 0.003 -23"><span class='ocrx_word' id='word_1_384' title='bbox 426 3874 728 3954; x_wconf 76' lang='grc' dir='ltr'>ρουμένων.</span> 
     </span>
    </p>
   </div>
   <div class='ocr_carea' id='block_1_74' title="bbox 503 3957 2081 4039">
    <p class='ocr_par' dir='ltr' id='par_1_74' title="bbox 503 3957 2081 4039">
     <span class='ocr_line' id='line_1_74' title="bbox 503 3957 2081 4039; baseline -0.001 -19"><span class='ocrx_word' id='word_1_385' title='bbox 503 3963 720 4028; x_wconf 80' lang='grc' dir='ltr'>’Δλιεὺς</span> <span class='ocrx_word' id='word_1_386' title='bbox 778 3962 1012 4039; x_wconf 81' lang='grc' dir='ltr'>πληγεὶς</span> <span class='ocrx_word' id='word_1_387' title='bbox 1071 3966 1196 4017; x_wconf 77' lang='grc' dir='ltr'>νοῦν</span> <span class='ocrx_word' id='word_1_388' title='bbox 1255 3957 1413 4019; x_wconf 50' lang='grc' dir='ltr'>οἷίσει.</span> <span class='ocrx_word' id='word_1_389' title='bbox 1472 3962 1661 4016; x_wconf 83' lang='grc' dir='ltr'>Παθὼν</span> <span class='ocrx_word' id='word_1_390' title='bbox 1730 3958 1788 4016; x_wconf 77' lang='grc' dir='ltr'><strong>δέ</strong></span> <span class='ocrx_word' id='word_1_391' title='bbox 1862 3982 1921 4017; x_wconf 85' lang='grc' dir='ltr'><strong><em>τε</em></strong></span> <span class='ocrx_word' id='word_1_392' title='bbox 1992 3964 2081 4035; x_wconf 63' lang='grc' dir='ltr'><strong><em>νή.</em></strong></span> 
     </span>
    </p>
   </div>
   <div class='ocr_carea' id='block_1_75' title="bbox 404 4052 733 4131">
    <p class='ocr_par' dir='ltr' id='par_1_75' title="bbox 404 4052 733 4131">
     <span class='ocr_line' id='line_1_75' title="bbox 404 4052 733 4131; baseline -0.006 -19"><span class='ocrx_word' id='word_1_393' title='bbox 404 4075 552 4121; x_wconf 70' lang='grc' dir='ltr'>,πιος</span> <span class='ocrx_word' id='word_1_394' title='bbox 576 4052 733 4131; x_wconf 76' lang='grc' dir='ltr'>ἔγνω.</span> 
     </span>
    </p>
   </div>
   <div class='ocr_carea' id='block_1_76' title="bbox 500 4226 1700 4308">
    <p class='ocr_par' dir='ltr' id='par_1_76' title="bbox 500 4226 1700 4308">
     <span class='ocr_line' id='line_1_76' title="bbox 500 4226 1700 4308; baseline -0.006 -18"><span class='ocrx_word' id='word_1_395' title='bbox 500 4232 703 4289; x_wconf 81' lang='grc' dir='ltr'>Ἀλλοι</span> <span class='ocrx_word' id='word_1_396' title='bbox 732 4230 1064 4308; x_wconf 87' lang='grc' dir='ltr'>σπείρουσιν,</span> <span class='ocrx_word' id='word_1_397' title='bbox 1099 4226 1263 4286; x_wconf 71' lang='grc' dir='ltr'>ἄλλοι</span> <span class='ocrx_word' id='word_1_398' title='bbox 1297 4226 1345 4284; x_wconf 84' lang='grc' dir='ltr'><strong><em>δ’</em></strong></span> <span class='ocrx_word' id='word_1_399' title='bbox 1375 4228 1700 4303; x_wconf 75' lang='grc' dir='ltr'>ἀμήσονται.</span> 
     </span>
    </p>
   </div>
   <div class='ocr_carea' id='block_1_77' title="bbox 500 4315 2079 4396">
    <p class='ocr_par' dir='ltr' id='par_1_77' title="bbox 500 4315 2079 4396">
     <span class='ocr_line' id='line_1_77' title="bbox 500 4315 2079 4396; baseline -0.003 -18"><span class='ocrx_word' id='word_1_400' title='bbox 500 4322 738 4395; x_wconf 73' lang='grc' dir='ltr'>Ἄρκτου</span> <span class='ocrx_word' id='word_1_401' title='bbox 796 4317 1100 4394; x_wconf 88' lang='grc' dir='ltr'>παρούσης,</span> <span class='ocrx_word' id='word_1_402' title='bbox 1152 4315 1283 4395; x_wconf 67' lang='grc' dir='ltr'>ἴχνη</span> <span class='ocrx_word' id='word_1_403' title='bbox 1355 4322 1557 4388; x_wconf 86' lang='grc' dir='ltr'>ζητεῖς.</span> <span class='ocrx_word' id='word_1_404' title='bbox 1597 4318 1718 4372; x_wconf 86' lang='grc' dir='ltr'>Ἐπὶ</span> <span class='ocrx_word' id='word_1_405' title='bbox 1773 4321 1880 4373; x_wconf 80' lang='grc' dir='ltr'><strong><em>τῶν</em></strong></span> <span class='ocrx_word' id='word_1_406' title='bbox 1944 4337 2079 4396; x_wconf 85' lang='grc' dir='ltr'>προ-</span> 
     </span>
    </p>
   </div>
   <div class='ocr_carea' id='block_1_78' title="bbox 428 4408 1436 4482">
    <p class='ocr_par' dir='ltr' id='par_1_78' title="bbox 428 4408 1436 4482">
     <span class='ocr_line' id='line_1_78' title="bbox 428 4408 1436 4482; baseline -0.006 -14"><span class='ocrx_word' id='word_1_407' title='bbox 428 4408 617 4482; x_wconf 81' lang='grc' dir='ltr'>δήλων</span> <span class='ocrx_word' id='word_1_408' title='bbox 628 4452 639 4464; x_wconf 95' lang='grc'><strong><em>.</em></strong></span> <span class='ocrx_word' id='word_1_409' title='bbox 1433 4431 1436 4433; x_wconf 53' lang='grc' dir='ltr'><strong><em>λ</em></strong></span> 
     </span>
    </p>
   </div>
   <div class='ocr_carea' id='block_1_79' title="bbox 500 4493 2076 4574">
    <p class='ocr_par' dir='ltr' id='par_1_79' title="bbox 500 4493 2076 4574">
     <span class='ocr_line' id='line_1_79' title="bbox 500 4493 2076 4574; baseline -0.003 -19"><span class='ocrx_word' id='word_1_410' title='bbox 500 4498 685 4555; x_wconf 83' lang='grc' dir='ltr'>Ἀετὸν</span> <span class='ocrx_word' id='word_1_411' title='bbox 738 4495 1005 4574; x_wconf 83' lang='grc' dir='ltr'>λάνθαρος</span> <span class='ocrx_word' id='word_1_412' title='bbox 1055 4493 1350 4569; x_wconf 85' lang='grc' dir='ltr'>μαιεύεται.</span> <span class='ocrx_word' id='word_1_413' title='bbox 1402 4496 1526 4551; x_wconf 84' lang='grc' dir='ltr'><strong><em>Ἐπὶ</em></strong></span> <span class='ocrx_word' id='word_1_414' title='bbox 1589 4499 1698 4552; x_wconf 78' lang='grc' dir='ltr'>τῶν</span> <span class='ocrx_word' id='word_1_415' title='bbox 1768 4496 1872 4552; x_wconf 79' lang='grc' dir='ltr'><strong><em>ὑπὸ</em></strong></span> <span class='ocrx_word' id='word_1_416' title='bbox 1916 4500 2076 4551; x_wconf 83' lang='grc' dir='ltr'>τινῶν</span> 
     </span>
    </p>
   </div>
   <div class='ocr_carea' id='block_1_80' title="bbox 2191 3335 2459 3408">
    <p class='ocr_par' dir='ltr' id='par_1_80' title="bbox 2191 3335 2459 3408">
     <span class='ocr_line' id='line_1_80' title="bbox 2191 3335 2459 3408; baseline -0.007 -15"><span class='ocrx_word' id='word_1_417' title='bbox 2191 3335 2459 3408; x_wconf 55' lang='lat' dir='ltr'><strong><em>sunt(5i</em></strong></span> 
     </span>
    </p>
   </div>
   <div class='ocr_carea' id='block_1_81' title="bbox 2264 3421 2984 3496">
    <p class='ocr_par' dir='ltr' id='par_1_81' title="bbox 2264 3421 2984 3496">
     <span class='ocr_line' id='line_1_81' title="bbox 2264 3421 2984 3496; baseline -0.001 -17"><span class='ocrx_word' id='word_1_418' title='bbox 2264 3424 2490 3481; x_wconf 87' lang='lat' dir='ltr'><strong><em>Dolium</em></strong></span> <span class='ocrx_word' id='word_1_419' title='bbox 2519 3421 2857 3495; x_wconf 76' lang='lat' dir='ltr'><strong><em>inexplebile</em></strong></span> <span class='ocrx_word' id='word_1_420' title='bbox 2882 3423 2984 3496; x_wconf 91' lang='lat'><strong><em>(6).</em></strong></span> 
     </span>
    </p>
   </div>
   <div class='ocr_carea' id='block_1_82' title="bbox 2273 3510 3841 3585">
    <p class='ocr_par' dir='ltr' id='par_1_82' title="bbox 2273 3510 3841 3585">
     <span class='ocr_line' id='line_1_82' title="bbox 2273 3510 3841 3585; baseline -0.001 -15"><span class='ocrx_word' id='word_1_421' title='bbox 2273 3515 2457 3570; x_wconf 87' lang='lat' dir='ltr'><strong><em>Ventos</em></strong></span> <span class='ocrx_word' id='word_1_422' title='bbox 2502 3513 2699 3569; x_wconf 88' lang='lat' dir='ltr'><strong><em>colere.</em></strong></span> <span class='ocrx_word' id='word_1_423' title='bbox 2733 3511 2815 3568; x_wconf 90' lang='lat' dir='ltr'><strong><em>De</em></strong></span> <span class='ocrx_word' id='word_1_424' title='bbox 2863 3512 2937 3568; x_wconf 89' lang='lat' dir='ltr'><strong><em>iis</em></strong></span> <span class='ocrx_word' id='word_1_425' title='bbox 2980 3512 3082 3585; x_wconf 89' lang='lat' dir='ltr'><strong><em>qui</em></strong></span> <span class='ocrx_word' id='word_1_426' title='bbox 3110 3527 3142 3569; x_wconf 78' lang='grc' dir='ltr'><strong><em>ο</em></strong></span> <span class='ocrx_word' id='word_1_427' title='bbox 3170 3511 3295 3570; x_wconf 86' lang='lat' dir='ltr'><strong><em>suis</em></strong></span> <span class='ocrx_word' id='word_1_428' title='bbox 3341 3510 3643 3571; x_wconf 86' lang='lat' dir='ltr'><strong><em>laboribus</em></strong></span> <span class='ocrx_word' id='word_1_429' title='bbox 3691 3511 3841 3570; x_wconf 85' lang='lat' dir='ltr'><strong><em>nihil</em></strong></span> 
     </span>
    </p>
   </div>
   <div class='ocr_carea' id='block_1_83' title="bbox 2189 3602 2862 3675">
    <p class='ocr_par' dir='ltr' id='par_1_83' title="bbox 2189 3602 2862 3675">
     <span class='ocr_line' id='line_1_83' title="bbox 2189 3602 2862 3675; baseline -0.003 -15"><span class='ocrx_word' id='word_1_430' title='bbox 2189 3602 2569 3660; x_wconf 88' lang='lat' dir='ltr'><strong><em>emolumenti</em></strong></span> <span class='ocrx_word' id='word_1_431' title='bbox 2600 3602 2862 3675; x_wconf 85' lang='lat' dir='ltr'><strong><em>ca’piunt.</em></strong></span> 
     </span>
    </p>
   </div>
   <div class='ocr_carea' id='block_1_84' title="bbox 2261 3690 3175 3764">
    <p class='ocr_par' dir='ltr' id='par_1_84' title="bbox 2261 3690 3175 3764">
     <span class='ocr_line' id='line_1_84' title="bbox 2261 3690 3175 3764; baseline -0.001 -16"><span class='ocrx_word' id='word_1_432' title='bbox 2261 3693 2582 3749; x_wconf 80' lang='lat' dir='ltr'><strong><em>Necessitati</em></strong></span> <span class='ocrx_word' id='word_1_433' title='bbox 2608 3706 2708 3748; x_wconf 86' lang='lat' dir='ltr'><strong><em>nec</em></strong></span> <span class='ocrx_word' id='word_1_434' title='bbox 2734 3690 2818 3746; x_wconf 86' lang='lat' dir='ltr'><strong><em>dii</em></strong></span> <span class='ocrx_word' id='word_1_435' title='bbox 2846 3698 3175 3764; x_wconf 86' lang='lat' dir='ltr'><strong><em>repugnant.</em></strong></span> 
     </span>
    </p>
   </div>
   <div class='ocr_carea' id='block_1_85' title="bbox 2263 3779 3837 3855">
    <p class='ocr_par' dir='ltr' id='par_1_85' title="bbox 2263 3779 3837 3855">
     <span class='ocr_line' id='line_1_85' title="bbox 2263 3779 3837 3855; baseline -0.002 -16"><span class='ocrx_word' id='word_1_436' title='bbox 2263 3788 2368 3839; x_wconf 91' lang='lat' dir='ltr'><strong><em>Pro</em></strong></span> <span class='ocrx_word' id='word_1_437' title='bbox 2396 3797 2559 3854; x_wconf 86' lang='lat' dir='ltr'><strong><em>perca</em></strong></span> <span class='ocrx_word' id='word_1_438' title='bbox 2586 3782 2880 3853; x_wconf 86' lang='lat' dir='ltr'><strong><em>scorpium.</em></strong></span> <span class='ocrx_word' id='word_1_439' title='bbox 2912 3784 2988 3837; x_wconf 87' lang='lat' dir='ltr'><strong><em>De</em></strong></span> <span class='ocrx_word' id='word_1_440' title='bbox 3015 3780 3089 3836; x_wconf 87' lang='lat' dir='ltr'><strong><em>iis</em></strong></span> <span class='ocrx_word' id='word_1_441' title='bbox 3119 3779 3222 3853; x_wconf 91' lang='lat' dir='ltr'><strong><em>qui</em></strong></span> <span class='ocrx_word' id='word_1_442' title='bbox 3253 3780 3543 3839; x_wconf 83' lang='lat' dir='ltr'><strong><em>deteriora</em></strong></span> <span class='ocrx_word' id='word_1_443' title='bbox 3589 3780 3837 3855; x_wconf 84' lang='lat' dir='ltr'><strong><em>eligunt.</em></strong></span> 
     </span>
    </p>
   </div>
   <div class='ocr_carea' id='block_1_86' title="bbox 2259 3957 3839 4032">
    <p class='ocr_par' dir='ltr' id='par_1_86' title="bbox 2259 3957 3839 4032">
     <span class='ocr_line' id='line_1_86' title="bbox 2259 3957 3839 4032; baseline 0.001 -17"><span class='ocrx_word' id='word_1_444' title='bbox 2259 3961 2509 4016; x_wconf 88' lang='lat' dir='ltr'><strong><em>Piscator</em></strong></span> <span class='ocrx_word' id='word_1_445' title='bbox 2552 3961 2693 4015; x_wconf 88' lang='lat' dir='ltr'><strong><em>ictus</em></strong></span> <span class='ocrx_word' id='word_1_446' title='bbox 2756 3960 2961 4031; x_wconf 86' lang='lat' dir='ltr'><strong><em>sapiet.</em></strong></span> <span class='ocrx_word' id='word_1_447' title='bbox 3021 3959 3371 4032; x_wconf 88' lang='lat' dir='ltr'><strong><em>Imprudens</em></strong></span> <span class='ocrx_word' id='word_1_448' title='bbox 3440 3957 3839 4031; x_wconf 84' lang='lat' dir='ltr'><strong><em>experimento</em></strong></span> 
     </span>
    </p>
   </div>
   <div class='ocr_carea' id='block_1_87' title="bbox 2189 4046 3844 4121">
    <p class='ocr_par' dir='ltr' id='par_1_87' title="bbox 2189 4046 3844 4121">
     <span class='ocr_line' id='line_1_87' title="bbox 2189 4046 3844 4121; baseline 0 -16"><span class='ocrx_word' id='word_1_449' title='bbox 2189 4048 2363 4121; x_wconf 89' lang='lat' dir='ltr'><strong><em>sapit,</em></strong></span> <span class='ocrx_word' id='word_1_450' title='bbox 2394 4046 2572 4103; x_wconf 89' lang='lat' dir='ltr'><strong><em>veluti</em></strong></span> <span class='ocrx_word' id='word_1_451' title='bbox 2620 4046 2797 4104; x_wconf 89' lang='lat' dir='ltr'><strong><em>etiam</em></strong></span> <span class='ocrx_word' id='word_1_452' title='bbox 2836 4047 3094 4120; x_wconf 86' lang='lat' dir='ltr'><strong><em>piscator</em></strong></span> <span class='ocrx_word' id='word_1_453' title='bbox 3122 4046 3305 4104; x_wconf 89' lang='lat' dir='ltr'><strong><em>semel</em></strong></span> <span class='ocrx_word' id='word_1_454' title='bbox 3343 4062 3682 4120; x_wconf 87' lang='lat' dir='ltr'><strong><em>percussus,</em></strong></span> <span class='ocrx_word' id='word_1_455' title='bbox 3708 4051 3844 4121; x_wconf 88' lang='lat' dir='ltr'><strong><em>post</em></strong></span> 
     </span>
    </p>
   </div>
   <div class='ocr_carea' id='block_1_88' title="bbox 2189 4136 3382 4208">
    <p class='ocr_par' dir='ltr' id='par_1_88' title="bbox 2189 4136 3382 4208">
     <span class='ocr_line' id='line_1_88' title="bbox 2189 4136 3382 4208; baseline -0.001 -16"><span class='ocrx_word' id='word_1_456' title='bbox 2189 4136 2403 4192; x_wconf 87' lang='lat' dir='ltr'><strong><em>vulnus</em></strong></span> <span class='ocrx_word' id='word_1_457' title='bbox 2426 4140 2596 4191; x_wconf 87' lang='lat' dir='ltr'><strong><em>caute</em></strong></span> <span class='ocrx_word' id='word_1_458' title='bbox 2623 4136 2899 4208; x_wconf 88' lang='lat' dir='ltr'><strong><em>deinceps</em></strong></span> <span class='ocrx_word' id='word_1_459' title='bbox 2929 4136 3121 4208; x_wconf 87' lang='lat' dir='ltr'><strong><em>pisces</em></strong></span> <span class='ocrx_word' id='word_1_460' title='bbox 3147 4138 3382 4192; x_wconf 85' lang='lat' dir='ltr'><strong><em>tractat.</em></strong></span> 
     </span>
    </p>
   </div>
   <div class='ocr_carea' id='block_1_89' title="bbox 2260 4225 3006 4292">
    <p class='ocr_par' dir='ltr' id='par_1_89' title="bbox 2260 4225 3006 4292">
     <span class='ocr_line' id='line_1_89' title="bbox 2260 4225 3006 4292; baseline 0 -11"><span class='ocrx_word' id='word_1_461' title='bbox 2260 4226 2376 4281; x_wconf 84' lang='lat' dir='ltr'><strong><em>Alii</em></strong></span> <span class='ocrx_word' id='word_1_462' title='bbox 2402 4230 2618 4292; x_wconf 85' lang='lat' dir='ltr'><strong><em>serunt,</em></strong></span> <span class='ocrx_word' id='word_1_463' title='bbox 2649 4225 2758 4282; x_wconf 89' lang='lat' dir='ltr'><strong><em>alii</em></strong></span> <span class='ocrx_word' id='word_1_464' title='bbox 2781 4231 3006 4282; x_wconf 88' lang='lat' dir='ltr'><strong><em>metent.</em></strong></span> 
     </span>
    </p>
   </div>
   <div class='ocr_carea' id='block_1_90' title="bbox 2264 4312 3840 4387">
    <p class='ocr_par' dir='ltr' id='par_1_90' title="bbox 2264 4312 3840 4387">
     <span class='ocr_line' id='line_1_90' title="bbox 2264 4312 3840 4387; baseline 0.001 -15"><span class='ocrx_word' id='word_1_465' title='bbox 2264 4317 2400 4372; x_wconf 84' lang='lat' dir='ltr'><strong><em>Ursa</em></strong></span> <span class='ocrx_word' id='word_1_466' title='bbox 2416 4318 2689 4387; x_wconf 66' lang='lat' dir='ltr'><strong><em>praesente</em></strong></span> <span class='ocrx_word' id='word_1_467' title='bbox 2700 4316 2936 4386; x_wconf 86' lang='lat' dir='ltr'><strong><em>vestigia</em></strong></span> <span class='ocrx_word' id='word_1_468' title='bbox 2956 4315 3272 4387; x_wconf 68' lang='lat' dir='ltr'><strong><em>qwis.Do</em></strong></span> <span class='ocrx_word' id='word_1_469' title='bbox 3296 4314 3473 4370; x_wconf 88' lang='lat' dir='ltr'><strong><em>rebus</em></strong></span> <span class='ocrx_word' id='word_1_470' title='bbox 3489 4312 3840 4373; x_wconf 66' lang='lat' dir='ltr'><strong><em>manifestis;</em></strong></span> 
     </span>
    </p>
   </div>
   <div class='ocr_carea' id='block_1_91' title="bbox 2264 4492 3844 4569">
    <p class='ocr_par' dir='ltr' id='par_1_91' title="bbox 2264 4492 3844 4569">
     <span class='ocr_line' id='line_1_91' title="bbox 2264 4492 3844 4569; baseline -0.001 -18"><span class='ocrx_word' id='word_1_471' title='bbox 2264 4496 2475 4569; x_wconf 77' lang='lat' dir='ltr'><strong><em>Aquilae</em></strong></span> <span class='ocrx_word' id='word_1_472' title='bbox 2505 4495 2813 4552; x_wconf 63' lang='lat' dir='ltr'><strong><em>scarabwus</em></strong></span> <span class='ocrx_word' id='word_1_473' title='bbox 2855 4493 3254 4550; x_wconf 79' lang='lat' dir='ltr'><strong><em>obstetricutur.</em></strong></span> <span class='ocrx_word' id='word_1_474' title='bbox 3289 4493 3354 4548; x_wconf 82' lang='lat' dir='ltr'><strong><em>In</em></strong></span> <span class='ocrx_word' id='word_1_475' title='bbox 3386 4508 3485 4549; x_wconf 88' lang='lat' dir='ltr'><strong><em>eos</em></strong></span> <span class='ocrx_word' id='word_1_476' title='bbox 3515 4492 3617 4566; x_wconf 90' lang='lat' dir='ltr'><strong><em>qui</em></strong></span> <span class='ocrx_word' id='word_1_477' title='bbox 3669 4493 3844 4550; x_wconf 87' lang='lat' dir='ltr'><strong><em>dam-</em></strong></span> 
     </span>
    </p>
   </div>
   <div class='ocr_carea' id='block_1_92' title="bbox 425 4581 2077 4661">
    <p class='ocr_par' dir='ltr' id='par_1_92' title="bbox 425 4582 2077 4661">
     <span class='ocr_line' id='line_1_92' title="bbox 425 4582 2077 4661; baseline -0.002 -18"><span class='ocrx_word' id='word_1_478' title='bbox 425 4584 660 4643; x_wconf 73' lang='grc' dir='ltr'>εὐτελῶν</span> <span class='ocrx_word' id='word_1_479' title='bbox 692 4582 1037 4661; x_wconf 72' lang='grc' dir='ltr'>πασχόντων*</span> <span class='ocrx_word' id='word_1_480' title='bbox 1071 4584 1099 4637; x_wconf 83' lang='grc' dir='ltr'>ὁ</span> <span class='ocrx_word' id='word_1_481' title='bbox 1131 4584 1234 4660; x_wconf 76' lang='grc' dir='ltr'>γὰρ</span> <span class='ocrx_word' id='word_1_482' title='bbox 1264 4584 1526 4660; x_wconf 84' lang='grc' dir='ltr'>κάνθαρος</span> <span class='ocrx_word' id='word_1_483' title='bbox 1553 4584 1619 4639; x_wconf 80' lang='grc' dir='ltr'><strong><em>τὰ</em></strong></span> <span class='ocrx_word' id='word_1_484' title='bbox 1645 4588 1744 4640; x_wconf 75' lang='grc' dir='ltr'>τοῦ</span> <span class='ocrx_word' id='word_1_485' title='bbox 1789 4584 1947 4641; x_wconf 80' lang='grc' dir='ltr'>ἀετοῦ</span> <span class='ocrx_word' id='word_1_486' title='bbox 2000 4583 2077 4640; x_wconf 62' lang='lat' dir='ltr'><strong><em>did</em></strong></span> 
     </span>
    </p>
   </div>
   <div class='ocr_carea' id='block_1_93' title="bbox 2236 4581 3843 4661">
    <p class='ocr_par' dir='ltr' id='par_1_93' title="bbox 2236 4581 3843 4657">
     <span class='ocr_line' id='line_1_93' title="bbox 2236 4581 3843 4657; baseline 0.001 -18"><span class='ocrx_word' id='word_1_487' title='bbox 2236 4602 2336 4641; x_wconf 93' lang='lat' dir='ltr'><strong><em>um</em></strong></span> <span class='ocrx_word' id='word_1_488' title='bbox 2382 4590 2439 4642; x_wconf 90' lang='lat' dir='ltr'><strong><em>et</em></strong></span> <span class='ocrx_word' id='word_1_489' title='bbox 2486 4584 2765 4657; x_wconf 89' lang='lat' dir='ltr'><strong><em>injuriam</em></strong></span> <span class='ocrx_word' id='word_1_490' title='bbox 2824 4584 2896 4639; x_wconf 92' lang='lat' dir='ltr'><strong><em>ab</em></strong></span> <span class='ocrx_word' id='word_1_491' title='bbox 2940 4582 3073 4641; x_wconf 84' lang='lat' dir='ltr'><strong><em>aliis</em></strong></span> <span class='ocrx_word' id='word_1_492' title='bbox 3137 4582 3451 4655; x_wconf 89' lang='lat' dir='ltr'><strong><em>accipiunt.</em></strong></span> <span class='ocrx_word' id='word_1_493' title='bbox 3501 4581 3843 4641; x_wconf 60' lang='lat' dir='ltr'><strong><em>Scarabazus</em></strong></span> 
     </span>
    </p>
   </div>
   <div class='ocr_carea' id='block_1_94' title="bbox 425 4671 931 4756">
    <p class='ocr_par' dir='ltr' id='par_1_94' title="bbox 425 4671 931 4756">
     <span class='ocr_line' id='line_1_94' title="bbox 425 4671 931 4756; baseline -0.006 -24"><span class='ocrx_word' id='word_1_494' title='bbox 425 4672 674 4756; x_wconf 80' lang='grc' dir='ltr'>ἀφανίζει</span> <span class='ocrx_word' id='word_1_495' title='bbox 702 4671 907 4730; x_wconf 79' lang='grc' dir='ltr'>κυλίων</span> <span class='ocrx_word' id='word_1_496' title='bbox 918 4718 931 4730; x_wconf 93' lang='grc'><strong><em>.</em></strong></span> 
     </span>
    </p>
   </div>
   <div class='ocr_carea' id='block_1_95' title="bbox 498 4760 1639 4841">
    <p class='ocr_par' dir='ltr' id='par_1_95' title="bbox 498 4760 1639 4841">
     <span class='ocr_line' id='line_1_95' title="bbox 498 4760 1639 4841; baseline -0.001 -22"><span class='ocrx_word' id='word_1_497' title='bbox 498 4760 723 4841; x_wconf 77' lang='grc' dir='ltr'>’Δνδρὸς</span> <span class='ocrx_word' id='word_1_498' title='bbox 746 4763 1007 4841; x_wconf 83' lang='grc' dir='ltr'>γὲροντος</span> <span class='ocrx_word' id='word_1_499' title='bbox 1038 4762 1093 4817; x_wconf 78' lang='grc' dir='ltr'><strong><em>αἱ</em></strong></span> <span class='ocrx_word' id='word_1_500' title='bbox 1124 4764 1314 4838; x_wconf 79' lang='grc' dir='ltr'>γνάθοι</span> <span class='ocrx_word' id='word_1_501' title='bbox 1351 4762 1639 4840; x_wconf 84' lang='grc' dir='ltr'>βακτηρία.</span> 
     </span>
    </p>
   </div>
   <div class='ocr_carea' id='block_1_96' title="bbox 503 4906 2081 4980">
    <p class='ocr_par' dir='ltr' id='par_1_96' title="bbox 503 4906 2081 4980">
     <span class='ocr_line' id='line_1_96' title="bbox 503 4906 2081 4980; baseline 0.001 -17"><span class='ocrx_word' id='word_1_502' title='bbox 503 4910 582 4980; x_wconf 86' lang='grc'><strong><em>(1)</em></strong></span> <span class='ocrx_word' id='word_1_503' title='bbox 612 4906 1083 4980; x_wconf 14' lang='grc' dir='ltr'><strong><em>ῌοᾲίίἱεΑυζ-εθ</em></strong></span> <span class='ocrx_word' id='word_1_504' title='bbox 1112 4910 1235 4964; x_wconf 88' lang='lat' dir='ltr'><strong><em>arte</em></strong></span> <span class='ocrx_word' id='word_1_505' title='bbox 1265 4908 1514 4980; x_wconf 81' lang='lat' dir='ltr'><strong><em>quadam</em></strong></span> <span class='ocrx_word' id='word_1_506' title='bbox 1561 4912 1769 4980; x_wconf 86' lang='lat' dir='ltr'><strong><em>tegunt</em></strong></span> <span class='ocrx_word' id='word_1_507' title='bbox 1796 4912 1855 4964; x_wconf 92' lang='lat' dir='ltr'><strong><em>et</em></strong></span> <span class='ocrx_word' id='word_1_508' title='bbox 1884 4908 2081 4965; x_wconf 91' lang='lat' dir='ltr'><strong><em>occul-</em></strong></span> 
     </span>
    </p>
   </div>
   <div class='ocr_carea' id='block_1_97' title="bbox 427 4978 2081 5052">
    <p class='ocr_par' dir='ltr' id='par_1_97' title="bbox 427 4978 2081 5052">
     <span class='ocr_line' id='line_1_97' title="bbox 427 4978 2081 5052; baseline -0.002 -15"><span class='ocrx_word' id='word_1_509' title='bbox 427 4978 581 5052; x_wconf 83' lang='lat' dir='ltr'><strong><em>tant.</em></strong></span> <span class='ocrx_word' id='word_1_510' title='bbox 611 4978 736 5035; x_wconf 83' lang='lat' dir='ltr'><strong><em>Tali</em></strong></span> <span class='ocrx_word' id='word_1_511' title='bbox 767 4978 924 5035; x_wconf 88' lang='lat' dir='ltr'><strong><em>enim</em></strong></span> <span class='ocrx_word' id='word_1_512' title='bbox 956 4978 1219 5052; x_wconf 87' lang='lat' dir='ltr'><strong><em>Plutonis</em></strong></span> <span class='ocrx_word' id='word_1_513' title='bbox 1249 4978 1417 5052; x_wconf 82' lang='lat' dir='ltr'><strong><em>galea</em></strong></span> <span class='ocrx_word' id='word_1_514' title='bbox 1454 4978 1699 5036; x_wconf 77' lang='lat' dir='ltr'><strong><em>Perseus</em></strong></span> <span class='ocrx_word' id='word_1_515' title='bbox 1739 4997 1906 5047; x_wconf 90' lang='lat' dir='ltr'><strong><em>usus,</em></strong></span> <span class='ocrx_word' id='word_1_516' title='bbox 1938 4980 2081 5037; x_wconf 87' lang='lat' dir='ltr'><strong><em>Gor-</em></strong></span> 
     </span>
    </p>
   </div>
   <div class='ocr_carea' id='block_1_98' title="bbox 426 5051 1155 5127">
    <p class='ocr_par' dir='ltr' id='par_1_98' title="bbox 426 5051 1155 5127">
     <span class='ocr_line' id='line_1_98' title="bbox 426 5051 1155 5127; baseline -0.001 -18"><span class='ocrx_word' id='word_1_517' title='bbox 426 5051 573 5127; x_wconf 19' lang='lat' dir='ltr'><strong><em>goni.</em></strong></span> <span class='ocrx_word' id='word_1_518' title='bbox 601 5056 778 5127; x_wconf 77' lang='lat' dir='ltr'><strong><em>caput</em></strong></span> <span class='ocrx_word' id='word_1_519' title='bbox 805 5051 1155 5127; x_wconf 81' lang='lat' dir='ltr'><strong><em>amputavit.</em></strong></span> 
     </span>
    </p>
   </div>
   <div class='ocr_carea' id='block_1_99' title="bbox 501 5121 2081 5196">
    <p class='ocr_par' dir='ltr' id='par_1_99' title="bbox 501 5121 2081 5196">
     <span class='ocr_line' id='line_1_99' title="bbox 501 5121 2081 5196; baseline 0 -18"><span class='ocrx_word' id='word_1_520' title='bbox 501 5123 580 5195; x_wconf 84' lang='lat'>(2)</span> <span class='ocrx_word' id='word_1_521' title='bbox 615 5121 838 5196; x_wconf 71' lang='lat' dir='ltr'><strong><em>Leucon</em></strong></span> <span class='ocrx_word' id='word_1_522' title='bbox 891 5121 1047 5196; x_wconf 81' lang='lat' dir='ltr'><strong><em>enim</em></strong></span> <span class='ocrx_word' id='word_1_523' title='bbox 1076 5122 1360 5196; x_wconf 69' lang='lat' dir='ltr'><strong><em>rusticus</em></strong></span> <span class='ocrx_word' id='word_1_524' title='bbox 1395 5121 1567 5196; x_wconf 84' lang='lat' dir='ltr'><strong><em>melle</em></strong></span> <span class='ocrx_word' id='word_1_525' title='bbox 1598 5128 1758 5196; x_wconf 86' lang='lat' dir='ltr'><strong><em>utres</em></strong></span> <span class='ocrx_word' id='word_1_526' title='bbox 1789 5122 1991 5196; x_wconf 87' lang='lat' dir='ltr'><strong><em>plenos</em></strong></span> <span class='ocrx_word' id='word_1_527' title='bbox 2020 5122 2081 5178; x_wconf 90' lang='lat' dir='ltr'><strong><em>in</em></strong></span> 
     </span>
    </p>
   </div>
   <div class='ocr_carea' id='block_1_100' title="bbox 424 5193 2084 5269">
    <p class='ocr_par' dir='ltr' id='par_1_100' title="bbox 424 5193 2084 5269">
     <span class='ocr_line' id='line_1_100' title="bbox 424 5193 2084 5269; baseline -0.002 -17"><span class='ocrx_word' id='word_1_528' title='bbox 424 5193 712 5269; x_wconf 84' lang='lat' dir='ltr'><strong><em>sportulis</em></strong></span> <span class='ocrx_word' id='word_1_529' title='bbox 733 5194 1040 5269; x_wconf 78' lang='lat' dir='ltr'><strong><em>impositos</em></strong></span> <span class='ocrx_word' id='word_1_530' title='bbox 1055 5194 1312 5269; x_wconf 50' lang='lat' dir='ltr'><strong><em>Athenas</em></strong></span> <span class='ocrx_word' id='word_1_531' title='bbox 1336 5194 1585 5269; x_wconf 80' lang='lat' dir='ltr'><strong><em>ferebat:</em></strong></span> <span class='ocrx_word' id='word_1_532' title='bbox 1610 5195 1710 5251; x_wconf 87' lang='lat' dir='ltr'><strong><em>sed</em></strong></span> <span class='ocrx_word' id='word_1_533' title='bbox 1731 5193 1832 5266; x_wconf 82' lang='lat' dir='ltr'><strong><em>qui</em></strong></span> <span class='ocrx_word' id='word_1_534' title='bbox 1854 5194 1931 5269; x_wconf 84' lang='lat' dir='ltr'><strong><em>mi</em></strong></span> <span class='ocrx_word' id='word_1_535' title='bbox 1941 5211 2084 5269; x_wconf 79' lang='lat' dir='ltr'><strong><em>nora</em></strong></span> 
     </span>
    </p>
   </div>
   <div class='ocr_carea' id='block_1_101' title="bbox 427 5264 2082 5337">
    <p class='ocr_par' dir='ltr' id='par_1_101' title="bbox 427 5264 2082 5337">
     <span class='ocr_line' id='line_1_101' title="bbox 427 5264 2082 5337; baseline -0.001 -14"><span class='ocrx_word' id='word_1_536' title='bbox 427 5264 652 5323; x_wconf 74' lang='lat' dir='ltr'><strong><em>tributa</em></strong></span> <span class='ocrx_word' id='word_1_537' title='bbox 681 5271 781 5322; x_wconf 89' lang='lat' dir='ltr'><strong><em>aut</em></strong></span> <span class='ocrx_word' id='word_1_538' title='bbox 821 5264 1135 5337; x_wconf 56' lang='lat' dir='ltr'><strong><em>&#39;vectigalia</em></strong></span> <span class='ocrx_word' id='word_1_539' title='bbox 1165 5268 1237 5337; x_wconf 87' lang='lat' dir='ltr'><strong><em>ab</em></strong></span> <span class='ocrx_word' id='word_1_540' title='bbox 1262 5266 1396 5337; x_wconf 84' lang='lat' dir='ltr'><strong><em>ipso</em></strong></span> <span class='ocrx_word' id='word_1_541' title='bbox 1441 5264 1833 5335; x_wconf 77' lang='lat' dir='ltr'><strong><em>exigerentur,</em></strong></span> <span class='ocrx_word' id='word_1_542' title='bbox 1883 5266 2082 5321; x_wconf 88' lang='lat' dir='ltr'><strong><em>hordei</em></strong></span> 
     </span>
    </p>
   </div>
   <div class='ocr_carea' id='block_1_102' title="bbox 427 5336 2082 5412">
    <p class='ocr_par' dir='ltr' id='par_1_102' title="bbox 427 5336 2082 5412">
     <span class='ocr_line' id='line_1_102' title="bbox 427 5336 2082 5412; baseline -0.001 -18"><span class='ocrx_word' id='word_1_543' title='bbox 427 5354 639 5412; x_wconf 67' lang='lat' dir='ltr'><strong><em>parum</em></strong></span> <span class='ocrx_word' id='word_1_544' title='bbox 692 5336 1182 5412; x_wconf 33' lang='lat' dir='ltr'><strong><em>superimp’osujt.</em></strong></span> <span class='ocrx_word' id='word_1_545' title='bbox 1226 5336 1447 5412; x_wconf 74' lang='lat' dir='ltr'><strong><em>Verum</em></strong></span> <span class='ocrx_word' id='word_1_546' title='bbox 1495 5354 1629 5412; x_wconf 72' lang='lat' dir='ltr'><strong><em>cum</em></strong></span> <span class='ocrx_word' id='word_1_547' title='bbox 1681 5340 1828 5393; x_wconf 85' lang='lat' dir='ltr'><strong><em>forte</em></strong></span> <span class='ocrx_word' id='word_1_548' title='bbox 1870 5338 2082 5412; x_wconf 75' lang='lat' dir='ltr'><strong><em>asinus</em></strong></span> 
     </span>
    </p>
   </div>
   <div class='ocr_carea' id='block_1_103' title="bbox 426 5407 2081 5481">
    <p class='ocr_par' dir='ltr' id='par_1_103' title="bbox 426 5407 2081 5481">
     <span class='ocr_line' id='line_1_103' title="bbox 426 5407 2081 5481; baseline -0.001 -15"><span class='ocrx_word' id='word_1_549' title='bbox 426 5407 727 5481; x_wconf 77' lang='lat' dir='ltr'><strong><em>collapsus</em></strong></span> <span class='ocrx_word' id='word_1_550' title='bbox 758 5407 988 5481; x_wconf 41' lang='lat' dir='ltr'><strong><em>fuisset“,</em></strong></span> <span class='ocrx_word' id='word_1_551' title='bbox 1024 5407 1342 5481; x_wconf 80' lang='lat' dir='ltr'><strong><em>publicani,</em></strong></span> <span class='ocrx_word' id='word_1_552' title='bbox 1374 5407 1592 5465; x_wconf 84' lang='lat' dir='ltr'><strong><em>auxilio</em></strong></span> <span class='ocrx_word' id='word_1_553' title='bbox 1622 5426 1750 5466; x_wconf 91' lang='lat' dir='ltr'><strong><em>esse</em></strong></span> <span class='ocrx_word' id='word_1_554' title='bbox 1797 5407 2081 5480; x_wconf 88' lang='lat' dir='ltr'><strong><em>volentes,</em></strong></span> 
     </span>
    </p>
   </div>
   <div class='ocr_carea' id='block_1_104' title="bbox 428 5479 1439 5552">
    <p class='ocr_par' dir='ltr' id='par_1_104' title="bbox 428 5479 1439 5552">
     <span class='ocr_line' id='line_1_104' title="bbox 428 5479 1439 5552; baseline -0.004 -13"><span class='ocrx_word' id='word_1_555' title='bbox 428 5480 548 5539; x_wconf 89' lang='lat' dir='ltr'><strong><em>mel</em></strong></span> <span class='ocrx_word' id='word_1_556' title='bbox 579 5480 725 5552; x_wconf 84' lang='lat' dir='ltr'><strong><em>illud</em></strong></span> <span class='ocrx_word' id='word_1_557' title='bbox 750 5496 881 5537; x_wconf 88' lang='lat' dir='ltr'><strong><em>esse</em></strong></span> <span class='ocrx_word' id='word_1_558' title='bbox 905 5479 1439 5552; x_wconf 72' lang='lat' dir='ltr'><strong><em>deprehenderunt.</em></strong></span> 
     </span>
    </p>
   </div>
   <div class='ocr_carea' id='block_1_105' title="bbox 522 5548 2082 5625">
    <p class='ocr_par' dir='ltr' id='par_1_105' title="bbox 522 5548 2082 5625">
     <span class='ocr_line' id='line_1_105' title="bbox 522 5548 2082 5625; baseline -0.001 -17"><span class='ocrx_word' id='word_1_559' title='bbox 522 5551 576 5623; x_wconf 88' lang='lat'><strong><em>3)</em></strong></span> <span class='ocrx_word' id='word_1_560' title='bbox 607 5551 668 5608; x_wconf 90' lang='lat' dir='ltr'><strong><em>In</em></strong></span> <span class='ocrx_word' id='word_1_561' title='bbox 701 5568 800 5608; x_wconf 89' lang='lat' dir='ltr'><strong><em>eos</em></strong></span> <span class='ocrx_word' id='word_1_562' title='bbox 850 5551 951 5625; x_wconf 91' lang='lat' dir='ltr'><strong><em>qui</em></strong></span> <span class='ocrx_word' id='word_1_563' title='bbox 980 5548 1098 5607; x_wconf 82' lang='lat' dir='ltr'><strong><em>alia</em></strong></span> <span class='ocrx_word' id='word_1_564' title='bbox 1148 5550 1447 5624; x_wconf 88' lang='lat' dir='ltr'><strong><em>postulant</em></strong></span> <span class='ocrx_word' id='word_1_565' title='bbox 1479 5550 1550 5606; x_wconf 90' lang='lat' dir='ltr'><strong><em>ab</em></strong></span> <span class='ocrx_word' id='word_1_566' title='bbox 1579 5548 1696 5607; x_wconf 87' lang='lat' dir='ltr'><strong><em>illis</em></strong></span> <span class='ocrx_word' id='word_1_567' title='bbox 1726 5551 1827 5623; x_wconf 90' lang='lat' dir='ltr'><strong><em>qui</em></strong></span> <span class='ocrx_word' id='word_1_568' title='bbox 1878 5549 1992 5606; x_wconf 87' lang='lat' dir='ltr'><strong><em>alia</em></strong></span> <span class='ocrx_word' id='word_1_569' title='bbox 2022 5568 2082 5607; x_wconf 88' lang='lat' dir='ltr'><strong><em>se</em></strong></span> 
     </span>
    </p>
   </div>
   <div class='ocr_carea' id='block_1_106' title="bbox 424 5624 911 5696">
    <p class='ocr_par' dir='ltr' id='par_1_106' title="bbox 424 5624 911 5696">
     <span class='ocr_line' id='line_1_106' title="bbox 424 5624 911 5696; baseline -0.008 -15"><span class='ocrx_word' id='word_1_570' title='bbox 424 5624 644 5696; x_wconf 74' lang='lat' dir='ltr'><strong><em>habere</em></strong></span> <span class='ocrx_word' id='word_1_571' title='bbox 675 5624 911 5696; x_wconf 80' lang='lat' dir='ltr'><strong><em>negant.</em></strong></span> 
     </span>
    </p>
   </div>
   <div class='ocr_carea' id='block_1_107' title="bbox 495 5693 2080 5779">
    <p class='ocr_par' dir='ltr' id='par_1_107' title="bbox 495 5693 2080 5779">
     <span class='ocr_line' id='line_1_107' title="bbox 495 5693 2080 5779; baseline -0.001 -28"><span class='ocrx_word' id='word_1_572' title='bbox 495 5696 575 5779; x_wconf 75' lang='lat'>(4)</span> <span class='ocrx_word' id='word_1_573' title='bbox 607 5693 963 5779; x_wconf 47' lang='lat' dir='ltr'><strong><em>Laconicam</em></strong></span> <span class='ocrx_word' id='word_1_574' title='bbox 1008 5694 1406 5779; x_wconf 51' lang='lat' dir='ltr'><strong><em>progerhium,</em></strong></span> <span class='ocrx_word' id='word_1_575' title='bbox 1430 5709 1544 5779; x_wconf 77' lang='lat' dir='ltr'><strong><em>prq</em></strong></span> <span class='ocrx_word' id='word_1_576' title='bbox 1581 5710 1655 5776; x_wconf 38' lang='lat' dir='ltr'><strong><em>eo.</em></strong></span> <span class='ocrx_word' id='word_1_577' title='bbox 1700 5710 1787 5779; x_wconf 47' lang='lat' dir='ltr'><strong><em>ac.</em></strong></span> <span class='ocrx_word' id='word_1_578' title='bbox 1819 5695 1871 5750; x_wconf 89' lang='lat' dir='ltr'><strong><em>si</em></strong></span> <span class='ocrx_word' id='word_1_579' title='bbox 1925 5693 2080 5779; x_wconf 72' lang='lat' dir='ltr'><strong><em>dice-</em></strong></span> 
     </span>
    </p>
   </div>
   <div class='ocr_carea' id='block_1_108' title="bbox 420 5764 2082 5845">
    <p class='ocr_par' dir='ltr' id='par_1_108' title="bbox 420 5764 2082 5845">
     <span class='ocr_line' id='line_1_108' title="bbox 420 5764 2082 5845; baseline -0.001 -17"><span class='ocrx_word' id='word_1_580' title='bbox 420 5764 613 5840; x_wconf 80' lang='lat' dir='ltr'><strong><em>retur,</em></strong></span> <span class='ocrx_word' id='word_1_581' title='bbox 639 5765 831 5845; x_wconf 75' lang='grc' dir='ltr'>ἡμεῖς.</span> <span class='ocrx_word' id='word_1_582' title='bbox 860 5764 1029 5826; x_wconf 66' lang='lat' dir='ltr'><strong><em>Tres&#39;</em></strong></span> <span class='ocrx_word' id='word_1_583' title='bbox 1050 5764 1210 5826; x_wconf 85' lang='lat' dir='ltr'><strong><em>enim</em></strong></span> <span class='ocrx_word' id='word_1_584' title='bbox 1233 5764 1459 5827; x_wconf 79' lang='lat' dir='ltr'><strong><em>diversi</em></strong></span> <span class='ocrx_word' id='word_1_585' title='bbox 1494 5764 1659 5826; x_wconf 88' lang='lat' dir='ltr'><strong><em>chori</em></strong></span> <span class='ocrx_word' id='word_1_586' title='bbox 1700 5765 1792 5825; x_wconf 86' lang='lat' dir='ltr'><strong><em>vel</em></strong></span> <span class='ocrx_word' id='word_1_587' title='bbox 1840 5766 2082 5827; x_wconf 86' lang='lat' dir='ltr'><strong><em>ordines</em></strong></span> 
     </span>
    </p>
   </div>
   <div class='ocr_carea' id='block_1_109' title="bbox 2192 4671 3310 4746">
    <p class='ocr_par' dir='ltr' id='par_1_109' title="bbox 2192 4671 3310 4746">
     <span class='ocr_line' id='line_1_109' title="bbox 2192 4671 3310 4746; baseline -0.003 -16"><span class='ocrx_word' id='word_1_588' title='bbox 2192 4675 2349 4730; x_wconf 79' lang='lat' dir='ltr'><strong><em>enim</em></strong></span> <span class='ocrx_word' id='word_1_589' title='bbox 2381 4674 2592 4746; x_wconf 66' lang='lat' dir='ltr'><strong><em>aquilis</em></strong></span> <span class='ocrx_word' id='word_1_590' title='bbox 2623 4690 2730 4730; x_wconf 85' lang='lat' dir='ltr'><strong><em>ova</em></strong></span> <span class='ocrx_word' id='word_1_591' title='bbox 2758 4673 3069 4730; x_wconf 82' lang='lat' dir='ltr'><strong><em>evertenda</em></strong></span> <span class='ocrx_word' id='word_1_592' title='bbox 3099 4671 3310 4745; x_wconf 89' lang='lat' dir='ltr'><strong><em>perdit.</em></strong></span> 
     </span>
    </p>
   </div>
   <div class='ocr_carea' id='block_1_110' title="bbox 2262 4760 3541 4834">
    <p class='ocr_par' dir='ltr' id='par_1_110' title="bbox 2262 4760 3541 4834">
     <span class='ocr_line' id='line_1_110' title="bbox 2262 4760 3541 4834; baseline -0.003 -14"><span class='ocrx_word' id='word_1_593' title='bbox 2262 4764 2508 4821; x_wconf 71' lang='lat' dir='ltr'><strong><em>Maxilla:</em></strong></span> <span class='ocrx_word' id='word_1_594' title='bbox 2533 4763 2605 4819; x_wconf 87' lang='lat' dir='ltr'><strong><em>ad</em></strong></span> <span class='ocrx_word' id='word_1_595' title='bbox 2634 4764 2821 4819; x_wconf 83' lang='lat' dir='ltr'><strong><em>instar</em></strong></span> <span class='ocrx_word' id='word_1_596' title='bbox 2844 4763 3106 4834; x_wconf 85' lang='lat' dir='ltr'><strong><em>scipionis</em></strong></span> <span class='ocrx_word' id='word_1_597' title='bbox 3133 4769 3264 4816; x_wconf 88' lang='lat' dir='ltr'><strong><em>sunt</em></strong></span> <span class='ocrx_word' id='word_1_598' title='bbox 3292 4762 3415 4817; x_wconf 83' lang='lat' dir='ltr'><strong><em>seni</em></strong></span> <span class='ocrx_word' id='word_1_599' title='bbox 3442 4760 3541 4833; x_wconf 90' lang='lat'><strong><em>(7).</em></strong></span> 
     </span>
    </p>
   </div>
   <div class='ocr_carea' id='block_1_111' title="bbox 2191 4902 3842 4979">
    <p class='ocr_par' dir='ltr' id='par_1_111' title="bbox 2191 4902 3842 4979">
     <span class='ocr_line' id='line_1_111' title="bbox 2191 4902 3842 4979; baseline -0.001 -16"><span class='ocrx_word' id='word_1_600' title='bbox 2191 4922 2326 4963; x_wconf 92' lang='lat' dir='ltr'><strong><em>cum</em></strong></span> <span class='ocrx_word' id='word_1_601' title='bbox 2355 4907 2509 4979; x_wconf 88' lang='lat' dir='ltr'><strong><em>apud</em></strong></span> <span class='ocrx_word' id='word_1_602' title='bbox 2539 4922 2638 4962; x_wconf 87' lang='lat' dir='ltr'><strong><em>eos</em></strong></span> <span class='ocrx_word' id='word_1_603' title='bbox 2668 4906 2729 4961; x_wconf 91' lang='lat' dir='ltr'><strong><em>in</em></strong></span> <span class='ocrx_word' id='word_1_604' title='bbox 2748 4905 3013 4979; x_wconf 88' lang='lat' dir='ltr'><strong><em>publicis</em></strong></span> <span class='ocrx_word' id='word_1_605' title='bbox 3034 4903 3515 4979; x_wconf 70' lang='lat' dir='ltr'><strong><em>solemnitatibus</em></strong></span> <span class='ocrx_word' id='word_1_606' title='bbox 3555 4902 3842 4979; x_wconf 79' lang='lat' dir='ltr'><strong><em>haberen-</em></strong></span> 
     </span>
    </p>
   </div>
   <div class='ocr_carea' id='block_1_112' title="bbox 2190 4975 3840 5050">
    <p class='ocr_par' dir='ltr' id='par_1_112' title="bbox 2190 4975 3840 5050">
     <span class='ocr_line' id='line_1_112' title="bbox 2190 4975 3840 5050; baseline -0.001 -16"><span class='ocrx_word' id='word_1_607' title='bbox 2190 4984 2309 5045; x_wconf 87' lang='lat' dir='ltr'><strong><em>tur,</em></strong></span> <span class='ocrx_word' id='word_1_608' title='bbox 2359 4975 2607 5050; x_wconf 77' lang='lat' dir='ltr'><strong><em>primus,</em></strong></span> <span class='ocrx_word' id='word_1_609' title='bbox 2658 4975 2779 5049; x_wconf 59' lang='lat' dir='ltr'><strong><em>qui&#39;</em></strong></span> <span class='ocrx_word' id='word_1_610' title='bbox 2807 4994 2873 5033; x_wconf 82' lang='lat' dir='ltr'><strong><em>ex</em></strong></span> <span class='ocrx_word' id='word_1_611' title='bbox 2924 4975 3166 5050; x_wconf 80' lang='lat' dir='ltr'><strong><em>senibus</em></strong></span> <span class='ocrx_word' id='word_1_612' title='bbox 3209 4975 3463 5050; x_wconf 86' lang='lat' dir='ltr'><strong><em>maxime</em></strong></span> <span class='ocrx_word' id='word_1_613' title='bbox 3509 4977 3840 5050; x_wconf 78' lang='lat' dir='ltr'><strong><em>constabat,</em></strong></span> 
     </span>
    </p>
   </div>
   <div class='ocr_carea' id='block_1_113' title="bbox 2191 5048 3840 5122">
    <p class='ocr_par' dir='ltr' id='par_1_113' title="bbox 2191 5048 3840 5122">
     <span class='ocr_line' id='line_1_113' title="bbox 2191 5048 3840 5122; baseline -0.001 -17"><span class='ocrx_word' id='word_1_614' title='bbox 2191 5048 2501 5122; x_wconf 79' lang='lat' dir='ltr'><strong><em>incipiens,</em></strong></span> <span class='ocrx_word' id='word_1_615' title='bbox 2534 5050 2636 5104; x_wconf 88' lang='lat' dir='ltr'><strong><em>illa</em></strong></span> <span class='ocrx_word' id='word_1_616' title='bbox 2678 5048 2936 5104; x_wconf 81' lang='lat' dir='ltr'><strong><em>dicebat.</em></strong></span> <span class='ocrx_word' id='word_1_617' title='bbox 2971 5048 3192 5122; x_wconf 81' lang='lat' dir='ltr'><strong><em>Deinde</em></strong></span> <span class='ocrx_word' id='word_1_618' title='bbox 3230 5049 3629 5122; x_wconf 75' lang='lat' dir='ltr'><strong><em>juniorumet</em></strong></span> <span class='ocrx_word' id='word_1_619' title='bbox 3674 5048 3840 5104; x_wconf 85' lang='lat' dir='ltr'><strong><em>virile</em></strong></span> 
     </span>
    </p>
   </div>
   <div class='ocr_carea' id='block_1_114' title="bbox 2192 5118 3846 5192">
    <p class='ocr_par' dir='ltr' id='par_1_114' title="bbox 2192 5118 3846 5192">
     <span class='ocr_line' id='line_1_114' title="bbox 2192 5118 3846 5192; baseline -0.001 -14"><span class='ocrx_word' id='word_1_620' title='bbox 2192 5118 2516 5192; x_wconf 77' lang='lat' dir='ltr'><strong><em>reburjam</em></strong></span> <span class='ocrx_word' id='word_1_621' title='bbox 2564 5129 3010 5192; x_wconf 75' lang='lat' dir='ltr'><strong><em>consecuturum</em></strong></span> <span class='ocrx_word' id='word_1_622' title='bbox 3051 5119 3171 5174; x_wconf 58' lang='lat' dir='ltr'><strong><em>haec</em></strong></span> <span class='ocrx_word' id='word_1_623' title='bbox 3214 5124 3339 5174; x_wconf 87' lang='lat' dir='ltr'><strong><em>erat</em></strong></span> <span class='ocrx_word' id='word_1_624' title='bbox 3374 5118 3727 5192; x_wconf 85' lang='lat' dir='ltr'><strong><em>cantilena:</em></strong></span> <span class='ocrx_word' id='word_1_625' title='bbox 3766 5124 3846 5178; x_wconf 70' lang='grc' dir='ltr'>Αε</span> 
     </span>
    </p>
   </div>
   <div class='ocr_carea' id='block_1_115' title="bbox 2189 5191 3842 5264">
    <p class='ocr_par' dir='ltr' id='par_1_115' title="bbox 2189 5191 3842 5264">
     <span class='ocr_line' id='line_1_115' title="bbox 2189 5191 3842 5264; baseline -0.002 -15"><span class='ocrx_word' id='word_1_626' title='bbox 2189 5211 2289 5250; x_wconf 88' lang='lat' dir='ltr'><strong><em>nos</em></strong></span> <span class='ocrx_word' id='word_1_627' title='bbox 2312 5191 2451 5249; x_wconf 78' lang='lat' dir='ltr'><strong><em>tales</em></strong></span> <span class='ocrx_word' id='word_1_628' title='bbox 2478 5192 2639 5247; x_wconf 82' lang='lat' dir='ltr'><strong><em>modo</em></strong></span> <span class='ocrx_word' id='word_1_629' title='bbox 2671 5211 2690 5248; x_wconf 87' lang='lat'><em>:</em></span> <span class='ocrx_word' id='word_1_630' title='bbox 2721 5191 2861 5264; x_wconf 87' lang='lat' dir='ltr'><strong><em>quod</em></strong></span> <span class='ocrx_word' id='word_1_631' title='bbox 2883 5193 2936 5247; x_wconf 90' lang='lat' dir='ltr'><strong><em>si</em></strong></span> <span class='ocrx_word' id='word_1_632' title='bbox 2964 5192 3133 5256; x_wconf 85' lang='lat' dir='ltr'><strong><em>lubet,</em></strong></span> <span class='ocrx_word' id='word_1_633' title='bbox 3183 5191 3466 5264; x_wconf 70' lang='lat' dir='ltr'><strong><em>experire.</em></strong></span> <span class='ocrx_word' id='word_1_634' title='bbox 3490 5191 3842 5248; x_wconf 89' lang='lat' dir='ltr'><strong><em>Adolescen-</em></strong></span> 
     </span>
    </p>
   </div>
   <div class='ocr_carea' id='block_1_116' title="bbox 2194 5263 3840 5336">
    <p class='ocr_par' dir='ltr' id='par_1_116' title="bbox 2194 5263 3840 5336">
     <span class='ocr_line' id='line_1_116' title="bbox 2194 5263 3840 5336; baseline -0.002 -14"><span class='ocrx_word' id='word_1_635' title='bbox 2194 5267 2405 5323; x_wconf 86' lang='lat' dir='ltr'><strong><em>liorum</em></strong></span> <span class='ocrx_word' id='word_1_636' title='bbox 2430 5282 2582 5330; x_wconf 85' lang='lat' dir='ltr'><strong><em>vero,</em></strong></span> <span class='ocrx_word' id='word_1_637' title='bbox 2616 5263 2805 5336; x_wconf 89' lang='lat' dir='ltr'><strong><em>neque</em></strong></span> <span class='ocrx_word' id='word_1_638' title='bbox 2834 5264 3025 5319; x_wconf 85' lang='lat' dir='ltr'><strong><em>adhuc</em></strong></span> <span class='ocrx_word' id='word_1_639' title='bbox 3063 5263 3422 5336; x_wconf 86' lang='lat' dir='ltr'><strong><em>adultorum,</em></strong></span> <span class='ocrx_word' id='word_1_640' title='bbox 3456 5263 3568 5318; x_wconf 91' lang='lat' dir='ltr'><strong><em>ista</em></strong></span> <span class='ocrx_word' id='word_1_641' title='bbox 3601 5281 3612 5317; x_wconf 91' lang='lat'><strong>:</strong></span> <span class='ocrx_word' id='word_1_642' title='bbox 3647 5264 3715 5319; x_wconf 81' lang='lat' dir='ltr'><strong><em>At</em></strong></span> <span class='ocrx_word' id='word_1_643' title='bbox 3741 5278 3840 5319; x_wconf 84' lang='lat' dir='ltr'><strong><em>nos</em></strong></span> 
     </span>
    </p>
   </div>
   <div class='ocr_carea' id='block_1_117' title="bbox 2192 5335 3379 5410">
    <p class='ocr_par' dir='ltr' id='par_1_117' title="bbox 2192 5335 3379 5410">
     <span class='ocr_line' id='line_1_117' title="bbox 2192 5335 3379 5410; baseline -0.004 -17"><span class='ocrx_word' id='word_1_644' title='bbox 2192 5339 2605 5410; x_wconf 50' lang='lat' dir='ltr'><strong><em>prmstantiores</em></strong></span> <span class='ocrx_word' id='word_1_645' title='bbox 2632 5338 2812 5410; x_wconf 83' lang='lat' dir='ltr'><strong><em>futuri</em></strong></span> <span class='ocrx_word' id='word_1_646' title='bbox 2840 5335 3142 5410; x_wconf 71' lang='lat' dir='ltr'><strong><em>aliquando</em></strong></span> <span class='ocrx_word' id='word_1_647' title='bbox 3169 5350 3379 5410; x_wconf 47' lang='lat' dir='ltr'><strong><em>sumus:</em></strong></span> 
     </span>
    </p>
   </div>
   <div class='ocr_carea' id='block_1_118' title="bbox 2263 5405 3837 5481">
    <p class='ocr_par' dir='ltr' id='par_1_118' title="bbox 2263 5405 3837 5481">
     <span class='ocr_line' id='line_1_118' title="bbox 2263 5405 3837 5481; baseline -0.003 -17"><span class='ocrx_word' id='word_1_648' title='bbox 2263 5410 2341 5481; x_wconf 90' lang='lat'><strong><em>(5)</em></strong></span> <span class='ocrx_word' id='word_1_649' title='bbox 2371 5413 2600 5481; x_wconf 76' lang='lat' dir='ltr'><strong><em>Croesus</em></strong></span> <span class='ocrx_word' id='word_1_650' title='bbox 2633 5405 2804 5463; x_wconf 83' lang='lat' dir='ltr'><strong><em>enim</em></strong></span> <span class='ocrx_word' id='word_1_651' title='bbox 2838 5405 2946 5462; x_wconf 83' lang='lat' dir='ltr'><strong><em>sua</em></strong></span> <span class='ocrx_word' id='word_1_652' title='bbox 2976 5406 3084 5462; x_wconf 85' lang='lat' dir='ltr'><strong><em>sibi</em></strong></span> <span class='ocrx_word' id='word_1_653' title='bbox 3124 5405 3301 5477; x_wconf 83' lang='lat' dir='ltr'><strong><em>culpa</em></strong></span> <span class='ocrx_word' id='word_1_654' title='bbox 3347 5405 3558 5476; x_wconf 80' lang='lat' dir='ltr'><strong><em>Cyrum</em></strong></span> <span class='ocrx_word' id='word_1_655' title='bbox 3610 5405 3837 5461; x_wconf 78' lang='lat' dir='ltr'><strong><em>hostem</em></strong></span> 
     </span>
    </p>
   </div>
   <div class='ocr_carea' id='block_1_119' title="bbox 2193 5480 2446 5535">
    <p class='ocr_par' dir='ltr' id='par_1_119' title="bbox 2193 5480 2446 5535">
     <span class='ocr_line' id='line_1_119' title="bbox 2193 5480 2446 5535; baseline -0.008 0"><span class='ocrx_word' id='word_1_656' title='bbox 2193 5480 2446 5535; x_wconf 85' lang='lat' dir='ltr'><strong><em>attraxit.</em></strong></span> 
     </span>
    </p>
   </div>
   <div class='ocr_carea' id='block_1_120' title="bbox 2264 5545 3840 5622">
    <p class='ocr_par' dir='ltr' id='par_1_120' title="bbox 2264 5545 3840 5622">
     <span class='ocr_line' id='line_1_120' title="bbox 2264 5545 3840 5622; baseline -0.001 -15"><span class='ocrx_word' id='word_1_657' title='bbox 2264 5553 2339 5622; x_wconf 87' lang='lat'>(6)</span> <span class='ocrx_word' id='word_1_658' title='bbox 2381 5552 2445 5606; x_wconf 86' lang='lat' dir='ltr'><strong><em>In</em></strong></span> <span class='ocrx_word' id='word_1_659' title='bbox 2495 5550 2680 5607; x_wconf 88' lang='lat' dir='ltr'><strong><em>ventri</em></strong></span> <span class='ocrx_word' id='word_1_660' title='bbox 2732 5550 2995 5622; x_wconf 47' lang='lat' dir='ltr'><strong><em>deditos,</em></strong></span> <span class='ocrx_word' id='word_1_661' title='bbox 3030 5565 3132 5605; x_wconf 89' lang='lat' dir='ltr'><strong><em>seu</em></strong></span> <span class='ocrx_word' id='word_1_662' title='bbox 3173 5549 3268 5622; x_wconf 70' lang='lat' dir='ltr'><strong><em>de</em></strong></span> <span class='ocrx_word' id='word_1_663' title='bbox 3304 5545 3773 5620; x_wconf 88' lang='lat' dir='ltr'><strong><em>impossibilibus</em></strong></span> <span class='ocrx_word' id='word_1_664' title='bbox 3819 5560 3840 5606; x_wconf 84' lang='lat'><strong>:</strong></span> 
     </span>
    </p>
   </div>
   <div class='ocr_carea' id='block_1_121' title="bbox 2192 5619 3553 5697">
    <p class='ocr_par' dir='ltr' id='par_1_121' title="bbox 2192 5619 3553 5697">
     <span class='ocr_line' id='line_1_121' title="bbox 2192 5619 3553 5697; baseline -0.004 -18"><span class='ocrx_word' id='word_1_665' title='bbox 2192 5619 2687 5697; x_wconf 68' lang='lat' dir='ltr'><strong><em>pertusumenim</em></strong></span> <span class='ocrx_word' id='word_1_666' title='bbox 2721 5622 2875 5697; x_wconf 76' lang='lat' dir='ltr'><strong><em>apud</em></strong></span> <span class='ocrx_word' id='word_1_667' title='bbox 2905 5620 3124 5697; x_wconf 61' lang='lat' dir='ltr'><strong><em>inferos</em></strong></span> <span class='ocrx_word' id='word_1_668' title='bbox 3154 5619 3553 5697; x_wconf 69' lang='lat' dir='ltr'><strong><em>doliumerat.</em></strong></span> 
     </span>
    </p>
   </div>
   <div class='ocr_carea' id='block_1_122' title="bbox 2263 5690 3842 5778">
    <p class='ocr_par' dir='ltr' id='par_1_122' title="bbox 2263 5690 3842 5778">
     <span class='ocr_line' id='line_1_122' title="bbox 2263 5690 3842 5778; baseline -0.003 -29"><span class='ocrx_word' id='word_1_669' title='bbox 2263 5694 2340 5768; x_wconf 80' lang='lat'>(7)</span> <span class='ocrx_word' id='word_1_670' title='bbox 2372 5693 2455 5753; x_wconf 86' lang='lat' dir='ltr'><strong><em>De</em></strong></span> <span class='ocrx_word' id='word_1_671' title='bbox 2481 5692 2555 5751; x_wconf 91' lang='lat' dir='ltr'><strong><em>iis</em></strong></span> <span class='ocrx_word' id='word_1_672' title='bbox 2586 5693 2687 5767; x_wconf 91' lang='lat' dir='ltr'><strong><em>qui</em></strong></span> <span class='ocrx_word' id='word_1_673' title='bbox 2717 5690 2777 5750; x_wconf 80' lang='lat' dir='ltr'><strong><em>iri</em></strong></span> <span class='ocrx_word' id='word_1_674' title='bbox 2806 5695 3109 5751; x_wconf 86' lang='lat' dir='ltr'><strong><em>senectute</em></strong></span> <span class='ocrx_word' id='word_1_675' title='bbox 3140 5691 3401 5750; x_wconf 88' lang='lat' dir='ltr'><strong><em>multum</em></strong></span> <span class='ocrx_word' id='word_1_676' title='bbox 3439 5690 3650 5749; x_wconf 86' lang='lat' dir='ltr'><strong><em>edaces</em></strong></span> <span class='ocrx_word' id='word_1_677' title='bbox 3677 5693 3842 5778; x_wconf 66' lang='lat' dir='ltr'><strong><em>sunt,</em></strong></span> 
     </span>
    </p>
   </div>
  </div>
