4132 6434
321 300 439 361 ssi
1193 280 1202 290 ’
1355 292 1674 357 GEORGII
1717 292 1981 355 CYPRII
2026 291 2141 353 cp.
2193 292 2718 354 PATRIAItCHE
3622 298 3745 359 452

399 431 522 487 Viro
552 430 687 486 bene
706 426 932 485 habenti
957 428 1126 485 amici
1153 427 1380 485 adsunt.
1499 457 1507 464 -
1999 429 2031 491 Α

1999 429 2056 492 Α
2157 421 2381 499 Ἀνδρὸς
2411 422 2596 487 καλῶς
2626 424 2962 499 πράσσοντος
2995 421 3219 503 ἔγγιστα
3249 425 3425 505 φίλοι.

397 521 519 576 Viro
547 518 715 574 malis
743 518 953 589 afﬂicto
980 518 1151 574 amici
1178 525 1309 575 sint
1332 517 1548 590 procul.

2158 511 2381 590 Ἀνδρὸς
2410 518 2589 576 κακῶς
2618 515 2953 591 πράσσοντος
2982 513 3225 572 ἐκποδὼν
3258 515 3433 595 φίλοι.
3466 559 3474 567 -

398 608 587 680 Vulpes
617 609 802 664 bovem
826 609 1046 664 incitat.
1078 606 1160 663 De
1191 612 1421 663 statura
1449 610 1508 665 et
1545 604 1698 663 mole
1736 605 1974 678 quidem

2158 601 2417 674 ’Δλώπηξ
2490 603 2582 658 τὸν
2654 604 2781 679 βοῦν
2851 602 3083 664 ἐλαύνει.
3132 606 3252 661 Ἐπὶ
3316 612 3424 663 τῶν
3494 604 3738 686 δολερῶν

318 698 570 771 exiguis,
614 697 717 753 sed
769 694 1008 764 dolosis,
1053 695 1151 767 qui
1218 711 1490 769 magnos,
1535 695 1639 751 sed
1688 697 1950 751 amentes

2103 688 2172 744 ιαὶ
2244 694 2472 766 μικρῶν,
2538 689 2693 765 ὅμως
2756 690 2815 747 δὲ
2883 691 3155 771 μεγάλους
3215 697 3735 770 καταγωνιζομὲνων

319 789 679 860 expugnant.

2085 780 2336 859 ἄφρονας.

389 877 516 949 Ipsa
542 874 661 933 dies
706 874 1031 947 quandoque
1069 890 1298 946 parens,
1347 873 1676 946 quandoque
1722 888 1970 928 noverca.

2152 867 2392 927 Ἀλλοτε
2460 872 2699 947 μητρυιή
2773 870 2927 929 πὲλέι
2998 871 3200 948 ἡμέρα,
3251 870 3455 930 ἄλλοτε
3523 877 3733 956 μήτηρ.

317 963 399 1021 De
443 963 519 1020 iis
559 963 662 1036 qui
710 963 1008 1020 interdum
1036 963 1285 1031 faustos,
1335 961 1633 1018 interdum
1683 961 1949 1017 infausto:

2098 958 2203 1015 Επὶ
2250 964 2361 1015 τῶν
2406 961 2540 1018 ποτὶ
2590 960 2684 1036 μὲν
2736 959 3171 1038 εὐημερούντων,
3206 960 3408 1019 ἄλλοτε
3456 960 3514 1019 δὲ
3564 961 3730 1037 δυση-

317 1052 446 1110 dies
472 1053 718 1110 ducunt.

2085 1048 2393 1122 μερούντων
2404 1094 2417 1107 .

386 1142 568 1200 Simul
595 1142 688 1214 da,
717 1143 887 1199 simul
914 1143 1113 1214 accipe.
1148 1140 1392 1207 Quando
1435 1156 1569 1197 cum
1601 1156 1667 1196 eo
1698 1139 1792 1195 cui
1825 1139 1971 1196 ﬁdes

2151 1138 2307 1210 Ἅμα
2381 1134 2532 1194 δίδου
2607 1139 2697 1193 καὶ
2754 1135 3020 1214 λάμϐανε.
3071 1142 3232 1195 Ὅταν
3294 1142 3431 1218 πρὸς
3506 1144 3728 1201 ἄπιστον

317 1231 589 1289 habenda
620 1248 736 1288 non
767 1236 859 1287 est
886 1231 1100 1305 negotii
1132 1229 1358 1303 aliquid
1386 1228 1794 1302 transigimus.

927 1231 1100 1305 egotii
1132 1229 1358 1303 aliquid
1386 1228 1794 1302 transigimus.
2080 1224 2558 1302 συναλλάσσωμεν.

388 1324 665 1378 Garbones
682 1320 991 1378 thesaurus.
1028 1319 1110 1377 De
1140 1319 1215 1376 iis
1244 1318 1346 1392 qui
1375 1319 1500 1392 spei
1530 1335 1652 1375 suae
1692 1333 1967 1373 successu

2149 1317 2446 1390 Ἀνθρακες
2497 1318 2526 1371 ὁ
2572 1317 2841 1392 θησαυρὸς
2889 1316 3129 1394 γέγονεν.
3179 1318 3301 1379 Ἐπὶ
3344 1325 3450 1376 τῶν
3509 1320 3592 1401 ἐφ’
3646 1324 3731 1387 οἷς

314 1408 620 1468 falluntur.

2079 1401 2316 1475 ἤλπισαν
2352 1403 2795 1480 διαψευσθέντων.

380 1498 422 1555 Α
453 1498 808 1573 tardigradis
836 1496 1012 1555 asinis
1043 1511 1214 1569 equus
1239 1496 1489 1568 prosiliit
1509 1496 1607 1567 (1).

2148 1493 2284 1549 Ἀπὸ
2306 1498 2415 1549 τῶν
2449 1492 2829 1570 βραδυσκελῶν
2863 1491 3000 1551 ὄνων
3025 1495 3196 1561 Ἵππος
3228 1495 3487 1575 ὤρουσεν.

387 1603 583 1662 Omnia
613 1606 948 1677 sapientibus
973 1603 1278 1677 facillima.
1312 1601 1392 1659 De
1420 1601 1492 1659 iis
1525 1600 1624 1674 qui
1656 1598 1967 1674 prudentia

2149 1605 2397 1656 ’Ἃπαντα
2436 1607 2555 1665 τοῖς
2607 1607 2798 1681 σσφοῖς
2838 1600 3057 1667 εὔκολα.
3091 1603 3213 1662 Ἐπὶ
3253 1609 3363 1661 τῶν
3436 1604 3525 1663 διὸ
3592 1609 3723 1689 φρό-

306 1710 403 1751 res
431 1695 608 1751 etiam
640 1692 908 1751 difﬁciles
939 1698 1241 1766 superant.

2076 1713 2138 1761 νη
2149 1712 2229 1745 σιν
2264 1693 2479 1745 πάντων
2511 1712 2609 1768 περ
2622 1693 2959 1767 ιγενομὲνων.

380 1783 665 1857 Argenteis
692 1784 867 1841 hastis
890 1799 1101 1857 pugna,
1133 1791 1185 1839 et
1212 1783 1460 1839 omnium
1487 1782 1661 1837 victor
1686 1783 1798 1835 eris
1828 1780 1925 1852 (2).
1992 1795 2012 1861 ]

2143 1785 2434 1856 ’Δργυραῖς
2520 1778 2752 1857 λόγχαις
2819 1781 3021 1858 μάχου,
3087 1784 3178 1838 καὶ
3236 1785 3451 1840 πάντων
3518 1789 3726 1863 κρατή-

2069 1891 2201 1932 σεις.

381 1965 582 2021 Onmis
609 1962 838 2020 echinus
865 1977 1030 2036 asper
1055 1964 1154 2018 est.

2139 1961 2315 2021 ’Ἅπας
2348 1957 2533 2035 ἐχῖνος
2563 1960 2791 2035 τραχύς.

381 2052 564 2110 Utrem
625 2055 869 2109 exorias.
937 2057 1004 2107 In
1069 2066 1169 2106 eos
1236 2050 1338 2123 qui
1405 2048 1750 2121 insipienter
1816 2048 1957 2120 quid

1941 2048 1957 2102 Ι
2142 2048 2333 2103 Ἀσκὸν
2366 2045 2560 2123 δέρεις.
2594 2049 2714 2104 Ἐπὶ
2746 2054 2853 2105 τῶν
2883 2051 3129 2122 ἀνοήτως
3158 2072 3207 2106 τι
3247 2052 3573 2114 ποιούντων.

307 2146 514 2215 agunt.

377 2230 637 2288 Tibicinis
664 2233 841 2288 vitam
867 2232 1030 2287 vivis.
1064 2229 1127 2285 In
1166 2244 1266 2285 eos
1294 2227 1393 2299 qui
1423 2228 1494 2284 de
1517 2227 1706 2284 alieno
1737 2226 1955 2284 vivunt.

2141 2226 2398 2299 Αύλητοῦ
2451 2228 2565 2305 βίον
2611 2232 2725 2303 ζῇς.
2764 2229 2883 2285 Ἐπὶ
2926 2233 3033 2285 τῶν
3081 2229 3131 2301 ἐξ
3177 2227 3485 2309 ἀλλοτρίων
3542 2232 3720 2308 βιούν-

2066 2336 2171 2371 των
2184 2361 2197 2373 .

376 2410 533 2479 Lues,
564 2410 822 2483 porcelle,
856 2410 1042 2465 acinos
1070 2409 1343 2465 vinaceos.
1375 2406 1597 2478 Nempe
1625 2422 1753 2477 quas
1784 2404 1958 2461 edisti

2136 2405 2466 2479 ’Δποτίσεις,
2513 2410 2692 2483 χοῖρε,
2745 2405 2994 2484 γίγαρτα.
3046 2413 3223 2479 Ἤτοι,
3268 2407 3303 2463 ἃ
3347 2405 3535 2487 ἔφαγες
3582 2410 3720 2467 ἀπο-

304 2497 544 2558 reddes.

2068 2491 2282 2558 δώσεις.

375 2587 703 2661 Supremam
746 2588 919 2661 pravi
952 2589 1133 2660 jactus
1164 2587 1425 2668 pervenit
1452 2585 1528 2641 ad
1573 2585 1727 2640 Alen.
1763 2583 1844 2639 De
1882 2582 1956 2640 iis

2137 2584 2448 2655 Ἀπήντησε
2502 2589 2671 2640 κακοῦ
2731 2585 2903 2661 βουλή
2962 2586 3098 2663 πρὸς
3158 2587 3460 2664 ὑπερτάτην
3516 2595 3709 2661 ’¹Δτην.

304 2676 408 2750 qui
438 2676 607 2733 factis
636 2677 763 2733 suis
792 2677 971 2750 digna
1001 2676 1429 2749 perpetiuntur.

2065 2672 2187 2727 Ἐπὶ
2216 2678 2323 2728 τῶν
2367 2673 2692 2749 πασχόντων
2728 2671 2846 2745 ἄξια
2878 2676 2951 2729 ὧν
2985 2672 3234 2752 ἔδρασαν.

378 2766 551 2824 Athos
579 2767 865 2823 obumbrat
892 2767 1132 2823 Lemnia
1162 2766 1309 2822 latus
1342 2766 1490 2821 bovis
1522 2762 1621 2837 (3).

2137 2763 2316 2824 ’Ἄθως
2342 2760 2607 2818 καλύπτει
2639 2762 2849 2839 πλευρά
2878 2764 3127 2838 Λημνίας
3170 2765 3321 2841 βοός.

374 2857 418 2911 Α
451 2872 598 2912 remo
626 2855 698 2912 ad
724 2862 1058 2928 suggestum.
1089 2861 1152 2911 ln
1184 2872 1283 2912 eos
1313 2854 1415 2927 qui
1446 2870 1540 2910 res
1571 2869 1816 2925 magnas
1854 2870 1953 2909 su-

2136 2852 2269 2908 Ἀπὸ
2322 2852 2516 2923 κώπης
2568 2850 2656 2907 ἐπὶ
2710 2853 2883 2935 βῆμα*
2954 2851 3076 2909 Ἐπί
3128 2858 3235 2910 τῶν
3294 2854 3504 2931 ἀθρόως
3552 2855 3710 2933 μεγί-

302 2944 425 3001 bito
457 2945 896 3018 aggrediuntur.
1070 2936 1075 2941 ’

1070 2936 1075 2941 ’
2063 2961 2210 3003 στοις
2232 2939 2646 3018 ἐγχειρούντων.

375 3035 626 3106 Teipsum
667 3050 781 3090 non
809 3034 982 3100 alens,
1009 3050 1173 3089 canes
1220 3033 1353 3089 alis.
1400 3033 1463 3087 In
1512 3048 1611 3087 eos
1660 3031 1783 3103 qui,
1816 3048 1951 3087 cum

2131 3029 2304 3087 Αὐτὸν
2387 3029 2449 3085 οὐ
2532 3030 2767 3109 τρέφων,
2836 3032 3000 3094 κύνας
3077 3027 3313 3111 τρέφεις.
3392 3034 3512 3089 Ἐπὶ
3601 3039 3710 3091 τῶν

295 3122 410 3195 ipsi
459 3127 770 3180 versentur
830 3123 889 3178 in
941 3126 1303 3195 paupertate,
1354 3120 1489 3177 aliis
1537 3137 1601 3177 se
1670 3119 1927 3177 alimenti

300 3212 644 3235 _.._L2L--..-_
678 3211 1005 3235 .J-_2-..L-__

2080 3119 2406 3196 ἱπορούντων
2467 3120 2562 3193 μὲν
2612 3119 2831 3183 ἑαυτοὺς
2887 3121 3121 3200 τρέφειν,
3179 3120 3385 3185 ἄλλους
3436 3120 3493 3178 δὲ
3551 3122 3712 3202 ἐπαγ-

2084 3206 2418 3235 --ἸἹ---Ι..,-.,.

297 3212 646 3285 prabituros
675 3211 1028 3285 gloriantur.

809 3212 1028 3269 iantur.
1978 3206 2021 3235 υ
2060 3206 2441 3284 γελλομένων.

370 3300 519 3358 Salis
546 3300 887 3358 medimnum
915 3301 1201 3358 devorans.
1238 3302 1301 3356 In
1335 3300 1615 3373 ingratos.

2130 3297 2309 3354 Ἃλῶν
2409 3296 2669 3373 μέδιμνον
2746 3300 3067 3379 ἀποφαγὼν.
3143 3301 3262 3356 Ὲπὶ
3327 3306 3432 3357 τῶν
3511 3303 3705 3379 ἀχαρί-

2060 3408 2221 3442 στων.

375 3479 591 3536 Currus
622 3480 808 3537 bovem
828 3479 1096 3537 trahit.In
1126 3483 1505 3554 praespostere
1522 3477 1663 3550 quid
1687 3482 1944 3550 agentes.

2129 3478 2345 3550 ’Ἁμαξα
2397 3478 2487 3532 τὸν
2551 3478 2678 3553 βοῦν
2738 3477 2906 3538 ἕλκει.
2964 3479 3085 3534 Ἐπὶ
3160 3485 3265 3535 τῶν
3340 3480 3707 3561 ἀντιστρόφως

2055 3586 2106 3619 τι
2138 3567 2465 3621 ποιούντων.

364 3658 719 3716 Plaustralia
747 3663 932 3717 verba.
964 3660 1081 3716 Hoc
1112 3666 1219 3729 est,
1253 3660 1518 3732 ingentes
1540 3659 1858 3730 jactantiaa.

2127 3657 2187 3711 *Α
2200 3658 2420 3728 μαξιαῖα
2451 3656 2690 3733 ματα.
2717 3658 2835 3711 Έπί
2864 3662 2971 3712 τῶν
3008 3656 3257 3735 μεγάλων
3290 3658 3490 3735 λόγων.

362 3748 535 3804 Homo
580 3750 856 3819 euripus:
906 3750 1104 3806 anima
1152 3750 1373 3821 euripus
1401 3764 1419 3801 :
1471 3763 1627 3804 mens
1674 3734 1944 3820 euripus}

2130 3746 2451 3821 ’Ἄνθρωπος
2508 3741 2753 3821 εὔριπος,
2806 3747 2895 3802 καὶ
2951 3734 3129 3824 ψυχῆ,
3178 3748 3267 3803 καὶ
3337 3734 3567 3822 διάνοια,
3617 3749 3704 3805 καὶ

294 3839 438 3894 ratio
465 3839 713 3910 euripus.
748 3840 811 3894 In
843 3838 1113 3895 homines
1141 3838 1379 3894 lubricae
1420 3837 1576 3895 fidei.

2052 3833 2272 3911 τρόπος.
2310 3834 2429 3889 Ἐπὶ
2457 3838 2563 3889 τῶν
2599 3834 2764 3911 ῥᾷστα
2797 3831 3315 3910 μεταϐαλλομένων,

356 3927 539 3983 Periit
564 3943 680 3996 sus,
710 3930 762 3985 et
792 3927 1086 3996 talentum,
1117 3936 1167 3984 et
1194 3927 1439 3983 maxilla
1469 3926 1567 3999 (4).

2123 3921 2447 3979 ’Δπόλωλεν
2497 3926 2532 3994 ἡ
2586 3924 2664 3995 ὗς,
2705 3923 2795 3980 καί
2860 3925 2923 3981 τὸ
2983 3923 3268 4001 τάλαντον,
3317 3927 3407 3983 καὶ
3468 3931 3503 3998 ἡ
3571 3930 3701 4005 γνά-

1516 4062 1525 4073 .
2053 4025 2165 4077 θος.

359 4108 618 4166 Gonvivz
657 4108 852 4163 amicis
897 4123 1005 4164 non
1072 4108 1253 4163 vocati
1309 4107 1481 4162 amici
1540 4113 1689 4162 eunt.
1739 4104 1943 4163 Simile

2123 4101 2355 4174 Ἀκλητὶ
2427 4102 2773 4177 κωμάζουσιν
2847 4103 2899 4167 ἐς
2975 4102 3169 4184 φίλους
3235 4106 3409 4184 φίλοι.
3468 4110 3699 4182 Ὅμοιον

289 4195 466 4253 huic:
498 4196 702 4270 Sponte
758 4198 912 4254 bonis
969 4212 1085 4253 mos
1140 4201 1219 4252 est
1273 4197 1530 4252 convivia
1572 4194 1727 4252 adire
1778 4195 1921 4252 bono

2070 4192 2139 4248 ιαὶ
2217 4193 2300 4265 τὸ,
2355 4191 2669 4266 Αὐτόματοι
2728 4190 2773 4247 δ’
2837 4193 3027 4271 ἀγαθοὶ
3097 4194 3310 4272 ἀγαθῶν
3382 4195 3470 4252 ἐπὶ
3547 4194 3702 4253 δαῖτα

284 4302 425 4342 rum
453 4286 552 4359 (5).

2049 4280 2136 4337 ἷάσ
2144 4304 2185 4337 ιν
2197 4325 2209 4339 .

354 4376 576 4445 Aperta
606 4374 886 4432 Musarum
910 4379 1056 4449 fores
1084 4375 1183 4448 (6).

2120 4372 2487 4447 Ἀνεῳγμὲναι
2518 4376 2747 4427 Μουσῶν
2781 4371 2957 4446 θύραι.

353 4467 715 4535 Magistratus
739 4467 927 4522 virum
956 4466 1299 4522 demonstrat
1327 4465 1424 4537 (7).

1192 4473 1299 4521 trat
2120 4462 2298 4538 ’Δρχή
2334 4457 2503 4537 ἄνδρα
2538 4458 2824 4533 δείκνυσιν.

353 4555 452 4610 Sal
485 4555 627 4612 abiit
654 4555 792 4611 illuc
838 4556 986 4612 unde
1013 4554 1412 4611 dimanaverat.
1445 4553 1525 4610 De
1556 4553 1732 4610 rebus
1784 4552 1937 4610 male
1966 4543 1985 4608 l

2117 4548 2295 4608 Ἁλῶν
2351 4548 2408 4605 δὲ
2480 4549 2704 4629 φόρτος,
2754 4548 2900 4616 ἔνθεν
2972 4550 3161 4621 ἦλθεν,
3223 4550 3327 4617 ἔνθ’
3398 4548 3521 4625 ἔϐη.
3573 4555 3696 4611 Ἐπὶ

281 4642 590 4717 acquisitis
640 4648 699 4701 et
742 4645 1001 4701 amissis.
1054 4644 1374 4701 Mercatore
1420 4644 1579 4699 enim
1632 4641 1815 4699 salem
1875 4642 1913 4697 ii

2066 4642 2149 4694 :ibv
2181 4643 2361 4701 κακῶς
2418 4637 2721 4710 κτηθέντων
2777 4639 2867 4695 καὶ
2925 4639 3358 4713 ἀποκτηθέντων.
3412 4645 3698 4722 Ἕμπορος

283 4733 417 4790 navi
445 4733 694 4791 vehente
724 4735 941 4791 fluctus
972 4733 1452 4806 supervenientes
1484 4731 1669 4789 salem
1691 4732 1753 4787 in
1787 4749 1914 4789 mar

2063 4727 2149 4805 {dp
2217 4725 2352 4790 ἅλας
2421 4726 2812 4806 ἐπιφερόμενος
2860 4727 2912 4784 ἐν
2957 4731 3073 4803 νηῒ,
3116 4727 3397 4794 κλύδωνος
3459 4730 3695 4810 ἐπιγενο-

285 4825 636 4880 merserunt.

2051 4815 2234 4890 μένου,
2269 4815 2396 4879 τοὺς
2420 4813 2556 4879 ἅλας
2586 4816 2638 4872 ἐν
2668 4820 2739 4892 τῇ
2771 4816 3011 4893 θαλάσσῃ
3039 4813 3331 4881 ἀπᾶϐαλυ.

354 5068 434 5142 (l)
464 5069 547 5125 De
586 5068 661 5128 iis
717 5070 815 5144 qui
871 5074 945 5129 ab
1001 5072 1229 5145 exiguis
1289 5070 1360 5127 ad
1419 5071 1645 5143 majora
1700 5085 1936 5143 progre-
2120 5069 2197 5211 (5;
2231 5069 2309 5124 De
2340 5068 2425 5151 iis.
2444 5068 2546 5140 qui
2568 5085 2685 5124 non
2715 5069 2901 5125 vocati
2933 5068 3146 5128 alicubi
3175 5086 3237 5127 se
3267 5070 3626 5130 immiscent.

285 5140 546 5197 diuntur.
2117 5142 2175 5210 (6
2258 5141 2333 5196 De
2389 5156 2462 5195 ns
2539 5140 2638 5211 qui
2697 5145 2968 5211 prompte
3015 5148 3073 5198 et
3147 5143 3416 5199 alacriter
3471 5160 3626 5211 suaq

350 5146 546 5197 untur.
738 5143 747 5144 “
1102 5143 1120 5145 “
2117 5143 2195 5211 (6)
2258 5143 2333 5196 De
2389 5143 2462 5195 iis
2539 5143 2638 5211 qui
2697 5145 2968 5213 prompte
3015 5148 3073 5198 et
3147 5143 3416 5199 alacriter
3471 5158 3697 5216 suaque

359 5212 436 5284 (2)
468 5212 646 5288 Quasi
693 5214 885 5288 dicat,
903 5218 1061 5272 Auro
1110 5213 1633 5288 omnia_subiges._
1666 5212 1936 5288 Pliilippo
2046 5216 2275 5284 sponte,
2308 5211 2801 5283 przestantissima
2829 5213 2888 5269 in
2935 5229 3165 5287 quaque
3197 5214 3509 5288 disciplina
3537 5231 3697 5272 asse-

218 5332 221 5335 .
284 5284 576 5368 autemid
608 5285 1061 5370 oraculidstum
1084 5290 1155 5343 ab
1187 5284 1937 5370 ApollineJioc-indicante,
2047 5289 2372 5370 quantum"
2448 5368 2459 5370 ξ
2526 5353 2536 5364 .

281 5355 479 5429 ipsum
510 5373 611 5427 per
639 5358 1029 5429 proditionem
1061 5354 1325 5415 omnium
1360 5358 1479 5413 fore
1508 5358 1811 5412 victorem.
2062 5354 2081 5356 “
2119 5356 2195 5427 (7)
2226 5354 2305 5411 De
2334 5354 2409 5409 iis
2438 5354 2539 5425 qui
2572 5357 2888 5427 antequam
2918 5356 2991 5412 ad
3026 5358 3436 5431 magistratum
3471 5358 3695 5414 admoti

358 5427 436 5493 (3)
467 5429 629 5493 Quod
661 5430 718 5484 in
742 5430 959 5485 Lemno
982 5432 1087 5487 bos
1118 5438 1273 5485 esset
1288 5447 1357 5484 ex
1387 5429 1519 5484 albo
1539 5426 1936 5483 confectusla-
2046 5434 2205 5493 sunt,
2258 5425 2542 5482 moderati
2575 5442 2704 5481 esse
2754 5426 3049 5493 videntur,
3082 5431 3138 5485 in
3195 5428 3293 5485 illo
3325 5437 3521 5485 autem
3570 5433 3695 5493 jam

316 5428 319 5429 ⁷
348 5428 436 5553 33)
467 5428 718 5493 Quod’in
742 5430 959 5485 Lemno
982 5432 1087 5487 bos
1118 5438 1273 5485 esset
1288 5447 1357 5484 ex
1387 5429 1519 5484 albo
1539 5428 1936 5483 confectusla-
2046 5434 2205 5495 sunt,
2258 5428 2542 5482 moderati
2575 5442 2704 5481 esse
2754 5428 3049 5496 videntur,
3082 5428 3152 5485 in'
3195 5428 3293 5485 illo
3325 5437 3521 5485 autem
3569 5433 3695 5503 jam

283 5499 341 5581 pi
378 5515 439 5582 ε,
472 5516 646 5582 quem
679 5501 1064 5582 Attiosmons
1097 5502 1425 5582 obumbrat.
1462 5500 1706 5582 Dicitur"
1738 5505 1933 5582 autem
2045 5498 2371 5582 constituti,
2432 5497 2709 5582 improbi;
2732 5501 3559 5582 ‘apparent.__Theoplirastus
3638 5501 3698 5556 in

282 5543 341 5624 iii
364 5543 509 5643 ilio;
535 5573 635 5642 qui
672 5569 943 5629 molestia
973 5578 1073 5628 aut
1104 5574 1320 5628 damno
1352 5571 1583 5643 aliquos
1611 5572 1897 5626 afﬁciunt.
2044 5586 2216 5643 opere
2243 5570 2319 5643 De
2344 5543 2650 5638 parcamus.
2682 5543 3023 5628 Aliirtiutem
3056 5571 3260 5631 dicunt
3282 5543 3538 5631 rSolonis
3567 5589 3697 5630 esse

332 5641 426 5724 (4.)
441 5640 503 5698 In
534 5640 670 5699 eum
715 5644 976 5724 quiquae
1008 5649 1343 5724 speraverat
1361 5640 1583 5724 nonest
1604 5649 1933 5700 assecutus.
2044 5640 2499 5715 apophthegma.

278 5709 513 5778 Dictum
542 5709 838 5791 porro—est
861 5709 934 5773 de
965 5709 1188 5791 nuptiis
1218 5732 1337 5774 non
1364 5714 1558 5775 factis.
