4132 6438
438 341 559 409 453

1585 342 2213 408 PROVERBIORUM
2258 342 2715 407 COLLEGTIO.

3734 342 3856 405 454

510 475 809 555 Ἀργαλέον
914 475 1209 555 φρονέοντα
1306 478 1618 556 παράφροσι
1716 475 1881 534 πόλλ’
1960 477 2091 554 ἀγο-

2280 483 2501 535 Durum
2526 478 2673 551 apud
2700 480 2938 535 amentes
2968 475 3232 549 prudenti
3278 476 3456 535 multa
3499 480 3736 552 profari.
3788 478 3852 537 In

440 567 613 645 ρεόειν
624 610 637 623 .

509 657 642 728 Ἀνή
694 654 891 727 λεοντῆ
973 657 1049 731 μὴ
1130 655 1392 730 ἐξίκηται,
1452 661 1522 732 τῇ
1594 656 1859 733 ἀλωπεκῇ
1931 652 2097 733 πρόσο

439 748 597 820 αψον.
629 745 753 801 Ἐπὶ
807 749 923 801 τῶν
962 750 1207 825 φανερῶς
1266 747 1360 820 μὲν
1425 744 1683 823 βλάπτειν
1736 748 1812 821 μή
1865 744 2094 821 δυναμέ-

438 856 565 907 νων,
600 834 905 911 πανουργίᾳ
938 831 996 890 δὲ
1025 834 1350 912 χρωμένων.

514 922 766 998 Ἀρύτρῳ
850 923 1167 993 ἀκοντίζεις.
1260 923 1383 980 Ἐπὶ
1465 928 1574 980 τῶν
1681 923 1963 988 ἀσκέπτως
2044 946 2099 980 τι

443 1012 777 1069 ποιούντων.

518 1103 697 1179 Αὐτὰρ
726 1104 762 1172 ἡ
794 1101 944 1179 πάγη
977 1098 1122 1159 ἔοικε
1153 1100 1420 1177 λήψεσθαι
1451 1100 1649 1180 πάγην.

518 1189 699 1249 Αὐτοῦ
728 1189 937 1264 Ῥόδος,
969 1190 1136 1247 αὐτοῦ
1170 1188 1428 1265 πήδημα.

517 1369 781 1430 Βοιώτιος
851 1372 979 1432 νοῦς
1048 1370 1147 1444 (1).
1215 1367 1335 1426 Ἐπί
1406 1374 1514 1425 τῶν
1590 1366 1949 1429 ἀπαιδεύτων.
2004 1369 2099 1434 Εἰς

444 1461 604 1513 τοῦτο
630 1457 733 1534 γὰρ
764 1457 847 1513 ἀεὶ
879 1454 1223 1528 ώνειδίζοντο
1251 1459 1303 1514 o't
1334 1456 1587 1515 Βοιωτοί.

515 1546 778 1609 Βοιώτιος
836 1546 1033 1621 νόμος.
1092 1546 1214 1602 Ἐπὶ
1278 1552 1386 1603 τῶν
1445 1549 1561 1603 κατ’
1600 1547 1777 1624 ἀρχὰς
1831 1548 2103 1625 ἠρεμούν-

442 1655 575 1707 των,
609 1632 831 1711 ὕστερον
863 1632 921 1690 δὲ
947 1634 1343 1711 ταρασσόντων.

518 1722 753 1787 Βάσανος
811 1721 987 1788 λίθος.
1053 1724 1178 1782 Ἐπὶ
1252 1730 1359 1780 τῶν
1428 1725 1821 1802 ἐξεταζομένων
1882 1726 1933 1782 ἐν
2005 1726 2097 1783 λό-

446 1833 589 1890 γοις·
622 1812 880 1890 παρόσον,
914 1815 977 1869 Ἡ
1006 1810 1177 1869 Λυδία
1202 1813 1354 1877 λίθος
1383 1816 1475 1871 τὸν
1507 1816 1732 1894 χρυσόν.

522 1993 756 2047 Βοιώτια
810 1992 1124 2068 αἰνίγματα,
1188 1993 1307 2048 Ἐπὶ
1363 1998 1472 2049 τῶν
1536 1995 1826 2053 ἀσυνέτων.
1885 1998 2098 2067 Βοιωτή

453 2081 560 2158 γὰρ
590 2083 626 2151 ἡ
659 2080 851 2159 Σφίγξ.

517 2174 652 2233 Βοῦς
717 2168 807 2225 ἐπὶ
877 2167 1158 2245 γλώσσης.
1211 2171 1333 2227 Ἐπὶ
1391 2175 1501 2228 τῶν
1579 2170 2099 2250 δωροδοκουμὲνων,

447 2256 536 2315 διὰ
561 2258 627 2314 τὸ
656 2261 765 2314 τῶν
797 2258 1097 2329 ’Δθηναίων
1130 2257 1376 2335 νόμισμα
1410 2260 1539 2337 βοῦν
1573 2259 1742 2339 ἔχειν.

524 2525 657 2582 Γόνυ
720 2528 940 2601 κνήμης
1016 2524 1217 2603 ἔγγιον.
1262 2528 1384 2584 Ἐπὶ
1432 2532 1539 2583 τῶν
1606 2529 1828 2594 ἑαυτοὺς
1887 2529 2101 2605 μᾶλλον

453 2615 651 2693 ἑτέρων
672 2616 1034 2692 ἀγαπώντων.

524 2706 757 2779 Γὲροντα
787 2703 834 2763 δῖ
871 2704 1065 2782 ὀρθοῦν
1100 2707 1343 2784 φλαῦρον
1375 2707 1435 2770 ὃς
1464 2709 1585 2771 νέος
1615 2710 1772 2784 πέσῃ,

527 2793 759 2850 Γλυκεῖα
807 2793 1019 2872 ὀπώρα,
1069 2793 1314 2873 φύλακος
1365 2794 1776 2862 ἐκλελοιπότος.
1825 2800 1947 2857 Ἐπὶ
1994 2804 2101 2855 τῶν

460 2879 583 2938 ἄνευ
616 2883 829 2961 μόχθου
857 2884 925 2939 τά
955 2882 1223 2959 ἀλλότρια
1250 2884 1667 2961 καρπουμένων.

528 2976 698 3047 Γραῦς
750 2971 1027 3049 βακχεύει.
1091 2973 1213 3028 Ἐπὶ
1277 2978 1385 3030 τῶν
1452 2976 1580 3052 παρ’
1651 2975 1794 3053 ὥραν
1865 2999 1917 3033 τι
1987 2975 2104 3033 δια-

457 3060 866 3138 πραττομένων.

529 3153 716 3226 Γραῶν
749 3148 926 3209 ὕθλοι.

528 3238 767 3317 Γαστὲρα

458 3327 725 3385 ἁπάντων·
793 3331 861 3385 Ἣ
925 3329 1150 3407 πλήρης
1225 3332 1318 3406 μὲν

464 3417 671 3495 βαρεῖα.

529 3512 639 3577 Γῆς
675 3506 863 3584 βάρος.
896 3508 1018 3563 Ἐπὶ
1046 3513 1156 3564 τῶν
1183 3509 1499 3587 ἀχρήστων.

528 3594 737 3660 Γλυκὺς
769 3597 980 3675 ἀπείρῳ
1008 3596 1276 3672 πόλεμος.

527 3688 700 3760 Γραῦς
799 3684 1210 3763 ἀνακροτήσασα
1316 3686 1491 3744 πολὺν
1592 3693 1872 3768 κονιορτὸν
1980 3692 2110 3769 ἐγεί-

458 3795 561 3852 ρει.
614 3774 737 3830 Ἔπὶ
805 3779 913 3831 τῶν
983 3772 1053 3831 δι’
1118 3774 1399 3854 ἐμπειρίαν
1449 3776 1637 3834 πολλὰ
1686 3779 1978 3859 πράγματα
2022 3805 2106 3839 κι-

458 3885 724 3921 νουντων.

533 3952 705 4029 Γύγου
738 3950 1049 4017 δακτύλιος.
1082 3954 1204 4011 Ἐπὶ
1233 3960 1340 4011 τῶν
1370 3955 1809 4034 πολυμηχάνων.

534 4042 877 4119 Γυμνότερος
905 4043 1204 4101 παττάλου.

531 4132 670 4202 Γυνή
721 4139 1016 4209 στρατηγεῖ
1080 4134 1170 4189 καὶ
1234 4136 1369 4211 γυνή
1434 4135 1931 4211 στρατοπεδεύεται.
1987 4142 2109 4197 Ἐπὶ

457 4222 565 4275 τῶν
594 4217 931 4297 παραδόξων.

533 4308 752 4365 Γυναικὶ
786 4310 863 4384 μὴ
895 4309 1111 4367 πίστευε
1143 4310 1273 4386 μηδ’
1303 4311 1427 4369 ὅταν
1462 4314 1619 4389 θάνῃ.

531 4396 713 4462 Γέλως
750 4399 1014 4463 Ἰωνικός.
1048 4401 1171 4456 Ἐπὶ
1215 4406 1323 4457 τῶν
1374 4400 1771 4479 ἐκλελυμένων.
1804 4406 1898 4471 Εἰς
1947 4412 2109 4465 τοῦτο

454 4484 559 4565 γὰρ
590 4492 774 4550 ’Ίωνες
809 4482 1193 4547 διεϐάλλοντο.

530 4575 709 4650 Γὲρων
736 4575 970 4650 ἀλώπηξ
1001 4578 1109 4657 οὐχ
1138 4577 1206 4635 ἀλ
1218 4579 1440 4639 ίσκεται.

528 4662 743 4721 Γλαῦκα
809 4666 887 4729 εἰς
938 4669 1194 4739 Ἀθήνας.
1246 4670 1368 4726 Ἐπὶ
1428 4675 1535 4727 τῶν
1597 4670 2110 4750 ἐπιδεδεικνυμένων

451 4752 590 4827 πρὸς
636 4754 763 4818 τοὺς
812 4752 1022 4820 εἰδότας
1069 4759 1205 4835 ἅπερ
1254 4756 1476 4833 ἄμεινον
1542 4760 1706 4818 αὐτοῦ
1769 4759 1935 4822 ἴσασι.
1990 4765 2107 4821 Ὀτι

454 4840 665 4899 πολλαὶ
698 4843 773 4906 εἷς
803 4845 1034 4917 Ἀθήνας
1064 4845 1315 4924 γλαῦκες.

529 4930 708 5009 Γέρων
744 4934 873 5008 βοῦς
906 4933 1205 5007 ἀπένθητος
1236 4936 1288 4993 ἐν
1323 4933 1593 5012 δόμοισιν.

1407 3330 1764 3411 ἐλαφροτέρα,
1832 3334 1986 3391 κενεὰ
2051 3333 2109 3390 δὲ

449 5149 602 5275 Εῡὲρ
633 5150 724 5211 Ὗς
753 5167 867 5219 sus,
926 5155 1083 5226 apud
1148 5154 1539 5227 Apostolium.
1599 5161 1750 5213 cent.
1811 5174 1864 5225 v,
1924 5176 1983 5214 n.
2016 5160 2107 5215 80.

523 5292 693 5371 (2)__ln
727 5311 826 5351 eos
850 5297 965 5371 qui
1028 5298 1097 5371 de
1156 5315 1217 5371 re
1273 5300 1556 5371 quapiam
1613 5315 1742 5354 sese
1782 5303 2043 5371 jactant;
2077 5320 2112 5358 a

450 5362 681 5491 ἓξὲξὲῗ
712 5362 965 5436 quodam
1002 5370 1101 5440 qui
1132 5369 1205 5426 ob
1237 5362 1453 5426 saltum
1504 5362 1818 5441 gloriosius
1868 5389 1996 5429 sese
2033 5362 2113 5429 ef-

524 5506 604 5649 (3)
636 5507 869 5563 Dictum
903 5512 962 5567 in
995 5512 1183 5567 ventri
1216 5512 1464 5568 deditos.

524 5578 577 5649 (4
637 5580 711 5634 De
741 5580 814 5634 iis
844 5584 944 5649 qui
977 5599 1045 5639 ex
1077 5584 1369 5649 imperitia
1403 5599 1465 5639 se
1499 5583 1558 5639 in
1602 5585 1859 5649 pericula
1907 5589 2079 5649 praeci

444 5578 711 5725 Ρὶέέἒηυθ
741 5580 814 5634 iis
844 5584 944 5653 qui
977 5599 1045 5639 ex
1077 5584 1369 5656 imperitia
1403 5599 1465 5639 se
1499 5583 1558 5639 in
1600 5585 1859 5657 pericula
1906 5589 2107 5660 prmci-

2207 568 2474 624 indoctos
2504 567 2617 623 dici
2650 574 2865 639 posset.

2277 657 2339 713 Si
2394 658 2615 713 leonina
2641 658 2804 729 pellis
2844 673 2962 711 non
2999 656 3224 728 sufﬁcit,
3270 654 3567 729 vulpinam
3605 657 3853 715 adsume.

2207 750 2272 801 In
2302 763 2401 802 eos
2441 745 2540 818 qui
2571 763 2704 802 cum
2745 745 2940 819 palam
2988 745 3192 801 ulcisci
3245 762 3360 802 non
3408 753 3678 819 possunt,
3722 746 3856 804 dolo

2211 839 2475 891 utuntur.

2279 925 2479 980 Aratro
2509 924 2806 996 jacutaris.
2860 925 2923 980 In
2975 939 3042 980 eo
3111 924 3208 995 qui
3256 923 3684 982 inconsiderate
3745 923 3857 980 ali-

2210 1013 2348 1086 quid
2386 1019 2591 1086 agunt.

2285 1101 2554 1158 Caeterum
2584 1103 2811 1175 laqueus
2841 1102 3110 1173 laqueum
3136 1106 3400 1175 capturus
3428 1103 3739 1161 videbatur.

2238 1239 2244 1245 .
2282 1192 2380 1247 Hic
2407 1191 2640 1262 Rhodus,
2673 1190 2763 1247 hic
2790 1192 2964 1247 salt-us
2993 1192 3101 1263 (2).

2282 1372 2549 1427 Bceoticus
2577 1370 2910 1428 intellectus.
2942 1375 3022 1426 De
3051 1370 3324 1443 stupidis.
3357 1370 3476 1429 Hoc
3503 1371 3660 1428 enim
3700 1375 3864 1431 Βαθο-

2209 1458 2286 1515 tis
2316 1476 2551 1532 semper
2576 1459 2715 1515 vitio
2745 1476 3002 1515 versum.

2285 1549 2551 1605 Bavoticus
2581 1564 2717 1603 mos.
2759 1548 2841 1604 De
2868 1547 2942 1603 iis
2974 1564 3102 1621 quae
3152 1548 3318 1604 initio
3370 1548 3607 1623 quidem
3659 1550 3858 1622 quieta

2210 1641 2370 1706 sunt,
2403 1637 2505 1693 sed
2531 1640 2731 1709 postea
2759 1636 3100 1693 turbulenta
3126 1637 3400 1694 evadunt.

2281 1728 2497 1798 Lydius
2528 1728 2688 1799 lapis.
2722 1732 2797 1782 De
2827 1726 2901 1781 iis
2936 1726 3032 1799 qui
3058 1726 3117 1781 in
3150 1726 3481 1784 litterarum
3531 1728 3857 1803 disciplinis

2211 1822 2351 1872 sunt
2381 1816 2629 1888 probati.
2664 1815 2863 1871 Simile
2889 1815 3026 1871 huic
3052 1832 3064 1872 :
3102 1816 3305 1888 Lydius
3344 1817 3486 1889 lapis
3511 1834 3715 1874 aurum
3742 1818 3859 1875 dis-

2210 1907 2489 1961 criminat.

2281 1995 2518 2051 Boeotico
2587 1996 2902 2065 aenigmata.
2967 1998 3045 2049 De
3111 1994 3379 2051 obscuris
3437 1998 3495 2051 et
3557 1994 3858 2053 intellectu

2211 2083 2569 2139 difﬁcilibus.
2602 2082 2826 2155 Sphinx
2843 2082 3000 2139 enim
3033 2083 3284 2140 Bmotica
3310 2083 3437 2140 fuit.

2282 2175 2385 2229 Bos
2415 2174 2475 2229 in
2507 2172 2719 2242 lingua.
2748 2178 2824 2227 De
2854 2171 2929 2228 iis
2959 2174 3061 2245 qui
3110 2171 3281 2229 donis
3325 2190 3389 2230 se
3429 2174 3729 2247 corrumpi
3779 2176 3860 2230 si-

2213 2269 2383 2332 nunt,
2416 2262 2554 2334 quia
2586 2262 2742 2334 apud
2792 2262 3173 2319 Athenienses
3222 2278 3505 2319 nummus
3552 2264 3697 2321 bove
3737 2271 3862 2322 erat

2211 2352 2552 2426 insignitus.

2287 2530 2435 2587 Genu
2475 2546 2635 2586 crure
2677 2543 2921 2601 propius.
2974 2532 3052 2583 De
3098 2527 3171 2584 iis
3221 2528 3322 2601 qui
3370 2529 3596 2602 seipsos
3666 2532 3863 2605 potius

2214 2635 2391 2692 quam
2421 2618 2567 2675 alios
2599 2616 2873 2691 diligunt.

2285 2709 2531 2765 Discenti
2556 2706 2778 2762 assidue
2805 2706 2979 2761 multa
3003 2713 3222 2762 senecta
3244 2709 3415 2763 venit.

2284 2797 2534 2854 Iucunda
2562 2812 2745 2869 poma,
2773 2797 2824 2851 si
2849 2796 3041 2868 procul
3069 2794 3335 2852 custodia.
3367 2795 3449 2853 De
3478 2796 3552 2854 iis
3581 2799 3684 2870 qui
3733 2800 3861 2859 sine

2215 2887 2413 2943 labore
2441 2885 2649 2942 alienis
2678 2885 2970 2941 fruuntur.

2285 2977 2436 3032 Anus
2467 2974 2777 3031 bacchatur.
2810 2973 2871 3028 1n
2898 2989 2997 3029 eos
3037 2973 3139 3046 qui
3180 2972 3587 3047 intempestive
3633 2977 3861 3050 aliquid

2220 3066 2458 3123 faciunt.
2862 3052 2865 3055 λ

2290 3155 2476 3210 Aniles
2503 3153 2733 3225 fabulae.

888 3262 982 3314 μοι
1090 3240 1379 3321 προφέρεις
1493 3240 1787 3300 κάλλιστον
1899 3240 2102 3309 ὄνειδος

2297 3224 2549 3301 Ventrem
2579 3244 2660 3298 mi
2678 3241 2917 3314 objectas
2938 3257 3042 3314 quo
3071 3243 3340 3314 probrum
3375 3243 3524 3300 haud
3567 3244 3865 3316 pulchrius

2217 3335 2419 3390 ullum.
2454 3333 2658 3388 Plenus
2678 3332 2727 3387 is
2756 3335 2835 3387 est
2882 3332 3070 3399 levior,
3116 3332 3304 3402 gravis
3341 3330 3506 3403 idem,
3549 3335 3648 3391 ubi
3661 3334 3867 3407 pendet

2219 3424 2427 3480 inanis.
2462 3422 2559 3495 (3).

2295 3515 2475 3570 Terrae
2502 3528 2659 3567 onus.
2693 3516 2773 3567 De
2805 3510 3131 3567 inutilibus.

2288 3602 2455 3658 Dulce
2486 3599 2695 3657 bellum
2714 3601 3003 3672 inexperto
3029 3600 3128 3673 (4).

2289 3693 2575 3748 Pulverem
2605 3705 2753 3746 anus
2775 3689 3000 3761 pedibus
3045 3689 3321 3761 plaudens
3365 3692 3611 3749 multum
3657 3696 3866 3750 excitat

2220 3784 2419 3839 omnis.
2474 3780 2535 3835 In
2565 3778 2697 3835 illos
2746 3780 2846 3851 qui
2894 3783 3132 3850 propter
3176 3778 3447 3851 peritiam
3505 3781 3722 3840 multas
3769 3800 3864 3842 res

2222 3873 2474 3927 movent.

2295 3960 2457 4033 Gygis
2476 3958 2738 4014 annulus.
2774 3961 2850 4013 De
2880 3956 3319 4030 impostorihus.

2295 4048 2507 4105 Nudior
2533 4048 2707 4103 clavo.

2291 4141 2418 4196 Dux
2444 4140 2569 4211 ipsa
2619 4136 2749 4193 belli
2792 4136 3009 4207 femina
3054 4139 3108 4191 et
3156 4137 3314 4193 miles
3344 4136 3500 4194 eluit.
3547 4142 3624 4194 De
3671 4138 3862 4213 inopi-

2220 4229 2393 4286 natis.

2289 4320 2368 4374 Ne
2392 4317 2620 4389 feminae
2646 4314 2780 4387 quid
2806 4314 3012 4383 credas,
3042 4315 3129 4370 vel
3156 4317 3414 4373 mortuae.

2293 4407 2455 4463 Risus
2502 4405 2737 4461 Ionicus.
2795 4404 2870 4459 De
2912 4401 3257 4460 dissolutis:
3304 4419 3370 4460 eo
3421 4403 3580 4461 enim
3628 4405 3866 4465 nomine

2223 4501 2394 4552 Iones
2425 4492 2957 4566 reprehenduntur.

2141 4595 2187 4659 Ι)
2290 4586 2511 4641 Annosa
2538 4582 2729 4654 vulpes
2756 4596 2867 4637 non
2897 4583 3142 4654 capitur.

2290 4673 2554 4730 Noctuam
2601 4670 2861 4726 Athenas.
2915 4671 2978 4726 In
3024 4685 3123 4726 eos
3173 4672 3277 4742 qui
3343 4670 3573 4743 aliquos
3635 4674 3872 4741 docent,

2218 4780 2345 4836 quae
2388 4761 2721 4818 doctoribus
2771 4759 2883 4831 ipsi
2933 4761 3057 4816 suis
3099 4759 3313 4816 melius
3383 4765 3633 4833 norunt;
3706 4762 3864 4835 quod

2216 4850 2461 4907 Athenis
2493 4849 2689 4906 multae
2719 4848 2840 4904 sint
2865 4853 3093 4904 noctua
3117 4849 3219 4921 (5).

2286 4941 2469 4997 Senex
2497 4939 2587 4996 bos
2614 4955 2729 4995 non
2759 4939 2983 5009 lugetur
3011 4938 3072 4993 in
3098 4936 3346 4994 domibus
3376 4938 3474 5011 (6).

2289 5156 2367 5226 (5)
2418 5157 2642 5226 Noctua
2685 5156 2859 5226 porro
2895 5152 3018 5207 viro
3058 5152 3129 5207 ad
3180 5167 3306 5226 rem
3356 5149 3873 5226 quampiam‘que

2221 5221 2414 5283 studio
2449 5221 2705 5296 indigeat
2737 5224 3055 5289 festinanti,
3090 5226 3136 5278 si
3186 5221 3562 5296 adsitﬂ'atque
3609 5221 3871 5296 assistat,

2223 5316 2336 5353 nou
2372 5294 2615 5369 probum
2648 5312 2777 5351 esse
2811 5296 3089 5350 indicium
3112 5296 3294 5369 aiunt.
3322 5294 3602 5369 Uniyersa
3630 5294 3689 5348 in
3709 5296 3875 5369 Creta

2220 5387 2337 5426 non
2370 5366 2530 5439 gigni
2563 5374 2838 5423 noctuam
2894 5369 3108 5431 ferunt,
3157 5368 3253 5421 sed
3301 5372 3358 5420 et
3396 5366 3616 5420 illatam
3665 5366 3871 5439 emori.

2222 5434 2616 5496 Cum—lamina
2646 5455 2866 5492 marem
2916 5456 3111 5509 pugna
3153 5438 3465 5507 superavit,
3518 5452 3632 5508 prm
3675 5434 3875 5509 laetitia

2223 5513 2436 5569 collum
2469 5511 2597 5580 ejus
2629 5509 2888 5573 inﬂatur,
2919 5508 3163 5565 barbam
3199 5509 3479 5571 demittit,
3505 5508 3738 5579 magnis
3755 5509 3877 5564 ani-

2224 5585 2337 5640 mis
2370 5581 2643 5654 repletur,
2677 5587 2732 5654 et
2762 5581 2942 5636 altius
2975 5581 3324 5654 ingreditur.

2272 5656 2371 5729 (ὃ)
2405 5652 2479 5710 De
2510 5652 2580 5709 iis
2608 5652 2709 5726 qui
2742 5669 2848 5711 suo
2881 5658 3144 5726 tempore
3176 5652 3467 5709 obierunt.
