4132 6430
320 337 442 400 455

1351 325 1666 392 GEORGII
1712 329 1977 392 CYPRII
2022 331 2138 391 CP.
2185 329 2712 393 PATRlARCHjE

3620 325 3742 394 436

392 466 570 522 Litem
596 462 698 520 sub
725 461 847 532 ibit,
875 461 961 518 vel
1008 477 1058 517 si
1105 462 1299 518 asinus
1338 463 1582 521 mordeat
1629 481 1842 520 canem.
1892 463 1966 519 De

2159 462 2322 534 Δίκην
2397 463 2592 542 ὑφέξει,
2641 462 2738 518 κᾶν
2806 460 2928 525 ὄνος
3005 460 3170 537 δάκνῃ
3235 459 3387 519 κύνα.
3440 462 3562 518 Ἐπὶ
3626 467 3738 519 τῶν

327 555 396 612 iis
424 553 523 626 qui
555 554 628 610 ob
659 569 865 625 parvas
897 568 988 607 res
1019 551 1333 608 calumniis
1362 552 1730 610 divexantur.

391 646 568 700 Litem
596 643 744 716 parit
775 642 843 697 lis
879 657 1027 698 noxa
1086 643 1216 696 item
1268 658 1472 697 noxam
1527 647 1698 711 parit.
1753 644 1814 698 In
1863 641 1976 696 liti-

317 733 495 808 gandi
525 733 770 805 cupidos
799 734 1019 803 quique
1049 729 1180 786 lites
1209 729 1411 786 litibus
1446 737 1707 799 nectunt,
1740 737 1797 788 et
1851 729 1975 801 qui-

317 824 430 880 bus
461 839 554 878 res
585 819 927 893 plerumque
958 820 1110 875 male
1139 821 1482 874 succedunt.

393 913 564 985 Turpe
593 920 669 966 est
696 908 945 966 eumdem
978 909 1060 964 bis
1091 908 1160 963 ad
1190 909 1429 980 lapidem
1469 911 1790 982 impingere.

390 1089 729 1148 Dodonaeum
757 1105 846 1144 aes.
881 1087 961 1143 De
993 1085 1222 1159 loquaci
1253 1087 1349 1158 (1).

387 1185 494 1237 Per
521 1178 794 1234 annulum
823 1175 970 1231 trahi
997 1178 1049 1231 te
1077 1179 1304 1245 Oportet.
1338 1180 1417 1230 De
1446 1176 1518 1230 iis
1549 1176 1648 1246 qui
1703 1176 1776 1230 ob
1830 1191 1972 1230 moe-

317 1269 540 1328 stitiam
572 1284 675 1322 seu
709 1265 980 1320 morbum
1022 1263 1318 1319 macilenti
1354 1263 1488 1319 facti
1521 1268 1659 1319 sunt
1694 1264 1791 1335 (‘2).

391 1358 526 1415 Cum
553 1355 697 1412 divis
724 1355 950 1426 ﬂectunt
966 1352 1302 1408 venerandos
1331 1368 1565 1408 munera
1586 1369 1755 1423 reges.

387 1447 625 1502 Nectunt
653 1441 947 1515 stupendas
973 1442 1259 1497 machinas
1286 1441 1542 1513 zEgyptii
1569 1441 1667 1511 (3).

391 1533 630 1603 Contigit
660 1538 715 1588 et
745 1531 962 1603 ignavis
989 1530 1183 1594 praeda
1211 1546 1281 1585 ea:
1309 1533 1506 1585 venatu
1535 1530 1633 1601 (4).

387 1624 575 1681 Altera
600 1623 885 1691 navigatio
906 1621 1002 1693 (5).

387 1711 718 1785 Delphinum
742 1709 938 1781 patina
964 1724 1078 1764 non
1104 1709 1270 1781 capit.

386 1887 727 1961 Epimenidis
755 1902 994 1944 somnus.
1029 1887 1093 1941 In
1116 1903 1213 1942 eos
1236 1885 1334 1956 qui
1357 1884 1608 1940 multum
1625 1884 1962 1940 dormiunt:

316 1977 744 2051 quinquaginta
771 1976 930 2032 enim
959 1991 1147 2030 annos
1176 1973 1472 2029 dormivit.

384 2069 448 2124 In
477 2072 640 2123 antro
670 2065 963 2138 Trophonii
987 2065 1321 2120 vaticinatus
1368 2068 1467 2118 est.
1521 2063 1582 2116 In
1631 2078 1864 2117 severos
1912 2065 1968 2116 et

313 2156 472 2213 risus
500 2154 674 2228 plane
703 2158 986 2226 expertes.

385 2247 447 2302 In
476 2260 609 2302 area
639 2251 689 2300 te
724 2241 1026 2299 abscondis.
1081 2246 1156 2297 De
1187 2240 1257 2296 iis
1289 2239 1391 2312 qui
1439 2239 1617 2296 latere
1668 2257 1780 2294 non
1831 2256 1965 2310 pos-

317 2338 478 2390 sunt.

389 2421 472 2479 Sit
502 2425 759 2495 quaestor,
789 2421 941 2491 atqui
967 2428 1180 2486 ca’tera,
1235 2422 1286 2474 si
1328 2419 1491 2489 lubet,
1524 2419 1698 2473 canis.
1753 2419 1812 2472 In
1867 2433 1966 2471 eos

315 2509 416 2583 qui
448 2515 657 2582 praeter
687 2510 962 2566 meritum
996 2507 1241 2564 feliciter
1267 2511 1486 2580 agunt:
1535 2506 1788 2562 maxime
1833 2521 1966 2562 vero

313 2600 375 2656 in
406 2599 728 2656 eunuchos.

386 2689 470 2744 Ex
500 2690 655 2745 omni
683 2688 834 2758 ligno
861 2687 1073 2760 cyphon
1118 2686 1246 2757 ﬁeri
1293 2687 1548 2756 quiverit.
1598 2685 1818 2740 Dicitur
1863 2701 1966 2739 au-

315 2783 436 2834 tem
467 2779 537 2833 de
569 2778 746 2833 rebus
801 2776 860 2831 in
894 2775 1086 2848 specie
1143 2775 1380 2846 quidem
1436 2773 1673 2841 vilibus,
1734 2774 1834 2830 sed
1896 2772 1967 2827 ad

318 2882 492 2922 usum
522 2865 894 2922 necessariis.

385 2957 449 3010 In
479 2957 661 3012 vetera
684 2955 983 3027 prwsepia.
1022 2957 1098 3007 De
1127 2953 1202 3009 iis
1232 2953 1328 3025 qui
1363 2954 1434 3008 ad
1467 2969 1534 3009 ea
1567 2954 1812 3008 redeunt
1840 2967 1968 3023 quae

316 3043 696 3116 reliquerant.

387 3135 452 3190 In
479 3132 688 3188 duobus
717 3132 827 3188 tria
855 3132 1146 3203 conspicis.
1182 3135 1259 3186 De
1293 3130 1364 3186 iis
1395 3132 1496 3202 qui
1525 3131 1641 3186 alia
1687 3147 1788 3202 pro
1838 3129 1968 3186 aliis

316 3222 534 3278 vident.

388 3310 640 3382 Effugere
668 3325 764 3366 seu
792 3309 956 3366 elabi.
991 3309 1071 3364 De
1098 3308 1172 3365 iis
1203 3308 1560 3364 animalibus
1620 3325 1747 3380 quin
1798 3326 1966 3365 vena-

317 3403 473 3455 tores
502 3397 811 3470 effugiunt.

387 3487 742 3560 Elephantem
769 3504 840 3543 ex
869 3503 1056 3543 musca
1083 3489 1242 3559 lacis.
1276 3487 1355 3543 De
1387 3487 1459 3544 iis
1513 3488 1614 3560 qui
1654 3505 1747 3544 res
1796 3487 1971 3544 mini-

319 3593 449 3633 mas
478 3577 741 3633 oratione
771 3575 1078 3632 extollunt.

379 3665 468 3722 .Ad
494 3665 772 3722 imbeciles
802 3665 1074 3722 imbevilis
1102 3667 1346 3723 advenis.
1382 3667 1442 3721 ln
1477 3683 1576 3722 eos
1608 3667 1706 3739 qui
1751 3667 1969 3724 eisdem

319 3754 492 3812 malis
521 3759 662 3812 sunt
690 3754 901 3812 affecti.

389 3845 700 3901 Dormienti
735 3860 937 3916 sagena
991 3846 1155 3917 capit.
1213 3844 1292 3900 De
1339 3844 1412 3900 iis
1457 3846 1558 3916 qui
1581 3844 1827 3902 feliciter
1879 3863 1971 3902 res

315 3949 456 3990 suas
485 3933 822 4005 perficiunt.

386 4021 532 4078 Inest
558 4025 610 4078 et
635 4023 886 4093 formicae
911 4039 1016 4078 sua
1047 4023 1190 4078 bilis.
1225 4023 1342 4078 Nec
1399 4039 1608 4094 parvos
1656 4040 1786 4079 esse
1833 4041 1969 4080 con-

318 4111 682 4167 temnendos.

382 4199 689 4256 Mercurius
718 4217 828 4257 non
860 4201 1124 4256 initiatus
1155 4201 1255 4273 (6).

384 4289 472 4343 Ea:
498 4289 778 4358 confracto
807 4289 977 4344 calice
1009 4289 1213 4345 bibere.
1248 4293 1326 4344 De
1359 4289 1566 4345 amicis
1597 4290 1818 4346 inﬁdis.

383 4465 537 4523 Melle
567 4467 801 4538 teipsum
829 4467 980 4538 tegis.
1020 4467 1079 4522 In
1111 4483 1210 4523 eos
1239 4465 1338 4538 qui
1374 4466 1677 4524 mollitiem
1701 4468 1969 4543 volupta-

313 4559 549 4626 temque
579 4559 900 4610 sectantur.

383 4644 684 4700 Leoninam
710 4644 912 4715 pellem
940 4645 1202 4700 induitur
1228 4646 1325 4716 (7).

381 4731 744 4804 Eudymionzs
779 4748 1033 4789 somnum
1089 4732 1312 4790 dormit.
1374 4739 1448 4789 De
1506 4734 1578 4790 iis
1640 4735 1740 4807 qui
1790 4736 1969 4793 nimis

312 4836 518 4877 somno
562 4819 873 4894 indulgent
902 4821 1000 4893 (8).

384 4979 712 5055 (1)_Demon
747 4981 984 5054 quidem
1016 4983 1210 5051 refert,
1244 4983 1494 5039 Dodonae
1539 4983 1844 5055 plurimos,
1877 4993 1966 5043 at-

313 5068 429 5126 que
458 5052 611 5107 inter
639 5070 701 5126 se
732 5052 1038 5126 contiguos
1090 5055 1271 5110 fuisse
1318 5052 1665 5111 constitutos
1706 5057 1960 5115 lebetes:

313 5123 458 5198 adeo
491 5128 558 5198 ut
603 5125 650 5180 si
703 5125 836 5196 quis
885 5123 1069 5180 unum
1118 5126 1458 5198 pulsaverit,
1508 5144 1714 5182 omnes
1761 5131 1965 5185 ordine

313 5195 623 5251 confestim
657 5195 869 5250 sonum
901 5195 1155 5252 ederent.
1198 5202 1479 5253 Cmterum
1534 5200 1872 5256 Aristoteles
1907 5203 1963 5256 id

311 5271 598 5342 tanquam
648 5267 997 5342 figmentum
1047 5267 1362 5342 eXplodens
1415 5275 1587 5338 atque
1633 5273 1963 5342 confutans,

313 5338 464 5412 duas
493 5338 577 5412 ait
605 5338 910 5412 columnas
941 5357 1092 5410 esse,
1120 5338 1183 5395 et
1211 5341 1268 5394 in
1302 5358 1420 5396 una
1455 5342 1690 5412 quidem
1722 5359 1853 5399 esse
1882 5338 1961 5400 le;

312 5411 538 5487 betem,
562 5409 623 5463 in
654 5409 836 5487 altera
865 5409 1337 5487 autem’puerum
1363 5409 1497 5467 cum
1522 5413 1768 5487 ﬂagello,
1796 5417 1962 5487 cujus

311 5479 435 5557 lora
465 5482 642 5557 etiam
670 5483 860 5557 ferrea
891 5482 1027 5557 sint,
1061 5479 1244 5557 eaque
1270 5485 1319 5538 si
1350 5489 1518 5540 vento
1549 5479 1764 5557 agitata
1795 5479 1964 5543 invle-

313 5550 505 5624 betem
540 5551 891 5624 impingam,
923 5550 1215 5624 ejusmodi
1246 5557 1506 5613 sonitum
1539 5550 1798 5614 re'ddere.

385 5622 463 5695 (2)
495 5622 914 5696 Aristophanes
945 5622 1004 5681 in
1033 5626 1216 5683 Pluto.

2085 552 2173 606 ἐπὶ
2209 557 2388 628 μικρῷ
2422 574 2756 631 συκοφαντου
2767 552 2963 625 μένων.

2156 641 2288 712 Δίκη
2341 639 2493 712 δίκην
2545 639 2737 712 ἔτικτε,
2771 641 2860 696 καὶ
2919 634 3098 716 βλάϐη
3153 634 3388 716 βλάϐην.
3441 639 3564 695 Ἐπὶ
3627 645 3733 697 τῶν

2084 728 2380 807 φιλοδίκων
2413 731 2502 785 καὶ
2534 730 2927 806 συναιρούντων
2963 727 3134 791 δίκαις
3161 727 3332 802 δίκας,
3365 729 3454 784 καὶ
3486 728 3575 785 ἐπὶ
3629 734 3736 786 τῶν

2081 825 2306 882 πυκναῖς
2337 820 2786 896 προσπιπτόντων
2820 824 3126 896 συμφοραῖς
3137 863 3148 875 .

2155 910 2246 971 Δὶς
2307 911 2444 984 πρὸς
2520 910 2611 964 τὸν
2685 908 2842 964 αὐτὸν
2917 908 3144 985 αἰσχρὸν
3218 907 3575 984 προσκρούειν
3644 905 3732 964 λί-

2084 1000 2200 1055 θον.

2156 1085 2472 1142 Δωδωναῖον
2505 1085 2787 1163 χαλκεῖον.
2821 1085 2942 1140 Ἐπὶ
2976 1083 3172 1141 λάλου.

2155 1175 2416 1248 Δακτύλῳ
2484 1174 2564 1231 δεῖ
2625 1197 2682 1230 σε
2731 1174 3078 1244 ἑλκυσθῆναι.
3130 1175 3251 1230 Ἐπὶ
3311 1179 3419 1230 τῶν
3488 1172 3579 1230 διὰ
3641 1174 3731 1230 νό-

2083 1286 2173 1320 σον
2202 1266 2237 1334 ἢ
2271 1263 2450 1335 λύπην
2489 1265 2691 1340 ἰσχνῶν
2721 1265 3051 1340 γενομένων.

2155 1358 2314 1428 Δῶρα
2345 1352 2498 1416 θεοὺς
2526 1353 2700 1417 πείθει
2730 1352 2819 1408 καὶ
2852 1349 3094 1414 αἰδοίους
3149 1349 3436 1426 βασιλῆας.

2155 1443 2330 1497 Δεινοὶ
2361 1440 2578 1497 πλέκειν
2617 1443 2866 1518 μηχανὰς
2895 1439 3206 1517 Δί’γύπτιοι.
3496 1437 3500 1440 ’

2153 1528 2373 1586 Δὲδοται
2407 1531 2496 1586 καὶ
2525 1536 2713 1593 κακοῖς
2747 1528 2904 1605 ἄγρα.

2083 1619 2339 1696 Δεύτερος
2373 1619 2564 1683 πλοῦς.

2153 1707 2388 1786 Δελφῖνα
2415 1706 2606 1778 λεκὲνη
2641 1708 2704 1763 ού
2733 1714 2927 1784 χωρεῖ.

2151 1883 2494 1958 Ἐπιμενίδου
2563 1886 2748 1948 ὕπνος.
2821 1886 2940 1942 Ἐπὶ
3002 1891 3108 1941 τῶν
3190 1885 3376 1942 πολλά
3444 1886 3728 1959 κοιμωμέ-

2076 1997 2206 2032 νων.
2239 1977 2576 2046 Πεντήκοντα
2601 1978 2701 2053 γὰρ
2735 1974 2827 2046 ἔτη
2861 1973 3163 2039 ἐκάθευδεν.

2149 2065 2232 2126 Ἐς
2296 2064 2607 2142 Τροφωνίου
2680 2062 3057 2138 μεμάντευται.
3116 2063 3235 2119 Ἐπὶ
3305 2069 3412 2119 τῶν
3482 2067 3725 2142 σκυθρω-

2074 2157 2190 2207 πῶν
2224 2153 2313 2207 καὶ
2345 2153 2566 2228 ὠχρῶν.

2149 2245 2232 2296 Ἐν
2299 2242 2417 2315 ἅλῳ
2485 2241 2816 2318 δρασκάζεις,
2866 2244 2900 2312 ἢ
2971 2244 3182 2319 κρύπτῃ
3250 2241 3368 2298 Ἐπῖ
3454 2247 3560 2298 τῶν
3646 2246 3719 2317 μὴ

2077 2329 2384 2405 δυναμένων
2418 2331 2618 2388 λαθεῖν.

2149 2422 2324 2475 Ἔστω
2400 2420 2618 2494 ταμίας,
2659 2417 2839 2476 τᾶλλα
2904 2418 2948 2475 δ’
3015 2421 3059 2475 εί
3132 2419 3318 2496 βούλει
3384 2420 3549 2476 κύων.
3601 2422 3722 2477 Ἐπὶ

2073 2514 2182 2566 τῶν
2247 2512 2373 2586 παρ’
2421 2508 2566 2580 ἀξίαν
2634 2509 3064 2587 εὐημερούντων,
3114 2510 3202 2565 καὶ
3255 2509 3490 2584 μάλιστα
3539 2509 3724 2566 εὐνού-

2077 2620 2194 2675 χων
2208 2644 2220 2657 .

2148 2694 2241 2743 Ἐκ
2305 2688 2504 2749 παντὸς
2574 2687 2738 2758 ξύλου
2806 2688 2989 2767 κύφων
3077 2688 3135 2744 ἂν
3203 2688 3435 2765 γίνοιτο.
3504 2691 3730 2766 Λέγεται

2079 2777 2302 2832 ἐπὶτῶν
2347 2777 2409 2832 τὸ
2458 2775 2598 2839 εἶδος
2647 2777 2898 2849 εὐτελῶν,
2933 2778 3008 2840 εἰς
3055 2778 3244 2854 χρείας
3299 2776 3356 2833 δὲ
3401 2778 3724 2854 ἀναγκαίων.

2150 2956 2242 3017 Εἷς
2288 2955 2518 3032 ἀρχαίας
2571 2955 2789 3034 φάτνας.
2838 2955 2956 3012 Ἐπὶ
3004 2959 3111 3010 τῶν
3156 2955 3419 3012 ἐλθόντων
3473 2955 3551 3019 εἷς
3600 2957 3733 3032 ἅπερ

2079 3046 2339 3121 πρότερον
2378 3042 2524 3107 ὄντες
2559 3044 2826 3118 ἐξέπεσον.

2153 3136 2237 3188 Ἐν
2319 3131 2480 3197 δυοῖν⁸
2545 3133 2667 3209 τρία
2747 3132 2987 3209 βλέπεις.
3039 3134 3158 3189 Ἐπὶ
3227 3139 3335 3190 τῶν
3413 3132 3557 3189 ἄλλα
3623 3134 3734 3190 ἀντ’

2000 3207 2042 3273 C
2081 3221 2267 3278 ἄλλων
2301 3223 2576 3299 ὁρώντων.

2151 3309 2550 3388 Ἐκπερδικίσαι
2657 3312 2747 3366 καὶ
2834 3311 3095 3371 ἐκκλῖναι.
3169 3313 3287 3368 Ἐπὶ
3365 3317 3472 3368 τῶν
3557 3309 3731 3369 διαδι-

2082 3399 2420 3476 δρασκόντων
2449 3400 2577 3463 τοὺς
2612 3403 2677 3472 θη
2687 3402 2893 3475 ρευτάς.

2153 3489 2449 3568 Ἐλὲφαντα
2495 3489 2555 3544 ἐκ
2624 3488 2784 3562 μυίας
2851 3495 3050 3552 ποιεῖς.
3103 3489 3222 3546 Ἐπὶ
3265 3495 3374 3545 τῶν
3434 3490 3502 3546 τὰ
3564 3491 3736 3568 μικρὰ

2083 3579 2414 3656 ἐπαιρόντων
2447 3583 2527 3650 τῷ
2559 3577 2738 3654 λόγῳ.

2152 3668 2248 3730 Εἰς
2335 3669 2685 3728 ἀσθενοῦντας
2780 3667 3011 3729 ἀσθενῶς
3080 3665 3373 3738 ἐλήλυθας.
3423 3669 3544 3722 Ἐπί
3625 3673 3734 3724 τῶν

2082 3756 2249 3831 ὅμοια
2276 3755 2624 3834 πασχόντων.

2151 3844 2380 3902 Εὕδοντι
2409 3845 2606 3922 κύρτος
2631 3843 2792 3922 αἶ’ρεῖ.
2825 3846 2939 3921 Ἐρὶ
2969 3851 3076 3902 τῶν
3111 3846 3506 3921 εύτυχούντὼν.

2154 4027 2362 4080 ’Ένεστι
2409 4022 2499 4080 καί
2553 4024 2804 4098 μύρμηκι
2871 4023 3042 4099 χολή.
3090 4027 3211 4079 ’Ότι
3281 4022 3423 4098 μηδὲ
3480 4030 3579 4081 τοῦ
3643 4048 3731 4100 μι-

2080 4118 2215 4190 κροῦ
2247 4111 2328 4167 δεῖ
2357 4119 2730 4190 καταφρονεῖν.

2153 4203 2362 4278 Ἑρμῆς
2393 4201 2660 4276 ἀμύητος.

2153 4293 2246 4346 Ἐκ
2311 4292 2652 4367 τετρημένης
2702 4289 2927 4354 κύλικος
2995 4296 3160 4348 πιεῖν.
3212 4291 3332 4347 Ἐπὶ
3398 4297 3505 4347 τῶν
3575 4291 3732 4368 ἐψευ-

2081 4381 2292 4454 σμένων
2327 4380 2524 4458 φίλων.

2152 4472 2238 4524 Ἐν
2305 4468 2487 4542 μέλιτι
2564 4468 2754 4525 σαυτὸν
2814 4467 3228 4547 κατακρύπτεις.
3284 4470 3405 4526 Ἐπὶ
3471 4473 3579 4526 τῶν
3647 4492 3735 4526 συ-

2000 4577 2048 4641 D
2083 4559 2297 4628 ζώντων
2333 4556 2709 4628 ἡδυπαθείαις.

2151 4645 2419 4702 Ἐνδύεται
2451 4649 2551 4716 τὴν
2581 4645 2826 4717 λεοντῆν.

2151 4733 2517 4809 Ἐνδυμίωνος
2600 4735 2765 4792 ὕπνον
2843 4737 3124 4794 ὑπνώττει.
3186 4736 3305 4792 Ἐπὶ
3371 4742 3478 4792 τῶν
3544 4735 3731 4793 πολλὰ

2076 4826 2464 4900 κοιμωμένων.

2146 4988 2222 5062 (3)
2256 4987 2317 5062 I_n
2345 4987 2595 5062 maxime
2626 4987 2920 5043 maleficos
2944 5004 2969 5062 :A
2995 4988 3138 5044 tales
3168 4988 3323 5062 enim
3358 4989 3580 5062 Egytii.

2147 5060 2222 5130 (4)
2257 5059 2337 5132 I_)e
2366 5059 2438 5114 iis
2472 5059 2566 5131 qui
2593 5069 2805 5132 prater
2828 5060 3104 5132 (meritum
3140 5059 3382 5116 feliciter
3412 5059 3616 5132 agunt.

2146 5131 2222 5201 (5)
2254 5130 2398 5204 Cum
2431 5130 2565 5204 quis
2597 5131 2871 5187 secundis
2922 5133 3110 5188 ventis
3157 5130 3497 5204 destitutus,
3549 5132 3728 5188 remis

2074 5218 2279 5256 navem
2313 5202 2584 5272 impellit.

2145 5274 2220 5345 (6)
2252 5279 2330 5327 De
2363 5273 2811 5346 valdeiexpertis
2870 5274 2930 5329 in
2990 5291 3052 5330 re
3110 5275 3410 5346 quapiam.
3465 5273 3730 5330 Irrisoria

2115 5347 2370 5408 arcemia,
2405 5345 2615 5400 similis
2649 5345 2803 5414 huic,
2831 5346 2958 5402 Iace
2986 5350 3045 5401 in
3071 5345 3245 5401 illum’
3279 5348 3470 5415 telum,
3503 5349 3605 5417 qui
3631 5347 3729 5401 ha-

2105 5420 2153 5471 et
2184 5418 2495 5471 scientiam.

2145 5487 2222 5557 (7)
2254 5489 2333 5542 De
2361 5489 2433 5542 iis
2465 5487 2562 5558 qui
2597 5505 2809 5559 magna
2839 5488 3281 5560 aggrediuntur.

2143 5560 2218 5630 (8)
2249 5560 2327 5634 Eo
2359 5561 2515 5634 quod
2537 5560 2880 5634 Endymion,
2902 5563 3169 5634 aSomno
3191 5560 3524 5634 adamatus,
3548 5561 3723 5618 etiam

2143 5577 2218 5630 (δ)
2249 5577 2327 5614 no
2400 5577 2512 5614 uoa
2537 5577 2880 5631 mnaymion,
2902 5578 2937 5614 a
2956 5577 3169 5615 somno
3191 5577 3417 5616 acamal

2071 5645 2228 5687 nunc
2257 5631 2329 5687 ab
2359 5577 2460 5688 illo
2486 5631 2734 5687 detineri
2765 5632 3066 5688 dormiens
3097 5632 3347 5688 dicatur.
3413 5635 3417 5638 ’
