  <div class='ocr_page' id='page_1' title='image "/cluster/home/n/w/nwhite01/storage/ocr_20150623/142/coo.31924054870476/236.png"; bbox 0 0 4132 6424; ppageno 0'>
   <div class='ocr_carea' id='block_1_1' title="bbox 336 355 3760 425">
    <p class='ocr_par' dir='ltr' id='par_1_1' title="bbox 336 355 3760 425">
     <span class='ocr_line' id='line_1_1' title="bbox 336 355 3760 425; baseline 0.001 -4"><span class='ocrx_word' id='word_1_1' title='bbox 336 364 459 422; x_wconf 74' lang='grc'>457</span> <span class='ocrx_word' id='word_1_2' title='bbox 1482 355 2111 419; x_wconf 75' lang='lat' dir='ltr'>PBOVERBIORUM</span> <span class='ocrx_word' id='word_1_3' title='bbox 2158 355 2588 417; x_wconf 79' lang='lat' dir='ltr'>COLLECTlU</span> <span class='ocrx_word' id='word_1_4' title='bbox 2601 402 2613 415; x_wconf 95' lang='lat'>.</span> <span class='ocrx_word' id='word_1_5' title='bbox 3638 365 3760 425; x_wconf 75' lang='lat'>458</span> 
     </span>
    </p>
   </div>
   <div class='ocr_carea' id='block_1_2' title="bbox 408 485 2040 571">
    <p class='ocr_par' dir='ltr' id='par_1_2' title="bbox 408 485 2040 571">
     <span class='ocr_line' id='line_1_2' title="bbox 408 485 2040 571; baseline -0.006 -21"><span class='ocrx_word' id='word_1_6' title='bbox 408 489 669 571; x_wconf 65' lang='grc' dir='ltr'>Ἐἲληφεν</span> <span class='ocrx_word' id='word_1_7' title='bbox 718 494 753 560; x_wconf 81' lang='grc' dir='ltr'><strong>ἡ</strong></span> <span class='ocrx_word' id='word_1_8' title='bbox 794 492 957 567; x_wconf 87' lang='grc' dir='ltr'>παγίς</span> <span class='ocrx_word' id='word_1_9' title='bbox 1004 491 1095 545; x_wconf 88' lang='grc' dir='ltr'>τὸν</span> <span class='ocrx_word' id='word_1_10' title='bbox 1146 494 1269 563; x_wconf 76' lang='grc' dir='ltr'>μῦν.</span> <span class='ocrx_word' id='word_1_11' title='bbox 1320 488 1441 543; x_wconf 80' lang='grc' dir='ltr'>Ἐπὶ</span> <span class='ocrx_word' id='word_1_12' title='bbox 1484 493 1592 543; x_wconf 82' lang='grc' dir='ltr'>τῶν</span> <span class='ocrx_word' id='word_1_13' title='bbox 1643 487 1808 559; x_wconf 80' lang='grc' dir='ltr'>ὀξέως</span> <span class='ocrx_word' id='word_1_14' title='bbox 1862 485 1984 561; x_wconf 85' lang='grc' dir='ltr'>ἁλι·</span> <span class='ocrx_word' id='word_1_15' title='bbox 2016 489 2040 556; x_wconf 62' lang='grc' dir='ltr'><em>Α</em></span> 
     </span>
    </p>
   </div>
   <div class='ocr_carea' id='block_1_3' title="bbox 2128 485 3760 571">
    <p class='ocr_par' dir='ltr' id='par_1_3' title="bbox 2175 488 3760 568">
     <span class='ocr_line' id='line_1_3' title="bbox 2175 488 3760 568; baseline 0.006 -24"><span class='ocrx_word' id='word_1_16' title='bbox 2175 488 2337 559; x_wconf 84' lang='lat' dir='ltr'><strong><em>Cepit</em></strong></span> <span class='ocrx_word' id='word_1_17' title='bbox 2363 504 2578 543; x_wconf 83' lang='lat' dir='ltr'><strong><em>murem</em></strong></span> <span class='ocrx_word' id='word_1_18' title='bbox 2635 488 2877 560; x_wconf 77' lang='lat' dir='ltr'>laqueus.</span> <span class='ocrx_word' id='word_1_19' title='bbox 2933 489 2996 545; x_wconf 93' lang='lat' dir='ltr'>In</span> <span class='ocrx_word' id='word_1_20' title='bbox 3055 504 3153 547; x_wconf 85' lang='lat' dir='ltr'><strong>eos</strong></span> <span class='ocrx_word' id='word_1_21' title='bbox 3186 491 3289 563; x_wconf 88' lang='lat' dir='ltr'>qui</span> <span class='ocrx_word' id='word_1_22' title='bbox 3338 492 3452 548; x_wconf 84' lang='lat' dir='ltr'><strong>cito</strong></span> <span class='ocrx_word' id='word_1_23' title='bbox 3498 510 3760 568; x_wconf 88' lang='lat' dir='ltr'><strong><em>compre-</em></strong></span> 
     </span>
    </p>
   </div>
   <div class='ocr_carea' id='block_1_4' title="bbox 337 576 1969 657">
    <p class='ocr_par' dir='ltr' id='par_1_4' title="bbox 337 580 639 657">
     <span class='ocr_line' id='line_1_4' title="bbox 337 580 639 657; baseline 0.003 -18"><span class='ocrx_word' id='word_1_24' title='bbox 337 604 432 639; x_wconf 90' lang='grc' dir='ltr'>σκο</span> <span class='ocrx_word' id='word_1_25' title='bbox 440 580 614 657; x_wconf 84' lang='grc' dir='ltr'>μένων</span> <span class='ocrx_word' id='word_1_26' title='bbox 625 626 639 640; x_wconf 96' lang='grc'>.</span> 
     </span>
    </p>
   </div>
   <div class='ocr_carea' id='block_1_5' title="bbox 832 576 2464 657">
    <p class='ocr_par' dir='ltr' id='par_1_5' title="bbox 2105 576 2464 633">
     <span class='ocr_line' id='line_1_5' title="bbox 2105 576 2464 633; baseline 0 -1"><span class='ocrx_word' id='word_1_27' title='bbox 2105 576 2274 633; x_wconf 88' lang='lat' dir='ltr'><strong>hensi</strong></span> <span class='ocrx_word' id='word_1_28' title='bbox 2306 582 2464 633; x_wconf 90' lang='lat' dir='ltr'><strong>sunt.</strong></span> 
     </span>
    </p>
   </div>
   <div class='ocr_carea' id='block_1_6' title="bbox 408 664 2040 748">
    <p class='ocr_par' dir='ltr' id='par_1_6' title="bbox 408 664 1999 748">
     <span class='ocr_line' id='line_1_6' title="bbox 408 664 1999 748; baseline -0.004 -21"><span class='ocrx_word' id='word_1_29' title='bbox 408 673 493 728; x_wconf 87' lang='grc' dir='ltr'>Ἐν</span> <span class='ocrx_word' id='word_1_30' title='bbox 553 666 763 748; x_wconf 85' lang='grc' dir='ltr'>τριόδῳ</span> <span class='ocrx_word' id='word_1_31' title='bbox 818 669 933 744; x_wconf 74' lang='grc' dir='ltr'>εῗμὶ</span> <span class='ocrx_word' id='word_1_32' title='bbox 993 667 1303 745; x_wconf 79' lang='grc' dir='ltr'><strong>λογισμῶν.</strong></span> <span class='ocrx_word' id='word_1_33' title='bbox 1364 667 1486 723; x_wconf 82' lang='grc' dir='ltr'>Ἐπὶ</span> <span class='ocrx_word' id='word_1_34' title='bbox 1540 671 1648 722; x_wconf 78' lang='grc' dir='ltr'>τῶν</span> <span class='ocrx_word' id='word_1_35' title='bbox 1708 664 1946 740; x_wconf 87' lang='grc' dir='ltr'>ἀπορούν</span> <span class='ocrx_word' id='word_1_36' title='bbox 1977 698 1999 707; x_wconf 97' lang='grc'><strong><em>-</em></strong></span> 
     </span>
    </p>
   </div>
   <div class='ocr_carea' id='block_1_7' title="bbox 2129 664 3761 748">
    <p class='ocr_par' dir='ltr' id='par_1_7' title="bbox 2174 666 3761 745">
     <span class='ocr_line' id='line_1_7' title="bbox 2174 666 3761 745; baseline 0.007 -23"><span class='ocrx_word' id='word_1_37' title='bbox 2174 668 2238 722; x_wconf 87' lang='grc' dir='ltr'><em>1η</em></span> <span class='ocrx_word' id='word_1_38' title='bbox 2262 668 2427 723; x_wconf 84' lang='lat' dir='ltr'><strong><em>trivio</em></strong></span> <span class='ocrx_word' id='word_1_39' title='bbox 2457 666 2909 740; x_wconf 74' lang='lat' dir='ltr'>syllogismorum</span> <span class='ocrx_word' id='word_1_40' title='bbox 2954 685 3159 728; x_wconf 88' lang='lat' dir='ltr'><strong><em>versor.</em></strong></span> <span class='ocrx_word' id='word_1_41' title='bbox 3193 670 3275 728; x_wconf 94' lang='lat' dir='ltr'>De</span> <span class='ocrx_word' id='word_1_42' title='bbox 3303 671 3377 728; x_wconf 89' lang='lat' dir='ltr'>iis</span> <span class='ocrx_word' id='word_1_43' title='bbox 3426 673 3526 745; x_wconf 88' lang='lat' dir='ltr'>qui</span> <span class='ocrx_word' id='word_1_44' title='bbox 3556 674 3617 731; x_wconf 92' lang='lat' dir='ltr'><strong>in</strong></span> <span class='ocrx_word' id='word_1_45' title='bbox 3649 675 3761 733; x_wconf 87' lang='lat' dir='ltr'>du-</span> 
     </span>
    </p>
   </div>
   <div class='ocr_carea' id='block_1_8' title="bbox 335 754 1967 829">
    <p class='ocr_par' dir='ltr' id='par_1_8' title="bbox 335 781 469 822">
     <span class='ocr_line' id='line_1_8' title="bbox 335 781 469 822; baseline -0.015 -5"><span class='ocrx_word' id='word_1_46' title='bbox 335 781 469 822; x_wconf 87' lang='grc' dir='ltr'>των.</span> 
     </span>
    </p>
   </div>
   <div class='ocr_carea' id='block_1_9' title="bbox 864 754 2496 829">
    <p class='ocr_par' dir='ltr' id='par_1_9' title="bbox 2106 754 2496 829">
     <span class='ocr_line' id='line_1_9' title="bbox 2106 754 2496 829; baseline 0 -18"><span class='ocrx_word' id='word_1_47' title='bbox 2106 754 2203 812; x_wconf 89' lang='lat' dir='ltr'><strong>bio</strong></span> <span class='ocrx_word' id='word_1_48' title='bbox 2234 760 2376 812; x_wconf 90' lang='lat' dir='ltr'><strong>sunt</strong></span> <span class='ocrx_word' id='word_1_49' title='bbox 2399 756 2496 829; x_wconf 90' lang='grc'>(1).</span> 
     </span>
    </p>
   </div>
   <div class='ocr_carea' id='block_1_10' title="bbox 409 842 2041 927">
    <p class='ocr_par' dir='ltr' id='par_1_10' title="bbox 409 842 1995 927">
     <span class='ocr_line' id='line_1_10' title="bbox 409 842 1995 927; baseline -0.004 -22"><span class='ocrx_word' id='word_1_50' title='bbox 409 851 496 906; x_wconf 86' lang='grc' dir='ltr'>Ἐν</span> <span class='ocrx_word' id='word_1_51' title='bbox 557 849 653 924; x_wconf 73' lang='grc' dir='ltr'>μὲν</span> <span class='ocrx_word' id='word_1_52' title='bbox 711 852 792 921; x_wconf 76' lang='grc' dir='ltr'>τῷ</span> <span class='ocrx_word' id='word_1_53' title='bbox 857 846 979 927; x_wconf 87' lang='grc' dir='ltr'>φάει</span> <span class='ocrx_word' id='word_1_54' title='bbox 1037 846 1356 920; x_wconf 74' lang='grc' dir='ltr'>σκοτεινὸς,</span> <span class='ocrx_word' id='word_1_55' title='bbox 1408 844 1459 901; x_wconf 77' lang='grc' dir='ltr'>ἐν</span> <span class='ocrx_word' id='word_1_56' title='bbox 1538 842 1597 900; x_wconf 75' lang='grc' dir='ltr'>δὲ</span> <span class='ocrx_word' id='word_1_57' title='bbox 1662 847 1744 917; x_wconf 81' lang='grc' dir='ltr'>τῷ</span> <span class='ocrx_word' id='word_1_58' title='bbox 1817 842 1995 899; x_wconf 81' lang='grc' dir='ltr'>σκότει</span> 
     </span>
    </p>
   </div>
   <div class='ocr_carea' id='block_1_11' title="bbox 1998 842 3630 927">
    <p class='ocr_par' dir='ltr' id='par_1_11' title="bbox 2175 846 3630 927">
     <span class='ocr_line' id='line_1_11' title="bbox 2175 846 3630 927; baseline 0.006 -26"><span class='ocrx_word' id='word_1_59' title='bbox 2175 847 2240 902; x_wconf 84' lang='lat' dir='ltr'>In</span> <span class='ocrx_word' id='word_1_60' title='bbox 2269 846 2391 903; x_wconf 89' lang='lat' dir='ltr'><strong><em>luce</em></strong></span> <span class='ocrx_word' id='word_1_61' title='bbox 2417 848 2753 917; x_wconf 73' lang='lat' dir='ltr'>tenebrosus,</span> <span class='ocrx_word' id='word_1_62' title='bbox 2787 850 2848 905; x_wconf 86' lang='lat' dir='ltr'>in</span> <span class='ocrx_word' id='word_1_63' title='bbox 2876 852 3031 907; x_wconf 88' lang='lat' dir='ltr'><strong><em>nocte</em></strong></span> <span class='ocrx_word' id='word_1_64' title='bbox 3056 866 3185 907; x_wconf 88' lang='lat' dir='ltr'><strong><em>vero</em></strong></span> <span class='ocrx_word' id='word_1_65' title='bbox 3211 852 3501 925; x_wconf 76' lang='lat' dir='ltr'>splendens</span> <span class='ocrx_word' id='word_1_66' title='bbox 3531 854 3630 927; x_wconf 88' lang='lat'>(2).</span> 
     </span>
    </p>
   </div>
   <div class='ocr_carea' id='block_1_12' title="bbox 380 937 626 1001">
    <p class='ocr_par' dir='ltr' id='par_1_12' title="bbox 380 937 626 1001">
     <span class='ocr_line' id='line_1_12' title="bbox 380 937 626 1001; baseline 0.004 -6"><span class='ocrx_word' id='word_1_67' title='bbox 380 937 626 1001; x_wconf 89' lang='grc' dir='ltr'>ωτεινός.</span> 
     </span>
    </p>
   </div>
   <div class='ocr_carea' id='block_1_13' title="bbox 340 962 1972 1107">
    <p class='ocr_par' dir='ltr' id='par_1_13' title="bbox 340 962 1951 1107">
     <span class='ocr_line' id='line_1_13' title="bbox 340 962 626 1019; baseline 0.007 -25"><span class='ocrx_word' id='word_1_68' title='bbox 340 962 626 1019; x_wconf 78' lang='grc' dir='ltr'>φωτεινος.</span> 
     </span>
     <span class='ocr_line' id='line_1_14' title="bbox 412 1024 1951 1107; baseline -0.003 -23"><span class='ocrx_word' id='word_1_69' title='bbox 412 1030 501 1085; x_wconf 86' lang='grc' dir='ltr'>Ἐν</span> <span class='ocrx_word' id='word_1_70' title='bbox 531 1027 723 1107; x_wconf 84' lang='grc' dir='ltr'>φρέατι</span> <span class='ocrx_word' id='word_1_71' title='bbox 741 1026 865 1082; x_wconf 89' lang='grc' dir='ltr'>κυσὶ</span> <span class='ocrx_word' id='word_1_72' title='bbox 898 1025 1187 1103; x_wconf 82' lang='grc' dir='ltr'>μάχεσθαι.</span> <span class='ocrx_word' id='word_1_73' title='bbox 1948 1024 1951 1031; x_wconf 72' lang='grc'><em>’</em></span> 
     </span>
    </p>
   </div>
   <div class='ocr_carea' id='block_1_14' title="bbox 1593 962 3225 1107">
    <p class='ocr_par' dir='ltr' id='par_1_14' title="bbox 1948 1024 3225 1105">
     <span class='ocr_line' id='line_1_15' title="bbox 1948 1024 3225 1105; baseline 0.004 -23"><span class='ocrx_word' id='word_1_74' title='bbox 1948 1024 1951 1031; x_wconf 74' lang='grc'><em>’</em></span> <span class='ocrx_word' id='word_1_75' title='bbox 2175 1031 2244 1083; x_wconf 88' lang='lat' dir='ltr'><strong><em>In</em></strong></span> <span class='ocrx_word' id='word_1_76' title='bbox 2260 1034 2419 1099; x_wconf 89' lang='lat' dir='ltr'><strong><em>puteo</em></strong></span> <span class='ocrx_word' id='word_1_77' title='bbox 2438 1043 2566 1083; x_wconf 90' lang='lat' dir='ltr'>cum</span> <span class='ocrx_word' id='word_1_78' title='bbox 2591 1028 2821 1085; x_wconf 82' lang='lat' dir='ltr'>canibus</span> <span class='ocrx_word' id='word_1_79' title='bbox 2847 1046 3101 1101; x_wconf 80' lang='lat' dir='ltr'><strong><em>pugnare</em></strong></span> <span class='ocrx_word' id='word_1_80' title='bbox 3130 1032 3225 1105; x_wconf 89' lang='lat'>(3).</span> 
     </span>
    </p>
   </div>
   <div class='ocr_carea' id='block_1_15' title="bbox 414 1111 2046 1194">
    <p class='ocr_par' dir='ltr' id='par_1_15' title="bbox 414 1111 1996 1193">
     <span class='ocr_line' id='line_1_16' title="bbox 414 1111 1996 1193; baseline -0.005 -19"><span class='ocrx_word' id='word_1_81' title='bbox 414 1113 839 1193; x_wconf 77' lang='grc' dir='ltr'>Ἐκδεδαρμένον</span> <span class='ocrx_word' id='word_1_82' title='bbox 900 1111 1096 1191; x_wconf 86' lang='grc' dir='ltr'>δέρεις.</span> <span class='ocrx_word' id='word_1_83' title='bbox 1155 1114 1278 1170; x_wconf 84' lang='grc' dir='ltr'>Ἐπὶ</span> <span class='ocrx_word' id='word_1_84' title='bbox 1334 1118 1442 1169; x_wconf 80' lang='grc' dir='ltr'>τῶν</span> <span class='ocrx_word' id='word_1_85' title='bbox 1507 1114 1681 1187; x_wconf 81' lang='grc' dir='ltr'>μάτην</span> <span class='ocrx_word' id='word_1_86' title='bbox 1742 1111 1942 1168; x_wconf 87' lang='grc' dir='ltr'>πονούν</span> <span class='ocrx_word' id='word_1_87' title='bbox 1973 1145 1996 1155; x_wconf 87' lang='lat'><strong>—</strong></span> 
     </span>
    </p>
   </div>
   <div class='ocr_carea' id='block_1_16' title="bbox 2122 1111 3754 1194">
    <p class='ocr_par' dir='ltr' id='par_1_16' title="bbox 2175 1118 3754 1194">
     <span class='ocr_line' id='line_1_17' title="bbox 2175 1118 3754 1194; baseline 0.008 -23"><span class='ocrx_word' id='word_1_88' title='bbox 2175 1118 2541 1173; x_wconf 72' lang='lat' dir='ltr'><strong><em>Excoriatum</em></strong></span> <span class='ocrx_word' id='word_1_89' title='bbox 2566 1119 2834 1174; x_wconf 76' lang='lat' dir='ltr'><strong><em>excorias.</em></strong></span> <span class='ocrx_word' id='word_1_90' title='bbox 2867 1122 2934 1175; x_wconf 88' lang='lat' dir='ltr'>In</span> <span class='ocrx_word' id='word_1_91' title='bbox 2978 1135 3077 1176; x_wconf 87' lang='lat' dir='ltr'><strong>eos</strong></span> <span class='ocrx_word' id='word_1_92' title='bbox 3108 1120 3210 1192; x_wconf 90' lang='lat' dir='ltr'>qui</span> <span class='ocrx_word' id='word_1_93' title='bbox 3253 1138 3489 1194; x_wconf 83' lang='lat' dir='ltr'>operam</span> <span class='ocrx_word' id='word_1_94' title='bbox 3520 1123 3754 1183; x_wconf 86' lang='lat' dir='ltr'><strong>ludunt.</strong></span> 
     </span>
    </p>
   </div>
   <div class='ocr_carea' id='block_1_17' title="bbox 343 1201 1975 1285">
    <p class='ocr_par' dir='ltr' id='par_1_17' title="bbox 343 1201 1975 1282">
     <span class='ocr_line' id='line_1_18' title="bbox 343 1201 1975 1282; baseline -0.004 -19"><span class='ocrx_word' id='word_1_95' title='bbox 343 1226 473 1263; x_wconf 86' lang='grc' dir='ltr'>των·</span> <span class='ocrx_word' id='word_1_96' title='bbox 528 1204 742 1282; x_wconf 86' lang='grc' dir='ltr'>βέλτιον</span> <span class='ocrx_word' id='word_1_97' title='bbox 791 1201 850 1259; x_wconf 74' lang='grc' dir='ltr'>δὲ</span> <span class='ocrx_word' id='word_1_98' title='bbox 896 1203 985 1259; x_wconf 84' lang='grc' dir='ltr'>έπὶ</span> <span class='ocrx_word' id='word_1_99' title='bbox 1030 1207 1139 1259; x_wconf 79' lang='grc' dir='ltr'>τῶν</span> <span class='ocrx_word' id='word_1_100' title='bbox 1189 1202 1501 1260; x_wconf 78' lang='grc' dir='ltr'>κακούντων</span> <span class='ocrx_word' id='word_1_101' title='bbox 1535 1201 1661 1264; x_wconf 77' lang='grc' dir='ltr'>τοὺς</span> <span class='ocrx_word' id='word_1_102' title='bbox 1693 1201 1746 1257; x_wconf 84' lang='grc' dir='ltr'>ἐν</span> <span class='ocrx_word' id='word_1_103' title='bbox 1780 1221 1975 1280; x_wconf 82' lang='grc' dir='ltr'>συμφο·</span> 
     </span>
    </p>
   </div>
   <div class='ocr_carea' id='block_1_18' title="bbox 2125 1201 3757 1285">
    <p class='ocr_par' dir='ltr' id='par_1_18' title="bbox 2125 1205 3757 1285">
     <span class='ocr_line' id='line_1_19' title="bbox 2125 1205 3757 1285; baseline 0.007 -23"><span class='ocrx_word' id='word_1_104' title='bbox 2125 1205 2315 1262; x_wconf 64' lang='lat' dir='ltr'><strong>Helius</strong></span> <span class='ocrx_word' id='word_1_105' title='bbox 2344 1222 2479 1261; x_wconf 88' lang='lat' dir='ltr'><strong><em>vero</em></strong></span> <span class='ocrx_word' id='word_1_106' title='bbox 2526 1206 2598 1262; x_wconf 90' lang='lat' dir='ltr'>de</span> <span class='ocrx_word' id='word_1_107' title='bbox 2643 1207 2715 1263; x_wconf 90' lang='lat' dir='ltr'>iis</span> <span class='ocrx_word' id='word_1_108' title='bbox 2763 1207 2865 1281; x_wconf 87' lang='lat' dir='ltr'>qui</span> <span class='ocrx_word' id='word_1_109' title='bbox 2914 1208 3314 1267; x_wconf 92' lang='lat' dir='ltr'><strong>calamitatem</strong></span> <span class='ocrx_word' id='word_1_110' title='bbox 3365 1212 3565 1285; x_wconf 88' lang='lat' dir='ltr'><strong>lapsos</strong></span> <span class='ocrx_word' id='word_1_111' title='bbox 3606 1214 3757 1273; x_wconf 85' lang='lat' dir='ltr'><strong>male</strong></span> 
     </span>
    </p>
   </div>
   <div class='ocr_carea' id='block_1_19' title="bbox 250 1294 1882 1371">
    <p class='ocr_par' dir='ltr' id='par_1_19' title="bbox 250 1300 486 1371">
     <span class='ocr_line' id='line_1_20' title="bbox 250 1300 486 1371; baseline -0.013 -19"><span class='ocrx_word' id='word_1_112' title='bbox 250 1332 261 1341; x_wconf 60' lang='grc' dir='ltr'><em>α</em></span> <span class='ocrx_word' id='word_1_113' title='bbox 345 1300 486 1371; x_wconf 86' lang='grc' dir='ltr'>ραῖς.</span> 
     </span>
    </p>
   </div>
   <div class='ocr_carea' id='block_1_20' title="bbox 713 1294 2345 1371">
    <p class='ocr_par' dir='ltr' id='par_1_20' title="bbox 2102 1294 2345 1351">
     <span class='ocr_line' id='line_1_21' title="bbox 2102 1294 2345 1351; baseline -0.008 0"><span class='ocrx_word' id='word_1_114' title='bbox 2102 1294 2345 1351; x_wconf 83' lang='lat' dir='ltr'>habent.</span> 
     </span>
    </p>
   </div>
   <div class='ocr_carea' id='block_1_21' title="bbox 414 1375 2046 1461">
    <p class='ocr_par' dir='ltr' id='par_1_21' title="bbox 414 1375 1995 1458">
     <span class='ocr_line' id='line_1_22' title="bbox 414 1375 1995 1458; baseline -0.004 -18"><span class='ocrx_word' id='word_1_115' title='bbox 414 1389 639 1440; x_wconf 84' lang='grc' dir='ltr'>Ἔπειτα</span> <span class='ocrx_word' id='word_1_116' title='bbox 686 1380 942 1439; x_wconf 80' lang='grc' dir='ltr'>πλουτῶν</span> <span class='ocrx_word' id='word_1_117' title='bbox 993 1380 1093 1436; x_wconf 77' lang='grc' dir='ltr'>οὐκ</span> <span class='ocrx_word' id='word_1_118' title='bbox 1140 1377 1215 1445; x_wconf 78' lang='grc' dir='ltr'>ἔθ’</span> <span class='ocrx_word' id='word_1_119' title='bbox 1244 1377 1433 1451; x_wconf 74' lang='grc' dir='ltr'>ἥδεται</span> <span class='ocrx_word' id='word_1_120' title='bbox 1474 1382 1642 1458; x_wconf 78' lang='grc' dir='ltr'>φακῇ.</span> <span class='ocrx_word' id='word_1_121' title='bbox 1676 1379 1791 1455; x_wconf 87' lang='grc' dir='ltr'>Πρὸ</span> <span class='ocrx_word' id='word_1_122' title='bbox 1819 1383 1916 1434; x_wconf 79' lang='grc' dir='ltr'>τοῦ</span> <span class='ocrx_word' id='word_1_123' title='bbox 1948 1375 1995 1433; x_wconf 85' lang='grc' dir='ltr'>δ’</span> 
     </span>
    </p>
   </div>
   <div class='ocr_carea' id='block_1_22' title="bbox 2122 1375 3754 1461">
    <p class='ocr_par' dir='ltr' id='par_1_22' title="bbox 2172 1384 3754 1461">
     <span class='ocr_line' id='line_1_23' title="bbox 2172 1384 3754 1461; baseline 0.008 -22"><span class='ocrx_word' id='word_1_124' title='bbox 2172 1390 2389 1452; x_wconf 82' lang='lat' dir='ltr'><strong><em>Postea,</em></strong></span> <span class='ocrx_word' id='word_1_125' title='bbox 2411 1384 2634 1457; x_wconf 83' lang='lat' dir='ltr'>quando</span> <span class='ocrx_word' id='word_1_126' title='bbox 2656 1384 2813 1440; x_wconf 89' lang='lat' dir='ltr'><strong><em>dives</em></strong></span> <span class='ocrx_word' id='word_1_127' title='bbox 2857 1387 2987 1457; x_wconf 88' lang='lat' dir='ltr'><strong><em>erit,</em></strong></span> <span class='ocrx_word' id='word_1_128' title='bbox 3021 1386 3169 1443; x_wconf 84' lang='lat' dir='ltr'><strong><em>lente</em></strong></span> <span class='ocrx_word' id='word_1_129' title='bbox 3198 1391 3336 1461; x_wconf 86' lang='lat' dir='ltr'>jam</span> <span class='ocrx_word' id='word_1_130' title='bbox 3378 1406 3493 1447; x_wconf 89' lang='lat' dir='ltr'>non</span> <span class='ocrx_word' id='word_1_131' title='bbox 3532 1391 3754 1461; x_wconf 80' lang='lat' dir='ltr'>gaudet.</span> 
     </span>
    </p>
   </div>
   <div class='ocr_carea' id='block_1_23' title="bbox 341 1468 1973 1549">
    <p class='ocr_par' dir='ltr' id='par_1_23' title="bbox 341 1468 1223 1549">
     <span class='ocr_line' id='line_1_24' title="bbox 341 1468 1223 1549; baseline -0.008 -19"><span class='ocrx_word' id='word_1_132' title='bbox 341 1474 446 1530; x_wconf 82' lang='grc' dir='ltr'>ὑπὸ</span> <span class='ocrx_word' id='word_1_133' title='bbox 472 1480 574 1544; x_wconf 84' lang='grc' dir='ltr'>τῆς</span> <span class='ocrx_word' id='word_1_134' title='bbox 603 1470 809 1549; x_wconf 86' lang='grc' dir='ltr'>παγίας</span> <span class='ocrx_word' id='word_1_135' title='bbox 836 1472 991 1527; x_wconf 87' lang='grc' dir='ltr'>πάντ’</span> <span class='ocrx_word' id='word_1_136' title='bbox 1014 1468 1223 1540; x_wconf 72' lang='grc' dir='ltr'>ἤσθιεν.</span> 
     </span>
    </p>
   </div>
   <div class='ocr_carea' id='block_1_24' title="bbox 1604 1468 3236 1549">
    <p class='ocr_par' dir='ltr' id='par_1_24' title="bbox 2100 1472 3236 1532">
     <span class='ocr_line' id='line_1_25' title="bbox 2100 1472 3236 1532; baseline 0.004 -4"><span class='ocrx_word' id='word_1_137' title='bbox 2100 1476 2238 1528; x_wconf 80' lang='lat' dir='ltr'><strong><em>Ante</em></strong></span> <span class='ocrx_word' id='word_1_138' title='bbox 2266 1474 2452 1529; x_wconf 80' lang='lat' dir='ltr'><strong><em>omnia</em></strong></span> <span class='ocrx_word' id='word_1_139' title='bbox 2482 1472 2990 1531; x_wconf 79' lang='lat' dir='ltr'><strong><em>indiseriminatim</em></strong></span> <span class='ocrx_word' id='word_1_140' title='bbox 3018 1476 3236 1532; x_wconf 86' lang='lat' dir='ltr'>edebat.</span> 
     </span>
    </p>
   </div>
   <div class='ocr_carea' id='block_1_25' title="bbox 411 1552 2043 1644">
    <p class='ocr_par' dir='ltr' id='par_1_25' title="bbox 411 1552 1989 1637">
     <span class='ocr_line' id='line_1_26' title="bbox 411 1552 1989 1637; baseline -0.004 -19"><span class='ocrx_word' id='word_1_141' title='bbox 411 1564 496 1618; x_wconf 90' lang='grc' dir='ltr'>Ἐν</span> <span class='ocrx_word' id='word_1_142' title='bbox 549 1562 692 1637; x_wconf 83' lang='grc' dir='ltr'>θέρει</span> <span class='ocrx_word' id='word_1_143' title='bbox 739 1562 839 1631; x_wconf 74' lang='grc' dir='ltr'>τὴν</span> <span class='ocrx_word' id='word_1_144' title='bbox 890 1559 1123 1636; x_wconf 85' lang='grc' dir='ltr'>χλαῖναν</span> <span class='ocrx_word' id='word_1_145' title='bbox 1173 1552 1537 1634; x_wconf 77' lang='grc' dir='ltr'>κατατρίϐεις.</span> <span class='ocrx_word' id='word_1_146' title='bbox 1593 1557 1711 1613; x_wconf 80' lang='grc' dir='ltr'>Ἐπὶ</span> <span class='ocrx_word' id='word_1_147' title='bbox 1760 1561 1867 1612; x_wconf 80' lang='grc' dir='ltr'>τῶν</span> <span class='ocrx_word' id='word_1_148' title='bbox 1914 1560 1989 1632; x_wconf 80' lang='grc' dir='ltr'>μὴ</span> 
     </span>
    </p>
   </div>
   <div class='ocr_carea' id='block_1_26' title="bbox 2126 1552 3758 1644">
    <p class='ocr_par' dir='ltr' id='par_1_26' title="bbox 2177 1561 3758 1644">
     <span class='ocr_line' id='line_1_27' title="bbox 2177 1561 3758 1644; baseline 0.008 -27"><span class='ocrx_word' id='word_1_149' title='bbox 2177 1564 2236 1617; x_wconf 87' lang='lat' dir='ltr'><strong><em>In</em></strong></span> <span class='ocrx_word' id='word_1_150' title='bbox 2263 1566 2458 1619; x_wconf 71' lang='lat' dir='ltr'><strong><em>aestate</em></strong></span> <span class='ocrx_word' id='word_1_151' title='bbox 2487 1562 2697 1619; x_wconf 66' lang='lat' dir='ltr'><strong><em>laenam</em></strong></span> <span class='ocrx_word' id='word_1_152' title='bbox 2723 1561 2942 1627; x_wconf 86' lang='lat' dir='ltr'><strong><em>deteris,</em></strong></span> <span class='ocrx_word' id='word_1_153' title='bbox 2975 1562 3040 1620; x_wconf 88' lang='lat' dir='ltr'><strong>In</strong></span> <span class='ocrx_word' id='word_1_154' title='bbox 3072 1581 3171 1621; x_wconf 89' lang='lat' dir='ltr'>eos</span> <span class='ocrx_word' id='word_1_155' title='bbox 3216 1567 3317 1638; x_wconf 90' lang='lat' dir='ltr'>qui</span> <span class='ocrx_word' id='word_1_156' title='bbox 3347 1584 3463 1625; x_wconf 93' lang='lat' dir='ltr'><strong><em>non</em></strong></span> <span class='ocrx_word' id='word_1_157' title='bbox 3494 1572 3758 1644; x_wconf 87' lang='lat' dir='ltr'><strong><em>tempore</em></strong></span> 
     </span>
    </p>
   </div>
   <div class='ocr_carea' id='block_1_27' title="bbox 334 1647 1966 1729">
    <p class='ocr_par' dir='ltr' id='par_1_27' title="bbox 334 1647 1456 1729">
     <span class='ocr_line' id='line_1_28' title="bbox 334 1647 1456 1729; baseline -0.004 -22"><span class='ocrx_word' id='word_1_158' title='bbox 334 1658 455 1717; x_wconf 82' lang='grc' dir='ltr'>καθ’</span> <span class='ocrx_word' id='word_1_159' title='bbox 482 1650 627 1729; x_wconf 80' lang='grc' dir='ltr'>ὥραν</span> <span class='ocrx_word' id='word_1_160' title='bbox 644 1656 765 1713; x_wconf 81' lang='grc' dir='ltr'>τοῖς</span> <span class='ocrx_word' id='word_1_161' title='bbox 794 1648 1101 1726; x_wconf 80' lang='grc' dir='ltr'>ἀναγκαίοις</span> <span class='ocrx_word' id='word_1_162' title='bbox 1130 1647 1456 1724; x_wconf 74' lang='grc' dir='ltr'>χρωμένων.</span> 
     </span>
    </p>
   </div>
   <div class='ocr_carea' id='block_1_28' title="bbox 1122 1647 2754 1729">
    <p class='ocr_par' dir='ltr' id='par_1_28' title="bbox 1130 1647 2754 1724">
     <span class='ocr_line' id='line_1_29' title="bbox 1130 1647 2754 1724; baseline 0.002 -21"><span class='ocrx_word' id='word_1_163' title='bbox 1130 1647 1456 1724; x_wconf 74' lang='grc' dir='ltr'>χρωμένων.</span> <span class='ocrx_word' id='word_1_164' title='bbox 2102 1650 2446 1708; x_wconf 81' lang='lat' dir='ltr'><strong><em>necessariis</em></strong></span> <span class='ocrx_word' id='word_1_165' title='bbox 2487 1654 2754 1707; x_wconf 88' lang='lat' dir='ltr'><strong>utuntur.</strong></span> 
     </span>
    </p>
   </div>
   <div class='ocr_carea' id='block_1_29' title="bbox 410 1733 2042 1813">
    <p class='ocr_par' dir='ltr' id='par_1_29' title="bbox 410 1733 1989 1813">
     <span class='ocr_line' id='line_1_30' title="bbox 410 1733 1989 1813; baseline -0.004 -15"><span class='ocrx_word' id='word_1_166' title='bbox 410 1742 553 1797; x_wconf 82' lang='grc' dir='ltr'>Ἔνθ’</span> <span class='ocrx_word' id='word_1_167' title='bbox 584 1737 710 1797; x_wconf 77' lang='grc' dir='ltr'>οὔτε</span> <span class='ocrx_word' id='word_1_168' title='bbox 736 1738 895 1796; x_wconf 86' lang='grc' dir='ltr'>πλεῖν</span> <span class='ocrx_word' id='word_1_169' title='bbox 938 1736 1160 1813; x_wconf 77' lang='grc' dir='ltr'>ἄνεμος,</span> <span class='ocrx_word' id='word_1_170' title='bbox 1192 1733 1315 1793; x_wconf 69' lang='grc' dir='ltr'>οὔτε</span> <span class='ocrx_word' id='word_1_171' title='bbox 1367 1736 1584 1811; x_wconf 77' lang='grc' dir='ltr'>μίμνειν</span> <span class='ocrx_word' id='word_1_172' title='bbox 1618 1736 1698 1809; x_wconf 78' lang='grc' dir='ltr'>έᾷ.</span> <span class='ocrx_word' id='word_1_173' title='bbox 1731 1737 1855 1792; x_wconf 77' lang='grc' dir='ltr'>Ἐπὶ</span> <span class='ocrx_word' id='word_1_174' title='bbox 1882 1741 1989 1792; x_wconf 83' lang='grc' dir='ltr'>τῶν</span> 
     </span>
    </p>
   </div>
   <div class='ocr_carea' id='block_1_30' title="bbox 2120 1733 3752 1813">
    <p class='ocr_par' dir='ltr' id='par_1_30' title="bbox 2177 1742 3752 1808">
     <span class='ocr_line' id='line_1_31' title="bbox 2177 1742 3752 1808; baseline 0.006 -11"><span class='ocrx_word' id='word_1_175' title='bbox 2177 1742 2372 1797; x_wconf 84' lang='lat' dir='ltr'><strong><em>Ventus</em></strong></span> <span class='ocrx_word' id='word_1_176' title='bbox 2398 1756 2627 1797; x_wconf 89' lang='lat' dir='ltr'><strong><em>manere</em></strong></span> <span class='ocrx_word' id='word_1_177' title='bbox 2654 1749 2752 1797; x_wconf 89' lang='lat' dir='ltr'>aut</span> <span class='ocrx_word' id='word_1_178' title='bbox 2795 1749 3004 1798; x_wconf 83' lang='lat' dir='ltr'><strong><em>solvere</em></strong></span> <span class='ocrx_word' id='word_1_179' title='bbox 3044 1742 3177 1800; x_wconf 84' lang='lat' dir='ltr'><strong><em>hinc</em></strong></span> <span class='ocrx_word' id='word_1_180' title='bbox 3221 1761 3334 1802; x_wconf 89' lang='lat' dir='ltr'>non</span> <span class='ocrx_word' id='word_1_181' title='bbox 3379 1749 3536 1805; x_wconf 90' lang='lat' dir='ltr'><strong><em>sinit.</em></strong></span> <span class='ocrx_word' id='word_1_182' title='bbox 3569 1748 3652 1806; x_wconf 91' lang='lat' dir='ltr'>De</span> <span class='ocrx_word' id='word_1_183' title='bbox 3679 1748 3752 1808; x_wconf 88' lang='lat' dir='ltr'><strong><em>iis</em></strong></span> 
     </span>
    </p>
   </div>
   <div class='ocr_carea' id='block_1_31' title="bbox 337 1826 1969 1930">
    <p class='ocr_par' dir='ltr' id='par_1_31' title="bbox 337 1826 1158 1908">
     <span class='ocr_line' id='line_1_32' title="bbox 337 1826 1158 1908; baseline 0 -22"><span class='ocrx_word' id='word_1_184' title='bbox 337 1829 706 1908; x_wconf 74' lang='grc' dir='ltr'>δυσχρήστως</span> <span class='ocrx_word' id='word_1_185' title='bbox 735 1826 1158 1904; x_wconf 87' lang='grc' dir='ltr'>περιπεσόντων.</span> 
     </span>
    </p>
   </div>
   <div class='ocr_carea' id='block_1_32' title="bbox 1614 1826 3246 1930">
    <p class='ocr_par' dir='ltr' id='par_1_32' title="bbox 2022 1829 3246 1930">
     <span class='ocr_line' id='line_1_33' title="bbox 2022 1829 3246 1930; baseline 0.006 -46"><span class='ocrx_word' id='word_1_186' title='bbox 2022 1864 2073 1930; x_wconf 80' lang='grc' dir='ltr'><strong>Β</strong></span> <span class='ocrx_word' id='word_1_187' title='bbox 2102 1830 2204 1902; x_wconf 89' lang='lat' dir='ltr'><strong>qui</strong></span> <span class='ocrx_word' id='word_1_188' title='bbox 2236 1830 2420 1930; x_wconf 52' lang='lat' dir='ltr'><strong>iures</strong></span> <span class='ocrx_word' id='word_1_189' title='bbox 2444 1829 2759 1930; x_wconf 76' lang='lat' dir='ltr'><strong><em>impeditas</em></strong></span> <span class='ocrx_word' id='word_1_190' title='bbox 2789 1830 3121 1888; x_wconf 87' lang='lat' dir='ltr'><strong><em>inciderunt</em></strong></span> <span class='ocrx_word' id='word_1_191' title='bbox 3148 1833 3246 1907; x_wconf 82' lang='grc'>(4).</span> 
     </span>
    </p>
   </div>
   <div class='ocr_carea' id='block_1_33' title="bbox 411 1915 2043 1999">
    <p class='ocr_par' dir='ltr' id='par_1_33' title="bbox 411 1915 2043 1999">
     <span class='ocr_line' id='line_1_34' title="bbox 411 1915 2043 1999; baseline -0.005 -23"><span class='ocrx_word' id='word_1_192' title='bbox 411 1918 643 1999; x_wconf 88' lang='grc' dir='ltr'>Ἐλέφας</span> <span class='ocrx_word' id='word_1_193' title='bbox 678 1920 813 1993; x_wconf 84' lang='grc' dir='ltr'>μυὸς</span> <span class='ocrx_word' id='word_1_194' title='bbox 845 1918 946 1974; x_wconf 77' lang='grc' dir='ltr'>οὐκ</span> <span class='ocrx_word' id='word_1_195' title='bbox 975 1915 1231 1994; x_wconf 80' lang='grc' dir='ltr'>ἀλεγίζει.</span> <span class='ocrx_word' id='word_1_196' title='bbox 2023 1915 2043 1930; x_wconf 81' lang='grc'><strong><em>³</em></strong></span> 
     </span>
    </p>
   </div>
   <div class='ocr_carea' id='block_1_34' title="bbox 1501 1915 3133 1999">
    <p class='ocr_par' dir='ltr' id='par_1_34' title="bbox 2023 1915 3133 1995">
     <span class='ocr_line' id='line_1_35' title="bbox 2023 1915 3133 1995; baseline 0.003 -20"><span class='ocrx_word' id='word_1_197' title='bbox 2023 1915 2072 1930; x_wconf 66' lang='grc'><em>⁸</em></span> <span class='ocrx_word' id='word_1_198' title='bbox 2170 1919 2407 1992; x_wconf 85' lang='lat' dir='ltr'><strong><em>Elephas</em></strong></span> <span class='ocrx_word' id='word_1_199' title='bbox 2430 1919 2497 1974; x_wconf 90' lang='lat' dir='ltr'>de</span> <span class='ocrx_word' id='word_1_200' title='bbox 2523 1934 2681 1976; x_wconf 90' lang='lat' dir='ltr'><strong><em>mure</em></strong></span> <span class='ocrx_word' id='word_1_201' title='bbox 2708 1936 2826 1976; x_wconf 89' lang='lat' dir='ltr'>non</span> <span class='ocrx_word' id='word_1_202' title='bbox 2848 1929 3007 1977; x_wconf 83' lang='lat' dir='ltr'><strong><em>curat</em></strong></span> <span class='ocrx_word' id='word_1_203' title='bbox 3034 1922 3133 1995; x_wconf 86' lang='lat'>(5).</span> 
     </span>
    </p>
   </div>
   <div class='ocr_carea' id='block_1_35' title="bbox 412 2001 2044 2091">
    <p class='ocr_par' dir='ltr' id='par_1_35' title="bbox 412 2001 1988 2082">
     <span class='ocr_line' id='line_1_36' title="bbox 412 2001 1988 2082; baseline -0.004 -17"><span class='ocrx_word' id='word_1_204' title='bbox 412 2009 598 2072; x_wconf 83' lang='grc' dir='ltr'>Ἐκτὸς</span> <span class='ocrx_word' id='word_1_205' title='bbox 624 2007 810 2080; x_wconf 78' lang='grc' dir='ltr'>πηλοῦ</span> <span class='ocrx_word' id='word_1_206' title='bbox 840 2004 982 2063; x_wconf 78' lang='grc' dir='ltr'>πόδα</span> <span class='ocrx_word' id='word_1_207' title='bbox 1030 2004 1199 2082; x_wconf 80' lang='grc' dir='ltr'>ἔχεις.</span> <span class='ocrx_word' id='word_1_208' title='bbox 1258 2006 1379 2061; x_wconf 84' lang='grc' dir='ltr'>Ἐπὶ</span> <span class='ocrx_word' id='word_1_209' title='bbox 1430 2010 1540 2061; x_wconf 79' lang='grc' dir='ltr'>τῶν</span> <span class='ocrx_word' id='word_1_210' title='bbox 1591 2001 1693 2077; x_wconf 78' lang='grc' dir='ltr'>ἔξω</span> <span class='ocrx_word' id='word_1_211' title='bbox 1722 2001 1988 2061; x_wconf 77' lang='grc' dir='ltr'>κινδύνων</span> 
     </span>
    </p>
   </div>
   <div class='ocr_carea' id='block_1_36' title="bbox 2119 2001 3751 2091">
    <p class='ocr_par' dir='ltr' id='par_1_36' title="bbox 2170 2008 3751 2091">
     <span class='ocr_line' id='line_1_37' title="bbox 2170 2008 3751 2091; baseline 0.007 -27"><span class='ocrx_word' id='word_1_212' title='bbox 2170 2010 2349 2065; x_wconf 73' lang='lat' dir='ltr'><strong><em>Extra</em></strong></span> <span class='ocrx_word' id='word_1_213' title='bbox 2379 2009 2565 2065; x_wconf 88' lang='lat' dir='ltr'><strong><em>lutum</em></strong></span> <span class='ocrx_word' id='word_1_214' title='bbox 2591 2008 2755 2082; x_wconf 90' lang='lat' dir='ltr'><strong><em>pedes</em></strong></span> <span class='ocrx_word' id='word_1_215' title='bbox 2800 2010 2983 2068; x_wconf 81' lang='lat' dir='ltr'><strong><em>habes.</em></strong></span> <span class='ocrx_word' id='word_1_216' title='bbox 3018 2011 3099 2068; x_wconf 90' lang='lat' dir='ltr'>De</span> <span class='ocrx_word' id='word_1_217' title='bbox 3145 2013 3218 2069; x_wconf 88' lang='lat' dir='ltr'><strong>iis</strong></span> <span class='ocrx_word' id='word_1_218' title='bbox 3248 2014 3350 2086; x_wconf 89' lang='lat' dir='ltr'>qui</span> <span class='ocrx_word' id='word_1_219' title='bbox 3407 2020 3571 2074; x_wconf 81' lang='lat' dir='ltr'>extra</span> <span class='ocrx_word' id='word_1_220' title='bbox 3598 2018 3751 2091; x_wconf 87' lang='lat' dir='ltr'><strong><em>peri-</em></strong></span> 
     </span>
    </p>
   </div>
   <div class='ocr_carea' id='block_1_37' title="bbox 339 2093 1971 2156">
    <p class='ocr_par' dir='ltr' id='par_1_37' title="bbox 339 2093 531 2153">
     <span class='ocr_line' id='line_1_38' title="bbox 339 2093 531 2153; baseline -0.005 0"><span class='ocrx_word' id='word_1_221' title='bbox 339 2093 508 2153; x_wconf 78' lang='grc' dir='ltr'>ὅντων</span> <span class='ocrx_word' id='word_1_222' title='bbox 520 2141 531 2151; x_wconf 92' lang='grc'>.</span> 
     </span>
    </p>
   </div>
   <div class='ocr_carea' id='block_1_38' title="bbox 1195 2093 2827 2156">
    <p class='ocr_par' dir='ltr' id='par_1_38' title="bbox 2101 2097 2827 2156">
     <span class='ocr_line' id='line_1_39' title="bbox 2101 2097 2827 2156; baseline -0.001 -1"><span class='ocrx_word' id='word_1_223' title='bbox 2101 2097 2302 2155; x_wconf 89' lang='lat' dir='ltr'><strong>culum</strong></span> <span class='ocrx_word' id='word_1_224' title='bbox 2334 2102 2474 2156; x_wconf 89' lang='lat' dir='ltr'><strong>sunt</strong></span> <span class='ocrx_word' id='word_1_225' title='bbox 2503 2099 2827 2156; x_wconf 81' lang='lat' dir='ltr'><strong>constituti.</strong></span> 
     </span>
    </p>
   </div>
   <div class='ocr_carea' id='block_1_39' title="bbox 412 2181 2044 2268">
    <p class='ocr_par' dir='ltr' id='par_1_39' title="bbox 412 2181 1987 2264">
     <span class='ocr_line' id='line_1_40' title="bbox 412 2181 1987 2264; baseline -0.001 -21"><span class='ocrx_word' id='word_1_226' title='bbox 412 2193 504 2243; x_wconf 84' lang='grc' dir='ltr'>Ἐκ</span> <span class='ocrx_word' id='word_1_227' title='bbox 548 2187 745 2264; x_wconf 87' lang='grc' dir='ltr'>τριχὸς</span> <span class='ocrx_word' id='word_1_228' title='bbox 804 2184 1117 2262; x_wconf 89' lang='grc' dir='ltr'>κρέμαται.</span> <span class='ocrx_word' id='word_1_229' title='bbox 1176 2182 1294 2239; x_wconf 82' lang='grc' dir='ltr'>Ἐπὶ</span> <span class='ocrx_word' id='word_1_230' title='bbox 1349 2188 1457 2239; x_wconf 80' lang='grc' dir='ltr'>τῶν</span> <span class='ocrx_word' id='word_1_231' title='bbox 1515 2181 1937 2239; x_wconf 86' lang='grc' dir='ltr'>κινδυνευόντων</span> <span class='ocrx_word' id='word_1_232' title='bbox 1976 2230 1987 2242; x_wconf 96' lang='grc'>.</span> 
     </span>
    </p>
   </div>
   <div class='ocr_carea' id='block_1_40' title="bbox 2151 2181 3783 2268">
    <p class='ocr_par' dir='ltr' id='par_1_40' title="bbox 2171 2187 3783 2268">
     <span class='ocr_line' id='line_1_41' title="bbox 2171 2187 3783 2268; baseline 0.004 -23"><span class='ocrx_word' id='word_1_233' title='bbox 2171 2192 2260 2245; x_wconf 72' lang='lat' dir='ltr'>Ex</span> <span class='ocrx_word' id='word_1_234' title='bbox 2283 2188 2401 2260; x_wconf 89' lang='lat' dir='ltr'><strong><em>pilo</em></strong></span> <span class='ocrx_word' id='word_1_235' title='bbox 2424 2187 2639 2260; x_wconf 85' lang='lat' dir='ltr'><strong><em>pendet.</em></strong></span> <span class='ocrx_word' id='word_1_236' title='bbox 2674 2192 2754 2244; x_wconf 90' lang='lat' dir='ltr'><strong>De</strong></span> <span class='ocrx_word' id='word_1_237' title='bbox 2796 2188 2869 2245; x_wconf 87' lang='lat' dir='ltr'><strong>iis</strong></span> <span class='ocrx_word' id='word_1_238' title='bbox 2898 2189 3001 2262; x_wconf 89' lang='lat' dir='ltr'><strong>qui</strong></span> <span class='ocrx_word' id='word_1_239' title='bbox 3050 2190 3478 2263; x_wconf 81' lang='lat' dir='ltr'>periclitantur.</span> <span class='ocrx_word' id='word_1_240' title='bbox 3510 2194 3714 2254; x_wconf 85' lang='lat' dir='ltr'>Simile</span> <span class='ocrx_word' id='word_1_241' title='bbox 3738 2222 3783 2268; x_wconf 76' lang='lat'>;~</span> 
     </span>
    </p>
   </div>
   <div class='ocr_carea' id='block_1_41' title="bbox 339 2275 1971 2351">
    <p class='ocr_par' dir='ltr' id='par_1_41' title="bbox 339 2275 1056 2351">
     <span class='ocr_line' id='line_1_42' title="bbox 339 2275 1056 2351; baseline -0.007 -18"><span class='ocrx_word' id='word_1_242' title='bbox 339 2281 565 2351; x_wconf 87' lang='grc' dir='ltr'>Ὅμοιον</span> <span class='ocrx_word' id='word_1_243' title='bbox 591 2280 691 2350; x_wconf 80' lang='grc' dir='ltr'>τῷ,</span> <span class='ocrx_word' id='word_1_244' title='bbox 721 2276 845 2330; x_wconf 84' lang='grc' dir='ltr'>Ἐπὶ</span> <span class='ocrx_word' id='word_1_245' title='bbox 875 2275 1056 2350; x_wconf 79' lang='grc' dir='ltr'>ξυροῦ.</span> 
     </span>
    </p>
   </div>
   <div class='ocr_carea' id='block_1_42' title="bbox 1642 2275 3274 2351">
    <p class='ocr_par' dir='ltr' id='par_1_42' title="bbox 2100 2276 3274 2349">
     <span class='ocr_line' id='line_1_43' title="bbox 2100 2276 3274 2349; baseline 0.002 -15"><span class='ocrx_word' id='word_1_246' title='bbox 2100 2280 2164 2334; x_wconf 88' lang='lat' dir='ltr'>In</span> <span class='ocrx_word' id='word_1_247' title='bbox 2190 2279 2309 2334; x_wconf 91' lang='lat' dir='ltr'><strong><em>acie</em></strong></span> <span class='ocrx_word' id='word_1_248' title='bbox 2338 2277 2423 2333; x_wconf 88' lang='lat' dir='ltr'>vel</span> <span class='ocrx_word' id='word_1_249' title='bbox 2450 2276 2673 2349; x_wconf 86' lang='lat' dir='ltr'><strong><em>cuspide</em></strong></span> <span class='ocrx_word' id='word_1_250' title='bbox 2702 2279 2981 2336; x_wconf 77' lang='lat' dir='ltr'><strong><em>novaculae</em></strong></span> <span class='ocrx_word' id='word_1_251' title='bbox 3009 2281 3274 2337; x_wconf 83' lang='lat' dir='ltr'><strong><em>constitit.</em></strong></span> 
     </span>
    </p>
   </div>
   <div class='ocr_carea' id='block_1_43' title="bbox 412 2360 2044 2445">
    <p class='ocr_par' dir='ltr' id='par_1_43' title="bbox 412 2360 1991 2443">
     <span class='ocr_line' id='line_1_44' title="bbox 412 2360 1991 2443; baseline -0.003 -21"><span class='ocrx_word' id='word_1_252' title='bbox 412 2366 645 2443; x_wconf 79' lang='grc' dir='ltr'>Εὗγενής</span> <span class='ocrx_word' id='word_1_253' title='bbox 720 2363 781 2420; x_wconf 75' lang='grc' dir='ltr'>ἐκ</span> <span class='ocrx_word' id='word_1_254' title='bbox 838 2361 1128 2439; x_wconf 73' lang='grc' dir='ltr'>βαλαπίου</span> <span class='ocrx_word' id='word_1_255' title='bbox 1162 2407 1174 2421; x_wconf 93' lang='grc'>.</span> <span class='ocrx_word' id='word_1_256' title='bbox 1238 2362 1356 2419; x_wconf 83' lang='grc' dir='ltr'>Ἐπὶ</span> <span class='ocrx_word' id='word_1_257' title='bbox 1413 2366 1522 2417; x_wconf 80' lang='grc' dir='ltr'>τῶν</span> <span class='ocrx_word' id='word_1_258' title='bbox 1600 2360 1690 2418; x_wconf 78' lang='grc' dir='ltr'>διὰ</span> <span class='ocrx_word' id='word_1_259' title='bbox 1746 2361 1991 2418; x_wconf 85' lang='grc' dir='ltr'>πλούτου</span> 
     </span>
    </p>
   </div>
   <div class='ocr_carea' id='block_1_44' title="bbox 2124 2360 3756 2445">
    <p class='ocr_par' dir='ltr' id='par_1_44' title="bbox 2171 2367 3756 2445">
     <span class='ocr_line' id='line_1_45' title="bbox 2171 2367 3756 2445; baseline 0.007 -23"><span class='ocrx_word' id='word_1_260' title='bbox 2171 2367 2381 2423; x_wconf 86' lang='lat' dir='ltr'><strong><em>Nobilis</em></strong></span> <span class='ocrx_word' id='word_1_261' title='bbox 2412 2382 2483 2423; x_wconf 75' lang='lat' dir='ltr'><strong><em>ex</em></strong></span> <span class='ocrx_word' id='word_1_262' title='bbox 2509 2368 2820 2438; x_wconf 87' lang='lat' dir='ltr'><strong><em>marsupio.</em></strong></span> <span class='ocrx_word' id='word_1_263' title='bbox 2855 2367 2920 2425; x_wconf 93' lang='lat' dir='ltr'>In</span> <span class='ocrx_word' id='word_1_264' title='bbox 2972 2383 3073 2425; x_wconf 89' lang='lat' dir='ltr'><strong>eos</strong></span> <span class='ocrx_word' id='word_1_265' title='bbox 3119 2370 3220 2442; x_wconf 91' lang='lat' dir='ltr'>qui</span> <span class='ocrx_word' id='word_1_266' title='bbox 3251 2376 3493 2445; x_wconf 90' lang='lat' dir='ltr'><strong><em>propter</em></strong></span> <span class='ocrx_word' id='word_1_267' title='bbox 3522 2373 3756 2433; x_wconf 84' lang='lat' dir='ltr'><strong>divitias</strong></span> 
     </span>
    </p>
   </div>
   <div class='ocr_carea' id='block_1_45' title="bbox 333 2454 1965 2530">
    <p class='ocr_par' dir='ltr' id='par_1_45' title="bbox 333 2454 682 2530">
     <span class='ocr_line' id='line_1_46' title="bbox 333 2454 682 2530; baseline 0.003 -19"><span class='ocrx_word' id='word_1_268' title='bbox 333 2477 390 2511; x_wconf 91' lang='grc' dir='ltr'>τι</span> <span class='ocrx_word' id='word_1_269' title='bbox 397 2478 483 2530; x_wconf 87' lang='grc' dir='ltr'>μω</span> <span class='ocrx_word' id='word_1_270' title='bbox 491 2454 682 2529; x_wconf 86' lang='grc' dir='ltr'>μένων.</span> 
     </span>
    </p>
   </div>
   <div class='ocr_carea' id='block_1_46' title="bbox 871 2454 2503 2530">
    <p class='ocr_par' dir='ltr' id='par_1_46' title="bbox 2101 2456 2503 2530">
     <span class='ocr_line' id='line_1_47' title="bbox 2101 2456 2503 2530; baseline -0.007 -16"><span class='ocrx_word' id='word_1_271' title='bbox 2101 2456 2303 2530; x_wconf 85' lang='lat' dir='ltr'><strong>magni</strong></span> <span class='ocrx_word' id='word_1_272' title='bbox 2334 2456 2503 2512; x_wconf 80' lang='lat' dir='ltr'><strong>ﬁunt.</strong></span> 
     </span>
    </p>
   </div>
   <div class='ocr_carea' id='block_1_47' title="bbox 405 2539 2037 2622">
    <p class='ocr_par' dir='ltr' id='par_1_47' title="bbox 405 2539 1989 2622">
     <span class='ocr_line' id='line_1_48' title="bbox 405 2539 1989 2622; baseline -0.001 -22"><span class='ocrx_word' id='word_1_273' title='bbox 405 2547 610 2622; x_wconf 84' lang='grc' dir='ltr'>’Έγχος</span> <span class='ocrx_word' id='word_1_274' title='bbox 664 2542 753 2599; x_wconf 78' lang='grc' dir='ltr'>ἐπὶ</span> <span class='ocrx_word' id='word_1_275' title='bbox 808 2546 888 2615; x_wconf 81' lang='grc' dir='ltr'>τῷ</span> <span class='ocrx_word' id='word_1_276' title='bbox 945 2539 1122 2618; x_wconf 75' lang='grc' dir='ltr'>ἔγχει.</span> <span class='ocrx_word' id='word_1_277' title='bbox 1182 2544 1351 2618; x_wconf 79' lang='grc' dir='ltr'>Γραῦν</span> <span class='ocrx_word' id='word_1_278' title='bbox 1402 2561 1529 2618; x_wconf 89' lang='grc' dir='ltr'>φασι</span> <span class='ocrx_word' id='word_1_279' title='bbox 1584 2544 1747 2596; x_wconf 79' lang='grc' dir='ltr'>τοῦτο</span> <span class='ocrx_word' id='word_1_280' title='bbox 1797 2541 1989 2613; x_wconf 75' lang='grc' dir='ltr'>εἰπεῖν,</span> 
     </span>
    </p>
   </div>
   <div class='ocr_carea' id='block_1_48' title="bbox 2122 2539 3754 2622">
    <p class='ocr_par' dir='ltr' id='par_1_48' title="bbox 2172 2544 3754 2618">
     <span class='ocr_line' id='line_1_49' title="bbox 2172 2544 3754 2618; baseline 0.005 -16"><span class='ocrx_word' id='word_1_281' title='bbox 2172 2548 2331 2603; x_wconf 87' lang='lat' dir='ltr'><strong><em>Ensis</em></strong></span> <span class='ocrx_word' id='word_1_282' title='bbox 2359 2548 2495 2602; x_wconf 84' lang='lat' dir='ltr'><strong><em>ensi.</em></strong></span> <span class='ocrx_word' id='word_1_283' title='bbox 2544 2544 2814 2601; x_wconf 87' lang='lat' dir='ltr'><strong>Vetulam</strong></span> <span class='ocrx_word' id='word_1_284' title='bbox 2861 2547 3182 2618; x_wconf 84' lang='lat' dir='ltr'><strong>quamdam</strong></span> <span class='ocrx_word' id='word_1_285' title='bbox 3234 2550 3538 2608; x_wconf 89' lang='lat' dir='ltr'><strong>mulierem</strong></span> <span class='ocrx_word' id='word_1_286' title='bbox 3584 2552 3754 2612; x_wconf 86' lang='lat' dir='ltr'><strong>aiunt</strong></span> 
     </span>
    </p>
   </div>
   <div class='ocr_carea' id='block_1_49' title="bbox 332 2628 1964 2713">
    <p class='ocr_par' dir='ltr' id='par_1_49' title="bbox 332 2628 1247 2709">
     <span class='ocr_line' id='line_1_50' title="bbox 332 2628 1247 2709; baseline -0.008 -18"><span class='ocrx_word' id='word_1_287' title='bbox 332 2631 575 2707; x_wconf 75' lang='grc' dir='ltr'>καπήλῳ</span> <span class='ocrx_word' id='word_1_288' title='bbox 603 2630 1029 2709; x_wconf 84' lang='grc' dir='ltr'>ένεχυράζουσαν</span> <span class='ocrx_word' id='word_1_289' title='bbox 1057 2628 1247 2707; x_wconf 83' lang='grc' dir='ltr'>ἔγχος.</span> 
     </span>
    </p>
   </div>
   <div class='ocr_carea' id='block_1_50' title="bbox 2121 2628 3753 2713">
    <p class='ocr_par' dir='ltr' id='par_1_50' title="bbox 2121 2635 3753 2713">
     <span class='ocr_line' id='line_1_51' title="bbox 2121 2635 3753 2713; baseline 0.003 -20"><span class='ocrx_word' id='word_1_290' title='bbox 2121 2653 2212 2693; x_wconf 83' lang='lat' dir='ltr'>10c</span> <span class='ocrx_word' id='word_1_291' title='bbox 2250 2636 2468 2692; x_wconf 82' lang='lat' dir='ltr'><strong>dixisse</strong></span> <span class='ocrx_word' id='word_1_292' title='bbox 2514 2651 2642 2707; x_wconf 81' lang='lat' dir='ltr'><strong>quae</strong></span> <span class='ocrx_word' id='word_1_293' title='bbox 2692 2635 2943 2707; x_wconf 85' lang='lat' dir='ltr'><strong><em>cauponi</em></strong></span> <span class='ocrx_word' id='word_1_294' title='bbox 2987 2652 3190 2693; x_wconf 86' lang='lat' dir='ltr'><strong>ensem</strong></span> <span class='ocrx_word' id='word_1_295' title='bbox 3240 2639 3753 2713; x_wconf 84' lang='lat' dir='ltr'><strong><em>oppigneraverat.</em></strong></span> 
     </span>
    </p>
   </div>
   <div class='ocr_carea' id='block_1_51' title="bbox 408 2719 2040 2800">
    <p class='ocr_par' dir='ltr' id='par_1_51' title="bbox 408 2719 1988 2798">
     <span class='ocr_line' id='line_1_52' title="bbox 408 2719 1988 2798; baseline -0.003 -19"><span class='ocrx_word' id='word_1_296' title='bbox 408 2722 720 2798; x_wconf 83' lang='grc' dir='ltr'>Ἐλεύθεραι</span> <span class='ocrx_word' id='word_1_297' title='bbox 797 2720 947 2797; x_wconf 75' lang='grc' dir='ltr'>αἶγες</span> <span class='ocrx_word' id='word_1_298' title='bbox 1027 2719 1259 2797; x_wconf 77' lang='grc' dir='ltr'>ἀρότρου</span> <span class='ocrx_word' id='word_1_299' title='bbox 1294 2761 1307 2773; x_wconf 94' lang='grc'>.</span> <span class='ocrx_word' id='word_1_300' title='bbox 1385 2719 1507 2774; x_wconf 86' lang='grc' dir='ltr'>Ἐπὶ</span> <span class='ocrx_word' id='word_1_301' title='bbox 1597 2723 1704 2774; x_wconf 80' lang='grc' dir='ltr'>τῶν</span> <span class='ocrx_word' id='word_1_302' title='bbox 1789 2720 1988 2795; x_wconf 86' lang='grc' dir='ltr'>βάρους</span> 
     </span>
    </p>
   </div>
   <div class='ocr_carea' id='block_1_52' title="bbox 2121 2719 3753 2800">
    <p class='ocr_par' dir='ltr' id='par_1_52' title="bbox 2172 2724 3753 2800">
     <span class='ocr_line' id='line_1_53' title="bbox 2172 2724 3753 2800; baseline 0.004 -18"><span class='ocrx_word' id='word_1_303' title='bbox 2172 2726 2387 2783; x_wconf 65' lang='lat' dir='ltr'><strong><em>Liberae</em></strong></span> <span class='ocrx_word' id='word_1_304' title='bbox 2414 2733 2544 2781; x_wconf 90' lang='lat' dir='ltr'><strong><em>sunt</em></strong></span> <span class='ocrx_word' id='word_1_305' title='bbox 2573 2738 2757 2796; x_wconf 73' lang='lat' dir='ltr'><strong><em>caprae</em></strong></span> <span class='ocrx_word' id='word_1_306' title='bbox 2784 2724 2852 2780; x_wconf 92' lang='lat' dir='ltr'><strong><em>ab</em></strong></span> <span class='ocrx_word' id='word_1_307' title='bbox 2881 2733 3090 2783; x_wconf 90' lang='lat' dir='ltr'><strong><em>aratro.</em></strong></span> <span class='ocrx_word' id='word_1_308' title='bbox 3126 2727 3203 2783; x_wconf 88' lang='lat' dir='ltr'>De</span> <span class='ocrx_word' id='word_1_309' title='bbox 3233 2727 3305 2784; x_wconf 88' lang='lat' dir='ltr'>iis</span> <span class='ocrx_word' id='word_1_310' title='bbox 3338 2729 3439 2800; x_wconf 89' lang='lat' dir='ltr'>qui</span> <span class='ocrx_word' id='word_1_311' title='bbox 3471 2730 3543 2786; x_wconf 92' lang='lat' dir='ltr'><strong>ab</strong></span> <span class='ocrx_word' id='word_1_312' title='bbox 3575 2747 3753 2788; x_wconf 88' lang='lat' dir='ltr'><strong><em>onore</em></strong></span> 
     </span>
    </p>
   </div>
   <div class='ocr_carea' id='block_1_53' title="bbox 334 2811 1966 2889">
    <p class='ocr_par' dir='ltr' id='par_1_53' title="bbox 334 2811 797 2889">
     <span class='ocr_line' id='line_1_54' title="bbox 334 2811 797 2889; baseline -0.006 -21"><span class='ocrx_word' id='word_1_313' title='bbox 334 2811 797 2889; x_wconf 85' lang='grc' dir='ltr'>ἀπηλλαγμένων.</span> 
     </span>
    </p>
   </div>
   <div class='ocr_carea' id='block_1_54' title="bbox 1197 2811 2829 2889">
    <p class='ocr_par' dir='ltr' id='par_1_54' title="bbox 2102 2812 2829 2887">
     <span class='ocr_line' id='line_1_55' title="bbox 2102 2812 2829 2887; baseline -0.004 -16"><span class='ocrx_word' id='word_1_314' title='bbox 2102 2812 2381 2887; x_wconf 90' lang='lat' dir='ltr'><strong>quopiam</strong></span> <span class='ocrx_word' id='word_1_315' title='bbox 2412 2818 2554 2870; x_wconf 90' lang='lat' dir='ltr'><strong>sunt</strong></span> <span class='ocrx_word' id='word_1_316' title='bbox 2580 2812 2829 2869; x_wconf 83' lang='lat' dir='ltr'><strong>liberati.</strong></span> 
     </span>
    </p>
   </div>
   <div class='ocr_carea' id='block_1_55' title="bbox 404 2896 2036 2979">
    <p class='ocr_par' dir='ltr' id='par_1_55' title="bbox 404 2896 1988 2976">
     <span class='ocr_line' id='line_1_56' title="bbox 404 2896 1988 2976; baseline -0.002 -19"><span class='ocrx_word' id='word_1_317' title='bbox 404 2902 502 2966; x_wconf 73' lang='grc' dir='ltr'>Εἲς</span> <span class='ocrx_word' id='word_1_318' title='bbox 556 2898 765 2957; x_wconf 88' lang='grc' dir='ltr'>κόλπον</span> <span class='ocrx_word' id='word_1_319' title='bbox 808 2898 1015 2962; x_wconf 80' lang='grc' dir='ltr'>πτύεις.</span> <span class='ocrx_word' id='word_1_320' title='bbox 1067 2896 1212 2955; x_wconf 86' lang='grc' dir='ltr'>Ἀντὶ</span> <span class='ocrx_word' id='word_1_321' title='bbox 1257 2901 1379 2969; x_wconf 76' lang='grc' dir='ltr'>τοῦ,</span> <span class='ocrx_word' id='word_1_322' title='bbox 1428 2896 1501 2952; x_wconf 86' lang='grc' dir='ltr'>Ού</span> <span class='ocrx_word' id='word_1_323' title='bbox 1551 2896 1988 2976; x_wconf 77' lang='grc' dir='ltr'>μεγαλοῤῥημο-</span> 
     </span>
    </p>
   </div>
   <div class='ocr_carea' id='block_1_56' title="bbox 2117 2896 3749 2979">
    <p class='ocr_par' dir='ltr' id='par_1_56' title="bbox 2172 2901 3749 2979">
     <span class='ocr_line' id='line_1_57' title="bbox 2172 2901 3749 2979; baseline 0.004 -19"><span class='ocrx_word' id='word_1_324' title='bbox 2172 2908 2243 2960; x_wconf 83' lang='grc' dir='ltr'>ιη</span> <span class='ocrx_word' id='word_1_325' title='bbox 2269 2905 2455 2960; x_wconf 90' lang='lat' dir='ltr'><strong><em>sinum</em></strong></span> <span class='ocrx_word' id='word_1_326' title='bbox 2498 2901 2739 2975; x_wconf 89' lang='lat' dir='ltr'><strong><em>despuis.</em></strong></span> <span class='ocrx_word' id='word_1_327' title='bbox 2798 2902 2975 2967; x_wconf 87' lang='lat' dir='ltr'><strong>Quasi</strong></span> <span class='ocrx_word' id='word_1_328' title='bbox 3005 2902 3181 2975; x_wconf 89' lang='lat' dir='ltr'><strong><em>dicat,</em></strong></span> <span class='ocrx_word' id='word_1_329' title='bbox 3241 2905 3455 2979; x_wconf 85' lang='lat' dir='ltr'><strong>Magna</strong></span> <span class='ocrx_word' id='word_1_330' title='bbox 3508 2924 3626 2965; x_wconf 93' lang='lat' dir='ltr'><strong>non</strong></span> <span class='ocrx_word' id='word_1_331' title='bbox 3664 2906 3749 2966; x_wconf 86' lang='lat' dir='ltr'>lo-</span> 
     </span>
    </p>
   </div>
   <div class='ocr_carea' id='block_1_57' title="bbox 334 2993 1966 3067">
    <p class='ocr_par' dir='ltr' id='par_1_57' title="bbox 334 2997 1379 3055">
     <span class='ocr_line' id='line_1_58' title="bbox 334 2997 1379 3055; baseline -0.013 -6"><span class='ocrx_word' id='word_1_332' title='bbox 334 2997 462 3055; x_wconf 81' lang='grc' dir='ltr'>νεῖς.</span> <span class='ocrx_word' id='word_1_333' title='bbox 1374 3029 1379 3035; x_wconf 91' lang='grc'>.</span> 
     </span>
    </p>
   </div>
   <div class='ocr_carea' id='block_1_58' title="bbox 691 2993 2323 3067">
    <p class='ocr_par' dir='ltr' id='par_1_58' title="bbox 1374 2993 2323 3067">
     <span class='ocr_line' id='line_1_59' title="bbox 1374 2993 2323 3067; baseline -0.002 -17"><span class='ocrx_word' id='word_1_334' title='bbox 1374 3029 1379 3035; x_wconf 88' lang='grc'><strong><em>-</em></strong></span> <span class='ocrx_word' id='word_1_335' title='bbox 2101 2993 2323 3067; x_wconf 88' lang='lat' dir='ltr'><strong>queris.</strong></span> 
     </span>
    </p>
   </div>
   <div class='ocr_carea' id='block_1_59' title="bbox 405 3076 2037 3156">
    <p class='ocr_par' dir='ltr' id='par_1_59' title="bbox 405 3076 1989 3156">
     <span class='ocr_line' id='line_1_60' title="bbox 405 3076 1989 3156; baseline -0.003 -19"><span class='ocrx_word' id='word_1_336' title='bbox 405 3087 492 3137; x_wconf 85' lang='grc' dir='ltr'>Ἐν</span> <span class='ocrx_word' id='word_1_337' title='bbox 524 3082 670 3156; x_wconf 81' lang='grc' dir='ltr'>πίθῳ</span> <span class='ocrx_word' id='word_1_338' title='bbox 696 3082 797 3151; x_wconf 74' lang='grc' dir='ltr'>τὴν</span> <span class='ocrx_word' id='word_1_339' title='bbox 845 3077 1156 3156; x_wconf 84' lang='grc' dir='ltr'>κεραμείαν.</span> <span class='ocrx_word' id='word_1_340' title='bbox 1186 3077 1308 3132; x_wconf 84' lang='grc' dir='ltr'>Ἐπὶ</span> <span class='ocrx_word' id='word_1_341' title='bbox 1350 3079 1457 3131; x_wconf 81' lang='grc' dir='ltr'>τῶν</span> <span class='ocrx_word' id='word_1_342' title='bbox 1500 3078 1575 3151; x_wconf 84' lang='grc' dir='ltr'>μή</span> <span class='ocrx_word' id='word_1_343' title='bbox 1624 3078 1762 3132; x_wconf 83' lang='grc' dir='ltr'>κατὰ</span> <span class='ocrx_word' id='word_1_344' title='bbox 1785 3076 1989 3155; x_wconf 87' lang='grc' dir='ltr'>τρόπον</span> 
     </span>
    </p>
   </div>
   <div class='ocr_carea' id='block_1_60' title="bbox 2119 3076 3751 3156">
    <p class='ocr_par' dir='ltr' id='par_1_60' title="bbox 2172 3080 3751 3156">
     <span class='ocr_line' id='line_1_61' title="bbox 2172 3080 3751 3156; baseline 0.003 -18"><span class='ocrx_word' id='word_1_345' title='bbox 2172 3083 2212 3138; x_wconf 88' lang='grc' dir='ltr'><em>Α</em></span> <span class='ocrx_word' id='word_1_346' title='bbox 2245 3081 2392 3139; x_wconf 86' lang='lat' dir='ltr'><strong><em>dolio</em></strong></span> <span class='ocrx_word' id='word_1_347' title='bbox 2418 3080 2712 3153; x_wconf 85' lang='lat' dir='ltr'><strong><em>ﬁgulinam</em></strong></span> <span class='ocrx_word' id='word_1_348' title='bbox 2754 3082 3083 3153; x_wconf 78' lang='lat' dir='ltr'><strong><em>auspiceris.</em></strong></span> <span class='ocrx_word' id='word_1_349' title='bbox 3111 3081 3191 3138; x_wconf 93' lang='lat' dir='ltr'>De</span> <span class='ocrx_word' id='word_1_350' title='bbox 3246 3082 3324 3140; x_wconf 89' lang='lat' dir='ltr'>iis</span> <span class='ocrx_word' id='word_1_351' title='bbox 3355 3083 3454 3156; x_wconf 87' lang='lat' dir='ltr'>qui</span> <span class='ocrx_word' id='word_1_352' title='bbox 3508 3085 3570 3141; x_wconf 90' lang='lat' dir='ltr'><strong>in</strong></span> <span class='ocrx_word' id='word_1_353' title='bbox 3620 3089 3751 3142; x_wconf 89' lang='lat' dir='ltr'><strong>stu-</strong></span> 
     </span>
    </p>
   </div>
   <div class='ocr_carea' id='block_1_61' title="bbox 331 3162 1963 3246">
    <p class='ocr_par' dir='ltr' id='par_1_61' title="bbox 331 3162 1223 3246">
     <span class='ocr_line' id='line_1_62' title="bbox 331 3162 1223 3246; baseline -0.003 -18"><span class='ocrx_word' id='word_1_354' title='bbox 331 3177 451 3235; x_wconf 87' lang='grc' dir='ltr'>τοῖς</span> <span class='ocrx_word' id='word_1_355' title='bbox 485 3172 769 3246; x_wconf 74' lang='grc' dir='ltr'>μαθήμασι</span> <span class='ocrx_word' id='word_1_356' title='bbox 796 3162 1223 3245; x_wconf 77' lang='grc' dir='ltr'>προϐαινόντων.</span> 
     </span>
    </p>
   </div>
   <div class='ocr_carea' id='block_1_62' title="bbox 1370 3162 3002 3246">
    <p class='ocr_par' dir='ltr' id='par_1_62' title="bbox 2027 3171 3002 3246">
     <span class='ocr_line' id='line_1_63' title="bbox 2027 3171 3002 3246; baseline -0.002 -18"><span class='ocrx_word' id='word_1_357' title='bbox 2027 3236 2062 3246; x_wconf 76' lang='lat'>_</span> <span class='ocrx_word' id='word_1_358' title='bbox 2100 3171 2215 3228; x_wconf 88' lang='lat' dir='ltr'><strong><em>diis</em></strong></span> <span class='ocrx_word' id='word_1_359' title='bbox 2245 3171 2487 3228; x_wconf 85' lang='lat' dir='ltr'><strong><em>modum</em></strong></span> <span class='ocrx_word' id='word_1_360' title='bbox 2519 3187 2633 3226; x_wconf 92' lang='lat' dir='ltr'>non</span> <span class='ocrx_word' id='word_1_361' title='bbox 2669 3171 3002 3227; x_wconf 86' lang='lat' dir='ltr'><strong>observant.</strong></span> 
     </span>
    </p>
   </div>
   <div class='ocr_carea' id='block_1_63' title="bbox 407 3236 2039 3336">
    <p class='ocr_par' dir='ltr' id='par_1_63' title="bbox 407 3236 2039 3336">
     <span class='ocr_line' id='line_1_64' title="bbox 407 3236 2039 3336; baseline -0.007 -19"><span class='ocrx_word' id='word_1_362' title='bbox 543 3236 721 3316; x_wconf 75' lang='grc' dir='ltr'>σκότει</span> <span class='ocrx_word' id='word_1_363' title='bbox 773 3236 1077 3336; x_wconf 74' lang='grc' dir='ltr'>ὀρχεῖσθαι.</span> <span class='ocrx_word' id='word_1_364' title='bbox 1125 3256 1246 3312; x_wconf 84' lang='grc' dir='ltr'>Ἐπὶ</span> <span class='ocrx_word' id='word_1_365' title='bbox 1301 3260 1410 3311; x_wconf 85' lang='grc' dir='ltr'>τῶν</span> <span class='ocrx_word' id='word_1_366' title='bbox 1470 3254 1798 3333; x_wconf 81' lang='grc' dir='ltr'>ἀμαρτύρως</span> <span class='ocrx_word' id='word_1_367' title='bbox 1861 3277 1932 3330; x_wconf 87' lang='grc' dir='ltr'>μο</span> <span class='ocrx_word' id='word_1_368' title='bbox 1962 3236 2039 3304; x_wconf 89' lang='grc'>-(</span> 
     </span>
    </p>
   </div>
   <div class='ocr_carea' id='block_1_64' title="bbox 2121 3236 3753 3336">
    <p class='ocr_par' dir='ltr' id='par_1_64' title="bbox 2171 3259 3753 3333">
     <span class='ocr_line' id='line_1_65' title="bbox 2171 3259 3753 3333; baseline 0.002 -14"><span class='ocrx_word' id='word_1_369' title='bbox 2171 3264 2235 3319; x_wconf 84' lang='grc' dir='ltr'>1η</span> <span class='ocrx_word' id='word_1_370' title='bbox 2258 3262 2498 3318; x_wconf 86' lang='lat' dir='ltr'><strong><em>tenebris</em></strong></span> <span class='ocrx_word' id='word_1_371' title='bbox 2536 3259 2864 3333; x_wconf 83' lang='lat' dir='ltr'><strong><em>tripudiare.</em></strong></span> <span class='ocrx_word' id='word_1_372' title='bbox 2912 3260 2995 3317; x_wconf 88' lang='lat' dir='ltr'>De</span> <span class='ocrx_word' id='word_1_373' title='bbox 3042 3260 3115 3317; x_wconf 86' lang='lat' dir='ltr'><strong>iis</strong></span> <span class='ocrx_word' id='word_1_374' title='bbox 3145 3261 3249 3333; x_wconf 90' lang='lat' dir='ltr'>qui</span> <span class='ocrx_word' id='word_1_375' title='bbox 3295 3262 3425 3319; x_wconf 88' lang='lat' dir='ltr'><strong>sine</strong></span> <span class='ocrx_word' id='word_1_376' title='bbox 3472 3267 3623 3322; x_wconf 84' lang='lat' dir='ltr'><strong>teste</strong></span> <span class='ocrx_word' id='word_1_377' title='bbox 3662 3264 3753 3322; x_wconf 90' lang='lat' dir='ltr'>la-</span> 
     </span>
    </p>
   </div>
   <div class='ocr_carea' id='block_1_65' title="bbox 332 3350 1964 3428">
    <p class='ocr_par' dir='ltr' id='par_1_65' title="bbox 332 3350 1085 3428">
     <span class='ocr_line' id='line_1_66' title="bbox 332 3350 1085 3428; baseline 0.003 -22"><span class='ocrx_word' id='word_1_378' title='bbox 332 3350 638 3428; x_wconf 82' lang='grc' dir='ltr'>χθούντων.</span> <span class='ocrx_word' id='word_1_379' title='bbox 1078 3402 1085 3408; x_wconf 87' lang='grc'>.</span> 
     </span>
    </p>
   </div>
   <div class='ocr_carea' id='block_1_66' title="bbox 702 3350 2334 3428">
    <p class='ocr_par' dir='ltr' id='par_1_66' title="bbox 1078 3351 2334 3409">
     <span class='ocr_line' id='line_1_67' title="bbox 1078 3351 2334 3409; baseline -0.002 -1"><span class='ocrx_word' id='word_1_380' title='bbox 1078 3402 1085 3408; x_wconf 88' lang='grc'>.</span> <span class='ocrx_word' id='word_1_381' title='bbox 2100 3351 2334 3409; x_wconf 89' lang='lat' dir='ltr'><strong><em>borant.</em></strong></span> 
     </span>
    </p>
   </div>
   <div class='ocr_carea' id='block_1_67' title="bbox 403 3608 2035 3695">
    <p class='ocr_par' dir='ltr' id='par_1_67' title="bbox 403 3608 1989 3695">
     <span class='ocr_line' id='line_1_68' title="bbox 403 3608 1989 3695; baseline -0.005 -20"><span class='ocrx_word' id='word_1_382' title='bbox 403 3620 550 3681; x_wconf 85' lang='grc' dir='ltr'>Ζωὸς</span> <span class='ocrx_word' id='word_1_383' title='bbox 576 3619 781 3695; x_wconf 74' lang='grc' dir='ltr'>γενήσῃ</span> <span class='ocrx_word' id='word_1_384' title='bbox 826 3613 1119 3693; x_wconf 88' lang='grc' dir='ltr'>κρομμύου</span> <span class='ocrx_word' id='word_1_385' title='bbox 1166 3618 1361 3691; x_wconf 85' lang='grc' dir='ltr'>μοῖραν</span> <span class='ocrx_word' id='word_1_386' title='bbox 1397 3608 1602 3670; x_wconf 82' lang='grc' dir='ltr'>λαϐών.</span> <span class='ocrx_word' id='word_1_387' title='bbox 1638 3613 1759 3669; x_wconf 84' lang='grc' dir='ltr'>Ἐπὶ</span> <span class='ocrx_word' id='word_1_388' title='bbox 1790 3616 1896 3668; x_wconf 77' lang='grc' dir='ltr'>τῶν</span> <span class='ocrx_word' id='word_1_389' title='bbox 1930 3611 1989 3667; x_wconf 87' lang='grc' dir='ltr'>έκ</span> 
     </span>
    </p>
   </div>
   <div class='ocr_carea' id='block_1_68' title="bbox 2116 3608 3748 3695">
    <p class='ocr_par' dir='ltr' id='par_1_68' title="bbox 2168 3616 3748 3691">
     <span class='ocr_line' id='line_1_69' title="bbox 2168 3616 3748 3691; baseline -0.001 -15"><span class='ocrx_word' id='word_1_390' title='bbox 2168 3620 2291 3676; x_wconf 82' lang='lat' dir='ltr'><strong><em>Eris</em></strong></span> <span class='ocrx_word' id='word_1_391' title='bbox 2327 3618 2511 3675; x_wconf 90' lang='lat' dir='ltr'><strong><em>salvus</em></strong></span> <span class='ocrx_word' id='word_1_392' title='bbox 2566 3632 2715 3690; x_wconf 68' lang='lat' dir='ltr'><strong><em>caepe</em></strong></span> <span class='ocrx_word' id='word_1_393' title='bbox 2759 3616 3033 3673; x_wconf 74' lang='lat' dir='ltr'><strong><em>duntaxat</em></strong></span> <span class='ocrx_word' id='word_1_394' title='bbox 3087 3625 3334 3691; x_wconf 83' lang='lat' dir='ltr'><strong><em>sumpta.</em></strong></span> <span class='ocrx_word' id='word_1_395' title='bbox 3382 3620 3447 3674; x_wconf 93' lang='lat' dir='ltr'>In</span> <span class='ocrx_word' id='word_1_396' title='bbox 3507 3634 3607 3676; x_wconf 90' lang='lat' dir='ltr'><strong>eos</strong></span> <span class='ocrx_word' id='word_1_397' title='bbox 3645 3618 3748 3691; x_wconf 88' lang='lat' dir='ltr'>qui</span> 
     </span>
    </p>
   </div>
   <div class='ocr_carea' id='block_1_69' title="bbox 337 3701 1969 3786">
    <p class='ocr_par' dir='ltr' id='par_1_69' title="bbox 337 3701 1643 3786">
     <span class='ocr_line' id='line_1_70' title="bbox 337 3701 1643 3786; baseline -0.005 -21"><span class='ocrx_word' id='word_1_398' title='bbox 337 3715 534 3786; x_wconf 79' lang='grc' dir='ltr'>μικρᾶς</span> <span class='ocrx_word' id='word_1_399' title='bbox 564 3706 737 3770; x_wconf 81' lang='grc' dir='ltr'>αἰτίας</span> <span class='ocrx_word' id='word_1_400' title='bbox 770 3704 1011 3783; x_wconf 87' lang='grc' dir='ltr'>μεγάλην</span> <span class='ocrx_word' id='word_1_401' title='bbox 1044 3701 1199 3778; x_wconf 82' lang='grc' dir='ltr'>δόξαν</span> <span class='ocrx_word' id='word_1_402' title='bbox 1226 3702 1643 3782; x_wconf 83' lang='grc' dir='ltr'>καρπουμένων.</span> 
     </span>
    </p>
   </div>
   <div class='ocr_carea' id='block_1_70' title="bbox 2114 3701 3746 3786">
    <p class='ocr_par' dir='ltr' id='par_1_70' title="bbox 2114 3705 3746 3782">
     <span class='ocr_line' id='line_1_71' title="bbox 2114 3705 3746 3782; baseline -0.001 -16"><span class='ocrx_word' id='word_1_403' title='bbox 2114 3726 2167 3767; x_wconf 66' lang='lat' dir='ltr'>3x</span> <span class='ocrx_word' id='word_1_404' title='bbox 2213 3724 2392 3782; x_wconf 86' lang='lat' dir='ltr'><strong>parva</strong></span> <span class='ocrx_word' id='word_1_405' title='bbox 2437 3723 2615 3763; x_wconf 86' lang='lat' dir='ltr'><strong>causa</strong></span> <span class='ocrx_word' id='word_1_406' title='bbox 2662 3722 2947 3780; x_wconf 85' lang='lat' dir='ltr'><strong>magnum</strong></span> <span class='ocrx_word' id='word_1_407' title='bbox 3002 3705 3198 3779; x_wconf 65' lang='lat' dir='ltr'>gloria;</span> <span class='ocrx_word' id='word_1_408' title='bbox 3246 3705 3503 3764; x_wconf 84' lang='lat' dir='ltr'><strong>fructum</strong></span> <span class='ocrx_word' id='word_1_409' title='bbox 3560 3708 3746 3781; x_wconf 89' lang='lat' dir='ltr'><strong>perci-</strong></span> 
     </span>
    </p>
   </div>
   <div class='ocr_carea' id='block_1_71' title="bbox 405 3801 2037 3962">
    <p class='ocr_par' dir='ltr' id='par_1_71' title="bbox 405 3878 1707 3962">
     <span class='ocr_line' id='line_1_72' title="bbox 405 3878 1707 3962; baseline -0.003 -20"><span class='ocrx_word' id='word_1_410' title='bbox 405 3891 592 3961; x_wconf 84' lang='grc' dir='ltr'>Ζῶμεν</span> <span class='ocrx_word' id='word_1_411' title='bbox 625 3884 733 3962; x_wconf 79' lang='grc' dir='ltr'>οὐχ</span> <span class='ocrx_word' id='word_1_412' title='bbox 762 3883 839 3947; x_wconf 85' lang='grc' dir='ltr'>ὡς</span> <span class='ocrx_word' id='word_1_413' title='bbox 870 3882 1124 3957; x_wconf 84' lang='grc' dir='ltr'>Θέλομεν,</span> <span class='ocrx_word' id='word_1_414' title='bbox 1157 3878 1284 3937; x_wconf 87' lang='grc' dir='ltr'>ἀλλ’</span> <span class='ocrx_word' id='word_1_415' title='bbox 1312 3881 1389 3945; x_wconf 84' lang='grc' dir='ltr'>ὡς</span> <span class='ocrx_word' id='word_1_416' title='bbox 1416 3879 1707 3956; x_wconf 83' lang='grc' dir='ltr'>δυνάμεθα.</span> 
     </span>
    </p>
   </div>
   <div class='ocr_carea' id='block_1_72' title="bbox 1854 3801 3486 3962">
    <p class='ocr_par' dir='ltr' id='par_1_72' title="bbox 2094 3801 3486 3957">
     <span class='ocr_line' id='line_1_73' title="bbox 2135 3801 2286 3855; baseline -0.007 -1"><span class='ocrx_word' id='word_1_417' title='bbox 2135 3801 2286 3855; x_wconf 86' lang='lat' dir='ltr'><strong>iunt.</strong></span> 
     </span>
     <span class='ocr_line' id='line_1_74' title="bbox 2094 3816 3486 3957; baseline -0.004 -11"><span class='ocrx_word' id='word_1_418' title='bbox 2094 3816 2132 3872; x_wconf 72' lang='grc' dir='ltr'>Ρ</span> <span class='ocrx_word' id='word_1_419' title='bbox 2172 3888 2413 3946; x_wconf 79' lang='lat' dir='ltr'><strong><em>Vivimus</em></strong></span> <span class='ocrx_word' id='word_1_420' title='bbox 2438 3902 2554 3942; x_wconf 88' lang='lat' dir='ltr'>non</span> <span class='ocrx_word' id='word_1_421' title='bbox 2582 3894 2647 3942; x_wconf 89' lang='lat' dir='ltr'>ut</span> <span class='ocrx_word' id='word_1_422' title='bbox 2672 3884 2945 3956; x_wconf 85' lang='lat' dir='ltr'><strong><em>volumus,</em></strong></span> <span class='ocrx_word' id='word_1_423' title='bbox 2973 3883 3067 3941; x_wconf 86' lang='lat' dir='ltr'>sed</span> <span class='ocrx_word' id='word_1_424' title='bbox 3090 3888 3153 3940; x_wconf 91' lang='lat' dir='ltr'>ut</span> <span class='ocrx_word' id='word_1_425' title='bbox 3179 3900 3486 3957; x_wconf 87' lang='lat' dir='ltr'><strong><em>possumus.</em></strong></span> 
     </span>
    </p>
   </div>
   <div class='ocr_carea' id='block_1_73' title="bbox 408 3968 2040 4052">
    <p class='ocr_par' dir='ltr' id='par_1_73' title="bbox 408 3968 1987 4052">
     <span class='ocr_line' id='line_1_75' title="bbox 408 3968 1987 4052; baseline -0.003 -20"><span class='ocrx_word' id='word_1_426' title='bbox 408 3981 594 4047; x_wconf 76' lang='grc' dir='ltr'>Ζητῶν</span> <span class='ocrx_word' id='word_1_427' title='bbox 647 3975 750 4052; x_wconf 81' lang='grc' dir='ltr'>γὰρ</span> <span class='ocrx_word' id='word_1_428' title='bbox 808 3968 942 4048; x_wconf 72' lang='grc' dir='ltr'>ὄψον</span> <span class='ocrx_word' id='word_1_429' title='bbox 999 3972 1283 4046; x_wconf 85' lang='grc' dir='ltr'>θοιμάτιον</span> <span class='ocrx_word' id='word_1_430' title='bbox 1344 3969 1602 4027; x_wconf 85' lang='grc' dir='ltr'>ἀπώλεσα</span> <span class='ocrx_word' id='word_1_431' title='bbox 1626 4016 1640 4029; x_wconf 92' lang='grc'>.</span> <span class='ocrx_word' id='word_1_432' title='bbox 1700 3972 1822 4028; x_wconf 83' lang='grc' dir='ltr'>Ἐπὶ</span> <span class='ocrx_word' id='word_1_433' title='bbox 1879 3976 1987 4028; x_wconf 82' lang='grc' dir='ltr'>τῶν</span> 
     </span>
    </p>
   </div>
   <div class='ocr_carea' id='block_1_74' title="bbox 2124 3968 3756 4052">
    <p class='ocr_par' dir='ltr' id='par_1_74' title="bbox 2174 3973 3756 4048">
     <span class='ocr_line' id='line_1_76' title="bbox 2174 3973 3756 4048; baseline 0 -15"><span class='ocrx_word' id='word_1_434' title='bbox 2174 3976 2475 4033; x_wconf 88' lang='lat' dir='ltr'><strong><em>Obsonium</em></strong></span> <span class='ocrx_word' id='word_1_435' title='bbox 2501 3988 2776 4048; x_wconf 69' lang='lat' dir='ltr'><strong><em>quaerens,</em></strong></span> <span class='ocrx_word' id='word_1_436' title='bbox 2815 3975 3062 4030; x_wconf 69' lang='lat' dir='ltr'><strong><em>tunicam</em></strong></span> <span class='ocrx_word' id='word_1_437' title='bbox 3089 3975 3276 4033; x_wconf 84' lang='lat' dir='ltr'><strong><em>amisi.</em></strong></span> <span class='ocrx_word' id='word_1_438' title='bbox 3320 3973 3402 4031; x_wconf 89' lang='lat' dir='ltr'>De</span> <span class='ocrx_word' id='word_1_439' title='bbox 3431 3975 3756 4033; x_wconf 86' lang='lat' dir='ltr'><strong><em>infortuna-</em></strong></span> 
     </span>
    </p>
   </div>
   <div class='ocr_carea' id='block_1_75' title="bbox 333 4063 1965 4141">
    <p class='ocr_par' dir='ltr' id='par_1_75' title="bbox 333 4063 1515 4141">
     <span class='ocr_line' id='line_1_77' title="bbox 333 4063 1515 4141; baseline -0.002 -19"><span class='ocrx_word' id='word_1_440' title='bbox 333 4063 739 4141; x_wconf 86' lang='grc' dir='ltr'>ἀτυχεστάτων.</span> <span class='ocrx_word' id='word_1_441' title='bbox 1512 4072 1515 4075; x_wconf 75' lang='grc'><em>’</em></span> 
     </span>
    </p>
   </div>
   <div class='ocr_carea' id='block_1_76' title="bbox 739 4063 2371 4141">
    <p class='ocr_par' dir='ltr' id='par_1_76' title="bbox 1512 4065 2371 4124">
     <span class='ocr_line' id='line_1_78' title="bbox 1512 4065 2371 4124; baseline -0.005 1"><span class='ocrx_word' id='word_1_442' title='bbox 1512 4072 1515 4075; x_wconf 78' lang='grc'><em>’</em></span> <span class='ocrx_word' id='word_1_443' title='bbox 2100 4065 2371 4124; x_wconf 87' lang='lat' dir='ltr'><strong>tissimis.</strong></span> 
     </span>
    </p>
   </div>
   <div class='ocr_carea' id='block_1_77' title="bbox 410 4328 2042 4406">
    <p class='ocr_par' dir='ltr' id='par_1_77' title="bbox 410 4328 1994 4403">
     <span class='ocr_line' id='line_1_79' title="bbox 410 4328 1994 4403; baseline -0.001 -14"><span class='ocrx_word' id='word_1_444' title='bbox 410 4333 585 4397; x_wconf 89' lang='grc' dir='ltr'>Ἧλος</span> <span class='ocrx_word' id='word_1_445' title='bbox 659 4332 752 4388; x_wconf 89' lang='grc' dir='ltr'>τὸν</span> <span class='ocrx_word' id='word_1_446' title='bbox 808 4329 947 4401; x_wconf 76' lang='grc' dir='ltr'>ἧλον</span> <span class='ocrx_word' id='word_1_447' title='bbox 982 4376 996 4403; x_wconf 91' lang='grc'>,</span> <span class='ocrx_word' id='word_1_448' title='bbox 1054 4328 1145 4385; x_wconf 83' lang='grc' dir='ltr'>καὶ</span> <span class='ocrx_word' id='word_1_449' title='bbox 1220 4328 1494 4392; x_wconf 86' lang='grc' dir='ltr'>πάτταλος</span> <span class='ocrx_word' id='word_1_450' title='bbox 1567 4331 1659 4386; x_wconf 89' lang='grc' dir='ltr'>τὸν</span> <span class='ocrx_word' id='word_1_451' title='bbox 1720 4330 1994 4388; x_wconf 85' lang='grc' dir='ltr'>πάτταλον</span> 
     </span>
    </p>
   </div>
   <div class='ocr_carea' id='block_1_78' title="bbox 2130 4328 3762 4406">
    <p class='ocr_par' dir='ltr' id='par_1_78' title="bbox 2177 4332 3762 4406">
     <span class='ocr_line' id='line_1_80' title="bbox 2177 4332 3762 4406; baseline -0.001 -13"><span class='ocrx_word' id='word_1_452' title='bbox 2177 4334 2383 4393; x_wconf 83' lang='lat' dir='ltr'><strong><em>Clavus</em></strong></span> <span class='ocrx_word' id='word_1_453' title='bbox 2410 4333 2650 4403; x_wconf 90' lang='lat' dir='ltr'><strong><em>clavum,</em></strong></span> <span class='ocrx_word' id='word_1_454' title='bbox 2707 4339 2760 4389; x_wconf 89' lang='lat' dir='ltr'>et</span> <span class='ocrx_word' id='word_1_455' title='bbox 2807 4332 2970 4405; x_wconf 87' lang='lat' dir='ltr'><strong><em>palus</em></strong></span> <span class='ocrx_word' id='word_1_456' title='bbox 3018 4333 3214 4406; x_wconf 88' lang='lat' dir='ltr'><strong><em>palum</em></strong></span> <span class='ocrx_word' id='word_1_457' title='bbox 3265 4333 3552 4390; x_wconf 77' lang='lat' dir='ltr'><strong><em>excusscit.</em></strong></span> <span class='ocrx_word' id='word_1_458' title='bbox 3586 4337 3665 4391; x_wconf 91' lang='lat' dir='ltr'>De</span> <span class='ocrx_word' id='word_1_459' title='bbox 3686 4334 3762 4391; x_wconf 88' lang='lat' dir='ltr'>iis</span> 
     </span>
    </p>
   </div>
   <div class='ocr_carea' id='block_1_79' title="bbox 338 4417 1970 4502">
    <p class='ocr_par' dir='ltr' id='par_1_79' title="bbox 338 4417 1966 4502">
     <span class='ocr_line' id='line_1_81' title="bbox 338 4417 1966 4502; baseline -0.004 -20"><span class='ocrx_word' id='word_1_460' title='bbox 338 4424 615 4502; x_wconf 78' lang='grc' dir='ltr'>ἐξέκρουεν</span> <span class='ocrx_word' id='word_1_461' title='bbox 641 4467 654 4480; x_wconf 94' lang='grc'>.</span> <span class='ocrx_word' id='word_1_462' title='bbox 711 4420 835 4477; x_wconf 87' lang='grc' dir='ltr'>Ἐπὶ</span> <span class='ocrx_word' id='word_1_463' title='bbox 908 4420 1160 4495; x_wconf 74' lang='grc' dir='ltr'>ἰωμένων</span> <span class='ocrx_word' id='word_1_464' title='bbox 1217 4417 1287 4475; x_wconf 87' lang='grc' dir='ltr'>δι’</span> <span class='ocrx_word' id='word_1_465' title='bbox 1345 4420 1755 4498; x_wconf 83' lang='grc' dir='ltr'>ἁμαρτημάτων</span> <span class='ocrx_word' id='word_1_466' title='bbox 1820 4422 1966 4499; x_wconf 84' lang='grc' dir='ltr'>ἁμαρ</span> 
     </span>
    </p>
   </div>
   <div class='ocr_carea' id='block_1_80' title="bbox 1443 4417 3075 4502">
    <p class='ocr_par' dir='ltr' id='par_1_80' title="bbox 1443 4420 3075 4499">
     <span class='ocr_line' id='line_1_82' title="bbox 1443 4420 3075 4499; baseline 0.002 -25"><span class='ocrx_word' id='word_1_467' title='bbox 1443 4420 1755 4498; x_wconf 87' lang='grc' dir='ltr'>ιρτημάτων</span> <span class='ocrx_word' id='word_1_468' title='bbox 1820 4422 1996 4499; x_wconf 83' lang='grc' dir='ltr'>ἁμαρ·</span> <span class='ocrx_word' id='word_1_469' title='bbox 2108 4423 2209 4496; x_wconf 91' lang='lat' dir='ltr'>qui</span> <span class='ocrx_word' id='word_1_470' title='bbox 2241 4425 2544 4496; x_wconf 88' lang='lat' dir='ltr'><strong>peccatum</strong></span> <span class='ocrx_word' id='word_1_471' title='bbox 2578 4424 2813 4493; x_wconf 88' lang='lat' dir='ltr'><strong>peccato</strong></span> <span class='ocrx_word' id='word_1_472' title='bbox 2844 4424 3075 4479; x_wconf 89' lang='lat' dir='ltr'><strong>sanant.</strong></span> 
     </span>
    </p>
   </div>
   <div class='ocr_carea' id='block_1_81' title="bbox 337 4516 1969 4678">
    <p class='ocr_par' dir='ltr' id='par_1_81' title="bbox 337 4516 1969 4678">
     <span class='ocr_line' id='line_1_83' title="bbox 337 4516 1969 4678; baseline -0.002 -21"><span class='ocrx_word' id='word_1_473' title='bbox 337 4516 677 4657; x_wconf 43' lang='grc' dir='ltr'>τήέἑατῗιύων</span> <span class='ocrx_word' id='word_1_474' title='bbox 729 4600 780 4654; x_wconf 82' lang='grc' dir='ltr'>ἐν</span> <span class='ocrx_word' id='word_1_475' title='bbox 836 4602 906 4673; x_wconf 81' lang='grc' dir='ltr'>τῇ</span> <span class='ocrx_word' id='word_1_476' title='bbox 960 4596 1149 4678; x_wconf 80' lang='grc' dir='ltr'>φάτνῃ.</span> <span class='ocrx_word' id='word_1_477' title='bbox 1211 4597 1361 4674; x_wconf 87' lang='grc' dir='ltr'>Πρὸς</span> <span class='ocrx_word' id='word_1_478' title='bbox 1418 4597 1548 4661; x_wconf 84' lang='grc' dir='ltr'>τοὺς</span> <span class='ocrx_word' id='word_1_479' title='bbox 1601 4600 1740 4672; x_wconf 73' lang='grc' dir='ltr'>μήτε</span> <span class='ocrx_word' id='word_1_480' title='bbox 1787 4599 1969 4654; x_wconf 74' lang='grc' dir='ltr'>έαυτοῖ</span> 
     </span>
    </p>
   </div>
   <div class='ocr_carea' id='block_1_82' title="bbox 2133 4516 3765 4678">
    <p class='ocr_par' dir='ltr' id='par_1_82' title="bbox 2181 4599 3765 4675">
     <span class='ocr_line' id='line_1_84' title="bbox 2181 4599 3765 4675; baseline 0 -17"><span class='ocrx_word' id='word_1_481' title='bbox 2181 4602 2345 4659; x_wconf 85' lang='lat' dir='ltr'><strong><em>Canis</em></strong></span> <span class='ocrx_word' id='word_1_482' title='bbox 2377 4603 2439 4657; x_wconf 86' lang='lat' dir='ltr'>in</span> <span class='ocrx_word' id='word_1_483' title='bbox 2466 4601 2722 4673; x_wconf 72' lang='lat' dir='ltr'><strong><em>praesepi.</em></strong></span> <span class='ocrx_word' id='word_1_484' title='bbox 2760 4599 2824 4659; x_wconf 86' lang='lat' dir='ltr'>In</span> <span class='ocrx_word' id='word_1_485' title='bbox 2853 4616 2952 4657; x_wconf 89' lang='lat' dir='ltr'><strong>eos</strong></span> <span class='ocrx_word' id='word_1_486' title='bbox 2983 4599 3084 4673; x_wconf 90' lang='lat' dir='ltr'>qui</span> <span class='ocrx_word' id='word_1_487' title='bbox 3131 4600 3303 4657; x_wconf 89' lang='lat' dir='ltr'><strong>bonis</strong></span> <span class='ocrx_word' id='word_1_488' title='bbox 3341 4602 3467 4659; x_wconf 87' lang='lat' dir='ltr'><strong>suis</strong></span> <span class='ocrx_word' id='word_1_489' title='bbox 3510 4618 3617 4658; x_wconf 90' lang='lat' dir='ltr'>nec</span> <span class='ocrx_word' id='word_1_490' title='bbox 3648 4602 3765 4675; x_wconf 86' lang='lat' dir='ltr'><strong>ipsi</strong></span> 
     </span>
    </p>
   </div>
   <div class='ocr_carea' id='block_1_83' title="bbox 342 4686 1974 4768">
    <p class='ocr_par' dir='ltr' id='par_1_83' title="bbox 342 4686 1974 4768">
     <span class='ocr_line' id='line_1_85' title="bbox 342 4686 1974 4768; baseline -0.002 -22"><span class='ocrx_word' id='word_1_491' title='bbox 342 4691 692 4768; x_wconf 82' lang='grc' dir='ltr'>χρωμένους,</span> <span class='ocrx_word' id='word_1_492' title='bbox 757 4691 896 4763; x_wconf 79' lang='grc' dir='ltr'>μήτε</span> <span class='ocrx_word' id='word_1_493' title='bbox 940 4686 1146 4749; x_wconf 83' lang='grc' dir='ltr'>ἄλλους</span> <span class='ocrx_word' id='word_1_494' title='bbox 1193 4687 1411 4751; x_wconf 78' lang='grc' dir='ltr'>ἐῶντας.</span> <span class='ocrx_word' id='word_1_495' title='bbox 1468 4687 1719 4766; x_wconf 79' lang='grc' dir='ltr'>Ῑῐαρόσον</span> <span class='ocrx_word' id='word_1_496' title='bbox 1772 4691 1809 4758; x_wconf 82' lang='grc' dir='ltr'><strong>ἡ</strong></span> <span class='ocrx_word' id='word_1_497' title='bbox 1858 4687 1974 4743; x_wconf 90' lang='grc' dir='ltr'>κύω</span> 
     </span>
    </p>
   </div>
   <div class='ocr_carea' id='block_1_84' title="bbox 2133 4686 3765 4768">
    <p class='ocr_par' dir='ltr' id='par_1_84' title="bbox 2133 4687 3765 4762">
     <span class='ocr_line' id='line_1_86' title="bbox 2133 4687 3765 4762; baseline -0.001 -14"><span class='ocrx_word' id='word_1_498' title='bbox 2133 4694 2379 4762; x_wconf 75' lang='lat' dir='ltr'><strong>ituntur,</strong></span> <span class='ocrx_word' id='word_1_499' title='bbox 2407 4706 2514 4747; x_wconf 88' lang='lat' dir='ltr'><strong><em>nec</em></strong></span> <span class='ocrx_word' id='word_1_500' title='bbox 2543 4687 2674 4745; x_wconf 87' lang='lat' dir='ltr'><strong>aliis</strong></span> <span class='ocrx_word' id='word_1_501' title='bbox 2722 4689 2809 4744; x_wconf 91' lang='lat' dir='ltr'>uti</span> <span class='ocrx_word' id='word_1_502' title='bbox 2869 4688 3237 4761; x_wconf 88' lang='lat' dir='ltr'><strong><em>permittunt.</em></strong></span> <span class='ocrx_word' id='word_1_503' title='bbox 3293 4691 3371 4746; x_wconf 88' lang='lat' dir='ltr'>Eo</span> <span class='ocrx_word' id='word_1_504' title='bbox 3414 4690 3572 4762; x_wconf 89' lang='lat' dir='ltr'><strong>quod</strong></span> <span class='ocrx_word' id='word_1_505' title='bbox 3602 4690 3765 4747; x_wconf 86' lang='lat' dir='ltr'><strong>canis</strong></span> 
     </span>
    </p>
   </div>
   <div class='ocr_carea' id='block_1_85' title="bbox 338 4774 1970 4857">
    <p class='ocr_par' dir='ltr' id='par_1_85' title="bbox 338 4774 1970 4857">
     <span class='ocr_line' id='line_1_87' title="bbox 338 4774 1970 4857; baseline -0.004 -20"><span class='ocrx_word' id='word_1_506' title='bbox 338 4779 539 4857; x_wconf 79' lang='grc' dir='ltr'>κριθὴν</span> <span class='ocrx_word' id='word_1_507' title='bbox 592 4778 693 4833; x_wconf 76' lang='grc' dir='ltr'>οὐκ</span> <span class='ocrx_word' id='word_1_508' title='bbox 739 4776 799 4849; x_wconf 82' lang='grc' dir='ltr'>ἐᾷ</span> <span class='ocrx_word' id='word_1_509' title='bbox 831 4777 1093 4850; x_wconf 87' lang='grc' dir='ltr'>μένουσαν</span> <span class='ocrx_word' id='word_1_510' title='bbox 1125 4774 1176 4831; x_wconf 83' lang='grc' dir='ltr'>έν</span> <span class='ocrx_word' id='word_1_511' title='bbox 1207 4776 1377 4855; x_wconf 82' lang='grc' dir='ltr'>φάτνῃ</span> <span class='ocrx_word' id='word_1_512' title='bbox 1400 4794 1413 4808; x_wconf 88' lang='grc'><strong>·</strong></span> <span class='ocrx_word' id='word_1_513' title='bbox 1444 4776 1535 4831; x_wconf 86' lang='grc' dir='ltr'>καὶ</span> <span class='ocrx_word' id='word_1_514' title='bbox 1563 4777 1657 4832; x_wconf 85' lang='grc' dir='ltr'>τὸν</span> <span class='ocrx_word' id='word_1_515' title='bbox 1700 4774 1871 4833; x_wconf 73' lang='grc' dir='ltr'>ἵππον</span> <span class='ocrx_word' id='word_1_516' title='bbox 1904 4777 1970 4832; x_wconf 46' lang='grc' dir='ltr'>οὐκ</span> 
     </span>
    </p>
   </div>
   <div class='ocr_carea' id='block_1_86' title="bbox 2134 4774 3766 4857">
    <p class='ocr_par' dir='ltr' id='par_1_86' title="bbox 2138 4778 3766 4854">
     <span class='ocr_line' id='line_1_88' title="bbox 2138 4778 3766 4854; baseline -0.001 -18"><span class='ocrx_word' id='word_1_517' title='bbox 2138 4798 2173 4835; x_wconf 93' lang='lat' dir='ltr'>n</span> <span class='ocrx_word' id='word_1_518' title='bbox 2205 4778 2447 4854; x_wconf 66' lang='lat' dir='ltr'><strong><em>prmeepi</em></strong></span> <span class='ocrx_word' id='word_1_519' title='bbox 2480 4794 2586 4835; x_wconf 89' lang='lat' dir='ltr'><strong><em>nec</em></strong></span> <span class='ocrx_word' id='word_1_520' title='bbox 2633 4778 2761 4850; x_wconf 87' lang='lat' dir='ltr'><strong>ipse</strong></span> <span class='ocrx_word' id='word_1_521' title='bbox 2798 4793 3041 4835; x_wconf 88' lang='lat' dir='ltr'><strong>avenam</strong></span> <span class='ocrx_word' id='word_1_522' title='bbox 3097 4778 3401 4836; x_wconf 88' lang='lat' dir='ltr'><strong><em>comedere</em></strong></span> <span class='ocrx_word' id='word_1_523' title='bbox 3442 4778 3766 4853; x_wconf 66' lang='lat' dir='ltr'><strong>praesumit,</strong></span> 
     </span>
    </p>
   </div>
   <div class='ocr_carea' id='block_1_87' title="bbox 343 4866 3219 4941">
    <p class='ocr_par' dir='ltr' id='par_1_87' title="bbox 343 4866 3219 4941">
     <span class='ocr_line' id='line_1_89' title="bbox 343 4866 3219 4941; baseline -0.001 -16"><span class='ocrx_word' id='word_1_524' title='bbox 343 4869 427 4941; x_wconf 77' lang='grc' dir='ltr'>ἐᾷ.</span> <span class='ocrx_word' id='word_1_525' title='bbox 2114 4885 2304 4941; x_wconf 88' lang='lat' dir='ltr'><strong>neque</strong></span> <span class='ocrx_word' id='word_1_526' title='bbox 2333 4884 2484 4940; x_wconf 89' lang='lat' dir='ltr'><strong>equo</strong></span> <span class='ocrx_word' id='word_1_527' title='bbox 2513 4866 2905 4923; x_wconf 72' lang='lat' dir='ltr'><strong><em>devorandum</em></strong></span> <span class='ocrx_word' id='word_1_528' title='bbox 2937 4868 3219 4924; x_wconf 87' lang='lat' dir='ltr'><strong><em>concedit.</em></strong></span> 
     </span>
    </p>
   </div>
   <div class='ocr_carea' id='block_1_88' title="bbox 417 4950 2049 5030">
    <p class='ocr_par' dir='ltr' id='par_1_88' title="bbox 417 4950 1483 5027">
     <span class='ocr_line' id='line_1_90' title="bbox 417 4950 1483 5027; baseline -0.004 -14"><span class='ocrx_word' id='word_1_529' title='bbox 417 4956 586 5014; x_wconf 86' lang='grc' dir='ltr'>Ἦσάν</span> <span class='ocrx_word' id='word_1_530' title='bbox 612 4957 736 5011; x_wconf 87' lang='grc' dir='ltr'>ποτ’</span> <span class='ocrx_word' id='word_1_531' title='bbox 765 4956 903 5026; x_wconf 82' lang='grc' dir='ltr'>ἦσαν</span> <span class='ocrx_word' id='word_1_532' title='bbox 934 4950 1163 5027; x_wconf 77' lang='grc' dir='ltr'>ἄλκιμοι</span> <span class='ocrx_word' id='word_1_533' title='bbox 1194 4953 1483 5026; x_wconf 80' lang='grc' dir='ltr'>Μιλήσιοι.</span> 
     </span>
    </p>
   </div>
   <div class='ocr_carea' id='block_1_89' title="bbox 1636 4950 3268 5030">
    <p class='ocr_par' dir='ltr' id='par_1_89' title="bbox 2188 4955 3268 5030">
     <span class='ocr_line' id='line_1_91' title="bbox 2188 4955 3268 5030; baseline 0 -17"><span class='ocrx_word' id='word_1_534' title='bbox 2188 4960 2361 5013; x_wconf 89' lang='lat' dir='ltr'><strong><em>Fuere</em></strong></span> <span class='ocrx_word' id='word_1_535' title='bbox 2388 4955 2668 5029; x_wconf 86' lang='lat' dir='ltr'><strong><em>quondam</em></strong></span> <span class='ocrx_word' id='word_1_536' title='bbox 2695 4956 2912 5012; x_wconf 87' lang='lat' dir='ltr'><strong><em>strenui</em></strong></span> <span class='ocrx_word' id='word_1_537' title='bbox 2936 4955 3140 5012; x_wconf 75' lang='lat' dir='ltr'><strong><em>Milesii</em></strong></span> <span class='ocrx_word' id='word_1_538' title='bbox 3168 4956 3268 5030; x_wconf 87' lang='lat'>(6).</span> 
     </span>
    </p>
   </div>
   <div class='ocr_carea' id='block_1_90' title="bbox 419 5040 2051 5122">
    <p class='ocr_par' dir='ltr' id='par_1_90' title="bbox 419 5040 2003 5122">
     <span class='ocr_line' id='line_1_92' title="bbox 419 5040 2003 5122; baseline -0.002 -21"><span class='ocrx_word' id='word_1_539' title='bbox 419 5046 811 5122; x_wconf 81' lang='grc' dir='ltr'>Ἦλιθιώτερος</span> <span class='ocrx_word' id='word_1_540' title='bbox 922 5040 1220 5107; x_wconf 85' lang='grc' dir='ltr'>Ἀδώνιδος</span> <span class='ocrx_word' id='word_1_541' title='bbox 1332 5048 1431 5099; x_wconf 77' lang='grc' dir='ltr'>τοῦ</span> <span class='ocrx_word' id='word_1_542' title='bbox 1545 5044 1912 5120; x_wconf 80' lang='grc' dir='ltr'>Πραξιτέλους</span> <span class='ocrx_word' id='word_1_543' title='bbox 1991 5085 2003 5098; x_wconf 96' lang='grc'>.</span> 
     </span>
    </p>
   </div>
   <div class='ocr_carea' id='block_1_91' title="bbox 2139 5040 3771 5122">
    <p class='ocr_par' dir='ltr' id='par_1_91' title="bbox 2187 5044 3771 5119">
     <span class='ocr_line' id='line_1_93' title="bbox 2187 5044 3771 5119; baseline 0.001 -17"><span class='ocrx_word' id='word_1_544' title='bbox 2187 5045 2477 5119; x_wconf 86' lang='lat' dir='ltr'><strong><em>Stupidior</em></strong></span> <span class='ocrx_word' id='word_1_545' title='bbox 2519 5044 2762 5101; x_wconf 78' lang='lat' dir='ltr'><strong><em>Adonide</em></strong></span> <span class='ocrx_word' id='word_1_546' title='bbox 2803 5046 3117 5101; x_wconf 70' lang='lat' dir='ltr'><strong><em>Praxiteles</em></strong></span> <span class='ocrx_word' id='word_1_547' title='bbox 3162 5047 3302 5118; x_wconf 81' lang='lat' dir='ltr'><strong><em>ﬁlio.</em></strong></span> <span class='ocrx_word' id='word_1_548' title='bbox 3352 5047 3573 5105; x_wconf 86' lang='lat' dir='ltr'><strong>Adonis</strong></span> <span class='ocrx_word' id='word_1_549' title='bbox 3611 5047 3771 5104; x_wconf 91' lang='lat' dir='ltr'><strong>enim</strong></span> 
     </span>
    </p>
   </div>
   <div class='ocr_carea' id='block_1_92' title="bbox 344 5131 1976 5212">
    <p class='ocr_par' dir='ltr' id='par_1_92' title="bbox 344 5132 1976 5212">
     <span class='ocr_line' id='line_1_94' title="bbox 344 5132 1976 5212; baseline -0.004 -19"><span class='ocrx_word' id='word_1_550' title='bbox 344 5134 583 5198; x_wconf 71' lang='grc' dir='ltr'>Ἄδωνις</span> <span class='ocrx_word' id='word_1_551' title='bbox 640 5133 742 5212; x_wconf 89' lang='grc' dir='ltr'>γάρ</span> <span class='ocrx_word' id='word_1_552' title='bbox 788 5154 875 5196; x_wconf 91' lang='grc' dir='ltr'>τις</span> <span class='ocrx_word' id='word_1_553' title='bbox 930 5133 1299 5209; x_wconf 82' lang='grc' dir='ltr'>Πραξιτέλους</span> <span class='ocrx_word' id='word_1_554' title='bbox 1356 5132 1473 5196; x_wconf 78' lang='grc' dir='ltr'>υἱὸς</span> <span class='ocrx_word' id='word_1_555' title='bbox 1532 5133 1859 5207; x_wconf 84' lang='grc' dir='ltr'>ἀποθανὼν,</span> <span class='ocrx_word' id='word_1_556' title='bbox 1917 5154 1976 5188; x_wconf 81' lang='grc' dir='ltr'>κα</span> 
     </span>
    </p>
   </div>
   <div class='ocr_carea' id='block_1_93' title="bbox 2140 5131 3772 5212">
    <p class='ocr_par' dir='ltr' id='par_1_93' title="bbox 2140 5131 3772 5211">
     <span class='ocr_line' id='line_1_95' title="bbox 2140 5131 3772 5211; baseline 0.001 -20"><span class='ocrx_word' id='word_1_557' title='bbox 2140 5136 2361 5209; x_wconf 76' lang='grc' dir='ltr'>ιυὶᾶειω</span> <span class='ocrx_word' id='word_1_558' title='bbox 2393 5132 2662 5191; x_wconf 79' lang='lat' dir='ltr'><strong><em>Praxiteli</em></strong></span> <span class='ocrx_word' id='word_1_559' title='bbox 2710 5131 2900 5189; x_wconf 80' lang='lat' dir='ltr'><strong>ﬁlium</strong></span> <span class='ocrx_word' id='word_1_560' title='bbox 2940 5134 3069 5205; x_wconf 85' lang='lat' dir='ltr'><strong>jam</strong></span> <span class='ocrx_word' id='word_1_561' title='bbox 3118 5138 3410 5206; x_wconf 87' lang='lat' dir='ltr'><strong>mortuus,</strong></span> <span class='ocrx_word' id='word_1_562' title='bbox 3451 5136 3772 5211; x_wconf 78' lang='lat' dir='ltr'><strong><em>interroga-</em></strong></span> 
     </span>
    </p>
   </div>
   <div class='ocr_carea' id='block_1_94' title="bbox 345 5215 1977 5304">
    <p class='ocr_par' dir='ltr' id='par_1_94' title="bbox 345 5217 1977 5304">
     <span class='ocr_line' id='line_1_96' title="bbox 345 5217 1977 5304; baseline -0.002 -23"><span class='ocrx_word' id='word_1_563' title='bbox 345 5223 646 5304; x_wconf 81' lang='grc' dir='ltr'>ἐρωτηθεὶς</span> <span class='ocrx_word' id='word_1_564' title='bbox 676 5224 812 5299; x_wconf 86' lang='grc' dir='ltr'>πρὸς</span> <span class='ocrx_word' id='word_1_565' title='bbox 839 5226 950 5279; x_wconf 78' lang='grc' dir='ltr'>τῶν</span> <span class='ocrx_word' id='word_1_566' title='bbox 1001 5222 1054 5277; x_wconf 81' lang='grc' dir='ltr'>ἐν</span> <span class='ocrx_word' id='word_1_567' title='bbox 1095 5217 1249 5295; x_wconf 75' lang='grc' dir='ltr'>ᾅδου,</span> <span class='ocrx_word' id='word_1_568' title='bbox 1299 5221 1353 5277; x_wconf 90' lang='grc' dir='ltr'>τί</span> <span class='ocrx_word' id='word_1_569' title='bbox 1399 5220 1697 5278; x_wconf 84' lang='grc' dir='ltr'>κάλλιστον</span> <span class='ocrx_word' id='word_1_570' title='bbox 1744 5219 1855 5278; x_wconf 78' lang='grc' dir='ltr'>ἅνω</span> <span class='ocrx_word' id='word_1_571' title='bbox 1879 5243 1977 5277; x_wconf 89' lang='grc' dir='ltr'>κατ</span> 
     </span>
    </p>
   </div>
   <div class='ocr_carea' id='block_1_95' title="bbox 2144 5215 3776 5304">
    <p class='ocr_par' dir='ltr' id='par_1_95' title="bbox 2144 5215 3776 5297">
     <span class='ocr_line' id='line_1_97' title="bbox 2144 5215 3776 5297; baseline 0 -15"><span class='ocrx_word' id='word_1_572' title='bbox 2144 5242 2220 5282; x_wconf 57' lang='grc' dir='ltr'>ηυε</span> <span class='ocrx_word' id='word_1_573' title='bbox 2252 5225 2324 5281; x_wconf 92' lang='lat' dir='ltr'>ab</span> <span class='ocrx_word' id='word_1_574' title='bbox 2357 5215 2491 5280; x_wconf 80' lang='lat' dir='ltr'><strong>Orci</strong></span> <span class='ocrx_word' id='word_1_575' title='bbox 2529 5221 2980 5295; x_wconf 86' lang='lat' dir='ltr'><strong>habitatoribus,</strong></span> <span class='ocrx_word' id='word_1_576' title='bbox 3030 5222 3172 5296; x_wconf 88' lang='lat' dir='ltr'><strong>quid</strong></span> <span class='ocrx_word' id='word_1_577' title='bbox 3218 5224 3678 5297; x_wconf 84' lang='lat' dir='ltr'><strong>pulcherrimum</strong></span> <span class='ocrx_word' id='word_1_578' title='bbox 3714 5226 3776 5284; x_wconf 89' lang='lat' dir='ltr'><strong>in</strong></span> 
     </span>
    </p>
   </div>
   <div class='ocr_carea' id='block_1_96' title="bbox 426 5380 2798 5463">
    <p class='ocr_par' dir='ltr' id='par_1_96' title="bbox 426 5380 2798 5463">
     <span class='ocr_line' id='line_1_98' title="bbox 426 5380 2798 5463; baseline -0.004 -17"><span class='ocrx_word' id='word_1_579' title='bbox 426 5389 504 5463; x_wconf 78' lang='lat' dir='ltr'>(l)</span> <span class='ocrx_word' id='word_1_580' title='bbox 532 5386 701 5463; x_wconf 61' lang='lat' dir='ltr'><strong>Quod</strong></span> <span class='ocrx_word' id='word_1_581' title='bbox 724 5386 825 5460; x_wconf 91' lang='lat' dir='ltr'>qui</span> <span class='ocrx_word' id='word_1_582' title='bbox 869 5387 937 5463; x_wconf 90' lang='lat' dir='ltr'><strong>_in</strong></span> <span class='ocrx_word' id='word_1_583' title='bbox 990 5386 1163 5443; x_wconf 85' lang='lat' dir='ltr'><strong>trivio</strong></span> <span class='ocrx_word' id='word_1_584' title='bbox 1211 5389 1301 5444; x_wconf 89' lang='lat' dir='ltr'><strong>est</strong></span> <span class='ocrx_word' id='word_1_585' title='bbox 1347 5385 1732 5455; x_wconf 87' lang='lat' dir='ltr'><strong>constitutus,</strong></span> <span class='ocrx_word' id='word_1_586' title='bbox 1780 5402 1897 5457; x_wconf 87' lang='lat' dir='ltr'>qua</span> <span class='ocrx_word' id='word_1_587' title='bbox 1932 5385 2016 5442; x_wconf 91' lang='lat' dir='ltr'>sit</span> <span class='ocrx_word' id='word_1_588' title='bbox 2122 5385 2512 5463; x_wconf 29' lang='lat' dir='ltr'><strong>nec‘pgssunt.</strong></span> <span class='ocrx_word' id='word_1_589' title='bbox 2536 5380 2798 5463; x_wconf 62' lang='lat' dir='ltr'><strong><em>evadere.</em></strong></span> 
     </span>
    </p>
   </div>
   <div class='ocr_carea' id='block_1_97' title="bbox 351 5452 1983 5598">
    <p class='ocr_par' dir='ltr' id='par_1_97' title="bbox 351 5452 1983 5598">
     <span class='ocr_line' id='line_1_99' title="bbox 351 5452 1815 5598; baseline -0.006 -78"><span class='ocrx_word' id='word_1_590' title='bbox 351 5452 1117 5598; x_wconf 40' lang='lat' dir='ltr'>ingrediendu&#39;m,.ignorat.</span> <span class='ocrx_word' id='word_1_591' title='bbox 1716 5452 1723 5455; x_wconf 59' lang='grc'><strong><em>⁷</em></strong></span> <span class='ocrx_word' id='word_1_592' title='bbox 1796 5452 1815 5457; x_wconf 78' lang='grc'><strong><em>“</em></strong></span> 
     </span>
     <span class='ocr_line' id='line_1_100' title="bbox 445 5527 1983 5598; baseline -0.003 -9"><span class='ocrx_word' id='word_1_593' title='bbox 445 5533 504 5598; x_wconf 91' lang='grc'>2)</span> <span class='ocrx_word' id='word_1_594' title='bbox 536 5530 601 5588; x_wconf 90' lang='lat' dir='ltr'>In</span> <span class='ocrx_word' id='word_1_595' title='bbox 630 5546 730 5588; x_wconf 86' lang='lat' dir='ltr'><strong>eos</strong></span> <span class='ocrx_word' id='word_1_596' title='bbox 756 5546 859 5598; x_wconf 78' lang='lat' dir='ltr'><strong>qui</strong></span> <span class='ocrx_word' id='word_1_597' title='bbox 906 5529 1147 5586; x_wconf 76' lang='lat' dir='ltr'><strong>inutiles</strong></span> <span class='ocrx_word' id='word_1_598' title='bbox 1198 5532 1339 5587; x_wconf 86' lang='lat' dir='ltr'><strong>sunt</strong></span> <span class='ocrx_word' id='word_1_599' title='bbox 1390 5532 1451 5585; x_wconf 87' lang='lat' dir='ltr'><strong>et</strong></span> <span class='ocrx_word' id='word_1_600' title='bbox 1496 5527 1569 5585; x_wconf 88' lang='lat' dir='ltr'><strong>ad</strong></span> <span class='ocrx_word' id='word_1_601' title='bbox 1618 5544 1710 5585; x_wconf 90' lang='lat' dir='ltr'>res</span> <span class='ocrx_word' id='word_1_602' title='bbox 1758 5527 1831 5583; x_wconf 89' lang='lat' dir='ltr'><strong><em>ad</em></strong></span> <span class='ocrx_word' id='word_1_603' title='bbox 1866 5544 1983 5598; x_wconf 89' lang='lat' dir='ltr'>qua</span> 
     </span>
    </p>
   </div>
   <div class='ocr_carea' id='block_1_98' title="bbox 1850 5452 3482 5598">
    <p class='ocr_par' dir='ltr' id='par_1_98' title="bbox 1866 5452 3482 5598">
     <span class='ocr_line' id='line_1_101' title="bbox 2186 5452 3482 5580; baseline 0.001 -71"><span class='ocrx_word' id='word_1_604' title='bbox 2186 5452 2729 5580; x_wconf 52' lang='lat' dir='ltr'>(2—Phi120tet..ap.</span> <span class='ocrx_word' id='word_1_605' title='bbox 2762 5452 3124 5536; x_wconf 61' lang='lat' dir='ltr'>IEscbylum.</span> <span class='ocrx_word' id='word_1_606' title='bbox 3468 5530 3482 5542; x_wconf 47' lang='lat'><em>.</em></span> 
     </span>
     <span class='ocr_line' id='line_1_102' title="bbox 1866 5525 3482 5598; baseline 0 -13"><span class='ocrx_word' id='word_1_607' title='bbox 1866 5544 2015 5598; x_wconf 86' lang='lat' dir='ltr'><strong>quas</strong></span> <span class='ocrx_word' id='word_1_608' title='bbox 2203 5528 2220 5598; x_wconf 91' lang='lat'><strong>(</strong></span> <span class='ocrx_word' id='word_1_609' title='bbox 2264 5528 2280 5598; x_wconf 93' lang='lat'>)</span> <span class='ocrx_word' id='word_1_610' title='bbox 2311 5525 2390 5598; x_wconf 77' lang='lat' dir='ltr'><strong>De</strong></span> <span class='ocrx_word' id='word_1_611' title='bbox 2422 5541 2496 5598; x_wconf 85' lang='lat' dir='ltr'>us</span> <span class='ocrx_word' id='word_1_612' title='bbox 2525 5540 2625 5596; x_wconf 80' lang='lat' dir='ltr'>qui</span> <span class='ocrx_word' id='word_1_613' title='bbox 2652 5540 2834 5598; x_wconf 51' lang='lat' dir='ltr'><strong><em>parua</em></strong></span> <span class='ocrx_word' id='word_1_614' title='bbox 2861 5526 3152 5598; x_wconf 71' lang='lat' dir='ltr'><strong>exnhaque</strong></span> <span class='ocrx_word' id='word_1_615' title='bbox 3182 5528 3482 5598; x_wconf 77' lang='lat' dir='ltr'><strong>despectui</strong></span> 
     </span>
    </p>
   </div>
   <div class='ocr_carea' id='block_1_99' title="bbox 445 5525 3780 5603">
    <p class='ocr_par' dir='ltr' id='par_1_99' title="bbox 445 5525 3780 5603">
     <span class='ocr_line' id='line_1_103' title="bbox 445 5525 3780 5603; baseline -0.001 -15"><span class='ocrx_word' id='word_1_616' title='bbox 445 5525 504 5601; x_wconf 63' lang='lat'>&#39;2)</span> <span class='ocrx_word' id='word_1_617' title='bbox 536 5530 601 5588; x_wconf 90' lang='lat' dir='ltr'>In</span> <span class='ocrx_word' id='word_1_618' title='bbox 630 5546 730 5588; x_wconf 86' lang='lat' dir='ltr'><strong>eos</strong></span> <span class='ocrx_word' id='word_1_619' title='bbox 756 5525 859 5603; x_wconf 82' lang='lat' dir='ltr'><strong>qui</strong></span> <span class='ocrx_word' id='word_1_620' title='bbox 890 5525 1147 5586; x_wconf 70' lang='lat' dir='ltr'><strong>inutiles</strong></span> <span class='ocrx_word' id='word_1_621' title='bbox 1198 5532 1339 5603; x_wconf 80' lang='lat' dir='ltr'><strong>sunt</strong></span> <span class='ocrx_word' id='word_1_622' title='bbox 1390 5532 1451 5603; x_wconf 83' lang='lat' dir='ltr'><strong>et</strong></span> <span class='ocrx_word' id='word_1_623' title='bbox 1496 5527 1569 5585; x_wconf 88' lang='lat' dir='ltr'><strong>ad</strong></span> <span class='ocrx_word' id='word_1_624' title='bbox 1618 5544 1710 5585; x_wconf 90' lang='lat' dir='ltr'>res</span> <span class='ocrx_word' id='word_1_625' title='bbox 1758 5527 1831 5603; x_wconf 87' lang='lat' dir='ltr'><strong><em>ad</em></strong></span> <span class='ocrx_word' id='word_1_626' title='bbox 1866 5544 2015 5600; x_wconf 89' lang='lat' dir='ltr'><strong>quas</strong></span> <span class='ocrx_word' id='word_1_627' title='bbox 2196 5525 2280 5603; x_wconf 62' lang='grc' dir='ltr'>(ᾧ)</span> <span class='ocrx_word' id='word_1_628' title='bbox 2311 5525 2390 5603; x_wconf 62' lang='grc' dir='ltr'>ἓε</span> <span class='ocrx_word' id='word_1_629' title='bbox 2422 5525 2496 5603; x_wconf 71' lang='lat' dir='ltr'>iis</span> <span class='ocrx_word' id='word_1_630' title='bbox 2525 5525 2625 5596; x_wconf 92' lang='lat' dir='ltr'>qui</span> <span class='ocrx_word' id='word_1_631' title='bbox 2652 5540 2834 5603; x_wconf 45' lang='lat' dir='ltr'><strong><em>parua</em></strong></span> <span class='ocrx_word' id='word_1_632' title='bbox 2861 5525 3152 5603; x_wconf 64' lang='lat' dir='ltr'><strong>exilioque</strong></span> <span class='ocrx_word' id='word_1_633' title='bbox 3182 5528 3486 5603; x_wconf 82' lang='lat' dir='ltr'><strong>despectui</strong></span> <span class='ocrx_word' id='word_1_634' title='bbox 3536 5529 3780 5603; x_wconf 77' lang='lat' dir='ltr'><strong><em>habent.</em></strong></span> 
     </span>
    </p>
   </div>
   <div class='ocr_carea' id='block_1_100' title="bbox 348 5595 3785 5685">
    <p class='ocr_par' dir='ltr' id='par_1_100' title="bbox 348 5595 3785 5685">
     <span class='ocr_line' id='line_1_104' title="bbox 348 5595 3785 5685; baseline -0 -26"><span class='ocrx_word' id='word_1_635' title='bbox 348 5595 602 5685; x_wconf 62' lang='lat' dir='ltr'><strong>minime</strong></span> <span class='ocrx_word' id='word_1_636' title='bbox 631 5595 973 5685; x_wconf 69' lang='lat' dir='ltr'><strong>oportebat;</strong></span> <span class='ocrx_word' id='word_1_637' title='bbox 1007 5601 1353 5685; x_wconf 76' lang='lat' dir='ltr'><strong><em>metaphora</em></strong></span> <span class='ocrx_word' id='word_1_638' title='bbox 1380 5601 1621 5683; x_wconf 67' lang='lat' dir='ltr'><strong>ductas</strong></span> <span class='ocrx_word' id='word_1_639' title='bbox 1652 5595 1902 5656; x_wconf 60' lang='lat' dir='ltr'><strong>noctuaf</strong></span> <span class='ocrx_word' id='word_1_640' title='bbox 1971 5676 1981 5685; x_wconf 36' lang='grc' dir='ltr'>ι</span> <span class='ocrx_word' id='word_1_641' title='bbox 2133 5674 2142 5685; x_wconf 37' lang='grc' dir='ltr'>ι</span> <span class='ocrx_word' id='word_1_642' title='bbox 2196 5595 2275 5667; x_wconf 79' lang='grc'>(6)</span> <span class='ocrx_word' id='word_1_643' title='bbox 2308 5597 2401 5685; x_wconf 40' lang='lat' dir='ltr'>.De</span> <span class='ocrx_word' id='word_1_644' title='bbox 2458 5596 2530 5652; x_wconf 89' lang='lat' dir='ltr'><strong>iis</strong></span> <span class='ocrx_word' id='word_1_645' title='bbox 2587 5597 2688 5669; x_wconf 89' lang='lat' dir='ltr'>qui</span> <span class='ocrx_word' id='word_1_646' title='bbox 2747 5595 3073 5670; x_wconf 77' lang='lat' dir='ltr'><strong>aliquando</strong></span> <span class='ocrx_word' id='word_1_647' title='bbox 3124 5595 3505 5659; x_wconf 75' lang='lat' dir='ltr'><strong>facultatibus</strong></span> <span class='ocrx_word' id='word_1_648' title='bbox 3559 5601 3785 5675; x_wconf 67' lang='lat' dir='ltr'><strong>praesti-</strong></span> 
     </span>
    </p>
   </div>
   <div class='ocr_carea' id='block_1_101' title="bbox 426 5672 2346 5751">
    <p class='ocr_par' dir='ltr' id='par_1_101' title="bbox 426 5672 2346 5751">
     <span class='ocr_line' id='line_1_105' title="bbox 426 5672 2346 5751; baseline -0.003 -18"><span class='ocrx_word' id='word_1_649' title='bbox 426 5676 512 5751; x_wconf 91' lang='lat'>(3)</span> <span class='ocrx_word' id='word_1_650' title='bbox 541 5674 625 5733; x_wconf 89' lang='lat' dir='ltr'>De</span> <span class='ocrx_word' id='word_1_651' title='bbox 651 5672 725 5729; x_wconf 87' lang='lat' dir='ltr'><strong>iis</strong></span> <span class='ocrx_word' id='word_1_652' title='bbox 761 5673 867 5745; x_wconf 90' lang='lat' dir='ltr'>qui</span> <span class='ocrx_word' id='word_1_653' title='bbox 909 5689 1045 5730; x_wconf 91' lang='lat' dir='ltr'><strong>cum</strong></span> <span class='ocrx_word' id='word_1_654' title='bbox 1075 5672 1343 5746; x_wconf 81' lang='lat' dir='ltr'><strong><em>improbo</em></strong></span> <span class='ocrx_word' id='word_1_655' title='bbox 1393 5672 1674 5747; x_wconf 88' lang='lat' dir='ltr'><strong>quopiam</strong></span> <span class='ocrx_word' id='word_1_656' title='bbox 1723 5676 2015 5746; x_wconf 76' lang='lat' dir='ltr'>pugnant,</span> <span class='ocrx_word' id='word_1_657' title='bbox 2128 5674 2346 5729; x_wconf 88' lang='lat' dir='ltr'><strong>terunt.</strong></span> 
     </span>
    </p>
   </div>
   <div class='ocr_carea' id='block_1_102' title="bbox 644 5798 3504 5866">
    <p class='ocr_par' dir='ltr' id='par_1_102' title="bbox 644 5798 3504 5866">
     <span class='ocr_line' id='line_1_106' title="bbox 644 5798 3504 5866; baseline -0 0"><span class='ocrx_word' id='word_1_658' title='bbox 644 5801 911 5866; x_wconf 65' lang='lat' dir='ltr'><strong><em>Paeon.</em></strong></span> <span class='ocrx_word' id='word_1_659' title='bbox 957 5799 1071 5865; x_wconf 78' lang='lat' dir='ltr'>Gn.</span> <span class='ocrx_word' id='word_1_660' title='bbox 1115 5798 1343 5865; x_wconf 83' lang='lat' dir='ltr'>CXLII.</span> <span class='ocrx_word' id='word_1_661' title='bbox 3427 5803 3504 5865; x_wconf 69' lang='lat'>15</span> 
     </span>
    </p>
   </div>
  </div>
