4132 6424
363 371 484 431 459

1392 359 1711 422 GEORGII
1755 357 2019 420 CYPRII
2062 355 2181 416 ΟΡ.
2231 353 2769 416 PATRIABCHZE

3667 348 3788 410 460

363 505 525 558 terra
553 497 910 572 reliquisset,
954 491 1277 566 respondit,
1319 491 1533 562 Solem,
1585 491 1808 558 lunam,
1842 488 2010 544 licus.

2166 485 2330 555 λιπεν,
2392 483 2714 559 ἀπεκρίνατο
2770 479 2984 553 ”Ηλιον,
3044 477 3283 550 σελήνην
3320 521 3334 546 ,
3393 481 3548 550 σῦκα,
3611 475 3783 551 μῆλα.

375 605 573 664 poma.
604 586 752 644 Hinc
783 584 1058 658 stupidus
1104 582 1362 652 habitus,
1386 580 1540 652 quod
1588 579 1698 636 ista
1733 593 1870 636 cum
1899 574 2021 632 sole

371 693 636 750 ooequas
645 680 736 733 set

441 766 690 824 Herculis
719 765 1077 835 sacriﬁcium.
1111 766 1191 817 De
1229 761 1302 816 iis
1335 759 1432 832 qui
1467 759 1686 815 frustra
1735 755 2023 814 sacriﬁcia

373 857 644 1020 oaj;:;:
663 946 867 1016 ignem.
901 943 981 999 De
1039 942 1214 997 rebus
1264 955 1390 1012 quae
1447 940 1560 995 cito
1618 936 1930 1010 perficiunt
1967 939 2026 990 et

373 1038 807 1094 consumuntur
835 1049 902 1088 eo
933 1032 1090 1104 quod
1114 1029 1306 1103 apbya
1333 1029 1448 1085 cito
1478 1027 1770 1100 coquitur.

445 1217 538 1272 Ira
603 1217 873 1287 postremo
927 1212 1173 1268 senescit.
1234 1209 1321 1264 0b
1380 1224 1546 1264 senes
1605 1207 1856 1264 dicitur:
1909 1222 2024 1277 quo

2129 571 2317 644 Ἔδοξε
2345 577 2472 649 γοῦν
2507 571 2722 642 ἠλίθιος
2751 575 2920 626 ταῦτα
2949 569 3133 641 ἐξισῶν
3167 566 3338 640 ἡλίῳ.

2201 751 2534 827 Ἡρακλέους
2609 751 2763 805 Θυσία
2797 793 2810 808 .
2867 747 2988 803 Ἐπὶ
3041 751 3148 802 τῶν
3209 746 3327 816 εἰκῆ
3395 749 3514 807 ταῖς
3579 742 3785 808 θυσίαις

2131 838 2462 918 χρωμένων.

2533 931 2546 946 \
2643 934 2667 943 η-
2761 929 2816 948 1n
2869 927 2882 946 \

2203 932 2265 986 Ἥ
2295 931 2439 1008 ἀφύη
2493 931 2556 985 τὸ
2599 934 2728 1005 πῦρ.
2761 927 2885 984 Ἐπὶ
2935 931 3043 982 τῶν
3093 924 3308 1002 ταχέως
3360 918 3788 997 λαμϐανόντωνσ

2131 1019 2368 1094 παρόσον
2401 1022 2436 1088 ἠ
2469 1018 2611 1097 ἀφύη
2635 1019 2853 1094 ταχέως
2883 1015 3112 1090 ἐφεῖται.

2204 1198 2384 1269 Θυμὸς
2461 1196 2686 1272 ἔσχατον
2772 1194 3034 1271 γηράσκει
3094 1237 3107 1249 .
3180 1192 3403 1268 Λέγεται
3490 1188 3580 1246 διὰ
3659 1190 3788 1253 τοὺς

377 1305 536 1362 enim
592 1304 779 1375 magis
829 1305 997 1357 aetate
1027 1299 1448 1373 provehuntur,
1502 1314 1568 1352 eo
1626 1295 2025 1352 iracundiores

2166 1282 2528 1362 τρεσϐυτέρους
2561 1327 2573 1339 .
2631 1288 2795 1338 Ὅσον
2854 1283 2956 1359 γὰρ
3015 1280 3400 1358 γηράσκουσι,
3457 1281 3549 1334 τὸν
3615 1281 3785 1354 θυμὸν

375 1394 650 1450 evadunt.

449 1481 620 1539 Maris
651 1497 852 1554 aquam
878 1495 952 1535 ex
997 1495 1252 1535 caverna.
1299 1477 1379 1532 De
1437 1477 1510 1531 iis
1537 1476 1637 1547 qui
1695 1473 1868 1530 rebus
1901 1488 2024 1528 ma-

379 1573 514 1646 gnis
543 1571 784 1644 exiguas
814 1575 873 1625 et
899 1569 1043 1624 viles
1074 1567 1381 1624 ambitiose
1411 1569 1774 1636 comparant.

451 1661 654 1718 Thasus
681 1661 962 1716 bonorum.
1015 1657 1096 1714 De
1126 1657 1199 1712 iis
1243 1656 1343 1727 qui
1392 1671 1455 1711 se
1502 1653 1838 1725 quempiam
1880 1651 2024 1706 divi-

378 1755 499 1809 tem
525 1749 854 1807 reddituros
876 1747 1227 1820 promittunt
1255 1743 1767 1817 splendidumque.

452 1948 626 2004 Sacra
652 1923 923 2014 anchora,
955 1943 1236 2016 Magnum
1267 1939 1546 1998 auxilium
1581 1941 1678 2012 (1).

452 2035 776 2108 Εᾳααιίιαε
801 2032 1056 2090 amicitia
1084 2031 1182 2104 (2).

451 2125 772 2198 Αἳᾳιιαιίεοδ
805 2121 1008 2178 bellum
1035 2137 1146 2178 non
1171 2122 1344 2193 parit.

456 2214 593 2270 Ilias
618 2213 904 2270 malorum
930 2210 1029 2284 (3).

455 2303 813 2375 Hippolytum
837 2301 1115 2358 imitabor.
1147 2299 1228 2356 De
1257 2299 1329 2356 iis
1355 2298 1453 2372 qui
1475 2301 1632 2354 caste
1661 2297 1882 2354 vivunt.

454 2483 675 2554 Equites
703 2482 764 2536 in
799 2495 1057 2550 campum
1097 2493 1374 2552 provocas.
1423 2477 1541 2533 Hoc
1592 2482 1682 2532 est
1732 2475 1928 2533 felices
1958 2477 2029 2532 ad

383 2585 454 2628 ea
481 2586 658 2644 opera
685 2570 746 2626 in
777 2569 990 2642 quibus
1020 2571 1161 2625 sunt
1190 2567 1404 2624 felices.

450 2749 585 2807 Mali
608 2751 758 2807 corvi
775 2750 988 2805 malum
1013 2763 1176 2804 ovum
1203 2747 1304 2819 (4).

453 2840 678 2896 Exorna
704 2846 953 2911 spartam
989 2853 1157 2909 quam
1197 2837 1422 2892 sortitus
1467 2851 1542 2892 es.
1595 2835 1758 2900 Quod
1805 2841 2033 2909 oportet

382 2932 538 2986 sorte
563 2943 689 3000 quas
719 2925 928 2998 obtigit
955 2930 1290 2982 contentum
1340 2939 1468 2980 esse
1503 2929 1562 2979 et
1593 2924 1652 2979 in
1699 2923 1801 2980 illa
1829 2925 2032 2998 acqui-

382 3031 599 3073 escere.

457 3103 697 3160 Cadmca
723 3104 975 3160 victoria.
1008 3105 1146 3168 Quae
1175 3103 1234 3158 in
1266 3103 1503 3158 victoris
1540 3104 1824 3158 damnum
1855 3105 2026 3160 cedit.

453 3193 672 3267 Cygnca
699 3194 900 3249 cantio.
933 3191 1012 3248 De
1043 3191 1135 3254 iis.
1171 3191 1270 3263 qui
1298 3193 1468 3248 morti
1489 3192 1617 3262 jam
1661 3199 1802 3248 sunt
1830 3192 2026 3249 vicini.

380 3283 562 3357 Cygni
592 3283 772 3353 enim,
822 3281 1056 3354 quando
1097 3281 1225 3350 jam
1274 3297 1336 3336 se
1381 3283 1697 3337 morituros
1745 3282 2026 3338 sentiunt.

383 3387 592 3430 canere
620 3370 828 3428 solent.

451 3461 658 3518 Cornix
684 3461 1041 3533 scorpionem.
1075 3459 1155 3516 De
1186 3459 1259 3514 iis
1309 3459 1405 3530 qui
1457 3459 1632 3515 rebus
1673 3460 1860 3518 noxiis
1893 3477 2027 3533 ope-

381 3566 508 3606 ram
541 3550 708 3607 dant.

454 3639 641 3695 Cilicii
683 3638 850 3695 hirci.
881 3637 999 3695 Hoc
1047 3641 1158 3706 est,
1205 3636 1437 3694 villosi:
1490 3639 1644 3694 unde
1695 3637 1872 3694 etiam
1903 3638 2027 3694 cili-

381 3728 538 3786 cium
589 3743 802 3785 nomen
851 3726 1093 3800 accepit,
1154 3727 1308 3798 quod
1364 3742 1432 3782 ex
1475 3725 1695 3783 villosis
1739 3727 2030 3799 ejusmodi

381 3817 517 3891 pilis
547 3820 907 3873 contexatur.

456 3908 764 3966 Cretizare.
810 3905 929 3962 Hoc
972 3910 1082 3974 est,
1139 3905 1444 3977 decipere:
1505 3906 1843 3978 deceptores
1871 3906 2027 3963 enim

381 3997 587 4051 Creten
594 4009 688 4050 ses
701 4033 715 4052 .

449 4084 740 4142 Nutricum
761 4086 947 4140 instar
973 4083 1118 4140 male
1147 4083 1298 4138 cibas
1328 4082 1431 4154 (5).

454 4299 534 4371 (1)
564 4298 739 4354 Sacra
768 4297 1022 4371 anchora
1059 4296 1120 4371 in
1165 4296 1298 4371 navi
1327 4300 1586 4363 vocatur,
1637 4312 1768 4371 quae
1786 4299 2029 4371 quando

383 4367 708 4428 maximum
739 4367 1061 4439 periculum
1091 4367 1379 4438 imminet,
1403 4367 1670 4439 extrema
1682 4367 1919 4439 jacitur.

450 4442 528 4514 (2)
556 4438 907 4523 Equalitate
953 4439 1272 4494 amicitiam
1313 4438 1652 4523 con‘ciliari,‘
1774 4440 1882 4496 hoc
1913 4441 2030 4523 dic-

539 4510 849 4638 anbtiquum
881 4527 1008 4567 esse
1038 4527 1104 4565 ac
1135 4527 1359 4578 verum,
1395 4510 1552 4565 Plato
1580 4511 1661 4566 ait
1685 4511 1832 4566 libro
1865 4519 2026 4568 sexto

510 4599 594 4641 eat
631 4599 713 4638 us.

510 4599 570 4640 θα
577 4599 713 4639 was.

452 4601 756 4728 (sigltguesos
807 4653 907 4726 qui
967 4652 1240 4709 maximis
1290 4652 1347 4707 in
1408 4652 1580 4710 malis
1617 4653 1822 4724 jnctati
1866 4658 2026 4723 sunt,

384 4732 722 4800 usurpatur.

451 4795 743 4870 (“Corax
772 4797 1030 4868 prudens
1077 4795 1395 4850 admodum
1440 4801 1566 4870 erat
1614 4795 1806 4863 homo,
1839 4801 1896 4852 et
1927 4797 2027 4870 qui

381 4868 647 4926 se'rebus
695 4869 913 4940 optime
958 4868 1643 4940 norataccommodare;
1680 4873 1880 4940 utpote
1924 4869 2024 4939 qui

379 4942 558 5013 probe
589 4938 956 5013 perspectum
991 4938 1261 5013 habebat,
1296 4953 1359 4994 se
1391 4955 1503 4992 non
1526 5010 1537 5013 _
1561 4955 1730 5013 posse
1752 4938 2026 5013 ’simul’et

376 5010 938 5084 tyrannoinservire
987 5016 1043 5064 et
1092 5011 1317 5084 placere
1366 5010 1600 5084 populo.
1654 5011 1897 5084 Peregre
1925 5011 2026 5084 ita-

375 5081 491 5162 quo
521 5082 836 5162 profectus,
868 5081 1198 5162 campos‘uit
1224 5082 1299 5162 de
1331 5081 1648 5162 prommiis,
1680 5082 2024 5162 narrationi:

373 5152 1027 5222 Eum—contentionibus,
1063 5157 1118 5225 et
1147 5152 1413 5225 epilogis,
1451 5152 1878 5225 quogpopulum
1911 5153 2023 5208 sibi

372 5225 722 5292 conciliavit,
781 5241 852 5296 ac
911 5224 1120 5280 deinde
1179 5223 1411 5296 prodiit,
1474 5223 1800 5280 inclamans
1849 5229 2024 5296 atque

371 5297 710 5362 adhortans,
745 5295 793 5367 si
851 5295 1226 5367 quisiartem
1279 5296 1504 5350 discere
1561 5296 1752 5362 vellet,
1805 5295 2024 5352 indicta

373 5368 640 5423 mercede
675 5365 833 5421 mille
865 5365 1276 5421 drachmarum
1304 5383 1316 5422 :
1353 5367 1444 5420 cui
1488 5367 1663 5422 Sitias
1695 5367 2023 5438 discipulus

373 5439 637 5496 accessit.
697 5438 806 5503 Qui
863 5454 992 5492 cum
1047 5443 1230 5493 artem
1263 5438 1661 5505 addidicisset,
1695 5440 2022 5494 mercedem

369 5511 642 5583 negabat.
674 5509 1094 5583 Ejusgergourei
1125 5509 1314 5583 gratia
1355 5509 1587 5583 judices
1617 5511 1674 5583 in
1708 5509 2021 5583 concilium

367 5579 508 5638 sunt
538 5579 833 5636 convocati
861 5597 872 5636 :
907 5579 1271 5652 quibus—jam
1307 5579 1806 5651 cenvenicntibus,
1839 5581 2024 5637 Corax

369 5653 709 5713 dilemmste
747 5668 914 5724 usus,
946 5653 1029 5710 sic
1079 5652 1201 5712 ait:
1235 5652 1295 5709 Si
1341 5653 1543 5710 vicerit
1569 5653 1764 5725 Sitias,
1798 5669 2020 5711 merce-

2135 1376 2595 1452 ἐρρωμενέστερον
2629 1371 2838 1450 ἔχουσι.

2207 1464 2489 1534 Θαλάττης
2520 1462 2578 1517 ἐκ
2604 1459 2881 1540 χαράδρας
2906 1458 3072 1537 ῧδωρ.
3103 1459 3224 1514 Ἐπὶ
3245 1464 3355 1514 τῶν
3381 1464 3501 1522 τοῖς
3527 1458 3790 1534 μεγάλοις

2136 1555 2200 1610 τὰ
2234 1555 2400 1629 μικρά
2428 1550 3073 1630 προσφιλοτιμουμὲνων.

2209 1643 2378 1704 Θὰσος
2437 1641 2670 1717 ἀγαθῶν.
2701 1639 2826 1695 Ἐπὶ
2876 1644 2984 1694 τῶν
3035 1635 3329 1712 εὐδαίμονα
3383 1637 3474 1693 καὶ
3537 1636 3788 1713 λαμπρὸν

2141 1729 2414 1805 ἀποδεῖξαί
2444 1752 2564 1787 τινα
2595 1727 3106 1805 ἐπαγγελλομένων.

2064 1864 2113 1930 Β

2210 1946 2351 2022 Ἱερὰ
2380 1943 2606 2022 ἄγκυρα.
2641 1945 2704 2000 Ἡ
2734 1941 2948 2020 μεγάλη
2986 1944 3234 2019 βοήθεια.

2211 2034 2418 2106 ’ἰσότης
2449 2032 2704 2112 φιλότης.

2211 2126 2350 2187 Ἵσος
2380 2123 2625 2197 πόλεμον
2655 2122 2716 2177 οὐ
2746 2127 2915 2179 ποιεῖ.

2211 2213 2374 2276 Ἰλιὰς
2406 2217 2587 2267 κακῶν
2599 2257 2610 2269 .

2207 2301 2530 2359 Ἱππόλυτον
2613 2303 2906 2374 μμήσομαι
2960 2344 2973 2356 .

2145 2392 2425 2470 βιούντων.

2211 2480 2427 2544 Ἱππέας
2483 2480 2561 2542 εἷς
2617 2477 2800 2535 πεδίον
2859 2475 3128 2555 προκαλεῖ
3159 2518 3172 2531 .
3233 2481 3402 2553 Ὅπερ
3458 2475 3603 2549 ἐστὶ,
3661 2473 3794 2536 τοὺς

2142 2568 2584 2643 εὓδοκιμοῦντας,
2611 2568 2686 2632 εἷς
2719 2569 2850 2641 ἅπερ
2883 2564 3259 2642 εὐδοκιμοῦσιν
3293 2561 3442 2641 ἔργα.

3065 2299 3184 2354 Ἐπὶ
3284 2303 3392 2353 τῶν
3499 2297 3792 2376 σωφρόνως

2213 2754 2388 2804 Κακοῦ
2412 2747 2644 2824 κόρακος
2674 2747 2835 2802 κακὸν
2869 2745 2998 2803 ὠόν.

2211 2833 2413 2912 Κόσμει
2460 2837 2695 2913 σπάρταν
2745 2835 2812 2904 ἤν
2863 2832 3079 2910 ἔλαχες.
3125 2837 3246 2892 Ὅτι
3304 2830 3386 2888 δεῖ
3425 2830 3665 2909 στέργειν
3720 2833 3792 2906 τῇ

2141 2924 2404 3001 δεδομένῃ
2431 2924 2574 3002 τύχῃ
2601 2923 2691 2980 καὶ
2723 2922 3030 3000 ἀνέχεσθαι.

2212 3102 2452 3178 Καδμεία
2480 3103 2625 3174 νίκη.
2659 3105 2721 3156 Ἡ
2753 3102 2840 3156 ἐπὶ
2871 3105 3021 3175 κακῷ
3049 3103 3158 3155 τῶν
3197 3098 3574 3170 νενικηκότων.

2210 3193 2460 3248 Κύκνειον
2522 3191 2686 3266 ᾆσμα.
2748 3191 2867 3248 Ἐπὶ
2924 3194 3030 3245 τῶν
3090 3187 3252 3266 ἐγγὺς
3311 3187 3540 3252 θανάτου
3595 3182 3789 3244 ὄντων·

2140 3284 2191 3338 οἱ
2221 3284 2324 3358 γὰρ
2354 3281 2539 3337 κύκνοι
2570 3283 2890 3350 θνήσκοντες
2920 3277 3162 3351 ᾅδουσιν.

2211 3463 2436 3538 Κορώνη
2487 3461 2578 3515 τὸν
2630 3458 2888 3536 σκορπίον
2921 3503 2933 3516 .
2985 3458 3106 3513 Ἐπὶ
3161 3461 3267 3512 τῶν
3323 3451 3614 3534 βλαϐεροῖς
3666 3453 3790 3510 ἐπι-

2140 3551 2494 3627 χειρούντων.

2210 3640 2451 3696 Κιλίκιοι
2480 3637 2686 3715 τράγοι.
2720 3639 2783 3691 Οἱ
2833 3634 3032 3700 δασεῖς.
3085 3637 3237 3692 Ὅθεν
3280 3635 3370 3691 καὶ
3399 3634 3466 3689 τὰ
3496 3634 3555 3691 ἐκ
3581 3636 3789 3710 τριχῶν

2137 3728 2330 3803 ἱμάτια
2357 3727 2567 3784 κιλίκια
2597 3725 2871 3803 λέγονται.

2211 3907 2515 3982 Κρητίζειν.
2552 3906 2699 3962 ’Δντὶ
2726 3910 2829 3961 τοῦ
2858 3902 3147 3981 ψεύδεσθαι
3177 3903 3269 3959 καὶ
3299 3903 3530 3978 ἀπατᾷν.

2209 4086 2503 4162 Καθώσπερ
2533 4086 2588 4140 αἱ
2615 4083 2788 4141 τίτθαι
2819 4083 3037 4154 σιτίζεις
3063 4087 3266 4146 κακῶς.

2139 4303 2271 4357 dem
2303 4303 2544 4358 reddere
2571 4305 2843 4369 tenetur;
2893 4300 3068 4356 debet
3110 4299 3268 4356 enim
3297 4317 3310 4356 :
3361 4299 3410 4356 si
3440 4314 3556 4354 non
3585 4297 3792 4354 vicerit

2137 4373 2224 4430 vel
2255 4375 2340 4429 sic
2371 4389 2603 4445 quoque
2632 4373 2872 4445 reddere
2917 4372 3108 4445 debet,
3146 4371 3304 4445 quod
3351 4370 3539 4445 victus
3579 4369 3674 4426 sit.
3704 4370 3790 4426 Ad

2141 4461 2268 4571 quae
2303 4441 2718 4516 sic—respondit
2765 4442 2984 4499 Sitias:
3035 4442 3096 4498 Si
3141 4441 3351 4510 vicero,
3401 4441 3642 4497 reddere
3671 4457 3790 4498 non

2182 4517 2321 4571 ebeo
2347 4533 2360 4571 :
2391 4516 2501 4571 vici
2534 4516 2712 4571 enim.
2745 4514 2806 4570 Si
2853 4531 2970 4570 non
3018 4514 3229 4571 vicero.
3275 4529 3391 4569 non
3420 4517 3620 4568 teneor
3657 4512 3788 4567 red-

2182 4517 2321 4572 ebeo
2347 4533 2360 4582 ;
2391 4516 2501 4571 vici
2516 4512 2712 4571 'enim.
2745 4514 2806 4570 Si
2853 4531 2970 4570 non
3018 4514 3229 4580 vicero,
3275 4529 3391 4569 non
3420 4517 3620 4568 teneor
3657 4512 3788 4567 red-

2139 4589 2536 4659 dere;_neque
2583 4587 2740 4643 enim
2785 4586 2987 4659 debeo.
3037 4585 3302 4659 Cumque
3341 4583 3579 4659 j~ud_ice_s
3622 4583 3791 4659 dubii

2140 4654 2625 4725 distraherentur,
2674 4657 2912 4714 tandem
2955 4654 3394 4712 exclamarunt:
3445 4654 3584 4711 Mali
3631 4655 3789 4725 corvi

2139 4731 2360 4786 malum
2393 4745 2586 4786 ovum.
2611 4724 2736 4785 Sive
2767 4729 2922 4801 quod
2951 4728 3134 4801 corax
3161 4726 3412 4801 (corvus)
3438 4724 3657 4801 animal
3688 4727 3786 4801 sit,

2137 4817 2425 4872 ovumque
2457 4802 2585 4884 ejus
2637 4801 2709 4856 ad
2765 4797 3118 4856 vescendum
3170 4797 3421 4854 inutile:
3479 4799 3598 4853 sive
3627 4797 3786 4868 quod

2136 4890 2340 4928 corvus
2402 4873 2500 4927 ubi
2548 4873 2674 4928 iam
2731 4872 2803 4927 ad
2878 4875 3235 4926 senectutem
3312 4869 3593 4928 pervenit.
3648 4884 3786 4924 cum

2169 4890 2340 4929 orvus
2402 4887 2500 4927 UDl
2581 4889 2674 4926 am
2731 4887 2803 4927 aa
2878 4887 3235 4926 senectutem
3312 4887 3593 4942 pervenit,
3648 4887 3786 4924 cum

2176 4943 2325 5024 ullos
2357 4960 2504 5024 suos
2526 4889 2677 4999 alere
2709 4959 2825 5024 non
2847 4942 3056 5024 possit,
3085 4941 3345 5024 seipsum
3367 4939 3488 5024 illis
3514 4941 3579 5024 iu
3604 4941 3794 5024 pabu-

2160 5033 2256 5070 um
2287 5016 2404 5097 det,
2438 5017 2699 5086 adeoque
2744 5013 2828 5068 illi
2850 5011 3159 5085 parentem
3174 5011 3481 5070 devorent.
3534 5011 3698 5068 Unde
3728 5015 3787 5068 et

2175 5103 2436 5144 arcemia.

2135 5105 2436 5160 parcemia.

2205 5160 2282 5231 (5)
2314 5159 2391 5213 De
2419 5156 2628 5231 Cleone
2675 5157 2899 5231 dictum
2950 5161 3073 5211 est:
3118 5156 3216 5229 qui
3263 5171 3426 5231 _cum_
3460 5154 3520 5209 in
3551 5153 3786 5231 paucis-

2134 5225 2302 5285 simis
2359 5228 2572 5300 populo
2631 5227 3080 5300 gratiﬁcaretur,
3133 5225 3346 5282 ‘multa
3412 5225 3664 5297 ipsemet
3723 5225 3785 5300 i_n

2136 5301 2296 5356 lucru
2307 5295 2376 5354 m'
2388 5295 2561 5355 suum
2585 5295 2977 5355 convertebat.
2993 5299 3321 5370 Usurpatur
3336 5295 3532 5370 autem
3547 5295 3786 5368 quando

2133 5373 2264 5442 quis
2296 5370 2544 5441 alicujus
2575 5371 2657 5427 rei
2685 5371 2873 5442 gratia
2895 5369 3196 5442 acceptam
3242 5369 3576 5441 cujuspiam
3619 5383 3790 5439 pecu-

2133 5445 2293 5500 niam
2317 5443 2629 5498 consumit.
2690 5442 2837 5498 Nam
2885 5445 3144 5498 nutrices
3202 5442 3566 5497 nutrimenta
3616 5455 3788 5495 man-

2131 5517 2356 5582 dentes,
2390 5531 2488 5586 ore
2519 5531 2626 5570 suo
2646 5514 2980 5586 extrahunt,
3003 5517 3059 5569 et
3080 5528 3400 5586 puerorum
3423 5511 3742 5586 imponunt
3768 5527 3782 5566 :

2133 5587 2287 5642 unde
2317 5585 2626 5660 contingit,
2686 5590 2752 5642 ut
2783 5585 2894 5642 illa:
2953 5582 3122 5659 pauci
3179 5585 3377 5660 pueris
3425 5584 3585 5654 dent,
3616 5582 3788 5656 plura

2132 5664 2328 5718 autem
2359 5659 2502 5733 ipse
2520 5658 2717 5719 sdant.
