4132 6426
295 403 410 462 461
1445 402 1927 468 PBOVEBBIOI

2078 399 2080 460 ξ
2125 402 2577 466 COLLECTlU.
3589 411 3710 471 462

369 531 520 589 Κύων
556 531 644 589 ἐπὶ
674 534 765 588 τὸν
799 529 942 589 ξ’διον
975 530 1189 608 ἔμετον.
1973 533 2001 601 Α

1973 533 2028 602 Α
2133 535 2294 591 Canis
2322 539 2396 593 ad
2417 555 2577 594 suum
2602 540 2889 595 vomitum.

369 623 472 679 Κᾶν
506 622 593 679 ἐπὶ
623 627 721 678 τοῦ
749 628 941 699 νεκροῦ
967 622 1283 700 κερδαίνειν.

2123 625 2196 680 De
2224 630 2436 683 mortuo
2465 630 2636 682 etiam
2665 627 3015 698 lucrifacere.

366 711 602 768 Κατόπιν
683 712 876 787 ἑορτῆς
951 711 1124 782 ἥκεις.
1174 713 1294 768 Ἐπὶ
1353 716 1460 768 τῶν
1543 712 1715 769 καλοῦ
1772 710 1942 788 πράγ-

2130 719 2260 770 Post
2289 717 2492 786 festum
2519 719 2688 773 venis.
2735 722 2814 773 De
2843 718 2918 773 iis
2946 719 3045 790 qui
3094 719 3392 791 praestanti
3423 720 3704 792 quapiam

300 821 470 875 ματος
499 799 959 874 ἀπολιμπανομέν
968 824 1060 858 ων.

2056 817 2118 857 re
2148 819 2257 858 sua
2287 805 2658 861 cunctatione
2690 806 3070 862 frustrantur.

364 887 671 969 Κολοφῶνα
719 888 1008 960 ἐπέθηκας.
1059 891 1215 946 Ἤτοι
1264 891 1326 946 τὸ
1371 890 1580 947 τὲλειον
1644 889 1735 946 καὶ
1795 889 1947 959 πλῆς

2129 891 2488 964 Colophonem
2528 896 2858 966 imposuisti.
2893 896 3036 952 Rem
3091 895 3383 969 perfecisti
3426 900 3484 953 et
3513 898 3709 956 absol-

295 1000 405 1056 ρες.

2055 980 2189 1038 visti
2201 1023 2214 1037 .

365 1069 513 1125 Κατά
545 1068 670 1145 ῥοῦν
699 1069 938 1146 φέρεται.

2133 1070 2372 1128 Secundo
2399 1080 2536 1129 cestu
2561 1075 2742 1145 fertur
2771 1075 2870 1146 (1).

369 1161 629 1234 Καρκῖνος
659 1155 844 1232 λαγὼν
871 1153 1032 1234 αἴρει.
1068 1157 1188 1214 Ἐπὶ
1217 1161 1326 1213 τῶν
1358 1155 1652 1214 ἀδυνάτων.

2132 1159 2339 1216 Cancer
2367 1162 2605 1234 leporem
2628 1163 2794 1219 tollit.
2829 1163 2909 1218 De
2939 1163 3431 1237 impossibilibus.

298 1245 452 1302 Κενοὶ
480 1246 607 1302 κενὰ
640 1245 1018 1321 βουλεύονται.

2127 1253 2326 1306 Inanes
2353 1253 2548 1307 inania
2577 1253 2908 1308 consultant.

370 1334 626 1412 Κεστρεὺς
655 1334 920 1406 νηστεύει.
953 1334 1076 1390 Ἐπὶ
1127 1339 1236 1392 τῶν
1287 1335 1633 1411 λαιμάργων*
1669 1331 1945 1406 ἄπληστον

2127 1338 2316 1409 Mugil
2333 1339 2573 1411 jejunat.
2602 1342 2666 1396 In
2693 1340 2861 1397 valde
2887 1357 3145 1399 voraces.
3169 1341 3522 1415 Inexplebile
3551 1342 3709 1399 enim

297 1422 355 1481 δὲ
381 1423 445 1480 τὸ
478 1428 639 1493 ζῶον.

2057 1425 2165 1481 hoc
2196 1427 2436 1484 animal.

367 1514 528 1591 Κριὸς
590 1518 818 1592 τροφεῖα
892 1513 1161 1570 ἀπέτισεν.
1224 1515 1343 1570 Ἑπί
1415 1518 1521 1568 τῶν
1609 1512 1943 1590 ἀχαρίστων.

2125 1515 2278 1571 Aries
2302 1517 2605 1574 mercedem
2634 1519 2974 1574 nutritionis
3013 1517 3298 1590 persolvit.
3331 1519 3411 1576 De
3435 1519 3710 1593 ingratis.

291 1603 356 1657 Οἱ
410 1604 512 1680 γὰρ
569 1602 716 1679 κριοί
773 1601 863 1657 καὶ
917 1603 1015 1665 τὰς
1072 1603 1274 1681 φάτνας
1316 1601 1622 1673 πλήττουσι
1674 1602 1764 1657 καὶ
1817 1602 1923 1658 τοὺ.

2077 1603 2277 1661 irietes
2306 1605 2464 1662 enim
2499 1607 2801 1679 praesepia,
2845 1608 3063 1681 quique
3119 1607 3255 1666 illos
3298 1609 3592 1679 nutriunt,
3628 1610 3709 1666 fe-

290 1691 609 1768 θρέψαντας.

2055 1691 2169 1748 rire
2196 1692 2405 1751 solent.

361 1781 510 1836 Κακὰ
562 1781 657 1855 μὲν
705 1779 911 1856 θρίπες,
959 1779 1098 1835 κακᾶ
1141 1777 1190 1835 δ’
1238 1776 1374 1842 ἱίπες.
1432 1782 1637 1860 ’Ἄμφω
1684 1781 1789 1856 γὰρ
1846 1779 1944 1835 λυ-

2123 1783 2267 1840 Μαια
2307 1800 2394 1840 res
2425 1786 2650 1857 thripes,
2681 1786 2832 1841 malu
2865 1802 2950 1842 res
2979 1788 3116 1858 ipes.
3165 1787 3351 1842 Ambo
3380 1786 3538 1843 enim
3573 1802 3708 1845 ver-

295 1868 564 1946 μαντικοί.
596 1868 697 1924 Καὶ
727 1870 780 1924 οἱ
814 1869 909 1942 μὲν
937 1869 1003 1924 τὰ
1033 1867 1189 1940 ξύλα,
1220 1869 1272 1924 οἱ
1323 1865 1382 1924 δὶ
1409 1868 1607 1943 κὲρατα
1655 1868 1927 1933 ἐσθίουσιν

1893 1890 1938 1928 ν.
1971 1898 2022 1964 Β
2053 1887 2179 1929 mes
2209 1873 2365 1929 noxii
2398 1890 2412 1930 :
2446 1890 2583 1930 nam
2614 1873 2700 1930 illi
2730 1873 2910 1948 ligna,
2945 1876 3007 1932 hi
3038 1873 3219 1932 cornu
3250 1877 3524 1932 exedunt.

361 2051 583 2121 Λήμνια
635 2047 793 2105 κακά.
828 2049 966 2104 Ἀπὸ
1021 2052 1127 2103 τῶν
1187 2047 1238 2103 ἐν
1299 2050 1511 2122 Λήμνῳ
1559 2052 1852 2124 γυναικῶν,
1884 2049 1940 2104 αἳ

2119 2053 2354 2109 Lemnia
2375 2054 2541 2109 mala.
2573 2053 2656 2109 Ex
2692 2053 2983 2110 Lemnicis
3013 2053 3362 2110 mulieribus
3403 2070 3530 2126 quae
3577 2069 3702 2110 ma-

288 2139 416 2202 τοὺς
449 2135 644 2215 ἄνδρας
675 2137 851 2192 αὐτῶν
878 2136 1212 2195 ἀπέκτειναν.

1117 2158 1212 2195 ναν.
2050 2139 2196 2196 ritos
2227 2157 2366 2198 suos
2389 2142 2749 2198 occiderunt.

364 2227 586 2304 Λαγωὸς
659 2226 783 2304 περὶ
864 2230 1060 2304 πρεῶν.
1141 2227 1262 2282 Ἐπὶ
1331 2232 1439 2283 τῶν
1516 2225 1935 2284 κινδυνευόντων

2119 2232 2292 2301 Lepus
2317 2247 2419 2302 pro
2452 2231 2730 2288 carnibus.
2781 2233 2862 2289 De
2911 2232 2984 2288 iis
3015 2231 3115 2305 qui
3152 2231 3548 2304 periclitantes
3579 2231 3699 2289 for-

290 2317 380 2373 καὶ
429 2315 870 2393 ἀγωνιζομένων·
921 2313 1108 2388 ἐπειδὴ
1156 2316 1404 2380 κάκεῖνος
1462 2319 1587 2395 περὶ
1651 2322 1758 2372 τῶν
1809 2318 1922 2372 ἑαυ-

2067 2317 2184 2372 iter
2209 2318 2443 2374 interim
2475 2322 2739 2387 certant;
2769 2318 2938 2392 lepus
2998 2319 3213 2376 etenim
3262 2335 3366 2392 pro
3417 2320 3543 2376 suis
3575 2337 3699 2376 car-

285 2411 386 2463 τοῦ
415 2409 584 2481 κρεῶν
614 2405 820 2481 τρὲχει.

2048 2405 2224 2462 nibus
2255 2406 2457 2463 currit.

357 2494 533 2558 Λύκος
595 2495 772 2568 μάτην
831 2495 1038 2570 χανών·
1098 2495 1134 2564 ἢ
1193 2497 1369 2558 Λύκος
1437 2495 1558 2571 περὶ
1612 2494 1778 2573 φρέαρ
1836 2514 1934 2570 χο-

2115 2497 2299 2567 Lupus
2343 2499 2567 2567 frustra.
2613 2498 2856 2563 inhians.
2881 2496 2968 2553 vel
3002 2499 3186 2570 Lupus
3214 2499 3424 2554 circum
3467 2507 3695 2570 puteum

285 2585 450 2660 ρεύει.
485 2584 608 2640 Ἐπὶ
637 2587 746 2638 τῶν
785 2582 958 2658 μάτην
991 2583 1325 2642 πονούντων.

2043 2585 2226 2641 saltat.
2261 2591 2339 2640 De
2370 2585 2443 2641 iis
2473 2586 2573 2658 qui
2604 2587 2820 2643 frustra
2851 2587 2911 2641 in
2943 2603 3004 2642 re
3053 2587 3332 2658 quapiam
3361 2587 3650 2645 laborant.

354 2674 538 2730 Λύκου
563 2671 759 2748 πτερὼ
791 2678 994 2742 ζητεῖς.
1027 2673 1150 2727 Ἐπὶ
1179 2677 1285 2728 τῶν
1319 2669 1616 2730 ἀδυνάτων.

2114 2675 2254 2744 Lupi
2279 2675 2399 2730 alas
2425 2677 2642 2746 quaeris.
2674 2676 2755 2731 De
2792 2675 3280 2748 impossibilibus.

352 2762 512 2818 Λίνον
564 2761 705 2835 λίνῳ
749 2761 1005 2824 κλώθεις.
1046 2763 1169 2816 Ἐπὶ
1216 2767 1323 2818 τῶν
1372 2763 1440 2817 τὰ
1484 2761 1620 2818 αύτά
1662 2761 1929 2838 πραττόν-

2110 2765 2314 2820 Linum
2340 2765 2459 2820 lino
2485 2765 2868 2822 ronneclis.De
2896 2764 2969 2820 iis
2996 2766 3098 2836 qui
3128 2766 3332 2822 eadem
3361 2781 3465 2836 per
3483 2767 3687 2824 eadem

275 2873 385 2908 των
417 2852 453 2921 ἣ
486 2849 784 2928 λεγόντων,
807 2851 844 2920 ἢ
876 2855 982 2906 τῶν
1014 2848 1360 2922 κατάλληλα.

975 2873 982 2902 ν
1014 2848 1360 2922 κατάλληλα.
2040 2857 2224 2926 agunt
2252 2870 2356 2910 seu
2386 2853 2607 2911 dicunt.

350 2940 528 3004 Λύκος
558 2940 713 2996 ἀετὸν
743 2939 949 3019 φεύγει.
986 2939 1108 2996 Ἐπὶ
1139 2938 1412 3018 ἀφύκτων.

2110 2943 2298 3012 Lupus
2324 2944 2574 3016 aquilam
2599 2945 2764 3015 fugit.
2814 2941 2896 2999 De
2926 2942 2998 2999 iis
3029 2959 3157 3015 quas
3188 2943 3365 3017 effugi
3404 2961 3519 3001 non
3548 2961 3685 3018 pos-

2041 3035 2198 3087 sunt.

349 3117 548 3175 Λύόιον
605 3116 774 3196 ἅρμα.
837 3117 957 3173 Ἐπὶ
1010 3121 1118 3174 τῶν
1193 3117 1570 3195 τραχυτάτων.
1631 3119 1754 3191 Καὶ,
1812 3125 1927 3197 Παρ

2109 3120 2314 3194 Lydius
2340 3137 2554 3177 currus.
2601 3122 2682 3178 De
2729 3121 2983 3178 maxime
3027 3121 3298 3179 rudibus.
3341 3123 3431 3192 Et,
3472 3123 3687 3182 Praeter

277 3205 477 3265 Λύδιον
511 3207 671 3274 θὲεις.

1965 3265 2004 3282 Α
2044 3209 2256 3282 Lydum
2273 3213 2471 3266 curris.

350 3265 539 3370 Λευκῷ
567 3265 708 3370 λίδῳ
739 3294 908 3366 λευκή
939 3297 1170 3370 στάθμη.
1961 3265 1982 3332 ί

1961 3265 2004 3333 C
2086 3265 2244 3356 “Albo
2277 3300 2715 3372 lapidiamussis
2743 3301 2872 3356 alba
2901 3302 2999 3373 (2).

348 3476 458 3532 Μία
489 3475 683 3552 λόχμη
718 3473 814 3530 δύο
845 3475 1126 3552 ἓριθακοὺς
1159 3475 1220 3530 ού
1251 3476 1455 3554 τρέφει.

2112 3479 2292 3534 Unum
2316 3479 2634 3549 fruticetum
2656 3477 2791 3535 duos
2821 3478 3090 3535 erithacos
3117 3495 3229 3536 non
3258 3480 3363 3535 alit
3387 3479 3488 3552 (3).

346 3562 568 3636 Μηδικὴ
599 3564 861 3640 τράπεζα.

2106 3565 2312 3622 Medica
2338 3583 2528 3623 mensa
2557 3566 2656 3639 (4).

348 3653 583 3717 Μέλιτος
616 3653 878 3727 μύστλον.
909 3654 1028 3710 Ἐπὶ
1057 3659 1155 3709 τοῦ
1185 3655 1312 3731 ἄγαν
1340 3651 1523 3724 ἡδέος.

2107 3655 2280 3710 Mellis
2309 3655 2570 3712 medulla.
2600 3656 2681 3712 De
2712 3657 2887 3712 rebus
2912 3655 3080 3714 valde
3110 3657 3408 3714 dulcibus.

347 3740 502 3814 Μηδὲ
562 3742 712 3818 μέλι,
777 3739 920 3816 μηδὲ
978 3740 1255 3816 μελίσσας.
1301 3743 1422 3798 Ἐπὶ
1469 3748 1578 3800 τῶν
1630 3765 1925 3822 παραιτου-

2106 3743 2212 3799 Nec
2239 3744 2370 3812 mel,
2399 3760 2503 3800 nec
2531 3760 2678 3816 apes.
2710 3743 2790 3799 De
2819 3745 2892 3801 iis
2925 3745 3025 3817 qui
3053 3744 3262 3804 nolunt
3289 3746 3512 3803 bonum
3543 3744 3686 3819 quid

276 3831 450 3906 μένων
507 3832 706 3910 ἀγαθόν
761 3853 814 3887 τι
867 3832 1054 3888 παθεῖν
1112 3830 1203 3887 διὰ
1263 3832 1354 3888 τὸν
1418 3829 1663 3890 κίνδυνον
1724 3833 1817 3890 τὸν
1877 3832 1908 3889 ἐι

1459 3829 1663 3890 ίνδυνον
1724 3833 1817 3890 τὸν
1877 3832 1929 3889 ἐν
2035 3831 2283 3903 experiri
2314 3832 2386 3889 ob
2418 3831 2746 3905 periculum
2781 3832 3091 3889 inhaerens.

271 3921 441 3995 αὐτῷ.

345 4013 434 4080 Μὴ
467 4011 604 4087 πρὸς
638 4005 835 4067 λέοντα
864 4008 1061 4084 δορκάς
1093 4011 1318 4085 ἅψωμαι
1351 4013 1524 4089 μάχῃ.

2117 4011 2235 4070 Non
2273 4027 2397 4067 eum
2427 4011 2578 4067 leone
2604 4027 2779 4083 capra
2803 4011 3071 4068 decertem
3094 4011 3191 4084 (5).

345 4105 541 4156 Μοσῶν
627 4098 772 4158 λεία.
829 4101 893 4154 Οἱ
957 4100 1058 4176 γὰρ
1141 4100 1412 4178 περίοικοι
1496 4101 1626 4165 τοὺς
1710 4101 1926 4166 Μυσοὺς

2109 4106 2381 4176 Mysorum
2405 4099 2835 4173 prada.Populi
2865 4100 3022 4156 enim
3045 4099 3221 4156 vicini
3249 4104 3442 4173 Mysos
3474 4101 3695 4173 deprae-

273 4187 522 4260 ἐλήῖζον.

2037 4195 2349 4252 dabantur.

346 4279 435 4348 Μὴ
511 4277 646 4333 κίνει
709 4280 1039 4354 Καμάριναν.
1099 4278 1279 4352 Λίμνη
1363 4279 1430 4349 ἢν
1511 4279 1846 4356 ἀπηγόρευεν
1898 4282 1927 4336 ὁ

2108 4286 2188 4341 Ne
2240 4294 2456 4336 moveas
2505 4277 2877 4334 Camerinum.
2931 4277 3107 4334 Palus
3155 4283 3298 4348 erat,
3350 4294 3527 4350 quem
3573 4277 3688 4334 alio

271 4365 534 4444 χρησμός
596 4372 1002 4443 μετοχετεῦσαι·
1053 4368 1104 4422 οἱ
1150 4365 1207 4423 δὲ
1256 4368 1593 4445 χρησάμενοι
1653 4370 1897 4446 παρακού

2062 4371 2344 4428 leﬂectere
2372 4366 2674 4424 oraculum
2698 4370 2991 4434 vetuerat;
3025 4366 3127 4439 qui
3159 4372 3354 4423 autem
3385 4366 3694 4423 consulue-

272 4477 464 4520 σαντες
497 4451 706 4527 ἐϐλάϐη
714 4477 807 4512 σαν
818 4499 830 4512 .

2059 4465 2172 4518 ant
2228 4473 2510 4530 responso
2557 4472 2673 4512 non
2732 4457 3224 4528 obtemperantes,
3257 4457 3542 4512 damnum
3574 4455 3691 4512 sibi

2038 4549 2480 4608 contraxerunt.

349 4635 688 4708 Μωμήσεται
751 4633 966 4709 μᾶλλον
1012 4635 1049 4704 ἢ
1085 4637 1401 4709 μιμήσεται.
1433 4636 1554 4693 Ἐπὶ
1610 4641 1719 4692 τῶν
1778 4637 1981 4706 ἀπαι-]

1921 4670 1935 4681 -
1963 4640 2011 4706 D
2115 4637 2352 4695 Facilius
2379 4643 2561 4707 carpet
2590 4650 2758 4706 quam
2783 4634 3121 4692 imitabitur.
3155 4635 3236 4691 De
3273 4634 3553 4690 indoctis.

275 4722 509 4781 δεύτων.

348 4814 441 4884 Μὴ
471 4811 627 4869 παιδὶ
662 4811 957 4890 μάχαιραν.

2110 4817 2187 4873 Ne
2214 4829 2381 4883 puero
2411 4812 2675 4885 gladium.

350 4904 442 4972 Μὴ
473 4907 593 4966 τοῖς
623 4901 870 4979 ἀπείροις
901 4902 1220 4981 ἐγχειρίζειν
1248 4903 1564 4981 πράγματα.

2117 4904 2392 4976 Imperitis
2421 4918 2528 4958 non
2558 4906 2689 4958 sunt
2715 4902 2985 4959 credenda
3012 4903 3249 4974 negotia.

351 4992 464 5048 Μία
492 4988 735 5068 χελιδὼν
759 4988 852 5070 ἔαρ
885 4991 949 5047 ού
978 4997 1148 5061 ποιεῖ,
1182 4991 1308 5049 οὐδὲ
1345 4992 1576 5068 μέλισσα
1609 4995 1758 5070 μέλι.

2122 4995 2239 5051 Una
2267 4990 2503 5048 hirundo
2531 5008 2644 5048 non
2671 4991 2810 5066 facit
2838 5008 2931 5048 ver
2957 5008 3056 5047 nec
3085 4993 3205 5063 apis
3228 5007 3345 5048 una
3373 4992 3502 5048 mel.

353 5173 545 5245 Νεκρῷ
574 5173 742 5243 μῦθον
773 5167 851 5231 εἷς
883 5166 975 5231 οὖς
1004 5167 1205 5248 ἔλεγεν.
1241 5171 1364 5227 Ἐπὶ
1392 5175 1490 5228 τοῦ
1523 5172 1598 5245 μὴ
1632 5169 1937 5235 ἐπαίοντος·

2122 5173 2330 5228 Mortuo
2357 5171 2611 5242 fabulam
2642 5172 2704 5225 in
2731 5187 2933 5226 aurum
2978 5171 3266 5228 narrabat.
3313 5175 3392 5226 De
3422 5169 3569 5226 nihil
3600 5185 3703 5226 au-

278 5259 373 5314 καὶ
403 5257 493 5314 ἐπὶ
519 5262 630 5314 τῶν
661 5257 1025 5330 ἀναισθήτων.

2057 5262 2275 5334 diente,
2306 5265 2364 5318 et
2395 5262 2468 5317 de
2497 5260 2772 5334 stupidis.

356 5422 436 5494 (1)
481 5421 562 5477 De
604 5421 681 5477 iis
730 5422 832 5494 qui
881 5437 1160 5496 prospere
1219 5421 1516 5494 navigant,
1567 5426 1668 5479 aut
1701 5422 1950 5480 feliciter
2056 5423 2266 5480 thacus
2297 5425 2493 5496 autem
2526 5421 2751 5496 avicula
2779 5426 2882 5496 est
2898 5422 3179 5496 solitaria.

283 5491 492 5568 agunt.
746 5491 795 5568 ί
1022 5491 1042 5496 ”
1358 5491 1383 5494 “
1506 5565 1519 5568 _
1767 5566 1779 5568 _
1862 5563 1875 5568 Δ
2129 5495 2204 5568 (4)
2235 5499 2314 5550 De
2360 5493 2678 5550 luxuriosis
2729 5510 2743 5550 :
2795 5493 3044 5552 delicata
3093 5495 3251 5551 enim
3301 5509 3510 5550 mensa
3557 5491 3712 5550 Medi

355 5565 434 5649 (2)
461 5564 525 5649 In
565 5580 664 5649 eos
697 5564 800 5647 qui
855 5563 1106 5649 obscura
1141 5565 1721 5649 pergque‘obscura
1749 5563 1947 5622 decla-
2060 5563 2397 5649 utebantur.
2539 5637 2550 5648 .
2706 5639 2714 5649 ‘
2792 5637 2802 5648 .
2846 5638 2876 5649 η
3004 5636 3016 5649 ¹

287 5635 444 5712 rant.
470 5639 595 5712 _Aut
625 5635 696 5692 de
718 5635 796 5712 iis
827 5635 927 5708 qui
959 5636 1105 5692 nihil
1137 5635 1494 5712 intelligunt.
1526 5709 1559 5712 ῃ
1819 5709 1857 5712 _
1901 5709 1913 5712 _
2131 5638 2208 5712 (5)
2241 5642 2316 5695 De
2348 5638 2421 5695 iis
2453 5637 2552 5711 qui
2585 5639 2724 5695 sunt
2753 5637 2976 5694 viribus
3002 5636 3279 5712 impares.

358 5709 438 5787 (3)
469 5707 534 5766 In
562 5723 663 5766 eos
692 5708 795 5781 qui
821 5723 890 5764 ex
919 5724 980 5767 re
1011 5725 1190 5784 parva
1218 5707 1448 5767 lucrum
1480 5709 1774 5767 affectant.
1819 5709 1945 5768 Eri-
