4132 6420
429 402 548 462 463

501 532 736 591 Nebulas
761 534 946 591 caedis.
975 534 1057 592 De
1085 534 1575 607 impossibilibus.

501 622 667 680 Navis
694 624 968 697 supplicat
995 626 1182 697 petris.
1219 624 1300 682 De
1325 623 1493 682 valde
1521 625 1775 699 stupidis
1805 625 1904 698 (l).

499 892 777 949 Novacula
802 894 868 948 in
892 899 1066 949 cotem
1094 893 1195 965 (2).

502 982 739 1054 Lignum
764 996 997 1038 curvum
1021 997 1310 1053 nunquam
1337 985 1570 1039 rectum.
1601 981 1683 1039 De
1712 981 2079 1054 incorrigibi-

431 1068 611 1128 libus.

501 1294 619 1352 Non
657 1296 805 1352 citra
851 1310 1012 1350 aram
1063 1294 1295 1351 consilio
1350 1294 1519 1350 locus.
1579 1294 1744 1360 Quod
1803 1297 1938 1349 ante
1995 1310 2087 1349 res

431 1382 888 1441 consultandum
910 1383 1132 1454 sit,non
1159 1383 1218 1439 in
1253 1381 1401 1456 ipsis
1423 1383 1619 1439 rebus.
1644 1382 1806 1439 Sicut
1836 1381 1937 1454 qui
1958 1381 2089 1438 bos-

431 1474 547 1530 tias
577 1472 696 1529 aris
726 1472 1057 1542 admovent,
1108 1488 1222 1527 non
1275 1471 1428 1528 facto
1469 1472 1597 1543 jam
1650 1487 1816 1526 sacro
1850 1469 2085 1526 consul-

430 1566 581 1620 tant.

501 1653 619 1709 Non
649 1653 851 1708 iterum
886 1652 1094 1724 vulpes.
1130 1654 1323 1723 Deest,
1353 1652 1624 1723 capietur.
1656 1649 1764 1705 llla
1801 1649 1958 1705 enim
1985 1649 2087 1705 ubi

432 1739 616 1799 semel
642 1740 880 1814 laqueos
903 1740 1128 1814 effugit,
1161 1755 1278 1796 non
1309 1738 1526 1796 iterum
1557 1738 1806 1811 capitur.

501 1920 704 1978 Asinus
725 1902 899 1993 qestat
930 1920 1219 1992 mysteria.
1248 1918 1327 1975 De
1356 1918 1431 1975 iis
1458 1917 1675 1990 quibus
1718 1917 1960 1989 indigne
1992 1932 2085 1973 res
2114 1931 2163 1997 Β

429 2008 632 2083 aliqua
659 2010 939 2067 creditur.

498 2102 662 2157 Asini
687 2100 941 2156 maxilae.
972 2103 1038 2155 In
1066 2114 1325 2155 voraces.

504 2190 607 2247 Ubi
634 2191 784 2246 cervi
822 2204 1030 2245 cornua
1073 2188 1347 2260 objiciunt
1392 2189 1510 2243 loca
1554 2189 1849 2243 inaccessa.
1896 2186 1977 2242 De
2010 2185 2083 2242 iis

428 2279 533 2352 qui
562 2278 972 2353 occupationes
997 2278 1212 2335 arduas
1238 2277 1510 2334 reddunt.

498 2459 660 2515 Domi
684 2459 919 2528 Milesia,
962 2472 1074 2515 non
1122 2462 1307 2514 autem
1353 2457 1464 2512 hic.
1499 2461 1574 2512 De
1595 2456 1669 2512 iis
1698 2456 1801 2528 qui
1831 2455 1932 2511 ubi
1965 2471 2082 2510 non

428 2552 659 2621 oportet
690 2563 887 2605 mores
916 2552 973 2605 et
1000 2547 1276 2604 instituta
1306 2562 1517 2620 parum
1538 2544 1858 2602 laudabilia
1890 2547 2082 2600 osten-

427 2642 575 2695 tant.
610 2637 875 2695 Milesius
903 2638 1060 2694 enim
1108 2637 1353 2709 quidam
1401 2635 1557 2708 apud
1608 2634 2080 2690 Lacedaemonios

425 2727 751 2784 orationem
781 2727 1005 2783 habens
1051 2730 1109 2782 et
1154 2724 1513 2782 domesticas
1544 2723 1782 2779 delicias
1831 2737 2084 2779 comme-

427 2832 688 2885 morans,
720 2815 831 2873 hoc
860 2815 1100 2873 audivit.

502 2906 720 2973 Vinum,
750 2922 781 2962 ο
807 2905 938 2976 ﬁlii,
965 2922 1165 2961 verax.

494 2998 701 3055 Asinus
728 2998 791 3053 in
819 2995 1027 3068 paleas.

494 3086 680 3158 Neque
705 3086 1064 3158 compluitur,
1095 3099 1274 3155 neque
1300 3083 1415 3140 sole
1445 3081 1720 3137 aduritur.
1770 3080 1833 3134 In
1887 3079 2076 3151 stupi-

423 3175 552 3231 dos.
1576 3195 1580 3201 -

489 3265 615 3320 Non
644 3264 913 3335 lauderis,
941 3279 1014 3319 ne
1040 3265 1101 3319 in
1129 3261 1505 3335 parentalibus
1552 3259 1790 3331 quidem.
1842 3263 1919 3313 De
1962 3257 2075 3312 bo-

421 3353 687 3410 minibus
717 3352 1004 3427 improbis
1033 3357 1091 3409 et
1119 3350 1341 3408 nullius
1374 3348 1564 3423 pretii.
1610 3347 1886 3405 Solebant
1914 3347 2072 3403 enim

419 3443 481 3499 in
514 3441 917 3516 parentalibus
946 3442 1251 3498 defunctos
1283 3440 1544 3506 laudare,
1577 3436 1712 3493 licet
1759 3436 2075 3509 improbis-

424 3532 564 3589 simi
596 3532 867 3589 fuissent.

1483 403 1802 465 GEORGII
1848 402 2110 465 CYPRII
2156 404 2277 465 GP.
2324 400 2859 466 PATRIARGHE

3739 404 3860 471 464

2090 575 2095 581 .
2111 554 2168 622 Α
2268 532 2512 612 Νεφὲλας
2544 534 2765 606 ξαίνεις.
2798 535 2920 592 Ἐπὶ
2949 540 3060 592 τῶν
3089 534 3388 594 ἀδυνάτων.

2266 628 2408 685 Ναΰς
2494 623 2720 679 ἱκετεύει
2806 625 3025 699 πέτραν.
3089 626 3211 682 Ἐπὶ
3267 632 3376 683 τῶν
3436 624 3644 708 σφόδρα
3701 628 3851 683 ἀναι-

2197 711 2432 781 σθήτων.

2268 891 2449 966 Ξυρὸς
2480 890 2556 953 εἷς
2587 890 2788 963 ἀκόνην
2800 936 2812 950 .

2266 978 2451 1034 Ξύλον
2564 979 2797 1057 ἀγκύλον

2197 1064 2542 1143 ἀδιορθώτων
2553 1111 2565 1124 .

2910 980 3157 1040 οὐδέποτ’
3234 982 3418 1061 ὀρθόν.
3512 985 3635 1041 Ἐπὶ
3740 991 3849 1043 τῶν

2268 1288 2342 1344 Οὐ
2399 1292 2545 1368 παρὰ
2605 1293 2793 1368 βωμὸν
2851 1291 2933 1349 δεῖ
2984 1294 3082 1358 τὰς
3120 1294 3381 1358 ἐπινοίας.
3412 1298 3530 1353 Ὀτι
3583 1298 3692 1373 πρὸ
3744 1301 3855 1353 τῶν

2197 1382 2531 1455 πραγμάτων
2605 1379 2688 1437 δεῖ
2755 1382 3128 1459 βουλεύεσθαι,
3187 1385 3276 1440 καὶ
3356 1387 3433 1459 μὴ
3509 1385 3561 1441 ἐν
3642 1386 3851 1457 αὐτοῖς,

2196 1469 2399 1544 Ὥσπερ
2456 1471 2546 1524 καὶ
2605 1472 2657 1525 οἱ
2712 1472 2780 1526 τὰ
2807 1472 2927 1548 ἱερά
2954 1474 3339 1551 προσάγοντες,
3378 1474 3442 1530 οὐ
3500 1476 3635 1550 μετά
3662 1477 3725 1531 τὸ
3754 1478 3849 1530 θῦ-

2196 1577 2281 1611 σαι
2319 1556 2671 1633 βουλεύονται
2701 1561 2827 1637 περὶ
2855 1561 3054 1617 αὐτῶν.

2267 1645 2378 1702 Οὐκ
2461 1648 2521 1703 ἂν
2609 1646 2761 1715 αὖθις
2849 1648 3100 1723 ἀλώπηξ.
3160 1653 3343 1709 Λείπει
3418 1653 3522 1726 τὸ,⁰
3557 1654 3849 1713 ἁλώσεται.

2195 1735 2345 1807 Αὕτη
2403 1738 2505 1815 γὰρ
2561 1739 2699 1811 ἅπαξ
2760 1737 3091 1819 διαφυγοῦσα
3139 1744 3239 1806 τὰς
3275 1742 3475 1819 πάγας,
3508 1743 3572 1799 οὐ
3603 1741 3851 1820 δεύτερον

2196 1824 2495 1886 ἁλίσκεται.

2264 1918 2423 1979 ’Ὀνος
2481 1918 2597 1994 ἄγει
2656 1921 2948 1995 μυστήρια.
3006 1920 3127 1975 Ἐπὶ
3200 1925 3308 1977 τῶν
3362 1920 3587 1994 ἀναξίως
3642 1944 3697 1978 τι
3754 1922 3850 1998 ἐμ-

2192 2024 2449 2062 πεπιστευ
2458 2007 2552 2080 μὲν
2559 2029 2633 2062 ων
2642 2054 2653 2065 .

2263 2097 2425 2149 ’Όνου
2453 2097 2657 2173 γνάθοι.
2692 2097 2789 2160 Εἷς
2817 2097 3155 2177 πολυφάγον.

2264 2188 2436 2241 Ὅπου
2520 2183 2711 2267 ἔλαφοι
2790 2190 2858 2244 τὰ
2935 2191 3134 2265 κέρατα
3213 2185 3616 2266 ἀποϐάλλουσι,
3684 2192 3845 2248 τόποι

2194 2269 2471 2332 δύσϐατοι.
2523 2277 2646 2331 Ἐπὶ
2702 2282 2807 2333 τῶν
2868 2276 3125 2354 ἐργώδεις
3185 2280 3357 2355 εὑρεῖν
3415 2281 3511 2343 τὰς
3567 2276 3849 2358 διατριϐὰς

2191 2366 2560 2438 ποιουμένων.
2595 2367 2656 2420 Οἱ
2720 2368 2814 2440 μὲν
2869 2368 2974 2444 γὰρ
3024 2367 3123 2424 οὐκ
3167 2366 3247 2423 ἔτ’
3300 2368 3456 2442 εἰσὶν,
3489 2371 3543 2425 οἱ
3593 2368 3641 2425 δ’
3692 2366 3847 2435 ὄντες

2191 2454 2371 2511 κακοί.

2263 2540 2415 2598 Οἷ’γοι
2472 2547 2539 2600 τὰ
2605 2544 2872 2619 Μιλήσια,
2934 2547 3011 2619 μή
3090 2548 3193 2624 γὰρ
3271 2545 3475 2612 ἐνθάδε.
3536 2549 3659 2605 Ἐπὶ
3737 2554 3843 2604 τῶν

2192 2632 2330 2688 ὅπου
2390 2635 2466 2706 μὴ
2526 2636 2790 2710 προσήκει
2849 2633 3300 2710 ἐπιδεικνυμένων
3353 2637 3423 2692 τὰ
3476 2636 3613 2708 ἤθη,
3646 2638 3683 2707 ἢ
3729 2638 3845 2694 ἐπι-

2188 2719 2505 2796 τηδεύματα
2559 2719 2989 2799 διαϐεϐλημένα.
3048 2723 3322 2796 Μιλήσιος
3378 2728 3483 2803 γὰρ
3539 2729 3688 2803 παρά
3736 2736 3843 2783 Λα-

2189 2809 2556 2885 κεδαιμονίοις
2588 2810 2952 2892 δημηγορῶν,
2982 2815 3072 2870 καὶ
3099 2816 3198 2884 τήν
3248 2815 3389 2871 οἴκοι
3436 2817 3645 2895 τρυφὴν
3692 2815 3844 2873 ἐπαι-

2188 2905 2313 2974 νῶν,
2344 2899 2547 2971 ἤκουσε
2571 2906 2756 2960 ταῦτα.

2260 2990 2439 3061 Οἴνος,
2472 2990 2518 3045 ὦ
2546 2990 2756 3065 παῖδες,
2790 2992 3040 3065 ἀλήθεια.

2259 3082 2420 3144 Ὀνος
2453 3082 2531 3144 είς
2561 3082 2760 3159 ἄχυρα.

2258 3167 2382 3223 Οῧθ’
2440 3170 2606 3242 ὕεται,
2668 3170 2784 3226 οὔθ’
2856 3170 3133 3242 ἠλιοῦται.
3191 3171 3310 3228 Ἐπὶ
3390 3176 3499 3228 τῶν
3587 3173 3841 3247 ἀναισθή-

2184 3280 2317 3316 των.

2256 3349 2366 3405 Οὐκ
2450 3350 2786 3423 ἐπαινεθείης
2856 3350 2982 3408 οὐδὲ
3047 3352 3194 3429 παρὰ
3272 3349 3481 3408 δεῖπνα.
3540 3354 3664 3411 Ἐπὶ
3728 3358 3836 3409 τῶν

2185 3441 2539 3517 φαυλοτάτων
2569 3441 2660 3495 καὶ
2708 3438 2923 3505 οὐδενὸς
2972 3441 3159 3513 ἀξίων.
3192 3441 3430 3506 Εἷώθασι
3476 3442 3581 3520 γὰρ
3624 3442 3675 3497 ἐν
3718 3449 3839 3508 τοῖς

2185 3529 2290 3583 ἀπὸ
2361 3534 2469 3585 τῶν
2537 3530 2917 3587 ἀποθανόντων
2991 3528 3228 3594 δείπνοις
3303 3530 3497 3595 αὐτοὺς
3572 3531 3836 3603 ἐπαινεῖν,

495 3622 640 3679 Testi
665 3620 823 3679 domo
848 3624 1070 3695 petitus.
1118 3625 1196 3676 De
1225 3619 1298 3676 iis
1328 3618 1433 3692 qui
1463 3622 1664 3674 contra
1694 3616 1919 3689 seipsos
1950 3619 2073 3672 tes-

2228 3617 2277 3673 ἓν
2311 3616 2507 3694 ἔτυχον
2541 3615 2687 3683 ὄντες
2719 3620 3072 3699 φαυλότατοι.

421 3716 511 3769 tes
540 3712 894 3786 producunt.

488 3803 686 3859 Asinus
715 3803 862 3859 inter
891 3817 1040 3875 apes.
1075 3805 1154 3856 De
1184 3800 1257 3855 iis
1289 3799 1389 3872 qui
1419 3798 1477 3853 in
1530 3795 1687 3853 mala
1716 3794 2068 3852 inciderunt.

482 3982 685 4038 Asinus
714 3982 906 4054 lyram
933 3979 1185 4037 audiens.
1216 3978 1298 4035 De
1325 3976 1765 4049 insipientibus.

483 4073 653 4129 Asino
682 4073 803 4144 quis
830 4070 1083 4143 fabulam
1108 4070 1399 4137 narrabat,
1421 4067 1520 4123 ille
1546 4074 1737 4124 autem
1766 4080 1930 4121 aures
1956 4080 2068 4121 mo-

410 4160 588 4218 vebat.

475 4429 560 4485 Ex
585 4429 779 4486 multis
796 4428 977 4502 paleis
1001 4444 1202 4501 parum
1232 4430 1446 4499 fructus
1474 4426 1761 4498 reportavi
1789 4424 1888 4497 (3).

474 4519 672 4575 Coram
698 4518 865 4575 surdo
894 4517 1138 4573 disseris.

468 4609 551 4665 Ad
579 4610 897 4681 sepulcrum
922 4621 1172 4664 noveram
1197 4608 1397 4679 plorat.
1429 4606 1510 4661 De
1541 4604 1658 4659 illis
1697 4604 1795 4676 qui
1828 4604 2050 4677 aliquid

400 4701 535 4757 ﬁcte
565 4703 769 4773 agunt.

473 4786 677 4845 Multis
713 4790 911 4846 ictibus
954 4788 1214 4844 domatur
1263 4802 1511 4859 quercus.
1566 4790 1642 4841 De
1699 4786 1874 4842 rebus
1927 4802 2057 4857 qua;

399 4876 716 4934 difﬁculter
744 4878 1077 4949 capiuntur.

470 4966 773 5037 Antequam
797 4968 978 5038 pisces
1008 4966 1236 5037 ceperis,
1286 4966 1532 5019 muriam
1581 4966 1799 5019 misces.
1852 4963 1932 5019 De
1977 4963 2050 5019 iis

395 5056 495 5128 qui
526 5060 793 5129 tempora
823 5060 1215 5112 anlevertunt.

463 5144 631 5201 Canis
658 5146 898 5201 masculi
925 5148 1101 5200 multa
1129 5144 1356 5201 cubilia.
1391 5143 1470 5198 De
1500 5144 1573 5198 iis
1604 5142 1703 5214 qui
1737 5143 1796 5197 in
1830 5157 1922 5197 res
1951 5158 2048 5197 ve-

392 5249 599 5291 nereas
631 5234 959 5306 praecipites
988 5238 1262 5306 aguntur.

460 5322 613 5395 Swpe
641 5324 810 5378 etiam
837 5332 916 5379 est
944 5324 1146 5381 stultus
1172 5321 1328 5378 valde
1354 5330 1660 5394 opportuna
1688 5322 1917 5377 locutus.

2253 3705 2472 3763 Oi'xoﬁsv
2506 3710 2535 3763 ὁ
2576 3709 2806 3787 μάρτυρ.
2867 3710 2988 3765 Ἐπὶ
3045 3714 3153 3767 τῶν
3205 3712 3323 3766 καθ’
3382 3711 3585 3767 ἑαυτῶν
3643 3710 3837 3790 φερόν-

2177 3817 2285 3851 των
2318 3796 2613 3875 μάρτυρας.

2249 3887 2406 3949 Ὀνος
2460 3887 2514 3943 ἐν
2588 3886 2895 3962 μελίσσαις.
2943 3889 3064 3945 Ἐπὶ
3137 3893 3245 3945 τῶν
3302 3888 3355 3946 ἐν
3411 3895 3603 3954 κακοῖς
3673 3910 3831 3966 περι-

2175 3975 2468 4034 πεσόντων.

2248 4066 2404 4128 Ὀνος
2437 4065 2606 4143 λύρας
2638 4067 2871 4124 ἀκούων.
2907 4068 3029 4123 Ἐπὶ
3057 4072 3166 4124 τῶν
3194 4068 3477 4139 ἀξυνέτων.

2246 4156 2391 4229 Ὀνῳ
2417 4176 2502 4219 τις
2534 4151 2686 4234 ἔλεγε
2719 4161 2907 4232 μῦθον,
2937 4158 2966 4211 ὁ
2997 4154 3055 4212 δὲ
3083 4156 3153 4213 τὰ
3180 4155 3296 4212 ὦτα
3324 4155 3577 4214 ἐπέσειεν.

2242 4421 2474 4479 Πολλῶν
2508 4424 2729 4501 ἀχύρων
2763 4423 2950 4502 ὀλίγον
2982 4424 3189 4501 καρπὸν
3223 4392 3521 4501 ἀνήγαγον.

2242 4514 2394 4586 Παρά
2420 4518 2591 4592 κωφῷ
2625 4511 2871 4590 διαλέγῃ.

2239 4603 2382 4676 Πρὸς
2447 4610 2598 4676 σῆμα
2665 4609 2934 4679 μητρυιᾶς
3004 4602 3201 4661 κλαίει.
3272 4601 3392 4657 Ἐπὶ
3462 4606 3571 4657 τῶν
3646 4623 3822 4679 προσ-

2163 4693 2532 4765 ποιουμένων.

2241 4779 2512 4836 Πολλαῖσι
2586 4779 2826 4859 πληγαῖς
2900 4780 3027 4859 δρῦς
3113 4780 3428 4857 δαμάζεται.
3511 4782 3631 4837 Ἐπὶ
3707 4786 3817 4839 τῶν

2165 4867 2333 4925 δυσαλ
2341 4871 2516 4927 ώτων.

2232 4960 2364 5036 Πρὶν
2394 4959 2524 5023 τοὺς
2556 4960 2717 5037 ἰχθῦς
2748 4956 2955 5030 λαϐεῖν,
2983 4963 3083 5031 τὴν
3116 4959 3301 5036 ἅλμην
3331 4965 3518 5033 κυκᾷς.
3555 4959 3676 5015 Ἐπὶ
3704 4964 3815 5015 τῶν

2156 5047 2282 5110 τοὺς
2311 5048 2534 5126 καιροὺς
2561 5044 3084 5127 προλαμϐανόντων.

2230 5137 2443 5194 Πολλαὶ
2490 5141 2649 5201 κυνὸς
2708 5136 2927 5216 ἆῤῥενος
2995 5139 3161 5196 εὐναί.
3213 5140 3335 5194 Ἐπὶ
3390 5144 3497 5194 τῶν
3566 5159 3811 5217 κατωφε-

2157 5232 2262 5302 ρῶν
2289 5228 2367 5290 εἷς
2395 5229 2463 5283 τὰ
2490 5236 2590 5299 τῆς
2626 5226 2954 5308 ’Δφροδίτης
2987 5227 3139 5307 ἔργα.

2226 5315 2505 5379 Πολλάκις
2541 5320 2725 5394 μωρὸς
2757 5318 2895 5396 ἀνὴρ
2926 5320 3062 5375 κατᾶ
3091 5319 3303 5394 καίριον
3338 5319 3475 5377 εἶπε.

457 5509 640 5586 (1)-υῑ
668 5514 728 5565 et
773 5509 919 5565 illud
962 5506 1307 5586 εἈνδριάντι
1355 5504 1797 5585 πρεσϐεὺσωμεν,
1849 5493 2042 5567 Statua

2231 5510 2447 5586 ρςιιεαετ

382 5582 779 5654 supplicemus.

452 5652 530 5726 (A2)
559 5656 637 5709 De
667 5653 899 5726 iisquae
940 5652 1241 5725 aliquibus
1272 5655 1645 5710 conveniunt.
1680 5655 1793 5710 Seu
1825 5655 1881 5709 in
1916 5672 2036 5724 eos,

379 5724 481 5798 qui
510 5723 640 5800 quas
674 5723 897 5800 volunt,
929 5723 1352 5801 assequuntur.
1405 5726 1633 5785 Similis
1671 5725 1756 5782 illi
1790 5743 1804 5784 :
1836 5723 2038 5784 Asinus

2246 5580 2300 5653 3)
2329 5580 2411 5637 De
2441 5581 2517 5639 iis
2544 5582 2646 5655 qui
2676 5580 2999 5655 plurimum
3030 5583 3301 5639 laborant
3328 5586 3385 5638 et
3415 5595 3625 5655 parum
3670 5595 3807 5653 pro-

2149 5653 2372 5710 ﬂciunt.
