4132 6466
384 460 505 525 469
1532 464 2016 530 PROVERBIOE

2205 465 2661 530 GOLLECTIO.
3678 463 3797 526 ΠΟ

449 593 578 649 Ὑπὸ
644 592 844 656 παντὸς
909 589 1066 661 λίθου
1122 594 1382 672 σκορπίος
1433 593 1594 653 εὕδει.
1656 597 1777 653 Ἐπὶ
1825 600 2029 668 κακοή-
2061 607 2081 667 λ

2061 601 2117 667 Α
2217 600 2326 655 Sub
2354 601 2512 656 omni
2539 597 2720 671 lapide
2742 599 2993 670 scorpius
3019 596 3243 655 dormit.
3275 595 3358 654 De
3385 595 3690 670 improbis.

389 695 519 748 θων.

451 774 610 850 Ὑπὲρ
659 775 728 830 τὰ
775 772 1086 848 ἐσκαμμένα
1155 772 1355 847 ηδᾷν.
1409 778 1636 850 Ὅμοιον
1703 782 1802 849 τῷ,
1852 779 2036 853 Ὑπερ-

2218 780 2376 836 Ultra
2402 781 2577 851 fossas
2605 779 2832 834 saltare.
2866 776 3068 834 Simile
3117 775 3252 832 huic
3305 793 3318 832 :
3373 776 3534 834 Ultra
3558 774 3795 847 gradum

381 857 614 936 ὅάθμιον
647 859 790 918 πόδα
816 864 1033 926 τείνεις.

2137 868 2334 940 pedem
2359 868 2607 924 extendis
2636 868 2654 940 (
2663 868 2732 936 1).

448 952 609 1028 Ὑπὲρ
637 956 746 1007 τῶν
789 951 935 1008 ὅλων
968 952 1337 1030 ἀναῤῥιπτεῖς.
1371 957 1496 1011 Οἴον
1553 956 1684 1033 ὑπὲρ
1731 961 1838 1011 τῶν
1885 953 2029 1011 ὅλων

2213 959 2390 1025 Super
2416 974 2633 1014 summa
2661 973 2849 1012 rerum
2878 957 3028 1012 oleas
3063 956 3226 1028 jacis.
3278 953 3457 1020 Quasi
3497 952 3678 1024 dicas,
3718 953 3792 1009 de

379 1040 614 1118 ἀγωνίζῃ
642 1042 733 1096 καὶ
758 1038 1102 1103 κινδυνεύεις.

2143 1046 2432 1102 universis
2462 1050 2758 1102 certamen
2790 1043 3054 1100 instituis
3085 1061 3150 1099 ac
3181 1041 3549 1115 periclitaris.

449 1129 744 1207 ’Υπηνέρια
768 1129 958 1187 τίκτει.
996 1129 1181 1201 Ψευδῆ
1215 1132 1305 1187 καὶ
1335 1127 1583 1192 ἀϐέϐαια.

2213 1136 2569 1207 Subjectanea
2595 1137 2764 1207 parit.
2798 1137 2913 1190 Hoc
2943 1139 3033 1190 est
3063 1132 3211 1189 falsa
3248 1136 3306 1188 et
3333 1129 3671 1194 imbecillia.

451 1217 646 1296 ’Ὑδριον
673 1220 910 1292 τέμνεις.
947 1220 1068 1275 Ἐπὶ
1098 1224 1206 1276 τῶν
1239 1221 1566 1298 ἀμηχάνων.

2211 1225 2456 1295 Hydram
2479 1240 2646 1280 secus.
2685 1228 2760 1279 De
2790 1224 2966 1278 rebus
2993 1221 3375 1278 difﬁcillimis.

452 1311 541 1371 Ὗς
574 1307 890 1383 λουσαμένη
926 1308 1002 1371 εἷς
1032 1307 1276 1384 κύλισμα
1309 1306 1602 1386 βορϐόρου.

1423 1306 1602 1383 ϐάρου.
2213 1314 2316 1369 Sus
2364 1314 2426 1370 in
2454 1315 2595 1370 caeni
2619 1314 2901 1368 volutabra
2929 1313 3055 1368 lota.

450 1399 541 1460 Ὗς
592 1398 696 1453 ὑπὸ
747 1397 1007 1474 ῥόπαλον.
1062 1399 1184 1454 Ἐπὶ
1229 1403 1336 1454 τῶν
1405 1399 1627 1462 ἑαυτοὺς
1686 1401 1762 1464 εἰς
1808 1397 2032 1477 ὄλεθρον

2211 1404 2316 1458 Sus
2343 1405 2442 1459 sub
2472 1405 2691 1470 fustem.
2726 1402 2808 1456 De
2850 1400 2925 1457 iis
2968 1401 3066 1472 qui
3101 1400 3326 1472 seipsos
3373 1398 3434 1454 in
3472 1395 3788 1471 perniciem

384 1484 772 1558 ἐμϐαλλόντων
783 1527 795 1542 .

2142 1492 2527 1565 praecipitant.

448 1663 594 1740 Φρὺξ
640 1663 782 1740 ἀνὴρ
841 1664 1080 1740 πληγεὶς
1153 1667 1388 1739 ἀμείνων
1456 1667 1545 1722 καὶ
1605 1667 2026 1746 διακονέστερος.

2211 1669 2410 1742 Phryx
2437 1685 2608 1726 caecus
2636 1669 2833 1725 melior
2872 1674 3038 1740 atque
3083 1668 3163 1723 ad
3210 1665 3559 1722 serviendum
3604 1681 3788 1737 pram-

378 1753 593 1828 Νωθροὶ
625 1752 732 1828 γὰρ
762 1750 1008 1808 δοκοῦσιν
1043 1755 1094 1808 οἱ
1126 1755 1334 1831 Φρύγες
1368 1755 1588 1814 οἲκὲται.

2137 1762 2310 1831 ptiar.
2344 1759 2490 1823 Quia
2521 1758 2671 1830 pigri
2704 1774 2832 1813 esse
2861 1757 3148 1813 videntur.
3180 1755 3439 1828 Phryges
3471 1753 3639 1810 servi.

378 1838 703 1918 Φρυνώνδας
735 1840 926 1905 ἄλλος.
960 1842 1082 1898 Ἐπὶ
1110 1848 1219 1898 τῶν
1250 1849 1529 1922 πονηρῶν.
1564 1848 1787 1923 Λέγεται
1837 1845 1895 1903 δὲ
1939 1869 2007 1903 κα

2212 1849 2365 1905 Alter
2396 1847 2760 1920 Phrynondas
2792 1847 2891 1919 (2).
2925 1851 3002 1902 De
3044 1844 3330 1917 improbis
3375 1843 3590 1898 dicitur
3628 1845 3686 1898 et
3716 1841 3787 1898 de

379 1930 467 1987 ἐπὶ
504 1932 692 2007 μάγων
702 1973 715 1986 .

2058 1971 2107 2036 Β
2140 1938 2349 2011 magis.

446 2106 693 2165 Χαλεπὸν
727 2108 924 2184 χορίου
955 2109 1085 2164 κύνα
1112 2109 1304 2186 γεύειν.

2206 2117 2592 2173 Periculosum
2661 2123 2760 2182 est,
2817 2129 3012 2170 canem
3062 2115 3225 2184 [tctus
3280 2111 3628 2168 involucrum
3694 2125 3793 2182 gu-

2222 2223 2284 2261 γε
2313 2223 2412 2261 (ὅ).

377 2288 625 2364 Χρήματ³
653 2285 809 2363 ἀνήρ’
842 2287 1105 2365 πενιχρὸς
1136 2285 1184 2343 δ’
1216 2287 1465 2345 οὐδέποτ’
1489 2289 1701 2354 ἐσθλός.

2165 2213 2284 2262 tare
2334 2207 2368 2261 3
2400 2249 2412 2261 .

2208 2208 2472 2352 Pecgniiaz
2501 2295 2686 2350 virum
2725 2294 2992 2364 faciunt:
3019 2305 3232 2363 pauper
3280 2293 3464 2345 autem
3507 2305 3796 2361 nunquam

439 2464 619 2537 Χωρὶς
650 2469 760 2520 τῶν
793 2469 1031 2542 Φρυγῶν
1061 2467 1152 2521 καὶ
1183 2467 1384 2524 Μυσῶν
1418 2466 1703 2541 ὁρίσματα.

2140 2383 2487 2546 ὂοὲἷῖῃΐάιη
2508 2473 2708 2544 procul
2733 2480 2868 2527 sunt
2895 2476 2946 2526 et
2986 2469 3258 2541 Mysorum
3286 2468 3514 2524 termini
3539 2465 3636 2539 (5).

438 2555 574 2630 Χροῒ
603 2551 769 2625 δῆλα.
815 2555 955 2610 Φασὶ
1002 2554 1312 2633 Φερεκύδην
1362 2559 1453 2612 τὸν
1503 2558 1668 2636 σοφὸν
1720 2559 2026 2638 φθειριασίᾳ

2203 2566 2288 2619 Ea:
2314 2567 2436 2618 cute
2477 2563 2854 2633 manifestum.
2904 2559 3087 2614 Aiunt
3137 2557 3504 2629 Pherecyden
3553 2555 3791 2628 sapien-

365 2641 714 2713 τελευτῆσαι·
763 2643 932 2700 εἰπεῖν
988 2643 1046 2700 δὲ
1096 2647 1233 2722 πρὸς
1282 2647 1593 2724 Πυθαγόραν
1647 2650 1771 2725 περὶ
1828 2650 1997 2706 τούτο·

2161 2670 2275 2723 em,
2312 2652 2515 2707 morbo
2564 2649 2884 2723 pediculari
2933 2647 3192 2721 periisse,
3225 2646 3560 2717 Pythagorae
3592 2648 3789 2701 autem

364 2732 769 2807 πυνθανόμενον
810 2729 1162 2811 προϐαλόντα
1206 2735 1298 2790 τὸν
1349 2733 1635 2804 δάκτυλον,
1669 2739 1808 2813 Χροῒ
1856 2736 1996 2810 δῆλα

2159 2742 2431 2814 [uomodo
2462 2756 2524 2796 se
2567 2740 2806 2795 haberet
2851 2736 3257 2810 interroganti,
3311 2734 3495 2806 digito
3551 2737 3791 2791 extenso

2133 2830 2372 2895 dixisse,
2402 2831 2610 2885 Excute
2637 2832 2799 2899 patet.

439 2910 672 2988 Χύτραις
734 2908 918 2983 λημᾷν
987 2911 1077 2967 καὶ
1134 2911 1512 2975 κολοκύνταις.
1576 2913 1696 2969 Ἐπὶ
1752 2919 1860 2969 τῶν
1921 2915 2023 2989 ἀμ-

1970 2939 2023 2970 α·-
2205 2919 2343 2976 0llis
2371 2920 2573 2990 lippire
2599 2922 2653 2973 et
2682 2917 2997 2973 cacurbitis.
3031 2920 3110 2970 De
3139 2911 3602 2970 caecutientibus.

367 2996 797 3058 ϐλυωπούντων.

441 3096 635 3165 Χρυσῷ
681 3093 1034 3147 καταπάττων
1080 3095 1230 3165 ἡμᾶς
1273 3091 1334 3148 οὐ
1383 3094 1691 3167 γινώσκεις.
1744 3094 1864 3149 Ἐπὶ
1912 3098 2020 3149 τῶν

2203 3101 2472 3154 Inaurare
2501 3105 2550 3153 te
2579 3112 2676 3153 nos
2705 3113 2820 3152 non
2869 3094 3289 3150 animadvertis.
3322 3091 3385 3148 In
3433 3106 3534 3148 eos
3569 3088 3672 3163 qui
3701 3094 3786 3146 te-

363 3184 474 3234 τῶν
522 3181 641 3255 εἰκῇ
693 3177 1154 3259 λοιδορουμένων.
1187 3182 1460 3260 Ἐπιφέρει
1508 3185 1632 3259 γὰρ.
1676 3187 1780 3238 Νῦν
1831 3181 1889 3238 δὲ
1934 3185 1995 3240 κό

2150 3205 2289 3244 nere
2338 3187 2758 3258 corripiuntur.
2806 3185 2987 3241 Infert
3029 3183 3209 3250 enim,
3257 3180 3402 3238 Mihi
3451 3180 3564 3237 hoc
3609 3196 3782 3238 orna-

366 3289 506 3342 σμος
534 3270 682 3325 τοῦτ’
712 3268 824 3325 ἐστί
858 3290 972 3343 μοι.

858 3290 972 3343 μοι.
2047 3342 2092 3410 C
2130 3280 2328 3334 mento
2357 3279 2464 3332 est.

436 3453 522 3510 Ὡς
568 3446 720 3523 ἥρως
799 3447 851 3504 ἐν
916 3445 1102 3504 ἀσπίδι
1161 3449 1360 3521 ξενίσαι
1438 3448 1733 3524 βούλομαι.
1793 3452 2015 3528 Λέγεται

2204 3457 2266 3513 Ut
2297 3456 2453 3511 heros
2482 3455 2544 3508 in
2571 3451 2728 3508 scuto
2757 3452 2952 3508 haberi
2979 3451 3118 3506 volo.
3169 3449 3250 3506 De
3296 3448 3370 3504 iis
3400 3446 3503 3520 qui
3539 3445 3602 3504 in
3632 3445 3779 3504 ami-

362 3536 588 3593 ἐπὶτῶν
617 3536 748 3600 τοὺς
797 3537 993 3618 φίλους
1037 3544 1156 3601 τοῖς
1201 3541 1403 3595 ἑαυτῶν
1445 3535 1627 3615 ἔργοις
1677 3539 1986 3618 εύεργετούν

1535 3561 1627 3602 νοις
1677 3539 2017 3618 εὖεργετούν-
2125 3561 2225 3601 cos
2258 3543 2452 3600 ofﬁcia
2480 3543 2789 3599 conferunt
2815 3555 2885 3596 ex
2914 3538 3167 3612 proprio.

359 3647 471 3681 των
482 3669 494 3682 .

440 3714 582 3772 Ὠσὶν
614 3716 858 3772 ἑστῶσιν.

2198 3724 2446 3779 Arrectis
2476 3721 2726 3776 auribus.

440 3803 646 3861 Ὤδινεν
696 3800 850 3883 ὅρος,
899 3806 1016 3862 εἶτα
1064 3811 1165 3880 μῦν
1216 3807 1489 3863 ἀπέτεκεν.
1540 3809 1934 3883 Παρατόξευσις
1978 3813 2013 3880 ἡ

2196 3813 2348 3868 Mans
2372 3811 2695 3882 parturivit,
2727 3808 2923 3864 deinde
2949 3822 3167 3865 murem
3196 3809 3394 3863 enixus
3421 3812 3516 3861 est.
3548 3801 3779 3860 Jacula-

361 3891 467 3966 ἔξω
494 3898 592 3949 τοῦ
621 3899 848 3952 σκοποῦ.

2125 3901 2205 3958 tio
2235 3905 2397 3957 extra
2421 3915 2690 3972 scopum.

360 4075 604 4156 clitante
627 4077 1718 4156 defensionem_habiturum,judicibus
1735 4096 1850 4156 non
1873 4079 2020 4156 satis
2135 4152 2152 4156 _
2197 4079 2274 4151 (1)
2309 4078 2533 4156 Dictum
2567 4093 2601 4132 θ.
2629 4075 2964 4156 Crotoniata
2993 4072 3463 4156 quinquertione,
3510 4072 3778 4155 quicum

360 4148 602 4222 attentis
632 4149 873 4222 dixisse,
902 4149 1289 4222 Audite,viri,
1313 4143 1707 4206 narrationem
1735 4150 2014 4222 lepidam.
2127 4143 2298 4207 fossis
2331 4154 2502 4222 antea
2530 4152 2745 4222 essent_
2772 4147 2988 4216 pedum
3012 4143 3496 4217 _quinquaginta,
3530 4143 3779 4217 primus

359 4219 600 4294 Juvenis
653 4221 897 4292 quidam
947 4221 1192 4294 Athenis
1239 4221 1494 4294 Delphos
1545 4239 1734 4294 usque
1782 4218 2014 4278 asinum
2129 4222 2259 4278 illas
2291 4221 2448 4294 saltu
2481 4218 2794 4294 superavit.

363 4287 724 4364 conduxerat
765 4310 779 4359 ;
818 4292 1078 4364 meridie
1124 4296 1318 4349 autem
1346 4287 1487 4364 .jam
1535 4287 1812 4360 instante,
1866 4311 2016 4348 onus
2200 4295 2275 4363 (2)
2306 4287 2723 4362 Aristophanes
2755 4290 2814 4344 in
2835 4288 3189 4364 Amphiarao
3223 4305 3236 4343 :
3270 4289 3489 4358 Impure
3517 4293 3574 4342 tu
3606 4287 3778 4359 Phry-

360 4363 709 4436 dissolvens,
739 4363 848 4419 sub
875 4365 1146 4436 umbram
1180 4363 1578 4436 asiniSubiit;
1613 4364 1886 4436 repulsus
1917 4382 2018 4419 au-
2125 4365 2310 4420 nonda
2342 4373 2420 4433 tu,
2452 4368 2504 4418 et
2533 4379 2744 4436 merum
2768 4363 2960 4436 scelus.

360 4440 480 4508 tem
512 4429 891 4508 abrogasone,
926 4435 1093 4491 illum
1125 4453 1245 4508 non,
1280 4435 1457 4492 etiam
1490 4429 1760 4492 umbram
1795 4438 2015 4492 condu-
2200 4437 2275 4507 (3)
2305 4437 2366 4490 In
2398 4429 2516 4508 eos,
2544 4434 2641 4508 qui
2676 4451 2709 4487 a
2739 4433 2935 4508 parvis
2956 4429 3137 4508 _malis
3188 4430 3258 4485 ad
3309 4431 3536 4508 majora
3577 4445 3779 4502 proce-

359 4501 799 4584 gissetlicente,
848 4501 974 4584 ipse
1016 4524 1152 4563 cum
1200 4507 1380 4564 altero
1413 4508 1477 4584 in
1495 4508 2013 4584 judicium__venit.
2127 4501 2295 4562 dunt.
2330 4505 2526 4584 Χορίου
2563 4501 2762 4584 'fcetus
2818 4502 3184 4584 involucrum
3240 4501 3617 4584 appellatur;-
3661 4518 3778 4584 quo

361 4580 487 4644 Quo
511 4577 671 4652 _dicto
692 4573 1123 4652 Demosthenes
1150 4595 1219 4634 ex
1247 4573 1526 4652 suggestu
1560 4579 1880 4652 descendit.
1904 4580 2014 4652 Ro-
2127 4596 2301 4652 canes
2330 4573 2584 4647 gustato,
2634 4578 2810 4632 etiam
2863 4574 3191 4630 infantibus
3240 4590 3356 4645 prae
3387 4573 3660 4629 aviditate
3684 4573 3776 4630 in-

401 4650 641 4722 antibus
673 4653 867 4705 autem
919 4649 1225 4722 judicibus
1266 4649 1349 4722 ut
1368 4649 1561 4706 'finem
1585 4651 1796 4722 judicii
1839 4651 2013 4706 istius
2048 4720 2075 4722 ξ
2127 4651 2437 4722 sidiantur.

360 4666 641 4776 sentibus
673 4666 867 4705 autem
919 4666 1225 4722 JUGICIDUS
1266 4666 1334 4707 ιη
1386 4666 1561 4706 nnem
1585 4666 1796 4722 Juuicn
1839 4666 2013 4706 istius
2127 4666 2437 4705 sinuantur.

401 4721 597 4804 iecere.
632 4725 898 4804 possent,
944 4738 1264 4804 conscenso
1311 4721 1524 4804 iterum
1573 4727 1874 4804 suggestu,
1896 4722 2010 4804 _pe
2048 4720 2091 4784 D
2124 4793 2164 4804 ﬁ
2194 4723 2272 4804 (‘4)
2299 4722 2379 4804 D_e
2410 4720 2482 4775 iis
2515 4720 2615 4792 qui
2640 4722 2875 4804 propter
2889 4715 3532 4804 cpulantiamsuaviter
3551 4714 3774 4782 vivunt,

359 4792 536 4876 asini,
581 4787 799 4876 inquit,
846 4794 1080 4876 u‘mbra,
1110 4793 1494 4876 viri'o‘p‘timi,
1543 4787 1744 4848 audire
1776 4792 2012 4875 cupitis,
2124 4787 2449 4876 minutam
2483 4787 3034 4876 apophthegmatica
3055 4787 3353 4876 parcentia:

358 4857 604 4942 homine
632 4857 832 4942 autem
863 4865 934 4921 de
951 4857 1082 4942 _vita
1123 4857 1515 4942 periclitante,
1543 4882 1616 4921 ne
1645 4857 1868 4942 vocem'
1891 4857 2016 4942 quié
2134 4934 2161 4942 ἡ
2199 4865 2275 4942 (5)
2308 4864 2388 4920 De
2419 4857 2811 4942 rebus:.inter'
2847 4857 3287 4942 semcontrariis,
3338 4858 3485 4915 Huic
3531 4857 3727 4916 simile
3759 4876 3774 4917 :

356 4937 495 4994 dem
539 4941 806 4995 nostram
853 4937 1058 4993 audire
1108 4932 1435 4994 sustinetis.
1479 4936 1604 5001 Quo
1635 4937 1809 5003 dicto,
1844 4932 2014 4993 tactis
2125 4932 2382 5006 Seiuncta
2409 4938 2537 4990 sunt
2568 4933 2791 4990 Mirrhae
2819 4937 2871 4989 et
2900 4932 3070 4988 Siloes
3095 4932 3344 4987 flumina.

344 5007 677 5080 judicibus,
711 5024 877 5064 reum
910 5007 1181 5066 servavit.
