4132 6462
337 573 3749 624 M

1641 776 1720 821 AN
1731 774 1808 820 ΝΟ
1852 774 2068 821 DOIINI
2111 775 2457 821 HCCLXXXIX

1289 996 2794 1203 ATHANASIUS

968 1366 2007 1505 CPOLITANUS
2091 1371 3132 1506 PATBIABCHA

1791 1793 2303 1891 NOTITIA

1136 2000 1220 2056 Ex
1246 1998 1515 2058 Anselmi
1538 2000 1818 2059 Bandurii
1848 2004 2091 2075 Imperio
2118 2000 2418 2073 Orientali,
2445 2005 2591 2060 tom.
2624 2003 2697 2073 II,
2724 2003 2786 2061 in
2816 2006 2965 2075 not.)

413 2348 690 2406 Abdicato
718 2348 1119 2422 patriarchatu
1151 2350 1427 2423 Gregorio
1459 2350 1669 2424 Cyprio
1716 2351 1873 2407 circa
1898 2366 2166 2408 mensem
2198 2351 2443 2407 Junium
2493 2352 2633 2408 anni
2686 2351 2901 2409 Christi
2933 2352 3091 2424 1289,
3118 2352 3180 2408 in
3209 2353 3338 2425 ejus
3368 2352 3565 2410 locum
3596 2354 3772 2411 suffi-

340 2438 494 2497 citur
521 2438 879 2495 Athanasius
910 2438 1237 2495 monachus
1268 2457 1300 2495 e
1329 2444 1527 2496 monte
1558 2440 1720 2497 Gano
1746 2458 1760 2509 ;
1791 2441 1963 2512 cujus
1995 2440 2426 2513 promotionem
2472 2440 2786 2498 celebravit
2829 2441 3203 2498 Andronicus
3230 2442 3306 2498 ad
3337 2458 3623 2516 magnum
3661 2460 3775 2516 pa-

339 2527 550 2585 latium
582 2528 642 2583 in
674 2526 955 2584 Triclinio
983 2527 1353 2585 Justinianeo
1412 2545 1673 2601 congrua
1719 2528 1821 2584 tali
1864 2529 2149 2585 functioni
2196 2529 2651 2602 magniﬁcentia,
2701 2530 2803 2586 sed
2835 2546 2972 2586 cum
3018 2529 3259 2586 sinistro
3296 2530 3543 2604 augurio
3568 2536 3773 2588 terrae-

339 2622 559 2684 motus,
609 2621 676 2673 ut
718 2617 923 2674 scribit
965 2617 1370 2691 Pachymeres,
1423 2617 1525 2674 lib.
1575 2636 1638 2691 ιι,
1693 2635 1820 2692 cap.
1872 2620 1961 2688 15,
2014 2623 2072 2674 et
2099 2617 2193 2674 die
2237 2623 2447 2691 quarta
2494 2618 2723 2675 decima
2752 2618 2975 2675 mensis
3022 2617 3293 2676 Octobris
3330 2619 3598 2691 ejusdem
3628 2620 3769 2676 anni

337 2707 644 2765 ordinatur
690 2707 1072 2774 Athanasius,
1122 2712 1188 2763 ut
1232 2708 1413 2763 tradit
1459 2707 1615 2763 idem
1665 2707 1916 2782 scriptor
1965 2707 2141 2763 citato
2187 2706 2335 2764 loco.
2386 2707 2493 2762 Hic
2536 2711 2734 2763 autem
2778 2723 2913 2763 cum
2963 2723 3091 2764 sese
3122 2708 3297 2764 rebus
3342 2706 3773 2781 temporalibus

334 2796 744 2854 vehementius
773 2796 1158 2863 immisceret,
1191 2815 1226 2853 a
1255 2797 1470 2870 populo
1500 2797 1753 2868 ejicitur,
1783 2801 1850 2852 ut
1878 2796 2084 2853 scribit
2109 2795 2473 2869 Nicephorus
2520 2794 2782 2865 Callisti;
2831 2795 2987 2868 quod
3020 2795 3258 2868 quidem
3290 2796 3675 2854 conﬁrmatur
3705 2813 3777 2855 ex

336 2887 693 2961 Pachymere
725 2887 823 2959 qui
855 2885 1127 2959 pluribus
1160 2904 1252 2942 res
1300 2888 1374 2943 ab
1421 2903 1488 2943 eo
1536 2887 1596 2941 in
1630 2886 2029 2959 patriarchatu
2084 2890 2303 2960 gestas,
2335 2902 2404 2942 ac
2432 2887 2562 2958 ejus
2592 2899 2787 2942 mores
2817 2884 3118 2942 describit.
3149 2886 3399 2942 Coactus
3430 2889 3628 2942 autem
3663 2886 3779 2943 fuit

336 2975 804 3049 patriarchatum
835 2976 1108 3032 abdicare
1137 2980 1453 3049 postquam
1486 2975 1940 3049 quadriennium
1972 2974 2243 3043 sedisset,
2275 2975 2560 3031 nimirum
2591 2976 2686 3031 die
2715 2974 2945 3031 decima
2972 2978 3137 3031 sexta
3156 2974 3380 3031 mensis
3408 2974 3780 3045 Octobris,ut

336 3065 519 3122 tradit
544 3065 703 3122 idem
735 3064 1004 3137 scriptor,
1037 3082 1165 3138 cap.
1216 3067 1288 3121 24
1322 3089 1337 3119 :
1368 3068 1538 3119 Τοῦτο
1587 3060 1646 3119 δέ
1689 3084 1776 3125 τις
1822 3063 1912 3118 καὶ
1966 3086 1968 3134 ι

2178 3065 2633 3139 παρατηρήσειεν,
2676 3062 2760 3118 ὅτι
2807 3064 3088 3141 τέσσαρσιν
3117 3061 3381 3125 ἐνιαυτοῖς
3409 3064 3511 3132 τήν
3541 3061 3774 3134 Ἐκκλη-

339 3153 455 3208 σίαν
505 3153 779 3228 κατέχων⁹
826 3151 994 3222 αὐτὴν
1029 3151 1225 3228 σχεδὸν
1276 3152 1484 3227 ἡμέραν
1540 3150 1647 3208 εἶδε
1694 3160 1794 3222 τῆς
1839 3147 2101 3224 ἐκϐολῆς,
2145 3154 2207 3222 ἣν
2256 3150 2323 3223 δὴ
2374 3153 2465 3208 καὶ
2493 3160 2593 3223 τῆς
2646 3147 2956 3215 ἀναϐάσεως
3007 3148 3260 3227 ἔγνωκεν,
3306 3151 3431 3221 ἥτις
3475 3152 3567 3207 καὶ
3617 3151 3777 3208 Ἐλα-

340 3236 694 3321 φηϐολιῶνος
741 3238 1093 3312 ἑκκαιδεκάτῃ
1143 3243 1232 3311 ἦν.
1289 3245 1467 3301 Unum
1513 3247 1700 3299 tamen
1750 3243 1822 3299 ad
1868 3260 1972 3300 ea:

2150 3260 2260 3300 non
2289 3244 2355 3300 de
2382 3243 2561 3300 nihilo
2610 3259 2739 3315 qui:
2792 3244 3085 3300 observem
3112 3244 3460 3316 adjunxerit,
3486 3245 3571 3299 sic
3596 3250 3781 3300 exacte

341 3332 775 3406 quadriennium
803 3334 866 3388 in
908 3333 1299 3405 patriarchatu
1345 3333 1723 3389 Athanasium
1770 3334 2090 3404 explevisse,
2139 3337 2202 3389 ut
2230 3333 2477 3389 eamdem
2521 3336 2697 3405 ferme
2723 3334 2859 3389 initi
2884 3332 3178 3405 relictique
3204 3332 3495 3403 regimini:
3521 3334 3784 3391 Ecclesiae

340 3423 723 3478 numerath
751 3421 897 3476 diem
925 3429 1142 3477 sextum
1170 3421 1444 3477 decimum
1476 3422 1745 3478 Octobris.
1779 3421 1873 3477 Sic
1902 3421 2327 3495 Pachymeres;
2361 3406 2431 3478 ei
2459 3438 2577 3494 quo
2626 3421 2867 3494 quidam
2915 3425 3077 3495 patet
3104 3420 3497 3478 Athanasium
3527 3421 3783 3494 patriar-

343 3511 584 3569 chatum
620 3511 930 3567 abdicasse
963 3511 1058 3567 die
1091 3511 1321 3567 decima
1350 3515 1511 3568 sexta
1541 3511 1763 3567 mensis
1795 3511 2065 3568 Octobris
2112 3510 2252 3567 anni
2296 3511 2512 3569 Christi
2560 3511 2719 3580 1293,
2773 3527 2909 3567 cum
2943 3510 3195 3568 sedisset
3222 3511 3394 3568 annis
3424 3515 3696 3584 quatuor,
3727 3514 3785 3567 et

344 3601 578 3656 duobus
610 3603 890 3672 praeterea
920 3599 1291 3669 diebus,cum
1324 3600 1590 3672 ejusdem
1614 3601 1975 3656 consecratio
1998 3599 2307 3673 contigerit
2327 3600 2421 3656 die
2443 3605 2654 3672 quarta
2681 3600 2911 3656 decima
2930 3600 3153 3656 mensis
3173 3599 3442 3656 Octobris
3464 3600 3603 3656 anni
3621 3600 3779 3656 1289.

346 3687 592 3747 Fallitur
620 3689 803 3762 igitur
830 3688 1116 3761 Georgius
1139 3688 1450 3759 Phrantza,
1484 3691 1583 3761 qui
1604 3688 1931 3745 Athanasio
1960 3706 2145 3745 annos
2177 3693 2305 3745 octo
2335 3688 2596 3761 integros
2627 3689 2909 3762 assignat.
2936 3689 3121 3754 Quam
3153 3705 3290 3745 vero
3322 3688 3500 3744 fuerit
3527 3688 3786 3744 Athana-

347 3778 473 3835 sius
503 3777 814 3833 hominum
848 3778 1236 3850 regendorum
1267 3778 1532 3851 ignarus,
1566 3794 1814 3851 quamve
1862 3795 2050 3834 saevus
2099 3782 2157 3833 et
2184 3777 2572 3848 inhumanus,
2614 3777 2786 3834 facile
2833 3777 3132 3850 quispiam
3182 3794 3532 3851 cognoscere
3574 3777 3789 3851 poterit

347 3884 468 3925 non
499 3866 692 3924 solum
722 3883 793 3923 ex
821 3867 1195 3940 Pachymere,
1231 3867 1331 3939 qui
1366 3868 1537 3941 plura
1566 3868 1638 3923 de
1667 3884 1734 3923 eo
1765 3868 1928 3938 (nam
1958 3868 2247 3940 Gregoras
2294 3866 2810 3924 schismaticorum
2860 3866 3171 3924 hominum
3204 3866 3478 3923 laudator
3517 3866 3576 3922 in
3608 3866 3789 3921 Atha-

350 3956 588 4014 nasium
615 3955 784 4012 valde
816 3973 1145 4028 propensus
1174 3957 1329 4029 fuit),
1361 3957 1464 4013 sed
1494 3956 1671 4012 etiam
1703 3973 1773 4012 ex
1813 3956 2003 4028 ipsius
2049 3955 2359 4013 Athanasii
2409 3955 2695 4029 epistolis,
2753 3973 2902 4029 quas
2933 3956 3003 4012 ad
3054 3956 3470 4029 imperatorem
3497 3954 3789 4011 Androni-

350 4063 487 4103 cum
520 4049 579 4101 et
607 4046 678 4101 ad
711 4044 859 4102 alios
892 4045 1223 4117 complures
1254 4046 1706 4119 conscripserat.
1741 4048 2002 4111 Quarum
2036 4046 2275 4117 quidem
2306 4044 2690 4117 epistolarum
2723 4045 2973 4101 habetur
3017 4045 3197 4101 codex
3227 4044 3575 4101 chartaceus
3606 4044 3666 4099 in
3696 4042 3792 4099 bi—

359 4133 655 4191 bliotheca
684 4134 866 4208 regis,
901 4151 1078 4206 quem
1127 4134 1263 4190 huic
1317 4135 1556 4190 donavit
1587 4134 1676 4190 Ill.
1709 4135 1777 4190 D.
1821 4133 2066 4191 Carolus
2109 4135 2417 4191 Mauritius
2447 4134 2755 4205 Tellerius,
2803 4133 3283 4207 archiepiscopus
3311 4134 3431 4190 dux
3460 4132 3793 4200 Remensis,

355 4228 421 4280 ut
452 4224 659 4280 scribit
687 4224 1068 4281 doctissimus
1097 4224 1399 4280 Boivinius
1452 4226 1511 4279 in
1544 4225 1698 4280 notis
1730 4224 1801 4280 ad
1833 4226 2171 4297 Gregoram,
2205 4224 2306 4281 ubi
2338 4225 2411 4281 de
2441 4224 2551 4281 hoc
2588 4224 2789 4281 codice
2819 4241 2885 4280 ac
2913 4223 3178 4296 epistolis
3207 4228 3265 4279 et
3310 4222 3443 4279 aliis
3490 4222 3797 4295 opusculis

353 4311 662 4371 Athanasii
736 4312 1080 4385 patriarchae
1143 4312 1424 4384 loquitur.
1483 4312 1650 4369 Libet
1707 4316 1902 4369 autem
1961 4312 2132 4369 nobis
2191 4312 2496 4386 (quoniam
2555 4329 2657 4370 sex
2715 4312 2933 4369 abhinc
2985 4312 3154 4368 annis
3225 4327 3432 4368 omnes
3485 4310 3798 4367 Athanasii

357 4401 641 4475 epistolas
689 4418 757 4457 ac
804 4401 1092 4475 opuscula
1138 4418 1207 4457 ex
1254 4401 1493 4457 laudato
1536 4402 1736 4458 codice
1787 4401 1965 4474 Regio
2013 4402 2433 4474 exscripsimus
2481 4407 2541 4459 et
2589 4401 2649 4458 in
2697 4402 2972 4458 Latinum
3020 4400 3305 4457 vertimus
3353 4399 3449 4456 hic
3495 4399 3796 4473 integrum

357 4491 617 4549 indicem
648 4493 1062 4565 praedictorum
1092 4507 1335 4564 operum
1366 4490 1659 4556 exhibere,
1689 4506 1865 4563 quem
1900 4508 2033 4547 cum
2066 4508 2136 4547 ex
2164 4491 2397 4547 schedis
2429 4490 2697 4560 Boivinii,
2729 4495 2860 4547 tum
2905 4489 3085 4547 etiam
3116 4489 3351 4562 proprio
3395 4487 3594 4546 labore
3623 4488 3797 4545 ador-

359 4581 655 4640 navimus.
688 4582 783 4639 Sic
811 4581 994 4655 igitur
1021 4598 1084 4637 se
1112 4580 1289 4637 habet
1319 4599 1333 4637 :

451 4765 501 4819 1.
537 4762 774 4837 Γράμμα
801 4760 939 4835 πρὸς
985 4759 1075 4813 τὸν
1127 4758 1498 4835 αὐτοκράτορα
1545 4758 1667 4832 περὶ
1714 4763 1822 4813 τῶν
1871 4758 2034 4833 ἀρχι-
2148 4758 2605 4835 ἀναχαιτίζωνται
2654 4758 2707 4812 οἱ
2750 4762 3241 4835 κακοπραγοῦντες,
3297 4756 3388 4813 καὶ
3440 4758 3518 4831 μή
3566 4756 3799 4832 ἀναρτᾷν

373 4850 537 4929 ερέων
569 4855 678 4906 τῶν
712 4849 1054 4923 εὑσκομένων
1088 4845 1217 4906 ὧδε.
1242 4851 1487 4922 Epistola
1514 4850 1590 4906 ad
1613 4852 2005 4919 imperatorem

2177 4847 2222 4910 ἲς
2250 4849 2314 4904 τὸ
2347 4845 2576 4922 μέλλον,
2608 4846 2699 4903 καὶ
2734 4844 2947 4921 μᾶλλον
2983 4848 3034 4904 ἐν
3075 4845 3266 4920 κύκλῳ
3318 4853 3419 4918 τῆς
3458 4845 3648 4922 Ἀγίας
3700 4852 3804 4902 Σο-

373 4943 439 4999 de
468 4943 751 5015 episcopis,
782 4942 881 5013 qui
909 4941 997 4996 hic
1024 4941 1403 5012 reperiuntur.
2145 4936 2289 5017 φίας.
2322 4938 2572 5011 Epistola
2599 4938 2677 4994 ad
2695 4940 3129 5011 imperatorem;
3159 4936 3302 5009 quod
3329 4938 3644 5011 abjicieudi
3691 4939 3811 4994 sint

445 5033 503 5087 2.
566 5030 710 5106 Πρὸς
774 5030 866 5084 τὸν
952 5027 1327 5105 αὐτοκράτορα
1406 5026 1659 5103 γράμμα,
1738 5027 2033 5102 ἀνιστορῶν

2182 5031 2244 5085 ui
2270 5029 2497 5102 nefaria
2520 5031 2715 5100 agunt,
2726 5044 2826 5084 nec
2852 5027 3216 5101 diﬁerendum
3244 5028 3306 5083 in
3334 5027 3612 5102 futurum,
3625 5029 3809 5083 maxi-

381 5119 541 5175 αὐτὸν
602 5116 875 5193 προόδους
942 5119 1211 5172 ποιεῖσθαι
1284 5116 1610 5192 συχνότερον
1668 5116 1758 5171 καὶ
1821 5115 2013 5191 μᾶλλο·

1575 5138 1610 5170 ιν
1668 5116 1758 5171 καὶ
1821 5115 2033 5191 μᾶλλον
2144 5133 2338 5192 meque
2365 5120 2424 5175 in
2453 5119 2694 5174 circuitu
2723 5116 2938 5174 Sanctae
2966 5116 3207 5189 Saphiae.

381 5209 506 5285 περὶ
564 5209 634 5262 τὰ
691 5207 852 5284 τείχη
904 5208 994 5262 καὶ
1042 5206 1221 5269 πύλας
1271 5209 1370 5275 τῆς
1417 5205 1654 5283 πόλεως,
1685 5206 1777 5260 καὶ
1820 5206 1896 5278 μὴ
1928 5204 2037 5260 εἰσ·
2219 5209 2271 5262 4.
2308 5210 2547 5281 Γράμμα
2575 5206 2714 5280 πρὸς
2763 5205 2856 5259 τὸν
2905 5202 3275 5280 αὐτοκράτορα
3318 5204 3446 5281 περὶ
3490 5207 3589 5259 τοῦ
3635 5202 3804 5280 ὀρθοῦ

383 5297 636 5374 έρχεσθαι
689 5293 816 5351 εἴσω
860 5298 961 5365 τῆς
1008 5293 1227 5358 πόλεως
1284 5295 1401 5369 μεθ’
1459 5292 1649 5349 ὅπλων
1712 5294 1853 5352 τινά.
1901 5297 2007 5368 Epi

2175 5294 2444 5371 ῐόγματος.
2478 5297 2722 5369 Epistula
2774 5297 2856 5352 ad
2912 5296 3326 5365 imperatorem,
3358 5295 3428 5351 de
3471 5296 3621 5352 reda
3675 5293 3807 5365 ﬁdei

382 5389 535 5446 stola.
583 5386 654 5442 ad
700 5386 1104 5457 imperaairem,
1154 5402 1393 5441 narrans
1465 5387 1775 5457 frequentes
1843 5387 2031 5440 incur-
2147 5388 2429 5443 doctrina.

383 5495 475 5533 sus
544 5476 791 5532 maxime
855 5475 1004 5530 circa
1073 5476 1228 5531 urbis
1295 5491 1481 5531 muros
1527 5480 1577 5530 et
1635 5480 1831 5547 portas
1875 5476 2000 5546 ﬁeri

2219 5477 2273 5532 5.
2310 5471 2548 5550 Γράμμα
2584 5473 2724 5550 πρὸς
2766 5473 2858 5528 τὸν
2906 5470 3305 5529 ἀποστείλαντα
3376 5464 3591 5547 βιϐλίον
3638 5471 3803 5547 χάριν

384 5582 561 5639 neque
604 5564 1035 5637 permittendum
1085 5581 1199 5620 csse
1249 5566 1562 5637 quempiam
1612 5582 1734 5619 cum
1764 5566 1935 5620 armis
1983 5567 2016 5620 ιί

2173 5562 2453 5633 ιανισκίου,
2504 5562 2594 5618 καὶ
2663 5562 2961 5638 στρέψαντα
3025 5565 3194 5616 ταῦτα
3259 5559 3509 5634 ἐξοπίσω.
3564 5561 3805 5634 Epistula

385 5656 579 5710 urbem
608 5654 864 5710 introire.
2149 5654 2222 5709 ad
2255 5670 2402 5726 eum,
2432 5655 2535 5727 qui
2564 5655 2781 5711 librum
2806 5652 2950 5711 dono
2977 5653 3242 5714 miserat;
3273 5654 3368 5707 cui
3392 5659 3580 5724 postea
3606 5652 3806 5708 remis-

458 5746 513 5800 3.
548 5742 783 5819 Γρτὶμμα
836 5740 973 5815 πρὸς
1024 5740 1116 5795 τὸν
1175 5739 1545 5817 αὐτοκράτορα
1602 5740 1728 5818 περὶ
1779 5745 1877 5796 τοῦ
1947 5739 2043 5796 ἵνα

762 5761 783 5794 ιι
836 5740 973 5815 πρὸς
1024 5740 1116 5795 τὸν
1175 5739 1545 5817 αὐτοκράτορα
1602 5740 1728 5818 περὶ
1779 5745 1877 5796 τοῦ
1947 5739 2043 5796 ἵνα
2148 5759 2239 5799 sus
2268 5745 2394 5814 fuit.
