4132 6472
416 460 535 522 4⁵73

1595 455 2022 519 ATHANASII
2067 455 2188 518 ΟΡ.
2232 455 2664 520 EPISTOLtE.

3720 455 3841 517 ιη

490 592 544 648 6.
581 591 819 665 Γράμμα
847 587 984 664 πρὸς
1012 587 1106 643 τὸν
1156 587 1527 665 αὐτοκράτορα
1577 585 1666 642 διὰ
1696 592 1790 642 τοῦ
1832 586 2072 660 νομίμου

2202 586 2473 658 ὓπήκοον.
2533 591 2776 662 Epistola
2831 588 2910 646 ad
2965 589 3356 662 imperatorem
3387 630 3401 658 ,
3460 591 3524 644 ut
3578 589 3843 646 instituat

414 679 562 756 τάχα
583 676 940 735 συνοικεσίου.
973 680 1228 753 Epistola
1277 679 1349 735 ad
1377 682 1788 751 imperatorem,
1836 679 1900 735 de
1939 679 2072 747 legi-

413 773 554 828 timo
583 771 877 828 connubio.

487 861 544 913 7.
607 857 843 932 Γράμμα
890 859 1016 934 περὶ
1070 861 1168 912 τοῦ
1227 860 1560 933 συναχθῆναι
1616 855 1744 919 τοὺς
1796 856 2071 932 ἀρχιερεῖς

419 946 472 1002 ἐν
504 951 572 1016 τῇ
625 949 792 1024 Χώρᾳ
843 947 994 1009 ὅπως
1041 951 1234 1010 κοινῶς
1286 946 1533 1002 ἀπελθεῖν
1583 947 1719 1022 πρὸς
1770 947 1861 1000 τὸν
1911 944 2071 1000 αύτο-

413 1040 653 1113 κράτορα
709 1040 872 1114 χάριν
924 1035 1194 1115 ὠφελείας
1255 1040 1462 1106 κοινῆς.
1524 1038 1782 1109 Epistola,
1827 1038 1892 1092 de
1941 1054 2072 1092 con-

417 1128 712 1199 gregandis
743 1129 806 1184 in
837 1128 1037 1186 Charm
1073 1131 1469 1184 monasterium
1510 1127 1883 1198 pontiﬁcibus,
1915 1132 1974 1180 ut
2003 1126 2074 1180 ad

417 1220 805 1290 imperatorem
837 1218 1147 1274 communis
1179 1217 1450 1272 utilitatis
1475 1232 1649 1272 causa
1675 1215 1846 1271 simul
1881 1231 2071 1271 conve-

416 1308 596 1363 niani.

487 1397 540 1450 8.
576 1395 724 1470 Πρὸς
753 1393 846 1448 τὸν
898 1391 1275 1470 αὐτοκράτοφα
1321 1393 1551 1468 γράμμα
1598 1391 1722 1468 περὶ
1771 1391 2072 1465 ἐλεημοσύ-

413 1504 535 1555 νης,
573 1487 748 1554 ζητῶν
785 1481 992 1558 βουλὴν
1025 1481 1276 1557 περὶτῶν
1303 1479 1700 1557 αἰχμαλώτων.
1736 1483 1983 1554 Epistola
2000 1482 2071 1536 ad

415 1576 804 1646 imperatorem
849 1573 913 1630 de
959 1575 1304 1646 eleemosyna
1334 1592 1354 1628 :
1381 1573 1678 1630 consilium
1730 1575 1887 1643 rogat
1926 1574 2073 1628 circa

411 1665 673 1736 captivos.

483 1755 540 1809 9.
597 1751 836 1828 Γράμμα
906 1751 1045 1828 πρὸς
1112 1750 1204 1816 τὸν
1285 1751 1658 1827 αὐτοκράτορα
1726 1748 1850 1826 περὶ
1906 1753 2069 1804 τινῶν

416 1840 719 1897 ὑποθέσεων
754 1842 829 1914 μή
877 1839 968 1896 διὰ
1019 1844 1270 1914 μηνυτῶν
1319 1837 1661 1910 στέλλεσθαι,
1706 1838 1852 1894 ἀλλὰ
1897 1839 2073 1911 στόμα

2184 679 2386 734 liberos
2441 683 2496 735 et
2553 680 2796 736 subditos
2849 695 3036 734 omnes
3093 677 3393 734 secundum
3446 679 3544 733 Dei
3590 678 3841 750 benepla-

2181 772 2310 824 cita.

2252 859 2340 912 21.
2397 858 2632 930 Γράμμα
2681 857 2816 932 πρὸς
2867 858 2960 911 τὸν
3006 854 3386 932 αὐτοκράτορα
3434 855 3558 928 περὶ
3592 854 3841 931 ἐπιστρο-

2183 951 2289 1023 φῆς
2347 946 2485 1023 πρὸς
2544 946 2690 1017 Θεὸν,
2741 946 2831 1000 καὶ
2881 943 2974 1000 ’ίνα
3023 945 3229 1020 ἐπιγνῷ
3270 943 3491 1006 ἕκαστος
3549 943 3618 998 τὰ
3663 943 3838 999 οἰκεῖα

2181 1035 2269 1088 καὶ
2299 1035 2367 1089 τὰ
2395 1037 2570 1107 κοινὰ,
2602 1035 2692 1090 καὶ
2723 1036 2848 1111 περὶ
2877 1040 2973 1090 τοῦ
3001 1028 3314 1109 τετριγότος
3344 1032 3552 1088 κτύπου
3606 1031 3836 1090 ἐκείνου.

2180 1127 2421 1196 Epistola
2468 1126 2539 1181 ad
2585 1128 2976 1198 imperatorem
3024 1125 3093 1180 de
3138 1126 3484 1181 conversione
3529 1125 3601 1180 ad
3635 1129 3838 1192 Deum,

2180 1222 2231 1270 et
2258 1222 2320 1270 ut
2345 1224 2628 1286 cognoscat
2651 1218 3029 1287 unusquisque
3073 1216 3296 1286 privata
3324 1230 3388 1269 ac
3418 1215 3665 1286 publica,
3697 1223 3747 1270 et
3775 1214 3841 1269 de

2181 1306 2420 1375 strepitu
2450 1307 2610 1376 facto.

2251 1395 2341 1449 22.
2406 1394 2643 1468 Γράμμα
2720 1394 2858 1468 πρὸς
2932 1392 3025 1446 τὸν
3087 1391 3502 1467 αὐτοκράτορα,
3551 1389 3645 1445 ’ίνα
3712 1413 3838 1445 πο-

2181 1479 2493 1552 λιτεύτηται
2548 1480 2888 1552 δικαιοσύνη,
2938 1480 3028 1536 καὶ
3077 1480 3252 1552 ἔλεος,
3302 1478 3392 1534 καί
3421 1478 3671 1550 ἀλήθεια.
3707 1484 3838 1554 Epi-

2178 1575 2320 1628 stola
2364 1573 2436 1628 ad
2463 1575 2870 1646 imperatorem,
2903 1581 2965 1628 ut
3011 1571 3437 1627 administretur
3451 1571 3695 1642 justitia,
3735 1573 3838 1627 mi-

2177 1664 2379 1718 seratio
2408 1670 2460 1718 et
2486 1664 2708 1718 veritas.

2249 1752 2341 1806 23.
2376 1751 2612 1826 Γράμμα
2668 1749 2808 1826 πρὸς
2862 1749 2954 1803 τὸν
3009 1746 3402 1824 αὐτοκράτορα,
3447 1744 3538 1801 ’ίνα
3588 1747 3663 1820 μὴ
3708 1747 3835 1801 ἀνα-

2181 1833 2364 1913 ϐάλλῃ
2392 1844 2568 1894 ποιεῖν
2609 1838 2677 1893 τὰ
2716 1835 2879 1894 καλά.
2930 1840 3176 1911 Epistola
3222 1838 3293 1894 ad
3321 1841 3732 1910 imperatorem,
3772 1853 3841 1894 ne

413 1931 554 2007 πρὸς
585 1931 784 2004 στόμα.
833 1933 1092 2005 Epistola
1136 1932 1212 1987 ad
1257 1933 1667 2004 imperatorem,
1716 1931 1782 1986 de
1807 1946 1917 1986 non
1945 1932 2072 1986 mit-
2104 1962 2152 2027 B
2183 1931 2327 1988 bona
2361 1933 2544 2027 facere
2572 1931 2819 2027 diﬂerat.

414 2021 592 2078 tendis
617 2038 719 2095 per
743 2023 971 2078 nuntios
1010 2023 1172 2077 certis
1217 2022 1476 2091 negotiis,
1506 2020 1599 2075 sed
1626 2036 1686 2076 oe
1713 2019 1785 2075 ad
1813 2036 1870 2076 os
1897 2021 2072 2091 signi-

415 2111 664 2180 ﬁcandis.

489 2202 575 2255 10.
654 2196 892 2274 Γράμμα
960 2199 1097 2274 πρὸς
1171 2198 1263 2252 τὸν
1340 2196 1714 2274 αὐτοκράτορα
1783 2199 1907 2272 περὶ
1963 2201 2070 2252 τῶν

421 2287 756 2364 ἀρχιερέων,
810 2286 905 2342 ’ίνα
959 2291 1028 2362 τῇ
1089 2286 1340 2364 λαχούσῃ
1396 2287 1743 2360 ἀποκαταστῇ
1797 2283 2022 2349 ἕκαστος
2057 2332 2070 2345 .

420 2379 662 2451 Epistola
690 2379 761 2433 ad
788 2378 1193 2450 imperatorem,
1226 2381 1286 2434 ut
1333 2379 1543 2449 singuli
1570 2378 1812 2450 episcOpi
1845 2379 1961 2434 suis
1989 2393 2073 2433 se-

416 2467 579 2523 dibus
608 2469 998 2523 restituantur.

491 2557 575 2610 11.
640 2556 878 2630 Γράμμα
933 2556 1070 2627 πρὸς
1133 2555 1222 2608 τὸν
1289 2554 1452 2630 μέγαν
1507 2552 1814 2625 διοικητὴν,
1864 2552 1954 2608 ’ίνα
2006 2553 2074 2608 τὰ

416 2640 748 2714 ἀδικήσαντα
768 2641 975 2716 ἀποδῶ.
1005 2646 1250 2717 Epistola
1278 2645 1349 2699 ad
1379 2663 1642 2715 magnum
1670 2647 1972 2712 dicecetam,
2012 2649 2072 2701 ut

413 2751 514 2806 per
541 2735 815 2806 injuriam
841 2735 1036 2790 ablata
1063 2737 1335 2791 restituat.

489 2824 574 2878 12.
610 2821 848 2896 Γράμμα
887 2822 1024 2898 πρὸς
1066 2822 1158 2877 τὸν
1207 2821 1577 2898 αὐτοκράτορα
1623 2819 1712 2876 διὰ
1759 2823 1824 2876 τά
1868 2822 2071 2897 γρυσό-

420 2905 655 2967 ϐουλλα.
707 2913 958 2984 Epistola
1013 2912 1085 2968 ad
1142 2914 1535 2984 imperatorem
1582 2918 1811 2984 propter
1851 2914 2071 2984 chryso-

421 3001 591 3057 bulla'
627 3001 727 3057 ubi
769 3003 842 3057 de
881 3001 1059 3058 rebus
1108 3001 1535 3073 temporalibus
1579 3001 2072 3057 monasteriorum

418 3090 928 3146 administrandis.

484 3181 570 3235 13.
624 3177 862 3253 Γράμμα
917 3179 1055 3253 πρὸς
1103 3178 1194 3233 τὸν
1257 3178 1652 3254 αὐτοκράτορα,
1709 3176 1797 3233 ’t'va
1847 3175 2070 3240 ἕκαστος

414 3271 524 3322 τῶν
584 3266 887 3344 ἀρχιερέων
965 3265 1176 3342 ἀπέλθῃ
1250 3269 1386 3344 πρὸς
1444 3271 1512 3341 τῇ
1573 3265 1822 3342 λαχούσῃ
1877 3267 2024 3340 αὐτῷ
2057 3313 2071 3325 .

2252 2021 2344 2074 24.
2406 2017 2642 2094 Γράμμα
2696 2018 2833 2094 πρὸς
2915 2016 3007 2071 τὸν
3086 2014 3502 2092 αὐτοκράτορα,
3553 2014 3678 2089 περὶ
3729 2019 3836 2069 τῶν

2186 2106 2484 2170 θεοκτόνων
2546 2103 2820 2163 Ἰουδαίων
2874 2153 2888 2178 ,
2943 2104 3035 2160 ’ίνα
3090 2103 3373 2176 ἐξέλθωσιν
3447 2103 3506 2159 ἐκ
3578 2111 3680 2174 τῆς
3739 2103 3838 2158 πό-

2186 2193 2344 2257 λεως.
2377 2199 2620 2272 Epistola
2648 2199 2722 2252 ad
2769 2198 3173 2268 imperatorem,
3205 2196 3272 2252 de
3324 2195 3568 2253 Deicidis
3597 2195 3834 2266 ludatis,

2184 2294 2246 2342 ut
2272 2303 2344 2342 ea:
2373 2287 2512 2343 urbe
2538 2286 2843 2343 discedant.

2253 2377 2342 2431 25.
2380 2374 2527 2450 Πρὸς
2551 2375 2642 2428 τὸν
2675 2372 3046 2449 αὐτοκράτορα
3091 2373 3216 2447 περὶ
3263 2375 3329 2442 ἧς
3377 2369 3686 2450 ὀφείλουσιν
3719 2370 3835 2426 ἐπι-

2188 2463 2409 2536 μελείας
2469 2461 2830 2527 ἐνδείκνυσθαι
2890 2463 2943 2517 οἱ
3005 2461 3248 2538 βασιλεῖς
3297 2462 3436 2538 πρὸς
3483 2462 3545 2517 τὸ
3595 2462 3838 2532 ὑπήκοον

2186 2553 2240 2607 έν
2298 2555 2496 2630 ἀρχαῖς
2545 2557 2653 2608 τῶν
2703 2553 2864 2628 ἱερῶν
2918 2551 3008 2607 καὶ
3063 2551 3229 2626 ἀγίων
3280 2555 3562 2623 νηστειῶν,
3617 2549 3743 2607 Ἰνδ.
3775 2549 3838 2606 δ’.

2187 2645 2266 2700 Ad
2293 2647 2704 2716 imperatorem,
2752 2651 3025 2715 quantum
3052 2642 3398 2699 subditorum
3428 2659 3623 2698 curam
3658 2644 3842 2711 impe-

2184 2736 2394 2790 ratores
2424 2749 2616 2803 gerere
2645 2733 2883 2789 debeant
2911 2733 2973 2786 in
3010 2733 3289 2804 principio
3327 2735 3651 2788 sanctorum
3693 2732 3841 2803 ieju-
3930 2755 3937 2763 -

2180 2825 2421 2880 niorum.
2454 2823 2648 2888 Indict,
2681 2837 2758 2878 tv.

2254 2915 2344 2967 26.
2380 2911 2523 2987 Πρὸς
2574 2911 2664 2965 τὸν
2714 2908 3106 2985 αὐτοκράτορα,
3158 2910 3281 2985 περὶ
3333 2908 3497 2964 αὐτοῦ
3539 2907 3629 2963 καὶ
3659 2904 3836 2978 αὖθις,

2181 2999 2301 3058 Ἰνδ.
2338 3002 2392 3056 ε’.
2427 3003 2510 3058 Ad
2556 3003 2963 3074 imperatorem,
3012 3001 3080 3056 de
3107 3000 3296 3057 eadem
3323 3017 3383 3057 re
3424 3001 3653 3066 iterum,
3685 2999 3835 3055 Indi-

2180 3093 2358 3148 ctione
2383 3109 2438 3146 v.

2253 3184 2343 3236 27.
2405 3180 2553 3254 Πρὸς
2593 3179 2684 3234 τὸν
2744 3178 3116 3255 αὐτοκράτορα
3172 3179 3297 3253 περὶ
3349 3183 3451 3247 τῆς
3512 3181 3620 3231 τῶν
3678 3181 3781 3252 Χρι
3815 3208 3839 3221 -

2186 3267 2513 3343 στουγέννων
2603 3269 2798 3343 ἑορτῆς
2834 3313 2846 3337 ,
2910 3273 3088 3338 ζητῶν
3183 3269 3570 3344 χορηγηθῆναι
3644 3266 3836 3347 σεπτὸν

418 3337 770 3428 Epistola-ad
799 3337 1208 3430 imperatorem,
1228 3337 1304 3414 ιιί
1316 3337 1530 3426 singuli
1558 3337 1807 3430 epis-ecpi
1824 3360 1885 3414 in
1913 3337 2072 3415 suam

2202 3337 2509 3434 τρόσταγμα
2562 3337 2898 3433 προστάσσον
2935 3337 2969 3426 ,7
3008 3357 3060 3428 ἐξ
3320 3337 3612 3432 ’ἕσπερινοῦ
3667 3343 3780 3410 Σαϐ
3813 3389 3836 3400 -

418 3447 717 3502 Ecclesiam
745 3446 1061 3503 concedant.

494 3536 581 3590 14.
631 3535 870 3610 Γράμμα
914 3532 1052 3609 πρὸς
1099 3534 1188 3588 τὸν
1236 3534 1627 3610 αὐτοκράτορα,
1681 3534 1773 3590 *ίνα
1818 3537 2072 3612 τηρηθῶ-

419 3643 500 3677 σιν
528 3621 798 3678 ἀσάλευτα
846 3620 1186 3695 δικαιοσύνη,
1235 3623 1325 3678 καὶ
1375 3623 1697 3702 σωφροσύνη
1745 3624 1835 3680 καὶ
1881 3622 2064 3688 ἕλεος.

414 3713 657 3786 Epistola
687 3713 756 3769 ad
787 3713 1200 3784 imperatorem,
1257 3719 1317 3770 ut
1361 3717 1600 3783 iustitia,
1634 3719 1995 3788 temperantia
2022 3721 2076 3772 et

413 3802 802 3858 misericordia
831 3803 1205 3859 immutabiles
1233 3809 1544 3860 serventur.

490 3892 576 3946 15.
629 3888 866 3963 Γράμμα
911 3891 1049 3964 πρὸς
1095 3890 1186 3944 τὸν
1241 3891 1613 3967 αὐτοκράτορα
1659 3893 1782 3970 περὶ
1829 3898 1936 3948 τῶν
1979 3894 2074 3969 ἀρ-

415 3977 671 4054 χιερέων,
707 3977 800 4033 *ἕνα
846 3978 1057 4053 ἀπέλθῃ
1108 3977 1328 4041 ἕκαστος
1359 3981 1434 4043 εἷς
1463 3982 1562 4049 τήν
1597 3979 1872 4058 λαχοῦσαν
1906 3984 2072 4055 αὑτῷ,

417 4067 568 4129 ὅπως
598 4065 825 4141 διδάσκῃ
875 4069 966 4122 τὸν
1015 4067 1144 4123 λαὸν
1200 4067 1385 4126 αὐτοῦ.
1436 4073 1680 4143 Epistola
1725 4074 1799 4129 ad
1836 4076 2073 4146 impera-

415 4162 610 4228 torem,
644 4162 703 4214 ut
734 4159 942 4230 singuli
963 4161 1351 4232 episcoporum
1378 4161 1447 4216 ad
1474 4178 1628 4218 suam
1664 4163 1962 4219 Ecclesium
1988 4181 2075 4220 re-

416 4248 600 4318 deant,
631 4253 697 4303 ut
723 4248 950 4304 doceant
970 4250 1239 4320 populum
1264 4266 1449 4306 suum.

494 4337 581 4392 16.
646 4336 882 4409 Γράμμα
937 4335 1062 4412 περὶ
1118 4341 1214 4391 τοῦ
1279 4339 1355 4409 μή
1408 4359 1491 4399 τις
1552 4339 1761 4410 ποιμὴν
1823 4339 2073 4394 ἀποστε-

422 4429 534 4499 ρεῖν
585 4421 869 4497 ποίμνιον.
931 4427 1194 4498 Epistola,
1253 4444 1326 4483 ne
1377 4430 1499 4498 quis
1552 4437 1736 4501 pastor
1792 4431 1933 4487 ovile
1985 4431 2076 4488 de-

413 4523 585 4570 serat.

492 4605 579 4661 17.
613 4603 851 4680 Γράμμα
893 4604 1030 4679 πρὸς
1084 4604 1177 4658 τὸν
1227 4605 1615 4682 αὐτοκράτορα,
1668 4607 1803 4661 ἑκὼν
1853 4608 1888 4677 ἢ
1935 4609 2078 4664 ἄκων

2183 3444 2371 3517 ϐάτου,
2401 3443 2491 3503 καὶ
2543 3445 2833 3522 βασιλικῆς
2883 3446 3077 3523 ἑορτῆς
3127 3443 3418 3522 βαλανείῳ,
3462 3446 3498 3514 ἢ
3547 3443 3840 3517 καπηλείῳ

2189 3539 2263 3611 μή
2325 3537 2643 3614 εἷσαχθῆναι
2698 3537 2834 3609 πρὸς
2890 3535 3055 3591 πότον
3112 3537 3252 3591 τινά.
3315 3537 3394 3593 Ad
3447 3538 3842 3608 imperatorem

2183 3629 2248 3684 de
2301 3631 2437 3699 festo
2506 3628 2825 3684 Nativitatis
2883 3626 3144 3698 Christi,
3199 3642 3411 3696 rogans
3463 3625 3842 3682 venerandum

2183 3719 2363 3775 emitti
2389 3717 2685 3782 decretum,
2717 3733 2791 3772 ne
2833 3718 2956 3787 quis
2981 3734 3015 3771 a
3042 3733 3269 3788 vespera
3315 3715 3551 3772 Subbati
3580 3720 3634 3771 et
3675 3717 3840 3787 regia

2183 3809 2499 3878 festivitatis
2548 3808 2608 3862 in
2655 3806 2913 3862 balneum
2959 3809 3057 3860 aut
3108 3803 3397 3861 tabernam
3442 3805 3513 3860 ad
3554 3805 3844 3861 libandum

2185 3897 2610 3953 intromittatur.

2256 3987 2348 4042 28.
2409 3984 2554 4056 ΙΙρὸς
2606 3983 2697 4037 τὸν
2748 3981 3120 4058 αὐτοκράτορα
3150 4025 3164 4051 ,
3223 3979 3709 4056 προσκαλούμενος
3759 3981 3850 4036 αὗ-

2187 4074 2278 4129 τὸν
2350 4073 2400 4128 ἐν
2460 4077 2529 4146 τῇ
2589 4072 2878 4143 πανσέπτῳ
2947 4073 3204 4143 κοιμήσει
3262 4077 3362 4140 τῆς
3430 4071 3846 4146 πανυπεράγνου

2189 4162 2484 4231 Δεσποίνης
2514 4160 2604 4215 καὶ
2636 4162 3006 4236 Θεομήτορος.
3039 4162 3128 4218 Ad
3157 4164 3558 4233 imperatorem,
3601 4163 3846 4218 invitans

2187 4257 2372 4326 ipsum
2417 4255 2492 4309 ad
2535 4253 2933 4309 Dormitionem
2980 4251 3322 4308 intemeratae
3347 4255 3400 4306 et
3428 4252 3694 4323 Deiparae
3740 4252 3842 4306 Do-

2184 4345 2377 4400 mina.

2258 4433 2350 4488 29.
2401 4431 2549 4504 Πρὸς
2597 4430 2688 4484 τὸν
2740 4427 3115 4506 αὐτοκράτορα
3173 4425 3456 4482 διανιστῶν
3505 4425 3664 4482 αὐτὸν
3708 4429 3844 4502 πρὸς

2189 4517 2366 4577 ἔλεον.
2399 4522 2479 4576 Ad
2505 4523 2918 4592 imperatorem,
2949 4521 3202 4576 excitans
3234 4535 3360 4575 eum
3406 4519 3477 4574 ad
3521 4519 3844 4574 misericor-

2187 4613 2360 4668 diam.

416 4694 488 4766 τῇ
549 4690 803 4767 λαχούσῃ
859 4690 1111 4748 ἀπελθεῖν
1169 4693 1296 4757 τοὺς
1357 4695 1655 4771 ἀρχιερεῖς.
1708 4699 1959 4770 Epistola
2005 4702 2156 4775 adD
2259 4702 2347 4756 30.
2411 4698 2556 4774 Ιῐρὸς
2614 4697 2704 4751 τὸν
2763 4695 3153 4772 αὐτοκράτορα·
3205 4695 3288 4750 ὅτι
3343 4697 3418 4769 μή
3479 4695 3617 4771 πρὸς
3675 4694 3843 4771 εὐχὰς

423 4785 834 4857 imperatorem,
864 4792 926 4840 ut
959 4787 1225 4858 episcopi,
1275 4789 1357 4842 vet
1386 4791 1575 4859 sponte
1624 4789 1706 4844 vel
1735 4791 1921 4857 inviti,
1954 4791 2075 4846 red-

412 4881 546 4930 eant
574 4873 646 4929 ad
674 4874 976 4930 Ecclesium
1002 4891 1186 4931 suam.
1463 4913 1466 4922 ι

490 4962 580 5016 18.
642 4961 728 5014 Ἐν
781 4965 862 5032 τῷ
920 4959 1064 5036 ἁγίῳ
1125 4961 1454 5039 βαπτίςματι
1513 4967 1746 5042 γράμμα
1792 4967 1927 5042 πρὸς
1982 4968 2074 5022 τὸν

421 5047 651 5124 βασιλέα
677 5053 841 5125 κῦρον
873 5048 1128 5126 Μιχαὴλ,
1155 5049 1248 5106 ἵνα
1288 5052 1427 5127 πρὸς
1473 5058 1581 5108 τῶν
1620 5055 1827 5132 μυρίων
1856 5056 2078 5134 φροντί-

413 5135 526 5193 δων
588 5135 877 5212 μελέτημα
929 5137 1076 5215 ἔχειν
1126 5141 1218 5195 καὶ
1259 5141 1312 5196 τί
1371 5143 1773 5219 ὑπεσχέθημεν.
1832 5148 2078 5219 Epistola

413 5228 488 5284 ad
517 5230 913 5302 imperatorem
955 5230 1244 5287 dominum
1289 5233 1626 5302 Michaelem,
1680 5245 1741 5292 ut
1784 5237 1932 5292 inter
1958 5254 2078 5292 scrc-

413 5330 606 5375 centas
632 5335 810 5376 curas
840 5319 907 5374 de
953 5321 1026 5375 iis
1075 5335 1199 5393 quae
1239 5323 1302 5376 in
1338 5328 1526 5379 sancto
1575 5325 1899 5396 baptismate
1940 5341 2073 5398 pro-

411 5408 698 5477 misimus,
726 5410 960 5465 solliciti
975 5411 1170 5466 simus.

489 5497 576 5556 19.
639 5498 877 5574 Γράμμα
926 5496 1064 5572 πρὸς
1109 5499 1209 5568 τήν
1267 5496 1554 5571 δεσποίνην
1604 5506 1769 5578 κῦραν
1826 5502 2072 5578 Μαρίαν.

414 5588 673 5659 Epistola
701 5588 776 5644 ad
800 5588 1088 5644 dominam
1115 5590 1362 5646 Mariam
1391 5591 1815 5662 imperatricem.

485 5678 574 5730 20.
640 5676 878 5750 Γράμμα
932 5675 1070 5748 πρὸς
1125 5677 1217 5730 τὸν
1279 5677 1666 5752 αὐτοκράτορα,
1714 5677 1804 5734 ἵνα
1846 5679 2075 5755 παιδεύῃ

396 5764 537 5844 τοὺς
571 5762 724 5827 υἱοὺς
756 5763 922 5819 αὐτοῦ
971 5764 1045 5826 εἰς
1091 5765 1160 5819 τὰ
1203 5770 1282 5837 τῷ
1331 5771 1447 5838 Θεῷ
1476 5768 1691 5844 ἀρεστά,
1724 5769 1813 5824 καὶ
1863 5776 1966 5825 πᾶν
2011 5772 2074 5825 τὸ

2188 4789 2240 4844 οἰ
2277 4788 2410 4861 μετὰ
2455 4793 2551 4842 τοῦ
2599 4785 2868 4860 βασιλέως
2913 4785 2965 4840 ἐν
3014 4791 3130 4848 τοῖς
3182 4785 3671 4860 κατηχουμενείοις
3720 4806 3842 4839 συν-

2188 4875 2462 4945 ελθόντες,
2497 4877 2632 4953 πρὸς
2687 4873 2745 4930 δὲ
2788 4876 2992 4953 τρυφὰς
3049 4870 3302 4950 ἔϐλεψαν.
3337 4876 3492 4945 Quod
3518 4877 3569 4932 ii
3596 4877 3691 4948 qui
3718 4891 3845 4931 cum

2186 4969 2519 5041 imperatore
2570 4969 2631 5022 in
2692 4965 3124 5022 catechumeneis
3181 4967 3515 5022 conveniunt
3542 5009 3557 5036 ,
3607 4980 3721 5022 non
3774 4965 3847 5021 ad

2181 5074 2391 5131 preces,
2414 5057 2517 5112 sed
2545 5056 2615 5112 ad
2645 5057 2974 5128 voluptatem
3002 5056 3323 5130 respiciant.

2257 5149 2349 5203 31.
2407 5146 2554 5220 Πρὸς
2606 5145 2699 5199 τὸν
2757 5143 3176 5218 αὐτοκράτορα,
3237 5143 3318 5198 ὅτι
3383 5143 3458 5216 μή
3521 5141 3842 5218 προστάσσει

2187 5234 2440 5291 ἀπελθεῖν
2480 5230 2576 5288 ἕνα
2617 5229 2841 5288 ἕκαστον
2873 5237 2982 5286 τῶν
3010 5233 3289 5306 ποιμένων
3329 5232 3404 5294 εἰς
3433 5233 3533 5301 τήν
3568 5230 3846 5308 λαχοῦσαν

2188 5324 2334 5396 αὐτῷ
2366 5323 2628 5396 ποίμνην.
2660 5325 2744 5379 Ad
2792 5325 3194 5396 imperatorem,
3225 5340 3324 5379 cur
3362 5339 3476 5380 non
3495 5323 3691 5396 jubeat
3712 5339 3843 5395 pas-

2186 5419 2328 5472 tores
2357 5413 2618 5482 singulos
2647 5412 2718 5468 ad
2742 5429 2960 5484 gregem
2988 5430 3150 5469 suum
3171 5428 3418 5485 pergere.

2256 5506 2344 5560 32.
2408 5500 2647 5577 Γράμμα
2694 5501 2832 5576 πρὸς
2887 5501 2977 5556 τὸν
3018 5499 3389 5577 αὐτοκράτορα
3421 5545 3436 5570 ,
3487 5498 3578 5554 ’ἱνα
3637 5501 3713 5574 μὴ
3771 5496 3844 5555 δι’

2187 5592 2467 5665 ὑπέρθεσιν
2560 5589 2792 5662 μένωσιν
2868 5589 3201 5664 ἀθεράπευτα
3282 5591 3381 5646 ὅσα
3460 5587 3592 5646 ἄττα
3664 5591 3842 5666 μικρὰ

2186 5682 2545 5760 ἄναφέρομεν,
2604 5679 2693 5733 καὶ
2755 5681 2829 5752 μὴ
2888 5684 2956 5753 τῇ
3002 5679 3178 5756 θυρίδι
3232 5680 3504 5757 ῥιπτέσθω
3552 5678 3715 5752 μόνον
3774 5681 3839 5734 τά

2183 5770 2503 5848 γράμματα.
2539 5770 2784 5843 Epistola
2821 5771 2902 5828 ad
2957 5773 3368 5843 imperatorem,
3422 5789 3493 5829 ne
3541 5787 3646 5843 per
3690 5771 3837 5827 dila-
