4132 6418
418 478 535 540 477

416 703 698 778 probavit.

491 793 584 848 54.
623 790 862 865 Γράμμα
912 787 1194 863 συγκαλῶν
1247 781 1490 860 βασιλεῖς
1533 801 1591 835 τε
1642 778 1732 834 καὶ
1784 779 2074 865 ἄρχοντας,

422 880 588 957 ἱερεῖς
619 864 708 934 καὶ
766 872 1233 950 μονάζοντας,⁹ίνα
1281 875 1474 948 γυμνῷ
1518 875 1596 942 τῷ
1641 865 1769 924 ποδὶ
1823 864 2079 940 ἐξέλθωσι

430 969 564 1043 μετὰ
610 971 718 1022 τῶν
769 965 926 1030 θείων
989 963 1210 1019 εἰκόνων
1281 959 1614 1030 λιτάζοντες.
1666 959 1909 1032 Epistola
1973 973 2080 1028 qua

427 1059 744 1117 cohortatur
831 1059 1214 1129 imperatores,
1279 1055 1582 1126 principes,
1647 1049 1946 1106 sacerdotes
2028 1050 2083 1102 et

429 1149 739 1215 monachos,
773 1151 836 1202 ut
881 1145 1046 1201 nudis
1091 1143 1321 1216 pedibus
1353 1159 1478 1197 cum
1505 1141 1714 1196 divinis
1742 1136 2083 1210 imaginibus

428 1239 829 1312 processionem
856 1237 1072 1292 obeant.

500 1326 591 1382 55.
641 1325 790 1401 Πρὸς
853 1323 945 1378 τὸν
996 1321 1389 1396 αὐτοκράτορα,
1432 1321 1742 1394 παρακινῶν
1809 1313 1983 1378 ἐλθεῖν
2033 1311 2085 1367 ἐν

429 1418 508 1487 τῷ
575 1413 926 1492 ἐνταφιασμῷ
991 1415 1090 1466 τοῦ
1168 1413 1448 1483 Σωτῆρος.
1516 1408 1605 1463 Ad
1677 1409 2082 1478 imperatorem,

429 1505 718 1563 cohortans
766 1520 892 1559 eum
932 1506 993 1558 ut
1040 1501 1110 1557 ad
1171 1498 1474 1555 Saluatoris
1527 1497 1870 1569 sepulturam
1933 1509 2086 1550 acce-

430 1595 546 1650 dat.

501 1684 596 1740 56.
646 1680 797 1756 ῙΙρὸς
863 1679 955 1734 τὸν
1012 1677 1382 1754 αὐτοκράτορα
1447 1674 1570 1748 περὶ
1641 1677 1737 1727 τοῦ
1799 1670 2085 1748 γεγονότος

435 1767 513 1830 εἷς
557 1769 650 1823 τὸν
705 1767 835 1823 λαὸν
889 1765 1080 1839 λιμοῦ.
1110 1767 1190 1823 Ad
1237 1769 1626 1838 imperatorem
1670 1762 1735 1818 de
1778 1763 1924 1830 fame
1981 1777 2092 1833 qua

433 1859 667 1933 populus
697 1858 990 1914 laboravit.

1917 458 2342 525 EPISTOLE.

420 610 714 687 capitibus,
749 610 810 667 in
854 607 1080 666 modum
1135 604 1402 674 Novellee,
1431 619 1596 676 quam
1644 601 1945 673 imperator
1973 614 2071 669 ap-
2101 595 2158 662 Α
2186 612 2297 650 non
2345 593 2672 658 amicorum,
2704 588 3082 659 cognatorum,
3128 591 3442 643 munerum,

3711 432 3832 496 478

3485 577 3580 627 aut
3633 568 3831 642 gloria

2184 701 2349 742 causa
2375 684 2601 753 referre.

2255 776 2344 829 65.
2379 769 2614 846 Γράμμα
2677 770 2772 821 τοῦ
2835 762 3178 838 πατριάρχου
3246 748 3651 825 στηλιτευτικὸν
3706 743 3831 820 περὶ

2189 863 2442 919 Ἰωάννου
2509 859 2654 920 τινὸς
2724 853 2928 931 Δριμῦς
2974 852 3036 905 τὸ
3095 847 3362 911 ἐπίθετον,
3415 855 3830 914 προσεταιρισα-

2193 953 2356 1026 μένου
2416 946 2722 1022 συμμορίαν
2783 943 3044 1017 ἐπάρατον
3130 937 3267 990 κατά
3319 953 3378 988 τε
3433 936 3534 998 τῆς
3590 924 3833 998 ποίμνης

2190 1045 2442 1116 Χριστοῦ,
2495 1038 2630 1092 κατά
2669 1055 2728 1088 τε
2769 1040 2868 1102 τῆς
2916 1026 3265 1098 Ἐκκλησίας,
3303 1021 3392 1077 καὶ
3466 1023 3564 1074 τοῦ
3622 1027 3832 1080 θεοστε-

2191 1105 2323 1207 φοῦς
2381 1105 2800 1202 αῦτοκράτορος.
2852 1121 3091 1194 Epistola
3133 1113 3490 1189 patriarchae,
3523 1125 3630 1182 qua
3687 1105 3834 1176 infa-

2191 1200 2306 1277 mia
2333 1200 2560 1275 notatur
2581 1221 2820 1273 Joannes
2850 1210 3087 1284 quidam
3133 1207 3372 1277 DrimyS,
3404 1200 3501 1272 qui
3546 1211 3834 1284 exmia"-

2191 1311 2320 1367 dam
2348 1309 2454 1364 sibi
2479 1308 2790 1363 societatem
2819 1282 3144 1357 conciliaret
3171 1298 3364 1351 contra
3410 1302 3627 1360 gregem
3677 1282 3840 1338 Chri-

2192 1401 2286 1465 sti,
2313 1401 2501 1454 contra
2537 1394 2853 1458 Ecclesium,
2887 1398 2940 1446 et
2986 1405 3021 1442 a
3072 1391 3186 1442 Deo
3237 1387 3559 1438 coronatum
3597 1376 3840 1445 impera-

2194 1493 2390 1544 torem.

2264 1597 2355 1652 66.
2389 1591 2623 1668 Γράμμα
2670 1589 2805 1664 πρὸς
2853 1587 2944 1640 τὸν
2986 1577 3375 1655 αὐτοκράτορα,
3431 1571 3696 1649 διεγεῖρον
3746 1566 3842 1622 αὐ-

2195 1685 2287 1740 τὸν
2340 1683 2416 1745 εἰς
2465 1681 2711 1736 σύστασιν
2762 1683 2862 1746 τῆς
2907 1669 3235 1741 Ἐκκλησίας
3285 1666 3374 1722 καὶ
3425 1660 3656 1735 ἐννόμου
3698 1663 3843 1728 ζωῆς

2197 1781 2301 1830 πᾶν
2350 1773 2414 1828 τὸ
2464 1772 2722 1840 ὑπήκοον.
2756 1767 2999 1840 Epistola
3045 1762 3114 1819 ad
3160 1760 3568 1832 imperatorem,
3599 1749 3848 1807 excitans

2198 1883 2322 1924 eum
2370 1869 2430 1920 ut
2477 1839 2807 1918 Ecclesium,
2833 1854 3141 1926 componat,
3173 1857 3224 1907 et
3263 1845 3505 1904 subditos
3551 1840 3621 1898 ad
3676 1839 3849 1896 vitam

505 1949 598 2004 57.
641 1945 785 2021 Πρὸς
834 1944 927 1999 τὸν
990 1942 1175 2013 αὐτὸν,
1220 1941 1344 2019 περὶ
1399 1945 1497 1996 τοῦ
1554 1939 1718 1994 αὐτοῦ
1769 1939 1859 1994 καὶ
1914 1936 2090 2010 αὖθις,

2228 1955 2501 2012 ecundum
2532 1953 2672 2020 leges
2699 1948 2952 2005 deducat.

435 2035 526 2091 καὶ
578 2035 656 2109 μὴ
723 2032 930 2089 πωλεῖν
980 2053 1102 2088 τινα
1159 2036 1306 2087 σῖτον
1357 2029 1480 2085 ἄνευ
1549 2026 1808 2100 εἷδήσεως
1855 2028 1945 2083 καὶ
1996 2031 2093 2081 τοῦ

439 2125 805 2201 πατριάρχου.
838 2124 920 2180 Ad
949 2123 1222 2194 eumdem,
1253 2123 1318 2178 de
1364 2121 1552 2178 eadem
1601 2137 1681 2188 re,
1716 2136 1779 2175 ac
1819 2135 1891 2174 ne
1917 2121 2097 2176 inscio

445 2215 764 2288 patriarcha
794 2215 1137 2286 frumentum
1163 2216 1393 2268 vaeneat.

512 2305 600 2360 58.
635 2303 872 2378 Γράμμα
919 2300 1054 2377 πρὸς
1100 2301 1192 2354 τὸν
1245 2297 1614 2374 αὐτοκράτορα
1657 2298 1781 2372 περὶ
1840 2301 1942 2352 τοῦ
2003 2295 2096 2351 αὖ·

443 2396 561 2463 τοῦ,
605 2391 694 2446 καὶ
759 2391 836 2464 μὴ
887 2388 1256 2463 τιμιουλκεῖν.
1314 2390 1555 2461 Epistola
1600 2388 1672 2444 ad
1718 2389 2102 2460 imperatorem

450 2483 515 2540 de
541 2482 730 2539 eadem
756 2497 834 2553 re,
867 2490 918 2537 et
945 2497 1014 2536 ne
1042 2481 1290 2550 pretium
1320 2495 1524 2548 augere
1553 2479 1734 2535 liceat.

510 2572 602 2626 59.
634 2567 871 2646 Γράμμα
911 2568 1052 2643 πρὸς
1099 2567 1192 2622 τὸν
1243 2565 1621 2642 αὐτοκράτορα
1667 2565 1794 2641 περὶ
1835 2569 1934 2620 τοῦ
1977 2571 2103 2640 παρ’

442 2657 638 2716 ἐλπίδα
682 2657 1052 2732 συμπεσόντος
1099 2663 1199 2725 τῆς
1239 2654 1524 2726 δεσποίνης
1573 2655 1601 2709 ὁ
1651 2656 1901 2718 θάνατος.
1934 2655 2106 2712 Falsa

443 2749 772 2822 inscriptio.
808 2747 1058 2804 lnscribi
1089 2747 1261 2803 debet
1295 2763 1308 2800 :
1343 2744 1580 2821 Γράμμα
1607 2743 1744 2816 πρὸς
1797 2745 1897 2813 τὴν
1950 2742 2102 2818 βασί-

446 2834 635 2892 λισσαν
682 2835 807 2912 περὶ
864 2839 961 2889 τοῦ
1025 2831 1133 2888 δεῖν
1196 2832 1362 2902 αὐτὴν
1427 2833 1681 2906 ὁμονοεῖν
1725 2837 1804 2904 τῷ
1865 2831 2102 2906 συζύγῳ.

452 2927 702 3000 Epistola
747 2925 819 2982 ad
865 2926 1298 2999 imperatricem,
1330 2924 1481 2996 quod
1530 2927 1780 2996 oporteat
1835 2939 1956 2979 eam
1984 2939 2108 2978 cum

451 3017 686 3089 conjuge
741 3016 986 3071 moribus
1040 3014 1348 3070 convenire.
1411 3013 1671 3068 Pertinet
1724 3011 1795 3068 ad
1862 3011 2109 3068 dissidia

452 3123 579 3179 quin
624 3107 863 3161 fuerunt
907 3104 1060 3160 iuter
1118 3102 1521 3159 Andronicum
1579 3101 1993 3174 imperatorem
2051 3105 2109 3156 et

455 3211 696 3252 uxorem
728 3195 857 3266 ejus
887 3195 1115 3264 Irenen,
1147 3194 1217 3248 de
1246 3191 1464 3264 quibus
1495 3193 1803 3264 Gregoras,
1836 3195 1945 3246 etc.

523 3286 612 3341 60.
646 3283 884 3359 Γράμμα
939 3281 1075 3356 πρὸς
1129 3280 1220 3335 τὸν
1278 3278 1651 3356 αὐτοκράτορα
1699 3278 1822 3356 περί
1869 3283 1966 3334 τοῦ
2008 3277 2106 3333 ὅσα

463 3345 700 3450 θεοφιλῆ.
765 3345 831 3424 ὀῖ
901 3345 1192 3431 ποθοῦντες
1271 3345 1612 3424 ὑποτίόενταί
1684 3345 1780 3422 καῖ’
1836 3368 2102 3444 βιάζουσι,
2137 3345 2181 3412 C
2215 3350 2286 3406 ΡΟ

452 3458 644 3538 κέρδος
686 3460 888 3516 οἰκεῖον
938 3456 1177 3538 ὀφείλειν
1232 3458 1362 3513 εἶναι
1412 3456 1825 3534 λογιζομένους.
1871 3461 2112 3532 Epistola

451 3553 524 3609 ad
568 3553 979 3624 imperatorem.
1034 3548 1185 3618 Quod
1228 3549 1274 3604 ii
1321 3549 1414 3621 qui
1460 3563 1646 3604 amore
1675 3548 1956 3604 ducuntur
2000 3553 2111 3604 Deo

451 3641 659 3712 placita
682 3641 1014 3710 suggerant,
1048 3645 1099 3692 et
1125 3654 1335 3710 magna
1364 3639 1422 3692 vi
1444 3637 1708 3710 perﬁcere
1748 3639 2023 3703 nitantur,
2055 3637 2113 3693 id

449 3728 558 3785 sibi
587 3729 738 3783 lucro
767 3742 884 3783 esse
913 3728 1044 3781 rati.

524 3818 614 3873 61.
646 3813 884 3891 Γράμμα
935 3815 1070 3889 πρὸς
1130 3813 1222 3868 τὸν
1278 3811 1504 3887 βασιλέα
1553 3813 1676 3890 περὶ
1725 3819 1822 3868 τοῦ
1891 3812 2113 3889 ὀρθοδό-

456 3907 568 3978 εοις
623 3902 808 3966 καλῶς
865 3903 1045 3980 κριθὲν
1099 3902 1391 3978 ἀνεγείρειν
1453 3903 1626 3966 θείους
1666 3903 1851 3977 ναοὺς,
1876 3904 1989 3959 εἶτα
2033 3910 2113 3976 τῷ

456 3995 593 4051 κατὰ
636 3990 841 4055 τόπους
892 3992 1192 4070 φροντίζειν
1258 3990 1490 4067 λαχόντι
1557 3992 1986 4065 καταπιστεύειν,
2037 3993 2113 4056 ὡς

459 4084 511 4138 οἱ
541 4085 680 4138 θεῖοι
733 4080 957 4143 κανόνες
992 4078 1420 4158 διαγορεύουσιν.
1453 4083 1695 4154 Epistola
1749 4083 1820 4138 ad
1873 4087 2112 4156 impera-

458 4181 660 4230 torem.
697 4173 858 4248 Quod
881 4171 1203 4229 orthodoxis
1233 4174 1371 4227 recte
1407 4174 1671 4226 statutum
1697 4175 1750 4228 et
1775 4176 2116 4245 propositum

457 4265 550 4332 sit,
580 4267 642 4318 ut
669 4263 864 4318 divina
912 4263 1121 4334 templa
1163 4262 1403 4317 excitent
1455 4278 1474 4315 :
1519 4263 1592 4316 iis
1635 4263 1733 4332 qui
1779 4264 1841 4316 in
1885 4263 2117 4319 diversis

459 4354 593 4410 locis
636 4353 705 4409 ad
751 4353 849 4408 hoc
895 4351 1143 4424 deputati
1187 4355 1316 4406 sunt
1363 4350 1732 4406 concredenda
1762 4369 1781 4405 :
1811 4359 1874 4406 ut
1936 4351 2118 4407 divini

458 4458 693 4499 canones
720 4443 1043 4498 enuntiant.

530 4533 621 4587 62.
651 4530 892 4606 Γράμμα
936 4527 1072 4603 πρὸς
1119 4528 1212 4582 τὸν
1266 4526 1638 4603 αὐτοκράτορα
1683 4529 1807 4603 περὶ
1852 4535 1950 4583 τοῦ
1981 4529 2114 4604 πρό-

460 4639 610 4673 νοιαν
660 4624 970 4694 προνοῆσαι
1001 4617 1110 4698 ,τὸν
1154 4617 1503 4692 πατριάρχην
1556 4616 1753 4692 ἆθάραν
1805 4618 1950 4691 ἒψεῖν
1991 4621 2116 4692 (sic)

2275 2066 2366 2118 67.
2411 2059 2647 2135 Γράμμα
2720 2054 2854 2131 πρὸς
2923 2047 3206 2122 ποιμένας,
3269 2045 3381 2135 μὴΔ
3417 2039 3851 2135 προσκυροῦσθαι

2204 2151 2338 2229 πρός
2393 2169 2543 2210 τινας
2607 2146 2773 2220 μονὰς
2820 2143 2916 2203 τὰς
2965 2140 3069 2195 ὑπὸ
3115 2141 3277 2214 χεῖρα
3326 2130 3525 2198 αὐτῶν,
3563 2127 3599 2196 ἢ
3647 2123 3851 2201 πιπρά-

3179 2225 3191 2229 -
3303 2223 3314 2229 -
3391 2221 3404 2229 .
3708 2211 3752 2229 -.

2206 2211 2372 2310 σκειν,
2412 2239 2448 2308 ἢ
2495 2237 2585 2293 καὶ
2608 2211 3196 2310 ’καταχαρίζεσθαιξεῖ
3251 2223 3326 2296 μὴ
3376 2221 3452 2282 ὡς
3499 2211 3856 2289 νενομοθετη-

2206 2353 2293 2387 ται
2345 2306 2662 2407 ipsum...
2695 2306 2936 2398 Epistola
2983 2320 3054 2376 ad
3097 2324 3374 2391 pastores,
3405 2327 3478 2367 ne
3517 2306 3858 2407 monasteria

2207 2396 2431 2479 subdita
2495 2419 2652 2490 quasi
2713 2396 3000 2488 propriam
3062 2405 3457 2481 possessionem
3527 2396 3856 2490 attribuant,

2210 2521 2307 2568 aut
2353 2485 2608 2576 vendant,
2642 2485 2736 2562 aut
2784 2485 2914 2559 aliis
2962 2498 3201 2565 tradant,
3249 2493 3365 2549 nisi
3394 2495 3561 2564 prout
3599 2485 3862 2543 canonice

2211 2607 2480 2658 statutum
2510 2607 2608 2654 est.

2282 2692 2372 2746 68.
2400 2685 2634 2763 Γράμμα
2687 2682 2826 2759 πρὸς
2876 2679 2967 2734 τὸν
3017 2671 3389 2750 αὐτοκράτορα
3442 2665 3567 2744 περὶ
3622 2667 3720 2719 τοῦ
3769 2681 3862 2715 πε-

2216 2752 2525 2856 ριποθήτου.
2562 2752 2827 2830 δεσπότου
2875 2771 2995 2825 υἱοῦ
3026 2765 3189 2821 αὐτοῦ
3219 2761 3486 2817 Ἰωάννου.
3520 2755 3768 2830 Epistola
3795 2752 3867 2808 ad

2214 2851 2628 2942 imperatorem,
2659 2866 2724 2921 de
2753 2863 2976 2934 despota
3004 2861 3218 2916 Joanne
3247 2868 3346 2909 suo
3376 2851 3513 2921 ﬁlio.

2285 2977 2376 3032 69.
2423 2973 2573 3048 Πρὸς
2646 2971 2737 3024 τὸν
2814 2965 3204 3041 αὐτοκράτορα,
3279 2956 3428 3018 ὅπως
3505 2955 3541 3022 ἡ
3615 2948 3868 3006 δέσποινα

2221 3063 2428 3140 βαρὲως
2484 3047 2614 3136 ἔσχε
2665 3059 2800 3113 κατὰ
2853 3059 2950 3111 τοῦ
3009 3053 3129 3107 υἱοῦ
3189 3049 3356 3115 αὐτῆς
3414 3047 3510 3098 τοῦ
3539 3056 3869 3112 πανευτυχε-

2218 3131 2412 3208 eum
2467 3131 2748 3205 δεσπότου.
2801 3147 2878 3202 Ad
2922 3145 3334 3216 imperatorem,
3383 3131 3648 3208 quomodo
3693 3131 3866 3200 impe-

2217 3246 2401 3300 ratrix
2447 3243 2691 3314 graviter
2731 3239 3040 3294 succenseat
3084 3233 3200 3304 ﬁlio
3247 3243 3343 3284 suo
3390 3221 3717 3297 felicissimo
3748 3217 3868 3274 des-

2287 3338 2381 3392 tae.

2289 3423 2378 3476 70.
2415 3419 2652 3495 Γράμμα
2699 3415 2835 3491 πρὸς
2884 3413 2974 3467 τὸν
3028 3407 3400 3484 αὐτοκράτορα
3452 3400 3576 3477 περὶ
3641 3401 3739 3495 τοῦ
3782 3393 3872 3495 δε-

2222 3510 2428 3566 σπότου
2467 3507 2557 3562 καὶ
2593 3507 2714 3561 υἱοῦ
2758 3503 2922 3558 αὐτοῦ
2961 3501 3236 3566 Ἰωάννου,
3269 3491 3552 3569 ἀναλόγως
3599 3487 3736 3565 πρὸς
3777 3484 3876 3547 τὰς

2222 3597 2440 3671 ἐξόδους
2495 3594 2584 3651 καί
2642 3599 2737 3649 τοῦ
2804 3593 3114 3664 ἀξιώματος
3172 3583 3319 3662 ἔχειν
3378 3585 3474 3645 τὰς
3533 3575 3869 3671 οἰκονομίας.

2223 3669 2466 3763 Epistola
2511 3687 2579 3744 ad
2627 3689 3038 3758 imperatorem,
3086 3680 3152 3735 de
3217 3677 3440 3732 domino
3502 3675 3554 3728 et
3605 3669 3718 3742 ﬁlio
3776 3681 3875 3763 suo

2219 3756 2446 3849 Joanne,
2478 3782 2539 3833 ut
2567 3793 2664 3848 pro
2693 3756 3000 3845 sumptibus
3039 3774 3091 3826 et
3123 3783 3224 3840 pro
3253 3767 3530 3836 dignitate
3558 3756 3874 3816 necessaria

2220 3871 2332 3941 ipsi
2358 3868 2863 3923 subministrentur.

2292 3978 2382 4031 71.
2417 3973 2653 4048 Γράμμα
2694 3968 2832 4044 πρὸς
2874 3967 2966 4022 τὸν
3008 3961 3380 4038 αὐτοκράτορα
3426 3957 3551 4033 περὶ
3589 3957 3687 4048 τοῦ
3733 3972 3870 4027 προ-

2221 4041 2588 4139 τρεψαμένου*
2628 4041 2895 4136 λαχόντος
2954 4053 3243 4130 διενεργεῖν
3300 4051 3369 4104 τὰ
3423 4041 3683 4119 δημώδη,
3745 4042 3871 4096 ἄνα-

2223 4158 2405 4228 γαγεῖν
2477 4170 2616 4222 τινα,
2676 4145 3014 4220 λαξευτηρίῳ
3091 4140 3318 4211 πατάξαι
3391 4136 3524 4213 πρὸς
3581 4150 3874 4205 καταστρο-

2225 4243 2329 4321 φὴν
2363 4239 2750 4311 ἐκτυπώματος
2799 4240 2896 4291 τοῦ
2943 4239 3223 4308 Σωτῆροςο
3256 4228 3346 4285 καὶ
3395 4224 3519 4302 περὶ
3565 4227 3662 4280 τοῦ
3712 4220 3873 4276 αὐθα-

2226 4314 2499 4391 δισθέντος
2558 4327 2789 4404 ἁρπάσαι
2845 4326 2936 4380 τὸν
3019 4329 3189 4378 σῖτον.
3250 4318 3485 4378 Titulus
3529 4314 3873 4371 mendosus.

2225 4422 2470 4494 Epistola
2500 4419 2569 4474 ad
2597 4402 3018 4491 imperatorem,
3051 4415 3115 4470 de
3151 4413 3503 4486 publicarum
3553 4421 3742 4461 rerum
3779 4402 3874 4458 ad-

2224 4512 2630 4577 ministratore,
2665 4510 2760 4580 qui
2785 4506 3077 4579 quemdam
3105 4503 3334 4560 induxit
3364 4508 3425 4554 ut
3451 4497 3634 4555 securi
3681 4494 3878 4562 imagi-

2225 4618 2352 4657 nem
2383 4600 2690 4656 Salvatoris
2724 4598 3041 4669 percuteret
3068 4609 3132 4650 ac
3154 4593 3413 4664 dejiceret
3442 4606 3461 4643 :
3491 4603 3556 4642 ac
3596 4587 3664 4641 dc
3689 4599 3753 4639 eo
3784 4582 3882 4654 qui

459 4707 586 4781 περὶ
641 4711 751 4761 τῶν
808 4710 1052 4781 πτωχῶν
1111 4704 1202 4759 καὶ
1275 4708 1503 4776 ζητῆσαι
1581 4689 1716 4775 ξύλα
1758 4689 1935 4761 τᾶ-τὸ
2003 4689 2106 4782 πῦρ

2228 4694 2566 4762 frumentum
2595 4689 2852 4757 abripere
2879 4700 3056 4741 ausus
3085 4690 3186 4740 est.

459 4796 751 4875 τρέφοντα.
781 4798 1044 4869 Epistola
1092 4795 1162 4851 ad
1210 4797 1613 4868 imperatorem,
1664 4806 1726 4853 ut
1777 4803 1932 4854 curet
1974 4813 2119 4854 com-

467 4888 760 4944 bustibitia
810 4887 967 4956 ligna
1027 4885 1391 4957 suppeditari,
1441 4901 1545 4956 quo
1586 4889 1762 4958 possit
1796 4886 2123 4959 patriarcha

458 4976 810 5049 pulmentum
833 4977 1176 5047 pauperibus
1205 4989 1451 5046 coquere.

534 5066 627 5121 63.
669 5063 908 5139 Γράμμα
952 5061 1090 5138 πρὸς
1137 5062 1228 5116 τὸν
1275 5059 1668 5137 αὐτοκράτορα,
1701 5060 1850 5124 ὅπως
1897 5060 2122 5125 ἕκαστος

461 5155 571 5208 τῶν
619 5151 922 5228 ἀρχιερέων
971 5153 1040 5224 τῇ
1105 5149 1354 5225 λαχούσῃ
1412 5154 1814 5227 προσκαρτερῇ,
1865 5151 1952 5205 καὶ
2000 5149 2123 5225 περί

461 5245 572 5296 τῶν
616 5227 833 5315 κλήρου
882 5237 1291 5318 ἀφηνιαζόντων
1338 5235 1512 5293 ἕνεκεν
1577 5227 1842 5318 όιρφικίων
1891 5242 1980 5294 καὶ
2031 5239 2122 5316 ῥό-

463 5349 586 5405 γας.
617 5331 874 5404 Bpistola
921 5330 994 5385 ad
1038 5330 1429 5401 imperatorem
1476 5337 1543 5385 ut
1589 5332 1819 5402 quisque
1848 5333 2126 5403 episcopus

465 5423 531 5478 in
557 5436 660 5477 sua
690 5421 930 5478 Ecclesia
955 5418 1220 5475 resideat.
1251 5420 1320 5474 Et
1347 5417 1414 5473 de
1441 5418 1663 5475 clericis
1693 5421 1792 5490 qui
1818 5419 2128 5491 ofﬁciorum

467 5519 521 5568 et
547 5525 706 5580 roga?
735 5525 906 5566 causa
931 5517 1279 5566 contumaces
1310 5511 1457 5562 sunt.

543 5600 635 5655 64.
689 5599 928 5673 Γράμμα
981 5596 1118 5673 πρὸς
1176 5595 1269 5649 τὸν
1329 5593 1700 5671 αὐτοκράτορα
1756 5598 1879 5672 περὶ
1949 5602 2047 5652 τοῦ
2095 5596 2129 5650 ἆ

471 5686 754 5766 ἀναφέρειν
806 5687 916 5763 οὐχ
963 5683 1139 5742 ἕνεκεν
1193 5681 1454 5763 (pilum?)
1507 5690 1795 5762 συγγενῶν,
1825 5688 1859 5756 ἢ
1911 5683 2125 5762 δώρων,

473 5778 510 5846 ἢ
545 5773 725 5849 δόξης.
753 5779 998 5852 Epistota
1034 5777 1107 5834 ad
1134 5778 1544 5850 imperatorem,
1576 5793 1633 5833 se
1659 5795 1729 5835 ea
1767 5793 1893 5850 quae
1937 5780 2128 5850 refert,

2299 4799 2390 4852 72.
2426 4793 2661 4870 Γράμμα
2719 4793 2856 4868 πρὸς
2911 4792 3003 4845 τὸν
3063 4789 3435 4864 αὐτοκράτορα
3491 4783 3615 4859 περὶ
3661 4783 3769 4836 τῶν
3804 4779 3880 4851 μὴ

2234 4885 2600 4955 θελησάντων,
2624 4880 2717 4937 ’ίνα
2775 4879 3064 4954 ἐκτελεσθῇ
3097 4881 3132 4948 ἡ
3167 4877 3328 4951 ἑορτὴ
3379 4879 3486 4930 τῶν
3549 4870 3704 4937 θείων
3749 4870 3886 4923 ἀπο-

2236 4973 2464 5030 στόλων.
2497 4972 2672 5035 Αὐτὸς
2729 4969 2787 5026 δὲ
2847 4972 2923 5044 μὴ
2968 4967 3340 5044 ἀνασχόμενος
3399 4963 3570 5031 ἐᾶσαι,
3604 4956 3889 5016 ἀπέστειλε

2232 5063 2322 5118 καὶ
2353 5061 2724 5137 προσαγωγὴν
2762 5064 2830 5135 τῇ
2890 5061 3009 5135 ἱερᾷ
3062 5055 3378 5131 λειτουργίᾳ
3433 5054 3523 5108 τὸν
3576 5047 3888 5120 πολυτίμη-

2233 5173 2322 5206 τον
2373 5151 2463 5206 καὶ
2515 5150 2766 5205 ποικίλον
2819 5146 3062 5224 ποδήρη.
3093 5145 3342 5220 Epistola
3391 5145 3461 5200 ad
3490 5144 3892 5215 imperatorem

2235 5243 2307 5298 de
2345 5243 2416 5297 iis
2462 5243 2559 5312 qui
2596 5241 2853 5297 nolebant
2888 5242 3086 5312 festum
3154 5238 3468 5294 divinorum
3515 5231 3891 5304 apostolorum

2235 5331 2503 5387 celebrari
2533 5350 2550 5384 :
2581 5337 2632 5386 et
2661 5331 2805 5401 quod
2835 5331 2952 5402 ipse
2980 5333 3282 5400 imperator
3310 5343 3426 5383 non
3458 5341 3654 5398 passus
3691 5325 3784 5389 sit,
3829 5326 3891 5379 ut

2238 5420 2296 5477 id
2319 5422 2860 5493 praetermitteretur,
2891 5428 2945 5475 et
2972 5433 3150 5476 sacra
3178 5417 3429 5487 liturgiae
3458 5418 3520 5472 in
3547 5415 3754 5471 donum
3781 5414 3890 5468 mi-

2237 5511 2372 5564 serit
2399 5512 2695 5581 pretiosam
2722 5525 2786 5564 ac
2814 5509 3104 5581 pulchram
3134 5510 3381 5562 tunicam
3417 5506 3678 5562 talarem.

2307 5601 2398 5654 73.
2452 5598 2686 5671 Γράμμα
2734 5597 2868 5673 πρὸς
2910 5597 3000 5652 τὸν
3053 5596 3425 5672 αὐτοκράτορα
3464 5595 3591 5670 περὶ
3651 5597 3748 5648 τοῦ
3794 5613 3889 5647 κυ-

2241 5692 2337 5764 ροῦ
2426 5686 2671 5764 Νίφωνος
2751 5682 2901 5748 ὄντος
2953 5686 3208 5756 Κυζίκου,
3263 5683 3351 5740 διὰ
3405 5684 3501 5747 τὰς
3556 5682 3890 5760 κατηγορίας

2237 5777 2333 5839 τὰς
2393 5775 2740 5840 ἀκουσθείσας
2790 5777 2915 5850 περὶ
2964 5776 3150 5833 αὐτοῦ.
3181 5779 3430 5849 Epistola
3474 5777 3553 5834 ad
3599 5777 3892 5847 imperato-
