4132 6480
263 430 384 496 479

269 657 710 715 accusationibus
739 660 850 732 ipsi
876 660 1093 717 oblatis.

338 747 435 803 74.
477 748 712 823 Γράμμα
766 747 1187 825 εὐχαριστήριον
1264 749 1402 826 πρὸς
1475 750 1568 819 τρν
1650 750 1915 827 αὐτοκρά-

265 855 418 911 τορα,
451 831 605 899 ὄντος
637 836 690 892 ἐν
718 837 886 912 ταύτῃ
912 842 981 912 τῇ
1011 836 1255 917 φροντίδι
1286 844 1383 895 τοῦ
1412 839 1645 913 κόσμου,
1682 841 1757 913 μὴ
1812 845 1918 894 τῶν

258 924 542 1001 πρωτείων
603 926 772 1003 ἑτέρῳ
818 934 1194 1004 παραχωρεῖν,
1245 930 1370 1003 περὶ
1418 934 1516 984 τοῦ
1565 929 1914 992 ἀκουσθέντος

252 1013 389 1088 αὐτῇ
444 1013 810 1079 ἀπολωλότος
865 1013 1163 1094 προϐάτου.
1217 1019 1451 1076 Titulus
1500 1020 1908 1077 inconcinnus.

251 1107 510 1178 Epistola
565 1109 623 1163 in
662 1110 977 1178 gratiarum
1032 1111 1307 1166 actionem
1357 1110 1434 1165 ad
1494 1112 1909 1181 imperatorem.

255 1193 407 1263 Quod
461 1212 586 1251 cum
630 1197 691 1252 in
738 1202 895 1254 tanta
938 1198 1136 1254 mundi
1161 1215 1298 1254 cura
1327 1200 1653 1255 constitutus
1675 1200 1770 1265 sit,
1800 1216 1909 1255 non

249 1284 419 1339 alteri
455 1286 674 1357 primas
717 1287 1001 1358 detulerit,
1034 1289 1097 1342 in
1141 1287 1453 1343 reducenda
1499 1303 1596 1343 ove
1622 1304 1787 1359 quam
1814 1305 1908 1360 pe-

247 1375 415 1429 riisse
441 1375 716 1432 audierat.

319 1464 411 1517 75.
464 1464 704 1537 Γράμμα
749 1464 874 1538 περί
929 1468 1190 1540 μοναχῶν
1233 1470 1339 1519 τῶν
1386 1466 1753 1538 καταπάτημα
1801 1470 1909 1519 τῶν

246 1549 404 1606 θείων
456 1551 695 1607 κανόνων
751 1553 935 1611 ἑκοντὶ.
982 1553 1386 1631 αἰρετισάντων,
1443 1554 1535 1609 καὶ
1592 1553 1903 1632 ἀποφυγόν-

244 1659 354 1693 των
398 1645 499 1709 τῆς
544 1639 749 1703 οἰκείας
800 1648 995 1715 μονῆς.
1038 1645 1291 1715 Epistola
1345 1643 1411 1700 de
1453 1644 1764 1714 monachis,
1811 1642 1907 1715 qui

246 1730 488 1787 arbitrio
532 1748 631 1789 suo
676 1749 861 1789 sacros
906 1749 1140 1791 canones
1184 1733 1597 1802 conculcarunt,
1629 1741 1685 1790 et
1724 1751 1760 1788 a
1787 1749 1903 1789 mo-

245 1821 487 1877 nasterio
510 1837 609 1877 suo
635 1822 995 1893 aufugerunt.

314 1910 405 1965 76.
438 1907 676 1985 Γράμμα
730 1912 868 1987 πρὸς
923 1912 1016 1966 τὸν
1091 1910 1482 1989 αὐτοκράτορα,
1544 1910 1609 1965 τὸ
1664 1910 1902 1987 ἀνηρτῆ-

250 2008 373 2063 σθαι
432 2000 569 2071 μετά
622 1998 753 2055 Θεὸν
791 1998 892 2055 ὅσα
943 1997 1010 2069 δὴ
1071 1997 1216 2071 δεξιά
1269 2000 1361 2055 καὶ
1393 2000 1644 2073 εὐώνυμα
1670 2001 1739 2055 τὰ
1766 2000 1905 2055 κατά

247 2091 464 2161 πνεῦμα
512 2089 698 2164 πατρί.
749 2092 994 2164 Epistola
1051 2091 1130 2148 ad
1184 2091 1589 2164 imperatorem,
1642 2096 1709 2147 ut
1779 2094 1907 2161 post

249 2178 424 2236 Deum
471 2180 587 2237 sive
638 2181 701 2236 in
741 2180 952 2237 dextris
998 2183 1112 2238 sive
1152 2182 1215 2237 in
1260 2182 1504 2237 sinistris
1530 2198 1566 2236 a
1592 2181 1906 2253 spiritualis

243 2269 425 2339 patris
448 2271 595 2324 nutu
621 2269 873 2342 pendeat.

319 2357 413 2412 77.
446 2356 684 2433 Γράμμα
730 2358 868 2434 πρὸς
915 2355 1006 2413 τὸν
1051 2357 1424 2433 αὐτοκράτορα
1470 2359 1595 2435 περὶ
1640 2362 1738 2413 τοῦ
1780 2359 1905 2413 ἀνα-

249 2445 664 2521 θεωρεῖσθαιτά
703 2450 811 2501 τῶν
862 2448 1220 2521 γεννημάτων
1265 2447 1356 2501 καὶ
1405 2443 1581 2522 ἄρτων
1637 2447 1770 2502 εἶναι
1830 2446 1905 2508 εἰς

248 2530 458 2589 δικαίαν
479 2533 761 2606 ἐξώνησιν.
793 2539 1040 2611 Epistola
1094 2538 1165 2595 ad
1221 2540 1631 2611 imperatorem,
1666 2541 1728 2593 ut
1770 2553 1903 2608 pro-

244 2624 430 2681 videat
457 2626 742 2697 fructuum
770 2631 825 2683 et
846 2628 1013 2700 panis
1044 2627 1414 2683 venditionem
1436 2627 1650 2699 justam
1679 2643 1810 2683 esse.

320 2714 408 2768 78.
458 2712 697 2790 Γράμμα
745 2711 1009 2791 διεγεῖρον
1061 2712 1306 2792 βασιλεῖς
1354 2715 1445 2770 καὶ
1494 2710 1765 2792 ἄρχοντας
1811 2714 1903 2769 καὶ

244 2806 349 2856 πᾶν
387 2801 451 2856 τὸ
507 2802 749 2874 ὑπήκοον
802 2804 940 2881 πρὸς
1000 2805 1330 2883 ἐπιστροφὴν
1402 2805 1544 2881 πρὸς
1626 2805 1757 2859 Θεὸν
1812 2803 1902 2858 καὶ

1384 437 1818 503 ATHANASII
1860 438 1981 503 ΟΡ.
2025 437 2562 504 PATRIARCHE

265 582 389 623 rem
432 566 503 625 de
542 566 765 626 domino
818 568 1083 643 Niphone,
1117 570 1382 643 Cyziceno
1427 575 1698 645 episcopo,
1747 577 1800 628 et
1847 574 1915 629 de
1942 575 1999 642 Α

3561 439 3686 503 480

2099 574 2186 629 79.
2240 572 2572 648 Παραίτησις
2638 577 2739 643 τῆς
2803 570 3029 649 πρώτης
3074 567 3440 649 πατριαρχίας
3489 568 3673 630 αὐτοῦ.

2027 665 2308 720 Abdicatio
2336 663 2542 737 prioris
2569 663 3005 736 patriarchatus.

2096 753 2186 807 80.
2235 750 2566 827 Παραίτησις
2632 757 2731 821 τῆς
2796 748 3045 827 δευτέρας
3112 750 3500 828 πατριαρχίας.
3570 759 3676 810 P0-

2024 841 2270 898 sterioris
2295 842 2706 914 patriarchatus
2734 842 3031 898 abdicatio.

2094 932 2184 987 81.
2236 935 2359 992 Τοῖς
2422 928 2739 1004 ἱερωτάτοις
2807 930 3115 1006 ἀρχιερεῦσι
3184 934 3339 1001 Θεοῦ,
3406 929 3498 984 καὶ
3557 936 3674 1006 τοῖς

2025 1016 2390 1089 ἐνδοξοτάτοις
2438 1024 2555 1081 τοῖς
2604 1024 2705 1088 τῆς
2767 1004 3077 1094 συγκλήτου
3144 1016 3372 1094 βουλῆς,
3422 1019 3512 1074 καὶ
3559 1004 3676 1081 τοῖς

2021 1107 2391 1181 ἐντιμοτάτοις
2418 1111 2516 1163 τοῦ
2552 1106 2766 1184 κλήρου
2815 1108 3013 1180 ἱερεῦσι
3062 1107 3152 1162 καὶ
3204 1107 3519 1180 μονάζουσι,
3561 1114 3677 1171 τοῖς

2018 1218 2077 1252 τε
2140 1199 2607 1273 στρατευομένοις,
2651 1195 2741 1251 καί
2805 1202 2925 1259 τοῖς
2988 1203 3089 1267 τῆς
3153 1195 3432 1259 πολιτείας
3501 1197 3674 1253 πλου-

2021 1286 2163 1349 σίοις
2226 1308 2286 1341 τε
2348 1286 2440 1341 καὶ
2504 1285 2827 1360 πενομένοις
2887 1285 2978 1340 καὶ
3044 1283 3267 1362 ἀνδράσι
3330 1286 3421 1341 καὶ
3467 1287 3673 1363 γυναιξὶ

2020 1382 2149 1431 πᾶσι
2201 1374 2464 1447 διηνεκῶς
2512 1381 2875 1452 χορηγεῖσθαι
2924 1375 2987 1430 τὸ
3035 1380 3133 1431 τοῦ
3183 1378 3317 1431 Θεοῦ
3365 1374 3671 1452 ἐπεύχομαι

2016 1463 2189 1528 ἔλεος.
2251 1466 2624 1523 Sanctissimis
2692 1467 2791 1522 Dei
2856 1466 3219 1537 praesulibus,
3276 1467 3670 1536 gloriosissimo

2014 1558 2257 1627 senatui,
2288 1560 2341 1612 et
2371 1555 2809 1611 honoratissimis
2834 1572 2864 1612 e
2892 1555 3038 1612 clero
3067 1554 3437 1611 sacerdotibus
3478 1559 3531 1611 et
3551 1573 3671 1613 mo-

2013 1646 2246 1715 nachis;
2276 1646 2347 1700 iis
2377 1646 2548 1701 etiam
2574 1645 2674 1717 qui
2713 1643 2994 1701 militiam
3038 1647 3312 1713 exercent,
3342 1660 3407 1700 ac
3460 1645 3675 1701 civibus

2013 1735 2276 1791 divitibus
2300 1735 2754 1806 pauperibusque
2781 1734 2919 1788 viris
2948 1736 3001 1789 et
3044 1734 3381 1790 mulieribus
3421 1734 3675 1789 omnibus

2012 1825 2111 1880 Dei
2138 1821 2581 1879 misericordiam
2607 1823 2859 1892 conferri
2887 1822 3158 1894 supplico.

2082 1912 2172 1966 82.
2206 1908 2443 1985 Γράμμα
2491 1907 2683 1965 σταλὲν
2734 1913 2813 1981 τῷ
2861 1907 2951 1964 ἐπὶ
2995 1913 3105 1964 τῶν
3156 1908 3394 1980 δεήσεων
3424 1909 3549 1985 περὶ
3578 1910 3674 1973 τὰς

2012 2001 2249 2075 ψήφους,
2282 1998 2345 2062 ἃς
2394 2001 2727 2070 πεποιήκασι
2777 1995 2867 2053 διὰ
2909 1998 3002 2053 τὸν
3045 1997 3298 2068 Κυζίκου,
3351 1996 3502 2061 ὅπως
3551 2021 3675 2054 ποι-

2015 2093 2165 2144 οῦσιν
2195 2086 2354 2143 αὐτὸν
2388 2088 2762 2164 πατριάρχην.
2797 2090 3044 2162 Epistola
3091 2090 3168 2146 ad
3222 2091 3553 2162 magistrum
3598 2091 3676 2148 li-

2016 2181 2282 2238 bellorum
2329 2181 2661 2252 supplicum,
2709 2178 2778 2234 de
2816 2180 3081 2236 electione
3124 2196 3239 2252 qua
3291 2188 3509 2237 creatus
3565 2198 3671 2254 pa-

2015 2268 2267 2325 triarcha
2290 2270 2477 2340 fuerat
2505 2269 2786 2339 episcopus
2818 2267 3027 2340 Cynici.

2084 2359 2174 2413 83.
2230 2354 2467 2433 Γράμμα
2516 2353 2907 2434 ἀνεπίγραφον,
2966 2373 3072 2414 seu
3141 2358 3559 2431 fragmentum,
3609 2359 3671 2414 in

2015 2464 2132 2521 quo
2162 2451 2476 2504 accusatus
2504 2446 2584 2519 (l)
2613 2446 2874 2519 pontifex
2916 2452 3192 2519 provocat
3238 2448 3311 2503 ad
3356 2449 3669 2521 synodum,

2015 2543 2081 2592 ut
2108 2536 2159 2593 si
2192 2535 2444 2592 crimina
2471 2535 2704 2606 objecta
2750 2551 2888 2591 vera
2939 2552 3070 2592 esse
3098 2540 3310 2608 pateat,
3344 2537 3674 2608 deponatur

2013 2630 2073 2683 et
2103 2624 2499 2699 ignominiose
2528 2623 2837 2696 ejiciatur;
2869 2624 2961 2681 sin
2994 2626 3216 2697 minus,
3250 2625 3539 2683 delatores
3570 2643 3675 2700 pu-

2016 2715 2279 2772 niantur.

2086 2805 2177 2859 84.
2208 2801 2444 2878 Γράμμα
2492 2801 2618 2877 περὶ
2664 2804 2761 2856 τοῦ
2812 2805 2932 2864 πῶς
2983 2800 3075 2857 καὶ
3126 2799 3373 2858 διατίτά
3406 2807 3514 2858 τῶν
3565 2824 3671 2858 πα-

251 2888 561 2963 μετάνοιαν.
621 2896 865 2966 Epistola
919 2912 1027 2967 qua
1084 2897 1471 2968 imperatores,
1525 2896 1808 2967 principes
1856 2901 1906 2951 et

2034 2893 2341 2964 ιαιτήσεων,
2393 2897 2495 2959 τῆς
2564 2891 2813 2965 πρώτης,
2860 2890 3029 2968 φημὶ,
3078 2891 3168 2947 καὶ
3242 2894 3344 2960 τῆς
3393 2889 3669 2968 δευτέρας,

245 2997 431 3039 omnes
475 2983 695 3041 subditi
737 2985 809 3041 ad
852 2986 1259 3042 conversionem
1295 2989 1351 3041 et
1399 2984 1471 3041 ad
1514 2986 1907 3057 paenitentiam
2016 2980 2282 3059 ἐγένοντο.
2340 2978 2602 3054 Epistola.
2662 2980 2949 3055 Quomodo
3026 2985 3078 3037 et
3156 2998 3330 3054 quare
3381 2984 3570 3055 prima
3617 2989 3675 3039 et

244 3073 579 3129 excitantur.
2013 3072 2254 3131 secunda
2280 3072 2693 3144 patriarchatus
2719 3070 2994 3127 abdicatio
3023 3073 3177 3143 facta
3200 3074 3292 3129 sit.

322 3259 405 3316 Ex
458 3258 576 3318 illis
633 3264 828 3317 autem
889 3262 1199 3319 duodecim
1229 3260 1493 3334 epistolis
1523 3262 1596 3317 ad
1631 3261 2067 3333 imperatorem,
2101 3277 2252 3333 quas
2290 3258 2466 3331 paulo
2507 3258 2781 3330 superius
2810 3259 3238 3330 recensuimus,
3267 3260 3341 3316 de
3380 3259 3678 3318 residendi

251 3347 601 3406 necessitate
629 3351 907 3408 omnibus
936 3350 1227 3424 episcopis
1256 3349 1635 3424 imponenda,
1668 3354 1788 3406 tres
1819 3349 1987 3407 edita:
2026 3349 2189 3405 fuere
2220 3365 2256 3404 a
2281 3347 2633 3417 Turrianno,
2664 3348 2870 3405 Latine
2907 3353 3163 3417 tantum,
3196 3348 3499 3406 Florentiae
3547 3353 3683 3424 post

250 3435 470 3495 librum
499 3439 571 3495 de
600 3438 919 3497 residentia
947 3444 1290 3512 pastorum;
1323 3456 1462 3496 nam
1492 3439 1750 3512 quinque
1775 3438 1902 3496 alia;
1940 3436 2247 3495 Athanasii
2277 3435 2537 3509 epistolae
2567 3437 2838 3509 ejusdem
2868 3438 3226 3512 argumenti,
3257 3455 3403 3511 quas
3459 3438 3679 3496 ibidem

251 3525 435 3583 edidit
478 3527 803 3585 Turrianus
848 3528 1049 3586 Latine
1093 3533 1349 3599 tantum,
1381 3545 1498 3586 non
1549 3528 1923 3602 reperiuntur
1957 3529 2115 3585 inter
2157 3526 2436 3600 epistolas
2483 3525 2792 3583 Athanasii
2839 3526 2901 3582 in
2954 3526 3194 3584 laudato
3244 3528 3444 3586 codice
3475 3528 3680 3602 Regio.

250 3615 525 3672 Turriani
582 3621 780 3673 autem
820 3618 1092 3675 Latinum
1150 3618 1330 3675 trium
1384 3617 1622 3674 illarum
1678 3617 2084 3691 epistolamm,
2115 3616 2315 3673 verius
2365 3615 2585 3672 dixeris
2644 3615 3053 3688 paraphrasim
3109 3634 3289 3689 quam
3326 3617 3679 3674 versionem.

249 3703 700 3761 Abdicationem
731 3705 943 3779 prioris
984 3707 1417 3780 patriarchatus
1464 3706 1795 3775 Athanasii,
1836 3722 1906 3763 ne

2034 3723 2065 3762 n
2106 3702 2432 3779 παραίτησιν
2483 3711 2585 3773 τῆς
2639 3700 2890 3779 δευτέρας
2940 3706 3307 3781 πατριαρχίας
3358 3705 3524 3761 αὐτοῦ
3570 3706 3680 3762 ha-

251 3792 355 3848 bes
388 3793 576 3850 editas
602 3812 638 3851 a
665 3795 928 3853 Boivinio
958 3797 1018 3851 in
1047 3796 1214 3852 Notis
1244 3797 1312 3853 ad
1348 3797 1669 3870 Gregoram
1726 3800 1921 3852 Grece
1975 3799 2235 3863 tantum,
2266 3795 2369 3851 ubi
2430 3794 2609 3851 etiam
2668 3795 2959 3867 reperitur
2996 3795 3222 3852 editum
3282 3796 3682 3869 fragmentum

249 3879 414 3938 illius
461 3883 739 3956 Epistolas
790 3886 1115 3959 Athanasii,
1147 3885 1273 3961 περὶ
1315 3889 1412 3940 τοῦ
1454 3889 1575 3947 πῶς
1622 3886 1715 3939 καὶ
1760 3882 1901 3940 διατί

2056 3886 2164 3937 τῶν
2218 3884 2622 3958 παραιτήσεων,
2653 3889 2754 3953 τῆς
2804 3883 3052 3960 πρώτης,
3086 3884 3253 3962 φημὶ,
3286 3883 3375 3939 καὶ
3407 3881 3681 3959 δευτέρας,

251 3966 523 4044 ἐγένοντο.
551 3973 670 4030 Nos
724 3978 923 4032 autem
980 3980 1109 4032 tres
1157 3975 1438 4049 epistolas
1488 3976 1756 4046 ejusdem
1788 3973 2095 4030 Athanasii
2141 3973 2206 4029 de
2234 3974 2445 4031 Judwis
2498 3975 2638 4030 urbe
2689 3974 2961 4046 pellendis
3015 3991 3197 4046 supra
3253 3972 3359 4029 lib.
3392 3992 3455 4045 ιι,
3489 3975 3684 4032 Graece

248 4063 480 4117 tantum
509 4062 825 4119 edidimus.
860 4064 1025 4121 Libet
1052 4068 1249 4121 autem
1280 4065 1453 4121 nobis
1483 4064 1579 4120 hic
1608 4064 1936 4121 exscribere
1978 4062 2417 4120 abdicationem
2458 4062 2671 4136 prioris
2718 4062 3153 4136 patriarchatus
3183 4062 3512 4131 Athanasii,
3544 4080 3681 4120 cum

250 4154 455 4207 nostra
485 4152 691 4208 Latina
720 4155 1027 4224 versione;
1062 4170 1201 4210 nam
1230 4171 1300 4211 ex
1328 4170 1398 4211 ea
1427 4157 1691 4227 apparet,
1728 4150 2129 4208 Athanasium
2162 4135 2477 4208 abdicasse
2514 4135 2980 4225 patriarchatum
3041 4151 3360 4209 indictione
3405 4151 3682 4225 septima,

253 4240 359 4297 hoc
388 4245 497 4314 est,
529 4258 685 4299 anno
715 4242 933 4300 Christi
965 4244 1127 4311 1293,
1160 4248 1228 4300 ut
1256 4260 1438 4317 supra
1466 4260 1536 4299 ex
1569 4242 1923 4316 Pachymere
1975 4240 2233 4297 diximus
2258 4260 2271 4312 ;
2308 4242 2407 4313 qui
2433 4244 2714 4314 praeterea
2743 4240 2995 4314 scriptor
3023 4241 3334 4315 subjnngit
3365 4241 3425 4298 id
3459 4242 3683 4298 factum

252 4329 347 4386 die
395 4330 626 4387 decima
673 4337 838 4389 sexta
885 4332 1110 4389 mensis
1158 4332 1443 4389 Octobris.
1478 4332 1675 4388 Refert
1719 4334 1778 4387 et
1822 4328 2212 4402 Pachymeres
2239 4327 2567 4404 παραίτησιν
2598 4329 2815 4402 prioris
2864 4329 3306 4402 patriarchatus
3353 4329 3684 4398 Athanasii,

252 4419 354 4475 sed
386 4419 445 4475 in
478 4420 685 4479 multis
716 4421 949 4479 diversa
976 4427 1069 4480 est
1097 4422 1171 4479 ab
1201 4422 1332 4493 hac,
1366 4438 1494 4494 quae
1526 4421 1609 4478 sic
1638 4420 1892 4477 habetur
1920 4419 1983 4474 in
2012 4419 2213 4476 codice
2242 4420 2419 4492 Regio
2451 4418 2591 4475 olim
2623 4418 2950 4476 Telleriano
2982 4435 2996 4474 :

592 4528 875 4587 Abdicatio
899 4531 1107 4603 prioris
1132 4530 1568 4603 patriarchatus.

2188 4524 2518 4597 Παραίτησις
2547 4530 2647 4595 τῆς
2678 4525 2904 4598 πρώτης
2935 4523 3303 4602 πατριαρχίας
3332 4525 3518 4583 αὐτοῦ.

325 4618 471 4672 Cum
516 4615 788 4674 Ecclesiae
833 4617 1051 4674 Christi
1089 4633 1312 4688 curam,
1347 4633 1415 4673 eo
1446 4632 1562 4689 quo
1593 4616 1755 4672 novit
1783 4615 1911 4688 ipse

251 4704 497 4777 judicio,
530 4706 941 4779 suscepimus;
973 4723 1108 4762 cum
1136 4705 1212 4763 iis
1242 4705 1562 4763 Ecclesiam
1592 4707 1721 4777 ejus
1752 4704 1909 4760 scin-

254 4795 392 4852 dere
408 4794 684 4853 volebant
703 4795 1147 4853 contumeliosis
1169 4795 1512 4852 hominibus
1532 4793 1910 4864 ulciscendis,

253 4887 382 4940 tum
413 4884 774 4957 depellendis
819 4885 894 4941 iis
924 4886 1027 4959 qui
1058 4885 1116 4941 in
1147 4884 1508 4957 impuritate,
1542 4882 1832 4940 adulterio
1858 4887 1915 4938 et

255 4972 641 5031 fornicatione
670 4974 1020 5048 deprehensi
1060 4975 1311 5043 fuerant,
1341 4990 1457 5030 non
1508 4973 1730 5029 frustra
1776 4988 1910 5045 ope-

256 5078 380 5118 ram
414 5063 1166 5136 posuimus.lgnoravimus
1190 5067 1386 5117 autem
1419 5062 1720 5133 improbos
1742 5077 1914 5133 quos-

256 5153 393 5208 dam
426 5151 584 5209 mala
612 5169 718 5226 pro
748 5153 918 5210 nobis
949 5152 1269 5226 rependere
1296 5150 1369 5207 iis
1392 5153 1494 5223 qui
1516 5150 1912 5224 principatum

257 5241 544 5309 obtinent,
576 5241 717 5315 quia
747 5258 809 5299 se
841 5243 911 5299 ad
944 5241 1126 5299 vitam
1156 5240 1484 5297 secundum
1516 5240 1704 5313 legem
1736 5256 1912 5314 agen-

258 5330 394 5387 dam
428 5329 782 5404 compellent
811 5348 823 5387 :
858 5330 944 5386 illi
972 5331 1130 5387 enim
1161 5331 1452 5386 immanes
1492 5328 1763 5385 homines
1822 5345 1913 5384 ar-

259 5423 425 5492 repta
453 5419 759 5477 occasione
787 5421 949 5492 ipsos
977 5421 1037 5475 in
1052 5421 1157 5492 jus
1185 5422 1409 5486 vocant,
1433 5418 1504 5474 de
1534 5418 1913 5474 administra-

257 5507 417 5565 tione
463 5525 592 5565 sua.
645 5513 787 5565 Cum
836 5515 1035 5566 tamen
1077 5510 1119 5565 ii
1167 5507 1267 5579 qui
1299 5507 1473 5563 hodie
1503 5506 1773 5581 publicas
1820 5523 1914 5563 res

261 5598 700 5665 administrant,
726 5615 842 5656 non
869 5598 1017 5655 tales
1047 5600 1105 5654 in
1136 5596 1649 5655 administratione
1679 5614 1791 5654 sua
1818 5614 1914 5653 ac-

328 5706 409 5778 (1)
441 5706 571 5778 Ipse
590 5702 826 5778 scilicet
855 5703 1237 5778 Athanasius.

329 5707 383 5774 (1
441 5706 571 5778 Ipse
599 5706 826 5762 scilicet
855 5706 1237 5762 Athanasius.

329 5706 550 5852 (ZijPro
579 5775 936 5853 ἀναγκάζουσι
964 5776 1052 5834 vel
1083 5775 1495 5853 ἀναγκάζονται.

2091 4617 2200 4682 Τῆς
2262 4617 2498 4689 Χριστοῦ
2548 4612 2876 4684 Ἐκκλησίας
2940 4615 3025 4676 οῖς
3076 4612 3238 4677 αὐτὸς
3287 4611 3403 4670 οἶδε
3454 4615 3685 4693 κρίμασι

2018 4702 2120 4771 τήν
2189 4700 2451 4779 φροντίδα
2517 4699 2820 4776 δεξάμενοι,
2873 4702 2972 4758 οὐκ
3039 4700 3537 4782 ἐξησφαλίσθημεν,
3583 4710 3684 4761 τοῦ

2027 4793 2169 4865 μήτε
2194 4790 2325 4854 τοὺς
2377 4792 2743 4868 σχιζομένους
2791 4798 2893 4862 τῆς
2935 4791 3264 4862 Ἐκκλησίας
3307 4798 3543 4871 Χριστοῦ
3590 4794 3682 4851 καὶ

2025 4875 2280 4958 ὑϐριστὰς
2339 4879 2506 4936 αὐτοῦ
2571 4885 2860 4957 τιμωρεῖν,
2916 4883 3057 4955 μήτε
3113 4880 3242 4945 τοὺς
3308 4881 3681 4960 ἀκαθαρσίαις,

2027 4968 2305 5045 μοιχείαις
2351 4991 2413 5025 τε
2457 4969 2548 5025 καὶ
2597 4969 2877 5045 πορνείαις
2929 4968 3243 5034 ἑαλωκότας
3288 4971 3678 5051 ἀναχαιτίζειν.

2024 5059 2401 5135 Ἠγνοήσαμεν
2451 5056 2510 5114 δὲ
2554 5056 2641 5114 ὅτι
2705 5058 2796 5114 καὶ
2865 5058 2933 5114 τά
2999 5060 3217 5138 πονηρά
3283 5061 3402 5116 ἀντὶ
3462 5061 3681 5139 ἀγαθῶν

2025 5146 2394 5226 ἀντιστρόφως
2444 5149 2498 5204 οἱ
2537 5145 2737 5227 φαῦλοι
2772 5145 3184 5205 ἀνταποδιδόναι
3226 5146 3345 5213 τδῖς
3395 5147 3682 5228 ἄρχουσιν,

2024 5236 2101 5299 ὡς
2160 5235 2401 5310 ἐννόμως
2466 5241 2561 5313 ζῇν
2617 5237 3012 5314 ἀναγκάζοντας
3069 5239 3166 5314 (2).
3227 5244 3432 5317 Καιροῦ
3489 5239 3682 5319 δραξά-

2029 5346 2205 5400 μενοι,
2259 5326 2483 5398 ἀπηνεῖς
2543 5326 2955 5404 εἰσπράττονται
3034 5325 3187 5392 δίκας
3251 5328 3447 5393 αότοὺς
3493 5330 3547 5387 ἐν
3600 5333 3683 5395 οἷς

2023 5435 2158 5471 ποτε
2213 5411 2540 5488 διῳκήκασι’
2585 5416 2675 5473 καὶ
2723 5420 2892 5473 ταῦτα
2942 5415 3085 5491 μηδὲ
3120 5422 3237 5482 τοῖς
3288 5417 3566 5496 ἐνεργοῦσι
3607 5423 3685 5497 (3)

2022 5506 2264 5582 σήμερον
2315 5507 2382 5560 τὰ
2450 5502 2713 5581 δημόσια,
2781 5505 3036 5570 τοιαύτας
3104 5505 3157 5562 ἐν
3227 5508 3310 5571 οἷς
3375 5508 3684 5587 ἐνήργησαν

2025 5592 2338 5669 ὑπεχόντων
2413 5593 2652 5663 εὐθύνας,
2711 5592 2809 5651 ὅσα
2874 5595 2942 5691 ἢ,
2976 5596 3305 5674 κακοτρόπῳ
3364 5600 3582 5676 γνώμῃ,
3647 5600 3681 5669 ἢ

2095 5703 2173 5776 (3)
2202 5703 2311 5760 Pro
2340 5705 2447 5756 τῶν
2482 5700 2867 5781 ἐνεργούντων.
