4132 6446
406 407 522 479 481

1905 406 2332 479 EPISTOLIE.

3657 485 3663 490 ,
3707 410 3828 481 482

407 548 599 625 ἀγνοίᾳ
641 546 778 603 κατὰ
830 550 929 602 τοῦ
991 543 1201 603 δικαίου
1266 547 1736 625 πεπαρῳνήκασιν.
1787 545 1969 621 Ἀλλ’,
2018 546 2063 602 ὣ

2180 550 2424 606 cusandi
2477 566 2687 607 causas
2734 544 3038 617 dederint;
3072 544 3276 620 quales
3322 548 3410 604 illi
3450 550 3569 606 sive
3598 565 3668 607 ex
3711 551 3831 607 im-

402 641 513 693 τῶν
571 635 720 710 ἐμῶν
767 640 968 708 κακῶν,
1011 636 1088 698 ὡς
1139 633 1283 709 μηδὲ
1330 635 1428 692 κᾶν
1479 633 1568 692 ἷ¹σα
1606 635 1823 700 τούτοις
1874 634 2067 706 ἐξισω-

409 728 569 796 θῆναι
638 725 730 780 καὶ
794 725 863 781 τὰ
916 724 1190 801 ἡμέτεραι
1242 727 1344 781 Καὶ
1411 725 1458 781 εἰ
1526 725 1617 781 καὶ
1677 725 1836 781 πόθεν
1899 729 2068 780 ταῦτα

408 811 641 884 ἐπῆλθεν
668 816 805 888 ἡμῖν
834 810 1022 885 ἀδηλα
1047 819 1166 877 τοῖς
1203 813 1468 884 πολλοῖς,
1498 813 1627 871 ἀλλ’
1674 814 1803 891 οὐχὶ
1851 814 1941 869 καὶ
1986 818 2066 886 τῷ

410 908 546 977 Θεῷ.
595 904 654 957 Ὀ
728 903 831 980 γάρ
900 902 1068 959 εἰπὼν
1132 903 1647 981 παρρησιασάμενος
1709 905 1846 981 πρὸς
1910 903 2063 975 Θεὸν,

413 1016 442 1044 ‹‹
481 994 539 1047 '0
592 994 764 1062 ζῆλος
804 995 902 1047 τοῦ
951 988 1105 1048 οἷ’κου
1142 1014 1239 1048 σου
1286 992 1552 1073 κατέφαγέ
1602 1015 1687 1068 με,
1739 1018 1768 1046 ››
1819 993 1935 1048 εἶπε
1974 992 2064 1048 καὶ

406 1082 493 1156 τὸ,
543 1104 573 1134 ιι
621 1082 686 1136 Οἱ
733 1078 1040 1155 ὀνειδισμοὶ
1105 1087 1212 1138 τῶν
1276 1080 1647 1153 ὀνειδιζόντων
1698 1104 1757 1139 σε
1805 1081 2062 1139 ἐπέπεσον

412 1170 495 1225 ἐπ’
541 1169 658 1243 ἐμέ.
693 1192 723 1222 »
773 1166 909 1224 Οὐδὲ
949 1170 1053 1247 γὰρ
1100 1169 1383 1248 ἡμετέρων
1440 1170 1603 1244 μόνον
1663 1175 1831 1227 ταῦτα
1892 1168 2064 1250 σφαλ-

417 1260 597 1334 μάτων
669 1257 991 1322 ἆντέκτισις.
1042 1259 1141 1314 Καὶ
1209 1261 1372 1337 χάρις
1419 1265 1550 1334 Θεῷ*
1600 1260 1692 1316 ναὶ
1754 1262 1920 1334 ἡμεῖς
1969 1260 2062 1334 μὲν

410 1344 763 1421 ἀδικούμενοι
792 1346 988 1420 οὕτως,
1021 1347 1121 1403 οὐκ
1150 1346 1504 1422 ἀδικούμεθα’
1539 1348 1622 1404 ὅτι
1668 1350 1761 1405 τὸν
1815 1349 1892 1422 μὴ
1943 1348 2066 1403 ἐαυ-

406 1436 500 1491 τὸν
551 1433 839 1492 ἀδικοῦντα
904 1433 1083 1499 οὐδεὶς
1148 1434 1366 1493 δύναται
1427 1432 1809 1515 παραϐλάψαι⁹
1856 1441 1892 1508 ἠ
1942 1438 2064 1493 Ἐκ-

406 1522 611 1596 κλησία
667 1522 725 1580 δὲ
779 1523 946 1581 πάλιν
1009 1521 1239 1603 ὑϐρίσθη
1296 1526 1387 1581 καὶ
1446 1525 1755 1601 ἐζημιώθη.
1788 1526 1879 1589 Τίς
1938 1523 2062 1597 δὲὴ

409 1613 583 1687 ζημία
608 1633 622 1684 ;
652 1618 769 1669 Τῶν
816 1618 1076 1691 μοναχῶν
1112 1615 1203 1671 καὶ
1256 1619 1626 1689 μοναζουσῶν,
1654 1616 1746 1671 καὶ
1796 1620 1894 1672 τοῦ
1943 1614 2062 1671 λοι-

407 1708 514 1759 ποῦ
564 1703 959 1781 Χριστωνύμου
1007 1702 1164 1777 λαοῦ,
1190 1708 1300 1759 τῶν
1348 1704 1441 1780 μὲν
1496 1703 1671 1781 λόγῳ,
1710 1709 1819 1760 τῶν
1873 1702 1930 1760 δὲ
1975 1707 2065 1759 καὶ
2104 1718 2108 1723 ’

414 1791 507 1869 βίᾳ
567 1790 884 1868 βλεψάντων
944 1793 1081 1870 πρὸς
1154 1794 1217 1849 τὸ
1279 1793 1622 1869 σεμνότερον,
1673 1794 1749 1856 ὡς
1818 1793 2063 1870 καταιγὶς

409 1881 572 1958 ἀγρία
645 1882 842 1957 ἀθρόον
919 1881 1330 1954 ἐπεισπεσοῦσα,
1380 1885 1415 1953 ἡ
1487 1885 1607 1947 καθ’
1671 1885 1835 1957 ἡμῶν
1910 1877 2065 1960 ὕϐρις

407 1971 544 2046 πρὸς
582 1971 652 2026 τὰ
695 1969 994 2048 σεμνότερα
1041 1966 1279 2049 ἔτρεψεν,
1313 1973 1376 2026 Ἡ
1424 1968 1483 2026 δὲ
1525 1966 1681 2049 ὕϐρις
1730 1972 1821 2026 καὶ
1866 1972 1929 2027 τὸ
1972 1972 2067 2027 αῦ-

404 2066 507 2130 τῆς
539 2055 813 2136 λυπηρὸν,
842 2061 907 2115 τὸ
968 2062 1045 2134 μή
1094 2061 1233 2116 κατὰ
1284 2067 1386 2131 τῆς
1416 2060 1591 2116 αὐτῶν
1623 2063 1702 2136 (1)
1735 2060 2068 2136 ὑπολήψεως

416 2147 600 2222 μόνον,
633 2147 724 2203 καὶ
770 2149 834 2204 τὸ
910 2146 1094 2212 λίθους
1160 2156 1432 2226 κφατῆσαι
1504 2148 1691 2226 βαλεῖν
1758 2153 1927 2225 ἡμᾶς,
1976 2150 2067 2205 καὶ

414 2237 817 2312 ἀναθεματίσαι,
894 2239 985 2293 καὶ
1054 2238 1156 2294 ὅσα
1221 2246 1540 2313 σωματικῆς
1642 2238 1783 2295 ἐστιν
1857 2235 2069 2313 ὕϐρεως

418 2325 675 2400 ἐπειπεῖν,
733 2326 864 2383 ἀλλ’
922 2325 1106 2402 οἷ’μοιί
1168 2330 1284 2383 κατ’
1343 2328 1508 2385 αὐτοῦ
1564 2333 1661 2384 τοῦ
1708 2323 2064 2403 σεϐάσματος.

416 2416 509 2471 Διὸ
559 2415 649 2473 καί
710 2416 875 2495 φημίο
927 2417 990 2472 Εἰ
1055 2416 1329 2496 ἐφρόνησα
1390 2419 1636 2490 πώποτε,
1775 2423 1980 2498 φρονῶ,
2029 2418 2065 2488 ἢ

414 2506 669 2584 φρονήσω
725 2511 830 2576 τῆς
885 2507 1046 2583 ἁγίας
1102 2511 1339 2583 Χριστοῦ
1391 2512 1491 2564 τοῦ
1547 2512 1681 2564 Θεοῦ
1738 2507 2067 2579 Ἐκκλησίας

413 2591 709 2671 ἀλλότριον
758 2588 1037 2673 φρόνημα,
1089 2595 1330 2670 ἀνάθεμά
1383 2618 1476 2671 μοι
1527 2597 1634 2652 ἀπὸ
1681 2601 1914 2674 Χριστοῦ
1969 2602 2067 2652 τοῦ

413 2685 568 2754 Θεοῦ,
627 2681 719 2736 καὶ
775 2682 1173 2757 παντανάθεμα,
1212 2686 1303 2739 καὶ
1360 2684 1722 2758 κατανάθεμα.
1756 2684 1819 2739 Εἰ
1882 2683 1940 2740 δὲ
1988 2685 2064 2748 ὡς

414 2772 467 2826 οἱ
507 2775 607 2826 τοῦ
656 2771 854 2849 Κυρίου
907 2793 1011 2846 μου
1061 2774 1245 2844 Ἰησοῦ
1293 2771 1654 2850 ἐδογμάτισαν
1692 2775 1783 2830 καί
1831 2771 2065 2851 παραδε-

415 2858 649 2916 δώκασιν
703 2861 853 2937 ἅγιοι
897 2861 1136 2934 μαθηταὶ
1178 2862 1269 2918 καὶ
1317 2860 1637 2936 ἀπόστολοι,
1690 2863 1782 2918 καὶ
1822 2864 1874 2918 οἱ
1936 2863 2070 2919 τού-

414 2968 521 3004 των
556 2946 810 3025 διάδοχοι
843 2950 1096 3029 θεοφόροι
1146 2950 1403 3028 Πατέρες,
1432 2951 1524 3006 καὶ
1573 2953 1649 3015 ὡς
1698 2954 1734 3022 ἡ
1782 2952 1909 3028 ἁγία
1948 2953 2069 3008 Ἐκ-

414 3035 617 3110 κλησία
669 3043 908 3115 Χριστοῦ
975 3044 1074 3094 τοῦ
1117 3045 1253 3096 Θεοῦ
1318 3044 1481 3114 ἡμῶν
1547 3037 1782 3114 ἐδέξατο,
1831 3042 2068 3097 πιστεύω

415 3127 502 3181 καὶ
550 3131 843 3203 προσκυνῶ
888 3128 977 3183 καὶ
1027 3125 1262 3205 δέχομαι
1318 3131 1410 3184 καί
1476 3128 1788 3205 ἀσπάζομαι
1832 3131 1923 3186 καὶ
1970 3153 2069 3203 κη-

417 3216 614 3292 ρύττω.
647 3213 719 3271 Ei’
739 3238 792 3272 τι
825 3213 884 3272 δὲ
911 3216 1115 3289 ταύτης
1158 3216 1353 3295 ἐχθρὸν
1404 3219 1494 3274 καὶ
1545 3218 1858 3296 ἀλλότριον,
1889 3242 2070 3296 παρα-

2176 639 2358 711 probo
2389 639 2588 695 animo
2631 640 2752 695 sive
2780 654 2851 694 ex
2879 637 3228 711 ignorantia,
3260 641 3464 694 contra
3484 639 3589 711 jus
3619 640 3829 713 fasque

2175 732 2233 783 et
2278 744 2413 785 cum
2459 729 2654 784 furore
2703 727 3010 798 objiciunt.
3061 727 3196 795 Sed,
3243 744 3274 782 o
3329 743 3526 783 meum
3577 729 3827 786 infortu-

2176 815 2364 883 nium,
2396 818 2552 889 quod
2587 821 2789 873 nostra
2815 815 2937 872 illic
2967 832 3073 872 nec
3102 815 3268 889 paria
3296 833 3404 873 nec
3434 818 3832 890 comparanda

2177 905 2333 962 sint!
2365 909 2446 961 Ac
2475 906 2708 963 etiamsi
2738 905 2943 961 multis
2973 904 3241 979 ignotum
3281 904 3359 962 sit
3389 906 3545 962 unde
3575 906 3699 963 hac
3726 924 3832 965 no-

2174 995 2267 1051 bis
2314 995 2670 1064 acciderint;
2725 999 2785 1050 at
2830 1011 2944 1051 non
2990 1000 3127 1050 Deo.
3179 994 3327 1050 Nam
3379 994 3480 1069 qui
3528 995 3646 1052 Deo
3695 1013 3832 1053 cum

2175 1084 2391 1140 ﬁducia
2419 1084 2611 1141 dicere
2641 1101 2824 1140 ausus
2844 1082 3166 1154 est,«Zelus
3194 1084 3408 1141 domus
3440 1089 3551 1141 tua;
3572 1085 3829 1142 comedit

2177 1190 2292 1240 me,
2324 1195 2352 1224 »
2387 1174 2439 1230 is
2470 1174 2595 1246 ipse
2625 1172 2771 1229 dixit
2824 1196 2851 1224 «
2887 1173 2956 1227 Et
3002 1171 3318 1246 opprobria
3345 1173 3828 1246 exprobrantium

2173 1263 2281 1319 tibi
2314 1262 2652 1319 acciderunt
2701 1278 2877 1335 super
2908 1278 3020 1318 me.
3057 1283 3087 1311 »
3116 1261 3241 1317 Non
3272 1262 3431 1317 enim
3478 1261 3828 1320 delictorum

2176 1368 2441 1408 meorum
2473 1355 2701 1406 tantum
2734 1350 2855 1406 hac
2884 1349 3029 1405 ultio
3061 1349 3255 1422 fuerit,
3271 1366 3385 1422 qua
3413 1351 3484 1407 de
3514 1367 3576 1407 re
3604 1351 3826 1424 gratias

2174 1457 2283 1514 ago
2313 1441 2467 1508 Deo;
2496 1456 2750 1513 namque
2778 1457 2884 1496 nos
2915 1439 2996 1495 ita
3024 1438 3145 1495 lassi
3177 1437 3324 1494 nihil
3355 1439 3627 1496 laedimur
3649 1466 3665 1510 ;
3688 1441 3829 1513 quia

2175 1530 2227 1586 ei
2277 1530 2377 1603 qui
2430 1546 2493 1586 se
2537 1529 2735 1601 ipsum
2768 1545 2883 1584 non
2927 1526 3108 1594 laedit,
3158 1544 3328 1601 nemo
3377 1545 3584 1585 nocere
3630 1529 3823 1600 valet;

2172 1636 2377 1676 verum
2407 1618 2666 1675 Ecclesia
2685 1616 3042 1674 contumelia
3061 1621 3119 1673 et
3140 1618 3357 1673 damno
3386 1616 3599 1674 iterum
3622 1618 3828 1675 ail‘ecta

2175 1707 2595 1773 est.Quodnam
2626 1705 2772 1763 illud
2805 1707 3088 1762 damnum
3112 1705 3141 1759 ‘2
3170 1705 3230 1761 in
3262 1705 3584 1764 monachos
3613 1713 3671 1765 et
3700 1724 3824 1764 mo-

2176 1796 2383 1866 niales,
2415 1812 2482 1852 ac
2512 1794 2804 1867 reliquum
2826 1794 3226 1851 Christianum
3258 1794 3826 1869 populum,quorum

2097 1926 2146 1991 B
2177 1885 2275 1942 alii
2305 1902 2597 1954 sermone,
2619 1884 2720 1941 alii
2748 1883 2839 1940 vel
2868 1884 3033 1940 inviti
3065 1884 3138 1940 ad
3171 1883 3507 1941 honestiora
3536 1890 3826 1958 spectant,

2177 1992 2282 2031 ceu
2334 1992 2486 2032 saeva
2525 1972 2782 2047 procella
2827 1973 3134 2030 confertim
3183 1974 3486 2047 ingruens,
3520 1979 3825 2032 contume-

2176 2065 2316 2121 liam
2347 2071 2608 2120 nostram
2641 2063 2701 2119 in
2731 2062 3151 2119 venerabiliora
3179 2062 3480 2119 convertit.
3512 2066 3828 2122 Contume-

2176 2154 2257 2210 lia
2285 2171 2458 2227 porro
2489 2153 2591 2209 illa
2619 2158 2678 2209 et
2705 2151 2948 2208 tristitia
2967 2152 3105 2208 hinc
3135 2156 3595 2221 consecuta,non
3625 2157 3829 2211 contra

2178 2243 2396 2299 famam
2448 2241 2640 2298 solum
2683 2245 2943 2298 nostram
2991 2241 3195 2314 vergit,
3247 2257 3436 2314 neque
3481 2245 3712 2298 tantum
3760 2259 3828 2300 eo

2177 2330 2429 2397 devenit,
2470 2334 2538 2385 ut
2581 2328 2832 2402 arreptis
2871 2327 3170 2401 lapidibus
3221 2345 3329 2384 nos
3378 2329 3730 2401 impeterent
3775 2334 3834 2387 et

2178 2419 2835 2486 anathematizarent,ac
2851 2417 3177 2490 quamlibet
3200 2418 3262 2473 in
3284 2434 3525 2490 corpore
3546 2418 3829 2491 injuriam

2178 2510 2299 2583 pati
2329 2512 2637 2582 cogerent;
2672 2508 2774 2563 sed
2805 2507 3090 2575 etiam,vaa
3122 2506 3268 2562 mihi
3297 2506 3535 2564 lcontra
3562 2512 3829 2564 nostram

2178 2599 2251 2655 de
2280 2597 2557 2670 religione
2586 2596 2937 2653 sententiam
2967 2595 3636 2660 vertitur.Quamobrem
3663 2597 3826 2653 dico:

2178 2689 2231 2745 si
2264 2703 2521 2760 unquam
2570 2686 2755 2757 tenui,
2786 2684 2876 2741 vel
2914 2686 3040 2757 jam
3070 2688 3259 2752 teneo,
3293 2683 3380 2740 vel
3412 2685 3472 2740 in
3525 2689 3829 2759 posterum

2178 2777 2410 2843 tenebo,
2444 2775 2706 2848 aliquam
2737 2792 2771 2830 a
2820 2777 3022 2830 sancta
3073 2773 3292 2829 Christi
3339 2778 3396 2830 et
3428 2774 3529 2830 Dei
3577 2774 3833 2831 Ecclesia

2179 2865 2431 2922 alienam
2463 2863 2837 2929 sententiam,
2869 2862 3185 2919 anathema
3213 2861 3293 2917 sit
3360 2862 3509 2918 mihi
3541 2879 3577 2919 a
3602 2863 3831 2920 Christo

2180 2955 2335 3022 Deo;
2366 2953 2485 3009 imo
2531 2969 2704 3008 omne
2753 2950 3088 3019 anathema,
3124 2956 3183 3006 et
3225 2950 3422 3007 dirum
3470 2951 3829 3009 anathema:

2178 3044 2229 3100 si
2259 3060 2392 3100 vero
2423 3041 2923 3114 quemadmodum
2953 3039 3141 3095 sancti
3193 3038 3467 3112 discipuli
3492 3045 3551 3096 et
3579 3040 3832 3114 apostoli

2182 3133 2409 3189 Domini
2459 3131 2573 3186 mei
2619 3131 2787 3198 Jesu,
2836 3133 2895 3185 et
2941 3145 3145 3185 eorum
3194 3143 3564 3186 successores
3622 3130 3832 3187 Deiferi

2178 3226 2399 3289 Palres,
2431 3224 2489 3276 et
2538 3223 2744 3276 sancta
2772 3218 3030 3275 Ecclesia
3080 3218 3299 3275 Christi
3344 3219 3442 3274 Dei
3488 3220 3694 3288 nostri,
3728 3221 3831 3277 do-

412 3303 616 3379 πέμπω
682 3310 761 3378 τῷ
824 3306 1137 3380 ἀναθέματι·
1203 3308 1255 3362 οἱ
1320 3309 1437 3363 κατ’
1503 3307 1640 3382 ἐμοῦ
1706 3310 2066 3381 ἀκονήσαντες

2180 3315 2430 3368 cuerunt
2458 3313 2516 3366 et
2558 3309 2945 3377 tradiderunt,
2972 3308 3055 3364 ita
3083 3308 3274 3380 credo,
3307 3307 3430 3364 haec
3480 3309 3680 3381 adoro,
3711 3309 3834 3366 haec

409 3392 683 3471 γλώσσας,
732 3394 825 3450 καὶ
868 3394 1124 3459 τοιαύτας
1182 3395 1374 3461 ἀθέους
1425 3398 1609 3474 φωνὰς
1667 3397 2069 3476 ἐξερευξάμενοι

414 3478 683 3554 διαϐολῆς
738 3483 829 3539 καὶ
886 3485 1269 3563 συκοφαντίας,
1329 3485 1654 3564 ἐκκήρυκτοι
1722 3490 1775 3543 οἱ
1829 3494 2070 3546 τοιοῦτοι

415 3569 745 3645 Ἐκκλησίας
802 3578 1059 3649 Χριστοῦ,
1117 3575 1208 3629 καὶ
1265 3574 1452 3649 ἀλύτῳ
1508 3576 1800 3655 ἀφορισμῷ
1854 3577 1918 3634 ’ὲκ
1972 3582 2071 3648 τῆς

418 3666 737 3737 ζωαρχικῆς
778 3660 1033 3739 Τριάδος,
1079 3664 1170 3719 καὶ
1207 3666 1373 3739 ἡμεῖς
1438 3664 1635 3721 αὐτοὺς
1684 3661 2074 3742 ὑποϐάλλομεν

420 3751 510 3806 καὶ
567 3751 672 3829 ἀρᾷ
727 3751 1081 3825 ἀναθὲματος.
1115 3754 1266 3809 Ἐπεὶ
1319 3752 1378 3809 δὲ
1427 3754 1600 3830 νόμος
1653 3759 1723 3830 τῇ
1776 3754 2076 3830 Ἐκκλησία

418 3844 654 3914 Χριστοῦ
707 3840 926 3904 ἑκόντας
973 3839 1162 3917 ἄρχειν
1212 3838 1466 3917 ἑκόντων,
1515 3846 1678 3918 ἡμεῖς
1725 3843 1785 3900 δὲ
1830 3842 2074 3902 δυναστι-

420 3932 532 3992 κῶς
598 3926 855 4005 ἐδόξαμεν
932 3932 1144 4007 ἄρχειν,
1214 3932 1306 3987 καὶ
1384 3931 1474 3988 διὰ
1541 3938 1704 3989 τοῦτο
1766 3934 2072 4009 ἀπώσαντο,

419 4018 772 4093 ἀπωσάμενοι
829 4024 927 4075 τοῦ
982 4020 1364 4095 ποιμαίνεσθαι
1422 4022 1509 4099 ὑφ’
1547 4025 1731 4097 ἡμῶν,
1759 4024 1849 4079 καὶ
1907 4027 2075 4099 ἡμεῖς

416 4108 729 4182 ποιμαίνειν
774 4108 970 4172 αὐτοὺς
1015 4110 1443 4187 παραιτούμεθα,
1492 4112 1631 4167 κατᾶ
1689 4114 1782 4168 τὸν
1835 4113 2070 4169 εἰπόντα·

424 4220 453 4247 ‹‹
500 4194 714 4274 Κλήρῳ
768 4198 1125 4273 ἀνυποτάκτῳ
1181 4201 1273 4255 καὶ
1324 4197 1444 4273 λαῷ
1492 4201 1701 4257 ἀπειθεῖ
1769 4202 2075 4259 ἀποτάσσο-

422 4306 544 4359 μαι,
573 4311 603 4338 ››
637 4283 898 4361 δεόμενος
956 4286 1017 4343 ἐκ
1070 4291 1259 4364 ψυχῆς
1306 4290 1443 4363 ἡμῖν
1486 4310 1545 4345 τε
1573 4290 1664 4346 καὶ
1695 4290 1879 4355 αὐτοῖς
1904 4289 2073 4349 ’ίλεων

418 4369 627 4440 ἔσεσθαι
684 4376 778 4431 τὸν
823 4376 971 4432 Θεόν.
1005 4376 1082 4432 Τὰ
1123 4374 1183 4433 δὲ
1228 4379 1471 4455 ἡμέτερα
1535 4379 1720 4455 ἄγοιτο
1790 4380 1928 4437 ὅπου
1984 4382 2076 4437 καὶ

422 4462 684 4540 βούλοιτο
713 4466 742 4520 ὁ
794 4464 847 4521 ἐν
896 4463 1085 4542 Τριάδι
1136 4467 1479 4542 ὑμνούμενος
1522 4468 1721 4547 Κύριος
1764 4466 2075 4547 πρεσϐείαις

415 4560 518 4624 τῆς
567 4556 940 4631 Θεομήτορος,
989 4560 1095 4611 τῶν
1146 4561 1348 4634 νοερῶν
1397 4562 1533 4613 Θεοῦ
1588 4557 1917 4636 λειτουργῶν
1984 4561 2075 4616 καὶ

417 4642 633 4699 πάντων
682 4648 791 4699 τῶν
847 4644 938 4699 ἀπ’
966 4645 1162 4709 αἰῶνος
1212 4647 1384 4723 ἁγίων
1426 4649 1612 4722 ἡμῶν.
1644 4650 1743 4704 Καὶ
1787 4651 1840 4704 οἱ
1889 4650 2076 4726 ἀρχιε-

418 4737 553 4810 ρεῖς,
586 4734 632 4788 εἷ
695 4735 790 4807 μὲν
841 4739 1144 4798 κανονικῶς
1200 4735 1353 4791 εἶπαν
1412 4737 1502 4792 καὶ
1543 4733 1795 4815 ἔπραξαν,
1855 4740 1945 4794 καὶ
1996 4737 2077 4794 δι-

400 4821 590 4886 έκαίως
642 4844 749 4898 μου
796 4823 1165 4897 ἀπεκόπησαν,
1193 4823 1364 4888 ’ίλεως
1413 4826 1586 4889 οὕτως
1618 4828 1647 4882 ὁ
1677 4828 1808 4889 Θεὸς
1855 4825 1938 4899 εἴη
1987 4830 2078 4884 καὶ

418 4910 626 4973 αὐτοῖς·
679 4911 726 4967 εἰ
779 4909 838 4968 δὲ
889 4914 990 4986 μή,
1029 4919 1150 4976 τοῖς
1209 4913 1449 4990 ῥηθεῖσιν
1498 4915 1798 4990 ἐπιτιμίοις
1856 4916 2080 4973 ὑπεύθυ-

412 5020 501 5054 νοι
530 4996 791 5075 ἔστωσαν,
824 5002 916 5057 καὶ
969 5001 1145 5074 αὐτοὶ,
1181 5005 1271 5058 καί
1323 5003 1416 5066 οὖς
1461 5003 1674 5079 ψευδῶς
1724 5005 2077 5082 ὑποσύρουσι,

415 5090 506 5145 καὶ
568 5090 655 5170 ὑφ’
712 5092 788 5147 ὧν
845 5091 1247 5169 παρεσύρησαν.
1305 5093 1442 5169 Εἶχε
1508 5092 1566 5149 δέ
1621 5094 1711 5150 καὶ
1761 5094 2076 5158 Ἀθανάσιος

415 5178 559 5253 ἐλέῳ
606 5185 743 5235 Θεοῦ
808 5180 1240 5258 ἀρχιεπίσκοπος
1285 5183 1908 5247 Κωνσταντινουπόλεως
1953 5185 2077 5247 νέας

410 5269 637 5343 Ῥώμης
710 5270 801 5325 καὶ
868 5270 1248 5344 οἷκουμενικὸς
1326 5272 1676 5349 πατριάρχης
1737 5269 1951 5330 Ἰνδικτ.
2014 5275 2075 5345 ζ’,

415 5357 538 5434 εἶχε
573 5359 665 5414 καὶ
750 5354 1079 5433 μολιϐδίνην
1169 5359 1412 5438 βούλλαν
1492 5363 1917 5439 πατριαρχικήν,
1986 5362 2076 5417 καὶ

412 5444 654 5512 κάτωθεν
733 5454 921 5505 ταῦτα·
1007 5451 1233 5514 Τούτοις
1329 5455 1540 5527 στοιχῶ
1621 5451 1854 5507 ἐνώπιον
1942 5456 2076 5506 Θεοῦ

409 5537 504 5592 καὶ
549 5537 870 5615 ἀνθρώπων
900 5538 1117 5603 τούτοις
1148 5540 1391 5616 ἐμμένω.
1427 5538 1499 5595 Ei’
1534 5562 1588 5595 τι
1637 5537 1694 5596 δὲ
1746 5536 1888 5597 ἄλλό
1938 5538 2076 5598 εἷ’πω

486 5718 566 5797 (1)
595 5718 785 5797 Ἠμῶν
817 5720 1136 5797 legendum
1163 5729 1232 5782 ut
1259 5722 1415 5800 apud
1445 5721 1885 5800 Pachymerem.

2181 3401 2396 3474 recipio
2444 3403 2503 3456 et
2532 3398 2853 3471 amplector
2902 3402 2960 3454 et
3014 3397 3266 3470 praedico
3300 3414 3313 3453 :
3350 3401 3409 3453 et
3451 3398 3502 3454 si
3544 3399 3689 3470 quid
3746 3399 3834 3455 illi

2181 3490 2492 3547 inimicum
2526 3487 2855 3544 alienumve
2886 3490 2994 3558 est,
3029 3485 3391 3543 anathemati
3420 3488 3590 3544 trado
3616 3505 3630 3557 ;
3664 3488 3703 3543 ii
3732 3488 3835 3560 qui

2181 3578 2416 3652 linguas
2447 3595 2587 3636 suas
2618 3580 2819 3632 contra
2848 3592 2941 3632 me
2961 3580 3401 3644 exacuerunt,et
3428 3576 3642 3650 impias
3663 3594 3834 3635 voces

2182 3668 2479 3726 calumnia
2507 3672 2564 3723 et
2614 3664 2998 3738 sycophantia
3023 3664 3225 3738 plenas
3264 3670 3668 3734 evomuerunt,
3700 3684 3835 3740 pro-

2183 3757 2386 3831 scripti
2416 3762 2591 3813 sunto
2638 3772 2709 3811 ex
2745 3753 3005 3810 Ecclesia
3050 3753 3287 3822 Christi,
3319 3758 3495 3827 atque
3524 3772 3624 3812 eos
3672 3756 3832 3813 inso-

2181 3847 2353 3903 lubili
2385 3843 2974 3902 excommunicationi
3003 3860 3037 3900 a
3062 3834 3194 3899 'vitie
3225 3843 3484 3918 principe
3530 3843 3834 3913 Trinitate,

2184 3954 2249 3994 ac
2300 3934 2609 3993 maledicto
2656 3932 3050 3990 anathematis
3094 3949 3201 3989 nos
3254 3932 3628 4005 subjicimus.
3682 3934 3835 3999 Quo-

2184 4025 2345 4082 niam
2376 4041 2509 4081 vero
2540 4041 2610 4080 ea
2636 4022 2729 4079 lex
2774 4019 3049 4078 Ecclesiae
3077 4020 3313 4093 Christi,
3346 4026 3414 4077 nt
3443 4021 3714 4079 lubentes
3743 4020 3834 4078 lu-

2184 4115 2463 4171 bentibus
2511 4112 2822 4184 imperent,
2850 4127 2957 4166 nos
3003 4126 3138 4166 vero
3167 4125 3301 4165 cum
3352 4109 3699 4167 auctoritate
3725 4111 3838 4170 visi

2185 4220 2395 4261 sumus
2442 4202 2754 4274 imperare,
2786 4202 2962 4271 atque
3006 4198 3138 4255 ideo
3168 4215 3276 4255 nos
3318 4198 3404 4254 illi
3453 4199 3830 4271 abjecerunt;

2185 4291 2397 4363 abjecti
2426 4306 2537 4346 nos
2567 4290 2640 4345 ab
2671 4288 2790 4345 illis
2822 4305 2888 4345 ac
2914 4287 3169 4361 pastoris
3198 4288 3392 4345 ofﬁcio
3422 4287 3675 4360 depulsi,
3706 4288 3842 4346 illos

2184 4380 2445 4437 vicissim
2500 4394 2738 4452 pascere
2784 4391 3145 4449 recusamus,
3178 4377 3506 4433 secundum
3552 4392 3690 4433 eum
3738 4379 3842 4449 qui

2186 4470 2333 4526 dixit
2363 4486 2376 4524 :
2413 4491 2441 4520 ‹‹
2474 4468 2628 4524 Sorti
2659 4483 2775 4522 non
2807 4466 3154 4538 obsequenti
3189 4469 3247 4522 et
3277 4464 3495 4538 populo
3527 4464 3729 4522 rebelli
3758 4482 3846 4523 re-

2186 4556 2637 4616 nuntio.»Nobis
2666 4559 2865 4612 tamen
2895 4560 2954 4612 et
2979 4554 3127 4628 ipsis
3159 4555 3483 4628 propitium
3505 4570 3635 4611 esse
3654 4555 3841 4611 Deum

2110 4670 2155 4736 D
2186 4664 2410 4721 precor.
2441 4646 2655 4701 Nostra
2703 4660 2838 4700 vero
2858 4660 2985 4736 quo
3040 4642 3289 4699 voluerit
3333 4643 3590 4736 deducat
3630 4644 3734 4715 qui
3772 4644 3841 4736 in

2189 4737 2470 4792 Trinitate
2499 4734 2831 4791 celebratur
2858 4732 3166 4800 Dominus,
3190 4733 3463 4805 precibus
3491 4732 3593 4789 Dei
3618 4733 3841 4801 Matris,

2190 4824 2590 4900 spiritualium
2640 4823 2739 4878 Dei
2793 4821 3222 4887 ministrorum,
3255 4827 3313 4878 et
3357 4822 3626 4878 omnium
3674 4823 3845 4894 quia

2190 4915 2402 4973 saeculo
2464 4915 2703 4969 fuerunt
2735 4916 3077 4968 sanctorum
3135 4916 3495 4967 nostrorum.
3530 4910 3842 4968 Pontiﬁces

2187 5021 2323 5061 vero
2384 5001 2675 5076 siquidem
2730 5000 3010 5057 canonice
3067 4999 3322 5056 dixerint
3377 5004 3436 5055 et
3491 5000 3756 5070 fecerint,
3786 5004 3846 5057 et

2181 5097 2317 5167 jure
2346 5110 2475 5149 sese
2505 5109 2540 5147 a
2569 5108 2663 5147 me
2694 5088 3373 5163 segregarint,propitius
3399 5088 3518 5145 illis
3549 5089 3627 5145 sit
3656 5094 3845 5159 Deus;

2188 5184 2281 5239 sin
2332 5182 2553 5248 minus,
2585 5179 2869 5252 praedictas
2919 5178 3127 5234 ultioni
3176 5179 3523 5249 subjaceant
3568 5183 3690 5234 tam
3735 5178 3845 5246 illi,

2188 5289 2367 5345 quam
2400 5271 2437 5325 ii
2467 5286 2617 5344 quos
2644 5268 2953 5324 fallacibus
2984 5267 3176 5324 verbis
3207 5268 3528 5340 abducunt,
3557 5273 3615 5323 et
3647 5285 3682 5324 a
3709 5268 3844 5340 qui-

2187 5363 2300 5417 bus
2327 5359 2587 5416 vicissim
2619 5358 2855 5413 abducti
2881 5366 3043 5413 sunt.
3077 5356 3413 5429 Sequebatur
3439 5355 3841 5426 deinde,Atha-

2188 5449 2391 5507 nasius
2418 5446 2819 5503 misericordia
2863 5446 2962 5503 Dei
2995 5446 3470 5519 archiepiscopus
3491 5445 3843 5529 Constanti-

2188 5537 2465 5615 nopoleos
2512 5552 2671 5594 novae
2722 5535 2918 5593 Romae
2964 5540 3023 5594 et
3048 5534 3446 5593 cacumenicus
3484 5534 3840 5608 patriarcha.
