4132 6440
292 367 411 438 483
1417 362 1850 428 ATHANASll
1894 365 1926 425 C

2061 363 2594 425 ΡΑἸἮΙΑΗΟΗΑΞ
3598 358 3720 429 484

294 506 616 565 lndictione
642 520 723 560 v11
750 519 763 559 :
795 500 1037 557 Habebat
1064 503 1257 557 autem
1285 507 1338 555 et
1383 498 1700 570 plumbeam
1731 495 1926 552 bulum

2057 494 2093 562 ἢ
2125 492 2311 570 πράξω
2344 493 2498 556 ἐκτὸς
2528 498 2635 549 τῶν
2679 491 2787 549 ὧδε
2835 494 3251 571 γεγραμμένων,
3283 496 3552 574 ἄστοργον
3597 491 3715 575 ἔχω

287 594 729 672 patriai-chum
771 600 824 649 et
852 590 1088 663 inferius
1117 589 1235 647 haec
1261 590 1472 661 scripta
1512 591 1673 643 erant
1701 605 1723 641 .·
1753 590 1816 641 In
1851 585 1926 641 hi:

2051 581 2141 637 καὶ
2177 581 2298 659 βίας
2330 583 2422 637 καὶ
2468 580 2779 658 τυραννίδος
2830 579 3010 660 ἔργον,
3048 584 3126 657 μή
3183 581 3445 648 συνειδὼς
3494 584 3717 659 ἐμαυτῷ

291 668 499 744 incedo
529 699 727 741 coram
777 681 916 749 Deo,
950 680 1010 735 in
1040 679 1135 734 his
1163 693 1499 751 permaneo.
1532 677 1589 733 Si
1637 676 1778 748 quid
1807 691 1926 730 verc

2054 672 2243 748 χάριτι
2274 675 2509 749 Χριστοῦ
2540 671 2731 749 ἀργίας
2762 693 2815 728 τι
2843 668 3119 749 ἔγκλημα.
3147 673 3363 729 Ἰνδικτ.

293 775 450 834 aliud
482 772 719 831 fecerim
750 774 853 828 aut
883 768 1128 825 dixerim
1178 772 1387 842 praeter
1415 784 1485 824 ea
1514 783 1640 841 quae
1670 766 1765 821 hic
1794 764 2014 836 scripta
2042 765 2203 831 sunt,
2229 762 2464 819 irritum
2508 762 2693 820 habeo
2724 779 2791 819 ac
2819 763 3096 820 violentia
3124 764 3555 839 tyrannideque
3582 763 3713 840 ple-

292 881 473 935 num;
504 878 611 919 nec
633 865 833 918 tamen
864 856 1009 916 mihi
1038 856 1307 931 segnitiei
1334 856 1579 924 crimen,
1611 855 1802 929 gratia
1828 852 2065 920 Christi,
2095 851 2315 909 haerere
2346 853 2620 910 conscius
2650 870 2805 909 sum.
2838 853 3162 910 Indictione
3186 870 3288 911 vn.

362 1067 558 1125 Placet
586 1065 684 1123 hic
728 1065 905 1123 etiam
932 1063 1289 1136 subjungere
1337 1061 1686 1133 rescriptum
1717 1059 1985 1132 ejusdem
2035 1056 2339 1115 Athanasii
2377 1056 2726 1130 patriarcha:
2767 1074 2902 1114 cum
2954 1060 3154 1114 nostra
3201 1057 3391 1115 Latini
3419 1058 3709 1132 versione,

291 1173 406 1231 quo
435 1155 682 1212 infamia
725 1158 966 1210 notatur
991 1153 1248 1209 Joannes
1277 1150 1519 1222 quidam
1567 1149 1820 1221 Drimys,
1854 1147 1955 1219 qui
2006 1144 2345 1203 societatem
2376 1161 2513 1203 cum
2559 1146 2915 1202 exsecranda
2943 1145 3195 1202 factione
3223 1145 3471 1202 iniverat
3505 1150 3713 1204 contra

288 1260 524 1319 gregem
567 1243 804 1309 Christi,
836 1245 1037 1296 contra
1082 1238 1401 1295 Ecclesiam
1431 1243 1489 1293 et
1516 1255 1550 1294 a
1579 1238 1693 1293 Deo
1741 1239 2084 1292 coronatum
2135 1233 2571 1305 imperatorem.
2603 1235 2792 1307 Hujus
2840 1238 3036 1292 autem
3082 1233 3329 1291 Joannis
3380 1234 3708 1293 meminere

289 1333 576 1406 Gregoras
604 1336 661 1388 et
707 1330 1107 1403 Pachymeres,
1136 1328 1238 1384 sed
1290 1327 1492 1399 paucis
1531 1326 1771 1382 omnino
1821 1323 2053 1394 verbis;
2086 1322 2243 1378 unde
2288 1321 2417 1379 loca
2457 1323 2561 1379 illa
2606 1324 2897 1397 Gregorea,
2946 1328 3004 1379 et
3054 1322 3453 1395 Pachymeris,
3487 1323 3588 1380 ubi
3638 1323 3713 1381 de

287 1423 398 1479 hoc
426 1422 653 1479 Joanne
683 1420 899 1494 agitur,
916 1436 1030 1475 non
1062 1434 1272 1491 parum
1302 1416 1450 1473 lucis
1480 1416 1739 1487 accipere
1771 1416 2021 1487 possunt
2049 1428 2118 1467 ex
2150 1410 2258 1466 hoc
2289 1412 2571 1484 rescripto
2598 1412 2928 1481 Athanasii,
2961 1412 3120 1485 quod
3150 1412 3236 1469 sic
3266 1412 3444 1470 habet
3475 1430 3489 1470 :

290 1538 627 1609 Rescriptum
665 1535 1023 1608 patriarchae,
1055 1549 1158 1606 quo
1204 1534 1445 1604 infamia
1490 1533 1722 1588 notatur
1763 1533 1926 1586 Joan-

356 1625 454 1650 ιηρς
482 1609 712 1650 anillam.
745 1609 959 1650 "rimus
989 1607 1089 1650 nui
1114 1606 1425 1650 sacietatem
1448 1619 1575 1650 cum
1601 1600 1926 1650 exsecranda

2046 1521 2281 1650 Γράμμα
2309 1529 2406 1579 τοῦ
2436 1528 2782 1650 πατριάργὲου
2821 1525 3232 1596 στηλιτευτικὸν
3273 1526 3399 1603 περί
3454 1527 3704 1584 Ἰωάννου

2114 1616 2195 1650 τιν
2236 1616 2281 1650 ς.
2370 1596 2574 1650 Aemi):
2658 1619 2688 1650 τ
2809 1597 3053 1650 ἐπίθετον
3152 1599 3704 1650 προσεταιρισάμενος

356 1625 454 1664 nes
469 1597 712 1679 'quidain
740 1609 959 1679 Drimys
1114 1597 1425 1661 societatem
1448 1619 1575 1679 eam
1593 1600 1926 1679 exsecranda

2091 1597 2281 1663 τινὸς,
2350 1597 2590 1679 ’Δριμῦς
2641 1597 2721 1653 ⁷τό
2809 1597 3053 1679 ἐπίθετον
3152 1597 3708 1679 προσεταιρισάμενος

354 1666 597 1760 [catilina
650 1666 921 1760 iniceret"
944 1666 1135 1734 co'ntra
1189 1691 1411 1760 gregem
1470 1674 1692 1760 Christi,
1743 1682 1926 1729 contra

2116 1666 2423 1758 συμμορίαν
2471 1666 2790 1760 ζέπάρριίξιτονς
2835 1668 2971 1760 κατά
3025 1689 3085 1725 τε
3116 1666 3427 1760 ὶπόίμονηςέ
3465 1666 3704 1747 Χριστοῦ

355 1739 654 1809 Ecclesium
683 1755 739 1808 et
765 1767 800 1805 α
828 1751 935 1807 Deo
963 1739 1718 1819 cormzan'im'imperatorem.

2114 1739 2250 1830 κατά
2309 1739 2377 1794 ’τε
2428 1742 2550 1808 τῆς.
2599 1739 2967 1811 ’Ἐκπλησίας
3041 1739 3133 1796 καὶ
3205 1739 3304 1797 τοῦ
3342 1739 3703 1821 θεοστεφοῦς

2116 1810 2536 1865 αυτοκοάτοοος.

2116 1830 2536 1887 αυτοκρατορος.

356 1917 546 1971 Beatae
576 1916 797 1970 naturae
844 1911 1068 1985 gratias
1100 1910 1334 1985 agimus
1365 1924 1500 1965 cum
1539 1924 1644 1981 pro
1692 1904 1926 1977 reliquis

2114 1916 2278 1993 Χάρις
2332 1916 2428 1972 κᾶν
2487 1922 2648 1973 τοῦτο
2707 1918 2799 1973 σὺν
2848 1922 2918 1993 τῇ
2972 1917 3142 1994 λοιπῇ
3199 1918 3573 1997 ἀγαθοπρεπεῖ
3623 1922 3705 1977 θε-

285 2002 499 2060 divinis
529 2001 1032 2074 muneribus,tum
1063 2000 1165 2073 qui
1192 1999 1509 2056 Ecclesiam
1532 1997 1855 2055 sacerdotio
1876 2000 1926 2052 et

2043 2005 2237 2081 ουργίᾳ
2292 2010 2361 2080 τῇ
2435 2006 2588 2085 φύσει
2632 2011 2700 2082 τῇ
2763 2007 3000 2083 μακαρίᾳ
3058 2007 3140 2064 ὅτι
3210 2010 3310 2079 τὴν
3371 2008 3702 2080 Ἐκκλησίαν

284 2091 530 2165 imperio
559 2090 803 2165 pulchre
833 2090 1151 2157 coronavit,
1184 2093 1249 2144 ut
1294 2089 1583 2144 ambobus
1614 2087 1774 2142 hisce
1807 2102 1926 2141 mo-

2041 2094 2307 2170 ἱερωσύνῃ
2356 2094 2445 2149 καὶ
2510 2095 2761 2171 βασιλείᾳ
2820 2095 3173 2170 ἁρμοζόντως
3237 2099 3554 2173 κατέστεψεν
3622 2099 3700 2162 ὡς

285 2180 652 2238 deratoribus
678 2179 787 2236 rite
817 2195 883 2235 ac
908 2178 1171 2235 studiose
1201 2178 1548 2250 gubernata,
1582 2175 1926 2248 pullulantes

2045 2182 2104 2237 ἂν
2167 2184 2255 2238 ὑπ’
2311 2184 2514 2263 ἀμφοῖν
2576 2184 2636 2240 ἐκ
2695 2182 2867 2256 ζήλου
2932 2188 3276 2262 κρατουμένη
3334 2186 3697 2264 κυπρίζοντας

284 2287 428 2327 uvas
458 2269 531 2327 ad
563 2268 967 2325 maturitatem
998 2265 1595 2338 deducat,plenasqne
1626 2280 1690 2320 ac
1722 2263 1926 2319 divinis

2048 2272 2243 2348 βότρυς
2271 2274 2510 2349 περκάζῃ
2540 2273 2721 2344 ἀξίους
2751 2273 2842 2328 καὶ
2873 2272 3108 2349 πλήρεις
3137 2278 3246 2330 τῶν
3280 2263 3457 2331 θείων
3489 2274 3695 2346 ληνῶν,

283 2359 494 2432 dignas
544 2356 941 2414 torcularibus
972 2357 1308 2426 constituat,
1341 2359 1398 2410 et
1434 2352 1721 2441 quidquid
1754 2352 1812 2407 in
1844 2351 1926 2407 la-

2041 2361 2129 2439 ἀφ⁷
2170 2363 2365 2431 ἑαυτῆς
2401 2362 2700 2441 ὀμφακίζον
2735 2363 2872 2416 ἅπαν
2914 2362 3382 2440 ἀπορῥαπίζουσα,
3416 2365 3491 2428 ὡς
3533 2369 3695 2421 τοῦτο

285 2450 559 2504 bruscam
608 2448 922 2520 degenerat
949 2445 1021 2501 ab
1052 2461 1114 2502 se
1143 2444 1407 2501 eliminet
1441 2459 1454 2499 :
1489 2447 1554 2497 ut
1594 2458 1664 2497 ex
1692 2440 1801 2496 hoc
1832 2457 1926 2496 ne-

2041 2451 2320 2507 κάντεῦθεν
2398 2451 2674 2526 εἰσόμεθα.
2725 2458 2835 2522 Τῆς
2897 2453 3002 2528 γὰρ
3077 2457 3313 2529 Χριστοῦ
3364 2453 3693 2526 Ἐκκλησίας

280 2538 438 2610 gotio
468 2552 819 2610 cognoscere
851 2534 1066 2591 licebit.
1095 2534 1241 2590 Nam
1271 2532 1488 2591 Christi
1514 2531 1770 2587 Ecclesia
1795 2547 1932 2587 cum

280 2625 527 2698 reliquis
571 2624 785 2681 divinis
818 2623 1183 2693 muneribus,
1215 2639 1343 2694 quae
1393 2621 1552 2694 large
1590 2619 1933 2676 hominibus

281 2715 527 2787 praebita
555 2719 717 2785 sunt,
750 2714 1096 2787 pontiﬁcum
1127 2712 1362 2768 dextera
1391 2725 1668 2783 magnam
1700 2707 1934 2764 mirabi-

280 2802 515 2876 lemque
561 2804 932 2860 sacerdotum
979 2801 1324 2875 dignitatem
1377 2797 1750 2870 [constituit],
1781 2813 1931 2869 quo-

281 2909 416 2949 rum
446 2892 707 2949 ofﬁcium
756 2896 846 2948 est
876 2893 1065 2964 primo
1115 2895 1181 2946 ut
1208 2897 1425 2946 rectam
1457 2889 1527 2945 de
1556 2889 1672 2944 Deo
1714 2886 1929 2943 doctri-

282 2999 421 3038 nam
450 2986 710 3050 teneant,
735 2984 793 3038 et
819 2983 888 3037 ad
918 2980 1270 3053 sanguinem
1302 2994 1486 3051 usque
1519 2977 1835 3033 defendant
1864 2991 1934 3031 ea

281 3088 411 3144 quae
439 3071 595 3129 Deus
625 3070 858 3127 defendi
903 3070 1094 3141 jubet,
1126 3067 1329 3125 ﬁdeles
1360 3066 1649 3139 religiosis
1679 3066 1929 3136 impera-

281 3161 509 3218 toribus
558 3164 855 3229 maneant,
888 3164 944 3215 et
974 3159 1067 3232 pie
1114 3163 1171 3213 et
1200 3163 1369 3214 caute
1410 3155 1678 3228 justitim,
1709 3159 1930 3226 tempe-

281 3249 487 3307 rantiae
531 3256 590 3306 et
617 3249 846 3305 veritati
879 3249 1020 3304 dent
1049 3263 1310 3320 operam,
1344 3250 1409 3301 ut
1454 3261 1625 3316 opere
1653 3249 1712 3300 et
1755 3246 1930 3301 verbo

279 3339 579 3406 omnibus,
610 3339 682 3394 ad
730 3337 1168 3394 institutionem
1200 3335 1376 3391 utiles
1407 3335 1552 3402 sint,
1580 3339 1638 3390 et
1666 3333 1810 3391 salis
1839 3334 1928 3389 lu-

278 3432 483 3501 cisque
510 3427 699 3484 instar
722 3427 947 3498 reliquo
976 3424 1193 3500 papulo
1224 3426 1371 3482 ﬁant
1397 3441 1410 3478 :
1444 3440 1511 3481 ac
1541 3423 1931 3496 praecipue,ut

278 3517 419 3586 dixi,
450 3521 717 3574 auctores
746 3516 982 3590 populis
1030 3516 1151 3572 sint
1180 3520 1247 3570 ut
1275 3512 1739 3570 benevolentiam
1789 3529 1929 3585 erga

275 3607 591 3680 imperium
619 3609 982 3677 conservent,
1012 3605 1152 3678 quia
1180 3605 1336 3661 Deus
1365 3605 1526 3677 pacis
1567 3602 1711 3659 dixit
1740 3602 1928 3675 respi-

279 3712 408 3753 cere
438 3712 501 3753 se
530 3700 893 3767 mansuetos,
926 3695 1248 3767 morigeros
1279 3697 1336 3750 et
1374 3692 1598 3761 ﬁdeles,
1633 3691 1926 3764 supplica-

274 3785 485 3854 tiones,
508 3785 833 3859 gratiarum
864 3784 1122 3841 actiones
1151 3782 1562 3854 orationesque
1593 3781 1927 3853 frequentes

271 3892 377 3948 pro
408 3874 677 3948 imperio,
711 3890 814 3947 pro
848 3871 1314 3946 magistratibus,
1347 3888 1451 3944 pro
1483 3870 1696 3944 seipsis
1735 3874 1793 3927 et
1821 3886 1925 3942 pro

272 3967 392 4020 toto
441 3964 683 4034 mundo,
733 3967 799 4018 ut
844 3979 951 4035 par
996 3966 1104 4030 est,
1162 3961 1377 4029 edant;
1430 3964 1496 4015 ut
1539 3957 1925 4031 tranquillam

273 4056 515 4127 agentes
561 4052 763 4123 vitam,
798 4052 990 4107 instar
1021 4048 1243 4123 speculi
1274 4048 1550 4105 ﬁdelibus
1590 4047 1925 4113 exhibeant,

273 4158 390 4215 quo
421 4141 549 4197 vita:
579 4140 852 4198 instituto
883 4157 1033 4214 opus
1063 4144 1153 4196 est
1182 4139 1277 4209 iis,
1304 4138 1407 4210 qui
1437 4155 1499 4194 se
1526 4153 1681 4206 vero,
1713 4135 1927 4193 viventi

273 4236 333 4286 et
362 4232 468 4287 uni
497 4235 612 4287 Deo
642 4230 859 4287 servire
889 4228 1252 4303 gloriantur;
1286 4232 1459 4299 atque
1485 4226 1757 4298 aequitate
1786 4242 1923 4281 con-

273 4321 500 4376 decenti
529 4306 928 4375 Christianum
973 4322 1184 4374 emtum
1213 4317 1287 4373 ad
1314 4316 1537 4372 bonum
1568 4332 1742 4371 omne
1788 4330 1924 4388 ope-

272 4425 407 4464 rum
455 4407 721 4481 exemplo
766 4405 1139 4479 compellant.
1169 4405 1411 4477 Verum,
1461 4405 1521 4459 in
1553 4403 1666 4474 his,
1717 4420 1820 4460 ceu
1862 4404 1923 4458 in

269 4497 776 4567 vinea,subortum
807 4497 1024 4552 rubum
1056 4512 1186 4552 esse
1216 4494 1589 4550 audivimus:
1622 4508 1924 4564 unumque

271 4602 341 4642 ex
370 4587 569 4659 magni
595 4586 912 4643 Salvatoris
941 4584 1157 4640 Christi
1188 4582 1495 4656 discipulis
1527 4583 1770 4655 profana
1789 4598 1923 4653 qua-

273 4675 409 4731 dam
457 4675 839 4731 subversione
888 4678 945 4730 et
994 4678 1155 4729 torva
1205 4672 1512 4742 sententia,
1567 4671 1924 4744 proditorem

273 4763 493 4820 factum
523 4780 654 4821 esse
682 4764 1111 4836 comperimus;
1143 4762 1400 4819 Joannes
1430 4761 1650 4818 scilicet
1679 4761 1923 4834 quidam

272 4853 383 4909 hoc
429 4857 712 4927 tempore,
744 4853 977 4926 Drimys
1007 4852 1376 4926 cognomine,
1406 4867 1468 4907 se
1515 4867 1699 4906 unum
1731 4866 1799 4906 ex
1829 4866 1923 4906 sa-

2040 2538 2132 2594 σὺν
2180 2544 2297 2602 ταῖς
2347 2538 2570 2603 λοιπαῖς
2614 2546 2816 2604 θεϊκαῖς
2874 2537 3101 2618 δωρεαῖς
3162 2539 3693 2616 ἐπιδαψιλευομένης

2039 2628 2369 2703 ἀνθρώποις,
2431 2629 2491 2685 ἐκ
2560 2627 2733 2701 δεξιᾶς
2810 2630 3220 2707 ἀρχιερατικῆς,
3278 2631 3369 2687 καὶ
3432 2632 3495 2687 τὸ
3556 2631 3694 2709 μέγα

2037 2718 2189 2773 τουτὶ
2246 2719 2336 2773 καὶ
2380 2721 2718 2795 πανάγαστον
2769 2726 2872 2790 τῆς
2939 2719 3239 2796 ἱερωσύνης
3292 2719 3530 2795 ἀξίωμα,
3587 2723 3703 2776 οἷσ-

2036 2828 2173 2863 τισιν
2236 2806 2432 2886 ὀφειλή
2481 2808 2543 2862 τὸ
2601 2808 2834 2885 πρώτως
2894 2804 3199 2885 ὁρθοδοξεῖν
3261 2808 3338 2872 εἷς
3396 2811 3548 2880 Θεὸν,
3606 2810 3698 2865 καὶ

2038 2895 2270 2970 α’ίματος
2327 2898 2526 2973 μέχρις
2586 2894 2895 2970 διεκδικεῖν,
2925 2896 3022 2952 ὅσα
3079 2896 3239 2975 φίλον
3283 2897 3452 2972 αὐτῷ,
3480 2898 3570 2954 καὶ
3626 2896 3696 2968 δὴ

2038 2984 2128 3040 καὶ
2155 2990 2440 3061 τηρεῖσθαι
2490 2984 2715 3049 πιστοὺς
2769 2991 2888 3049 τοῖς
2943 2985 3228 3063 θεόφροσιν
3283 2985 3700 3065 αὐτοκράτορσι,

2037 3074 2128 3128 καὶ
2190 3069 2436 3138 εὐλαϐῶς
2495 3074 2586 3130 καὶ
2644 3073 3072 3152 πεφυλαγμένως
3126 3072 3440 3150 δικαιοσύνῃ
3467 3075 3561 3133 καί
3589 3097 3702 3132 σω-

2040 3161 2277 3239 φροσύνῃ
2322 3163 2412 3217 καὶ
2469 3161 2703 3235 ἀληθείᾳ
2764 3162 3026 3239 βιοτεύειν
3068 3162 3388 3241 ἐπείγεσθαι,
3420 3165 3496 3230 ὡς
3551 3161 3699 3242 ἔργῳ

2036 3251 2127 3304 καὶ
2186 3248 2343 3326 λόγῳ
2393 3250 2554 3306 παντὶ
2611 3251 2689 3313 εἰς
2743 3249 3019 3325 παίδευμα
3049 3254 3256 3307 κεῖσθαι
3295 3253 3563 3330 χρηστόν.
3596 3254 3696 3310 Καὶ

2038 3337 2172 3400 ἅλας
2210 3339 2301 3394 καὶ
2352 3343 2467 3418 φῶς
2515 3342 2805 3416 τυγχάνειν
2854 3345 2935 3413 τῷ
2989 3339 3171 3414 λοιπῷ
3227 3340 3365 3415 λαῷ,
3396 3343 3487 3398 καὶ
3549 3342 3700 3418 μάλα

2036 3428 2144 3504 πρὸ
2200 3432 2308 3482 τῶν
2343 3427 2553 3483 λοιπῶν
2588 3430 2652 3483 τὸ
2685 3426 2870 3485 εὔνουν
2927 3429 3235 3494 ὑποτιθέναι
3290 3436 3360 3506 τῇ
3425 3430 3693 3507 βασιλείᾳ,

2038 3516 2112 3579 ὡς
2145 3515 2300 3594 ἔφην,
2331 3523 2518 3595 τηρεῖν
2578 3523 2697 3580 τοῖς
2731 3516 2906 3592 λαοῖς,
2940 3519 3015 3582 ὡς
3075 3514 3389 3576 ἐπιϐλέπειν
3447 3519 3692 3592 λελαλη-

2037 3599 2196 3667 κότος
2235 3610 2333 3661 τοῦ
2384 3613 2486 3677 τῆς
2546 3607 2771 3683 εἰρήνης
2825 3612 2980 3682 Θεοῦ,
3012 3608 3205 3685 πραέσι
3264 3612 3356 3666 καὶ
3410 3610 3692 3681 πειθηνίαν

2037 3694 2251 3769 ἂν(.ςίο)
2291 3696 2381 3751 καὶ
2439 3701 2675 3759 πιστοῖς⁸
2739 3694 2953 3768 δεήσεις
3009 3696 3074 3752 αὗ
3132 3698 3223 3754 καὶ
3285 3698 3548 3772 ἐντεύξεις
3604 3700 3691 3756 εύ-

2034 3783 2321 3859 χαριστίας
2378 3785 2469 3840 καὶ
2526 3787 2842 3862 προσευχὰς
2894 3787 3098 3850 πυκνὰς
3171 3787 3373 3853 αὐτοὺς
3437 3790 3701 3864 ποιουμέ-

2031 3893 2159 3935 νους
2209 3872 2606 3951 ὀφειλομένως,
2638 3874 2772 3951 ὑπέρ
2824 3896 2885 3951 γε
2935 3883 3037 3946 τῆς
3097 3875 3374 3953 βασιλείας
3427 3879 3521 3934 καὶ
3576 3883 3686 3936 τῶν

2034 3961 2087 4017 ἐν
2135 3961 2283 4018 τέλει
2340 3963 2431 4018 καὶ
2492 3963 2718 4037 ἑαυτῶν,
2778 3962 2869 4019 καί
2927 3969 3024 4020 τοῦ
3076 3965 3287 4040 κόσμου
3344 3968 3570 4040 παντὸς,
3621 3968 3700 4032 ὡς

2035 4050 2095 4107 ἂν
2139 4051 2190 4106 ἐν
2251 4052 2449 4127 ἡρέμῳ
2508 4051 2705 4108 ἐκεῖθεν
2770 4054 2886 4125 ζωῇ
2941 4050 3099 4124 δίκην
3152 4053 3419 4131 ἐσόπτρου
3474 4055 3713 4119 πιστοὺς-

2036 4140 2425 4219 ὑπεμφαίνοιεν
2481 4141 2675 4205 ὁποίας
2737 4139 2850 4198 δέοι
2905 4142 3248 4221 ἀναστροφῆς
3304 4149 3422 4207 τοῖς
3463 4143 3700 4221 αὐχοῦσι

2034 4227 2313 4306 λατρεύειν
2367 4235 2450 4303 τῷ
2506 4229 2702 4303 ἀληθεῖ
2756 4231 2847 4287 καὶ
2908 4235 3063 4301 ζῶντι
3120 4232 3211 4287 καὶ
3258 4233 3408 4308 μόνῳ
3436 4238 3576 4307 Θεῷ,
3609 4235 3700 4290 καὶ

2033 4317 2298 4391 ἐπιεικείᾳ
2374 4325 2742 4396 σεμνοπρεπεῖ
2813 4321 2877 4376 τὸ
2961 4323 3352 4397 Χριστώνυμον
3418 4322 3702 4400 σύνταγμα

2034 4408 2110 4471 εἰς
2144 4414 2247 4464 πᾶν
2282 4409 2482 4485 ἀγαθὸν
2515 4409 2567 4480 ἐξ
2597 4411 2670 4464 ὧν
2718 4409 3024 4486 ἐνεργοῦσιν
3087 4410 3239 4467 αὐτοὶ
3297 4410 3697 4472 συνελαύνοιεν.

2030 4495 2206 4556 Ἀλλά
2259 4518 2320 4573 γε
2375 4499 2472 4553 κάν
2521 4498 2738 4561 τούτοις
2763 4500 2837 4561 ὡς
2866 4498 2918 4554 ἐν
2948 4498 3185 4573 ἀμπέλῳ
3242 4499 3467 4579 φύεσθαι
3530 4502 3696 4577 βάτον

2032 4586 2364 4661 ἠκούσαμεν,
2396 4587 2488 4643 καὶ
2517 4584 2613 4644 ’ἕνα
2640 4586 2916 4666 προδότην
2965 4592 3074 4645 τῶν
3121 4594 3222 4645 τοῦ
3270 4589 3517 4667 μεγάλου
3576 4597 3698 4645 Σω-

2029 4683 2198 4751 τῆρος
2250 4681 2487 4749 Χριστοῦ
2550 4679 2808 4752 μαθητῶν
2870 4673 3097 4754 βεϐήλῳ
3141 4680 3263 4753 (sic)
3318 4678 3695 4757 γεγηνημένον

2032 4762 2187 4839 ἴσμεν
2243 4769 2596 4842 παρατροπῇ,
2646 4767 2845 4841 γνώμῃ
2889 4767 2995 4821 τινὶ
3045 4767 3415 4845 σκαιοτρόπῳ.
3466 4769 3566 4826 Καί
3610 4790 3698 4833 τις

2033 4855 2291 4925 Ἰωάννης
2319 4859 2481 4910 τανῦν
2514 4854 2723 4933 Δριμὺς
2750 4856 2812 4911 τὸ
2843 4854 3110 4931 ἐπίθετον,
3140 4860 3238 4912 τοῦ
3300 4858 3552 4934 βήματος
3599 4856 3697 4915 ἕνα

273 4942 550 4998 cerdotali
597 4942 800 5000 ordine
828 4958 957 4999 esse
1005 4942 1329 5015 professus,
1364 4956 1641 5013 magnam
1687 4938 1923 4995 malitiae

2034 4948 2467 5021 προσμαρτυρῶν
2557 4928 2744 5001 ἐαυτὸν
2831 4946 3025 5008 κακίας
3096 4928 3393 5002 ἐκϐλύσαι,
3459 4947 3691 5025 ἐξήχθη,

272 5030 392 5085 vim
423 5030 722 5103 effudit,ac
753 5029 1084 5104 reipublicae
1117 5029 1381 5086 fidelium
1412 5028 1803 5101 perniciosam
1830 5045 1843 5082 :
1868 5032 1926 5083 et

273 5119 395 5175 haec
443 5136 610 5177 sacro
642 5121 965 5193 presbyteri
998 5120 1236 5176 nomine
1280 5117 1608 5175 occultatus
1656 5116 1926 5173 callidius

274 5224 591 5282 aggressus
622 5214 746 5266 est:
783 5226 850 5267 ac
880 5209 930 5266 si
961 5209 1094 5282 quis
1125 5208 1247 5265 ovis
1277 5207 1428 5281 pelle
1456 5207 1664 5280 lupum
1693 5207 1925 5278 obtege-

273 5302 380 5353 ret.
413 5297 619 5355 Nescio
650 5299 867 5371 quibus
917 5315 990 5354 ex
1018 5297 1314 5355 barathris
1346 5302 1404 5353 et
1430 5296 1617 5353 triviis
1661 5312 1927 5353 emersus

275 5387 349 5442 ad
401 5390 818 5444 maturandam
850 5387 963 5443 sibi
1010 5387 1307 5460 pernicem
1355 5386 1673 5460 prodierit;
1708 5386 1759 5442 is
1790 5402 1925 5441 cum

276 5476 484 5533 multis
525 5477 638 5533 sibi
683 5478 1147 5548 obsequentibus
1192 5476 1331 5532 ﬁliis
1379 5475 1744 5549 perditionis,
1778 5492 1927 5548 quos

275 5564 400 5621 hac
431 5566 657 5621 occasio
707 5564 999 5639 patefecit,
1030 5566 1252 5639 regiam
1300 5565 1472 5638 quasi
1501 5565 1709 5639 rubigo
1757 5564 1925 5635 adiit,

276 5654 348 5720 ad
379 5652 752 5730 imperatoris
794 5658 1173 5729 conspectum
1219 5655 1398 5729 venit,
1431 5672 1465 5714 a
1492 5671 1609 5730 quo
1651 5653 1921 5730 benigne,

2032 5030 2176 5087 πολὺ
2230 5034 2294 5088 τὸ
2353 5030 2521 5111 δριμὺ
2579 5034 2669 5090 καὶ
2728 5034 2908 5105 ἐπίζον
2942 5037 3063 5111 (sic)
3089 5040 3160 5110 τῇ
3201 5035 3455 5109 πολιτείᾳ
3482 5041 3689 5094 πιστῶν

2032 5121 2123 5176 καὶ
2159 5120 2428 5198 ὀλέθριον·
2456 5122 2546 5177 καὶ
2603 5127 2775 5178 ταῦτα
2830 5123 3029 5195 κλήσει
3083 5124 3157 5198 τῇ
3198 5126 3318 5203 ἱερᾷ
3349 5125 3695 5204 ὑποκρυπτό-

2039 5230 2199 5283 μενος
2255 5206 2714 5288 πανουργότερον’
2748 5212 2824 5275 ὡς
2885 5215 2945 5268 ἄν
3002 5234 3086 5276 τις
3146 5211 3333 5288 κωδίῳ
3385 5215 3477 5270 καὶ
3522 5214 3691 5271 λύκον

2032 5296 2470 5375 περικκλύψειεν,
2506 5301 2606 5357 οὐκ
2635 5299 2757 5356 οἶδα
2803 5301 2865 5358 ἐκ
2910 5303 3087 5358 ποίων
3150 5303 3435 5380 βαράθρων
3489 5326 3549 5361 τε
3599 5304 3692 5360 καὶ

2031 5385 2266 5464 τριόδων
2300 5390 2595 5453 ἀνασωθεὶς
2651 5392 2758 5466 πρὸ
2816 5396 3012 5469 καιροῦ
3070 5390 3152 5447 ἐπ’
3175 5391 3425 5466 ἀπωλείᾳ
3465 5398 3535 5469 τῇ
3568 5394 3693 5450 ἑαυ-

2031 5481 2151 5535 τοῦ.
2186 5478 2285 5533 Καὶ
2318 5478 2481 5543 ὅσους
2537 5479 2688 5543 υἱοὺς
2729 5479 3009 5544 ἀπωλείας
3060 5482 3149 5536 καὶ
3195 5481 3377 5557 τούτῳ
3434 5502 3692 5540 καταπει-

2033 5567 2143 5631 θεῖς
2202 5564 2460 5640 ἐπίδειξεν
2495 5570 2736 5644 ὁκαιρὸς
2793 5571 2893 5640 τὴν
2947 5567 3207 5647 βασιλίδα
3255 5566 3687 5648 καταλαμϐάνει,

2035 5657 2125 5717 οἷά
2176 5676 2261 5723 τις
2316 5653 2679 5741 ἐρυσίϐη,καὶ
2737 5655 2953 5741 βασιλεῖ
3007 5663 3086 5738 τῷ
3144 5659 3285 5741 ἁγίῳ
3345 5659 3689 5748 ἐμφανισθεὶς
