4132 6432
341 362 465 436 485

1841 349 2270 424 EPISTOLIE.

3641 367 3761 426 486

341 498 430 554 καὶ
463 494 788 574 εἷ’σδεχθείς,
837 493 1041 566 δεξιῶς,
1093 494 1166 555 ὡς
1199 492 1354 563 δῆθεν
1407 493 1541 549 εἶναι
1584 497 1691 546 τῶν
1726 487 1998 562 εύλαϐὦν,

2119 494 2281 566 quasi
2331 492 2552 548 scilicet
2580 509 2650 548 ex
2707 493 2938 566 piorum
2970 509 3213 550 numero
3263 499 3438 567 esset,
3471 513 3607 552 cum
3655 497 3761 554 ho-

340 589 431 648 καί
489 585 881 666 φιλοτιμηθεὶς
940 584 1072 660 ὑπὲρ
1125 584 1226 651 τὴν
1282 582 1453 653 ἀξίαν.
1515 582 1608 638 Διὸ
1668 581 2000 660 ἐπεφήμιζεν

343 677 520 748 ἑαυτῷ
565 673 868 752 ἱερωσύνης
916 674 1072 748 οἶμαι
1125 671 1355 745 ἀξίωμα,
1404 668 1581 728 ἕλκειν
1641 671 2004 745 σκεπτόμενος

348 763 438 821 διὰ
465 763 664 837 τούτου
712 759 933 833 πολλὴν
982 762 1118 838 πρὸς
1148 760 1307 818 αὐτὸν
1338 762 1436 831 τὴν
1479 758 1781 837 ἀναδοχῆν,
1814 759 2006 816 εἰωθό-

344 876 440 928 τος
503 859 668 927 τιμᾷν
723 853 791 908 τὰ
844 854 980 922 θεῖα,
1037 851 1128 906 καὶ
1181 851 1316 915 τοὺς
1369 855 1470 906 τοῦ
1527 854 1682 921 Osos,
1737 846 2004 925 μεγάλαις

348 940 648 1020 ᾀναδοχαῖς
699 942 790 997 καὶ
847 939 1156 1018 βασιλικαῖς
1209 944 1307 995 τοῦ
1366 938 1518 1016 ἁγίου
1581 960 1687 1013 μου
1746 937 2006 1014 αὐτοκρά-

345 1052 509 1108 τορος
553 1029 660 1086 ἀπό
702 1051 766 1105 γε
815 1026 1094 1108 φιλοθείας
1143 1027 1231 1083 καὶ
1282 1021 1548 1090 εὐσεϐείας
1595 1025 1684 1081 καὶ
1742 1020 2005 1087 εὖλαϐοὖς

347 1121 440 1179 καὶ
488 1121 699 1197 ἡμέρας
747 1120 954 1195 ψυχῆς,
1006 1118 1081 1180 ὡς
1129 1113 1191 1172 οὔ
1240 1137 1373 1172 ποτε
1417 1120 1526 1172 τῶν
1555 1114 1804 1171 ἀνέκαθεν
1851 1116 2002 1190 βασι-

353 1209 491 1268 λέων
525 1207 682 1281 ἄλλῳ
727 1207 835 1264 τινὶ
885 1208 936 1263 ἐν
981 1213 1098 1269 τοῖς
1147 1205 1334 1268 θείοις·
1386 1204 1483 1260 κάν
1530 1203 1711 1277 τούτῳ
1749 1205 1811 1259 τὸ
1844 1203 2003 1259 εὐλα-

355 1294 444 1362 ϐὲς
503 1295 965 1374 μεμαρτύρηται·
1027 1296 1101 1358 ὡς
1169 1301 1329 1350 τοῦτο
1405 1294 1602 1350 τούτου
1676 1298 1754 1366 τῷ
1821 1294 2005 1370 κράτει

353 1386 823 1466 πεφιλοφρόνηται
892 1380 1172 1463 ὑπερϐολῇ
1242 1383 1642 1461 καλοκαγαθίας
1717 1383 1808 1439 καὶ
1866 1386 2004 1457 ἡμε-

353 1477 606 1554 ρότητος,
652 1477 728 1538 ὡς
773 1474 865 1530 ’ίνα
912 1475 1007 1529 γᾶν
1052 1474 1232 1547 τούτῳ
1279 1471 1518 1544 συνᾴδων
1554 1471 1636 1543 εἷή
1668 1478 1746 1545 τῷ
1780 1471 2006 1547 μεγάλῳ

351 1563 535 1622 Δαυΐδ·
574 1588 602 1615 ‹‹
652 1564 782 1619 Λίαν
836 1563 960 1636 ἐμοὶ
1011 1564 1039 1618 ὁ
1089 1564 1238 1635 Θεὸς,
1293 1564 1346 1617 οἱ
1386 1561 1540 1640 φίλοι
1590 1583 1685 1617 σου
1745 1561 2007 1635 ἐτιμήθη-

350 1677 465 1710 σαν.
501 1680 528 1707 ››
567 1652 725 1709 Ἀλλ’
756 1651 801 1708 ὣ
831 1655 1017 1729 ψυχῆς
1064 1649 1419 1728 ἀναισχύντου
1466 1651 1555 1706 καὶ
1603 1652 1778 1721 πάντη
1812 1656 1963 1712 σκιᾶς
1992 1652 2003 1706 ί

352 1743 467 1800 ἀντὶ
526 1744 629 1820 γὰρ
705 1739 1036 1821 ὀφειλούσης
1116 1739 1541 1816 εὐγνωμοσύνης
1616 1743 1683 1814 τῇ
1742 1739 2004 1811 εὐποιία,

354 1832 407 1904 ἐξ
435 1835 504 1902 ἧς
533 1831 624 1887 καὶ
671 1833 840 1906 θῆρας
886 1828 1041 1904 ῗσμεν
1092 1823 1547 1904 μεταϐεϐλῆσθαι,
1598 1829 1689 1883 τὸν
1737 1831 1880 1883 θεῖον
1914 1828 2008 1906 φό-

354 1907 450 1978 ϐον
504 1920 596 1976 καὶ
627 1919 823 1998 ὅρκους
863 1917 1238 1995 ἀποῤῥαπίσας
1287 1918 1376 1996 ἀφ’
1420 1918 1610 1973 ἑαυτοῦ
1640 1918 1668 1971 6
1718 1916 1839 1972 λίαν
1891 1915 2006 1990 δρι-

359 2010 461 2086 μὺς
499 2009 592 2065 καί
650 2005 995 2080 δυσθάνατος,
1045 2007 1135 2063 καὶ
1185 2007 1415 2082 ὁμοίους
1464 2007 1610 2079 αύτῷ
1665 2027 2007 2082 προσεταιρι-

354 2101 584 2175 σάμενος
633 2096 770 2154 κατά
814 2118 874 2152 τε
918 2104 1019 2168 τῆς
1068 2097 1311 2171 ποίμνης
1357 2100 1611 2172 Χριστοῦ,
1641 2098 1778 2151 κατά
1820 2117 1880 2151 τε
1907 2103 2008 2165 τῆς

356 2186 679 2260 Ἐκκλησίας
755 2187 844 2242 καὶ
903 2186 1000 2241 τοῦ
1060 2189 1378 2262 θεοστεφοῦς
1433 2185 1832 2262 αὐτοκράτορος
1892 2186 2008 2262 ῥᾳ-

361 2273 601 2351 ψώδημα
640 2274 810 2332 δόλου
855 2275 944 2330 καὶ
993 2272 1307 2351 τυραννίδος
1358 2277 1698 2349 συνθέμενος.
1751 2279 1860 2330 Φεῦ
1907 2283 2006 2346 τῆς

359 2363 717 2443 ἕρεσχελίαςί
771 2366 799 2420 ὁ
856 2365 1043 2427 ἄθλιος
1102 2364 1371 2441 ἀπσγονος
1429 2365 1562 2420 εἶναι
1615 2369 1724 2420 τῶν
1785 2366 2008 2421 πώποτε

360 2450 822 2532 βεϐασιλευκότων
895 2454 1042 2518 τινός
1075 2475 1087 2487 ·
1141 2455 1200 2509 ’ὸν
1273 2452 1398 2510 οὑδὲ
1453 2456 1822 2530 γεννηθῆναι,
1883 2452 2009 2510 οὐδὲ

354 2543 498 2620 παρά
547 2565 695 2606 τινος
744 2546 998 2615 θεαθῆναι
1073 2545 1110 2613 ἢ
1162 2544 1486 2614 ἀκουσθῆναι
1543 2550 1663 2606 ταῖς
1724 2543 2007 2615 ἀληθείαις

357 2633 445 2690 καὶ
481 2635 649 2709 μέχρι
680 2635 919 2710 σήμερον
977 2635 1256 2709 ἅνθρωπος
1302 2632 1578 2703 ἡνωτίσθη
1625 2637 1831 2695 ποσῶς.
1863 2635 2005 2708 Τρα-

354 2723 592 2802 γέλαφος
623 2723 776 2797 οἶμαί
819 2744 904 2785 τις
953 2722 1340 2794 ἀνυπόστατος,
1391 2722 1426 2792 ἢ
1479 2723 1619 2778 καθά
1667 2742 1770 2777 που
1816 2723 1883 2776 τὰ
1913 2721 2008 2777 λό-

356 2833 466 2890 για,
504 2814 688 2868 «Ὅτε
733 2815 768 2882 ἡ
823 2810 1062 2876 θάλασσα
1113 2810 1394 2884 ἐμαιοῦτο,
1447 2811 1510 2865 σὺ
1556 2811 1824 2886 ἐτήρησας
1882 2831 2009 2886 τρα-

355 2899 612 2979 γελάφων
677 2899 935 2964 τοκετοὺς
1006 2901 1279 2970 ἀκηκοώς.
1342 2925 1370 2952 ››
1430 2901 1613 2956 Ἔνθεν
1671 2895 2010 2978 πρεσϐύτερα

363 2992 438 3065 μὴ
501 2990 674 3046 ὀκνεῖν
730 2988 1138 3065 διακηρυκεύειν
1197 2989 1329 3065 ὑπὲρ
1389 2989 1553 3044 αὐτοῦ
1609 2989 1700 3044 καὶ
1754 2989 2005 3063 μείζονα,

356 3078 599 3156 γέλωτος
629 3076 924 3152 κωμῳδίαν
978 3078 1124 3149 ἀξίαν
1151 3079 1186 3148 ἢ
1223 3076 1436 3152 μᾶλλον
1487 3076 1732 3154 δακρύων
1782 3077 2010 3134 πολλῶν

361 3169 535 3242 ἑαυτῷ
585 3167 1088 3244 καταχαριζόμενος
1124 3209 1137 3235 ,
1213 3167 1304 3222 καὶ
1377 3173 1492 3229 τοῖς
1568 3166 1881 3244 προχείρως
1951 3167 2010 3222 ἐκ

363 3259 670 3334 μοχθηρίας
748 3261 972 3314 τοιαῦτα
1043 3257 1354 3312 πιστεύουσι
1444 3257 1534 3311 καὶ
1606 3257 1954 3332 κρατύνουσιν
1992 3303 2004 3315 .
2039 3239 2082 3306 C

355 3348 509 3401 ⁶Όθεν
555 3348 644 3402 καὶ
707 3346 920 3422 μᾶλλον
979 3344 1384 3423 μυρμηκολέων
1445 3345 1635 3422 εὐρέθη
1693 3347 1860 3408 κακὸς
1914 3368 2009 3401 κα-

353 3440 464 3498 κῶς
512 3435 873 3510 όλεσκόμενος
927 3436 1220 3512 ἀποτυχὼν
1265 3438 1365 3505 τῆς
1419 3436 1604 3509 βορᾶς,
1635 3435 1696 3497 ὃς
1733 3437 1845 3508 μετ’
1877 3435 2012 3490 ὲκεί-

355 3545 452 3580 νου
497 3531 596 3580 τοῦ
648 3527 816 3580 θεῖναι
865 3530 980 3586 τοῖς
1025 3526 1243 3600 ἄστροις
1301 3524 1390 3579 τὸν
1451 3524 1636 3600 θρόνον
1698 3525 2013 3601 βατταρίσαι

354 3612 764 3688 τετολμηκότος
811 3613 880 3669 τὰ
923 3617 1149 3668 τοιαῦτα
1197 3613 1622 3689 προσονειρῶξαι
1674 3611 1774 3668 οὐκ
1811 3610 2010 3692 ἔφριξε,

363 3704 480 3778 μεθ’
539 3703 602 3758 οὗ
677 3703 766 3758 καὶ
825 3704 1255 3777 συνηριθμῆσθαι
1328 3702 1418 3757 καὶ
1493 3703 1848 3779 συντετάχθαι
1925 3701 2014 3758 διὰ

357 3794 459 3862 τήν
495 3793 749 3867 μίμησιν,
799 3792 876 3854 ὡς
925 3790 976 3862 ἐξ
1028 3793 1102 3846 ὧν
1153 3791 1439 3868 εἷ’ργάσατο
1469 3788 1870 3850 ἀποδείκνυται.
1905 3794 2011 3847 Κά-·

358 3883 530 3937 κεῖθεν
603 3882 873 3960 ὁμόφροσι
928 3879 1108 3954 τούτῳ
1150 3880 1259 3935 τισὶ
1302 3881 1371 3935 τά
1418 3883 1518 3950 τῆς
1576 3878 1789 3951 πλάνης
1848 3881 2012 3936 αὐτοῦ

355 3969 446 4028 καί
504 3971 830 4033 ἀποστασίας
877 3969 1390 4043 καταπιστεύσαντα,
1451 3969 1541 4024 καὶ
1593 3969 1782 4033 ἀκοαῖς
1839 3991 2012 4041 πονη-

360 4065 481 4138 ραῖς
538 4059 738 4135 λόγους
789 4056 1179 4132 διακομίσοντα
1223 4057 1522 4134 πονηροὺς,
1571 4059 1639 4114 τὰ
1691 4057 1854 4114 αὐτοῦ
1891 4059 2012 4136 βδε-

360 4149 503 4222 λυρὰ
543 4150 938 4224 σκαιωρήματα
981 4147 1033 4203 ἐν
1083 4151 1152 4222 τῇ
1181 4147 1343 4203 πόλει
1390 4149 1482 4203 καὶ
1528 4152 1694 4203 ταῦτα
1733 4153 1832 4204 τοῦ
1880 4151 2010 4225 κρά-

355 4259 486 4302 τους
536 4237 814 4316 ἐνσπείρας
863 4239 892 4293 ὁ
940 4235 1176 4300 δείλαιος
1226 4235 1534 4313 συμμορίαν
1596 4242 1832 4293 ποιεῖται
1881 4237 2010 4294 ἐπά-

360 4347 543 4403 ρατον⁸
605 4329 660 4382 οἶ
711 4327 802 4382 καὶ
864 4328 1033 4400 μήπω
1091 4323 1361 4403 διακορεῖς
1431 4329 1500 4400 τῇ
1559 4325 1790 4401 τοσαύτῃ
1851 4327 2015 4400 μανίᾳ

358 4416 670 4492 γενόμενοι,
703 4414 780 4472 ἔτι
813 4413 1100 4478 ὠδίνοντες
1143 4415 1212 4470 τὰ
1255 4415 1413 4484 κακὰ,
1450 4419 1548 4470 τοῦ
1601 4414 1758 4488 μόνοι
1791 4415 2015 4473 ἐνταῦθα

357 4504 557 4577 λυττᾷν
631 4507 748 4581 μεθ’
812 4507 886 4560 ὦν
964 4505 1303 4578 ᾠκειώσαντο
1355 4504 1545 4582 μικρὸν
1608 4503 2010 4580 λογιζόμενοι,

361 4595 626 4670 μειζόνως
705 4594 756 4650 έν
834 4593 1131 4670 κακουργίᾳ
1206 4591 1428 4669 δραμεῖν
1488 4589 1782 4648 συνέλαϐον
1849 4594 2013 4650 πόνον
2042 4615 2091 4678 D

352 4689 455 4740 τοῦ
484 4684 709 4758 ἀνομίαν
760 4683 1065 4754 ἀποτεκεῖν,
1113 4683 1188 4745 ὡς
1239 4681 1298 4737 ἂν
1362 4681 1624 4756 μειζόνως
1686 4680 2009 4755 ἐκπολεμώ-

357 4796 446 4831 σαι
517 4773 712 4837 αὖτοὺς
786 4773 876 4829 καὶ
947 4772 1074 4828 Θεὸν
1152 4769 1566 4834 ἐπισπεύδοντες
1641 4773 1767 4834 τοὺς
1821 4771 2012 4844 κύκλῳ

355 4867 518 4934 ἡμῶν
556 4863 748 4926 ἀθέους
793 4862 884 4918 καὶ
932 4857 1165 4930 ἀσεϐεῖς,
1207 4861 1301 4922 ἐίς
1361 4858 1627 4916 ἄσπονδον
1680 4863 1866 4936 μάχην
1911 4862 2010 4930 τήν

357 4953 496 5009 κατὰ
544 4956 642 5007 τοῦ
682 4951 881 5028 Κυρίου
928 4951 1018 5007 καὶ
1068 4955 1166 5005 τοῦ
1215 4955 1450 5027 Χριστοῦ
1501 4949 1684 5022 αὐτοῦ,
1740 4950 1830 5005 καὶ
1881 4949 2013 5005 ὅλου

355 5041 730 5116 συντάγματος
795 5039 1185 5117 Χριστωνύμου
1220 5085 1233 5111 ,
1294 5039 1615 5116 συγκαλέσαι
1683 5038 1767 5094 ἐπ’
1842 5039 2014 5094 ἀπω-

356 5131 479 5205 λείᾳ
534 5130 693 5205 κοινῇ
749 5130 825 5193 εἷς
884 5128 1174 5204 ἀντίληψιν
1231 5130 1331 5198 τὴν
1393 5130 1594 5184 ἑαυτῶν
1643 5127 2012 5206 ἐψηφίσαντο.

353 5221 456 5276 Καὶ
511 5224 675 5275 τοῦτο
720 5219 974 5290 ἐξήνυσαν
1025 5217 1110 5289 ἂν,
1163 5217 1209 5273 εἰ
1263 5219 1338 5292 μὴ
1395 5218 1608 5292 συνέχει
1659 5216 1868 5272 τούτων
1919 5218 2015 5280 τὰς

363 5309 620 5385 μηχανὰς
674 5310 704 5364 ὁ
763 5307 991 5363 θανάτου
1040 5305 1311 5384 ἐκτρέπων
1360 5309 1509 5362 σκιὰν
1570 5306 1645 5369 εἷς
1698 5306 1841 5376 ζωὴν
1899 5312 2015 5368 τοῖς

354 5394 584 5460 ἐλπίδας
639 5391 858 5474 βεϐαίας
907 5397 1252 5470 ἀναθεμενοις
1300 5394 1464 5469 αὐτῷ’
1521 5396 1582 5474 ’ὸς
1638 5395 1728 5451 καὶ
1778 5395 1870 5449 τὸν
1915 5394 2014 5450 πό-

353 5507 445 5542 νον
495 5486 656 5542 αύτὸν
715 5492 838 5550 ταῖς
897 5485 1068 5542 αὐτῶν
1127 5483 1388 5564 κεφαλαῖς
1445 5482 1670 5549 ἐνδίκως
1727 5479 1961 5542 ἐπέϐαλε
1997 5527 2012 5555 ,

427 5671 507 5748 (1)
534 5669 630 5730 Job
662 5686 856 5741 χχχιχ,
887 5669 940 5728 4.
972 5669 1079 5726 Sed
1105 5669 1345 5728 multum
1372 5668 1602 5729 diverse.

2112 599 2252 638 nere
2281 587 2489 654 praeter
2535 582 2809 638 meritum
2842 588 3118 655 exceptus
3149 589 3255 639 est.
3287 583 3509 642 Nomen
3560 591 3760 642 autem

2113 671 2441 739 sacerdotii,
2476 675 2542 726 ut
2568 671 3118 739 aastimo,simulavit
3145 698 3158 739 ;
3183 689 3458 744 magnam
3486 674 3599 730 sibi
3626 675 3765 732 inde

2113 760 2456 832 dignitatem
2479 760 2788 817 conciliare
2819 761 3064 818 studens
3089 762 3245 834 apud
3278 778 3414 818 eum
3445 764 3546 836 qui
3570 765 3766 820 divina

2113 853 2170 905 et
2218 849 2315 905 Dei
2347 849 2615 906 homines
2670 849 2956 905 honorare
2994 850 3336 916 consuevit;
3366 853 3618 925 magnis,
3672 855 3764 910 in-

2114 955 2312 1011 quam,
2346 943 2403 994 et
2453 938 2633 1012 regiis
2663 939 3043 994 observantia
3093 939 3619 1012 significationibus
3661 943 3762 998 ad-

2114 1027 2333 1084 missus
2365 1045 2398 1083 a
2428 1033 2629 1084 sancto
2661 1029 3013 1099 imperatore
3044 1044 3194 1097 meo,
3223 1046 3326 1102 pro
3355 1029 3535 1087 insita
3566 1033 3764 1089 animo

2113 1118 2242 1187 ejus
2272 1116 2797 1190 religione,pietate
2827 1134 2892 1171 ac
2922 1135 2990 1173 ea
3021 1134 3138 1189 qua
3168 1119 3444 1190 praeditus
3474 1125 3564 1177 est
3594 1138 3766 1178 man-

2115 1207 2464 1272 suetudine;
2495 1206 2576 1260 ita
2624 1209 2687 1260 ut
2725 1205 2870 1259 nulli
2919 1205 3165 1262 antehac
3218 1209 3596 1278 quantumvis
3645 1209 3760 1281 pio,

2113 1300 2344 1351 tantum
2374 1293 2785 1350 benevolentia
2815 1312 2848 1350 ο.
2880 1296 3280 1366 superioribus
3310 1297 3766 1370 imperatoribus

2115 1384 2437 1440 exhibitum
2489 1384 2697 1451 fuerit;
2734 1400 2851 1455 qua
2897 1383 3071 1440 etiam
3105 1386 3162 1439 in
3215 1402 3274 1441 re
3307 1389 3435 1458 ejus
3483 1388 3763 1460 pietatem

2118 1472 2416 1528 testificari
2445 1472 2650 1527 liceat:
2684 1473 2764 1527 ibi
2795 1473 2972 1528 etiam
3001 1474 3310 1545 probitatis
3342 1481 3399 1531 et
3429 1482 3741 1534 mansueta

2117 1562 2272 1618 dinis
2323 1561 2789 1634 magnitudinem
2822 1562 3279 1632 demonstravit;
3312 1563 3396 1619 ita
3425 1569 3490 1620 ut
3517 1583 3584 1622 ca
3613 1566 3672 1622 in
3704 1583 3766 1623 re

2118 1667 2330 1723 magno
2355 1651 2556 1706 Davidi
2587 1650 2820 1720 similis,
2853 1651 3046 1707 dicere
3075 1651 3263 1724 possit
3291 1657 3354 1708 ut
3384 1653 3480 1709 ille
3513 1672 3527 1711 :
3563 1679 3584 1705 ιι
3621 1656 3766 1712 Mihi

2117 1740 2294 1796 nimis
2342 1739 2608 1796 honorati
2639 1744 2780 1796 sunt
2808 1741 2980 1796 amici
3011 1741 3097 1796 tui
3137 1741 3312 1798 Deus.
3345 1765 3373 1793 »
3407 1744 3542 1816 Sed,
3576 1762 3608 1800 ο
3639 1745 3764 1802 ani-

2118 1847 2276 1886 mam
2309 1829 2710 1902 impudentem
2742 1834 2799 1885 et
2827 1831 3195 1886 tenebrosam
3225 1831 3238 1887 ι
3271 1832 3416 1888 Nam
3434 1850 3539 1905 pro
3572 1835 3770 1893 debita

2117 1919 2300 1975 tantis
2328 1919 2629 1975 beneficiis
2660 1919 2809 1991 grati
2837 1919 3015 1974 animi
3057 1919 3503 1992 significatione,
3537 1940 3672 1979 eum
3703 1925 3764 1981 in

2115 2009 2246 2064 ferae
2291 2014 2562 2064 naturam
2591 2025 2824 2063 versum
2873 2009 3288 2080 conspicimus,
3320 2015 3378 2066 et
3405 2011 3508 2067 Dei
3554 2012 3764 2070 timore

2117 2113 2184 2152 ac
2226 2097 2578 2167 juramentie
2610 2097 2960 2170 posthabitis
3005 2103 3062 2152 et
3108 2098 3372 2169 abjectis,
3402 2099 3631 2174 Drimys
3668 2101 3766 2159 ille

2117 2203 2184 2242 ac
2215 2186 2494 2242 exitiosus
2528 2186 2724 2253 homo,
2757 2203 2890 2241 cum
2932 2187 3077 2242 alios
3108 2188 3199 2243 sui
3231 2188 3454 2244 similes
3480 2189 3594 2246 sibi
3625 2207 3765 2248 con-

2117 2275 2396 2342 ciliasset,
2429 2281 2632 2331 contra
2682 2292 2917 2348 gregem
2945 2275 3182 2345 Christi,
3214 2283 3418 2334 contra
3446 2279 3764 2337 Ecclesiam

2117 2370 2175 2420 et
2222 2370 2427 2421 contra
2464 2364 2746 2420 divinitus
2804 2369 3146 2421 coronatum
3197 2367 3606 2439 imperatorem
3649 2387 3766 2426 ma-

2118 2453 2561 2509 chinamentum
2613 2452 2730 2508 doli
2762 2458 2819 2508 et
2868 2454 3195 2524 tyrannidis
3248 2456 3489 2528 plenum
3529 2460 3765 2514 struxit.

2119 2543 2267 2598 Proh
2299 2546 2725 2615 nugamentum
2753 2541 2764 2596 !
2799 2542 2975 2598 Miser
3001 2541 3099 2598 ille
3129 2559 3191 2599 se
3220 2561 3288 2599 ex
3318 2545 3514 2618 aliquo
3545 2547 3766 2620 prisco-

2118 2649 2249 2688 rum
2280 2633 2701 2704 imperatorum
2720 2636 2913 2686 ortum
2944 2631 3430 2704 gloriatur,quem
3462 2652 3534 2691 ne
3559 2641 3766 2693 natum

2119 2721 2379 2793 quidem,
2412 2737 2600 2792 neque
2632 2720 2704 2775 ab
2752 2719 2948 2792 aliquo
2980 2720 3539 2788 visum,auditumve
3570 2725 3768 2782 hacte-

2118 2828 2230 2867 nus
2285 2809 2444 2865 ullus
2500 2809 2688 2864 scivit.
2749 2808 3158 2865 Hircocervum
3216 2827 3345 2866 esse
3400 2816 3567 2884 puto,
3606 2814 3772 2871 nulla

2119 2898 2450 2956 substantia
2481 2898 2790 2970 praeditum
2815 2903 2872 2954 et
2900 2898 3104 2953 ﬁctum
3133 2899 3286 2967 ;sive
3309 2916 3443 2956 cum
3474 2901 3596 2958 haec
3618 2903 3771 2959 Scri-

2118 2995 2353 3062 pturam
2400 2988 2615 3044 alicubi
2647 2987 2936 3043 dicentem
2985 2987 3270 3044 audiisset
3302 3005 3314 3044 :
3351 2990 3578 3058 Quando
3614 3009 3770 3049 mare

2118 3078 2590 3142 obstetrzcabatur,
2651 3085 2712 3132 tu
2789 3076 3092 3133 observasti
3157 3086 3356 3150 partus
3431 3079 3769 3138 hircocervo-

2117 3185 2247 3224 rum
2278 3167 2354 3240 (1)
2385 3185 2398 3236 ;
2432 3167 2566 3222 inde
2615 3166 2727 3222 sibi
2758 3165 3127 3238 antiquitatis
3158 3173 3214 3223 et
3256 3168 3488 3240 generis
3521 3170 3613 3225 sui
3645 3188 3768 3228 ma-

2121 3257 2491 3331 gnitudinem
2539 3254 2891 3327 praedicandi
2922 3255 3286 3312 occasionem
3329 3257 3592 3331 impigne
3621 3259 3771 3315 acci-

2121 3348 2312 3419 piens,
2339 3344 2684 3401 comoediam
2717 3345 2861 3412 risu,
2885 3343 3002 3399 imo
3033 3345 3230 3417 potius
3261 3344 3534 3417 lacrymis
3566 3347 3769 3405 multis

2123 3437 2362 3508 dignam
2413 3433 2616 3500 edidit,
2649 3439 2775 3489 tum
2807 3433 2900 3488 sui
2931 3450 3128 3501 causa,
3159 3439 3286 3490 tum
3319 3451 3520 3492 eorum
3551 3437 3653 3508 qui
3684 3440 3770 3493 te-

2123 3541 2280 3582 mere
2312 3542 2381 3581 ex
2430 3524 2806 3595 improbitate
2833 3522 2975 3578 talia
3015 3524 3317 3580 crederent
3350 3530 3408 3580 et
3459 3527 3772 3583 conﬁrma-

2123 3619 2252 3671 rent
2286 3631 2298 3668 :
2334 3629 2515 3686 quare
2543 3611 2775 3668 facilius
2803 3611 2900 3667 ille
2928 3613 3332 3683 myrmecoleon
3378 3613 3773 3680 deprehende-

2121 3709 2311 3770 tur,ac
2339 3702 2530 3759 malus
2561 3703 2714 3758 male
2743 3701 3117 3774 peribit,cum
3151 3702 3297 3758 nihil
3329 3703 3484 3774 quod
3517 3704 3771 3777 devoret,

2122 3793 2350 3863 habeat,
2384 3793 2484 3863 qui
2528 3808 2662 3846 cum
2694 3791 2793 3847 illo
2825 3790 2925 3861 qui
2975 3791 3254 3847 thronum
3287 3809 3461 3847 suum
3492 3792 3552 3848 in
3597 3793 3774 3850 astris

2122 3899 2335 3955 ponere
2383 3881 2631 3948 volebat,
2684 3880 2822 3936 talia
2869 3880 3096 3936 effutire
3145 3885 3201 3936 et
3247 3881 3540 3938 somniare
3591 3899 3774 3939 ausus

2123 3989 2240 4028 non
2286 3969 2586 4026 exhorruit
2618 3988 2630 4024 :
2663 3985 2799 4025 cum
2831 3986 2945 4041 quo
2990 3969 3501 4026 adnumerandum
3531 3976 3588 4026 et
3637 3988 3772 4027 con-

2122 4060 2487 4119 stituendum
2529 4075 2666 4114 eum
2694 4075 2822 4115 esse
2853 4059 2925 4114 ob
2955 4058 3365 4125 imitationem,
3396 4076 3464 4116 ex
3495 4060 3773 4132 operibus

2122 4153 2252 4222 ejus
2303 4153 2820 4206 commonstratur.
2855 4148 2995 4203 Inde
3043 4165 3176 4204 vero
3226 4164 3360 4204 cum
3413 4149 3772 4220 quibusdam

2122 4240 2234 4298 sibi
2292 4238 2792 4296 consentientibus
2848 4237 3060 4294 erroris
3118 4242 3176 4292 et
3251 4236 3594 4294 defectionis
3655 4255 3773 4294 suae

2123 4333 2346 4387 secreta
2393 4326 2872 4398 concredidisset,
2922 4331 2979 4382 et
3027 4327 3314 4400 improbis
3372 4327 3615 4384 auribus
3662 4327 3774 4383 im-

2121 4420 2305 4492 proba
2333 4417 2510 4473 verba
2556 4416 2834 4485 dedisset,
2869 4416 3131 4487 itemque
3159 4417 3514 4472 exsecranda
3556 4420 3614 4472 et
3643 4433 3774 4488 per-

2122 4523 2290 4564 versa
2339 4504 2812 4561 machinamenta
2857 4521 2966 4560 sua
3011 4506 3072 4560 in
3121 4504 3353 4560 civitate
3401 4505 3778 4578 imperatoria

2121 4595 2590 4661 disseminasset,
2620 4593 3074 4649 abominandam
3108 4592 3221 4649 sibi
3270 4610 3512 4648 manum
3543 4591 3778 4665 collegit

2122 4685 2455 4750 hominum,
2490 4683 2591 4754 qui
2637 4698 2771 4737 cum
2805 4682 3066 4738 nondum
3095 4686 3262 4737 tanta
3304 4682 3553 4738 stultitia
3585 4682 3772 4738 saturi

2123 4773 2261 4840 sint,
2298 4772 2452 4828 mala
2498 4771 2911 4844 parturientes.
2947 4772 3054 4826 rati
3087 4787 3296 4842 parum
3328 4786 3457 4826 esse
3501 4770 3551 4826 si
3580 4770 3641 4826 in
3672 4768 3776 4827 illa

2123 4862 2313 4935 prima
2345 4877 2522 4933 quam
2556 4860 2804 4932 amplexi
2838 4864 2977 4915 sunt
3009 4859 3260 4916 stultitia
3289 4859 3506 4926 furant,
3531 4860 3775 4932 majoris

2124 4952 2184 5006 in
2229 4950 2494 5021 nequitia
2523 4966 2734 5004 cursus
2764 4948 3024 5005 laborem
3047 4953 3524 5020 susceperunt,ut
3545 4948 3778 5021 pariant

2124 5039 2535 5109 iniquitatem;
2593 5039 2676 5093 ita
2723 5043 2789 5092 ut
2839 5038 3078 5108 majoris
3128 5037 3264 5092 belli
3317 5039 3434 5094 Deo
3482 5037 3775 5094 inferendi

2125 5128 2322 5184 studio
2353 5127 2597 5192 incensi,
2630 5127 2911 5182 ﬁnitimos
2937 5131 3167 5182 nostros
3199 5127 3402 5182 atheoe
3432 5132 3490 5183 et
3533 5127 3771 5200 impios,

2125 5217 2195 5272 ad
2231 5215 2581 5288 inexpiabile
2601 5214 2820 5271 bellum
2843 5216 3124 5272 adversus
3154 5215 3468 5272 Dominum
3489 5221 3544 5271 et
3574 5217 3776 5272 adver-

2125 5323 2228 5362 sus
2261 5305 2556 5360 Christum
2605 5305 2754 5376 ejus,
2785 5309 2842 5360 et
2871 5305 3149 5360 adversus
3180 5309 3368 5360 totum
3410 5304 3772 5362 Christiano-

2127 5412 2256 5450 rum
2288 5400 2502 5450 coetum
2535 5395 2606 5450 ad
2638 5409 3013 5450 communem
3047 5393 3360 5467 perniciem
3396 5398 3454 5450 et
3485 5394 3577 5450 sui
3607 5395 3771 5450 auxi-

2124 5485 2268 5541 lium
2302 5499 2538 5542 evocare
2587 5483 3016 5542 constituerint.
3055 5487 3120 5541 Et
3166 5483 3275 5543 hoc
3309 5499 3449 5540 sane
3495 5483 3769 5558 perfecis-
