4132 6416
353 363 472 434 48⁸7

1475 364 1904 429 ATHANASII
1947 363 2062 425 GP.
2111 360 2641 424 PATRIARCHE

3655 357 3776 421 488

350 507 501 575 sent,
534 502 651 560 nisi
699 502 803 575 qui
833 501 1042 559 mortis
1072 502 1343 559 umbram
1390 500 1451 557 in
1481 501 1664 557 vitam
1712 496 1995 555 convertit

2107 493 2197 549 καὶ
2232 491 2386 558 λίθον
2438 490 2645 547 κυλίειν
2697 490 2777 569 ἐφ’
2827 493 3028 547 ἑαυτῶν
3076 490 3261 554 αὐτοῖς
3314 490 3584 566 ἐξεγένετο
3619 534 3633 547 .
3677 491 3771 553 Οἷς

350 593 412 649 in
445 592 696 667 gratiam
721 608 924 649 eorum
955 590 1056 664 qui
1088 608 1253 664 spem
1281 591 1343 648 in
1370 590 1500 664 ipso
1526 591 1759 646 ﬁrmam
1791 603 2003 661 posue-

352 687 512 749 runt,
541 680 689 737 illud
738 681 1188 753 compressisset
1216 698 1229 736 :
1261 680 1365 753 qui
1392 680 1572 737 etiam
1622 679 1886 751 ipsorum
1920 676 2004 731 la-

351 773 554 830 borem
587 771 649 826 in
678 769 873 843 capita
900 787 1105 827 eorum
1133 769 1493 839 immisit,ita
1520 767 1718 841 utipsi
1747 765 2003 838 lapidem

351 862 412 918 in
441 876 613 917 suam
644 860 962 933 perniciem
992 859 1277 916 volverint
1307 875 1321 915 :
1354 859 1572 932 quibus
1601 856 1705 913 illa
1732 855 2007 912 eveniant

351 966 558 1023 precor
586 950 643 1023 (ο
671 948 898 1006 Christe
928 965 1029 1005 rex
1059 953 1117 1005 et
1146 952 1318 1019 Deus,
1353 948 1454 1021 qui
1485 946 1679 1021 gregis
1708 945 1796 1000 tui
1827 944 2000 999 mise-

352 1039 661 1097 ricorditer
677 1038 1018 1095 recordatus
1048 1054 1132 1103 es,
1163 1053 1341 1108 quem
1370 1034 1691 1109 possedisti
1715 1031 2002 1106 sanguine

350 1128 475 1202 tuo)
501 1144 631 1201 quin
660 1127 1000 1184 acciderunt
1024 1125 1142 1182 illis
1163 1125 1312 1182 Oreb
1333 1130 1391 1181 et
1408 1125 1590 1181 Zebee
1621 1128 1677 1178 et
1702 1123 2003 1187 Salmana,

351 1235 419 1275 ac
449 1234 652 1275 eorum
684 1216 1049 1290 principibus
1078 1215 1181 1287 qui
1209 1214 1460 1287 superbe
1496 1214 1860 1270 fremuerant
1889 1228 1902 1278 ;
1936 1227 2003 1267 eo

349 1323 595 1381 prorsus
626 1306 798 1362 modo
829 1306 904 1378 (2)
935 1321 1051 1377 quo
1080 1304 1181 1361 isti
1221 1304 1504 1360 adversus
1533 1300 1870 1358 sanctuaria
1899 1300 2001 1356 Det

347 1413 410 1453 se
460 1400 693 1469 gerunt.
725 1393 825 1451 Ille
871 1399 1067 1450 autem
1100 1391 1262 1449 nullo
1303 1394 1464 1464 jure,
1495 1390 1657 1447 nulla
1694 1389 2000 1447 occasione

346 1486 468 1543 sive
497 1484 728 1558 generis
774 1483 894 1540 sive
923 1499 1181 1552 morum,
1211 1498 1459 1555 regnum
1505 1481 1805 1545 affectans,
1840 1496 2001 1535 acer-

350 1573 635 1631 bissimus
679 1574 1011 1639 hominum,
1041 1589 1109 1628 ac
1135 1588 1268 1628 vere
1319 1572 1417 1627 Dei
1448 1587 1602 1638 osor,
1637 1570 1729 1625 sui
1756 1569 2000 1636 oblitus,

348 1680 418 1721 ac
446 1679 655 1736 eaquae
687 1679 759 1719 ne
775 1679 879 1735 per
893 1662 1192 1718 somnium
1224 1661 1464 1733 quidem
1489 1660 1724 1731 assequi
1751 1663 1997 1731 poterat,

346 1753 651 1825 attingere,
675 1768 742 1808 ac
771 1751 962 1807 instar
989 1749 1253 1823 procella:
1282 1754 1340 1806 et
1367 1750 1480 1805 diri
1510 1748 1768 1805 turbinis
1800 1749 2000 1803 omnia

345 1842 593 1898 miscere
645 1857 713 1897 ac
748 1840 810 1896 in
860 1840 1219 1913 profundum
1248 1837 1614 1894 infidelitatis
1663 1838 2000 1910 demergere

342 1946 693 2003 aggressus;
728 1933 1020 2002 quotquot
1043 1945 1075 1985 e
1104 1926 1319 2001 populo
1349 1927 1609 2000 perditos
1637 1927 1907 1983 homines
1929 1943 1996 1982 ac

337 2018 609 2091 imperio,
642 2020 762 2074 imo
792 2018 990 2091 potius
1020 2018 1137 2073 Deo
1166 2017 1411 2073 infestos
1442 2016 1676 2089 reperit,
1711 2016 1994 2071 maxime-

337 2125 452 2180 que
482 2123 551 2163 ει
596 2106 865 2181 lignariis
894 2106 1009 2162 sibi
1056 2104 1428 2172 conciliavit;
1465 2103 1626 2159 nulla
1658 2104 1994 2161 rationabili

338 2197 647 2255 occasione
696 2196 928 2266 ductus,
959 2195 1073 2251 nisi
1104 2195 1260 2267 quod
1307 2193 1552 2266 perinde
1582 2198 1755 2266 atque
1807 2193 1906 2249 ille
1934 2194 1995 2249 in

340 2288 645 2359 Scriptura
666 2288 1027 2341 memoratus
1048 2284 1480 2357 insipiens,una
1501 2300 1637 2339 cum
1659 2283 1998 2356 gregalibus

343 2374 692 2441 suis,mente
723 2374 968 2430 delusus
996 2390 1062 2429 ac
1091 2374 1369 2445 deceptus
1398 2372 1793 2428 exsecrandus
1824 2372 1997 2429 homo

340 2463 453 2521 hoc
500 2463 750 2521 senserit
796 2479 864 2519 ac
912 2462 1144 2519 dixerit.
1178 2484 1208 2512 «
1247 2461 1374 2517 Non
1420 2465 1512 2517 est
1562 2462 1733 2517 Deus.
1769 2482 1797 2511 »
1830 2460 1994 2517 Unde

337 2551 755 2610 abominabilis
784 2552 974 2609 factus
1005 2568 1073 2608 ac
1104 2550 1364 2622 delusus,
1379 2549 1538 2606 velut
1567 2549 1921 2606 miserabilis
1943 2554 2001 2606 et

335 2642 472 2700 vilis
518 2658 724 2716 passer
752 2642 944 2714 periit,
978 2642 1079 2713 qui
1126 2657 1257 2697 sese
1283 2639 1373 2696 vel
1415 2639 1532 2695 Deo
1584 2638 1997 2697 terribiliorem

334 2732 733 2788 exhibiturum
768 2730 1118 2787 somniando
1149 2733 1579 2801 speraverat,ac
1610 2729 1661 2784 si
1696 2745 1829 2785 mus
1855 2729 1994 2801 pino

339 2838 405 2878 se
434 2821 739 2878 conferret.
775 2822 964 2887 Quare
996 2835 1113 2876 una
1142 2835 1278 2875 cum
1302 2818 1377 2874 iis
1409 2834 1559 2889 quos
1592 2818 1706 2873 sibi
1737 2817 2000 2874 amicitia

333 2910 605 2983 improbe
632 2908 990 2975 devinxerat,
1024 2908 1135 2964 hoc
1166 2906 1507 2980 prophetico
1538 2923 1809 2963 sermone
1837 2907 1990 2963 deri-

338 3001 513 3056 detur
545 3017 558 3055 :
592 3022 620 3049 ‹‹
654 2999 1015 3071 Regnarunt,
1047 2997 1230 3065 enim,
1272 2995 1483 3068 inquit,
1535 2995 1671 3064 sibi,
1725 3012 1839 3051 non
1895 3013 1998 3068 per

341 3105 477 3159 me;
525 3089 895 3162 imperarunt
942 3091 1000 3142 et
1047 3102 1164 3143 non
1195 3089 1497 3154 noverunt
1546 3102 1659 3141 me.
1716 3108 1745 3135 ››
1795 3086 1995 3158 Neque

336 3194 539 3235 secum
588 3180 936 3250 reputarunt
990 3175 1075 3231 illi
1125 3179 1331 3247 stupor
1381 3174 1633 3247 perculsi
1700 3174 1988 3247 homines,

337 3230 539 3235 ~-~—~-
590 3230 931 3250 --τπ-ητίή
998 3230 1051 3231 η
1138 3230 1145 3231 κ
1225 3230 1243 3247 .
1382 3230 1400 3247 ι
1954 3230 1988 3247 κ,

335 3283 564 3324 necnon
594 3266 1081 3339 imperitissimus
1109 3264 1208 3320 ille
1236 3266 1355 3320 dux
1386 3263 1729 3335 eorum,qui
1760 3280 1895 3319 cum
1927 3281 1990 3321 se

2104 3230 2379 3305 τηλατεῖν,
2414 3234 2786 3305 σκηπτοῦχος,

2108 3320 2132 3339 θ
2179 3324 2204 3339 Α
2240 3322 2254 3339 \
2341 3324 2353 3339 Ι
2398 3324 2408 3335 ο
2441 3322 2454 3339 \
2540 3319 2593 3339 Ἀ
2690 3320 2703 3337 κ

333 3357 610 3413 hesterna
651 3355 744 3411 die
773 3372 845 3412 ex
900 3352 1246 3411 sacerdotali
1276 3352 1479 3409 ordine
1508 3368 1638 3409 esse
1681 3353 1993 3424 praedicas-

336 3449 445 3510 set,
477 3443 653 3501 hodie
704 3442 901 3516 gladio
931 3443 1285 3498 instructum
1317 3458 1379 3497 se
1428 3446 1726 3497 ostentare
1755 3442 1991 3514 expetit,

344 3550 639 3606 curruque
698 3536 897 3588 vectus
953 3536 1012 3588 et
1068 3536 1297 3603 sceptra
1366 3534 1574 3587 tenens
1632 3536 1890 3603 apparet.
1949 3532 1993 3588 Ο

333 3622 611 3695 justitial
644 3621 747 3696 qui
795 3620 1049 3678 audacia
1079 3619 1382 3693 impietate
1427 3620 1579 3692 apud
1626 3621 1719 3676 sui
1768 3621 1995 3680 similes

340 3712 663 3785 conspicua
708 3711 1017 3767 redimitus
1064 3715 1172 3779 est,
1234 3708 1373 3766 solis
1424 3709 1671 3781 stupidae
1715 3728 1994 3784 variaeque

335 3800 647 3858 calumnia
678 3800 925 3857 fallaciis
955 3800 1234 3867 confisus,
1255 3816 1361 3856 nec
1391 3800 1687 3873 cogitabat
1719 3817 1832 3857 non
1865 3801 1994 3858 sine

335 3890 455 3947 Deo
486 3889 609 3963 regi
658 3894 881 3961 nostra,
915 3905 982 3944 ac
1012 3889 1229 3944 durum
1274 3904 1404 3944 esse
1432 3893 1637 3945 contra
1682 3887 1991 3945 stimulum

333 3978 656 4048 calcitrare,
693 3995 882 4051 neque
930 3977 1092 4034 illam
1134 3978 1304 4034 nobis
1335 3979 1614 4033 traditam
1663 3977 1991 4035 doctrinam

331 4068 746 4126 considerabat
777 4084 790 4123 :
830 4091 852 4118 ιι
891 4067 1000 4124 Per
1028 4083 1121 4123 me
1146 4083 1315 4140 reges
1345 4073 1650 4140 regnant.»
1682 4068 1817 4133 Quae
1848 4085 1991 4124 sane

333 4175 451 4215 non
480 4156 897 4214 intellexerunt
916 4155 1117 4212 miseri
1138 4155 1432 4223 homines,
1447 4173 1638 4229 neque
1658 4156 1992 4229 cogitarunt

333 4245 579 4320 capillos
628 4245 838 4319 capitis
877 4243 972 4302 sui
1017 4249 1358 4301 numeratos
1404 4261 1534 4301 esse
1577 4270 1592 4314 ;
1641 4246 1796 4318 quod
1846 4246 1988 4302 item

332 4352 534 4392 eorum
569 4334 814 4408 signifer
844 4351 961 4391 non
994 4333 1426 4391 animadvertit.
1459 4334 1754 4391 Adversus
1798 4334 1988 4391 homi-

333 4442 438 4482 nes
485 4424 832 4497 hujusmodi
880 4423 1004 4479 haec
1056 4424 1305 4480 fortasse
1351 4423 1701 4495 precabatur
1751 4424 1987 4481 divinus

326 4513 505 4570 David
536 4514 631 4570 his
658 4514 854 4572 verbis
884 4532 941 4568 ει
970 4512 1256 4569 Decidant
1282 4529 1318 4567 a
1347 4512 1805 4585 cogitationibus
1836 4516 1982 4585 suis,

325 4604 652 4660 secundum
685 4602 1125 4659 multitudinem
1143 4601 1513 4673 impietatum
1537 4617 1741 4658 eorum
1763 4603 1988 4677 expelle
2018 4616 2064 4681 D

322 4709 460 4762 eos;
489 4716 518 4744 »
568 4696 627 4748 et
674 4692 723 4747 si
774 4708 892 4748 non
923 4690 1332 4764 paenitentiam
1383 4707 1555 4763 agere
1601 4696 1922 4763 maturent,
1953 4711 1989 4750 a

329 4781 596 4838 ﬁdelium
629 4786 783 4838 certe
813 4785 961 4838 coetu
995 4781 1304 4849 decidant;
1339 4803 1367 4831 «
1401 4785 1459 4836 et
1487 4781 1988 4853 comprehendan-

328 4875 429 4926 tur
474 4871 535 4927 in
584 4871 862 4944 superbia
911 4888 1040 4937 sua,
1070 4875 1128 4927 et
1176 4871 1248 4926 de
1300 4871 1697 4927 exsecratione
1726 4876 1784 4927 et
1830 4888 1989 4927 men-

331 4960 497 5016 dacio
522 4976 711 5033 usque
733 4960 805 5016 ad
831 4959 1398 5017 consummationem
1416 4960 1986 5029 annuntiabuntur;»

332 5048 586 5105 scientes
612 5049 931 5121 (siquidem
961 5048 1143 5105 velint
1170 5048 1286 5121 ipsi
1316 5048 1419 5120 qui
1449 5049 1623 5105 corde
1667 5050 1986 5124 perierunt)

330 5137 625 5209 quomodo
655 5137 810 5194 Deus
841 5138 1201 5205 dominetur,
1234 5142 1554 5206 conservet,
1588 5142 1771 5211 curet,
1796 5139 1988 5195 foveat

325 5231 385 5282 et
428 5231 713 5299 protegat,
769 5227 956 5300 pium,
1004 5227 1367 5300 religiosum,
1399 5227 1773 5297 cruciferum,
1825 5246 1988 5285 man-

323 5319 582 5384 suetum,
633 5316 851 5373 Christi
883 5320 1181 5373 amantem
1230 5316 1650 5389 imperatorem
1692 5321 1986 5387 nostrum,

324 5404 623 5477 mentique
669 5405 859 5478 ipsius
890 5405 1014 5461 haec
1063 5404 1348 5461 divinitus
1394 5405 1642 5478 inspiret
1676 5423 1689 5460 :
1722 5428 1752 5455 «
1783 5405 1843 5462 Si
1886 5422 1985 5462 vo-

327 5492 510 5550 lueris
539 5494 599 5549 in
629 5494 741 5550 viis
772 5494 920 5550 meis
952 5493 1277 5566 ambulare,
1299 5494 1573 5551 inimicos
1602 5498 1735 5551 tuos
1766 5511 1984 5568 ponam

403 5668 480 5755 (2)
512 5669 732 5733 Seriem
762 5670 910 5732 mire
938 5669 1275 5747 perplexam
1299 5671 1385 5731 sic
1417 5671 1738 5732 divinando
1761 5672 2070 5735 vertimus.

2113 582 2203 637 καὶ
2233 580 2455 646 ἐπέλθοι
2507 582 2624 655 μεθ’
2663 582 2736 635 ὧν
2787 582 3097 656 συμμάχων
3148 580 3239 636 καὶ
3292 578 3530 653 εἵλοντο,
3571 579 3771 655 Χριστὲ

2117 678 2341 756 βασιλεῦ
2396 679 2486 735 καὶ
2535 679 2651 750 Θεὶ,
2709 687 2809 750 τῆς
2867 679 3107 753 ποίμνης
3155 677 3580 755 εὐσπλάγχνως,
3628 700 3768 753 μνη-

2114 771 2282 840 σθεὶς,
2337 773 2405 840 ἧς
2460 768 2672 841 ἐκτήσω
2717 773 2797 841 τῷ
2853 768 3013 833 πάθει
3070 789 3187 842 σου,
3248 769 3337 823 οἶα
3387 768 3478 824 καὶ
3534 766 3635 824 ὅσα
3690 772 3770 841 τῷ

2114 854 2284 932 Ὀρὴϐ
2344 858 2532 932 ἐκείνῳ
2587 858 2677 913 καὶ
2722 862 2801 930 τῷ
2849 852 3006 913 Ζεϐεέ
3052 857 3143 912 καὶ
3189 862 3270 930 τῷ
3316 855 3633 931 Σαλμανᾶν,
3680 857 3771 912 καὶ

2111 954 2228 1003 τοῖς
2260 948 2491 1025 ἄρχουσι
2518 953 2636 1009 τοῖς
2680 945 2892 1002 ἐκείνων
2939 946 3337 1025 φρυαξαμὲνοις
3388 945 3770 1026 ὑπερηφάνως,

2114 1047 2203 1102 οἶα
2232 1046 2323 1101 καὶ
2354 1044 2503 1101 οὗτοι
2534 1050 2631 1101 τοῦ
2662 1050 2797 1101 Θεοῦ
2826 1048 2894 1101 τὰ
2936 1047 3283 1120 ἀγιαστήρια,
3312 1044 3371 1101 ἐκ
3402 1042 3637 1120 μηδενὸς
3666 1048 3770 1100 τοῦ

2114 1132 2326 1191 δικαίου
2355 1136 2390 1205 ἢ
2424 1136 2677 1214 ἀφορμῆς
2724 1135 2760 1203 ἢ
2812 1133 3023 1211 γένους,
3055 1135 3091 1203 ἢ
3139 1133 3347 1210 τρόπου
3380 1130 3767 1210 βασιλεὶῶντος

2113 1226 2237 1299 (sic)
2267 1221 2598 1300 δριμυτάτου
2647 1221 2890 1300 δριμὲος,
2942 1224 3032 1279 καὶ
3079 1218 3250 1285 ὅντως
3300 1226 3619 1300 θεοστυγοῦς
3651 1220 3770 1278 ἐπι-

2113 1310 2410 1383 λησθέντος
2461 1312 2551 1368 καὶ
2600 1313 2791 1368 ἑαυτοῦ
2838 1312 2928 1368 καὶ
2958 1312 2993 1367 ’ἀ
3026 1309 3155 1385 μηδ’
3184 1306 3314 1385 ὄναρ
3346 1308 3477 1367 ἰδεῖν
3524 1309 3767 1389 ἐφικτὸν,

2113 1409 2367 1473 διακένως
2425 1411 2513 1465 ἐπὶ
2569 1412 2632 1465 τὸ
2692 1408 2979 1484 δράξασθαι
3036 1406 3575 1473 κατασπουδάσαντος
3602 1455 3615 1482 ,
3674 1408 3767 1464 καὶ

2113 1499 2269 1572 δίκην
2331 1498 2568 1572 θυέλλης
2643 1500 2719 1563 ὡς
2776 1499 2836 1554 ἐκ
2886 1502 3133 1578 τυφῶνος
3212 1496 3391 1554 δεινοῦ
3453 1495 3765 1572 διαταράξαι

2108 1590 2199 1646 καὶ
2255 1587 2545 1645 καταδύσαι
2605 1589 2743 1666 πρὸς
2794 1588 3045 1651 ἀπιστίας
3105 1589 3286 1664 βυθὸν,
3347 1587 3471 1643 ὅσον
3530 1587 3704 1643 ὁπόσα
3742 1620 3764 1630 -

2112 1681 2241 1753 θρον
2302 1679 2420 1755 εὗρε
2468 1677 2559 1734 καί
2618 1676 2837 1733 δύσνουν
2896 1682 2965 1752 τῇ
3029 1675 3279 1753 βασιλείᾳ
3336 1676 3396 1732 ἐκ
3449 1680 3546 1731 τοῦ
3604 1674 3763 1731 λαοῦ·

2109 1783 2225 1850 Θεῷ
2254 1775 2312 1855 δξ
2360 1777 2448 1833 καὶ
2497 1777 2759 1854 πρότερον
2804 1776 2893 1832 καὶ
2948 1774 3160 1850 μᾶλλον
3209 1775 3316 1831 ἀπὸ
3362 1780 3470 1831 τῶν
3503 1774 3761 1849 ξυλωτῶν

2028 1873 2077 1939 Β
2107 1866 2159 1939 ἐξ
2190 1867 2445 1946 ἀφορμῆς
2496 1865 2729 1943 εὐλόγου
2778 1864 3037 1939 οὐδεμιᾶς
3079 1864 3155 1928 εἷς
3202 1869 3363 1921 τοῦτο
3406 1863 3604 1937 ἐλθὼν,
3635 1864 3672 1934 ἢ
3705 1862 3766 1919 ἐκ

2102 1962 2200 2013 τοῦ
2259 1958 2762 2035 φρονηματισθῆναι
2836 1955 2926 2010 καὶ
2988 1955 3191 2029 μόνυυ,
3252 1955 3391 2019 καθά
3444 1974 3550 2009 που
3608 1955 3637 2009 6
3692 1956 3762 2027 τῇ

2105 2051 2292 2125 Γραφῇ
2366 2044 2777 2120 προσᾳδόμενος
2836 2042 3019 2123 ἄφρων
3088 2044 3222 2117 μετά
3272 2048 3381 2099 τῶν
3440 2041 3763 2099 ἀκολούθων

2104 2138 2251 2209 α)τῷ
2308 2135 2736 2214 φρεναπατηθεὶς
2793 2136 2821 2189 6
2880 2133 3158 2210 ἐξάγιστος
3217 2134 3293 2197 ὡς
3349 2131 3432 2189 ὅτι
3488 2133 3590 2188 οὐκ
3649 2130 3762 2188 ἔστι

2107 2234 2258 2295 Θεός·
2293 2232 2343 2305 ἐξ
2398 2232 2564 2307 οὗπερ
2619 2231 2715 2287 κπὶ
2775 2228 3039 2309 διεφθάρη
3104 2228 3427 2307 βδελυχθεὶς
3485 2229 3575 2285 καὶ
3640 2226 3759 2284 δια-

2105 2322 2360 2398 παιχθεὶς
2408 2322 2484 2384 ὡς
2531 2320 2813 2395 στρουθίον
2864 2320 3099 2394 οἰκτρὸν,
3131 2321 3160 2373 6
3191 2318 3503 2398 φαντασθεὶς
3542 2317 3767 2398 ἐμφανί-

2110 2417 2217 2481 ζειν
2266 2412 2474 2483 ἒαυτὸν,
2518 2411 2595 2472 ὡς
2645 2407 2805 2483 ᾤετο,
2861 2410 2994 2485 ὑπὲρ
3042 2413 3176 2464 Θεοῦ
3222 2403 3625 2487 φοϐερώτατον,
3677 2408 3769 2462 οἷα

2106 2500 2300 2564 πίτυος
2384 2499 2691 2573 ἁπτόμενος
2766 2504 2867 2573 μῦς
2924 2498 3137 2571 σύναμα
3193 2497 3283 2553 καὶ
3351 2499 3433 2560 οἷς
3491 2494 3768 2574 περιεάλω

2106 2595 2287 2653 κακῶς
2361 2588 2909 2666 προσεταιρισάμενος
2944 2631 2959 2657 ,
3036 2588 3235 2651 ἐκεῖθεν
3308 2585 3769 2663 μυκτηρισθῇθτας

2106 2689 2196 2744 καὶ
2253 2688 2591 2767 ἀναφωνήσει
2648 2690 2988 2765 προφητικῇ.
3049 2680 3399 2740 Ἐϐασίλευον
3458 2686 3593 2761 γάρ,
3655 2705 3763 2763 φη-

2107 2779 2210 2849 σὶν,
2244 2778 2456 2839 ἑαυτοῖς
2502 2776 2591 2831 καὶ
2639 2774 2700 2829 οὐ
2735 2772 2805 2828 δι’
2854 2776 3009 2848 ἒμοῦ,
3059 2773 3248 2850 ἧρξαν,
3295 2773 3387 2828 καὶ
3432 2772 3533 2827 οὐκ
3575 2772 3713 2850 ἐγνώ
3742 2792 3768 2815 '-

2108 2869 2257 2942 ρισάν
2293 2887 2381 2941 με,
2414 2862 2557 2940 μηδὲ
2602 2863 2808 2920 τούτων
2860 2858 3120 2925 λαϐόντες
3168 2861 3244 2924 εἷς
3274 2866 3398 2917 νοῦν
3444 2862 3497 2916 οἱ
3529 2855 3766 2937 ἐμϐρόν-

2104 2977 2283 3028 τητοι,
2341 2954 2431 3011 καὶ
2489 2955 2518 3009 6
2574 2953 2782 3009 τούτων
2844 2950 3299 3014 ἀπαιδευτότατος
3356 2950 3678 3027 προεστώς·
3731 2950 3760 3005 6

2105 3046 2236 3122 χθὲς
2263 3049 2360 3100 τοῦ
2396 3044 2641 3119 βήματος
2670 3040 2762 3096 ἕνα
2810 3040 3067 3117 φημίζων
3118 3040 3327 3113 ἑαυτὸν,
3374 3039 3465 3094 καὶ
3513 3040 3757 3114 σήμερον

2104 3142 2404 3222 ξιφηφόρος
2461 3139 2688 3215 διψάσας
2765 3146 2998 3217 φανῆναι
3054 3139 3144 3193 καὶ
3204 3136 3522 3216 φαντασθεὶς
3582 3138 3761 3213 ἁρμα-

2821 3226 2867 3283 ὣ
2898 3225 3046 3299 δίκη,
3082 3229 3110 3281 6
3152 3226 3456 3301 τολματίας
3486 3229 3606 3302 (sic)
3634 3225 3766 3282 ἀνα-

2104 3320 2286 3392 δηθεὶς
2337 3322 2457 3396 (δίε)
2496 3319 2742 3395 αὐθωρὸν
2786 3323 2903 3381 τοῖς
2954 3316 3174 3391 ὁμοίοις
3220 3316 3368 3389 αὐτῷ
3413 3317 3513 3387 τήν
3566 3312 3758 3371 δυσσε-

2104 3406 2252 3466 ϐειαν
2286 3458 2301 3482 ,
2362 3410 2500 3485 μόνῃ
2556 3408 2828 3485 θαρρήσας
2896 3406 3071 3482 ἀπάτῃ
3125 3412 3316 3483 κωφῆς
3375 3406 3466 3460 καὶ
3527 3405 3761 3479 ματαίας

2104 3496 2393 3571 διαϐολῆς,
2426 3499 2503 3561 ὡς
2534 3497 2618 3553 6'1:
2664 3501 2772 3552 τῶν
2824 3497 3106 3573 ἡμετέρων
3159 3492 3313 3550 οὐδὲν
3355 3496 3519 3567 ἀθεεὶ,
3550 3494 3642 3549 καὶ
3674 3493 3758 3550 6'1:

2103 3589 2344 3666 σκληρὸν
2400 3588 2465 3643 τὸ
2512 3588 2648 3663 πρὸς
2703 3585 2897 3662 κέντρα
2954 3583 3225 3654 λακτίζειν
3271 3582 3467 3646 αὐτοὺς
3512 3584 3600 3639 καὶ
3632 3586 3757 3658 (sic)

2103 3689 2162 3744 ἐκ
2205 3692 2324 3761 τοῦ,
2360 3710 2388 3737 ‹‹
2418 3686 2496 3741 Δι’
2544 3685 2679 3758 ἐμοῦ
2732 3682 2974 3760 βασιλεῖς
3023 3680 3392 3760 βασιλεύουσι,
3423 3706 3451 3734 ››
3503 3678 3757 3737 διδασκό-

2106 3788 2263 3852 μεθα,
2322 3776 2356 3830 ἃ
2406 3774 2496 3831 καὶ
2557 3775 2633 3847 μή
2692 3772 2959 3835 συνιέντες
3035 3773 3089 3827 οἱ
3136 3770 3441 3848 ἀλιτήριοι,
3502 3768 3617 3826 οὐδ’
3673 3769 3757 3827 ὅτι

2101 3870 2261 3940 ἡμῶν
2294 3865 2383 3919 καὶ
2414 3865 2469 3919 αἱ
2515 3862 2703 3939 τρίχες
2755 3862 3131 3939 ἠριθμημέναι
3183 3861 3383 3916 ἐκεῖθεν
3436 3867 3537 3930 τῆς
3585 3881 3756 3939 κεφα-

2103 3954 2208 4025 λῆς
2260 3955 2296 4024 ii
2355 3952 2445 4008 καὶ
2504 3952 2677 4007 αὐτῶν
2736 3950 3130 4027 πρωτουργός.
3189 3950 3321 4026 Περὶ
3375 3948 3585 4005 τούτων
3644 3950 3748 4025 γὰρ

2098 4044 2243 4120 τάχα
2289 4041 2591 4114 κατηύξατο
2648 4039 2737 4096 καί
2786 4041 2815 4095 6
2874 4042 3017 4103 θεῖος
3066 4037 3250 4113 Δαυῒδ,
3287 4064 3315 4091 (ι
3366 4038 3753 4095 ’Δποπεσάτω-

2100 4156 2216 4206 σαν,
2248 4160 2277 4187 ››
2312 4132 2509 4210 λέγων,
2540 4156 2570 4184 ‹‹
2603 4130 2709 4186 ἀπὸ
2755 4134 2861 4186 τῶν
2912 4124 3209 4185 διαϐολιῶν
3264 4128 3463 4203 αὐτῶν,
3511 4129 3649 4185 κατά
3688 4128 3753 4183 τὸ

2097 4231 2311 4302 πλῆθός
2365 4251 2425 4287 τε
2475 4234 2581 4285 τῶν
2639 4224 2896 4285 ἀσεϐειῶν
2955 4229 3044 4284 καὶ
3103 4229 3365 4284 ἀπιστιῶν
3424 4226 3601 4283 αὐτῶν
3657 4225 3755 4281 αὖ·

2095 4323 2226 4385 τοὺς
2282 4319 2500 4392 ἔξωσον*
2564 4344 2591 4371 ››
2649 4318 2739 4374 καὶ
2797 4317 2843 4373 εἰ
2906 4319 2982 4392 μὴ
3045 4319 3328 4392 μετάνοιαν
3384 4314 3758 4387 ἐπιδείξωνται

2093 4412 2349 4487 ταχινὴν,
2399 4406 2614 4481 δηλαδὴ
2664 4415 2765 4478 τῆς
2811 4412 2920 4463 τῶν
2966 4412 3170 4462 πιστῶν
3221 4406 3570 4483 ὁμηγύρεως,
3608 4430 3629 4457 ι
3664 4406 3758 4462 καὶ

2096 4500 2571 4578 συλληφθήτῶσαν
2630 4496 2681 4553 ἐν
2741 4500 2810 4571 τῇ
2872 4497 3210 4575 ὑπερηφανίᾳ
3267 4495 3441 4551 αὐτῶν
3477 4542 3492 4568 ,
3551 4494 3641 4551 καὶ
3701 4494 3755 4567 ἐξ

2095 4592 2226 4668 ἀρᾶς
2276 4590 2367 4644 καὶ
2411 4586 2645 4663 ψεύδους
2705 4588 2871 4663 μέχρι
2936 4586 3027 4641 καὶ
3083 4585 3388 4648 συντελείας
3445 4582 3755 4661 διαγγελή-

2099 4700 2305 4751 σονται,
2340 4703 2369 4729 ›)
2400 4677 2629 4754 γνόντες,
2663 4676 2709 4732 εί
2744 4673 3057 4753 βούλοιντο,
3090 4677 3143 4729 οἱ
3175 4673 3593 4736 ἀπολωλεκότες
3624 4694 3760 4749 καρ-

2099 4766 2237 4842 δίαν,
2268 4772 2385 4830 πῶς
2414 4768 2443 4821 6
2490 4767 2622 4829 Θεὸς
2673 4763 2919 4835 δεσπόζει
2970 4764 3061 4820 καὶ
3111 4770 3364 4841 συντηρεῖ
3411 4764 3501 4819 καὶ
3533 4762 3756 4841 φροντί-

2101 4863 2177 4928 ζει
2227 4857 2317 4913 καὶ
2369 4857 2613 4933 περιέπει
2665 4854 3041 4933 ὑπερασπίζων
3088 4854 3182 4909 τὸν
3242 4847 3437 4924 εὐσεϐῆ
3495 4852 3586 4909 καὶ
3643 4850 3762 4907 θεό-

2098 4968 2271 5026 φρονα
2325 4945 2414 5001 καὶ
2474 4944 2844 5023 σταυροφόρον
2906 4947 3067 5022 ἡμῶν
3120 4942 3212 4998 καὶ
3261 4949 3409 5019 πραῆ
3451 4942 3542 4998 καὶ
3590 4940 3759 5020 φελό-

2096 5057 2319 5112 χριστον
2362 5034 2580 5106 ἄνακτα,
2622 5033 2840 5109 εύηχῶν
2902 5034 2977 5095 εἱς
3032 5037 3156 5088 νοῦν
3217 5032 3364 5106 αὐτῷ
3422 5036 3640 5105 θεῖκῶς,
3669 5032 3754 5104 τὸ,

2099 5159 2128 5185 ‹‹
2152 5135 2212 5190 Εἰ
2250 5133 2477 5211 βούλοιο
2506 5138 2627 5196 ταῖς
2657 5129 2807 5195 ὁδοῖς
2842 5154 2946 5205 μου
2989 5130 3329 5207 πορεύεσθαι,
3360 5129 3487 5192 τοὺς
3536 5128 3762 5206 ἐχθραί-

2094 5226 2284 5286 νοντάς
2313 5244 2397 5278 σοι
2430 5225 2672 5295 θήσομαι
2704 5221 2756 5277 ἐν
2807 5225 2885 5294 τῷ
2937 5217 3152 5295 μηδενὶ,
3184 5220 3274 5275 καὶ
3316 5225 3480 5296 χεῖρα
3508 5213 3760 5275 ἐπιϐαλῶ

2094 5314 2337 5390 τιμωρὸν
2401 5311 2742 5389 μαχομένοις
2800 5332 2906 5368 σοι.
2966 5338 2993 5362 ››
3041 5310 3141 5364 Καὶ
3187 5310 3289 5386 γὰρ
3319 5310 3384 5364 οὑ
3437 5309 3599 5384 μόνον
3643 5307 3758 5362 ἐνύ-

2096 5404 2284 5474 σταξαν
2336 5404 2388 5457 οἱ
2433 5396 2821 5473 ἐπιϐεϐηκότες
2881 5405 3001 5462 τοῖς
3052 5398 3270 5470 ἵπποις,
3322 5400 3374 5453 οἱ
3428 5403 3508 5472 τῷ
3565 5397 3755 5475 δριμεῖ

2095 5487 2644 5570 συνεκϐακχευθὲντες
2692 5489 2817 5561 ἤτοι
2872 5489 2942 5566 τῇ
3001 5487 3219 5567 ἀλογίᾳ,
3278 5490 3331 5543 oi
3381 5489 3471 5544 καὶ
3525 5485 3748 5568 ἀλόγων
