4132 6416
334 327 454 395 489
473 292 482 299 ’

1834 332 2262 400 EPISTOLIE.

3640 346 3761 404 θίξὶο

334 459 507 516 αὐτῶν
564 458 941 539 ἀλογώτεροι,
1003 461 1129 519 ἀλλ’
1200 461 1309 536 ἤδη
1365 465 1456 521 καὶ
1514 466 1762 524 ὕπνωσαν
1822 468 1986 523 ὕπνον

2106 470 2164 525 in
2197 470 2472 538 nihilum,
2504 476 2561 525 et
2594 470 2863 527 ultricem
2895 488 3137 537 manum
3169 472 3229 528 in
3273 473 3765 548 impugnantibus

334 548 488 606 αὖτὸν
536 551 628 605 καὶ
676 550 785 627 οὐχ
830 552 984 629 εὗρον
1035 550 1224 625 οὐδὲν,
1273 554 1381 610 ἀπὸ
1434 555 1804 629 ἐπιτιμήσεως
1851 559 1982 613 πάν-

330 660 437 701 τως
492 645 594 710 τῆς
654 639 798 704 θείας
851 640 1017 716 ὀργῆς
1059 640 1677 719 παραδειγματισθείσης
1722 653 1823 716 τῆς
1863 647 1984 701 ἀνο-

338 727 462 802 μίας
495 726 691 797 αὐτῶν,
738 729 812 791 ὡς
866 730 1040 803 μάτην
1089 730 1368 807 χανόντων
1417 734 1560 808 (δίο),
1609 734 1700 789 καὶ
1748 733 1885 811 πρός
1925 755 1986 811 γε

332 819 401 891 τῇ
456 816 697 894 ἁμαρτίᾳ
748 819 839 873 καὶ
898 817 1149 892 ἀπωλείᾳ
1216 820 1253 896 ᾖ
1307 820 1503 884 αὐτοὺς
1559 818 1934 897 ἐμϐεϐλήκασι
1969 870 1983 896 ,

332 905 420 962 καί
479 905 705 978 διηνεκῆ
768 906 1072 985 ὀφλήσουσι
1123 910 1369 985 γέλωτα.
1429 913 1522 974 Οἷς
1580 910 1705 967 οὐδὲ
1761 910 1984 969 δυνατὸν

333 996 458 1073 παρ’
488 996 781 1072 ἀνθρώπου
834 995 981 1068 ἀξίαν
1034 1001 1485 1078 σύμψηφισθῆναι
1540 1001 1639 1070 τήν
1692 1002 1984 1078 τιμωρίαν,

334 1086 369 1154 ἢ
394 1084 539 1162 παρά
572 1083 742 1158 μόνου
772 1090 906 1141 Θεοῦ
955 1087 1093 1162 πρὸς
1139 1087 1203 1144 τὸ
1248 1093 1346 1143 τοῦ
1396 1087 1557 1164 ἔργου
1596 1083 1802 1145 τούτων
1835 1090 1989 1164 ὠμὸν

336 1172 423 1229 καὶ
481 1171 878 1250 ἀσύγγνωστον,
928 1173 1019 1231 καὶ
1069 1174 1371 1232 ἀθεώτατον
1427 1177 1516 1233 καὶ
1580 1176 1865 1255 ὀλέθριον.
1923 1176 1995 1235 Εἴ

335 1282 415 1327 τις
462 1263 622 1335 ἡμῶν
670 1267 948 1339 νουνεχῶς
992 1264 1056 1318 τὸ
1098 1269 1195 1319 τοῦ
1242 1265 1403 1330 ἀθέου
1442 1265 1821 1340 τολμήσαντος
1867 1264 1988 1323 δια-

338 1350 582 1426 σκέψεται
643 1348 1017 1426 ἀποτέλεσμα,
1063 1353 1136 1408 ὧν
1194 1353 1284 1409 καὶ
1342 1357 1506 1428 ἡμεῖς
1566 1354 1787 1419 ἐνδίκως
1847 1358 1989 1431 ὁμοῦ

334 1438 420 1495 καὶ
452 1437 730 1514 ἐνθὲσμως
764 1441 899 1515 μετὰ
944 1449 1044 1512 τῆς
1094 1440 1219 1518 περὶ
1251 1445 1401 1517 ἡμᾶς
1434 1447 1543 1498 τῶν
1571 1442 1679 1500 ὦδε
1709 1443 1990 1522 λαχόντων

334 1528 640 1604 ἱερωτάτων
695 1529 1001 1608 ἀρχιερέων
1054 1532 1197 1594 θείας
1258 1532 1348 1587 καὶ
1405 1533 1553 1609 ἱερᾶς
1611 1533 1834 1590 συνόδου
1892 1540 1989 1590 τοῦ

336 1613 585 1693 Σάρδεων
635 1617 726 1673 καὶ
776 1617 1097 1695 ὑπερτίμου,
1143 1623 1242 1676 τοῦ
1290 1619 1644 1692 Χαλκηδόνος
1694 1622 1785 1677 καὶ
1825 1623 1986 1700 ὑπερ-

332 1705 515 1780 τίμου,
563 1710 665 1762 τοῦ
712 1708 1004 1784 Περγάμου
1058 1709 1149 1764 καὶ
1208 1708 1529 1786 ὑπερτίμου,
1577 1716 1676 1766 τοῦ
1716 1711 1989 1782 Μιτζύνης

334 1796 421 1850 καὶ
475 1795 796 1873 ὑπερτίμου,
844 1801 942 1852 τοῦ
990 1799 1112 1871 (sic)
1159 1798 1467 1875 Ἀχυράους
1512 1800 1601 1855 καὶ
1653 1801 1985 1877 ὑπερτίμου,

335 1887 427 1939 τοῦ
485 1882 921 1961 ἀργιεπισκόπου
979 1885 1435 1963 Χριστουπόλεως
1494 1888 1582 1944 καὶ
1637 1894 1738 1944 τοῦ
1795 1891 1983 1966 ἀρχιε-

334 1972 606 2029 πισκόπου
663 1973 882 2051 Δίρκου,
943 1975 1336 2052 συμπαρόντων
1390 1976 1480 2033 καὶ
1545 1982 1652 2033 τῶν
1710 1977 1929 2057 θεοφιλε
1960 2012 1982 2022 -

337 2061 541 2118 στάτων
588 2060 898 2119 ἐπισκόπων
946 2069 1043 2119 τοῦ
1091 2061 1418 2138 Ῥαιδεστοῦ,
1468 2066 1604 2141 πρὸς
1654 2064 1713 2123 δὲ
1759 2068 1849 2123 καὶ
1888 2072 1986 2124 τοῦ

338 2151 781 2229 Χαριουπόλεως,
814 2153 877 2207 τὸ
923 2151 1196 2228 τόλμημα
1250 2154 1607 2232 μυσαχθὲντες
1654 2157 1716 2212 τὸ
1746 2156 1986 2214 ἀθεώτα-

334 2261 424 2297 τον
481 2241 571 2297 καὶ
626 2241 1004 2319 ἀναίσχυντον,
1056 2243 1236 2314 πάσης
1283 2243 1711 2321 ἀπογυμνοῦμεν
1739 2246 1986 2323 .ἱερωσύ-

336 2351 432 2401 νης
464 2328 622 2386 αὐτὸν
654 2331 748 2386 τὸν
792 2338 936 2405 θῆρα
980 2329 1073 2387 τὸν
1126 2329 1340 2388 δυτικὸν
1413 2334 1503 2389 καὶ
1552 2334 1734 2412 ριμὺν,
1785 2337 1989 2414 σπορέα

336 2424 572 2498 φρικτῶν
629 2417 881 2489 ζιζανίων
933 2421 1236 2496 ὑπάρξαντα
1288 2422 1571 2496 τοιούτων,
1624 2423 1670 2479 εἰ
1719 2424 1809 2480 καί
1858 2446 1990 2483 ποτε

331 2497 537 2578 ταύτης
584 2508 811 2580 ἠξίωτο,
859 2507 1007 2566 ἀλλά
1067 2511 1142 2582 μὴ
1200 2512 1375 2583 μάτην
1418 2510 1621 2584 ταύτης
1668 2514 2007 2591 κατετυράνέ

331 2618 408 2653 νει
440 2596 498 2653 ἐν
527 2594 678 2675 λόγῳ
726 2597 879 2671 μόνῳ
922 2596 1071 2673 ψιλῷ
1117 2599 1255 2676 πρὸς
1303 2599 1565 2674 ἐξαπάτην
1620 2607 1727 2657 τῶν
1778 2602 1990 2659 ἁπλου-

334 2686 566 2762 στέρων,
619 2688 790 2761 τιμὴν
847 2687 1132 2743 κάντεῦθεν
1192 2690 1220 2744 ὁ
1278 2688 1476 2764 άτιμος
1534 2693 1707 2764 ἑαυτῴ
1752 2691 1991 2765 ποριζό-

334 2796 525 2850 μενος,
552 2775 629 2839 ὡς
679 2776 708 2830 6
755 2775 956 2852 τρόπος
1005 2775 1309 2853 ἀπήλεγξεν
1350 2778 1524 2851 ἑαυτῷ
1551 2777 1724 2844 ἀδεῶς
1759 2782 1827 2836 τὰ
1858 2781 1989 2856 ὑπὲρ

331 2864 525 2921 ἑαυτὸν
584 2864 986 2943 φημιζόμενος,
1035 2865 1129 2920 σὺν
1175 2866 1354 2940 τούτῳ
1407 2867 1499 2923 καὶ
1554 2868 1645 2923 τὸν
1695 2867 1993 2925 ἀκόλουθον

330 2954 388 3010 ὃν
415 2957 450 3026 ἡ
505 2952 667 3031 Μύρα
697 2954 897 3017 Λυκίας
944 2957 1299 3032 προήνεγκεν,
1354 2957 1443 3011 οἶα
1493 2955 1656 3013 λύκον
1700 2958 1993 3031 ἀσυμπαθῆ

326 3048 443 3108 τοῖς
500 3037 803 3120 προϐάτοις
852 3048 1088 3120 Χριστοῦ
1144 3047 1575 3121 προσενεχθῆναι
1635 3047 1988 3124 ὁρμήσαντα.

2093 558 2432 624 immittam.
2468 581 2496 608 »
2531 558 2759 614 Etenim
2804 575 2920 614 non
2951 560 3125 615 modo
3170 561 3632 621 dormitaverunt
3661 567 3763 639 qui

2095 648 2485 704 ascenderunt
2514 665 2720 720 equos,
2754 647 2855 720 qui
2890 666 3007 704 una
3036 666 3171 705 cum
3211 656 3443 707 versuto
3476 653 3572 710 illo
3630 654 3765 711 hac-

2094 735 2259 791 chico
2292 737 2485 792 furore
2510 736 2629 794 sive
2652 737 2883 793 insania
2904 737 3261 809 agebantur;
3285 740 3383 812 qui
3404 758 3539 798 vere
3569 743 3760 800 brutis

2096 820 2242 896 ipsis
2274 824 2789 882 irrationabiliores
2820 830 2999 882 sunt:
3033 850 3060 877 «
3096 828 3197 884 sed
3227 833 3284 884 et
3319 830 3445 900 jam
3500 832 3760 890 dormie-

2096 918 2233 968 runt
2263 930 2538 970 somnum
2571 932 2770 983 suum,
2802 919 2860 971 et
2906 915 3051 970 nihil
3118 917 3482 975 invenerunt.
3519 942 3546 970 »
3579 921 3757 995 idque

2097 1001 2269 1074 plane
2299 1002 2371 1058 ab
2402 1003 2795 1076 increpatione
2825 1004 2922 1059 irae
2955 1004 3193 1061 divinae:
3221 1023 3357 1062 cum
3398 1024 3600 1066 eorum
3649 1010 3759 1066 ini-

2098 1090 2294 1162 quitas
2324 1091 2519 1162 palam
2549 1092 2821 1148 traducta
2850 1093 2947 1153 sit.
2997 1097 3198 1165 utpote
3255 1095 3355 1167 qui
3414 1096 3635 1154 frustra
3691 1114 3758 1155 os

2098 1180 2433 1252 aperuerint
2490 1181 2559 1237 ad
2618 1186 2920 1254 peccatum
2951 1186 3007 1237 et
3035 1183 3108 1237 ad
3138 1184 3454 1254 perniciem
3483 1187 3546 1241 in
3577 1203 3757 1259 quam

2092 1274 2454 1341 proruerunt
2477 1286 2491 1338 ;
2523 1269 2606 1326 ita
2618 1274 2898 1343 perpetuo
2912 1271 3033 1327 risu
3057 1271 3218 1344 digni
3244 1272 3573 1331 habeantur
3594 1294 3607 1331 :
3626 1275 3758 1348 qui-

2098 1358 2211 1413 bus
2242 1375 2357 1414 non
2391 1376 2531 1415 sane
2544 1363 2735 1430 potest
2756 1359 2828 1414 ab
2846 1359 3083 1416 homine
3113 1362 3501 1432 promeritum
3527 1364 3761 1436 decerni

2098 1446 2478 1519 supplicium,
2514 1449 2610 1504 sed
2642 1447 2834 1504 solum
2856 1466 2889 1503 a
2925 1450 3055 1519 Deo,
3090 1450 3162 1505 ob
3194 1466 3342 1523 Opus
3368 1451 3591 1510 scilicet
3614 1450 3762 1510 illud

2099 1534 2352 1604 crudele,
2385 1536 2553 1592 venia
2582 1535 2919 1609 indignum,
2945 1537 3372 1610 impiissimum
3390 1546 3449 1597 et
3472 1542 3763 1614 pernicio-

2098 1640 2232 1680 sum
2295 1625 2449 1696 quod
2508 1630 2909 1697 susceperunt.
2972 1627 3032 1682 Si
3090 1628 3191 1699 qui
3265 1634 3534 1686 nostrum
3595 1623 3762 1705 impii

2098 1713 2359 1770 hominis
2414 1714 2605 1769 audax
2670 1714 2895 1770 facinus
2970 1716 3286 1787 prudenter
3327 1719 3657 1777 consideret
3686 1720 3761 1793 [is

2098 1808 2251 1859 certe
2273 1803 2503 1876 putabit
2534 1821 2682 1876 opus
2712 1808 2885 1876 esse],
2918 1809 2983 1861 ut
3028 1822 3137 1862 nos
3180 1823 3313 1863 cum
3363 1808 3755 1867 sanctissimis

2096 1891 2555 1964 archiepiscopis
2586 1891 2687 1964 qui
2727 1892 2865 1949 hinc
2899 1893 2958 1948 in
2981 1911 3149 1950 sacra
3178 1899 3234 1950 et
3277 1896 3476 1952 divina
3529 1898 3753 1970 synodo

2096 1981 2277 2037 coacti
2337 1987 2513 2036 sunt:
2575 1981 2851 2038 Sardensi
2882 1982 3101 2038 scilicet
3137 1982 3484 2058 hypertimo,
3512 1984 3756 2043 Chalce-

2096 2069 2722 2142 donensihypertimo,
2766 2071 3107 2144 Mitzynensi
3165 2072 3515 2145 hypertimo,
3568 2077 3755 2149 Ancy-

2096 2175 2238 2214 rano
2269 2158 2618 2231 hypertimo,
2650 2165 2707 2216 et
2734 2159 3189 2233 archiepiscopis
3242 2162 3676 2236 Christopoleos
3699 2168 3759 2223 et

2098 2247 2273 2316 Dirci,
2325 2248 2710 2320 praesentibus
2768 2248 2908 2304 item
2966 2249 3375 2322 religiossimis
3464 2251 3756 2325 episcopis

2099 2337 2374 2393 Rzedestas
2406 2341 2463 2392 et
2490 2336 2924 2409 Chariopoleos,
2958 2338 3017 2393 in
3072 2338 3263 2394 scelus
3319 2339 3746 2413 impiissimum

2099 2430 2157 2481 et
2184 2425 2767 2498 impudentissimum
2802 2425 2934 2482 odio
2965 2427 3210 2498 incensi,
3245 2427 3397 2484 hanc
3426 2429 3608 2485 feram
3651 2448 3754 2488 oc-

2099 2513 2451 2570 cidentalem
2483 2514 2772 2570 etvafram
2792 2515 3115 2571 sacerdotio
3139 2534 3382 2588 prorsus
3406 2517 3753 2593 spoliemus,

2100 2620 2225 2675 quae
2284 2606 2448 2659 tanta
2501 2606 2625 2658 tam
2685 2602 2978 2659 horrenda
3037 2604 3259 2661 zizania
3316 2606 3746 2680 disseminavit,

2100 2691 2329 2748 etiamsi
2357 2691 2458 2748 illo
2488 2692 2675 2764 gradu
2706 2692 2983 2766 dignatus
3031 2693 3348 2766 aliquando
3401 2695 3594 2751 fuerit.
3656 2697 3756 2754 Ve-

2102 2798 2234 2836 rum
2265 2780 2323 2835 in
2358 2779 2457 2835 illo
2479 2780 2848 2853 tyrannidem
2871 2781 3128 2838 exercuit
3148 2783 3305 2839 nudo
3326 2788 3555 2840 tantum
3578 2784 3752 2843 verbo

2103 2887 2248 2925 usus
2280 2870 2351 2925 ad
2382 2869 2682 2942 simplices
2711 2869 3275 2940 circumveniendos,
3324 2876 3382 2928 et
3436 2873 3508 2929 ad
3569 2873 3753 2931 hone-

2102 2975 2225 3015 rem
2254 2958 2368 3014 sibi
2399 2958 2852 3027 conciliandum,
2880 2961 2986 3016 etsi
3015 2976 3146 3016 vere
3169 2947 3423 3018 infamis
3454 2962 3654 3034 homo,
3686 2968 3755 3020 ut

2100 3047 2215 3119 ipsi
2244 3063 2437 3103 mores
2465 3047 2592 3116 ejus
2624 3064 2726 3119 per
2754 3064 2817 3103 se
2843 3053 3098 3120 arguunt
3127 3065 3193 3104 ac
3224 3049 3543 3121 praedicant
3567 3076 3581 3120 ;
3615 3068 3753 3109 cum

328 3133 476 3209 Πρὸς
513 3128 574 3188 δὲ
615 3132 706 3188 καὶ
760 3129 947 3206 ἀλύτῳ
991 3133 1081 3189 καὶ
1110 3133 1291 3207 τούτῳ
1344 3135 1479 3209 μετὰ
1524 3140 1620 3191 τοῦ
1657 3135 1988 3211 πρωταιτίου

2098 3135 2199 3192 illo
2220 3136 2361 3190 item
2384 3151 2634 3207 sequace
2665 3137 2794 3207 ejus
2827 3153 3002 3210 quem
3035 3138 3196 3211 Myra
3246 3138 3423 3211 Lycias
3483 3140 3752 3212 protulit,

328 3218 570 3298 δρομέος
598 3220 691 3278 σὺν
716 3227 847 3277 πᾶσι
895 3227 1011 3285 τοῖς
1059 3223 1297 3299 ἀκρικῶς
1351 3221 1520 3280 εἰδόσι
1557 3225 1621 3280 τὸ
1647 3225 1829 3304 φόνιον
1864 3226 1988 3302 βού-

2108 3225 2210 3297 qui
2240 3225 2410 3297 quasi
2436 3223 2613 3296 lupus
2659 3224 3081 3283 immisericors
3130 3228 3190 3283 in
3242 3243 3479 3302 gregem
3537 3229 3754 3287 Christi

329 3309 534 3387 λευμα,
593 3310 685 3366 καὶ
748 3312 824 3385 μὴ
876 3312 1163 3367 σπεύσασιν
1214 3312 1291 3375 εἷς
1351 3312 1645 3392 φανέρωσιν
1701 3313 1990 3389 ἐνδεσμοῦ-

331 3421 425 3473 μεν
477 3401 803 3479 ἀφορισμῷ.
864 3398 1041 3458 Ἀλλά
1083 3401 1175 3457 καὶ
1231 3402 1311 3465 οἷς
1367 3402 1473 3457 ἀπό
1520 3424 1582 3479 γε
1622 3407 1720 3459 τοῦ
1766 3397 1854 3458 νῦν
1883 3426 1992 3482 φω-

327 3492 463 3566 ραθῇ
501 3535 521 3564 ,
580 3488 787 3561 λύσσης
858 3488 1118 3561 τοιαύτης
1191 3491 1282 3546 καὶ
1351 3489 1532 3557 ἀθεΐας
1586 3492 1676 3548 καὶ
1740 3493 1989 3556 ἀπιστίας

326 3579 669 3658 ἐγχείρημα,
698 3577 981 3653 τούτῳτῷ
1034 3577 1315 3656 φρικαλέῳ
1360 3586 1477 3645 τοῖς
1529 3583 1603 3657 μή
1653 3581 1987 3655 ἐξεστηκόσιν

328 3666 680 3743 ἐμπεδοῦμεν
731 3667 1042 3747 ἀφορισμῷ,
1091 3667 1174 3724 ὅτι
1228 3667 1358 3744 μηδ’
1405 3666 1547 3726 ἄλλο
1596 3670 1919 3749 δριμύτερον
1950 3672 1987 3741 ἢ

325 3758 657 3835 πικρότερον
707 3760 789 3830 τῷ
845 3754 1033 3834 δριμεῖ
1085 3758 1320 3833 Ἰωάννῃ,
1376 3759 1466 3815 καὶ
1522 3758 1853 3840 τραγελάφῳ
1898 3759 1988 3816 καὶ

326 3853 407 3922 τῷ
466 3847 640 3904 αὐτοῦ
696 3844 985 3919 ἀκολούθῳ
1045 3844 1477 3922 Σαρδαναπάλῳ,
1537 3849 1627 3905 καὶ
1682 3855 1798 3912 τοῖς
1855 3850 1990 3924 ὁμό-

318 3957 481 4015 φροσι
545 3935 756 4007 τούτων
812 3934 864 3991 ἐν
925 3933 1076 4013 λόγῳ
1133 3936 1304 4008 ξενίου
1359 3934 1429 3991 δι’
1487 3937 1521 3992 ἃ
1566 3938 1985 4015 κατεπράξαντο.

316 4023 509 4098 Ἔδοξε
566 4028 637 4100 τῇ
697 4023 910 4098 συνόδῳ
960 4027 1373 4101 παρασχεθῆναι
1428 4024 1643 4089 τούτοις
1697 4031 1767 4101 τῇ
1825 4028 1985 4106 ἱερᾷ,

316 4115 480 4186 ἀξίως
537 4116 640 4184 τῆς
698 4113 951 4190 ἐργασίας
1004 4113 1206 4185 αὐτῶν,
1263 4114 1339 4177 ὡς
1369 4115 1595 4191 πτέρναν
1657 4113 1852 4194 ἐπᾶραι
1902 4137 1986 4173 τε·

312 4201 691 4278 τολμηκότων
750 4203 887 4258 κατά
939 4222 998 4257 τε
1052 4209 1153 4273 τῆς
1210 4201 1539 4274 Ἐκκλησίας
1596 4202 1732 4258 κατά
1781 4224 1841 4258 τε
1885 4206 1985 4274 τῆς

317 4291 629 4368 βασιλείας,
684 4291 775 4348 καὶ
824 4292 962 4347 κατά
1004 4295 1102 4346 τοῦ
1155 4290 1443 4369 ὁμοφύλου
1492 4293 1711 4355 παντὸς.
1744 4290 1900 4363 Μηδέ
1927 4314 1989 4369 γε

315 4379 569 4455 ἐπόπτην
621 4381 673 4436 οἱ
723 4377 954 4436 δείλαιοι
1010 4380 1282 4458 σωτηρίας
1331 4379 1505 4437 αὐτῶν
1538 4380 1627 4436 καὶ
1661 4387 1805 4452 ζωῆς
1838 4378 1986 4458 ἔχειν

314 4470 406 4527 τὸν
463 4469 859 4541 παντεπόπτην
931 4471 1058 4526 Θεὸν
1141 4468 1529 4543 δοκιμάσαντες
1563 4518 1578 4543 ,
1634 4469 1760 4527 ἀλλ’
1815 4466 1988 4534 ὅντως

313 4560 539 4634 συκίνην
593 4559 907 4634 ἐπικουρίαν
946 4558 1033 4615 ἐπὶ
1081 4565 1260 4623 κεναῖς
1308 4560 1398 4615 καὶ
1462 4558 1715 4633 ματαίαις
1776 4559 1987 4616 ἐλπίσιν
2018 4586 2063 4650 D

316 4648 693 4726 αἰωρηθέντες
776 4648 866 4705 καὶ
938 4648 1308 4729 κεπφωθέντες
1384 4647 1631 4711 ἐλεεινῶς
1665 4693 1680 4719 ,
1739 4650 1830 4705 καὶ
1908 4654 1986 4722 τῷ

317 4737 546 4816 ἀρχαίῳ
624 4739 998 4813 συναποστάτῃ
1073 4744 1246 4794 Σατᾶν
1321 4737 1541 4801 ἑαυτοὺς
1618 4737 1985 4813 ἀναθέμενοι,

317 4828 580 4885 κάκείνου
626 4832 734 4883 τῶν
783 4822 1111 4902 συμϐουλῶν
1166 4826 1572 4902 πληρωθέντες,
1632 4827 1706 4890 ὡς
1759 4825 1849 4882 καί
1911 4828 1986 4891 εἷς

317 4910 455 4997 ἔργα
498 4917 884 4997 φενακισθῆναι
932 4910 1206 4992 προϐῆναι
1245 4916 1341 4977 τὰς
1389 4913 1657 4994 φλυαρίας
1706 4916 1882 4972 αὐτῶν
1937 4918 1989 4972 οὶ

320 5004 589 5084 ἐπάρατοι
618 5011 791 5062 πᾶσαν
820 5012 923 5081 γῆν
974 5007 1076 5075 τὴν
1107 5005 1212 5061 ὑπὸ
1262 5004 1550 5078 Ῥωμαίων
1578 5004 1782 5082 ἀρχὴν,
1815 5003 1859 5060 ὢ
1889 5013 1990 5077 τῆς

320 5095 582 5167 ἀπάτηςί
637 5094 712 5158 ὡς
761 5093 977 5149 νοσσιὰν
1031 5091 1539 5168 καταλελειμμένην
1593 5090 1851 5157 διακένως
1900 5093 1989 5150 ἐλ-

319 5184 586 5249 πίσαντες
639 5181 1055 5257 καταλήψασθαι
1112 5184 1253 5256 (sic),
1311 5183 1450 5246 καθά
1505 5202 1610 5237 που
1663 5183 1989 5240 καὶτούτων

322 5275 352 5329 6
393 5274 715 5351 εἶσηγήτωρ
770 5277 944 5327 Σατᾶν
997 5293 1132 5327 ποτε
1183 5270 1499 5350 φαντασθεὶς
1547 5272 1648 5341 τὴν
1696 5271 1785 5327 ὐπ’
1837 5272 1994 5350 ούρα-

321 5362 417 5417 νὸν
483 5358 677 5416 ἔλαθεν
731 5360 917 5416 ἑαυτὸν
968 5359 1059 5414 καὶ
1108 5360 1300 5421 σκότος
1345 5359 1460 5414 ἀντθ
1519 5359 1660 5422 ωτὸς
1709 5359 1995 5437 κεχρημά-

321 5471 463 5525 τικε,
514 5455 614 5515 καῖ
660 5448 898 5513 στάσεως
943 5451 1042 5519 τῆς
1092 5447 1412 5525 ἐπουρανίου
1462 5449 1489 5503 6
1527 5445 1789 5524 βδελυρὸς
1833 5449 1996 5520 ἀξίως

322 5542 393 5597 τὰ
452 5536 760 5615 ὑποχθόνια
816 5534 1209 5609 ἀντηλλάξατο.
1269 5541 1443 5613 "Amp
1475 5552 1564 5593 καί
1618 5544 1736 5602 τοῖς
1790 5538 1999 5617 ῥηθεῖσι

322 5635 489 5691 τανῦν
520 5626 691 5687 αὐτοῦ
740 5625 967 5691 ὀπαδοῖς
1013 5625 1322 5692 σπουδαίως
1370 5626 1724 5709 ἐξείργασται,
1753 5626 1991 5690 ἐλπίδων

623 5758 894 5825 Pauca.
940 5759 1054 5825 Gs.
1098 5757 1335 5829 CXLII.

2102 3313 2334 3386 irrupit.
2367 3316 2510 3368 Cum
2543 3313 2653 3369 hoc
2675 3319 2874 3370 autem
2902 3319 2960 3371 et
3010 3316 3202 3389 primo
3233 3316 3331 3373 illo
3380 3316 3621 3375 sceleris
3646 3335 3753 3375 au-

2101 3407 2261 3459 ctore
2319 3419 2386 3458 ac
2437 3402 2770 3475 prodromo,
2830 3420 2928 3461 eos
2982 3420 3187 3460 omnes
3217 3406 3318 3477 qui
3361 3405 3421 3461 in
3458 3406 3664 3463 nefarii
3695 3411 3756 3464 et

2100 3491 2464 3564 sanguinarii
2495 3491 2724 3548 consilii
2755 3493 3025 3549 notitiam
3054 3498 3341 3550 venerunt
3388 3511 3495 3551 nec
3553 3495 3754 3554 statim

2097 3580 2451 3649 indicarunt,
2479 3582 3080 3639 excommunicatione
3100 3582 3550 3656 alligamus.Sed
3571 3586 3753 3642 etiam

2098 3686 2197 3726 eos
2229 3670 2331 3743 qui
2363 3686 2433 3726 ex
2461 3669 2568 3726 hoc
2599 3674 2863 3742 tempore
2885 3671 3066 3727 rabiei
3096 3672 3417 3745 impietatis
3463 3677 3519 3729 et
3549 3673 3755 3731 inlide-

2097 3758 2278 3815 litatis
2302 3758 2646 3830 hujusmodi
2678 3758 2759 3814 rei
2791 3759 3139 3832 deprehensi
3166 3761 3402 3830 fuerint,
3437 3762 3553 3818 nisi
3598 3763 3751 3819 resi-

2095 3847 2264 3919 liant,
2296 3847 2407 3904 hac
2435 3848 2743 3905 tremenda
2770 3848 3387 3916 excommunicatione,
3414 3850 3749 3924 alligamus.

2097 3935 2236 4009 quia
2291 3935 2439 3991 nihil
2493 3936 2686 3992 acrius
2748 3940 2805 3991 et
2835 3939 3126 4006 acerbius,
3158 3939 3367 3994 acerbo
3398 3938 3498 3995 illo
3525 3940 3752 3998 Joanne

2096 4025 2430 4082 hircocervo
2461 4025 2655 4090 fuerit,
2687 4030 2745 4081 et
2791 4027 3028 4098 sequaci
3086 4026 3245 4082 illius
3303 4028 3747 4101 Sardanapalo;

2097 4132 2322 4171 necnon
2369 4131 2467 4171 eos
2500 4115 2601 4187 qui
2634 4130 2769 4170 cum
2834 4115 3001 4187 ipsis,
3060 4115 3404 4172 muneribus
3464 4117 3747 4190 corrupti,

2096 4204 2322 4260 ratione
2374 4203 2619 4276 hospitii
2678 4209 3106 4260 consenserunt
3186 4211 3426 4278 propter
3494 4206 3751 4263 facinora

2095 4309 2297 4350 eorum
2331 4294 2705 4349 damnamus.
2752 4292 2960 4349 Visum
3010 4298 3100 4350 est
3127 4311 3304 4350 sacrae
3346 4295 3569 4367 synodo
3599 4294 3748 4366 ipsis

2095 4383 2447 4455 condignam
2482 4381 2808 4437 facinorum
2840 4398 3070 4454 poenam
3099 4381 3385 4455 infligere,
3414 4386 3617 4455 utpote
3644 4383 3747 4455 qui

2095 4470 2433 4527 calcaneum
2466 4475 2671 4527 contra
2698 4470 3039 4539 Ecclesiam,
3074 4476 3278 4528 contra
3306 4471 3741 4544 imperatorem,

2095 4564 2153 4616 et
2181 4565 2385 4617 contra
2413 4559 2771 4616 contribules
2823 4577 3028 4616 omnes
3080 4559 3354 4617 extollere
3410 4560 3540 4616 ausi
3601 4560 3740 4633 sint,

2096 4649 2203 4714 Qui
2234 4649 2433 4705 miseri
2464 4655 2618 4705 certe
2651 4649 2921 4706 homines
2948 4667 3065 4707 non
3094 4650 3416 4722 cogitantes
3445 4666 3507 4705 se
3556 4650 3742 4706 Deum

2096 4739 2363 4795 omnium
2394 4738 2781 4810 inspectorem
2815 4738 3024 4795 salutis
3056 4745 3112 4795 et
3139 4740 3268 4794 vitae
3320 4756 3439 4795 suae
3482 4738 3752 4811 explora-

2097 4833 2282 4884 torem
2314 4828 2530 4883 habere
2556 4845 2568 4883 :
2601 4828 2702 4883 sed
2734 4844 2864 4884 vere
2892 4828 3208 4884 ficulneum
3241 4828 3523 4885 auxilium
3555 4827 3669 4884 sibi
3691 4828 3755 4884 in

2099 4934 2248 4973 vana
2276 4923 2333 4973 et
2363 4916 2513 4971 futili
2546 4933 2648 4988 spe
2680 4922 3027 4989 reponentes
3049 4934 3114 4973 ac
3147 4917 3469 4973 miserabili
3516 4916 3755 4975 levitate

2100 5006 2282 5071 ducti,
2315 5022 2444 5062 sese
2476 5006 2717 5078 antiquo
2758 5005 2841 5060 illi
2902 5006 3174 5078 aposlatac
3233 5007 3462 5063 Satanae
3514 5007 3752 5064 addixe-

2101 5100 2243 5151 runt
2268 5139 2282 5164 ,
2323 5096 2571 5168 ejusque
2591 5095 2855 5152 consiliis
2888 5095 3086 5168 repleti
3120 5112 3186 5151 eo
3239 5096 3467 5168 decepti
3525 5099 3666 5152 sunt
3691 5101 3759 5151 ut

2103 5186 2324 5243 frustra
2353 5190 2659 5258 sperarent
2687 5187 3026 5242 exsecrandi
3060 5187 3332 5242 homines
3389 5202 3543 5241 vana
3598 5201 3756 5240 com-

2105 5280 2305 5331 menta
2333 5291 2441 5330 sua
2469 5278 2661 5329 totum
2694 5275 3023 5330 Romanum
3056 5275 3368 5348 imperium
3403 5291 3756 5347 pervasura;

2106 5381 2172 5420 ac
2203 5381 2266 5420 se
2295 5363 2461 5435 illud,
2495 5380 2527 5419 ο
2558 5380 2860 5420 erroneam
2893 5369 3150 5421 mentem
3177 5365 3191 5420 ι
3224 5381 3328 5421 ceu
3356 5364 3563 5419 nidum
3596 5364 3759 5419 dere-

2106 5453 2311 5509 lictum
2333 5453 2864 5525 comprehensuros
2893 5470 3060 5523 esse;
3122 5453 3623 5526 quemadmodum
3662 5468 3761 5508 eo-

2109 5559 2243 5599 rum
2263 5541 2543 5615 magister
2573 5542 2774 5612 Satan,
2815 5560 2949 5599 cum
3007 5542 3147 5600 olim
3201 5560 3263 5601 se
3318 5548 3507 5597 totum
3559 5540 3761 5598 orbem

2109 5633 2499 5691 subacturum
2524 5646 2657 5691 esse
2700 5632 3266 5709 comminisceretur,
3317 5629 3554 5690 nescius
3593 5634 3764 5690 tene-

3404 5761 3480 5849 16
