4132 6428
364 344 475 403 491

1496 340 1921 401 ATHANASII
1966 335 2082 399 GP.
2128 339 2661 401 PATRIARCHAE

3664 338 3784 398 492

360 490 500 545 bras
525 506 628 561 pro
658 488 788 544 luce
817 493 1028 545 nactus
1066 492 1173 560 est,
1225 492 1283 544 et
1334 487 1629 544 caelestem
1698 488 2003 544 stationem

2124 483 2542 561 ἀπορραγέντων
2571 487 2786 557 Θεϊκῶν,
2817 485 2907 540 καὶ
2953 484 3151 548 ταύτας
3204 486 3381 549 ἀθέοις
3426 485 3579 540 κυσὶν
3621 484 3784 561 ἀναρ-

362 578 796 635 abominandus
851 576 969 647 ille,
1031 593 1165 632 cum
1223 577 1426 633 inferis
1483 582 1547 632 ut
1606 577 1852 633 meritus
1899 582 2008 645 est,

360 667 763 725 commutavit.
797 668 932 732 Quae
956 667 1082 738 jam
1116 666 1457 722 memoratis
1486 666 1604 722 illis
1626 668 1753 737 ejus
1801 683 2011 739 sequa-

361 756 529 812 cibus
559 756 970 813 obvenerunt?
1003 772 1139 811 nam
1165 771 1268 826 spe
1299 756 1496 811 divina
1552 755 1781 826 dejecti,
1842 772 2007 827 spem

359 862 529 901 suam
560 846 621 900 in
652 842 898 899 canibus
929 844 1128 915 impiis
1151 844 1317 916 impii
1350 843 1616 899 homines
1642 850 2007 915 posuerunt:

358 950 495 990 nam
527 933 709 1005 impia
743 932 1169 988 nundinatione
1203 948 1427 1005 magnae
1461 932 1675 987 Christi
1709 932 2011 987 haeredita-

358 1024 455 1091 tis,
485 1022 816 1078 orthodoxae
847 1021 1124 1076 doctrinaa
1155 1022 1456 1092 despectu,
1503 1021 1658 1092 turpi
1719 1021 2012 1077 contribu-

353 1111 502 1167 lium
535 1128 777 1167 suorum
809 1110 1366 1181 proditione,impiis
1396 1108 1754 1174 Amalecitis,
1774 1109 1932 1165 Italis
1955 1114 2014 1165 et

354 1201 428 1257 iis
459 1200 559 1273 qui
591 1200 745 1255 circa
775 1201 991 1255 Istrum
1024 1198 1291 1255 incolunt
1320 1198 1541 1271 legatos
1584 1197 1911 1254 miserunt:
1945 1216 2011 1254 ac

356 1290 554 1346 nescio
583 1306 654 1345 an
688 1289 829 1344 dum
859 1304 957 1344 eos
1014 1292 1342 1354 evocarent,
1402 1286 1624 1359 aliquid
1679 1304 1748 1343 ex
1795 1287 2011 1343 Christi

354 1379 532 1435 rebus
562 1376 810 1448 amplexu
843 1376 964 1431 sint
993 1392 1175 1447 quare
1218 1393 1336 1431 una
1368 1392 1503 1431 cum
1563 1391 1730 1431 sacra
1787 1377 2011 1449 synodo

353 1467 413 1522 id
444 1482 630 1521 unum
653 1464 1024 1537 postulamus
1056 1465 1128 1520 ab
1158 1464 1401 1535 optimo,
1436 1480 1662 1535 sereno,
1694 1469 1751 1519 et
1787 1465 1859 1519 ad
1904 1465 2011 1519 be-

352 1555 583 1625 neficia,
604 1570 718 1609 non
751 1552 1041 1626 supplicia
1063 1553 1366 1610 inferenda
1395 1558 1552 1619 nato,
1606 1552 2015 1625 potentissimo

354 1650 409 1701 et
438 1648 641 1701 sancto
672 1658 801 1698 meo
832 1643 1184 1715 imperatore
1214 1646 1279 1697 ut
1308 1642 1380 1698 ad
1417 1641 1707 1698 malitiam
1756 1643 2011 1715 compri-

354 1734 631 1790 mendam
662 1731 908 1787 ﬁdenter
935 1731 1163 1804 legibus
1196 1735 1437 1799 utatur;
1472 1736 1654 1803 utque
1676 1730 1814 1785 mali
1837 1731 2015 1786 artifi-

353 1840 471 1891 ces,
503 1828 560 1878 et
588 1819 627 1875 ii
659 1820 757 1892 qui
797 1820 995 1893 aliqua
1044 1821 1268 1876 ratione
1314 1820 1374 1875 in
1396 1821 1672 1892 turpibus
1733 1820 1880 1875 actis
1914 1820 2013 1876 de-
2043 1857 2089 1922 B

354 1910 628 1985 prehensi
673 1911 908 1977 fuerint,
970 1915 1072 1965 aut
1123 1914 1325 1981 postea
1381 1910 1915 1981 deprehendentur,
1948 1926 2011 1966 se

354 2002 550 2075 legum
584 1998 974 2074 indignationi
1022 1998 1422 2070 subjiciendos
1481 1998 2011 2055 noverintzdivino

355 2107 425 2146 ac
456 2091 560 2148 Dei
586 2107 855 2165 praecone
884 2086 1063 2144 Paulo
1094 2087 1743 2155 declarante,vindicem
1770 2087 1830 2142 in
1862 2088 2010 2143 iram

355 2179 408 2236 ei
439 2181 538 2253 qui
586 2180 809 2237 malum
833 2178 973 2251 agit,
1006 2182 1063 2232 et
1091 2194 1225 2233 eum
1249 2177 1351 2248 qui
1382 2194 1496 2232 non
1525 2177 1651 2232 sine
1684 2193 1862 2233 causa
1884 2175 2009 2248 gla-

354 2269 522 2325 dium
553 2274 763 2343 portat,
797 2269 952 2324 inter
1000 2266 1098 2322 Dei
1133 2264 1436 2322 ministros
1489 2266 1838 2338 computari.
1900 2265 2009 2321 Ubi

352 2359 510 2414 enim
544 2362 756 2429 metus,
800 2356 881 2413 ibi
926 2355 1258 2412 divinorum
1312 2354 1827 2427 humanorumque
1859 2372 2007 2427 prae-

352 2453 652 2520 ceptorum
683 2446 1009 2503 observatio
1041 2449 1167 2500 est:
1201 2448 1268 2499 ut
1324 2444 1494 2499 nobis
1526 2448 1683 2499 recta
1713 2444 2002 2515 instituta,

347 2553 476 2609 quae
508 2538 579 2592 ad
607 2536 854 2609 gloriam
885 2533 1101 2590 Christi
1124 2532 1275 2605 justi
1300 2532 1519 2604 judicis
1549 2536 1819 2605 vergunt,
1881 2549 2001 2588 ser-

342 2627 640 2698 vantibus,
672 2625 991 2698 imperium
1023 2623 1119 2679 ille
1156 2627 1465 2695 totumque
1520 2623 1804 2695 pOpulum
1837 2621 2003 2678 Chri-

2116 572 2397 644 τησάντων
2428 579 2536 629 τῶν
2577 570 2871 645 δυσσεϐὦν,
2926 571 3312 647 ἀπεμπολήσει
3364 570 3625 652 φρικώδει
3656 571 3782 628 ὅσον

2119 663 2181 716 τὸ
2213 664 2329 717 κατ’
2362 662 2556 725 αὐτοὺς
2586 670 2687 733 τῆς
2722 661 2971 739 μεγάλης
2998 661 3377 739 κληρονομίας
3424 666 3663 738 Χριστοῦ
3692 660 3784 717 καὶ

2122 751 2371 822 ἀθετήσει
2435 750 2753 829 ὀρθοδοξίας
2787 800 2802 825 ,
2862 750 2951 807 καί
3007 750 3277 829 προδοσίᾳ
3338 755 3436 807 τοῦ
3497 749 3785 829 ὁμοφύλου

2121 839 2324 916 αἰσχρᾷ
2391 840 2442 896 ἐν
2501 842 2683 905 ἀθέοις
2726 835 3191 917 πρεσϐευομένους
3243 839 3645 913 ’Δμαληκίταις
3693 839 3784 895 καὶ

2121 927 2371 991 Ἰταλοῖς·
2428 935 2545 992 τοῖς
2598 951 2658 985 τε
2720 929 2845 1005 περὶ
2909 931 2999 984 τὸν
3067 930 3277 1004 Ἴστρον
3333 928 3575 983 οἰκοῦσιν
3615 974 3630 998 ,
3685 927 3787 983 οὐκ

2120 1016 2242 1072 οἶδα
2301 1018 2346 1073 εί
2402 1020 2546 1095 τάχα
2602 1020 2738 1096 πρὸς
2802 1023 2871 1093 τῇ
2929 1016 3123 1091 κλήσει
3183 1017 3592 1092 ἀσπαζομένους
3645 1018 3785 1073 κατά

2117 1106 2169 1160 τὶ
2226 1111 2332 1161 τῶν
2386 1112 2641 1182 Χριστοῦ.
2695 1109 2780 1162 Ἐν
2831 1107 3051 1170 τούτοις
3098 1109 3309 1180 σύναμα
3351 1108 3441 1162 καὶ
3470 1111 3540 1181 τῇ
3571 1104 3783 1181 συνόδῳ

2118 1200 2187 1269 τῇ
2239 1196 2376 1272 ἱερᾷ,
2431 1196 2555 1270 μίαν
2607 1199 2707 1267 τήν
2757 1194 2971 1268 αἷίτησιν
3026 1196 3340 1272 ἐξαιτοῦμεν
3385 1200 3454 1271 τῇ
3509 1197 3782 1272 κρατίστῳ

2120 1284 2211 1339 καὶ
2268 1283 2516 1360 γαληνῷ,
2566 1285 2655 1341 καὶ
2714 1287 2853 1362 πρὸς
2911 1285 3212 1363 εὐεργεσίαν
3270 1284 3628 1362 γεγενημένῳ
3682 1285 3781 1349 τὰς

2122 1373 2456 1450 ἀνθρωπείας
2516 1374 2578 1430 οὗ
2632 1375 2905 1452 τιμωρίας
2983 1374 3254 1451 κρατίστῳ
3329 1375 3418 1430 καὶ
3486 1375 3624 1452 ἁγίῳ
3685 1395 3780 1448 μοι

2122 1462 2482 1539 αὐτοκράτορι
2532 1462 2661 1526 τοὺς
2716 1463 2922 1538 νόμους
2981 1464 3056 1526 εἷς
3108 1463 3377 1534 συστολὴν
3435 1471 3536 1534 τῆς
3592 1463 3783 1527 κακίας

2124 1552 2321 1628 ἀπάρτι
2379 1551 2885 1629 παρρησιάσασθαι·
2948 1551 3141 1615 αὐτούς
3196 1573 3256 1607 τε
3310 1551 3437 1615 τοὺς
3494 1550 3780 1630 κακεργά-

2120 1661 2214 1703 τας
2245 1640 2337 1695 καὶ
2379 1640 2506 1703 τοὺς
2561 1640 2748 1704 ἄλλως
2801 1639 3112 1704 ἑαλωκότας
3144 1641 3400 1718 αἰσχραῖς
3424 1643 3458 1711 ἣ
3484 1642 3575 1697 καὶ
3622 1643 3780 1715 μετέ-

2121 1751 2279 1785 πειτα
2327 1727 2695 1804 ἀλωσίμους,
2753 1730 3036 1807 γνωρίζειν
3092 1729 3312 1793 ἒαντοὺς
3384 1732 3484 1800 τήν
3538 1730 3776 1805 νόμιμον

2120 1817 2506 1893 ἀγανάκτησιν,
2538 1820 2628 1874 τὸν
2662 1817 2871 1875 ἔνδικον
2919 1821 2998 1882 εἷς
3051 1819 3221 1897 ὀργὴν
3270 1824 3350 1893 τῷ
3395 1823 3689 1897 πράσσοντι
3714 1822 3780 1877 τὸ

2120 1908 2304 1980 κακὸν,
2337 1908 2426 1962 καὶ
2459 1907 2576 1977 εἷ’κῆ
2614 1909 2689 1982 μή
2725 1913 2994 1986 φοροῦντα
3039 1910 3139 1978 τήν
3199 1910 3474 1986 μάχαιραν
3518 1911 3779 1986 τετάχθαι

2122 1995 2173 2050 ἐν
2207 1993 2477 2059 διακόνοις
2528 2002 2682 2069 Θεοῦ,
2744 1997 3164 2076 ἀποφηναμένου
3215 1997 3433 2053 Παύλου
3478 2004 3577 2054 τοῦ
3633 2000 3778 2055 Θείου

2117 2085 2209 2140 καὶ
2241 2088 2592 2160 θεοκήρυκος·
2630 2082 2754 2151 ἔνθα
2797 2087 2897 2163 γὰρ
2946 2082 3115 2165 φόϐος
3165 2086 3276 2142 ἐκεῖ
3323 2090 3652 2165 συντήρησις
3693 2089 3777 2143 ἐν-

2116 2173 2435 2247 ταλμάτων,
2468 2180 2571 2229 τῶν
2606 2174 2763 2239 θείων
2794 2176 3253 2253 καὶάνθρωπίνων
3283 2176 3452 2254 φημὶ,
3485 2178 3561 2240 ὡς
3591 2176 3650 2233 ἂν
3683 2199 3779 2250 τη-

2118 2262 2353 2337 ρούντων
2384 2265 2483 2333 τὴν
2518 2263 2770 2337 εὐνομίαν
2802 2268 2984 2339 ἡμῶν,
3020 2264 3095 2328 εἷς
3129 2262 3283 2336 δόξαν
3334 2264 3494 2321 οὖσαν
3541 2272 3779 2344 Χριστοῦ

2114 2357 2212 2408 τοῦ
2244 2350 2456 2408 δικαίου
2480 2359 2690 2430 κριτοῦ.
2721 2356 2835 2424 Τὴν
2873 2352 3147 2430 βασιλείαν
3167 2350 3621 2412 ἀνεπιϐούλευτον
3644 2377 3776 2434 κρα-

2113 2447 2258 2497 τυνεῖ
2287 2439 2518 2517 παλάμῃ
2545 2446 2613 2517 τῇ
2648 2447 2801 2518 θεϊκῇ
2853 2441 3033 2506 λιταῖς
3080 2443 3260 2520 ἁγίαις
3287 2450 3387 2514 τῆς
3425 2449 3776 2523 Θεομήτορος

2112 2530 2203 2585 καί
2252 2531 2426 2586 πὰντα
2472 2531 2604 2586 λαὸν
2657 2532 2747 2586 τὸν
2789 2533 3196 2609 χριστώνυμον,
3249 2534 3295 2606 ᾧ
3354 2530 3500 2605 δόξα,
3551 2536 3772 2611 κράτος,

2111 2621 2249 2692 τιμή
2280 2620 2369 2675 καὶ
2404 2619 2767 2696 μεγαλωσύνη
2802 2620 2876 2683 εἷς
2904 2620 3033 2685 τοὺς
3064 2622 3286 2686 αἰῶνας.
3320 2623 3520 2697 Ἀμήν.

347 2717 608 2772 stianum
638 2716 833 2771 divina
862 2731 970 2771 sua
1001 2731 1181 2770 manu
1219 2714 1292 2768 ab
1336 2712 1569 2769 insidiis
1608 2716 1827 2782 tutum,
1850 2711 2070 2768 sanctis
2101 2711 2360 2783 Deiparaa
2392 2712 2666 2784 precibus
2709 2713 3014 2769 confirmet
3043 2731 3057 2769 :
3092 2713 3186 2770 cui
3216 2712 3422 2787 gloria,
3453 2714 3770 2788 imperium

346 2805 535 2863 honor
561 2809 619 2863 et
648 2803 995 2878 magnitudo
1026 2804 1086 2858 in
1115 2801 1349 2858 saecula.
1382 2803 1589 2857 Amen.

415 2994 723 3066 Gregoras,
755 2992 860 3059 lib,
891 3008 990 3057 vn,
1021 3007 1151 3062 cap.
1179 2990 1235 3060 9,
1276 3006 1513 3045 causam
1547 3005 1649 3044 cur
1679 2989 2041 3045 Athanasius
2099 2989 2356 3045 secuudo
2398 2989 2844 3061 patriarbatum
2875 2990 3251 3060 abdicaverit,
3273 2990 3545 3063 pluribus
3574 2995 3777 3048 narrat

349 3084 451 3139 ubi
481 3082 863 3139 doctissimus
912 3079 1211 3135 Boivinius
1256 3080 1328 3134 ad
1370 3078 1697 3150 marginem
1745 3078 2026 3145 monet,id
2072 3078 2294 3134 factum
2322 3095 2476 3135 anno
2520 3078 2910 3148 ChristilBiO,
2928 3080 3082 3136 unde
3112 3085 3356 3153 apparet
3374 3081 3770 3138 Athanasium

358 3172 617 3230 secundo
675 3168 1070 3244 patriarcham
1129 3168 1354 3224 sedisse
1413 3168 1586 3223 annis
1625 3184 1727 3224 sex
1757 3172 1816 3223 et
1845 3166 2068 3238 aliquot
2097 3167 2424 3224 mensibus.
2455 3171 2739 3224 Caeterum
2794 3168 3098 3225 Athanasii
3169 3170 3462 3226 abdicatio
3518 3170 3770 3227 secundi

347 3261 800 3336 patriarchatus,
860 3258 996 3314 licet
1038 3258 1195 3313 edita
1241 3258 1319 3313 sit
1371 3257 1564 3313 Graece
1610 3261 1838 3312 tantum
1879 3256 1941 3312 1n
1979 3257 2143 3312 Notis
2173 3257 2243 3312 ad
2281 3256 2598 3328 Gregoram
2623 3258 3570 3331 pag,762,utisupramonuimus,
3596 3260 3772 3316 nobis

344 3356 542 3408 tamen
575 3350 788 3405 iterum
821 3364 949 3404 eam
984 3346 1077 3402 hic
1109 3346 1417 3402 ederecum
1452 3349 1652 3401 nostra
1680 3346 1886 3401 Latina
1915 3346 2179 3402 versione
2209 3345 2419 3418 placet.
2454 3345 2548 3402 Sic
2581 3346 2763 3420 igitur
2792 3364 2855 3403 se
2886 3346 3094 3403 habet:

696 3446 980 3502 Abdicatio
1025 3445 1256 3502 secundi
1278 3444 1706 3516 patriarchatus.

2356 3442 2688 3518 Παραίτησις
2715 3445 2816 3512 τῆς
2849 3440 3097 3520 δευτέρας
3125 3443 3516 3521 πατριαρχίας.

411 3538 552 3593 Cum
584 3536 852 3593 Ecclesiaa
883 3535 1098 3591 Christi
1139 3551 1344 3590 curam
1395 3533 1485 3605 (eo
1510 3550 1625 3605 quo
1682 3535 1841 3589 novit
1872 3534 1995 3606 ipse

338 3627 580 3700 judicio)
611 3626 868 3683 secundo
898 3624 1214 3697 gerendam
1265 3623 1658 3695 suscepimus,
1706 3622 1860 3679 Deus
1891 3623 1993 3677 Ec-

338 3716 527 3773 clesiae
558 3716 631 3772 iis
661 3715 763 3786 qui
794 3732 898 3770 nos
947 3714 1020 3769 ad
1072 3712 1132 3768 id
1193 3712 1457 3768 muneris
1513 3712 1798 3767 cohortati
1853 3715 1995 3767 sunt

338 3805 629 3879 episcOpis
659 3805 783 3876 (vos
812 3802 970 3859 enim
1002 3803 1146 3859 estis
1178 3802 1279 3873 qui
1314 3802 1484 3857 nobis
1514 3800 1753 3857 meliora
1802 3801 1994 3874 provi-

341 3894 554 3967 distis),
605 3894 934 3949 mercedem
995 3891 1304 3956 retribuat,
1363 3907 1495 3945 cum
1557 3890 1762 3961 primis
1795 3894 1993 3945 autem

338 3983 677 4058 imperatori
706 4000 835 4038 meo
868 3983 966 4055 qui
1001 3999 1033 4038 a
1066 3981 1183 4037 Deo
1218 3984 1532 4036 coronatus
1564 3984 1687 4047 est;
1750 3979 1801 4035 is
1834 3979 1994 4036 enim

342 4074 415 4130 ab
448 4073 614 4128 initio
642 4089 814 4128 suum
850 4088 991 4143 erga
1021 4069 1341 4125 Ecclesiam
1387 4086 1519 4123 cum
1581 4067 1828 4125 scientia
1859 4084 1995 4123 con-

336 4164 617 4235 junctum
664 4162 953 4227 studium,
985 4158 1442 4215 sollicitudinem
1497 4163 1553 4213 et
1604 4158 1994 4228 patrocinium

339 4251 621 4319 exhibuit,
654 4250 1003 4321 exhibetque
1033 4248 1093 4302 in
1127 4247 1271 4313 dies,
1305 4246 1528 4318 optima
1561 4251 1754 4302 mente
1786 4247 1995 4318 praedi-

337 4344 455 4407 tus,
489 4357 606 4412 qua
636 4339 818 4395 nostri
850 4354 1055 4393 curam
1084 4353 1288 4409 gerere
1316 4353 1432 4391 non
1484 4336 1732 4406 destitit,
1764 4353 1832 4391 ac
1889 4353 1995 4391 nos

335 4429 613 4485 laudibus
643 4432 699 4483 et
728 4426 1033 4498 praeconiis
1071 4425 1402 4492 celebravit,
1464 4424 1632 4480 stolis
1663 4425 1996 4480 sacerdota-

338 4517 525 4585 libus,
560 4516 745 4572 sacris
774 4514 1135 4587 imaginibus
1166 4515 1346 4586 probe
1393 4514 1636 4569 ornatis.
1689 4519 1746 4569 et
1773 4513 1998 4569 incom-

342 4606 664 4680 parabilius
691 4605 993 4660 beneficiis
1024 4602 1343 4659 Ecclesiam
1376 4602 1583 4658 ditavit
1609 4603 1719 4669 ;ita
1742 4607 1804 4657 ut
1827 4619 1997 4658 nemo

339 4697 718 4752 decessorum
746 4697 1082 4748 nostrorum
1139 4690 1609 4763 patriarcharum
1668 4692 1741 4745 ab
1800 4691 1998 4747 ortho-

340 4785 507 4841 doxis
538 4788 595 4839 et
625 4783 738 4854 piis
802 4780 1255 4853 imperatoribus
1314 4780 1413 4851 qui
1473 4780 1701 4851 pridem
1764 4781 2001 4836 fuerunt

336 4878 506 4929 tanta
553 4870 1283 4937 obtinuerit,nisifortasse
1333 4868 1496 4923 illum
1537 4869 1833 4940 quispiam
1869 4886 2003 4925 cum

349 4978 564 5033 magno
592 4960 691 5016 illo
722 4960 820 5031 qui
857 4961 1182 5015 secundum
1217 4958 1491 5030 spiritum
1525 4965 1689 5029 pater
1717 4959 1843 5029 ejus
1892 4963 2002 5028 est,

347 5057 405 5106 et
435 5048 717 5122 apostolis
749 5048 982 5121 aequali,
1015 5048 1393 5103 Constantino
1432 5045 1766 5116 contulerit,
1798 5048 1870 5103 ob
1902 5047 2002 5103 ho-

348 5156 520 5195 nores
553 5154 703 5209 quos
732 5136 831 5191 ille
854 5136 1226 5192 sanctissimo
1256 5134 1529 5191 Silvestro
1561 5135 1807 5190 detulit:
1858 5141 2003 5191 tam-

340 5228 448 5285 etsi
496 5231 663 5282 tanta
720 5227 1095 5297 intercapedo
1144 5230 1233 5281 est
1281 5225 1433 5280 inter
1509 5222 1677 5279 illum
1756 5230 1814 5281 et
1871 5241 1998 5293 nos,

339 5314 736 5388 quantainter
768 5314 1019 5369 solarem
1071 5314 1300 5369 radium
1349 5318 1406 5369 et
1457 5313 1750 5368 intuentes
1805 5312 1996 5367 illum.

331 5405 719 5472 Quamobrem
754 5402 1120 5457 uberrimum
1153 5402 1263 5473 ipsi
1298 5402 1607 5474 praemium
1641 5401 1713 5457 ab
1763 5402 1994 5457 univer-

331 5509 534 5551 sorum
565 5508 698 5563 rege
718 5492 1051 5547 conferatur
1079 5509 1092 5561 ;
1125 5491 1626 5564 quemadmodum
1657 5494 1715 5547 et
1781 5506 1995 5564 magno

406 5601 486 5674 (ί)
517 5600 685 5674 Eorte
708 5596 1116 5674 καταγεραίρων

516 5671 703 5741 Forte,
733 5666 876 5727 τινάζ

2175 3533 2283 3600 Τῆς
2314 3536 2547 3605 Χριστοῦ
2601 3530 2947 3603 Ἐκκλησίας,
3000 3534 3083 3595 οἷς
3133 3532 3293 3595 αὐτὸς
3335 3530 3450 3587 οἶδε
3498 3532 3765 3609 κρίμασι,

2104 3619 2194 3673 καὶ
2227 3616 2666 3697 δευτερόπρωτον
2715 3621 2816 3689 τήν
2867 3618 3127 3698 φροντίδα
3176 3618 3592 3696 διαδεξάμενοι,
3648 3628 3768 3686 τοῖς

2107 3707 2183 3771 είς
2241 3712 2403 3763 τοῦτο
2461 3708 2930 3785 προτρεψαμένοις
2988 3710 3329 3787 ἀρχιερεῦσιν
3401 3712 3527 3786 ὑμῖν
3585 3712 3767 3787 (ὑμεῖς

2104 3797 2209 3873 γὰρ
2261 3796 2486 3873 ἐκεῖνον)
2537 3798 2613 3861 ὡς
2661 3798 2750 3853 καὶ
2798 3799 2924 3877 περὶ
2966 3802 3127 3873 ἡμῶν
3180 3800 3656 3877 προνοησαμένοις
3704 3802 3774 3857 τὰ

2104 3885 2355 3963 κρείττω,
2408 3887 2437 3941 ὁ
2485 3893 2587 3956 τῆς
2641 3886 2969 3958 Ἐκκλησίας
3027 3886 3156 3944 Θεὸς
3210 3888 3624 3965 ἀνταμείψαιτο,
3680 3891 3770 3946 καὶ

2111 3972 2348 4049 μάλιστα
2395 3980 2476 4050 τῷ
2518 3977 2795 4056 θεοστεφεῖ
2845 3975 3061 4053 βασιλεῖ
3114 3978 3205 4033 καὶ
3261 3978 3402 4055 ἁγίῳ
3457 4001 3560 4052 μου
3609 3979 3769 4035 αὐτο-

2104 4066 2370 4138 κράτορι,
2415 4065 2655 4142 ἀρχῆθεν
2715 4067 2841 4142 περὶ
2887 4067 2986 4136 τὴν
3041 4067 3364 4139 Ἐκκλησίαν
3414 4065 3772 4143 ένδειξαμένῳ

2104 4155 2195 4209 τὸν
2249 4155 2366 4209 κατ’
2425 4153 2717 4229 ἐπίγνωσιν
2771 4154 2937 4225 ζῆλον
2987 4156 3079 4211 καὶ
3134 4154 3377 4227 σπουδὴν
3426 4157 3517 4212 καὶ
3574 4156 3770 4214 ἀναδο-

2105 4244 2233 4319 χήν,
2288 4243 2378 4298 καὶ
2433 4244 2553 4307 καθ’
2598 4244 2827 4315 ἑκάστην
2881 4241 3275 4320 ἐνδεικνυμένῳ
3327 4245 3518 4324 ἀρίστῃ
3576 4247 3766 4325 φρενί.

2108 4330 2175 4386 δι’
2222 4334 2283 4401 ἢν
2329 4332 2420 4387 καὶ
2469 4335 2630 4407 ἡμῶν
2685 4333 2747 4388 οὐ
2800 4331 3013 4389 διέλιπε
3059 4332 3342 4407 κήδεσθαι,
3395 4334 3633 4399 ἐπαίνοις
3680 4338 3771 4393 καὶ

2108 4421 2403 4499 εὐφημίαις
2463 4423 2869 4500 καταγεραίρειν
2935 4426 3031 4498 (1),
3090 4426 3180 4480 καὶ
3241 4422 3463 4488 στολπῖς
3522 4426 3770 4503 ἱεραρχι-

2106 4516 2249 4581 καῖς,
2283 4510 2372 4565 καὶ
2417 4512 2588 4583 ἱεραῖς
2636 4511 2807 4567 εἰκόσι
2845 4518 2964 4574 ταῖς
3017 4514 3152 4586 μετά
3197 4513 3429 4588 κόσμου,
3477 4515 3568 4570 καὶ
3619 4514 3770 4593 εὐερ-

2106 4598 2310 4675 γεσίαις
2371 4599 2712 4676 ἀσυγκρίτως
2774 4602 2875 4671 τὴν
2941 4600 3271 4672 Ἐκκλησίαν
3329 4605 3723 4660 καταπλουτῶν
3755 4647 3769 4661 .

2108 4690 2195 4749 Ὠς
2244 4685 2442 4743 οὔποτε
2488 4693 2596 4744 τῶν
2645 4689 3126 4766 πατριαρχούντων
3180 4693 3323 4754 τινὸς
3374 4694 3452 4767 (2)
3500 4692 3768 4749 τοιούτων

2111 4774 2482 4831 έπαπολαῦσαι
2532 4778 2668 4853 πρὸς
2711 4782 2820 4833 τῶν
2871 4779 3121 4843 ἀνέκαθεν
3185 4776 3416 4835 εὐσεϐῶν
3466 4781 3557 4836 καὶ
3610 4781 3772 4859 ὀρθο-

2115 4862 2283 4935 δόξων
2344 4864 2777 4942 αὐτοκρατόρων·
2831 4867 2875 4921 εἰ
2928 4870 3001 4941 μή
3054 4889 3157 4923 που
3202 4869 3292 4923 καὶ
3338 4870 3437 4939 τὴν
3468 4868 3769 4946 παρίσωσιν

2113 4954 2248 5027 πρὸς
2305 4958 2382 5027 τῷ
2436 4954 2633 5010 τούτου
2703 4956 2868 5031 πατρὶ
2923 4957 3058 5011 κατὰ
3111 4962 3349 5032 πνεῦμα,
3410 4962 3490 5031 τῷ
3548 4958 3772 5037 μεγάλῳ

2113 5042 2258 5118 φημὶ
2289 5043 2377 5097 καὶ
2412 5041 2778 5117 ἷσαποστόλῳ,
2828 5044 3082 5100 εἰκάσειεν
3132 5043 3193 5101 ἄν
3220 5068 3322 5114 τις,
3378 5046 3430 5102 έν
3478 5052 3598 5111 ταῖς
3633 5049 3773 5104 κατᾶ

2109 5132 2199 5185 τὸν
2241 5131 2292 5186 ἐν
2344 5130 2523 5207 ἀγίοις
2573 5132 2774 5193 ἐκεῖνον
2825 5139 3014 5206 τιμαῖς
3063 5135 3353 5211 ἱερώτατον
3412 5131 3770 5215 Σίλϐεστρον,

2111 5220 2157 5275 εἷ
2205 5221 2450 5275 κάκείνου
2489 5221 2553 5276 τὸ
2612 5220 2771 5295 μέσον
2824 5223 2957 5298 πρὸς
3005 5223 3071 5278 τὰ
3125 5224 3385 5301 ἡμέτερα,
3437 5224 3561 5281 ὅσον
3615 5228 3771 5283 ἀκτῖαι

2108 5331 2194 5373 νος
2225 5308 2465 5381 ἡλιακῆς
2493 5312 2621 5373 τοὺς
2664 5312 2802 5389 πρὸς
2843 5311 3009 5381 αὐτὴν
3064 5313 3421 5384 ἀτενίζοντας.
3476 5317 3554 5370 Δι’
3599 5315 3631 5371 ἃ
3676 5318 3769 5372 καὶ

2107 5398 2605 5478 πλουσιοπαρόχως
2675 5401 3062 5481 ἀνταμειφθείη
3128 5403 3269 5480 πρὸς
3324 5410 3422 5460 τοῦ
3469 5404 3713 5462 παντάνα
3744 5439 3769 5450 -

2105 5510 2254 5562 κτος,
2315 5490 2454 5555 καθὰ
2526 5495 2607 5565 τῷ
2688 5490 2917 5568 μεγάλῳ
2973 5489 3159 5569 ἐκείνῳ
3230 5491 3283 5549 ἐν
3364 5493 3645 5573 βασιλεῦσι
3700 5496 3772 5554 τὰ
