4132 6416
318 366 437 429 493

1819 360 2249 427 EPIS'I‘OL/E.

3628 369 3747 433 494

314 498 466 573 γέρα,
496 496 589 552 καὶ
644 496 851 573 πρώτῳ
901 495 954 551 ἐν
1000 494 1313 573 ὀρθοδόξοις
1370 494 1749 553 ὑπολεανθέντι
1809 496 1977 567 πηλῷ

2113 498 2173 553 lli
2205 498 2358 554 inter
2388 498 2790 570 imperatores,
2843 504 2901 555 et
2948 497 3136 572 primo
3185 500 3338 557 inter
3390 502 3747 560 orthodoxos

317 583 617 641 πλατειῶν·
681 585 733 640 ἐν
795 582 853 640 δέ
915 606 977 661 γε
1033 588 1104 659 τῇ
1171 583 1421 661 βασιλείᾳ
1488 589 1724 662 Χριστοῦ
1792 584 1981 657 ἐκείνῳ

317 675 767 751 συνευωχεῖσθαι,
825 673 917 728 καὶ
976 672 1028 729 ἐν
1085 678 1201 746 Θεῷ
1257 674 1565 750 γάννυσθαι.
1625 671 1788 729 Ἀλλ’
1848 671 1981 749 ὅπερ

314 762 405 819 καὶ
466 761 647 839 λέγειν
706 761 1057 839 ἐξώρμημαι,
1089 762 1226 839 πρὸς
1281 761 1345 817 τὸ
1400 769 1502 832 τῆς
1543 762 1824 839 ἱεραρχίας
1855 762 1985 816 ἀνα-

320 852 556 915 τιθέντες
610 854 777 926 ἡμεῖς
828 850 1066 926 ὑψηλὸν,
1117 847 1241 907 οὔτε
1287 848 1699 927 διηγωνίσμεθα
1728 850 1865 926 πρὸς
1922 850 1985 906 τὸ

327 941 464 1019 μέγα
505 940 853 1015 πρεπόντως,
885 938 1011 996 οὔτε
1062 938 1317 1013 ἐδόξαμεν
1365 947 1483 1002 τοῖς
1540 938 1798 1007 πολλοῖς,
1840 937 1987 995 ἀλλὰ

319 1030 412 1086 καὶ
472 1028 813 1107 δύσχρηστοι
862 1028 1030 1086 πλέον
1077 1031 1204 1104 παρ’
1251 1028 1375 1085 ὅσον
1445 1029 1535 1084 καὶ
1604 1028 1981 1105 εὑρισκόμεθαυ

323 1118 412 1175 καί
459 1116 526 1189 δὴ
578 1120 715 1196 πρὸς
763 1124 881 1181 τοῖς
916 1115 1110 1181 ἄλλοις
1159 1119 1239 1180 οἷς
1285 1120 1376 1174 καὶ
1424 1115 1878 1193 προσωνειδίκασι
1922 1118 1986 1173 τὸ

325 1207 377 1263 ἐν
434 1207 713 1285 ὑποκρίσει
769 1209 1020 1283 βιοῦντας
1067 1210 1239 1281 ἡμᾶς,
1290 1207 1417 1262 οὐδὲ
1463 1208 1599 1261 κατά
1660 1210 1761 1281 τῇς
1831 1204 1987 1281 ἆγίας

323 1297 413 1353 καὶ
480 1296 794 1371 ἀμωμήτου
863 1296 1013 1371 ὑμῶν
1079 1295 1314 1359 πίστεως
1382 1302 1784 1375 συκοφαντῆσαι
1850 1294 1988 1374 ἐφεί-

328 1406 507 1443 σαντο.
540 1387 656 1455 Οἷς,
689 1386 785 1441 Θεὲ
830 1390 928 1441 τοῦ
974 1386 1197 1455 παντὸς,
1234 1386 1262 1440 6
1310 1384 1485 1441 ἐλθὼν
1540 1384 1615 1448 εἰς
1663 1385 1727 1440 τὸ
1774 1383 1986 1456 πλάνης

319 1473 415 1531 καί
466 1469 712 1538 ἀσεϐείας
759 1474 989 1552 βροτοὺς
1038 1472 1504 1549 ἐκλυτρώσασθαι,
1554 1472 1605 1528 ἐν
1658 1477 1727 1548 τῇ
1777 1471 1986 1528 δικαιο-

320 1563 457 1639 σύνῃ
505 1586 603 1620 σου
650 1562 1069 1641 ἆντιμέτρησον’
1117 1563 1210 1618 καὶ
1259 1566 1294 1633 ἡ
1347 1562 1594 1640 ῥομφαία
1652 1562 1825 1617 αὐτῶν
1879 1561 1986 1617 εἷσ-

319 1651 476 1718 έλθοι
545 1653 622 1716 εἷς
656 1653 754 1716 τὰς
799 1650 1024 1729 καρδίας
1075 1650 1275 1719 αὐτῶν,
1326 1651 1372 1706 εἰ
1423 1651 1533 1726 ἐγὼ
1583 1650 1670 1705 ἐπὶ
1719 1652 1778 1706 σὲ
1826 1649 1988 1726 ἐπερ-

325 1741 488 1820 ρίφην
539 1740 648 1797 ἀπὸ
694 1740 946 1817 γαστρός·
999 1740 1088 1795 καὶ
1143 1737 1355 1814 μᾶλλον
1404 1745 1522 1802 τοῖς
1571 1738 1695 1815 περὶ
1747 1739 1838 1794 τὸν
1886 1739 1987 1793 Ἰά-

321 1824 524 1903 κωϐον,
566 1834 684 1892 τοῖς
745 1828 1037 1905 ἐπαράτοις
1107 1828 1198 1884 καὶ
1267 1829 1445 1899 πάντη
1512 1827 1875 1903 θεοστυγέσιν.
1926 1827 1990 1882 Οἳ
2021 1870 2068 1905 n,

321 1920 411 1976 καὶ
476 1920 717 1996 καθάπερ
787 1918 1222 1995 ἀπεχθανόμενοι
1277 1922 1357 1990 τῷ
1418 1917 1505 1972 ἐπὶ
1534 1972 1537 1975 ,
1569 1916 1786 1972 πάντων
1853 1921 1993 2004 Θεῷ,

324 2006 670 2064 δικαιώσαντι
738 2009 827 2063 καὶ
887 2010 1037 2081 ἡμᾶς
1102 2005 1385 2062 καλεῖσθαι
1429 2006 1533 2061 ἀπὸ
1586 2010 1846 2084 Χριστοῦ,
1901 2007 1992 2060 και

325 2120 400 2172 μη
436 2095 660 2175 ἔχοντες
707 2096 859 2159 ὅπως
909 2096 1106 2152 ἐκεῖνον
1154 2095 1474 2170 ἀμύνονται,
1503 2098 1640 2150 κατὰ
1686 2101 1785 2165 τῆς
1833 2095 1987 2171 ἱερᾶς

324 2186 533 2244 ἐκείνου
596 2183 918 2260 θεανδρικῆς
982 2186 1070 2241 καὶ
1142 2192 1524 2263 προσκυνητῆς
1603 2184 1831 2256 εἰκόνος,
1884 2191 1990 2254 τῆς

324 2276 659 2354 ἐρημώσεως
712 2276 781 2331 τὰ
842 2272 1220 2352 βδελύγματα,
1272 2272 1317 2330 ὣ
1372 2279 1481 2330 τῶν
1544 2274 1691 2347 ἐμῶν
1761 2275 1984 2330 κακῶνί

323 2364 592 2436 λυττῆσαι
638 2364 738 2420 ούκ
799 2358 1040 2443 ἕφριξαν,
1089 2365 1230 2441 πρὸς
1277 2361 1334 2419 δὲ
1380 2363 1469 2419 καὶ
1516 2364 1619 2433 τῆς
1668 2360 1989 2440 παναχράν-

318 2477 419 2512 του
485 2452 774 2525 δεσποίνης
811 2456 971 2527 ήμῶν
1035 2452 1325 2522 Θεοτόκου,
1371 2453 1461 2508 καὶ
1509 2457 1607 2508 τοῦ
1669 2451 1844 2507 τύπου
1892 2455 1989 2507 τοῦ

317 2544 467 2601 θείου
539 2543 630 2599 καὶ
701 2542 993 2622 ζωηφόρου
1044 2548 1298 2620 σταυροῦ.
1350 2544 1428 2597 Δι’
1472 2542 1563 2605 οὓς
1610 2542 1701 2597 καὶ
1748 2540 1991 2615 ἀνάθεμα

316 2640 488 2690 πᾶσιν
540 2633 837 2711 αἱρετικοῖς
896 2626 1075 2687 ἐκϐοῶ
1151 2631 1257 2686 ἀπὸ
1314 2635 1448 2687 Θεοῦ
1520 2631 1985 2707 παντοκράτορος,

317 2724 411 2779 καὶ
476 2719 1067 2800 χριστιανοκατηγόρῳ
1148 2721 1329 2792 παντὶ,
1396 2725 1475 2793 τῷ
1542 2722 1619 2793 μή
1680 2720 1984 2796 ἀξιοχρέως

321 2813 747 2887 μετανοήσαντι.
806 2811 905 2866 Διὰ
956 2815 1125 2865 ταῦτα
1180 2810 1270 2865 καὶ
1312 2816 1416 2879 τῆς
1465 2811 1625 2883 ἡμῶν
1662 2811 1740 2883 (1)
1771 2808 1987 2883 ἱερότη-

312 2923 411 2967 τος
460 2899 683 2975 δέομαι,
726 2901 803 2974 μὴ
855 2900 991 2976 πρὸς
1058 2896 1400 2974 ἐμποδισμὸν
1452 2896 1702 2968 ἐνστῆναί
1750 2918 1873 2953 τινα
1919 2896 1989 2952 δι’

312 2992 480 3049 αὑτὸν
514 2991 608 3046 τὸν
649 2988 896 3067 Χριστόν.
927 2991 1046 3043 "Oti.
1104 2985 1247 3062 μηδὲ
1296 2984 1518 3042 δυνατὸν
1566 2984 1709 3042 ἄλλο
1750 3007 1802 3041 τι
1853 3005 1987 3064 φρο-

310 3089 480 3153 νῆσαι
514 3078 715 3157 ἀπάρτι
755 3081 926 3152 ἡμᾶς,
961 3075 1015 3133 εἷ’
1054 3098 1106 3132 τι
1149 3078 1241 3133 καὶ
1287 3078 1529 3153 γένοιτο,
1562 3075 1644 3131 ὅτι
1702 3075 1794 3130 καὶ
1841 3078 1990 3151 γήρᾳ

313 3171 409 3228 καὶ
480 3168 732 3241 ἀσθενείᾳ
794 3166 1290 3243 ταλαιπωροῦντες,
1341 3163 1467 3222 οὐδὲ
1534 3164 1663 3221 αὐτὸ
1727 3165 1790 3221 τὸ
1855 3165 1983 3241 ὁρᾷν

2094 588 2334 660 praemia
2365 588 2630 654 contulit,
2663 589 2764 659 qui
2797 594 2969 645 antea
2999 588 3121 644 luto
3181 588 3515 666 platearum.
3548 593 3735 649 illitus

2096 676 2286 731 fuerat
2321 694 2333 732 :
2368 677 2769 749 concedatque
2800 677 2913 749 ipsi
2944 682 3008 732 ut
3038 678 3097 732 in
3155 695 3335 751 regno
3384 679 3599 737 Christi
3628 699 3748 738 una

2095 781 2229 821 cum
2265 766 2362 821 illo
2388 765 2659 838 epuletur
2690 771 2747 822 et
2776 767 2836 821 in
2872 774 2983 822 Deo
3018 767 3258 823 laetetur.
3295 769 3406 824 Sed
3458 774 3524 825 ut
3552 771 3746 827 dicere

2096 871 2406 926 coeperam,
2444 872 2550 911 nos
2576 856 2648 911 ad
2678 856 3052 928 episcopatus
3092 857 3395 930 fastigium
3436 861 3638 928 evecti,
3671 861 3745 916 ad

2096 959 2373 1015 magnam
2397 941 2715 998 illam'rem
2738 960 2851 998 non
2868 948 3157 1015 quantum
3189 944 3432 1000 decebat
3460 944 3742 1002 laboravi-

2097 1037 2324 1102 mus,ut
2354 1031 2664 1104 permultis
2694 1032 2886 1088 visum
2917 1036 3037 1100 est;
3065 1031 3183 1087 imo
3214 1033 3390 1089 etiam
3422 1034 3744 1091 admodum

2096 1120 2337 1176 inutiles
2367 1120 2865 1191 deprehendimur
2898 1139 2910 1176 :
2945 1137 3011 1175 ac
3043 1126 3434 1193 praeterquam
3466 1124 3622 1194 quod
3652 1139 3749 1179 ex-

2098 1210 2453 1282 probrarunt
2500 1226 2607 1265 nos
2650 1226 2784 1265 cum
2834 1209 3130 1282 hypocrisi
3195 1211 3374 1266 vitam
3436 1228 3627 1283 agere,
3678 1229 3751 1268 ne

2099 1298 2337 1371 quidem
2386 1302 2647 1355 sanctam
2718 1303 2775 1355 et
2837 1298 3201 1371 inculpatam
3261 1300 3436 1355 ﬁdem
3486 1306 3750 1358 nostram

2097 1386 2411 1444 calumniis
2459 1404 2704 1444 vacuam
2754 1387 3137 1461 reliquerunt.
3207 1388 3454 1459 Quibus,
3514 1406 3547 1447 ο
3595 1390 3751 1447 Deus

2099 1477 2531 1543 universorum,
2565 1477 2667 1548 qui
2697 1476 2906 1532 venisti
2938 1481 3006 1533 ut
3035 1477 3314 1533 mortales
3366 1478 3437 1534 ab
3469 1494 3663 1536 errore
3695 1483 3754 1535 et

2098 1564 2401 1637 impietate
2432 1566 2732 1636 liberares,
2764 1566 2825 1620 in
2857 1565 3093 1636 justitia
3139 1570 3244 1621 tua
3287 1566 3411 1622 vice
3440 1569 3749 1639 rependas,

2100 1657 2156 1709 et
2184 1652 2418 1726 gladius
2448 1670 2649 1709 eorum
2683 1654 2862 1711 intret
2888 1654 2948 1709 in
2982 1655 3159 1709 corda
3216 1654 3505 1727 ipsorum,
3537 1656 3588 1711 si
3617 1672 3747 1729 ego,

2100 1746 2156 1798 et
2188 1742 2425 1815 quidem
2450 1742 2764 1814 plusquam
2796 1741 2921 1815 ipse
2948 1743 3229 1811 Jacobus,
3280 1745 3341 1798 in
3380 1749 3433 1799 te
3472 1746 3751 1816 proiectus

2099 1848 2223 1887 sum
2277 1848 2350 1887 ea:
2400 1840 2559 1888 utero
2602 1849 2615 1887 :
2667 1832 2767 1903 qui
2825 1831 3166 1887 exsecrandi
3218 1831 3490 1889 homines
3535 1851 3601 1889 ac
3645 1834 3749 1890 Dei

2104 1937 2326 1986 osores,
2358 1920 2527 1993 quasi
2560 1920 2899 1976 inimicitias
2929 1925 3196 1993 gerentes
3250 1922 3531 1978 adversus
3562 1922 3749 1979 Deum

2106 2009 2534 2079 universorum,
2567 2008 2666 2080 qui
2698 2026 2805 2065 nos
2836 2026 2938 2082 per
2966 2008 3260 2065 Christum
3294 2010 3484 2066 vocari
3540 2010 3751 2085 digna-

2103 2102 2202 2153 tus
2233 2101 2341 2163 est,
2375 2114 2563 2169 neque
2594 2098 2788 2170 ipsum
2821 2098 3057 2170 aggredi
3104 2098 3381 2170 valentes,
3432 2105 3633 2157 contra
3664 2118 3754 2157 sa-

2104 2203 2263 2242 cram
2296 2186 2395 2242 Dei
2446 2186 2551 2241 viri
2597 2192 2654 2242 et
2702 2187 3060 2242 adorandam
3117 2187 3454 2260 imaginem,
3490 2190 3660 2261 quasi
3689 2190 3751 2246 in
3832 2246 3837 2253 ,

2103 2276 2539 2332 abominatione
2570 2274 2949 2331 desolationis
2980 2278 3034 2349 (ο
3067 2292 3258 2332 meam
3298 2276 3754 2352 calamitatem!)

2102 2364 2445 2420 debacchari
2478 2380 2595 2419 non
2626 2362 3074 2420 exhorruerunt.
3102 2365 3185 2419 Ad
3219 2365 3340 2421 haec
3369 2382 3505 2423 vero
3536 2366 3755 2424 similia

2101 2457 2510 2525 perpetrarunt
2552 2453 2611 2506 in
2681 2451 3063 2524 purissimam
3134 2454 3443 2510 Dominam
3490 2460 3752 2513 nostram

2099 2541 2429 2614 Deiparam,
2463 2557 2689 2596 necnon
2723 2541 2784 2595 in
2815 2540 3075 2597 divinam
3135 2547 3193 2596 et
3219 2542 3512 2599 viviﬁcam
3557 2546 3751 2601 crucis

2103 2630 2441 2701 imaginem.
2475 2631 2664 2695 Quare
2693 2646 2763 2685 ex
2791 2629 2891 2685 Dei
2919 2630 3270 2686 auctoritate
3303 2632 3604 2689 universos
3637 2634 3753 2691 hae-

2101 2720 2311 2775 reticos
2342 2717 2471 2774 illos
2502 2718 2819 2774 anathema
2849 2735 2977 2775 esse
3006 2736 3039 2775 a
3068 2724 3180 2775 Deo
3205 2720 3603 2794 omnipotente
3634 2723 3753 2780 alta

2100 2825 2237 2864 voce
2269 2807 2419 2877 dico,
2451 2823 2674 2863 necnon
2726 2824 2933 2864 omnes
2982 2807 3449 2866 Christianorum
3508 2828 3749 2868 accusa-

2100 2903 2276 2968 tores,
2312 2897 2424 2953 nisi
2481 2897 2883 2969 poenitentiam
2942 2898 3188 2970 egerint.
3232 2899 3540 2971 Propterea
3585 2917 3658 2956 ne
3687 2901 3750 2957 in

2098 2985 2288 3058 ipsius
2303 2985 2381 3041 Ch
2392 2985 2516 3040 risti
2532 3002 2711 3040 causa
2722 2985 2949 3041 obicem
2968 2986 3305 3058 quempiam
3321 2988 3566 3044 afferant
3584 2990 3751 3060 ;quia

2101 3074 2223 3130 fieri
2256 3074 2461 3145 nequit
2490 3078 2554 3129 ut
2584 3072 2698 3128 alia
2719 3074 2847 3145 jam
2883 3075 3233 3142 sentiamus,
3282 3076 3569 3149 quidquid
3617 3082 3749 3133 tan-

2099 3163 2231 3218 dem
2265 3161 2491 3217 eveniat
2522 3179 2534 3216 :
2568 3178 2703 3217 nam
2739 3167 3039 3219 senectute
3078 3168 3135 3219 et
3172 3164 3518 3221 inﬁrmitate
3547 3166 3751 3222 debili-

313 3259 558 3338 ἔχομεν.
594 3237 770 3315 Ἀλλὰ
798 3258 920 3332 (sic)
950 3237 1193 3333 πρόσιτε,
1226 3237 1380 3329 ἀξιῶ,
1409 3260 1490 3327 τῷ
1542 3254 1685 3331 ἁγίῳ
1733 3275 1837 3327 μου
1884 3237 1980 3308 αὐ-

2104 3251 2223 3323 tati,
2256 3268 2329 3307 ne
2376 3250 2617 3322 quidem
2669 3251 2971 3306 oculorum
3021 3269 3196 3307 usum
3254 3252 3563 3310 habemus.
3610 3255 3745 3321 Sed,

306 3350 640 3428 τοκράτορι,
681 3343 1058 3415 ἐκδυσωπῆσαι
1106 3344 1350 3400 κάκεῖνον
1413 3344 1547 3420 ὑπὲρ
1600 3342 1758 3417 ἐμοῦ,
1808 3341 1977 3398 πλέον

306 3440 577 3494 ἁπάντων
630 3442 734 3505 τῆς
822 3432 1147 3505 Ἐκκλησίας
1230 3434 1331 3503 τὴν
1423 3431 1659 3509 μέριμαν
1706 3429 1976 3511 τρέφοντι,

304 3529 641 3605 συγκροτεῖν
674 3523 1005 3595 ἐξαιτοῦντες
1035 3522 1126 3578 καὶ
1158 3520 1470 3599 συντρέχειν
1524 3521 1651 3596 ὑμῖν
1699 3520 1752 3576 ἐν
1797 3521 1981 3592 παννὶ,

310 3615 406 3671 καὶ
468 3610 693 3690 μᾶλλον
754 3610 830 3674 εἷς
888 3608 1112 3685 ἐρεύνης
1182 3616 1553 3684 πνευματικῆς
1630 3608 1978 3681 ἀναζήτησιν·

310 3706 389 3768 ὡς
443 3703 509 3760 ἂν
570 3702 660 3757 τὸν
717 3697 979 3778 ἁρμόδιον
1048 3704 1168 3763 ταῖς
1228 3699 1511 3775 ὑμετέραις
1579 3698 1769 3776 εὐχαῖς
1820 3718 1983 3754 κατα-

303 3795 535 3869 πέμψοι
615 3794 685 3865 τῇ
738 3788 948 3864 ποίμνῃ
1013 3787 1243 3867 Χριστὸς
1306 3788 1383 3852 εἷς
1451 3788 1726 3863 ἐπίσκεψιν
1793 3788 1982 3864 ἱερέων

302 3882 400 3938 καὶ
460 3878 842 3957 μοναζόντων,
891 3879 982 3933 καὶ
1051 3877 1188 3935 λαοῦ
1258 3878 1649 3955 Χριστωνόμου
1702 3883 1800 3933 τοῦ
1849 3877 1987 3951 σύμ-

302 3992 551 4035 παντος.
610 3969 754 4046 Πρὸς
820 3965 878 4024 δὲ
939 3966 1177 4039 τούτοις,
1229 3966 1345 4023 ἐπεὶ
1391 3967 1483 4023 τὸν
1544 3967 1597 4022 ἐν
1651 3966 1798 4042 μέσῳ
1848 3967 1988 4029 εἰκὸς

307 4058 721 4135 εὑρισκόμενον
776 4057 853 4131 μὴ
904 4055 1093 4112 λυπεῖν
1134 4055 1224 4111 καὶ
1281 4054 1569 4111 λυπεῖσθαι
1616 4055 1761 4132 παρὰ
1806 4060 1987 4127 τινῶν,

300 4148 443 4212 τοὺς
519 4147 879 4218 λυπήσαντας
950 4142 1334 4217 ὁπωσδήποτε,
1384 4144 1475 4201 καί
1520 4144 1645 4207 τοὺς
1700 4145 1786 4223 ὑφ’
1833 4146 1994 4218 ἡμῶν

308 4236 703 4310 λυπηθέντας,
754 4237 1161 4313 συγχωρήσεως
1219 4235 1435 4306 ἀξιώσει
1480 4238 1555 4309 (2)
1602 4235 1693 4289 καὶ
1751 4234 1989 4312 ἀμφοτέ-

305 4348 444 4405 ρους
499 4327 531 4383 6
587 4324 686 4381 ἐπὸ
733 4326 796 4380 τὸ
853 4328 1024 4380 σῶσαι
1072 4324 1135 4379 τὸ
1185 4323 1415 4397 πλάσμα
1459 4326 1538 4398 (3)
1592 4321 1992 4401 φιλανθρώπως

298 4413 795 4495 παραγενόμενος,
845 4412 934 4469 καὶ
983 4417 1234 4491 κρατυνεῖ
1267 4415 1345 4488 (4)
1390 4413 1459 4468 τὰ
1505 4417 1613 4468 τῶν
1667 4409 1992 4489 ὀρθοδόξων,

296 4507 399 4563 καὶ
462 4501 780 4579 σκαιωρίας
838 4501 1196 4580 περιφυλάξοι
1245 4500 1506 4564 παντοίας
1568 4501 1659 4557 καὶ
1735 4502 1999 4575 ποιμένας

2092 3357 2311 3413 ᾳυιεεο,
2347 3340 2758 3412 imperatorem
2793 3357 2988 3396 meum
3024 3341 3272 3408 adite,ac
3292 3360 3396 3415 pro
3428 3359 3522 3399 me
3543 3348 3744 3417 rogate

2091 3446 2223 3485 eum
2259 3428 2356 3501 qui
2391 3427 2526 3501 plus
2556 3428 2833 3484 omnibus
2863 3429 3131 3485 Ecclesiae
3155 3430 3612 3489 sollicitudinem
3645 3450 3742 3507 ge—

2092 3517 2165 3574 rit
2195 3522 2253 3573 et
2281 3519 2450 3586 fovet,
2485 3522 2550 3572 ut
2579 3517 2882 3573 vobiscum
2916 3524 3248 3589 concurrat,
3278 3538 3381 3577 vos
3412 3522 3649 3593 adjuvet
3678 3524 3738 3578 in

2093 3608 2370 3664 omnibus
2402 3606 2770 3680 maximeque
2802 3608 2873 3662 ad
2905 3607 3193 3664 examinis
3223 3609 3552 3682 spiritualis
3611 3629 3741 3685 per-

2095 3697 2474 3769 quisitionem
2496 3714 2509 3764 ;
2533 3701 2598 3751 ut
2617 3695 2827 3752 vestris
2848 3698 3120 3769 precibus
3142 3698 3484 3772 episcopum
3505 3700 3742 3759 dotibus

2095 3786 2453 3843 instructum
2487 3785 2683 3840 mittat
2712 3785 2783 3840 ad
2815 3785 2964 3842 ovile
2991 3786 3228 3856 Christi,
3263 3790 3362 3860 qui
3421 3791 3743 3848 sacerdoti-

2097 3877 2232 3944 bus,
2267 3873 2573 3931 monachis
2604 3878 2662 3929 et
2694 3873 2965 3931 universo
2996 3875 3326 3933 Christiano
3357 3878 3573 3950 populo
3608 3897 3747 3952 pro-

2100 3965 2332 4038 spiciat.
2367 3964 2452 4018 Ad
2487 3962 2609 4019 hazc
2639 3980 2773 4019 vero
2804 3980 2910 4037 par
2939 3982 3054 4020 non
3086 3970 3176 4021 est
3205 3970 3272 4021 ut
3309 3966 3359 4022 is
3392 3968 3490 4039 qui
3527 3969 3653 4039 jam
3685 3969 3746 4025 in

2103 4070 2343 4110 munere
2368 4057 2634 4109 versatur
2662 4052 2893 4125 aliquos
2923 4054 3294 4119 oﬁ‘endat,vel
3324 4072 3359 4111 a
3388 4056 3749 4127 quibusdam

2103 4143 2434 4201 offendatur
2464 4159 2478 4210 ;
2512 4159 2647 4197 cum
2679 4143 2751 4198 iis
2782 4142 2881 4214 qui
2942 4160 3034 4199 me
3082 4143 3397 4217 aliquando
3452 4145 3749 4219 laeserunt,

2103 4241 2231 4289 tum
2263 4232 2337 4288 iis
2368 4231 2467 4304 qui
2498 4249 2527 4286 a
2561 4248 2656 4287 me
2694 4231 2813 4287 Ιτεεί
2866 4240 3023 4303 sunt,
3083 4234 3349 4306 utrisque
3405 4234 3629 4292 scilicet
3656 4254 3751 4294 ve-

2106 4323 2266 4378 niam
2301 4322 2579 4377 concedat
2608 4320 2705 4393 qui
2760 4326 3129 4391 peramanter
3178 4323 3249 4379 ad
3301 4324 3601 4396 opiﬁcium
3632 4343 3753 4383 ser-

2106 4412 2362 4468 vandum
2399 4410 2631 4465 advenit
2657 4426 2677 4469 ;
2707 4408 2981 4481 idemque
3012 4410 3390 4467 orthoxorum
3423 4429 3512 4469 res
3543 4415 3754 4470 conﬁr-

2109 4505 2249 4566 met,
2284 4505 2458 4571 atque
2486 4503 2753 4571 pastores
2781 4502 2838 4553 et
2868 4499 3058 4568 ovilia,
3093 4502 3377 4572 quamdiu
3409 4503 3491 4559 sol
3539 4508 3755 4560 terram

2111 4589 2401 4662 respiciet,
2436 4588 2594 4644 omni
2627 4587 2855 4644 malitia
2881 4605 3097 4645 vacuos
3135 4597 3455 4659 conservet,
3489 4593 3759 4664 precibus

2112 4678 2370 4737 assiduis
2399 4679 2526 4750 ejus
2558 4677 2657 4749 qui
2691 4675 3149 4749 Solemjustitize
3187 4681 3365 4736 Deum
3396 4697 3635 4754 corpore
3664 4682 3762 4739 in-

2112 4769 2315 4826 truxit.

2187 4855 2592 4913 Sanctissimis
2662 4856 2756 4910 Dei
2825 4856 3175 4928 praesulibus
3239 4857 3610 4929 gloriossimo
3674 4875 3765 4917 se-

2118 4947 2305 5015 natui,
2358 4954 2415 5001 et
2462 4943 2936 5001 honoratissimis
2987 4960 3015 4999 e
3066 4944 3218 5001 clero
3264 4949 3667 5006 sacerdotibus
3711 4954 3769 5005 et

2120 5036 2448 5103 monachis,
2482 5035 2552 5090 iis
2605 5034 2704 5105 qui
2758 5033 3027 5089 militiam
3091 5042 3378 5104 exercent,
3425 5053 3491 5093 ac
3539 5036 3766 5094 civibus

301 4595 402 4653 καὶ
456 4594 732 4669 ποίμνια,
759 4588 865 4654 ἕως
922 4592 1021 4661 τὴν
1053 4598 1157 4668 γῆν
1190 4592 1219 4645 6
1254 4589 1421 4661 ἥλιος
1470 4590 1659 4669 ἐφορᾷ,
1689 4585 1999 4668 πρεσϐείαις
2033 4613 2079 4677 D

307 4685 607 4757 ἀλήκτοις
636 4687 740 4752 τῆς
769 4681 862 4737 τὸν
909 4679 1070 4750 ἥλιον
1117 4686 1221 4750 τῆς
1268 4678 1615 4751 δικαιοσύνης
1663 4680 1999 4753 σωματωσά-

309 4797 421 4846 σης
456 4772 625 4832 Θεόν.

385 4869 529 4927 Τοῖς
591 4858 917 4934 ἱερωτάτοις
974 4858 1288 4936 ἀρχιερεῦσι
1349 4862 1506 4928 Θεοῦ,
1538 4858 1629 4913 καὶ
1677 4862 1793 4920 τοῖς
1853 4854 2001 4913 ἐνδο-

302 4955 583 5029 ξοτάτοις
632 4955 754 5013 τοῖς
797 4956 897 5019 τῆς
948 4947 1257 5025 συγκλήτου
1305 4947 1535 5024 βουλῆς,
1577 4947 1667 5002 καὶ
1713 4952 1831 5010 τοῖς
1866 4946 2004 5002 ἐντι-

314 5043 611 5119 μοτάτοις
639 5043 739 5095 τοῦ
786 5036 1000 5114 κλήρου
1047 5039 1245 5112 ἱερεῦσι
1296 5038 1386 5093 καὶ
1440 5038 1755 5112 μονάζουσι,
1795 5042 1911 5098 τοῖς
1948 5056 2009 5091 τε

2120 5126 2398 5183 divitibus
2431 5125 2907 5198 pauperibusque
2936 5124 3073 5179 viris
3105 5130 3161 5180 et
3203 5126 3548 5183 mulieribus
3579 5126 3768 5183 omni-

2118 5218 2232 5273 bus
2259 5216 2358 5270 Dei
2410 5214 2875 5269 misericordiam
2928 5215 3175 5269 conferri
3229 5215 3518 5288 supplico.
3557 5216 3771 5273 Deinde

2120 5305 2425 5360 universos
2459 5320 2597 5376 rogo
2629 5306 2694 5357 ut
2724 5320 2794 5358 ne
2823 5319 3065 5373 prorsus
3110 5304 3411 5361 afﬂictioni
3442 5322 3504 5361 se
3533 5306 3772 5373 dedant,

2122 5392 2286 5450 fracti
2320 5392 2517 5446 animo
2548 5391 2621 5446 ob
2650 5395 2969 5446 extremam
3020 5392 3081 5447 in
3123 5410 3238 5465 qua
3292 5410 3598 5451 versamur
3619 5392 3774 5451 cala-

2125 5482 2389 5540 mitatem
2424 5497 2438 5536 :
2471 5496 2605 5535 cum
2638 5478 2925 5552 sapientia
2950 5496 3131 5554 supra
3159 5487 3416 5540 montem
3450 5483 3641 5557 posita
3670 5481 3769 5561 sit,

310 5130 823 5211 στρατευομένοις,
871 5128 961 5183 καὶ
1026 5133 1146 5191 τοῖς
1202 5135 1305 5198 τῆς
1374 5124 1657 5188 πολιτείας
1723 5125 2008 5187 πλουσίοις

309 5244 377 5279 τι
427 5220 533 5278 καὶ
597 5217 945 5292 πενομένοις,
996 5216 1086 5272 καὶ
1156 5214 1377 5293 ἀνδράσι
1440 5215 1531 5271 καὶ
1598 5214 1830 5291 γυναιξὶ,
1879 5220 2007 5269 πᾶσι

315 5311 621 5384 διηνεκῶς
651 5307 1011 5384 χορηγεῖσθαι
1060 5306 1125 5361 τὸ
1177 5310 1275 5361 τοῦ
1328 5309 1462 5361 Θεοῦ
1493 5303 1797 5380 ἐπεύχομαι
1834 5301 2009 5366 ἔλεος.

312 5402 462 5459 Εἶτα
492 5397 599 5456 καὶ
656 5402 815 5451 πᾶσιν
873 5390 1152 5451 ἀντιϐολῶ
1207 5396 1283 5470 μὴ
1351 5395 1425 5457 ὡς
1464 5393 1626 5469 ἔτυχε
1682 5391 2011 5470 προσταλαι-

312 5495 545 5570 πωρεῖν
633 5489 943 5549 κοπιῶντας
995 5487 1066 5560 τῇ
1125 5483 1177 5542 ἐν
1236 5485 1275 5559 ᾖ
1329 5488 1698 5561 παροικοῦμεν
1758 5481 2011 5559 ἐσχατιᾷ,

413 5602 472 5668 1)
509 5592 1082 5669 ιθεεῃιιιυωῑὸμῶν.

2195 5590 2275 5669 (3)
2304 5584 2619 5669 ρλάτυσμα,
2636 5586 2794 5659 apud
2823 5584 3177 5650 Boivinium.

413 5602 472 5668 1)
509 5602 1082 5669 ιθεειιιιιιωῖὺμῶν.
2195 5602 2271 5658 (3‘
2308 5602 2605 5661 ιιΛατυσμα
2636 5602 2752 5659 apu

382 5602 479 5771 (2)
512 5674 645 5730 Pro
677 5663 944 5743 ἀξιώσεις.
2196 5614 2275 5742 (4)
2306 5660 2418 5721 Pro
2454 5654 2752 5742 κρατύνεις.
