4132 6428
360 381 478 440 495

1483 375 1914 441 ATHANASII
1961 381 2077 441 ΟΡ.
2125 377 2657 441 PATBIARCHAE

3663 375 3786 440 498

354 527 421 568 ac
452 511 710 567 illustret
736 526 837 567 eos
874 512 975 583 qui
1021 510 1476 567 illuminationis
1529 528 1709 568 causa
1765 513 1838 567 ad
1878 527 2009 568 eam

2125 517 2226 579 τῆς
2259 510 2452 589 σοφίας
2491 515 2626 566 Θεοῦ
2674 510 2858 565 ἐπάνω
2908 505 3070 586 ὄρους
3115 508 3396 584 κειμένης,
3435 509 3529 566 καὶ
3577 508 3792 579 τηλαυ-

361 604 738 669 ooncurrunt.
766 603 1050 654 Caeterum
1080 599 1246 655 vobis
1275 616 1309 654 a
1340 599 1385 655 D
1411 616 1478 655 eo
1506 601 1814 657 charitatis
1862 601 2033 656 retri-

2145 600 2349 677 γούσης
2414 600 2543 663 τοὺς
2589 596 2765 655 ἕνεκεν
2815 602 3100 678 φωτισμοῦ
3161 599 3299 676 πρὸς
3366 596 3533 669 αὐτὴν
3583 598 3797 675 ἐπιτρέ-

363 690 600 757 buatur,
630 689 919 762 quidquid
951 687 1172 744 laboris
1223 692 1460 761 propter
1507 689 1852 745 charitatem
1888 706 2012 746 sus'

2146 708 2367 764 χοντας·
2400 688 2547 758 πλὴν
2580 688 2669 744 καὶ
2709 691 2844 762 ἡμῖν
2894 687 3313 764 ἀντιμετρηθείη
3363 686 3503 763 πρὸς
3549 691 3650 743 τοῦ
3694 695 3796 759 τῆς

361 778 621 851 cepistis,
652 783 711 835 et
731 777 999 849 utrisque
1045 783 1318 834 nostrum
1368 794 1591 834 merces
1638 779 2025 835 conferatur:

363 867 849 941 quandoquidem
890 870 949 922 et
1000 883 1109 923 nos
1164 865 1469 923 insolubili
1521 867 1743 923 amoris
1792 866 2028 923 vinculo

360 955 611 1026 astricti,
646 972 760 1011 non
795 955 908 1012 levi
938 956 1010 1011 de
1052 972 1233 1012 causa
1267 972 1301 1011 a
1344 956 1509 1013 vobis
1552 973 1659 1013 nos
1700 956 2031 1029 segregavi-

362 1061 520 1112 mus,
545 1046 647 1101 sed
684 1050 747 1100 ut
776 1044 875 1100 ille
905 1061 1159 1117 magnus
1189 1062 1376 1118 praeco
1407 1047 1513 1113 ait,
1545 1068 1575 1095 «
1612 1047 1746 1111 Quae
1778 1051 2021 1102 sanctus

357 1134 515 1191 Deus
545 1133 793 1191 consilia
822 1134 954 1189 iniit
985 1134 1121 1206 quis
1150 1134 1466 1206 dissipabit
1494 1135 1686 1191 ?Nam
1738 1151 1874 1190 cum
1926 1133 2026 1191 ille

356 1229 414 1281 et
447 1228 764 1297 conspectu
796 1227 855 1280 et
883 1223 1144 1296 alloquio
1196 1223 1660 1281 charissinorum
1711 1241 1818 1280 nos
1865 1223 2023 1279 indi-

361 1329 511 1386 gnos
535 1311 906 1385 judicaverit,
940 1312 999 1367 id
1032 1311 1226 1368 solum
1257 1313 1426 1368 vobis
1456 1314 1704 1369 suadere
1743 1313 2024 1369 convenit

2146 779 2362 853 ἀγάπης
2407 782 2541 834 Θεοῦ
2588 776 2712 832 ὅσον
2757 776 2846 833 καὶ
2912 774 2983 831 δι’
3027 777 3238 853 ἀγάπην
3287 777 3667 850 κεκοπιάκατε,
3708 776 3798 833 ml

2141 869 2176 937 ἡ
2247 867 2569 941 ἀντάμειψις
2638 867 2969 945 ἀμφοτέροις
3046 863 3416 940 δαψιλευθείη.
3480 862 3631 921 Ἐπεὶ
3706 865 3797 921 καὶ

2139 959 2303 1029 ἡμεῖς
2350 961 2429 1030 τῷ
2467 957 2591 1032 περὶ
2637 958 2777 1029 ὑμᾶς
2828 956 3013 1029 ἀλύτῳ
3060 953 3417 1029 συνδούμενοι
3466 954 3648 1029 πόθῳ,
3689 954 3801 1033 οὐχ

2137 1046 2213 1108 ὡς
2245 1043 2405 1122 ἔτυχε
2457 1043 2812 1119 διεστήσαμεν
2861 1044 3057 1108 αὐτοὺς
3099 1044 3190 1125 ἀφ’
3235 1045 3386 1119 ὑμῶν
3413 1046 3512 1119 (1),
3545 1041 3674 1100 ἀλλ’
3721 1044 3799 1109 ὥς

2134 1155 2240 1189 που
2288 1135 2317 1189 6
2370 1134 2895 1213 μεγαλοφωνότατος
2946 1133 3281 1198 ὑποτίθεταιο
3318 1157 3345 1184 ‹‹
3388 1135 3458 1191 Ἀ
3505 1134 3534 1189 6
3581 1134 3712 1197 Θεὸς
3762 1135 3793 1189 6

2135 1225 2284 1300 ἅγιος
2333 1218 2705 1299 βεϐούλευται,
2754 1223 2835 1286 τίς
2885 1220 3220 1279 διασκεδάσει
3260 1240 3274 1293 ;
3323 1247 3351 1275 ››
3405 1222 3647 1279 Ἐκείνου
3689 1223 3795 1300 γὰρ

2129 1313 2411 1389 κρίναντος
2460 1313 2707 1387 ἀναξίους
2749 1315 2900 1387 ἡμᾶς
2962 1312 3054 1368 καὶ
3112 1310 3233 1375 θέας
3282 1311 3374 1367 καὶ
3420 1311 3647 1386 ὁμιλίας
3692 1312 3796 1368 αύ-

361 1407 427 1458 ut
454 1418 561 1475 pro
590 1401 978 1474 nobispreces
998 1401 1262 1457 fundatis
1284 1419 1297 1459 :
1319 1418 1393 1458 ne
1421 1403 1601 1458 etiam
1634 1402 1744 1458 hac
1776 1403 1834 1458 in
1855 1406 2012 1475 parte

2126 1409 2230 1471 τῆς
2280 1407 2388 1458 τῶν
2457 1401 2751 1481 φιλτάτων,
2799 1407 3117 1479 πειθαρχεῖν
3189 1401 3281 1457 καὶ
3348 1402 3489 1475 ὑμᾶς
3559 1400 3781 1476 ὀφειλό-

357 1507 394 1547 a
418 1490 585 1547 vobis
616 1490 843 1546 dilectis
872 1495 929 1545 et
956 1489 1335 1546 amicissimis
1349 1492 1495 1546 meis
1552 1492 1859 1563 sejungar;
1883 1506 2015 1547 cum

364 1579 605 1652 quibus,
639 1597 670 1635 o
727 1578 857 1634 Filii
892 1578 989 1634 Dei
1025 1579 1153 1635 vitae
1184 1578 1450 1653 largitor,
1511 1581 1683 1635 nobis
1717 1580 1775 1635 in
1810 1579 2011 1636 coales-

359 1668 521 1725 tibus
570 1668 687 1724 illis
734 1668 1087 1724 exercitibus
1135 1668 1378 1724 choreas
1409 1685 1579 1742 agere
1608 1670 1878 1738 concede,
1898 1670 2016 1725 Ma-

358 1757 470 1814 tris
499 1758 916 1814 intercessione
948 1773 1073 1829 qua
1095 1762 1154 1813 te
1184 1757 1429 1830 peperit,
1464 1774 1690 1815 necnon
1722 1757 2016 1831 apostolo-

360 1863 514 1916 rum,
546 1852 873 1918 martyrum
903 1852 963 1903 et
990 1847 1256 1902 omnium
1288 1852 1630 1903 sanctorum
1661 1853 1921 1903 tuorum.

2131 1513 2286 1565 μενον
2338 1494 2415 1566 (2)
2465 1492 2855 1569 ὑπερεύχεσθαι
2912 1492 3074 1566 μόνον
3122 1491 3261 1565 ὑμᾶς
3311 1489 3666 1564 ἐξαιτοῦντες,
3702 1492 3781 1564 μὴ

2124 1580 2366 1635 κάκεῖθεν
2416 1580 2799 1658 ἀποζευχθεῖεν
2835 1584 2912 1656 (3)
2938 1582 3076 1656 πρὸς
3106 1585 3243 1637 Θεοῦ
3291 1580 3641 1659 φιλουμένων
3690 1581 3784 1636 ml

2123 1668 2397 1748 φιλτάτων
2457 1671 2630 1744 ὑμῶν·
2671 1672 2786 1745 μεθ’
2841 1672 2939 1738 ὧν,
2994 1671 3085 1726 Υἱὲ
3141 1674 3277 1727 Θεοῦ
3336 1667 3601 1742 ζωοδότα,
3659 1690 3780 1734 ταις

2120 1764 2395 1836 στρατιαῖς
2421 1760 2511 1815 καὶ
2538 1763 2688 1834 ἡμᾶς
2723 1764 3085 1838 συγχορεῦσαι
3129 1764 3250 1823 ταῖς
3300 1758 3578 1836 οὐρανίαις
3626 1756 3781 1815 εὐδό-

2038 1888 2086 1954 B
2117 1869 2285 1919 κησον
2343 1842 2659 1924 πρεσϐείαις
2716 1855 2820 1918 τῆς
2865 1869 2923 1904 σε
2966 1846 3235 1917 τεκούσης
3275 1846 3505 1924 μητρὸς,
3536 1845 3628 1902 καὶ
3679 1845 3784 1902 ἀπ-

2116 1937 2467 2010 στὸλων,καὶ
2513 1942 2621 1993 τῶν
2677 1936 2990 2014 μαρτύρων,
3023 1937 3113 1993 καὶ
3162 1935 3383 1992 πάντων
3435 1936 3611 2011 ἁγίων
3660 1956 3782 1996 σου.

429 2148 503 2201 At
532 2143 802 2217 pluribus
826 2142 985 2199 idem
1012 2142 1373 2199 Athanasius
1402 2141 1463 2197 in
1495 2159 1613 2198 una
1636 2159 1706 2199 ex
1733 2142 1999 2215 epistolis
2029 2161 2063 2200 a
2092 2145 2263 2202 nobis
2296 2163 2478 2219 supra
2507 2145 2812 2204 recensitis
2843 2160 3083 2202 causam
3097 2142 3491 2201 abdicationis
3506 2142 3686 2215 primi
3713 2158 3780 2200 ac

364 2233 610 2291 secundi
641 2231 1076 2306 patriarchatus
1096 2230 1334 2303 exponit
1366 2249 1379 2299 ;
1412 2247 1588 2303 quam
1613 2231 1853 2303 quidem
1875 2233 2183 2306 epistolam
2215 2234 2310 2291 hic
2339 2235 2629 2310 integram
2654 2251 2790 2293 cum
2820 2242 3027 2291 nostra
3045 2231 3593 2291 versioneexhibere
3613 2230 3781 2290 libet.

432 2358 681 2431 Epistola
726 2355 991 2442 quomodo
1046 2357 1096 2411 el
1152 2372 1323 2483 gnere
1345 2429 1353 2438 _
1377 2357 1563 2427 prima
1616 2365 1668 2439 et
1696 2356 1941 2414 secunda

673 2428 1084 2483 natriarchatus
1113 2444 1147 2483 a
1184 2427 1384 2483 dwatzo
1416 2427 1569 2483 facta
1596 2432 1691 2483 ut.

670 2427 1084 2501 pdtriarchatus
1113 2427 1384 2484 abdicatio
1412 2427 1569 2501 facta
1596 2430 1691 2485 sit.

431 2596 575 2647 Cum
602 2588 819 2647 Christi
849 2587 1168 2645 Ecclesiam
1201 2586 1458 2659 primum
1503 2588 1891 2660 quadriennio
1922 2604 2010 2644 re-

362 2680 582 2746 ximus,
615 2696 647 2735 o
678 2678 854 2735 homo
884 2677 1008 2743 Dei,
1040 2677 1279 2751 quando
1311 2693 1378 2732 ea
1407 2676 1478 2733 de
1510 2693 1570 2733 re
1603 2694 1713 2733 nos
1765 2678 2013 2733 interro-

362 2771 535 2842 gasti,
586 2786 702 2841 quo
753 2773 1016 2840 tempore
1064 2771 1303 2822 sanctus
1350 2782 1519 2822 meus
1589 2766 1907 2837 imperator
1953 2766 2014 2824 in

366 2860 572 2934 regina
599 2858 837 2914 urbium
870 2874 986 2912 non
1019 2857 1379 2928 morabatur,
1416 2856 1518 2911 sed
1548 2855 1608 2911 in
1657 2856 1893 2913 Oriente
1924 2873 2017 2911 ur-

371 2954 545 3023 gente
576 2947 726 3004 bello
757 2947 1023 3019 degebat,
1057 2945 1212 3018 quod
1248 2946 1398 3001 Deus
1449 2944 1898 3018 castigationem
1920 2962 2017 3001 or-

370 3038 642 3095 thodoxis
674 3036 747 3092 ob
777 3037 1178 3105 contemptum
1208 3032 1675 3106 evangelicorum
1708 3037 2020 3105 praecepto-

374 3143 506 3183 rum
537 3130 595 3181 et
623 3122 955 3180 divinarum
1012 3122 1209 3195 legum
1270 3121 1619 3178 immisisset
1646 3141 1668 3177 :
1697 3123 2017 3178 immanem

372 3215 535 3272 illam
562 3213 834 3270 videlicet
864 3210 1254 3267 Barbarorum
1306 3209 1696 3282 irruptionem
1734 3215 1793 3265 et
1830 3209 2014 3282 impe-
2050 3222 2093 3289 ρ

368 3310 521 3372 tum;
554 3303 711 3359 unde
741 3319 857 3358 non
890 3301 1092 3356 aderat
1116 3300 1369 3372 quitunc
1389 3298 1449 3354 in
1471 3299 1777 3372 dirigenda
1800 3298 2015 3355 Christi

368 3393 706 3450 haereditate
737 3391 808 3446 ad
838 3388 1201 3462 evangelicae
1246 3393 1304 3444 et
1358 3386 1573 3460 legales
1616 3404 1787 3444 voces
1835 3394 1893 3443 et
1943 3388 2015 3444 ad

366 3499 608 3557 pascua,
641 3480 788 3536 mihi
818 3478 1324 3551 patrocinaretur;
1359 3481 1618 3533 attamen
1666 3476 1855 3549 gratia
1884 3475 2015 3533 Sal-

363 3570 582 3628 vatoris
616 3569 998 3642 meijuvante
1049 3567 1121 3623 ad
1168 3566 1267 3623 Dei
1316 3566 1592 3640 placitum
1646 3584 1749 3639 pro
1790 3566 2015 3639 judicio

364 3666 424 3717 et
454 3659 732 3717 facultate
780 3675 913 3714 mea
957 3656 1226 3714 subditos
1285 3654 1637 3728 compellere
1668 3673 1784 3712 non
1817 3657 2016 3729 segnis

364 3767 524 3807 eram
562 3769 576 3818 ;
610 3748 792 3805 laicos
836 3747 1129 3817 videlicet,
1190 3746 1541 3817 sacerdotes,
1602 3745 1908 3818 episcopos
1959 3751 2017 3802 et

364 3837 687 3896 monachos
720 3855 734 3907 ;
768 3842 947 3910 atque
972 3834 1418 3892 adversantibus
1449 3834 1709 3906 undique
1740 3834 2013 3907 plurimis

364 3932 423 3985 et
451 3927 601 3984 clam
636 3926 985 4001 publiceque
1014 3924 1457 3994 insidiantibus,
1492 3940 1559 3980 ac
1593 3923 1861 3979 Saianica
1888 3940 2012 3980 ma-

362 4017 491 4074 litia
521 4015 896 4074 ofﬂendicula
927 4014 1073 4071 mihi
1102 4013 1161 4069 in
1196 4014 1289 4069 via
1318 4012 2017 4085 parantibus,sermones-

364 4124 480 4181 que
510 4105 730 4163 multos
769 4106 1005 4179 iniquos
1050 4105 1361 4161 adversum
1412 4118 1505 4157 me
1556 4101 2011 4175 configentibus,

362 4213 482 4252 una
511 4197 571 4252 in
604 4200 785 4252 Deum
817 4211 921 4267 spe
949 4194 1195 4266 ejusque
1251 4191 1375 4249 solo
1402 4190 1724 4263 patrocinio
1760 4191 2014 4261 juvabar

360 4290 706 4359 exspectans
737 4301 879 4340 num
933 4282 1155 4338 inimici
1216 4282 1329 4337 mei
1388 4281 1751 4359 poenitentia,
1803 4280 2013 4337 timore

360 4373 464 4431 Dei
523 4391 590 4431 ac
644 4372 889 4429 veritate
948 4372 1341 4438 ﬂecterentur,
1402 4386 1468 4425 ac
1520 4358 1695 4424 finem
1755 4368 2012 4425 facerent

360 4464 805 4521 mendaciorum
836 4467 891 4518 et
923 4458 1379 4524 calumniarum,
1412 4475 1561 4530 quas
1593 4457 1881 4514 mendacii
1914 4475 2011 4530 pa-

357 4558 447 4609 ter
474 4553 534 4608 in
566 4552 877 4608 animabus
936 4566 1140 4606 eorum
1184 4547 1559 4621 inspergebat
1592 4565 1605 4603 :
1641 4550 2010 4620 maximeque

358 4643 406 4699 si
442 4642 887 4715 potentissimus
921 4640 1235 4711 imperator
1264 4653 1430 4693 meus
1454 4636 1524 4691 ad
1570 4635 2007 4709 imperatoriam

356 4732 560 4788 urbem
595 4731 768 4787 citius
800 4730 1120 4796 accederet,
1153 4728 1369 4798 hicque
1399 4743 1468 4781 ex
1512 4726 1710 4781 studio
1752 4725 2011 4782 veritatis

354 4827 412 4877 et
432 4821 678 4892 justitiae
711 4821 1041 4876 secundum
1073 4818 1257 4873 Deum
1290 4831 1535 4871 examen
1559 4814 1877 4869 haberetur
1900 4815 2010 4881 ;ita

353 4915 420 4965 ut
465 4909 844 4983 imperatoria
897 4912 1201 4981 permotus
1252 4903 1567 4978 prudentia
1632 4919 1746 4958 non
1794 4902 2009 4975 impios

352 5000 638 5070 perderet,
674 5000 773 5055 sed
805 4998 997 5055 solum
1029 4997 1226 5053 omnia
1274 4993 1427 5049 labia
1473 4991 1675 5062 dolosa
1723 4992 2001 5061 frenaret,

352 5089 471 5143 imo
503 5088 679 5143 etiam
712 5092 771 5143 ut
805 5105 872 5143 ea
902 5104 1030 5159 quae
1061 5103 1128 5142 ex
1151 5082 1441 5140 diabolica
1465 5082 1841 5154 suggestione
1863 5098 2008 5138 vane

349 5176 763 5250 vulgabantur,
797 5177 966 5249 quasi
1017 5177 1086 5230 ab
1109 5176 1242 5247 igne
1263 5170 1620 5228 animalcula
1668 5171 1821 5226 alata
1867 5187 2004 5226 con-

351 5270 749 5323 sumerentur:
783 5284 848 5321 ac
882 5283 996 5320 non
1029 5264 1220 5320 solum
1246 5261 1669 5334 praeteritorum
1686 5259 2004 5315 vindictam

348 5354 564 5411 faceret
598 5371 611 5409 :
646 5355 748 5409 sed
781 5356 959 5410 etiam
994 5353 1340 5426 perfectum,
1367 5349 1673 5406 assiduum
1706 5353 1764 5405 et
1792 5350 2001 5405 immo-

347 5442 462 5499 bile
488 5443 881 5516 patrocinium
913 5445 1196 5515 preeberet
1227 5458 1331 5513 pro
1365 5438 1585 5494 futuris
1642 5437 1954 5494 eventibus
1987 5455 1999 5495 :

344 5549 412 5589 ac
443 5532 683 5589 omnino
713 5532 1079 5588 conﬁdebam
1097 5548 1189 5587 me
1205 5532 1277 5587 ad
1296 5529 1401 5586 Dei
1423 5527 1708 5601 placitum
1731 5531 2000 5585 acturum

412 5639 492 5794 (1)
523 5639 859 5727 Legendum
889 5638 1040 5712 ὑμῖν.

433 5710 469 5766 2
519 5711 606 5767 An
636 5711 800 5786 ἡμεις
832 5709 1040 5793 ὀφείλοι

519 5709 672 5782 Αῐίὴ
682 5714 800 5786 μεῖς
832 5709 1147 5793 ὀφείλομεν.

2282 2380 2377 2432 μα,
2424 2360 2549 2434 περὶ
2603 2363 2701 2414 τοῦ
2756 2362 2874 2434 πῶς
2943 2357 3033 2413 καὶ
3088 2354 3255 2434 ’διατίλ
3288 2356 3356 2434 τᾲ
3419 2358 3528 2434 τῷν
3586 2371 3784 2434 παραι-

2121 2359 2377 2484 ΓράΊμμα,
2424 2360 2549 2434 περὶ
2603 2363 2701 2414 τοῦ
2756 2362 2874 2420 πῶς
2943 2359 3033 2413 ml
3096 2359 3240 2413 διατί
3288 2359 3356 2411 τὰ
3419 2359 3528 2410 τῶν
3586 2374 3662 2409 πα
3699 2374 3779 2409 αι·

2189 2451 2219 2485 τ
2245 2451 2424 2501 ,σεων,
2489 2438 2590 2501 τῆς
2666 2430 2891 2507 πρώτης
2958 2428 3105 2508 φημὶ
3169 2427 3259 2484 καὶ
3321 2425 3593 2503 δευτέρας,
3663 2371 3779 2501 ἓγέ-

2190 2523 2371 2559 νοντο.

2193 2641 2305 2706 Τῆς
2367 2640 2601 2713 Χριστοῦ
2681 2633 3008 2706 Ἐκκλησίας
3072 2634 3136 2689 τὸ
3199 2636 3418 2710 πρῶτον
3483 2629 3572 2688 ἐπὶ
3642 2630 3782 2707 μόνῃ

2121 2725 2400 2798 τετραετίᾳ
2452 2725 2760 2802 γενόμενοι,
2819 2724 3068 2800 ἄνθρωπε
3118 2726 3219 2778 τοῦ
3288 2725 3445 2792 Θεοῦ,
3504 2719 3780 2797 ἐγκρατεῖς

2126 2814 2201 2876 ὡς
2255 2815 2562 2891 ἠρώτησας,
2610 2819 2707 2870 τοῦ
2752 2812 2906 2890 ἁγίου
2959 2833 3063 2885 μου
3111 2809 3512 2886 αὐτοκράτορος
3553 2809 3630 2883 μὴ
3693 2808 3783 2865 ἐν-

2127 2899 2437 2976 δημοῦντος
2484 2908 2563 2976 τῷ
2608 2902 2732 2958 τότε
2777 2906 2847 2977 τῇ
2902 2897 3144 2977 βασιλίδι
3192 2904 3302 2955 τῶν
3362 2896 3603 2954 πόλεων·
3635 2894 3785 2953 ἀλλὰ

2127 2991 2252 3068 περὶ
2292 2993 2393 3062 τὴν
2423 2996 2538 3047 Ἕω
2583 2993 2681 3055 τὰς
2730 2985 3009 3068 διατριϐὰς
3066 2989 3385 3062 ποιουμένῳ
3440 2984 3782 3063 ἐκστρατείας

2126 3079 2549 3157 κατεπειγούσης
2630 3078 2804 3136 ἕνεκεν
2876 3086 2980 3149 τῆς
3085 3076 3452 3146 ἀπολυθείσης
3534 3072 3785 3139 παιδείας

2130 3169 2237 3224 ἀπὸ
2304 3174 2438 3225 Θεοῦ
2521 3164 2830 3247 ὀρθοδόξοις
2888 3166 2958 3223 δι’
3013 3167 3266 3239 ἀθέτησιν
3343 3165 3780 3244 προσταγμάτων

2131 3258 2495 3335 εὐαγγελικῶν
2564 3260 2655 3315 καὶ
2734 3258 2900 3335 ἁγίων
2982 3256 3189 3331 νόμων,
3237 3258 3337 3326 τῆς
3413 3254 3781 3311 ἀνυποστάτου

2127 3349 2272 3426 φημὶ
2335 3344 2674 3426 βαρϐαρικῆς
2739 3345 3015 3424 ἐκδρομῆς
3080 3347 3171 3402 καὶ
3244 3346 3533 3416 κινήσεως.
3594 3345 3783 3408 Ἔνθεν

2131 3440 2207 3514 μὴ
2238 3436 2382 3517 ἔχων
2412 3439 2505 3494 τὸν
2549 3432 3089 3512 ἀντιλαμϐανόμενον
3141 3435 3220 3499 εἰς
3269 3434 3334 3490 τὸ
3381 3434 3480 3504 τήν
3533 3432 3778 3508 κληρου-

2127 3531 2251 3607 χίαν
2312 3529 2507 3585 ῒθύνειν
2578 3534 2812 3605 Χριστοῦ
2886 3528 3026 3605 πρὸς
3098 3528 3195 3589 τὰς
3276 3521 3631 3602 εύαγγελικὰς
3686 3522 3781 3579 καὶ

2125 3620 2397 3693 νομίμους
2441 3618 2622 3697 φωνὰς
2664 3618 2754 3673 καὶ
2800 3616 2997 3692 νομὰς,
3052 3615 3207 3690 ὅμως
3266 3615 3340 3677 ὡς
3398 3611 3620 3670 δυνατόν
3683 3632 3778 3687 μοι

2125 3707 2303 3787 δωρεᾷ
2331 3709 2422 3764 καὶ
2450 3709 2639 3785 χάριτι
2678 3711 2776 3763 τοῦ
2823 3705 3083 3783 Σωτῆρός
3135 3726 3240 3779 μου
3287 3704 3428 3780 πρὸς
3468 3703 3535 3759 τὸ
3584 3699 3777 3758 δοκοῦν

2129 3821 2221 3874 μοι
2284 3799 2564 3875 θεάρεστον
2641 3795 3060 3873 καταναγκάζειν
3121 3794 3185 3850 οὐ
3239 3793 3599 3869 κατενάρκουν
3660 3790 3781 3848 λαϊ-

2122 3888 2276 3960 κοὺς,
2343 3889 2508 3963 ἱερεῖς
2576 3887 2667 3942 καὶ
2745 3886 3048 3964 ἀρχιερεῖς,
3123 3883 3214 3939 καὶ
3296 3883 3617 3957 μονάζοντα,
3687 3881 3779 3936 ml

2121 3984 2289 4037 ταῦτα
2372 3976 2807 4052 πληθυνομένων
2893 3975 3148 4032 ἑκάστοτε
3208 3977 3315 4029 τῶν
3392 3971 3779 4045 ἀντικειμένων

2126 4091 2244 4145 μοι,
2295 4069 2387 4124 καὶ
2459 4064 2843 4143 ἐνεδρευόντων
2917 4066 3136 4143 ἀφανῶς
3208 4083 3268 4118 τε
3320 4062 3412 4118 καὶ
3462 4063 3777 4139 προφανῶς,

2120 4160 2373 4215 τιθέντων
2460 4178 2551 4231 μοι
2610 4152 2884 4211 σκάνδαλα
2938 4153 3181 4231 ἐχόμενα
3233 4146 3456 4229 τρίϐους
3510 4146 3780 4224 σκαιωρίᾳ

2102 4250 2404 4321 οσατανικῇ,
2435 4244 2526 4301 καὶ
2557 4240 2759 4320 λόγους
2798 4243 2884 4299 ὅτι
2931 4239 3214 4305 πουλλους
3260 4239 3613 4315 παρανόμους
3659 4238 3780 4293 κατ’

2122 4338 2263 4411 ἐμοῦ
2307 4334 2714 4403 τεκταινόντων,
2765 4337 2865 4408 μιᾷ
2908 4332 2999 4388 καὶ
3048 4332 3187 4407 μόνῃ
3231 4335 3301 4404 τῇ
3351 4329 3440 4386 ἐπὶ
3503 4328 3597 4385 τὸν
3644 4324 3777 4384 Θεδν

2120 4426 2426 4504 ἐτρεφόμην
2475 4421 2657 4480 ἐλπίδι
2705 4423 2796 4479 καὶ
2846 4420 3152 4496 ἀντιλήῴεν
3204 4421 3281 4483 ὡς
3328 4418 3388 4475 ἃν
3450 4422 3571 4482 τοῖς
3633 4416 3780 4504 ἀνθι-

2120 4500 2406 4590 σταμένοις
2473 4517 2655 4576 κακῶς
2731 4510 3062 4587 μεταμέλεια
3116 4510 3418 4584 ἐπικάμψῃ,
3456 4508 3550 4564 ml
3602 4500 3777 4585 φόϐος

2042 4593 2085 4657 [)
2118 4610 2252 4662 Θεοῦ
2325 4604 2414 4660 καὶ
2488 4602 2720 4674 ἀλήθεια
2795 4602 3168 4675 παυσαμένους
3242 4595 3620 4673 ψευδολογιῶν
3677 4593 3771 4652 ml

2121 4690 2419 4767 διαϐολῶν,
2453 4693 2526 4747 ὧν
2561 4692 2589 4746 ὁ
2634 4696 2736 4747 τοῦ
2789 4688 3019 4765 ψεύδους
3064 4689 3245 4761 πατὴρ
3292 4692 3413 4750 ταῖς
3461 4685 3637 4741 αύτῶν
3685 4687 3773 4740 έν-

2119 4783 2326 4860 σπείρει
2383 4785 2607 4857 ψυχαῖς
2669 4779 2759 4835 καὶ
2824 4777 3041 4854 μᾶλλον
3096 4779 3144 4833 εἴ
3193 4776 3285 4833 καὶ
3315 4777 3344 4833 6
3371 4774 3629 4851 κραταιὸς
3678 4772 3774 4829 αὖ·

2115 4874 2400 4950 τοκράτωρ
2473 4890 2577 4943 μου
2650 4869 2789 4945 πρὸς
2843 4870 2945 4937 τήν
3029 4866 3416 4944 βασιλεύουσαν
3498 4861 3773 4935 ἀναζεύξει

2115 4961 2439 5039 ταχύτερον,
2495 4958 2776 5014 κάντεῦθεν
2848 4956 3137 5031 ἐξετασμὸς
3187 4954 3501 5034 φιλαλήθης
3549 4952 3640 5007 ml
3688 4972 3774 5030 φια-

2117 5050 2394 5111 λοδίκαιος
2450 5047 2540 5104 καὶ
2598 5046 2878 5126 φιλόθεος,
2923 5046 3014 5102 καὶ
3064 5050 3234 5101 ταῦτα
3287 5044 3425 5122 πρὸς
3488 5039 3771 5120 βασιλείου

2115 5146 2402 5217 περιωπῆς
2452 5136 2834 5214 ἐκφερόμενος,
2880 5134 2981 5191 οὐκ
3027 5130 3238 5197 ἀσεϐεῖς
3289 5131 3468 5189 ὀλέσει
3516 5130 3608 5187 ml
3670 5128 3771 5203 μό-

2113 5252 2203 5286 νον
2262 5228 2352 5285 καὶ
2409 5226 2586 5282 πάντα
2638 5226 2707 5281 τὰ
2763 5223 2933 5301 χείλη
2990 5225 3059 5280 τὰ
3114 5222 3274 5279 δόλια
3328 5222 3767 5302 φιμωθήσονται,

2116 5319 2261 5376 ἀλλὰ
2318 5318 2407 5374 ml
2464 5317 2531 5371 τὰ
2586 5311 2971 5392 θρυλλούμενα
3026 5316 3147 5389 (sic)
3181 5311 3356 5387 μάτην
3411 5305 3769 5384 δαιμονιώδει

2114 5404 2388 5483 ὑποϐολῇ,
2423 5407 2498 5468 ὡς
2531 5404 2638 5461 ἀπὸ
2680 5405 2852 5476 πυρὸς
2903 5403 3111 5482 ζωύφια
3158 5402 3409 5479 πτερωτὰ
3463 5398 3772 5479 φλογισθή-

2111 5519 2312 5556 σονται.
2345 5495 2445 5552 Καὶ
2490 5496 2590 5565 τήν
2642 5491 2915 5564 ἐκδίκησιν
2967 5492 3029 5549 οὐ
3082 5491 3246 5568 μόνον
3289 5495 3399 5547 τῶν
3444 5484 3770 5567 παρεληλυ-

2179 5636 2256 5712 (3)
2287 5635 2457 5692 Forte
2487 5628 2885 5708 ἀποζευχθείην
2917 5628 3006 5687 vel
3038 5623 3538 5705 ἀποζευχθείημεν.
