4132 6416
334 513 449 581 ιθπ

1866 507 2295 573 EPISTOLIE.

3631 512 3753 574 498

337 645 505 711 θότων
563 641 786 717 ἐκεῖθεν,
842 639 992 700 ἀλλὰ
1042 642 1133 701 καὶ
1186 642 1285 714 τήν
1363 641 1656 718 ἀντίληψιν
1726 642 1862 720 πρὸς
1920 644 1987 697 τὰ

2100 659 2167 699 ac
2196 642 2430 699 divitias
2456 643 2885 701 cumulatorem
2917 641 3064 699 mihi
3103 647 3161 701 ct
3194 642 3530 718 disciplina
3576 662 3750 702 evan-

333 734 520 813 πρόσω
572 733 766 804 ἐντελῆ
826 734 917 789 καὶ
976 730 1200 804 διηνεκῆ
1280 732 1371 789 καὶ
1444 729 1792 810 ἀκράδαντον,
1852 731 1987 807 πρὸς

335 822 468 882 ἅπαν
524 822 811 901 ἐθάρρουν,
841 822 932 879 καὶ
994 822 1260 900 ἐγχειρεῖν
1319 823 1410 878 καὶ
1467 819 1859 878 καταπλουτεῖν
1921 842 1989 894 με

335 912 637 989 θεάρεστον.
668 911 769 967 Καὶ
824 913 922 981 τὴν
977 914 1293 988 μογήσασαν
1354 912 1461 988 πρὸ
1536 909 1752 968 πολλοῦ
1831 911 1987 986 εὐαγ-

334 1002 558 1080 γελικὴν
585 1002 676 1058 καὶ
718 1003 1011 1072 κανονικήν
1059 1005 1169 1057 τῶν
1222 999 1479 1075 νομίμων
1532 1000 1699 1077 ἁγίων
1749 1002 1986 1074 θεσμῶν,

336 1090 549 1154 λαϊκοῖς
603 1090 694 1146 καὶ
757 1091 1053 1164 μονάζουσι
1109 1090 1202 1145 καὶ
1231 1090 1391 1145 παντὶ
1420 1094 1500 1162 τῷ
1526 1097 1629 1159 τῆς
1660 1088 1986 1159 Έκκλησίας

336 1180 691 1256 πληρώματι·
726 1178 777 1253 ἐξ
838 1180 910 1233 ὧν
971 1178 1047 1242 είς
1101 1177 1511 1255 αἰχμαλωσίαν,
1562 1178 1638 1240 ὡς
1694 1174 1847 1255 ἔφην,
1897 1178 1987 1233 καὶ

337 1264 487 1345 ὕϐριν
547 1270 798 1344 ψυχικὴν
857 1268 947 1323 καὶ
1000 1268 1317 1341 σωματικὴν
1372 1267 1570 1340 ζημίαν
1618 1265 1986 1341 ὁτ.εριούσιος

336 1354 550 1429 ἐξεδόθη
607 1355 762 1421 λαός.
818 1359 914 1412 Ὧν
975 1356 1341 1432 ἀλλοτρόπως
1417 1356 1675 1433 ῥυσθῆναι
1730 1355 1820 1412 καὶ
1885 1362 1986 1425 τῆς

332 1446 457 1523 πρὶν
495 1445 775 1523 εὐτυχίας,
807 1444 883 1509 ὡς
942 1443 1033 1501 ὅτε
1086 1442 1320 1522 ηίὶγαζεν
1365 1447 1394 1501 ὁ
1452 1444 1657 1521 λύχνος
1713 1448 1810 1500 τοῦ
1850 1448 1987 1500 Θεοῦ

328 1535 414 1593 ἐπὶ
469 1532 714 1614 κεφαλὴν
754 1538 854 1605 τῆς
905 1539 1014 1591 τῶν
1074 1538 1281 1591 πιστῶν
1313 1532 1677 1611 κληρουχίας,
1706 1533 1987 1608 ἐξυψωθῆ-

329 1645 413 1683 ναι
469 1624 561 1680 καὶ
617 1622 957 1701 εὐημερῆσαι
1033 1624 1124 1681 καὶ
1196 1630 1558 1700 κρατυνθῆναι
1617 1622 1687 1678 δι’
1747 1621 1986 1684 ἐπινοίας

330 1714 417 1771 καὶ
480 1712 883 1791 ἐπιχειρήσεως
927 1712 1277 1789 ἀνθρωπίνης
1325 1712 1585 1775 παντοίας
1633 1709 1889 1767 ἀδύνατον
1941 1710 1988 1764 εἴ

334 1804 410 1878 μὴ
469 1799 561 1859 διά
621 1802 908 1877 μετανοίας
962 1800 1296 1879 εἰλικρινοῦς
1350 1802 1439 1857 καὶ
1513 1801 1798 1857 ἀνοθεύτου
1867 1798 1985 1854 ἐπι-

332 1899 574 1971 στροφῆς
648 1892 786 1968 πρὸς
865 1892 1018 1963 Θεὸν,
1080 1891 1170 1947 καὶ
1236 1892 1618 1966 συντηρήσεως
1662 1894 1769 1946 τῶν
1828 1889 1984 1945 θείων

2098 732 2293 807 εοιίοεε
2316 732 2726 805 canonicmque
2751 735 3116 806 quajamdiu
3140 733 3394 790 multum
3422 733 3746 803 laborabat,

2098 839 2324 879 necnon
2354 823 2542 891 laicis,
2578 823 2884 879 monachis
2931 827 2989 880 et
3037 823 3143 879 toti
3191 824 3460 880 Ecclesiae
3494 824 3746 897 plenitu-

2098 911 2218 967 dini
2254 930 2267 968 :
2301 928 2370 967 ex
2399 928 2515 983 quo
2546 911 2800 984 populus
2828 911 3159 984 peculiaris,
3193 916 3260 968 ut
3288 912 3430 979 dixi,
3462 913 3523 968 in
3564 913 3747 985 capti-

2096 1001 2355 1068 vitatem,
2413 1000 2473 1056 in
2546 1002 2756 1057 animae
2824 1001 3265 1068 contumeliam,
3333 1007 3390 1058 et
3444 1002 3748 1075 corporale

2098 1091 2383 1146 damnum
2412 1090 2712 1147 traditus:
2773 1091 2873 1162 qui
2929 1090 3041 1147 alio
3093 1092 3266 1148 modo
3313 1091 3542 1161 redimi,
3574 1096 3633 1148 et
3686 1092 3747 1148 in

2098 1180 2350 1253 primam
2400 1179 2760 1247 felicitatem,
2794 1196 2971 1251 quam
3021 1180 3277 1237 habebat
3326 1197 3461 1236 cum
3507 1180 3750 1237 lucerna

2099 1270 2202 1326 Dei
2230 1269 2448 1326 luceret
2475 1286 2659 1340 supra
2687 1274 2862 1341 caput
2893 1268 3251 1326 hereditatis
3272 1269 3555 1340 ﬁdelium,
3580 1270 3748 1327 resti-

2098 1358 2207 1426 tui,
2239 1358 2383 1432 erigi
2411 1363 2468 1414 et
2505 1359 2821 1415 eonlortari
2870 1375 2985 1415 non
3035 1363 3280 1429 poterat,
3314 1358 3428 1415 nisi
3478 1377 3581 1432 per
3625 1360 3747 1416 sin-

2098 1463 2289 1504 ceram
2349 1447 2771 1521 pcenitentiam,
2815 1452 2873 1504 et
2922 1465 3131 1520 puram
3184 1447 3625 1505 conversionem
3672 1449 3747 1505 ad

2102 1542 2311 1607 Deum,
2347 1553 2414 1593 ac
2444 1553 2546 1608 per
2574 1537 3041 1595 observationem
3097 1536 3430 1594 divinorum
3489 1538 3748 1611 Evange—

2096 1627 2311 1683 liorum
2341 1632 2399 1682 et
2428 1625 2625 1699 legum
2656 1643 2670 1682 :
2725 1644 2841 1698 qua
2870 1627 3093 1682 ratione
3144 1644 3178 1681 a
3222 1626 3419 1683 divina
3448 1627 3752 1699 Scriptura

2098 1717 2452 1790 exprobatur
2499 1715 2688 1772 nobis.
2721 1739 2749 1766 ‹‹
2806 1716 2944 1787 Ipsi,
2978 1717 3080 1783 ait,
3132 1733 3249 1772 non
3297 1720 3751 1789 permanserunt

2098 1792 2157 1861 in
2187 1809 2541 1862 testamento
2572 1822 2723 1874 meo,
2754 1810 2813 1860 et
2840 1822 2944 1878 ego
2977 1805 3203 1877 neglexi
3232 1822 3353 1873 eos,
3386 1805 3531 1861 dicit
3559 1806 3751 1862 Domi-

2099 1912 2251 1963 nus;
2284 1917 2313 1945 »
2355 1900 2458 1951 et:
2501 1917 2529 1945 ‹‹
2564 1893 2820 1967 Populus
2876 1911 3191 1951 conversus
3245 1911 3361 1951 non
3415 1899 3507 1952 est
3562 1894 3747 1951 donec

331 1980 681 2058 Εὖαγγελίων
730 1980 823 2037 καὶ
876 1979 1080 2054 νόμων,
1131 1981 1209 2043 ὡς
1268 1976 1834 2078 ὀνειδιζόμεθαΜπρὸς
1889 1982 1987 2078 τῆς

2100 1988 2502 2057 percuteretur
2535 2002 2550 2052 ;
2582 2005 2611 2034 ››
2642 1989 2701 2040 et
2733 2001 2746 2039 :
2785 2006 2812 2033 ι‹
2845 1984 2903 2040 Si
2954 1983 3208 2056 populus
3259 2000 3428 2040 meus
3484 1983 3749 2041 audisset

332 2070 478 2134 θείας
525 2072 764 2149 Γραφῆς.
819 2095 848 2123 ‹‹
900 2069 1089 2141 Αὐτοὶ,
1141 2095 1169 2123 ››
1215 2070 1403 2149 φησὶν,
1438 2093 1466 2121 ‹‹
1505 2068 1609 2124 οὐκ
1658 2065 1869 2142 ἔμειναν
1932 2067 1984 2123 ἐν

328 2163 396 2235 τῇ
448 2155 683 2235 διαθήκῃ
731 2179 860 2234 μου,
904 2159 1062 2235 κάγὼ
1108 2156 1367 2232 ἠμέλησα
1414 2157 1613 2230 αὐτῶν,
1665 2155 1811 2233 λέγει
1879 2156 1984 2212 Κύ-

330 2269 465 2325 ριος.
526 2249 629 2305 Καὶ
686 2249 715 2303 ὁ
774 2247 907 2312 λαὸς
962 2247 1063 2303 ούκ
1118 2248 1430 2326 ἀπεστράφη
1490 2244 1597 2310 ἕως
1654 2246 1891 2323 ἐπλήγη.
1955 2272 1983 2300 ››

331 2338 451 2408 Καὶ,
488 2361 516 2391 ‹‹
545 2337 610 2395 El
661 2338 690 2392 ὁ
739 2334 874 2400 λαός
924 2358 1029 2411 μου
1072 2335 1276 2407 ¹ἤκουσέ
1328 2358 1454 2417 μου,
1503 2342 1622 2399 ταῖς
1669 2334 1820 2399 ὁδοῖς
1880 2357 1986 2410 μου

324 2426 370 2483 εἰ
426 2425 724 2504 ἐπορεύθη,
756 2425 808 2481 ἐν
856 2430 937 2499 τῷ
987 2424 1182 2500 μηδενὶ
1233 2427 1292 2481 ἂν
1337 2427 1464 2489 τοὺς
1513 2425 1749 2503 ἐχθροὺς
1804 2426 1982 2482 αὐτῶν

326 2514 680 2574 ἐταπείνωσα.
715 2540 744 2569 »δ
780 2515 901 2588 Καὶ,
938 2539 965 2566 ‹‹
998 2516 1397 2594 Ἐπιστράφητε
1425 2515 1562 2593 πρὸς
1608 2516 1697 2588 μὲ,
1728 2516 1817 2570 καὶ
1865 2513 1984 2571 ἐπι-

320 2606 712 2684 πραφήσομαι
758 2603 898 2681 πρὸς
950 2604 1116 2678 ὑμᾶς.
1170 2629 1199 2657 ››
1258 2605 1380 2678 Καὶ,
1417 2629 1445 2657 ‹‹
1494 2606 1584 2674 Mi)
1635 2604 1829 2681 ῥητίνη
1888 2603 1989 2659 οὐκ

324 2689 467 2753 ἔστιν
520 2692 574 2748 ἐν
617 2690 857 2765 Γαλαὰδ,
908 2693 1093 2770 ἱατρὸς
1148 2692 1250 2749 ούκ
1292 2691 1434 2749 ἔστιν
1484 2692 1632 2764 ἐκεῖ;
1678 2691 1830 2749 Διατί
1890 2692 1988 2748 οὐκ

318 2777 492 2854 ἀνέϐη
550 2779 696 2845 ἴασις
738 2783 1010 2859 θυγατρὸς
1060 2781 1196 2839 λαοῦ
1248 2802 1389 2857 μου;
1426 2782 1576 2838 »καὶ
1621 2782 1719 2838 ὅσα
1763 2787 1986 2838 τοιαῦτα

322 2871 573 2942 θεσπίζει
628 2871 692 2927 τὸ
749 2875 971 2944 Πνεῦμα
1026 2868 1088 2925 τὸ
1140 2872 1295 2947 ἅγιον
1354 2871 1430 2934 εἷς
1499 2872 1822 2945 ἐξυπνισμὸν
1894 2871 1984 2926 καὶ

323 2960 612 3035 ποιμένων
666 2961 757 3016 καὶ
812 2961 1109 3034 ποιμνίων,
1167 2961 1259 3017 καὶ
1335 2958 1566 3031 ἀπειλὴν
1642 2981 1983 3039 καταφρονη-

322 3054 455 3111 35w.
489 3048 653 3112 Τίνος
709 3050 814 3126 γὰρ
865 3046 1064 3122 ἕνεκεν,
1123 3048 1250 3106 ἀλλ’
1310 3048 1373 3105 οὐ
1418 3050 1517 3118 τὴν
1578 3047 1838 3128 φροντίδα
1882 3057 1983 3120 τῆς

327 3139 665 3210 Ἑκκλησίας
722 3143 958 3214 Χριστοῦ
1011 3139 1103 3195 καὶ
1154 3138 1313 3201 αὐτὸς
1369 3136 1750 3214 ἀναδέδεγμαι,
1800 3138 1845 3194 εί
1906 3140 1980 3212 μὴ

314 3229 383 3287 τὰ
426 3232 662 3286 τοιαῦτα
704 3227 795 3285 καὶ
839 3233 1054 3306 φρονεῖν
1101 3227 1191 3283 καὶ
1246 3225 1512 3283 διδάσκειν
1544 3227 1633 3283 καὶ
1668 3228 1801 3304 ὑπὲρ
1857 3227 1984 3283 τούο

312 3338 422 3375 των
469 3313 939 3394 προκινδυνεύειν,
974 3316 1065 3372 καὶ
1114 3316 1192 3380 ὡς
1239 3316 1486 3394 έγένετο;
1519 3314 1694 3375 Ἀλλὰ
1731 3318 1802 3372 τὰ
1846 3322 1982 3393 Χρι-

2098 2091 2211 2144 me,
2244 2074 2293 2129 si
2322 2073 2383 2130 in
2413 2073 2524 2130 viis
2555 2072 2703 2129 meis
2733 2072 3118 2142 ambulasset,
3153 2090 3257 2145 pro
3287 2072 3469 2129 nihilo
3501 2073 3746 2129 forsitan

2094 2162 2367 2219 inimicos
2395 2179 2598 2219 eorum
2629 2161 3068 2230 humiliassem;
3101 2184 3130 2214 »
3162 2166 3256 2218 et:
3296 2162 3746 2218 «Convertimini

2097 2252 2169 2308 ad
2204 2268 2318 2321 me,
2352 2256 2409 2308 et
2442 2255 2746 2307 convertar
2772 2252 2842 2307 ad
2873 2268 3006 2320 vos;
3034 2273 3062 2300 ››
3077 2254 3161 2307 et:
3185 2274 3205 2301 α
3234 2250 3535 2323 Numquid
3557 2251 3752 2308 resina

2098 2346 2189 2398 est
2220 2341 2280 2396 in
2311 2339 2550 2407 Galaad,
2579 2345 2637 2396 et
2667 2340 2932 2396 medicus
2963 2356 3077 2396 non
3130 2344 3221 2396 est
3249 2339 3380 2396 ibi?
3419 2356 3601 2411 quare
3633 2356 3748 2396 non

2098 2430 2364 2487 ascendit
2392 2429 2616 2486 curatio
2649 2429 2780 2485 ﬁliae
2815 2428 3014 2501 populi
3048 2429 3213 2485 mei?
3238 2451 3265 2479 »
3297 2437 3354 2485 et
3381 2446 3753 2502 quiscunque

2096 2518 2323 2576 similia
2352 2518 2608 2591 Spiritus
2640 2523 2880 2574 sanctus
2918 2518 3274 2574 vaticinatur
3305 2518 3377 2573 ad
3408 2517 3750 2574 suscitatio-

2097 2625 2230 2666 nem
2246 2611 2548 2680 pastorum
2570 2613 2628 2664 et
2648 2606 2929 2677 ovium,et
2941 2607 3010 2663 ad
3026 2606 3238 2663 commi
3251 2607 3544 2663 nationem
3559 2606 3748 2678 despi-

2096 2697 2400 2755 cientium.
2436 2700 2560 2764 Qua
2588 2698 2658 2753 de
2689 2713 2869 2752 causa
2897 2696 3053 2752 enim
3088 2696 3355 2752 Ecclesiae
3384 2696 3597 2753 Christi
3637 2712 3745 2753 cu-

2096 2804 2220 2844 ram
2253 2785 2635 2857 susceperim,
2669 2785 2782 2841 nisi
2814 2786 2895 2841 ita
2923 2785 3173 2842 sentiam
3206 2790 3265 2841 et
3292 2786 3533 2842 doceam
3564 2790 3622 2841 et
3640 2802 3744 2859 pro

2094 2875 2169 2933 iis
2206 2874 2516 2948 pericliter,
2552 2875 2706 2946 quod
2756 2874 2985 2943 accidit,
3020 2878 3201 2946 utque
3249 2890 3449 2931 curem
3499 2889 3569 2930 ea
3614 2891 3745 2946 quae

2091 2965 2231 3020 Jesu
2260 2963 2469 3020 Christi
2491 2967 2546 3019 et
2566 2963 2834 3019 Ecclesiae
2864 2964 2994 3034 ejus
3027 2968 3165 3018 sunt
3197 2963 3269 3018 ad
3300 2980 3505 3019 sanam
3532 2963 3739 3020 doctri-

2095 3071 2234 3110 nam
2265 3053 2638 3109 statuendam
2672 3069 2776 3124 pro
2804 3051 3030 3108 viribus
3062 3051 3232 3119 meis,
3264 3069 3378 3125 quo
3408 3052 3540 3125 ipsa
3576 3053 3737 3109 omni

2096 3142 2329 3200 macula
2385 3146 2442 3199 et
2496 3142 2667 3198 sorde
2700 3141 2967 3214 superior
2994 3158 3211 3213 sponso
3261 3159 3368 3198 suo
3410 3146 3468 3198 et
3496 3142 3745 3198 Domino

2095 3237 2392 3305 appareat,
2428 3231 2581 3303 quod
2614 3230 3074 3303 indispensabile
3104 3231 3364 3287 ofﬁcium
3397 3235 3483 3287 est
3511 3231 3750 3304 cujusli-

2098 3322 2197 3378 bet
2228 3320 2482 3394 pastoris
2513 3319 2626 3375 nisi
2659 3320 3058 3376 mercenarius
3087 3320 3185 3375 sit.
3219 3320 3331 3376 Sed
3360 3336 3393 3375 o
3423 3321 3749 3393 inexpecta-

312 3411 443 3463 ποῦ
499 3384 690 3475 ’Ῐησοῦ
735 3406 827 3461 καὶ
869 3384 937 3460 τά
974 3411 1075 3475 τῆς
1129 3384 1479 3477 Ἐκκλησίας⁷
1512 3406 1676 3462 αὐτοῦ
1724 3406 1861 3480 πρὸς
1897 3384 1984 3479 ¹τῇ

2100 3384 2683 3467 ιαωόοΙεωὶῐειεωι
2737 3426 2772 3463 a
2813 3408 3171 3480 quibusdam
3210 3408 3513 3465 inductam
3545 3384 3647 3482 qui
3677 3410 3750 3466 de

314 3494 614 3574 ἇρθοδοξίᾳ
643 3493 767 3552 ὅσον
799 3495 863 3550 τὸ
910 3496 1027 3550 κατ’
1074 3493 1191 3569 ἐμὲ,
1225 3495 1316 3551 καὶ
1366 3492 1582 3572 ῥυτίδος
1633 3495 1723 3550 καὶ
1779 3494 1985 3552 σπίλου

312 3585 524 3649 παντὸς
581 3584 874 3659 ὑπερτέραν
932 3583 1159 3657 ὁρᾶσθαι
1230 3588 1311 3656 τῷ
1370 3583 1588 3663 νυμφίῳ
1661 3583 1830 3654 αὐτῆς
1895 3584 1985 3639 καὶ

319 3673 595 3747 Δεσπότῃ·
656 3673 687 3729 ’ὀ
742 3672 833 3728 καὶ
891 3672 1118 3747 ποιμένι
1192 3673 1374 3742 παντὶ,
1433 3671 1561 3729 ἀλλ’
1619 3673 1682 3728 ού
1733 3675 1989 3747 μισθωτῷ

314 3761 748 3838 ἀναπολόγητον
782 3756 1034 3840 ὄφλημα.
1065 3759 1244 3818 Ἀλλά
1305 3755 1505 3839 βαϐαίί
1560 3762 1986 3836 συμπτωμάτων

312 3857 421 3909 τῶν
480 3851 619 3929 παρ’
650 3848 849 3907 ἐλπίδα
875 3855 1061 3924 τινῶν,
1100 3851 1176 3914 ὡς
1234 3848 1429 3923 ἔοικεν,
1466 3848 1745 3928 ὀρθοδόξῳ
1794 3849 1989 3922 κλήσει

312 3938 766 4016 σεμνυνομένων,
822 3936 994 4009 Χείλη
1055 3936 1114 3994 δὲ
1171 3934 1333 3996 δόλια
1391 3940 1442 3995 ἐν
1503 3938 1700 4017 καρδίᾳ
1752 3936 1988 3996 ἀναϐλύ-

317 4031 529 4101 ζόντων
596 4028 738 4085 κακά
805 4027 897 4083 καὶ
971 4026 1163 4104 πόρῤω
1219 4032 1374 4085 Θεοῦ.
1426 4027 1525 4083 Καὶ
1585 4029 1689 4103 γὰρ
1746 4028 1836 4085 ὅτε
1888 4030 1988 4098 τὴν

316 4118 410 4177 ἐπὶ
466 4121 544 4177 τὰ
596 4117 828 4196 κρείττω
883 4112 1193 4190 μεταϐολὴν
1248 4117 1576 4191 ἐπιλάμψαι,
1608 4113 1697 4173 διὰ
1725 4120 1824 4187 τῆς
1882 4123 1988 4173 τῶν

316 4209 483 4277 θείων
543 4209 762 4283 θεσμῶν
818 4206 1161 4278 ἐκζητήσεως
1208 4207 1298 4262 καὶ
1356 4207 1698 4270 ἀνανεώσεως
1774 4204 1993 4269 εὔελπις

321 4295 482 4372 ἤμην
547 4299 619 4372 τῇ
668 4294 949 4353 ἐπελεύσει
1002 4300 1099 4350 τοῦ
1159 4294 1577 4372 αὐτοκράτορος,
1624 4296 1713 4351 καὶ
1771 4296 1830 4352 ἐκ
1882 4301 1989 4351 τῶν

323 4381 772 4465 συκοφαντωδῶν
827 4382 1237 4462 ἀῤῥητουργιῶν
1294 4385 1634 4454 ἀναπνεῦσαι,
1672 4384 1797 4441 τότε
1856 4385 1993 4459 μᾶλ-

318 4472 424 4533 λον
450 4478 526 4532 τὰ
578 4475 843 4551 θεοστυγῆ
895 4477 1002 4529 τῶν
1064 4468 1338 4530 διαϐολῶν
1396 4473 1821 4548 κεκραταίωνται
1874 4477 1992 4531 καθ’

318 4566 518 4639 ἡμῶν,
580 4562 1001 4641 ἀπορραγέντων
1067 4584 1173 4636 μου
1229 4562 1293 4618 ού
1356 4563 1522 4636 μόνον
1576 4567 1682 4618 τῶν
1742 4561 1990 4643 ἀδελφῶν

316 4656 414 4711 καὶ
472 4651 926 4728 συλλειτουργῶν
983 4649 1073 4707 διὰ
1126 4652 1190 4708 τὸ
1241 4649 1571 4723 ζηλότυπον,
1603 4652 1686 4707 ὅτι
1720 4654 1797 4726 μή
1855 4653 1993 4726 πρὸς

2096 3499 2421 3557 orthodoxa
2448 3497 2748 3555 vocatione
2778 3497 2970 3571 palam
3003 3498 3430 3571 gloriabantur,
3453 3499 3550 3555 sed
3587 3499 3751 3556 intus

2097 3593 2155 3645 et
2202 3588 2263 3644 in
2312 3587 2485 3644 corde
2534 3586 2691 3643 labia
2737 3587 2943 3643 dolosa
2990 3588 3362 3660 proferebant
3391 3591 3449 3643 et
3479 3587 3683 3660 procul
3716 3605 3752 3643 a

2097 3678 2214 3734 Deo
2244 3677 2588 3734 erant.Cum
2613 3676 2770 3731 cnim
2801 3693 2905 3748 per
2929 3675 3261 3732 divinarum
3289 3675 3485 3749 legum
3520 3675 3751 3748 perqui-

2098 3766 2369 3822 sitionem
2401 3770 2459 3821 et
2486 3763 2942 3832 renovationem,
2984 3763 3372 3820 mutationem
3422 3763 3486 3819 in
3536 3761 3751 3820 melius

2100 3855 2221 3912 fore
2268 3859 2560 3927 speratem
2612 3853 2672 3908 in
2723 3853 2976 3909 adventu
3026 3852 3419 3924 imperatoris,
3450 3867 3518 3908 ac
3575 3867 3668 3907 me
3720 3868 3755 3907 a

2100 3943 2502 4017 sycophantiis
2542 3947 2598 3997 et
2644 3940 2958 3998 calumniis
2995 3941 3423 4013 respiraturum
3457 3956 3585 3997 esse
3619 3956 3752 3995 con-

2101 4032 2367 4099 fiderem,
2399 4037 2540 4088 tunc
2573 4031 2826 4087 maxime
2855 4030 2972 4087 Deo
3019 4031 3233 4087 odiosaa
3283 4029 3396 4086 illae
3443 4028 3751 4086 calumniae

2099 4122 2479 4180 invaluerunt
2508 4124 2711 4177 contra
2739 4136 2853 4191 me,
2887 4119 3103 4176 avulsis
3153 4137 3187 4176 a
3234 4136 3327 4175 me
3365 4120 3437 4175 ob
3468 4116 3750 4174 invidiam

2102 4228 2217 4268 non
2253 4210 2425 4267 modo
2459 4209 2738 4265 fratribus
2769 4214 2827 4263 et
2853 4207 3299 4277 comministris,
3331 4207 3474 4279 quia
3501 4223 3619 4262 non
3646 4222 3749 4279 pro

2103 4298 2473 4373 singulorum
2526 4296 2953 4369 cupiditatibus
3000 4297 3242 4353 allectus
3290 4312 3471 4366 eram,
3503 4294 3606 4351 sed
3659 4310 3750 4350 se-

2105 4390 2369 4446 cundum
2403 4388 2711 4443 veritatem
2762 4392 2820 4441 et
2839 4386 3135 4458 justitiam
3168 4386 3292 4453 Dei,
3325 4398 3388 4441 ut
3431 4384 3558 4456 ipse
3604 4383 3753 4440 mihi

2102 4479 2271 4535 testis
2303 4477 2426 4533 erit.
2473 4479 2663 4541 Quare
2692 4481 2894 4532 coacta
2925 4480 3015 4532 est
3044 4474 3105 4531 in
3135 4474 3379 4532 ecclesia
3427 4477 3632 4530 contra
3660 4489 3754 4530 me

2104 4568 2384 4641 synodus,
2413 4583 2478 4622 ac
2510 4565 2765 4637 quaesita:
2796 4564 3159 4621 conditiones
3182 4568 3341 4633 sunt,
3373 4567 3440 4619 ut
3467 4562 3517 4619 si
3548 4578 3756 4618 secun-

2104 4658 2247 4713 dum
2295 4672 2395 4711 eas
2444 4671 2663 4711 munus
2695 4653 3036 4726 patriarchae
3081 4654 3242 4709 obire
3271 4652 3509 4724 nollem,
3546 4668 3639 4707 me
3668 4651 3754 4707 illi

319 4743 420 4808 τὰς
480 4741 692 4821 ὀρέξεις
749 4737 1029 4815 διεκείμην
1089 4741 1337 4813 ἑκάστου,
1388 4742 1525 4814 πρὸς
1583 4737 1642 4797 δὲ
1695 4743 1795 4811 τήν
1854 4740 1988 4813 ἀλή-

2105 4742 2499 4817 patriarcham
2561 4759 2691 4798 esse
2748 4746 3046 4814 negarent.
3080 4742 3225 4797 Cum
3287 4758 3395 4797 nos
3450 4756 3585 4797 vero
3644 4739 3753 4797 bas

320 4831 475 4888 θειαν
538 4828 632 4887 καὶ
686 4830 749 4885 τὸ
809 4826 1016 4884 δίκαιον
1073 4834 1173 4884 τοῦ
1231 4833 1388 4898 Θεοῦ,
1420 4828 1496 4892 ὡς
1526 4828 1687 4893 αὐτὸς
1722 4833 1996 4907 μαρτυρή-

320 4940 403 4976 σει
469 4938 595 4995 μοι·
649 4918 771 4983 ὅθεν
828 4917 919 4975 καὶ
980 4914 1206 4974 σύνοδον
1270 4917 1583 4983 καθίσαντες
1638 4917 1738 4989 τῆς
1793 4917 1993 4990 ἐκκλη-

323 5013 451 5072 σίας
511 5008 667 5073 ἐντὸς
726 5008 845 5064 καθ’
876 5010 1058 5082 ἡμῶν,
1089 5006 1179 5062 καὶ
1228 5009 1479 5079 ζητήσεις
1539 5007 1888 5084 σκεψάμενοι,
1922 5009 1996 5074 ὡς

324 5098 374 5155 εἰ
430 5099 580 5176 πρὸς
636 5095 834 5160 ταύτας
900 5097 974 5169 μή
1033 5095 1393 5152 κατανεύοντα
1421 5096 1639 5174 εὕρωσι,
1675 5096 1816 5171 μηδὲ
1843 5098 1996 5154 αὐτοὶ

322 5185 759 5266 αατριαρχεύειν
820 5184 1266 5262 ὁμολογήσωσιν.
1314 5189 1499 5260 Ἦμῶν
1556 5183 1615 5241 δὲ
1670 5188 1737 5241 τὰ
1791 5186 2000 5242 τούτων

324 5279 637 5352 ζητήματα
687 5276 764 5350 μὴ
815 5274 1196 5352 ἀγνοησάντων
1247 5275 1476 5349 ματαίαν
1520 5274 1787 5354 πρόφασιν
1840 5276 1994 5349 εἶναι,

322 5366 623 5432 κάντεῦθεν
706 5363 1066 5438 ἀπωσαμένου
1145 5363 1342 5428 αὐτοὺς
1425 5369 1524 5420 τοῦ
1611 5366 1687 5438 μὴ
1758 5363 2000 5422 ἀνελθεῖν

322 5455 469 5531 πρὸς
531 5456 709 5528 ἡμᾶς,
758 5457 857 5510 τοῦ
914 5452 1231 5527 σκέμματος
1284 5452 1691 5530 ἀστοχήσαντες
1741 5454 1878 5527 πρὸς
1934 5455 1998 5511 τὸ

322 5541 492 5622 ἔργον
557 5543 737 5620 χωρὶς
791 5542 1053 5621 ἀφορμῆς
1107 5547 1205 5597 τοῦ
1265 5541 1457 5614 ἐξῶσαι
1512 5543 1799 5620 ἐχώρησαν
1854 5545 2000 5621 παρὰ

323 5639 507 5693 πᾶσαν
568 5632 828 5705 ἀλήθειαν
885 5637 987 5702 τῆς
1037 5630 1365 5704 Ἐκκλησίας
1423 5635 1594 5707 ἡμᾶς,
1652 5632 1999 5710 ἀποσυνάγω-

320 5743 427 5798 γον
482 5721 711 5797 θέμενοι
754 5722 845 5778 τὸν
895 5718 1198 5789 πλησιάσαι
1247 5722 1339 5776 καὶ
1400 5719 1748 5792 συλλαλῆσαι
1776 5724 1912 5795 ἡμῖν
1945 5722 1997 5794 ἐξ

317 5809 511 5873 αὐτῶν
570 5812 1051 5890 συμφωνήσαντες.
1114 5813 1234 5871 Ἔτι
1298 5807 1440 5885 μηδὲ
1502 5809 1755 5888 βασιλεὺς
1792 5811 1855 5867 τὸ
1905 5834 1996 5867 τυ-

2105 4831 2460 4904 quaestiones
2490 4848 2703 4887 vanum
2737 4835 3081 4902 praetextum
3113 4846 3243 4885 esse
3288 4846 3405 4885 non
3455 4830 3753 4902 ignorare-

2106 4939 2261 4992 mus,
2291 4937 2357 4977 ac
2404 4920 2533 4976 ideo
2577 4919 2738 4992 ipsos
2786 4918 3202 4991 repelleremus
3246 4935 3319 4975 ne
3345 4935 3452 4975 nos
3481 4918 3753 4975 conveni-

2107 5016 2257 5079 rent,
2287 5027 2422 5066 cum
2454 5027 2488 5065 a
2517 5025 2692 5081 scopo
2726 5026 2833 5065 suo
2861 5007 3013 5081 lapsi
3043 5012 3263 5075 essent,
3295 5008 3424 5064 sine
3473 5012 3755 5081 praetextu

2108 5101 2180 5156 ad
2213 5116 2321 5156 nos
2346 5098 2646 5171 pellendos
2666 5102 2723 5154 et
2742 5096 3099 5154 abdicandos
3120 5102 3535 5169 processerunt
3546 5101 3759 5171 praeter

2108 5205 2343 5245 omnem
2374 5188 2695 5259 veritatem,
2726 5203 2937 5260 meque
2981 5191 3142 5244 extra
3169 5191 3536 5261 Synagogam
3584 5204 3754 5245 suam

2109 5279 2393 5345 fecerunt,
2425 5282 2599 5350 atque
2628 5294 2747 5333 uno
2778 5293 3070 5333 consensu
3103 5293 3197 5332 me
3248 5294 3283 5333 a
3329 5276 3617 5349 colloquio
3649 5294 3757 5334 suo

2108 5367 2520 5425 cohibuerunt.
2570 5367 2640 5422 Et
2687 5366 2879 5422 adhuc
2927 5366 3160 5436 quidem
3215 5383 3406 5439 neque
3436 5366 3759 5439 imperator

2107 5474 2300 5529 neque
2337 5456 2552 5529 aliquis
2600 5455 3140 5512 comministrorum
3201 5456 3346 5512 mihi
3402 5457 3758 5513 subveniens

2107 5562 2310 5602 eorum
2342 5544 2584 5601 consilio
2614 5544 3030 5601 obstitit.Tunc
3068 5562 3161 5601 res
3193 5545 3483 5602 humanas
3512 5544 3760 5601 deﬂeba-

2108 5652 2263 5703 mus,
2296 5651 2412 5707 quo
2444 5638 2607 5706 pacto
2638 5650 2745 5689 nos
2774 5633 3045 5690 homines
3075 5634 3259 5690 Deum
3304 5634 3377 5691 ob
3409 5633 3610 5691 oculos
3640 5651 3758 5690 non

2107 5724 2385 5798 ponimus
2414 5722 2475 5779 in
2523 5723 2739 5795 quibus
2786 5728 2992 5779 contra
3035 5724 3339 5780 veritatem
3383 5724 3651 5796 agimur;
3683 5723 3757 5781 iis

2107 5813 2210 5887 qui
2240 5830 2349 5871 nos
2399 5814 2645 5871 oderant
2692 5812 2751 5868 in
2780 5812 2942 5885 regia
2970 5814 3341 5887 congregatis
3368 5829 3504 5870 cum
3534 5813 3757 5884 laetitia,
