  <div class='ocr_page' id='page_1' title='image "/cluster/home/n/w/nwhite01/storage/ocr_20150623/142/coo.31924054870476/257.png"; bbox 0 0 4132 6424; ppageno 0'>
   <div class='ocr_carea' id='block_1_1' title="bbox 344 512 466 575">
    <p class='ocr_par' dir='ltr' id='par_1_1' title="bbox 344 512 466 575">
     <span class='ocr_line' id='line_1_1' title="bbox 344 512 466 575; baseline 0.016 -2"><span class='ocrx_word' id='word_1_1' title='bbox 344 512 466 575; x_wconf 68' lang='grc'>499</span> 
     </span>
    </p>
   </div>
   <div class='ocr_carea' id='block_1_2' title="bbox 1471 513 2646 578">
    <p class='ocr_par' dir='ltr' id='par_1_2' title="bbox 1471 513 2646 578">
     <span class='ocr_line' id='line_1_2' title="bbox 1471 513 2646 578; baseline -0.001 0"><span class='ocrx_word' id='word_1_2' title='bbox 1471 514 1901 578; x_wconf 81' lang='lat' dir='ltr'>ATHANASII</span> <span class='ocrx_word' id='word_1_3' title='bbox 1945 515 2065 577; x_wconf 87' lang='lat' dir='ltr'>GP.</span> <span class='ocrx_word' id='word_1_4' title='bbox 2110 513 2646 577; x_wconf 69' lang='lat' dir='ltr'>PATRIARCHE</span> 
     </span>
    </p>
   </div>
   <div class='ocr_carea' id='block_1_3' title="bbox 3651 519 3774 585">
    <p class='ocr_par' dir='ltr' id='par_1_3' title="bbox 3651 519 3774 585">
     <span class='ocr_line' id='line_1_3' title="bbox 3651 519 3774 585; baseline 0.033 -4"><span class='ocrx_word' id='word_1_5' title='bbox 3651 519 3774 585; x_wconf 77' lang='lat'>500</span> 
     </span>
    </p>
   </div>
   <div class='ocr_carea' id='block_1_4' title="bbox 351 642 2010 728">
    <p class='ocr_par' dir='ltr' id='par_1_4' title="bbox 351 643 2002 719">
     <span class='ocr_line' id='line_1_4' title="bbox 351 643 2002 719; baseline 0.001 -17"><span class='ocrx_word' id='word_1_6' title='bbox 351 650 419 702; x_wconf 88' lang='lat' dir='ltr'>ut</span> <span class='ocrx_word' id='word_1_7' title='bbox 449 643 778 702; x_wconf 80' lang='lat' dir='ltr'>calumnias</span> <span class='ocrx_word' id='word_1_8' title='bbox 805 648 863 701; x_wconf 93' lang='lat' dir='ltr'>et</span> <span class='ocrx_word' id='word_1_9' title='bbox 893 647 1205 719; x_wconf 90' lang='lat' dir='ltr'>approbria</span> <span class='ocrx_word' id='word_1_10' title='bbox 1226 664 1357 704; x_wconf 86' lang='lat' dir='ltr'>mea</span> <span class='ocrx_word' id='word_1_11' title='bbox 1385 649 1801 704; x_wconf 80' lang='lat' dir='ltr'>confirmarent</span> <span class='ocrx_word' id='word_1_12' title='bbox 1829 652 1886 704; x_wconf 92' lang='lat' dir='ltr'>et</span> <span class='ocrx_word' id='word_1_13' title='bbox 1906 649 2002 704; x_wconf 92' lang='lat' dir='ltr'>ab-</span> 
     </span>
    </p>
   </div>
   <div class='ocr_carea' id='block_1_5' title="bbox 2122 642 3767 728">
    <p class='ocr_par' dir='ltr' id='par_1_5' title="bbox 2122 642 3767 728">
     <span class='ocr_line' id='line_1_5' title="bbox 2122 642 3767 728; baseline 0.004 -28"><span class='ocrx_word' id='word_1_14' title='bbox 2122 646 2236 721; x_wconf 71' lang='grc' dir='ltr'>χὸν,</span> <span class='ocrx_word' id='word_1_15' title='bbox 2273 642 2413 719; x_wconf 86' lang='grc' dir='ltr'>μηδέ</span> <span class='ocrx_word' id='word_1_16' title='bbox 2458 666 2544 707; x_wconf 89' lang='grc' dir='ltr'>τις</span> <span class='ocrx_word' id='word_1_17' title='bbox 2591 648 2697 700; x_wconf 92' lang='grc' dir='ltr'>τῶν</span> <span class='ocrx_word' id='word_1_18' title='bbox 2748 643 3183 723; x_wconf 84' lang='grc' dir='ltr'>συλλειτουργῶν</span> <span class='ocrx_word' id='word_1_19' title='bbox 3248 644 3467 720; x_wconf 78' lang='grc' dir='ltr'>ὑπᾴδων</span> <span class='ocrx_word' id='word_1_20' title='bbox 3510 649 3574 705; x_wconf 85' lang='grc' dir='ltr'>τὸ</span> <span class='ocrx_word' id='word_1_21' title='bbox 3636 651 3767 728; x_wconf 86' lang='grc' dir='ltr'>βού-</span> 
     </span>
    </p>
   </div>
   <div class='ocr_carea' id='block_1_6' title="bbox 350 734 1999 809">
    <p class='ocr_par' dir='ltr' id='par_1_6' title="bbox 350 734 1999 809">
     <span class='ocr_line' id='line_1_6' title="bbox 350 734 1999 809; baseline 0.002 -19"><span class='ocrx_word' id='word_1_22' title='bbox 350 734 701 791; x_wconf 86' lang='lat' dir='ltr'>dicationem</span> <span class='ocrx_word' id='word_1_23' title='bbox 735 734 897 790; x_wconf 80' lang='lat' dir='ltr'>illam</span> <span class='ocrx_word' id='word_1_24' title='bbox 932 736 1196 807; x_wconf 89' lang='lat' dir='ltr'>iniquam</span> <span class='ocrx_word' id='word_1_25' title='bbox 1231 739 1399 808; x_wconf 85' lang='lat' dir='ltr'>quasi</span> <span class='ocrx_word' id='word_1_26' title='bbox 1438 756 1540 809; x_wconf 88' lang='lat' dir='ltr'>pro</span> <span class='ocrx_word' id='word_1_27' title='bbox 1576 756 1732 793; x_wconf 88' lang='lat' dir='ltr'>more</span> <span class='ocrx_word' id='word_1_28' title='bbox 1786 739 1999 793; x_wconf 83' lang='lat' dir='ltr'>factam</span> 
     </span>
    </p>
   </div>
   <div class='ocr_carea' id='block_1_7' title="bbox 352 823 2001 899">
    <p class='ocr_par' dir='ltr' id='par_1_7' title="bbox 352 823 2001 899">
     <span class='ocr_line' id='line_1_7' title="bbox 352 823 2001 899; baseline 0.002 -19"><span class='ocrx_word' id='word_1_29' title='bbox 352 828 411 880; x_wconf 87' lang='lat' dir='ltr'>et</span> <span class='ocrx_word' id='word_1_30' title='bbox 439 823 761 896; x_wconf 72' lang='lat' dir='ltr'>legitimam</span> <span class='ocrx_word' id='word_1_31' title='bbox 793 826 1167 881; x_wconf 82' lang='lat' dir='ltr'>ostenderent</span> <span class='ocrx_word' id='word_1_32' title='bbox 1200 844 1211 881; x_wconf 89' lang='lat'>:</span> <span class='ocrx_word' id='word_1_33' title='bbox 1247 844 1366 899; x_wconf 88' lang='lat' dir='ltr'>qua</span> <span class='ocrx_word' id='word_1_34' title='bbox 1396 828 1467 882; x_wconf 89' lang='lat' dir='ltr'>de</span> <span class='ocrx_word' id='word_1_35' title='bbox 1516 844 1575 882; x_wconf 90' lang='lat' dir='ltr'>re</span> <span class='ocrx_word' id='word_1_36' title='bbox 1621 827 1749 897; x_wconf 89' lang='lat' dir='ltr'>ipsa</span> <span class='ocrx_word' id='word_1_37' title='bbox 1784 828 2001 883; x_wconf 78' lang='lat' dir='ltr'>Veritas</span> 
     </span>
    </p>
   </div>
   <div class='ocr_carea' id='block_1_8' title="bbox 353 912 2004 986">
    <p class='ocr_par' dir='ltr' id='par_1_8' title="bbox 353 912 2004 986">
     <span class='ocr_line' id='line_1_8' title="bbox 353 912 2004 986; baseline 0.003 -20"><span class='ocrx_word' id='word_1_38' title='bbox 353 912 518 983; x_wconf 85' lang='lat' dir='ltr'>dicit,</span> <span class='ocrx_word' id='word_1_39' title='bbox 552 935 578 962; x_wconf 80' lang='grc' dir='ltr'>α</span> <span class='ocrx_word' id='word_1_40' title='bbox 613 913 687 968; x_wconf 91' lang='lat' dir='ltr'>Ut</span> <span class='ocrx_word' id='word_1_41' title='bbox 716 915 909 969; x_wconf 89' lang='lat' dir='ltr'>omnis</span> <span class='ocrx_word' id='word_1_42' title='bbox 941 915 1041 986; x_wconf 85' lang='lat' dir='ltr'>qui</span> <span class='ocrx_word' id='word_1_43' title='bbox 1069 914 1293 971; x_wconf 91' lang='lat' dir='ltr'>occidet</span> <span class='ocrx_word' id='word_1_44' title='bbox 1334 933 1438 970; x_wconf 91' lang='lat' dir='ltr'>vos</span> <span class='ocrx_word' id='word_1_45' title='bbox 1486 916 1802 971; x_wconf 79' lang='lat' dir='ltr'>arbitretur</span> <span class='ocrx_word' id='word_1_46' title='bbox 1839 917 2004 971; x_wconf 89' lang='lat' dir='ltr'>obse-</span> 
     </span>
    </p>
   </div>
   <div class='ocr_carea' id='block_1_9' title="bbox 355 1002 2001 1074">
    <p class='ocr_par' dir='ltr' id='par_1_9' title="bbox 355 1002 2001 1074">
     <span class='ocr_line' id='line_1_9' title="bbox 355 1002 2001 1074; baseline 0.001 -17"><span class='ocrx_word' id='word_1_47' title='bbox 355 1002 563 1073; x_wconf 88' lang='lat' dir='ltr'>quium</span> <span class='ocrx_word' id='word_1_48' title='bbox 599 1018 660 1057; x_wconf 90' lang='lat' dir='ltr'>se</span> <span class='ocrx_word' id='word_1_49' title='bbox 692 1009 967 1074; x_wconf 83' lang='lat' dir='ltr'>praestare</span> <span class='ocrx_word' id='word_1_50' title='bbox 998 1004 1151 1071; x_wconf 91' lang='lat' dir='ltr'>Deo;</span> <span class='ocrx_word' id='word_1_51' title='bbox 1183 1024 1209 1054; x_wconf 76' lang='grc' dir='ltr'>ιι</span> <span class='ocrx_word' id='word_1_52' title='bbox 1264 1022 1396 1059; x_wconf 90' lang='lat' dir='ltr'>cum</span> <span class='ocrx_word' id='word_1_53' title='bbox 1440 1022 1610 1061; x_wconf 89' lang='lat' dir='ltr'>nemo</span> <span class='ocrx_word' id='word_1_54' title='bbox 1642 1011 1781 1061; x_wconf 86' lang='lat' dir='ltr'>tunc</span> <span class='ocrx_word' id='word_1_55' title='bbox 1811 1022 1876 1061; x_wconf 91' lang='lat' dir='ltr'>co</span> <span class='ocrx_word' id='word_1_56' title='bbox 1907 1022 2001 1060; x_wconf 92' lang='lat' dir='ltr'>ac-</span> 
     </span>
    </p>
   </div>
   <div class='ocr_carea' id='block_1_10' title="bbox 353 1092 2005 1165">
    <p class='ocr_par' dir='ltr' id='par_1_10' title="bbox 353 1092 2005 1165">
     <span class='ocr_line' id='line_1_10' title="bbox 353 1092 2005 1165; baseline 0.002 -18"><span class='ocrx_word' id='word_1_57' title='bbox 353 1092 559 1147; x_wconf 83' lang='lat' dir='ltr'>cedere</span> <span class='ocrx_word' id='word_1_58' title='bbox 590 1092 849 1158; x_wconf 82' lang='lat' dir='ltr'>auderet,</span> <span class='ocrx_word' id='word_1_59' title='bbox 887 1093 1001 1147; x_wconf 84' lang='lat' dir='ltr'>nisi</span> <span class='ocrx_word' id='word_1_60' title='bbox 1034 1093 1226 1148; x_wconf 91' lang='lat' dir='ltr'>solum</span> <span class='ocrx_word' id='word_1_61' title='bbox 1259 1093 1298 1147; x_wconf 91' lang='lat' dir='ltr'>ii</span> <span class='ocrx_word' id='word_1_62' title='bbox 1332 1095 1431 1165; x_wconf 91' lang='lat' dir='ltr'>qui</span> <span class='ocrx_word' id='word_1_63' title='bbox 1454 1111 1602 1149; x_wconf 89' lang='lat' dir='ltr'>vana</span> <span class='ocrx_word' id='word_1_64' title='bbox 1622 1100 1679 1150; x_wconf 95' lang='lat' dir='ltr'>et</span> <span class='ocrx_word' id='word_1_65' title='bbox 1703 1096 2005 1150; x_wconf 88' lang='lat' dir='ltr'>mendacia</span> 
     </span>
    </p>
   </div>
   <div class='ocr_carea' id='block_1_11' title="bbox 350 1181 2001 1256">
    <p class='ocr_par' dir='ltr' id='par_1_11' title="bbox 350 1181 2001 1256">
     <span class='ocr_line' id='line_1_11' title="bbox 350 1181 2001 1256; baseline 0.002 -20"><span class='ocrx_word' id='word_1_66' title='bbox 350 1181 689 1249; x_wconf 81' lang='lat' dir='ltr'>tuebantur,</span> <span class='ocrx_word' id='word_1_67' title='bbox 722 1181 989 1253; x_wconf 87' lang='lat' dir='ltr'>lignariis</span> <span class='ocrx_word' id='word_1_68' title='bbox 1037 1182 1295 1238; x_wconf 70' lang='lat' dir='ltr'>ecclesiae</span> <span class='ocrx_word' id='word_1_69' title='bbox 1356 1183 1516 1238; x_wconf 90' lang='lat' dir='ltr'>intus</span> <span class='ocrx_word' id='word_1_70' title='bbox 1574 1184 1816 1256; x_wconf 90' lang='lat' dir='ltr'>indique</span> <span class='ocrx_word' id='word_1_71' title='bbox 1865 1201 2001 1239; x_wconf 88' lang='lat' dir='ltr'>con-</span> 
     </span>
    </p>
   </div>
   <div class='ocr_carea' id='block_1_12' title="bbox 356 1269 2006 1345">
    <p class='ocr_par' dir='ltr' id='par_1_12' title="bbox 356 1269 2006 1345">
     <span class='ocr_line' id='line_1_12' title="bbox 356 1269 2006 1345; baseline 0.003 -21"><span class='ocrx_word' id='word_1_72' title='bbox 356 1269 697 1336; x_wconf 85' lang='lat' dir='ltr'>ﬂuentibus,</span> <span class='ocrx_word' id='word_1_73' title='bbox 731 1288 798 1326; x_wconf 89' lang='lat' dir='ltr'>ac</span> <span class='ocrx_word' id='word_1_74' title='bbox 828 1289 1043 1344; x_wconf 86' lang='lat' dir='ltr'>magna</span> <span class='ocrx_word' id='word_1_75' title='bbox 1071 1288 1209 1327; x_wconf 89' lang='lat' dir='ltr'>voce</span> <span class='ocrx_word' id='word_1_76' title='bbox 1254 1272 1647 1342; x_wconf 82' lang='lat' dir='ltr'>contumeliis,</span> <span class='ocrx_word' id='word_1_77' title='bbox 1688 1274 1918 1345; x_wconf 88' lang='lat' dir='ltr'>probris</span> <span class='ocrx_word' id='word_1_78' title='bbox 1948 1279 2006 1329; x_wconf 89' lang='lat' dir='ltr'>et</span> 
     </span>
    </p>
   </div>
   <div class='ocr_carea' id='block_1_13' title="bbox 356 1358 2003 1418">
    <p class='ocr_par' dir='ltr' id='par_1_13' title="bbox 356 1358 2003 1418">
     <span class='ocr_line' id='line_1_13' title="bbox 356 1358 2003 1418; baseline 0.003 -5"><span class='ocrx_word' id='word_1_79' title='bbox 356 1358 868 1415; x_wconf 88' lang='lat' dir='ltr'>anathematismis</span> <span class='ocrx_word' id='word_1_80' title='bbox 926 1366 1127 1416; x_wconf 90' lang='lat' dir='ltr'>contra</span> <span class='ocrx_word' id='word_1_81' title='bbox 1185 1378 1289 1416; x_wconf 86' lang='lat' dir='ltr'>nos</span> <span class='ocrx_word' id='word_1_82' title='bbox 1348 1361 1696 1417; x_wconf 84' lang='lat' dir='ltr'>utentibus:</span> <span class='ocrx_word' id='word_1_83' title='bbox 1746 1362 1834 1418; x_wconf 85' lang='lat' dir='ltr'>vel</span> <span class='ocrx_word' id='word_1_84' title='bbox 1875 1379 2003 1418; x_wconf 89' lang='lat' dir='ltr'>sero</span> 
     </span>
    </p>
   </div>
   <div class='ocr_carea' id='block_1_14' title="bbox 358 1448 2007 1520">
    <p class='ocr_par' dir='ltr' id='par_1_14' title="bbox 358 1448 2007 1520">
     <span class='ocr_line' id='line_1_14' title="bbox 358 1448 2007 1520; baseline 0.003 -18"><span class='ocrx_word' id='word_1_85' title='bbox 358 1448 598 1502; x_wconf 84' lang='lat' dir='ltr'>tandem</span> <span class='ocrx_word' id='word_1_86' title='bbox 624 1465 778 1503; x_wconf 93' lang='lat' dir='ltr'>unus</span> <span class='ocrx_word' id='word_1_87' title='bbox 808 1464 877 1503; x_wconf 85' lang='lat' dir='ltr'>ex</span> <span class='ocrx_word' id='word_1_88' title='bbox 906 1449 1213 1506; x_wconf 84' lang='lat' dir='ltr'>senatoriis</span> <span class='ocrx_word' id='word_1_89' title='bbox 1246 1450 1316 1504; x_wconf 90' lang='lat' dir='ltr'>ad</span> <span class='ocrx_word' id='word_1_90' title='bbox 1349 1467 1455 1506; x_wconf 91' lang='lat' dir='ltr'>nos</span> <span class='ocrx_word' id='word_1_91' title='bbox 1487 1452 1753 1520; x_wconf 89' lang='lat' dir='ltr'>accessit,</span> <span class='ocrx_word' id='word_1_92' title='bbox 1789 1468 1855 1507; x_wconf 92' lang='lat' dir='ltr'>ac</span> <span class='ocrx_word' id='word_1_93' title='bbox 1894 1452 2007 1507; x_wconf 89' lang='lat' dir='ltr'>cla-</span> 
     </span>
    </p>
   </div>
   <div class='ocr_carea' id='block_1_15' title="bbox 364 1537 2004 1611">
    <p class='ocr_par' dir='ltr' id='par_1_15' title="bbox 364 1537 2004 1611">
     <span class='ocr_line' id='line_1_15' title="bbox 364 1537 2004 1611; baseline 0.003 -20"><span class='ocrx_word' id='word_1_94' title='bbox 364 1552 586 1592; x_wconf 88' lang='lat' dir='ltr'>morem</span> <span class='ocrx_word' id='word_1_95' title='bbox 647 1537 1077 1609; x_wconf 87' lang='lat' dir='ltr'>episcoporum,</span> <span class='ocrx_word' id='word_1_96' title='bbox 1110 1556 1294 1610; x_wconf 91' lang='lat' dir='ltr'>eaque</span> <span class='ocrx_word' id='word_1_97' title='bbox 1352 1556 1479 1611; x_wconf 68' lang='lat' dir='ltr'>qua:</span> <span class='ocrx_word' id='word_1_98' title='bbox 1528 1546 1732 1596; x_wconf 91' lang='lat' dir='ltr'>contra</span> <span class='ocrx_word' id='word_1_99' title='bbox 1786 1542 2004 1596; x_wconf 85' lang='lat' dir='ltr'>famam</span> 
     </span>
    </p>
   </div>
   <div class='ocr_carea' id='block_1_16' title="bbox 359 1626 2006 1700">
    <p class='ocr_par' dir='ltr' id='par_1_16' title="bbox 359 1626 2006 1700">
     <span class='ocr_line' id='line_1_16' title="bbox 359 1626 2006 1700; baseline 0.004 -20"><span class='ocrx_word' id='word_1_100' title='bbox 359 1629 624 1681; x_wconf 83' lang='lat' dir='ltr'>nostram</span> <span class='ocrx_word' id='word_1_101' title='bbox 653 1626 922 1698; x_wconf 89' lang='lat' dir='ltr'>evulgata</span> <span class='ocrx_word' id='word_1_102' title='bbox 952 1627 1203 1700; x_wconf 85' lang='lat' dir='ltr'>fuerant,</span> <span class='ocrx_word' id='word_1_103' title='bbox 1236 1646 1363 1700; x_wconf 68' lang='lat' dir='ltr'>quae</span> <span class='ocrx_word' id='word_1_104' title='bbox 1387 1646 1527 1685; x_wconf 84' lang='lat' dir='ltr'>sane</span> <span class='ocrx_word' id='word_1_105' title='bbox 1550 1630 1870 1687; x_wconf 87' lang='lat' dir='ltr'>consistere</span> <span class='ocrx_word' id='word_1_106' title='bbox 1893 1648 2006 1686; x_wconf 93' lang='lat' dir='ltr'>non</span> 
     </span>
    </p>
   </div>
   <div class='ocr_carea' id='block_1_17' title="bbox 360 1717 2008 1793">
    <p class='ocr_par' dir='ltr' id='par_1_17' title="bbox 360 1717 2008 1793">
     <span class='ocr_line' id='line_1_17' title="bbox 360 1717 2008 1793; baseline 0.004 -24"><span class='ocrx_word' id='word_1_107' title='bbox 360 1718 630 1786; x_wconf 89' lang='lat' dir='ltr'>poterant</span> <span class='ocrx_word' id='word_1_108' title='bbox 660 1719 858 1787; x_wconf 87' lang='lat' dir='ltr'>utpote</span> <span class='ocrx_word' id='word_1_109' title='bbox 891 1734 1039 1772; x_wconf 89' lang='lat' dir='ltr'>vana</span> <span class='ocrx_word' id='word_1_110' title='bbox 1065 1722 1122 1771; x_wconf 92' lang='lat' dir='ltr'>et</span> <span class='ocrx_word' id='word_1_111' title='bbox 1153 1717 1475 1786; x_wconf 88' lang='lat' dir='ltr'>mendacia,</span> <span class='ocrx_word' id='word_1_112' title='bbox 1509 1725 1575 1774; x_wconf 89' lang='lat' dir='ltr'>ut</span> <span class='ocrx_word' id='word_1_113' title='bbox 1607 1720 1764 1775; x_wconf 91' lang='lat' dir='ltr'>novit</span> <span class='ocrx_word' id='word_1_114' title='bbox 1813 1720 1862 1776; x_wconf 88' lang='lat' dir='ltr'>is</span> <span class='ocrx_word' id='word_1_115' title='bbox 1903 1720 2008 1793; x_wconf 88' lang='lat' dir='ltr'>qui</span> 
     </span>
    </p>
   </div>
   <div class='ocr_carea' id='block_1_18' title="bbox 361 1804 2007 1877">
    <p class='ocr_par' dir='ltr' id='par_1_18' title="bbox 361 1804 2007 1877">
     <span class='ocr_line' id='line_1_18' title="bbox 361 1804 2007 1877; baseline 0.004 -19"><span class='ocrx_word' id='word_1_116' title='bbox 361 1820 495 1859; x_wconf 89' lang='lat' dir='ltr'>cum</span> <span class='ocrx_word' id='word_1_117' title='bbox 534 1804 772 1874; x_wconf 88' lang='lat' dir='ltr'>justitia</span> <span class='ocrx_word' id='word_1_118' title='bbox 820 1806 1196 1875; x_wconf 89' lang='lat' dir='ltr'>judicaturus</span> <span class='ocrx_word' id='word_1_119' title='bbox 1244 1812 1334 1862; x_wconf 89' lang='lat' dir='ltr'>est</span> <span class='ocrx_word' id='word_1_120' title='bbox 1386 1809 1718 1864; x_wconf 87' lang='lat' dir='ltr'>universam</span> <span class='ocrx_word' id='word_1_121' title='bbox 1766 1814 2007 1877; x_wconf 87' lang='lat' dir='ltr'>terram,</span> 
     </span>
    </p>
   </div>
   <div class='ocr_carea' id='block_1_19' title="bbox 361 1893 2009 1968">
    <p class='ocr_par' dir='ltr' id='par_1_19' title="bbox 361 1893 2009 1968">
     <span class='ocr_line' id='line_1_19' title="bbox 361 1893 2009 1968; baseline 0.003 -20"><span class='ocrx_word' id='word_1_122' title='bbox 361 1893 567 1949; x_wconf 87' lang='lat' dir='ltr'>acerbe</span> <span class='ocrx_word' id='word_1_123' title='bbox 599 1896 973 1965; x_wconf 87' lang='lat' dir='ltr'>renuntiavit,</span> <span class='ocrx_word' id='word_1_124' title='bbox 1007 1913 1115 1951; x_wconf 89' lang='lat' dir='ltr'>nos</span> <span class='ocrx_word' id='word_1_125' title='bbox 1147 1898 1394 1953; x_wconf 86' lang='lat' dir='ltr'>fortasse</span> <span class='ocrx_word' id='word_1_126' title='bbox 1422 1898 1866 1968; x_wconf 88' lang='lat' dir='ltr'>perterrefacere</span> <span class='ocrx_word' id='word_1_127' title='bbox 1904 1914 2009 1953; x_wconf 83' lang='lat' dir='ltr'>cu-</span> 
     </span>
    </p>
   </div>
   <div class='ocr_carea' id='block_1_20' title="bbox 2111 732 3771 813">
    <p class='ocr_par' dir='ltr' id='par_1_20' title="bbox 2111 732 3771 813">
     <span class='ocr_line' id='line_1_20' title="bbox 2111 732 3771 813; baseline 0.005 -26"><span class='ocrx_word' id='word_1_128' title='bbox 2111 732 2289 806; x_wconf 87' lang='grc' dir='ltr'>λευμα</span> <span class='ocrx_word' id='word_1_129' title='bbox 2343 738 2589 789; x_wconf 77' lang='grc' dir='ltr'>τοιοῦτον</span> <span class='ocrx_word' id='word_1_130' title='bbox 2644 733 2827 810; x_wconf 77' lang='grc' dir='ltr'>κρίνας</span> <span class='ocrx_word' id='word_1_131' title='bbox 2909 734 3157 806; x_wconf 84' lang='grc' dir='ltr'>ἀντέστη.</span> <span class='ocrx_word' id='word_1_132' title='bbox 3220 736 3645 813; x_wconf 84' lang='grc' dir='ltr'>Ἐταλανίσαμεν</span> <span class='ocrx_word' id='word_1_133' title='bbox 3701 739 3771 797; x_wconf 76' lang='grc' dir='ltr'>τὰ</span> 
     </span>
    </p>
   </div>
   <div class='ocr_carea' id='block_1_21' title="bbox 2113 823 3771 903">
    <p class='ocr_par' dir='ltr' id='par_1_21' title="bbox 2113 823 3771 903">
     <span class='ocr_line' id='line_1_21' title="bbox 2113 823 3771 903; baseline 0.004 -26"><span class='ocrx_word' id='word_1_134' title='bbox 2113 823 2447 899; x_wconf 85' lang='grc' dir='ltr'>ἀνθρώπινα,</span> <span class='ocrx_word' id='word_1_135' title='bbox 2478 829 2595 886; x_wconf 88' lang='grc' dir='ltr'>πῶς</span> <span class='ocrx_word' id='word_1_136' title='bbox 2632 825 2706 898; x_wconf 78' lang='grc' dir='ltr'>μὴ</span> <span class='ocrx_word' id='word_1_137' title='bbox 2750 826 2857 899; x_wconf 88' lang='grc' dir='ltr'>πρὸ</span> <span class='ocrx_word' id='word_1_138' title='bbox 2908 823 3209 903; x_wconf 76' lang='grc' dir='ltr'>ὀφθαλμῶν</span> <span class='ocrx_word' id='word_1_139' title='bbox 3262 827 3314 882; x_wconf 75' lang='grc' dir='ltr'>οἱ</span> <span class='ocrx_word' id='word_1_140' title='bbox 3363 824 3637 903; x_wconf 79' lang='grc' dir='ltr'>ἄνθρωποι</span> <span class='ocrx_word' id='word_1_141' title='bbox 3687 850 3771 884; x_wconf 88' lang='grc' dir='ltr'>τι-</span> 
     </span>
    </p>
   </div>
   <div class='ocr_carea' id='block_1_22' title="bbox 2113 912 3773 998">
    <p class='ocr_par' dir='ltr' id='par_1_22' title="bbox 2113 912 3773 998">
     <span class='ocr_line' id='line_1_22' title="bbox 2113 912 3773 998; baseline 0.005 -32"><span class='ocrx_word' id='word_1_142' title='bbox 2113 913 2315 986; x_wconf 82' lang='grc' dir='ltr'>θέμεθα</span> <span class='ocrx_word' id='word_1_143' title='bbox 2372 913 2463 967; x_wconf 83' lang='grc' dir='ltr'>καὶ</span> <span class='ocrx_word' id='word_1_144' title='bbox 2521 913 2649 968; x_wconf 84' lang='grc' dir='ltr'>Θεὸν</span> <span class='ocrx_word' id='word_1_145' title='bbox 2704 912 2758 968; x_wconf 87' lang='grc' dir='ltr'>ἐν</span> <span class='ocrx_word' id='word_1_146' title='bbox 2818 914 2900 976; x_wconf 80' lang='grc' dir='ltr'>οἷς</span> <span class='ocrx_word' id='word_1_147' title='bbox 2956 915 3093 969; x_wconf 76' lang='grc' dir='ltr'>κατὰ</span> <span class='ocrx_word' id='word_1_148' title='bbox 3145 922 3246 985; x_wconf 83' lang='grc' dir='ltr'>τῆς</span> <span class='ocrx_word' id='word_1_149' title='bbox 3303 915 3563 988; x_wconf 81' lang='grc' dir='ltr'>ἀληθείας</span> <span class='ocrx_word' id='word_1_150' title='bbox 3611 919 3773 998; x_wconf 90' lang='grc' dir='ltr'>φερό-</span> 
     </span>
    </p>
   </div>
   <div class='ocr_carea' id='block_1_23' title="bbox 2117 1001 3767 1084">
    <p class='ocr_par' dir='ltr' id='par_1_23' title="bbox 2117 1001 3767 1084">
     <span class='ocr_line' id='line_1_23' title="bbox 2117 1001 3767 1084; baseline 0.005 -27"><span class='ocrx_word' id='word_1_151' title='bbox 2117 1013 2271 1074; x_wconf 83' lang='grc' dir='ltr'>μεθα,</span> <span class='ocrx_word' id='word_1_152' title='bbox 2331 1006 2437 1057; x_wconf 90' lang='grc' dir='ltr'>τῶν</span> <span class='ocrx_word' id='word_1_153' title='bbox 2503 1001 2805 1075; x_wconf 80' lang='grc' dir='ltr'>μισούντων</span> <span class='ocrx_word' id='word_1_154' title='bbox 2859 1003 2927 1058; x_wconf 83' lang='grc' dir='ltr'>τὰ</span> <span class='ocrx_word' id='word_1_155' title='bbox 2980 1003 3302 1080; x_wconf 83' lang='grc' dir='ltr'>ἀνακτόροις</span> <span class='ocrx_word' id='word_1_156' title='bbox 3361 1006 3767 1084; x_wconf 74' lang='grc' dir='ltr'>ἀθροιζομένων</span> 
     </span>
    </p>
   </div>
   <div class='ocr_carea' id='block_1_24' title="bbox 2114 1088 3766 1169">
    <p class='ocr_par' dir='ltr' id='par_1_24' title="bbox 2114 1088 3766 1169">
     <span class='ocr_line' id='line_1_24' title="bbox 2114 1088 3766 1169; baseline 0.005 -24"><span class='ocrx_word' id='word_1_157' title='bbox 2114 1089 2165 1145; x_wconf 90' lang='grc' dir='ltr'>ἐν</span> <span class='ocrx_word' id='word_1_158' title='bbox 2228 1089 2551 1169; x_wconf 76' lang='grc' dir='ltr'>εὐφροσύνῃ,</span> <span class='ocrx_word' id='word_1_159' title='bbox 2582 1090 2658 1153; x_wconf 64' lang='grc' dir='ltr'>εἷς</span> <span class='ocrx_word' id='word_1_160' title='bbox 2706 1092 2768 1145; x_wconf 90' lang='grc' dir='ltr'>τὸ</span> <span class='ocrx_word' id='word_1_161' title='bbox 2823 1090 2952 1153; x_wconf 73' lang='grc' dir='ltr'>τοὺς</span> <span class='ocrx_word' id='word_1_162' title='bbox 3004 1090 3064 1148; x_wconf 86' lang='grc' dir='ltr'>ἐκ</span> <span class='ocrx_word' id='word_1_163' title='bbox 3108 1088 3385 1149; x_wconf 85' lang='grc' dir='ltr'>διαϐολῶν</span> <span class='ocrx_word' id='word_1_164' title='bbox 3434 1097 3552 1151; x_wconf 88' lang='grc' dir='ltr'>καθ’</span> <span class='ocrx_word' id='word_1_165' title='bbox 3606 1100 3766 1169; x_wconf 74' lang='grc' dir='ltr'>ἡμῶν</span> 
     </span>
    </p>
   </div>
   <div class='ocr_carea' id='block_1_25' title="bbox 2117 1180 3772 1255">
    <p class='ocr_par' dir='ltr' id='par_1_25' title="bbox 2117 1180 3772 1255">
     <span class='ocr_line' id='line_1_25' title="bbox 2117 1180 3772 1255; baseline 0.004 -21"><span class='ocrx_word' id='word_1_166' title='bbox 2117 1181 2348 1253; x_wconf 86' lang='grc' dir='ltr'>μώμους</span> <span class='ocrx_word' id='word_1_167' title='bbox 2409 1182 2662 1249; x_wconf 73' lang='grc' dir='ltr'>συστῆσαι</span> <span class='ocrx_word' id='word_1_168' title='bbox 2735 1180 2825 1235; x_wconf 85' lang='grc' dir='ltr'>καὶ</span> <span class='ocrx_word' id='word_1_169' title='bbox 2882 1186 3238 1255; x_wconf 85' lang='grc' dir='ltr'>κραταιῶσαι,</span> <span class='ocrx_word' id='word_1_170' title='bbox 3292 1181 3381 1238; x_wconf 76' lang='grc' dir='ltr'>’ίνα</span> <span class='ocrx_word' id='word_1_171' title='bbox 3422 1185 3521 1254; x_wconf 82' lang='grc' dir='ltr'>τήν</span> <span class='ocrx_word' id='word_1_172' title='bbox 3582 1183 3772 1243; x_wconf 79' lang='grc' dir='ltr'>ἄδικον</span> 
     </span>
    </p>
   </div>
   <div class='ocr_carea' id='block_1_26' title="bbox 2114 1264 3770 1345">
    <p class='ocr_par' dir='ltr' id='par_1_26' title="bbox 2114 1264 3770 1345">
     <span class='ocr_line' id='line_1_26' title="bbox 2114 1264 3770 1345; baseline 0.005 -22"><span class='ocrx_word' id='word_1_173' title='bbox 2114 1264 2347 1339; x_wconf 75' lang='grc' dir='ltr'>ἐκϐολὴν</span> <span class='ocrx_word' id='word_1_174' title='bbox 2410 1269 2484 1331; x_wconf 86' lang='grc' dir='ltr'>ὡς</span> <span class='ocrx_word' id='word_1_175' title='bbox 2545 1271 2750 1340; x_wconf 90' lang='grc' dir='ltr'>συνήθη</span> <span class='ocrx_word' id='word_1_176' title='bbox 2808 1270 2899 1324; x_wconf 85' lang='grc' dir='ltr'>καὶ</span> <span class='ocrx_word' id='word_1_177' title='bbox 2953 1269 3192 1343; x_wconf 89' lang='grc' dir='ltr'>νόμιμον</span> <span class='ocrx_word' id='word_1_178' title='bbox 3253 1270 3770 1345; x_wconf 80' lang='grc' dir='ltr'>ἀποδείξωσι,καθὰ</span> 
     </span>
    </p>
   </div>
   <div class='ocr_carea' id='block_1_27' title="bbox 2114 1356 3772 1438">
    <p class='ocr_par' dir='ltr' id='par_1_27' title="bbox 2114 1356 3772 1438">
     <span class='ocr_line' id='line_1_27' title="bbox 2114 1356 3772 1438; baseline 0.004 -26"><span class='ocrx_word' id='word_1_179' title='bbox 2114 1359 2237 1432; x_wconf 87' lang='grc' dir='ltr'>περὶ</span> <span class='ocrx_word' id='word_1_180' title='bbox 2269 1359 2342 1412; x_wconf 83' lang='grc' dir='ltr'>ὧν</span> <span class='ocrx_word' id='word_1_181' title='bbox 2374 1360 2408 1427; x_wconf 82' lang='grc' dir='ltr'>ἠ</span> <span class='ocrx_word' id='word_1_182' title='bbox 2440 1356 2827 1430; x_wconf 81' lang='grc' dir='ltr'>αὐτοαλήθεια,</span> <span class='ocrx_word' id='word_1_183' title='bbox 2864 1382 2891 1409; x_wconf 89' lang='grc'><strong>‹‹</strong></span> <span class='ocrx_word' id='word_1_184' title='bbox 2920 1361 3036 1414; x_wconf 83' lang='grc' dir='ltr'>Ἵνα</span> <span class='ocrx_word' id='word_1_185' title='bbox 3064 1366 3167 1422; x_wconf 83' lang='grc' dir='ltr'>πᾶς</span> <span class='ocrx_word' id='word_1_186' title='bbox 3196 1361 3225 1415; x_wconf 81' lang='grc' dir='ltr'>ὁ</span> <span class='ocrx_word' id='word_1_187' title='bbox 3255 1360 3577 1426; x_wconf 80' lang='grc' dir='ltr'>ἀποκτείνας</span> <span class='ocrx_word' id='word_1_188' title='bbox 3631 1364 3772 1438; x_wconf 81' lang='grc' dir='ltr'>ὑμᾶς</span> 
     </span>
    </p>
   </div>
   <div class='ocr_carea' id='block_1_28' title="bbox 2116 1444 3772 1525">
    <p class='ocr_par' dir='ltr' id='par_1_28' title="bbox 2116 1444 3772 1525">
     <span class='ocr_line' id='line_1_28' title="bbox 2116 1444 3772 1525; baseline 0.004 -23"><span class='ocrx_word' id='word_1_189' title='bbox 2116 1444 2243 1521; x_wconf 78' lang='grc' dir='ltr'>δόξῃ</span> <span class='ocrx_word' id='word_1_190' title='bbox 2273 1444 2524 1521; x_wconf 79' lang='grc' dir='ltr'>λατρείαν</span> <span class='ocrx_word' id='word_1_191' title='bbox 2556 1446 2879 1525; x_wconf 73' lang='grc' dir='ltr'>προσφέρειν</span> <span class='ocrx_word' id='word_1_192' title='bbox 2910 1452 2990 1521; x_wconf 79' lang='grc' dir='ltr'>τῷ</span> <span class='ocrx_word' id='word_1_193' title='bbox 3017 1453 3154 1521; x_wconf 80' lang='grc' dir='ltr'>Θεῷ,</span> <span class='ocrx_word' id='word_1_194' title='bbox 3188 1475 3215 1502; x_wconf 87' lang='grc'><strong>››</strong></span> <span class='ocrx_word' id='word_1_195' title='bbox 3254 1448 3488 1523; x_wconf 85' lang='grc' dir='ltr'>μηδενὸς</span> <span class='ocrx_word' id='word_1_196' title='bbox 3528 1450 3772 1522; x_wconf 88' lang='grc' dir='ltr'>πλησιά-</span> 
     </span>
    </p>
   </div>
   <div class='ocr_carea' id='block_1_29' title="bbox 2116 1533 3770 1619">
    <p class='ocr_par' dir='ltr' id='par_1_29' title="bbox 2116 1533 3770 1619">
     <span class='ocr_line' id='line_1_29' title="bbox 2116 1533 3770 1619; baseline 0.004 -29"><span class='ocrx_word' id='word_1_197' title='bbox 2116 1556 2203 1590; x_wconf 88' lang='grc' dir='ltr'>σαι</span> <span class='ocrx_word' id='word_1_198' title='bbox 2251 1533 2638 1607; x_wconf 77' lang='grc' dir='ltr'>τολμήσαντος</span> <span class='ocrx_word' id='word_1_199' title='bbox 2687 1533 2891 1610; x_wconf 84' lang='grc' dir='ltr'>ἔκτοτε,</span> <span class='ocrx_word' id='word_1_200' title='bbox 2926 1538 3090 1610; x_wconf 91' lang='grc' dir='ltr'>μόνον</span> <span class='ocrx_word' id='word_1_201' title='bbox 3154 1535 3212 1593; x_wconf 71' lang='grc' dir='ltr'>δὲ</span> <span class='ocrx_word' id='word_1_202' title='bbox 3257 1544 3365 1594; x_wconf 90' lang='grc' dir='ltr'>τῶν</span> <span class='ocrx_word' id='word_1_203' title='bbox 3423 1538 3770 1619; x_wconf 76' lang='grc' dir='ltr'>φυλασσομέ-</span> 
     </span>
    </p>
   </div>
   <div class='ocr_carea' id='block_1_30' title="bbox 2115 1622 3773 1702">
    <p class='ocr_par' dir='ltr' id='par_1_30' title="bbox 2115 1622 3773 1702">
     <span class='ocr_line' id='line_1_30' title="bbox 2115 1622 3773 1702; baseline 0.005 -25"><span class='ocrx_word' id='word_1_204' title='bbox 2115 1645 2221 1678; x_wconf 88' lang='grc' dir='ltr'>νων</span> <span class='ocrx_word' id='word_1_205' title='bbox 2278 1625 2348 1679; x_wconf 78' lang='grc' dir='ltr'>τὰ</span> <span class='ocrx_word' id='word_1_206' title='bbox 2407 1625 2607 1697; x_wconf 84' lang='grc' dir='ltr'>μάταια</span> <span class='ocrx_word' id='word_1_207' title='bbox 2661 1624 2751 1680; x_wconf 86' lang='grc' dir='ltr'>καὶ</span> <span class='ocrx_word' id='word_1_208' title='bbox 2809 1622 2980 1699; x_wconf 79' lang='grc' dir='ltr'>ψευδῆ</span> <span class='ocrx_word' id='word_1_209' title='bbox 3040 1626 3295 1697; x_wconf 86' lang='grc' dir='ltr'>ξυλωτῶν</span> <span class='ocrx_word' id='word_1_210' title='bbox 3342 1635 3446 1699; x_wconf 85' lang='grc' dir='ltr'>τῆς</span> <span class='ocrx_word' id='word_1_211' title='bbox 3481 1627 3773 1702; x_wconf 76' lang='grc' dir='ltr'>ἐκκλησίας</span> 
     </span>
    </p>
   </div>
   <div class='ocr_carea' id='block_1_31' title="bbox 2119 1712 3774 1795">
    <p class='ocr_par' dir='ltr' id='par_1_31' title="bbox 2119 1712 3774 1795">
     <span class='ocr_line' id='line_1_31' title="bbox 2119 1712 3774 1795; baseline 0.002 -26"><span class='ocrx_word' id='word_1_212' title='bbox 2119 1712 2267 1775; x_wconf 88' lang='grc' dir='ltr'>ἐντὸς</span> <span class='ocrx_word' id='word_1_213' title='bbox 2347 1713 2749 1790; x_wconf 80' lang='grc' dir='ltr'>συντρεχόντων</span> <span class='ocrx_word' id='word_1_214' title='bbox 2837 1714 3107 1771; x_wconf 55' lang='grc' dir='ltr'>ἑκάστοτε</span> <span class='ocrx_word' id='word_1_215' title='bbox 3164 1716 3257 1772; x_wconf 84' lang='grc' dir='ltr'>καὶ</span> <span class='ocrx_word' id='word_1_216' title='bbox 3318 1715 3625 1795; x_wconf 80' lang='grc' dir='ltr'>λοιδορίαις</span> <span class='ocrx_word' id='word_1_217' title='bbox 3681 1719 3774 1775; x_wconf 84' lang='grc' dir='ltr'>καὶ</span> 
     </span>
    </p>
   </div>
   <div class='ocr_carea' id='block_1_32' title="bbox 2119 1796 3773 1884">
    <p class='ocr_par' dir='ltr' id='par_1_32' title="bbox 2119 1796 3773 1884">
     <span class='ocr_line' id='line_1_32' title="bbox 2119 1796 3773 1884; baseline 0.004 -28"><span class='ocrx_word' id='word_1_218' title='bbox 2119 1796 2305 1877; x_wconf 80' lang='grc' dir='ltr'>ὕϐρεσι</span> <span class='ocrx_word' id='word_1_219' title='bbox 2360 1803 2451 1858; x_wconf 87' lang='grc' dir='ltr'>καὶ</span> <span class='ocrx_word' id='word_1_220' title='bbox 2507 1803 2965 1877; x_wconf 86' lang='grc' dir='ltr'>ἀναθεματισμοῖς</span> <span class='ocrx_word' id='word_1_221' title='bbox 3048 1807 3163 1861; x_wconf 89' lang='grc' dir='ltr'>καθ’</span> <span class='ocrx_word' id='word_1_222' title='bbox 3219 1808 3381 1880; x_wconf 78' lang='grc' dir='ltr'>ἡμῶν</span> <span class='ocrx_word' id='word_1_223' title='bbox 3468 1807 3773 1884; x_wconf 72' lang='grc' dir='ltr'>χρωμένων</span> 
     </span>
    </p>
   </div>
   <div class='ocr_carea' id='block_1_33' title="bbox 2123 1890 3774 1973">
    <p class='ocr_par' dir='ltr' id='par_1_33' title="bbox 2123 1890 3774 1973">
     <span class='ocr_line' id='line_1_33' title="bbox 2123 1890 3774 1973; baseline 0.004 -27"><span class='ocrx_word' id='word_1_224' title='bbox 2123 1890 2331 1967; x_wconf 79' lang='grc' dir='ltr'>μεγάλῃ</span> <span class='ocrx_word' id='word_1_225' title='bbox 2362 1892 2532 1970; x_wconf 73' lang='grc' dir='ltr'>φωνῇ·</span> <span class='ocrx_word' id='word_1_226' title='bbox 2578 1892 2677 1967; x_wconf 72' lang='grc' dir='ltr'>ὀψὲ</span> <span class='ocrx_word' id='word_1_227' title='bbox 2733 1890 2792 1948; x_wconf 76' lang='grc' dir='ltr'>δὲ</span> <span class='ocrx_word' id='word_1_228' title='bbox 2845 1893 2936 1948; x_wconf 81' lang='grc' dir='ltr'>καὶ</span> <span class='ocrx_word' id='word_1_229' title='bbox 2997 1893 3158 1968; x_wconf 88' lang='grc' dir='ltr'>μόλις</span> <span class='ocrx_word' id='word_1_230' title='bbox 3215 1896 3333 1958; x_wconf 80' lang='grc' dir='ltr'>ἐνὸς</span> <span class='ocrx_word' id='word_1_231' title='bbox 3394 1895 3774 1973; x_wconf 82' lang='grc' dir='ltr'>συγκλητικῶν</span> 
     </span>
    </p>
   </div>
   <div class='ocr_carea' id='block_1_34' title="bbox 362 1979 2010 2084">
    <p class='ocr_par' dir='ltr' id='par_1_34' title="bbox 362 1983 2009 2056">
     <span class='ocr_line' id='line_1_34' title="bbox 362 1983 2009 2056; baseline 0.004 -20"><span class='ocrx_word' id='word_1_232' title='bbox 362 1998 521 2050; x_wconf 88' lang='lat' dir='ltr'>rans,</span> <span class='ocrx_word' id='word_1_233' title='bbox 555 1999 621 2038; x_wconf 86' lang='lat' dir='ltr'>ac</span> <span class='ocrx_word' id='word_1_234' title='bbox 645 1983 693 2039; x_wconf 93' lang='lat' dir='ltr'>si</span> <span class='ocrx_word' id='word_1_235' title='bbox 724 1988 881 2039; x_wconf 89' lang='lat' dir='ltr'>certo</span> <span class='ocrx_word' id='word_1_236' title='bbox 906 1985 1174 2041; x_wconf 90' lang='lat' dir='ltr'>scivisset</span> <span class='ocrx_word' id='word_1_237' title='bbox 1203 2003 1309 2041; x_wconf 90' lang='lat' dir='ltr'>nos</span> <span class='ocrx_word' id='word_1_238' title='bbox 1339 1987 1700 2056; x_wconf 81' lang='lat' dir='ltr'>objectorum</span> <span class='ocrx_word' id='word_1_239' title='bbox 1723 1986 2009 2043; x_wconf 87' lang='lat' dir='ltr'>scelerum</span> 
     </span>
    </p>
   </div>
   <div class='ocr_carea' id='block_1_35' title="bbox 2122 1979 3778 2084">
    <p class='ocr_par' dir='ltr' id='par_1_35' title="bbox 2122 1979 3778 2063">
     <span class='ocr_line' id='line_1_35' title="bbox 2122 1979 3778 2063; baseline 0.005 -28"><span class='ocrx_word' id='word_1_240' title='bbox 2122 1981 2253 2056; x_wconf 88' lang='grc' dir='ltr'>πρὸς</span> <span class='ocrx_word' id='word_1_241' title='bbox 2309 1984 2460 2055; x_wconf 77' lang='grc' dir='ltr'>ἡμᾶς</span> <span class='ocrx_word' id='word_1_242' title='bbox 2518 1979 2859 2052; x_wconf 83' lang='grc' dir='ltr'>ἀνελθόντος,</span> <span class='ocrx_word' id='word_1_243' title='bbox 2890 1983 2981 2038; x_wconf 84' lang='grc' dir='ltr'>καὶ</span> <span class='ocrx_word' id='word_1_244' title='bbox 3037 1983 3103 2039; x_wconf 76' lang='grc' dir='ltr'>τὰ</span> <span class='ocrx_word' id='word_1_245' title='bbox 3139 1987 3239 2054; x_wconf 80' lang='grc' dir='ltr'>τῆς</span> <span class='ocrx_word' id='word_1_246' title='bbox 3271 1988 3513 2062; x_wconf 79' lang='grc' dir='ltr'>κραυγῆς</span> <span class='ocrx_word' id='word_1_247' title='bbox 3540 1989 3649 2042; x_wconf 89' lang='grc' dir='ltr'>τῶν</span> <span class='ocrx_word' id='word_1_248' title='bbox 3682 1986 3778 2063; x_wconf 88' lang='grc' dir='ltr'>ἀρ-</span> 
     </span>
    </p>
   </div>
   <div class='ocr_carea' id='block_1_36' title="bbox 361 2073 2011 2145">
    <p class='ocr_par' dir='ltr' id='par_1_36' title="bbox 361 2073 2011 2145">
     <span class='ocr_line' id='line_1_36' title="bbox 361 2073 2011 2145; baseline 0.004 -19"><span class='ocrx_word' id='word_1_249' title='bbox 361 2086 493 2127; x_wconf 89' lang='lat' dir='ltr'>reos</span> <span class='ocrx_word' id='word_1_250' title='bbox 521 2087 671 2143; x_wconf 90' lang='lat' dir='ltr'>esse,</span> <span class='ocrx_word' id='word_1_251' title='bbox 690 2076 748 2127; x_wconf 89' lang='lat' dir='ltr'>et</span> <span class='ocrx_word' id='word_1_252' title='bbox 778 2073 1278 2145; x_wconf 86' lang='lat' dir='ltr'>quasimiseratus</span> <span class='ocrx_word' id='word_1_253' title='bbox 1310 2075 1704 2132; x_wconf 84' lang='lat' dir='ltr'>calamitatem</span> <span class='ocrx_word' id='word_1_254' title='bbox 1728 2081 2011 2145; x_wconf 85' lang='lat' dir='ltr'>nostram,</span> 
     </span>
    </p>
   </div>
   <div class='ocr_carea' id='block_1_37' title="bbox 365 2160 2012 2238">
    <p class='ocr_par' dir='ltr' id='par_1_37' title="bbox 365 2160 2012 2238">
     <span class='ocr_line' id='line_1_37' title="bbox 365 2160 2012 2238; baseline 0.003 -23"><span class='ocrx_word' id='word_1_255' title='bbox 365 2164 424 2216; x_wconf 90' lang='lat' dir='ltr'>et</span> <span class='ocrx_word' id='word_1_256' title='bbox 468 2160 687 2218; x_wconf 89' lang='lat' dir='ltr'>veritus</span> <span class='ocrx_word' id='word_1_257' title='bbox 738 2178 810 2218; x_wconf 92' lang='lat' dir='ltr'>ne</span> <span class='ocrx_word' id='word_1_258' title='bbox 862 2164 1409 2221; x_wconf 86' lang='lat' dir='ltr'>condemnationem</span> <span class='ocrx_word' id='word_1_259' title='bbox 1460 2170 1815 2238; x_wconf 87' lang='lat' dir='ltr'>pateremur,</span> <span class='ocrx_word' id='word_1_260' title='bbox 1847 2166 2012 2222; x_wconf 91' lang='lat' dir='ltr'>abdi-</span> 
     </span>
    </p>
   </div>
   <div class='ocr_carea' id='block_1_38' title="bbox 365 2249 2015 2324">
    <p class='ocr_par' dir='ltr' id='par_1_38' title="bbox 365 2249 2015 2324">
     <span class='ocr_line' id='line_1_38' title="bbox 365 2249 2015 2324; baseline 0.002 -17"><span class='ocrx_word' id='word_1_261' title='bbox 365 2249 656 2307; x_wconf 90' lang='lat' dir='ltr'>cationem</span> <span class='ocrx_word' id='word_1_262' title='bbox 686 2267 719 2306; x_wconf 93' lang='lat' dir='ltr'>a</span> <span class='ocrx_word' id='word_1_263' title='bbox 749 2268 842 2307; x_wconf 89' lang='lat' dir='ltr'>me</span> <span class='ocrx_word' id='word_1_264' title='bbox 872 2252 1230 2324; x_wconf 87' lang='lat' dir='ltr'>postulabat,</span> <span class='ocrx_word' id='word_1_265' title='bbox 1262 2259 1329 2309; x_wconf 90' lang='lat' dir='ltr'>ut</span> <span class='ocrx_word' id='word_1_266' title='bbox 1358 2253 1811 2311; x_wconf 90' lang='lat' dir='ltr'>tolerabiliorem</span> <span class='ocrx_word' id='word_1_267' title='bbox 1837 2272 1851 2311; x_wconf 89' lang='lat'><strong>:</strong></span> <span class='ocrx_word' id='word_1_268' title='bbox 1875 2272 1943 2311; x_wconf 89' lang='lat' dir='ltr'>ac</span> <span class='ocrx_word' id='word_1_269' title='bbox 1964 2256 2015 2311; x_wconf 91' lang='lat' dir='ltr'>si</span> 
     </span>
    </p>
   </div>
   <div class='ocr_carea' id='block_1_39' title="bbox 366 2339 2015 2415">
    <p class='ocr_par' dir='ltr' id='par_1_39' title="bbox 366 2339 2015 2415">
     <span class='ocr_line' id='line_1_39' title="bbox 366 2339 2015 2415; baseline 0.003 -20"><span class='ocrx_word' id='word_1_270' title='bbox 366 2339 503 2411; x_wconf 88' lang='lat' dir='ltr'>quis</span> <span class='ocrx_word' id='word_1_271' title='bbox 535 2339 873 2411; x_wconf 89' lang='lat' dir='ltr'>quempiam</span> <span class='ocrx_word' id='word_1_272' title='bbox 905 2342 1166 2397; x_wconf 89' lang='lat' dir='ltr'>occidere</span> <span class='ocrx_word' id='word_1_273' title='bbox 1196 2343 1479 2415; x_wconf 85' lang='lat' dir='ltr'>gestiens,</span> <span class='ocrx_word' id='word_1_274' title='bbox 1509 2360 1579 2399; x_wconf 83' lang='lat' dir='ltr'>ex</span> <span class='ocrx_word' id='word_1_275' title='bbox 1623 2344 1817 2415; x_wconf 87' lang='lat' dir='ltr'>specie</span> <span class='ocrx_word' id='word_1_276' title='bbox 1856 2361 2015 2400; x_wconf 89' lang='lat' dir='ltr'>com-</span> 
     </span>
    </p>
   </div>
   <div class='ocr_carea' id='block_1_40' title="bbox 366 2427 2018 2505">
    <p class='ocr_par' dir='ltr' id='par_1_40' title="bbox 366 2427 2018 2505">
     <span class='ocr_line' id='line_1_40' title="bbox 366 2427 2018 2505; baseline 0.004 -23"><span class='ocrx_word' id='word_1_277' title='bbox 366 2427 783 2495; x_wconf 88' lang='lat' dir='ltr'>miserationis,</span> <span class='ocrx_word' id='word_1_278' title='bbox 804 2435 979 2500; x_wconf 89' lang='lat' dir='ltr'>caput</span> <span class='ocrx_word' id='word_1_279' title='bbox 1001 2431 1129 2501; x_wconf 85' lang='lat' dir='ltr'>ejus</span> <span class='ocrx_word' id='word_1_280' title='bbox 1155 2432 1588 2504; x_wconf 79' lang='lat' dir='ltr'>praecidendum</span> <span class='ocrx_word' id='word_1_281' title='bbox 1612 2449 1740 2489; x_wconf 89' lang='lat' dir='ltr'>esse</span> <span class='ocrx_word' id='word_1_282' title='bbox 1763 2450 2018 2505; x_wconf 90' lang='lat' dir='ltr'>pronun-</span> 
     </span>
    </p>
   </div>
   <div class='ocr_carea' id='block_1_41' title="bbox 363 2516 2013 2589">
    <p class='ocr_par' dir='ltr' id='par_1_41' title="bbox 363 2516 2013 2589">
     <span class='ocr_line' id='line_1_41' title="bbox 363 2516 2013 2589; baseline 0.004 -17"><span class='ocrx_word' id='word_1_283' title='bbox 363 2516 579 2573; x_wconf 80' lang='lat' dir='ltr'>tiet.At</span> <span class='ocrx_word' id='word_1_284' title='bbox 608 2534 715 2573; x_wconf 88' lang='lat' dir='ltr'>nos</span> <span class='ocrx_word' id='word_1_285' title='bbox 745 2518 1006 2574; x_wconf 83' lang='lat' dir='ltr'>diximus</span> <span class='ocrx_word' id='word_1_286' title='bbox 1033 2537 1045 2573; x_wconf 91' lang='lat'>:</span> <span class='ocrx_word' id='word_1_287' title='bbox 1078 2522 1569 2577; x_wconf 66' lang='lat' dir='ltr'>Przestantissime</span> <span class='ocrx_word' id='word_1_288' title='bbox 1599 2523 1858 2589; x_wconf 90' lang='lat' dir='ltr'>domine,</span> <span class='ocrx_word' id='word_1_289' title='bbox 1880 2540 2013 2579; x_wconf 89' lang='lat' dir='ltr'>cum</span> 
     </span>
    </p>
   </div>
   <div class='ocr_carea' id='block_1_42' title="bbox 365 2606 2012 2681">
    <p class='ocr_par' dir='ltr' id='par_1_42' title="bbox 365 2606 2012 2681">
     <span class='ocr_line' id='line_1_42' title="bbox 365 2606 2012 2681; baseline 0.004 -20"><span class='ocrx_word' id='word_1_290' title='bbox 365 2606 586 2677; x_wconf 89' lang='lat' dir='ltr'>injuste</span> <span class='ocrx_word' id='word_1_291' title='bbox 616 2607 923 2663; x_wconf 90' lang='lat' dir='ltr'>nobiscum</span> <span class='ocrx_word' id='word_1_292' title='bbox 959 2614 1188 2681; x_wconf 87' lang='lat' dir='ltr'>agatur,</span> <span class='ocrx_word' id='word_1_293' title='bbox 1221 2614 1396 2681; x_wconf 90' lang='lat' dir='ltr'>atque</span> <span class='ocrx_word' id='word_1_294' title='bbox 1437 2611 1647 2667; x_wconf 91' lang='lat' dir='ltr'>horum</span> <span class='ocrx_word' id='word_1_295' title='bbox 1697 2612 2012 2668; x_wconf 87' lang='lat' dir='ltr'>criminum</span> 
     </span>
    </p>
   </div>
   <div class='ocr_carea' id='block_1_43' title="bbox 365 2695 2014 2774">
    <p class='ocr_par' dir='ltr' id='par_1_43' title="bbox 365 2695 2014 2774">
     <span class='ocr_line' id='line_1_43' title="bbox 365 2695 2014 2774; baseline 0.005 -24"><span class='ocrx_word' id='word_1_296' title='bbox 365 2695 536 2751; x_wconf 90' lang='lat' dir='ltr'>nobis</span> <span class='ocrx_word' id='word_1_297' title='bbox 589 2696 806 2751; x_wconf 90' lang='lat' dir='ltr'>conscii</span> <span class='ocrx_word' id='word_1_298' title='bbox 866 2714 981 2752; x_wconf 91' lang='lat' dir='ltr'>non</span> <span class='ocrx_word' id='word_1_299' title='bbox 1037 2698 1247 2765; x_wconf 89' lang='lat' dir='ltr'>simus,</span> <span class='ocrx_word' id='word_1_300' title='bbox 1283 2702 1637 2755; x_wconf 86' lang='lat' dir='ltr'>sententiam</span> <span class='ocrx_word' id='word_1_301' title='bbox 1686 2703 2014 2774; x_wconf 82' lang='lat' dir='ltr'>expetimus</span> 
     </span>
    </p>
   </div>
   <div class='ocr_carea' id='block_1_44' title="bbox 357 2784 2015 2863">
    <p class='ocr_par' dir='ltr' id='par_1_44' title="bbox 357 2784 2015 2863">
     <span class='ocr_line' id='line_1_44' title="bbox 357 2784 2015 2863; baseline 0.006 -25"><span class='ocrx_word' id='word_1_302' title='bbox 357 2784 631 2856; x_wconf 88' lang='lat' dir='ltr'>judicum</span> <span class='ocrx_word' id='word_1_303' title='bbox 681 2786 782 2857; x_wconf 92' lang='lat' dir='ltr'>qui</span> <span class='ocrx_word' id='word_1_304' title='bbox 834 2790 1015 2841; x_wconf 90' lang='lat' dir='ltr'>Deum</span> <span class='ocrx_word' id='word_1_305' title='bbox 1065 2804 1180 2858; x_wconf 68' lang='lat' dir='ltr'>pra;</span> <span class='ocrx_word' id='word_1_306' title='bbox 1230 2788 1416 2845; x_wconf 91' lang='lat' dir='ltr'>oculis</span> <span class='ocrx_word' id='word_1_307' title='bbox 1465 2790 1738 2846; x_wconf 90' lang='lat' dir='ltr'>habeant.</span> <span class='ocrx_word' id='word_1_308' title='bbox 1767 2793 1836 2847; x_wconf 87' lang='lat' dir='ltr'>Et</span> <span class='ocrx_word' id='word_1_309' title='bbox 1866 2809 2015 2863; x_wconf 89' lang='lat' dir='ltr'>quo-</span> 
     </span>
    </p>
   </div>
   <div class='ocr_carea' id='block_1_45' title="bbox 364 2873 2018 2945">
    <p class='ocr_par' dir='ltr' id='par_1_45' title="bbox 364 2873 2018 2945">
     <span class='ocr_line' id='line_1_45' title="bbox 364 2873 2018 2945; baseline 0.006 -18"><span class='ocrx_word' id='word_1_310' title='bbox 364 2873 540 2928; x_wconf 91' lang='lat' dir='ltr'>modo</span> <span class='ocrx_word' id='word_1_311' title='bbox 572 2873 1004 2930; x_wconf 89' lang='lat' dir='ltr'>abdicationem</span> <span class='ocrx_word' id='word_1_312' title='bbox 1032 2876 1304 2933; x_wconf 87' lang='lat' dir='ltr'>dabimus</span> <span class='ocrx_word' id='word_1_313' title='bbox 1326 2878 1354 2933; x_wconf 85' lang='lat'><strong><em>?</em></strong></span> <span class='ocrx_word' id='word_1_314' title='bbox 1398 2879 1560 2945; x_wconf 85' lang='lat' dir='ltr'>Quod</span> <span class='ocrx_word' id='word_1_315' title='bbox 1589 2879 1637 2935; x_wconf 91' lang='lat' dir='ltr'>si</span> <span class='ocrx_word' id='word_1_316' title='bbox 1669 2881 2018 2938; x_wconf 88' lang='lat' dir='ltr'>auctoritate</span> 
     </span>
    </p>
   </div>
   <div class='ocr_carea' id='block_1_46' title="bbox 363 2960 2015 3036">
    <p class='ocr_par' dir='ltr' id='par_1_46' title="bbox 363 2960 2015 3036">
     <span class='ocr_line' id='line_1_46' title="bbox 363 2960 2015 3036; baseline 0.005 -20"><span class='ocrx_word' id='word_1_317' title='bbox 363 2960 655 3033; x_wconf 89' lang='lat' dir='ltr'>compulsi</span> <span class='ocrx_word' id='word_1_318' title='bbox 688 2962 827 3018; x_wconf 86' lang='lat' dir='ltr'>dare</span> <span class='ocrx_word' id='word_1_319' title='bbox 857 2971 1156 3036; x_wconf 75' lang='lat' dir='ltr'>Cogamur,</span> <span class='ocrx_word' id='word_1_320' title='bbox 1190 2966 1249 3020; x_wconf 85' lang='lat' dir='ltr'>in</span> <span class='ocrx_word' id='word_1_321' title='bbox 1281 2967 1580 3022; x_wconf 88' lang='lat' dir='ltr'>communi</span> <span class='ocrx_word' id='word_1_322' title='bbox 1608 2970 1886 3025; x_wconf 85' lang='lat' dir='ltr'>tribunali</span> <span class='ocrx_word' id='word_1_323' title='bbox 1916 2986 2015 3025; x_wconf 90' lang='lat' dir='ltr'>ve-</span> 
     </span>
    </p>
   </div>
   <div class='ocr_carea' id='block_1_47' title="bbox 364 3050 2014 3125">
    <p class='ocr_par' dir='ltr' id='par_1_47' title="bbox 364 3050 2014 3125">
     <span class='ocr_line' id='line_1_47' title="bbox 364 3050 2014 3125; baseline 0.007 -21"><span class='ocrx_word' id='word_1_324' title='bbox 364 3050 508 3106; x_wconf 85' lang='lat' dir='ltr'>ritas</span> <span class='ocrx_word' id='word_1_325' title='bbox 566 3068 680 3106; x_wconf 90' lang='lat' dir='ltr'>non</span> <span class='ocrx_word' id='word_1_326' title='bbox 745 3053 1165 3119; x_wconf 82' lang='lat' dir='ltr'>confutabitur,</span> <span class='ocrx_word' id='word_1_327' title='bbox 1216 3057 1450 3125; x_wconf 87' lang='lat' dir='ltr'>quando</span> <span class='ocrx_word' id='word_1_328' title='bbox 1512 3062 1661 3113; x_wconf 91' lang='lat' dir='ltr'>Deus</span> <span class='ocrx_word' id='word_1_329' title='bbox 1720 3058 2014 3115; x_wconf 88' lang='lat' dir='ltr'>ultionum</span> 
     </span>
    </p>
   </div>
   <div class='ocr_carea' id='block_1_48' title="bbox 363 3137 2017 3221">
    <p class='ocr_par' dir='ltr' id='par_1_48' title="bbox 363 3137 2017 3221">
     <span class='ocr_line' id='line_1_48' title="bbox 363 3137 2017 3221; baseline 0.007 -28"><span class='ocrx_word' id='word_1_330' title='bbox 363 3137 546 3194; x_wconf 83' lang='lat' dir='ltr'>libere</span> <span class='ocrx_word' id='word_1_331' title='bbox 576 3143 709 3212; x_wconf 88' lang='lat' dir='ltr'>aget</span> <span class='ocrx_word' id='word_1_332' title='bbox 741 3157 752 3196; x_wconf 94' lang='lat'>:</span> <span class='ocrx_word' id='word_1_333' title='bbox 788 3158 974 3197; x_wconf 87' lang='lat' dir='ltr'>unum</span> <span class='ocrx_word' id='word_1_334' title='bbox 1008 3150 1162 3198; x_wconf 90' lang='lat' dir='ltr'>certe</span> <span class='ocrx_word' id='word_1_335' title='bbox 1191 3161 1259 3199; x_wconf 82' lang='lat' dir='ltr'>ex</span> <span class='ocrx_word' id='word_1_336' title='bbox 1290 3144 1501 3200; x_wconf 87' lang='lat' dir='ltr'>oblatis</span> <span class='ocrx_word' id='word_1_337' title='bbox 1555 3152 1758 3203; x_wconf 90' lang='lat' dir='ltr'>contra</span> <span class='ocrx_word' id='word_1_338' title='bbox 1794 3165 1922 3221; x_wconf 82' lang='lat' dir='ltr'>nos,</span> <span class='ocrx_word' id='word_1_339' title='bbox 1954 3153 2017 3204; x_wconf 93' lang='lat' dir='ltr'>ut</span> 
     </span>
    </p>
   </div>
   <div class='ocr_carea' id='block_1_49' title="bbox 363 3226 2018 3300">
    <p class='ocr_par' dir='ltr' id='par_1_49' title="bbox 363 3226 2018 3300">
     <span class='ocr_line' id='line_1_49' title="bbox 363 3226 2018 3300; baseline 0.007 -18"><span class='ocrx_word' id='word_1_340' title='bbox 363 3226 534 3295; x_wconf 89' lang='lat' dir='ltr'>dicis,</span> <span class='ocrx_word' id='word_1_341' title='bbox 565 3229 934 3300; x_wconf 88' lang='lat' dir='ltr'>criminibus,</span> <span class='ocrx_word' id='word_1_342' title='bbox 968 3249 1083 3287; x_wconf 90' lang='lat' dir='ltr'>non</span> <span class='ocrx_word' id='word_1_343' title='bbox 1117 3234 1288 3289; x_wconf 92' lang='lat' dir='ltr'>modo</span> <span class='ocrx_word' id='word_1_344' title='bbox 1335 3236 1554 3291; x_wconf 74' lang='lat' dir='ltr'>sufficit</span> <span class='ocrx_word' id='word_1_345' title='bbox 1601 3237 1671 3292; x_wconf 91' lang='lat' dir='ltr'>ad</span> <span class='ocrx_word' id='word_1_346' title='bbox 1725 3255 1909 3293; x_wconf 90' lang='lat' dir='ltr'>unum</span> <span class='ocrx_word' id='word_1_347' title='bbox 1960 3243 2018 3294; x_wconf 73' lang='lat' dir='ltr'>et</span> 
     </span>
    </p>
   </div>
   <div class='ocr_carea' id='block_1_50' title="bbox 362 3315 2014 3397">
    <p class='ocr_par' dir='ltr' id='par_1_50' title="bbox 362 3315 2014 3397">
     <span class='ocr_line' id='line_1_50' title="bbox 362 3315 2014 3397; baseline 0.007 -25"><span class='ocrx_word' id='word_1_348' title='bbox 362 3315 578 3386; x_wconf 88' lang='lat' dir='ltr'>solum,</span> <span class='ocrx_word' id='word_1_349' title='bbox 603 3320 704 3374; x_wconf 92' lang='lat' dir='ltr'>sed</span> <span class='ocrx_word' id='word_1_350' title='bbox 735 3319 913 3375; x_wconf 86' lang='lat' dir='ltr'>etiam</span> <span class='ocrx_word' id='word_1_351' title='bbox 947 3321 1019 3376; x_wconf 89' lang='lat' dir='ltr'>ad</span> <span class='ocrx_word' id='word_1_352' title='bbox 1050 3325 1238 3377; x_wconf 83' lang='lat' dir='ltr'>toturn</span> <span class='ocrx_word' id='word_1_353' title='bbox 1270 3324 1677 3397; x_wconf 88' lang='lat' dir='ltr'>episcoporum</span> <span class='ocrx_word' id='word_1_354' title='bbox 1709 3332 1923 3383; x_wconf 78' lang='lat' dir='ltr'>ccntum</span> <span class='ocrx_word' id='word_1_355' title='bbox 1945 3345 2014 3384; x_wconf 85' lang='lat' dir='ltr'>ex</span> 
     </span>
    </p>
   </div>
   <div class='ocr_carea' id='block_1_51' title="bbox 2122 2069 3782 2150">
    <p class='ocr_par' dir='ltr' id='par_1_51' title="bbox 2122 2069 3782 2150">
     <span class='ocr_line' id='line_1_51' title="bbox 2122 2069 3782 2150; baseline 0.004 -25"><span class='ocrx_word' id='word_1_356' title='bbox 2122 2069 2353 2146; x_wconf 87' lang='grc' dir='ltr'>χιερέων</span> <span class='ocrx_word' id='word_1_357' title='bbox 2382 2071 2473 2126; x_wconf 85' lang='grc' dir='ltr'>καὶ</span> <span class='ocrx_word' id='word_1_358' title='bbox 2527 2072 2595 2127; x_wconf 82' lang='grc' dir='ltr'>τὰ</span> <span class='ocrx_word' id='word_1_359' title='bbox 2653 2071 3003 2150; x_wconf 85' lang='grc' dir='ltr'>φημιζόμενα</span> <span class='ocrx_word' id='word_1_360' title='bbox 3029 2075 3166 2129; x_wconf 88' lang='grc' dir='ltr'>κατὰ</span> <span class='ocrx_word' id='word_1_361' title='bbox 3191 2081 3294 2145; x_wconf 82' lang='grc' dir='ltr'>τῆς</span> <span class='ocrx_word' id='word_1_362' title='bbox 3342 2076 3504 2149; x_wconf 79' lang='grc' dir='ltr'>ἡμῶν</span> <span class='ocrx_word' id='word_1_363' title='bbox 3567 2074 3782 2148; x_wconf 79' lang='grc' dir='ltr'>ὑπολή-</span> 
     </span>
    </p>
   </div>
   <div class='ocr_carea' id='block_1_52' title="bbox 2122 2160 3778 2239">
    <p class='ocr_par' dir='ltr' id='par_1_52' title="bbox 2122 2160 3778 2239">
     <span class='ocr_line' id='line_1_52' title="bbox 2122 2160 3778 2239; baseline 0.003 -23"><span class='ocrx_word' id='word_1_364' title='bbox 2122 2164 2267 2235; x_wconf 81' lang='grc' dir='ltr'>ψεως</span> <span class='ocrx_word' id='word_1_365' title='bbox 2326 2160 2665 2217; x_wconf 86' lang='grc' dir='ltr'>ἀνυπόστατα</span> <span class='ocrx_word' id='word_1_366' title='bbox 2720 2160 2809 2217; x_wconf 87' lang='grc' dir='ltr'>καὶ</span> <span class='ocrx_word' id='word_1_367' title='bbox 2872 2161 3072 2235; x_wconf 87' lang='grc' dir='ltr'>μάταια</span> <span class='ocrx_word' id='word_1_368' title='bbox 3118 2162 3209 2218; x_wconf 81' lang='grc' dir='ltr'>γαὶ</span> <span class='ocrx_word' id='word_1_369' title='bbox 3260 2160 3459 2239; x_wconf 83' lang='grc' dir='ltr'>ψευδῆ,</span> <span class='ocrx_word' id='word_1_370' title='bbox 3497 2164 3575 2228; x_wconf 81' lang='grc' dir='ltr'>ὡς</span> <span class='ocrx_word' id='word_1_371' title='bbox 3634 2162 3778 2222; x_wconf 76' lang='grc' dir='ltr'>οἶδεν</span> 
     </span>
    </p>
   </div>
   <div class='ocr_carea' id='block_1_53' title="bbox 2125 2247 3781 2330">
    <p class='ocr_par' dir='ltr' id='par_1_53' title="bbox 2125 2247 3781 2330">
     <span class='ocr_line' id='line_1_53' title="bbox 2125 2247 3781 2330; baseline 0.004 -26"><span class='ocrx_word' id='word_1_372' title='bbox 2125 2251 2153 2305; x_wconf 86' lang='grc' dir='ltr'>ὁ</span> <span class='ocrx_word' id='word_1_373' title='bbox 2201 2247 2421 2323; x_wconf 81' lang='grc' dir='ltr'>μέλλων</span> <span class='ocrx_word' id='word_1_374' title='bbox 2465 2255 2645 2327; x_wconf 88' lang='grc' dir='ltr'>κρῖναι</span> <span class='ocrx_word' id='word_1_375' title='bbox 2693 2256 2864 2306; x_wconf 82' lang='grc' dir='ltr'>πᾶσαν</span> <span class='ocrx_word' id='word_1_376' title='bbox 2914 2252 3015 2320; x_wconf 79' lang='grc' dir='ltr'>τήν</span> <span class='ocrx_word' id='word_1_377' title='bbox 3064 2259 3168 2328; x_wconf 81' lang='grc' dir='ltr'>γῆν</span> <span class='ocrx_word' id='word_1_378' title='bbox 3217 2251 3268 2308; x_wconf 91' lang='grc' dir='ltr'>ἐν</span> <span class='ocrx_word' id='word_1_379' title='bbox 3312 2250 3647 2330; x_wconf 78' lang='grc' dir='ltr'>δικαιοσύνῃ,</span> <span class='ocrx_word' id='word_1_380' title='bbox 3681 2254 3781 2328; x_wconf 88' lang='grc' dir='ltr'>ἐμ-</span> 
     </span>
    </p>
   </div>
   <div class='ocr_carea' id='block_1_54' title="bbox 2124 2333 3782 2418">
    <p class='ocr_par' dir='ltr' id='par_1_54' title="bbox 2124 2333 3782 2418">
     <span class='ocr_line' id='line_1_54' title="bbox 2124 2333 3782 2418; baseline 0.003 -26"><span class='ocrx_word' id='word_1_381' title='bbox 2124 2333 2325 2416; x_wconf 87' lang='grc' dir='ltr'>ϐριθῶς</span> <span class='ocrx_word' id='word_1_382' title='bbox 2383 2336 2798 2415; x_wconf 78' lang='grc' dir='ltr'>διεξεσχομένου</span> <span class='ocrx_word' id='word_1_383' title='bbox 2864 2340 3207 2414; x_wconf 80' lang='grc' dir='ltr'>καταπλῆξαι</span> <span class='ocrx_word' id='word_1_384' title='bbox 3264 2341 3410 2418; x_wconf 86' lang='grc' dir='ltr'>τάχα</span> <span class='ocrx_word' id='word_1_385' title='bbox 3485 2344 3636 2417; x_wconf 76' lang='grc' dir='ltr'>ἡμᾶς</span> <span class='ocrx_word' id='word_1_386' title='bbox 3690 2342 3782 2399; x_wconf 85' lang='grc' dir='ltr'>καὶ</span> 
     </span>
    </p>
   </div>
   <div class='ocr_carea' id='block_1_55' title="bbox 2125 2423 3783 2509">
    <p class='ocr_par' dir='ltr' id='par_1_55' title="bbox 2125 2423 3783 2509">
     <span class='ocr_line' id='line_1_55' title="bbox 2125 2423 3783 2509; baseline 0.003 -27"><span class='ocrx_word' id='word_1_387' title='bbox 2125 2423 2388 2507; x_wconf 79' lang='grc' dir='ltr'>φοϐῆσαι,</span> <span class='ocrx_word' id='word_1_388' title='bbox 2433 2429 2509 2491; x_wconf 82' lang='grc' dir='ltr'>ὡς</span> <span class='ocrx_word' id='word_1_389' title='bbox 2567 2426 2716 2507; x_wconf 80' lang='grc' dir='ltr'>εἷ’περ</span> <span class='ocrx_word' id='word_1_390' title='bbox 2775 2428 3002 2505; x_wconf 78' lang='grc' dir='ltr'>ἐργάτην</span> <span class='ocrx_word' id='word_1_391' title='bbox 3060 2426 3457 2509; x_wconf 87' lang='grc' dir='ltr'>ἀναμφιϐόλως</span> <span class='ocrx_word' id='word_1_392' title='bbox 3513 2432 3783 2501; x_wconf 77' lang='grc' dir='ltr'>ἠπίστατο</span> 
     </span>
    </p>
   </div>
   <div class='ocr_carea' id='block_1_56' title="bbox 2122 2517 3781 2597">
    <p class='ocr_par' dir='ltr' id='par_1_56' title="bbox 2122 2517 3781 2597">
     <span class='ocr_line' id='line_1_56' title="bbox 2122 2517 3781 2597; baseline 0.004 -26"><span class='ocrx_word' id='word_1_393' title='bbox 2122 2520 2235 2572; x_wconf 89' lang='grc' dir='ltr'>τῶν</span> <span class='ocrx_word' id='word_1_394' title='bbox 2295 2520 2687 2595; x_wconf 74' lang='grc' dir='ltr'>φημιζομένων</span> <span class='ocrx_word' id='word_1_395' title='bbox 2746 2517 3119 2592; x_wconf 88' lang='grc' dir='ltr'>ἀνομημάτων</span> <span class='ocrx_word' id='word_1_396' title='bbox 3150 2523 3219 2593; x_wconf 80' lang='grc' dir='ltr'>τῇ</span> <span class='ocrx_word' id='word_1_397' title='bbox 3263 2518 3537 2595; x_wconf 74' lang='grc' dir='ltr'>ὑπολήψει</span> <span class='ocrx_word' id='word_1_398' title='bbox 3595 2524 3781 2597; x_wconf 79' lang='grc' dir='ltr'>ἡμῶν,</span> 
     </span>
    </p>
   </div>
   <div class='ocr_carea' id='block_1_57' title="bbox 2125 2607 3791 2687">
    <p class='ocr_par' dir='ltr' id='par_1_57' title="bbox 2125 2607 3791 2687">
     <span class='ocr_line' id='line_1_57' title="bbox 2125 2607 3791 2687; baseline 0.004 -27"><span class='ocrx_word' id='word_1_399' title='bbox 2125 2607 2215 2661; x_wconf 86' lang='grc' dir='ltr'>καὶ</span> <span class='ocrx_word' id='word_1_400' title='bbox 2275 2608 2350 2669; x_wconf 83' lang='grc' dir='ltr'>ὡς</span> <span class='ocrx_word' id='word_1_401' title='bbox 2400 2607 2681 2680; x_wconf 80' lang='grc' dir='ltr'>οἰκτείρων</span> <span class='ocrx_word' id='word_1_402' title='bbox 2734 2607 2881 2683; x_wconf 89' lang='grc' dir='ltr'>τάχα</span> <span class='ocrx_word' id='word_1_403' title='bbox 2933 2615 3037 2678; x_wconf 84' lang='grc' dir='ltr'>τῆς</span> <span class='ocrx_word' id='word_1_404' title='bbox 3078 2613 3363 2687; x_wconf 80' lang='grc' dir='ltr'>συμφορᾶς</span> <span class='ocrx_word' id='word_1_405' title='bbox 3396 2610 3472 2683; x_wconf 77' lang='grc' dir='ltr'>μὴ</span> <span class='ocrx_word' id='word_1_406' title='bbox 3530 2610 3791 2687; x_wconf 83' lang='grc' dir='ltr'>καθαίρε-</span> 
     </span>
    </p>
   </div>
   <div class='ocr_carea' id='block_1_58' title="bbox 2129 2695 3786 2779">
    <p class='ocr_par' dir='ltr' id='par_1_58' title="bbox 2129 2695 3786 2779">
     <span class='ocr_line' id='line_1_58' title="bbox 2129 2695 3786 2779; baseline 0.004 -30"><span class='ocrx_word' id='word_1_407' title='bbox 2129 2716 2211 2750; x_wconf 88' lang='grc' dir='ltr'>σιν</span> <span class='ocrx_word' id='word_1_408' title='bbox 2266 2698 2546 2769; x_wconf 84' lang='grc' dir='ltr'>πάθωμεν,</span> <span class='ocrx_word' id='word_1_409' title='bbox 2597 2696 2791 2771; x_wconf 76' lang='grc' dir='ltr'>ἀπῄτει</span> <span class='ocrx_word' id='word_1_410' title='bbox 2862 2695 3189 2773; x_wconf 85' lang='grc' dir='ltr'>παραίτησιν</span> <span class='ocrx_word' id='word_1_411' title='bbox 3233 2699 3298 2753; x_wconf 86' lang='grc' dir='ltr'>τὸ</span> <span class='ocrx_word' id='word_1_412' title='bbox 3326 2699 3472 2775; x_wconf 87' lang='grc' dir='ltr'>τάχα</span> <span class='ocrx_word' id='word_1_413' title='bbox 3522 2699 3786 2779; x_wconf 86' lang='grc' dir='ltr'>κουφότε-</span> 
     </span>
    </p>
   </div>
   <div class='ocr_carea' id='block_1_59' title="bbox 2127 2782 3789 2863">
    <p class='ocr_par' dir='ltr' id='par_1_59' title="bbox 2127 2782 3789 2863">
     <span class='ocr_line' id='line_1_59' title="bbox 2127 2782 3789 2863; baseline 0.002 -23"><span class='ocrx_word' id='word_1_414' title='bbox 2127 2804 2242 2860; x_wconf 86' lang='grc' dir='ltr'>ρον,</span> <span class='ocrx_word' id='word_1_415' title='bbox 2277 2785 2374 2857; x_wconf 83' lang='grc' dir='ltr'>ὡς,</span> <span class='ocrx_word' id='word_1_416' title='bbox 2408 2782 2461 2839; x_wconf 77' lang='grc' dir='ltr'>εἷ’</span> <span class='ocrx_word' id='word_1_417' title='bbox 2508 2806 2594 2847; x_wconf 89' lang='grc' dir='ltr'>τις</span> <span class='ocrx_word' id='word_1_418' title='bbox 2648 2784 2855 2841; x_wconf 86' lang='grc' dir='ltr'>κτεῖναί</span> <span class='ocrx_word' id='word_1_419' title='bbox 2913 2806 3032 2841; x_wconf 89' lang='grc' dir='ltr'>τινα</span> <span class='ocrx_word' id='word_1_420' title='bbox 3089 2786 3373 2863; x_wconf 82' lang='grc' dir='ltr'>σφαδάζων</span> <span class='ocrx_word' id='word_1_421' title='bbox 3433 2789 3592 2862; x_wconf 81' lang='grc' dir='ltr'>θυμῷ</span> <span class='ocrx_word' id='word_1_422' title='bbox 3647 2810 3789 2863; x_wconf 88' lang='grc' dir='ltr'>συμ-</span> 
     </span>
    </p>
   </div>
   <div class='ocr_carea' id='block_1_60' title="bbox 2124 2872 3785 2957">
    <p class='ocr_par' dir='ltr' id='par_1_60' title="bbox 2124 2872 3785 2957">
     <span class='ocr_line' id='line_1_60' title="bbox 2124 2872 3785 2957; baseline 0.002 -28"><span class='ocrx_word' id='word_1_423' title='bbox 2124 2872 2346 2936; x_wconf 88' lang='grc' dir='ltr'>παθείας</span> <span class='ocrx_word' id='word_1_424' title='bbox 2374 2877 2731 2951; x_wconf 88' lang='grc' dir='ltr'>πρεσχήματι</span> <span class='ocrx_word' id='word_1_425' title='bbox 2766 2872 2950 2949; x_wconf 80' lang='grc' dir='ltr'>δῆθεν,</span> <span class='ocrx_word' id='word_1_426' title='bbox 2990 2875 3154 2949; x_wconf 91' lang='grc' dir='ltr'>μόνον</span> <span class='ocrx_word' id='word_1_427' title='bbox 3208 2875 3407 2932; x_wconf 86' lang='grc' dir='ltr'>τούτου</span> <span class='ocrx_word' id='word_1_428' title='bbox 3460 2878 3562 2947; x_wconf 72' lang='grc' dir='ltr'>τὴν</span> <span class='ocrx_word' id='word_1_429' title='bbox 3617 2898 3785 2957; x_wconf 89' lang='grc' dir='ltr'>κεφα-</span> 
     </span>
    </p>
   </div>
   <div class='ocr_carea' id='block_1_61' title="bbox 2127 2961 3781 3044">
    <p class='ocr_par' dir='ltr' id='par_1_61' title="bbox 2127 2961 3781 3044">
     <span class='ocr_line' id='line_1_61' title="bbox 2127 2961 3781 3044; baseline 0.002 -25"><span class='ocrx_word' id='word_1_430' title='bbox 2127 2961 2231 3033; x_wconf 74' lang='grc' dir='ltr'>λὴν</span> <span class='ocrx_word' id='word_1_431' title='bbox 2282 2963 2523 3037; x_wconf 82' lang='grc' dir='ltr'>ἐκτεμεῖν</span> <span class='ocrx_word' id='word_1_432' title='bbox 2584 2964 2951 3043; x_wconf 85' lang='grc' dir='ltr'>ἀποφήνηται.</span> <span class='ocrx_word' id='word_1_433' title='bbox 2998 2962 3373 3040; x_wconf 83' lang='grc' dir='ltr'>’Δλλ’ἡμεῖς,</span> <span class='ocrx_word' id='word_1_434' title='bbox 3404 2966 3569 3044; x_wconf 86' lang='grc' dir='ltr'>κυρὸς</span> <span class='ocrx_word' id='word_1_435' title='bbox 3619 2967 3647 3021; x_wconf 84' lang='grc' dir='ltr'><strong>ὁ</strong></span> <span class='ocrx_word' id='word_1_436' title='bbox 3683 2988 3781 3041; x_wconf 83' lang='grc' dir='ltr'>με·</span> 
     </span>
    </p>
   </div>
   <div class='ocr_carea' id='block_1_62' title="bbox 2124 3051 3781 3131">
    <p class='ocr_par' dir='ltr' id='par_1_62' title="bbox 2124 3051 3781 3131">
     <span class='ocr_line' id='line_1_62' title="bbox 2124 3051 3781 3131; baseline 0.002 -24"><span class='ocrx_word' id='word_1_437' title='bbox 2124 3074 2243 3130; x_wconf 90' lang='grc' dir='ltr'>γας,</span> <span class='ocrx_word' id='word_1_438' title='bbox 2278 3052 2523 3117; x_wconf 84' lang='grc' dir='ltr'>εἰπόντες</span> <span class='ocrx_word' id='word_1_439' title='bbox 2551 3058 2631 3126; x_wconf 80' lang='grc' dir='ltr'>τῷ</span> <span class='ocrx_word' id='word_1_440' title='bbox 2659 3051 2908 3131; x_wconf 77' lang='grc' dir='ltr'>ἄρχοντι,</span> <span class='ocrx_word' id='word_1_441' title='bbox 2944 3052 3316 3129; x_wconf 87' lang='grc' dir='ltr'>ἀδικούμενοι,</span> <span class='ocrx_word' id='word_1_442' title='bbox 3349 3056 3425 3119; x_wconf 83' lang='grc' dir='ltr'>ὡς</span> <span class='ocrx_word' id='word_1_443' title='bbox 3474 3054 3642 3130; x_wconf 76' lang='grc' dir='ltr'>μηδὶν</span> <span class='ocrx_word' id='word_1_444' title='bbox 3669 3060 3781 3111; x_wconf 89' lang='grc' dir='ltr'>τῶν</span> 
     </span>
    </p>
   </div>
   <div class='ocr_carea' id='block_1_63' title="bbox 2128 3140 3783 3222">
    <p class='ocr_par' dir='ltr' id='par_1_63' title="bbox 2128 3140 3783 3222">
     <span class='ocr_line' id='line_1_63' title="bbox 2128 3140 3783 3222; baseline 0.002 -25"><span class='ocrx_word' id='word_1_445' title='bbox 2128 3142 2642 3220; x_wconf 84' lang='grc' dir='ltr'>συκοφαντουμένων</span> <span class='ocrx_word' id='word_1_446' title='bbox 2721 3140 2945 3215; x_wconf 82' lang='grc' dir='ltr'>εἰδότες,</span> <span class='ocrx_word' id='word_1_447' title='bbox 3016 3143 3191 3221; x_wconf 84' lang='grc' dir='ltr'>κρίσιν</span> <span class='ocrx_word' id='word_1_448' title='bbox 3281 3149 3551 3218; x_wconf 85' lang='grc' dir='ltr'>ζητοῦμεν</span> <span class='ocrx_word' id='word_1_449' title='bbox 3633 3144 3783 3222; x_wconf 82' lang='grc' dir='ltr'>παρὰ</span> 
     </span>
    </p>
   </div>
   <div class='ocr_carea' id='block_1_64' title="bbox 2124 3230 3777 3311">
    <p class='ocr_par' dir='ltr' id='par_1_64' title="bbox 2124 3230 3777 3311">
     <span class='ocr_line' id='line_1_64' title="bbox 2124 3230 3777 3311; baseline 0.002 -25"><span class='ocrx_word' id='word_1_450' title='bbox 2124 3235 2323 3307; x_wconf 86' lang='grc' dir='ltr'>κριτῶν</span> <span class='ocrx_word' id='word_1_451' title='bbox 2356 3232 2485 3287; x_wconf 84' lang='grc' dir='ltr'>Θεὸν</span> <span class='ocrx_word' id='word_1_452' title='bbox 2519 3231 2761 3307; x_wconf 88' lang='grc' dir='ltr'>ἐχόντων</span> <span class='ocrx_word' id='word_1_453' title='bbox 2785 3232 2892 3309; x_wconf 85' lang='grc' dir='ltr'>πρὸ</span> <span class='ocrx_word' id='word_1_454' title='bbox 2951 3230 3272 3310; x_wconf 84' lang='grc' dir='ltr'>ὀφθαλμῶν’</span> <span class='ocrx_word' id='word_1_455' title='bbox 3319 3234 3410 3289; x_wconf 78' lang='grc' dir='ltr'>καὶ</span> <span class='ocrx_word' id='word_1_456' title='bbox 3467 3238 3583 3297; x_wconf 88' lang='grc' dir='ltr'>πῶς</span> <span class='ocrx_word' id='word_1_457' title='bbox 3640 3253 3777 3311; x_wconf 84' lang='grc' dir='ltr'>παρ-</span> 
     </span>
    </p>
   </div>
   <div class='ocr_carea' id='block_1_65' title="bbox 2125 3317 3780 3395">
    <p class='ocr_par' dir='ltr' id='par_1_65' title="bbox 2125 3317 3780 3395">
     <span class='ocr_line' id='line_1_65' title="bbox 2125 3317 3780 3395; baseline 0.001 -21"><span class='ocrx_word' id='word_1_458' title='bbox 2125 3319 2336 3391; x_wconf 88' lang='grc' dir='ltr'>αίτησιν</span> <span class='ocrx_word' id='word_1_459' title='bbox 2370 3318 2586 3393; x_wconf 86' lang='grc' dir='ltr'>δῶμεν;</span> <span class='ocrx_word' id='word_1_460' title='bbox 2622 3320 2682 3375; x_wconf 76' lang='grc' dir='ltr'>Εἰ</span> <span class='ocrx_word' id='word_1_461' title='bbox 2741 3317 2799 3375; x_wconf 70' lang='grc' dir='ltr'>δὲ</span> <span class='ocrx_word' id='word_1_462' title='bbox 2853 3317 3031 3394; x_wconf 87' lang='grc' dir='ltr'>δῶμεν</span> <span class='ocrx_word' id='word_1_463' title='bbox 3094 3318 3559 3395; x_wconf 88' lang='grc' dir='ltr'>δυναστευόμενοι,</span> <span class='ocrx_word' id='word_1_464' title='bbox 3593 3320 3645 3376; x_wconf 89' lang='grc' dir='ltr'>ἐν</span> <span class='ocrx_word' id='word_1_465' title='bbox 3698 3326 3780 3395; x_wconf 81' lang='grc' dir='ltr'>τῷ</span> 
     </span>
    </p>
   </div>
   <div class='ocr_carea' id='block_1_66' title="bbox 363 3388 2010 3486">
    <p class='ocr_par' dir='ltr' id='par_1_66' title="bbox 363 3388 2010 3482">
     <span class='ocr_line' id='line_1_66' title="bbox 363 3388 2010 3482; baseline 0.008 -22"><span class='ocrx_word' id='word_1_466' title='bbox 363 3405 623 3463; x_wconf 90' lang='lat' dir='ltr'>Ecclesia</span> <span class='ocrx_word' id='word_1_467' title='bbox 661 3406 994 3479; x_wconf 90' lang='lat' dir='ltr'>pellendum</span> <span class='ocrx_word' id='word_1_468' title='bbox 1022 3427 1035 3478; x_wconf 90' lang='lat'><strong>;</strong></span> <span class='ocrx_word' id='word_1_469' title='bbox 1088 3411 1137 3465; x_wconf 90' lang='lat' dir='ltr'>si</span> <span class='ocrx_word' id='word_1_470' title='bbox 1168 3388 1403 3482; x_wconf 78' lang='lat' dir='ltr'>quidem</span> <span class='ocrx_word' id='word_1_471' title='bbox 1437 3388 1736 3471; x_wconf 75' lang='lat' dir='ltr'>auditores</span> <span class='ocrx_word' id='word_1_472' title='bbox 1769 3418 2010 3473; x_wconf 90' lang='lat' dir='ltr'>menda-</span> 
     </span>
    </p>
   </div>
   <div class='ocr_carea' id='block_1_67' title="bbox 2122 3388 3781 3486">
    <p class='ocr_par' dir='ltr' id='par_1_67' title="bbox 2122 3388 3781 3486">
     <span class='ocr_line' id='line_1_67' title="bbox 2122 3388 3781 3486; baseline 0.001 -22"><span class='ocrx_word' id='word_1_473' title='bbox 2122 3388 2291 3481; x_wconf 79' lang='grc' dir='ltr'>κοινῷ</span> <span class='ocrx_word' id='word_1_474' title='bbox 2346 3388 2616 3484; x_wconf 79' lang='grc' dir='ltr'>κριτηρίῳ</span> <span class='ocrx_word' id='word_1_475' title='bbox 2674 3409 2775 3464; x_wconf 84' lang='grc' dir='ltr'>οὐκ</span> <span class='ocrx_word' id='word_1_476' title='bbox 2828 3388 3283 3486; x_wconf 83' lang='grc' dir='ltr'>ἐλεγχθήσεταιή</span> <span class='ocrx_word' id='word_1_477' title='bbox 3315 3388 3568 3482; x_wconf 69' lang='grc' dir='ltr'>ἀλήθεια,</span> <span class='ocrx_word' id='word_1_478' title='bbox 3617 3388 3781 3480; x_wconf 75' lang='grc' dir='ltr'>ἡνίκα</span> 
     </span>
    </p>
   </div>
   <div class='ocr_carea' id='block_1_68' title="bbox 363 3493 2015 3578">
    <p class='ocr_par' dir='ltr' id='par_1_68' title="bbox 363 3493 2015 3578">
     <span class='ocr_line' id='line_1_68' title="bbox 363 3493 2015 3578; baseline 0.008 -30"><span class='ocrx_word' id='word_1_479' title='bbox 363 3493 521 3549; x_wconf 88' lang='lat' dir='ltr'>cium</span> <span class='ocrx_word' id='word_1_480' title='bbox 554 3496 785 3551; x_wconf 86' lang='lat' dir='ltr'>veritati</span> <span class='ocrx_word' id='word_1_481' title='bbox 816 3506 1178 3569; x_wconf 68' lang='lat' dir='ltr'>praeponant.</span> <span class='ocrx_word' id='word_1_482' title='bbox 1218 3502 1287 3556; x_wconf 87' lang='lat' dir='ltr'>At</span> <span class='ocrx_word' id='word_1_483' title='bbox 1319 3502 1647 3574; x_wconf 87' lang='lat' dir='ltr'>periculum</span> <span class='ocrx_word' id='word_1_484' title='bbox 1680 3510 1790 3571; x_wconf 85' lang='lat' dir='ltr'>est,</span> <span class='ocrx_word' id='word_1_485' title='bbox 1824 3506 2015 3578; x_wconf 88' lang='lat' dir='ltr'>inquit</span> 
     </span>
    </p>
   </div>
   <div class='ocr_carea' id='block_1_69' title="bbox 360 3582 2016 3661">
    <p class='ocr_par' dir='ltr' id='par_1_69' title="bbox 360 3582 2016 3661">
     <span class='ocr_line' id='line_1_69' title="bbox 360 3582 2016 3661; baseline 0.008 -23"><span class='ocrx_word' id='word_1_486' title='bbox 360 3582 481 3651; x_wconf 89' lang='lat' dir='ltr'>ille,</span> <span class='ocrx_word' id='word_1_487' title='bbox 519 3601 589 3640; x_wconf 91' lang='lat' dir='ltr'>ne</span> <span class='ocrx_word' id='word_1_488' title='bbox 612 3589 667 3641; x_wconf 91' lang='lat' dir='ltr'>te</span> <span class='ocrx_word' id='word_1_489' title='bbox 693 3587 1102 3655; x_wconf 89' lang='lat' dir='ltr'>condemnato,</span> <span class='ocrx_word' id='word_1_490' title='bbox 1123 3589 1223 3661; x_wconf 93' lang='lat' dir='ltr'>qui</span> <span class='ocrx_word' id='word_1_491' title='bbox 1255 3607 1289 3645; x_wconf 91' lang='lat' dir='ltr'>a</span> <span class='ocrx_word' id='word_1_492' title='bbox 1322 3596 1374 3646; x_wconf 84' lang='lat' dir='ltr'>te</span> <span class='ocrx_word' id='word_1_493' title='bbox 1406 3593 1659 3648; x_wconf 89' lang='lat' dir='ltr'>ordinati</span> <span class='ocrx_word' id='word_1_494' title='bbox 1693 3598 1833 3650; x_wconf 87' lang='lat' dir='ltr'>sunt</span> <span class='ocrx_word' id='word_1_495' title='bbox 1863 3595 2016 3652; x_wconf 88' lang='lat' dir='ltr'>inter</span> 
     </span>
    </p>
   </div>
   <div class='ocr_carea' id='block_1_70' title="bbox 359 3670 2015 3744">
    <p class='ocr_par' dir='ltr' id='par_1_70' title="bbox 359 3670 2015 3744">
     <span class='ocr_line' id='line_1_70' title="bbox 359 3670 2015 3744; baseline 0.009 -18"><span class='ocrx_word' id='word_1_496' title='bbox 359 3670 541 3728; x_wconf 89' lang='lat' dir='ltr'>laicos</span> <span class='ocrx_word' id='word_1_497' title='bbox 570 3674 1073 3744; x_wconf 86' lang='lat' dir='ltr'>abjiciantur.Nos</span> <span class='ocrx_word' id='word_1_498' title='bbox 1105 3695 1236 3734; x_wconf 89' lang='lat' dir='ltr'>vero</span> <span class='ocrx_word' id='word_1_499' title='bbox 1268 3686 1492 3737; x_wconf 89' lang='lat' dir='ltr'>contra.</span> <span class='ocrx_word' id='word_1_500' title='bbox 1522 3684 1649 3737; x_wconf 68' lang='lat' dir='ltr'>Haec</span> <span class='ocrx_word' id='word_1_501' title='bbox 1669 3699 1804 3739; x_wconf 87' lang='lat' dir='ltr'>vera</span> <span class='ocrx_word' id='word_1_502' title='bbox 1833 3684 2015 3741; x_wconf 88' lang='lat' dir='ltr'>simu-</span> 
     </span>
    </p>
   </div>
   <div class='ocr_carea' id='block_1_71' title="bbox 361 3761 2012 3840">
    <p class='ocr_par' dir='ltr' id='par_1_71' title="bbox 361 3761 2012 3840">
     <span class='ocr_line' id='line_1_71' title="bbox 361 3761 2012 3840; baseline 0.008 -24"><span class='ocrx_word' id='word_1_503' title='bbox 361 3761 504 3818; x_wconf 92' lang='lat' dir='ltr'>latio</span> <span class='ocrx_word' id='word_1_504' title='bbox 535 3767 642 3832; x_wconf 89' lang='lat' dir='ltr'>est,</span> <span class='ocrx_word' id='word_1_505' title='bbox 679 3764 957 3833; x_wconf 81' lang='lat' dir='ltr'>diximus,</span> <span class='ocrx_word' id='word_1_506' title='bbox 991 3783 1126 3822; x_wconf 89' lang='lat' dir='ltr'>nam</span> <span class='ocrx_word' id='word_1_507' title='bbox 1160 3769 1261 3840; x_wconf 91' lang='lat' dir='ltr'>qui</span> <span class='ocrx_word' id='word_1_508' title='bbox 1302 3787 1336 3824; x_wconf 89' lang='lat' dir='ltr'>a</span> <span class='ocrx_word' id='word_1_509' title='bbox 1387 3770 1557 3827; x_wconf 89' lang='lat' dir='ltr'>nobis</span> <span class='ocrx_word' id='word_1_510' title='bbox 1586 3770 1865 3830; x_wconf 65' lang='lat' dir='ltr'>laedendis</span> <span class='ocrx_word' id='word_1_511' title='bbox 1897 3792 2012 3830; x_wconf 92' lang='lat' dir='ltr'>non</span> 
     </span>
    </p>
   </div>
   <div class='ocr_carea' id='block_1_72' title="bbox 360 3850 2014 3930">
    <p class='ocr_par' dir='ltr' id='par_1_72' title="bbox 360 3850 2014 3930">
     <span class='ocr_line' id='line_1_72' title="bbox 360 3850 2014 3930; baseline 0.007 -23"><span class='ocrx_word' id='word_1_512' title='bbox 360 3850 1095 3926; x_wconf 84' lang='lat' dir='ltr'>abstinuerunt,quomodo</span> <span class='ocrx_word' id='word_1_513' title='bbox 1115 3857 1247 3913; x_wconf 90' lang='lat' dir='ltr'>aliis</span> <span class='ocrx_word' id='word_1_514' title='bbox 1271 3860 1557 3930; x_wconf 86' lang='lat' dir='ltr'>parcent?</span> <span class='ocrx_word' id='word_1_515' title='bbox 1588 3860 1659 3916; x_wconf 89' lang='lat' dir='ltr'>Ut</span> <span class='ocrx_word' id='word_1_516' title='bbox 1688 3867 1882 3917; x_wconf 89' lang='lat' dir='ltr'>autem</span> <span class='ocrx_word' id='word_1_517' title='bbox 1916 3863 2014 3920; x_wconf 90' lang='lat' dir='ltr'>ille</span> 
     </span>
    </p>
   </div>
   <div class='ocr_carea' id='block_1_73' title="bbox 360 3940 2014 4025">
    <p class='ocr_par' dir='ltr' id='par_1_73' title="bbox 360 3940 2014 4025">
     <span class='ocr_line' id='line_1_73' title="bbox 360 3940 2014 4025; baseline 0.009 -31"><span class='ocrx_word' id='word_1_518' title='bbox 360 3940 449 3995; x_wconf 91' lang='lat' dir='ltr'>vir</span> <span class='ocrx_word' id='word_1_519' title='bbox 478 3941 797 4013; x_wconf 87' lang='lat' dir='ltr'>primarius</span> <span class='ocrx_word' id='word_1_520' title='bbox 846 3944 994 3999; x_wconf 90' lang='lat' dir='ltr'>nihil</span> <span class='ocrx_word' id='word_1_521' title='bbox 1046 3947 1305 4017; x_wconf 88' lang='lat' dir='ltr'>perfecit,</span> <span class='ocrx_word' id='word_1_522' title='bbox 1339 3949 1571 4005; x_wconf 88' lang='lat' dir='ltr'>etiarnsi</span> <span class='ocrx_word' id='word_1_523' title='bbox 1621 3950 1711 4007; x_wconf 91' lang='lat' dir='ltr'>bis</span> <span class='ocrx_word' id='word_1_524' title='bbox 1759 3956 1816 4007; x_wconf 93' lang='lat' dir='ltr'>et</span> <span class='ocrx_word' id='word_1_525' title='bbox 1862 3969 2014 4025; x_wconf 66' lang='lat' dir='ltr'>saepe</span> 
     </span>
    </p>
   </div>
   <div class='ocr_carea' id='block_1_74' title="bbox 360 4030 2011 4098">
    <p class='ocr_par' dir='ltr' id='par_1_74' title="bbox 360 4030 2011 4098">
     <span class='ocr_line' id='line_1_74' title="bbox 360 4030 2011 4098; baseline 0.007 -13"><span class='ocrx_word' id='word_1_526' title='bbox 360 4030 582 4098; x_wconf 81' lang='lat' dir='ltr'>exierit,</span> <span class='ocrx_word' id='word_1_527' title='bbox 642 4033 877 4089; x_wconf 90' lang='lat' dir='ltr'>nemine</span> <span class='ocrx_word' id='word_1_528' title='bbox 929 4035 1471 4092; x_wconf 87' lang='lat' dir='ltr'>comministrorum</span> <span class='ocrx_word' id='word_1_529' title='bbox 1532 4039 1619 4095; x_wconf 87' lang='lat' dir='ltr'>vel</span> <span class='ocrx_word' id='word_1_530' title='bbox 1668 4039 2011 4097; x_wconf 90' lang='lat' dir='ltr'>clericorum</span> 
     </span>
    </p>
   </div>
   <div class='ocr_carea' id='block_1_75' title="bbox 356 4118 2015 4192">
    <p class='ocr_par' dir='ltr' id='par_1_75' title="bbox 356 4118 2015 4192">
     <span class='ocr_line' id='line_1_75' title="bbox 356 4118 2015 4192; baseline 0.008 -19"><span class='ocrx_word' id='word_1_531' title='bbox 356 4118 444 4174; x_wconf 89' lang='lat' dir='ltr'>vel</span> <span class='ocrx_word' id='word_1_532' title='bbox 475 4119 942 4192; x_wconf 83' lang='lat' dir='ltr'>hegumenorum</span> <span class='ocrx_word' id='word_1_533' title='bbox 977 4124 1072 4179; x_wconf 90' lang='lat' dir='ltr'>his</span> <span class='ocrx_word' id='word_1_534' title='bbox 1101 4124 1379 4181; x_wconf 89' lang='lat' dir='ltr'>omnibus</span> <span class='ocrx_word' id='word_1_535' title='bbox 1403 4127 1609 4184; x_wconf 90' lang='lat' dir='ltr'>diebus</span> <span class='ocrx_word' id='word_1_536' title='bbox 1632 4130 1704 4184; x_wconf 90' lang='lat' dir='ltr'>ad</span> <span class='ocrx_word' id='word_1_537' title='bbox 1730 4147 1834 4185; x_wconf 90' lang='lat' dir='ltr'>nos</span> <span class='ocrx_word' id='word_1_538' title='bbox 1858 4148 2015 4187; x_wconf 83' lang='lat' dir='ltr'>acce-</span> 
     </span>
    </p>
   </div>
   <div class='ocr_carea' id='block_1_76' title="bbox 359 4208 2012 4293">
    <p class='ocr_par' dir='ltr' id='par_1_76' title="bbox 359 4208 2012 4293">
     <span class='ocr_line' id='line_1_76' title="bbox 359 4208 2012 4293; baseline 0.008 -30"><span class='ocrx_word' id='word_1_539' title='bbox 359 4208 497 4265; x_wconf 90' lang='lat' dir='ltr'>dere</span> <span class='ocrx_word' id='word_1_540' title='bbox 545 4210 818 4278; x_wconf 87' lang='lat' dir='ltr'>audente,</span> <span class='ocrx_word' id='word_1_541' title='bbox 854 4216 1094 4283; x_wconf 79' lang='lat' dir='ltr'>excepto</span> <span class='ocrx_word' id='word_1_542' title='bbox 1146 4219 1373 4270; x_wconf 89' lang='lat' dir='ltr'>tantum</span> <span class='ocrx_word' id='word_1_543' title='bbox 1429 4217 1701 4290; x_wconf 88' lang='lat' dir='ltr'>episcopo</span> <span class='ocrx_word' id='word_1_544' title='bbox 1750 4218 2012 4293; x_wconf 86' lang='lat' dir='ltr'>Gangre-</span> 
     </span>
    </p>
   </div>
   <div class='ocr_carea' id='block_1_77' title="bbox 358 4298 2012 4373">
    <p class='ocr_par' dir='ltr' id='par_1_77' title="bbox 358 4298 2012 4373">
     <span class='ocr_line' id='line_1_77' title="bbox 358 4298 2012 4373; baseline 0.008 -21"><span class='ocrx_word' id='word_1_545' title='bbox 358 4315 514 4369; x_wconf 88' lang='lat' dir='ltr'>rum,</span> <span class='ocrx_word' id='word_1_546' title='bbox 547 4298 786 4370; x_wconf 89' lang='lat' dir='ltr'>quicum</span> <span class='ocrx_word' id='word_1_547' title='bbox 820 4318 941 4356; x_wconf 86' lang='lat' dir='ltr'>rem</span> <span class='ocrx_word' id='word_1_548' title='bbox 974 4304 1404 4359; x_wconf 86' lang='lat' dir='ltr'>communicavi</span> <span class='ocrx_word' id='word_1_549' title='bbox 1432 4324 1445 4373; x_wconf 91' lang='lat'><strong>;</strong></span> <span class='ocrx_word' id='word_1_550' title='bbox 1478 4324 1543 4362; x_wconf 88' lang='lat' dir='ltr'>ac</span> <span class='ocrx_word' id='word_1_551' title='bbox 1572 4307 2012 4365; x_wconf 88' lang='lat' dir='ltr'>hieromonachi</span> 
     </span>
    </p>
   </div>
   <div class='ocr_carea' id='block_1_78' title="bbox 360 4386 2011 4466">
    <p class='ocr_par' dir='ltr' id='par_1_78' title="bbox 360 4386 2011 4466">
     <span class='ocr_line' id='line_1_78' title="bbox 360 4386 2011 4466; baseline 0.008 -24"><span class='ocrx_word' id='word_1_552' title='bbox 360 4386 597 4443; x_wconf 91' lang='lat' dir='ltr'>assidue</span> <span class='ocrx_word' id='word_1_553' title='bbox 619 4388 1026 4458; x_wconf 88' lang='lat' dir='ltr'>hortabantur,</span> <span class='ocrx_word' id='word_1_554' title='bbox 1043 4396 1240 4464; x_wconf 86' lang='lat' dir='ltr'>utpote</span> <span class='ocrx_word' id='word_1_555' title='bbox 1260 4393 1356 4464; x_wconf 90' lang='lat' dir='ltr'>qui</span> <span class='ocrx_word' id='word_1_556' title='bbox 1382 4394 1643 4451; x_wconf 89' lang='lat' dir='ltr'>viderent</span> <span class='ocrx_word' id='word_1_557' title='bbox 1668 4397 2011 4466; x_wconf 87' lang='lat' dir='ltr'>hujusmodi</span> 
     </span>
    </p>
   </div>
   <div class='ocr_carea' id='block_1_79' title="bbox 358 4473 2016 4552">
    <p class='ocr_par' dir='ltr' id='par_1_79' title="bbox 358 4473 2016 4552">
     <span class='ocr_line' id='line_1_79' title="bbox 358 4473 2016 4552; baseline 0.008 -23"><span class='ocrx_word' id='word_1_558' title='bbox 358 4473 696 4531; x_wconf 88' lang='lat' dir='ltr'>incendium</span> <span class='ocrx_word' id='word_1_559' title='bbox 729 4481 926 4533; x_wconf 84' lang='lat' dir='ltr'>contra</span> <span class='ocrx_word' id='word_1_560' title='bbox 955 4495 1061 4534; x_wconf 88' lang='lat' dir='ltr'>nos</span> <span class='ocrx_word' id='word_1_561' title='bbox 1104 4480 1177 4534; x_wconf 89' lang='lat' dir='ltr'>ab</span> <span class='ocrx_word' id='word_1_562' title='bbox 1206 4480 1486 4536; x_wconf 89' lang='lat' dir='ltr'>omnibus</span> <span class='ocrx_word' id='word_1_563' title='bbox 1516 4483 1853 4552; x_wconf 81' lang='lat' dir='ltr'>excitatum,</span> <span class='ocrx_word' id='word_1_564' title='bbox 1887 4492 1952 4542; x_wconf 91' lang='lat' dir='ltr'>ut</span> <span class='ocrx_word' id='word_1_565' title='bbox 1982 4505 2016 4542; x_wconf 93' lang='lat' dir='ltr'>a</span> 
     </span>
    </p>
   </div>
   <div class='ocr_carea' id='block_1_80' title="bbox 360 4564 2011 4637">
    <p class='ocr_par' dir='ltr' id='par_1_80' title="bbox 360 4564 2011 4637">
     <span class='ocr_line' id='line_1_80' title="bbox 360 4564 2011 4637; baseline 0.007 -19"><span class='ocrx_word' id='word_1_566' title='bbox 360 4568 546 4637; x_wconf 66' lang='lat' dir='ltr'>coepto</span> <span class='ocrx_word' id='word_1_567' title='bbox 579 4564 921 4621; x_wconf 89' lang='lat' dir='ltr'>desisterem</span> <span class='ocrx_word' id='word_1_568' title='bbox 954 4572 1011 4622; x_wconf 89' lang='lat' dir='ltr'>et</span> <span class='ocrx_word' id='word_1_569' title='bbox 1042 4568 1395 4624; x_wconf 88' lang='lat' dir='ltr'>abdicarem.</span> <span class='ocrx_word' id='word_1_570' title='bbox 1430 4571 1575 4627; x_wconf 86' lang='lat' dir='ltr'>Nam</span> <span class='ocrx_word' id='word_1_571' title='bbox 1609 4573 1916 4629; x_wconf 87' lang='lat' dir='ltr'>dicebant:</span> <span class='ocrx_word' id='word_1_572' title='bbox 1951 4576 2011 4631; x_wconf 90' lang='lat' dir='ltr'>Si</span> 
     </span>
    </p>
   </div>
   <div class='ocr_carea' id='block_1_81' title="bbox 360 4653 2011 4733">
    <p class='ocr_par' dir='ltr' id='par_1_81' title="bbox 360 4653 2011 4733">
     <span class='ocr_line' id='line_1_81' title="bbox 360 4653 2011 4733; baseline 0.007 -26"><span class='ocrx_word' id='word_1_573' title='bbox 360 4653 602 4725; x_wconf 90' lang='lat' dir='ltr'>quidam</span> <span class='ocrx_word' id='word_1_574' title='bbox 635 4658 829 4710; x_wconf 90' lang='lat' dir='ltr'>tecum</span> <span class='ocrx_word' id='word_1_575' title='bbox 861 4655 1260 4728; x_wconf 86' lang='lat' dir='ltr'>reperirentur</span> <span class='ocrx_word' id='word_1_576' title='bbox 1305 4675 1375 4713; x_wconf 84' lang='lat' dir='ltr'>ex</span> <span class='ocrx_word' id='word_1_577' title='bbox 1413 4659 1703 4733; x_wconf 87' lang='lat' dir='ltr'>episcopis</span> <span class='ocrx_word' id='word_1_578' title='bbox 1735 4662 1836 4732; x_wconf 91' lang='lat' dir='ltr'>qui</span> <span class='ocrx_word' id='word_1_579' title='bbox 1864 4663 2011 4719; x_wconf 88' lang='lat' dir='ltr'>veri-</span> 
     </span>
    </p>
   </div>
   <div class='ocr_carea' id='block_1_82' title="bbox 2124 3496 3779 3578">
    <p class='ocr_par' dir='ltr' id='par_1_82' title="bbox 2124 3496 3779 3578">
     <span class='ocr_line' id='line_1_82' title="bbox 2124 3496 3779 3578; baseline 0.001 -25"><span class='ocrx_word' id='word_1_580' title='bbox 2124 3498 2547 3575; x_wconf 80' lang='grc' dir='ltr'>παῤῥησιάσεται</span> <span class='ocrx_word' id='word_1_581' title='bbox 2596 3500 2727 3561; x_wconf 85' lang='grc' dir='ltr'>Θεὸς</span> <span class='ocrx_word' id='word_1_582' title='bbox 2785 3496 3139 3570; x_wconf 83' lang='grc' dir='ltr'>ἐκδικήσεως,</span> <span class='ocrx_word' id='word_1_583' title='bbox 3198 3498 3315 3561; x_wconf 88' lang='grc' dir='ltr'>ἐνὸς</span> <span class='ocrx_word' id='word_1_584' title='bbox 3370 3504 3477 3554; x_wconf 88' lang='grc' dir='ltr'>τῶν</span> <span class='ocrx_word' id='word_1_585' title='bbox 3534 3505 3779 3578; x_wconf 85' lang='grc' dir='ltr'>φημιζο-</span> 
     </span>
    </p>
   </div>
   <div class='ocr_carea' id='block_1_83' title="bbox 2128 3586 3784 3664">
    <p class='ocr_par' dir='ltr' id='par_1_83' title="bbox 2128 3586 3784 3664">
     <span class='ocr_line' id='line_1_83' title="bbox 2128 3586 3784 3664; baseline 0.002 -22"><span class='ocrx_word' id='word_1_586' title='bbox 2128 3587 2298 3661; x_wconf 84' lang='grc' dir='ltr'>μένων</span> <span class='ocrx_word' id='word_1_587' title='bbox 2357 3587 2573 3643; x_wconf 89' lang='grc' dir='ltr'>ἀτόπων</span> <span class='ocrx_word' id='word_1_588' title='bbox 2633 3588 2780 3664; x_wconf 77' lang='grc' dir='ltr'>παρὰ</span> <span class='ocrx_word' id='word_1_589' title='bbox 2837 3586 3091 3660; x_wconf 81' lang='grc' dir='ltr'>πολλῶν,</span> <span class='ocrx_word' id='word_1_590' title='bbox 3123 3588 3199 3651; x_wconf 85' lang='grc' dir='ltr'>ὡς</span> <span class='ocrx_word' id='word_1_591' title='bbox 3258 3588 3621 3663; x_wconf 81' lang='grc' dir='ltr'>μανθάνομεν,</span> <span class='ocrx_word' id='word_1_592' title='bbox 3673 3588 3784 3645; x_wconf 85' lang='grc' dir='ltr'>ἀπὸ</span> 
     </span>
    </p>
   </div>
   <div class='ocr_carea' id='block_1_84' title="bbox 2125 3673 3782 3755">
    <p class='ocr_par' dir='ltr' id='par_1_84' title="bbox 2125 3673 3782 3755">
     <span class='ocr_line' id='line_1_84' title="bbox 2125 3673 3782 3755; baseline 0.002 -24"><span class='ocrx_word' id='word_1_593' title='bbox 2125 3681 2221 3731; x_wconf 85' lang='grc' dir='ltr'>σοῦ</span> <span class='ocrx_word' id='word_1_594' title='bbox 2246 3677 2365 3731; x_wconf 88' lang='grc' dir='ltr'>καθ’</span> <span class='ocrx_word' id='word_1_595' title='bbox 2394 3679 2575 3749; x_wconf 86' lang='grc' dir='ltr'>ἡμῶν,</span> <span class='ocrx_word' id='word_1_596' title='bbox 2604 3676 2712 3753; x_wconf 80' lang='grc' dir='ltr'>οὐχ</span> <span class='ocrx_word' id='word_1_597' title='bbox 2739 3673 2835 3731; x_wconf 75' lang='grc' dir='ltr'>ἕνα</span> <span class='ocrx_word' id='word_1_598' title='bbox 2862 3677 2954 3732; x_wconf 86' lang='grc' dir='ltr'>καὶ</span> <span class='ocrx_word' id='word_1_599' title='bbox 2987 3676 3171 3750; x_wconf 89' lang='grc' dir='ltr'>μόνον,</span> <span class='ocrx_word' id='word_1_600' title='bbox 3206 3675 3333 3733; x_wconf 84' lang='grc' dir='ltr'>ἀλλ’</span> <span class='ocrx_word' id='word_1_601' title='bbox 3388 3677 3535 3734; x_wconf 76' lang='grc' dir='ltr'>ὅλων</span> <span class='ocrx_word' id='word_1_602' title='bbox 3590 3678 3782 3755; x_wconf 87' lang='grc' dir='ltr'>ἀρχιε-</span> 
     </span>
    </p>
   </div>
   <div class='ocr_carea' id='block_1_85' title="bbox 2126 3762 3781 3843">
    <p class='ocr_par' dir='ltr' id='par_1_85' title="bbox 2126 3762 3781 3843">
     <span class='ocr_line' id='line_1_85' title="bbox 2126 3762 3781 3843; baseline 0.001 -22"><span class='ocrx_word' id='word_1_603' title='bbox 2126 3766 2261 3843; x_wconf 83' lang='grc' dir='ltr'>ρέων</span> <span class='ocrx_word' id='word_1_604' title='bbox 2319 3762 2613 3839; x_wconf 85' lang='grc' dir='ltr'>δυνάμενον</span> <span class='ocrx_word' id='word_1_605' title='bbox 2687 3766 2926 3842; x_wconf 85' lang='grc' dir='ltr'>ὁρμαθὸν</span> <span class='ocrx_word' id='word_1_606' title='bbox 3001 3772 3101 3836; x_wconf 76' lang='grc' dir='ltr'>τῆς</span> <span class='ocrx_word' id='word_1_607' title='bbox 3164 3765 3493 3837; x_wconf 88' lang='grc' dir='ltr'>Ἐκκλησίας</span> <span class='ocrx_word' id='word_1_608' title='bbox 3563 3767 3781 3842; x_wconf 78' lang='grc' dir='ltr'>ἐξῶσαι,</span> 
     </span>
    </p>
   </div>
   <div class='ocr_carea' id='block_1_86' title="bbox 2126 3852 3785 3933">
    <p class='ocr_par' dir='ltr' id='par_1_86' title="bbox 2126 3852 3785 3933">
     <span class='ocr_line' id='line_1_86' title="bbox 2126 3852 3785 3933; baseline 0.001 -23"><span class='ocrx_word' id='word_1_609' title='bbox 2126 3852 2181 3910; x_wconf 78' lang='grc' dir='ltr'>εἷ’</span> <span class='ocrx_word' id='word_1_610' title='bbox 2202 3877 2265 3931; x_wconf 90' lang='grc' dir='ltr'>γε</span> <span class='ocrx_word' id='word_1_611' title='bbox 2320 3862 2421 3925; x_wconf 84' lang='grc' dir='ltr'>τῆς</span> <span class='ocrx_word' id='word_1_612' title='bbox 2476 3853 2740 3926; x_wconf 87' lang='grc' dir='ltr'>ἀληθείας</span> <span class='ocrx_word' id='word_1_613' title='bbox 2788 3856 2852 3910; x_wconf 85' lang='grc' dir='ltr'>τὸ</span> <span class='ocrx_word' id='word_1_614' title='bbox 2893 3853 3092 3929; x_wconf 84' lang='grc' dir='ltr'>ψεῦδος</span> <span class='ocrx_word' id='word_1_615' title='bbox 3123 3857 3175 3911; x_wconf 78' lang='grc' dir='ltr'>οἱ</span> <span class='ocrx_word' id='word_1_616' title='bbox 3206 3856 3467 3933; x_wconf 86' lang='grc' dir='ltr'>ἀκροαταὶ</span> <span class='ocrx_word' id='word_1_617' title='bbox 3498 3860 3785 3933; x_wconf 88' lang='grc' dir='ltr'>προτιμή-</span> 
     </span>
    </p>
   </div>
   <div class='ocr_carea' id='block_1_87' title="bbox 2125 3942 3783 4023">
    <p class='ocr_par' dir='ltr' id='par_1_87' title="bbox 2125 3942 3783 4023">
     <span class='ocr_line' id='line_1_87' title="bbox 2125 3942 3783 4023; baseline 0.001 -24"><span class='ocrx_word' id='word_1_618' title='bbox 2125 3965 2330 3999; x_wconf 85' lang='grc' dir='ltr'>σουσιν·</span> <span class='ocrx_word' id='word_1_619' title='bbox 2392 3942 2538 3999; x_wconf 88' lang='grc' dir='ltr'>ἀλλά</span> <span class='ocrx_word' id='word_1_620' title='bbox 2599 3946 2673 4017; x_wconf 81' lang='grc' dir='ltr'>μὴ</span> <span class='ocrx_word' id='word_1_621' title='bbox 2736 3947 2802 4018; x_wconf 79' lang='grc' dir='ltr'>τῇ</span> <span class='ocrx_word' id='word_1_622' title='bbox 2864 3948 2933 4010; x_wconf 78' lang='grc' dir='ltr'>σῇ</span> <span class='ocrx_word' id='word_1_623' title='bbox 2990 3945 3317 4019; x_wconf 76' lang='grc' dir='ltr'>καθαιρέσει,</span> <span class='ocrx_word' id='word_1_624' title='bbox 3370 3945 3525 4023; x_wconf 86' lang='grc' dir='ltr'>φησὶ,</span> <span class='ocrx_word' id='word_1_625' title='bbox 3582 3946 3673 4001; x_wconf 82' lang='grc' dir='ltr'>καὶ</span> <span class='ocrx_word' id='word_1_626' title='bbox 3728 3948 3783 4002; x_wconf 71' lang='grc' dir='ltr'>οἱ</span> 
     </span>
    </p>
   </div>
   <div class='ocr_carea' id='block_1_88' title="bbox 2126 4032 3782 4111">
    <p class='ocr_par' dir='ltr' id='par_1_88' title="bbox 2126 4032 3782 4111">
     <span class='ocr_line' id='line_1_88' title="bbox 2126 4032 3782 4111; baseline 0.002 -24"><span class='ocrx_word' id='word_1_627' title='bbox 2126 4032 2232 4087; x_wconf 79' lang='grc' dir='ltr'>ὑπὸ</span> <span class='ocrx_word' id='word_1_628' title='bbox 2263 4036 2360 4087; x_wconf 86' lang='grc' dir='ltr'>σοῦ</span> <span class='ocrx_word' id='word_1_629' title='bbox 2390 4033 2863 4110; x_wconf 82' lang='grc' dir='ltr'>χειροτονηθένοες</span> <span class='ocrx_word' id='word_1_630' title='bbox 2889 4038 3007 4096; x_wconf 87' lang='grc' dir='ltr'>τοῖς</span> <span class='ocrx_word' id='word_1_631' title='bbox 3062 4033 3278 4096; x_wconf 84' lang='grc' dir='ltr'>λαϊκοῖς</span> <span class='ocrx_word' id='word_1_632' title='bbox 3324 4036 3581 4111; x_wconf 90' lang='grc' dir='ltr'>κριθῶσιν</span> <span class='ocrx_word' id='word_1_633' title='bbox 3644 4033 3782 4090; x_wconf 91' lang='grc' dir='ltr'>ἀπό-</span> 
     </span>
    </p>
   </div>
   <div class='ocr_carea' id='block_1_89' title="bbox 2125 4117 3780 4200">
    <p class='ocr_par' dir='ltr' id='par_1_89' title="bbox 2125 4117 3780 4200">
     <span class='ocr_line' id='line_1_89' title="bbox 2125 4117 3780 4200; baseline 0.001 -24"><span class='ocrx_word' id='word_1_634' title='bbox 2125 4117 2347 4193; x_wconf 90' lang='grc' dir='ltr'>ϐλητοι.</span> <span class='ocrx_word' id='word_1_635' title='bbox 2385 4125 2597 4197; x_wconf 75' lang='grc' dir='ltr'>Σκῆψις</span> <span class='ocrx_word' id='word_1_636' title='bbox 2653 4126 2841 4191; x_wconf 88' lang='grc' dir='ltr'>ταῦτα,</span> <span class='ocrx_word' id='word_1_637' title='bbox 2875 4121 3217 4196; x_wconf 82' lang='grc' dir='ltr'>ἆντείπομεν.</span> <span class='ocrx_word' id='word_1_638' title='bbox 3248 4124 3313 4178; x_wconf 79' lang='grc' dir='ltr'>Οἱ</span> <span class='ocrx_word' id='word_1_639' title='bbox 3360 4124 3465 4200; x_wconf 83' lang='grc' dir='ltr'>γὰρ</span> <span class='ocrx_word' id='word_1_640' title='bbox 3502 4125 3664 4197; x_wconf 73' lang='grc' dir='ltr'>ἡμῶν</span> <span class='ocrx_word' id='word_1_641' title='bbox 3704 4125 3780 4198; x_wconf 77' lang='grc' dir='ltr'>μὴ</span> 
     </span>
    </p>
   </div>
   <div class='ocr_carea' id='block_1_90' title="bbox 2124 4208 3782 4291">
    <p class='ocr_par' dir='ltr' id='par_1_90' title="bbox 2124 4208 3782 4291">
     <span class='ocr_line' id='line_1_90' title="bbox 2124 4208 3782 4291; baseline 0.001 -25"><span class='ocrx_word' id='word_1_642' title='bbox 2124 4209 2435 4289; x_wconf 84' lang='grc' dir='ltr'>φειδόμενοι</span> <span class='ocrx_word' id='word_1_643' title='bbox 2495 4208 2698 4266; x_wconf 84' lang='grc' dir='ltr'>ἀδικεῖν</span> <span class='ocrx_word' id='word_1_644' title='bbox 2752 4208 2948 4288; x_wconf 79' lang='grc' dir='ltr'>ἐτέρων</span> <span class='ocrx_word' id='word_1_645' title='bbox 2995 4216 3115 4275; x_wconf 87' lang='grc' dir='ltr'>πῶς</span> <span class='ocrx_word' id='word_1_646' title='bbox 3164 4212 3467 4291; x_wconf 87' lang='grc' dir='ltr'>φείσονται;</span> <span class='ocrx_word' id='word_1_647' title='bbox 3510 4214 3598 4276; x_wconf 88' lang='grc' dir='ltr'>Ὧς</span> <span class='ocrx_word' id='word_1_648' title='bbox 3648 4209 3708 4268; x_wconf 69' lang='grc' dir='ltr'>δὲ</span> <span class='ocrx_word' id='word_1_649' title='bbox 3751 4213 3782 4268; x_wconf 83' lang='grc' dir='ltr'>ὁ</span> 
     </span>
    </p>
   </div>
   <div class='ocr_carea' id='block_1_91' title="bbox 2126 4295 3782 4377">
    <p class='ocr_par' dir='ltr' id='par_1_91' title="bbox 2126 4295 3782 4377">
     <span class='ocr_line' id='line_1_91' title="bbox 2126 4295 3782 4377; baseline 0.001 -21"><span class='ocrx_word' id='word_1_650' title='bbox 2126 4302 2311 4377; x_wconf 84' lang='grc' dir='ltr'>ἄρχων</span> <span class='ocrx_word' id='word_1_651' title='bbox 2350 4298 2518 4375; x_wconf 78' lang='grc' dir='ltr'>μηδὲν</span> <span class='ocrx_word' id='word_1_652' title='bbox 2575 4295 2778 4370; x_wconf 87' lang='grc' dir='ltr'>λαϐὼν,</span> <span class='ocrx_word' id='word_1_653' title='bbox 2811 4300 2900 4355; x_wconf 86' lang='grc' dir='ltr'>καὶ</span> <span class='ocrx_word' id='word_1_654' title='bbox 2956 4297 3038 4364; x_wconf 86' lang='grc' dir='ltr'>δὶς</span> <span class='ocrx_word' id='word_1_655' title='bbox 3096 4300 3186 4356; x_wconf 87' lang='grc' dir='ltr'>καὶ</span> <span class='ocrx_word' id='word_1_656' title='bbox 3241 4299 3515 4364; x_wconf 86' lang='grc' dir='ltr'>πολλάκις</span> <span class='ocrx_word' id='word_1_657' title='bbox 3546 4300 3782 4375; x_wconf 82' lang='grc' dir='ltr'>ἀπῆλθε,</span> 
     </span>
    </p>
   </div>
   <div class='ocr_carea' id='block_1_92' title="bbox 2130 4387 3780 4469">
    <p class='ocr_par' dir='ltr' id='par_1_92' title="bbox 2130 4387 3780 4469">
     <span class='ocr_line' id='line_1_92' title="bbox 2130 4387 3780 4469; baseline 0.001 -23"><span class='ocrx_word' id='word_1_658' title='bbox 2130 4388 2365 4464; x_wconf 85' lang='grc' dir='ltr'>μηδενὸς</span> <span class='ocrx_word' id='word_1_659' title='bbox 2392 4395 2500 4445; x_wconf 88' lang='grc' dir='ltr'>τῶν</span> <span class='ocrx_word' id='word_1_660' title='bbox 2531 4387 2971 4467; x_wconf 81' lang='grc' dir='ltr'>συλλειτουργῶν</span> <span class='ocrx_word' id='word_1_661' title='bbox 3028 4388 3170 4463; x_wconf 81' lang='grc' dir='ltr'>μηδέ</span> <span class='ocrx_word' id='word_1_662' title='bbox 3224 4395 3331 4446; x_wconf 92' lang='grc' dir='ltr'>τῶν</span> <span class='ocrx_word' id='word_1_663' title='bbox 3390 4395 3488 4446; x_wconf 87' lang='grc' dir='ltr'>τοῦ</span> <span class='ocrx_word' id='word_1_664' title='bbox 3540 4389 3780 4469; x_wconf 80' lang='grc' dir='ltr'>κλήρου,</span> 
     </span>
    </p>
   </div>
   <div class='ocr_carea' id='block_1_93' title="bbox 2129 4474 3783 4555">
    <p class='ocr_par' dir='ltr' id='par_1_93' title="bbox 2129 4474 3783 4555">
     <span class='ocr_line' id='line_1_93' title="bbox 2129 4474 3783 4555; baseline 0.002 -22"><span class='ocrx_word' id='word_1_665' title='bbox 2129 4481 2205 4553; x_wconf 76' lang='grc' dir='ltr'>μὴ</span> <span class='ocrx_word' id='word_1_666' title='bbox 2266 4480 2580 4554; x_wconf 73' lang='grc' dir='ltr'>ἡγουμένου</span> <span class='ocrx_word' id='word_1_667' title='bbox 2637 4479 2776 4555; x_wconf 85' lang='grc' dir='ltr'>πρὸς</span> <span class='ocrx_word' id='word_1_668' title='bbox 2831 4482 2980 4554; x_wconf 76' lang='grc' dir='ltr'>ἡμᾶς</span> <span class='ocrx_word' id='word_1_669' title='bbox 3037 4474 3411 4555; x_wconf 87' lang='grc' dir='ltr'>παραϐάλλειν</span> <span class='ocrx_word' id='word_1_670' title='bbox 3460 4478 3783 4553; x_wconf 85' lang='grc' dir='ltr'>τολμῶντος</span> 
     </span>
    </p>
   </div>
   <div class='ocr_carea' id='block_1_94' title="bbox 2126 4567 3779 4646">
    <p class='ocr_par' dir='ltr' id='par_1_94' title="bbox 2126 4567 3779 4646">
     <span class='ocr_line' id='line_1_94' title="bbox 2126 4567 3779 4646; baseline 0.001 -22"><span class='ocrx_word' id='word_1_671' title='bbox 2126 4569 2215 4624; x_wconf 85' lang='grc' dir='ltr'>ἐπὶ</span> <span class='ocrx_word' id='word_1_672' title='bbox 2268 4568 2556 4631; x_wconf 88' lang='grc' dir='ltr'>τοσαόταις</span> <span class='ocrx_word' id='word_1_673' title='bbox 2615 4569 2852 4645; x_wconf 86' lang='grc' dir='ltr'>ἡμέραις</span> <span class='ocrx_word' id='word_1_674' title='bbox 2910 4568 3063 4632; x_wconf 84' lang='grc' dir='ltr'>ἐκτὸς</span> <span class='ocrx_word' id='word_1_675' title='bbox 3116 4574 3225 4625; x_wconf 90' lang='grc' dir='ltr'>τῶν</span> <span class='ocrx_word' id='word_1_676' title='bbox 3279 4567 3579 4646; x_wconf 76' lang='grc' dir='ltr'>ἀρχιερέων</span> <span class='ocrx_word' id='word_1_677' title='bbox 3659 4571 3779 4635; x_wconf 75' lang='grc' dir='ltr'>ἐνὸς</span> 
     </span>
    </p>
   </div>
   <div class='ocr_carea' id='block_1_95' title="bbox 2124 4656 3787 4735">
    <p class='ocr_par' dir='ltr' id='par_1_95' title="bbox 2124 4656 3787 4735">
     <span class='ocr_line' id='line_1_95' title="bbox 2124 4656 3787 4735; baseline 0 -22"><span class='ocrx_word' id='word_1_678' title='bbox 2124 4662 2219 4713; x_wconf 83' lang='grc' dir='ltr'>τοῦ</span> <span class='ocrx_word' id='word_1_679' title='bbox 2273 4656 2395 4712; x_wconf 86' lang='grc' dir='ltr'>τότε</span> <span class='ocrx_word' id='word_1_680' title='bbox 2434 4660 2692 4732; x_wconf 85' lang='grc' dir='ltr'>Γαγγρῶν</span> <span class='ocrx_word' id='word_1_681' title='bbox 2726 4656 2772 4728; x_wconf 85' lang='grc' dir='ltr'>ᾧ</span> <span class='ocrx_word' id='word_1_682' title='bbox 2800 4656 3191 4730; x_wconf 88' lang='grc' dir='ltr'>κοινωσάμενοι</span> <span class='ocrx_word' id='word_1_683' title='bbox 3251 4657 3377 4735; x_wconf 86' lang='grc' dir='ltr'>περὶ</span> <span class='ocrx_word' id='word_1_684' title='bbox 3428 4658 3529 4727; x_wconf 82' lang='grc' dir='ltr'>τὴν</span> <span class='ocrx_word' id='word_1_685' title='bbox 3587 4659 3787 4733; x_wconf 84' lang='grc' dir='ltr'>παραί-</span> 
     </span>
    </p>
   </div>
   <div class='ocr_carea' id='block_1_96' title="bbox 358 4743 2010 4825">
    <p class='ocr_par' dir='ltr' id='par_1_96' title="bbox 358 4745 2010 4825">
     <span class='ocr_line' id='line_1_96' title="bbox 358 4745 2010 4825; baseline 0.008 -29"><span class='ocrx_word' id='word_1_686' title='bbox 358 4745 539 4799; x_wconf 91' lang='lat' dir='ltr'>tatem</span> <span class='ocrx_word' id='word_1_687' title='bbox 573 4750 1031 4815; x_wconf 87' lang='lat' dir='ltr'>propugnarent,</span> <span class='ocrx_word' id='word_1_688' title='bbox 1063 4751 1120 4825; x_wconf 84' lang='lat' dir='ltr'>et</span> <span class='ocrx_word' id='word_1_689' title='bbox 1149 4747 1195 4801; x_wconf 90' lang='lat' dir='ltr'>si</span> <span class='ocrx_word' id='word_1_690' title='bbox 1231 4749 1576 4805; x_wconf 81' lang='lat' dir='ltr'>mandatum</span> <span class='ocrx_word' id='word_1_691' title='bbox 1610 4752 1888 4809; x_wconf 88' lang='lat' dir='ltr'>canonice</span> <span class='ocrx_word' id='word_1_692' title='bbox 1919 4771 2010 4809; x_wconf 92' lang='lat' dir='ltr'>ac-</span> 
     </span>
    </p>
   </div>
   <div class='ocr_carea' id='block_1_97' title="bbox 2122 4743 3785 4825">
    <p class='ocr_par' dir='ltr' id='par_1_97' title="bbox 2123 4743 3785 4824">
     <span class='ocr_line' id='line_1_97' title="bbox 2123 4743 3785 4824; baseline 0.001 -22"><span class='ocrx_word' id='word_1_693' title='bbox 2123 4768 2279 4818; x_wconf 91' lang='grc' dir='ltr'>τησιν</span> <span class='ocrx_word' id='word_1_694' title='bbox 2330 4743 2400 4800; x_wconf 91' lang='grc' dir='ltr'>δι’</span> <span class='ocrx_word' id='word_1_695' title='bbox 2450 4746 2511 4814; x_wconf 73' lang='grc' dir='ltr'>ἢν</span> <span class='ocrx_word' id='word_1_696' title='bbox 2565 4744 2655 4799; x_wconf 77' lang='grc' dir='ltr'>καὶ</span> <span class='ocrx_word' id='word_1_697' title='bbox 2731 4745 3152 4820; x_wconf 81' lang='grc' dir='ltr'>ἠναγκαζόμεθα</span> <span class='ocrx_word' id='word_1_698' title='bbox 3230 4746 3319 4801; x_wconf 84' lang='grc' dir='ltr'>καὶ</span> <span class='ocrx_word' id='word_1_699' title='bbox 3394 4746 3785 4824; x_wconf 79' lang='grc' dir='ltr'>ἱερομονάχων</span> 
     </span>
    </p>
   </div>
   <div class='ocr_carea' id='block_1_98' title="bbox 361 4820 2014 4911">
    <p class='ocr_par' dir='ltr' id='par_1_98' title="bbox 361 4820 2014 4911">
     <span class='ocr_line' id='line_1_98' title="bbox 361 4820 2014 4911; baseline 0.008 -25"><span class='ocrx_word' id='word_1_700' title='bbox 361 4832 639 4903; x_wconf 89' lang='lat' dir='ltr'>cepisses,</span> <span class='ocrx_word' id='word_1_701' title='bbox 666 4837 729 4887; x_wconf 89' lang='lat' dir='ltr'>tu</span> <span class='ocrx_word' id='word_1_702' title='bbox 754 4833 1027 4890; x_wconf 90' lang='lat' dir='ltr'>insistere</span> <span class='ocrx_word' id='word_1_703' title='bbox 1050 4820 1292 4891; x_wconf 87' lang='lat' dir='ltr'>deberes</span> <span class='ocrx_word' id='word_1_704' title='bbox 1315 4853 1381 4892; x_wconf 91' lang='lat' dir='ltr'>ac</span> <span class='ocrx_word' id='word_1_705' title='bbox 1403 4838 1696 4908; x_wconf 88' lang='lat' dir='ltr'>judicium</span> <span class='ocrx_word' id='word_1_706' title='bbox 1720 4841 2014 4911; x_wconf 89' lang='lat' dir='ltr'>postulare</span> 
     </span>
    </p>
   </div>
   <div class='ocr_carea' id='block_1_99' title="bbox 361 4919 2006 4997">
    <p class='ocr_par' dir='ltr' id='par_1_99' title="bbox 361 4919 2006 4997">
     <span class='ocr_line' id='line_1_99' title="bbox 361 4919 2006 4997; baseline 0.009 -24"><span class='ocrx_word' id='word_1_707' title='bbox 361 4919 435 4975; x_wconf 88' lang='lat' dir='ltr'>iis</span> <span class='ocrx_word' id='word_1_708' title='bbox 467 4922 565 4991; x_wconf 91' lang='lat' dir='ltr'>qui</span> <span class='ocrx_word' id='word_1_709' title='bbox 597 4921 1029 4978; x_wconf 86' lang='lat' dir='ltr'>abdicationem</span> <span class='ocrx_word' id='word_1_710' title='bbox 1062 4929 1359 4995; x_wconf 85' lang='lat' dir='ltr'>peterent;</span> <span class='ocrx_word' id='word_1_711' title='bbox 1392 4933 1451 4982; x_wconf 90' lang='lat' dir='ltr'>at</span> <span class='ocrx_word' id='word_1_712' title='bbox 1480 4929 1713 4997; x_wconf 86' lang='lat' dir='ltr'>quando</span> <span class='ocrx_word' id='word_1_713' title='bbox 1761 4946 1795 4984; x_wconf 93' lang='lat' dir='ltr'>a</span> <span class='ocrx_word' id='word_1_714' title='bbox 1837 4948 2006 4987; x_wconf 86' lang='lat' dir='ltr'>sena-</span> 
     </span>
    </p>
   </div>
   <div class='ocr_carea' id='block_1_100' title="bbox 362 5008 2012 5089">
    <p class='ocr_par' dir='ltr' id='par_1_100' title="bbox 362 5008 2012 5089">
     <span class='ocr_line' id='line_1_100' title="bbox 362 5008 2012 5089; baseline 0.008 -26"><span class='ocrx_word' id='word_1_715' title='bbox 362 5008 511 5065; x_wconf 90' lang='lat' dir='ltr'>torio</span> <span class='ocrx_word' id='word_1_716' title='bbox 546 5010 666 5065; x_wconf 91' lang='lat' dir='ltr'>viro</span> <span class='ocrx_word' id='word_1_717' title='bbox 698 5010 756 5066; x_wconf 88' lang='lat' dir='ltr'>id</span> <span class='ocrx_word' id='word_1_718' title='bbox 785 5017 1112 5081; x_wconf 81' lang='lat' dir='ltr'>praestatur,</span> <span class='ocrx_word' id='word_1_719' title='bbox 1146 5015 1452 5070; x_wconf 90' lang='lat' dir='ltr'>considera</span> <span class='ocrx_word' id='word_1_720' title='bbox 1484 5032 1702 5087; x_wconf 83' lang='lat' dir='ltr'>quaeso,</span> <span class='ocrx_word' id='word_1_721' title='bbox 1734 5019 1868 5089; x_wconf 89' lang='lat' dir='ltr'>quis</span> <span class='ocrx_word' id='word_1_722' title='bbox 1916 5037 2012 5076; x_wconf 88' lang='lat' dir='ltr'>eo-</span> 
     </span>
    </p>
   </div>
   <div class='ocr_carea' id='block_1_101' title="bbox 360 5098 2015 5180">
    <p class='ocr_par' dir='ltr' id='par_1_101' title="bbox 360 5098 2015 5180">
     <span class='ocr_line' id='line_1_101' title="bbox 360 5098 2015 5180; baseline 0.008 -29"><span class='ocrx_word' id='word_1_723' title='bbox 360 5113 492 5152; x_wconf 89' lang='lat' dir='ltr'>rum</span> <span class='ocrx_word' id='word_1_724' title='bbox 524 5098 625 5170; x_wconf 91' lang='lat' dir='ltr'>qui</span> <span class='ocrx_word' id='word_1_725' title='bbox 657 5104 790 5155; x_wconf 88' lang='lat' dir='ltr'>ante</span> <span class='ocrx_word' id='word_1_726' title='bbox 820 5105 875 5156; x_wconf 88' lang='lat' dir='ltr'>te</span> <span class='ocrx_word' id='word_1_727' title='bbox 906 5102 979 5156; x_wconf 91' lang='lat' dir='ltr'>ab</span> <span class='ocrx_word' id='word_1_728' title='bbox 1012 5101 1268 5158; x_wconf 87' lang='lat' dir='ltr'>Ecclesia</span> <span class='ocrx_word' id='word_1_729' title='bbox 1296 5106 1463 5175; x_wconf 85' lang='lat' dir='ltr'>ejecti</span> <span class='ocrx_word' id='word_1_730' title='bbox 1514 5111 1675 5173; x_wconf 90' lang='lat' dir='ltr'>sunt,</span> <span class='ocrx_word' id='word_1_731' title='bbox 1710 5109 1927 5180; x_wconf 91' lang='lat' dir='ltr'>quique</span> <span class='ocrx_word' id='word_1_732' title='bbox 1957 5115 2015 5165; x_wconf 90' lang='lat' dir='ltr'>et</span> 
     </span>
    </p>
   </div>
   <div class='ocr_carea' id='block_1_102' title="bbox 356 5186 2011 5266">
    <p class='ocr_par' dir='ltr' id='par_1_102' title="bbox 356 5186 2011 5266">
     <span class='ocr_line' id='line_1_102' title="bbox 356 5186 2011 5266; baseline 0.007 -25"><span class='ocrx_word' id='word_1_733' title='bbox 356 5186 534 5242; x_wconf 91' lang='lat' dir='ltr'>verbo</span> <span class='ocrx_word' id='word_1_734' title='bbox 567 5191 624 5242; x_wconf 90' lang='lat' dir='ltr'>et</span> <span class='ocrx_word' id='word_1_735' title='bbox 652 5187 772 5244; x_wconf 91' lang='lat' dir='ltr'>vita</span> <span class='ocrx_word' id='word_1_736' title='bbox 802 5190 1001 5263; x_wconf 85' lang='lat' dir='ltr'>magni</span> <span class='ocrx_word' id='word_1_737' title='bbox 1024 5190 1132 5245; x_wconf 91' lang='lat' dir='ltr'>viri</span> <span class='ocrx_word' id='word_1_738' title='bbox 1158 5193 1338 5264; x_wconf 88' lang='lat' dir='ltr'>fuere,</span> <span class='ocrx_word' id='word_1_739' title='bbox 1360 5198 1532 5264; x_wconf 91' lang='lat' dir='ltr'>teque</span> <span class='ocrx_word' id='word_1_740' title='bbox 1554 5196 2011 5266; x_wconf 71' lang='lat' dir='ltr'>praestantiores,</span> 
     </span>
    </p>
   </div>
   <div class='ocr_carea' id='block_1_103' title="bbox 357 5275 2011 5357">
    <p class='ocr_par' dir='ltr' id='par_1_103' title="bbox 357 5275 2011 5357">
     <span class='ocr_line' id='line_1_103' title="bbox 357 5275 2011 5357; baseline 0.008 -28"><span class='ocrx_word' id='word_1_741' title='bbox 357 5275 655 5344; x_wconf 84' lang='lat' dir='ltr'>canonice,</span> <span class='ocrx_word' id='word_1_742' title='bbox 689 5280 745 5331; x_wconf 90' lang='lat' dir='ltr'>et</span> <span class='ocrx_word' id='word_1_743' title='bbox 776 5294 889 5333; x_wconf 91' lang='lat' dir='ltr'>non</span> <span class='ocrx_word' id='word_1_744' title='bbox 929 5295 999 5334; x_wconf 84' lang='lat' dir='ltr'>ex</span> <span class='ocrx_word' id='word_1_745' title='bbox 1046 5281 1390 5338; x_wconf 89' lang='lat' dir='ltr'>auctoritate</span> <span class='ocrx_word' id='word_1_746' title='bbox 1438 5283 1700 5339; x_wconf 66' lang='lat' dir='ltr'>saaculari</span> <span class='ocrx_word' id='word_1_747' title='bbox 1751 5286 2011 5357; x_wconf 86' lang='lat' dir='ltr'>dejectus</span> 
     </span>
    </p>
   </div>
   <div class='ocr_carea' id='block_1_104' title="bbox 360 5364 2012 5446">
    <p class='ocr_par' dir='ltr' id='par_1_104' title="bbox 360 5364 2012 5446">
     <span class='ocr_line' id='line_1_104' title="bbox 360 5364 2012 5446; baseline 0.007 -27"><span class='ocrx_word' id='word_1_748' title='bbox 360 5364 585 5420; x_wconf 79' lang='lat' dir='ltr'>fuerit?</span> <span class='ocrx_word' id='word_1_749' title='bbox 615 5365 1007 5429; x_wconf 90' lang='lat' dir='ltr'>Quamobrem</span> <span class='ocrx_word' id='word_1_750' title='bbox 1039 5369 1155 5425; x_wconf 90' lang='lat' dir='ltr'>Deo</span> <span class='ocrx_word' id='word_1_751' title='bbox 1187 5375 1287 5426; x_wconf 89' lang='lat' dir='ltr'>tua</span> <span class='ocrx_word' id='word_1_752' title='bbox 1318 5371 1715 5439; x_wconf 86' lang='lat' dir='ltr'>committens,</span> <span class='ocrx_word' id='word_1_753' title='bbox 1750 5375 1849 5446; x_wconf 90' lang='lat' dir='ltr'>qui</span> <span class='ocrx_word' id='word_1_754' title='bbox 1882 5393 2012 5431; x_wconf 89' lang='lat' dir='ltr'>ven-</span> 
     </span>
    </p>
   </div>
   <div class='ocr_carea' id='block_1_105' title="bbox 355 5458 2010 5537">
    <p class='ocr_par' dir='ltr' id='par_1_105' title="bbox 355 5458 2010 5537">
     <span class='ocr_line' id='line_1_105' title="bbox 355 5458 2010 5537; baseline 0.009 -30"><span class='ocrx_word' id='word_1_755' title='bbox 355 5458 529 5509; x_wconf 87' lang='lat' dir='ltr'>turus</span> <span class='ocrx_word' id='word_1_756' title='bbox 557 5459 647 5510; x_wconf 89' lang='lat' dir='ltr'>est</span> <span class='ocrx_word' id='word_1_757' title='bbox 679 5471 770 5511; x_wconf 89' lang='lat' dir='ltr'>res</span> <span class='ocrx_word' id='word_1_758' title='bbox 803 5462 1035 5513; x_wconf 89' lang='lat' dir='ltr'>nostras</span> <span class='ocrx_word' id='word_1_759' title='bbox 1058 5459 1347 5531; x_wconf 90' lang='lat' dir='ltr'>judicare,</span> <span class='ocrx_word' id='word_1_760' title='bbox 1367 5461 1573 5517; x_wconf 90' lang='lat' dir='ltr'>abdica</span> <span class='ocrx_word' id='word_1_761' title='bbox 1604 5467 1661 5517; x_wconf 91' lang='lat' dir='ltr'>et</span> <span class='ocrx_word' id='word_1_762' title='bbox 1692 5465 1912 5537; x_wconf 85' lang='lat' dir='ltr'>recede,</span> <span class='ocrx_word' id='word_1_763' title='bbox 1941 5482 2010 5522; x_wconf 91' lang='lat' dir='ltr'>ne</span> 
     </span>
    </p>
   </div>
   <div class='ocr_carea' id='block_1_106' title="bbox 358 5542 2010 5623">
    <p class='ocr_par' dir='ltr' id='par_1_106' title="bbox 358 5542 2010 5623">
     <span class='ocr_line' id='line_1_106' title="bbox 358 5542 2010 5623; baseline 0.01 -28"><span class='ocrx_word' id='word_1_764' title='bbox 358 5542 599 5613; x_wconf 90' lang='lat' dir='ltr'>quidam</span> <span class='ocrx_word' id='word_1_765' title='bbox 660 5561 729 5599; x_wconf 86' lang='lat' dir='ltr'>ex</span> <span class='ocrx_word' id='word_1_766' title='bbox 786 5547 1110 5617; x_wconf 87' lang='lat' dir='ltr'>conjuratis</span> <span class='ocrx_word' id='word_1_767' title='bbox 1158 5550 1228 5604; x_wconf 89' lang='lat' dir='ltr'>ad</span> <span class='ocrx_word' id='word_1_768' title='bbox 1264 5552 1560 5621; x_wconf 84' lang='lat' dir='ltr'>graviores</span> <span class='ocrx_word' id='word_1_769' title='bbox 1593 5553 2010 5623; x_wconf 82' lang='lat' dir='ltr'>sycophantias</span> 
     </span>
    </p>
   </div>
   <div class='ocr_carea' id='block_1_107' title="bbox 356 5633 2007 5702">
    <p class='ocr_par' dir='ltr' id='par_1_107' title="bbox 356 5633 2007 5702">
     <span class='ocr_line' id='line_1_107' title="bbox 356 5633 2007 5702; baseline 0.01 -20"><span class='ocrx_word' id='word_1_770' title='bbox 356 5634 652 5702; x_wconf 86' lang='lat' dir='ltr'>progressi</span> <span class='ocrx_word' id='word_1_771' title='bbox 690 5633 1010 5690; x_wconf 87' lang='lat' dir='ltr'>multorum</span> <span class='ocrx_word' id='word_1_772' title='bbox 1042 5637 1357 5694; x_wconf 87' lang='lat' dir='ltr'>animabus</span> <span class='ocrx_word' id='word_1_773' title='bbox 1387 5645 1444 5696; x_wconf 89' lang='lat' dir='ltr'>et</span> <span class='ocrx_word' id='word_1_774' title='bbox 1475 5641 1600 5696; x_wconf 90' lang='lat' dir='ltr'>suis</span> <span class='ocrx_word' id='word_1_775' title='bbox 1631 5642 1810 5697; x_wconf 89' lang='lat' dir='ltr'>etiam</span> <span class='ocrx_word' id='word_1_776' title='bbox 1842 5643 2007 5698; x_wconf 85' lang='lat' dir='ltr'>dam-</span> 
     </span>
    </p>
   </div>
   <div class='ocr_carea' id='block_1_108' title="bbox 355 5722 2009 5803">
    <p class='ocr_par' dir='ltr' id='par_1_108' title="bbox 355 5722 2009 5803">
     <span class='ocr_line' id='line_1_108' title="bbox 355 5722 2009 5803; baseline 0.009 -30"><span class='ocrx_word' id='word_1_777' title='bbox 355 5735 500 5773; x_wconf 82' lang='lat' dir='ltr'>num</span> <span class='ocrx_word' id='word_1_778' title='bbox 528 5722 799 5777; x_wconf 73' lang='lat' dir='ltr'>inferant.</span> <span class='ocrx_word' id='word_1_779' title='bbox 823 5723 952 5779; x_wconf 68' lang='lat' dir='ltr'>Haec</span> <span class='ocrx_word' id='word_1_780' title='bbox 978 5725 1092 5780; x_wconf 92' lang='lat' dir='ltr'>Deo</span> <span class='ocrx_word' id='word_1_781' title='bbox 1117 5732 1263 5782; x_wconf 85' lang='lat' dir='ltr'>teste</span> <span class='ocrx_word' id='word_1_782' title='bbox 1294 5744 1472 5784; x_wconf 85' lang='lat' dir='ltr'>causa</span> <span class='ocrx_word' id='word_1_783' title='bbox 1502 5730 1612 5785; x_wconf 89' lang='lat' dir='ltr'>fuit</span> <span class='ocrx_word' id='word_1_784' title='bbox 1631 5747 1764 5786; x_wconf 89' lang='lat' dir='ltr'>cum</span> <span class='ocrx_word' id='word_1_785' title='bbox 1798 5732 2009 5803; x_wconf 87' lang='lat' dir='ltr'>prioris</span> 
     </span>
    </p>
   </div>
   <div class='ocr_carea' id='block_1_109' title="bbox 354 5810 2008 5891">
    <p class='ocr_par' dir='ltr' id='par_1_109' title="bbox 354 5810 2008 5891">
     <span class='ocr_line' id='line_1_109' title="bbox 354 5810 2008 5891; baseline 0.008 -30"><span class='ocrx_word' id='word_1_786' title='bbox 354 5811 483 5861; x_wconf 86' lang='lat' dir='ltr'>tum</span> <span class='ocrx_word' id='word_1_787' title='bbox 558 5810 897 5879; x_wconf 89' lang='lat' dir='ltr'>posterioris</span> <span class='ocrx_word' id='word_1_788' title='bbox 972 5813 1381 5885; x_wconf 83' lang='lat' dir='ltr'>abdicationis,</span> <span class='ocrx_word' id='word_1_789' title='bbox 1457 5816 1578 5871; x_wconf 72' lang='lat' dir='ltr'>haec</span> <span class='ocrx_word' id='word_1_790' title='bbox 1653 5818 2008 5891; x_wconf 88' lang='lat' dir='ltr'>conspiratio</span> 
     </span>
    </p>
   </div>
   <div class='ocr_carea' id='block_1_110' title="bbox 2125 4831 3786 4913">
    <p class='ocr_par' dir='ltr' id='par_1_110' title="bbox 2125 4831 3786 4913">
     <span class='ocr_line' id='line_1_110' title="bbox 2125 4831 3786 4913; baseline 0 -22"><span class='ocrx_word' id='word_1_791' title='bbox 2125 4833 2676 4913; x_wconf 77' lang='grc' dir='ltr'>προσκαρτερούντων</span> <span class='ocrx_word' id='word_1_792' title='bbox 2766 4831 2836 4888; x_wconf 83' lang='grc' dir='ltr'>δι’</span> <span class='ocrx_word' id='word_1_793' title='bbox 2916 4833 3268 4907; x_wconf 73' lang='grc' dir='ltr'>Ἐκκλησίας,</span> <span class='ocrx_word' id='word_1_794' title='bbox 3326 4835 3418 4890; x_wconf 82' lang='grc' dir='ltr'>καὶ</span> <span class='ocrx_word' id='word_1_795' title='bbox 3499 4836 3598 4905; x_wconf 76' lang='grc' dir='ltr'>τὴν</span> <span class='ocrx_word' id='word_1_796' title='bbox 3666 4834 3786 4907; x_wconf 77' lang='grc' dir='ltr'>ἐξα-</span> 
     </span>
    </p>
   </div>
   <div class='ocr_carea' id='block_1_111' title="bbox 2120 4921 3787 5003">
    <p class='ocr_par' dir='ltr' id='par_1_111' title="bbox 2120 4921 3787 5003">
     <span class='ocr_line' id='line_1_111' title="bbox 2120 4921 3787 5003; baseline 0.001 -23"><span class='ocrx_word' id='word_1_797' title='bbox 2120 4928 2335 5003; x_wconf 85' lang='grc' dir='ltr'>φθεῖσαν</span> <span class='ocrx_word' id='word_1_798' title='bbox 2397 4924 2628 4997; x_wconf 87' lang='grc' dir='ltr'>ὁρῶντες</span> <span class='ocrx_word' id='word_1_799' title='bbox 2688 4921 2942 5001; x_wconf 81' lang='grc' dir='ltr'>ἐξαίφνης</span> <span class='ocrx_word' id='word_1_800' title='bbox 2996 4922 3265 4995; x_wconf 88' lang='grc' dir='ltr'>τοσαύτην</span> <span class='ocrx_word' id='word_1_801' title='bbox 3340 4925 3607 5001; x_wconf 80' lang='grc' dir='ltr'>πυρκαϊὰν</span> <span class='ocrx_word' id='word_1_802' title='bbox 3665 4926 3787 4981; x_wconf 86' lang='grc' dir='ltr'>καθ’</span> 
     </span>
    </p>
   </div>
   <div class='ocr_carea' id='block_1_112' title="bbox 2123 5008 3783 5088">
    <p class='ocr_par' dir='ltr' id='par_1_112' title="bbox 2123 5008 3783 5088">
     <span class='ocr_line' id='line_1_112' title="bbox 2123 5008 3783 5088; baseline 0.002 -21"><span class='ocrx_word' id='word_1_803' title='bbox 2123 5019 2284 5087; x_wconf 79' lang='grc' dir='ltr'>ἡμῶν</span> <span class='ocrx_word' id='word_1_804' title='bbox 2342 5013 2489 5088; x_wconf 81' lang='grc' dir='ltr'>παρὰ</span> <span class='ocrx_word' id='word_1_805' title='bbox 2544 5011 2759 5066; x_wconf 88' lang='grc' dir='ltr'>πάντων</span> <span class='ocrx_word' id='word_1_806' title='bbox 2843 5012 2933 5067; x_wconf 83' lang='grc' dir='ltr'>καὶ</span> <span class='ocrx_word' id='word_1_807' title='bbox 3019 5008 3457 5086; x_wconf 87' lang='grc' dir='ltr'>ἐκπληττόμενοι</span> <span class='ocrx_word' id='word_1_808' title='bbox 3535 5010 3783 5070; x_wconf 88' lang='grc' dir='ltr'>ἐνδοῦναι</span> 
     </span>
    </p>
   </div>
   <div class='ocr_carea' id='block_1_113' title="bbox 2122 5095 3787 5181">
    <p class='ocr_par' dir='ltr' id='par_1_113' title="bbox 2122 5095 3787 5181">
     <span class='ocr_line' id='line_1_113' title="bbox 2122 5095 3787 5181; baseline 0.001 -24"><span class='ocrx_word' id='word_1_809' title='bbox 2122 5105 2269 5177; x_wconf 77' lang='grc' dir='ltr'>ἡμᾶς</span> <span class='ocrx_word' id='word_1_810' title='bbox 2326 5108 2427 5170; x_wconf 80' lang='grc' dir='ltr'>τῆς</span> <span class='ocrx_word' id='word_1_811' title='bbox 2488 5099 2781 5163; x_wconf 86' lang='grc' dir='ltr'>ἐνστάσεως</span> <span class='ocrx_word' id='word_1_812' title='bbox 2851 5095 3302 5161; x_wconf 85' lang='grc' dir='ltr'>συνεϐούλευσαν,</span> <span class='ocrx_word' id='word_1_813' title='bbox 3361 5102 3425 5158; x_wconf 80' lang='grc' dir='ltr'>Εἰ</span> <span class='ocrx_word' id='word_1_814' title='bbox 3483 5102 3577 5177; x_wconf 66' lang='grc' dir='ltr'>μὲν</span> <span class='ocrx_word' id='word_1_815' title='bbox 3640 5103 3787 5181; x_wconf 78' lang='grc' dir='ltr'>εὑρί-</span> 
     </span>
    </p>
   </div>
   <div class='ocr_carea' id='block_1_114' title="bbox 2122 5188 3784 5267">
    <p class='ocr_par' dir='ltr' id='par_1_114' title="bbox 2122 5188 3784 5267">
     <span class='ocr_line' id='line_1_114' title="bbox 2122 5188 3784 5267; baseline 0.001 -20"><span class='ocrx_word' id='word_1_816' title='bbox 2122 5213 2313 5247; x_wconf 84' lang='grc' dir='ltr'>σκοντο</span> <span class='ocrx_word' id='word_1_817' title='bbox 2372 5188 2625 5265; x_wconf 82' lang='grc' dir='ltr'>λέγοντες</span> <span class='ocrx_word' id='word_1_818' title='bbox 2682 5190 2770 5244; x_wconf 79' lang='grc' dir='ltr'>καὶ</span> <span class='ocrx_word' id='word_1_819' title='bbox 2823 5192 2966 5254; x_wconf 78' lang='grc' dir='ltr'>τινὲς</span> <span class='ocrx_word' id='word_1_820' title='bbox 3037 5191 3172 5265; x_wconf 87' lang='grc' dir='ltr'>μετά</span> <span class='ocrx_word' id='word_1_821' title='bbox 3248 5195 3345 5247; x_wconf 86' lang='grc' dir='ltr'>σοῦ</span> <span class='ocrx_word' id='word_1_822' title='bbox 3421 5190 3784 5267; x_wconf 87' lang='grc' dir='ltr'>ἀντεχόμενοι</span> 
     </span>
    </p>
   </div>
   <div class='ocr_carea' id='block_1_115' title="bbox 2119 5277 3782 5356">
    <p class='ocr_par' dir='ltr' id='par_1_115' title="bbox 2119 5277 3782 5356">
     <span class='ocr_line' id='line_1_115' title="bbox 2119 5277 3782 5356; baseline -0.001 -20"><span class='ocrx_word' id='word_1_823' title='bbox 2119 5286 2225 5336; x_wconf 89' lang='grc' dir='ltr'>τῶν</span> <span class='ocrx_word' id='word_1_824' title='bbox 2285 5279 2586 5356; x_wconf 74' lang='grc' dir='ltr'>ἀρχιερέων</span> <span class='ocrx_word' id='word_1_825' title='bbox 2648 5279 2781 5355; x_wconf 74' lang='grc' dir='ltr'>ὑπὲρ</span> <span class='ocrx_word' id='word_1_826' title='bbox 2841 5277 3098 5350; x_wconf 87' lang='grc' dir='ltr'>ἀληθείας</span> <span class='ocrx_word' id='word_1_827' title='bbox 3155 5284 3290 5336; x_wconf 88' lang='grc' dir='ltr'>Θεοῦ</span> <span class='ocrx_word' id='word_1_828' title='bbox 3344 5280 3434 5335; x_wconf 86' lang='grc' dir='ltr'>καὶ</span> <span class='ocrx_word' id='word_1_829' title='bbox 3482 5283 3782 5343; x_wconf 89' lang='grc' dir='ltr'>κανονικῶς</span> 
     </span>
    </p>
   </div>
   <div class='ocr_carea' id='block_1_116' title="bbox 2121 5364 3783 5448">
    <p class='ocr_par' dir='ltr' id='par_1_116' title="bbox 2121 5364 3783 5448">
     <span class='ocr_line' id='line_1_116' title="bbox 2121 5364 3783 5448; baseline -0.002 -22"><span class='ocrx_word' id='word_1_830' title='bbox 2121 5369 2314 5448; x_wconf 80' lang='grc' dir='ltr'>ἐδέχου</span> <span class='ocrx_word' id='word_1_831' title='bbox 2350 5369 2662 5442; x_wconf 84' lang='grc' dir='ltr'>μηνύματα,</span> <span class='ocrx_word' id='word_1_832' title='bbox 2690 5368 2781 5423; x_wconf 86' lang='grc' dir='ltr'>καὶ</span> <span class='ocrx_word' id='word_1_833' title='bbox 2839 5365 3000 5431; x_wconf 72' lang='grc' dir='ltr'>αἷιτὸς</span> <span class='ocrx_word' id='word_1_834' title='bbox 3061 5369 3363 5434; x_wconf 88' lang='grc' dir='ltr'>ἐνίστασθαι</span> <span class='ocrx_word' id='word_1_835' title='bbox 3409 5364 3643 5447; x_wconf 82' lang='grc' dir='ltr'>ὤφειλες</span> <span class='ocrx_word' id='word_1_836' title='bbox 3688 5368 3783 5425; x_wconf 82' lang='grc' dir='ltr'>καὶ</span> 
     </span>
    </p>
   </div>
   <div class='ocr_carea' id='block_1_117' title="bbox 2119 5455 3785 5537">
    <p class='ocr_par' dir='ltr' id='par_1_117' title="bbox 2119 5455 3785 5537">
     <span class='ocr_line' id='line_1_117' title="bbox 2119 5455 3785 5537; baseline -0.001 -22"><span class='ocrx_word' id='word_1_837' title='bbox 2119 5460 2293 5537; x_wconf 82' lang='grc' dir='ltr'>κρίσιν</span> <span class='ocrx_word' id='word_1_838' title='bbox 2358 5463 2537 5528; x_wconf 84' lang='grc' dir='ltr'>ζητεῖν</span> <span class='ocrx_word' id='word_1_839' title='bbox 2592 5462 2709 5520; x_wconf 88' lang='grc' dir='ltr'>τοῖς</span> <span class='ocrx_word' id='word_1_840' title='bbox 2756 5457 3043 5513; x_wconf 82' lang='grc' dir='ltr'>ἀπαιτοῦσι</span> <span class='ocrx_word' id='word_1_841' title='bbox 3110 5458 3456 5534; x_wconf 86' lang='grc' dir='ltr'>παραίτησιν.</span> <span class='ocrx_word' id='word_1_842' title='bbox 3516 5456 3666 5513; x_wconf 83' lang='grc' dir='ltr'>Ἐπεὶ</span> <span class='ocrx_word' id='word_1_843' title='bbox 3723 5455 3785 5514; x_wconf 74' lang='grc' dir='ltr'>δὲ</span> 
     </span>
    </p>
   </div>
   <div class='ocr_carea' id='block_1_118' title="bbox 2119 5543 3783 5625">
    <p class='ocr_par' dir='ltr' id='par_1_118' title="bbox 2119 5543 3783 5625">
     <span class='ocr_line' id='line_1_118' title="bbox 2119 5543 3783 5625; baseline -0.001 -21"><span class='ocrx_word' id='word_1_844' title='bbox 2119 5549 2266 5625; x_wconf 74' lang='grc' dir='ltr'>παρὰ</span> <span class='ocrx_word' id='word_1_845' title='bbox 2303 5547 2697 5623; x_wconf 80' lang='grc' dir='ltr'>συγκλητικοῦ,</span> <span class='ocrx_word' id='word_1_846' title='bbox 2729 5546 2830 5623; x_wconf 79' lang='grc' dir='ltr'>ὅρα</span> <span class='ocrx_word' id='word_1_847' title='bbox 2882 5568 2966 5610; x_wconf 91' lang='grc' dir='ltr'>τις</span> <span class='ocrx_word' id='word_1_848' title='bbox 3023 5552 3130 5603; x_wconf 92' lang='grc' dir='ltr'>τῶν</span> <span class='ocrx_word' id='word_1_849' title='bbox 3191 5546 3601 5624; x_wconf 80' lang='grc' dir='ltr'>ἐκδιωχθέντων</span> <span class='ocrx_word' id='word_1_850' title='bbox 3662 5543 3783 5603; x_wconf 86' lang='grc' dir='ltr'>ἀδί-</span> 
     </span>
    </p>
   </div>
   <div class='ocr_carea' id='block_1_119' title="bbox 2119 5635 3782 5713">
    <p class='ocr_par' dir='ltr' id='par_1_119' title="bbox 2119 5635 3782 5713">
     <span class='ocr_line' id='line_1_119' title="bbox 2119 5635 3782 5713; baseline -0.001 -20"><span class='ocrx_word' id='word_1_851' title='bbox 2119 5660 2231 5701; x_wconf 89' lang='grc' dir='ltr'>κως</span> <span class='ocrx_word' id='word_1_852' title='bbox 2285 5645 2386 5708; x_wconf 86' lang='grc' dir='ltr'>τῆς</span> <span class='ocrx_word' id='word_1_853' title='bbox 2447 5635 2777 5707; x_wconf 86' lang='grc' dir='ltr'>Ἐκκλησίας</span> <span class='ocrx_word' id='word_1_854' title='bbox 2833 5637 2941 5713; x_wconf 89' lang='grc' dir='ltr'>πρὸ</span> <span class='ocrx_word' id='word_1_855' title='bbox 2997 5643 3115 5709; x_wconf 86' lang='grc' dir='ltr'>σοῦ,</span> <span class='ocrx_word' id='word_1_856' title='bbox 3148 5639 3240 5693; x_wconf 88' lang='grc' dir='ltr'>καὶ</span> <span class='ocrx_word' id='word_1_857' title='bbox 3268 5642 3437 5694; x_wconf 86' lang='grc' dir='ltr'>ταῦτα</span> <span class='ocrx_word' id='word_1_858' title='bbox 3485 5635 3642 5713; x_wconf 85' lang='grc' dir='ltr'>λόγῳ</span> <span class='ocrx_word' id='word_1_859' title='bbox 3687 5636 3782 5692; x_wconf 82' lang='grc' dir='ltr'>καὶ</span> 
     </span>
    </p>
   </div>
   <div class='ocr_carea' id='block_1_120' title="bbox 2124 5726 3783 5804">
    <p class='ocr_par' dir='ltr' id='par_1_120' title="bbox 2124 5726 3783 5804">
     <span class='ocr_line' id='line_1_120' title="bbox 2124 5726 3783 5804; baseline -0.001 -21"><span class='ocrx_word' id='word_1_860' title='bbox 2124 5728 2231 5804; x_wconf 85' lang='grc' dir='ltr'>βίῳ</span> <span class='ocrx_word' id='word_1_861' title='bbox 2302 5726 2579 5801; x_wconf 87' lang='grc' dir='ltr'>μεγάλων,</span> <span class='ocrx_word' id='word_1_862' title='bbox 2624 5726 2714 5780; x_wconf 82' lang='grc' dir='ltr'>καὶ</span> <span class='ocrx_word' id='word_1_863' title='bbox 2765 5726 2896 5801; x_wconf 72' lang='grc' dir='ltr'>ὑπὲρ</span> <span class='ocrx_word' id='word_1_864' title='bbox 2951 5726 3008 5781; x_wconf 73' lang='grc' dir='ltr'>σὲ</span> <span class='ocrx_word' id='word_1_865' title='bbox 3064 5727 3421 5803; x_wconf 80' lang='grc' dir='ltr'>ἀσυγκρίτων,</span> <span class='ocrx_word' id='word_1_866' title='bbox 3479 5731 3783 5791; x_wconf 84' lang='grc' dir='ltr'>κανονικῶς</span> 
     </span>
    </p>
   </div>
   <div class='ocr_carea' id='block_1_121' title="bbox 2119 5811 3783 5891">
    <p class='ocr_par' dir='ltr' id='par_1_121' title="bbox 2119 5811 3783 5891">
     <span class='ocr_line' id='line_1_121' title="bbox 2119 5811 3783 5891; baseline 0 -20"><span class='ocrx_word' id='word_1_867' title='bbox 2119 5811 2410 5890; x_wconf 78' lang='grc' dir='ltr'>ἐξεϐλήθη,</span> <span class='ocrx_word' id='word_1_868' title='bbox 2459 5814 2588 5873; x_wconf 84' lang='grc' dir='ltr'>ἀλλ’</span> <span class='ocrx_word' id='word_1_869' title='bbox 2646 5813 2776 5891; x_wconf 81' lang='grc' dir='ltr'>οὐχὶ</span> <span class='ocrx_word' id='word_1_870' title='bbox 2831 5813 3391 5890; x_wconf 78' lang='grc' dir='ltr'>ἐξουσιαστικῶς.Διᾶ</span> <span class='ocrx_word' id='word_1_871' title='bbox 3444 5819 3607 5874; x_wconf 85' lang='grc' dir='ltr'>τοῦτο</span> <span class='ocrx_word' id='word_1_872' title='bbox 3662 5819 3783 5891; x_wconf 80' lang='grc' dir='ltr'>Θιῷ</span> 
     </span>
    </p>
   </div>
  </div>
