4132 6456
364 533 473 598 501

1856 534 2292 599 ΕΡῙΒΤΟΙΛΕ.

3668 536 3788 599 502

368 665 653 732 πιστεύσας
707 664 774 723 τὰ
826 666 964 724 κατὰ
1009 664 1067 724 σε
1120 665 1211 723 καὶ
1269 666 1427 731 αὐτὸς
1482 672 1563 742 τῷ
1619 666 1906 745 ἐρχομένῳ
1952 670 2005 723 τὲ

2134 670 2358 727 exstitit
2391 687 2403 725 :
2439 669 2671 727 etiamsi
2723 670 3126 728 accusationes
3165 668 3336 727 variae
3367 673 3425 727 et
3469 669 3789 729 dissimiles

356 756 600 835 ἡμέτερα
660 755 946 813 δικαιῶσαι
1003 759 1478 833 παραιτησάμενος
1537 756 1667 830 ἔξιθι
1706 804 1719 829 ,
1786 760 1859 831 μή
1929 760 2019 814 καὶ

357 848 492 925 πρὸς
551 845 848 924 βαρυτέρας
901 848 1044 910 τινὲς
1092 852 1199 902 τῶν
1254 847 1695 927 μηχανοῤῥαφῶν
1752 868 2016 926 συκοφαν-

360 934 476 998 τίας
533 938 907 1013 χωρήσαντες,
976 933 1203 992 πολλῶν
1262 937 1443 1012 ψυχὰς
1516 938 1605 992 καὶ
1661 936 1756 998 τὰς
1815 937 2016 991 ἑαυτῶν

362 1020 774 1099 καταϐλάψωσι.
832 1021 983 1096 Αὕτη
1046 1023 1133 1080 ἐπὶ
1192 1030 1327 1081 Θεοῦ
1388 1026 1619 1100 μάρτυρι
1676 1032 1775 1095 τῆς
1828 1045 2019 1101 παραι-

363 1116 574 1185 τήσεως
628 1115 729 1184 τῆς
784 1113 1010 1190 πρώτης
1074 1114 1163 1168 καὶ
1218 1121 1317 1184 τῆς
1386 1111 1633 1188 δευτέρας
1690 1118 1724 1184 ἡ
1786 1114 2014 1183 συσκευή

364 1202 452 1258 καὶ
512 1201 801 1265 ὑπόθεσις’
859 1202 905 1256 εἰ
956 1203 1048 1257 καὶ
1103 1202 1170 1257 τὰ
1222 1206 1331 1258 τῶν
1387 1208 1730 1280 κατηγοριῶν
1790 1201 2017 1258 ποικίλα

358 1290 444 1346 καὶ
477 1292 647 1346 ἄνισα.
682 1291 833 1346 Ἐπεὶ
883 1287 940 1347 δὲ
990 1293 1068 1366 (1)
1111 1291 1173 1346 οὐ
1220 1288 1462 1365 δημοσία
1509 1292 1599 1347 καὶ
1653 1291 1837 1366 μόνον,
1871 1290 2016 1348 ἀλλά

357 1379 444 1435 καὶ
475 1375 617 1435 οἷ’κοι
644 1383 745 1435 τοῦ
776 1378 995 1455 ἐρᾶσθαι
1046 1381 1124 1454 (2)
1175 1381 1267 1436 καὶ
1320 1378 1566 1456 εὐλογεῖν
1621 1382 1712 1436 καὶ
1745 1378 2015 1436 διδάσκειν

352 1473 468 1532 τοῖς
519 1473 783 1545 τυχοῦσιν
844 1467 1120 1544 ἀπείργειν
1178 1471 1329 1544 ἡμᾶς
1406 1470 1458 1524 οἱ
1534 1470 1811 1546 ἀρχιερεῖς
1872 1469 2015 1546 ἐγκε-

356 1555 621 1628 λεύονται,
684 1556 820 1634 ἅπερ
878 1555 1005 1613 οὐδὲ
1052 1562 1133 1631 τῷ
1190 1553 1438 1614 δυσσεϐεῖ
1487 1559 1763 1636 Γεωργίῳ,
1813 1559 1849 1629 ἢ
1898 1565 2014 1622 τοῖς

359 1646 795 1724 φυλασσομένοις
842 1648 920 1721 (3)
967 1648 1033 1702 τὰ
1082 1649 1282 1722 μάταια
1303 1649 1394 1704 καὶ
1424 1646 1599 1723 ψευδῆ
1639 1647 1903 1719 ξυλωταῖς
1936 1651 2012 1722 (4)

346 1740 529 1799 ποσῶς
593 1735 947 1810 ἐπετίμησαν.
1012 1738 1088 1810 μὴ
1150 1736 1374 1799 ἑαυτοὺς
1436 1736 1759 1793 ἀκανόνιστα
1814 1736 1954 1814 πράτ
1987 1770 2012 1781 -

347 1845 454 1881 τειν
504 1825 595 1880 καὶ
644 1822 872 1899 ἄθεσμα,
918 1825 1020 1895 τὴν
1066 1824 1242 1901 κρίσιν
1293 1825 1601 1905 φρίττοντες
1647 1830 1745 1881 νοῦ
1791 1827 2007 1896 Θεοῦ,ἢ

346 1912 439 1970 κᾶν
498 1914 821 1989 ἀνθρώπους
897 1911 1255 1988 αἰδούμενοι·
1315 1915 1442 1972 ἀλλ’
1500 1917 1637 1989 ἡμῖν
1713 1911 2006 1992 ἐπιτρίϐειν

350 2001 607 2079 θαῤῥοῦσι
655 2003 721 2057 τὸ
776 2002 1146 2060 ἀκανόνιστον.
1193 2002 1362 2060 Αὐτοὶ
1408 2003 1497 2058 καὶ
1554 2003 1681 2066 τοὺς
1728 2004 1866 2081 πρὸς
1898 2009 2005 2059 τῶν
2036 2040 2086 2106 Β

350 2093 372 2106 ..
411 2091 422 2106 .
540 2092 564 2106 ,ι
682 2096 710 2106 ..
807 2090 823 2106 .
962 2089 973 2106 ι
1214 2093 1227 2106 .
1293 2091 1377 2106 ,η
1502 2092 1514 2106 .
1668 2096 1698 2106 -
1777 2100 1833 2106 -_
1908 2093 1926 2106 ς

346 2091 505 2147 θείων
537 2092 751 2166 θεσμῶν
804 2089 1094 2164 ἐπαράτοις
1141 2093 1232 2148 καὶ
1282 2091 1599 2169 ἀλλοτρίοις
1626 2096 1727 2163 τῆς
1777 2093 2008 2165 Ἐκκλη-

346 2180 459 2244 σίας
516 2184 751 2257 Χριστοῦ
786 2227 800 2254 ,
858 2181 954 2244 τὰς
1024 2179 1265 2260 κεφαλὰς
1342 2180 1728 2246 ὑποκλίναντες
1782 2182 1873 2238 καὶ
1916 2204 2010 2239 κα-

346 2268 472 2325 νόνα
520 2267 825 2344 δεξάμενοι,
884 2268 976 2325 καί
1032 2271 1123 2326 τὸν
1185 2270 1237 2326 ἐν
1290 2271 1529 2347 μακαρίᾳ
1572 2275 1643 2346 τῇ
1680 2274 1871 2347 μνήμῃ
1904 2293 2007 2328 παν

344 2358 614 2437 τριάρχην
664 2365 768 2429 τῆς
818 2358 1145 2431 Ἐκκλησίας
1204 2365 1441 2435 Χριστοῦ
1501 2361 1592 2416 καὶ
1654 2359 2011 2437 ὁμολογητήν

346 2452 509 2521 κῦρον
568 2449 771 2527 Ἰωσὴφ
829 2447 1210 2524 παρανάλωμα
1242 2493 1256 2520 ,
1319 2448 1442 2504 ὅσον
1498 2450 1566 2505 κά
1618 2451 1737 2505 κατ’
1811 2450 2006 2514 αὐτοὺς

340 2543 441 2606 τῆς
502 2536 709 2612 μανίας
756 2540 865 2592 τῶν
924 2537 1267 2613 σχιζομένων
1324 2538 1565 2615 γενέσθαι
1620 2536 1952 2613 καταδεξάμε
1982 2572 2005 2582 -

347 2646 455 2693 νοι,
516 2624 608 2681 καὶ
666 2629 836 2680 ταῦτα
898 2627 1034 2699 μετὰ
1110 2627 1333 2689 θάνατον
1370 2673 1383 2699 ,
1443 2625 1576 2702 ὅπερ
1632 2627 1732 2683 οὐκ
1788 2625 1922 2684 εἶδεν
1979 2630 2007 2683 ὁ

347 2713 539 2785 ¹ἥλιος.
583 2714 997 2789 ’Δναμείναντες
1048 2713 1135 2770 ἐπὶ
1170 2715 1395 2792 χρόνοις
1447 2716 1728 2779 τοσούτοις
1779 2717 2008 2787 ζητῆσαί

346 2825 466 2861 τινα
495 2809 607 2861 τῶν
638 2805 747 2880 πρὸ
793 2802 1093 2883 ὀφθαλμῶν
1150 2804 1390 2880 ἐχόντων
1440 2804 1591 2861 Θεὸν.
1636 2808 1759 2869 Πῶς
1790 2807 1880 2861 καὶ
1908 2805 2007 2861 πό-

346 2915 426 2958 ςεν
470 2899 715 2950 τοσαῦτα
759 2895 878 2949 καθ’
927 2896 1088 2968 ἡμῶν
1136 2892 1464 2973 ἐφρυάξαντο
1512 2898 1612 2969 (5),
1657 2895 1747 2950 καὶ
1800 2892 2007 2969 μηδένα

340 2985 430 3040 τὸν
495 2982 953 3056 συλλυπούμενον
1017 2980 1159 3056 μηδέ
1211 2983 1304 3039 τὸν
1358 2980 1775 3059 παρακαλοῦντα
1827 2984 2008 3061 εὑρόν-

337 3094 447 3145 τες,
501 3073 598 3128 Ἱνα
645 3072 736 3129 καὶ
786 3071 961 3149 κρίσιν
1015 3069 1223 3128 δικαίαν
1277 3074 1625 3146 ζητήσωμεν,
1683 3071 1860 3150 ἐκχεῶ
1915 3074 2005 3128 καὶ

341 3162 506 3226 αὐτὸς
556 3166 656 3218 τοῦ
706 3159 776 3217 δι’
840 3160 940 3235 ἐμὲ
986 3162 1387 3236 παυρωθέντος
1442 3160 1683 3217 έπώπιον
1731 3163 1830 3231 τήν
1886 3160 2007 3234 δέη-

340 3251 420 3307 σίν
485 3271 619 3325 μου,
679 3250 769 3306 καὶ
828 3250 927 3319 τὴν
988 3248 1171 3325 θλίψιν
1226 3270 1330 3323 μου
1379 3249 1525 3322 αὐτῷ
1555 3248 1871 3326 ἀπαγγελῶ.
1906 3252 2005 3307 Καὶ

341 3338 561 3414 μᾶλλον
594 3339 670 3402 ὡς
716 3346 819 3409 τῆς
868 3337 1056 3402 κακίας
1104 3335 1453 3410 ἐπιδιδούσης
1498 3338 1587 3394 καὶ
1632 3336 1829 3415 εἷ’ργειν
1860 3341 2005 3396 ἀναι-

2131 765 2349 817 essent.
2407 759 2553 824 Quia
2601 776 2734 816 vero
2778 777 2892 815 non
2949 760 3181 833 publice
3231 760 3444 828 solum,
3476 762 3573 818 sed
3627 760 3786 817 domi

2130 849 2305 905 etiam
2358 850 2430 906 ab
2477 850 2917 922 interrogando,
2969 850 3366 906 benedicendo
3419 854 3475 905 et
3526 850 3785 907 docendo

2128 954 2236 994 nos
2267 939 2515 994 coerceri
2557 939 2773 1009 jubent
2811 939 3089 1011 episcOpi,
3128 956 3243 1010 quo
3294 955 3483 1011 neque
3532 939 3782 1011 impium

2126 1027 2462 1099 Georgium,
2497 1044 2685 1097 neque
2717 1028 3001 1100 lignarios
3022 1046 3171 1083 vana
3203 1031 3259 1084 et
3289 1028 3593 1083 mendacia
3623 1035 3786 1085 tuen-

2126 1119 2214 1171 tes
2245 1116 2690 1188 probibuerunt,
2724 1117 2873 1172 nihil
2902 1118 3070 1173 veriti
3104 1118 3257 1190 quod
3290 1123 3493 1173 contra
3531 1134 3783 1185 canones

2125 1210 2183 1261 et
2212 1204 2369 1278 leges
2417 1210 2612 1279 agant,
2668 1223 2857 1278 neque
2898 1206 3191 1279 judicium
3223 1207 3323 1264 Dei
3375 1207 3782 1275 formidantes,

2126 1311 2230 1351 nec
2279 1295 2549 1351 homines
2595 1296 2849 1363 reveriti,
2901 1312 3102 1351 verum
3154 1295 3240 1351 illi
3294 1313 3397 1352 nos
3451 1297 3668 1352 audent
3713 1297 3786 1352 de

2123 1383 2355 1440 violatis
2385 1385 2709 1441 canonibus
2741 1401 3037 1452 accusare,
3074 1385 3174 1458 qui
3201 1385 3544 1442 hominibus
3572 1402 3782 1442 secun-

2124 1474 2265 1528 dum
2299 1473 2528 1530 divinas
2557 1474 2715 1546 leges
2744 1474 3120 1530 exsecrandis
3153 1479 3210 1531 et
3238 1474 3445 1530 alienis
3475 1474 3547 1530 ab
3590 1475 3783 1532 Eccle-

2123 1563 2214 1617 sia
2261 1562 2478 1618 Christi
2528 1564 2720 1635 capita
2766 1562 3192 1633 submiserunt,
3243 1569 3301 1619 et
3349 1564 3421 1619 ab
3470 1564 3542 1618 iis
3590 1563 3778 1637 legem

2124 1656 2474 1724 acceperunt
2508 1668 2521 1706 :
2556 1657 2614 1708 et
2660 1653 2763 1725 qui
2796 1651 2982 1708 felicis
3033 1653 3326 1709 memorias
3380 1653 3776 1725 patriarcham

2125 1740 2397 1796 Ecclesiae
2430 1741 2643 1797 Christi
2690 1745 2748 1795 et
2775 1741 3167 1797 confessorem
3196 1742 3502 1797 dominum
3532 1741 3773 1814 Josepb,

2122 1829 2316 1900 quoad
2348 1828 2600 1886 facultas
2629 1834 2688 1885 et
2706 1829 2940 1885 insania
2969 1846 3171 1885 eorum
3202 1829 3357 1898 tulit,
3381 1829 3774 1887 schismaticis

2120 1917 2239 1974 illis
2268 1919 2697 1975 traducendum
2730 1918 3118 1975 dimiserunt:
3152 1918 3327 1975 etiam
3359 1923 3494 1991 post
3523 1922 3773 1976 mortem

2120 2007 2270 2078 ejus,
2305 2007 2462 2079 quod
2497 2023 2803 2079 nunquam
2830 2012 3002 2063 antea
3033 2007 3120 2062 sol
3144 2007 3369 2063 viderat
3399 2025 3413 2063 :
3446 2024 3578 2063 cum
3611 2011 3773 2065 tanto

2120 2099 2386 2168 tempore
2418 2112 2858 2168 perseveremus
2876 2096 3189 2169 quaerendo
3211 2095 3548 2169 quempiam
3570 2112 3773 2153 eorum

2120 2185 2221 2257 qui
2277 2185 2461 2241 Deum
2525 2190 2659 2241 ante
2720 2185 2919 2241 oculos
2977 2186 3216 2256 habent,
3246 2189 3312 2241 ut
3357 2185 3776 2258 conquiramus

2120 2275 2412 2345 quomodo
2461 2278 2692 2330 tantum
2725 2280 2932 2330 contra
2961 2292 3068 2331 nos
3113 2274 3543 2340 infremuerint,
3574 2291 3643 2330 ac
3674 2291 3774 2331 ne-

2119 2364 2339 2419 minem
2388 2363 2758 2420 inveniamus
2788 2363 3199 2420 condolentem
3231 2363 3323 2419 vel
3345 2362 3772 2430 consolantem,

2120 2453 2437 2524 utjustum
2461 2452 2756 2523 judicium
2783 2453 3163 2524 exquiramus
3198 2470 3209 2508 :
3243 2454 3537 2509 elfundam
3572 2468 3678 2525 ego
3709 2452 3771 2507 in

2118 2544 2431 2613 conspectu
2466 2541 2596 2612 ejus
2618 2541 2719 2612 qui
2751 2558 2856 2613 pro
2886 2558 2980 2597 me
3001 2541 3316 2597 cruciﬁxus
3336 2546 3426 2597 est
3446 2541 3768 2597 orationem

2118 2646 2333 2697 meam,
2382 2634 2439 2684 et
2486 2630 2926 2685 tribulationem
2976 2647 3167 2686 meam
3214 2630 3329 2702 ipsi
3382 2628 3768 2699 renuntiabo;

2118 2734 2254 2773 cum
2288 2718 2540 2774 maxime
2572 2718 2798 2775 malitia
2827 2723 3122 2792 augescat,
3156 2737 3221 2774 ac
3259 2719 3637 2792 impudenter
3666 2736 3769 2775 no-

2118 2806 2209 2862 bis
2237 2806 2326 2862 vel
2357 2808 2801 2879 respirationem
2833 2806 3208 2876 intercludat,
3246 2812 3307 2862 ut
3332 2806 3416 2863 ita
3443 2808 3658 2875 dicam,
3689 2807 3772 2863 ita

2117 2901 2184 2952 ut
2230 2912 2420 2967 neque
2450 2894 2763 2963 celebrare,
2797 2912 2987 2967 neque
3024 2896 3390 2962 benedicere,
3422 2913 3612 2968 neque
3664 2898 3768 2953 do-

2116 3001 2246 3041 cere
2281 2985 2612 3057 quempiam
2645 3001 2714 3040 ea
2742 3002 2868 3056 quas
2893 2986 2964 3040 ad
2998 2984 3251 3041 salutem
3276 2989 3545 3058 spectant
3574 3002 3774 3043 conce-

2117 3075 2235 3130 dat.
2264 3075 2476 3129 Nostra
2505 3074 2722 3146 itaque,
2760 3075 3004 3130 Domine
3033 3074 3189 3130 Deus
3235 3073 3640 3130 universorum
3668 3075 3771 3148 qui

2117 3163 2175 3218 in
2206 3163 2489 3219 Trinitate
2519 3163 2789 3235 cognitus
2820 3180 2882 3219 es
2914 3169 2971 3219 et
2998 3162 3334 3230 celebraris,
3365 3180 3480 3236 quo
3520 3163 3773 3221 volueris

2116 3252 2455 3325 procedant,
2488 3251 3010 3309 intercessionibus
3057 3253 3188 3324 ejus
3218 3270 3345 3324 quae
3396 3253 3775 3310 ineﬁ‘abiliter

2115 3346 2173 3397 et
2204 3340 2581 3397 immaculato
2632 3358 2845 3414 corpus
2877 3341 3124 3414 praebuit
3154 3342 3256 3397 uni
3287 3358 3357 3397 ex
3399 3342 3776 3399 sanctissima

333 3410 686 3507 σχυντούσης
751 3426 840 3483 καὶ
893 3431 1002 3483 τῶν
1052 3427 1334 3483 ἀναπνοῶν
1379 3430 1526 3501 ἡμᾶς
1572 3429 1635 3483 τὸ
1679 3410 2001 3504 λεγόμενον,

2121 3430 2419 3498 Trinitate,
2452 3434 2510 3485 et
2556 3432 2822 3486 omnium
2853 3447 2887 3486 a
2916 3429 3130 3487 seculo
3177 3430 3280 3486 Dei
3324 3431 3618 3488 cultorum
3668 3432 3768 3503 qui

333 3517 407 3581 ὡς
447 3520 534 3592 μὴ
570 3515 934 3593 λειτουργεῖν,
986 3516 1062 3589 μὴ
1113 3514 1381 3591 εὐλογεῖν,
1438 3518 1513 3591 μὴ
1565 3514 1833 3573 διδάσκειν
1882 3521 2004 3575 τινὰ

333 3608 402 3662 τὰ
455 3607 604 3683 πρὸς
663 3604 938 3683 σωτηρίαν
998 3605 1461 3682 παραχωρούσης.
1520 3608 1743 3683 Ἅγοιτο
1803 3604 1894 3662 οῦν
1932 3651 1946 3671 ,

2113 3519 2332 3577 similia
2361 3517 2521 3590 passi
2552 3523 2709 3574 sunt.

2005 3611 2247 3665 Δέσποτα
2319 3605 2410 3661 καὶ
2462 3606 2557 3660 Θεέ
2624 3610 2723 3660 τοῦ
2778 3607 2978 3669 παντὸς
3037 3607 3089 3663 ἐν
3118 3604 3303 3681 Τριάδι
3363 3606 3767 3682 γινωσκόμενος

332 3695 424 3750 καὶ
484 3694 861 3769 ὑμνούμενος,
920 3693 1049 3749 ὅποι
1106 3692 1266 3773 φίλον
1312 3716 1399 3750 σοι
1442 3695 1511 3750 τὰ
1556 3696 1835 3772 ἡμέτερα,
1880 3693 2191 3774 πρεσϐείαις
2235 3702 2338 3765 τῆς
2386 3694 2641 3771 ἀρρήτως
2689 3695 2779 3750 καὶ
2830 3695 3157 3772 ἀῤῥυπάρως
3202 3697 3614 3769 σωματωσάσης
3671 3699 3764 3752 τὸν

334 3779 430 3841 ἕνα
453 3790 568 3855 τῆς
614 3782 871 3860 παναγίας
919 3780 1172 3857 Τριάδος,
1219 3783 1309 3838 καὶ
1354 3783 1570 3839 πάντων
1619 3787 1727 3839 τῶν
1772 3784 1864 3840 ἀπ’
1912 3785 2110 3849 αἰῶνος
2162 3783 2605 3860 λελατρευκότων
2657 3788 2772 3856 Θεῷ
2818 3785 2908 3839 καὶ
2936 3789 3162 3840 τοιαῦτα
3207 3785 3509 3844 παθόντων.
3563 3786 3763 3858 Ἀμήν.

402 4021 486 4073 Ex
514 4016 598 4072 iis
628 4016 864 4072 duobus
892 4015 1198 4072 Athanasii
1230 4015 1464 4089 scriptis
1503 4020 1754 4089 constat,
1787 4034 2030 4075 causam
2079 4017 2467 4074 abdicationis
2513 4015 2757 4072 secundi
2810 4015 3246 4088 patriarchatus
3290 4016 3600 4074 Athanasii
3650 4034 3767 4074 non

336 4104 528 4163 fuisse
563 4120 692 4161 eam
722 4120 899 4176 quam
930 4106 1105 4160 refert
1133 4104 1440 4177 Gregoras,
1474 4104 1577 4161 lib.
1608 4123 1708 4173 vn,
1744 4122 1871 4179 cap.
1903 4107 1959 4176 9,
1989 4123 2175 4178 neque
2224 4104 2388 4161 illam
2436 4121 2615 4176 quam
2670 4103 2911 4159 adducit
2954 4104 3318 4177 Nicephorus
3348 4104 3675 4171 Cbumnus,
3708 4106 3770 4161 in

335 4193 621 4252 Oratione
673 4193 898 4249 inedita
951 4211 1077 4266 quae
1126 4194 1492 4261 inscribitur,
1544 4191 1819 4270 Ἔλεγχος
1868 4193 2005 4248 κατὰ

2121 4197 2148 4247 ῦ
2196 4196 2378 4253 κακῶς
2428 4192 2496 4247 τὰ
2524 4192 2699 4246 πάντα
2727 4191 3259 4267 πατριαρχεύσαντος
3290 4191 3565 4270 Νίφωνος,
3598 4193 3774 4247 ἀνενε-

331 4283 489 4359 χθεὶς
520 4282 675 4358 παρά
718 4284 816 4335 τοῦ
866 4278 1239 4355 Νικομηδείας
1286 4281 1377 4336 καὶ
1421 4285 1520 4336 τοῦ
1569 4280 1893 4353 Μιτυλήνης
1948 4303 2005 4358 πε

2132 4282 2233 4351 τήν
2285 4281 2431 4357 ἱερὰν
2477 4277 2717 4352 σύνοδον,
2752 4283 2851 4337 ubi
2903 4280 3003 4348 ait,
3055 4282 3443 4338 Athanasium
3477 4300 3585 4339 sua
3632 4283 3772 4339 sede

331 4373 661 4447 expulsum
691 4377 749 4429 et
776 4375 1123 4430 damnatum
1150 4372 1420 4441 cessisse,
1453 4389 1520 4428 eo
1547 4374 1699 4443 quod
1723 4372 1997 4429 minister
2015 4373 2145 4443 ejus
2167 4371 2555 4444 Theophanes
2576 4371 2732 4427 dona
2753 4370 3075 4442 accepisset
3097 4371 3169 4425 ab
3192 4371 3265 4427 iis
3286 4371 3503 4441 quibus
3534 4371 3771 4427 ordines

333 4462 488 4518 sacri
519 4462 931 4519 conterrentur
964 4479 977 4529 ;
1012 4462 1070 4517 id
1102 4462 1256 4533 quod
1292 4460 1625 4533 patriarcha
1655 4460 1940 4517 insciente
1991 4459 2117 4517 ﬁeri
2168 4461 2328 4516 haud
2378 4459 2688 4531 potuisset.
2739 4457 2835 4514 Sic
2875 4458 2953 4514 ibi
2996 4459 3360 4530 Nicephorus
3412 4459 3717 4515 Cbumnus
3752 4487 3768 4528 ;

336 4552 515 4623 cujus
551 4549 794 4623 quidem
828 4549 1122 4607 Orationis
1152 4550 1548 4624 fragmentum
1600 4550 1693 4606 hic
1737 4550 2003 4606 exscribo
2054 4567 2123 4605 ex
2169 4549 2335 4605 Notis
2384 4547 2630 4604 Boiviuii
2681 4547 2751 4602 ad
2803 4547 3119 4619 Gregoram
3156 4566 3168 4604 :
3201 4545 3262 4599 Τί
3312 4543 3370 4601 δὲ
3414 4546 3505 4601 καὶ
3548 4545 3633 4601 ὅτι
3671 4551 3769 4601 τοῦ

328 4638 879 4716 πατριαρχεύσαντος
924 4636 1265 4711 Ἀθανασίου,
1319 4635 1507 4708 ἐπειδὴ
1560 4639 1588 4693 ὁ
1628 4636 1867 4714 γνησίως
1920 4635 2112 4710 ἐκείνῳ
2164 4635 2664 4713 ἐξυπηρετούμενος
2723 4636 2995 4712 Θεοφάνης
3054 4634 3332 4713 φωραθείη
3393 4633 3541 4711 δῶρα
3598 4634 3768 4710 λαμ-

332 4720 519 4783 ϐάνων
574 4725 660 4781 ἐπὶ
715 4730 1053 4802 προτροπαῖς
1098 4724 1396 4798 τοιαύταις,
1448 4726 1785 4799 ἀπέστημεν,
1833 4725 1924 4780 καὶ
1974 4726 2170 4787 πάσαις
2226 4727 2435 4799 ψήφοις
2487 4718 2872 4796 ἀπεϐαλόμεθα
2918 4720 3075 4778 τόνδε
3116 4724 3207 4778 τὸν
3259 4724 3630 4801 πατριάρχην,
3680 4723 3771 4779 καὶ

336 4813 453 4872 οὐδ’
512 4814 580 4872 οὐ
631 4817 848 4888 μήποτε
896 4812 1164 4890 δεξαίμεθ’
1216 4814 1275 4870 ἂν
1334 4815 1492 4871 αὐτὸν
1547 4814 1675 4870 οὕτε
1723 4814 1801 4878 εἷς
1852 4814 2288 4891 ἀρχιερωσύνην,
2323 4810 2447 4868 οὔτε
2479 4812 2775 4888 ἱερωσύνην
2811 4832 2823 4882 ;
2858 4810 3005 4867 Ἐπεί
3033 4813 3123 4867 καὶ
3166 4810 3457 4868 συνειδέναι
3490 4812 3649 4868 αὐτὸν
3680 4814 3770 4868 καὶ

340 4907 418 4978 μή
450 4905 754 4983 ἀγνώστως
786 4903 933 4981 ἔχειν
966 4908 1075 4959 τῶν
1105 4908 1185 4977 τῷ
1236 4906 1492 4982 Θεοφάνει
1545 4904 1969 4981 πεπραγμένων,
2021 4902 2152 4959 αὐτὸ
2200 4903 2263 4958 τὸ
2312 4908 2544 4979 πρᾶγμα
2590 4902 2679 4956 καὶ
2732 4900 2965 4956 δείκνυσι
3013 4902 3102 4956 καὶ
3157 4898 3450 4979 διελέγχει,
3500 4901 3589 4957 καὶ
3629 4901 3768 4958 ἔστιν

334 4994 705 5073 ἰσχυρότερον
736 4995 938 5056 παντὸς
973 4991 1211 5069 ἐλέγχου
1257 4994 1348 5049 καὶ
1394 4993 1722 5070 κατηγόρου.
1785 4995 1933 5061 Non,
1967 4996 2005 5051 il

2121 5012 2237 5061 am,
2268 4993 2647 5066 Theophanis
2678 4993 2921 5049 avaritia
2949 5008 3128 5048 causa
3158 4993 3289 5059 fuit,
3322 4998 3388 5048 ut
3416 4993 3771 5050 Athanasius

334 5086 610 5142 secundo
642 5101 672 5141 e
709 5087 847 5141 sede
880 5085 1209 5157 pelleretur,
1238 5088 1305 5140 ut
1333 5086 1413 5140 ait
1442 5085 1751 5140 Cbumnus
1781 5101 1795 5152 ;
1830 5100 1968 5140 nam
1997 5084 2434 5155 Theophanem,
2470 5082 2802 5137 inconsulto
2832 5088 2889 5137 et
2927 5082 3172 5137 minime
3202 5082 3484 5154 probante
3510 5083 3773 5139 Athana-

333 5174 446 5245 sio,
481 5175 645 5231 dona
673 5173 939 5246 accipere
971 5173 1213 5230 solitum
1244 5172 1428 5230 fuisse
1454 5173 1563 5246 (uti
1613 5173 1836 5245 optime
1867 5178 1925 5228 et
1954 5172 2256 5228 Boivinius
2305 5170 2364 5225 in
2413 5170 2577 5226 Notis
2624 5171 2696 5226 ad
2745 5174 3086 5243 Gregoram)
3126 5176 3368 5243 apparet
3413 5188 3481 5227 ex
3523 5171 3773 5244 epistola

334 5263 541 5336 ipsius
572 5263 877 5320 Athanasii
909 5263 984 5318 ad
1016 5262 1431 5334 imperatorem
1461 5262 1699 5335 scripta,
1734 5278 1853 5333 qua
1882 5259 2143 5333 postulat
2181 5264 2247 5316 ut
2275 5259 2611 5331 inquiratur
2632 5259 2693 5313 in
2725 5276 2824 5315 eos
2855 5258 2951 5331 qui
2982 5259 3289 5315 xeniorum
3321 5261 3559 5316 nomine
3595 5277 3772 5332 pecu-

342 5353 511 5410 niam
546 5352 886 5426 acceperint
915 5369 985 5409 ex
1007 5352 1167 5424 turpi
1197 5368 1396 5421 causa,
1428 5356 1486 5407 et
1514 5350 1864 5407 nominatim
1897 5354 2061 5406 notat
2090 5350 2285 5422 ipsum
2315 5348 2749 5420 Theophanem.
2784 5348 2942 5404 Hanc
2973 5348 3149 5405 etiam
3172 5347 3501 5421 epistolam,
3525 5366 3658 5405 cum
3696 5349 3775 5405 sit

333 5439 592 5513 inedita,
624 5441 766 5499 libet
796 5441 894 5498 hic
923 5457 1059 5498 cum
1091 5445 1290 5498 nostra
1317 5440 1583 5498 versione
1615 5439 1912 5496 exhibere.

432 5691 489 5763 1)
512 5689 686 5747 Forte
713 5685 926 5760 ἐπειδή.
2012 5771 2016 5775 Ι
2180 5688 2259 5832 μ)
2291 5689 2461 5745 Forte
2492 5685 2789 5831 ἱηλωταῖς.

432 5763 493 5831 2)
523 5760 811 5832 ⁸1ερᾶσθαι.
1026 5829 1036 5832 _
2208 5761 2267 5832 5)
2297 5759 2502 5832 Ἐφρυά
2532 5779 2644 5818 ατε.

430 5759 493 5890 ξ)
523 5760 811 5836 Ἱερᾶσθαι.
894 5759 897 5760 ν
2012 5771 2016 5775 ’
2187 5759 2267 5833 (5⁷)
2297 5759 2644 5836 Ἐφρυάξατε.

474 5833 496 5909 )
526 5832 698 5892 Forte
726 5829 1182 5915 φρυασσομένοις.
