  <div class='ocr_page' id='page_1' title='image "/cluster/home/n/w/nwhite01/storage/ocr_20150623/142/coo.31924054870476/259.png"; bbox 0 0 4132 6442; ppageno 0'>
   <div class='ocr_carea' id='block_1_1' title="bbox 319 527 440 591">
    <p class='ocr_par' dir='ltr' id='par_1_1' title="bbox 319 527 440 591">
     <span class='ocr_line' id='line_1_1' title="bbox 319 527 440 591; baseline 0.017 -2"><span class='ocrx_word' id='word_1_1' title='bbox 319 527 440 591; x_wconf 78' lang='lat'>503</span> 
     </span>
    </p>
   </div>
   <div class='ocr_carea' id='block_1_2' title="bbox 1444 528 2616 598">
    <p class='ocr_par' dir='ltr' id='par_1_2' title="bbox 1444 528 2616 598">
     <span class='ocr_line' id='line_1_2' title="bbox 1444 528 2616 598; baseline 0.009 -9"><span class='ocrx_word' id='word_1_2' title='bbox 1444 528 1871 591; x_wconf 81' lang='lat' dir='ltr'>ATHANASII</span> <span class='ocrx_word' id='word_1_3' title='bbox 1915 529 2036 591; x_wconf 84' lang='lat' dir='ltr'>GP.</span> <span class='ocrx_word' id='word_1_4' title='bbox 2082 530 2616 598; x_wconf 67' lang='lat' dir='ltr'>PATRIARCHIE</span> 
     </span>
    </p>
   </div>
   <div class='ocr_carea' id='block_1_3' title="bbox 3618 536 3739 604">
    <p class='ocr_par' dir='ltr' id='par_1_3' title="bbox 3618 536 3739 604">
     <span class='ocr_line' id='line_1_3' title="bbox 3618 536 3739 604; baseline 0.025 -3"><span class='ocrx_word' id='word_1_5' title='bbox 3618 536 3739 604; x_wconf 65' lang='grc' dir='ltr'>σοι</span> 
     </span>
    </p>
   </div>
   <div class='ocr_carea' id='block_1_4' title="bbox 319 660 1989 759">
    <p class='ocr_par' dir='ltr' id='par_1_4' title="bbox 319 660 1969 759">
     <span class='ocr_line' id='line_1_4' title="bbox 319 660 1969 759; baseline -0.001 -41"><span class='ocrx_word' id='word_1_6' title='bbox 319 661 563 734; x_wconf 76' lang='lat' dir='ltr'>Epistola</span> <span class='ocrx_word' id='word_1_7' title='bbox 591 661 667 718; x_wconf 84' lang='lat' dir='ltr'>ad</span> <span class='ocrx_word' id='word_1_8' title='bbox 690 662 1307 759; x_wconf 53' lang='grc' dir='ltr'>ἱπιηεςαιονεηιιοοηινξ</span> <span class='ocrx_word' id='word_1_9' title='bbox 1334 662 1513 759; x_wconf 54' lang='lat' dir='ltr'>turpis</span> <span class='ocrx_word' id='word_1_10' title='bbox 1543 662 1685 719; x_wconf 78' lang='lat' dir='ltr'>lucrz</span> <span class='ocrx_word' id='word_1_11' title='bbox 1721 660 1969 733; x_wconf 77' lang='lat' dir='ltr'>cupidos,</span> 
     </span>
    </p>
   </div>
   <div class='ocr_carea' id='block_1_5' title="bbox 2103 660 3737 759">
    <p class='ocr_par' dir='ltr' id='par_1_5' title="bbox 2103 662 3737 759">
     <span class='ocr_line' id='line_1_5' title="bbox 2103 662 3737 759; baseline 0.008 -43"><span class='ocrx_word' id='word_1_12' title='bbox 2103 662 2320 737; x_wconf 64' lang='lat' dir='ltr'>.‘pa’zppa</span> <span class='ocrx_word' id='word_1_13' title='bbox 2366 665 2504 759; x_wconf 57' lang='grc' dir='ltr'>πρδς</span> <span class='ocrx_word' id='word_1_14' title='bbox 2543 664 2643 754; x_wconf 54' lang='grc' dir='ltr'>τὸν</span> <span class='ocrx_word' id='word_1_15' title='bbox 2717 664 3093 759; x_wconf 66' lang='grc' dir='ltr'>αὐτοκράτορα</span> <span class='ocrx_word' id='word_1_16' title='bbox 3124 668 3291 759; x_wconf 52' lang='grc' dir='ltr'>’.κατά</span> <span class='ocrx_word' id='word_1_17' title='bbox 3326 664 3737 759; x_wconf 59' lang='grc' dir='ltr'>αξσχροκερδῶν</span> 
     </span>
    </p>
   </div>
   <div class='ocr_carea' id='block_1_6' title="bbox 751 734 1541 805">
    <p class='ocr_par' dir='ltr' id='par_1_6' title="bbox 751 734 1541 805">
     <span class='ocr_line' id='line_1_6' title="bbox 751 734 1541 805; baseline -0.004 -15"><span class='ocrx_word' id='word_1_18' title='bbox 751 738 805 790; x_wconf 75' lang='lat' dir='ltr'>et</span> <span class='ocrx_word' id='word_1_19' title='bbox 834 734 900 791; x_wconf 82' lang='lat' dir='ltr'>de</span> <span class='ocrx_word' id='word_1_20' title='bbox 930 735 1237 805; x_wconf 71' lang='lat' dir='ltr'>privilegiis</span> <span class='ocrx_word' id='word_1_21' title='bbox 1264 734 1541 790; x_wconf 50' lang='lat' dir='ltr'>Ecclesia.</span> 
     </span>
    </p>
   </div>
   <div class='ocr_carea' id='block_1_7' title="bbox 393 840 1976 914">
    <p class='ocr_par' dir='ltr' id='par_1_7' title="bbox 393 840 1976 914">
     <span class='ocr_line' id='line_1_7' title="bbox 393 840 1976 914; baseline -0.002 -16"><span class='ocrx_word' id='word_1_22' title='bbox 393 842 539 898; x_wconf 87' lang='lat' dir='ltr'>Cum</span> <span class='ocrx_word' id='word_1_23' title='bbox 592 841 765 897; x_wconf 91' lang='lat' dir='ltr'>multi</span> <span class='ocrx_word' id='word_1_24' title='bbox 796 841 968 898; x_wconf 84' lang='lat' dir='ltr'>hodie</span> <span class='ocrx_word' id='word_1_25' title='bbox 1017 841 1151 914; x_wconf 93' lang='lat' dir='ltr'>plus</span> <span class='ocrx_word' id='word_1_26' title='bbox 1199 845 1495 913; x_wconf 90' lang='lat' dir='ltr'>appetant,</span> <span class='ocrx_word' id='word_1_27' title='bbox 1529 840 1669 912; x_wconf 84' lang='lat' dir='ltr'>quia</span> <span class='ocrx_word' id='word_1_28' title='bbox 1721 841 1976 896; x_wconf 84' lang='lat' dir='ltr'>maxime</span> 
     </span>
    </p>
   </div>
   <div class='ocr_carea' id='block_1_8' title="bbox 323 929 1976 1003">
    <p class='ocr_par' dir='ltr' id='par_1_8' title="bbox 323 929 1976 1003">
     <span class='ocr_line' id='line_1_8' title="bbox 323 929 1976 1003; baseline -0.001 -16"><span class='ocrx_word' id='word_1_29' title='bbox 323 931 616 988; x_wconf 89' lang='lat' dir='ltr'>neminem</span> <span class='ocrx_word' id='word_1_30' title='bbox 667 948 870 986; x_wconf 90' lang='lat' dir='ltr'>eorum</span> <span class='ocrx_word' id='word_1_31' title='bbox 900 932 1000 1002; x_wconf 88' lang='lat' dir='ltr'>qui</span> <span class='ocrx_word' id='word_1_32' title='bbox 1051 930 1333 1003; x_wconf 87' lang='lat' dir='ltr'>populum</span> <span class='ocrx_word' id='word_1_33' title='bbox 1386 929 1615 985; x_wconf 83' lang='lat' dir='ltr'>Domini</span> <span class='ocrx_word' id='word_1_34' title='bbox 1667 934 1733 985; x_wconf 92' lang='lat' dir='ltr'>ut</span> <span class='ocrx_word' id='word_1_35' title='bbox 1780 947 1976 986; x_wconf 86' lang='lat' dir='ltr'>escam</span> 
     </span>
    </p>
   </div>
   <div class='ocr_carea' id='block_1_9' title="bbox 322 1019 1975 1092">
    <p class='ocr_par' dir='ltr' id='par_1_9' title="bbox 322 1019 1975 1092">
     <span class='ocr_line' id='line_1_9' title="bbox 322 1019 1975 1092; baseline -0.002 -16"><span class='ocrx_word' id='word_1_36' title='bbox 322 1021 493 1092; x_wconf 84' lang='lat' dir='ltr'>panis</span> <span class='ocrx_word' id='word_1_37' title='bbox 544 1021 844 1086; x_wconf 82' lang='lat' dir='ltr'>devorant,</span> <span class='ocrx_word' id='word_1_38' title='bbox 878 1025 934 1075; x_wconf 92' lang='lat' dir='ltr'>et</span> <span class='ocrx_word' id='word_1_39' title='bbox 970 1024 1218 1092; x_wconf 88' lang='lat' dir='ltr'>utraque</span> <span class='ocrx_word' id='word_1_40' title='bbox 1249 1036 1424 1074; x_wconf 91' lang='lat' dir='ltr'>manu</span> <span class='ocrx_word' id='word_1_41' title='bbox 1477 1019 1651 1074; x_wconf 90' lang='lat' dir='ltr'>etiam</span> <span class='ocrx_word' id='word_1_42' title='bbox 1685 1036 1812 1091; x_wconf 70' lang='lat' dir='ltr'>qua:</span> <span class='ocrx_word' id='word_1_43' title='bbox 1865 1020 1975 1074; x_wconf 90' lang='lat' dir='ltr'>im-</span> 
     </span>
    </p>
   </div>
   <div class='ocr_carea' id='block_1_10' title="bbox 324 1108 1978 1183">
    <p class='ocr_par' dir='ltr' id='par_1_10' title="bbox 324 1108 1978 1183">
     <span class='ocr_line' id='line_1_10' title="bbox 324 1108 1978 1183; baseline -0.001 -17"><span class='ocrx_word' id='word_1_44' title='bbox 324 1108 471 1183; x_wconf 88' lang='lat' dir='ltr'>perii</span> <span class='ocrx_word' id='word_1_45' title='bbox 502 1113 640 1165; x_wconf 89' lang='lat' dir='ltr'>sunt</span> <span class='ocrx_word' id='word_1_46' title='bbox 666 1109 727 1163; x_wconf 92' lang='lat' dir='ltr'>in</span> <span class='ocrx_word' id='word_1_47' title='bbox 760 1109 1063 1182; x_wconf 87' lang='lat' dir='ltr'>propriam</span> <span class='ocrx_word' id='word_1_48' title='bbox 1096 1125 1219 1164; x_wconf 88' lang='lat' dir='ltr'>rem</span> <span class='ocrx_word' id='word_1_49' title='bbox 1249 1108 1565 1173; x_wconf 91' lang='lat' dir='ltr'>divertunt,</span> <span class='ocrx_word' id='word_1_50' title='bbox 1597 1108 1978 1180; x_wconf 90' lang='lat' dir='ltr'>castigatione</span> 
     </span>
    </p>
   </div>
   <div class='ocr_carea' id='block_1_11' title="bbox 326 1199 1982 1269">
    <p class='ocr_par' dir='ltr' id='par_1_11' title="bbox 326 1199 1982 1269">
     <span class='ocr_line' id='line_1_11' title="bbox 326 1199 1982 1269; baseline -0.001 -15"><span class='ocrx_word' id='word_1_51' title='bbox 326 1199 399 1254; x_wconf 92' lang='lat' dir='ltr'>ad</span> <span class='ocrx_word' id='word_1_52' title='bbox 431 1215 634 1254; x_wconf 89' lang='lat' dir='ltr'>sanam</span> <span class='ocrx_word' id='word_1_53' title='bbox 682 1202 941 1254; x_wconf 89' lang='lat' dir='ltr'>mentem</span> <span class='ocrx_word' id='word_1_54' title='bbox 976 1214 1316 1253; x_wconf 86' lang='lat' dir='ltr'>revocamus</span> <span class='ocrx_word' id='word_1_55' title='bbox 1348 1214 1361 1251; x_wconf 90' lang='lat'>:</span> <span class='ocrx_word' id='word_1_56' title='bbox 1397 1213 1592 1268; x_wconf 69' lang='lat' dir='ltr'>quaeso</span> <span class='ocrx_word' id='word_1_57' title='bbox 1634 1202 1698 1252; x_wconf 92' lang='lat' dir='ltr'>ut</span> <span class='ocrx_word' id='word_1_58' title='bbox 1746 1202 1982 1269; x_wconf 82' lang='lat' dir='ltr'>prapter</span> 
     </span>
    </p>
   </div>
   <div class='ocr_carea' id='block_1_12' title="bbox 328 1286 1977 1360">
    <p class='ocr_par' dir='ltr' id='par_1_12' title="bbox 328 1286 1977 1360">
     <span class='ocr_line' id='line_1_12' title="bbox 328 1286 1977 1360; baseline -0.002 -16"><span class='ocrx_word' id='word_1_59' title='bbox 328 1287 640 1345; x_wconf 89' lang='lat' dir='ltr'>Dominum</span> <span class='ocrx_word' id='word_1_60' title='bbox 688 1304 946 1360; x_wconf 83' lang='lat' dir='ltr'>praesens</span> <span class='ocrx_word' id='word_1_61' title='bbox 977 1286 1275 1358; x_wconf 82' lang='lat' dir='ltr'>negotium</span> <span class='ocrx_word' id='word_1_62' title='bbox 1322 1290 1627 1353; x_wconf 83' lang='lat' dir='ltr'>tractetur,</span> <span class='ocrx_word' id='word_1_63' title='bbox 1662 1302 1852 1359; x_wconf 90' lang='lat' dir='ltr'>neque</span> <span class='ocrx_word' id='word_1_64' title='bbox 1905 1287 1977 1342; x_wconf 92' lang='lat' dir='ltr'>ab</span> 
     </span>
    </p>
   </div>
   <div class='ocr_carea' id='block_1_13' title="bbox 329 1375 1981 1449">
    <p class='ocr_par' dir='ltr' id='par_1_13' title="bbox 329 1375 1981 1449">
     <span class='ocr_line' id='line_1_13' title="bbox 329 1375 1981 1449; baseline -0.001 -17"><span class='ocrx_word' id='word_1_65' title='bbox 329 1377 405 1433; x_wconf 89' lang='lat' dir='ltr'>iis</span> <span class='ocrx_word' id='word_1_66' title='bbox 444 1376 545 1449; x_wconf 89' lang='lat' dir='ltr'>qui</span> <span class='ocrx_word' id='word_1_67' title='bbox 595 1376 939 1433; x_wconf 82' lang='lat' dir='ltr'>muneribus</span> <span class='ocrx_word' id='word_1_68' title='bbox 986 1375 1254 1431; x_wconf 75' lang='lat' dir='ltr'>excaecati</span> <span class='ocrx_word' id='word_1_69' title='bbox 1303 1378 1462 1443; x_wconf 89' lang='lat' dir='ltr'>sunt,</span> <span class='ocrx_word' id='word_1_70' title='bbox 1512 1375 1876 1447; x_wconf 89' lang='lat' dir='ltr'>veritas,jus</span> <span class='ocrx_word' id='word_1_71' title='bbox 1924 1380 1981 1431; x_wconf 85' lang='lat' dir='ltr'>et</span> 
     </span>
    </p>
   </div>
   <div class='ocr_carea' id='block_1_14' title="bbox 331 1463 1982 1539">
    <p class='ocr_par' dir='ltr' id='par_1_14' title="bbox 331 1463 1982 1539">
     <span class='ocr_line' id='line_1_14' title="bbox 331 1463 1982 1539; baseline -0.002 -17"><span class='ocrx_word' id='word_1_72' title='bbox 331 1466 576 1539; x_wconf 58' lang='lat' dir='ltr'>aequitas</span> <span class='ocrx_word' id='word_1_73' title='bbox 627 1469 1096 1536; x_wconf 88' lang='lat' dir='ltr'>contemnantur,</span> <span class='ocrx_word' id='word_1_74' title='bbox 1130 1479 1320 1536; x_wconf 91' lang='lat' dir='ltr'>neque</span> <span class='ocrx_word' id='word_1_75' title='bbox 1367 1463 1451 1519; x_wconf 90' lang='lat' dir='ltr'>ita</span> <span class='ocrx_word' id='word_1_76' title='bbox 1481 1464 1841 1536; x_wconf 87' lang='lat' dir='ltr'>despiciatur</span> <span class='ocrx_word' id='word_1_77' title='bbox 1888 1464 1982 1519; x_wconf 92' lang='lat' dir='ltr'>Ec-</span> 
     </span>
    </p>
   </div>
   <div class='ocr_carea' id='block_1_15' title="bbox 332 1552 1983 1627">
    <p class='ocr_par' dir='ltr' id='par_1_15' title="bbox 332 1552 1983 1627">
     <span class='ocr_line' id='line_1_15' title="bbox 332 1552 1983 1627; baseline -0.002 -15"><span class='ocrx_word' id='word_1_78' title='bbox 332 1555 531 1623; x_wconf 83' lang='lat' dir='ltr'>clesia,</span> <span class='ocrx_word' id='word_1_79' title='bbox 563 1558 628 1609; x_wconf 87' lang='lat' dir='ltr'>ut</span> <span class='ocrx_word' id='word_1_80' title='bbox 674 1554 975 1627; x_wconf 88' lang='lat' dir='ltr'>privilegia</span> <span class='ocrx_word' id='word_1_81' title='bbox 1015 1555 1143 1624; x_wconf 92' lang='lat' dir='ltr'>ejus</span> <span class='ocrx_word' id='word_1_82' title='bbox 1190 1552 1452 1625; x_wconf 90' lang='lat' dir='ltr'>cujusvis</span> <span class='ocrx_word' id='word_1_83' title='bbox 1505 1552 1734 1608; x_wconf 88' lang='lat' dir='ltr'>lucrum</span> <span class='ocrx_word' id='word_1_84' title='bbox 1779 1570 1983 1625; x_wconf 87' lang='lat' dir='ltr'>parare</span> 
     </span>
    </p>
   </div>
   <div class='ocr_carea' id='block_1_16' title="bbox 329 1642 1985 1715">
    <p class='ocr_par' dir='ltr' id='par_1_16' title="bbox 329 1642 1985 1715">
     <span class='ocr_line' id='line_1_16' title="bbox 329 1642 1985 1715; baseline -0.002 -14"><span class='ocrx_word' id='word_1_85' title='bbox 329 1643 580 1702; x_wconf 87' lang='lat' dir='ltr'>volentis</span> <span class='ocrx_word' id='word_1_86' title='bbox 602 1643 916 1699; x_wconf 90' lang='lat' dir='ltr'>calumniis</span> <span class='ocrx_word' id='word_1_87' title='bbox 938 1643 1460 1715; x_wconf 89' lang='lat' dir='ltr'>subjiciantur.Sed</span> <span class='ocrx_word' id='word_1_88' title='bbox 1476 1642 1794 1714; x_wconf 88' lang='lat' dir='ltr'>promerita</span> <span class='ocrx_word' id='word_1_89' title='bbox 1814 1659 1985 1714; x_wconf 73' lang='lat' dir='ltr'>poena</span> 
     </span>
    </p>
   </div>
   <div class='ocr_carea' id='block_1_17' title="bbox 335 1730 1983 1805">
    <p class='ocr_par' dir='ltr' id='par_1_17' title="bbox 335 1730 1983 1805">
     <span class='ocr_line' id='line_1_17' title="bbox 335 1730 1983 1805; baseline -0.002 -15"><span class='ocrx_word' id='word_1_90' title='bbox 335 1734 628 1790; x_wconf 85' lang='lat' dir='ltr'>afﬁciatur</span> <span class='ocrx_word' id='word_1_91' title='bbox 642 1732 834 1805; x_wconf 86' lang='lat' dir='ltr'>quivis</span> <span class='ocrx_word' id='word_1_92' title='bbox 847 1730 1193 1787; x_wconf 88' lang='lat' dir='ltr'>maledictus</span> <span class='ocrx_word' id='word_1_93' title='bbox 1213 1731 1421 1799; x_wconf 89' lang='lat' dir='ltr'>homo;</span> <span class='ocrx_word' id='word_1_94' title='bbox 1438 1730 1557 1786; x_wconf 89' lang='lat' dir='ltr'>sive</span> <span class='ocrx_word' id='word_1_95' title='bbox 1574 1730 1983 1802; x_wconf 85' lang='lat' dir='ltr'>Theophanes,</span> 
     </span>
    </p>
   </div>
   <div class='ocr_carea' id='block_1_18' title="bbox 334 1819 1982 1896">
    <p class='ocr_par' dir='ltr' id='par_1_18' title="bbox 334 1819 1982 1896">
     <span class='ocr_line' id='line_1_18' title="bbox 334 1819 1982 1896; baseline -0.004 -15"><span class='ocrx_word' id='word_1_96' title='bbox 334 1824 459 1881; x_wconf 88' lang='lat' dir='ltr'>sive</span> <span class='ocrx_word' id='word_1_97' title='bbox 489 1823 762 1896; x_wconf 88' lang='lat' dir='ltr'>quisquis</span> <span class='ocrx_word' id='word_1_98' title='bbox 794 1822 944 1878; x_wconf 91' lang='lat' dir='ltr'>alius</span> <span class='ocrx_word' id='word_1_99' title='bbox 967 1821 1122 1893; x_wconf 87' lang='lat' dir='ltr'>turpi</span> <span class='ocrx_word' id='word_1_100' title='bbox 1150 1820 1313 1876; x_wconf 89' lang='lat' dir='ltr'>lucro</span> <span class='ocrx_word' id='word_1_101' title='bbox 1342 1820 1432 1875; x_wconf 85' lang='lat' dir='ltr'>vel</span> <span class='ocrx_word' id='word_1_102' title='bbox 1463 1819 1759 1875; x_wconf 87' lang='lat' dir='ltr'>calumnia</span> <span class='ocrx_word' id='word_1_103' title='bbox 1780 1820 1982 1891; x_wconf 87' lang='lat' dir='ltr'>utitur,</span> 
     </span>
    </p>
   </div>
   <div class='ocr_carea' id='block_1_19' title="bbox 334 1909 1986 1983">
    <p class='ocr_par' dir='ltr' id='par_1_19' title="bbox 334 1909 1986 1983">
     <span class='ocr_line' id='line_1_19' title="bbox 334 1909 1986 1983; baseline -0.003 -14"><span class='ocrx_word' id='word_1_104' title='bbox 334 1917 437 1970; x_wconf 89' lang='lat' dir='ltr'>aut</span> <span class='ocrx_word' id='word_1_105' title='bbox 467 1916 669 1969; x_wconf 87' lang='lat' dir='ltr'>contra</span> <span class='ocrx_word' id='word_1_106' title='bbox 712 1912 1016 1968; x_wconf 87' lang='lat' dir='ltr'>veritatem</span> <span class='ocrx_word' id='word_1_107' title='bbox 1073 1910 1352 1983; x_wconf 86' lang='lat' dir='ltr'>procedit,</span> <span class='ocrx_word' id='word_1_108' title='bbox 1384 1925 1632 1980; x_wconf 90' lang='lat' dir='ltr'>eamque</span> <span class='ocrx_word' id='word_1_109' title='bbox 1681 1909 1986 1965; x_wconf 91' lang='lat' dir='ltr'>mendacio</span> 
     </span>
    </p>
   </div>
   <div class='ocr_carea' id='block_1_20' title="bbox 2386 736 3470 813">
    <p class='ocr_par' dir='ltr' id='par_1_20' title="bbox 2386 736 3470 813">
     <span class='ocr_line' id='line_1_20' title="bbox 2386 736 3470 813; baseline 0.009 -23"><span class='ocrx_word' id='word_1_110' title='bbox 2386 736 2475 791; x_wconf 61' lang='grc' dir='ltr'>λαὶ</span> <span class='ocrx_word' id='word_1_111' title='bbox 2504 741 2610 793; x_wconf 84' lang='grc' dir='ltr'>τῶν</span> <span class='ocrx_word' id='word_1_112' title='bbox 2643 736 2959 813; x_wconf 76' lang='grc' dir='ltr'>προοομίων</span> <span class='ocrx_word' id='word_1_113' title='bbox 2990 736 3091 811; x_wconf 70' lang='grc' dir='ltr'>τῆξ</span> <span class='ocrx_word' id='word_1_114' title='bbox 3124 736 3470 813; x_wconf 63' lang='grc' dir='ltr'>Ἐκκλησίαῖί</span> 
     </span>
    </p>
   </div>
   <div class='ocr_carea' id='block_1_21' title="bbox 2159 837 3744 924">
    <p class='ocr_par' dir='ltr' id='par_1_21' title="bbox 2159 837 3744 924">
     <span class='ocr_line' id='line_1_21' title="bbox 2159 837 3744 924; baseline 0.01 -33"><span class='ocrx_word' id='word_1_115' title='bbox 2159 837 2381 894; x_wconf 77' lang='grc' dir='ltr'>Πάντων</span> <span class='ocrx_word' id='word_1_116' title='bbox 2414 839 2710 919; x_wconf 75' lang='grc' dir='ltr'>ἐφιεμένων</span> <span class='ocrx_word' id='word_1_117' title='bbox 2754 848 2852 899; x_wconf 89' lang='grc' dir='ltr'>τοῦ</span> <span class='ocrx_word' id='word_1_118' title='bbox 2883 844 3137 908; x_wconf 88' lang='grc' dir='ltr'>πλείονος</span> <span class='ocrx_word' id='word_1_119' title='bbox 3184 848 3448 923; x_wconf 78' lang='grc' dir='ltr'>σήμερον,</span> <span class='ocrx_word' id='word_1_120' title='bbox 3479 850 3571 904; x_wconf 80' lang='grc' dir='ltr'>καὶ</span> <span class='ocrx_word' id='word_1_121' title='bbox 3606 851 3744 924; x_wconf 81' lang='grc' dir='ltr'>μᾶλ-</span> 
     </span>
    </p>
   </div>
   <div class='ocr_carea' id='block_1_22' title="bbox 2087 925 3742 1014">
    <p class='ocr_par' dir='ltr' id='par_1_22' title="bbox 2087 925 3742 1014">
     <span class='ocr_line' id='line_1_22' title="bbox 2087 925 3742 1014; baseline 0.01 -35"><span class='ocrx_word' id='word_1_122' title='bbox 2087 925 2181 1014; x_wconf 84' lang='grc' dir='ltr'>λον</span> <span class='ocrx_word' id='word_1_123' title='bbox 2244 927 2327 983; x_wconf 74' lang='grc' dir='ltr'>ὅτι</span> <span class='ocrx_word' id='word_1_124' title='bbox 2376 928 2585 1003; x_wconf 73' lang='grc' dir='ltr'>μηδένα</span> <span class='ocrx_word' id='word_1_125' title='bbox 2632 929 2722 987; x_wconf 80' lang='grc' dir='ltr'>διὰ</span> <span class='ocrx_word' id='word_1_126' title='bbox 2780 931 3114 998; x_wconf 80' lang='grc' dir='ltr'>παιδεύσεως</span> <span class='ocrx_word' id='word_1_127' title='bbox 3170 937 3577 1014; x_wconf 78' lang='grc' dir='ltr'>σωφρονίζομεν</span> <span class='ocrx_word' id='word_1_128' title='bbox 3634 945 3742 995; x_wconf 81' lang='grc' dir='ltr'>τῶν</span> 
     </span>
    </p>
   </div>
   <div class='ocr_carea' id='block_1_23' title="bbox 2088 1013 3746 1102">
    <p class='ocr_par' dir='ltr' id='par_1_23' title="bbox 2088 1013 3746 1102">
     <span class='ocr_line' id='line_1_23' title="bbox 2088 1013 3746 1102; baseline 0.01 -35"><span class='ocrx_word' id='word_1_129' title='bbox 2088 1013 2372 1102; x_wconf 78' lang='grc' dir='ltr'>ἐσθιόντων</span> <span class='ocrx_word' id='word_1_130' title='bbox 2406 1017 2459 1073; x_wconf 83' lang='grc' dir='ltr'>ἐν</span> <span class='ocrx_word' id='word_1_131' title='bbox 2512 1020 2713 1095; x_wconf 82' lang='grc' dir='ltr'>βρώσει</span> <span class='ocrx_word' id='word_1_132' title='bbox 2763 1018 2928 1098; x_wconf 77' lang='grc' dir='ltr'>ἄρτου</span> <span class='ocrx_word' id='word_1_133' title='bbox 2973 1023 3067 1078; x_wconf 88' lang='grc' dir='ltr'>τὸν</span> <span class='ocrx_word' id='word_1_134' title='bbox 3096 1028 3193 1080; x_wconf 90' lang='grc' dir='ltr'>τοῦ</span> <span class='ocrx_word' id='word_1_135' title='bbox 3241 1013 3439 1102; x_wconf 78' lang='grc' dir='ltr'>Κυρίου</span> <span class='ocrx_word' id='word_1_136' title='bbox 3470 1025 3621 1101; x_wconf 84' lang='grc' dir='ltr'>λαὸν,</span> <span class='ocrx_word' id='word_1_137' title='bbox 3655 1028 3746 1083; x_wconf 84' lang='grc' dir='ltr'>καὶ</span> 
     </span>
    </p>
   </div>
   <div class='ocr_carea' id='block_1_24' title="bbox 2091 1101 3744 1195">
    <p class='ocr_par' dir='ltr' id='par_1_24' title="bbox 2091 1101 3744 1195">
     <span class='ocr_line' id='line_1_24' title="bbox 2091 1101 3744 1195; baseline 0.008 -37"><span class='ocrx_word' id='word_1_138' title='bbox 2091 1101 2542 1195; x_wconf 82' lang='grc' dir='ltr'>ἱδιοποιουμένων</span> <span class='ocrx_word' id='word_1_139' title='bbox 2613 1109 2703 1164; x_wconf 86' lang='grc' dir='ltr'>καὶ</span> <span class='ocrx_word' id='word_1_140' title='bbox 2771 1112 2839 1166; x_wconf 81' lang='grc' dir='ltr'>τὰ</span> <span class='ocrx_word' id='word_1_141' title='bbox 2910 1118 3009 1181; x_wconf 84' lang='grc' dir='ltr'>τῆς</span> <span class='ocrx_word' id='word_1_142' title='bbox 3074 1101 3351 1188; x_wconf 87' lang='grc' dir='ltr'>βασιλείας</span> <span class='ocrx_word' id='word_1_143' title='bbox 3408 1115 3744 1195; x_wconf 73' lang='grc' dir='ltr'>ἀμφοτέραις</span> 
     </span>
    </p>
   </div>
   <div class='ocr_carea' id='block_1_25' title="bbox 2088 1194 3748 1285">
    <p class='ocr_par' dir='ltr' id='par_1_25' title="bbox 2088 1194 3748 1285">
     <span class='ocr_line' id='line_1_25' title="bbox 2088 1194 3748 1285; baseline -0.017 -16"><span class='ocrx_word' id='word_1_144' title='bbox 2088 1195 2291 1285; x_wconf 50' lang='grc' dir='ltr'>χέρσῖ,⁸</span> <span class='ocrx_word' id='word_1_145' title='bbox 2318 1194 2413 1285; x_wconf 62' lang='grc' dir='ltr'>κᾶν</span> <span class='ocrx_word' id='word_1_146' title='bbox 2462 1199 2497 1266; x_wconf 76' lang='grc' dir='ltr'>ἡ</span> <span class='ocrx_word' id='word_1_147' title='bbox 2547 1202 2795 1274; x_wconf 85' lang='grc' dir='ltr'>παροῦσα</span> <span class='ocrx_word' id='word_1_148' title='bbox 2847 1200 3098 1264; x_wconf 86' lang='grc' dir='ltr'>ὑπόθεσις</span> <span class='ocrx_word' id='word_1_149' title='bbox 3151 1202 3228 1266; x_wconf 82' lang='grc' dir='ltr'>ὡς</span> <span class='ocrx_word' id='word_1_150' title='bbox 3293 1200 3414 1258; x_wconf 73' lang='grc' dir='ltr'>δέον</span> <span class='ocrx_word' id='word_1_151' title='bbox 3464 1194 3694 1285; x_wconf 57' lang='grc' dir='ltr'>ψήλαφη</span> <span class='ocrx_word' id='word_1_152' title='bbox 3724 1237 3748 1250; x_wconf 83' lang='grc'>,</span> 
     </span>
    </p>
   </div>
   <div class='ocr_carea' id='block_1_26' title="bbox 2088 1281 3748 1371">
    <p class='ocr_par' dir='ltr' id='par_1_26' title="bbox 2088 1281 3748 1371">
     <span class='ocr_line' id='line_1_26' title="bbox 2088 1281 3748 1371; baseline 0.009 -35"><span class='ocrx_word' id='word_1_153' title='bbox 2088 1283 2241 1352; x_wconf 81' lang='grc' dir='ltr'>θήτω</span> <span class='ocrx_word' id='word_1_154' title='bbox 2271 1281 2361 1339; x_wconf 79' lang='grc' dir='ltr'>διὰ</span> <span class='ocrx_word' id='word_1_155' title='bbox 2385 1286 2477 1340; x_wconf 89' lang='grc' dir='ltr'>τὸν</span> <span class='ocrx_word' id='word_1_156' title='bbox 2512 1286 2729 1363; x_wconf 81' lang='grc' dir='ltr'>Κύριον·</span> <span class='ocrx_word' id='word_1_157' title='bbox 2761 1289 2852 1343; x_wconf 83' lang='grc' dir='ltr'>καὶ</span> <span class='ocrx_word' id='word_1_158' title='bbox 2908 1291 2983 1363; x_wconf 80' lang='grc' dir='ltr'>μὴ</span> <span class='ocrx_word' id='word_1_159' title='bbox 3018 1288 3108 1345; x_wconf 77' lang='grc' dir='ltr'>διὰ</span> <span class='ocrx_word' id='word_1_160' title='bbox 3135 1294 3242 1346; x_wconf 82' lang='grc' dir='ltr'>τῶν</span> <span class='ocrx_word' id='word_1_161' title='bbox 3294 1281 3748 1371; x_wconf 66' lang='grc' dir='ltr'>ἑκτυφλουμένων</span> 
     </span>
    </p>
   </div>
   <div class='ocr_carea' id='block_1_27' title="bbox 2091 1370 3754 1456">
    <p class='ocr_par' dir='ltr' id='par_1_27' title="bbox 2091 1370 3754 1456">
     <span class='ocr_line' id='line_1_27' title="bbox 2091 1370 3754 1456; baseline 0.008 -30"><span class='ocrx_word' id='word_1_162' title='bbox 2091 1370 2286 1441; x_wconf 81' lang='grc' dir='ltr'>ξενίοις</span> <span class='ocrx_word' id='word_1_163' title='bbox 2317 1375 2353 1442; x_wconf 74' lang='grc' dir='ltr'>ἡ</span> <span class='ocrx_word' id='word_1_164' title='bbox 2401 1372 2632 1446; x_wconf 77' lang='grc' dir='ltr'>ἀλήθεια</span> <span class='ocrx_word' id='word_1_165' title='bbox 2688 1376 2977 1433; x_wconf 87' lang='grc' dir='ltr'>ἀθετείσθω</span> <span class='ocrx_word' id='word_1_166' title='bbox 3021 1378 3113 1434; x_wconf 84' lang='grc' dir='ltr'>καὶ</span> <span class='ocrx_word' id='word_1_167' title='bbox 3159 1380 3222 1435; x_wconf 84' lang='grc' dir='ltr'>τὸ</span> <span class='ocrx_word' id='word_1_168' title='bbox 3268 1370 3499 1456; x_wconf 74' lang='grc' dir='ltr'>ἔννομον</span> <span class='ocrx_word' id='word_1_169' title='bbox 3545 1384 3639 1438; x_wconf 79' lang='grc' dir='ltr'>καὶ</span> <span class='ocrx_word' id='word_1_170' title='bbox 3687 1382 3754 1440; x_wconf 72' lang='grc' dir='ltr'>τὰ</span> 
     </span>
    </p>
   </div>
   <div class='ocr_carea' id='block_1_28' title="bbox 2092 1457 3754 1546">
    <p class='ocr_par' dir='ltr' id='par_1_28' title="bbox 2092 1457 3754 1546">
     <span class='ocr_line' id='line_1_28' title="bbox 2092 1457 3754 1546; baseline 0.008 -31"><span class='ocrx_word' id='word_1_171' title='bbox 2092 1457 2323 1519; x_wconf 89' lang='grc' dir='ltr'>δίκαιον.</span> <span class='ocrx_word' id='word_1_172' title='bbox 2376 1461 2531 1534; x_wconf 75' lang='grc' dir='ltr'>Μηδὲ</span> <span class='ocrx_word' id='word_1_173' title='bbox 2580 1470 2838 1521; x_wconf 86' lang='grc' dir='ltr'>τοσοῦτον</span> <span class='ocrx_word' id='word_1_174' title='bbox 2888 1467 3333 1546; x_wconf 87' lang='grc' dir='ltr'>καταφρονείσθω</span> <span class='ocrx_word' id='word_1_175' title='bbox 3364 1474 3400 1541; x_wconf 80' lang='grc' dir='ltr'>ἠ</span> <span class='ocrx_word' id='word_1_176' title='bbox 3452 1471 3754 1544; x_wconf 78' lang='grc' dir='ltr'>Ἐκκλησία</span> 
     </span>
    </p>
   </div>
   <div class='ocr_carea' id='block_1_29' title="bbox 2089 1552 3756 1633">
    <p class='ocr_par' dir='ltr' id='par_1_29' title="bbox 2089 1552 3756 1633">
     <span class='ocr_line' id='line_1_29' title="bbox 2089 1552 3756 1633; baseline 0.008 -28"><span class='ocrx_word' id='word_1_177' title='bbox 2089 1555 2196 1605; x_wconf 80' lang='grc' dir='ltr'>τῶν</span> <span class='ocrx_word' id='word_1_178' title='bbox 2237 1552 2550 1628; x_wconf 86' lang='grc' dir='ltr'>προσόντων</span> <span class='ocrx_word' id='word_1_179' title='bbox 2589 1554 2737 1630; x_wconf 71' lang='grc' dir='ltr'>ἀὐτῇ</span> <span class='ocrx_word' id='word_1_180' title='bbox 2788 1556 3121 1633; x_wconf 82' lang='grc' dir='ltr'>προνομίων,</span> <span class='ocrx_word' id='word_1_181' title='bbox 3168 1558 3415 1623; x_wconf 82' lang='grc' dir='ltr'>εὐκόλως</span> <span class='ocrx_word' id='word_1_182' title='bbox 3465 1561 3568 1617; x_wconf 81' lang='grc' dir='ltr'>ὑπὸ</span> <span class='ocrx_word' id='word_1_183' title='bbox 3615 1582 3756 1618; x_wconf 85' lang='grc' dir='ltr'>παν-</span> 
     </span>
    </p>
   </div>
   <div class='ocr_carea' id='block_1_30' title="bbox 2091 1638 3752 1724">
    <p class='ocr_par' dir='ltr' id='par_1_30' title="bbox 2091 1638 3752 1724">
     <span class='ocr_line' id='line_1_30' title="bbox 2091 1638 3752 1724; baseline 0.008 -30"><span class='ocrx_word' id='word_1_184' title='bbox 2091 1640 2185 1702; x_wconf 79' lang='grc' dir='ltr'>τὸς</span> <span class='ocrx_word' id='word_1_185' title='bbox 2245 1638 2589 1716; x_wconf 71' lang='grc' dir='ltr'>βουλομένου</span> <span class='ocrx_word' id='word_1_186' title='bbox 2645 1643 2939 1721; x_wconf 78' lang='grc' dir='ltr'>κερδαίνειν</span> <span class='ocrx_word' id='word_1_187' title='bbox 2996 1644 3354 1724; x_wconf 72' lang='grc' dir='ltr'>πεπλασμένῃ</span> <span class='ocrx_word' id='word_1_188' title='bbox 3412 1645 3695 1722; x_wconf 73' lang='grc' dir='ltr'>ὑποϐεϐλῆ</span> <span class='ocrx_word' id='word_1_189' title='bbox 3728 1684 3752 1695; x_wconf 90' lang='grc'><strong>-</strong></span> 
     </span>
    </p>
   </div>
   <div class='ocr_carea' id='block_1_31' title="bbox 2093 1725 3751 1815">
    <p class='ocr_par' dir='ltr' id='par_1_31' title="bbox 2093 1725 3751 1815">
     <span class='ocr_line' id='line_1_31' title="bbox 2093 1725 3751 1815; baseline 0.008 -32"><span class='ocrx_word' id='word_1_190' title='bbox 2093 1729 2213 1783; x_wconf 85' lang='grc' dir='ltr'>σθαι</span> <span class='ocrx_word' id='word_1_191' title='bbox 2289 1725 2525 1805; x_wconf 82' lang='grc' dir='ltr'>διαϐολῇ</span> <span class='ocrx_word' id='word_1_192' title='bbox 2561 1752 2575 1765; x_wconf 88' lang='grc'><strong>·</strong></span> <span class='ocrx_word' id='word_1_193' title='bbox 2638 1731 2763 1789; x_wconf 84' lang='grc' dir='ltr'>ἀλλ’</span> <span class='ocrx_word' id='word_1_194' title='bbox 2837 1734 2997 1806; x_wconf 80' lang='grc' dir='ltr'>ἀξίως</span> <span class='ocrx_word' id='word_1_195' title='bbox 3074 1735 3415 1810; x_wconf 76' lang='grc' dir='ltr'>ἐπιτιμάσθω</span> <span class='ocrx_word' id='word_1_196' title='bbox 3482 1738 3751 1815; x_wconf 72' lang='grc' dir='ltr'>ἐπάρατος</span> 
     </span>
    </p>
   </div>
   <div class='ocr_carea' id='block_1_32' title="bbox 2092 1816 3750 1906">
    <p class='ocr_par' dir='ltr' id='par_1_32' title="bbox 2092 1816 3750 1906">
     <span class='ocr_line' id='line_1_32' title="bbox 2092 1816 3750 1906; baseline 0.009 -34"><span class='ocrx_word' id='word_1_197' title='bbox 2092 1823 2218 1886; x_wconf 81' lang='grc' dir='ltr'>πᾶς,</span> <span class='ocrx_word' id='word_1_198' title='bbox 2268 1816 2375 1874; x_wconf 80' lang='grc' dir='ltr'>εἷ’τε</span> <span class='ocrx_word' id='word_1_199' title='bbox 2421 1822 2698 1900; x_wconf 74' lang='grc' dir='ltr'>Θεοφάνης</span> <span class='ocrx_word' id='word_1_200' title='bbox 2743 1821 2850 1879; x_wconf 64' lang='grc' dir='ltr'>εἴτε</span> <span class='ocrx_word' id='word_1_201' title='bbox 2898 1823 3012 1887; x_wconf 83' lang='grc' dir='ltr'>οἶός</span> <span class='ocrx_word' id='word_1_202' title='bbox 3065 1824 3206 1881; x_wconf 79' lang='grc' dir='ltr'>ἐστιν</span> <span class='ocrx_word' id='word_1_203' title='bbox 3256 1827 3286 1881; x_wconf 85' lang='grc' dir='ltr'><strong>ὁ</strong></span> <span class='ocrx_word' id='word_1_204' title='bbox 3333 1828 3630 1903; x_wconf 81' lang='grc' dir='ltr'>χρώμενος</span> <span class='ocrx_word' id='word_1_205' title='bbox 3681 1834 3750 1906; x_wconf 81' lang='grc' dir='ltr'>τῇ</span> 
     </span>
    </p>
   </div>
   <div class='ocr_carea' id='block_1_33' title="bbox 2094 1905 3754 1990">
    <p class='ocr_par' dir='ltr' id='par_1_33' title="bbox 2094 1905 3754 1990">
     <span class='ocr_line' id='line_1_33' title="bbox 2094 1905 3754 1990; baseline 0.009 -30"><span class='ocrx_word' id='word_1_206' title='bbox 2094 1905 2513 1985; x_wconf 79' lang='grc' dir='ltr'>αἰσχροκερδείᾳ</span> <span class='ocrx_word' id='word_1_207' title='bbox 2538 1910 2629 1966; x_wconf 87' lang='grc' dir='ltr'>καὶ</span> <span class='ocrx_word' id='word_1_208' title='bbox 2678 1915 2748 1985; x_wconf 83' lang='grc' dir='ltr'>τῇ</span> <span class='ocrx_word' id='word_1_209' title='bbox 2796 1908 3034 1988; x_wconf 73' lang='grc' dir='ltr'>διαϐολῇ</span> <span class='ocrx_word' id='word_1_210' title='bbox 3063 1913 3154 1970; x_wconf 85' lang='grc' dir='ltr'>καὶ</span> <span class='ocrx_word' id='word_1_211' title='bbox 3185 1915 3320 1971; x_wconf 79' lang='grc' dir='ltr'>κατὰ</span> <span class='ocrx_word' id='word_1_212' title='bbox 3346 1923 3448 1987; x_wconf 81' lang='grc' dir='ltr'>τῆς</span> <span class='ocrx_word' id='word_1_213' title='bbox 3496 1905 3754 1990; x_wconf 85' lang='grc' dir='ltr'>ἀληθείας</span> 
     </span>
    </p>
   </div>
   <div class='ocr_carea' id='block_1_34' title="bbox 344 1998 1989 2100">
    <p class='ocr_par' dir='ltr' id='par_1_34' title="bbox 344 1998 1983 2071">
     <span class='ocr_line' id='line_1_34' title="bbox 344 1998 1983 2071; baseline -0.002 -13"><span class='ocrx_word' id='word_1_214' title='bbox 344 2003 555 2059; x_wconf 84' lang='lat' dir='ltr'>bruere</span> <span class='ocrx_word' id='word_1_215' title='bbox 582 2001 793 2057; x_wconf 87' lang='lat' dir='ltr'>nititur</span> <span class='ocrx_word' id='word_1_216' title='bbox 822 2018 835 2055; x_wconf 87' lang='lat'><strong>:</strong></span> <span class='ocrx_word' id='word_1_217' title='bbox 868 2017 936 2057; x_wconf 88' lang='lat' dir='ltr'>ac</span> <span class='ocrx_word' id='word_1_218' title='bbox 966 2016 1102 2056; x_wconf 89' lang='lat' dir='ltr'>cum</span> <span class='ocrx_word' id='word_1_219' title='bbox 1185 1999 1257 2054; x_wconf 91' lang='lat' dir='ltr'>iis</span> <span class='ocrx_word' id='word_1_220' title='bbox 1289 1998 1609 2071; x_wconf 84' lang='lat' dir='ltr'>puniantur</span> <span class='ocrx_word' id='word_1_221' title='bbox 1637 1999 1737 2070; x_wconf 90' lang='lat' dir='ltr'>qui</span> <span class='ocrx_word' id='word_1_222' title='bbox 1767 1999 1826 2054; x_wconf 93' lang='lat' dir='ltr'>in</span> <span class='ocrx_word' id='word_1_223' title='bbox 1857 2004 1983 2054; x_wconf 90' lang='lat' dir='ltr'>tan-</span> 
     </span>
    </p>
   </div>
   <div class='ocr_carea' id='block_1_35' title="bbox 2103 1998 3756 2100">
    <p class='ocr_par' dir='ltr' id='par_1_35' title="bbox 2103 1998 3756 2100">
     <span class='ocr_line' id='line_1_35' title="bbox 2103 1998 3756 2100; baseline 0.008 -50"><span class='ocrx_word' id='word_1_224' title='bbox 2103 2000 2326 2100; x_wconf 47' lang='lat' dir='ltr'>xfnp‘c‘bv,</span> <span class='ocrx_word' id='word_1_225' title='bbox 2379 1998 2469 2053; x_wconf 84' lang='grc' dir='ltr'>καὶ</span> <span class='ocrx_word' id='word_1_226' title='bbox 2539 1998 2759 2100; x_wconf 46' lang='grc' dir='ltr'>ταύτης.</span> <span class='ocrx_word' id='word_1_227' title='bbox 2796 2000 3289 2078; x_wconf 75' lang='grc' dir='ltr'>καταψευδόμενοςο</span> <span class='ocrx_word' id='word_1_228' title='bbox 3367 2008 3485 2080; x_wconf 82' lang='grc' dir='ltr'>μεθ’</span> <span class='ocrx_word' id='word_1_229' title='bbox 3538 2009 3612 2063; x_wconf 82' lang='grc' dir='ltr'>ὧν</span> <span class='ocrx_word' id='word_1_230' title='bbox 3665 2010 3756 2065; x_wconf 83' lang='grc' dir='ltr'>καὶ</span> 
     </span>
    </p>
   </div>
   <div class='ocr_carea' id='block_1_36' title="bbox 332 2086 1989 2173">
    <p class='ocr_par' dir='ltr' id='par_1_36' title="bbox 332 2087 1989 2163">
     <span class='ocr_line' id='line_1_36' title="bbox 332 2087 1989 2163; baseline -0.003 -15"><span class='ocrx_word' id='word_1_231' title='bbox 332 2094 455 2148; x_wconf 84' lang='lat' dir='ltr'>tam</span> <span class='ocrx_word' id='word_1_232' title='bbox 488 2091 803 2148; x_wconf 86' lang='lat' dir='ltr'>audacium</span> <span class='ocrx_word' id='word_1_233' title='bbox 834 2092 1320 2163; x_wconf 87' lang='lat' dir='ltr'>proruperunt,ut</span> <span class='ocrx_word' id='word_1_234' title='bbox 1348 2087 1694 2144; x_wconf 88' lang='lat' dir='ltr'>muneribus</span> <span class='ocrx_word' id='word_1_235' title='bbox 1731 2088 1989 2160; x_wconf 84' lang='lat' dir='ltr'>corrupti</span> 
     </span>
    </p>
   </div>
   <div class='ocr_carea' id='block_1_37' title="bbox 2103 2086 3757 2173">
    <p class='ocr_par' dir='ltr' id='par_1_37' title="bbox 2103 2086 3757 2173">
     <span class='ocr_line' id='line_1_37' title="bbox 2103 2086 3757 2173; baseline 0.008 -33"><span class='ocrx_word' id='word_1_236' title='bbox 2103 2086 2153 2139; x_wconf 77' lang='grc' dir='ltr'>οἱ</span> <span class='ocrx_word' id='word_1_237' title='bbox 2208 2086 2297 2141; x_wconf 83' lang='grc' dir='ltr'>ἐπὶ</span> <span class='ocrx_word' id='word_1_238' title='bbox 2353 2093 2610 2144; x_wconf 89' lang='grc' dir='ltr'>τοσοῦτον</span> <span class='ocrx_word' id='word_1_239' title='bbox 2666 2088 3028 2167; x_wconf 68' lang='grc' dir='ltr'>θαρρήσαντες</span> <span class='ocrx_word' id='word_1_240' title='bbox 3085 2097 3178 2149; x_wconf 86' lang='grc' dir='ltr'>νῦν</span> <span class='ocrx_word' id='word_1_241' title='bbox 3249 2099 3346 2150; x_wconf 87' lang='grc' dir='ltr'>τοῦ</span> <span class='ocrx_word' id='word_1_242' title='bbox 3414 2095 3757 2173; x_wconf 76' lang='grc' dir='ltr'>συγκαλύψαι</span> 
     </span>
    </p>
   </div>
   <div class='ocr_carea' id='block_1_38' title="bbox 330 2175 1994 2248">
    <p class='ocr_par' dir='ltr' id='par_1_38' title="bbox 330 2175 1994 2248">
     <span class='ocr_line' id='line_1_38' title="bbox 330 2175 1994 2248; baseline -0.002 -13"><span class='ocrx_word' id='word_1_243' title='bbox 330 2184 454 2235; x_wconf 90' lang='lat' dir='ltr'>tam</span> <span class='ocrx_word' id='word_1_244' title='bbox 489 2179 708 2235; x_wconf 73' lang='lat' dir='ltr'>foedum</span> <span class='ocrx_word' id='word_1_245' title='bbox 761 2177 989 2233; x_wconf 83' lang='lat' dir='ltr'>facinus</span> <span class='ocrx_word' id='word_1_246' title='bbox 1021 2175 1333 2233; x_wconf 89' lang='lat' dir='ltr'>occultent.</span> <span class='ocrx_word' id='word_1_247' title='bbox 1368 2176 1568 2248; x_wconf 84' lang='lat' dir='ltr'>Neque</span> <span class='ocrx_word' id='word_1_248' title='bbox 1599 2175 1754 2232; x_wconf 89' lang='lat' dir='ltr'>enim</span> <span class='ocrx_word' id='word_1_249' title='bbox 1797 2176 1994 2233; x_wconf 90' lang='lat' dir='ltr'>divina</span> 
     </span>
    </p>
   </div>
   <div class='ocr_carea' id='block_1_39' title="bbox 330 2263 1993 2338">
    <p class='ocr_par' dir='ltr' id='par_1_39' title="bbox 330 2263 1993 2338">
     <span class='ocr_line' id='line_1_39' title="bbox 330 2263 1993 2338; baseline -0.001 -16"><span class='ocrx_word' id='word_1_250' title='bbox 330 2265 477 2322; x_wconf 91' lang='lat' dir='ltr'>ultio</span> <span class='ocrx_word' id='word_1_251' title='bbox 506 2281 739 2338; x_wconf 85' lang='lat' dir='ltr'>semper</span> <span class='ocrx_word' id='word_1_252' title='bbox 758 2264 1101 2321; x_wconf 88' lang='lat' dir='ltr'>dormitabit</span> <span class='ocrx_word' id='word_1_253' title='bbox 1127 2264 1201 2319; x_wconf 91' lang='lat' dir='ltr'>iis</span> <span class='ocrx_word' id='word_1_254' title='bbox 1234 2263 1336 2336; x_wconf 92' lang='lat' dir='ltr'>qui</span> <span class='ocrx_word' id='word_1_255' title='bbox 1366 2264 1510 2320; x_wconf 86' lang='lat' dir='ltr'>talia</span> <span class='ocrx_word' id='word_1_256' title='bbox 1538 2265 1667 2320; x_wconf 90' lang='lat' dir='ltr'>ausi</span> <span class='ocrx_word' id='word_1_257' title='bbox 1702 2264 1993 2337; x_wconf 85' lang='lat' dir='ltr'>sunl,qui-</span> 
     </span>
    </p>
   </div>
   <div class='ocr_carea' id='block_1_40' title="bbox 333 2353 1990 2426">
    <p class='ocr_par' dir='ltr' id='par_1_40' title="bbox 333 2353 1990 2426">
     <span class='ocr_line' id='line_1_40' title="bbox 333 2353 1990 2426; baseline -0.001 -15"><span class='ocrx_word' id='word_1_258' title='bbox 333 2355 480 2412; x_wconf 85' lang='lat' dir='ltr'>libet</span> <span class='ocrx_word' id='word_1_259' title='bbox 508 2355 745 2411; x_wconf 86' lang='lat' dir='ltr'>tandem</span> <span class='ocrx_word' id='word_1_260' title='bbox 797 2354 1033 2410; x_wconf 88' lang='lat' dir='ltr'>fuerint.</span> <span class='ocrx_word' id='word_1_261' title='bbox 1066 2353 1173 2409; x_wconf 89' lang='lat' dir='ltr'>His</span> <span class='ocrx_word' id='word_1_262' title='bbox 1203 2354 1274 2409; x_wconf 93' lang='lat' dir='ltr'>de</span> <span class='ocrx_word' id='word_1_263' title='bbox 1306 2354 1502 2410; x_wconf 87' lang='lat' dir='ltr'>causis</span> <span class='ocrx_word' id='word_1_264' title='bbox 1545 2370 1750 2426; x_wconf 87' lang='lat' dir='ltr'>precor</span> <span class='ocrx_word' id='word_1_265' title='bbox 1778 2353 1990 2410; x_wconf 89' lang='lat' dir='ltr'>iterum</span> 
     </span>
    </p>
   </div>
   <div class='ocr_carea' id='block_1_41' title="bbox 338 2443 1990 2516">
    <p class='ocr_par' dir='ltr' id='par_1_41' title="bbox 338 2443 1990 2516">
     <span class='ocr_line' id='line_1_41' title="bbox 338 2443 1990 2516; baseline -0.001 -15"><span class='ocrx_word' id='word_1_266' title='bbox 338 2445 713 2516; x_wconf 89' lang='lat' dir='ltr'>majestatem</span> <span class='ocrx_word' id='word_1_267' title='bbox 761 2448 947 2514; x_wconf 84' lang='lat' dir='ltr'>tuam,</span> <span class='ocrx_word' id='word_1_268' title='bbox 980 2448 1045 2499; x_wconf 90' lang='lat' dir='ltr'>ut</span> <span class='ocrx_word' id='word_1_269' title='bbox 1092 2460 1298 2500; x_wconf 90' lang='lat' dir='ltr'>eorum</span> <span class='ocrx_word' id='word_1_270' title='bbox 1328 2459 1571 2500; x_wconf 87' lang='lat' dir='ltr'>examen</span> <span class='ocrx_word' id='word_1_271' title='bbox 1600 2448 1659 2500; x_wconf 90' lang='lat' dir='ltr'>et</span> <span class='ocrx_word' id='word_1_272' title='bbox 1707 2443 1990 2500; x_wconf 91' lang='lat' dir='ltr'>ultionem</span> 
     </span>
    </p>
   </div>
   <div class='ocr_carea' id='block_1_42' title="bbox 341 2533 1995 2605">
    <p class='ocr_par' dir='ltr' id='par_1_42' title="bbox 341 2533 1995 2605">
     <span class='ocr_line' id='line_1_42' title="bbox 341 2533 1995 2605; baseline 0 -15"><span class='ocrx_word' id='word_1_273' title='bbox 341 2534 754 2591; x_wconf 86' lang='lat' dir='ltr'>incunctanter</span> <span class='ocrx_word' id='word_1_274' title='bbox 782 2537 840 2589; x_wconf 88' lang='lat' dir='ltr'>et</span> <span class='ocrx_word' id='word_1_275' title='bbox 886 2533 1135 2605; x_wconf 81' lang='lat' dir='ltr'>impigre</span> <span class='ocrx_word' id='word_1_276' title='bbox 1172 2537 1463 2605; x_wconf 84' lang='lat' dir='ltr'>procuret,</span> <span class='ocrx_word' id='word_1_277' title='bbox 1496 2549 1611 2589; x_wconf 93' lang='lat' dir='ltr'>non</span> <span class='ocrx_word' id='word_1_278' title='bbox 1639 2550 1674 2588; x_wconf 93' lang='lat' dir='ltr'>a</span> <span class='ocrx_word' id='word_1_279' title='bbox 1703 2538 1995 2605; x_wconf 85' lang='lat' dir='ltr'>corruptis</span> 
     </span>
    </p>
   </div>
   <div class='ocr_carea' id='block_1_43' title="bbox 342 2621 1993 2694">
    <p class='ocr_par' dir='ltr' id='par_1_43' title="bbox 342 2621 1993 2694">
     <span class='ocr_line' id='line_1_43' title="bbox 342 2621 1993 2694; baseline -0.001 -15"><span class='ocrx_word' id='word_1_280' title='bbox 342 2627 402 2679; x_wconf 86' lang='lat' dir='ltr'>et</span> <span class='ocrx_word' id='word_1_281' title='bbox 428 2622 688 2694; x_wconf 67' lang='lat' dir='ltr'>pecunia:</span> <span class='ocrx_word' id='word_1_282' title='bbox 736 2622 920 2678; x_wconf 91' lang='lat' dir='ltr'>amori</span> <span class='ocrx_word' id='word_1_283' title='bbox 949 2637 1143 2694; x_wconf 93' lang='lat' dir='ltr'>genua</span> <span class='ocrx_word' id='word_1_284' title='bbox 1190 2621 1560 2677; x_wconf 82' lang='lat' dir='ltr'>flectentibus</span> <span class='ocrx_word' id='word_1_285' title='bbox 1589 2621 1730 2678; x_wconf 90' lang='lat' dir='ltr'>viris</span> <span class='ocrx_word' id='word_1_286' title='bbox 1778 2622 1993 2678; x_wconf 85' lang='lat' dir='ltr'>facien-</span> 
     </span>
    </p>
   </div>
   <div class='ocr_carea' id='block_1_44' title="bbox 348 2710 1996 2783">
    <p class='ocr_par' dir='ltr' id='par_1_44' title="bbox 348 2710 1996 2783">
     <span class='ocr_line' id='line_1_44' title="bbox 348 2710 1996 2783; baseline 0.001 -15"><span class='ocrx_word' id='word_1_287' title='bbox 348 2712 485 2768; x_wconf 89' lang='lat' dir='ltr'>dam</span> <span class='ocrx_word' id='word_1_288' title='bbox 515 2729 533 2767; x_wconf 93' lang='lat'><strong><em>:</em></strong></span> <span class='ocrx_word' id='word_1_289' title='bbox 566 2712 736 2783; x_wconf 86' lang='lat' dir='ltr'>cujus</span> <span class='ocrx_word' id='word_1_290' title='bbox 767 2728 945 2767; x_wconf 92' lang='lat' dir='ltr'>causa</span> <span class='ocrx_word' id='word_1_291' title='bbox 972 2711 1156 2766; x_wconf 88' lang='lat' dir='ltr'>Judas</span> <span class='ocrx_word' id='word_1_292' title='bbox 1186 2710 1247 2765; x_wconf 91' lang='lat' dir='ltr'>in</span> <span class='ocrx_word' id='word_1_293' title='bbox 1279 2710 1543 2766; x_wconf 90' lang='lat' dir='ltr'>fraudem</span> <span class='ocrx_word' id='word_1_294' title='bbox 1576 2711 1700 2782; x_wconf 92' lang='lat' dir='ltr'>ipse</span> <span class='ocrx_word' id='word_1_295' title='bbox 1730 2728 1901 2767; x_wconf 91' lang='lat' dir='ltr'>suam</span> <span class='ocrx_word' id='word_1_296' title='bbox 1933 2729 1996 2769; x_wconf 89' lang='lat' dir='ltr'>se</span> 
     </span>
    </p>
   </div>
   <div class='ocr_carea' id='block_1_45' title="bbox 346 2800 1994 2872">
    <p class='ocr_par' dir='ltr' id='par_1_45' title="bbox 346 2800 1994 2872">
     <span class='ocr_line' id='line_1_45' title="bbox 346 2800 1994 2872; baseline -0.001 -14"><span class='ocrx_word' id='word_1_297' title='bbox 346 2800 591 2870; x_wconf 86' lang='lat' dir='ltr'>extulit;</span> <span class='ocrx_word' id='word_1_298' title='bbox 624 2801 707 2857; x_wconf 90' lang='lat' dir='ltr'>ita</span> <span class='ocrx_word' id='word_1_299' title='bbox 753 2804 819 2855; x_wconf 90' lang='lat' dir='ltr'>ut</span> <span class='ocrx_word' id='word_1_300' title='bbox 847 2801 976 2872; x_wconf 88' lang='lat' dir='ltr'>ejus</span> <span class='ocrx_word' id='word_1_301' title='bbox 1004 2800 1233 2856; x_wconf 82' lang='lat' dir='ltr'>facinus</span> <span class='ocrx_word' id='word_1_302' title='bbox 1280 2800 1499 2872; x_wconf 90' lang='lat' dir='ltr'>ubique</span> <span class='ocrx_word' id='word_1_303' title='bbox 1527 2804 1585 2856; x_wconf 93' lang='lat' dir='ltr'>et</span> <span class='ocrx_word' id='word_1_304' title='bbox 1614 2800 1850 2857; x_wconf 86' lang='lat' dir='ltr'>assidue</span> <span class='ocrx_word' id='word_1_305' title='bbox 1895 2802 1994 2857; x_wconf 86' lang='lat' dir='ltr'>de-</span> 
     </span>
    </p>
   </div>
   <div class='ocr_carea' id='block_1_46' title="bbox 345 2888 1999 2963">
    <p class='ocr_par' dir='ltr' id='par_1_46' title="bbox 345 2888 1999 2963">
     <span class='ocr_line' id='line_1_46' title="bbox 345 2888 1999 2963; baseline 0 -16"><span class='ocrx_word' id='word_1_306' title='bbox 345 2895 633 2948; x_wconf 83' lang='lat' dir='ltr'>cantetur.</span> <span class='ocrx_word' id='word_1_307' title='bbox 665 2890 828 2957; x_wconf 76' lang='lat' dir='ltr'>Quod</span> <span class='ocrx_word' id='word_1_308' title='bbox 859 2889 911 2945; x_wconf 90' lang='lat' dir='ltr'>si</span> <span class='ocrx_word' id='word_1_309' title='bbox 943 2905 1057 2945; x_wconf 91' lang='lat' dir='ltr'>non</span> <span class='ocrx_word' id='word_1_310' title='bbox 1089 2888 1465 2957; x_wconf 88' lang='lat' dir='ltr'>ulciscamur,</span> <span class='ocrx_word' id='word_1_311' title='bbox 1485 2890 1585 2945; x_wconf 89' lang='lat' dir='ltr'>sed</span> <span class='ocrx_word' id='word_1_312' title='bbox 1620 2888 1909 2963; x_wconf 89' lang='lat' dir='ltr'>neglectui</span> <span class='ocrx_word' id='word_1_313' title='bbox 1940 2896 1999 2947; x_wconf 91' lang='lat' dir='ltr'>et</span> 
     </span>
    </p>
   </div>
   <div class='ocr_carea' id='block_1_47' title="bbox 346 2977 1992 3051">
    <p class='ocr_par' dir='ltr' id='par_1_47' title="bbox 346 2977 1992 3051">
     <span class='ocr_line' id='line_1_47' title="bbox 346 2977 1992 3051; baseline -0.001 -13"><span class='ocrx_word' id='word_1_314' title='bbox 346 2980 580 3038; x_wconf 88' lang='lat' dir='ltr'>silentio</span> <span class='ocrx_word' id='word_1_315' title='bbox 608 2996 716 3035; x_wconf 91' lang='lat' dir='ltr'>nos</span> <span class='ocrx_word' id='word_1_316' title='bbox 746 2977 1107 3050; x_wconf 88' lang='lat' dir='ltr'>dederimus,</span> <span class='ocrx_word' id='word_1_317' title='bbox 1138 2978 1262 3033; x_wconf 71' lang='lat' dir='ltr'>haec</span> <span class='ocrx_word' id='word_1_318' title='bbox 1293 2977 1447 3049; x_wconf 87' lang='lat' dir='ltr'>apud</span> <span class='ocrx_word' id='word_1_319' title='bbox 1472 2978 1705 3049; x_wconf 89' lang='lat' dir='ltr'>justum</span> <span class='ocrx_word' id='word_1_320' title='bbox 1730 2978 1992 3051; x_wconf 87' lang='lat' dir='ltr'>judicem</span> 
     </span>
    </p>
   </div>
   <div class='ocr_carea' id='block_1_48' title="bbox 341 3066 1119 3126">
    <p class='ocr_par' dir='ltr' id='par_1_48' title="bbox 341 3066 1119 3126">
     <span class='ocr_line' id='line_1_48' title="bbox 341 3066 1119 3126; baseline -0.008 1"><span class='ocrx_word' id='word_1_321' title='bbox 341 3072 529 3126; x_wconf 86' lang='lat' dir='ltr'>Deum</span> <span class='ocrx_word' id='word_1_322' title='bbox 558 3066 754 3124; x_wconf 89' lang='lat' dir='ltr'>inulta</span> <span class='ocrx_word' id='word_1_323' title='bbox 780 3083 897 3123; x_wconf 93' lang='lat' dir='ltr'>non</span> <span class='ocrx_word' id='word_1_324' title='bbox 929 3069 1119 3122; x_wconf 89' lang='lat' dir='ltr'>erunt.</span> 
     </span>
    </p>
   </div>
   <div class='ocr_carea' id='block_1_49' title="bbox 342 3244 1996 3329">
    <p class='ocr_par' dir='ltr' id='par_1_49' title="bbox 342 3244 1996 3329">
     <span class='ocr_line' id='line_1_49' title="bbox 342 3244 1996 3329; baseline -0.001 -26"><span class='ocrx_word' id='word_1_325' title='bbox 342 3247 599 3319; x_wconf 73' lang='lat' dir='ltr'>Epistola</span> <span class='ocrx_word' id='word_1_326' title='bbox 647 3245 719 3301; x_wconf 82' lang='lat' dir='ltr'>ad</span> <span class='ocrx_word' id='word_1_327' title='bbox 743 3246 1132 3329; x_wconf 52' lang='lat' dir='ltr'>imperator-ep}</span> <span class='ocrx_word' id='word_1_328' title='bbox 1160 3244 1227 3300; x_wconf 85' lang='lat' dir='ltr'>de</span> <span class='ocrx_word' id='word_1_329' title='bbox 1273 3246 1501 3329; x_wconf 64' lang='lat' dir='ltr'>domipo</span> <span class='ocrx_word' id='word_1_330' title='bbox 1548 3246 1792 3329; x_wconf 74' lang='lat' dir='ltr'>Niphone</span> <span class='ocrx_word' id='word_1_331' title='bbox 1837 3246 1996 3329; x_wconf 32' lang='lat' dir='ltr'>Cyri:</span> 
     </span>
    </p>
   </div>
   <div class='ocr_carea' id='block_1_50' title="bbox 411 3316 1999 3447">
    <p class='ocr_par' dir='ltr' id='par_1_50' title="bbox 411 3316 1999 3447">
     <span class='ocr_line' id='line_1_50' title="bbox 411 3316 1999 3446; baseline -0.001 -70"><span class='ocrx_word' id='word_1_332' title='bbox 411 3334 569 3446; x_wconf 51' lang='lat' dir='ltr'>cgitant,</span> <span class='ocrx_word' id='word_1_333' title='bbox 640 3316 819 3390; x_wconf 83' lang='lat' dir='ltr'>quoad</span> <span class='ocrx_word' id='word_1_334' title='bbox 872 3317 1248 3373; x_wconf 75' lang='lat' dir='ltr'>accusationes</span> <span class='ocrx_word' id='word_1_335' title='bbox 1320 3319 1511 3372; x_wconf 80' lang='lat' dir='ltr'>contra</span> <span class='ocrx_word' id='word_1_336' title='bbox 1567 3316 1818 3374; x_wconf 71' lang='lat' dir='ltr'>eamdem</span> <span class='ocrx_word' id='word_1_337' title='bbox 1878 3316 1999 3391; x_wconf 62' lang='grc' dir='ltr'>’ἐρεῖ</span> 
     </span>
     <span class='ocr_line' id='line_1_51' title="bbox 415 3406 647 3447; baseline -0.017 0"><span class='ocrx_word' id='word_1_338' title='bbox 415 3407 445 3447; x_wconf 94' lang='lat' dir='ltr'>o</span> <span class='ocrx_word' id='word_1_339' title='bbox 504 3406 540 3446; x_wconf 88' lang='lat' dir='ltr'>a</span> <span class='ocrx_word' id='word_1_340' title='bbox 565 3406 647 3445; x_wconf 77' lang='lat' dir='ltr'>as.</span> 
     </span>
    </p>
   </div>
   <div class='ocr_carea' id='block_1_51' title="bbox 416 3511 1999 3585">
    <p class='ocr_par' dir='ltr' id='par_1_51' title="bbox 416 3511 1999 3585">
     <span class='ocr_line' id='line_1_52' title="bbox 416 3511 1999 3585; baseline -0.001 -14"><span class='ocrx_word' id='word_1_341' title='bbox 416 3514 563 3571; x_wconf 88' lang='lat' dir='ltr'>Cum</span> <span class='ocrx_word' id='word_1_342' title='bbox 594 3512 854 3585; x_wconf 92' lang='lat' dir='ltr'>aliquem</span> <span class='ocrx_word' id='word_1_343' title='bbox 876 3512 936 3567; x_wconf 89' lang='lat' dir='ltr'>in</span> <span class='ocrx_word' id='word_1_344' title='bbox 965 3511 1202 3583; x_wconf 87' lang='lat' dir='ltr'>judiciis</span> <span class='ocrx_word' id='word_1_345' title='bbox 1233 3513 1307 3568; x_wconf 89' lang='lat' dir='ltr'>de</span> <span class='ocrx_word' id='word_1_346' title='bbox 1335 3512 1645 3585; x_wconf 72' lang='lat' dir='ltr'>praecipuis</span> <span class='ocrx_word' id='word_1_347' title='bbox 1667 3529 1832 3569; x_wconf 91' lang='lat' dir='ltr'>reum</span> <span class='ocrx_word' id='word_1_348' title='bbox 1854 3513 1999 3570; x_wconf 89' lang='lat' dir='ltr'>acci-</span> 
     </span>
    </p>
   </div>
   <div class='ocr_carea' id='block_1_52' title="bbox 344 3600 1994 3675">
    <p class='ocr_par' dir='ltr' id='par_1_52' title="bbox 344 3600 1994 3675">
     <span class='ocr_line' id='line_1_53' title="bbox 344 3600 1994 3675; baseline 0.001 -17"><span class='ocrx_word' id='word_1_349' title='bbox 344 3603 433 3659; x_wconf 87' lang='lat' dir='ltr'>dit</span> <span class='ocrx_word' id='word_1_350' title='bbox 461 3602 616 3674; x_wconf 91' lang='lat' dir='ltr'>apud</span> <span class='ocrx_word' id='word_1_351' title='bbox 650 3618 756 3657; x_wconf 92' lang='lat' dir='ltr'>nos</span> <span class='ocrx_word' id='word_1_352' title='bbox 787 3600 959 3667; x_wconf 88' lang='lat' dir='ltr'>mitti,</span> <span class='ocrx_word' id='word_1_353' title='bbox 985 3601 1202 3657; x_wconf 89' lang='lat' dir='ltr'>auditis</span> <span class='ocrx_word' id='word_1_354' title='bbox 1233 3605 1578 3657; x_wconf 90' lang='lat' dir='ltr'>cunctorum</span> <span class='ocrx_word' id='word_1_355' title='bbox 1610 3601 1867 3675; x_wconf 88' lang='lat' dir='ltr'>legitime</span> <span class='ocrx_word' id='word_1_356' title='bbox 1892 3604 1994 3659; x_wconf 92' lang='lat' dir='ltr'>ad-</span> 
     </span>
    </p>
   </div>
   <div class='ocr_carea' id='block_1_53' title="bbox 345 3689 1994 3756">
    <p class='ocr_par' dir='ltr' id='par_1_53' title="bbox 345 3689 1994 3756">
     <span class='ocr_line' id='line_1_54' title="bbox 345 3689 1994 3756; baseline -0.001 -9"><span class='ocrx_word' id='word_1_357' title='bbox 345 3690 666 3747; x_wconf 84' lang='lat' dir='ltr'>missorum</span> <span class='ocrx_word' id='word_1_358' title='bbox 715 3690 1210 3756; x_wconf 87' lang='lat' dir='ltr'>accusationibus,</span> <span class='ocrx_word' id='word_1_359' title='bbox 1244 3706 1350 3746; x_wconf 92' lang='lat' dir='ltr'>nec</span> <span class='ocrx_word' id='word_1_360' title='bbox 1394 3689 1776 3746; x_wconf 84' lang='lat' dir='ltr'>dilationibus</span> <span class='ocrx_word' id='word_1_361' title='bbox 1826 3698 1994 3747; x_wconf 90' lang='lat' dir='ltr'>uten-</span> 
     </span>
    </p>
   </div>
   <div class='ocr_carea' id='block_1_54' title="bbox 345 3778 1997 3852">
    <p class='ocr_par' dir='ltr' id='par_1_54' title="bbox 345 3778 1997 3852">
     <span class='ocr_line' id='line_1_55' title="bbox 345 3778 1997 3852; baseline -0.002 -14"><span class='ocrx_word' id='word_1_362' title='bbox 345 3783 511 3849; x_wconf 87' lang='lat' dir='ltr'>dum,</span> <span class='ocrx_word' id='word_1_363' title='bbox 544 3796 652 3835; x_wconf 91' lang='lat' dir='ltr'>nec</span> <span class='ocrx_word' id='word_1_364' title='bbox 684 3795 982 3835; x_wconf 86' lang='lat' dir='ltr'>morarum</span> <span class='ocrx_word' id='word_1_365' title='bbox 1014 3778 1294 3835; x_wconf 87' lang='lat' dir='ltr'>facultate</span> <span class='ocrx_word' id='word_1_366' title='bbox 1321 3779 1380 3834; x_wconf 90' lang='lat' dir='ltr'>in</span> <span class='ocrx_word' id='word_1_367' title='bbox 1410 3779 1661 3851; x_wconf 88' lang='lat' dir='ltr'>gratiam</span> <span class='ocrx_word' id='word_1_368' title='bbox 1695 3778 1997 3852; x_wconf 89' lang='lat' dir='ltr'>postulan-</span> 
     </span>
    </p>
   </div>
   <div class='ocr_carea' id='block_1_55' title="bbox 343 3867 1994 3939">
    <p class='ocr_par' dir='ltr' id='par_1_55' title="bbox 343 3867 1994 3939">
     <span class='ocr_line' id='line_1_56' title="bbox 343 3867 1994 3939; baseline -0.002 -13"><span class='ocrx_word' id='word_1_369' title='bbox 343 3870 519 3937; x_wconf 91' lang='lat' dir='ltr'>tium,</span> <span class='ocrx_word' id='word_1_370' title='bbox 554 3885 793 3924; x_wconf 90' lang='lat' dir='ltr'>causam</span> <span class='ocrx_word' id='word_1_371' title='bbox 827 3867 1091 3924; x_wconf 89' lang='lat' dir='ltr'>celeriter</span> <span class='ocrx_word' id='word_1_372' title='bbox 1119 3872 1376 3939; x_wconf 90' lang='lat' dir='ltr'>agentes,</span> <span class='ocrx_word' id='word_1_373' title='bbox 1411 3872 1466 3922; x_wconf 93' lang='lat' dir='ltr'>et</span> <span class='ocrx_word' id='word_1_374' title='bbox 1496 3873 1563 3923; x_wconf 88' lang='lat' dir='ltr'>ut</span> <span class='ocrx_word' id='word_1_375' title='bbox 1590 3868 1756 3924; x_wconf 90' lang='lat' dir='ltr'>decet</span> <span class='ocrx_word' id='word_1_376' title='bbox 1784 3884 1994 3924; x_wconf 89' lang='lat' dir='ltr'>curan-</span> 
     </span>
    </p>
   </div>
   <div class='ocr_carea' id='block_1_56' title="bbox 344 3956 1992 4029">
    <p class='ocr_par' dir='ltr' id='par_1_56' title="bbox 344 3956 1992 4029">
     <span class='ocr_line' id='line_1_57' title="bbox 344 3956 1992 4029; baseline -0.003 -13"><span class='ocrx_word' id='word_1_377' title='bbox 344 3963 456 4016; x_wconf 88' lang='lat' dir='ltr'>tes.</span> <span class='ocrx_word' id='word_1_378' title='bbox 492 3959 654 4025; x_wconf 89' lang='lat' dir='ltr'>Quod</span> <span class='ocrx_word' id='word_1_379' title='bbox 687 3957 735 4013; x_wconf 91' lang='lat' dir='ltr'>si</span> <span class='ocrx_word' id='word_1_380' title='bbox 782 3974 917 4013; x_wconf 89' lang='lat' dir='ltr'>vero</span> <span class='ocrx_word' id='word_1_381' title='bbox 950 3957 1103 4029; x_wconf 93' lang='lat' dir='ltr'>apud</span> <span class='ocrx_word' id='word_1_382' title='bbox 1152 3956 1422 4012; x_wconf 89' lang='lat' dir='ltr'>homines</span> <span class='ocrx_word' id='word_1_383' title='bbox 1459 3956 1520 4011; x_wconf 93' lang='lat' dir='ltr'>in</span> <span class='ocrx_word' id='word_1_384' title='bbox 1571 3956 1992 4012; x_wconf 88' lang='lat' dir='ltr'>sententiarum</span> 
     </span>
    </p>
   </div>
   <div class='ocr_carea' id='block_1_57' title="bbox 342 4038 1994 4121">
    <p class='ocr_par' dir='ltr' id='par_1_57' title="bbox 342 4038 1994 4121">
     <span class='ocr_line' id='line_1_58' title="bbox 342 4038 1994 4121; baseline -0.003 -17"><span class='ocrx_word' id='word_1_385' title='bbox 342 4038 667 4121; x_wconf 88' lang='lat' dir='ltr'>prolatione</span> <span class='ocrx_word' id='word_1_386' title='bbox 714 4045 982 4119; x_wconf 89' lang='lat' dir='ltr'>jurgium</span> <span class='ocrx_word' id='word_1_387' title='bbox 1033 4050 1090 4100; x_wconf 90' lang='lat' dir='ltr'>et</span> <span class='ocrx_word' id='word_1_388' title='bbox 1136 4045 1501 4113; x_wconf 90' lang='lat' dir='ltr'>obtrectatio;</span> <span class='ocrx_word' id='word_1_389' title='bbox 1553 4044 1750 4116; x_wconf 90' lang='lat' dir='ltr'>qualia</span> <span class='ocrx_word' id='word_1_390' title='bbox 1796 4044 1994 4117; x_wconf 92' lang='lat' dir='ltr'>procul</span> 
     </span>
    </p>
   </div>
   <div class='ocr_carea' id='block_1_58' title="bbox 343 4135 1994 4207">
    <p class='ocr_par' dir='ltr' id='par_1_58' title="bbox 343 4135 1994 4207">
     <span class='ocr_line' id='line_1_59' title="bbox 343 4135 1994 4207; baseline -0.003 -13"><span class='ocrx_word' id='word_1_391' title='bbox 343 4137 523 4195; x_wconf 90' lang='lat' dir='ltr'>dubio</span> <span class='ocrx_word' id='word_1_392' title='bbox 553 4137 614 4191; x_wconf 89' lang='lat' dir='ltr'>in</span> <span class='ocrx_word' id='word_1_393' title='bbox 645 4136 862 4191; x_wconf 90' lang='lat' dir='ltr'>divinis</span> <span class='ocrx_word' id='word_1_394' title='bbox 891 4135 1294 4207; x_wconf 88' lang='lat' dir='ltr'>discrepanter</span> <span class='ocrx_word' id='word_1_395' title='bbox 1324 4138 1797 4201; x_wconf 90' lang='lat' dir='ltr'>occurrunt,tum</span> <span class='ocrx_word' id='word_1_396' title='bbox 1832 4151 1994 4206; x_wconf 89' lang='lat' dir='ltr'>mag-</span> 
     </span>
    </p>
   </div>
   <div class='ocr_carea' id='block_1_59' title="bbox 344 4222 1994 4297">
    <p class='ocr_par' dir='ltr' id='par_1_59' title="bbox 344 4222 1994 4297">
     <span class='ocr_line' id='line_1_60' title="bbox 344 4222 1994 4297; baseline -0.002 -15"><span class='ocrx_word' id='word_1_397' title='bbox 344 4227 461 4293; x_wconf 90' lang='lat' dir='ltr'>nis,</span> <span class='ocrx_word' id='word_1_398' title='bbox 495 4230 623 4282; x_wconf 87' lang='lat' dir='ltr'>tum</span> <span class='ocrx_word' id='word_1_399' title='bbox 681 4225 891 4297; x_wconf 89' lang='lat' dir='ltr'>parvis,</span> <span class='ocrx_word' id='word_1_400' title='bbox 925 4228 990 4279; x_wconf 90' lang='lat' dir='ltr'>ut</span> <span class='ocrx_word' id='word_1_401' title='bbox 1021 4223 1071 4279; x_wconf 88' lang='lat' dir='ltr'>si</span> <span class='ocrx_word' id='word_1_402' title='bbox 1120 4223 1254 4294; x_wconf 90' lang='lat' dir='ltr'>quis</span> <span class='ocrx_word' id='word_1_403' title='bbox 1294 4222 1535 4278; x_wconf 89' lang='lat' dir='ltr'>irrideat</span> <span class='ocrx_word' id='word_1_404' title='bbox 1563 4222 1649 4278; x_wconf 90' lang='lat' dir='ltr'>vel</span> <span class='ocrx_word' id='word_1_405' title='bbox 1694 4222 1994 4296; x_wconf 84' lang='lat' dir='ltr'>sacrilegis</span> 
     </span>
    </p>
   </div>
   <div class='ocr_carea' id='block_1_60' title="bbox 347 4312 1998 4385">
    <p class='ocr_par' dir='ltr' id='par_1_60' title="bbox 347 4312 1998 4385">
     <span class='ocr_line' id='line_1_61' title="bbox 347 4312 1998 4385; baseline -0.003 -14"><span class='ocrx_word' id='word_1_406' title='bbox 347 4315 625 4371; x_wconf 90' lang='lat' dir='ltr'>manibus</span> <span class='ocrx_word' id='word_1_407' title='bbox 655 4318 865 4370; x_wconf 87' lang='lat' dir='ltr'>tractet</span> <span class='ocrx_word' id='word_1_408' title='bbox 887 4330 1017 4385; x_wconf 72' lang='lat' dir='ltr'>qua:</span> <span class='ocrx_word' id='word_1_409' title='bbox 1046 4313 1116 4367; x_wconf 94' lang='lat' dir='ltr'>ad</span> <span class='ocrx_word' id='word_1_410' title='bbox 1149 4328 1281 4367; x_wconf 90' lang='lat' dir='ltr'>eum</span> <span class='ocrx_word' id='word_1_411' title='bbox 1314 4316 1600 4384; x_wconf 87' lang='lat' dir='ltr'>spectant,</span> <span class='ocrx_word' id='word_1_412' title='bbox 1625 4312 1766 4367; x_wconf 91' lang='lat' dir='ltr'>dum</span> <span class='ocrx_word' id='word_1_413' title='bbox 1799 4315 1998 4384; x_wconf 88' lang='lat' dir='ltr'>posset</span> 
     </span>
    </p>
   </div>
   <div class='ocr_carea' id='block_1_61' title="bbox 341 4399 1999 4473">
    <p class='ocr_par' dir='ltr' id='par_1_61' title="bbox 341 4399 1999 4473">
     <span class='ocr_line' id='line_1_62' title="bbox 341 4399 1999 4473; baseline -0.003 -13"><span class='ocrx_word' id='word_1_414' title='bbox 341 4404 548 4460; x_wconf 89' lang='lat' dir='ltr'>ulcisci</span> <span class='ocrx_word' id='word_1_415' title='bbox 579 4407 639 4459; x_wconf 91' lang='lat' dir='ltr'>et</span> <span class='ocrx_word' id='word_1_416' title='bbox 665 4402 989 4458; x_wconf 87' lang='lat' dir='ltr'>vindictam</span> <span class='ocrx_word' id='word_1_417' title='bbox 1021 4400 1342 4457; x_wconf 90' lang='lat' dir='ltr'>retribuere</span> <span class='ocrx_word' id='word_1_418' title='bbox 1370 4399 1731 4467; x_wconf 85' lang='lat' dir='ltr'>Deus,maris</span> <span class='ocrx_word' id='word_1_419' title='bbox 1760 4400 1999 4473; x_wconf 89' lang='lat' dir='ltr'>placidi-</span> 
     </span>
    </p>
   </div>
   <div class='ocr_carea' id='block_1_62' title="bbox 339 4489 1993 4564">
    <p class='ocr_par' dir='ltr' id='par_1_62' title="bbox 339 4489 1993 4564">
     <span class='ocr_line' id='line_1_63' title="bbox 339 4489 1993 4564; baseline -0.003 -14"><span class='ocrx_word' id='word_1_420' title='bbox 339 4498 522 4550; x_wconf 90' lang='lat' dir='ltr'>tatem</span> <span class='ocrx_word' id='word_1_421' title='bbox 571 4492 767 4564; x_wconf 89' lang='lat' dir='ltr'>potius</span> <span class='ocrx_word' id='word_1_422' title='bbox 798 4508 1058 4556; x_wconf 88' lang='lat' dir='ltr'>servans,</span> <span class='ocrx_word' id='word_1_423' title='bbox 1090 4507 1154 4545; x_wconf 85' lang='lat' dir='ltr'>ac</span> <span class='ocrx_word' id='word_1_424' title='bbox 1204 4489 1389 4545; x_wconf 88' lang='lat' dir='ltr'>nostri</span> <span class='ocrx_word' id='word_1_425' title='bbox 1440 4489 1501 4544; x_wconf 91' lang='lat' dir='ltr'>in</span> <span class='ocrx_word' id='word_1_426' title='bbox 1552 4505 1726 4545; x_wconf 90' lang='lat' dir='ltr'>omne</span> <span class='ocrx_word' id='word_1_427' title='bbox 1772 4490 1993 4546; x_wconf 88' lang='lat' dir='ltr'>bonum</span> 
     </span>
    </p>
   </div>
   <div class='ocr_carea' id='block_1_63' title="bbox 342 4578 1996 4655">
    <p class='ocr_par' dir='ltr' id='par_1_63' title="bbox 342 4578 1996 4655">
     <span class='ocr_line' id='line_1_64' title="bbox 342 4578 1996 4655; baseline -0.002 -16"><span class='ocrx_word' id='word_1_428' title='bbox 342 4587 401 4639; x_wconf 87' lang='lat' dir='ltr'>et</span> <span class='ocrx_word' id='word_1_429' title='bbox 427 4598 662 4655; x_wconf 68' lang='lat' dir='ltr'>aequum</span> <span class='ocrx_word' id='word_1_430' title='bbox 686 4580 889 4637; x_wconf 90' lang='lat' dir='ltr'>studiii</span> <span class='ocrx_word' id='word_1_431' title='bbox 922 4580 1166 4635; x_wconf 91' lang='lat' dir='ltr'>minime</span> <span class='ocrx_word' id='word_1_432' title='bbox 1193 4579 1529 4652; x_wconf 89' lang='lat' dir='ltr'>ignarus,ut</span> <span class='ocrx_word' id='word_1_433' title='bbox 1548 4578 1751 4650; x_wconf 89' lang='lat' dir='ltr'>culpas</span> <span class='ocrx_word' id='word_1_434' title='bbox 1772 4595 1996 4635; x_wconf 87' lang='lat' dir='ltr'>curare-</span> 
     </span>
    </p>
   </div>
   <div class='ocr_carea' id='block_1_64' title="bbox 343 4667 1990 4740">
    <p class='ocr_par' dir='ltr' id='par_1_64' title="bbox 343 4667 1990 4740">
     <span class='ocr_line' id='line_1_65' title="bbox 343 4667 1990 4740; baseline -0.003 -12"><span class='ocrx_word' id='word_1_435' title='bbox 343 4688 478 4728; x_wconf 89' lang='lat' dir='ltr'>mus</span> <span class='ocrx_word' id='word_1_436' title='bbox 498 4668 1114 4735; x_wconf 87' lang='lat' dir='ltr'>invicem,hominibus</span> <span class='ocrx_word' id='word_1_437' title='bbox 1147 4669 1354 4723; x_wconf 89' lang='lat' dir='ltr'>fratres</span> <span class='ocrx_word' id='word_1_438' title='bbox 1380 4667 1678 4723; x_wconf 88' lang='lat' dir='ltr'>commisit</span> <span class='ocrx_word' id='word_1_439' title='bbox 1697 4673 1755 4723; x_wconf 91' lang='lat' dir='ltr'>et</span> <span class='ocrx_word' id='word_1_440' title='bbox 1769 4669 1990 4740; x_wconf 90' lang='lat' dir='ltr'>justam</span> 
     </span>
    </p>
   </div>
   <div class='ocr_carea' id='block_1_65' title="bbox 2101 2174 3758 2261">
    <p class='ocr_par' dir='ltr' id='par_1_65' title="bbox 2101 2174 3758 2261">
     <span class='ocr_line' id='line_1_66' title="bbox 2101 2174 3758 2261; baseline 0.008 -32"><span class='ocrx_word' id='word_1_441' title='bbox 2101 2174 2294 2247; x_wconf 78' lang='grc' dir='ltr'>ξενίοις</span> <span class='ocrx_word' id='word_1_442' title='bbox 2343 2176 2433 2232; x_wconf 87' lang='grc' dir='ltr'>καὶ</span> <span class='ocrx_word' id='word_1_443' title='bbox 2478 2176 2737 2251; x_wconf 87' lang='grc' dir='ltr'>τοιαύτην</span> <span class='ocrx_word' id='word_1_444' title='bbox 2794 2181 3103 2261; x_wconf 75' lang='grc' dir='ltr'>μιαιφονίαν</span> <span class='ocrx_word' id='word_1_445' title='bbox 3156 2180 3398 2256; x_wconf 74' lang='grc' dir='ltr'>ἐλεεινήν</span> <span class='ocrx_word' id='word_1_446' title='bbox 3428 2204 3443 2219; x_wconf 77' lang='grc' dir='ltr'><strong>ο</strong></span> <span class='ocrx_word' id='word_1_447' title='bbox 3472 2184 3561 2241; x_wconf 58' lang='grc' dir='ltr'>ὅτι</span> <span class='ocrx_word' id='word_1_448' title='bbox 3615 2185 3758 2260; x_wconf 66' lang='grc' dir='ltr'>μηδὲ</span> 
     </span>
    </p>
   </div>
   <div class='ocr_carea' id='block_1_66' title="bbox 2100 2262 3760 2347">
    <p class='ocr_par' dir='ltr' id='par_1_66' title="bbox 2100 2262 3760 2347">
     <span class='ocr_line' id='line_1_67' title="bbox 2100 2262 3760 2347; baseline 0.009 -29"><span class='ocrx_word' id='word_1_449' title='bbox 2100 2266 2136 2334; x_wconf 83' lang='grc' dir='ltr'>ἡ</span> <span class='ocrx_word' id='word_1_450' title='bbox 2184 2264 2302 2320; x_wconf 88' lang='grc' dir='ltr'>θεία</span> <span class='ocrx_word' id='word_1_451' title='bbox 2359 2262 2483 2336; x_wconf 88' lang='grc' dir='ltr'>δίκη</span> <span class='ocrx_word' id='word_1_452' title='bbox 2545 2267 2878 2340; x_wconf 78' lang='grc' dir='ltr'>ἐπινυστάξει</span> <span class='ocrx_word' id='word_1_453' title='bbox 2944 2271 3112 2347; x_wconf 74' lang='grc' dir='ltr'>μέχρι</span> <span class='ocrx_word' id='word_1_454' title='bbox 3164 2274 3366 2337; x_wconf 84' lang='grc' dir='ltr'>παντὸς</span> <span class='ocrx_word' id='word_1_455' title='bbox 3416 2280 3536 2338; x_wconf 85' lang='grc' dir='ltr'>τοῖς</span> <span class='ocrx_word' id='word_1_456' title='bbox 3589 2280 3760 2332; x_wconf 79' lang='grc' dir='ltr'>ταῦτα</span> 
     </span>
    </p>
   </div>
   <div class='ocr_carea' id='block_1_67' title="bbox 2100 2351 3758 2426">
    <p class='ocr_par' dir='ltr' id='par_1_67' title="bbox 2100 2351 3758 2426">
     <span class='ocr_line' id='line_1_68' title="bbox 2100 2351 3758 2426; baseline 0.009 -19"><span class='ocrx_word' id='word_1_457' title='bbox 2100 2351 2518 2426; x_wconf 79' lang='grc' dir='ltr'>κατα-τολμῶσιν</span> <span class='ocrx_word' id='word_1_458' title='bbox 2570 2353 2765 2420; x_wconf 61' lang='grc' dir='ltr'>οἷίεινες</span> <span class='ocrx_word' id='word_1_459' title='bbox 2810 2358 2901 2414; x_wconf 82' lang='grc' dir='ltr'>καὶ</span> <span class='ocrx_word' id='word_1_460' title='bbox 2950 2359 3104 2418; x_wconf 74' lang='grc' dir='ltr'>εἰσίν.</span> <span class='ocrx_word' id='word_1_461' title='bbox 3156 2363 3372 2418; x_wconf 81' lang='grc' dir='ltr'>Ἕνεκεν</span> <span class='ocrx_word' id='word_1_462' title='bbox 3420 2363 3629 2421; x_wconf 89' lang='grc' dir='ltr'>τούτων</span> <span class='ocrx_word' id='word_1_463' title='bbox 3664 2366 3758 2422; x_wconf 83' lang='grc' dir='ltr'>καὶ</span> 
     </span>
    </p>
   </div>
   <div class='ocr_carea' id='block_1_68' title="bbox 2103 2439 3762 2526">
    <p class='ocr_par' dir='ltr' id='par_1_68' title="bbox 2103 2439 3762 2526">
     <span class='ocr_line' id='line_1_69' title="bbox 2103 2439 3762 2526; baseline 0.008 -29"><span class='ocrx_word' id='word_1_464' title='bbox 2103 2439 2257 2504; x_wconf 70' lang='grc' dir='ltr'>αὖθις</span> <span class='ocrx_word' id='word_1_465' title='bbox 2313 2441 2544 2515; x_wconf 81' lang='grc' dir='ltr'>ἐξέτασιν</span> <span class='ocrx_word' id='word_1_466' title='bbox 2606 2442 2822 2519; x_wconf 79' lang='grc' dir='ltr'>δέομαι,</span> <span class='ocrx_word' id='word_1_467' title='bbox 2883 2447 2973 2502; x_wconf 80' lang='grc' dir='ltr'>καὶ</span> <span class='ocrx_word' id='word_1_468' title='bbox 3030 2445 3299 2514; x_wconf 77' lang='grc' dir='ltr'>ἐκδίκθσιν</span> <span class='ocrx_word' id='word_1_469' title='bbox 3356 2453 3497 2526; x_wconf 87' lang='grc' dir='ltr'>πρὸς</span> <span class='ocrx_word' id='word_1_470' title='bbox 3544 2456 3645 2524; x_wconf 76' lang='grc' dir='ltr'>τῆς</span> <span class='ocrx_word' id='word_1_471' title='bbox 3701 2454 3762 2511; x_wconf 82' lang='grc' dir='ltr'>ἐκ</span> 
     </span>
    </p>
   </div>
   <div class='ocr_carea' id='block_1_69' title="bbox 2102 2530 3757 2617">
    <p class='ocr_par' dir='ltr' id='par_1_69' title="bbox 2102 2530 3757 2617">
     <span class='ocr_line' id='line_1_70' title="bbox 2102 2530 3757 2617; baseline 0.008 -32"><span class='ocrx_word' id='word_1_472' title='bbox 2102 2535 2236 2586; x_wconf 83' lang='grc' dir='ltr'>Θεοῦ</span> <span class='ocrx_word' id='word_1_473' title='bbox 2281 2530 2558 2607; x_wconf 88' lang='grc' dir='ltr'>βασιλείας</span> <span class='ocrx_word' id='word_1_474' title='bbox 2617 2554 2715 2590; x_wconf 90' lang='grc' dir='ltr'>σου</span> <span class='ocrx_word' id='word_1_475' title='bbox 2764 2535 2973 2613; x_wconf 79' lang='grc' dir='ltr'>ἀρῥεπῆ</span> <span class='ocrx_word' id='word_1_476' title='bbox 3024 2540 3349 2613; x_wconf 87' lang='grc' dir='ltr'>γεννηθῆναι</span> <span class='ocrx_word' id='word_1_477' title='bbox 3398 2541 3488 2596; x_wconf 85' lang='grc' dir='ltr'>καὶ</span> <span class='ocrx_word' id='word_1_478' title='bbox 3542 2543 3757 2617; x_wconf 76' lang='grc' dir='ltr'>ἄοκνον,</span> 
     </span>
    </p>
   </div>
   <div class='ocr_carea' id='block_1_70' title="bbox 2107 2619 3761 2709">
    <p class='ocr_par' dir='ltr' id='par_1_70' title="bbox 2107 2619 3761 2709">
     <span class='ocr_line' id='line_1_71' title="bbox 2107 2619 3761 2709; baseline 0.008 -35"><span class='ocrx_word' id='word_1_479' title='bbox 2107 2621 2182 2709; x_wconf 76' lang='grc' dir='ltr'>μῄ</span> <span class='ocrx_word' id='word_1_480' title='bbox 2242 2621 2391 2697; x_wconf 80' lang='grc' dir='ltr'>παρὰ</span> <span class='ocrx_word' id='word_1_481' title='bbox 2437 2619 2800 2701; x_wconf 82' lang='grc' dir='ltr'>διεφθορότων</span> <span class='ocrx_word' id='word_1_482' title='bbox 2869 2626 2961 2681; x_wconf 78' lang='grc' dir='ltr'>καὶ</span> <span class='ocrx_word' id='word_1_483' title='bbox 2988 2630 3057 2700; x_wconf 83' lang='grc' dir='ltr'>τῇ</span> <span class='ocrx_word' id='word_1_484' title='bbox 3132 2627 3358 2704; x_wconf 79' lang='grc' dir='ltr'>κακία-τῃ</span> <span class='ocrx_word' id='word_1_485' title='bbox 3424 2629 3761 2709; x_wconf 76' lang='grc' dir='ltr'>φιλαργυρίᾳ</span> 
     </span>
    </p>
   </div>
   <div class='ocr_carea' id='block_1_71' title="bbox 2100 2706 3759 2796">
    <p class='ocr_par' dir='ltr' id='par_1_71' title="bbox 2100 2706 3759 2796">
     <span class='ocr_line' id='line_1_72' title="bbox 2100 2706 3759 2796; baseline 0.009 -33"><span class='ocrx_word' id='word_1_486' title='bbox 2100 2706 2229 2786; x_wconf 87' lang='grc' dir='ltr'>γόνυ</span> <span class='ocrx_word' id='word_1_487' title='bbox 2304 2709 2603 2768; x_wconf 88' lang='grc' dir='ltr'>κλινάντων</span> <span class='ocrx_word' id='word_1_488' title='bbox 2635 2730 2648 2745; x_wconf 90' lang='grc'>⁶</span> <span class='ocrx_word' id='word_1_489' title='bbox 2704 2710 2774 2769; x_wconf 89' lang='grc' dir='ltr'>δι’</span> <span class='ocrx_word' id='word_1_490' title='bbox 2838 2715 2901 2783; x_wconf 79' lang='grc' dir='ltr'>ἢν</span> <span class='ocrx_word' id='word_1_491' title='bbox 2978 2714 3069 2770; x_wconf 80' lang='grc' dir='ltr'>καὶ</span> <span class='ocrx_word' id='word_1_492' title='bbox 3125 2714 3332 2782; x_wconf 78' lang='grc' dir='ltr'>Ἰούδας</span> <span class='ocrx_word' id='word_1_493' title='bbox 3412 2706 3759 2796; x_wconf 71' lang='grc' dir='ltr'>ἐμεγαλύνοη</span> 
     </span>
    </p>
   </div>
   <div class='ocr_carea' id='block_1_72' title="bbox 2104 2797 3762 2882">
    <p class='ocr_par' dir='ltr' id='par_1_72' title="bbox 2104 2797 3762 2882">
     <span class='ocr_line' id='line_1_73' title="bbox 2104 2797 3762 2882; baseline 0.01 -30"><span class='ocrx_word' id='word_1_494' title='bbox 2104 2797 2441 2877; x_wconf 78' lang='grc' dir='ltr'>ἐπισφαλῶς,</span> <span class='ocrx_word' id='word_1_495' title='bbox 2491 2801 2566 2863; x_wconf 84' lang='grc' dir='ltr'>ὡς</span> <span class='ocrx_word' id='word_1_496' title='bbox 2613 2800 2977 2879; x_wconf 79' lang='grc' dir='ltr'>προσᾴδεσθαι</span> <span class='ocrx_word' id='word_1_497' title='bbox 3023 2811 3307 2882; x_wconf 87' lang='grc' dir='ltr'>πανταχοῦ</span> <span class='ocrx_word' id='word_1_498' title='bbox 3348 2808 3440 2864; x_wconf 82' lang='grc' dir='ltr'>καὶ</span> <span class='ocrx_word' id='word_1_499' title='bbox 3466 2806 3762 2882; x_wconf 75' lang='grc' dir='ltr'>διηνεκῶς.</span> 
     </span>
    </p>
   </div>
   <div class='ocr_carea' id='block_1_73' title="bbox 2104 2884 3766 2972">
    <p class='ocr_par' dir='ltr' id='par_1_73' title="bbox 2104 2884 3766 2972">
     <span class='ocr_line' id='line_1_74' title="bbox 2104 2884 3766 2972; baseline 0.007 -28"><span class='ocrx_word' id='word_1_500' title='bbox 2104 2884 2175 2944; x_wconf 74' lang='grc' dir='ltr'>Εἴ</span> <span class='ocrx_word' id='word_1_501' title='bbox 2230 2884 2289 2942; x_wconf 76' lang='grc' dir='ltr'>δὲ</span> <span class='ocrx_word' id='word_1_502' title='bbox 2348 2890 2425 2962; x_wconf 80' lang='grc' dir='ltr'>μὴ</span> <span class='ocrx_word' id='word_1_503' title='bbox 2484 2887 2882 2966; x_wconf 85' lang='grc' dir='ltr'>διεκδικοῦμεν,</span> <span class='ocrx_word' id='word_1_504' title='bbox 2940 2890 3069 2950; x_wconf 87' lang='grc' dir='ltr'>ἀλλ’</span> <span class='ocrx_word' id='word_1_505' title='bbox 3123 2893 3435 2972; x_wconf 81' lang='grc' dir='ltr'>ἀνεχόμεθα</span> <span class='ocrx_word' id='word_1_506' title='bbox 3487 2918 3766 2972; x_wconf 85' lang='grc' dir='ltr'>παρασιω-</span> 
     </span>
    </p>
   </div>
   <div class='ocr_carea' id='block_1_74' title="bbox 2104 2976 3764 3120">
    <p class='ocr_par' dir='ltr' id='par_1_74' title="bbox 2104 2976 3764 3120">
     <span class='ocr_line' id='line_1_75' title="bbox 2104 2976 3764 3120; baseline 0.01 -91"><span class='ocrx_word' id='word_1_507' title='bbox 2104 2978 2227 3120; x_wconf 48' lang='lat' dir='ltr'>grav.</span> <span class='ocrx_word' id='word_1_508' title='bbox 2285 2976 2361 3031; x_wconf 80' lang='grc' dir='ltr'>Τὰ</span> <span class='ocrx_word' id='word_1_509' title='bbox 2412 2978 2637 3034; x_wconf 90' lang='grc' dir='ltr'>τοιαῦτα</span> <span class='ocrx_word' id='word_1_510' title='bbox 2688 2984 2805 3053; x_wconf 86' lang='grc' dir='ltr'>Θεῷ</span> <span class='ocrx_word' id='word_1_511' title='bbox 2857 2984 2939 3053; x_wconf 84' lang='grc' dir='ltr'>τῷ</span> <span class='ocrx_word' id='word_1_512' title='bbox 2994 2978 3335 3061; x_wconf 76' lang='grc' dir='ltr'>δικαιοκρίτῃ</span> <span class='ocrx_word' id='word_1_513' title='bbox 3382 2985 3645 3053; x_wconf 84' lang='grc' dir='ltr'>ἀνεύθυνα</span> <span class='ocrx_word' id='word_1_514' title='bbox 3700 2989 3764 3046; x_wconf 80' lang='grc' dir='ltr'>ού</span> 
     </span>
     <span class='ocr_line' id='line_1_76' title="bbox 2145 3085 2372 3120; baseline 0.009 -2"><span class='ocrx_word' id='word_1_515' title='bbox 2145 3085 2372 3120; x_wconf 75' lang='grc' dir='ltr'>ιαμενει.</span> 
     </span>
    </p>
   </div>
   <div class='ocr_carea' id='block_1_75' title="bbox 2145 3085 2372 3139">
    <p class='ocr_par' dir='ltr' id='par_1_75' title="bbox 2145 3085 2372 3139">
     <span class='ocr_line' id='line_1_77' title="bbox 2145 3085 2372 3139; baseline 0.018 -21"><span class='ocrx_word' id='word_1_516' title='bbox 2145 3085 2372 3139; x_wconf 85' lang='grc' dir='ltr'>ιαμενει.</span> 
     </span>
    </p>
   </div>
   <div class='ocr_carea' id='block_1_76' title="bbox 2108 3224 3769 3319">
    <p class='ocr_par' dir='ltr' id='par_1_76' title="bbox 2108 3224 3769 3319">
     <span class='ocr_line' id='line_1_78' title="bbox 2108 3224 3769 3319; baseline 0.01 -40"><span class='ocrx_word' id='word_1_517' title='bbox 2108 3224 2345 3319; x_wconf 58' lang='grc' dir='ltr'>Γράμμα</span> <span class='ocrx_word' id='word_1_518' title='bbox 2417 3226 2586 3319; x_wconf 16' lang='grc' dir='ltr'>περς,</span> <span class='ocrx_word' id='word_1_519' title='bbox 2627 3229 2718 3319; x_wconf 48' lang='grc' dir='ltr'>τὸν</span> <span class='ocrx_word' id='word_1_520' title='bbox 2762 3228 3177 3319; x_wconf 41' lang='grc' dir='ltr'>..αὐτοκράτορα</span> <span class='ocrx_word' id='word_1_521' title='bbox 3242 3234 3368 3311; x_wconf 83' lang='grc' dir='ltr'>περὶ</span> <span class='ocrx_word' id='word_1_522' title='bbox 3438 3241 3539 3319; x_wconf 77' lang='grc' dir='ltr'>τοῦ</span> <span class='ocrx_word' id='word_1_523' title='bbox 3593 3242 3769 3319; x_wconf 75' lang='grc' dir='ltr'>κυροῦ</span> 
     </span>
    </p>
   </div>
   <div class='ocr_carea' id='block_1_77' title="bbox 2180 3298 3764 3446">
    <p class='ocr_par' dir='ltr' id='par_1_77' title="bbox 2180 3298 3764 3446">
     <span class='ocr_line' id='line_1_79' title="bbox 2180 3298 3764 3385; baseline 0.01 -35"><span class='ocrx_word' id='word_1_524' title='bbox 2180 3298 2429 3373; x_wconf 86' lang='grc' dir='ltr'>Νίφωνος</span> <span class='ocrx_word' id='word_1_525' title='bbox 2464 3298 2629 3361; x_wconf 71' lang='grc' dir='ltr'>ὄντος</span> <span class='ocrx_word' id='word_1_526' title='bbox 2680 3300 2912 3369; x_wconf 84' lang='grc' dir='ltr'>Κυζίκου</span> <span class='ocrx_word' id='word_1_527' title='bbox 2967 3298 3070 3358; x_wconf 79' lang='grc' dir='ltr'>’διὰ</span> <span class='ocrx_word' id='word_1_528' title='bbox 3104 3298 3217 3367; x_wconf 77' lang='grc' dir='ltr'>’τὰς</span> <span class='ocrx_word' id='word_1_529' title='bbox 3273 3298 3606 3385; x_wconf 73' lang='grc' dir='ltr'>κατηγορίας</span> <span class='ocrx_word' id='word_1_530' title='bbox 3666 3298 3764 3374; x_wconf 68' lang='grc' dir='ltr'>τὰς</span> 
     </span>
     <span class='ocr_line' id='line_1_80' title="bbox 2180 3367 2900 3446; baseline 0.008 -24"><span class='ocrx_word' id='word_1_531' title='bbox 2180 3367 2524 3432; x_wconf 88' lang='grc' dir='ltr'>ἀκουσθείσας</span> <span class='ocrx_word' id='word_1_532' title='bbox 2555 3370 2679 3446; x_wconf 83' lang='grc' dir='ltr'>περὶ</span> <span class='ocrx_word' id='word_1_533' title='bbox 2711 3371 2900 3429; x_wconf 62' lang='grc' dir='ltr'>αὐτοῦς</span> 
     </span>
    </p>
   </div>
   <div class='ocr_carea' id='block_1_78' title="bbox 2176 3510 3766 3601">
    <p class='ocr_par' dir='ltr' id='par_1_78' title="bbox 2176 3510 3766 3601">
     <span class='ocr_line' id='line_1_81' title="bbox 2176 3510 3766 3601; baseline 0.009 -35"><span class='ocrx_word' id='word_1_534' title='bbox 2176 3511 2360 3601; x_wconf 48' lang='grc' dir='ltr'>ΪΗνίκα</span> <span class='ocrx_word' id='word_1_535' title='bbox 2385 3510 2508 3601; x_wconf 72' lang='grc' dir='ltr'>τινὰ</span> <span class='ocrx_word' id='word_1_536' title='bbox 2551 3516 2660 3568; x_wconf 79' lang='grc' dir='ltr'>τῶν</span> <span class='ocrx_word' id='word_1_537' title='bbox 2713 3512 2766 3569; x_wconf 78' lang='grc' dir='ltr'>ἐν</span> <span class='ocrx_word' id='word_1_538' title='bbox 2818 3511 2994 3579; x_wconf 89' lang='grc' dir='ltr'>δίκαις</span> <span class='ocrx_word' id='word_1_539' title='bbox 3045 3521 3423 3596; x_wconf 79' lang='grc' dir='ltr'>συνεχομένων</span> <span class='ocrx_word' id='word_1_540' title='bbox 3470 3522 3619 3601; x_wconf 87' lang='grc' dir='ltr'>παρά</span> <span class='ocrx_word' id='word_1_541' title='bbox 3669 3546 3766 3598; x_wconf 57' lang='grc' dir='ltr'>με.</span> 
     </span>
    </p>
   </div>
   <div class='ocr_carea' id='block_1_79' title="bbox 2103 3595 3760 3685">
    <p class='ocr_par' dir='ltr' id='par_1_79' title="bbox 2103 3595 3760 3685">
     <span class='ocr_line' id='line_1_82' title="bbox 2103 3595 3760 3685; baseline 0.01 -33"><span class='ocrx_word' id='word_1_542' title='bbox 2103 3596 2286 3674; x_wconf 89' lang='grc' dir='ltr'>γάλων</span> <span class='ocrx_word' id='word_1_543' title='bbox 2319 3595 2505 3675; x_wconf 81' lang='grc' dir='ltr'>συμϐῇ</span> <span class='ocrx_word' id='word_1_544' title='bbox 2554 3600 2694 3677; x_wconf 80' lang='grc' dir='ltr'>πρὸς</span> <span class='ocrx_word' id='word_1_545' title='bbox 2722 3604 2873 3675; x_wconf 77' lang='grc' dir='ltr'>ἡμᾶς</span> <span class='ocrx_word' id='word_1_546' title='bbox 2921 3595 3205 3676; x_wconf 78' lang='grc' dir='ltr'>σταλῆναι</span> <span class='ocrx_word' id='word_1_547' title='bbox 3231 3595 3564 3685; x_wconf 72' lang='grc' dir='ltr'>προσώπων,</span> <span class='ocrx_word' id='word_1_548' title='bbox 3586 3595 3760 3668; x_wconf 83' lang='grc' dir='ltr'>-ἀκου-</span> 
     </span>
    </p>
   </div>
   <div class='ocr_carea' id='block_1_80' title="bbox 2104 3687 3762 3775">
    <p class='ocr_par' dir='ltr' id='par_1_80' title="bbox 2104 3687 3762 3775">
     <span class='ocr_line' id='line_1_83' title="bbox 2104 3687 3762 3775; baseline 0.011 -34"><span class='ocrx_word' id='word_1_549' title='bbox 2104 3689 2295 3757; x_wconf 76' lang='grc' dir='ltr'>σθῆναι</span> <span class='ocrx_word' id='word_1_550' title='bbox 2346 3690 2445 3775; x_wconf 27' lang='grc' dir='ltr'>τὴᾼν</span> <span class='ocrx_word' id='word_1_551' title='bbox 2499 3687 2655 3761; x_wconf 90' lang='grc' dir='ltr'>δίκην</span> <span class='ocrx_word' id='word_1_552' title='bbox 2709 3689 2926 3748; x_wconf 73' lang='grc' dir='ltr'>ἐκείνων</span> <span class='ocrx_word' id='word_1_553' title='bbox 2960 3693 3256 3760; x_wconf 84' lang='grc' dir='ltr'>συνοδικῶς</span> <span class='ocrx_word' id='word_1_554' title='bbox 3305 3698 3596 3770; x_wconf 73' lang='grc' dir='ltr'>ἀξιούντων</span> <span class='ocrx_word' id='word_1_555' title='bbox 3631 3749 3645 3775; x_wconf 92' lang='grc'>,</span> <span class='ocrx_word' id='word_1_556' title='bbox 3696 3703 3762 3758; x_wconf 80' lang='grc' dir='ltr'>οὗ</span> 
     </span>
    </p>
   </div>
   <div class='ocr_carea' id='block_1_81' title="bbox 2105 3772 3758 3865">
    <p class='ocr_par' dir='ltr' id='par_1_81' title="bbox 2105 3772 3758 3865">
     <span class='ocr_line' id='line_1_84' title="bbox 2105 3772 3758 3865; baseline 0.011 -36"><span class='ocrx_word' id='word_1_557' title='bbox 2105 3775 2243 3865; x_wconf 86' lang='grc' dir='ltr'>πρὸς</span> <span class='ocrx_word' id='word_1_558' title='bbox 2294 3772 2565 3840; x_wconf 75' lang='grc' dir='ltr'>ἀναϐολὰς</span> <span class='ocrx_word' id='word_1_559' title='bbox 2623 3785 2915 3857; x_wconf 87' lang='grc' dir='ltr'>χωροῦμεν</span> <span class='ocrx_word' id='word_1_560' title='bbox 2976 3782 3065 3838; x_wconf 80' lang='grc' dir='ltr'>καὶ</span> <span class='ocrx_word' id='word_1_561' title='bbox 3127 3785 3430 3862; x_wconf 73' lang='grc' dir='ltr'>ὑπερθέσεις</span> <span class='ocrx_word' id='word_1_562' title='bbox 3472 3794 3584 3846; x_wconf 79' lang='grc' dir='ltr'>τῶν</span> <span class='ocrx_word' id='word_1_563' title='bbox 3610 3772 3758 3865; x_wconf 70' lang='grc' dir='ltr'>’πεμ-</span> 
     </span>
    </p>
   </div>
   <div class='ocr_carea' id='block_1_82' title="bbox 2104 3863 3757 3948">
    <p class='ocr_par' dir='ltr' id='par_1_82' title="bbox 2104 3863 3757 3948">
     <span class='ocr_line' id='line_1_85' title="bbox 2104 3863 3757 3948; baseline 0.011 -30"><span class='ocrx_word' id='word_1_564' title='bbox 2104 3863 2318 3939; x_wconf 82' lang='grc' dir='ltr'>ψάντων</span> <span class='ocrx_word' id='word_1_565' title='bbox 2374 3865 2558 3941; x_wconf 84' lang='grc' dir='ltr'>χάριν,</span> <span class='ocrx_word' id='word_1_566' title='bbox 2616 3870 2832 3945; x_wconf 73' lang='grc' dir='ltr'>ταχέως</span> <span class='ocrx_word' id='word_1_567' title='bbox 2890 3869 3313 3948; x_wconf 77' lang='grc' dir='ltr'>ἐπιμελούμενοι</span> <span class='ocrx_word' id='word_1_568' title='bbox 3365 3876 3457 3932; x_wconf 83' lang='grc' dir='ltr'>καὶ</span> <span class='ocrx_word' id='word_1_569' title='bbox 3500 3878 3578 3942; x_wconf 89' lang='grc' dir='ltr'>ὡς</span> <span class='ocrx_word' id='word_1_570' title='bbox 3637 3863 3757 3936; x_wconf 65' lang='grc' dir='ltr'>δεον</span> 
     </span>
    </p>
   </div>
   <div class='ocr_carea' id='block_1_83' title="bbox 2106 3953 3758 4043">
    <p class='ocr_par' dir='ltr' id='par_1_83' title="bbox 2106 3953 3758 4043">
     <span class='ocr_line' id='line_1_86' title="bbox 2106 3953 3758 4043; baseline 0.01 -35"><span class='ocrx_word' id='word_1_571' title='bbox 2106 3953 2500 4033; x_wconf 87' lang='grc' dir='ltr'>φροντίζοντες.</span> <span class='ocrx_word' id='word_1_572' title='bbox 2562 3955 2632 4011; x_wconf 80' lang='lat' dir='ltr'>Ei’</span> <span class='ocrx_word' id='word_1_573' title='bbox 2687 3954 2745 4012; x_wconf 71' lang='grc' dir='ltr'>δὲ</span> <span class='ocrx_word' id='word_1_574' title='bbox 2801 3957 2885 4013; x_wconf 80' lang='grc' dir='ltr'>ἐπ’</span> <span class='ocrx_word' id='word_1_575' title='bbox 2937 3960 3240 4037; x_wconf 87' lang='grc' dir='ltr'>ἀνθρώπων</span> <span class='ocrx_word' id='word_1_576' title='bbox 3300 3963 3351 4020; x_wconf 77' lang='grc' dir='ltr'>ἐν</span> <span class='ocrx_word' id='word_1_577' title='bbox 3407 3965 3581 4043; x_wconf 90' lang='grc' dir='ltr'>κρίσει</span> <span class='ocrx_word' id='word_1_578' title='bbox 3640 3965 3758 4025; x_wconf 87' lang='grc' dir='ltr'>δια-</span> 
     </span>
    </p>
   </div>
   <div class='ocr_carea' id='block_1_84' title="bbox 2105 4043 3760 4135">
    <p class='ocr_par' dir='ltr' id='par_1_84' title="bbox 2105 4043 3760 4135">
     <span class='ocr_line' id='line_1_87' title="bbox 2105 4043 3760 4135; baseline 0.009 -38"><span class='ocrx_word' id='word_1_579' title='bbox 2105 4043 2247 4135; x_wconf 84' lang='grc' dir='ltr'>φορά</span> <span class='ocrx_word' id='word_1_580' title='bbox 2400 4044 2754 4121; x_wconf 86' lang='grc' dir='ltr'>προτίμησις,</span> <span class='ocrx_word' id='word_1_581' title='bbox 2806 4047 2970 4103; x_wconf 86' lang='grc' dir='ltr'>ὁποία</span> <span class='ocrx_word' id='word_1_582' title='bbox 3014 4047 3410 4130; x_wconf 79' lang='grc' dir='ltr'>ἀναμφιϐόλως</span> <span class='ocrx_word' id='word_1_583' title='bbox 3461 4056 3550 4110; x_wconf 79' lang='grc' dir='ltr'>καὶ</span> <span class='ocrx_word' id='word_1_584' title='bbox 3600 4057 3760 4135; x_wconf 86' lang='grc' dir='ltr'>ἀσυγ-</span> 
     </span>
    </p>
   </div>
   <div class='ocr_carea' id='block_1_85' title="bbox 2102 4131 3758 4221">
    <p class='ocr_par' dir='ltr' id='par_1_85' title="bbox 2102 4131 3758 4221">
     <span class='ocr_line' id='line_1_88' title="bbox 2102 4131 3758 4221; baseline 0.011 -36"><span class='ocrx_word' id='word_1_585' title='bbox 2102 4132 2301 4209; x_wconf 87' lang='grc' dir='ltr'>κρίτως</span> <span class='ocrx_word' id='word_1_586' title='bbox 2349 4131 2400 4187; x_wconf 78' lang='grc' dir='ltr'>ἐν</span> <span class='ocrx_word' id='word_1_587' title='bbox 2451 4139 2572 4197; x_wconf 85' lang='grc' dir='ltr'>τοῖς</span> <span class='ocrx_word' id='word_1_588' title='bbox 2626 4135 2757 4212; x_wconf 75' lang='grc' dir='ltr'>ὑπὲρ</span> <span class='ocrx_word' id='word_1_589' title='bbox 2805 4142 2939 4192; x_wconf 87' lang='grc' dir='ltr'>Θεοῦ</span> <span class='ocrx_word' id='word_1_590' title='bbox 2986 4137 3349 4218; x_wconf 84' lang='grc' dir='ltr'>ἐποφείλεται,</span> <span class='ocrx_word' id='word_1_591' title='bbox 3403 4141 3663 4221; x_wconf 87' lang='grc' dir='ltr'>μεγάλοις</span> <span class='ocrx_word' id='word_1_592' title='bbox 3696 4131 3758 4203; x_wconf 80' lang='grc' dir='ltr'>τε</span> 
     </span>
    </p>
   </div>
   <div class='ocr_carea' id='block_1_86' title="bbox 2102 4221 3757 4313">
    <p class='ocr_par' dir='ltr' id='par_1_86' title="bbox 2102 4221 3757 4313">
     <span class='ocr_line' id='line_1_89' title="bbox 2102 4221 3757 4313; baseline 0.01 -38"><span class='ocrx_word' id='word_1_593' title='bbox 2102 4221 2192 4276; x_wconf 81' lang='grc' dir='ltr'>καὶ</span> <span class='ocrx_word' id='word_1_594' title='bbox 2229 4228 2466 4297; x_wconf 87' lang='grc' dir='ltr'>μικροῖς,</span> <span class='ocrx_word' id='word_1_595' title='bbox 2518 4222 2656 4278; x_wconf 82' lang='grc' dir='ltr'>ὥστε</span> <span class='ocrx_word' id='word_1_596' title='bbox 2698 4224 2787 4279; x_wconf 86' lang='grc' dir='ltr'>καὶ</span> <span class='ocrx_word' id='word_1_597' title='bbox 2839 4224 2969 4289; x_wconf 77' lang='grc' dir='ltr'>τοὺς</span> <span class='ocrx_word' id='word_1_598' title='bbox 3021 4227 3369 4307; x_wconf 81' lang='grc' dir='ltr'>ἐμπαροινεῖν</span> <span class='ocrx_word' id='word_1_599' title='bbox 3428 4233 3518 4288; x_wconf 87' lang='grc' dir='ltr'>καὶ</span> <span class='ocrx_word' id='word_1_600' title='bbox 3563 4235 3757 4313; x_wconf 85' lang='grc' dir='ltr'>ἀφραί-</span> 
     </span>
    </p>
   </div>
   <div class='ocr_carea' id='block_1_87' title="bbox 2104 4309 3758 4400">
    <p class='ocr_par' dir='ltr' id='par_1_87' title="bbox 2104 4309 3758 4400">
     <span class='ocr_line' id='line_1_90' title="bbox 2104 4309 3758 4400; baseline 0.01 -36"><span class='ocrx_word' id='word_1_601' title='bbox 2104 4330 2211 4364; x_wconf 89' lang='grc' dir='ltr'>νειν</span> <span class='ocrx_word' id='word_1_602' title='bbox 2263 4311 2332 4364; x_wconf 77' lang='grc' dir='ltr'>τὰ</span> <span class='ocrx_word' id='word_1_603' title='bbox 2388 4309 2465 4373; x_wconf 83' lang='grc' dir='ltr'>εἷς</span> <span class='ocrx_word' id='word_1_604' title='bbox 2543 4311 2700 4367; x_wconf 79' lang='grc' dir='ltr'>αὐτὸν</span> <span class='ocrx_word' id='word_1_605' title='bbox 2770 4310 2992 4377; x_wconf 87' lang='grc' dir='ltr'>δυνατὸς</span> <span class='ocrx_word' id='word_1_606' title='bbox 3068 4314 3142 4373; x_wconf 78' lang='grc' dir='ltr'>ὢν</span> <span class='ocrx_word' id='word_1_607' title='bbox 3224 4309 3758 4400; x_wconf 31' lang='grc' dir='ltr'>ἐπεξέρχεσθαινκαὶ</span> 
     </span>
    </p>
   </div>
   <div class='ocr_carea' id='block_1_88' title="bbox 2106 4396 3760 4482">
    <p class='ocr_par' dir='ltr' id='par_1_88' title="bbox 2106 4396 3760 4482">
     <span class='ocr_line' id='line_1_91' title="bbox 2106 4396 3760 4482; baseline 0.011 -30"><span class='ocrx_word' id='word_1_608' title='bbox 2106 4396 2390 4454; x_wconf 88' lang='grc' dir='ltr'>διεκδικεῖν</span> <span class='ocrx_word' id='word_1_609' title='bbox 2443 4399 2792 4476; x_wconf 83' lang='grc' dir='ltr'>ἀγαθωσύνης</span> <span class='ocrx_word' id='word_1_610' title='bbox 2850 4404 3079 4481; x_wconf 86' lang='grc' dir='ltr'>πελάγει</span> <span class='ocrx_word' id='word_1_611' title='bbox 3138 4396 3451 4482; x_wconf 74' lang='grc' dir='ltr'>δοκιμάζων</span> <span class='ocrx_word' id='word_1_612' title='bbox 3505 4412 3596 4467; x_wconf 81' lang='grc' dir='ltr'>τὸν</span> <span class='ocrx_word' id='word_1_613' title='bbox 3655 4413 3760 4469; x_wconf 85' lang='grc' dir='ltr'>πό-</span> 
     </span>
    </p>
   </div>
   <div class='ocr_carea' id='block_1_89' title="bbox 2104 4488 3758 4578">
    <p class='ocr_par' dir='ltr' id='par_1_89' title="bbox 2104 4488 3758 4578">
     <span class='ocr_line' id='line_1_92' title="bbox 2104 4488 3758 4578; baseline 0.01 -35"><span class='ocrx_word' id='word_1_614' title='bbox 2104 4489 2380 4578; x_wconf 13' lang='grc' dir='ltr'>θονᾼὴμῶν</span> <span class='ocrx_word' id='word_1_615' title='bbox 2432 4489 2571 4560; x_wconf 86' lang='grc' dir='ltr'>πρὸς</span> <span class='ocrx_word' id='word_1_616' title='bbox 2601 4490 2681 4578; x_wconf 9' lang='grc' dir='ltr'>,τὸ</span> <span class='ocrx_word' id='word_1_617' title='bbox 2731 4488 2938 4578; x_wconf 89' lang='grc' dir='ltr'>δίκαιον</span> <span class='ocrx_word' id='word_1_618' title='bbox 2986 4492 3076 4549; x_wconf 71' lang='grc' dir='ltr'>καὶ</span> <span class='ocrx_word' id='word_1_619' title='bbox 3105 4494 3441 4578; x_wconf 89' lang='grc' dir='ltr'>φιλάδελφον</span> <span class='ocrx_word' id='word_1_620' title='bbox 3489 4500 3534 4556; x_wconf 77' lang='grc' dir='ltr'>εἰ</span> <span class='ocrx_word' id='word_1_621' title='bbox 3566 4500 3758 4577; x_wconf 78' lang='grc' dir='ltr'>ἐπιμε-</span> 
     </span>
    </p>
   </div>
   <div class='ocr_carea' id='block_1_90' title="bbox 2105 4575 3763 4667">
    <p class='ocr_par' dir='ltr' id='par_1_90' title="bbox 2105 4575 3763 4667">
     <span class='ocr_line' id='line_1_93' title="bbox 2105 4575 3763 4667; baseline 0.01 -37"><span class='ocrx_word' id='word_1_622' title='bbox 2105 4575 2350 4667; x_wconf 82' lang='grc' dir='ltr'>λούμεθα</span> <span class='ocrx_word' id='word_1_623' title='bbox 2408 4577 2672 4667; x_wconf 65' lang='grc' dir='ltr'>ἁμαρτίας</span> <span class='ocrx_word' id='word_1_624' title='bbox 2731 4577 3045 4667; x_wconf 81' lang='grc' dir='ltr'>ἐλευθεροῦν</span> <span class='ocrx_word' id='word_1_625' title='bbox 3114 4575 3383 4666; x_wconf 76' lang='grc' dir='ltr'>ἀδελφοὺς</span> <span class='ocrx_word' id='word_1_626' title='bbox 3450 4575 3763 4667; x_wconf 83' lang='grc' dir='ltr'>ἀνθρώποις</span> 
     </span>
    </p>
   </div>
   <div class='ocr_carea' id='block_1_91' title="bbox 2102 4663 3757 4752">
    <p class='ocr_par' dir='ltr' id='par_1_91' title="bbox 2102 4663 3757 4752">
     <span class='ocr_line' id='line_1_94' title="bbox 2102 4663 3757 4752; baseline 0.01 -35"><span class='ocrx_word' id='word_1_627' title='bbox 2102 4665 2425 4752; x_wconf 68' lang='grc' dir='ltr'>παρέπεμψε</span> <span class='ocrx_word' id='word_1_628' title='bbox 2477 4666 2578 4734; x_wconf 81' lang='grc' dir='ltr'>τήν</span> <span class='ocrx_word' id='word_1_629' title='bbox 2633 4663 2842 4722; x_wconf 88' lang='grc' dir='ltr'>δικαίαν</span> <span class='ocrx_word' id='word_1_630' title='bbox 2903 4666 3199 4746; x_wconf 78' lang='grc' dir='ltr'>ἐκδίκησιν,</span> <span class='ocrx_word' id='word_1_631' title='bbox 3259 4663 3429 4747; x_wconf 75' lang='grc' dir='ltr'>μηδὲν</span> <span class='ocrx_word' id='word_1_632' title='bbox 3481 4663 3757 4752; x_wconf 25' lang='grc' dir='ltr'>πρτοτιμᾷν</span> 
     </span>
    </p>
   </div>
   <div class='ocr_carea' id='block_1_92' title="bbox 342 4750 1989 4841">
    <p class='ocr_par' dir='ltr' id='par_1_92' title="bbox 342 4756 1989 4834">
     <span class='ocr_line' id='line_1_95' title="bbox 342 4756 1989 4834; baseline -0.004 -16"><span class='ocrx_word' id='word_1_633' title='bbox 342 4759 835 4834; x_wconf 62' lang='lat' dir='ltr'>praevaricationis</span> <span class='ocrx_word' id='word_1_634' title='bbox 858 4773 1191 4831; x_wconf 82' lang='lat' dir='ltr'>poenam,ne</span> <span class='ocrx_word' id='word_1_635' title='bbox 1213 4756 1333 4812; x_wconf 91' lang='lat' dir='ltr'>ullo</span> <span class='ocrx_word' id='word_1_636' title='bbox 1357 4758 1530 4812; x_wconf 93' lang='lat' dir='ltr'>modo</span> <span class='ocrx_word' id='word_1_637' title='bbox 1554 4758 1783 4812; x_wconf 86' lang='lat' dir='ltr'>veritati</span> <span class='ocrx_word' id='word_1_638' title='bbox 1806 4758 1989 4812; x_wconf 88' lang='lat' dir='ltr'>detra-</span> 
     </span>
    </p>
   </div>
   <div class='ocr_carea' id='block_1_93' title="bbox 2103 4750 3757 4841">
    <p class='ocr_par' dir='ltr' id='par_1_93' title="bbox 2103 4750 3757 4841">
     <span class='ocr_line' id='line_1_96' title="bbox 2103 4750 3757 4841; baseline 0.01 -35"><span class='ocrx_word' id='word_1_639' title='bbox 2103 4750 2483 4826; x_wconf 80' lang='grc' dir='ltr'>ὲντειλάμενος</span> <span class='ocrx_word' id='word_1_640' title='bbox 2532 4753 2808 4825; x_wconf 85' lang='grc' dir='ltr'>ἀληθείας.</span> <span class='ocrx_word' id='word_1_641' title='bbox 2865 4758 2965 4813; x_wconf 85' lang='grc' dir='ltr'>Διά</span> <span class='ocrx_word' id='word_1_642' title='bbox 3009 4763 3171 4815; x_wconf 85' lang='grc' dir='ltr'>τοῦτο</span> <span class='ocrx_word' id='word_1_643' title='bbox 3215 4764 3283 4817; x_wconf 81' lang='grc' dir='ltr'>τὰ</span> <span class='ocrx_word' id='word_1_644' title='bbox 3313 4750 3586 4841; x_wconf 86' lang='grc' dir='ltr'>φθάσαντα</span> 
     </span>
    </p>
   </div>
   <div class='ocr_carea' id='block_1_94' title="bbox 339 4842 1989 4933">
    <p class='ocr_par' dir='ltr' id='par_1_94' title="bbox 339 4845 1989 4920">
     <span class='ocr_line' id='line_1_97' title="bbox 339 4845 1989 4920; baseline -0.002 -14"><span class='ocrx_word' id='word_1_645' title='bbox 339 4849 599 4907; x_wconf 88' lang='lat' dir='ltr'>heretur.</span> <span class='ocrx_word' id='word_1_646' title='bbox 630 4848 850 4904; x_wconf 91' lang='lat' dir='ltr'>Idcirco</span> <span class='ocrx_word' id='word_1_647' title='bbox 872 4864 1133 4920; x_wconf 66' lang='lat' dir='ltr'>quaequae</span> <span class='ocrx_word' id='word_1_648' title='bbox 1156 4845 1324 4902; x_wconf 89' lang='lat' dir='ltr'>nobis</span> <span class='ocrx_word' id='word_1_649' title='bbox 1345 4861 1414 4900; x_wconf 84' lang='lat' dir='ltr'>ex</span> <span class='ocrx_word' id='word_1_650' title='bbox 1434 4847 1676 4901; x_wconf 91' lang='lat' dir='ltr'>auribus</span> <span class='ocrx_word' id='word_1_651' title='bbox 1698 4846 1989 4918; x_wconf 89' lang='lat' dir='ltr'>percipere</span> 
     </span>
    </p>
   </div>
   <div class='ocr_carea' id='block_1_95' title="bbox 2103 4842 3759 4933">
    <p class='ocr_par' dir='ltr' id='par_1_95' title="bbox 2103 4842 3759 4933">
     <span class='ocr_line' id='line_1_98' title="bbox 2103 4842 3759 4933; baseline 0.008 -36"><span class='ocrx_word' id='word_1_652' title='bbox 2103 4842 2281 4917; x_wconf 76' lang='grc' dir='ltr'>τὲραις</span> <span class='ocrx_word' id='word_1_653' title='bbox 2338 4846 2518 4896; x_wconf 87' lang='grc' dir='ltr'>πεσεῖν</span> <span class='ocrx_word' id='word_1_654' title='bbox 2564 4843 2788 4917; x_wconf 81' lang='grc' dir='ltr'>ἀκοαῖς,</span> <span class='ocrx_word' id='word_1_655' title='bbox 2843 4847 2918 4919; x_wconf 78' lang='grc' dir='ltr'>μή</span> <span class='ocrx_word' id='word_1_656' title='bbox 2976 4845 3053 4909; x_wconf 79' lang='grc' dir='ltr'>ὥς</span> <span class='ocrx_word' id='word_1_657' title='bbox 3099 4869 3151 4902; x_wconf 91' lang='grc' dir='ltr'>τι</span> <span class='ocrx_word' id='word_1_658' title='bbox 3200 4854 3307 4905; x_wconf 82' lang='grc' dir='ltr'>τῶν</span> <span class='ocrx_word' id='word_1_659' title='bbox 3359 4850 3759 4933; x_wconf 75' lang='grc' dir='ltr'>εὐκαταφρονή-</span> 
     </span>
    </p>
   </div>
   <div class='ocr_carea' id='block_1_96' title="bbox 341 4934 1996 5007">
    <p class='ocr_par' dir='ltr' id='par_1_96' title="bbox 341 4934 1996 5007">
     <span class='ocr_line' id='line_1_99' title="bbox 341 4934 1996 5007; baseline -0.002 -13"><span class='ocrx_word' id='word_1_660' title='bbox 341 4937 572 5005; x_wconf 90' lang='lat' dir='ltr'>accidit,</span> <span class='ocrx_word' id='word_1_661' title='bbox 607 4937 689 4992; x_wconf 90' lang='lat' dir='ltr'>nil</span> <span class='ocrx_word' id='word_1_662' title='bbox 737 4954 807 4992; x_wconf 81' lang='lat' dir='ltr'>ex</span> <span class='ocrx_word' id='word_1_663' title='bbox 838 4936 931 4992; x_wconf 90' lang='lat' dir='ltr'>his</span> <span class='ocrx_word' id='word_1_664' title='bbox 977 4940 1180 5007; x_wconf 91' lang='lat' dir='ltr'>utpote</span> <span class='ocrx_word' id='word_1_665' title='bbox 1225 4935 1572 5007; x_wconf 87' lang='lat' dir='ltr'>spernendis</span> <span class='ocrx_word' id='word_1_666' title='bbox 1626 4934 1996 4991; x_wconf 88' lang='lat' dir='ltr'>dimittamur</span> 
     </span>
    </p>
   </div>
   <div class='ocr_carea' id='block_1_97' title="bbox 337 5023 1988 5097">
    <p class='ocr_par' dir='ltr' id='par_1_97' title="bbox 337 5023 1988 5097">
     <span class='ocr_line' id='line_1_100' title="bbox 337 5023 1988 5097; baseline -0.002 -15"><span class='ocrx_word' id='word_1_667' title='bbox 337 5026 560 5095; x_wconf 81' lang='lat' dir='ltr'>vacuis,</span> <span class='ocrx_word' id='word_1_668' title='bbox 596 5043 702 5081; x_wconf 92' lang='lat' dir='ltr'>nec</span> <span class='ocrx_word' id='word_1_669' title='bbox 751 5026 822 5081; x_wconf 89' lang='lat' dir='ltr'>ad</span> <span class='ocrx_word' id='word_1_670' title='bbox 853 5030 1089 5097; x_wconf 90' lang='lat' dir='ltr'>tempus</span> <span class='ocrx_word' id='word_1_671' title='bbox 1120 5023 1558 5096; x_wconf 88' lang='lat' dir='ltr'>protrahamus,</span> <span class='ocrx_word' id='word_1_672' title='bbox 1592 5024 1807 5095; x_wconf 88' lang='lat' dir='ltr'>nedum</span> <span class='ocrx_word' id='word_1_673' title='bbox 1843 5023 1988 5079; x_wconf 48' lang='lat' dir='ltr'>oblid-</span> 
     </span>
    </p>
   </div>
   <div class='ocr_carea' id='block_1_98' title="bbox 334 5111 1990 5185">
    <p class='ocr_par' dir='ltr' id='par_1_98' title="bbox 334 5111 1990 5185">
     <span class='ocr_line' id='line_1_101' title="bbox 334 5111 1990 5185; baseline -0.001 -15"><span class='ocrx_word' id='word_1_674' title='bbox 334 5113 651 5185; x_wconf 88' lang='lat' dir='ltr'>viscamur,</span> <span class='ocrx_word' id='word_1_675' title='bbox 686 5113 774 5169; x_wconf 90' lang='lat' dir='ltr'>vel</span> <span class='ocrx_word' id='word_1_676' title='bbox 799 5119 1135 5169; x_wconf 63' lang='lat' dir='ltr'>caeterarum</span> <span class='ocrx_word' id='word_1_677' title='bbox 1168 5111 1587 5185; x_wconf 88' lang='lat' dir='ltr'>cogitationum</span> <span class='ocrx_word' id='word_1_678' title='bbox 1618 5129 1794 5168; x_wconf 90' lang='lat' dir='ltr'>cursu</span> <span class='ocrx_word' id='word_1_679' title='bbox 1826 5111 1990 5168; x_wconf 90' lang='lat' dir='ltr'>dela-</span> 
     </span>
    </p>
   </div>
   <div class='ocr_carea' id='block_1_99' title="bbox 335 5200 1991 5277">
    <p class='ocr_par' dir='ltr' id='par_1_99' title="bbox 335 5200 1991 5277">
     <span class='ocr_line' id='line_1_102' title="bbox 335 5200 1991 5277; baseline -0.003 -17"><span class='ocrx_word' id='word_1_680' title='bbox 335 5203 598 5277; x_wconf 86' lang='lat' dir='ltr'>psi,talia</span> <span class='ocrx_word' id='word_1_681' title='bbox 626 5204 968 5259; x_wconf 87' lang='lat' dir='ltr'>deseramus</span> <span class='ocrx_word' id='word_1_682' title='bbox 998 5201 1187 5257; x_wconf 87' lang='lat' dir='ltr'>inulta</span> <span class='ocrx_word' id='word_1_683' title='bbox 1211 5200 1479 5273; x_wconf 89' lang='lat' dir='ltr'>quamvis</span> <span class='ocrx_word' id='word_1_684' title='bbox 1507 5217 1747 5256; x_wconf 91' lang='lat' dir='ltr'>causam</span> <span class='ocrx_word' id='word_1_685' title='bbox 1770 5201 1991 5256; x_wconf 90' lang='lat' dir='ltr'>noveri-</span> 
     </span>
    </p>
   </div>
   <div class='ocr_carea' id='block_1_100' title="bbox 335 5290 1988 5364">
    <p class='ocr_par' dir='ltr' id='par_1_100' title="bbox 335 5290 1988 5364">
     <span class='ocr_line' id='line_1_103' title="bbox 335 5290 1988 5364; baseline -0.003 -14"><span class='ocrx_word' id='word_1_686' title='bbox 335 5294 662 5357; x_wconf 87' lang='lat' dir='ltr'>mus.Quod</span> <span class='ocrx_word' id='word_1_687' title='bbox 697 5293 747 5348; x_wconf 90' lang='lat' dir='ltr'>si</span> <span class='ocrx_word' id='word_1_688' title='bbox 780 5292 997 5364; x_wconf 90' lang='lat' dir='ltr'>aliquis</span> <span class='ocrx_word' id='word_1_689' title='bbox 1026 5291 1139 5347; x_wconf 91' lang='lat' dir='ltr'>sibi</span> <span class='ocrx_word' id='word_1_690' title='bbox 1175 5291 1414 5348; x_wconf 84' lang='lat' dir='ltr'>noxium</span> <span class='ocrx_word' id='word_1_691' title='bbox 1445 5290 1535 5346; x_wconf 90' lang='lat' dir='ltr'>vel</span> <span class='ocrx_word' id='word_1_692' title='bbox 1566 5290 1864 5346; x_wconf 86' lang='lat' dir='ltr'>infensum</span> <span class='ocrx_word' id='word_1_693' title='bbox 1888 5307 1988 5362; x_wconf 91' lang='lat' dir='ltr'>pa-</span> 
     </span>
    </p>
   </div>
   <div class='ocr_carea' id='block_1_101' title="bbox 331 5379 1988 5453">
    <p class='ocr_par' dir='ltr' id='par_1_101' title="bbox 331 5379 1988 5453">
     <span class='ocr_line' id='line_1_104' title="bbox 331 5379 1988 5453; baseline -0.004 -14"><span class='ocrx_word' id='word_1_694' title='bbox 331 5382 536 5450; x_wconf 88' lang='lat' dir='ltr'>tiatur,</span> <span class='ocrx_word' id='word_1_695' title='bbox 574 5388 729 5438; x_wconf 87' lang='lat' dir='ltr'>certe</span> <span class='ocrx_word' id='word_1_696' title='bbox 781 5380 1185 5451; x_wconf 81' lang='lat' dir='ltr'>laudandum;</span> <span class='ocrx_word' id='word_1_697' title='bbox 1219 5381 1372 5453; x_wconf 92' lang='lat' dir='ltr'>quod</span> <span class='ocrx_word' id='word_1_698' title='bbox 1406 5397 1539 5435; x_wconf 91' lang='lat' dir='ltr'>vero</span> <span class='ocrx_word' id='word_1_699' title='bbox 1579 5380 1783 5435; x_wconf 92' lang='lat' dir='ltr'>eodem</span> <span class='ocrx_word' id='word_1_700' title='bbox 1816 5379 1988 5434; x_wconf 91' lang='lat' dir='ltr'>modo</span> 
     </span>
    </p>
   </div>
   <div class='ocr_carea' id='block_1_102' title="bbox 332 5469 1989 5542">
    <p class='ocr_par' dir='ltr' id='par_1_102' title="bbox 332 5469 1989 5542">
     <span class='ocr_line' id='line_1_105' title="bbox 332 5469 1989 5542; baseline -0.004 -14"><span class='ocrx_word' id='word_1_701' title='bbox 332 5474 394 5528; x_wconf 90' lang='lat' dir='ltr'>in</span> <span class='ocrx_word' id='word_1_702' title='bbox 427 5472 634 5528; x_wconf 90' lang='lat' dir='ltr'>fratres</span> <span class='ocrx_word' id='word_1_703' title='bbox 669 5475 1003 5538; x_wconf 89' lang='lat' dir='ltr'>utatur,nec</span> <span class='ocrx_word' id='word_1_704' title='bbox 1036 5469 1405 5542; x_wconf 78' lang='lat' dir='ltr'>querimonia</span> <span class='ocrx_word' id='word_1_705' title='bbox 1427 5484 1532 5524; x_wconf 90' lang='lat' dir='ltr'>nec</span> <span class='ocrx_word' id='word_1_706' title='bbox 1560 5469 1989 5540; x_wconf 89' lang='lat' dir='ltr'>vituperatione</span> 
     </span>
    </p>
   </div>
   <div class='ocr_carea' id='block_1_103' title="bbox 331 5559 1990 5631">
    <p class='ocr_par' dir='ltr' id='par_1_103' title="bbox 331 5559 1990 5631">
     <span class='ocr_line' id='line_1_106' title="bbox 331 5559 1990 5631; baseline -0.004 -14"><span class='ocrx_word' id='word_1_707' title='bbox 331 5561 599 5628; x_wconf 89' lang='lat' dir='ltr'>vacabit;</span> <span class='ocrx_word' id='word_1_708' title='bbox 634 5559 792 5631; x_wconf 93' lang='lat' dir='ltr'>quod</span> <span class='ocrx_word' id='word_1_709' title='bbox 822 5560 873 5614; x_wconf 90' lang='lat' dir='ltr'>si</span> <span class='ocrx_word' id='word_1_710' title='bbox 902 5560 1139 5614; x_wconf 87' lang='lat' dir='ltr'>tandem</span> <span class='ocrx_word' id='word_1_711' title='bbox 1164 5559 1490 5631; x_wconf 88' lang='lat' dir='ltr'>judicantis</span> <span class='ocrx_word' id='word_1_712' title='bbox 1522 5562 1746 5614; x_wconf 90' lang='lat' dir='ltr'>statuta</span> <span class='ocrx_word' id='word_1_713' title='bbox 1778 5573 1990 5612; x_wconf 83' lang='lat' dir='ltr'>consu-</span> 
     </span>
    </p>
   </div>
   <div class='ocr_carea' id='block_1_104' title="bbox 332 5647 1992 5723">
    <p class='ocr_par' dir='ltr' id='par_1_104' title="bbox 332 5647 1992 5723">
     <span class='ocr_line' id='line_1_107' title="bbox 332 5647 1992 5723; baseline -0.004 -16"><span class='ocrx_word' id='word_1_714' title='bbox 332 5652 444 5719; x_wconf 90' lang='lat' dir='ltr'>las,</span> <span class='ocrx_word' id='word_1_715' title='bbox 500 5649 915 5723; x_wconf 87' lang='lat' dir='ltr'>periculosum.</span> <span class='ocrx_word' id='word_1_716' title='bbox 964 5649 1145 5705; x_wconf 88' lang='lat' dir='ltr'>Nemo</span> <span class='ocrx_word' id='word_1_717' title='bbox 1195 5648 1410 5704; x_wconf 89' lang='lat' dir='ltr'>etenim</span> <span class='ocrx_word' id='word_1_718' title='bbox 1461 5648 1722 5720; x_wconf 88' lang='lat' dir='ltr'>optimus</span> <span class='ocrx_word' id='word_1_719' title='bbox 1789 5647 1992 5718; x_wconf 88' lang='lat' dir='ltr'>iniqua</span> 
     </span>
    </p>
   </div>
   <div class='ocr_carea' id='block_1_105' title="bbox 337 5735 1990 5813">
    <p class='ocr_par' dir='ltr' id='par_1_105' title="bbox 337 5735 1990 5813">
     <span class='ocr_line' id='line_1_108' title="bbox 337 5735 1990 5813; baseline -0.004 -16"><span class='ocrx_word' id='word_1_720' title='bbox 337 5746 609 5813; x_wconf 88' lang='lat' dir='ltr'>agentem</span> <span class='ocrx_word' id='word_1_721' title='bbox 642 5737 1115 5810; x_wconf 83' lang='lat' dir='ltr'>comprobat,etsi</span> <span class='ocrx_word' id='word_1_722' title='bbox 1152 5737 1624 5810; x_wconf 84' lang='lat' dir='ltr'>philanthrOpus,</span> <span class='ocrx_word' id='word_1_723' title='bbox 1646 5737 1746 5792; x_wconf 90' lang='lat' dir='ltr'>sed</span> <span class='ocrx_word' id='word_1_724' title='bbox 1780 5740 1836 5792; x_wconf 88' lang='lat' dir='ltr'>et</span> <span class='ocrx_word' id='word_1_725' title='bbox 1865 5735 1990 5792; x_wconf 86' lang='lat' dir='ltr'>vin—</span> 
     </span>
    </p>
   </div>
   <div class='ocr_carea' id='block_1_106' title="bbox 341 5824 1990 5899">
    <p class='ocr_par' dir='ltr' id='par_1_106' title="bbox 341 5824 1990 5899">
     <span class='ocr_line' id='line_1_109' title="bbox 341 5824 1990 5899; baseline -0.002 -13"><span class='ocrx_word' id='word_1_726' title='bbox 341 5828 559 5887; x_wconf 90' lang='lat' dir='ltr'>dictam</span> <span class='ocrx_word' id='word_1_727' title='bbox 591 5833 649 5883; x_wconf 89' lang='lat' dir='ltr'>et</span> <span class='ocrx_word' id='word_1_728' title='bbox 676 5828 823 5883; x_wconf 90' lang='lat' dir='ltr'>iram</span> <span class='ocrx_word' id='word_1_729' title='bbox 856 5827 1129 5897; x_wconf 90' lang='lat' dir='ltr'>miscens,</span> <span class='ocrx_word' id='word_1_730' title='bbox 1162 5843 1366 5883; x_wconf 90' lang='lat' dir='ltr'>eorum</span> <span class='ocrx_word' id='word_1_731' title='bbox 1398 5826 1499 5899; x_wconf 90' lang='lat' dir='ltr'>qui</span> <span class='ocrx_word' id='word_1_732' title='bbox 1529 5843 1705 5899; x_wconf 91' lang='lat' dir='ltr'>opera</span> <span class='ocrx_word' id='word_1_733' title='bbox 1757 5824 1858 5882; x_wconf 90' lang='lat' dir='ltr'>Dei</span> <span class='ocrx_word' id='word_1_734' title='bbox 1891 5841 1990 5882; x_wconf 87' lang='lat' dir='ltr'>ne-</span> 
     </span>
    </p>
   </div>
   <div class='ocr_carea' id='block_1_107' title="bbox 2103 4930 3756 5018">
    <p class='ocr_par' dir='ltr' id='par_1_107' title="bbox 2103 4930 3756 5018">
     <span class='ocr_line' id='line_1_110' title="bbox 2103 4930 3756 5018; baseline 0.008 -33"><span class='ocrx_word' id='word_1_735' title='bbox 2103 4949 2230 5001; x_wconf 87' lang='grc' dir='ltr'>των,</span> <span class='ocrx_word' id='word_1_736' title='bbox 2285 4930 2526 5004; x_wconf 81' lang='grc' dir='ltr'>ἐάσωμεν</span> <span class='ocrx_word' id='word_1_737' title='bbox 2586 4931 2941 5008; x_wconf 82' lang='grc' dir='ltr'>ἀνενέργητα·</span> <span class='ocrx_word' id='word_1_738' title='bbox 3006 4933 3147 5014; x_wconf 76' lang='grc' dir='ltr'>μηδὲ</span> <span class='ocrx_word' id='word_1_739' title='bbox 3198 4944 3392 5016; x_wconf 87' lang='grc' dir='ltr'>καιροῦ</span> <span class='ocrx_word' id='word_1_740' title='bbox 3452 4930 3756 5018; x_wconf 72' lang='grc' dir='ltr'>ὑπερθέσει,</span> 
     </span>
    </p>
   </div>
   <div class='ocr_carea' id='block_1_108' title="bbox 2103 5019 3760 5109">
    <p class='ocr_par' dir='ltr' id='par_1_108' title="bbox 2103 5019 3760 5109">
     <span class='ocr_line' id='line_1_111' title="bbox 2103 5019 3760 5109; baseline 0.003 -26"><span class='ocrx_word' id='word_1_741' title='bbox 2103 5019 2253 5109; x_wconf 55' lang='grc' dir='ltr'>ζὸπως</span> <span class='ocrx_word' id='word_1_742' title='bbox 2313 5019 2722 5109; x_wconf 76' lang='grc' dir='ltr'>ἐπιλησθῶμεν,</span> <span class='ocrx_word' id='word_1_743' title='bbox 2781 5022 2815 5091; x_wconf 70' lang='grc' dir='ltr'>ἦ</span> <span class='ocrx_word' id='word_1_744' title='bbox 2874 5022 2926 5095; x_wconf 80' lang='grc' dir='ltr'>ἐξ</span> <span class='ocrx_word' id='word_1_745' title='bbox 2984 5022 3176 5083; x_wconf 75' lang='grc' dir='ltr'>ἄλλων</span> <span class='ocrx_word' id='word_1_746' title='bbox 3235 5027 3537 5107; x_wconf 87' lang='grc' dir='ltr'>φροντίδων</span> <span class='ocrx_word' id='word_1_747' title='bbox 3586 5048 3760 5109; x_wconf 84' lang='grc' dir='ltr'>παρα-</span> 
     </span>
    </p>
   </div>
   <div class='ocr_carea' id='block_1_109' title="bbox 2101 5105 3756 5197">
    <p class='ocr_par' dir='ltr' id='par_1_109' title="bbox 2101 5105 3756 5197">
     <span class='ocr_line' id='line_1_112' title="bbox 2101 5105 3756 5197; baseline 0.011 -37"><span class='ocrx_word' id='word_1_748' title='bbox 2101 5106 2281 5182; x_wconf 75' lang='grc' dir='ltr'>δράμῃ</span> <span class='ocrx_word' id='word_1_749' title='bbox 2335 5110 2485 5181; x_wconf 79' lang='grc' dir='ltr'>ἡμᾶς</span> <span class='ocrx_word' id='word_1_750' title='bbox 2530 5105 2855 5179; x_wconf 82' lang='grc' dir='ltr'>ἀνεκδίκητα</span> <span class='ocrx_word' id='word_1_751' title='bbox 2916 5117 3023 5166; x_wconf 80' lang='grc' dir='ltr'>τῶν</span> <span class='ocrx_word' id='word_1_752' title='bbox 3075 5105 3340 5172; x_wconf 84' lang='grc' dir='ltr'>τοιούτων</span> <span class='ocrx_word' id='word_1_753' title='bbox 3398 5118 3602 5197; x_wconf 70' lang='grc' dir='ltr'>ὑφέξειν</span> <span class='ocrx_word' id='word_1_754' title='bbox 3660 5105 3756 5178; x_wconf 83' lang='grc' dir='ltr'>τὸν</span> 
     </span>
    </p>
   </div>
   <div class='ocr_carea' id='block_1_110' title="bbox 2101 5195 3759 5282">
    <p class='ocr_par' dir='ltr' id='par_1_110' title="bbox 2101 5195 3759 5282">
     <span class='ocr_line' id='line_1_113' title="bbox 2101 5195 3759 5282; baseline 0.01 -31"><span class='ocrx_word' id='word_1_755' title='bbox 2101 5195 2262 5273; x_wconf 83' lang='grc' dir='ltr'>λόγον</span> <span class='ocrx_word' id='word_1_756' title='bbox 2298 5198 2372 5269; x_wconf 84' lang='grc' dir='ltr'>μή</span> <span class='ocrx_word' id='word_1_757' title='bbox 2428 5195 2773 5272; x_wconf 80' lang='grc' dir='ltr'>ἀγνοοῦντες.</span> <span class='ocrx_word' id='word_1_758' title='bbox 2805 5200 2871 5254; x_wconf 78' lang='grc' dir='ltr'>Εἰ</span> <span class='ocrx_word' id='word_1_759' title='bbox 2919 5205 3022 5278; x_wconf 85' lang='grc' dir='ltr'>γάρ</span> <span class='ocrx_word' id='word_1_760' title='bbox 3071 5225 3155 5268; x_wconf 88' lang='grc' dir='ltr'>τις</span> <span class='ocrx_word' id='word_1_761' title='bbox 3209 5207 3298 5261; x_wconf 88' lang='grc' dir='ltr'>τὸν</span> <span class='ocrx_word' id='word_1_762' title='bbox 3341 5195 3759 5282; x_wconf 84' lang='grc' dir='ltr'>προσκόπτοντα</span> 
     </span>
    </p>
   </div>
   <div class='ocr_carea' id='block_1_111' title="bbox 2100 5285 3761 5374">
    <p class='ocr_par' dir='ltr' id='par_1_111' title="bbox 2100 5285 3761 5374">
     <span class='ocr_line' id='line_1_114' title="bbox 2100 5285 3761 5374; baseline 0.01 -34"><span class='ocrx_word' id='word_1_763' title='bbox 2100 5286 2174 5348; x_wconf 80' lang='grc' dir='ltr'>εἷς</span> <span class='ocrx_word' id='word_1_764' title='bbox 2233 5286 2393 5341; x_wconf 80' lang='grc' dir='ltr'>αὐτὸν</span> <span class='ocrx_word' id='word_1_765' title='bbox 2430 5328 2443 5354; x_wconf 91' lang='grc'>,</span> <span class='ocrx_word' id='word_1_766' title='bbox 2590 5291 2893 5360; x_wconf 87' lang='grc' dir='ltr'>ζημιοῦντα</span> <span class='ocrx_word' id='word_1_767' title='bbox 2943 5290 3213 5368; x_wconf 76' lang='grc' dir='ltr'>ἀνέξεται,</span> <span class='ocrx_word' id='word_1_768' title='bbox 3271 5300 3380 5351; x_wconf 82' lang='grc' dir='ltr'>τῶν</span> <span class='ocrx_word' id='word_1_769' title='bbox 3436 5295 3761 5374; x_wconf 71' lang='grc' dir='ltr'>ἐπαινουμέ-</span> 
     </span>
    </p>
   </div>
   <div class='ocr_carea' id='block_1_112' title="bbox 2097 5372 3752 5463">
    <p class='ocr_par' dir='ltr' id='par_1_112' title="bbox 2097 5372 3752 5463">
     <span class='ocr_line' id='line_1_115' title="bbox 2097 5372 3752 5463; baseline 0.011 -35"><span class='ocrx_word' id='word_1_770' title='bbox 2097 5397 2204 5430; x_wconf 91' lang='grc' dir='ltr'>νων</span> <span class='ocrx_word' id='word_1_771' title='bbox 2268 5374 2427 5430; x_wconf 74' lang='grc' dir='ltr'>ἐστίψ</span> <span class='ocrx_word' id='word_1_772' title='bbox 2491 5374 2537 5428; x_wconf 81' lang='grc' dir='ltr'>εἷ</span> <span class='ocrx_word' id='word_1_773' title='bbox 2596 5372 2655 5463; x_wconf 71' lang='grc' dir='ltr'>δὲ</span> <span class='ocrx_word' id='word_1_774' title='bbox 2710 5380 2976 5454; x_wconf 81' lang='grc' dir='ltr'>χρήσεται</span> <span class='ocrx_word' id='word_1_775' title='bbox 3025 5379 3205 5457; x_wconf 86' lang='grc' dir='ltr'>τούτῳ</span> <span class='ocrx_word' id='word_1_776' title='bbox 3263 5384 3352 5441; x_wconf 79' lang='grc' dir='ltr'>ἐπὶ</span> <span class='ocrx_word' id='word_1_777' title='bbox 3409 5372 3752 5463; x_wconf 84' lang='grc' dir='ltr'>συνδούλοις,</span> 
     </span>
    </p>
   </div>
   <div class='ocr_carea' id='block_1_113' title="bbox 2100 5462 3757 5545">
    <p class='ocr_par' dir='ltr' id='par_1_113' title="bbox 2100 5462 3757 5545">
     <span class='ocr_line' id='line_1_116' title="bbox 2100 5462 3757 5545; baseline 0.01 -25"><span class='ocrx_word' id='word_1_778' title='bbox 2100 5462 2226 5520; x_wconf 76' lang='grc' dir='ltr'>οὐδὲ</span> <span class='ocrx_word' id='word_1_779' title='bbox 2285 5465 2542 5538; x_wconf 68' lang='grc' dir='ltr'>μέμψεως</span> <span class='ocrx_word' id='word_1_780' title='bbox 2598 5462 2700 5535; x_wconf 76' lang='grc' dir='ltr'>ἔξω</span> <span class='ocrx_word' id='word_1_781' title='bbox 2758 5464 2884 5523; x_wconf 76' lang='grc' dir='ltr'>οὐδὲ</span> <span class='ocrx_word' id='word_1_782' title='bbox 2939 5470 3246 5537; x_wconf 60' lang='grc' dir='ltr'>ἀνεύθυνον</span> <span class='ocrx_word' id='word_1_783' title='bbox 3298 5474 3345 5530; x_wconf 79' lang='grc' dir='ltr'>εἰ</span> <span class='ocrx_word' id='word_1_784' title='bbox 3395 5471 3454 5531; x_wconf 75' lang='grc' dir='ltr'>δὲ</span> <span class='ocrx_word' id='word_1_785' title='bbox 3494 5462 3757 5545; x_wconf 77' lang='grc' dir='ltr'>καὶτοὺς</span> 
     </span>
    </p>
   </div>
   <div class='ocr_carea' id='block_1_114' title="bbox 2098 5548 3755 5637">
    <p class='ocr_par' dir='ltr' id='par_1_114' title="bbox 2098 5548 3755 5637">
     <span class='ocr_line' id='line_1_117' title="bbox 2098 5548 3755 5637; baseline 0.009 -28"><span class='ocrx_word' id='word_1_786' title='bbox 2098 5553 2318 5629; x_wconf 84' lang='grc' dir='ltr'>κυρίους</span> <span class='ocrx_word' id='word_1_787' title='bbox 2397 5548 2734 5629; x_wconf 72' lang='grc' dir='ltr'>προσϐλέπει</span> <span class='ocrx_word' id='word_1_788' title='bbox 2806 5562 2904 5613; x_wconf 90' lang='grc' dir='ltr'>τοῦ</span> <span class='ocrx_word' id='word_1_789' title='bbox 2978 5560 3258 5637; x_wconf 85' lang='grc' dir='ltr'>κρίνοντος</span> <span class='ocrx_word' id='word_1_790' title='bbox 3291 5609 3305 5633; x_wconf 88' lang='grc'>,</span> <span class='ocrx_word' id='word_1_791' title='bbox 3364 5563 3704 5623; x_wconf 77' lang='grc' dir='ltr'>ἐπικίνδυνον</span> <span class='ocrx_word' id='word_1_792' title='bbox 3741 5591 3755 5607; x_wconf 76' lang='grc' dir='ltr'><strong><em>ο</em></strong></span> 
     </span>
    </p>
   </div>
   <div class='ocr_carea' id='block_1_115' title="bbox 2100 5642 3760 5723">
    <p class='ocr_par' dir='ltr' id='par_1_115' title="bbox 2100 5642 3760 5723">
     <span class='ocr_line' id='line_1_118' title="bbox 2100 5642 3760 5723; baseline 0.008 -24"><span class='ocrx_word' id='word_1_793' title='bbox 2100 5643 2184 5699; x_wconf 82' lang='grc' dir='ltr'>ὅτι</span> <span class='ocrx_word' id='word_1_794' title='bbox 2238 5642 2379 5717; x_wconf 76' lang='grc' dir='ltr'>μηδέ</span> <span class='ocrx_word' id='word_1_795' title='bbox 2426 5643 2585 5705; x_wconf 82' lang='grc' dir='ltr'>αὐτὸς</span> <span class='ocrx_word' id='word_1_796' title='bbox 2639 5645 2668 5699; x_wconf 88' lang='grc' dir='ltr'>ὁ</span> <span class='ocrx_word' id='word_1_797' title='bbox 2727 5645 3034 5723; x_wconf 81' lang='grc' dir='ltr'>πανάγαθος</span> <span class='ocrx_word' id='word_1_798' title='bbox 3089 5648 3390 5717; x_wconf 86' lang='grc' dir='ltr'>ἀδικεῖσθαί</span> <span class='ocrx_word' id='word_1_799' title='bbox 3440 5675 3563 5713; x_wconf 88' lang='grc' dir='ltr'>τινα</span> <span class='ocrx_word' id='word_1_800' title='bbox 3607 5654 3760 5713; x_wconf 74' lang='grc' dir='ltr'>ἐπαι-</span> 
     </span>
    </p>
   </div>
   <div class='ocr_carea' id='block_1_116' title="bbox 2098 5730 3759 5821">
    <p class='ocr_par' dir='ltr' id='par_1_116' title="bbox 2098 5730 3759 5821">
     <span class='ocr_line' id='line_1_119' title="bbox 2098 5730 3759 5821; baseline 0.01 -34"><span class='ocrx_word' id='word_1_801' title='bbox 2098 5737 2202 5803; x_wconf 88' lang='grc' dir='ltr'>νεῖ,</span> <span class='ocrx_word' id='word_1_802' title='bbox 2233 5731 2321 5821; x_wconf 78' lang='grc' dir='ltr'>καὶ</span> <span class='ocrx_word' id='word_1_803' title='bbox 2352 5731 2398 5787; x_wconf 80' lang='grc' dir='ltr'>εἷ’</span> <span class='ocrx_word' id='word_1_804' title='bbox 2429 5730 2549 5787; x_wconf 82' lang='grc' dir='ltr'>λίαν</span> <span class='ocrx_word' id='word_1_805' title='bbox 2596 5730 2708 5787; x_wconf 79' lang='grc' dir='ltr'>ἐστὶ</span> <span class='ocrx_word' id='word_1_806' title='bbox 2756 5734 3163 5814; x_wconf 84' lang='grc' dir='ltr'>φιλάνθρωπος,</span> <span class='ocrx_word' id='word_1_807' title='bbox 3208 5739 3355 5797; x_wconf 81' lang='grc' dir='ltr'>ἀλλὰ</span> <span class='ocrx_word' id='word_1_808' title='bbox 3398 5743 3616 5821; x_wconf 78' lang='grc' dir='ltr'>κίρνησι</span> <span class='ocrx_word' id='word_1_809' title='bbox 3663 5746 3759 5805; x_wconf 81' lang='grc' dir='ltr'>τὸν</span> 
     </span>
    </p>
   </div>
   <div class='ocr_carea' id='block_1_117' title="bbox 2099 5820 3754 5903">
    <p class='ocr_par' dir='ltr' id='par_1_117' title="bbox 2099 5820 3754 5903">
     <span class='ocr_line' id='line_1_120' title="bbox 2099 5820 3754 5903; baseline 0.011 -26"><span class='ocrx_word' id='word_1_810' title='bbox 2099 5820 2323 5899; x_wconf 89' lang='grc' dir='ltr'>τρυγίαν</span> <span class='ocrx_word' id='word_1_811' title='bbox 2356 5821 2539 5885; x_wconf 82' lang='grc' dir='ltr'>αὐτοῖς</span> <span class='ocrx_word' id='word_1_812' title='bbox 2575 5826 2672 5877; x_wconf 86' lang='grc' dir='ltr'>τοῦ</span> <span class='ocrx_word' id='word_1_813' title='bbox 2719 5824 2916 5897; x_wconf 85' lang='grc' dir='ltr'>θυμοῦ,</span> <span class='ocrx_word' id='word_1_814' title='bbox 2970 5826 3215 5903; x_wconf 81' lang='grc' dir='ltr'>ὀκνηρῶς</span> <span class='ocrx_word' id='word_1_815' title='bbox 3260 5835 3365 5889; x_wconf 79' lang='grc' dir='ltr'>τῶν</span> <span class='ocrx_word' id='word_1_816' title='bbox 3421 5829 3754 5895; x_wconf 70' lang='grc' dir='ltr'>δεσποτικῶν</span> 
     </span>
    </p>
   </div>
  </div>
