4132 6474
339 547 456 613 ⁸05
1826 554 2262 622 EPISTOLIE.
3635 553 3760 618 808

337 681 713 760 ποιουμένοις,
747 683 976 760 ἐξέτασιν
1011 684 1156 754 ἔνθεν
1196 689 1274 753 ὡς
1321 688 1378 746 ἃν
1427 690 1516 746 καὶ
1566 688 1850 768 φροντίδος
1894 690 1981 747 καὶ

2097 692 2385 766 gligenter
2404 697 2607 768 agunt,
2635 691 2840 766 culpas
2867 694 2927 748 et
2955 689 3338 764 cogitationes
3378 687 3752 746 redimendae

339 772 604 852 ἁμαρτίας
651 775 1100 854 ἐκλυτρωθῶμεν.
1151 783 1266 835 Τῶν
1317 782 1419 856 γὰρ
1483 780 1602 837 λίαν
1669 780 1873 857 βαρέων
1922 783 1981 836 τὰ

2101 789 2287 840 curat.
2320 783 2500 839 Valde
2542 783 2746 840 dolens
2770 782 2972 839 audita
3001 780 3221 836 montis
3250 779 3439 834 instar
3467 778 3754 835 sustinui:

338 863 671 920 ἀκουσθέντα
726 868 861 941 ἅπερ
916 869 1007 923 καὶ
1079 871 1272 945 πρώην
1351 871 1603 950 ἀνέφερον
1683 876 1830 941 ζητῶ
1899 870 1981 926 καῖ

2102 877 2159 929 et
2189 890 2341 928 nunc
2373 873 2544 946 cupio
2566 878 2632 929 ut
2653 890 2724 928 ex
2743 873 2975 928 duobus
3007 870 3256 926 alterum
3289 885 3455 925 cures
3489 886 3504 924 :
3533 867 3621 924 vel
3655 884 3759 940 per

343 957 503 1008 τανῦν
559 957 864 1031 τηρηθῆναι
919 962 1026 1013 τῶν
1089 956 1182 1013 δύο
1240 955 1316 1013 ἓν·
1370 960 1406 1029 ἢ
1458 962 1762 1037 τηρηθῆναι
1848 962 1981 1037 παρᾶ

2104 962 2366 1017 divinum
2427 963 2739 1034 imperium
2797 966 2967 1017 tuum
3020 959 3143 1014 haec
3201 959 3338 1026 duo,
3388 961 3447 1013 et
3507 973 3669 1012 reum
3702 963 3762 1014 et

337 1048 437 1112 τῆς
469 1041 528 1098 ἐκ
561 1047 696 1098 Θεοῦ
729 1043 1006 1118 βασιλείας
1037 1068 1131 1102 σου
1176 1053 1284 1103 τῶν
1336 1049 1658 1128 ἀμφοτέρων
1711 1054 1808 1104 τοῦ
1865 1071 1992 1106 κατ-

341 1131 550 1207 ηγόρου
613 1131 704 1186 καὶ
777 1135 895 1190 καθ’
949 1136 1012 1190 οὗ
1063 1138 1098 1206 ἡ
1158 1137 1477 1214 κατηγορία,
1536 1139 1572 1207 ἢ
1634 1138 1991 1212 ἐμπιστεύσα-

2105 1051 2536 1107 accusationem
2570 1052 2642 1107 de
2671 1068 2738 1106 eo
2769 1051 2972 1106 audire
3003 1048 3219 1121 eligas;
3244 1047 3331 1104 vel
3363 1046 3532 1104 nobis
3562 1062 3759 1103 coram

2104 1141 2305 1213 paucis
2337 1141 2693 1214 quibusdam
2727 1141 2849 1195 haec
2881 1141 2996 1195 duo
3029 1138 3326 1211 quaerendi
3357 1151 3558 1193 curam
3591 1151 3753 1192 com-

345 1221 464 1276 σθαι
507 1226 666 1277 τοῦτο
712 1225 848 1296 ἡμῖν
887 1223 1092 1299 ὀλίγων
1141 1231 1300 1282 τινῶν
1351 1228 1623 1304 παρουσίᾳ
1666 1233 1981 1284 κατακοῦσαι

2103 1230 2336 1299 mittas;
2371 1229 2537 1285 aliter
2564 1230 2888 1286 versaberis
2919 1229 2977 1284 in
3005 1227 3244 1284 incertis
3276 1225 3440 1282 etilli
3485 1229 3544 1282 et
3577 1224 3750 1281 nobis

345 1313 452 1364 τῶν
509 1309 848 1389 ἀμφοτέρων·
883 1314 1268 1391 Ἀναχωρὴσαι
1321 1317 1421 1393 γὰρ
1478 1315 1666 1380 ἄλλως
1705 1317 1756 1372 ἐν
1791 1322 1858 1392 τῇ
1901 1317 1994 1374 λα-

343 1401 517 1476 χούσῃ
545 1400 778 1475 κάκείνῳ
809 1401 1123 1482 ἀσύμφορον
1151 1405 1242 1460 καὶ
1263 1407 1417 1479 ἡμῖν.

341 1558 576 1650 Γράμμα
630 1559 823 1650 σταλὲν
875 1567 984 1618 τῶν
1010 1563 1122 1650 ,ἐπὶ
1193 1569 1302 1650 υἱῶν
1380 1563 1616 1650 δεήσεων
1702 1566 1820 1644 πιρὶ
1895 1567 1992 1629 τὰς

411 1634 644 1720 Ψήφους
699 1634 761 1725 ἃς
799 1637 1148 1726 κπεποιήκασι
1209 1634 1299 1691 διὰ
1373 1634 1471 1692 τὸν
1534 1634 1779 1708 Κυζίκου’
1843 1637 1994 1702 ὅπως

411 1725 482 1759 πο
493 1725 660 1759 ιουσιν
693 1725 852 1761 αυτον
884 1726 1022 1782 πατρ
1032 1727 1230 1784 ιαρχην
1242 1751 1254 1764 .

410 1848 468 1901 '0
517 1852 765 1924 συνεχῶς
813 1847 1176 1923 στελλόμενος
1222 1852 1359 1927 πρὸς
1407 1855 1566 1925 ἡμῶν
1622 1852 1697 1916 εἰς
1755 1853 1993 1928 προσκύ-

2104 1319 2315 1376 noxiis.

2105 1571 2347 1655 Epistola
2376 1571 2446 1625 ad
2473 1570 2807 1655 magistram
2827 1568 3164 1655 'libellorum
3209 1566 3530 1655 supplicum
3558 1563 3630 1648 ae
3654 1564 3762 1619 ele-

2173 1645 2365 1770 cctz'orte
2405 1659 2513 1714 qua
2567 1640 2891 1714 patriarcha
2964 1647 3181 1695 creatus
3237 1639 3422 1708 fuerat
3480 1639 3764 1708 episcopus

2218 1731 2383 1787 yzzcz.

2174 1857 2278 1912 Vir
2334 1874 2368 1912 a
2419 1855 2588 1913 nobis
2645 1858 2926 1928 perpetuo
2957 1854 3017 1908 in
3046 1849 3438 1908 venerationis
3492 1848 3756 1905 ofﬁcium

339 1953 518 2010 νησιν,
551 1935 801 2013 ἄνθρωπε
848 1943 946 1994 τοῦ
1002 1944 1136 1996 Θεοῦ
1184 1944 1283 1996 τοῦ
1337 1941 1624 2015 κρατίστου
1680 1942 1771 1996 καὶ
1839 1943 1981 2019 άγίοι

2105 1945 2348 2013 missus,
2407 1962 2440 2000 ο
2475 1944 2652 2000 homo
2713 1944 2807 1998 Dei
2841 1940 3261 2013 omnipotentis
3295 1955 3362 1995 ac
3420 1937 3606 1994 sancti
3635 1936 3753 1992 mei

344 2046 447 2098 μου
508 2025 1041 2126 αὗτρκράτορος,.ως
1094 2027 1211 2092 ἔθος
1269 2027 1440 2085 ἐλθὼν
1495 2031 1601 2105 πρὸ
1656 2036 1850 2106 καιροῦ
1901 2032 1981 2087 καῖ

2105 2034 2500 2108 imperatoris,
2545 2050 2613 2088 ex
2655 2047 2816 2088 more
2871 2032 2942 2086 ad
2986 2037 3221 2102 tempus
3264 2042 3634 2100 progressus,
3663 2041 3758 2080 ac-

339 2117 746 2190 προσκυνήσας,
799 2116 888 2171 καὶ
939 2114 1170 2188 ἐξελθὼν
1219 2119 1453 2192 ἀνέμαθε
1498 2120 1634 2195 πρὸς
1686 2125 1852 2175 τινῶν
1905 2125 1981 2193 ζη·

2104 2128 2281 2197 taque
2330 2123 2720 2190 veneratione,
2755 2136 3030 2193 egressus
3060 2135 3095 2174 a
3143 2116 3500 2190 quibusdam
3534 2113 3761 2170 audivit

342 2203 503 2272 τῆσαί
551 2225 609 2260 σε
643 2205 737 2260 τὸν
771 2205 924 2280 ἅγιόν
962 2227 1066 2278 μου
1095 2207 1465 2284 αὐτοκράτορα
1521 2215 1838 2286 φωνηθῆναι
1897 2215 1981 2264 τοῐ

2103 2217 2160 2269 te
2190 2217 2462 2269 sanctum
2507 2227 2704 2267 meum
2738 2210 3157 2282 imperatorem
3217 2205 3378 2261 adire
3434 2203 3756 2274 curavisse,

345 2292 674 2369 ὑποστρέψαι
726 2292 820 2349 τὸν
874 2293 1130 2374 ἀδελφὸν,
1160 2293 1335 2352 ἕνεκεν
1393 2302 1490 2352 τοῦ
1550 2296 1818 2373 ἐρωτῆσαι
1873 2304 1981 2356 πῶς

2105 2309 2171 2358 ut
2218 2303 2457 2357 fratrem
2508 2299 2776 2368 moreris,
2829 2299 2900 2354 ad
2951 2295 3313 2353 audiendum
3366 2293 3607 2349 modum
3637 2308 3755 2364 quo

341 2382 407 2436 τὰ
462 2383 586 2455 περὶ
642 2387 752 2438 τῶν
813 2385 1009 2463 ψήφων
1069 2384 1236 2464 ἐφάνη
1278 2389 1438 2459 ἡμῖν,
1469 2387 1558 2442 καὶ
1591 2387 1637 2442 εὶ
1670 2385 1990 2464 ἀπεδείχθη,

338 2470 427 2525 καὶ
468 2470 536 2556 τί
596 2470 943 2547 ἐλαλήσαμεν
993 2474 1115 2550 περὶ
1158 2474 1374 2531 τούτου·
1406 2477 1497 2530 καὶ
1541 2476 1605 2531 τὸ
1651 2477 1744 2550 μὲν
1777 2480 1993 2556 ψήφους

335 2555 610 2636 προϐῆναι
649 2561 686 2630 ἢ
740 2562 816 2635 μη
866 2558 1160 2639 προϐῆναι,
1200 2566 1365 2637 ἡμεῖς
1411 2562 1517 2627 ἓως
1564 2570 1652 2620 νῦν
1709 2565 1796 2620 ἐπὶ
1856 2555 1993 2644 μάρ-

333 2667 459 2725 τυρι
494 2655 575 2723 τῷ
635 2655 754 2723 Θεῷ
810 2649 933 2707 οὔτε
987 2653 1320 2727 ἠκούσαμεν,
1355 2651 1480 2710 οὕτε
1536 2655 1705 2709 εἰπεῖν
1762 2676 1995 2734 πεφρον-

336 2737 592 2811 τίκαμεν.
626 2738 686 2794 Τί
741 2739 922 2796 τοίνυν
972 2740 1019 2796 εί
1067 2741 1157 2797 καὶ
1210 2742 1305 2797 τὸν
1334 2749 1436 2811 τῆς
1493 2741 1838 2818 ἀντιλήψεώς
1897 2765 1992 2800 σου

340 2829 420 2902 μὴ
484 2825 642 2900 ίίσμσν
703 2829 926 2901 σκοπὸν,
957 2830 1104 2892 τίνος
1158 2830 1320 2907 χάριν
1383 2830 1545 2907 ὀρέγῃ
1605 2834 1816 2906 μαθεῖν,
1863 2833 1992 2896 τοὺς

334 2919 475 2991 ἡμῖν
525 2918 594 2972 τὰ
652 2919 778 2993 περὶ
820 2922 928 2973 τῶν
970 2921 1166 2998 ψήφων
1235 2918 1384 2975 δοκεῖ
1435 2919 1486 2975 ἐν
1537 2918 1756 2997 καρδίᾳ,
1806 2921 1893 2977 καὶ
1939 2923 1992 2977 τί

331 3007 425 3062 καὶ
460 3004 821 3081 λαλήσομεν;
857 3005 1037 3065 Ἀλλά
1064 3029 1128 3085 γε
1170 3010 1245 3072 ὡς
1300 3010 1424 3086 περὶ
1482 3014 1578 3064 σοῦ
1636 3009 1990 3086 λογιζόμενοι

331 3093 513 3168 πάντη
567 3093 710 3150 καλά
769 3100 887 3160 θεῖα
935 3096 1078 3171 ὁμοῦ
1145 3098 1237 3152 καὶ
1293 3097 1622 3173 ἀνθρώπινα,
1681 3099 1772 3154 καὶ
1826 3105 1988 3156 τοῦτο

328 3189 444 3241 τῶν
491 3207 544 3240 τι
586 3184 942 3241 συνοισόντων
989 3186 1187 3264 εύρεῖν,
1217 3187 1340 3263 έρᾷν
1387 3192 1486 3242 τοῦ
1538 3187 1616 3251 εἷς
1659 3194 1859 3264 γνῶσιν
1902 3189 1990 3246 ἐλ-

330 3279 445 3339 θεῖν
504 3273 850 3349 κεκρίκαμεψ
909 3273 1000 3330 καὶ
1061 3274 1274 3348 μᾶλλον
1350 3278 1795 3353 παρορμηθέντες
1850 3279 1988 3355 πρὸς

325 3368 439 3419 τῶν
521 3361 727 3438 λογίων
801 3367 900 3419 τοῦ
966 3364 1200 3440 Πατρὸς,
1261 3364 1516 3439 ἑτοίμους
1593 3366 1727 3422 εἶναι
1783 3365 1986 3423 διδόναι

2105 2391 2275 2447 nobis
2306 2407 2433 2462 quae
2465 2390 2536 2445 ad
2581 2387 2862 2461 suffragia
2909 2389 3180 2458 spectant
3220 2382 3620 2456 apparuerint,
3677 2398 3753 2436 an

2102 2480 2278 2536 etiam
2324 2477 2707 2547 innotuerint,
2765 2493 2832 2532 ac
2889 2475 3030 2548 quid
3061 2475 3132 2530 de
3159 2473 3269 2529 hoc
3307 2471 3650 2528 dixerimus.
3685 2471 3759 2527 Et

2103 2569 2386 2642 suffragia
2415 2567 2653 2640 quidem
2686 2549 3044 2638 processisse
3089 2563 3174 2618 vel
3226 2579 3342 2617 non
3375 2559 3756 2634 processisse,

2104 2675 2210 2715 nos
2240 2673 2428 2729 usque
2479 2656 2690 2721 adhuc,
2730 2658 2881 2710 teste
2913 2658 3046 2722 Deo,
3096 2651 3341 2706 minime
3397 2648 3754 2716 audivimus,

2102 2763 2208 2804 nec
2239 2746 2460 2819 aliquid
2491 2746 2684 2801 dicere
2713 2744 3089 2808 curavimus;
3137 2757 3272 2796 cum
3306 2744 3506 2795 autem
3538 2737 3755 2794 mentis

2100 2841 2216 2892 tum
2272 2851 2516 2907 scopum
2573 2849 2688 2889 non
2758 2831 3135 2897 noverimus,
3214 2828 3511 2885 nescimus
3582 2827 3753 2896 cujus

2101 2925 2291 2998 gratia
2320 2924 2522 2981 audire
2551 2921 2777 2995 cupias,
2800 2920 3078 2992 quoniam
3113 2919 3286 2974 modo
3317 2917 3486 2974 nobis
3515 2931 3644 2987 qum
3674 2915 3749 2970 ad

2102 3014 2386 3087 suﬂ‘ragia
2415 3016 2684 3085 spectant
2710 3011 2771 3066 in
2804 3009 2976 3066 corde
3033 3009 3364 3074 videantur,
3416 3005 3539 3062 sive
3569 3004 3746 3061 etiam

2101 3120 2228 3176 quae
2302 3101 2642 3158 dixerimus.
2696 3101 2991 3170 Attamen,
3048 3101 3246 3169 utpote
3304 3096 3374 3151 de
3421 3098 3480 3150 te
3535 3097 3750 3150 cuncta

2099 3193 2349 3249 honesta
2377 3190 2495 3248 sive
2526 3190 2724 3246 divina
2753 3190 2875 3245 sive
2904 3189 3168 3243 humana
3219 3183 3557 3255 sentientes,
3601 3182 3748 3239 illud

2098 3282 2274 3338 etiam
2315 3297 2385 3337 ex
2442 3279 2690 3335 utilibus
2747 3277 2964 3349 aliquid
3013 3275 3285 3342 inveniri,
3336 3274 3493 3346 quod
3545 3272 3630 3329 sic
3678 3272 3753 3328 ad

2098 3371 2459 3446 agnitionem
2509 3369 2704 3425 venire
2753 3368 2979 3440 cupias,
3039 3363 3514 3436 dijudicavimus.
3545 3363 3615 3418 Et
3641 3361 3756 3417 ali-

325 3453 482 3525 ἠμᾶς
531 3431 894 3522 θεσπιζόντων
951 3431 1094 3527 (sic).
1129 3431 1296 3529 λόγον
1349 3431 1588 3510 α’ἷτοῦντι
1645 3456 1809 3510 παντὶ
1860 3457 1981 3532 περί

2098 3431 2254 3518 unde
2311 3459 2496 3532 patris
2553 3431 2860 3531 preceptis
2912 3431 3126 3512 moniti
3185 3457 3420 3526 paratos
3477 3467 3606 3508 esse
3643 3467 3754 3507 nos

323 3547 427 3610 τῆς
472 3537 696 3604 ἐλπίδος
746 3547 850 3611 τῆς
905 3539 957 3595 ἐν
1014 3544 1172 3615 ἡμῖν·
1205 3542 1328 3619 περὶ
1359 3546 1428 3613 ἧς
1473 3545 1610 3607 ἅπας
1672 3543 1838 3620 λόγος
1892 3546 1982 3601 καὶ

326 3630 469 3686 ἅπαν
531 3632 852 3706 μυστήριον,
881 3629 938 3686 ἓν
996 3631 1085 3686 καὶ
1142 3636 1304 3686 τοῦτο
1360 3632 1451 3687 καὶ
1479 3637 1588 3688 τῶν
1640 3634 1982 3710 τιμιωτέρων

322 3719 389 3774 τὰ
413 3722 529 3774 τῶν
573 3721 772 3798 ψήφων
824 3720 971 3799 φημὶ
1022 3719 1392 3797 λογιζόμενοι.
1424 3727 1534 3792 Τῆς
1587 3723 1724 3794 πρὸς
1783 3724 1979 3788 αὐτοὺς

321 3815 704 3882 πνευματικῆς
782 3805 988 3885 δωρεᾶς
1072 3809 1163 3863 καὶ
1247 3809 1550 3888 εὐεργεσίας
1605 3812 1695 3868 καὶ
1755 3811 1980 3877 ἐλπίδος

320 3897 408 3953 καὶ
443 3896 678 3974 χάριτος
711 3898 787 3960 ὡς
831 3896 1137 3975 ὀρεγόμεθα
1182 3898 1272 3954 καὶ
1320 3905 1623 3978 φρονοῦμεν
1673 3902 1762 3956 καὶ
1815 3902 1979 3980 εὐχό-

324 3987 464 4059 μεθα
519 3985 644 4062 περὶ
699 3985 916 4058 τούτου,
945 3986 1035 4041 καὶ
1085 3984 1321 4062 λέγομεν
1382 3985 1663 4065 ἀριδήλως
1713 3990 1975 4067 γνωρίσαι

317 4091 402 4131 σοι
431 4073 503 4129 τὸ
534 4073 718 4153 ἐφετὸν
773 4075 865 4130 καὶ
921 4077 1058 4148 ἡμῖν
1121 4073 1384 4151 λογισθὲν,
1416 4077 1491 4140 ὡς
1532 4076 1648 4133 ἐνὸν
1687 4076 1978 4143 ἰδιωτικῶς

318 4162 684 4241 ἐχαράξαμεν.
743 4163 842 4218 Καὶ
900 4163 949 4218 εἲ
1019 4169 1440 4241 προτραπῶμεν,
1498 4165 1588 4220 καὶ
1661 4167 1973 4242 πέμψομεν,

315 4251 449 4327 ἃτῇ
485 4251 678 4327 ἐνούσῃ
725 4273 810 4307 σοι
871 4252 1124 4325 ἀξιοῦμεν
1172 4251 1451 4310 παιδεύσει
1505 4275 1565 4309 τε
1618 4256 1708 4310 καὶ
1769 4259 1976 4313 συνέσει

316 4337 683 4413 διεξελθόντα,
742 4342 789 4396 εἰ
853 4342 946 4415 μὲν
1005 4346 1343 4398 συναντῶσαν
1401 4348 1480 4416 τῷ
1540 4343 1813 4422 μεγαλείῳ
1867 4351 1976 4402 τῶν

314 4432 544 4510 ψήφων,
589 4432 692 4500 τὴν
739 4430 996 4508 ὑμετέραν
1045 4432 1296 4508 εὑρήσεις
1362 4433 1655 4488 συναίνεσιν
1717 4436 1806 4490 καὶ
1856 4433 1972 4490 διά-

314 4520 456 4575 θέσιν
517 4521 610 4575 καὶ
680 4518 970 4598 διάκρισιν,
1031 4518 1305 4592 δηλώσεις
1391 4522 1751 4602 ἀπεριφάνως⁶
1812 4525 1857 4579 εἰ
1917 4523 1975 4580 δὲ

314 4608 510 4687 πόρῤω
566 4613 663 4665 τοῦ
719 4609 1038 4687 πρέποντος,
1072 4610 1136 4665 οὐ
1190 4612 1292 4688 γὰρ
1345 4611 1560 4667 πάντων
1600 4615 1635 4683 ἡ
1666 4619 1888 4690 γνῶσις,
1919 4613 1970 4670 ἐν

315 4696 503 4774 ἀγάπῃ
551 4703 714 4754 τοῦτο
771 4700 907 4773 ἡμῖν
980 4704 1258 4774 γνωριεῖς,
1317 4699 1598 4765 κάντεῦθεν
1673 4705 1808 4776 ἡμῖν
1881 4705 1970 4758 καὶ

2094 3549 2338 3605 reddere
2387 3547 2737 3619 jubentibus
2795 3545 3129 3616 euicunque
3185 3544 3405 3614 petenti
3457 3539 3744 3596 rationem

2093 3639 2165 3694 de
2196 3654 2299 3709 spe
2328 3654 2456 3709 quae
2486 3641 2578 3692 est
2632 3635 2692 3690 in
2723 3635 2894 3690 nobis
2927 3651 2940 3689 :
2993 3635 3065 3690 de
3094 3649 3213 3705 qua
3246 3631 3439 3688 omnis
3469 3645 3662 3686 sermo
3690 3631 3751 3684 et

2091 3743 2264 3784 omne
2295 3725 2663 3800 mysterium,
2694 3728 2753 3779 et
2778 3722 2838 3778 in
2869 3739 3052 3779 unum
3084 3723 3142 3776 in
3189 3719 3399 3793 primis
3430 3719 3744 3775 observan-

2089 3816 2232 3872 dum
2265 3815 2392 3870 dico
2421 3815 2482 3870 in
2513 3814 2608 3870 his
2639 3830 2766 3885 quas
2797 3813 2869 3868 ad
2903 3810 3182 3882 suffragia
3209 3811 3494 3882 spectant,
3538 3807 3610 3862 de
3640 3805 3735 3863 his

2089 3903 2394 3978 spirituale
2422 3903 2642 3960 donum
2665 3906 2724 3958 et
2752 3900 3214 3958 benevolentiam
3245 3904 3305 3955 et
3333 3913 3498 3970 spem
3521 3899 3579 3952 et
3606 3911 3736 3969 gra-

2087 3995 2230 4051 tiam
2264 4012 2297 4049 a
2326 3993 2495 4049 nobis
2527 3991 2810 4064 excptari,
2859 3995 2918 4046 et
2946 3990 3240 4047 sentimus
3265 3991 3322 4043 et
3364 3986 3734 4059 jactitamus,

2088 4082 2401 4155 palamque
2430 4081 2684 4136 dicimus
2734 4094 2842 4133 nos
2873 4076 3182 4149 agnovisse
3211 4092 3248 4130 a
3290 4079 3349 4129 te
3388 4072 3731 4128 mandatum

2085 4177 2144 4229 et
2185 4189 2220 4226 a
2275 4171 2444 4226 nobis
2504 4167 2918 4241 excogitatum,
2979 4169 3266 4237 quantum
3298 4162 3435 4218 licet
3463 4158 3734 4230 privatim

2085 4257 2685 4334 inscripsimus.0uod
2719 4256 2766 4312 si
2789 4255 2981 4327 jussis
3010 4250 3604 4325 obtemperaverimus
3643 4265 3737 4304 ea—

2085 4367 2198 4423 que
2257 4349 2593 4404 miserimus
2633 4362 2760 4418 quae
2808 4343 3056 4400 scientia
3106 4358 3173 4398 ac
3233 4339 3558 4414 prudentiae
3616 4341 3730 4393 tua

2083 4439 2263 4512 digna
2293 4441 2657 4509 reputemus,
2691 4436 2740 4490 si
2775 4434 3013 4505 quidem
3051 4429 3468 4502 suffragiorum
3499 4425 3729 4498 magni-

2081 4529 2271 4584 tudini
2307 4526 2843 4592 accommodentur,
2861 4527 3028 4578 tuum
3060 4518 3366 4592 adaperies
3397 4531 3729 4586 assensum,

2083 4616 2514 4688 consiliumque
2570 4631 2636 4670 ac
2692 4618 2948 4669 mentem
3005 4609 3199 4683 palam
3255 4607 3574 4672 ostendes;
3634 4603 3727 4659 sin

2081 4712 2280 4762 autem
2313 4710 2473 4760 extra
2531 4719 2878 4776 congruum,
2930 4717 3046 4756 non
3097 4697 3270 4755 nobis
3299 4695 3456 4752 enim
3489 4696 3726 4750 cuncto-

313 4786 718 4878 συντηρηθείης
745 4788 888 4878 πρὸς
929 4789 1028 4878 τοῦ
1085 4792 1218 4843 Θεοῦ
1273 4794 1375 4858 τῆς
1429 4789 1668 4866 ἀγάπης,
1698 4792 1861 4867 ὑγιής
1909 4813 1970 4848 τε

2096 4813 2209 4851 -υω
2250 4794 2514 4860 scientia,
2542 4793 2689 4848 illud
2719 4793 2778 4848 in
2811 4791 3098 4847 charitate
3145 4787 3314 4844 nobis
3367 4784 3614 4857 aperies,
3667 4787 3730 4837 et

313 4876 403 4930 καὶ
430 4871 835 4952 πολύχρόνιος,
869 4877 898 4930 ὁ
930 4871 1214 4950 δεξάμενος
1270 4878 1360 4933 καὶ
1415 4879 1693 4956 ἀναγνοὺς,
1726 4881 1962 4952 ἱππότην

2096 4886 2231 4940 inde
2261 4884 2569 4940 nobiscum
2600 4897 2841 4937 maneas
2881 4897 2950 4935 ex
2981 4879 3080 4935 Dei
3113 4876 3398 4933 charitate
3437 4872 3638 4930 salvus
3667 4875 3726 4928 et

315 4962 601 5041 ἐκπέμψας
663 4966 800 5038 μετὰ
851 4963 1118 5041 σπουδῆς,
1178 4962 1446 5037 λαμϐάνει
1503 4969 1594 5023 καὶ
1649 4970 1772 5025 ὅσον
1829 4973 1967 5044 ἡμῖν

314 5052 482 5134 ἐφάνη
513 5055 656 5131 πρὸς
683 5055 780 5118 τὰς
811 5056 1028 5134 ψήφους
1057 5054 1322 5132 ἁρμόδιον
1353 5054 1482 5134 ἔχον
1512 5057 1708 5121 οὕτως.

382 5231 532 5290 Ἔδει
589 5238 708 5296 τοῖς
760 5233 864 5303 τὴν
925 5232 1159 5312 ἐκλογὴν
1218 5235 1574 5309 ποιουμένοις
1617 5242 1832 5299 πιστοῖς
1890 5240 1967 5312 (1)

310 5325 430 5392 τοῦ,
486 5322 546 5377 ὃν
607 5321 685 5386 εἷς
742 5322 913 5378 τύπον
959 5319 1117 5399 ἔχειν
1171 5329 1433 5402 Χριστοῦ,
1489 5324 1552 5380 οὗ
1606 5314 1967 5397 κατηξίωνται

318 5409 484 5481 μόνου
513 5411 606 5468 καὶ
636 5413 860 5490 πρώτου
899 5412 1204 5491 ἀρχιερέως
1255 5413 1344 5469 καὶ
1389 5413 1651 5488 θύματος,
1689 5417 1763 5489 μὴ
1799 5406 1965 5479 ’ὅλως

316 5495 484 5575 ὀρέξει
539 5501 633 5557 καὶ
707 5499 973 5578 διακρίσει
1041 5502 1353 5579 ἀνθρωπίνῃ
1435 5502 1756 5580 ἐπιχειρεῖν,
1811 5502 1966 5578 νέμε-

315 5605 392 5642 σιν
419 5589 497 5652 ὡς
537 5587 749 5654 εἰδότας
795 5593 894 5661 τῆν
934 5592 1067 5647 ἅνω·
1105 5614 1132 5642 ‹‹
1161 5587 1537 5647 Ἐϐασίλευσαν
1587 5593 1692 5669 γὰρ
1741 5594 1962 5656 ἑαυτοῖς

312 5677 401 5732 καὶ
449 5679 514 5734 ού
573 5677 642 5735 δι’
695 5679 860 5755 ἐμοῦ,
903 5680 1071 5756 ἧρξαν
1124 5681 1216 5736 καὶ
1273 5680 1373 5736 οὐκ
1423 5681 1721 5757 ἐγνώρισάν
1784 5702 1898 5756 μοι’
1933 5709 1960 5736 ››

382 5860 462 5933 (1)
490 5860 730 5919 Vitium.

2078 4973 2398 5047 longaevus,
2430 4973 2534 5043 qui
2589 4987 2650 5027 re
2678 4973 2915 5042 accepta
2969 4970 3246 5038 notaque,
3277 4962 3540 5020 studiose
3568 4959 3731 5033 equi-

2079 5068 2196 5118 tem
2229 5061 2444 5118 misisti
2475 5066 2542 5116 ut
2571 5059 2859 5133 quidquid
2883 5055 3052 5113 nobis
3076 5057 3271 5111 visum
3301 5057 3393 5110 est
3420 5052 3493 5107 de
3525 5049 3732 5108 suifra-

2079 5152 2194 5226 giis
2225 5167 2352 5208 sese
2383 5152 2774 5222 congruenter
2801 5146 3015 5202 habere
3044 5142 3347 5214 suscipiat.

2148 5239 2465 5313 Oportebat
2493 5238 2633 5293 viris
2665 5234 3006 5292 electionem
3056 5231 3371 5306 agentibus
3419 5227 3729 5301 discipulis

2077 5331 2228 5401 ejus,
2261 5345 2438 5402 quem
2468 5325 2764 5399 exemplar
2812 5323 3126 5388 habebant,
3156 5319 3392 5386 Christi,
3425 5334 3600 5391 quem
3627 5334 3726 5374 so-

2076 5419 2201 5474 lum
2230 5424 2290 5475 et
2321 5418 2580 5486 primum
2615 5414 2950 5490 pontiﬁcem
2982 5417 3040 5468 et
3068 5411 3324 5468 hostiam
3361 5408 3539 5480 digne
3567 5407 3725 5462 arbi-

2073 5512 2324 5576 trantur,
2382 5507 2500 5563 ullo
2561 5505 2802 5563 omnino
2844 5505 3016 5558 modo
3047 5499 3312 5557 consillis
3365 5497 3727 5570 judiciisque

2075 5598 2355 5654 humanis
2411 5596 2605 5664 inniti,
2672 5599 2872 5667 utpote
2926 5608 3195 5664 supernae
3251 5588 3519 5645 vindicta
3569 5586 3725 5642 haud

2074 5687 2246 5743 inscii
2277 5705 2292 5744 :
2325 5684 2720 5757 Sibimetipsis
2751 5686 3162 5756 regnaverunt,
3221 5695 3341 5735 non
3396 5681 3592 5734 autem
3623 5690 3729 5750 per
