4132 6452
361 521 486 586 807

1487 525 1916 588 ATHANASII
1959 525 2078 589 GP.
2123 525 2657 590 PATRIARCH/E

3659 523 3778 587 508

359 677 475 730 me,
505 659 943 735 imperaverunt
987 679 1053 719 ac
1096 663 1242 720 mihi
1290 681 1406 721 non
1437 664 1818 720 innotuerunt
1849 680 1861 718 :
1899 665 1997 720 sed

2118 657 2256 715 ἀλλά
2304 656 2498 735 καρδίᾳ
2559 663 2655 732 μιᾷ
2701 655 2788 713 καὶ
2859 656 3210 737 ὁμοφροσύνῃ
3272 657 3361 712 καὶ
3412 654 3587 730 ἱκεσίᾳ
3637 655 3776 713 εἰλι-

357 752 532 808 corde
563 769 682 806 uno
716 758 774 808 et
804 754 996 810 anime
1034 772 1172 820 una,
1210 773 1376 825 quem
1433 772 1501 810 ex
1531 756 1628 828 pia
1659 756 2013 825 assidueque

358 843 692 914 precatione
772 860 807 898 a
851 843 968 900 Deo
1025 844 1273 900 electum
1325 846 1761 917 judicaverunt,
1823 862 1857 899 a
1909 844 2009 899 Dei

354 930 495 986 viris
530 931 779 987 fidenter
806 933 1012 1004 accipi,
1045 938 1101 989 et
1130 939 1269 990 tunc
1302 936 1619 1007 perfectam
1662 939 1720 989 et
1749 937 1820 989 ab
1853 934 2012 990 omni

355 1020 556 1091 jurgio
587 1020 914 1077 immunem
947 1039 1075 1078 esse
1105 1024 1564 1094 acceptationem
1599 1041 1631 1078 a
1663 1025 1832 1079 nobis
1864 1024 2013 1096 cogi-

365 1109 502 1174 tari,
533 1113 593 1164 et
622 1127 656 1164 a
687 1110 805 1165 Deo
836 1110 1200 1182 electionem,
1235 1113 1347 1184 ipsi
1382 1114 1486 1167 soli
1521 1113 1775 1185 duplicis
1803 1113 2012 1169 salutis

367 1214 504 1270 spes
535 1198 712 1253 etiam
749 1200 1179 1256 committentes
1211 1207 1267 1256 et
1298 1219 1410 1256 non
1445 1203 1830 1268 fluctuantes;
1865 1202 2010 1256 illud

363 1301 496 1340 vero
529 1302 725 1341 revera
749 1287 879 1342 fidei
911 1288 1047 1343 finis
1077 1290 1516 1360 prudentiaeque
1538 1306 1602 1345 ac
1635 1290 2009 1346 humilitatis.

366 1372 440 1428 Ut
469 1375 626 1430 enim
658 1392 692 1429 a
719 1376 879 1430 verbi
910 1379 1300 1448 praeconibus,
1344 1383 1543 1451 utpote
1570 1380 1862 1447 novimus,
1890 1386 2009 1435 sta-

359 1466 556 1518 tutum
591 1471 701 1529 est,
739 1482 931 1522 nonne
979 1465 1120 1521 illud
1153 1467 1452 1523 lucramur
1507 1474 1668 1535 tunc,
1726 1487 1831 1524 nos
1864 1469 2009 1525 elec-

365 1551 513 1606 tioni
547 1570 581 1606 a
607 1557 720 1607 Deo
753 1553 938 1620 factm,
975 1555 1046 1609 ab
1077 1555 1355 1612 humanis
1387 1558 1711 1613 immunem
1744 1575 2012 1613 vacuam-

369 1656 481 1711 que
512 1640 962 1712 cogitalionibus
992 1651 1049 1698 et
1085 1645 1345 1700 consiliis
1376 1663 1490 1701 non
1525 1648 2009 1713 contradicentes,

366 1730 686 1801 prudenter
764 1731 1146 1803 fugientibus,
1204 1735 1379 1789 etiam
1438 1735 1512 1791 iis
1550 1737 1762 1806 quibus
1813 1738 2012 1792 divina

362 1822 622 1875 statuere
668 1821 932 1892 contigit,
983 1839 1193 1894 nempe
1258 1824 1618 1880 conscientia
1665 1843 1778 1881 non
1829 1829 2008 1898 carpi,

357 1907 539 1963 falsos
580 1909 758 1964 etiam
816 1910 916 1965 Dei
979 1912 1278 1968 ministros
1327 1913 1446 1969 sive
1491 1914 1842 1987 repellentes
1893 1916 2010 1972 sive

2124 755 2294 824 κρινεῖ
2353 750 2443 804 καὶ
2506 749 2686 822 ἀόκνῳ
2751 751 2842 804 τὸν
2911 748 3200 824 θεοκρίτως
3270 749 3468 813 ἐκεῖθεν
3531 750 3777 825 κριθέντα

2122 834 2518 916 ἀναμφιϐόλως
2564 839 2690 901 τοὺς
2737 843 2834 894 τοῦ
2880 843 3016 894 Θεοῦ
3066 837 3444 916 ὑποδέχεσθαι.
3492 839 3591 894 Καὶ
3654 841 3777 896 τότε

2122 927 2340 996 πολλὴν
2389 929 2478 982 xui
2528 928 2851 1004 ἀσύγκριτον
2903 928 3036 982 εἶναι
3066 928 3306 1001 νομίζειν
3339 931 3474 1002 ἡμῖν
3507 931 3605 998 τὴν
3638 929 3773 984 ἀπο-

2123 1013 2298 1092 δοχὴν
2350 1017 2488 1092 πρὸς
2541 1022 2674 1072 Θεοῦ
2712 1017 2802 1072 καὶ
2853 1016 3166 1090 ἀντίληψιν,
3201 1017 3283 1072 ἐπ’
3313 1017 3460 1090 αὐτῷ
3494 1020 3588 1080 τὰς
3619 1018 3772 1074 ἐλπί-

2123 1103 2217 1167 δας
2273 1106 2363 1160 καὶ
2418 1106 2567 1178 μόνῳ
2613 1107 2708 1167 τὰς
2749 1113 2850 1174 τῆς
2903 1103 3104 1174 διπλῆς
3135 1105 3409 1182 σωτηρίας
3437 1106 3526 1161 καὶ
3556 1106 3772 1162 πιστεύ-

2122 1215 2275 1256 οντας
2328 1196 2417 1248 καὶ
2465 1194 2530 1248 οὐ
2581 1194 2928 1256 σαλεύοντας.
2974 1194 3073 1249 Καὶ
3140 1193 3310 1258 ὄντως
3378 1195 3608 1258 πίστεως
3654 1199 3775 1270 (sic)

2120 1281 2256 1356 πέρα
2286 1283 2376 1336 καὶ
2412 1283 2666 1344 συνέσεως
2712 1284 2780 1336 τὰ
2825 1281 3007 1337 τοιάδε
3054 1283 3142 1336 καὶ
3195 1284 3588 1346 ταπεινώσεως·
3641 1286 3777 1338 καθά

2119 1371 2208 1426 καὶ
2262 1378 2377 1434 τοῖς
2457 1372 2736 1447 ὑπερέταις
2796 1376 2891 1426 τοῦ
2955 1371 3158 1446 Λόγου,
3227 1372 3304 1434 ὡς
3370 1370 3543 1445 ἴσμεν,
3595 1371 3774 1429 διεπέ-

2120 1482 2352 1537 πρακτο,
2425 1462 2498 1524 ὡς
2573 1460 2942 1522 πλουτοῦντας
3026 1466 3103 1532 τῷ
3186 1461 3308 1516 τότε
3371 1461 3776 1538 ἀναντιρῥήτως

2119 1552 2270 1623 ἡμᾶς
2320 1551 2420 1618 τὴν
2469 1549 2701 1626 ἐκλογὴν
2767 1549 3128 1625 θεοπάροχον,
3179 1549 3530 1626 ἀνθρωπίνων
3581 1551 3776 1628 ἐξῃρη-

2125 1639 2292 1711 μένην
2346 1640 2434 1693 καὶ
2506 1640 2657 1710 ξένην
2737 1638 2989 1693 ἐπινοιῶν
3068 1639 3156 1694 καὶ
3236 1639 3482 1714 ὀρέξεων,
3545 1646 3775 1703 συνετῶς

2119 1725 2652 1804 ἀποδιδρασκόντων,
2703 1729 2792 1783 καὶ
2845 1732 2952 1782 τῶν
3003 1728 3071 1781 τά
3127 1733 3242 1791 θεῖα
3287 1727 3570 1805 λαχόντων
3623 1729 3772 1784 οἰκο-

2121 1814 2329 1889 δομεῖν,
2361 1821 2438 1888 τῷ
2489 1818 2563 1890 μὴ
2614 1814 2818 1871 ἁλῶναι
2871 1817 2922 1872 ἐν
2975 1815 3273 1887 συνειδήσει
3323 1818 3412 1872 xui
3452 1824 3585 1873 Θεοῦ
3643 1822 3770 1893 ψευ-

2120 1903 2463 1981 δομάρτυρας
2530 1905 2913 1982 ἀποκρίνοντες
2981 1906 3070 1960 καὶ
3137 1905 3512 1982 ἐγκρίνοντες;
3568 1907 3630 1962 οὗ
3695 1909 3769 1981 μὴ

354 1996 716 2069 accipientes
737 1999 764 2053 ?
795 1999 958 2063 Quod
1015 2000 1172 2054 enim
1205 2002 1542 2058 nescierunt
1569 2004 1691 2075 ipse
1724 2009 1874 2060 Deus
1906 2022 2008 2077 pro

2118 1992 2337 2064 ἤδείσαν
2406 1995 2497 2050 καὶ
2545 1995 2672 2050 Θεὸν
2743 1993 2997 2070 έγκαίνειν
3046 1995 3081 2062 ἢ
3135 1995 3440 2069 ἀποκρίνειν
3507 1997 3644 2072 πρὸς
3710 1998 3773 2052 τὸ

2133 2084 2204 2100 *ιιι
2409 2084 2471 2100 ml
2594 2085 2607 2100 \
2697 2080 2720 2100 ,’
2949 2088 2974 2097 -υ
3072 2090 3108 2100 π’
3193 2083 3203 2100 1
3437 2085 3452 2100 \
3535 2086 3559 2100 εὶ
3655 2085 3667 2100 9
3742 2091 3768 2100 ιι.

355 2084 564 2142 merito
631 2087 846 2159 accipit
897 2087 984 2144 vel
1042 2089 1290 2160 repellit.
1351 2092 1490 2155 Quis
1538 2092 1694 2148 enim
1752 2099 2008 2148 mentem

356 2173 592 2230 Domini
615 2176 777 2232 novit
806 2194 1090 2249 unquam,
1124 2185 1227 2234 aut
1256 2179 1368 2235 fuit
1412 2182 1540 2251 ejus
1592 2181 1962 2238 consiliarius
1987 2183 2014 2236 ‘?

365 2263 550 2335 Opere
591 2266 967 2322 ostendentes
1000 2284 1107 2324 nos
1140 2270 1375 2325 credere
1406 2272 1560 2342 quod
1593 2272 1651 2326 in
1676 2272 1834 2326 omni
1859 2276 2013 2326 terra

352 2354 582 2425 judicia
616 2354 736 2420 Dei,
795 2356 948 2426 quod
1009 2357 1205 2426 etiam,
1242 2375 1353 2414 non
1387 2359 1539 2415 sicut
1567 2360 1784 2415 videbit
1812 2361 2008 2428 homo,

360 2442 442 2498 ita
468 2442 690 2498 videbit
721 2448 893 2500 Deus.
928 2445 1021 2502 Sic
1069 2452 1265 2502 autem
1308 2447 1555 2520 placato,
1599 2454 1664 2504 ut
1707 2449 1845 2520 dixi,
1880 2467 2009 2505 ma-

357 2548 472 2604 gno
521 2531 620 2588 illo
672 2549 738 2588 ac
796 2533 1064 2590 mirando
1121 2536 1353 2609 sibique
1409 2538 1466 2592 in
1527 2538 1711 2610 gloria
1759 2539 2012 2611 compla-

354 2625 522 2677 cente
551 2621 691 2688 Deo,
726 2623 970 2678 minime
998 2641 1132 2680 vero
1164 2625 1400 2682 incertis
1431 2629 1824 2698 quorumdam
1873 2645 2009 2683 con-

355 2709 504 2766 siliis
571 2711 872 2784 paulisper
936 2719 1250 2780 commoto,
1331 2717 1572 2772 omnino
1646 2723 1839 2772 autem
1905 2719 2010 2773 hac

363 2800 572 2872 agendi
607 2801 854 2857 ratione.
913 2803 1044 2858 Sive
1101 2808 1297 2859 autem
1331 2805 1605 2877 deinceps
1637 2822 1704 2860 ex
1733 2806 2010 2862 omnibus

359 2891 461 2961 qui
505 2907 538 2944 a
591 2889 709 2945 Deo
758 2890 1010 2962 gratiam
1059 2899 1448 2965 susceperunt
1503 2893 1797 2965 ﬁdelibus,
1831 2894 2009 2951 veluti

354 2993 424 3033 ex
453 2983 609 3034 terra
638 2979 878 3035 veritate
907 2985 1055 3048 orta,
1097 2981 1296 3038 nullus
1326 2983 1743 3038 contradixerit
1790 2986 1944 3055 quod
1977 3002 2007 3040 e

353 3064 496 3122 caelo
519 3067 757 3137 justitia
809 3069 1144 3141 prospiciet,
1180 3075 1282 3126 aut
1340 3072 1515 3126 etiam
1562 3073 1739 3144 quod,
1771 3091 2006 3128 omnem

354 3155 670 3211 utilitatem
703 3157 997 3228 praebente
1023 3159 1557 3228 Christo,ﬁdelibus
1579 3179 1752 3218 omne
1783 3164 2003 3218 donum

359 3243 752 3300 indeﬁcientis
785 3245 1209 3303 benedictionis
1249 3250 1621 3317 scaturiet,ex
1653 3252 1922 3322 precibus
1972 3271 2006 3308 a

361 3335 476 3388 Deo
516 3333 706 3402 jussis
736 3334 1380 3409 supplicationibusque
1431 3339 1502 3393 ab
1532 3339 1660 3411 ipso
1691 3340 1844 3396 datis
1875 3359 2003 3413 per-

2123 2084 2355 2158 ἀξίωμα,
2409 2084 2500 2146 Τίς
2548 2085 2648 2160 γὰρ
2695 2080 2835 2158 ἔγνω
2884 2088 3008 2138 νοῦν
3072 2083 3269 2160 Κυρίου
3331 2085 3482 2156 ποτε,
3526 2086 3560 2154 ἢ
3611 2085 3772 2140 αὐτοῦ

2123 2174 2334 2248 ἐγένετο
2405 2168 2758 2246 σύμϐουλος;
2809 2172 2988 2228 πίστιν
3054 2171 3104 2227 έν
3174 2169 3318 2248 ἔργῳ
3368 2171 3666 2238 δεικνύντες
3711 2177 3773 2230 τὸ

2123 2262 2175 2318 έν
2225 2264 2369 2337 πάσῃ
2412 2267 2478 2336 τῇ
2521 2266 2591 2338 γῇ
2641 2262 2707 2316 τὰ
2753 2262 2991 2339 κρίματα
3036 2267 3132 2316 τοῦ
3182 2267 3336 2334 Θεοῦ,
3389 2263 3478 2318 xui
3524 2265 3606 2337 τὸ,
3657 2264 3774 2342 Οὐχ

2122 2353 2196 2414 ὡς
2237 2348 2432 2425 ,ὄψεται
2475 2350 2781 2427 ἄνθρωπος,
2829 2351 3000 2413 οὕτως
3041 2347 3227 2426 ὄψεται
3279 2353 3368 2407 καὶ
3415 2353 3568 2416 Θεός.
3619 2353 3772 2409 Οὕτω

2121 2437 2180 2495 δὲ
2226 2441 2316 2495 καὶ
2367 2443 2825 2514 παραιτουμένου,
2875 2441 2950 2502 ὡς
3010 2437 3166 2519 ἔφην,
3219 2441 3414 2496 τούτου
3459 2447 3556 2496 τοῦ
3609 2445 3771 2519 μεγά-

2121 2529 2222 2586 λου
2268 2529 2358 2584 καὶ
2411 2530 2712 2602 θαυμασίου
2761 2530 2849 2584 καὶ
2919 2532 3208 2606 θεαρέστου
3272 2530 3349 2593 εἷς
3399 2529 3553 2601 δόξαν
3614 2537 3770 2603 Θεοῦ,

2121 2617 2248 2673 ἀλλ’
2281 2619 2380 2673 οὐκ
2430 2619 2694 2680 ἐπινοίαις
2745 2618 3062 2697 ἐπισφαλέσι
3114 2617 3540 2695 κραδαινομένου
3587 2627 3770 2684 ποσῶς

2119 2707 2255 2781 πρὸς
2304 2712 2490 2773 τινῶν,
2522 2707 2736 2770 πάντως
2788 2707 2839 2761 έν
2883 2707 3083 2780 τούτῳ.
3135 2707 3259 2763 Εἴθε
3315 2706 3373 2764 δὲ
3416 2709 3506 2764 καὶ
3557 2709 3607 2764 ἐν
3639 2717 3768 2766 πᾶσι

2117 2803 2233 2859 τοῖς
2285 2796 2344 2851 ἐκ
2393 2801 2526 2852 Θεοῦ
2574 2799 2876 2873 χαρισθεῖσι
2925 2798 3160 2866 πιστοῖς,
3211 2798 3286 2860 ὡς
3335 2796 3593 2869 ἀληθείας
3643 2800 3771 2855 ἀνα-

2116 2885 2375 2955 τειλάσης
2431 2885 2490 2940 ἐκ
2527 2893 2653 2960 γῆς,
2704 2883 2881 2948 οὐδεὶς
2932 2886 3142 2962 ἀντερεῖ
3187 2887 3262 2949 ὡς
3310 2889 3400 2942 xui
3453 2886 3769 2960 δικαιοσύνη

2119 2975 2373 3048 ἀνακύψει
2425 2974 2475 3045 ἐξ
2525 2974 2778 3050 οὐρανοῦ,
2821 2974 2910 3029 καὶ
2959 2974 3102 3030 οὕτω
3143 2981 3376 3050 Χριστοῦ
3420 2978 3775 3052 χρηστότητα

2117 3069 2497 3141 χορηγοῦντος
2537 3065 2626 3118 καὶ
2665 3069 2883 3126 πιστοῖς
2931 3066 3162 3140 πηγάσει
3212 3071 3314 3120 πᾶν
3370 3067 3561 3141 ἀγαθὸν
3612 3065 3772 3123 εὒλο-

2116 3155 2240 3228 γίας
2306 3153 2656 3224 ἀνελλιποῦς,
2707 3154 3000 3208 θεοπειθῶν
3073 3153 3124 3224 ἐξ
3177 3153 3354 3229 εὐχῶν
3405 3155 3495 3209 καὶ
3553 3156 3771 3212 ἱκεσιῶν

2111 3248 2220 3298 τῶν
2251 3241 2607 3318 θεοπαρόχων
2639 3239 3082 3316 πλουτιζομένης
3127 3239 3413 3314 διηνεκῶς.
3456 3243 3520 3298 Ei
3561 3243 3620 3299 δέ
3667 3267 3774 3301 που

2119 3331 2219 3404 ὀψὲ
2275 3333 2411 3386 κατά
2466 3337 2562 3384 τοῦ
2620 3331 2884 3404 ποιμένος
2940 3329 3253 3401 λαληθῆναι
3311 3328 3495 3406 συμϐῇ
3536 3338 3641 3388 τῶν
3675 3333 3782 3389 ὅσα.

360 3424 536 3493 petuo
592 3421 1010 3492 increscentis;
1059 3425 1176 3480 sive
1235 3430 1405 3497 potea
1455 3428 1671 3483 alicubi
1731 3447 2004 3501 quaecun-

2118 3425 2224 3475 τῶν
2299 3419 2632 3474 ἀπευκταίων
2701 3419 2790 3474 καὶ
2852 3419 3141 3488 ἀπαισίων,
3189 3422 3252 3476 τὸ
3319 3422 3422 3498 γὰρ
3489 3422 3770 3479 ἀνάλωτον

359 3524 476 3580 que
532 3510 786 3567 nefanda
817 3516 874 3567 et
919 3513 1174 3569 infausta
1211 3516 1490 3572 adversus
1542 3523 1837 3588 pastorem
1869 3536 2000 3590 pro-

351 3597 489 3654 ferri
521 3600 797 3656 acciderit
856 3602 950 3670 (ab
1008 3603 1243 3672 injuriis
1301 3604 1456 3660 enim
1513 3606 1840 3663 immunem
1873 3625 2003 3664 esse

351 3686 534 3744 solius
577 3689 701 3760 Dei,
745 3690 846 3761 qui
879 3691 1068 3747 dicere
1099 3691 1317 3748 volenti
1347 3710 1462 3749 non
1495 3696 1638 3766 dat),
1672 3713 1738 3751 ex
1772 3697 1864 3753 his
1895 3697 2000 3752 viri

350 3780 638 3848 potestate
693 3778 954 3834 fruentes
986 3779 1126 3835 talia
1165 3787 1466 3852 spernant,
1501 3788 1699 3855 utpote
1730 3784 2001 3840 incredu-

352 3865 538 3922 litatis
604 3867 1067 3940 perditionisque
1134 3870 1392 3941 zizania,
1481 3871 1599 3927 sive
1667 3872 2002 3944 ignominiaa

357 3954 870 4030 damnationisque
918 3962 1165 4029 internae,
1217 3960 1336 4016 sive
1382 3961 1556 4016 etiam
1594 3968 2002 4034 corruptorum

357 4046 756 4102 membrorum
807 4047 1024 4119 quibus
1080 4048 1349 4105 Ecclesiae
1400 4051 1625 4122 corpori
1660 4053 2004 4108 incurabilis

353 4135 599 4205 putredo
657 4137 1149 4204 communicatur,
1203 4156 1306 4210 pro
1364 4139 1437 4195 iis
1475 4141 1575 4212 qui
1609 4145 1792 4196 atam
1852 4143 2003 4198 foedo

354 4223 633 4296 turpique
663 4225 800 4281 tabo
831 4243 1062 4298 semper
1105 4228 1307 4284 audire
1361 4229 1644 4300 gestiunt.
1712 4232 1796 4286 Ita
1845 4248 2002 4298 vero,

356 4317 421 4367 ut
463 4313 686 4382 judicio
736 4331 852 4369 non
902 4315 974 4369 ad
1025 4314 1204 4371 alium
1238 4322 1537 4388 spectante
1586 4317 1699 4373 nisi
1731 4319 1803 4373 ad
1836 4319 2004 4374 illum

360 4402 460 4472 qui
493 4419 730 4458 omnem
760 4408 975 4458 terram
1009 4404 1065 4458 in
1088 4405 1322 4476 justitia
1351 4406 1736 4477 palam,aaque
1765 4425 2024 4480 magna--

363 4507 476 4562 que
506 4508 640 4547 cum
687 4496 977 4564 potestate
1005 4498 1094 4549 est
1143 4493 1518 4565 judicaturus
1551 4513 1564 4550 :
1600 4500 1798 4552 coacto
1830 4497 2009 4569 igitur

360 4597 396 4635 a
424 4580 737 4652 praeposito
767 4582 950 4638 totius
1007 4582 1276 4639 Ecclesia;
1307 4589 1480 4655 coetu,
1542 4583 1718 4640 veluti
1775 4586 2008 4642 vidente

358 4667 590 4725 Christo
644 4674 701 4725 et
741 4671 1038 4742 audiente,
1101 4671 1321 4727 clarum
1396 4677 1570 4744 atque
1629 4675 2006 4730 manifestum

2111 3511 2302 3565 πάθεσι
2363 3509 2532 3582 μόνου
2587 3513 2742 3579 Θεοῦ,
2805 3509 2912 3585 οὐχ
2961 3506 3231 3564 ὑποδόντα
3302 3515 3383 3583 τῷ
3445 3511 3772 3586 βουλομένῳ

2113 3596 2419 3653 λαλεῖσθαι.
2474 3596 2558 3667 Ἐξ
2605 3598 2680 3650 ὧν
2748 3596 2875 3659 τοὺς
2939 3602 3270 3674 κρατοῦντας
3320 3598 3406 3670 ἐᾷν
3449 3601 3516 3654 τά
3561 3598 3767 3674 τοιάδε,

2113 3688 2186 3748 ὡς
2237 3686 2487 3748 ἀπιστίας
2535 3686 2624 3740 καὶ
2668 3683 2945 3748 ἀπωλείας
2994 3688 3223 3757 ζιζάνια,
3268 3688 3487 3762 ἀτιμίας
3533 3689 3621 3744 καὶ
3669 3710 3768 3744 xu-

2109 3777 2434 3850 ταγνώσεως
2501 3775 2822 3850 ἀπεράντου,
2873 3776 2963 3830 καὶ
3035 3783 3208 3850 μελῆν
3273 3779 3608 3854 ψωριώντων
3664 3786 3767 3848 τῆς

2114 3863 2443 3936 Ἐκκλησίας
2508 3869 2587 3936 τῷ
2655 3867 2868 3938 σώματι
2933 3864 3179 3920 ἐνιέντων
3245 3868 3344 3934 τὴν
3406 3867 3766 3944 ἀθεράπευτον

2114 3959 2276 4029 σῆψιν
2325 3959 2440 4008 τοῖς
2493 3954 2574 4008 ἀεὶ
2622 3953 2982 4027 κνηθομένοις
3037 3955 3134 4023 τήν
3197 3955 3364 4024 ἀκοὴν
3429 3956 3479 4011 ἐν
3547 3957 3772 4033 τοιαύτῃ

2115 4044 2297 4117 ἀτίμῳ
2327 4042 2416 4098 καί
2468 4042 2762 4121 έφαμάρτῳ
2807 4041 3092 4120 διαφθορᾷ.
3128 4041 3286 4098 Ἀλλ’
3335 4044 3410 4106 ὡς
3457 4052 3560 4115 τῆς
3611 4044 3770 4116 δίκης

2115 4132 2220 4188 οὐκ
2257 4130 2452 4202 ἄλλου,
2487 4131 2632 4188 ἀλλά
2659 4137 2756 4186 τοῦ
2799 4131 3098 4205 μέλλοντος
3150 4130 3318 4203 οὔσης
3368 4139 3549 4208 κρῖναι
3596 4141 3768 4190 πᾶσαν

2113 4224 2211 4292 τήν
2261 4229 2364 4296 γῆν
2428 4222 2479 4275 ἐν
2529 4219 2862 4295 δικαιοσύνῃ,
2898 4221 3126 4299 φανερὰν
3159 4221 3249 4276 καὶ
3282 4219 3487 4278 δικαίαν
3537 4225 3627 4279 καὶ
3677 4223 3768 4279 δυ-

2115 4311 2362 4372 ναστείας
2434 4312 2660 4386 μακράν·
2723 4308 3172 4384 συγκαλουμένου
3239 4312 3437 4374 παντὸς
3505 4317 3602 4367 τοῦ
3669 4321 3771 4383 τῆς

2117 4397 2443 4470 Ἐκκλησίας
2493 4399 2872 4472 πληρώματος
2921 4400 3068 4475 παρά
3133 4403 3230 4454 τοῦ
3297 4405 3624 4475 κρατοῦντος
3694 4403 3772 4466 ὡς

2117 4491 2357 4566 ὁρῶντος
2441 4492 2674 4563 Χριστοῦ
2751 4488 2840 4542 καὶ
2906 4489 3258 4562 ἀκροωμένου
3327 4488 3607 4559 ἐξάκουσον
3683 4493 3774 4547 καὶ

2118 4575 2373 4650 λαμπρὰν
2432 4579 2531 4646 τὴν
2582 4577 2756 4652 κρίσιν
2803 4577 3060 4647 καθίζειν,
3093 4576 3184 4632 καί
3236 4579 3284 4633 εἶ’
3334 4579 3530 4651 μεταξὺ
3559 4582 3626 4634 τά
3670 4589 3774 4651 τῆς

2115 4666 2411 4739 καταδίκης
2503 4671 2724 4741 θεσμοῖς
2808 4670 2898 4724 καὶ
2975 4669 3160 4724 κανόσι
3248 4675 3382 4725 Θεοῦ
3439 4671 3771 4726 κατενώπιον

353 4760 752 4831 peragendum
814 4763 904 4814 est
944 4760 1260 4831 judicium,
1295 4778 1360 4816 ac
1404 4762 1451 4816 si
1479 4762 1700 4818 interea
1731 4765 2004 4818 condem-

2118 4757 2495 4832 γυμνασθέντα
2582 4757 2999 4832 ἐπικρατέστερα
3083 4755 3244 4829 δόξης
3320 4759 3624 4831 ἐξωθεῖσθαι
3683 4759 3774 4816 καὶ

353 4847 609 4903 nationis
640 4852 787 4919 acta,
819 4853 980 4904 extra
1009 4848 1166 4921 leges
1224 4855 1284 4905 et
1342 4855 1584 4918 statuta,
1618 4851 1719 4906 Dei
1771 4853 1828 4905 in
1864 4853 2008 4907 facie

356 4937 716 5008 processisse
774 4937 1064 5007 videntur,
1097 4943 1155 4993 et
1186 4940 1440 5009 rigorose
1497 4945 1555 4994 et
1612 4940 2006 4996 inﬂexibiliter

360 5024 717 5096 repellenda,
771 5026 890 5082 ullo
947 5028 1186 5083 omnino
1245 5029 1416 5082 modo
1474 5029 1730 5084 Ecclesia
1767 5047 2007 5085 excusa-

358 5114 548 5170 tiones
579 5115 919 5187 accipiente,
973 5118 1223 5188 posteris
1283 5118 1550 5173 tuitionis
1585 5119 1863 5174 salutaris
1894 5120 2009 5175 uti-

362 5202 587 5259 litatem
619 5203 864 5259 stabiliri
887 5206 1139 5278 expedit.
1172 5206 1370 5270 Quoad
1404 5212 1596 5262 autem
1630 5207 1821 5262 virum
1857 5209 2010 5279 ejec—

357 5296 510 5358 tum,
556 5291 672 5347 nisi
701 5293 877 5348 etiam
907 5294 1258 5361 insanuerit,
1293 5295 1722 5350 emendationis
1753 5313 1871 5351 suae
1903 5296 2010 5351 ha-

351 5381 544 5437 benda
571 5385 662 5437 est
692 5383 838 5437 ratio
869 5400 881 5450 ;
917 5383 1006 5439 sin
1041 5387 1235 5438 autem
1265 5383 1365 5438 Dei
1417 5384 1823 5440 misericordia
1869 5401 2011 5440 con-

348 5469 598 5525 trarium
628 5470 922 5536 acciderit,
956 5488 1022 5526 ac
1052 5472 1152 5544 qui
1189 5471 1330 5526 olim
1353 5473 1586 5543 justum
1619 5477 1677 5528 et
1700 5490 1904 5528 verum
1957 5479 2015 5528 et

354 5558 669 5613 honestum
701 5562 760 5613 et
805 5559 922 5614 Deo
953 5565 1186 5630 gratum
1226 5565 1572 5631 prosecutus
1605 5566 1695 5617 est
1743 5563 2011 5631 Satanas,

357 5646 564 5702 exinde
593 5647 653 5702 in
713 5648 991 5704 cordibus
1051 5649 1285 5720 penitus
1343 5650 1646 5723 ingressus
1690 5650 2013 5707 calumnia-

354 5738 575 5801 torum,
606 5741 775 5808 turpe
836 5739 1042 5792 tabum
1077 5739 1357 5795 adversus
1403 5745 1722 5812 pastorem,
1758 5757 1862 5796 nec
1897 5757 2016 5795 non

364 5823 684 5895 injuriosas
716 5830 774 5882 et
832 5825 1121 5882 infaustas
1174 5827 1499 5902 inanesque
1543 5845 1713 5886 voces
1753 5845 2018 5887 emovere

2599 4847 3006 4922 ἀπαραιτήτως,
3081 4845 3222 4922 μηδὲ
3281 4851 3380 4917 τῆς
3445 4847 3776 4920 Ἐκκλησίας

2115 4936 2510 5009 ἀσμενιζούσης
2576 4937 2669 4997 τὰς
2739 4934 3102 5008 ὁπωσδήποτε
3162 4940 3534 5014 παραιτήσεις,
3586 4934 3773 5011 ὄνησιν

2117 5030 2234 5086 τοῖς
2286 5023 2570 5098 μετέπειτα
2632 5023 2926 5100 ἀσφαλείας
2992 5023 3382 5101 σωτηριώδους
3431 5031 3646 5081 ποιοῦν⁸
3696 5032 3777 5101 τῷ

2120 5111 2167 5168 δ’
2217 5109 2559 5186 ἐκϐληθέντι,
2607 5114 2651 5167 εί
2716 5117 2788 5187 μή
2858 5136 2964 5169 που
3019 5115 3108 5169 καὶ
3181 5114 3411 5189 μέμηνε,
3467 5116 3776 5190 μνωμένοις

2118 5202 2326 5278 τρόπου
2363 5203 2668 5276 μετάνοιαν.
2703 5203 2766 5258 Εἰ
2799 5201 2856 5258 δὲ
2895 5202 3034 5259 ἐλέει
3081 5208 3214 5259 Θεοῦ
3255 5204 3564 5260 τούναντίον
3616 5203 3773 5282 ἐκϐῇ,

2119 5293 2209 5346 καὶ
2237 5293 2265 5346 ὁ
2308 5290 2479 5346 πάλαι
2527 5291 2944 5366 ἐξαιτησάμενος
2995 5294 3087 5348 τὸν
3125 5291 3332 5348 δίκαιον
3377 5295 3466 5348 καὶ
3513 5293 3775 5366 ἀληθινὸν

2121 5382 2211 5436 καὶ
2260 5382 2545 5455 ἄμεμπτον
2594 5383 2684 5436 καὶ
2732 5380 2957 5453 θεοσεϐῆ
3005 5389 3202 5453 Σατᾶν,
3237 5383 3503 5449 κάνταῦθα
3557 5383 3607 5440 έν
3658 5391 3776 5450 ταῖς

2122 5468 2369 5544 καρδίαις
2421 5469 2568 5534 ὅλως
2620 5469 2798 5534 εἰσδὺς
2847 5476 2955 5527 τῶν
3005 5475 3374 5550 συκοφαντῶν,
3406 5473 3504 5543 τὴν
3556 5470 3774 5547 δυσώδη

2125 5557 2302 5633 ὀδμὴν
2349 5562 2485 5615 κατὰ
2525 5566 2622 5616 τοῦ
2668 5560 2926 5636 ποιμένος
2973 5560 3257 5638 ἠρεύξατο,
3305 5562 3402 5625 τὰς
3463 5557 3776 5639 ὑϐριπικάς

2124 5649 2215 5703 καὶ
2267 5647 2587 5728 δυσφήμους
2637 5648 2726 5705 καί
2777 5647 3164 5729 φληναφώδεις
3210 5651 3412 5729 φωνὰς,
3467 5653 3541 5726 μὴ
3598 5651 3775 5725 μαλα-

2125 5743 2234 5800 κῶς
2278 5740 2346 5794 τὰ
2394 5744 2636 5811 τοιαῦτα,
2689 5739 2836 5796 ἀλλά
2900 5738 3233 5817 δικαιότερον
3294 5741 3776 5820 ἐπεξεργαζόμενοι

2128 5829 2202 5891 ὡς
2255 5826 2343 5883 ἐπὶ
2386 5824 2538 5906 ὕϐρει
2587 5833 2742 5905 Θεοῦ,
2795 5828 2883 5884 xui
2951 5827 3170 5910 φειδοῦς
3219 5829 3433 5904 ἁπάσης
3474 5831 3780 5910 ἀποστερή-

2119 4845 2352 4925 ἀφειδῶς
2420 4846 2510 4901 καὶ
