4132 6434
321 521 437 586 509

1810 517 2238 584 EPISTOLIE.

3609 517 3735 582 διο

326 674 509 730 σομεν.
557 649 659 710 Καὶ
707 653 823 710 καθ’
880 651 1005 709 ὅσον
1060 651 1276 729 ἀγάπης
1324 653 1413 709 καὶ
1475 651 1649 724 ζήλου
1698 657 1792 707 ’ἶυῦ
1840 653 1975 729 πρὸς

2093 659 2417 731 tentaverit,
2473 661 2690 717 nedum
2743 659 2883 718 talia
2928 656 3288 733 negligenier
3349 653 3733 728 accipiamus,

321 745 448 801 Θεὸν
482 741 850 820 ἀπαραίτητος
881 742 1076 822 όφειλὴ
1125 748 1203 816 τῷ
1251 747 1445 815 πιστῷ,
1493 743 1566 805 ὡς
1615 741 1695 797 ὅτι
1751 741 1824 815 μὴ
1878 742 1970 796 τὸν

319 833 556 910 τυχόντα
606 831 904 909 ἀρχιερέα,
953 830 1080 887 ἀλλ’
1126 832 1283 888 αὐτὸν
1333 834 1422 887 τὸν
1490 840 1589 902 τῆς
1647 829 1972 901 Ἐκκλησίας

323 925 448 980 Θεὸν
525 924 616 978 τὸν
696 917 1014 998 ἀνύϐριστον
1095 921 1432 995 έμωμήσατο
1506 921 1596 976 καὶ
1657 916 1926 996 ἐξύϐρισεν
1960 963 1974 987 ,

325 1011 519 1068 ἐκεῖθεν
569 1006 948 1088 ἀναμφιϐόλου
1005 1009 1094 1066 καί
1151 1017 1251 1081 τῆς
1311 1017 1518 1088 φωνῆς,
1566 1010 1629 1064 τὸ
1662 1034 1690 1061 ‹‹
1737 1015 1792 1064 ‘0
1851 1011 1973 1073 ἀθε-

325 1105 433 1156 τῶν
486 1101 627 1173 ὑμᾶς
676 1099 775 1174 ἐμὲ
822 1101 1034 1169 ἀθετεῖ,
1071 1124 1098 1151 ››
1131 1100 1220 1154 καὶ
1265 1101 1330 1154 τὸ
1378 1098 1613 1173 ἔμπαλιν
1664 1099 1724 1154 έκ
1765 1099 1973 1154 τούτων

326 1189 418 1244 καὶ
459 1193 565 1244 τῶν
610 1189 874 1245 τοιούτων
921 1193 1029 1244 τῶν
1082 1189 1133 1243 έν
1180 1187 1412 1260 ἀληθείᾳ
1454 1189 1599 1267 φημὶ
1647 1188 1736 1243 καὶ
1769 1186 1975 1243 δικαιο-

328 1278 458 1352 σύνῃ
503 1277 592 1332 καὶ
641 1277 818 1333 πίστει
856 1278 945 1333 καὶ
998 1273 1154 1356 φόϐῳ
1204 1283 1340 1333 Θεοῦ
1370 1279 1506 1355 πρὸς
1557 1281 1718 1350 ἡμῶν
1758 1275 1976 1352 γινομέ-

326 1389 430 1423 νων
467 1412 480 1425 .
544 1365 856 1444 Ἀναλόγως
931 1372 1358 1442 συντηρηθῶμεν
1435 1366 1524 1421 καὶ
1582 1367 1975 1444 φρουρηθῶμεν

322 1455 414 1511 καὶ
461 1455 814 1532 ἀναχθῶμεν,
866 1456 941 1518 ὡς
991 1455 1082 1511 καὶ
1127 1451 1285 1518 ὄντας
1337 1457 1386 1511 έν
1439 1462 1598 1510 πᾶσιν
1650 1458 1801 1529 ἡμᾶς
1847 1461 1979 1531 Χρι-

324 1549 472 1616 στοῦ,
524 1545 615 1599 καὶ
669 1544 964 1607 ἀκούοντας
1011 1549 1130 1607 τοῖς
1180 1542 1365 1621 ἔργοις
1412 1546 1514 1614 τήν
1560 1544 1736 1599 πίστιν
1771 1541 1980 1598 δεικνύ-

321 1656 433 1705 ναι,
462 1634 554 1690 καὶ
605 1635 706 1704 τήν
757 1631 1022 1705 σπουδὴν,
1074 1633 1386 1712 ἐφαμάρτου
1418 1631 1656 1704 διπλόης
1691 1631 1983 1706 ἀπηλλαγ-

330 1724 546 1798 μένους,
587 1723 678 1778 καὶ
733 1721 971 1796 μάλιστα
1012 1722 1064 1778 έν
1108 1728 1228 1786 τοῖς
1275 1728 1373 1778 τοῦ
1427 1727 1584 1790 Θεοῦ,
1634 1723 1724 1777 καὶ
1771 1721 1981 1796 ἀνθρω-

326 1813 492 1868 πίνων
572 1813 798 1889 ὀρέξεων
850 1859 865 1882 ,
921 1813 1200 1868 κάντεῦθεν
1280 1809 1478 1886 ένδίκῳ
1550 1812 1639 1867 καὶ
1715 1810 1984 1887 θεαρέστῳ

326 1903 484 1976 θυμῷ
511 1903 616 1972 τάἡ
627 1906 742 1976 μῶν
773 1903 864 1957 καὶ
893 1903 961 1956 τὰ
986 1905 1092 1956 τῶν
1124 1900 1293 1964 πέλας
1336 1897 1670 1970 δικάζοντας.

332 2242 567 2317 Γράμμα
626 2242 765 2336 πρὸς
821 2242 914 2296 τὸν
982 2241 1351 2336 αὐτοκράτορα
1406 2243 1532 2318 περὶ
1587 2246 1695 2296 τῶν
1746 2237 1934 2297 θεοκτὸ
1966 2275 1988 2285 -

574 2335 578 2336 ,
692 2311 887 2336 I,,,°-,I,
942 2333 947 2336 λ
997 2311 1085 2336 υνη-
1121 2312 1135 2336 2
1180 2313 1285 2336 (\n,
1334 2335 1367 2336 κν
1414 2321 1507 2336 μυί
1550 2313 1695 2336 il\_,
1748 2335 1756 2336 κ

535 2335 640 2368 νων
668 2311 969 2386 Ἰουδαίων,
997 2311 1088 2367 τίνα
1117 2311 1376 2385 ἐξέλθωσι
1409 2311 1508 2383 τῆς
1542 2313 1778 2376 πόλεως.

399 2436 666 2512 Ῥαψάκου
719 2443 818 2493 τοῦ
872 2441 982 2493 τῶν
1047 2436 1346 2515 Ἀσσυρίων
1412 2435 1680 2514 βασιλέως
1742 2444 1987 2514 Σεναχη-

326 2527 454 2602 ρεῖμ
509 2531 816 2603 στρατηγοῦ
875 2526 1081 2602 λόγους
1159 2524 1470 2601 όνειδισμοῦ
1541 2528 1676 2582 κατά
1748 2532 1846 2582 τοῦ
1899 2526 1987 2582 ἐπὶ

323 2618 541 2672 πάντων
592 2620 732 2671 Θεοῦ
777 2615 962 2690 ἐμέσαι
1010 2613 1397 2690 τολμήσαντος
1429 2663 1444 2688 ,
1497 2617 1524 2671 ὁ
1573 2616 1986 2695 θεοφιλέστατος

329 2704 588 2782 βασιλεὺς
636 2705 876 2774 Ἐζεκίας
926 2706 987 2760 οὐ
1041 2707 1108 2760 τὰ
1138 2705 1329 2779 ἱμάτια
1381 2705 1542 2778 μόνον
1586 2704 1854 2782 διέῤῥηξε,
1890 2711 1984 2776 ζη-

325 2793 434 2850 λῶν
476 2795 610 2870 ὑπὲρ
643 2799 741 2850 τοῦ
793 2794 1034 2870 μεγάλου
1082 2799 1238 2863 Θεοῦ,
1291 2793 1436 2850 ἀλλά
1477 2795 1567 2850 καὶ
1616 2796 1715 2863 τήν
1771 2795 1986 2871 βασιλι-

324 2885 423 2954 κὴν
480 2881 686 2946 ἀποδὺς
737 2882 952 2957 ἐσθῆτα,
1007 2885 1321 2962 ἠμφιάσατο
1382 2883 1578 2940 σάκκον
1610 2925 1622 2938 .
1658 2886 1812 2940 Ὅθεν
1870 2883 1986 2939 έπι-

323 2972 598 3053 καμφθεὶς
649 2974 677 3028 6
717 2973 846 3035 Θεὸς
889 2977 996 3028 τῶν
1059 2970 1361 3047 δυνάμεων,
1410 2974 1505 3035 τὰς
1553 2973 1738 3029 ἑκατὸν
1789 2972 1987 3050 ὀγδοή-

323 3084 491 3118 κοντα
540 3060 696 3118 πέντε
741 3059 1000 3139 χιλιάδας
1049 3061 1230 3118 ἀνεῖλε
1276 3066 1383 3118 τῶν
1435 3061 1762 3138 Ἀσσυρίων.
1814 3065 1987 3136 Ἠμᾶς

329 3149 404 3224 δὲ,
439 3154 570 3226 ἅγιε
604 3149 848 3227 βασιλεῦ,
900 3154 1019 3214 πῶς
1069 3149 1424 3225 ἀντιλήψεται
1479 3153 1507 3206 6
1555 3152 1685 3213 Θεὸς
1736 3147 1986 3226 Σαϐαὼθ,

326 3241 411 3296 ὅτι
437 3241 546 3309 τὴν
580 3239 863 3295 θεοκτόνον
907 3240 1221 3317 συναγωγὴν
1274 3241 1349 3313 μὴ
1405 3239 1567 3313 μόνον
1623 3240 1782 3313 μέσον
1831 3241 1988 3296 καθέ-

328 3332 514 3399 ζεσθαι
571 3333 1012 3406 παραχωροῦμεν
1065 3334 1174 3384 τῶν
1235 3327 1568 3406 ὀρθοδόξων,
1634 3330 1988 3406 μυκτηρίζον-

2087 765 2116 802 e
2149 754 2351 804 contra
2385 749 2592 806 fortius
2639 750 2923 805 enitentes
2973 752 3170 820 utpote
3201 749 3395 818 spreto
3424 746 3561 810 Deo,
3596 760 3736 799 cun-

2085 844 2240 895 ctam
2273 841 2617 896 excutianus
2649 837 3099 912 indulgentiam,
3131 836 3190 891 in
3225 838 3511 907 quantum
3543 831 3734 888 chari-

2084 931 2176 983 tas
2204 932 2261 983 et
2293 929 2555 983 studium
2610 929 2726 984 Deo
2774 929 2845 983 ab
2877 927 3032 982 omni
3079 924 3235 980 ﬁdeli
3285 921 3740 978 ineluctabiliter

2087 1018 2352 1082 debetur,
2385 1017 2561 1072 veluti
2597 1035 2709 1073 non
2735 1018 2860 1088 jam
2895 1015 3248 1088 pontiﬁcem,
3285 1012 3383 1067 sed
3415 1010 3611 1082 ipsum
3644 1009 3736 1063 in-

2085 1094 2419 1162 violabilem
2451 1106 2718 1162 Ecclesiae
2769 1106 2953 1161 Deum
2986 1103 3233 1159 irriserit
3279 1117 3345 1157 ac
3376 1104 3739 1171 contempse-

2088 1195 2225 1262 rint,
2260 1196 2414 1251 unde
2443 1196 2617 1250 etiam
2648 1194 2750 1249 illa
2781 1194 2936 1250 clara
2966 1192 3232 1256 vox:Qui
3265 1208 3365 1246 vos
3398 1188 3621 1262 spernit
3643 1203 3736 1242 me

2089 1284 2354 1355 spernit;
2387 1284 2601 1356 quibus
2649 1283 2842 1338 verbis
2891 1281 2992 1336 illa
3036 1279 3297 1351 intelligo
3347 1295 3474 1350 quae
3505 1281 3734 1332 contra-

2090 1373 2170 1428 riu
2205 1378 2345 1428 sunt
2372 1372 2445 1428 iis
2476 1377 2552 1428 'et
2602 1371 2897 1428 similibus
2928 1387 3056 1442 quae
3107 1388 3141 1426 a
3193 1368 3361 1424 nobis
3391 1367 3451 1422 in
3498 1366 3741 1422 veritate

2090 1466 2147 1518 et
2168 1462 2405 1535 justitia
2434 1467 2491 1517 et
2521 1462 2633 1516 ﬁde
2682 1465 2739 1516 et
2768 1461 2867 1516 Dei
2917 1460 3126 1514 timore
3169 1459 3339 1512 ﬁunt.
3373 1459 3740 1528 Quapropter

2093 1569 2207 1608 non
2241 1567 2541 1607 servemus
2574 1567 2799 1622 nosque
2827 1554 3102 1605 tueamur
3132 1551 3189 1603 et
3215 1547 3534 1618 erigamus,
3567 1543 3747 1599 veluti

2094 1641 2152 1696 in
2185 1641 2460 1696 omnibus
2493 1657 2599 1696 nos
2651 1640 2719 1694 ad
2767 1637 3066 1694 Christum
3117 1636 3496 1709 pertinentes,
3527 1637 3586 1689 et
3615 1648 3747 1706 ope-

2093 1731 2258 1785 ribus
2329 1730 2504 1784 ﬁdem
2570 1729 2826 1800 praebere
2891 1728 3204 1797 discentes,
3258 1723 3658 1796 studioseque,
3711 1738 3746 1777 a

2091 1819 2251 1891 turpi
2301 1817 2644 1890 duplicitate
2692 1818 3004 1889 (prmcipue
3052 1833 3184 1871 vero
3232 1815 3292 1869 in
3349 1813 3441 1868 his
3491 1829 3620 1885 qum
3670 1811 3743 1866 ad

2094 1909 2276 1964 Deum
2326 1909 2634 1980 spectant),
2689 1909 2760 1963 ab
2828 1906 3107 1978 omnique
3172 1905 3432 1959 humano
3499 1899 3744 1957 consilio

2015 2023 2064 2087 B
2099 1998 2280 2069 exuti,
2318 2002 2376 2053 et
2422 1997 2558 2052 inde
2606 2013 2773 2068 aequo
2820 2001 3105 2068 gratoque
3155 1997 3268 2048 Deo
3316 1991 3514 2048 animo
3544 1993 3746 2045 nostra

2098 2093 2156 2143 et
2185 2103 2254 2143 ea
2282 2103 2408 2159 quae
2437 2085 2685 2159 proximi
2718 2088 2859 2142 sunt
2887 2083 3298 2156 dijudicantes.

2096 2247 2338 2316 Epistola
2370 2247 2441 2303 ad
2488 2248 2880 2319 imperatorem
2899 2245 2988 2319 ide
3013 2243 3266 2319 _deicidi.s
3291 2240 3528 2307 Judxis,
3570 2243 3633 2295 ut
3681 2255 3752 2295 ex

2684 2320 2819 2373 urbe
2847 2316 3147 2372 discedant.

2169 2444 2461 2500 Rabsaces
2493 2443 2866 2512 Assyriorum
2897 2441 3052 2514 regis
3073 2438 3468 2497 Sennacberib
3491 2441 3746 2509 satrapa,

2097 2550 2231 2588 cum
2262 2532 2448 2587 multa
2479 2533 2689 2604 probra
2718 2531 2777 2586 in
2807 2529 3070 2587 omnium
3105 2530 3288 2585 Deum
3311 2529 3536 2598 jactare
3567 2543 3749 2582 ausus

2098 2621 2327 2687 fuisset,
2359 2621 2663 2692 piissimus
2697 2636 2796 2675 rex
2841 2618 3117 2675 Ezechias
3146 2635 3262 2673 non
3312 2616 3484 2672 scidit
3512 2619 3746 2672 tantum

2096 2712 2448 2767 vestimenta
2497 2727 2604 2765 sua
2651 2726 2720 2764 ex
2770 2708 2890 2764 zelo
2949 2708 3147 2780 magni
3180 2707 3302 2773 Dei,
3337 2706 3434 2761 sed
3491 2709 3548 2761 et
3578 2704 3750 2777 regias

2098 2799 2407 2872 potestatis
2427 2805 2772 2854 ornamenta
2804 2799 3126 2870 deponens,
3151 2799 3390 2867 opertus
3419 2799 3506 2850 est
3529 2810 3697 2849 sacco
3730 2810 3744 2848 :

2098 2887 2846 2962 quaproptermiseratione
2860 2883 3350 2941 commotusDeus
3363 2882 3746 2954 exercituum,

2098 2983 2334 3034 centum
2378 2976 2672 3048 octoginta
2721 2975 2982 3047 quinque
3011 2973 3197 3029 millia
3229 2971 3518 3044 percussit
3568 2977 3748 3044 Assy-

2097 3068 2318 3123 riorum
2355 3083 2368 3121 :
2402 3083 2508 3122 nos
2537 3082 2692 3130 vero,
2725 3065 2819 3136 pie
2850 3081 2969 3134 rex,
3004 3079 3262 3136 quonam
3290 3061 3460 3116 modo
3496 3061 3750 3133 patietur

2101 3162 2250 3212 Deus
2277 3155 2554 3224 Sabaoth,
2587 3170 2718 3209 cum
2771 3152 3058 3209 deicidam
3102 3167 3485 3224 synagogam,
3513 3167 3628 3205 non
3663 3165 3752 3205 so-

2093 3244 2216 3300 lum
2249 3245 2308 3300 in
2342 3244 2534 3300 medio
2565 3243 2765 3298 sedere
2795 3242 3103 3298 fecerimus
3133 3240 3614 3304 orthodoxorum,
3648 3254 3747 3294 no-

2097 3340 2219 3391 stra
2249 3333 2616 3397 illudentem,
2649 3336 2706 3386 et
2753 3331 3150 3387 adorationem
3199 3330 3352 3398 dico,
3383 3333 3441 3384 et
3487 3326 3743 3393 latriam,

320 3394 412 3482 τας
440 3421 518 3474 τὰ
546 3394 940 3492 ἡμέτεραί
986 3394 1352 3494 προσκύνησιν
1399 3394 1565 3495 λέγω,
1590 3394 1679 3474 καὶ
1729 3394 1978 3496 λατρείαν

2098 3429 2156 3480 et
2184 3424 2358 3479 ﬁdem
2409 3423 2465 3477 in
2519 3421 2832 3477 Dominum
2881 3425 2938 3476 et
2988 3420 3172 3476 Deum
3224 3423 3492 3474 nostrum
3541 3417 3747 3473 Jesum

317 3509 403 3564 καὶ
435 3507 625 3564 πίστιν
656 3509 755 3576 τήν
790 3507 928 3585 πρὸς
971 3509 1061 3563 τὸν
1116 3508 1312 3581 Κύριον
1358 3509 1448 3563 καὶ
1497 3508 1624 3564 Θεὸν
1676 3511 1834 3582 ἡμῶν
1875 3511 1981 3580 Ἰη-

317 3603 440 3654 σοῦν
507 3597 740 3672 Χριστὸν
771 3643 786 3668 ,
830 3597 919 3652 καὶ
995 3598 1089 3660 τὰς
1173 3597 1439 3660 εἷκονικὰς
1515 3600 1675 3671 ἡμῶν
1743 3593 1976 3662 εὐσεϐεῖς

313 3687 740 3765 προσκυνήσεις,
771 3686 862 3740 καὶ
895 3684 1050 3756 ὅταή
1096 3685 1223 3762 ἁγία
1272 3686 1362 3741 καὶ
1408 3683 1642 3760 ἄμωμος
1689 3691 1797 3742 τῶν
1847 3693 1977 3764 Χρι-

313 3781 549 3832 στιανῶν
583 3773 766 3836 πίστις
818 3774 1048 3831 πλουτεῖ
1098 3777 1387 3852 μυστήρια⁶
1443 3773 1567 3830 ἀλλ’
1615 3774 1699 3832 ὅτι
1749 3776 1839 3831 καὶ
1889 3774 1980 3831 διὰ

313 3862 509 3940 δώρων
565 3861 787 3933 πολλὴν
834 3862 1019 3926 αὐτοῖς
1066 3865 1164 3933 τὴν
1214 3863 1370 3941 ἰσχὺν
1423 3870 1683 3941 παρεῖχεν
1733 3866 1761 3920 ὁ
1792 3872 1976 3920 Βωκα-

314 3952 430 4025 λᾶς,
464 3952 556 4009 ὅτι
589 3951 636 4008 εἰ
680 3951 938 4026 τολμήσῃ
984 3973 1067 4016 τις
1114 3955 1213 4022 τήν
1267 3958 1599 4030 Χριστιανῶν
1647 3954 1754 4008 ἀπὸ
1804 3954 1976 4025 ζήλου

314 4040 612 4113 λαλῆσαι,
663 4040 744 4104 τίς
805 4043 833 4095 6
892 4047 1013 4111 cf);
1068 4041 1315 4120 φυλακῆς
1372 4042 1572 4097 ἐκεῖνον
1629 4041 1973 4119 λυτρώσων;

313 4132 444 4204 Περὶ
501 4129 566 4186 δὲ
609 4132 708 4200 τήν
763 4131 1065 4208 Ἀρμενίων
1135 4130 1233 4186 ὅσα
1297 4136 1515 4186 ποιοῦσι
1565 4131 1694 4194 τοὺς
1743 4131 1977 4202 πλησιά-

315 4225 506 4293 ζοντας
591 4219 945 4296 ὀρθοδόξους,
999 4220 1332 4297 αἰσχύνομαι
1393 4218 1801 4297 διηγήσασθαι,
1863 4219 1978 4276 οἶδε

311 4310 462 4373 Θεόςο
495 4306 651 4378 πλὴν
703 4307 785 4364 ὅτι
830 4308 920 4364 καί
972 4310 1295 4385 συναγωγήν
1345 4307 1491 4385 ἔχειν
1544 4310 1620 4372 εἰς
1659 4312 1973 4386 προσευχὴν

311 4399 373 4454 ού
409 4397 750 4455 κωλύονται.
801 4397 870 4453 Ei’
915 4395 972 4452 δέ
999 4419 1082 4460 τις
1132 4402 1241 4453 τῶν
1291 4397 1617 4454 κωλυόννων
1672 4397 1976 4475 ὀρθοδόξων

309 4489 465 4544 κάκεῖ
495 4485 773 4561 τολμήσει
807 4485 1066 4558 λαλῆσαι,
1101 4485 1170 4542 δι’
1206 4486 1408 4564 ὀλίγων
1460 4487 1756 4564 βασιλικῶν
1791 4488 1975 4546 πολλά

311 4575 637 4650 δυνήσονται
687 4577 741 4631 οἱ
789 4575 1087 4653 ’Δρμένιοι.
1141 4579 1260 4632 Ὅτι
1313 4574 1370 4631 δὲ
1415 4577 1505 4631 καὶ
1554 4575 1644 4632 διὰ
1689 4578 1784 4640 τὰς
1843 4577 1975 4652 έμάς

311 4667 582 4744 ἁμαρτίας
687 4669 795 4720 τῶν
899 4670 1290 4742 Χριστιανικῶν
1406 4664 1654 4740 ἄρξαντες
1758 4665 1974 4724 πόλεων

2089 3513 2410 3578 Christum,
2442 3517 2500 3568 et
2527 3527 2871 3567 communes
2909 3516 3141 3566 nostras
3173 3509 3301 3581 pias
3348 3507 3742 3576 adorationes,

2088 3606 2146 3657 et
2174 3601 2276 3657 illa
2324 3601 2542 3671 omnia,
2587 3600 2803 3672 quibus
2849 3604 3055 3655 sancta
3101 3615 3168 3654 ac
3214 3595 3745 3670 irreprehensibilis

2086 3690 2549 3747 Christianorum
2610 3689 2754 3744 ﬁdes
2798 3687 3205 3760 locupletatur,
3255 3686 3578 3759 mysteria;
3639 3685 3740 3740 sed

2087 3780 2261 3836 etiam
2313 3781 2385 3835 ob
2417 3783 2504 3834 tot
2550 3777 2824 3850 praeclara
2867 3778 3021 3832 dona
3072 3781 3418 3846 tantamque
3468 3774 3741 3829 virtutem

2088 3887 2332 3942 quaeque
2362 3868 2445 3926 eis
2478 3866 2770 3923 concessit
2799 3865 3060 3934 Bocalas,
3095 3866 3246 3938 quod
3281 3864 3329 3920 si
3362 3864 3606 3920 auderet
3632 3861 3738 3918 ali-

2087 3959 2221 4030 quis
2261 3957 2723 4013 Christianorum
2773 3972 2841 4010 ex
2869 3953 2988 4009 zelo
3036 3970 3234 4010 vocem
3286 3952 3570 4017 attollere,
3603 3950 3738 4023 quis

2086 4048 2196 4103 erit
2224 4047 2389 4102 illum
2440 4063 2473 4101 a
2519 4060 2748 4102 carcere
2796 4043 3144 4099 redimens?
3193 4043 3390 4109 Quoad
3429 4041 3736 4096 Armenios

2087 4136 2322 4207 quantis
2387 4134 2790 4191 vexationibus
2857 4133 3117 4188 crucient
3183 4131 3588 4188 cobabitantes
3646 4147 3738 4184 or-

2085 4226 2391 4295 thodoxos,
2437 4225 2710 4279 horresco
2761 4223 2994 4291 referre,
3049 4221 3162 4277 scit
3207 4221 3410 4290 Deus;
3463 4218 3736 4291 equidem

2087 4329 2444 4387 synagogam
2477 4329 2648 4384 agere
2679 4327 2914 4383 precum
2945 4327 3061 4366 non
3111 4314 3332 4378 vetant,
3366 4309 3466 4365 sed
3499 4308 3549 4364 si
3581 4307 3734 4380 quis,

2084 4403 2418 4460 vetantibus
2471 4401 2832 4467 orthodoxis,
2861 4399 2943 4454 ibi
2995 4400 3207 4455 audeat
3235 4397 3637 4464 sermocinari,
3669 4414 3740 4453 ex

2085 4493 2442 4566 quibusdam
2494 4490 2690 4563 regiis,
2744 4489 2930 4545 multa
2976 4492 3217 4562 possent
3258 4486 3538 4543 Armenii.
3572 4486 3739 4551 Quod

2084 4587 2144 4638 et
2169 4599 2273 4654 pro
2300 4580 2552 4652 peccatis
2585 4579 2734 4635 meis
2783 4578 3246 4634 Christianorum
3277 4577 3443 4649 potiti
3476 4576 3595 4630 sint
3642 4593 3740 4646 op-

2085 4671 2242 4744 pidis
2274 4669 2604 4735 Ismaelitae,
2638 4685 2743 4725 nec
2786 4668 3062 4724 liberator
3111 4666 3364 4722 adfuerit
3393 4665 3740 4721 cedentibus

311 4754 669 4830 Ἰσμαηλῖται
701 4801 715 4828 ,
777 4751 904 4809 οὐδὲ
961 4762 1312 4831 σημαντῆρος
1369 4756 1513 4831 ἦχον
1579 4760 1976 4833 παραχωροῦσι

2091 4758 2458 4828 Christianis,
2492 4774 2664 4813 nemo
2697 4757 2948 4831 ignorat.
2971 4756 3089 4812 Nos
3118 4771 3254 4812 vero
3285 4761 3343 4809 et
3371 4755 3492 4810 haec
3523 4755 3583 4809 in
3615 4771 3742 4826 gra-

311 4849 686 4922 Χριστιανοῖς,
737 4841 914 4906 οὐδεὶς
959 4843 1161 4920 ἀγνοεῖ.
1213 4845 1404 4918 Ἡμεῖς
1452 4841 1510 4899 δὲ
1555 4844 1646 4899 καὶ
1674 4850 1842 4900 ταῦτα
1870 4847 1974 4920 χά-

315 4955 422 5011 ριτι
479 4937 722 5009 Χριστοῦ
776 4937 875 4988 τοῦ
949 4937 1089 4988 Θεοῦ
1141 4934 1242 5002 τὴν
1303 4932 1354 4987 έν
1413 4938 1628 5009 Χριστῷ
1700 4931 1974 5010 βασιλείαν

315 5023 686 5085 πλουτοῦντες
735 5024 1239 5101 κατεφρονήσαμεν,
1301 5023 1362 5078 οὐ
1426 5023 1589 5096 μόνον
1647 5028 1822 5078 ποιεῖν
1879 5022 1980 5079 ὅσα

315 5113 581 5186 ἐποίησαν
635 5113 687 5169 οἳ
738 5115 847 5168 τῶν
906 5109 1266 5185 Ἰσμαηλιτῶν
1325 5107 1610 5187 πρέσϐεις,
1665 5112 1756 5167 καὶ
1812 5118 1980 5168 ταῦτα

315 5200 627 5277 οὐδαμηνοὶ
679 5202 772 5257 καὶ
826 5202 975 5278 παρά
1016 5201 1283 5257 τοιούτων
1340 5200 1772 5276 ἀπεσταλμένοι,
1833 5200 1980 5257 ἀλλά

313 5292 403 5347 καὶ
463 5295 712 5371 φανερῶς
797 5289 877 5369 ἐφ’
955 5290 1176 5365 ὑψηλοῦ
1226 5286 1603 5354 ἀναϐαίνοντες
1642 5337 1654 5357 ,
1713 5291 1788 5353 ὡς
1860 5289 1980 5352 ἔθος

313 5376 538 5457 ἔχουσιν
571 5379 622 5435 έν
655 5384 723 5454 τῇ
770 5381 933 5456 χώρᾳ
975 5379 1153 5435 αὐτῶν
1203 5381 1269 5435 τὰ
1321 5380 1534 5457 μυσαρὰ
1581 5379 1755 5435 αὐτῶν
1806 5380 1978 5458 ἐκφω-

314 5474 468 5525 νοῦσι
527 5471 828 5548 μυστήρια.
882 5473 1060 5524 Ταῦτα
1106 5468 1197 5523 καὶ
1245 5468 1314 5524 τὰ
1351 5473 1576 5523 τοιαῦτα
1619 5466 1977 5542 τολμώμενα,

316 5558 693 5628 σοσκιάζουσιν
736 5559 790 5614 οἱ
839 5560 1092 5634 ὁρῶντες,
1140 5557 1231 5612 καὶ
1281 5557 1343 5612 οὗ
1390 5562 1609 5633 γυμνῶς
1657 5557 1980 5635 ἀναφέρουσι

316 5651 384 5722 τῇ
420 5644 675 5725 βασιλείᾳ
722 5667 840 5721 σου,
867 5645 962 5702 τίνα
1007 5647 1100 5702 τὸν
1149 5643 1328 5702 ἔνθεόν
1381 5667 1476 5701 σου
1527 5645 1694 5716 ζῆλον
1750 5643 1982 5722 ἐνδείξῃς

321 5733 412 5791 διὰ
452 5740 641 5794 ταῦτα.
693 5738 815 5812 ἅγιε
876 5734 1120 5812 βασιλεῦ.
1181 5740 1305 5798 Πῶς
1364 5735 1728 5790 εἷσακούσεται
1775 5736 1802 5789 ὁ
1851 5736 1982 5798 Θεὸς

321 5829 429 5881 τῶν
479 5823 657 5901 εὐχῶν
711 5829 898 5903 ἡμῶν,
944 5825 989 5880 εἰ
1035 5825 1125 5881 καὶ
1172 5824 1320 5889 ὅλως
1371 5824 1649 5902 εὐχόμεθα
1679 5844 1694 5896 ;
1729 5829 1855 5889 Πῶς
1903 5821 1982 5881 ἔτι

2083 4850 2168 4906 tia
2215 4848 2427 4904 Christi
2471 4847 2596 4914 Dei,
2645 4852 2703 4902 et
2749 4847 2809 4901 in
2851 4845 3065 4901 Christi
3113 4845 3359 4917 imperio
3402 4843 3740 4917 locupletati

2088 4936 2545 5002 contemnimus,
2580 4953 2690 4992 non
2747 4935 3118 4992 solummodo
3151 4951 3323 5007 agere
3375 4950 3741 5006 quascunque

2087 5031 2333 5100 egerunt
2356 5025 2718 5096 antiquiores
2750 5023 3200 5088 Ismaelitarum,
3227 5022 3351 5078 haec
3381 5023 3542 5095 parvi
3574 5039 3744 5095 repu-

2088 5119 2298 5185 tantes,
2333 5114 2440 5170 etsi
2471 5114 2542 5169 de
2575 5113 2870 5169 similibus
2902 5113 3092 5179 missi,
3127 5112 3225 5168 sed
3259 5117 3317 5167 et
3345 5111 3539 5184 palam
3573 5111 3632 5166 in
3664 5111 3744 5166 al-

2087 5209 2214 5260 tum
2247 5203 2652 5269 ascendentes,
2685 5203 2839 5274 quod
2872 5202 3114 5273 insuper
3139 5205 3390 5256 tractent
3417 5201 3476 5255 in
3508 5199 3745 5272 regione

2089 5311 2199 5350 sua
2228 5291 2477 5348 scelesta
2509 5308 2776 5364 quaeque,
2809 5291 3084 5360 mysteria
3126 5293 3469 5362 nuncupant
3497 5314 3512 5356 ;
3541 5288 3658 5344 ista
3685 5292 3743 5344 et

2091 5381 2310 5439 similia
2356 5397 2471 5437 non
2522 5381 2955 5448 erubescentes,
2991 5397 3118 5451 quae
3165 5378 3498 5435 videntibus
3548 5378 3741 5434 occul-

2090 5476 2239 5541 tant,
2271 5474 2329 5527 et
2359 5487 2473 5526 non
2505 5470 2621 5525 nisi
2651 5469 2837 5525 velata
2885 5470 3146 5542 praebent
3177 5468 3470 5541 majestati
3512 5471 3646 5534 tuas,
3679 5471 3746 5524 ut

2091 5560 2286 5617 divino
2319 5559 2516 5616 studio
2563 5557 2667 5614 illa
2711 5557 3108 5630 prosequaris,
3142 5559 3235 5630 pie
3283 5574 3402 5626 rex,
3435 5557 3486 5613 si
3518 5561 3745 5630 patere-

2094 5667 2247 5716 mur,
2308 5648 2602 5721 quomodo
2680 5646 2950 5704 exaudiet
3011 5649 3158 5702 Deus
3210 5663 3408 5720 preces
3489 5649 3743 5715 nostras,

2092 5739 2235 5795 dum
2267 5737 2326 5792 in
2355 5736 2656 5793 communi
2677 5736 3171 5808 deprecaremur‘?
3201 5735 3501 5800 Quomodo
3528 5735 3742 5790 iterum

2093 5831 2152 5884 te
2193 5831 2433 5884 vocante
2479 5826 2654 5898 dicet,
2705 5825 2848 5881 Ecce
2896 5823 3058 5898 ego?
3126 5824 3426 5889 Quomodo
3473 5822 3746 5898 loquetur
