4132 6428
341 478 458 544 811

1463 485 1901 550 ATHANASII
1944 483 2064 548 GP.
2107 485 2642 552 PATRIARCHE

3646 483 3766 548 διε

355 632 562 690 pacem
613 633 791 690 super
841 615 1124 692 populum
1175 618 1396 676 tuum?
1443 619 1755 694 Propterea
1801 625 1866 677 ut
1907 620 2000 677 his

2124 618 2411 682 λαλοῦντός
2460 643 2554 676 σου
2608 620 2796 697 λέγει,
2848 616 2990 677 Ἰδοὺ
3037 617 3264 696 πάρειμι
3300 637 3314 690 ;
3355 621 3480 682 Πῶς
3533 601 3762 690 λαλῆσιι

346 705 468 762 tuis
499 707 901 776 sermonibus}
924 706 1148 780 aliquid
1198 709 1520 780 proﬁciam,
1553 714 1706 780 peto,
1740 727 1861 776 oro,
1894 711 1994 766 ob-

342 799 526 852 testor
557 797 927 866 majestatem
978 802 1164 868 tuam,
1207 815 1420 870 surge;
1455 797 1743 868 accipiant
1790 799 1994 870 injusti

341 902 569 958 pmnas,
599 886 852 958 improbi
877 888 1116 959 jugum,
1149 892 1208 942 tu
1263 904 1395 942 vero
1431 889 1678 958 justitiae
1709 894 1766 945 et
1795 889 2000 945 verita-

341 973 420 1030 tis
452 974 698 1047 gloriam
730 980 788 1030 et
829 975 1133 1032 honorem.
1183 977 1499 1049 Accingere
1529 977 1725 1047 gladio
1774 983 1872 1033 tuo
1905 996 2000 1033 su-

346 1080 450 1137 per
480 1065 671 1120 femur
719 1070 887 1119 tuum
938 1081 1072 1120 cum
1123 1065 1238 1121 Deo
1267 1067 1324 1120 in
1371 1067 1648 1123 omnibus
1696 1068 1902 1139 aequis,
1944 1073 2001 1122 et

348 1153 633 1221 interﬁce,
666 1159 723 1209 et
766 1155 874 1210 iter
905 1170 1249 1226 prosperum
1297 1171 1424 1227 age,
1456 1160 1513 1210 et
1558 1173 1737 1227 regna
1769 1161 2002 1228 propter

348 1243 650 1300 veritatem
710 1249 766 1299 et
827 1243 1146 1315 justitiam,
1199 1244 1393 1299 studio
1460 1245 1654 1300 divino
1718 1262 2000 1302 accensus

348 1338 408 1390 et
456 1336 612 1388 recta
676 1332 955 1401 sentiens,
1001 1339 1067 1387 ut
1109 1337 1162 1386 te
1208 1334 1440 1389 dextera
1509 1333 1602 1390 Dei
1652 1334 2003 1390 mirabiliter

348 1422 547 1491 ducat,
604 1427 661 1476 et
708 1421 1070 1494 gloriﬁceris.
1124 1422 1528 1478 Gloriﬁcantes
1576 1441 1668 1479 me
1716 1424 1997 1496 gloriﬁco,

344 1511 430 1567 ait
457 1511 614 1566 enim
645 1511 953 1567 Dominus.
986 1511 1124 1567 Novi
1155 1528 1260 1584 ego
1293 1513 1447 1584 quod
1494 1511 1783 1584 gloriﬁces
1819 1519 2000 1568 Deum

347 1599 410 1656 in
459 1601 654 1671 corde,
705 1602 804 1656 sed
856 1603 1073 1671 pariter
1118 1600 1208 1656 lex
1255 1601 1354 1656 Dei
1381 1605 1500 1667 est,
1544 1603 1600 1657 in
1655 1603 2002 1658 abscondito

349 1706 485 1747 eum
533 1689 928 1763 gloriﬁcantes
975 1689 1036 1745 in
1088 1691 1430 1746 abscondito
1479 1691 1850 1764 gloriﬁcare;
1901 1693 2002 1763 qui

351 1794 486 1836 vero
515 1795 709 1834 coram
757 1779 1118 1846 hominibus,
1150 1784 1208 1835 et
1254 1781 1380 1852 ipse
1411 1797 1607 1836 coram
1642 1781 2002 1837 hominibus.

349 1867 695 1940 Quicunque
724 1869 901 1936 enim,
931 1869 1142 1940 inquit,
1168 1885 1258 1925 me
1281 1870 1587 1925 confessus
1609 1870 1785 1926 fuerit
1806 1887 2004 1926 coram

352 1957 714 2024 hominibus,
743 1957 1062 2014 conﬁtebor
1104 1961 1160 2014 et
1189 1974 1314 2029 ego.
1363 1957 1424 2012 In
1460 1958 1551 2013 his
1590 1957 1639 2013 si
1676 1963 1870 2030 partes
1901 1959 2002 2014 Dei

350 2046 701 2118 susceperis,
759 2046 882 2102 haec
937 2046 1138 2102 divina
1193 2051 1296 2102 tua
1340 2051 1601 2118 potestas
1650 2047 2003 2120 perﬁcietur,

349 2151 453 2192 nec
485 2134 642 2190 aliud
675 2135 1007 2190 timendum
1057 2135 1243 2191 aderit
1271 2136 1342 2190 de
1374 2136 1592 2191 caeteris
1627 2153 1639 2190 :
1689 2136 1792 2191 tibi
1825 2135 2006 2208 igitur

342 2224 682 2281 thesauriza
709 2225 864 2296 apud
903 2225 1081 2280 Deum
1116 2223 1340 2280 clarum
1372 2229 1428 2281 et
1447 2229 1720 2280 sanctum
1753 2242 2001 2293 nomen;

351 2314 550 2370 studio
597 2330 729 2369 vere
785 2313 1124 2369 accendaris
1193 2330 1308 2369 non
1367 2313 1604 2385 quidem
1655 2315 1850 2378 verbo,
1904 2315 2003 2369 sed

350 2420 560 2477 opere;
615 2419 728 2458 non
779 2403 936 2459 enim
981 2419 1305 2470 sermones,
1354 2403 1456 2458 sed
1508 2420 1685 2475 opera
1737 2403 2006 2459 exhibere

355 2496 583 2565 oportet
625 2491 684 2548 in
733 2496 996 2564 tempore
1043 2491 1252 2548 exitus.
1287 2492 1515 2548 Enitere
1563 2492 1854 2549 Phineas:
1891 2491 2009 2564 pla-

355 2597 424 2637 ca
454 2580 640 2637 Deum
663 2585 900 2653 propter
929 2580 1086 2636 mala
1131 2586 1280 2651 acta,
1306 2586 1368 2636 ut
1418 2582 1745 2638 corruentis
1775 2582 2006 2654 imperii

351 2670 583 2726 ruinam
610 2675 1032 2742 compescat,ac
1055 2670 1518 2727 Christianorum
1540 2672 1686 2726 ﬁnes
1711 2672 2004 2742 extendat,

354 2763 421 2815 ut
445 2758 673 2831 copiam
706 2759 972 2814 omnium
1024 2759 1468 2815 commodorum
1502 2764 1558 2814 et
1606 2764 1841 2831 praestet
1874 2777 2005 2832 pro-

352 2848 466 2921 bis,
500 2852 565 2904 ut
593 2852 815 2921 pugnet
844 2852 1063 2915 tecum,
1088 2853 1146 2904 et
1175 2848 1496 2904 scabellum
1519 2849 1736 2921 pedum
1767 2854 2004 2904 tuorum

353 2941 534 3010 ponat
554 2953 727 2994 omne
759 2937 1071 2993 adversum
1100 2942 1156 2992 et
1185 2937 1399 2993 hostile
1432 2937 1690 3010 pulveris
1713 2938 1920 3005 instar,
1943 2942 2008 2993 ut

356 3025 584 3084 felicem
615 3026 719 3081 tibi
749 3025 1038 3098 largiatur
1086 3026 1292 3092 vitam,
1324 3031 1382 3081 et
1431 3026 1746 3098 imperium
1783 3026 1918 3082 ﬁliis
1949 3031 2008 3082 et

357 3115 632 3190 posteris,
658 3131 725 3170 ac
755 3113 814 3168 in
846 3115 1172 3170 mercedem
1221 3113 1441 3170 laboris
1473 3115 1878 3172 benedictione
1908 3115 2006 3171 be-

360 3204 593 3261 nedicat
619 3203 748 3274 tibi,
780 3203 1063 3260 Dominus
1092 3207 1150 3259 et
1197 3220 1331 3259 cum
1382 3205 1645 3260 terrestri
1696 3205 1860 3277 regni
1891 3204 2009 3277 glo-

358 3293 507 3351 riam
537 3293 821 3350 concedat
850 3292 1167 3350 cmlestem.

359 3580 606 3654 Ερίεΐοια
632 3579 715 3654 ad,
755 3581 1143 3651 imperatorem
1171 3584 1243 3654 ut
1278 3581 1551 3654 instituat,
1579 3581 1776 3638 libero:
1803 3586 1857 3638 et
1884 3583 2015 3639 sub-

657 3651 802 3708 ditos
830 3667 1018 3708 omnes
1046 3651 1341 3708 secundum
1369 3653 1468 3708 Dei
1489 3653 1718 3725 placita.

437 3832 588 3896 Quia
635 3831 788 3888 ﬁlios
852 3847 970 3887 non
1020 3833 1191 3888 doces
1254 3847 1382 3904 quae
1449 3831 1828 3904 acceptabilia
1876 3837 2017 3888 sunt

365 3921 520 3994 apud
556 3921 906 3988 Dominum;
942 3921 1081 3994 quia
1114 3921 1426 3976 honestum
1459 3937 1574 3976 non
1606 3937 1800 3988 curas,
1816 3938 2017 3994 quem-

364 4010 685 4066 admodum
733 4010 924 4066 bonus
973 4010 1148 4066 debet
1197 4009 1657 4082 paterfamilias;
1711 4013 1850 4082 quia
1898 4010 2016 4082 pol-

361 4098 490 4156 luta
519 4106 577 4156 et
627 4099 1027 4156 contaminata
1074 4104 1164 4156 est
1203 4098 1488 4170 Ecclesia,
1517 4099 1599 4154 ita
1628 4103 1692 4155 ut
1743 4116 1859 4156 non
1896 4106 2017 4155 tan-

362 4192 490 4246 tum
523 4193 834 4246 arceantur
881 4189 1199 4262 digniores,
1230 4189 1332 4244 sed
1380 4189 1556 4244 etiam
1588 4189 1903 4244 audiantur
1934 4190 2016 4244 in-

368 4277 530 4351 digni
561 4278 1020 4334 sermocinantes
1063 4277 1124 4333 in
1173 4277 1590 4346 concionibus;
1622 4278 1763 4350 quia
1792 4295 1906 4334 non
1931 4296 2020 4334 so-

368 4367 494 4423 lum
529 4367 770 4441 ignarus
816 4367 1054 4423 relictus
1092 4371 1182 4423 est
1225 4366 1462 4438 vulgus,
1495 4368 1595 4422 sed
1641 4367 1818 4423 etiam
1853 4367 2016 4441 igno-

371 4456 571 4513 rantiae
603 4456 863 4512 veritatis
915 4455 1115 4512 omnia
1153 4473 1304 4512 vana
1348 4456 1683 4512 Judaeorum
1715 4462 1772 4512 et
1815 4463 2010 4512 Arme-

371 4546 605 4601 niorum
637 4546 894 4601 admista
932 4546 1131 4613 fuere;
1166 4545 1305 4617 quia
1351 4545 1684 4601 laborantes
1729 4563 1842 4602 non
1875 4546 2022 4617 diju-

367 4635 730 4702 dicaverunt,
761 4635 861 4690 sed
895 4634 954 4688 in
987 4635 1459 4706 corruptionibus
1477 4639 1535 4689 et
1562 4633 1870 4705 injustitiis
1901 4651 2022 4690 cor-

2109 709 2329 784 είρτςνην
2382 709 2467 765 ἐπὶ
2519 710 2608 765 τὸν
2671 710 2800 766 λαὸν
2861 709 3024 764 αὐτοῦ
3059 729 3072 777 ;
3111 707 3208 764 Διά
3261 714 3450 780 ταῦτα,
3505 705 3596 764 ’ίνα
3648 713 3765 770 τοῖς

2108 805 2224 862 σοῖς
2258 797 2445 875 λόγοις
2475 802 2798 876 χρήσωμαι,
2849 797 3171 875 παρακαλῶ,
3225 797 3550 875 παρακαλῶ,
3593 817 3764 874 παρα-

2106 887 2262 944 καλῶ
2313 889 2398 957 ιὴν
2454 888 2730 964 βασιλείάν
2790 909 2907 959 σου,
2960 885 3301 957 διανάστηθι.
3337 887 3658 962 Ἐχέτωσαν
3709 886 3762 941 οἱ

2107 975 2456 1050 ἀδικούμενοι
2527 977 2700 1053 κρίσιν
2737 1021 2752 1047 ,
2810 977 2862 1031 οἱ
2919 980 3390 1052 κακοπραγοῦντες
3447 977 3545 1044 τὴν
3607 976 3760 1031 ἀνα-

2107 1066 2365 1142 χαίτισιν,
2397 1067 2461 1120 σὺ
2507 1073 2605 1136 τῆς
2655 1063 3002 1134 δικαιοσύνης
3048 1063 3138 1120 καί
3187 1063 3446 1134 ἀληθείας
3490 1066 3590 1133 τήν
3624 1065 3764 1118 ἀπο-

2110 1153 2284 1231 δοχὴν
2343 1156 2432 1210 καὶ
2488 1157 2578 1210 τὸν
2635 1154 2850 1210 ἔπαινον
2889 1199 2902 1213 .
2965 1153 3268 1230 Περίζωσαι
3333 1154 3432 1222 τὴν
3491 1151 3764 1231 ῥομφαίαν

2112 1266 2207 1299 σου
2240 1244 2326 1299 ἐπὶ
2356 1243 2448 1299 τὸν
2482 1244 2656 1318 μηρόν
2708 1265 2803 1298 σου
2859 1244 2991 1317 μετᾶ
3039 1246 3166 1298 Θεὸν
3219 1241 3272 1297 έν
3323 1247 3453 1297 πᾶσι
3493 1247 3609 1303 τοῖς
3640 1241 3767 1318 ἀγα-

2112 1339 2250 1402 θοῖς,
2303 1335 2391 1388 καὶ
2434 1331 2631 1390 ἓντεινε
2687 1333 2776 1388 καὶ
2835 1330 3130 1388 κατευοδοῦ
3169 1332 3260 1386 καὶ
3311 1330 3561 1408 βασίλευε
3587 1328 3765 1387 ἕνεκεν

2112 1420 2375 1493 ἀληθείας
2406 1423 2495 1478 καὶ
2541 1420 2886 1492 δικαιοσύνης
2934 1421 3024 1476 καὶ
3077 1418 3249 1490 ζήλου
3297 1422 3478 1476 θεϊκοῦ
3507 1419 3597 1475 καὶ
3629 1439 3765 1497 φρο-

2111 1513 2381 1585 νήματος,
2425 1510 2514 1566 ’ίνα
2543 1515 2576 1581 ἡ
2617 1515 2714 1566 τοῦ
2761 1515 2892 1566 Θεοῦ
2943 1507 3088 1580 δεξιά
3137 1511 3460 1583 θαυμαστῶς
3521 1506 3769 1584 ὁδηγήσῃ

2113 1623 2192 1665 σε,
2219 1599 2311 1655 ’ίνα
2341 1598 2556 1675 δοξάσῃ.
2593 1625 2621 1651 ‹‹
2653 1599 2797 1662 Τοὺς
2842 1601 2947 1676 γὰρ
2987 1597 3311 1670 δοξάζοντάς
3363 1619 3431 1672 με
3473 1595 3703 1668 δοξάζω,
3739 1621 3768 1649 ››

2114 1689 2276 1760 φησὶν
2309 1691 2337 1745 ὁ
2387 1689 2537 1752 Θεός.
2589 1690 2687 1744 Καὶ
2741 1686 2862 1743 οἶδα
2908 1687 2991 1742 ὅτι
3047 1685 3284 1758 δοξάζεις
3332 1687 3490 1742 αὐτὸν
3547 1685 3598 1742 ἐν
3646 1707 3772 1762 κλαρ-

2116 1775 2222 1848 δίᾳ.
2259 1777 2418 1834 Ἀλλ’
2446 1779 2598 1852 ὅμως
2629 1778 2800 1852 νόμος
2850 1777 2961 1832 ἐστὶ
3009 1781 3166 1846 Θεοῦ,
3214 1777 3342 1839 τοὺς
3391 1775 3636 1854 κρυφίως
3671 1773 3770 1830 αὐ-

2112 1869 2204 1922 τὸν
2257 1865 2577 1940 δοξάζοντας
2623 1865 2866 1944 κρυφίως
2913 1863 3274 1936 ἀντιδοξάζειν
3310 1885 3322 1897 ·
3363 1865 3492 1927 τοὺς
3540 1863 3771 1920 ἐνώπιον

2038 1962 2219 2062 Βτῶν
2284 1958 2581 2032 ἀνθρώπων
2629 1955 2858 2011 ἐνώπιον
2907 1961 3016 2010 τῶν
3075 1955 3374 2031 ἀνθρώπων
3410 2001 3423 2026 ,
3481 1955 3617 2009 κατὰ
3671 1971 3765 2009 το·

2175 2049 2236 2062 ηΑ
2409 2047 2421 2062 .
2514 2043 2533 2062 κ
2638 2047 2650 2062 ,
2853 2045 2866 2062 η
2957 2045 2971 2062 ς
3021 2044 3036 2062 ,
3099 2044 3109 2062 ι
3337 2049 3362 2058 -
3459 2043 3473 2062 η
3516 2045 3541 2062 η
3605 2044 3615 2062 .

2122 2049 2359 2108 «Ὅστις
2402 2043 2794 2121 ὁμολογήσειεν
2850 2045 2973 2117 ἐμοὶ
3019 2044 3248 2099 ἐνώπιον
3297 2049 3404 2098 τῶν
3449 2043 3766 2116 ἀνθρώπων,

2117 2135 2456 2210 ὁμολογήσω
2487 2133 2660 2207 κάγώ.
2687 2159 2713 2184 ››
2748 2134 2832 2187 Ἐν
2887 2131 3102 2195 τούτοις
3153 2131 3198 2186 εἰ
3232 2131 3432 2206 σπεύσῃ
3476 2133 3611 2206 μετά
3640 2132 3767 2186 Θεὸν

2115 2228 2150 2294 ’ἡ
2183 2225 2242 2280 ἐκ
2270 2229 2404 2280 Θεοῦ
2438 2221 2687 2299 βασιλεία
2717 2244 2812 2277 σου
2858 2223 2994 2299 πρὸς
3042 2219 3413 2297 ἐκπλήρωσιν,
3459 2220 3562 2276 οὐκ
3606 2220 3769 2291 ὀκνή-

2118 2335 2282 2387 σομεν
2340 2312 2618 2390 ἀναφέρειν
2675 2313 2765 2366 καὶ
2823 2312 2948 2386 περὶ
3006 2315 3113 2365 τῶν
3178 2315 3386 2365 Αοιπῶν
3424 2355 3436 2366 .
3497 2307 3773 2385 Κέρδησον

2118 2401 2209 2459 οὖν
2245 2401 2332 2457 διὰ
2363 2402 2452 2457 τὸν
2498 2403 2626 2457 Θεὸν
2671 2403 2732 2456 τὸ
2787 2399 2954 2456 καλὸν
3004 2400 3093 2455 καὶ
3143 2402 3298 2475 ἅγιον
3350 2395 3546 2473 ὄνομα.
3579 2397 3770 2469 Ζηλω-

2118 2513 2208 2548 σον
2243 2491 2463 2562 ἀληθῶς
2496 2493 2571 2564 μὴ
2606 2491 2780 2565 λόγῳ,
2815 2489 2942 2546 ἀλλ’
2991 2488 3155 2566 ἔργῳ.
3211 2488 3286 2544 Οὐ
3335 2490 3440 2564 γὰρ
3487 2489 3687 2564 λόγους
3719 2488 3771 2544 ἐν

2116 2586 2290 2656 καιρῷ
2339 2578 2563 2651 ἐξόδου,
2615 2578 2741 2636 ἀλλ’
2793 2575 2922 2656 ἔργα
2972 2579 3134 2654 χρεία
3183 2576 3506 2651 ἐνδείξασθαι
3540 2623 3552 2635 .
3614 2583 3775 2633 Γενοῦ

2119 2671 2328 2733 Φινεές.
2392 2670 2663 2742 Ἐξίλασαι
2723 2670 2856 2745 ὑπὲρ
2915 2674 3020 2723 τῶν
3078 2673 3258 2730 κακῶς
3309 2667 3642 2742 γενομένων,
3693 2665 3778 2722 ἵνα

2118 2762 2154 2829 ἡ
2211 2761 2431 2836 θραῦσις
2489 2758 2742 2832 κοπάσῃ,
2796 2757 2889 2812 ’ίνα
2949 2756 3015 2812 τά
3077 2761 3184 2812 τῶν
3255 2761 3589 2833 Χριστιανῶν
3651 2755 3775 2831 ὅρια

2117 2848 2366 2923 πλατύνῃ
2397 2849 2426 2903 ὁ
2456 2849 2607 2916 Θεὸς,
2657 2846 2749 2902 τίνα
2796 2845 3048 2917 εὐθηνίαν
3097 2849 3207 2900 τῶν
3248 2842 3534 2922 χρειωδῶν
3574 2846 3776 2922 παρέξῃ

2118 2939 2253 3014 πρὸς
2279 2938 2342 2993 τὸ
2374 2938 2638 3008 ὑπήκοον,
2663 2935 2754 2991 *ίνα
2807 2937 3196 3011 ὑπερμαχήσοι
3243 2955 3351 3006 σοι,
3377 2933 3469 2990 ’ίνα
3503 2935 3606 2990 ὑπὸ
3646 2933 3776 2997 τοὺς

2117 3025 2288 3089 πόδας
2337 3025 2466 3089 τοὺς
2533 3025 2659 3088 σοὺς
2722 3023 3024 3098 καταλεάνῃ
3071 3023 3244 3079 πάντα
3292 3023 3488 3100 ἐχθρὸν
3538 3023 3627 3078 καὶ
3677 3045 3776 3079 πο·

2117 3115 2311 3190 λέμιον
2362 3113 2520 3186 δίκην
2571 3111 3023 3192 κυνιορτοῦ,⁹ίνα
3079 3112 3398 3188 μακραίωνα
3440 3134 3523 3168 σοι
3571 3112 3776 3190 παρέξῃ

2121 3206 2284 3276 ζωὴν,
2312 3202 2403 3259 τίνα
2429 3205 2530 3273 τὴν
2576 3202 2854 3279 βασιλείαν
2908 3203 3062 3258 παισὶ
3105 3203 3196 3257 καὶ
3244 3201 3490 3279 ἐγγόνοις
3543 3223 3638 3256 σου
3685 3199 3776 3257 διὰ

2116 3295 2211 3356 τὰς
2271 3295 2366 3355 σὰς
2442 3293 2636 3369 ἀρετὰς
2691 3292 3030 3369 παραπέμψῃ
3109 3297 3320 3367 γενεαῖς
3383 3295 3578 3366 γενεῶν
3615 3337 3629 3362 ,
3689 3289 3778 3346 ἵνα

2039 3367 2084 3434 C
2121 3383 2213 3440 σὺν
2263 3387 2331 3457 τῇ
2383 3367 2607 3458 ἐπιγείῳ
2669 3367 2918 3458 βασιλείᾳ
2973 3379 3177 3456 παρέξῃ
3231 3401 3316 3436 σοι
3385 3380 3476 3437 καὶ
3529 3381 3628 3449 τήν
3688 3378 3779 3435 οὐ·

2123 3493 2215 3548 ραν
2225 3493 2327 3530 ιον.

2125 3579 2364 3665 Γράμμα
2421 3578 2556 3665 πρὸς
2614 3577 2708 3665 τὸν
2765 3575 3181 3665 αύτοκράτορα,
3224 3573 3598 3665 ἵναγπαιδεύῃ
3651 3575 3780 3665 τοὺς

2194 3647 2345 3726 υἵούς
2405 3647 2570 3704 αύτοῦ
2629 3649 2705 3712 εἷς
2761 3651 2828 3704 τὰ
2883 3647 2961 3722 τῷ
2990 3647 3107 3722 Θεῷ
3156 3647 3371 3726 ἀρεστὰ,
3426 3648 3516 3704 καὶ
3556 3647 3659 3704 πᾶν
3716 3647 3783 3702 τὸ

2198 3723 2439 3793 ὑπήκοον
2451 3767 2462 3778 .

2197 3830 2315 3884 Ὀτι
2354 3830 2431 3902 μή
2461 3826 2589 3890 τοὺς
2639 3826 2790 3892 υἱούς
2838 3825 3113 3890 παιδεύεις
3165 3825 3240 3889 είς
3287 3827 3355 3882 τὰ
3390 3829 3470 3898 τῷ
3519 3830 3636 3898 Θεῷ
3661 3845 3784 3902 αρε-

2127 3917 2242 3974 στά·
2277 3917 2361 3972 ὅτι
2407 3921 2506 3973 τοῦ
2557 3916 2801 3988 ὑπηκόου
2854 3918 2928 3990 μὴ
2963 3920 3172 3990 προνοῇ
3213 3916 3289 3978 ὡς
3333 3913 3544 3972 παίδων
3576 3916 3779 3987 πατήρ·

2126 4006 2209 4063 ὅτι
2243 4002 2570 4078 ἐϐεϐηλώθη
2620 4006 2709 4061 καὶ
2754 4001 3068 4076 κατεϐλήθη
3122 4008 3157 4075 ἡ
3215 4002 3531 4074 Ἐκκλησία,
3577 4003 3654 4067 ὡς
3702 4004 3781 4076 μὴ

2131 4095 2434 4170 μόνονοῦς
2480 4097 2790 4170 ἀγνοοῦσιν,
2843 4093 2989 4152 ἀλλὰ
3035 4094 3126 4150 καὶ
3179 4093 3270 4157 οὓς
3302 4091 3510 4150 οίίδασιν
3537 4092 3783 4163 ἀναξίους

2128 4185 2359 4260 εἰσάγειν
2389 4190 2467 4257 τῷ
2501 4186 2569 4260 βή
2583 4205 2730 4257 ματιο
2764 4183 2848 4240 ὅτι
2881 4183 2943 4240 οὗ
2996 4184 3072 4256 μὴ
3131 4183 3294 4256 μόνον
3334 4180 3620 4246 ἀδίδακτος
3651 4203 3782 4240 κατο

2129 4274 2353 4352 ελείφθη
2415 4275 2442 4329 ὁ
2499 4275 2680 4335 κοινὸς
2740 4272 2892 4346 λαὸς,
2954 4270 3102 4328 ἀλλὰ
3129 4272 3220 4328 καὶ
3271 4277 3341 4346 τῇ
3375 4271 3650 4349 εἰσαγωγῇ
3705 4271 3782 4334 ὡς

2130 4363 2230 4419 οὐκ
2284 4359 2513 4441 ὤφειλεν
2578 4359 2851 4418 Ἰουδαίων
2907 4361 2997 4417 καὶ
3052 4361 3350 4438 Ἀρμενίων
3408 4360 3782 4435 καταμιαίνε-

2127 4472 2237 4510 ται⁹
2296 4452 2378 4508 ὅτι
2439 4453 2489 4508 οἳ
2547 4452 2884 4529 ἐνεργοῦντες
2945 4451 3043 4506 οὐκ
3097 4451 3494 4528 ἀνακρίνονται,
3544 4447 3671 4507 ἀλλ’
3728 4451 3782 4506 ἐν

2129 4541 2425 4615 ἀκαθαρσίᾳ
2492 4541 2581 4597 καὶ
2657 4539 2842 4612 ἀδικίᾳ
2917 4539 3287 4616 πορεύονται·
3348 4539 3432 4596 ὅτι
3487 4534 3690 4616 ἐκρύϐη
3747 4543 3783 4610 ἡ

2131 4630 2364 4704 ἀλήθεια
2408 4630 2497 4686 καὶ
2551 4627 2860 4700 δικαιοσύνη
2911 4630 3003 4685 καὶ
3053 4629 3229 4705 κρίσις
3277 4628 3366 4684 καὶ
3411 4627 3588 4691 ἕλεος
3639 4628 3724 4685 ὅτι
3753 4629 3784 4684 ὁ

367 4729 616 4781 ruerunt
647 4728 691 4792 ςὶ
713 4724 856 4793 quia
910 4722 1138 4779 occulta
1184 4729 1275 4779 est
1321 4724 1535 4779 veritas
1585 4730 1642 4778 et
1681 4723 1918 4792 justitia
1966 4730 2010 4780 el

2128 4725 2226 4777 τοῦ
2256 4725 2390 4776 Θεοῦ
2420 4719 2552 4782 λαὸς
2585 4719 2636 4790 ἐξ
2680 4719 2913 4793 ἰσμαήλ
2958 4717 3236 4795 παρεδόθη
3292 4716 3382 4774 διὰ
3405 4717 3670 4795 μοιχείας
3700 4719 3785 4773 αἰ-

365 4813 614 4886 ωᾳιιίιαε
639 4812 828 4884 ;:_quia
858 4811 1112 4885 populus
1135 4813 1364 4868 Domini
1395 4813 1467 4868 ab
1499 4811 1746 4868 Ismaele
1778 4815 1836 4867 in
1859 4813 2024 4868 adul-

365 4902 514 4960 teria
552 4901 887 4959 incestuosa
936 4901 1208 4968 traditur,
1241 4907 1298 4958 et
1346 4901 1406 4956 in
1437 4919 1646 4974 pravas
1697 4901 2020 4957 bestiarum

367 4991 744 5064 cupiditates,
778 4995 835 5046 et
880 4989 939 5045 in
973 4991 1274 5046 infandam
1329 4989 1761 5063 blasphemiam
1811 4996 1868 5046 et
1897 5007 2020 5046 ma-

371 5080 531 5154 giam
575 5083 632 5135 et
678 5078 1031 5151 injustitiam
1059 5104 1073 5147 ;
1105 5079 1242 5150 quia
1295 5079 1570 5151 nuspiam
1616 5096 1895 5135 concessa
1937 5083 2026 5134 est

373 5169 584 5227 mortis
611 5168 935 5241 impunitas
956 5167 1234 5225 solitariis
1267 5172 1324 5223 et
1343 5168 1650 5224 monachis
1675 5186 1688 5237 ;
1723 5169 1862 5240 quia
1881 5169 2023 5224 dum

371 5262 612 5333 possent
659 5262 718 5313 et
761 5257 1100 5313 communia
1161 5261 1218 5312 et
1264 5256 1499 5328 propria
1553 5262 1788 5329 propter
1839 5257 2026 5312 Domi-

375 5364 517 5405 num
550 5351 609 5403 et
655 5363 790 5403 cum
846 5347 1092 5402 Domino
1145 5362 1316 5419 agere
1365 5363 1469 5401 nec
1499 5363 1616 5401 non
1670 5346 1858 5402 colere
1887 5363 2024 5402 con-

368 5440 760 5508 tempserunt,
795 5435 989 5507 potius
1036 5435 1244 5490 inutile
1291 5439 1620 5502 sectantes;
1653 5436 1792 5506 quia
1825 5435 2025 5490 missis

370 5525 577 5597 copiis,
640 5541 754 5580 non
816 5529 904 5580 est
951 5541 984 5580 a
1047 5541 1162 5595 quo
1228 5524 1752 5596 reprehendantur,
1792 5529 1849 5579 et
1917 5524 2026 5578 iter

376 5629 550 5686 agere
580 5630 715 5669 cum
745 5613 974 5670 Christo
1007 5613 1426 5682 reformidant;
1453 5613 1510 5668 in
1543 5613 1847 5668 adulteriis
1868 5629 2023 5681 vero,

375 5709 434 5762 et
457 5702 714 5760 sedibus
763 5702 1094 5774 rapiuntur,
1128 5707 1185 5757 et
1232 5702 1427 5772 furtis,
1459 5707 1516 5759 et
1560 5702 1838 5758 omnibus
1870 5702 2025 5758 unde

371 5789 678 5853 victoriam
708 5795 1181 5866 consequantur;
1214 5790 1355 5864 quia
1400 5791 1654 5849 scientes
1683 5791 2024 5850 Judaeorum

2137 4809 2414 4884 μομιξίας,
2462 4808 2552 4863 καί
2599 4814 2809 4880 κτηνῶν
2859 4808 2951 4863 καὶ
2997 4807 3239 4885 ἀρῥένων
3291 4808 3502 4881 μανίαν,
3553 4808 3643 4864 καὶ
3683 4810 3786 4878 τήν

2133 4899 2496 4954 ἀνυπόστατον
2551 4897 2900 4975 βλασφημίαν
2942 4897 3034 4952 καὶ
3083 4897 3334 4973 γοητείαν
3388 4897 3478 4952 καὶ
3535 4895 3784 4954 ἀδικίαν·

2134 4986 2217 5042 ὅτι
2273 4985 2532 5044 οὐδέποτε
2589 4984 2740 5043 ἄδεια
2787 4985 3063 5050 ἀπωλείας
3116 4983 3277 5058 ἐδόθη
3325 4986 3561 5057 τοσαύτη
3617 5006 3788 5060 μονα-

2137 5076 2352 5146 ζούσαις
2401 5076 2491 5132 καὶ
2545 5083 2836 5153 μονα-χοᾶς
2889 5075 2973 5132 ὅτι
3015 5075 3311 5150 νυνάμενος
3371 5075 3462 5130 καὶ
3518 5075 3587 5130 τὰ
3631 5076 3792 5132 κοινὰ

2132 5167 2223 5222 καὶ
2269 5165 2337 5222 τὰ
2393 5162 2506 5221 ἴδια
2553 5163 2643 5221 διὰ
2691 5164 2891 5241 Κυρίου
2940 5164 3030 5221 καὶ
3083 5166 3218 5238 μετὰ
3265 5163 3466 5241 Κυρίου
3513 5169 3787 5228 ποιεῖσθαι

2133 5254 2221 5310 καὶ
2279 5257 2501 5310 κτᾶσθαι
2558 5254 2881 5310 ταπείνωσιν
2936 5255 3035 5324 τὴν
3097 5254 3360 5328 ὀψοποιὸν
3390 5297 3404 5322 ,
3463 5252 3790 5330 προέκρινας

2131 5345 2195 5401 τὸ
2223 5339 2540 5417 ἀσύμϐολον
2568 5367 2580 5380 ι
2629 5344 2714 5400 ὅτι
2759 5344 3177 5418 ἐκπεμπομένου
3220 5348 3451 5418 στρατοῦ
3500 5343 3600 5400 οὐκ
3636 5340 3789 5398 ἔστιν

2135 5436 2163 5490 ὁ
2191 5439 2456 5500 νουθετῶν
2513 5433 2738 5497 τούτους
2794 5434 2885 5489 καὶ
2945 5428 3190 5511 ἐκφοϐῶν
3242 5430 3446 5488 ὁδεύειν
3495 5433 3630 5506 μετά
3655 5437 3790 5508 Χρι-

2135 5528 2282 5578 στοῦ·
2334 5522 2480 5580 ἀλλά
2529 5523 2806 5600 μοιχείαις
2853 5523 2942 5578 καὶ
2993 5525 3258 5600 ἁρπαγαῖς
3298 5522 3646 5599 πρόσκεινται
3697 5520 3790 5577 καὶ

2132 5610 2386 5675 κλοπαῖς.
2437 5612 2526 5668 καὶ
2589 5613 2750 5669 πόθεν
2799 5610 2980 5682 ἕξουσι
3025 5613 3092 5668 τὸ
3156 5616 3304 5682 νικᾷν
3347 5631 3360 5647 ·
3417 5610 3501 5668 ὅτι
3568 5631 3791 5688 καταγι-

2134 5702 2430 5765 νώσκοντες
2485 5703 2585 5771 τὴν
2634 5706 2739 5758 τῶν
2790 5698 3062 5757 Ἰουδαίων
3124 5700 3393 5757 ἀπείθειαν
3450 5701 3540 5758 καὶ
3592 5720 3792 5777 παρα-

2133 5791 2351 5867 νομίαν,
2404 5788 2476 5846 δι’
2517 5793 2580 5861 ἢν
2627 5789 3065 5871 ὡλοθρεύθησαν,
3114 5789 3444 5868 ἀπειθοῦμεν
3481 5793 3648 5867 ἡμεῖς
3696 5787 3786 5846 καὶ
