4132 6442
293 382 413 448 513

1796 356 2217 429 EPISTOLE.

3592 361 3713 425 3M

293 517 724 593 παρανομοῦμεν
762 508 1026 586 μειζόνως
1075 505 1200 561 ὅσον
1249 500 1562 559 συνδούλων
1589 500 1811 593 Δἐκεῖνοι
1851 518 1951 553 κα·
1983 506 2030 570 Α

2116 499 2381 554 ecitatem
2413 516 2479 554 ac
2510 497 3012 571 praevaricationes
3042 513 3111 553 ex
3141 497 3357 569 quibus
3387 497 3708 570 perierunt,

292 589 710 685 ταῲρονοῦντες,
757 604 856 655 τοῦ
906 596 964 654 δὲ
1004 595 1268 685 δεσπότοι)
1319 593 1409 648 καὶ
1463 589 1730 685 βασιλέως
1771 591 1952 685 Δἡμέῖς

294 673 659 772 καῖ’μεγάλου
691 693 846 747 Θεοῦ.
897 687 961 743 Εἰ
1011 685 1105 740 οὗν
1156 683 1346 740 τούτων
1402 681 1536 755 μετᾶ
1583 680 1712 735 Θεὸν
1755 677 1829 738 ὡς
1860 673 1958 730 δυ-

2068 588 2141 644 iis
2174 589 2518 655 abutuntur,
2553 588 2726 643 fidem
2759 587 3069 643 amisimus
3119 603 3225 642 nos
3274 590 3331 642 et
3376 585 3714 658 praevarica-

2069 677 2226 733 tione
2284 677 2490 748 majori
2549 677 2909 749 praavaricati
2968 692 3214 744 sumus,
3274 675 3334 731 hi
3393 673 3718 747 coaequales

295 765 455 843 vctth
498 765 818 841 σπουδάσεις
848 779 947 847 τὴν
995 775 1238 850 ἄμειψιν,
1291 773 1352 828 οὐ
1390 772 1552 846 μόνον
1584 771 1685 837 τῆς
1724 766 1959 834 ἀπειλῆς

2116 783 2269 822 arvos
2300 771 2761 831 contemnentes,
2795 783 2901 822 nos
2931 782 3064 821 vero
3094 765 3401 820 Dominum
3436 768 3494 820 et
3523 779 3720 835 regem

298 875 591 953 ὑπέρτερος
641 867 755 943 ἔσῃ,
813 867 948 940 μετά
994 861 1203 953 σοῦ-δε
1230 860 1318 953 και
1369 860 1432 953 τό
1481 857 1724 953 ὑπήκοον
1752 902 1775 953 ,ι
1818 851 1964 953 ἀλλὰ

299 940 413 1021 καῖ’
447 940 585 1038 «ea;
631 940 800 1031 ταύτῃ
852 958 922 1029 τῇ
984 950 1238 1030 βασιλείᾳ
1295 946 1521 1024 ἁρπάσει
1580 945 1669 1001 καὶ
1717 945 1815 1012 τὴν
1867 940 1961 996 ού-

309 1057 519 1132 ράνιον.

315 1375 567 1452 Γράὲιιέα.
607 1369 732 1452 περὶ
808 1370 906 1422 τοῦ
972 1364 1308 1452 συναχθῆναι
1380 1357 1541 1452 τούςκ
1580 1358 1897 1452 Α

386 1432 459 1520 τῇ
479 1432 652 1520 ’Χώρᾳ
679 1432 830 1520 ξπῳς
847 1441 1041 1520 κοινῶς
1061 1432 1310 1490 ἀπελθεῖν
1333 1432 1471 1509 πρὸς
1487 1432 1578 1486 τὸν
1604 1432 1975 1504 αὐτοκράτορα

388 1511 552 1595 χᾶριν
577 1511 845 1592 ὠφελείας
885 1515 1099 1578 κοινῆς.

389 1639 540 1698 Ἐπεὶ
595 1635 818 1694 ἕκαστον
898 1637 1005 1688 τῶν
1080 1627 1387 1706 ἱερωτάτων
1463 1625 1764 1701 ἀρχιερέων
1840 1621 1976 1698 πρὸς

319 1731 596 1808 λαχοῦσαν
646 1725 926 1802 πρόκειται
992 1718 1288 1788 ἀπελθεῖν,
1349 1715 1449 1771 εἶσὶ
1505 1712 1562 1770 δὲ
1611 1735 1733 1768 τινα
1787 1717 1978 1780 κοινῆς

322 1801 552 1894 δεόμενα
606 1801 808 1876 ἱκεσίας
855 1810 991 1888 πρὸς
1047 1811 1138 1864 τὸν
1197 1810 1516 1884 κρατοῦντα,
1577 1805 1693 1859 οἷον
1747 1801 1816 1856 τὰ
1867 1805 1976 1856 τῶν

2076 861 2340 912 nostrum
2392 872 2670 927 magnum
2725 855 2930 910 Deum.
2982 857 3346 926 Quapropter
3399 853 3460 908 in
3517 852 3612 908 his
3671 851 3723 908 si

2079 950 2260 1000 Deum
2292 950 2580 1016 quantum
2633 944 2753 1000 fieri
2802 948 2994 1016 potest
3023 959 3280 1016 quaerere
3310 941 3632 1011 studueris,
3662 941 3724 996 in

2080 1035 2406 1090 mercedem
2440 1034 2676 1103 laboris,
2710 1051 2825 1089 non
2868 1033 3239 1089 solummodo
3270 1047 3496 1087 errores
3526 1029 3723 1087 debel-

2079 1123 2310 1191 laveris,
2347 1123 2447 1178 sed
2480 1123 2656 1178 etiam
2700 1121 2919 1189 locum,
2951 1121 3290 1191 honestum,
3322 1137 3388 1177 ac
3439 1124 3572 1194 post
3617 1119 3728 1175 hoc

2081 1228 2326 1284 regnum
2363 1211 2684 1266 lucraberis
2713 1216 2772 1266 et
2801 1211 3053 1268 caeleste.

2080 1355 2324 1428 Epistola
2352 1355 2420 1412 de
2449 1355 2851 1428 congregandis
2879 1358 2939 1410 in
2981 1355 3172 1412 Chorae
3201 1356 3732 1428 monasteriogpres-

2155 1428 2362 1498 byteris
2423 1433 2483 1482 ut
2539 1426 2610 1482 ad
2665 1430 3054 1498 imperatorem
3108 1428 3414 1483 communis
3467 1426 3736 1484 utilitati:

2154 1515 2320 1554 causa
2347 1500 2517 1554 simul
2545 1500 2888 1554 conveniant.

2160 1623 2323 1680 Nunc
2374 1638 2856 1694 unumquemque
2912 1622 3382 1692 praastantiorum
3439 1623 3735 1695 presbyte-

2089 1729 2287 1770 rorum
2313 1713 2484 1783 juxta
2523 1716 2740 1768 sortem
2791 1711 3022 1767 mittere
3068 1712 3338 1783 expedit;
3387 1716 3528 1768 sunt
3577 1713 3736 1767 enim

2091 1804 2358 1876 quaedam
2411 1802 2482 1856 de
2530 1801 2746 1873 quibus
2795 1800 3042 1872 publicas
3085 1817 3285 1873 preces
3317 1801 3557 1873 agendae
3603 1804 3744 1857 sunt

322 1889 590 1967 Λατίνων·
635 1905 726 1960 καὶ
773 1901 922 1964 ὅπως
975 1897 1147 1961 ἀδεῶς
1193 1893 1463 1952 διδάσκειν
1507 1892 1734 1954 τούτους
1784 1889 2030 1963 ἀκούο-]

2116 1893 2247 1964 ιρυςι
2277 1891 2714 1964 imperatorem,
2755 1895 2957 1963 utpote
3003 1891 3075 1946 de
3127 1889 3386 1958 Latinis;
3419 1895 3484 1946 ut
3530 1905 3744 1946 sucure

330 2020 424 2075 μεν
456 2044 471 2070 ,
524 1995 617 2052 καὶ
666 1986 1064 2049 καταϐλάπτειν
1121 1991 1228 2043 τῶν
1285 1982 1624 2075 ἀστηρίκτων
1683 1977 1930 2075 πολλούς
1965 1999 1978 2011 ο

329 2069 392 2144 οὔ
451 2069 570 2142 δεον
615 2086 766 2157 ἡμᾶς
815 2079 1172 2153 ἀθεράπευτον
1226 2077 1388 2131 τοῦτο
1434 2069 1832 2132 καταλιπόντας
1865 2069 1985 2124 ἀνα-

333 2180 558 2254 χωρεῖνο
609 2172 702 2229 καὶ
752 2167 820 2240 δὴ
869 2168 960 2224 καὶ
1007 2166 1138 2243 πυρὶ
1185 2169 1293 2254 τῶν
1345 2161 1619 2254 Ἰουδαίων
1663 2159 1754 2215 καὶ
1784 2160 1986 2254 ’Δριιεζ

336 2246 486 2336 ννίων,
517 2263 664 2325 ὅπως
716 2257 994 2332 ἐξέλθωσι·
1026 2255 1118 2312 καὶ
1171 2253 1270 2310 ὅσα
1314 2256 1538 2308 τοιαῦτα
1580 2247 1708 2328 ἔργα
1755 2246 1987 2325 θεοφιλῆ

338 2353 542 2416 ἱκεσίας
587 2357 773 2420 κοινῆς
821 2346 1082 2420 δεόμενα³
1137 2345 1273 2422 πρὸς
1321 2341 1380 2398 3‘s
1425 2343 1516 2398 καὶ
1567 2338 1657 2395 διὰ
1701 2341 1802 2409 τῆν
1857 2357 1986 2394 κατ-

337 2443 652 2520 επείγουσαν
710 2438 854 2515 ὥραν
909 2441 1008 2492 τοῦ
1089 2435 1278 2508 θέρους
1313 2451 1326 2464 ο
1387 2429 1477 2487 διὰ
1547 2435 1717 2486 ταῦτα
1772 2426 1932 2484 κελεύ
1964 2459 1988 2470 -

337 2553 483 2607 σατε,
547 2530 683 2604 μετὰ
739 2527 800 2584 τὸ
859 2525 1150 2602 γεύσασθαι
1205 2522 1353 2595 ἡμᾶς
1395 2525 1465 2595 τῇ
1522 2523 1765 2595 Κυριακῇ
1835 2537 1989 2607 συνατ

339 2604 538 2700 χθῆναι
612 2617 703 2675 καὶ
746 2618 888 2692 ὁμοῦ
945 2613 1194 2670 ἀπελθεῖν
1249 2612 1387 2687 πρὸς
1446 2607 1817 2700 αὐτοκράτορα

339 2695 445 2789 {dp
477 2711 632 2784 οἶμαι
657 2711 849 2763 τοῦτον
893 2702 1224 2780 παρόψεσθαι
1273 2701 1334 2755 τὸ
1378 2698 1663 2789 λυσιτελὲς
1699 2703 1814 2789 τῆς
1843 2695 1996 2789 animi:

343 2782 502 2862 σεως.
542 2782 650 2867 -Μή
713 2795 804 2850 οὗν
849 2790 940 2849 διὰ
989 2792 1082 2848 τὸν
1131 2789 1327 2866 Κόριον
1373 2785 1443 2842 δι’
1488 2782 1644 2842 ὄκνον
1687 2785 1995 2863 ἀπολειφθῇ

341 2911 426 2953 τις
454 2934 468 2948 .
519 2886 583 2942 Εἰ
633 2883 723 2941 οὖν
769 2883 984 2960 κρίνατε
1027 2877 1170 2948 δὲον,
1213 2875 1558 2950 συνέλθωμεν
1591 2875 1643 2930 ἐν
1687 2879 1757 2949 τῇ
1793 2875 1955 2951 χώρᾳ
1981 2919 1996 2945 ,

341 2979 584 3036 κάκεῖθεν
617 2976 760 3049 ἁρμοῖ)⁹
787 2977 905 3035 τοῖς
941 2970 1248 3047 βασιλεῦσιν
1285 2966 1616 3042 ἐντύχωμεν.

2093 1981 2393 2054 patiantur
2442 1980 2648 2036 docere
2701 1979 3027 2046 audientes,
3078 1984 3135 2036 et
3190 1978 3480 2051 plurimos
3541 1979 3746 2035 redar-

2094 2087 2272 2142 guere
2301 2069 2705 2126 imbecillium.
2731 2068 2856 2126 Non
2887 2069 3046 2126 enim
3078 2072 3380 2142 praestaret
3406 2085 3514 2125 nos
3545 2067 3744 2141 negle-

2097 2165 2188 2215 cta
2237 2159 2358 2215 haec
2400 2158 2796 2230 relinquentes
2847 2158 3046 2227 abire;
3080 2158 3182 2214 sed
3233 2173 3264 2213 θ
3314 2162 3518 2214 contra
3563 2162 3621 2214 et
3672 2157 3743 2213 de

2094 2249 2316 2305 Judaais
2347 2252 2404 2304 et
2437 2247 2749 2318 Armeniis,
2784 2253 2849 2303 ut
2886 2246 3368 2319 proﬁciscantur;
3400 2251 3457 2304 et
3503 2247 3619 2304 alia
3665 2245 3743 2303 si-

2099 2339 2265 2394 milia
2311 2339 2464 2410 apud
2523 2343 2704 2393 Deum
2756 2337 3153 2410 acceptabilia,
3193 2338 3267 2393 de
3314 2338 3530 2409 quibus
3579 2351 3749 2410 prece

2101 2427 2335 2500 publica
2383 2444 2530 2498 opus
2569 2432 2678 2495 est,
2720 2423 2989 2499 agamus,
3020 2427 3093 2483 ob
3132 2431 3543 2499 properantem
3591 2426 3750 2481 diem

2103 2516 2336 2573 messis.
2371 2516 2734 2588 Quapropter
2765 2516 2888 2572 hac
2927 2515 3620 2587 dijudicastis,,studium
3651 2532 3754 2571 ex-

2105 2606 2372 2679 peririjn
2405 2605 2748 2670 Dominicis,
2780 2610 2838 2660 et
2866 2621 3238 2678 congregare,
3271 2609 3330 2661 et
3373 2621 3490 2661 una
3520 2605 3755 2662 mittere

2105 2697 2177 2752 ad
2209 2697 2642 2768 imperatorem.
2675 2694 2800 2750 Non
2850 2700 3003 2750 certe
3050 2710 3258 2751 censeo
3302 2693 3454 2750 hanc
3491 2698 3751 2750 contem-

2107 2787 2359 2841 nendam
2397 2784 2599 2840 utilem
2627 2784 3124 2856 postulationem;
3159 2789 3218 2840 et
3266 2783 3477 2840 idcirco
3513 2800 3614 2856 per
3646 2790 3753 2840 Do-

2109 2875 2360 2940 minum,
2392 2873 2636 2930 timidus
2689 2873 2941 2946 quisque
2989 2872 3452 2946 derelinquatur,
3484 2891 3551 2930 ac
3579 2874 3754 2929 dum-

2110 2966 2283 3021 modo
2313 2965 2624 3036 expediens
2655 2965 2928 3036 putastis,
2961 2965 3362 3020 coadunemur
3402 2964 3462 3020 in
3509 2965 3760 3037 regioni-

2113 3056 2244 3123 bus,
2271 3055 2352 3110 ibi
2385 3058 2670 3125 unalcum
2700 3053 3130 3124 imperantibus
3160 3053 3523 3126 colloquium
3553 3053 3761 3110 acturi.

354 3250 3772 3293 Mm

1523 3432 2606 3593 ATHANASII

1723 3693 1841 3753 ΟΡ.
1889 3693 2176 3752 PATRIA
2191 3691 2423 3753 RCHJE

675 3847 842 3941 DE
910 3842 1687 3940 NECESSABIA
1764 3841 2654 3936 EPISCOPOBUM
2724 3843 3486 3936 BESIDENTIA

1231 4034 2238 4169 EPISTOLjE
2348 4035 2916 4177 OCTO.

744 4257 962 4329 (Latine
990 4256 1164 4314 edidit
1188 4255 1498 4313 Turrianus
1527 4255 1599 4310 ad
1629 4252 1844 4310 calcem
1869 4252 2000 4308 libri
2028 4253 2104 4310 De
2131 4253 2427 4310 recidentia
2449 4261 2760 4325 pastorum,
2793 4255 2872 4321 4ο,
2905 4253 3205 4311 Florentiae
3235 4256 3418 4328 1557.)

990 4487 1341 4546 EPISTOLA
1380 4488 1422 4544 Ι.

379 4615 718 4672 Athanasius
745 4613 1069 4686 patriarcha
1101 4612 1757 4686 Constantinopolitanae,
1790 4613 2038 4684 episcopo

480 4687 677 4758 Cretae,
703 4685 914 4744 volenti
939 4686 1216 4757 proﬁcisci
1252 4685 1323 4740 ad
1362 4686 1732 4757 episcopatum
1759 4700 1942 4740 suum.

455 4846 814 4904 Charissime
853 4846 934 4901 mi
966 4845 1143 4902 frater
1171 4849 1227 4901 et
1256 4844 1682 4914 comminister,
1713 4845 1906 4918 gratia
1933 4844 2040 4901 tibi

383 4944 443 4996 et
489 4954 602 5012 pax
649 4953 682 4993 a
734 4935 873 4992 Deo.
907 4933 1229 4991 Consilium
1263 4935 1423 4990 istud
1456 4940 1624 4990 tuum
1658 4951 1722 4990 ac
1771 4934 2038 4991 voluntas

387 5043 516 5100 quae
565 5025 639 5082 ad
689 5040 862 5081 aures
911 5040 1073 5080 meas
1120 5022 1344 5096 perlata
1393 5027 1502 5093 est,
1531 5023 1697 5078 fortis
1740 5021 2043 5096 virilisque

389 5115 594 5185 animi,
631 5131 698 5171 ac
728 5129 968 5170 sursum
1000 5118 1232 5169 tantum
1262 5111 1622 5184 aspicientis,
1656 5112 1897 5184 verique
1942 5130 2042 5185 pa-

390 5205 593 5273 storis,
619 5220 752 5260 vere
781 5219 850 5260 ac
878 5202 1139 5275 legitime
1169 5202 1469 5269 certantis,
1491 5207 1551 5258 et
1579 5201 1828 5268 nomini,
1852 5219 1917 5258 ac
1945 5219 2045 5258 vo-

389 5295 608 5352 cationi
661 5310 784 5351 suae
837 5293 1248 5364 respondentis
1303 5291 1430 5347 visa
1483 5296 1623 5347 est:
1672 5309 1788 5347 non
1849 5296 2045 5349 autem

390 5382 739 5442 mercenarii
766 5387 824 5438 et
845 5381 1131 5455 fugientis
1162 5398 1279 5437 non
1301 5381 1495 5437 solum
1526 5382 1576 5436 si
1607 5380 1812 5453 lupum
1835 5381 2047 5453 videat,

392 5475 496 5530 sed
529 5473 579 5529 si
611 5471 848 5544 vulpem
877 5489 892 5541 ;
924 5473 1081 5528 unde
1101 5471 1262 5544 gregi
1285 5470 1526 5535 Christi,
1548 5470 1833 5542 principis
1860 5475 2052 5542 pasto-

391 5577 552 5632 rum,
583 5561 868 5619 damnum
905 5565 1083 5631 creet,
1114 5565 1172 5616 et
1215 5559 1423 5616 anima:
1463 5575 1582 5615 suae
1613 5558 1876 5617 inﬁnitos
1905 5577 2052 5634 pras-

467 5691 486 5727 ¹
516 5686 637 5747 Jer.
669 5702 873 5760 XLVIII,
907 5687 994 5744 10.
1073 5686 1096 5721 ²
1127 5684 1279 5744 Psal.
1312 5701 1370 5758 κ,
1405 5684 1492 5743 13.

2063 4496 2107 4563 C
2145 4490 2311 4558 paret
2340 4485 2656 4542 cruciatus.
2687 4487 2806 4543 Cur
2833 4487 2991 4543 enim
3035 4487 3149 4543 iste
3196 4505 3311 4544 non
3367 4488 3562 4562 potius
3607 4489 3789 4547 vitam

2154 4576 2438 4648 privatam
2467 4575 2656 4631 vivere
2696 4575 2924 4645 maluit,
2956 4577 3004 4631 si
3049 4577 3344 4649 cogitabat
3389 4579 3795 4651 succumbere,

2151 4681 2350 4736 seque,
2385 4681 2502 4719 non
2557 4680 2692 4720 oves
2743 4681 3004 4737 pascere,
3036 4682 3138 4737 pro
3188 4667 3400 4738 quibus
3445 4668 3795 4740 sanguinem

2151 4771 2326 4810 suum
2349 4753 2615 4810 Christus
2637 4753 2940 4825 profudit?
2969 4756 3474 4820 Quemadmodum
3496 4773 3612 4812 non
3641 4756 3800 4813 venit

2150 4843 2285 4899 buic
2333 4843 2390 4898 in
2442 4848 2719 4910 mentem,
2752 4843 2880 4914 ejus
2929 4843 3030 4914 qui
3063 4843 3372 4901 maledicto
3402 4862 3539 4901 eum
3585 4846 3797 4916 aﬂecit,

2151 4933 2251 5005 qui
2283 4949 2416 5005 opus
2447 4934 2677 4988 Domini
2701 4935 2836 5004 facit
2878 4932 3225 5002 negligenter
3257 4937 3273 4970 ¹
3327 4951 3341 4990 :
3393 4935 3662 5008 quamvis
3713 4935 3804 4992 fa-

2153 5039 2280 5079 cere
2339 5021 2574 5078 nomine
2631 5021 2887 5091 simulet,
2948 5023 3006 5076 in
3066 5025 3226 5095 cujes
3284 5023 3504 5097 alioqui
3561 5025 3800 5094 insidet,

2154 5113 2309 5184 quod
2341 5113 2412 5168 de
2443 5111 2757 5183 insipiente
2788 5112 3072 5184 scriptum
3103 5119 3212 5178 est,
3245 5114 3343 5185 qui
3376 5114 3520 5170 dixit
3555 5117 3618 5170 in
3644 5115 3807 5172 corde

2153 5218 2273 5270 suo,
2304 5218 2413 5256 non
2443 5217 2556 5256 esse
2585 5207 2760 5256 Deum
2791 5201 2812 5235 ²
2863 5217 2874 5256 :
2933 5218 3120 5273 neque
3149 5202 3307 5258 enim
3339 5208 3521 5260 Deum
3551 5209 3799 5276 ponunt,

2157 5292 2258 5363 qui
2292 5293 2412 5346 haec
2444 5291 2500 5346 in
2534 5296 2850 5362 conspectu
2884 5292 3012 5362 ejus
3042 5291 3231 5347 facere
3261 5293 3502 5348 audent.
3535 5294 3614 5349 Ex
3661 5311 3798 5366 quo-

2159 5398 2290 5436 rum
2325 5397 2568 5435 numero
2599 5385 2658 5434 et
2688 5380 2891 5436 ordine
2923 5381 3065 5436 faxit
3094 5381 3249 5437 Deus
3279 5399 3352 5438 ne
3384 5384 3593 5451 simus,
3629 5384 3808 5440 ascri-

2159 5471 2378 5542 batque
2428 5487 2534 5524 nos
2584 5470 2736 5526 inter
2781 5469 2984 5526 fideles
3013 5471 3470 5543 dispensatores,
3503 5473 3812 5529 concedat-

2161 5576 2275 5633 que
2303 5559 2555 5633 benigne
2602 5563 2668 5616 ut
2713 5562 2924 5634 prasto
2971 5558 3160 5618 simus
3201 5561 3454 5636 Principi
3483 5567 3811 5638 pastorum,
