4132 6430
395 346 514 412 515

1517 343 1946 406 ATHANASII
1989 339 2103 403 GP.
2153 341 2542 404 PATRIABC
2557 343 2680 402 (ΗΕ

3692 348 3808 407 516

397 487 470 542 ad
497 483 921 558 perﬁciendum
943 498 1070 552 quas
1091 483 1350 552 oportet;
1386 493 1794 550 ponamusque
1816 476 2046 533 animas
2079 476 2132 543 Α
2161 491 2268 531 suo
2289 476 2625 546 decreverit,
2650 479 2715 530 ut
2739 491 2806 531 ex
2831 477 3196 549 episCOpatu,
3221 477 3530 551 metropoli
3557 478 3810 536 Menem-

399 593 504 649 pro
525 575 732 630 ovibus
751 575 882 642 ejus
903 587 1003 643 qui
1035 569 1210 625 simul
1243 573 1300 624 et
1329 567 1755 624 demonstravit
1775 571 1832 622 et
1855 566 2044 621 edicto

399 665 610 730 sanxit,
644 662 798 735 quod
833 661 1108 717 omnibus
1140 658 1472 730 pastoribus
1503 658 1574 728 (si
1608 657 1842 729 quando
1875 655 2042 726 alias)

397 754 572 811 hodie
603 752 856 808 maxime
886 750 1172 814 convenit,
1207 765 1340 803 cum
1374 763 1489 802 non
1521 745 1712 801 solum
1747 745 1866 816 lupi
1912 761 2041 815 gra-

395 859 518 909 ves,
548 841 737 914 impii,
769 840 1033 911 inquam,
1062 841 1118 892 et
1147 835 1424 903 heretici,
1456 835 1516 889 in
1547 851 1780 906 gregem
1816 832 2041 888 Domini

398 931 670 998 irruunt;
705 929 807 984 sed
851 945 920 984 ex
963 926 1134 982 nobis
1165 925 1334 997 ipsis,
1365 929 1428 978 ut
1457 921 1770 994 Apostolus
1802 923 1902 989 ait,
1935 922 2045 976 viri

400 1025 458 1078 et
512 1018 789 1075 mulieres
838 1034 952 1072 non
1001 1020 1274 1072 verentur
1317 1013 1680 1069 Christianos
1730 1030 1763 1066 a
1813 1011 2044 1067 Christo

399 1109 724 1166 distrahere
780 1111 838 1162 et
893 1104 1155 1161 avellere.
1205 1103 1593 1167 Quamobrem
1644 1101 1792 1157 veris
1851 1105 2043 1172 pasto-

399 1199 564 1254 ribus
597 1215 713 1253 non
743 1201 832 1253 est
858 1199 1050 1250 tutum
1084 1210 1199 1248 non
1233 1191 1493 1264 vigilare,
1525 1196 1583 1246 et
1630 1207 1745 1246 non
1794 1190 2043 1245 circum-

402 1303 634 1360 quaque
689 1285 888 1342 omnia
936 1284 1205 1349 lustrare,
1240 1297 1492 1353 ovesque
1539 1284 1802 1336 errantes
1852 1279 2045 1334 solum

401 1393 679 1450 quaerere,
711 1393 779 1431 ac
809 1390 924 1430 non
956 1372 1142 1444 magis
1174 1369 1452 1427 sollicitos
1484 1386 1614 1425 esse
1656 1386 1757 1440 pro
1797 1367 1869 1422 iis
1919 1384 2046 1439 quas

401 1482 519 1520 non
551 1468 767 1528 errant,
801 1460 1137 1534 perterritos
1168 1458 1378 1515 horum
1422 1463 1755 1529 temporum
1788 1456 2047 1511 tenebris

400 1571 529 1627 quae
571 1554 733 1625 justo
783 1551 881 1606 Dei
929 1549 1220 1622 permissu
1275 1564 1342 1603 ac
1385 1545 1613 1618 judicio
1662 1545 1834 1600 nobis
1876 1544 2045 1598 illatae

397 1648 578 1711 sunt;
629 1641 765 1714 quia
813 1639 1034 1695 scilicet
1061 1654 1179 1692 non
1213 1637 1291 1692 ita
1318 1635 1590 1702 vivimus,
1626 1639 1690 1690 ut
1717 1650 1850 1688 eum
1885 1633 2050 1688 decet

398 1732 499 1804 qui
531 1748 636 1786 nos
665 1729 906 1786 vocavit.
941 1727 1075 1792 Sed,
1107 1743 1139 1782 o
1188 1726 1519 1780 animarum
1561 1728 1897 1778 nostrarum
1946 1723 2045 1776 de-

397 1819 776 1876 trimentum!
837 1835 868 1873 o
917 1817 1186 1889 ingentes
1234 1831 1456 1886 poenas,
1489 1812 1656 1867 nobis
1701 1811 1773 1866 ob
1816 1816 2046 1866 nostras

396 1909 674 1965 libidines
719 1911 778 1963 et
824 1906 1196 1979 perturbatos
1237 1902 1587 1967 voluntates,
1617 1917 1743 1972 quas
1777 1900 1885 1954 hoc
1917 1917 2045 1955 ma-

395 1999 518 2054 lum
543 2001 914 2071 pepererunt,
937 1991 1319 2066 inﬁigendasl
1351 1992 1480 2062 hoc,
1502 1991 1770 2061 inquam,
1796 1988 2040 2056 malum,

395 2093 460 2144 ut
489 2104 634 2160 gens
666 2091 890 2152 sancta,
920 2101 1023 2156 per
1051 2099 1256 2138 omnes
1287 2098 1526 2153 campos
1557 2086 1612 2134 et
1645 2085 1875 2134 montes
1905 2079 2042 2133 vitio

393 2183 697 2251 pastorum
743 2173 1075 2231 absentium
1124 2173 1393 2243 dispersa
1441 2187 1505 2225 ac
1553 2170 1839 2241 dissipata
1869 2173 2038 2223 erret.

393 2267 602 2334 Quare,
627 2281 742 2338 quo
764 2263 1010 2319 celerius
1036 2261 1193 2316 istud
1224 2266 1393 2316 tuum
1429 2258 1688 2314 debitum
1720 2257 1824 2311 tibi
1857 2257 2041 2328 inspi-

394 2360 588 2412 ratum
638 2351 1005 2427 persolveris,
1057 2354 1447 2421 sanctumque
1498 2346 1861 2419 propositum
1911 2363 2037 2418 per-

392 2445 639 2516 feceris,
715 2447 876 2498 tanto
961 2457 1094 2496 cum
1173 2439 1395 2510 majore
1472 2437 1630 2492 lucro
1707 2435 2036 2507 perfeceris.

392 2533 618 2589 Debent
681 2533 789 2587 hoc
855 2531 1043 2585 facere
1109 2544 1312 2584 omnes
1379 2526 1514 2582 boni
1583 2529 1867 2597 pastores,
1910 2524 2040 2596 qui-

392 2639 623 2694 cunque
652 2621 762 2677 hoc
793 2619 1029 2676 nomine
1061 2617 1222 2690 digni
1271 2620 1446 2682 sunt;
1501 2615 1580 2669 ita
1627 2614 1728 2685 qui
1775 2614 2037 2682 cessarit,

391 2728 506 2767 non
561 2711 641 2766 sit
696 2711 937 2782 impune
982 2711 1340 2763 cessaturus.
1394 2703 1619 2760 Etenim
1679 2703 1727 2757 si
1789 2702 2039 2775 quisque

391 2805 594 2872 pastor
623 2799 682 2854 in
713 2797 947 2854 dioecesi
979 2813 1105 2867 qua:
1137 2794 1220 2849 illi
1255 2791 1481 2865 obtigit,
1513 2791 1600 2847 vel
1633 2791 1881 2847 biduum
1915 2808 2036 2846 mo-

391 2893 571 2957 retur,
603 2887 851 2960 experiri
881 2885 1073 2951 liceat,
1107 2882 1398 2956 permulta
1437 2885 1681 2954 peccata
1716 2886 1773 2936 et
1822 2881 2040 2937 damna

389 2995 506 3034 non
537 2994 668 3034 esse
698 2977 896 3031 futura
936 2975 997 3030 in
1042 2972 1278 3047 populo.
1313 2971 1558 3027 Perinde
1606 2987 1861 3042 namque
1911 2987 2040 3027 esse

386 3067 635 3135 videtur,
669 3081 904 3138 gregem
937 3064 1142 3119 abesse
1181 3079 1215 3117 a
1257 3065 1508 3133 pastore,
1544 3064 1610 3115 ut
1643 3076 1858 3115 caecum
1891 3060 2038 3116 duce

389 3171 604 3212 carere.
633 3159 782 3210 Sane
812 3156 1102 3224 augentur
1139 3167 1274 3206 oves
1323 3154 1380 3205 et
1427 3151 1484 3204 in
1535 3154 1663 3204 tuto
1710 3155 1868 3215 sunt,
1901 3165 2034 3204 cum

2156 565 2414 620 basiensi
2447 566 2732 636 subjecto,
2757 565 2990 621 ducenti
3023 569 3183 622 aurei
3217 568 3388 622 annis
3420 568 3671 641 singulis
3703 569 3807 625 tibi

2157 655 2555 721 redderentur,
2589 671 2704 726 quo
2735 655 2910 710 etiam
2944 655 3225 711 beneﬁcio
3257 674 3364 713 nos
3410 657 3710 730 obligavit,
3745 664 3807 714 ut

2157 760 2272 798 non
2304 742 2494 799 solum
2526 749 2760 816 propter
2790 743 3129 817 religionem
3163 746 3571 817 imperatorem
3605 747 3804 802 laude-

2159 849 2312 899 mus,
2347 836 2403 888 et
2450 849 2552 904 pro
2604 850 2670 889 eo
2720 850 2924 890 omnes
2971 833 3349 890 ecclesiastici
3398 852 3598 907 preces
3639 835 3803 891 adhi-

2155 922 2422 993 beamus,
2454 922 2555 978 sed
2606 927 2841 995 pr0pter
2883 923 3105 978 variam
3158 923 3663 996 multiplicemque
3706 925 3804 981 be-

2155 1009 2526 1066 neﬁcentiam
2557 1017 2731 1083 atque
2760 1011 3206 1084 providentiam.
3240 1012 3359 1067 Hoc
3389 1012 3655 1085 exemplo
3689 1014 3802 1070 fac-

2158 1104 2286 1154 tum
2319 1105 2426 1167 est,
2460 1105 2526 1155 ut
2555 1101 2866 1172 episcopus
2898 1099 3222 1168 Sardensis,
3247 1118 3363 1173 prae
3393 1101 3590 1157 studio
3618 1106 3676 1158 et
3705 1118 3806 1157 cu-

2159 1189 2402 1262 piditate
2432 1189 2608 1244 eundi
2641 1188 2902 1244 celeriter
2945 1189 3016 1244 ad
3064 1190 3447 1261 requirendas
3479 1207 3613 1246 oves
3645 1207 3804 1259 suas,

2158 1295 2272 1334 non
2303 1279 2593 1334 excusarit
2639 1278 2918 1350 pericula,
2951 1278 3375 1350 impedimenta
3424 1278 3674 1348 itineris,
3707 1296 3805 1336 se-

2158 1371 2475 1437 nectutem,
2499 1369 2899 1439 temporisque
2919 1367 3484 1436 incommoditatem,
3509 1386 3656 1441 quas
3687 1385 3809 1425 om-

2159 1474 2263 1513 nes
2314 1456 2692 1512 difﬁcultates
2747 1456 2882 1511 vicit
2929 1456 3164 1512 animus
3221 1456 3411 1529 ipsius
3469 1461 3806 1532 promptus.

2158 1545 2342 1610 Quem
2373 1545 2691 1616 imperator
2717 1560 2852 1599 cum
2895 1542 3069 1599 laude
3119 1543 3365 1616 dignum
3404 1545 3718 1616 judicaret,
3751 1549 3810 1601 et

2156 1633 2229 1687 ad
2260 1634 2524 1689 debitum
2558 1649 2622 1688 ac
2654 1632 2909 1688 salutare
2933 1649 3150 1688 munus
3178 1633 3428 1689 excitare
3456 1633 3648 1700 vellet,
3671 1650 3806 1706 pro-

2155 1722 2300 1778 vidit
2350 1727 2415 1778 ut
2455 1727 2629 1789 esset,
2664 1723 2818 1778 unde
2847 1721 2932 1776 illi
2967 1722 3298 1779 necessaria
3325 1724 3633 1779 commode
3663 1739 3806 1796 sup-

2156 1817 2419 1884 peterent
2451 1829 2463 1867 :
2517 1811 2736 1867 scilicet
2765 1827 2872 1866 suo
2902 1810 3146 1868 consilio
3189 1816 3248 1867 et
3296 1812 3644 1868 auctoritate
3673 1829 3806 1884 per-

2155 1901 2309 1968 fecit,
2342 1905 2407 1956 ut
2453 1901 2683 1957 decreto
2734 1900 2940 1972 synodi
2987 1905 3044 1956 et
3095 1899 3285 1957 edicto
3332 1901 3507 1974 regis,
3557 1901 3806 1974 Metym-

2154 1991 2355 2046 nensis
2385 1990 2724 2062 metrOpolis
2773 1991 2824 2044 ei
2870 1990 3236 2061 adjiceretur,
3274 1997 3340 2046 ut
3383 1990 3486 2046 tibi
3521 1991 3809 2047 hactenus

2154 2080 2380 2148 asljecta
2412 2080 2522 2134 fuit
2556 2097 2567 2135 :
2617 2079 2790 2149 idque
2819 2077 3040 2150 duplici
3073 2079 3309 2135 nomine
3340 2083 3396 2135 et
3427 2096 3624 2149 causa,
3656 2083 3710 2135 et
3744 2084 3811 2135 ut

2154 2168 2522 2240 metropolita
2554 2167 2821 2241 praesidio
2849 2173 3051 2240 septus
3079 2173 3234 2224 esset
3265 2169 3336 2224 ad
3371 2169 3716 2241 regendum,
3749 2173 3812 2224 et

2152 2263 2216 2312 ut
2235 2257 2488 2330 populus
2506 2259 2632 2330 ipse
2645 2257 3139 2332 Metymnensium
3161 2258 3530 2314 commodius
3551 2257 3810 2314 facilius-

2151 2364 2265 2418 que
2295 2351 2612 2419 regeretur,
2644 2364 2710 2403 ac
2742 2353 2980 2420 propter
3017 2347 3376 2402 vicinitatem
3410 2364 3545 2403 oves
3575 2347 3803 2403 scabio-

2151 2453 2228 2491 saa
2258 2437 2444 2491 curari
2481 2441 2720 2508 possent
2747 2437 3156 2509 opportunius,
3188 2439 3316 2491 tum
3351 2437 3499 2492 bene
3539 2436 3803 2494 valentes

2149 2525 2475 2582 conservari
2507 2531 2565 2581 et
2595 2525 2831 2582 excitari
2865 2527 2934 2580 ad
2967 2525 3214 2581 honesta
3243 2541 3439 2598 opera.
3474 2525 3804 2598 Utrumque

2149 2615 2306 2670 enim
2336 2621 2596 2671 vestrum
2637 2614 2944 2671 maledicto
2990 2615 3171 2671 afﬁcit
3222 2615 3524 2686 Scriptura
3569 2620 3805 2688 sancta,

2148 2703 2199 2759 si
2232 2721 2365 2759 cum
2399 2705 2531 2759 sitis
2563 2709 2848 2776 pastores,
2873 2721 2987 2759 non
3018 2720 3206 2776 usque
3237 2705 3307 2760 ad
3340 2704 3712 2777 sanguinem,
3735 2704 3801 2761 in

2147 2793 2219 2849 iis
2259 2811 2385 2864 quae
2430 2793 2687 2850 diximus
2717 2795 3038 2850 efﬁciendis
3079 2793 3446 2866 persistatis;
3495 2794 3701 2866 donec,
3735 2799 3805 2852 ut

2148 2883 2521 2955 conﬁdimus,
2572 2883 2726 2939 Deus
2779 2883 2947 2940 nobis
3000 2884 3312 2955 propitius,
3362 2900 3588 2956 pacem,
3638 2888 3803 2940 tran-

2149 2971 2506 3043 quillitatem
2566 2989 2633 3027 ac
2665 2971 2917 3028 salutem
2977 2972 3270 3044 cujusque
3325 2974 3578 3044 pastoris
3637 2974 3804 3046 gregi

2148 3062 2457 3130 restituat;
2492 3062 2648 3132 quod
2682 3067 2746 3116 ut
2776 3061 2970 3130 faciat,
3005 3062 3328 3133 placandus
3361 3062 3807 3135 ﬂectendusque

2147 3149 2316 3206 nobis
2365 3154 2475 3216 est,
2527 3154 2586 3205 et
2639 3150 2857 3205 nostris
2909 3155 3063 3205 recte
3123 3150 3312 3217 factis,
3364 3151 3698 3208 obedientia
3743 3156 3808 3207 et

389 3249 649 3318 praesunt
675 3243 793 3299 veri
827 3247 1089 3315 pastores
1123 3257 1135 3295 :
1182 3256 1297 3295 non
1330 3244 1526 3294 autem
1557 3238 1654 3308 qui
1687 3237 1881 3293 solum
1911 3238 2034 3293 ebi-
2067 3231 2109 3297 C
2147 3238 2264 3294 vita
2294 3239 2626 3294 Christiana
2655 3238 3081 3310 implorandus.
3118 3239 3202 3294 Ita
3239 3240 3395 3295 enim
3447 3240 3568 3310 ﬁet,
3602 3245 3667 3295 ut
3717 3239 3805 3296 le-

387 3336 532 3390 bant
590 3332 679 3388 lac
735 3337 791 3387 et
847 3331 981 3386 lana
1035 3334 1330 3401 tegantur,
1385 3327 1665 3398 omnique
1721 3327 1919 3382 studio
1979 3331 2036 3382 et
2144 3343 2273 3400 gem
2300 3327 2560 3383 divinam
2583 3332 2904 3394 servantes,
2928 3345 3054 3400 quas
3086 3329 3610 3400 turpiterviventes
3634 3331 3803 3401 juste

387 3428 512 3478 arte
542 3422 787 3494 seipsos,
820 3437 936 3475 non
970 3436 1104 3475 oves
1138 3421 1398 3490 pascant.
1430 3417 1593 3482 Quod
1626 3415 1849 3471 malum
1884 3423 2034 3472 Deus
2144 3416 2475 3487 amisimus,
2502 3417 2774 3488 precibus
2797 3417 2976 3472 beatae
3002 3417 3194 3472 Mariaa
3220 3419 3626 3475 restituantur.
3655 3417 3804 3476 Vale

386 3512 459 3568 ab
490 3510 622 3566 ovili
654 3515 852 3566 nostro
883 3512 1124 3577 avertat,
1154 3505 1618 3578 multiplicetque
1648 3505 1706 3560 in
1739 3522 1805 3560 eo
1837 3507 2032 3577 potius
2142 3506 2201 3561 in
2233 3507 2479 3562 Christo.

385 3599 672 3673 quidquid
707 3599 970 3654 divinum
992 3597 1226 3668 Deoque
1254 3601 1507 3667 gratum.
1535 3595 1763 3650 Etenim
1795 3595 1844 3650 si
1876 3595 2030 3666 quod

383 3691 456 3745 de
486 3695 543 3745 te
573 3688 840 3744 auditum
867 3691 1094 3742 tantum
1126 3690 1217 3741 est
1246 3702 1279 3740 a
1312 3684 1537 3750 multis,
1560 3684 1631 3740 de
1659 3688 1759 3739 tuo
1786 3685 1857 3739 ad
1891 3685 2030 3739 dine-

382 3779 563 3835 cesim
597 3777 782 3834 reditu
816 3777 994 3850 (quod
1025 3774 1243 3847 alioqui
1291 3774 1363 3829 ab
1407 3772 1567 3828 omni
1601 3774 1872 3845 episcOpo
1905 3773 2029 3830 ﬁeri

381 3868 573 3941 debet)
623 3867 899 3924 continuo
954 3865 1145 3922 visum
1203 3868 1293 3920 est
1351 3862 1629 3919 omnibus
1685 3861 2025 3918 laudabile:

382 3972 592 4028 nempe
622 3973 755 4012 oves
784 3955 1010 4011 ablatas
1043 3954 1268 4009 fortiter
1306 3968 1667 4024 recuperare,
1702 3968 1814 4007 non
1867 3951 2028 4007 abla-

380 4047 471 4099 tas
521 4059 862 4099 conservare
910 4041 1199 4097 viriliter:
1250 4040 1548 4095 interdum
1595 4039 1772 4095 etiam
1807 4040 2029 4096 alienas

378 4131 698 4204 adjungere
745 4132 817 4186 ad
869 4134 1122 4196 nostras,
1157 4135 1284 4184 tum
1331 4134 1593 4184 errantes
1645 4133 1703 4184 et
1754 4127 2027 4199 amissas,

377 4221 568 4292 quoad
619 4220 743 4275 ﬁeri
794 4219 998 4291 possit,
1059 4233 1316 4288 querere
1365 4234 1431 4272 ac
1474 4217 1783 4290 vestigare,
1838 4222 1895 4272 et
1934 4217 2028 4272 in-

374 4313 582 4364 ventas
634 4309 695 4363 in
750 4307 1066 4364 humerum
1115 4323 1328 4379 magno
1376 4309 1587 4361 conatu
1621 4307 1921 4379 imponere
1955 4307 2026 4362 ad

373 4396 770 4470 ecclesiasque
798 4397 1073 4451 reducere
1104 4395 1163 4450 in
1196 4412 1508 4450 numerum
1551 4411 1752 4451 eorum
1803 4395 1899 4467 qui
1955 4396 2025 4452 ab

375 4502 570 4542 errore
600 4485 772 4542 alieni
803 4489 943 4540 sunt
970 4503 983 4552 ;
1031 4484 1174 4552 hare,
1209 4484 1473 4555 inquam,
1508 4501 1686 4556 quam
1717 4488 1882 4556 grata
1913 4488 2027 4540 Deo

374 4580 433 4667 et
467 4574 823 4667 Deode‘ditis
854 4573 1110 4667 fuerint!
1156 4573 1375 4667 Idcirco
1407 4573 1562 4644 quod
1596 4573 1851 4667 voluisti,
1887 4574 2027 4646 quia
2055 4602 2101 4667 D

372 4664 859 4720 honestissimum
903 4669 1047 4730 erat,
1079 4662 1462 4718 laudaverunt
1509 4663 1730 4717 cordati
1782 4667 1840 4718 et
1885 4681 2021 4735 pru-

372 4755 579 4809 dentes
627 4769 851 4820 omnes,
894 4758 951 4808 et
1004 4752 1064 4806 in
1115 4751 1321 4822 primis
1369 4751 1689 4823 imperator
1736 4753 1883 4824 ipse,
1925 4753 2026 4825 qui

373 4860 487 4898 non
519 4841 712 4898 solum
745 4841 1109 4913 approbavit,
1142 4841 1242 4896 sed
1285 4841 1601 4913 magniﬁca
1648 4841 1820 4896 verba
1870 4842 2022 4911 fecit,

375 4936 583 4987 nactus
613 4931 764 4986 hanc
795 4930 1163 4987 occasionem
1197 4929 1465 4985 Ecclesiae
1499 4930 1726 4996 utilem,
1759 4929 2026 4987 imitatus

374 5020 926 5092 eloquentissimum
969 5021 1137 5074 illum
1183 5019 1396 5085 virum,
1430 5035 1562 5076 cum
1609 5037 1722 5091 quo
1774 5020 2025 5092 (quoties

374 5125 477 5181 pro
507 5108 766 5164 Ecclesia
815 5107 899 5163 illi
944 5109 1260 5163 dicendum
1300 5112 1389 5163 est
1419 5108 1490 5162 ad
1524 5107 1836 5164 utilitatem
1871 5109 2025 5164 mul-

373 5198 594 5269 torum)
626 5214 796 5253 nemo
828 5197 1109 5253 orationis
1141 5197 1448 5266 suavitate,
1480 5196 1649 5268 copia
1690 5203 1748 5253 et
1790 5197 2024 5270 elegan-

371 5287 454 5342 tia
483 5293 706 5342 certare
737 5292 946 5359 potest,
988 5292 1046 5342 et
1097 5303 1284 5358 usque
1323 5287 1485 5354 adeo,
1530 5292 1595 5342 ut
1643 5287 1781 5354 dixi,
1817 5305 2022 5359 propo-

372 5375 553 5431 situm
584 5376 1010 5447 consiliumque
1041 5379 1211 5430 tuum
1245 5381 1450 5448 aptum
1489 5381 1546 5431 et
1582 5391 1912 5448 congruens
1942 5378 2024 5432 vi-

375 5479 507 5519 sum
539 5463 876 5536 imperatori
907 5469 1018 5531 est,
1050 5469 1116 5519 ut
1151 5463 1445 5537 synodicis
1477 5465 1688 5521 litteris
1731 5471 1789 5522 et
1838 5466 2024 5524 edicto

441 5642 465 5682 ³
494 5642 659 5704 Prov.
690 5660 770 5717 ιχ,
800 5645 856 5704 8.
929 5647 953 5681 ⁴
978 5645 1148 5706 Joan.
1179 5661 1239 5718 κ,
1281 5646 1369 5706 15.

2742 3595 3078 3652 EPISTOLA
3127 3597 3192 3651 ΙΙ.

2140 3683 2474 3739 Athanasius
2513 3683 2836 3757 patriarcha
2868 3683 3502 3756 Constantinopolitanus
3545 3686 3794 3757 episcopo

2775 3756 3153 3812 Seniensium.

2211 3862 2398 3931 Nosti,
2428 3863 2929 3934 quemadmodum
2960 3863 3260 3935 Sapientia
3297 3863 3618 3936 discipulos
3648 3880 3792 3921 suos

2141 3952 2388 4008 doceat:
2441 3957 2520 4009 Ne
2566 3951 2802 4024 (inquit)
2844 3952 3212 4024 reprehendas
3263 3955 3577 4021 sceleratos,
3623 3970 3695 4010 ne
3741 3961 3797 4010 te

2137 4041 2356 4097 oderint
2387 4043 2428 4112 ³,
2459 4047 2742 4113 tanquam
2775 4041 3073 4114 sapientes
3102 4046 3333 4098 tantum
3367 4043 3796 4115 reprehendere

2139 4132 2422 4203 opOrteat,
2475 4135 2540 4186 ut
2597 4130 2932 4202 quicunque
2988 4131 3196 4187 fratres
3253 4137 3474 4199 amant,
3525 4132 3791 4188 vicissim

2138 4225 2431 4275 amentur.
2475 4219 2815 4291 Opportune
2864 4217 3001 4274 hinc
3053 4219 3410 4292 principium
3461 4219 3796 4293 sumpsisse

2134 4309 2394 4377 videbor,
2428 4310 2528 4380 qui
2579 4309 2650 4364 ad
2695 4313 2772 4373 te,
2805 4308 2995 4363 virum
3038 4309 3362 4380 sapientem
3395 4313 3452 4365 et
3482 4310 3540 4364 in
3575 4309 3791 4365 litteris

2138 4399 2358 4453 sanctis
2403 4395 2724 4464 eruditum,
2759 4397 3034 4452 scribam.
3068 4397 3197 4454 Scio
3244 4403 3301 4454 te
3350 4415 3465 4454 non
3517 4398 3794 4470 ignorare

2138 4504 2264 4559 quae
2299 4485 2519 4542 sanctis
2561 4484 2844 4558 apostolis
2893 4487 2963 4542 de
3009 4487 3428 4543 constitutione
3469 4504 3665 4542 rerum
3698 4503 3794 4544 ec-

2138 4575 2599 4633 clesiasticarum
2631 4574 2856 4630 sancita
2885 4579 3044 4642 sunt,
3079 4592 3147 4631 ex
3197 4577 3412 4648 quibus
3456 4594 3643 4632 unum
3676 4581 3789 4648 est,

2138 4669 2202 4721 ut
2231 4664 2482 4737 quisque
2510 4668 2710 4736 pastor
2739 4663 2894 4719 intra
2925 4681 3064 4720 suos
3096 4665 3242 4721 ﬁnes
3291 4666 3529 4722 insistat
3557 4671 3795 4738 propter

2135 4771 2339 4827 pacem
2357 4759 2414 4809 et
2433 4753 2802 4820 charitatem,
2818 4770 3072 4825 quarum
3092 4759 3181 4810 est
3195 4759 3368 4811 Jesus
3389 4755 3792 4811 arctissimum

2134 4843 2456 4914 vinculum,
2490 4843 2644 4914 quod
2698 4841 2843 4898 solvi
2893 4860 3005 4899 non
3059 4849 3270 4916 potest.
3311 4845 3438 4901 Scis
3491 4849 3790 4917 praeterea,

2135 4939 2202 4989 ut
2247 4931 2448 5004 quales
2499 4949 2616 4987 non
2665 4948 2954 4998 essemus,
2991 4938 3340 5005 appareret;
3373 4934 3587 5005 quibus
3636 4934 3792 4990 notis

2135 5039 2334 5078 verum
2368 5025 2666 5093 pastorem
2697 5020 3166 5094 designantibus,
3202 5039 3453 5096 magnus
3496 5021 3595 5078 ille
3643 5039 3792 5095 pon-

2133 5111 2274 5166 tifex
2304 5111 2593 5175 Christus,
2626 5126 2844 5164 munus
2879 5110 3130 5180 pastoris
3170 5111 3472 5167 difﬁnierit
3506 5129 3519 5167 :
3577 5127 3794 5184 nempe

2138 5204 2344 5255 mutua
2373 5199 2434 5253 in
2467 5198 2635 5254 illum
2667 5198 2974 5254 charitate.
3007 5200 3228 5256 Deinde
3257 5218 3374 5256 non
3409 5202 3646 5273 ignoras
3697 5218 3792 5257 or-

2136 5294 2342 5345 natum
2376 5289 2543 5362 probi
2587 5288 2860 5359 pastoris,
2895 5287 2997 5360 qui
3047 5289 3122 5344 sit
3175 5291 3406 5346 animas
3455 5291 3652 5364 gregis
3699 5290 3794 5346 sui

2135 5380 2430 5436 evidenter
2459 5377 2823 5449 cogniturus,
2859 5378 2930 5432 de
2958 5395 3075 5450 quo
3107 5380 3396 5452 scriptum
3429 5384 3518 5437 est
3551 5395 3564 5435 :
3609 5380 3794 5435 Bonus

2128 5473 2322 5545 pastor
2374 5470 2625 5526 animam
2671 5483 2829 5524 suam
2875 5467 3032 5539 ponit
3076 5485 3175 5543 pro
3227 5472 3417 5528 ovibus
3462 5471 3578 5528 sui:
3616 5470 3656 5526 ‘.
3718 5469 3791 5528 Et
