4132 6418
301 339 414 401 517

1801 334 2225 402 EPISTOL/E.

3596 340 3715 402 518

301 475 455 548 quod
487 475 804 548 Gregorius
845 479 1229 548 cognomento
1261 474 1593 547 Theologus
1632 474 1906 530 edisserit
1935 490 1949 530 :
1983 475 2038 540 Α
2068 489 2201 527 cum
2234 470 2478 542 reliquis
2505 471 2676 527 malis
2707 488 2822 526 non
2849 474 2939 527 est
2965 472 3307 544 ambiguum
3337 477 3395 529 et
3423 473 3714 530 incertum

299 564 421 620 Non
499 564 960 636 unumquemvis
1037 564 1355 636 disciplum
1435 565 1508 620 ad
1585 562 1958 636 Evangelium

301 653 477 714 mitti.
511 670 701 725 neque
744 654 845 725 qui
893 653 1172 720 mittitur,
1207 654 1739 726 quomodocumque
1783 652 1958 718 mitti,

300 744 398 799 sed
430 744 532 814 qui
578 743 844 798 veritatis
875 743 1226 815 virtutisque
1258 743 1454 799 studio
1502 746 1734 797 tantum
1766 740 1959 796 inten-

300 837 397 888 tus
427 833 524 900 sit,
553 849 776 888 vacuus
819 836 876 886 et
925 833 1228 904 expeditus
1282 831 1444 888 omni
1492 848 1650 898 cura,
1684 831 1962 901 omnique

300 921 720 990 impedimento
770 920 938 988 liber,
969 921 1095 976 sine
1146 937 1282 988 tere,
1315 921 1442 976 sine
1482 921 1666 993 virga,
1703 936 1820 974 una
1869 923 1961 972 tu-

303 1010 452 1079 nica,
487 1009 665 1064 nudis
713 1009 889 1064 etiam
943 1011 1213 1081 pedibus,
1253 1013 1540 1080 tanquam
1575 1025 1687 1064 non
1737 1007 1965 1080 possint

305 1098 472 1154 aliter
501 1099 733 1170 speciosi
773 1114 889 1154 esse
927 1099 1088 1169 pedes
1114 1099 1631 1169 evangelisantium
1673 1113 1882 1169 pacem,
1913 1103 1964 1150 et

305 1196 502 1245 caetera
533 1187 672 1243 bona
693 1187 733 1242 ⁵.
768 1186 1104 1243 Intellexisti
1153 1185 1327 1242 etiam
1376 1186 1508 1258 quis
1542 1187 1619 1240 sit
1665 1200 1963 1240 mercena-

307 1277 429 1333 rius
460 1282 517 1333 et
559 1275 774 1348 qualis,
805 1277 878 1332 de
921 1293 1034 1348 quo
1083 1276 1268 1348 pudet
1314 1291 1409 1330 me
1455 1281 1583 1331 tum
1617 1275 1808 1330 dicere
1836 1278 1962 1328 tum

305 1370 516 1433 tacere,
548 1381 683 1420 cum
715 1364 858 1421 satis
902 1363 1030 1434 ipse
1061 1367 1254 1420 status
1282 1368 1614 1436 temporum
1665 1369 1721 1418 et
1769 1378 1965 1417 rerum

307 1471 439 1510 eum
473 1455 746 1511 ostendat
795 1457 970 1526 atque
1019 1457 1320 1526 coarguat.
1359 1454 1435 1508 De
1482 1469 1598 1523 quo
1649 1452 1698 1507 si
1748 1454 1966 1506 attente

305 1543 538 1600 audiam
592 1543 929 1616 prophetas,
962 1559 1096 1597 cum
1148 1543 1206 1597 in
1260 1541 1373 1598 mei
1423 1540 1654 1598 similes
1704 1545 1968 1613 pastores

302 1631 392 1688 his
436 1632 634 1688 verbis
687 1631 1048 1688 invehuntur
1104 1648 1116 1686 :
1167 1634 1421 1688 Pastores
1463 1634 1700 1702 pascunt
1744 1631 1966 1700 seipsos,

301 1737 413 1778 non
452 1721 647 1788 oves“;
682 1723 740 1776 et
785 1719 929 1776 illud
966 1723 1059 1779 :0
1103 1724 1376 1792 pastores,
1428 1721 1526 1790 qui
1569 1719 1799 1790 perditis
1845 1731 1970 1772 oves

302 1811 579 1882 pascua";
634 1810 821 1865 item:
872 1811 1061 1866 Pretio
1117 1809 1450 1882 respondent
1505 1807 1828 1876 sacerdotes,
1877 1823 1964 1860 sa-

305 1899 540 1956 cerdotes
579 1899 750 1969 legem
803 1899 1024 1954 Domini
1068 1899 1434 1963 occultarum,
1465 1901 1518 1952 et
1550 1898 1725 1965 legem
1782 1911 1962 1950 meam

304 1989 602 2056 violarunt,
635 1991 685 2042 et
723 1993 919 2042 sancta
946 2003 1070 2042 mea
1113 1987 1558 2059 profanarum“;
1592 1986 1731 2041 item
1767 1983 1912 2039 illud
1947 1999 1959 2036 :

305 2079 474 2134 Lanis
504 2080 690 2134 ovium
717 2077 898 2143 indui,
929 2082 1177 2132 mactare
1205 2075 1348 2147 quod
1373 2077 1584 2147 pingue
1612 2078 1713 2140 est,
1747 2074 1846 2128 lac
1877 2073 1968 2128 bi-

309 2168 500 2228 bere”:
532 2167 674 2237 haec,
706 2167 976 2238 inquam,
1008 2169 1226 2221 attente
1257 2165 1524 2232 audiens,
1555 2162 1697 2234 quid
1730 2162 1967 2231 faciam,

1999 1808 2096 1918 si

2069 562 2212 632 quin
2243 560 2388 615 iram
2422 561 2522 616 Dei
2557 560 2726 616 nobis
2771 565 2982 633 augeat
3015 578 3027 616 :
3062 562 3537 633 quandoquidem
3569 565 3716 619 tole-r

2070 667 2232 706 rasse
2289 650 2473 705 Deum
2528 650 2732 706 mundi
2790 655 3095 722 peccatum
3151 651 3490 720 didicimus,
3540 653 3720 709 eremi

2070 755 2201 795 vero
2251 744 2550 811 peccatum
2599 755 2994 811 nequaquam.
3025 740 3307 796 Similiter
3348 742 3719 798 verissimum

2072 834 2180 896 est,
2216 845 2403 900 neque
2434 834 2696 901 pastores
2729 829 2826 900 qui
2858 846 3089 902 gregem
3128 830 3433 903 negligunt
3461 832 3720 903 impuni-

2072 923 2192 986 tos;
2245 917 2577 990 multosque
2627 919 3010 984 discessuros,
3043 921 3275 974 tametsi
3309 921 3557 977 fortasse
3604 938 3720 977 non

2074 1007 2155 1062 ita
2183 1006 2450 1062 videatur
2476 1006 2547 1061 iis
2579 1007 2678 1078 qui
2723 1013 2930 1079 sponte
2977 1007 3238 1064 velamen
3273 1010 3616 1078 obtendunt,
3652 1027 3725 1068 ne

2072 1095 2336 1150 limatam
2371 1095 2664 1167 Evangelii
2695 1097 2995 1152 veritatem
3037 1096 3350 1168 aspiciant;
3385 1099 3557 1154 sicuti
3587 1116 3722 1155 cum

2075 1186 2303 1256 Moyses
2335 1184 2545 1252 legitur
2591 1184 2806 1255 populo
2839 1184 3035 1252 Israel,
3071 1202 3218 1256 quos
3248 1186 3484 1258 quidem
3532 1188 3728 1244 existi-

2075 1273 2332 1342 mabam,
2365 1272 2597 1328 sublato
2633 1273 2760 1343 jam
2808 1273 3115 1341 velamine,
3147 1275 3397 1332 revelata
3447 1276 3592 1333 facie
3637 1277 3724 1332 vi-

2077 1363 2231 1417 dere.
2265 1361 2399 1428 Sed,
2433 1378 2464 1416 o
2496 1361 2885 1417 calamitatem
2928 1367 2986 1418 et
3014 1363 3335 1430 miseriam,
3368 1369 3434 1420 ut
3465 1370 3727 1438 tempore

2076 1451 2203 1522 ipso
2236 1449 2400 1505 facile
2432 1449 2586 1505 mala
2617 1451 2901 1506 subeunt!
2961 1452 3130 1521 quale
3177 1459 3266 1509 est
3314 1453 3424 1509 hoc
3476 1455 3724 1512 monstri

2077 1541 2231 1611 quod
2266 1555 2423 1594 nunc
2455 1544 2648 1594 ortum
2697 1543 2787 1594 est
2825 1543 2891 1594 ut
2919 1541 3289 1611 reperiantur
3334 1543 3594 1616 episcopi
3625 1544 3726 1617 qui

2077 1633 2308 1684 tantum
2349 1629 2490 1683 dent
2535 1628 2869 1694 consilium,
2903 1646 3189 1702 suamque
3241 1630 3439 1687 dicant
3485 1639 3726 1689 senten-

2077 1717 2252 1784 tiam;
2289 1733 2401 1771 non
2452 1722 2647 1772 autem
2694 1717 2792 1788 qui
2826 1718 3059 1774 decreta
3106 1722 3575 1794 sententiamque
3608 1740 3732 1779 ma-

2104 1823 2271 1861 orum
2305 1811 2431 1860 tum
2466 1807 2686 1877 private
2717 1811 2842 1862 tum
2875 1807 3108 1879 publice
3138 1809 3486 1866 confirment
3514 1815 3571 1867 et
3601 1829 3733 1868 san-

2077 1896 2254 1962 ciant,
2283 1895 2365 1950 ita
2397 1900 2462 1950 ut
2503 1896 2627 1965 jam
2673 1896 2729 1950 in
2783 1897 2978 1952 causis
3034 1914 3359 1969 pauperum
3419 1901 3728 1956 nobiscum

2078 1985 2315 2056 quidem
2338 1984 2594 2040 sentiant
2619 1985 2717 2056 qui
2748 1985 2963 2056 pariter
2983 1986 3276 2056 judicant,
3301 2005 3416 2044 non
3444 1995 3639 2045 tamen
3666 1989 3727 2046 in

2078 2072 2273 2128 causis
2303 2074 2552 2128 divitum
2603 2079 2780 2145 atque
2827 2074 3143 2143 nobilium;
3196 2079 3558 2148 quamobren
3609 2096 3726 2136 non

2079 2162 2347 2217 convenit
2399 2162 2542 2217 mihi
2599 2179 2733 2217 cum
2792 2163 2884 2218 bis
2934 2167 3378 2222 consessoribus
3420 2168 3726 2239 judicibus

307 2273 379 2312 ne
411 2261 668 2312 metuam
713 2271 814 2311 eos
864 2254 962 2326 qui
1017 2270 1110 2310 me
1156 2255 1540 2326 redarguunt,
1572 2256 1630 2307 et
1685 2251 1840 2306 clare
1895 2251 1967 2305 ob
2071 2251 2357 2322 judicare.
2393 2251 2452 2306 Si
2499 2268 2609 2323 pax
2641 2268 2880 2307 munere
2921 2253 3022 2308 Dei
3080 2260 3392 2311 consecuta
3447 2257 3643 2325 fuerit,
3674 2263 3732 2315 et

308 2344 505 2402 oculos
553 2345 700 2400 mihi
750 2347 998 2417 ponunt,
1032 2342 1228 2416 qualis
1269 2341 1425 2398 sim?
1457 2357 1584 2414 qua
1632 2339 1682 2395 si
1737 2337 1970 2394 fabulas

304 2437 473 2506 putat
503 2435 602 2503 qui
635 2433 694 2488 in
724 2432 920 2505 ignem
962 2431 1132 2486 illum
1165 2434 1490 2486 extremum
1522 2444 1639 2483 non
1670 2427 1958 2496 intuetur,

302 2522 447 2578 mihi
485 2527 642 2578 certe
686 2539 804 2578 non
859 2520 1097 2588 fabulas,
1129 2520 1233 2575 sed
1294 2519 1376 2573 ita
1438 2515 1742 2572 horribilia
1771 2515 1973 2570 omnia

300 2628 431 2667 esse
457 2611 750 2682 videntur,
798 2613 861 2664 ut
907 2609 1149 2664 horrore
1194 2608 1444 2663 exedant
1492 2608 1972 2675 consumantque

300 2699 613 2757 medullas.
645 2698 843 2770 Neque
892 2703 1090 2753 tamen
1140 2712 1420 2752 curamus
1472 2696 1660 2749 facere
1703 2709 1810 2765 pro
1841 2692 1975 2747 viri.

297 2791 418 2848 bus
448 2805 520 2844 ne
553 2791 792 2861 propter
845 2785 1084 2858 aliquod
1144 2803 1213 2841 ex
1263 2784 1356 2840 bis
1411 2782 1620 2838 vitium
1655 2797 1720 2836 ac
1771 2780 1968 2837 scelus

295 2875 605 2936 constricti
644 2874 898 2932 vinculis
948 2873 1320 2940 arctissimis,
1352 2871 1544 2945 pmnis
1593 2870 1972 2942 sempiternis

292 2968 654 3036 efﬁciamur,
675 2967 777 3022 sed
809 2965 1006 3037 potius
1038 2965 1251 3019 damus
1273 2978 1511 3034 operam
1532 2960 1698 3016 vanis
1727 2962 1970 3015 conten-

290 3057 574 3115 tionibus
625 3054 988 3127 judiciisque
1037 3054 1110 3108 ad
1168 3052 1473 3108 libidinem
1531 3053 1792 3105 nostram
1845 3065 1972 3104 cor-

289 3146 516 3222 ruptis,
545 3149 646 3201 aut
676 3146 747 3201 ab
793 3161 858 3201 eo
909 3143 1064 3216 quod
1097 3141 1219 3198 ﬁeri
1270 3140 1551 3213 oportuit,
1587 3138 1958 3194 abducimur.

291 3239 438 3303 Qua:
470 3236 629 3292 enim
668 3235 855 3290 facere
893 3231 1103 3297 solent,
1136 3230 1239 3303 qui
1280 3233 1503 3285 statum
1535 3227 1804 3284 Ecclesiae
1837 3242 1965 3298 per-
1997 3225 2040 3291 C

293 3329 543 3383 turbare
601 3322 950 3391 moliuntur,
1002 3321 1128 3377 haec
1181 3319 1281 3374 isti
1336 3322 1599 3390 quaestus
1647 3315 1837 3388 gratia
1877 3315 1972 3370 fa-

299 3415 465 3472 ciunt
499 3433 514 3470 :
550 3412 778 3469 scilicet
807 3427 942 3466 cum
973 3428 1008 3466 a
1045 3408 1337 3482 principio
1369 3406 1757 3463 constitutum
1793 3409 1971 3474 esset,

302 3509 367 3560 ut
419 3503 519 3560 bis
579 3517 812 3574 quoque
871 3516 1026 3555 anno
1087 3497 1346 3571 synodus
1402 3497 1736 3562 haberetur,
1771 3499 1975 3566 postea

297 3610 432 3650 vero
482 3589 858 3648 commodius
905 3589 1199 3643 videretur
1244 3586 1442 3642 haberi
1495 3583 1699 3653 semel,
1730 3601 1804 3638 ne
1834 3600 1970 3639 oves

302 3689 548 3755 pr0pter
604 3679 870 3736 crebram
937 3676 1266 3733 absentiam
1322 3680 1648 3747 pastorum,
1707 3673 1876 3728 facile
1941 3691 1975 3727 υ,

301 3771 458 3844 lupis
495 3769 692 3825 invadi
735 3771 994 3840 possent,
1027 3770 1233 3822 nostra
1285 3781 1441 3820 nunc
1472 3768 1632 3832 astas,
1670 3761 1864 3817 nescio
1896 3779 1971 3818 an

301 3861 532 3934 aliquid
593 3856 988 3931 prudentioris
1061 3854 1290 3911 consilii
1351 3852 1662 3926 providens
1720 3868 1792 3905 an
1850 3867 1973 3906 cor-

300 3951 549 4023 ruptius
578 3947 883 4018 judicans,
915 3945 1024 4000 hoc
1071 3959 1305 4016 quoque
1337 3941 1578 3998 sustulit
1612 3959 1625 3996 :
1662 3941 1814 3995 unde
1845 3955 1975 4012 gra-

297 4040 391 4096 via
420 4044 480 4095 et
514 4054 666 4093 nova
696 4035 852 4091 mala
898 4034 1223 4104 suscitavit,
1259 4037 1318 4088 et
1366 4047 1570 4087 curam
1623 4028 1976 4101 pastoralem

299 4128 359 4183 in
392 4126 686 4201 pecunias
721 4140 1046 4196 pauperum
1079 4121 1475 4178 corradendas
1506 4118 1778 4180 contulit.
1805 4133 1978 4190 grege

300 4219 461 4290 lupis
513 4214 720 4272 relicto
757 4232 769 4269 :
808 4230 1024 4286 magna
1068 4229 1204 4267 vero
1254 4210 1558 4282 diligentia
1587 4212 1644 4264 et
1674 4206 1982 4280 vigilantia

305 4307 506 4364 locum
543 4303 805 4376 episcopi
839 4307 1151 4366 ornarunt,
1172 4305 1238 4356 ut
1267 4298 1516 4355 desertis
1547 4297 1671 4353 suis
1703 4296 1979 4369 gregibus

305 4397 466 4469 apud
524 4393 791 4466 reginam
844 4387 1411 4462 Constantinopolim
1463 4387 1832 4442 accubarent.
1870 4385 1979 4440 De-

308 4487 495 4559 nique
551 4482 910 4548 maluerunt,
942 4480 1102 4536 brevi
1154 4477 1450 4550 voluptate
1506 4474 1786 4545 contenti,
1820 4473 1981 4530 carni

304 4575 647 4663 indulgere,
681 4589 863 4663 quam
899 4587 1059 4663 cum
1103 4567 1318 4641 pepulo
1372 4564 1808 4663 Deiulaborare,
1843 4579 1979 4663 con-
2014 4599 2060 4663 Β

306 4665 562 4738 temptis
605 4662 837 4733 legibus
881 4657 1098 4715 divinis
1145 4674 1276 4729 quas
1322 4655 1659 4728 prohibent,
1695 4669 1765 4708 ne
1797 4652 1983 4724 pauli-

308 4771 450 4826 sper
499 4751 746 4825 quidem
793 4751 1036 4822 impune
1069 4766 1102 4804 a
1143 4761 1318 4820 grege
1367 4745 1592 4800 abesse.
1627 4744 1700 4798 Ac
1749 4741 1888 4808 nisi,
1921 4744 1988 4796 ut

306 4841 639 4915 Apostolus
697 4842 812 4908 ait,
875 4841 1136 4894 inimicus
1191 4835 1412 4891 viderer
1459 4849 1650 4888 verum
1705 4832 1984 4903 eloquens,

308 4948 558 5005 possem
616 4929 840 5001 aliquid
902 4945 1033 4983 vere
1093 4926 1306 4981 dicere.
1340 4923 1510 4991 Quid,
1547 4937 1764 4994 quaeso,
1816 4922 1987 4992 juvat

310 5022 463 5077 istos
527 5019 837 5091 episcopos
892 5021 949 5073 et
1008 5021 1272 5090 pastores
1303 5013 1363 5069 in
1397 5013 1542 5068 urbe
1598 5009 1837 5076 morari,
1872 5007 1988 5064 nisi

313 5111 624 5182 (omittam
657 5107 794 5178 alia)
827 5111 893 5161 ut
937 5104 1302 5178 patriarchas
1335 5101 1480 5157 alios
1521 5103 1810 5166 moveant,
1843 5097 1988 5154 alios

313 5199 581 5272 eligant;
617 5215 688 5252 ne
719 5197 769 5252 si
802 5195 958 5251 idem
992 5196 1091 5249 diu
1143 5193 1218 5248 sit
1262 5190 1616 5264 patriarcha,
1641 5205 1734 5244 res
1783 5203 1988 5243 omnes

315 5288 739 5346 ecclesiasticae
771 5283 1108 5356 composita:
1139 5281 1260 5336 sint
1294 5296 1306 5334 :
1342 5280 1493 5350 quod
1528 5277 1869 5350 praeclarum
1903 5276 1986 5331 fa-

317 5379 495 5434 cinus
527 5394 598 5432 ex
629 5392 696 5432 eo
737 5380 998 5446 tempore
1055 5373 1240 5427 facere
1295 5368 1392 5423 isti
1442 5371 1888 5432 consueverunt,
1921 5382 1991 5421 ex

317 5484 437 5540 quo
470 5462 980 5537 Constantinopoli
1035 5460 1207 5534 potiti
1262 5473 1494 5514 sumus.
1529 5455 1696 5520 Quod
1750 5456 1987 5528 quidem

2081 2339 2388 2396 consilium
2460 2342 2735 2411 frequens
2792 2340 2918 2412 cogi
2975 2343 3303 2414 contigerit,
3363 2346 3732 2419 corrigentur

2080 2429 2201 2483 hanc
2232 2429 2475 2484 omnia:
2511 2431 2665 2500 quod
2727 2431 2774 2485 si
2833 2446 3004 2487 secus
3051 2433 3305 2489 evenerit
3331 2435 3728 2508 (quandoqui-

2080 2521 2214 2572 dem
2248 2519 2542 2573 neseimus
2587 2519 2727 2590 quid
2768 2519 3069 2590 proximus
3101 2522 3225 2578 dies
3273 2523 3352 2578 sit
3396 2523 3730 2598 allaturus),

2079 2608 2268 2662 Judex
2299 2607 2394 2662 ille
2425 2607 2525 2678 qui
2557 2606 2678 2661 falli
2725 2625 2841 2663 non
2893 2613 3106 2679 potest,
3138 2611 3406 2668 Ecclesia;
3439 2631 3557 2670 suae
3588 2631 3724 2672 con-

2080 2696 2253 2752 sulet.
2289 2696 2404 2751 Hoc
2453 2702 2509 2751 te
2555 2696 2702 2751 scire
2747 2695 2922 2766 volui,
2954 2715 3027 2754 ne
3060 2699 3371 2757 molestum
3421 2709 3577 2760 esset
3625 2722 3726 2762 ve-

2081 2786 2227 2840 nire.
2260 2784 2420 2840 Vale.

2663 2892 3013 2950 EPISTOLA
3051 2895 3149 2951 ΙΙΙ.

2085 2981 2366 3064 Gratia-et
2405 2998 2522 3064 pax
2559 2982 2667 3064 tibi
2700 2999 2747 3064 Δα
2795 2984 2900 3064 Deo
2949 2986 3351 3064 omnipotente.
3391 2988 3730 3048 Athanasius

2149 3054 2470 3124 patriarcha
2549 3053 3188 3127 ConstantinOpolicanus
3259 3061 3510 3132 episcopo
3584 3066 3731 3131 Apa-

2154 3140 2314 3182 meae.

2155 3231 2432 3287 Existimo
2474 3236 2529 3287 te
2562 3249 2678 3287 non
2710 3233 2978 3305 ignorare
3009 3234 3151 3306 quid
3194 3237 3447 3294 Basilius
3477 3239 3576 3296 ille
3606 3257 3730 3298 ma-

2087 3337 2240 3393 gnus
2272 3322 2340 3376 ad
2375 3321 2719 3393 Gregorium
2752 3322 3074 3394 scripserit,
3098 3325 3169 3380 de
3207 3343 3273 3382 eo
3305 3331 3372 3382 ut
3405 3329 3736 3386 excluderet

2083 3410 2488 3466 mulierculam
2519 3426 2698 3481 quam
2743 3411 2901 3466 domi
2947 3411 3226 3483 habebat;
3259 3421 3316 3471 et
3345 3419 3733 3490 quemadmo-

2083 3500 2224 3554 dum
2268 3499 2535 3570 jusserit,
2569 3504 2635 3554 ut
2683 3499 2796 3555 nisi
2847 3502 3049 3558 statim
3097 3503 3450 3573 excluderet,
3476 3512 3736 3564 cessaret

2084 3589 2155 3645 ab
2212 3588 2402 3644 officio
2460 3587 2828 3655 sacerdotali,
2889 3591 3226 3648 redditurus
3282 3594 3396 3650 Deo
3450 3596 3736 3652 rationem

2085 3678 2448 3744 cessationis,
2506 3677 2858 3750 futurusque
2909 3685 3115 3736 cuncto
3165 3683 3382 3755 populo
3430 3685 3742 3741 anathema

2085 3767 2134 3822 si
2165 3784 2282 3822 non
2313 3771 2587 3834 cessaret,
2621 3768 2721 3822 sed
2774 3768 2971 3838 potius
3002 3772 3225 3843 absque
3269 3775 3591 3830 reverentia
3621 3775 3738 3830 Deo

2086 3857 2317 3913 offerret
2376 3872 2388 3910 :
2446 3855 2664 3927 quibus
2723 3857 2913 3912 verbis
2970 3859 3418 3927 demonstravit,
3450 3868 3737 3934 quantum

2086 3946 2285 4001 damni
2319 3949 2377 3999 et
2398 3944 2642 4016 jactura:
2676 3944 2910 4015 faceret,
2942 3947 3041 4018 qui
3091 3949 3439 4020 dignitatem
3490 3952 3738 4024 adeptus

2087 4051 2201 4090 non
2232 4038 2523 4090 exerceret
2564 4034 2960 4090 ministerium
2993 4041 3148 4093 recte
3193 4043 3252 4093 et
3299 4039 3553 4096 assidue.
3587 4041 3738 4097 Sunt

2086 4125 2285 4195 itaque
2315 4124 2466 4178 facta
2500 4127 2837 4178 sanctorum
2870 4124 3106 4180 Patrum
3155 4129 3421 4200 exempla
3450 4130 3642 4192 nobis.
3673 4135 3741 4186 ut

2089 4231 2218 4284 quae
2245 4212 2413 4267 nobis
2444 4211 2709 4266 facienda
2731 4219 2889 4282 sunt,
2915 4229 3049 4269 cum
3082 4215 3154 4270 iis
3176 4232 3586 4288 comparemus
3609 4235 3741 4291 qua!

2089 4301 2276 4375 gratia
2307 4305 2644 4358 sanctorum
2677 4318 2778 4372 per
2827 4318 2924 4358 eos
2975 4303 3252 4375 aspiravit
3301 4305 3359 4359 in
3411 4323 3542 4377 quis
3585 4308 3746 4380 aspi-

2091 4391 2363 4448 ciendum
2405 4396 2512 4460 est,
2550 4396 2612 4445 ut
2642 4390 2701 4444 in
2734 4389 2914 4446 solem
2967 4393 3227 4465 aspicere
3277 4394 3486 4467 solent,
3517 4397 3619 4468 qui
3651 4395 3745 4451 lu-

2092 4496 2226 4535 men
2284 4479 2640 4535 desiderant.
2693 4479 3081 4542 Quamobrem
3128 4483 3232 4537 tibi
3289 4483 3401 4538 hoc
3448 4484 3747 4557 exemplar

2093 4568 2517 4642 insculpimus,
2580 4571 2643 4623 ut
2707 4569 3184 4641 quandoquidem
3249 4571 3567 4629 Ecclesiam
3635 4573 3747 4631 tibi

2095 4658 2491 4714 commendari
2521 4657 2780 4722 voluisti,
2805 4674 3041 4731 gregem
3074 4660 3288 4716 Christi
3320 4662 3392 4717 ad
3419 4679 3638 4734 pascua
3667 4663 3748 4719 vi-

2094 4748 2247 4803 ridia
2274 4751 2332 4802 et
2361 4747 2620 4802 salubria
2648 4747 2807 4803 omni
2840 4748 3037 4803 studio
3069 4765 3208 4821 agas
3238 4757 3295 4805 et
3323 4751 3526 4822 ducas,
3550 4752 3750 4808 defen-

2096 4839 2319 4908 dasque
2370 4853 2504 4892 eum
2557 4853 2592 4891 a
2651 4835 2856 4891 bestiis
2919 4854 3033 4892 non
3103 4837 3582 4912 quibuscunque,
3643 4841 3746 4897 sed

2095 4925 2378 4996 Arabicis,
2410 4931 2537 4980 tum
2589 4925 2987 4996 corporalibus
3043 4944 3170 4998 qua;
3228 4934 3572 5000 cernuntur,
3618 4934 3747 4986 tum

2097 5014 2505 5088 spiritualibus
2538 5029 2665 5086 qua:
2707 5031 2820 5069 non
2865 5021 3205 5072 cernunlur.
3239 5017 3308 5072 Et
3337 5018 3424 5090 (ut
3454 5019 3626 5074 debet
3653 5037 3747 5076 ve-

2098 5123 2200 5162 rus
2231 5105 2560 5176 episcopus)
2606 5104 2863 5159 resideas
2913 5111 3112 5160 sancte
3143 5107 3215 5161 ad
3246 5112 3511 5162 sanctam
3561 5124 3746 5180 aram,

2097 5196 2169 5251 de
2227 5211 2343 5266 qua
2398 5193 2503 5247 tibi
2560 5193 3031 5264 participandum
3089 5199 3197 5264 est,
3231 5196 3407 5252 sicuti
3467 5197 3747 5254 Dominus

2098 5283 2498 5356 pronuntiavit
2525 5282 2757 5352 dignum
2807 5299 2917 5338 esse
2965 5287 3281 5354 operarium
3330 5287 3575 5344 mercede
3620 5303 3745 5343 sua.

2099 5374 2490 5440 Quamobrem
2523 5389 2636 5426 non
2685 5376 2774 5426 est
2803 5371 3283 5442 existimandum,
3306 5374 3480 5432 licere
3511 5375 3614 5431 tibi
3643 5375 3746 5432 diu

2099 5466 2304 5540 quavis
2333 5463 2405 5519 de
2435 5477 2614 5518 causa
2641 5461 2866 5528 abesse,
2891 5461 3030 5534 quia
3059 5465 3254 5536 potius
3282 5463 3613 5522 faciendum
3639 5463 3748 5524 tibi

389 5664 413 5704 ⁵
442 5661 707 5731 Nahum,
740 5679 780 5737 ι,
815 5662 901 5720 15.
977 5661 999 5698 θ
1029 5657 1232 5717 Ezech.
1266 5670 1457 5730 xxxw,
1488 5652 1545 5710 8.
1621 5652 1641 5693 7
1671 5650 1820 5710 lbid.
1855 5651 1940 5708 18.

2086 5649 2282 5707 lerem.
2314 5661 2396 5716 V1,
2426 5641 2513 5700 19.
2591 5641 2613 5678 ο
2642 5639 2753 5698 lea.
2788 5655 2879 5713 ιν,
2912 5641 2964 5703 1.
