4132 6424
419 323 539 389 519

1551 320 1981 384 ATHANASH
2028 314 2145 382 ΟΡ.
2193 312 2718 380 PA'l‘ltlAltCll/E

3718 320 3826 389 520

420 464 528 527 est,
560 467 623 515 ut
651 458 916 514 celeriter
943 458 1027 514 ire
1059 456 1249 529 possis
1297 456 1368 512 ad
1418 472 1549 512 eam
1598 454 1912 511 Ecclesiam
1946 470 2072 525 quae
2103 454 2157 520 Α
2188 451 2302 518 bit,
2359 469 2595 508 summa
2660 452 2899 508 licentia
2955 453 3335 525 irrepserunt.
3397 455 3536 519 Quae
3589 455 3640 512 si
3698 456 3827 515 talia

416 549 524 603 tibi
555 548 759 603 addita
803 552 894 602 est
940 550 999 601 et
1044 545 1475 615 commendata,
1505 550 1571 599 ut
1601 544 1651 599 ei
1686 544 1914 616 praesis;
1962 543 2073 599 hoc

419 642 615 694 autem
650 638 848 701 facies,
881 636 929 692 si
978 635 1143 708 prius
1192 634 1419 689 restitui
1465 634 1668 689 feceris
1709 648 2073 705 quaecunque

417 727 538 783 sive
581 732 640 782 te
687 725 921 782 conscio
979 724 1100 779 sive
1158 740 1271 779 non
1328 723 1561 778 conscio
1609 723 1887 791 subrepta
1944 736 2072 776 esse

417 815 777 882 constiterit;
813 818 876 868 ut
920 814 1170 885 benigne
1206 812 1360 868 Deus
1394 829 1501 867 sua
1551 810 1762 883 cuique
1806 814 2072 864 nostrum

416 905 675 961 tribuere
706 902 860 971 velit,
894 902 1048 973 quod
1091 901 1202 956 erit
1250 917 1356 956 suo
1404 906 1666 971 tempore
1706 898 2071 969 jucundissi-

416 1012 601 1051 mum.
624 992 757 1056 Quae
790 992 1025 1061 quidem
1050 990 1283 1045 sublata
1314 994 1454 1045 sunt
1482 990 1553 1044 ab
1588 988 1660 1045 iis
1684 988 1785 1059 qui
1813 988 1963 1042 hanc
1995 987 2075 1043 la-

411 1084 546 1139 bem
578 1080 869 1155 episcopis
908 1096 1219 1152 aspergere
1247 1078 1470 1144 volunt,
1504 1083 1571 1133 ut
1601 1078 1745 1133 dum
1797 1078 1907 1149 ipsi
1944 1076 2073 1131 aliis

409 1172 769 1228 insidiantur
798 1174 856 1225 et
888 1168 1137 1240 injurias
1178 1167 1474 1240 ingerunt,
1507 1166 1681 1239 culpa
1730 1167 1791 1221 in
1842 1183 1941 1221 eos
1973 1163 2075 1237 qui

415 1260 558 1318 mali
603 1264 866 1332 pastores
910 1262 1067 1327 sunt,
1099 1258 1508 1327 transferatur,
1543 1255 1763 1327 alioqui
1796 1256 2079 1327 quemad-

423 1351 665 1407 modum
724 1348 806 1403 ire
863 1347 1059 1403 licebit
1114 1346 1172 1401 in
1224 1350 1526 1417 aspectum
1582 1362 1783 1400 eorum
1825 1361 2075 1415 quorum

427 1441 647 1496 damna
677 1444 735 1494 et
758 1437 1008 1508 injurias
1040 1435 1361 1491 inhumane
1391 1434 1814 1506 contempseris
1849 1450 1859 1487 :
1896 1451 1929 1488 a
1960 1450 2075 1505 quo

420 1534 615 1585 tamen
650 1527 808 1582 omni
842 1542 905 1581 se
934 1523 1153 1594 injuria
1181 1523 1519 1579 liberandos
1561 1538 1689 1577 esse
1733 1523 2073 1592 sperabant,

418 1622 523 1673 aut
565 1615 1057 1689 quemadmodum
1088 1629 1364 1684 cogemus
1397 1628 1495 1667 eos
1548 1614 1612 1665 ut
1662 1610 2071 1681 magistratum

412 1706 624 1773 ferant,
646 1705 763 1761 nisi
808 1704 964 1775 quod
1011 1701 1318 1758 Zacchssus
1348 1700 1617 1764 faciebat,
1642 1699 1750 1754 hoc
1784 1700 1933 1753 idem
1966 1714 2071 1752 nos

413 1793 766 1852 fecerimus?
798 1792 897 1848 Ille
928 1791 1085 1847 enim
1117 1791 1167 1846 si
1199 1791 1340 1862 quid
1373 1790 1628 1861 aliquem
1662 1788 2075 1859 defraudabat,

413 1884 695 1940 reddebat
750 1880 1173 1954 quadruplum.
1226 1880 1294 1935 Et
1349 1878 1636 1935 Dominus
1692 1878 1818 1949 pios
1871 1892 2075 1932 omnes

404 1974 579 2045 jubet
605 1973 678 2028 ab
710 1970 955 2028 avaritia
984 1969 1281 2026 abstinere
1325 1986 1337 2023 :
1366 1968 1523 2039 quod
1559 1967 1794 2039 quidem
1830 1966 1929 2037 qui
1962 1982 2075 2020 non

411 2061 613 2119 fecerit
640 2066 698 2117 et
738 2059 1028 2130 docuerit,
1058 2057 1559 2130 quemadmodum
1610 2073 1725 2110 non
1776 2056 1885 2110 erit
1935 2070 2074 2109 ana-

410 2152 615 2208 thema
645 2148 899 2223 populo?
940 2148 1038 2203 Est
1086 2147 1243 2203 enim
1302 2146 1471 2218 pejus
1530 2163 1643 2200 non
1705 2146 1892 2199 facere
1942 2143 2074 2219 hoc,

409 2257 590 2313 quam
622 2238 780 2311 quod
813 2236 1129 2309 Gregorius
1158 2234 1258 2291 ille
1289 2251 1466 2307 quem
1498 2234 1639 2305 dixi,
1662 2234 1815 2289 fecit.
1844 2236 2075 2299 Quanto

407 2327 642 2385 facilius
673 2332 731 2385 et
780 2327 965 2381 levius
1005 2325 1062 2379 id
1097 2323 1233 2379 mali
1267 2328 1434 2395 potes
1467 2322 1804 2394 corrigere?
1854 2321 2073 2393 alioqui

407 2422 763 2488 utrumque,
822 2415 939 2472 imo
1000 2414 1336 2485 quicunque
1397 2430 1510 2468 non
1571 2412 1981 2481 emendantur,
2040 2426 2074 2464 a

403 2507 637 2563 Christo
684 2504 947 2577 principe
998 2508 1304 2575 pastorum
1337 2503 1674 2575 punientur.
1709 2502 1858 2573 Ergo
1908 2505 2071 2571 post-

403 2613 583 2668 quam
630 2595 738 2651 hoc
790 2593 1123 2667 perfeceris,
1154 2592 1284 2649 veni
1335 2592 1407 2647 ad
1462 2608 1591 2658 nos,
1623 2596 1688 2645 ut
1734 2589 1947 2645 litteris
1978 2604 2070 2644 ac-

406 2684 594 2756 ceptis
625 2701 659 2740 a
691 2684 861 2740 nobis
917 2683 1263 2749 absolvaris,
1296 2688 1353 2737 et
1402 2682 1786 2736 conﬁrmatus
1833 2695 1932 2734 eas
1963 2678 2068 2732 bo—

407 2790 483 2828 na
512 2774 873 2828 conscientia
922 2773 991 2827 ad
1046 2789 1264 2827 munus
1314 2769 1604 2843 pastorale
1648 2768 2067 2824 administran-

406 2864 571 2917 dum.
596 2862 867 2928 Quandiu
904 2862 1061 2916 enim
1110 2878 1225 2916 non
1258 2860 1551 2916 vereberis
1598 2858 1717 2913 haec
1766 2874 1892 2928 qua;
1926 2854 2067 2911 facis

408 2951 619 3021 facere,
654 2968 761 3007 nos
794 2950 1057 3022 quidem,
1093 2955 1145 3004 te
1178 2967 1212 3004 a
1243 2950 1491 3005 dimcese
1537 2954 1640 3003 tua
1690 2948 1949 3013 absente,
1984 2947 2065 3000 rei

407 3057 526 3097 non
575 3041 798 3096 erimus
856 3044 970 3094 tuis
1022 3040 1346 3095 vacationis
1393 3053 1716 3109 eorumque
1773 3035 2063 3091 malorum

398 3150 530 3205 quas
563 3149 633 3189 ex
665 3132 932 3188 absentia
954 3135 1010 3186 et
1039 3130 1340 3185 vacatione
1362 3128 1523 3184 nasci
1547 3144 1785 3183 necesse
1813 3131 1937 3193 est;
1970 3141 2065 3179 ne-

2182 545 2423 613 tamque
2480 541 2679 613 gravia
2726 540 2890 597 vobis
2946 543 3237 610 videntur,
3290 560 3415 615 age,
3463 543 3679 616 optime
3723 546 3823 615 vir,

2189 636 2499 686 contentus
2530 635 2651 685 esto
2674 636 2777 685 tua
2804 632 3071 699 dioecesi;
3107 649 3384 704 permane
3415 633 3473 687 in
3506 650 3603 700 ea;
3636 635 3721 691 fac
3751 636 3827 692 sis

2183 735 2318 774 cum
2351 720 2558 775 ovibus
2586 720 2705 775 tuis
2737 737 2921 791 usque
2952 722 3024 776 ad
3058 722 3405 793 sanguinem
3440 722 3559 777 illis
3591 724 3824 793 afﬁxus;

2183 823 2330 878 quas
2389 808 2627 879 quidem
2688 826 2844 864 nunc
2901 810 2959 864 in
3020 811 3310 881 myrtetis,
3367 811 3522 867 inter
3577 812 3722 868 ﬁcus
3775 819 3829 871 et

2183 914 2369 963 rosas,
2398 902 2573 969 atque
2603 898 2662 953 in
2696 898 2996 955 montibus
3028 900 3225 955 divina
3256 900 3620 971 providentia
3648 907 3833 960 custo-

2183 985 2289 1039 dit.
2330 985 2530 1057 Neque
2576 986 2756 1053 enim,
2790 989 2945 1058 quod
2998 989 3398 1045 certissimum
3450 997 3555 1057 est,
3586 991 3747 1063 virga
3777 996 3831 1047 et

2184 1073 2390 1130 baculo
2422 1080 2522 1130 tuo
2577 1076 2853 1146 pastorali
2887 1078 2968 1141 (it,
3004 1081 3071 1132 ut
3118 1078 3177 1133 in
3226 1079 3460 1150 pascuis
3511 1080 3829 1138 virentibus

2186 1162 2348 1233 pacis
2403 1168 2460 1219 et
2518 1165 2806 1221 bonorum
2868 1165 3121 1222 caelestis
3176 1168 3504 1224 Jerusalem
3560 1185 3642 1225 ea;
3698 1168 3828 1225 sint.

2186 1251 2312 1306 Scis
2360 1252 2537 1321 enim,
2570 1254 2671 1325 qui
2723 1254 2979 1327 amplius
3026 1272 3128 1311 sex
3176 1257 3479 1314 mensibus
3512 1274 3546 1314 a
3591 1258 3833 1316 diceeese

2186 1341 2497 1413 abfuerint,
2533 1342 2645 1400 nisi
2692 1360 2790 1400 eos
2819 1344 3011 1417 gravis
3063 1346 3304 1403 morbus
3350 1351 3567 1416 teneat,
3598 1348 3832 1404 canoni-

2185 1428 2295 1484 bus
2325 1435 2380 1485 et
2410 1430 2640 1504 legibus
2689 1434 2987 1489 ﬁrmatum
3047 1451 3195 1503 esse,
3230 1438 3295 1489 ut
3351 1436 3743 1493 sacerdotium
3781 1440 3836 1493 et

2182 1532 2419 1590 gregem
2478 1521 2830 1579 amitterent.
2864 1523 3101 1591 Verum,
3152 1541 3369 1581 novum
3419 1526 3733 1582 consilium
3781 1528 3837 1582 et

2183 1608 2532 1666 sceleratum
2579 1610 2673 1665 hic
2706 1629 2739 1666 a
2769 1617 2980 1668 nostras
3010 1614 3197 1669 (etatis
3227 1614 3566 1670 hominibus
3610 1614 3835 1687 excogi-

2179 1699 2366 1753 tatum
2400 1704 2522 1754 est:
2549 1700 2796 1771 scilicet,
2823 1702 3055 1758 mittitis
3087 1702 3343 1775 aliquem
3376 1704 3479 1775 qui
3510 1705 3661 1760 sciat
3689 1703 3838 1761 mul-

2186 1801 2319 1856 gere
2348 1803 2615 1860 gregem;
2641 1790 2754 1861 ipsi
2786 1808 2918 1847 vero
2951 1792 3009 1846 in
3044 1792 3187 1848 urbe
3207 1792 3717 1865 Constantinopoli
3747 1809 3838 1849 ex-

2185 1877 2463 1946 spectatis
2503 1885 2738 1951 propter
2783 1882 3158 1951 praefecturas
3188 1881 3408 1950 civiles,
3452 1882 3835 1954 subscriptio-

2189 1979 2314 2029 nes,
2338 1966 2785 2039 intempesttvas
2817 1969 3234 2037 ordinationes,
3258 1971 3405 2026 adde
3436 1972 3613 2029 etiam
3648 1971 3835 2028 bullas

2188 2056 2245 2106 et
2273 2053 2537 2111 decreta:
2570 2062 2627 2111 et
2655 2062 2939 2129 tanquam
2972 2060 3214 2131 impune
3244 2060 3323 2116 sit
3350 2061 3514 2117 vobis
3544 2061 3836 2131 futurum,

2186 2142 2266 2195 ita
2300 2144 2498 2213 procul
2530 2163 2562 2201 a
2592 2146 2829 2203 dimcesi
2869 2149 3032 2204 vobis
3080 2150 3399 2207 commissa
3455 2151 3750 2223 receditis,
3781 2156 3838 2207 et

2189 2230 2300 2286 alia
2330 2232 2694 2305 hujusmodi,
2726 2242 2792 2291 ut
2820 2238 3032 2309 cuique
3061 2238 3224 2306 libet,
3247 2240 3639 2297 committitis.
3664 2240 3836 2314 Opon

2184 2320 2342 2376 tebat
2385 2323 2600 2394 potius,
2634 2327 2861 2382 cunctis
2906 2327 3195 2399 episcopis
3228 2328 3488 2401 undique
3538 2330 3598 2385 in
3651 2348 3832 2387 unum

2184 2414 2574 2484 congregatis,
2617 2432 2787 2470 suam
2837 2416 3050 2487 cuique
3085 2418 3395 2474 dimcesem
3427 2419 3695 2475 funiculo
3726 2420 3838 2477 dis-

2182 2500 2523 2557 tributionis
2589 2503 3027 2571 circumscribi,
3087 2512 3261 2578 atque
3336 2508 3417 2563 ita
3490 2509 3836 2580 patriarcha

2183 2594 2407 2660 partem
2458 2609 2627 2647 suam
2661 2611 2694 2648 a
2726 2595 2890 2650 vobis
2936 2596 3247 2667 assignari,
3280 2602 3381 2651 aut
3419 2614 3521 2653 vos
3572 2616 3608 2654 a
3653 2598 3834 2671 patri-

2181 2678 2358 2734 archa
2404 2681 2639 2752 privari.
2674 2683 2743 2737 Et
2792 2684 2931 2754 quid
2982 2686 3238 2755 prodest,
3272 2685 3573 2743 laborasse
3626 2706 3731 2745 vos
3777 2688 3836 2743 in

2179 2767 2487 2841 deligendo
2545 2787 2610 2825 ac
2670 2773 3081 2829 constituendo
3130 2775 3481 2847 patriarcha,
3516 2793 3583 2832 ac
3638 2781 3837 2850 postea

2176 2857 2462 2914 insultare
2488 2864 2545 2914 et
2576 2860 2762 2917 efferri
2794 2862 2851 2916 in
2884 2879 3039 2933 eum,
3064 2868 3119 2918 et
3149 2865 3266 2919 vita
3296 2864 3426 2935 ipsa
3456 2868 3635 2936 atque
3663 2865 3835 2922 factis

2177 2946 2457 3003 irridere?
2505 2948 2686 3021 nnlla,
2722 2967 2791 3006 ne
2823 2952 2893 3006 ad
2944 2954 3113 3008 breve
3162 2953 3401 3025 quidem
3450 2958 3836 3027 tempus,ca-

2176 3052 2400 3091 nonum
2434 3042 2490 3093 et
2534 3037 2728 3110 legum
2779 3041 3003 3096 ratione
3051 3040 3251 3096 habita
3283 3059 3295 3097 :
3330 3058 3503 3113 quem
3539 3042 3593 3097 si
3624 3042 3838 3100 vestris

2176 3124 2424 3181 fortasse
2480 3126 2832 3185 libidinibus
2888 3130 3162 3185 resistere
3218 3130 3485 3198 videatis,
3547 3133 3835 3189 continuo

402 3239 520 3295 que
572 3238 775 3279 eorum
828 3222 1118 3276 bonorum
1150 3220 1586 3290 interceptores,
1618 3234 1746 3288 quae
1790 3216 1839 3271 si
1888 3215 2060 3271 ades-
2093 3217 2135 3283 C
2174 3215 2423 3271 crimina
2450 3217 2696 3289 ﬁngitis,
2730 3223 2784 3273 et
2815 3236 2948 3273 eum
2990 3235 3127 3274 cum
3158 3218 3405 3275 infamia
3446 3224 3629 3291 atque
3660 3222 3837 3279 dede-

399 3327 516 3378 ses,
554 3327 738 3382 opere
767 3315 826 3365 et
865 3325 1134 3365 sermone
1178 3309 1365 3364 facere
1412 3312 1645 3379 poteras
1693 3310 1750 3361 et
1796 3304 2068 3391 debebas.

401 3400 700 3457 Concedat
729 3399 839 3455 tibi
870 3399 1216 3470 cunctisque
1243 3396 1517 3453 ﬁdelibus
1541 3396 1716 3467 Deus,
1740 3395 1896 3468 quod
1918 3411 2072 3452 com-

401 3489 647 3547 modum
679 3493 786 3546 est.

992 3630 1345 3687 EPISTOLA
1386 3630 1476 3687 IV.

594 3720 933 3777 Athanasius
962 3723 1285 3794 patriarcha
1314 3722 1561 3793 episcopo
1590 3720 1866 3792 Apamea.

476 3846 670 3903 Tertio
714 3848 840 3917 jam
872 3847 944 3902 ad
976 3850 1033 3903 te
1064 3846 1276 3914 scribo,
1311 3846 1390 3901 mi
1422 3847 1601 3901 frater
1646 3851 1704 3900 et
1755 3842 2061 3901 commini-

394 3941 537 4008 ster,
570 3936 1050 4008 quandoquidem
1101 3936 1256 3991 binis
1299 3937 1447 3991 meis
1476 3935 1689 3991 litteris
1738 3931 2059 4007 superiori-

398 4026 534 4093 bus,
560 4042 708 4097 quas
738 4027 810 4081 ad
842 4030 899 4081 te
936 4025 1092 4090 misi,
1126 4043 1242 4080 non
1271 4027 1421 4081 stetit
1450 4027 1678 4081 verbum
1706 4026 1851 4080 velut
1880 4026 1942 4079 in
1971 4030 2063 4079 ore

398 4114 637 4172 duorum
665 4118 915 4183 testium,
958 4116 1111 4170 sicut
1139 4115 1220 4170 ait
1248 4115 1552 4186 Scriptura
1597 4120 1820 4170 sancta.
1855 4113 2058 4169 Horta-

396 4221 535 4260 mur
562 4221 700 4277 ergo
726 4209 806 4271 te,
831 4204 973 4276 quia
995 4203 1103 4259 hoc
1127 4205 1230 4275 jus
1251 4203 1509 4276 postulat
1534 4208 1599 4259 ut
1624 4220 1754 4275 quae.
1780 4203 2061 4274 subrepta

394 4297 561 4363 sunt,
594 4293 669 4349 iis
712 4294 934 4365 quibus
965 4294 1249 4365 subrepta
1295 4310 1425 4349 esse
1471 4298 1697 4349 constat
1744 4292 2055 4348 restituan-

386 4388 488 4439 tur
519 4401 533 4439 :
576 4387 642 4439 ut
681 4399 816 4438 cum
862 4383 1136 4439 restituta
1177 4384 1413 4449 fuerint,
1446 4383 1571 4455 ipse
1602 4383 1917 4439 Ecclesiam
1949 4382 2056 4437 tibi

383 4474 873 4529 commendatam
926 4474 1088 4529 adire
1137 4474 1352 4545 possis,
1385 4488 1641 4544 eumque
1690 4472 1977 4528 honorare
2024 4488 2059 4526 a

2178 3320 2312 3375 .ore
2339 3306 2545 3376 ejicere
2582 3306 2953 3363 contenditis.
2986 3308 3070 3363 Ad
3103 3308 3243 3380 quid
3288 3324 3422 3363 vero
3451 3325 3700 3368 necesse
3728 3313 3840 3381 est,

2178 3398 2252 3452 ad
2283 3414 2452 3452 suam
2501 3414 2796 3469 quemque
2826 3397 3135 3453 dimcesem
3179 3397 3262 3453 ire
3304 3397 3639 3469 (propriam
3687 3399 3839 3471 dico,

2177 3491 2279 3542 aut
2307 3485 2419 3541 sibi
2451 3487 2945 3555 commendatam)
2990 3485 3104 3542 nisi
3134 3490 3200 3541 ut
3229 3484 3402 3558 lupos
3453 3486 3595 3543 inde
3640 3504 3840 3545 arcea-

2174 3575 2291 3631 tis?
2319 3575 2481 3639 Quod
2515 3576 2565 3632 si
2604 3576 2849 3632 fortasse
2878 3576 2994 3631 huc
3024 3592 3126 3631 vos
3170 3575 3373 3631 incitat
3402 3580 3459 3630 et
3486 3576 3682 3633 trahit
3709 3581 3839 3633 tum

2174 3664 2438 3721 studium
2485 3670 2659 3737 atque
2703 3665 3060 3721 desiderium
3105 3664 3450 3721 consulendi
3502 3666 3836 3723 multorum

2175 3754 2374 3820 saluti,
2406 3755 2583 3826 idque
2611 3754 2774 3810 vobis
2822 3755 3189 3827 propositum
3241 3759 3358 3823 est;
3400 3758 3527 3809 tum
3589 3756 3840 3812 scientia

2171 3849 2292 3898 tam
2326 3843 2516 3899 multa
2546 3848 2610 3899 ut
2638 3843 2775 3899 hinc
2818 3844 3079 3915 possitis,
3114 3844 3291 3899 etiam
3324 3860 3451 3915 quae
3483 3847 3658 3900 extra
3689 3845 3837 3901 ﬁnes

2168 3938 2495 3989 vestrorum
2536 3933 2858 3989 diteceseon
2910 3933 3101 4005 posita
3149 3937 3309 4001 sunt,
3341 3933 3683 4005 gubernare
3716 3951 3730 3990 :
3765 3933 3837 3991 ad

2169 4023 2656 4095 exstinguendam
2689 4023 2847 4079 sitim
2879 4022 3030 4077 hanc
3076 4023 3376 4093 hujusque
3422 4024 3610 4078 studii
3663 4024 3836 4080 ardo-

2168 4128 2315 4179 rem,
2347 4114 2542 4169 veniat
2570 4114 2627 4167 in
2663 4119 2919 4168 mentem
2951 4112 3111 4168 illius
3157 4112 3251 4167 cui
3302 4111 3560 4183 plurima
3593 4118 3835 4170 sancta-

2168 4218 2299 4257 rum
2340 4202 2668 4258 litterarum
2728 4201 2975 4257 scientia
3030 4200 3308 4273 Theologi
3367 4208 3837 4273 cognomentum

2166 4291 2348 4359 dedit,
2392 4290 2670 4363 illiusque
2720 4308 2909 4363 parvas
2954 4290 3316 4346 Sozimorum
3361 4290 3721 4360 dioeceseos;
3756 4293 3839 4346 ita

2166 4386 2231 4436 ut
2258 4380 2344 4435 vel
2377 4386 2613 4453 propter
2658 4380 3037 4436 reverentiam
3088 4380 3249 4435 illius
3296 4378 3643 4437 excellentis
3694 4381 3828 4452 viri,

2164 4470 2252 4526 vel
2285 4475 2520 4542 propter
2549 4470 2948 4542 aequalitatem
2982 4470 3221 4525 honoris
3251 4485 3368 4541 quo
3408 4471 3671 4526 contenti
3704 4486 3837 4527 esse

389 4578 507 4635 quo
541 4567 756 4618 cuncta
784 4567 926 4617 sunt
955 4563 1036 4617 ita
1058 4562 1243 4632 justis
1265 4566 1321 4618 et
1344 4561 1610 4617 miriﬁcis
1643 4562 1833 4617 modis
1865 4562 2058 4633 dispo-
2089 4588 2135 4654 D
2167 4560 2411 4623 debetis,
2455 4559 2707 4631 quisque
2735 4564 2996 4614 vestrum
3032 4558 3185 4614 intra
3214 4574 3355 4614 suos
3401 4574 3463 4613 se
3511 4559 3669 4616 ﬁnes
3700 4576 3835 4616 con-

395 4652 511 4707 sita
538 4656 717 4724 atque
747 4652 1067 4708 distributa
1098 4658 1161 4706 ut
1188 4652 1277 4707 vel
1318 4668 1493 4723 grues
1525 4668 1632 4707 suo
1671 4656 1931 4722 tempore
1960 4666 2054 4706 ca-

397 4744 560 4809 nant,
589 4757 781 4812 neque
828 4741 953 4795 sint
1000 4742 1159 4796 omni
1192 4745 1452 4812 tempore
1502 4756 1691 4811 neque
1736 4741 1896 4795 omni
1928 4738 2053 4795 loco

395 4828 638 4903 graculi.
678 4830 792 4901 Ego
830 4846 963 4885 vero
1006 4829 1102 4885 cui
1145 4846 1283 4901 grex
1312 4829 1527 4884 Christi
1558 4830 1915 4884 commissus
1942 4833 2050 4894 est,

394 4918 444 4974 si
477 4917 829 4989 dignitatem
880 4919 1144 4973 muneris
1193 4918 1367 4987 norit,
1400 4917 1670 4989 iniquum
1721 4934 1849 4973 esse
1900 4918 2053 4972 arbi-

393 5012 538 5073 tror,
573 5023 687 5061 non
721 5023 909 5078 usque
941 5008 1013 5062 ad
1056 5007 1403 5079 sanguinem
1438 5007 1672 5063 assidue
1721 5008 1771 5063 ei
1820 5008 2055 5062 studere

396 5100 454 5151 et
482 5095 843 5151 incumbere.
868 5096 990 5151 Nisi
1039 5097 1184 5151 forte
1232 5097 1513 5169 ignoratis
1555 5096 1737 5151 Deum
1770 5114 1917 5163 esse,
1952 5097 2053 5169 qui

396 5184 610 5240 dixerit
639 5201 652 5238 :
685 5190 866 5253 Petre,
902 5202 1057 5241 amas
1084 5202 1168 5241 me
1186 5189 1213 5239 ?
1242 5202 1411 5254 pasce
1440 5202 1564 5241 oves
1593 5203 1763 5241 meas.
1799 5188 1935 5258 Sed,
1956 5186 2051 5243 hei

400 5273 545 5328 mihi
574 5273 585 5327 Ξ
639 5290 755 5329 non
778 5274 903 5344 jam
937 5279 1201 5346 pastores
1234 5291 1367 5330 oves
1400 5280 1669 5345 pascunt,
1701 5277 1799 5331 sed
1846 5277 2051 5332 ovibus

398 5366 679 5435 tanquam
713 5380 861 5434 pane
894 5368 1237 5435 pascuntur.
1268 5364 1399 5419 Jam
1434 5364 1737 5419 horribilia
1767 5364 1866 5419 illa
1895 5364 2052 5420 mala

397 5450 685 5507 malorum
719 5457 1044 5523 pastorum,
1073 5470 1202 5524 quas
1233 5452 1520 5527 propheta
1548 5454 1807 5510 Ezechiel
1837 5455 2051 5511 descri-

467 5630 512 5670 ¹⁰
538 5629 709 5689 Joan.
740 5647 799 5707 κ,
834 5633 920 5691 12.

2168 4649 2369 4705 tineat.
2395 4650 2785 4714 Quamobrem
2809 4648 3098 4718 existima,
3124 4648 3319 4713 frater,
3343 4647 3543 4704 deberi
3577 4666 3614 4705 a
3642 4654 3702 4705 te
3724 4649 3835 4707 hoc

2166 4755 2353 4810 usque
2393 4739 2465 4793 ad
2517 4738 2887 4809 sanguinem,
2921 4743 2987 4793 ut
3034 4754 3169 4792 cum
3227 4736 3433 4793 ovibus
3482 4738 3607 4794 tuis
3660 4739 3749 4795 sis
3780 4742 3839 4795 et

2163 4828 2343 4883 vivas.
2378 4827 2495 4883 Hoc
2541 4826 2696 4883 idem
2745 4827 2967 4882 caeteris
3014 4826 3304 4899 episcopis
3352 4827 3625 4883 studium
3679 4833 3832 4895 esto,

2164 4916 2309 4988 ipsis
2339 4917 2575 4988 quidem
2627 4932 2683 4972 et
2729 4932 2931 4972 eorum
2962 4916 3239 4987 gregibus
3289 4914 3569 4971 salutare.
3626 4917 3837 4989 Neque

2163 5006 2339 5070 enim,
2376 5007 2483 5061 hoc
2533 5005 2853 5077 praesertim
2903 5011 3184 5078 tempore,
3236 5004 3527 5077 supplicia
3581 5007 3836 5080 effugiet

2162 5100 2363 5166 pastor
2395 5094 2495 5166 qui
2529 5112 2663 5150 cum
2707 5111 2877 5167 grege
2926 5111 3040 5149 non
3090 5094 3346 5161 laborat;
3387 5093 3446 5147 in
3478 5109 3663 5164 quem
3702 5112 3838 5168 pro-

2164 5184 2310 5240 fecto
2341 5184 2647 5240 conveniat
2676 5184 2829 5255 quod
2859 5184 3141 5239 Dominus
3173 5184 3256 5239 ait
3283 5199 3296 5239 :
3326 5183 3481 5238 Videt
3515 5183 3723 5255 lupum
3744 5202 3835 5242 ve-

2158 5278 2423 5340 nientem,
2445 5284 2497 5330 et
2517 5275 2781 5345 relinquit
2805 5290 2945 5337 oves,
2968 5278 3018 5329 et
3036 5275 3201 5344 fugit,
3225 5277 3278 5328 et
3299 5274 3460 5345 lupus
3479 5276 3637 5344 rapit
3655 5292 3753 5331 eas
3768 5276 3833 5341 ιο,

2160 5381 2287 5436 qua:
2346 5365 2443 5435 qui
2505 5381 2620 5419 non
2677 5363 2862 5433 audit,
2913 5364 3220 5419 sententia
3277 5364 3454 5434 hujus
3510 5370 3832 5421 auctorem

2158 5454 2499 5511 contemnit.
2548 5454 2779 5511 Etenim
2839 5452 2952 5509 nisi
3009 5452 3119 5509 hoc
3177 5454 3306 5521 ﬁat,
3358 5467 3655 5525 quorsum
3718 5453 3835 5513 ists
