4132 6430
359 385 472 448 521

1862 398 2289 462 EPISTOL/E.

3669 417 3792 476 5‘22

354 522 548 574 vester
593 523 952 590 conventus;
1003 521 1143 593 quid
1194 527 1490 581 commodi
1542 530 1757 585 affert?
1806 537 1910 588 aut
1966 533 2018 589 si
2048 535 2102 600 Α
2137 551 2380 590 numero
2413 537 2797 608 reperiamur,
2829 556 2977 610 quos
3007 541 3162 596 Deus
3203 543 3431 599 occulto
3481 562 3586 600 suo
3627 547 3790 617 judi-

355 607 498 679 quid
533 607 670 664 boni
709 609 804 664 hic
849 611 1046 682 agitis,
1079 611 1273 668 dicite.
1308 615 1425 686 Ego
1459 617 1637 682 enim,
1676 619 1788 674 nisi
1823 638 2018 676 sacer-

356 697 514 752 dotio
563 697 757 752 labem
808 705 1143 772 aspergeret
1187 703 1392 774 oratio,
1429 705 1617 761 multa
1649 709 2022 766 demonstra-

355 803 480 841 rem
512 786 789 842 indecora
831 793 891 844 et
939 790 1009 844 ab
1052 790 1318 847 Ecclesia:
1351 795 1775 854 constitutione
1809 799 2018 871 aliena,

353 891 483 946 qua:
516 892 584 930 ex
633 875 746 931 isto
787 881 976 934 vestro
1026 878 1086 933 in
1141 879 1292 936 hanc
1327 883 1531 938 urbem
1566 893 1854 944 conventu
1889 906 2017 960 pro-

354 965 726 1020 ﬁciscuntur.

959 1083 1312 1139 EPISTOLA
1351 1086 1416 1140 ν.

448 1165 786 1250 Athanasius
850 1171 1183 1252 patriarcha
1250 1173 1930 1252 Conslanltinopolitanus,

532 1241 798 1310 episcopis
828 1241 899 1295 ad
927 1241 1177 1298 diaeceses
1204 1261 1334 1300 suas
1361 1241 1848 1318 proficiscentibus.

433 1353 491 1406 Si
540 1353 680 1424 quid
731 1358 820 1410 est
861 1353 1022 1411 aliud
1054 1361 1479 1429 necessarium,
1513 1364 1690 1436 idque
1721 1367 2018 1434 omnibus,

359 1441 616 1498 maxime
645 1447 755 1510 est,
789 1443 1000 1500 fratres
1042 1451 1101 1501 et
1145 1455 1547 1519 eompastores
1580 1455 1713 1520 mei,
1751 1472 2020 1511 necessa-

357 1531 514 1586 rium
558 1533 882 1604 praesertim
919 1536 1221 1606 magistris
1256 1539 1543 1610 Ecclesiae,
1578 1549 1842 1600 sanctam
1873 1546 2024 1601 Scri-

353 1625 594 1693 pturam
613 1622 883 1690 revereri,
900 1630 1177 1696 metuere,
1196 1632 1251 1682 et
1275 1627 1541 1701 diligenti
1560 1635 2024 1702 perscrutatione

353 1709 729 1778 examinare;
762 1715 940 1783 atque
971 1713 1042 1767 ad
1090 1716 1445 1786 perficienda
1474 1736 1606 1790 quae
1638 1723 1697 1777 in
1738 1740 1806 1778 ea
1853 1741 2021 1780 man-

354 1798 493 1854 data
546 1803 708 1869 sunt,
758 1806 1064 1872 promptos
1114 1805 1534 1878 expeditosque
1591 1827 1721 1866 esse
1778 1817 2022 1869 cunctos

353 1887 743 1957 Christianos,
770 1889 883 1944 nisi
915 1907 1157 1962 prorsus
1183 1894 1519 1964 insaniant;
1559 1901 1840 1957 Dominus
1863 1903 2018 1957 enim
2051 1914 2099 1978 B

352 1981 445 2032 est
474 1977 575 2048 qui
606 1977 877 2033 hortatur
906 1983 1260 2051 perscrutari
1293 1985 1665 2058 Scripturas;
1699 1994 1755 2044 et
1798 2007 1865 2045 ex
1910 1993 2014 2062 eis,

352 2071 482 2121 tum
523 2067 835 2138 praeterita,
867 2073 993 2124 tum
1048 2069 1326 2144 pleraque
1375 2074 1435 2128 in
1488 2083 1786 2148 posterum
1820 2081 2018 2137 futura

356 2155 580 2212 discere
627 2160 684 2212 et
732 2157 956 2212 docere.
994 2158 1156 2215 Unde
1203 2160 1414 2218 salutis
1447 2181 1566 2220 suae
1599 2169 1830 2239 cupidis
1862 2187 2014 2226 sem-

360 2260 465 2316 per
495 2244 757 2300 studium
792 2246 900 2301 fuit
927 2251 1145 2304 Mosem
1178 2254 1235 2304 et
1265 2253 1581 2324 prophetas
1613 2257 1835 2314 audire.
1866 2259 2016 2314 Ver-

359 2333 502 2388 bum
535 2334 687 2389 enim
720 2334 953 2405 judicat
984 2353 1112 2408 nos,
1145 2343 1210 2392 ut
1255 2339 1304 2395 is
1356 2342 1456 2412 qui
1491 2345 1727 2400 mentiri
1760 2364 1874 2402 non
1909 2365 2016 2420 po-

359 2425 474 2477 test
540 2423 757 2478 docuit.
829 2425 1018 2487 Quare
1092 2428 1286 2483 omnis
1351 2430 1654 2504 Scriptura
1728 2436 2014 2493 divinitus

355 2510 644 2582 inspirata
674 2511 952 2568 salutaris
1007 2519 1065 2570 et
1110 2514 1271 2572 utilis
1311 2523 1401 2574 est
1452 2522 1523 2575 ad
1557 2525 2014 2581 examinandum

353 2600 510 2671 quod
542 2601 893 2657 conveniens
927 2607 1016 2658 est
1045 2608 1101 2658 et
1142 2604 1480 2675 honestum,
1514 2615 1570 2666 et
1621 2615 1692 2667 ad
1746 2615 2013 2671 erudien-

352 2689 498 2744 dum
549 2695 724 2762 atque
774 2691 1206 2763 corrigendum.
1242 2695 1436 2766 Utilis,
1471 2699 1733 2771 inquam,
1768 2721 1884 2759 non
1917 2722 2015 2760 so-

350 2779 477 2834 lum
527 2779 600 2835 iis
650 2781 752 2852 qui
799 2782 1051 2853 turpiter
1097 2783 1320 2851 vivunt,
1372 2789 1473 2842 sed
1527 2791 1716 2863 magis
1767 2793 1859 2861 iis,
1912 2794 2013 2866 qui

352 2866 550 2922 sobrie
594 2871 651 2923 et
697 2869 1104 2937 continenter;
1159 2871 1232 2926 iis
1275 2891 1408 2930 vero
1458 2877 1557 2948 qui
1610 2881 1888 2950 pastorali
1921 2883 2014 2936 di-

357 2955 581 3027 gnitate
639 2961 694 3011 et
750 2958 936 3029 gradu
987 2959 1388 3034 qualicunque
1446 2968 1670 3036 praediti
1719 2976 1776 3025 et
1825 2973 2013 3027 ornati

357 3049 518 3112 sunt,
554 3050 643 3100 est
675 3045 803 3117 ipsa
833 3045 950 3101 vita
981 3052 1218 3118 aeterna,
1252 3057 1309 3106 et
1357 3052 1596 3110 lucerna
1633 3059 1882 3128 pedibus
1914 3077 2014 3116 eo-

357 3150 514 3204 rum,
547 3134 756 3205 viaque
787 3136 1120 3193 certissima
1149 3141 1215 3194 ad
1258 3140 1550 3200 faciendas
1585 3146 1681 3200 Dei
1717 3149 2007 3217 justitias.

357 3220 442 3275 Ex
471 3237 539 3276 ea
568 3223 725 3277 enim
757 3223 1063 3295 discimus,
1096 3244 1198 3299 per
1227 3246 1401 3299 quem
1435 3238 1492 3286 et
1537 3251 1570 3288 a
1618 3252 1732 3306 quo
1767 3238 1922 3305 facti,
1957 3243 2014 3293 et

360 3309 433 3363 ad
489 3325 665 3381 quem
719 3286 1350 3388 tendamusiquibus
1401 3286 2010 3395 quidemlinjuwnet’um
2047 3286 2088 3352 Ο

361 3401 454 3452 est
484 3414 701 3453 munus
732 3400 1016 3466 docendi;
1073 3409 1130 3459 et
1170 3422 1283 3460 non
1319 3413 1635 3481 utcunque,
1673 3416 1772 3469 sed
1807 3416 1885 3470 ita
1918 3435 2020 3488 pa-

363 3487 589 3554 scendi,
613 3491 678 3541 ut
707 3505 841 3544 eum
867 3490 967 3561 qui
998 3509 1235 3563 pascere
1257 3497 1417 3551 dedit
1448 3499 1703 3556 vicissim
1731 3487 2018 3572 amemus,

363 3573 616 3631 scientes
648 3577 780 3648 quis
812 3584 902 3633 est
932 3581 1032 3651 qui
1064 3583 1239 3654 venit,
1279 3592 1335 3639 et
1375 3587 1589 3644 iterum
1619 3598 1903 3649 venturus
1934 3600 2024 3650 est

365 3664 439 3719 ad
464 3664 855 3733 judicandum
881 3668 1040 3725 vivos
1071 3675 1128 3726 et
1159 3678 1458 3730 mortuos:
1493 3682 1550 3733 et
1582 3680 1832 3736 scientes
1867 3685 2021 3754 quod

366 3757 634 3824 pastores
688 3755 788 3826 qui
837 3755 938 3812 Dei
989 3767 1298 3832 praecepta,
1339 3764 1426 3818 vel
1477 3774 1714 3839 propter
1761 3789 2025 3829 reveren-

367 3841 514 3897 tiam
547 3846 604 3897 et
653 3848 876 3899 metum
907 3845 995 3901 vel
1028 3854 1262 3921 propter
1292 3852 1638 3912 charitatem
1674 3859 1869 3917 animo
1902 3879 2027 3918 ser-

366 3930 584 3999 varint,
636 3932 709 3987 ad
759 3933 1058 3991 dexteram
1112 3939 1288 4010 positi
1337 3942 1667 4002 incredibili
1718 3950 2028 4020 splendore

369 4018 730 4091 fulgebunt:
785 4023 886 4093 qui
937 4041 1071 4080 vero
1120 4045 1235 4083 non
1283 4031 1587 4101 servarint,
1623 4037 1693 4090 ad
1726 4018 2029 4095 sinistram

371 4113 548 4162 erunt
593 4110 665 4165 ad
716 4127 890 4166 omne
946 4130 1132 4185 genus
1175 4118 1544 4176 cruciatuum
1587 4125 1849 4182 damnati
1886 4148 1898 4184 :
1952 4135 2028 4198 et,

373 4198 529 4268 quod
577 4202 668 4252 est
714 4201 980 4256 omnium
1016 4203 1626 4268 intolerabilissimum
1662 4219 1838 4286 atque
1867 4235 2033 4274 acer-

373 4285 714 4355 bissimum,
749 4290 953 4379 procul
1003 4309 1036 4347 a
1086 4301 1401 4367 conspectu
1441 4300 1535 4354 Dei
1577 4285 1766 4375 ejecti,
1801 4310 1859 4360 et
1903 4325 2032 4379 per-

374 4379 552 4445 petuo
602 4377 972 4434 conscientiae
1025 4398 1226 4439 morsu
1277 4386 1594 4458 exagitati;
1647 4409 1854 4449 rursus
1901 4377 2035 4451 vero

377 4462 482 4534 qui
514 4481 758 4520 munere
804 4469 1085 4538 pastorali
1118 4477 1271 4528 recte
1303 4476 1563 4532 defuncti
1594 4479 1810 4537 fuerint
1837 4501 2034 4541 coram

382 4551 609 4623 angelis
658 4558 716 4609 et
764 4554 1105 4616 hominibus
1145 4561 1565 4635 laudabuntur,
1600 4574 1798 4642 utpote
1845 4575 2035 4645 probi,

2133 624 2242 691 cio,
2277 626 2434 694 quod
2476 627 2588 697 ipsi
2637 632 2840 683 notum
2887 634 2994 699 est,
3028 631 3098 684 ad
3153 632 3481 688 vocandum
3514 633 3788 692 invitatos

2133 713 2393 780 miserit;
2430 717 2667 772 obsecro
2698 721 2753 772 et
2775 719 3052 786 obtestor,
3077 737 3149 776 ne
3177 719 3614 794 obliviscamur,
3645 741 3786 780 neve

2124 802 2299 872 jussa
2343 805 2742 876 mandataque
2785 808 2914 879 ejus
2963 809 3062 879 qui
3112 809 3277 865 misit
3323 811 3671 880 abjiciamus
3720 831 3786 870 ac

2132 891 2520 963 negligamus,
2554 894 2705 949 sicut
2752 896 2794 950 ii
2841 897 2942 967 qui
2988 898 3164 953 corda
3206 899 3424 955 habent
3453 901 3692 973 crapula
3730 907 3788 958 et

2133 979 2634 1038 sollicitudinibus
2686 987 2888 1040 mundi
2941 992 3180 1058 gravata
3227 996 3283 1043 et
3332 990 3630 1062 depressa.
3678 991 3786 1055 Qui

2133 1069 2370 1141 quidem
2417 1070 2658 1142 vigilare
2705 1077 2762 1128 et
2809 1091 2974 1130 orare
3015 1077 3170 1147 jussi
3220 1094 3448 1144 sumus,
3498 1083 3785 1152 tanquam

2131 1173 2246 1212 non
2280 1158 2446 1214 aliter
2476 1161 2675 1216 futura
2712 1166 3004 1218 tormenta
3031 1165 3215 1220 vitare
3246 1166 3564 1238 possimus,
3597 1184 3788 1240 neque

2134 1245 2304 1302 aliter
2324 1264 2518 1302 coram
2546 1255 2657 1305 Deo
2690 1251 2819 1305 sisti
2851 1251 3212 1318 innocentes,
3238 1256 3532 1311 ostensuri
3563 1262 3786 1327 utrum,

2134 1344 2292 1400 mnis
2325 1345 2476 1401 datis
2508 1347 2579 1401 ad
2613 1364 2882 1404 mensam
2914 1351 3196 1422 negotiati
3225 1353 3534 1425 fuerimus,
3566 1371 3641 1409 an
3684 1373 3788 1428 po-

2135 1433 2257 1488 tius
2310 1434 2369 1489 in
2417 1435 2600 1490 fundo
2651 1441 2826 1509 atque
2874 1439 3112 1495 sudario
3161 1441 3672 1511 occultaverimus,
3722 1448 3790 1501 ut

2134 1523 2374 1593 quidam
2407 1541 2523 1594 prae
2555 1526 2817 1596 nequitia
2847 1532 2903 1582 et
2930 1527 3262 1600 ignorantia
3290 1530 3498 1587 fecisse
3529 1534 3790 1589 accusati

2133 1618 2294 1668 sunt.
2329 1613 2644 1670 Horribiles
2674 1617 2929 1686 profecto
2961 1623 3101 1674 sunt
3143 1619 3316 1675 minae
3367 1622 3538 1677 nobis
3590 1627 3788 1694 pasto-

2133 1701 2296 1756 ribus
2332 1703 2666 1774 proposita),
2700 1705 2814 1760 nisi
2847 1705 3282 1778 vigilaverimus
3316 1727 3330 1765 :
3377 1710 3596 1780 quibus
3625 1728 3788 1766 man-

2134 1790 2336 1844 datum
2370 1793 2874 1866 commissumque
2904 1803 3011 1864 est,
3043 1798 3272 1853 tradere
3305 1800 3622 1866 conservis,
3654 1805 3785 1856 tum

2131 1880 2304 1934 verbo
2335 1884 2460 1936 tum
2494 1881 2688 1948 factis,
2719 1901 2853 1939 vera
2900 1886 3177 1956 dogmata
3227 1891 3286 1942 et
3338 1889 3468 1942 vitae
3517 1891 3787 1961 perfectae

2133 1985 2397 2025 normam
2425 1995 2439 2035 ;
2472 1976 2599 2026 tum
2634 1989 2936 2044 reposcere
2966 1975 3252 2031 rationem
3286 1993 3632 2050 progressus
3665 1980 3784 2052 spi-

2131 2058 2380 2130 ritualis,
2414 2059 2724 2131 vigilanter
2762 2063 2906 2119 tuba
2952 2081 3175 2132 canere,
3209 2083 3281 2122 ne
3331 2067 3628 2139 romphaea
3659 2071 3784 2124 ani-

2129 2164 2286 2201 mam
2319 2147 2573 2219 alicujus
2596 2151 2892 2223 corripiat,
2916 2151 3135 2225 alioqui
3165 2171 3233 2209 ex
3265 2156 3538 2212 manibus
3567 2158 3786 2213 nostris

2127 2238 2526 2308 repetendam,
2577 2239 2831 2312 denique
2886 2241 3248 2298 incessanter
3295 2244 3606 2316 explanare
3653 2263 3785 2318 quas

2127 2324 2205 2379 sit
2235 2326 2333 2380 Dei
2365 2326 2636 2384 voluntas
2670 2347 2683 2385 :
2735 2335 2792 2385 et
2835 2347 2970 2386 cum
3011 2332 3149 2387 olim
3182 2332 3254 2388 ad
3287 2333 3396 2388 hoc
3427 2351 3576 2406 opus
3609 2335 3782 2392 multi

2126 2415 2295 2469 missi
2329 2416 2568 2486 fuerint,
2602 2423 2871 2475 nostrum
2917 2426 3005 2476 est
3057 2421 3264 2477 timere
3320 2440 3393 2478 ne
3448 2425 3509 2478 in
3557 2423 3785 2480 labores

2126 2521 2324 2559 eorum
2357 2505 2629 2578 ingressi,
2655 2525 2856 2579 poenas
2877 2511 3086 2566 demus
3117 2510 3166 2566 si
3198 2511 3397 2567 minus
3422 2512 3780 2570 laboremus.

2127 2602 2315 2669 Quod,
2340 2603 2568 2659 utinam
2601 2622 2672 2660 ne
2704 2607 2875 2662 nobis
2898 2607 3124 2664 eveniat
3151 2609 3366 2681 quibus
3397 2610 3612 2666 donata
3644 2615 3784 2667 sunt

2131 2709 2242 2746 non
2276 2692 2466 2747 solum
2504 2711 2630 2764 quae
2663 2696 2818 2767 typis
2862 2701 2917 2751 et
2966 2698 3249 2769 symbolis
3282 2700 3589 2772 designata
3619 2705 3782 2772 sunt,

2125 2797 2370 2853 quisque
2393 2784 2687 2855 prophetm
2711 2787 3049 2856 atquejusti
3072 2787 3453 2858 expetierunt,
3475 2790 3577 2844 sed
3599 2790 3778 2846 etiam

2123 2873 2324 2941 gratiae
2350 2872 2786 2944 dispensatores
2804 2875 2942 2930 facti
2965 2893 3193 2931 sumus.
3224 2879 3411 2942 Quare
3437 2878 3548 2934 nisi
3579 2885 3779 2950 aperto

2125 2961 2314 3030 capite
2346 2977 2592 3017 munera
2620 2963 2742 3030 Dei,
2775 2981 2903 3034 qua:
2935 2981 3123 3037 neque
3160 2967 3420 3022 oratione
3472 2967 3775 3040 consequi,

2126 3073 2313 3128 neque
2344 3064 2538 3113 mente
2569 3061 3063 3132 comprehendere
3111 3062 3268 3129 licet,
3300 3070 3578 3136 perpetuo
3630 3083 3774 3137 pra:-

2127 3146 2538 3212 dicaverimus,
2571 3150 2906 3222 quicunque
2949 3152 3290 3223 hujusmodi
3348 3153 3632 3226 dignitate
3677 3172 3780 3226 pa-

2129 3235 2331 3290 storali
2363 3238 2589 3308 praediti
2622 3257 2849 3310 sumus,
2885 3240 3038 3295 haud
3084 3241 3262 3297 dubie
3310 3243 3370 3296 in
3419 3259 3632 3300 manus
3681 3245 3783 3300 Dei

2130 3325 2458 3381 incidemus
2493 3345 2506 3382 :
2558 3328 2691 3395 nisi,
2724 3329 2987 3400 inquam,
3024 3331 3532 3402 praedicaverimus
3581 3350 3788 3405 quem-

2131 3416 2450 3471 admodum
2510 3434 2578 3472 ex
2628 3419 2810 3474 nihilo
2861 3426 3072 3475 cuncta
3114 3421 3268 3476 Deus
3299 3422 3572 3488 effecerit,
3607 3440 3786 3494 quam

2133 3505 2507 3560 admirabilia
2539 3509 2828 3562 exsistant
2875 3527 2944 3563 ex
2992 3510 3150 3564 omni
3195 3516 3358 3582 parte
3391 3511 3788 3567 universitatis

2134 3610 2328 3648 rerum
2371 3595 2429 3648 in
2476 3595 2773 3652 hominem
2803 3599 3102 3667 beneficia,
3137 3617 3264 3671 quae
3299 3600 3467 3655 nobis
3500 3601 3794 3671 promissa
3860 3680 3865 3684 ἢ

2135 3683 2183 3738 si
2237 3684 2513 3739 mandata
2544 3685 2642 3740 Dei
2677 3688 3132 3757 periecerimus;
3183 3705 3314 3760 quae
3363 3707 3568 3746 rursus
3622 3690 3792 3745 minas

2137 3773 2563 3844 suppliciorum
2596 3776 2911 3848 propositae
2963 3777 3012 3831 si
3061 3795 3176 3832 non
3232 3779 3687 3850 perfecerimus;
3736 3782 3795 3834 et

2138 3862 2250 3916 nisi
2282 3864 2791 3934 praedicaverimus
2825 3867 2979 3937 quod
3014 3867 3113 3938 qui
3149 3868 3299 3923 male
3329 3869 3620 3935 vixerunt,
3643 3867 3792 3923 irato

2140 3955 2254 4006 Deo
2310 3952 2380 4006 ab
2427 3952 2537 4007 hac
2579 3953 2699 4008 vita
2731 3956 3019 4022 recedent,
3055 3957 3293 4011 demum
3351 3974 3553 4029 pmnas
3598 3956 3794 4012 daturi

2141 4039 2549 4109 sempiternas.
2601 4042 2884 4099 Praeterea
2940 4050 3199 4116 repetere
3255 4061 3423 4101 voces
3477 4045 3792 4118 propheta-

2142 4145 2295 4197 rum,
2329 4145 2477 4200 quas
2519 4130 2602 4185 illi
2653 4133 2722 4187 ad
2776 4135 3166 4189 revocandum
3218 4152 3250 4190 a
3296 4134 3451 4190 vitiis
3483 4135 3795 4190 hominum

2144 4233 2331 4289 genus
2381 4219 2823 4277 adhibuerunt:
2874 4222 3016 4278 item
3069 4239 3532 4280 commemorare
3580 4224 3794 4280 adven-

2143 4311 2271 4362 tum
2306 4309 2554 4377 Domini,
2589 4315 2647 4365 et
2676 4312 2830 4368 bona
2858 4313 2994 4368 inde
3024 4314 3283 4385 profecta
3317 4331 3331 4368 :
3384 4311 3511 4368 tiim
3545 4316 3796 4368 mortem

2146 4397 2512 4467 probrosam,
2573 4400 2935 4471 sepulturam
3005 4407 3064 4458 et
3131 4403 3386 4458 reditum
3455 4403 3525 4457 ad
3593 4402 3796 4469 vitam,

2147 4499 2458 4540 ascensum
2513 4487 2584 4540 ad
2644 4488 2839 4560 caelos,
2897 4491 3239 4546 missionem
3297 4490 3552 4563 Spiritus
3611 4491 3803 4546 sancti

2148 4570 2557 4645 tributumque
2579 4575 2922 4634 hominibus
2948 4580 3231 4651 Spiritum
3257 4585 3546 4646 sanctum,
3573 4583 3807 4651 aposto-

381 4639 586 4696 ﬁdeles
641 4646 697 4697 et
754 4647 1073 4716 prudentes
1124 4655 1300 4723 atque
1349 4655 1520 4727 grati,
1569 4639 1790 4731 quique
1845 4639 1933 4718 sal
1990 4639 2122 4720 etD
2155 4658 2244 4715 los
2276 4639 2491 4718 missos
2522 4663 2580 4718 in
2623 4667 2960 4723 universum
2990 4639 3280 4724 mundum
3333 4673 3398 4723 ut
3442 4639 3814 4740 baptizarent

380 4728 585 4786 lumen
620 4732 838 4788 fuerint
877 4735 1242 4808 hominibus,
1275 4742 1422 4798 nihil
1473 4728 1628 4816 quod
1679 4728 1822 4806 utile
1869 4758 2045 4824 atque

387 4821 766 4876 commodum
799 4829 956 4880 esset
984 4831 1494 4898 pratermittentes
1525 4852 1538 4890 :
1573 4838 1672 4907 qui
1707 4856 1822 4894 non
1852 4821 2046 4899 verbis

383 4906 604 4975 solum,
637 4911 739 4965 sed
791 4913 960 4969 factis
1007 4921 1066 4971 et
1113 4918 1360 4976 virtutes
1401 4906 1787 4993 tradiderunt,
1821 4935 1878 4986 et
1907 4931 2049 4990 vitia

385 4997 762 5068 expulerunt,
798 5005 1027 5060 cunctis
1059 5008 1464 5080 praecipientes
1505 5017 1571 5067 ut
1612 5015 1972 5076 declinarent
2018 5041 2051 5078 a

389 5085 546 5142 malo
595 5090 652 5142 et
695 5089 958 5147 facerent
1003 5094 1247 5151 bonum.
1280 5100 1366 5152 Ad
1401 5101 1554 5170 quod
1589 5105 1824 5174 quidem
1861 5109 2049 5167 bonus

388 5176 545 5269 De-us
569 5174 759 5248 legem
785 5196 899 5235 non
933 5184 1215 5255 scriptam
1239 5191 1462 5244 naturae
1485 5190 1798 5265 insculpsit
1825 5200 2011 5269 gratis
2036 5218 2048 5255 :

390 5261 603 5319 deinde
636 5282 834 5324 servos
866 5270 1099 5327 mittere
1129 5289 1245 5328 non
1293 5275 1538 5344 destitit,
1581 5261 2054 5352 qui—nuntiarent

392 5350 498 5407 Dei
525 5353 887 5412 voluntatem
922 5376 1036 5415 non
1073 5361 1268 5417 solum
1300 5362 1560 5422 invitatis
1599 5350 1679 5425 ad
1724 5389 1948 5432 coenam
1997 5384 2056 5435 et

395 5441 658 5512 nuptias,
691 5446 790 5500 sed
824 5447 898 5503 iis
931 5449 1106 5506 etiam
1142 5451 1240 5523 qui
1272 5458 1438 5509 erant
1467 5455 1526 5510 in
1566 5457 1674 5514 viis
1718 5466 1775 5516 et
1817 5467 2056 5538 sepibus

394 5544 532 5585 cum
565 5538 778 5590 ornatu
816 5539 1065 5610 nuptiali
1103 5557 1117 5596 :
1169 5546 1406 5598 caeteros
1438 5544 1593 5602 enim
1626 5565 1739 5605 non
1775 5553 1858 5608 sie
1888 5573 2058 5614 orna-

394 5622 509 5690 tos,
541 5621 778 5682 vincula
823 5632 880 5683 et
919 5631 1191 5687 tenebras
1223 5649 1478 5689 manere.
1513 5636 1690 5711 Rogo,
1723 5641 2061 5720 quicunque

393 5712 670 5783 pastores
699 5715 1092 5788 appellamur,
1125 5721 1335 5777 demus
1367 5739 1626 5797 operam,
1661 5712 1824 5789 utin
1855 5712 2060 5797 eorum

689 5839 965 5914 Panos.
1010 5848 1126 5913 Gn.
1171 5849 1406 5916 CXLII.

2157 4765 2221 4803 ac
2272 4751 2545 4807 docerent
2593 4771 2957 4828 quaecunque
2996 4758 3122 4830 ipse
3151 4774 3384 4814 servare
3415 4761 3810 4829 praeceperat;

2158 4839 2376 4909 quibus
2430 4858 2491 4896 se
2543 4842 2812 4900 Christus
2866 4847 3136 4917 promisit
3188 4863 3419 4919 semper
3472 4847 3812 4902 aiIuturam.

2157 4937 2367 4991 Adhaec
2403 4939 2624 4996 instare
2655 4943 2809 4998 diem
2843 4943 3003 5000 illius
3036 4961 3262 5018 magnae
3291 4945 3392 5000 irae
3423 4949 3481 5000 et
3510 4944 3815 5000 calamita-

2159 5025 2260 5092 tis,
2287 5033 2523 5099 propter
2545 5031 2980 5090 multitudinem
3015 5034 3340 5104 scelerum;
3375 5035 3610 5106 quando
3641 5035 3816 5089 draco

2162 5114 2278 5182 ille,
2321 5133 2390 5171 ex
2422 5117 2757 5193 improviso,
2782 5123 2852 5176 ad
2886 5125 3344 5196 corrumpendos
3383 5141 3587 5180 omnes
3609 5122 3815 5179 aderit.

2163 5204 2306 5258 Item
2339 5206 2474 5262 Elim
2517 5214 2573 5263 et
2615 5211 2809 5266 Enoch
2842 5213 3093 5270 reditum
3125 5215 3196 5268 ad
3229 5214 3690 5269 incumbendum
3724 5229 3819 5268 sa-

2164 5293 2272 5348 luti
2304 5293 2610 5352 hominum
2643 5301 2957 5357 adversum
2988 5302 3306 5372 diabolum,
3332 5319 3509 5374 quem
3539 5300 3820 5357 Dominus

2169 5386 2482 5454 praesentia
2537 5388 2821 5445 adventus
2869 5391 2962 5447 sui
3010 5393 3290 5448 destruet.
3335 5393 3618 5448 Praeterea
3667 5389 3822 5446 dice-

2174 5489 2308 5528 mus
2358 5475 2430 5529 de
2478 5475 2774 5547 rapiendis
2825 5480 3054 5537 obviam
3101 5481 3353 5550 Christo,
3405 5481 3644 5553 quando
3699 5477 3829 5534 coeli

2173 5578 2390 5634 magno
2423 5563 2646 5636 impetu
2681 5570 3037 5638 transibunt,
3069 5576 3226 5628 terra
3255 5577 3451 5628 autem
3493 5575 3551 5626 et
3599 5585 3731 5642 qua;
3769 5569 3830 5623 in

2172 5651 2307 5723 ipsa
2340 5657 2480 5707 sunt
2509 5671 2686 5726 opera
2716 5665 3051 5716 exurentur.
3085 5663 3220 5727 Quae
3261 5661 3501 5733 quidem
3543 5675 3680 5715 cum
3735 5673 3834 5713 ex-

2175 5744 2541 5817 spectentur,
2575 5745 2802 5820 quales,
2835 5764 3056 5823 quaeso,
3100 5767 3168 5808 ac
3216 5767 3396 5824 quam
3443 5751 3681 5806 sanctos
3728 5762 3839 5806 nos

3482 5877 3555 5940 17
