4132 6438
443 386 560 448 523

1567 372 1998 433 ATHANASII
2041 372 2156 433 ΟΡ.
2206 373 2736 434 PATRIARCILE

3747 377 3854 437 524

445 531 576 575 esse
606 511 872 588 oportet!
915 511 1202 568 Debemus
1233 508 1411 564 etiam
1444 522 1902 562 commemorare
1930 506 2094 577 judi-
2124 507 2178 575 Α
2207 505 2454 576 viusque
2477 505 2688 561 fuisset
2715 505 2850 577 igne
2870 507 3255 577 consumptos
3281 519 3430 572 esse,
3454 520 3633 577 quam
3658 507 3852 564 audire

448 606 606 662 cium
651 607 1001 671 extremum,
1035 597 1317 654 subsellia
1368 595 1655 668 apposita,
1690 595 2099 666 praesidentem

443 693 669 766 judicio
702 692 1023 762 Antiquam
1057 687 1304 753 dierum,
1337 684 1520 740 libros
1568 688 1822 755 apertos,
1857 683 2102 737 ﬂuvium

451 784 606 855 ignis
641 798 654 837 :
706 780 936 844 deinde,
969 794 1068 833 eos
1122 775 1223 846 qui
1273 775 1343 828 ad
1390 774 1684 828 dexteram
1717 777 1907 837 erunt,
1944 789 2103 826 com-

454 871 762 928 mendatos
794 867 962 922 bonis
993 865 1268 938 operibus
1308 877 1684 935 processuros
1732 861 1788 915 in
1842 877 2102 915 resurre-

454 959 704 1016 ctionem
739 959 903 1025 vitae;
937 971 1035 1010 eos
1079 970 1234 1022 vero,
1268 951 1367 1023 qui
1408 952 1478 1005 ad
1513 951 1838 1016 sinistram,
1873 966 2101 1019 proces-

456 1067 627 1106 suros
667 1048 727 1103 in
777 1045 1258 1103 resurrectionem
1285 1040 1516 1113 judicii.
1552 1039 1681 1094 Haec
1712 1044 1870 1104 sunt,
1903 1055 2031 1110 quae
2072 1057 2106 1092 a

455 1139 626 1196 nobis
655 1142 796 1194 sunt
826 1150 1059 1207 semper
1089 1130 1322 1204 populis
1352 1129 1725 1195 inculcanda,
1759 1133 1816 1184 et
1845 1127 2103 1183 honestae

452 1229 585 1284 vitae
632 1225 896 1298 exemplo
973 1220 1460 1286 commendanda,
1515 1221 1688 1289 atque
1745 1217 2106 1272 consulenda

454 1334 586 1390 quae
615 1316 852 1389 quidem
885 1330 1019 1369 cum
1052 1316 1166 1366 Deo
1197 1327 1303 1365 nos
1335 1306 1636 1379 copulant.
1668 1311 1786 1361 Hoc
1826 1311 1915 1361 est
1957 1305 2102 1360 illud

451 1403 770 1478 Evangelii,
829 1403 1013 1458 bonos
1082 1398 1401 1469 ﬁdelesque
1472 1397 1906 1467 dispensatores
1964 1396 2104 1449 dare

453 1494 752 1553 conservis
780 1492 906 1548 suis
935 1491 995 1545 in
1025 1495 1286 1560 tempore
1319 1502 1658 1542 mensuram
1690 1484 1864 1539 tritici
1904 1502 1915 1540 :
1965 1500 2102 1539 con-

451 1586 707 1654 ﬁrmare,
736 1582 1001 1654 inquam,
1034 1581 1268 1646 fratres,
1301 1582 1367 1631 ut
1397 1575 1752 1646 contemptis
1784 1573 1954 1628 bonis
1987 1578 2104 1628 ter-

451 1674 629 1742 renis,
663 1671 771 1728 soli
799 1669 998 1727 virtuti
1030 1673 1087 1723 et
1115 1668 1230 1722 Deo
1263 1665 1617 1720 adhaereant.
1656 1665 1714 1718 In
1762 1663 1860 1718 bis
1901 1662 2103 1733 vigila-

450 1780 532 1832 re,
565 1767 624 1819 et
667 1762 792 1817 haec
842 1756 1113 1814 meditari
1143 1755 1448 1821 debemus,
1482 1755 1736 1819 fratres;
1789 1751 1837 1806 si
1891 1767 2104 1823 magno

2211 594 2355 649 illud
2391 612 2402 649 :
2454 595 2573 649 Non
2617 596 2746 650 novi
2790 611 2880 650 vos
2913 595 2975 648 ‘3.
3028 593 3420 656 Quamobrem
3462 594 3724 652 Paulus:
3775 600 3852 653 Ne

2211 685 2410 739 erartis
2441 685 2502 751 η,
2536 683 2768 756 inquit;
2802 699 3159 739 enumerans
3191 670 3572 754 scilicet'quze
3612 703 3642 738 a
3684 703 3850 757 regno

2213 772 2428 827 Christi
2459 779 2658 828 arcent
2687 777 2744 828 et
2772 772 3095 828 excludunt
3121 797 3134 839 ;
3165 789 3294 843 quae
3327 774 3526 828 omnia
3557 773 3668 830 nisi
3699 776 3854 832 vobis

2215 861 2523 933 discipulis
2553 863 2680 932 ejus
2715 879 2820 917 nos
2851 862 3508 917 commemoraverimus
3541 868 3716 935 atque
3768 865 3853 919 de-

2216 951 2700 1018 nuntiaverimus,
2723 968 2803 1004 vae
2829 950 3030 1006 nobis!
3067 949 3392 1006 Caveamus
3415 967 3553 1022 ergo
3579 969 3651 1007 ne
3672 952 3855 1008 debito

2215 1040 2370 1110 quod
2420 1056 2734 1094 commune
2790 1045 2879 1095 est
2928 1039 3195 1094 omnium
3244 1044 3573 1110 pastorum,
3619 1041 3855 1113 populos

2215 1129 2596 1196 fraudemus;
2651 1127 2867 1197 debito,
2903 1128 3168 1200 inquam,
3212 1128 3495 1200 fungendi
3523 1145 3621 1201 pro
3654 1130 3860 1186 Christo

2219 1217 2493 1285 legatione
2524 1219 2584 1285 ³⁵,
2619 1218 2734 1274 Deo
2772 1233 2876 1290 per
2923 1234 3031 1273 nos
3079 1217 3369 1284 hortante,
3402 1235 3474 1273 ne
3532 1220 3632 1290 qui
3687 1219 3859 1275 semel

2218 1306 2545 1377 baptizatus
2570 1306 2902 1363 committat
2929 1309 2996 1362 ut
3026 1306 3097 1362 ad
3139 1307 3376 1378 nuptias
3421 1307 3639 1364 iutrare
3669 1308 3858 1381 prohi-

2215 1396 2439 1451 beatur.
2493 1396 2602 1452 Eos
2655 1413 2790 1453 vero
2849 1396 2952 1470 qui
3010 1395 3155 1452 alios
3213 1396 3536 1468 decipiunt,
3586 1401 3859 1470 tanquam

2218 1484 2396 1541 falsos
2428 1485 2742 1559 apostolos,
2769 1485 3140 1558 impostores,
3165 1485 3449 1542 adhibitis
3480 1486 3700 1542 sanctis
3725 1485 3864 1542 Scri-

2217 1575 2409 1646 pturis
2441 1575 2869 1647 redarguamus
2924 1591 2990 1630 ac
3036 1575 3377 1646 prodamus,
3411 1579 3866 1632 commemorato

2215 1663 2482 1736 exemplo
2512 1665 2712 1719 decem
2745 1663 3062 1736 virginum,
3096 1679 3322 1736 sagenae
3353 1664 3548 1720 missae
3597 1665 3655 1720 in
3689 1680 3862 1734 mare,

2215 1752 2378 1809 illius
2410 1754 2598 1809 induti
2631 1753 2884 1820 sordide,
2921 1753 3171 1826 aliisque
3201 1753 3568 1824 hujusmodi.
3604 1758 3734 1810 Haec
3764 1771 3862 1810 no-

449 1851 797 1917 ministerio,
829 1850 922 1904 cui
975 1846 1381 1919 praesidemus,
1415 1842 1750 1898 satisfacere
1801 1840 2052 1896 velimus
2087 1857 2099 1895 :
2134 1878 2181 1942 B
2217 1847 2306 1898 cte
2355 1841 2564 1914 dieque
2617 1843 2829 1898 debent
2877 1842 3092 1915 singuli
3142 1847 3406 1914 pastores
3437 1843 3716 1916 gregibus
3747 1843 3864 1900 suis

449 1959 516 1999 ac
555 1959 670 1997 non
704 1939 898 2012 potius
929 1936 1060 1991 illos
1090 1934 1306 1989 imitari
1342 1932 1702 2004 proscriptos
1734 1930 2102 2002 profligatos-

448 2048 563 2103 que
592 2031 1029 2102 dispensatores
1058 2045 1073 2095 ς
1107 2024 1228 2095 qui,
1263 2024 1426 2088 dum,
1461 2025 1526 2076 ut
1554 2019 1670 2074 illis
1701 2018 1950 2090 videtur,
1987 2037 2104 2074 mo-

447 2138 574 2177 ram
607 2118 890 2175 Dominus
935 2114 1092 2179 facit,
1133 2113 1317 2167 edunt
1361 2116 1417 2166 et
1461 2113 1708 2180 potant:
1761 2125 1930 2180 quos,
1965 2125 2101 2164 cum

445 2208 691 2279 venerit,
725 2207 902 2272 idem,
935 2208 1001 2258 ut
1032 2202 1292 2257 minatus
1325 2203 1435 2266 est,
1469 2196 1707 2252 dividet.
1733 2198 1867 2260 Quae
1902 2197 2100 2252 omnia

448 2314 564 2354 non
588 2295 779 2352 solum
810 2311 917 2350 nos
944 2291 1265 2347 inclamare
1293 2288 1600 2354 debemus,
1628 2287 1727 2341 sed
1762 2286 1938 2340 etiam
1963 2287 2101 2341 ﬁde-

446 2385 606 2443 libus
638 2382 975 2440 hominibus
1003 2378 1449 2445 commendare,‘
1473 2376 1572 2447 qui
1606 2375 1835 2444 possint
1867 2379 1924 2430 et
1953 2375 2099 2431 alios

445 2477 695 2542 docere;
744 2473 826 2528 ita
869 2475 934 2526 ut
974 2467 1121 2525 nihil
1153 2468 1230 2523 sit
1260 2466 1613 2534 faciendum,
1648 2465 1804 2536 quod
1855 2481 1888 2518 a
1933 2481 2101 2520 sacra

444 2565 746 2636 Scriptura
775 2560 1031 2617 alienum
1065 2560 1160 2614 sit.
1197 2557 1484 2612 Debemus
1515 2558 1794 2626 praeterea
1841 2569 1940 2609 eos
1997 2554 2097 2626 qui

443 2651 831 2726 peccaverint,
864 2649 1051 2722 poenis
1100 2654 1158 2703 et
1206 2645 1350 2702 locis
1399 2645 1470 2700 ad
1515 2661 1613 2700 eas
1655 2643 1962 2698 solvendas
1993 2643 2098 2698 de-

442 2742 701 2816 scriptis,
741 2739 1067 2796 secundum
1119 2752 1372 2792 canones
1431 2734 1668 2788 Patrum
1719 2734 1971 2801 afﬁcere,
2005 2732 2093 2786 di-

439 2832 811 2905 stinguentes
837 2833 1106 2885 sanctum
1138 2843 1172 2880 a
1203 2825 1445 2897 profano
1475 2841 1485 2877 :
1521 2822 1702 2894 impie
1723 2821 1882 2876 enim
1915 2826 2098 2892 agunt

441 2922 706 2994 quidam,
739 2918 842 2991 qui
897 2917 1114 2972 multos
1154 2930 1357 2970 eorum
1390 2911 1631 2978 violant,
1667 2927 1856 2981 neque
1887 2911 2094 2966 memi-

440 3015 654 3067 nerunt
674 3009 828 3082 quod
852 3006 1138 3078 scriptum
1161 3008 1248 3059 est
1271 3021 1283 3058 :
1317 3003 1481 3073 Impii
1500 3003 1842 3056 transierunt
1863 3000 2001 3069 ﬁnes
2026 3003 2092 3065 “;

437 3103 498 3156 et
526 3098 671 3153 illud
708 3115 720 3154 :
765 3095 1076 3151 Maledictus
1106 3094 1202 3164 qui
1228 3093 1492 3147 terminos
1531 3108 1565 3146 α
1611 3089 1870 3162 patribus
1893 3090 2095 3161 positos

437 3186 884 3258 transgreditur;
941 3188 997 3239 et
1055 3183 1208 3254 quod
1267 3186 1356 3236 est
1411 3179 1471 3234 in
1533 3179 1842 3251 Evangelia
1900 3197 1912 3233 ε
1987 3179 2094 3247 Qui

2214 1930 2509 1986 inculcare
2535 1948 2548 1985 :
2585 1948 2711 2002 quae
2741 1935 2863 1986 tam
2895 1930 3228 1987 necessaria
3257 1936 3419 2002 sunt,
3452 1948 3632 2004 quam
3664 1937 3752 1988 est
3779 1949 3859 1988 re-

2213 2022 2438 2092 spirare
2493 2019 2801 2075 animanti.
2853 2019 3286 2087 Necessarium,
3342 2020 3614 2092 inquam,
3675 2021 3864 2078 omnia

2205 2109 2433 2180 judicia
2461 2115 2518 2165 et
2548 2109 2890 2164 testimonia
2919 2109 3021 2164 Dei
3053 2109 3420 2180 denuntiare,
3445 2110 3528 2165 ita
3559 2114 3626 2166 ut
3657 2111 3728 2166 ab
3761 2110 3863 2165 hoc

2213 2199 2403 2254 ofﬁcio
2454 2215 2642 2270 neque
2691 2215 2792 2254 eos
2844 2198 3122 2269 superbia
3162 2203 3220 2254 et
3250 2198 3424 2254 elatio
3456 2199 3739 2270 retrahat,
3773 2215 3864 2255 ne-

2211 2303 2325 2358 que
2356 2286 2600 2342 altitudo
2631 2287 2769 2354 diei,
2800 2286 2857 2341 id
2887 2295 2983 2357 est,
3018 2287 3374 2358 prosperitas
3415 2291 3473 2343 et
3511 2288 3812 2360 opulentia
3842 2306 3853 2344 :

2212 2377 2353 2448 quin
2404 2375 2620 2447 potius,
2653 2376 2704 2431 si
2757 2380 2992 2448 tempus
3044 2376 3321 2448 postulet,
3367 2393 3471 2448 pro
3525 2377 3774 2450 legibus,
3807 2382 3859 2432 et

2211 2465 2447 2520 statutis
2494 2465 2707 2520 divinis
2749 2465 3096 2536 sanguinem
3135 2466 3398 2536 fundere,
3432 2468 3716 2538 quoniam
3747 2481 3856 2520 non

2209 2554 2398 2625 possit
2450 2553 2621 2609 aliter
2670 2558 2870 2626 pastor
2917 2554 3216 2609 Christum
3268 2571 3486 2625 amare,
3521 2556 3624 2628 qui
3681 2554 3857 2625 magi-

2209 2647 2398 2697 strum
2444 2641 2661 2697 ﬁnibus
2692 2642 2997 2698 charitatis
3031 2643 3515 2714 circumscripsit,
3555 2661 3691 2700 cum
3721 2641 3859 2698 dixit

2207 2730 2545 2803 Apostolus:
2576 2732 2715 2802 Quis
2744 2747 2843 2787 nos
2871 2732 3151 2802 separabit
3177 2749 3215 2786 a
3244 2734 3517 2788 charitate
3552 2733 3758 2790 Christi
3787 2731 3856 2784 ‘5?

2209 2821 2426 2876 Deinde
2475 2821 2800 2877 cavendum
2851 2821 3020 2876 nobis
3065 2825 3174 2891 est,
3206 2837 3279 2876 ne
3328 2819 3432 2876 ulli
3481 2821 3603 2878 cito
3655 2836 3857 2877 manus

2208 2911 2606 2981 imponamus,
2640 2927 2755 2965 non
2810 2913 2946 2965 ante
2988 2910 3210 2979 justam
3261 2914 3515 2973 aetatem,
3571 2928 3685 2968 non
3736 2910 3856 2966 sine

2205 2998 2401 3068 titulo,
2435 3017 2550 3054 non
2580 3004 2740 3054 extra
2785 2999 2932 3054 ﬁnes
2981 2998 3268 3054 dicecesis.
3301 2999 3737 3056 Testimonium
3769 2999 3857 3053 di-

2205 3093 2343 3143 cant
2397 3105 2513 3144 non
2562 3088 2771 3160 quivis,
2805 3088 2905 3144 sed
2947 3103 3150 3159 graves
3191 3088 3480 3157 homines,
3515 3090 3621 3161 qui
3653 3091 3856 3145 educa-

2203 3178 2422 3233 tionem
2454 3181 2581 3248 ejus
2613 3181 2671 3233 et
2714 3194 2907 3232 mores
2939 3176 3154 3247 norint,
3187 3193 3339 3232 anne
3388 3177 3467 3232 sit
3513 3179 3855 3244 iracundus,

433 3250 659 3334 solverit
706 3250 883 3330 unum
930 3289 1001 3328 ex
1047 3250 1344 3335 inundatis,
1375 3271 1642 3324 minimus
1691 3250 1982 3323 vocabitur
2029 3267 2091 3321 in
2122 3250 2164 3318 (ἶ
2205 3283 2278 3322 an
2311 3267 2622 3338 superbus,
2657 3283 2728 3321 an
2760 3266 2981 3330 ebrius,
3015 3283 3087 3321 an
3119 3283 3352 3335 avarus,
3387 3283 3458 3321 an
3492 3283 3756 3340 pugnax,
3787 3284 3856 3321 an

433 3382 602 3438 regno
641 3365 925 3429 caelorum,
957 3363 1054 3433 qui
1093 3368 1280 3416 autem
1326 3361 1521 3430 fecerit
1569 3362 1621 3412 et
1671 3357 1934 3424 docuerit,
1965 3372 2089 3411 ma-

430 3471 570 3528 gnus
603 3455 668 3510 1’.
724 3451 896 3509 Omni
950 3451 1149 3521 itaque
1199 3449 1396 3504 studio
1448 3446 1837 3503 laborandum
1887 3450 1975 3500 est
2025 3451 2090 3500 ut

433 3541 940 3616 concupiscentias
972 3540 1166 3595 carnis
1197 3556 1325 3610 quae
1359 3536 1617 3592 militant
1648 3536 1927 3590 adversus
1961 3533 2084 3589 ani-

435 3651 625 3704 mum,
686 3634 967 3704 superent
1024 3645 1228 3684 omnes
1286 3626 1488 3681 ﬁdeles
1537 3643 1550 3681 :
1612 3623 2088 3694 admonendique

433 3721 704 3789 subinde,
739 3718 1241 3793 quemadmodum
1293 3715 1506 3770 clamet
1553 3714 1771 3769 Paulus
1818 3730 1918 3768 vas
1969 3712 2084 3768 ele-

430 3812 676 3879 ctionis,
736 3810 1032 3865 neminem
1086 3823 1288 3862 eorum
1359 3803 1457 3875 qui
1527 3803 1780 3876 peccatis
1847 3818 2083 3874 operam

431 3901 594 3968 dant,
618 3914 1031 3972 possessurum
1063 3911 1311 3967 regnum
1343 3893 1644 3949 caelorum.
1670 3893 1776 3957 Qui
1809 3909 1944 3946 cum
1977 3908 2083 3947 nos

430 3989 700 4044 hortetur
744 3992 811 4044 ut
855 4004 992 4043 eum
1042 3985 1366 4055 imitemur,
1400 3983 1572 4038 sicuti
1605 3982 1730 4053 ipse
1761 3980 2080 4045 Christum,

430 4078 632 4134 beatos
663 4082 926 4150 pastores
967 4074 1067 4147 qui
1098 4090 1232 4129 eum
1267 4072 1448 4128 secuti
1482 4071 1814 4141 imitatique
1845 4070 2081 4126 fuerint.

426 4166 684 4223 Tametsi
725 4165 883 4221 enim
927 4181 1042 4219 non
1093 4162 1212 4217 sint
1260 4159 1576 4215 imitabiles
1606 4157 1765 4212 illius
1796 4157 2080 4213 excellen-

423 4255 673 4311 tissimae
700 4255 948 4309 virtutes
995 4253 1136 4324 (qua
1182 4266 1390 4306 sumus
1439 4249 1672 4319 ignavia
1721 4252 1778 4302 et
1826 4247 2080 4318 inertia),

424 4343 598 4412 illud,
632 4344 895 4415 inquam,
928 4341 1122 4396 vivere
1168 4356 1237 4394 ex
1277 4338 1578 4403 manibus,
1612 4342 1668 4392 et
1698 4336 2076 4408 Evangelium

424 4433 552 4490 sine
573 4437 814 4505 sumptu
837 4445 1157 4502 exponere:
1183 4427 1353 4483 nobis
1373 4432 1573 4481 tamen
1596 4425 1740 4482 satis
1759 4430 1846 4480 est
1868 4425 1915 4481 si
1939 4443 2080 4498 prie-

423 4522 670 4578 beamus
701 4538 809 4576 nos
841 4519 1138 4591 operarios
1166 4517 1294 4572 cibo
1335 4516 1566 4588 dignos,
1599 4532 1665 4570 ac
1713 4532 1828 4573 non
1883 4515 2078 4587 potius

2201 3356 2387 3422 dicax,
2424 3373 2494 3410 an
2547 3371 2876 3427 percussor,
2921 3372 2994 3409 an
3045 3353 3337 3426 petulans,
3392 3371 3466 3409 an
3519 3355 3854 3412 illiteratus.

2199 3445 2335 3500 Post
2364 3444 2791 3500 ordinationem
2824 3460 2957 3499 vero
2989 3445 3317 3499 curandum
3349 3447 3440 3499 est
3466 3447 3540 3499 ut
3573 3463 3742 3502 sacra
3773 3460 3856 3500 re-

2197 3539 2474 3589 verentur
2502 3550 2568 3588 ac
2597 3533 2866 3605 religiose
2895 3536 3145 3587 tractare
3192 3537 3250 3588 et
3293 3532 3720 3590 administrare
3769 3533 3854 3588 di-

2197 3629 2341 3690 scat,
2393 3623 2672 3694 mysteria
2717 3621 3043 3693 praesertim
3103 3620 3480 3676 Eucharistiaa
3547 3641 3614 3680 ac
3672 3623 3854 3695 bapti-

2197 3713 2310 3768 smi
2345 3728 2358 3767 :
2410 3729 2502 3777 ne,
2544 3728 2674 3782 quae
2724 3710 3104 3766 sanctissima
3141 3715 3300 3781 sunt,
3334 3711 3405 3765 ab
3437 3710 3643 3785 aliquo
3675 3713 3852 3768 deliro

2196 3801 2468 3857 indecore
2516 3806 2574 3856 et
2620 3805 2841 3856 temere
2891 3799 3305 3855 administrare
3364 3800 3713 3858 doceantur.
3768 3800 3851 3855 Ad

2198 3890 2320 3945 haec
2369 3889 2817 3962 providendum,
2851 3906 2924 3944 ne
2973 3888 3157 3943 cuivis
3214 3892 3411 3960 pateat
3459 3906 3749 3946 ascensus
3794 3889 3849 3943 in

2196 3984 2564 4051 suggestum,
2615 3995 2805 4050 neque
2860 3979 3067 4033 docere
3113 3976 3287 4032 liceat
3338 3994 3397 4032 1n
3447 3980 3704 4037 ecclesia
3743 3979 3852 4035 nisi

2193 4067 2244 4122 ei
2273 4067 2373 4139 qui
2405 4067 2673 4123 castitate
2704 4066 2882 4122 etiam
2914 4070 2971 4121 et
3007 4067 3397 4135 temperantia
3427 4071 3610 4140 atque
3641 4069 3851 4141 pietate

2193 4157 2472 4228 praeditus
2505 4156 2600 4212 sit.
2634 4156 2780 4210 Item
2829 4158 2896 4208 ut
2951 4153 3095 4208 nihil
3145 4171 3347 4210 eorum
3392 4172 3525 4226 quae
3567 4159 3642 4214 ad
3676 4157 3852 4214 eden-

2192 4246 2333 4300 dum
2383 4245 2594 4300 idonea
2641 4247 2803 4310 sunt,
2856 4242 3179 4298 oﬂ'erantur
3232 4243 3289 4297 in
3343 4244 3614 4312 ecclesia,
3648 4249 3852 4318 praeter

2190 4334 2408 4402 oleum,
2464 4350 2657 4390 ceram
2710 4337 2766 4388 et
2819 4332 2978 4387 thus.
3017 4331 3247 4390 Nemini
3303 4333 3432 4388 sine
3482 4334 3850 4406 probatione,

2191 4429 2292 4479 aut
2321 4441 2423 4494 pro
2471 4439 2714 4478 munere
2743 4421 3112 4476 Eucharistia
3159 4422 3349 4488 detur,
3383 4422 3499 4477 nisi
3552 4423 3851 4497 permissu

2189 4531 2220 4569 e
2275 4530 2557 4568 concessu
2611 4511 2800 4567 Patris
2846 4509 3193 4582 spiritualis.
3256 4511 3338 4566 Ne
3385 4511 3560 4568 liceat
3611 4513 3851 4585 impune

420 4611 576 4668 bona
623 4625 945 4684 pauperum
1005 4606 1187 4662 hianti
1245 4621 1341 4662 ore
1391 4607 1751 4661 devoremus.
1797 4604 2078 4660 Hortandi
2108 4624 2156 4688 Β
2192 4619 2306 4657 non
2337 4618 2541 4658 vacare
2587 4601 2646 4655 in
2697 4601 2843 4655 festo
2877 4599 3362 4671 Resurrectionis,
3396 4617 3590 4672 neque
3621 4599 3849 4674 ingredi

418 4706 720 4775 praeterea,
752 4704 817 4754 ut
867 4697 1130 4762 arrectis,
1163 4696 1320 4768 quod
1361 4694 1548 4760 aiunt,
1583 4694 1846 4762 auribus,
1879 4697 1936 4747 et
1982 4693 2072 4749 vi-

419 4791 693 4864 gilantes,
744 4791 1059 4844 clamorem
1114 4784 1283 4840 illum
1337 4783 1540 4839 mediae
1591 4783 1803 4850 noctis,
1854 4783 2073 4853 impro-

417 4880 608 4936 visum
657 4885 714 4933 et
761 4877 1028 4934 subitum
1074 4877 1432 4946 exspectent,
1466 4889 1537 4927 ne
1569 4871 1714 4926 nihil
1749 4871 2073 4943 cogitantes

417 4971 474 5024 et
505 4969 563 5022 in
610 4965 825 5023 scelere
857 4963 1144 5036 occupati,
1181 4967 1282 5017 aut
1309 4959 1593 5033 voluptati
1623 4959 1711 5016 vel
1744 4977 1950 5016 somno
1983 4960 2070 5015 in-

417 5057 744 5129 dulgentes,
769 5056 1084 5110 adventum
1107 5052 1273 5107 illum
1301 5049 1774 5105 illustrissimum
1799 5049 2071 5120 pulcher-

417 5146 552 5202 rimi
584 5144 795 5217 Sponsi
831 5161 945 5198 non
977 5141 1255 5199 sentiant.
1290 5139 1365 5195 Ut
1409 5140 1567 5194 enim
1617 5140 2073 5194 admoueremur

415 5233 783 5306 vigilandum
829 5248 976 5300 esse,
1011 5233 1215 5286 horam
1259 5228 1446 5283 noctis
1477 5227 1734 5299 appellat
1765 5227 2067 5295 Dominus,

415 5321 989 5378 illuminatissimum
1033 5319 1173 5374 illud
1205 5324 1459 5388 tempus.
1495 5316 1731 5372 Utinam
1765 5334 2068 5388 nunquam

416 5412 535 5468 nati
584 5416 783 5467 essent
835 5409 1050 5480 quibus
1111 5407 1505 5463 claudendum
1565 5411 1673 5472 est,
1735 5411 1791 5461 et
1848 5407 2069 5462 frustra

413 5501 695 5558 standum
727 5502 902 5569 atque
933 5497 1314 5569 pulsandum,
1348 5495 1566 5566 quibus
1597 5494 1961 5550 tolerabilius
1995 5494 2069 5550 le-

484 5631 527 5664 “
562 5631 728 5680 Prov.
777 5640 916 5696 XXII,
969 5626 1058 5678 28.
1138 5621 1439 5688 “Matth,
1496 5640 1550 5690 v,
1604 5622 1689 5678 19.

409 5717 534 5770 Vm,
567 5699 659 5758 35.

1770 5622 1813 5657 ¹³
1844 5621 2050 5678 Matth.
2101 5637 2200 5690 vn,
2253 5621 2345 5676 23.

2186 4690 2245 4746 in
2278 4692 2423 4746 ﬁnes
2464 4690 2706 4745 alterius
2740 4705 2753 4744 :
2808 4689 2868 4743 in
2918 4687 3233 4760 conjugiis,
3266 4692 3544 4745 caveatur
3575 4689 3847 4762 pueritia,

2185 4779 2592 4853 propinquitas
2646 4776 2974 4849 sanguinis,
3025 4777 3258 4849 adoptio
3315 4783 3372 4832 et
3426 4781 3753 4852 susceptio
3792 4777 3850 4832 in

2184 4870 2559 4942 baptismate.
2597 4867 2925 4922 Videndum
2982 4871 3071 4921 est
3123 4868 3323 4934 etiam,
3375 4871 3441 4922 ut
3495 4868 3847 4942 conjugium

2183 4977 2300 5014 non
2334 4958 2525 5014 solum
2556 4955 2783 5011 licitum
2816 4956 2894 5010 sit
2939 4959 2994 5010 et
3025 4972 3394 5025 concessum,
3427 4958 3531 5012 sed
3567 4958 3847 5013 decorum

2180 5064 2408 5119 quoque
2439 5063 2452 5102 :
2495 5064 2586 5118 ne,
2618 5045 2879 5116 inquam,
2915 5043 3104 5116 puella
3137 5044 3261 5100 seni
3295 5045 3502 5112 nubat,
3535 5063 3684 5102 neve
3717 5050 3849 5101 ante

2182 5136 2648 5192 benedictionem
2693 5151 2811 5188 una
2862 5133 3098 5188 cubent.
3131 5133 3368 5204 Jejunia
3397 5133 3669 5197 Quatuor
3699 5139 3847 5190 tem-

2181 5243 2389 5299 porum
2421 5241 2493 5280 ne
2524 5224 2847 5290 solvantur,
2872 5239 3056 5292 neque
3080 5223 3309 5294 jejunia
3330 5228 3553 5294 quartae
3583 5229 3643 5280 et
3673 5226 3846 5279 sextae

2181 5317 2354 5371 feriae.
2389 5314 2793 5385 Eleemosyna,
2826 5312 3196 5382 temperatia,
3231 5311 3469 5384 justitia
3518 5317 3578 5368 et
3628 5313 3847 5369 veritas

2179 5405 2251 5459 ab
2302 5403 2577 5459 omnibus
2630 5399 2906 5456 ﬁdelibus
2955 5399 3240 5455 colantur.
3281 5400 3516 5456 Solvere
3565 5400 3846 5457 Ecelesiis
3931 5433 3936 5438 ο

2179 5495 2436 5550 decimas
2482 5498 2539 5548 et
2589 5489 2900 5564 primitias,
2933 5487 3225 5546 celebrare
3258 5490 3574 5547 memorias
3610 5493 3844 5547 sancto-

2425 5620 2521 5675 1¹Ἰ
2569 5619 2695 5674 Cor.
2747 5635 2825 5688 v1,
2865 5618 2919 5675 9.
2999 5618 3044 5653 ¹⁵
3076 5614 3125 5670 ΙΙ
3165 5615 3293 5673 Cor.
3327 5633 3383 5687 v,
3414 5615 3506 5671 20.
3591 5615 3639 5654 ¹⁶
3671 5613 3842 5672 Rom.
