4132 6432
217 442 340 503 525

1720 438 2148 502 EPISTOL/E.

3526 442 3646 503 526

221 591 371 642 rem,
405 572 752 629 meminisse
781 573 1247 646 propinquorum
1278 573 1338 628 in
1369 572 1664 646 precibus,
1697 573 1880 628 absti-
1910 576 1966 641 Α
1999 588 2201 628 curam
2252 571 2520 628 omnium
2551 589 2585 627 a
2615 576 2726 628 Deo
2756 571 3092 643 suscepisti,
3124 571 3301 628 urbes
3348 572 3560 639 deseri,
3591 577 3651 629 et

220 680 358 719 nere
391 680 426 719 a
453 663 858 729 fornicatione,
892 661 1178 735 sanguine
1225 665 1280 716 et
1329 662 1634 728 suffocato,
1671 678 1705 715 a
1735 680 1877 733 pree-

220 751 436 824 stigiis,
484 751 1008 818 incantationibus,
1043 751 1549 806 observationibus
1594 751 1878 822 supersti-

219 840 414 908 tiosis,
448 840 520 895 ab
552 839 712 895 omni
745 842 938 912 specie
969 840 1435 908 divinationum;
1472 857 1587 894 non
1619 857 1880 912 compre-

221 929 478 985 hendere
506 946 641 983 cum
675 928 1086 999 haereticomisi
1120 930 1196 983 sit
1227 946 1472 1000 sponsor
1497 929 1592 998 qui
1626 945 1879 983 canones

222 1035 454 1074 servare
505 1035 621 1072 non
673 1017 898 1084 didicit,
932 1035 1065 1073 eum
1121 1035 1309 1089 neque
1361 1018 1643 1089 baptizari
1693 1035 1881 1089 neque

221 1106 580 1164 monachum
616 1107 736 1162 tieri
769 1106 958 1161 liceat.
996 1108 1342 1162 Monachum
1387 1111 1483 1178 qui
1520 1125 1552 1161 a
1585 1112 1880 1161 monaste-

221 1198 311 1252 rio
343 1195 659 1268 aufugerit,
691 1195 792 1266 qui
824 1196 1106 1266 receperit
1135 1201 1237 1250 aut
1267 1195 1878 1266 ordinarit,puniatur.

220 1285 487 1357 Denique
539 1284 854 1356 repetenda
903 1290 1037 1340 sunt
1087 1289 1142 1338 et
1195 1285 1712 1340 commemoranda
1765 1284 1882 1338 fre-

223 1379 475 1447 quenter
520 1391 554 1429 a
589 1373 891 1444 magistris
939 1372 1231 1438 Ecclesiae,
1265 1390 1391 1444 quae
1441 1372 1644 1428 ﬁdeles
1697 1372 1884 1428 facere

222 1465 479 1531 debent;
513 1467 725 1534 etquae
757 1467 1042 1533 tanquam
1083 1466 1299 1534 pestes,
1333 1461 1679 1517 abominari.
1715 1462 1883 1517 Com-

221 1552 646 1609 memorandus
697 1550 874 1606 etiam
907 1551 1060 1622 ignis
1115 1551 1228 1620 ille,
1261 1551 1320 1605 in
1372 1551 1884 1606 consummatione

223 1641 428 1700 saeculi
459 1642 912 1714 exspectandus.
944 1641 1093 1695 Tum
1138 1639 1510 1696 exsecrabilis
1543 1639 1646 1695 illa
1678 1637 1885 1694 mundi

218 1733 372 1800 lues,
424 1729 655 1798 nefarii,
688 1729 954 1801 inquam,
988 1729 1327 1785 Antichristi
1375 1729 1682 1800 adventus,
1717 1745 1789 1783 ne
1835 1727 1885 1783 si

221 1839 296 1877 ex
325 1820 669 1892 improviso,
701 1819 847 1874 nihil
879 1819 1322 1891 praemeditatis,
1357 1818 1610 1874 adfuerit
1640 1817 1883 1890 iniquus

224 1909 328 1965 ille
379 1914 556 1981 atque
614 1907 927 1979 superbus,
979 1907 1079 1979 qui
1134 1906 1434 1962 extollitur
1479 1923 1659 1978 supra
1711 1921 1883 1962 omne

227 1999 386 2072 quod
438 1998 656 2053 dicitur
683 1997 856 2063 Deus,
891 1996 1060 2051 multi
1111 1997 1169 2050 in
1202 2012 1458 2052 errorem
1505 1995 1882 2056 inducantur.

228 2105 366 2144 cum
416 2088 619 2144 eodem
655 2086 714 2141 in
763 2086 1064 2141 ﬂammam
1115 2085 1270 2157 ignis
1319 2085 1692 2156 conjiciendi.
1743 2089 1883 2150 Hoc,

228 2193 456 2250 precor,
487 2180 789 2249 pastorum
844 2192 992 2246 Opus
1026 2176 1103 2230 sit
1131 2192 1144 2242 ;
1178 2175 1299 2229 hzec
1332 2191 1472 2230 cura
1502 2179 1558 2230 et
1597 2174 1886 2242 studium,

232 2271 303 2322 ut
333 2283 460 2337 quae
490 2265 762 2320 Patribus
792 2264 918 2319 visa
946 2267 1085 2318 sunt
1114 2280 1360 2335 quaeque
1389 2263 1474 2317 illi
1505 2268 1774 2319 accurate
1804 2267 1884 2318 te-

234 2359 512 2418 nuerunt,
544 2353 645 2409 illa
692 2355 764 2408 ad
797 2353 1210 2424 temperandos
1244 2353 1648 2424 regendosque
1686 2351 1888 2407 fideles

231 2443 618 2502 adhibeamus
654 2461 667 2498 :
703 2447 761 2498 et
809 2441 909 2513 qui
940 2459 1008 2497 ea
1061 2459 1176 2497 non
1225 2441 1533 2507 servarint,
1584 2458 1712 2512 quea
1761 2458 1888 2496 ser-

226 2549 389 2600 vare,
423 2549 538 2588 non
571 2530 793 2587 solvere
817 2531 973 2600 jussi
1007 2548 1236 2597 sumus,
1271 2531 1376 2586 hos
1411 2530 1736 2586 maledictis
1762 2547 1890 2602 gra-

226 2622 494 2678 vissimis
525 2621 970 2676 anathematum
995 2621 1500 2676 afficiamus.Ante
1531 2619 1729 2674 omnia
1755 2636 1888 2675 vero

229 2711 562 2784 baptizatos
613 2727 821 2766 omnes
851 2709 1072 2764 hortari
1123 2709 1428 2779 debemus,
1463 2713 1527 2763 ut
1576 2725 1766 2779 usque
1815 2708 1887 2762 ad

230 2801 586 2874 sanguinem
634 2798 1010 2870 integerrime
1040 2803 1273 2854 servent
1327 2814 1689 2870 quaecunque
1721 2797 1889 2852 Chri-

234 2895 364 2946 stus
398 2888 674 2962 praecepit
706 2906 718 2944 :
755 2889 1120 2943 afﬁrmantes
1151 2887 1374 2958 absque
1423 2887 1697 2958 operibus
1732 2903 1887 2940 mor-

234 2984 401 3035 tuam
449 2994 578 3033 esse
630 2977 829 3045 fidem,
858 2981 915 3032 et
961 2977 1113 3048 quod
1164 2993 1280 3030 non
1332 2978 1524 3031 omnis
1578 2974 1679 3046 qui
1727 2974 1886 3042 dicit,

230 3069 468 3124 Domine
515 3067 761 3133 Domine,
813 3066 1047 3120 intrabit
1097 3066 1153 3119 in
1206 3081 1438 3133 regnum
1484 3065 1743 3120 cwlorum
1793 3065 1887 3132 ‘7;

234 3163 294 3214 et
325 3157 470 3212 illud
505 3174 518 3212 :
554 3155 662 3219 Qui
715 3171 830 3210 non
864 3159 1023 3209 amat
1077 3171 1190 3222 me,
1225 3171 1527 3209 sermones
1559 3170 1720 3208 meos
1774 3170 1890 3208 non

230 3249 452 3300 servat.
483 3243 613 3298 Hzec
661 3247 718 3298 et
746 3242 862 3298 alia
893 3242 1235 3313 hujusmodi
1267 3259 1335 3297 ex
1381 3242 1600 3297 sanctis
1631 3241 1890 3312 Scriptu-

1990 663 2059 716 ad
2097 679 2202 717 nos
2252 662 2445 718 venire
2485 662 2842 717 habitatores
2890 679 3134 728 earum;
3168 661 3284 717 imo
3336 663 3554 734 potius,
3587 661 3647 718 in

1990 752 2239 823 gratiam
2290 753 2695 823 episcoporum
2746 752 2855 806 hoc
2916 751 3210 824 prohibes.
3267 752 3366 806 Sin
3427 756 3648 818 autem,

1993 857 2092 911 per
2122 841 2370 912 gratiam
2408 841 2646 906 Dei,hoc
2683 846 2780 896 tua
2810 841 3125 912 prudentia
3155 846 3207 895 et
3229 839 3456 910 judicio
3487 855 3646 894 asse-

1992 932 2209 1000 queris,
2244 930 2439 1001 puniri
2471 948 2576 984 nos
2609 947 2641 984 a
2672 931 2810 995 Deo,
2844 947 2960 984 non
2988 935 3054 984 ut
3085 946 3412 1001 pereamus,
3447 929 3548 983 sed
3583 933 3648 983 ut

1993 1024 2449 1074 convertamur:
2486 1037 2590 1074 cur
2639 1036 2753 1074 non
2795 1020 2970 1090 jubes
3020 1019 3356 1090 pastoribus
3404 1017 3645 1072 illarum

1992 1107 2321 1174 civitatum,
2374 1112 2439 1162 ut
2469 1107 2721 1179 quisque
2751 1125 2953 1162 eorum
3007 1124 3142 1162 cum
3191 1123 3364 1179 grege
3395 1123 3500 1162 suo
3549 1105 3650 1176 sit,

1992 1201 2058 1251 ut
2089 1202 2214 1252 tum
2268 1197 2540 1269 precibus
2573 1203 2685 1253 Deo
2718 1197 3091 1267 adhibendis,
3124 1200 3252 1251 tum
3298 1194 3648 1252 admonitio-

1997 1285 2174 1341 nibus
2208 1291 2263 1340 et
2294 1286 2804 1358 obiurgationibus
2855 1302 2996 1341 suos
3027 1303 3060 1340 a
3090 1285 3346 1356 peccatis
3379 1287 3650 1352 servent;

1997 1379 2173 1446 atque
2201 1375 2283 1430 ita
2334 1375 2518 1431 Deum
2550 1375 2798 1447 placent,
2834 1379 2900 1430 ut
2948 1373 3141 1430 minas
3189 1373 3509 1444 aliquando
3559 1388 3648 1428 re-

1997 1464 2213 1519 mittat.
2245 1465 2333 1520 An
2383 1466 2432 1519 si
2463 1469 2528 1519 tu
2560 1481 2693 1520 oves
2725 1464 2949 1536 pastori
2994 1463 3412 1530 committeres,
3443 1461 3655 1518 deinde

1998 1551 2130 1607 illas
2160 1553 2399 1624 quidem
2432 1553 2738 1608 derelictas
2785 1568 3074 1621 cerneres,
3108 1551 3280 1607 illum
3304 1567 3439 1607 vero
3471 1549 3654 1622 quieti

1996 1657 2118 1696 sua:
2169 1642 2412 1713 suisque
2461 1641 2883 1713 cupiditatibus
2955 1639 3261 1712 indulgere
3307 1643 3365 1694 et
3411 1639 3654 1706 servire,

1995 1729 2088 1785 dic
2137 1730 2398 1801 obsecro,
2432 1731 2869 1802 relinqueresne
2915 1733 3210 1802 pastorem
3245 1728 3604 1802 impunitum
3625 1728 3654 1784 ‘I

1997 1835 2114 1874 non
2145 1820 2403 1892 patimur
2433 1837 2586 1889 oves,
2621 1821 2897 1892 pecudes,
2929 1820 3171 1891 impune
3198 1817 3433 1891 negligi,
3466 1821 3525 1874 et
3555 1833 3655 1890 pa-

1995 1907 2216 1963 tiemur
2231 1912 2496 1980 pastores
2519 1909 2852 1965 animarum
2880 1908 3122 1981 impune
3142 1907 3370 1979 seipsos
3392 1921 3653 1980 pascere,

1998 2014 2113 2053 non
2146 2013 2280 2053 oves
2305 1997 2332 2052 ?
2361 1999 2524 2070 quid,
2557 2015 2777 2070 quaeso,
2795 1999 2948 2070 apud
2981 1997 3164 2053 Deum
3195 1994 3654 2053 excusabimus?

1998 2087 2225 2142 utinam
2279 2105 2350 2142 ne
2395 2087 2540 2142 illud
2595 2087 2765 2143 nobis
2815 2087 3194 2158 exprobretur
3228 2101 3243 2141 :
3272 2085 3465 2141 Omnes
3513 2099 3663 2155 qum-

1999 2179 2130 2231 runt
2159 2191 2285 2248 quae
2330 2193 2431 2232 sua
2459 2184 2604 2244 sunt,
2636 2192 2750 2232 non
2796 2191 2920 2248 quae
2963 2177 3092 2232 Jesu
3141 2174 3350 2230 Christi
3375 2174 3441 2228 ίθ.
3491 2172 3652 2240 Quod

1998 2265 2157 2323 enim
2211 2281 2412 2338 preces
2441 2274 2495 2321 et
2545 2264 2776 2337 vigilias
2807 2282 2924 2337 prae
2975 2263 3207 2336 ignavia
3256 2280 3374 2320 non
3423 2265 3656 2334 curant,

1999 2361 2058 2412 et
2090 2372 2196 2410 nos
2245 2355 2385 2426 quia
2416 2353 2508 2410 his
2556 2371 2856 2420 vacamus,
2909 2353 3120 2422 rident,
3175 2352 3347 2424 plane
3397 2349 3656 2408 ostendit

2001 2443 2148 2500 nihil
2181 2459 2280 2500 eos
2333 2442 2530 2510 malle,
2564 2459 2754 2514 neque
2785 2442 2943 2498 aliud
2973 2443 3057 2498 eis
3106 2458 3236 2498 esse
3265 2441 3657 2514 pr0positum,

2001 2550 2179 2604 quam
2229 2531 2591 2604 patriarchas
2641 2548 2890 2599 movere,
2924 2535 2981 2587 et
3011 2547 3259 2587 munera
3304 2530 3568 2602 accipere
3596 2529 3658 2584 in

1993 2622 2242 2692 judicio,
2274 2626 2333 2676 et
2362 2626 2567 2676 caetera
2614 2619 2730 2676 alia
2760 2621 3124 2676 committere
3154 2637 3281 2692 quae
3312 2620 3436 2692 ipse
3465 2623 3658 2675 status

1999 2715 2332 2782 temporum
2365 2709 2583 2765 docuit.
2606 2713 2715 2764 Aut
2745 2709 2925 2782 igitur
2946 2711 3089 2781 juge
3121 2709 3370 2781 singulis
3401 2709 3655 2780 quibus-

2001 2817 2112 2870 que
2145 2800 2216 2854 ad
2249 2797 2527 2854 dioeceses
2560 2799 2851 2870 proﬁcisci
2883 2816 3044 2863 suas,
3077 2803 3181 2853 aut
3212 2798 3412 2853 sinant
3454 2813 3547 2853 me
3576 2797 3649 2852 ad

2002 2905 2188 2943 unum
2219 2905 2249 2943 e
2280 2887 2406 2943 suis
2454 2889 2732 2961 gregibus
2762 2887 2845 2942 ire
2871 2905 2884 2956 ;
2917 2893 2975 2942 et
3004 2905 3096 2943 me
3129 2887 3518 2959 jurejurando
3548 2886 3651 2942 ob-

2001 2977 2289 3048 stringam
2350 2994 2655 3048 nunquam
2688 2977 2762 3031 ab
2811 2993 2876 3032 eo
2909 2976 3332 3044 discessurum,
3363 2975 3477 3048 ipsi
3519 2990 3654 3031 vero

2003 3067 2208 3121 urbem
2256 3065 2827 3136 Constantinopolim
2893 3065 3007 3121 sibi
3055 3065 3208 3121 inter
3255 3082 3318 3121 se
3369 3064 3651 3120 dividant.

2003 3155 2151 3220 Quid
2185 3153 2342 3209 enim
2394 3153 2688 3209 infelicius
2718 3171 2846 3209 esse
2879 3158 3088 3226 potest,
3121 3171 3300 3226 quam
3345 3152 3406 3208 in
3437 3152 3660 3208 caeteris

2004 3243 2338 3299 civitatibus
2386 3243 2558 3298 licere
2617 3245 2831 3315 cuique
2880 3244 3095 3314 pastori
3149 3260 3309 3310 suos,
3370 3247 3660 3314 quantum

232 3334 340 3402 ris,
376 3333 491 3388 nisi
522 3332 595 3387 iis
626 3331 726 3402 qui
777 3348 844 3386 ea
875 3332 1147 3402 ignorant
1185 3331 1651 3402 exposuerimus,
1687 3347 1892 3401 quem-
1925 3321 1969 3388 C
2008 3338 2203 3406 potest
2230 3339 2289 3389 et
2328 3334 2432 3404 jus
2461 3337 2572 3399 est,
2612 3349 2809 3405 regere
2848 3338 3024 3405 atque
3055 3333 3417 3405 gubernare;
3449 3332 3509 3386 in
3539 3330 3664 3387 sola

236 3421 564 3478 admodum
587 3420 808 3476 erimus
840 3419 1040 3474 ﬁdeles
1063 3421 1500 3492 dispensatores
1522 3419 1549 3473 ‘?
1570 3421 1893 3490 Ne,quaeso,

237 3512 560 3568 oscitanter
607 3514 783 3580 atque
812 3509 1196 3581 negligenter,
1229 3511 1329 3564 sed
1379 3526 1515 3565 cum
1548 3510 1757 3564 timore
1796 3526 1898 3580 po-

234 3601 368 3657 tius
415 3604 590 3671 atque
640 3603 914 3668 tremore,
949 3597 1075 3653 sine
1115 3597 1236 3652 ulla
1284 3598 1676 3664 cunctatione,
1709 3597 1899 3652 Evan-

236 3689 399 3764 gelia
451 3693 654 3744 sancta
685 3688 1104 3756 edisseramus,
1139 3689 1411 3743 docentes
1456 3687 1667 3742 ccelum
1699 3691 1756 3741 et
1784 3691 1897 3741 ter-

237 3795 373 3836 ram
422 3777 764 3846 transitura,
817 3777 994 3832 verba
1062 3782 1257 3832 autem
1306 3779 1434 3846 ejus
1501 3792 1898 3848 nequaquam.

236 3871 524 3926 Dicamus
556 3867 774 3922 frustra
803 3866 1050 3921 fortasse
1080 3867 1303 3921 dictum
1335 3881 1462 3922 esse
1485 3865 1544 3920 in
1562 3866 1898 3937 Scriptura:

239 3960 414 4016 Nemo
464 3960 607 4012 erret
637 3972 650 4010 :
680 3972 850 4011 nemo
897 3955 1140 4027 inquam
1173 3971 1366 4026 neque
1416 3972 1618 4011 eorum
1652 3955 1752 4026 qui
1795 3971 1903 4009 an-

241 4056 342 4105 tea
392 4047 650 4115 fuerunt,
689 4060 880 4117 neque
928 4061 1131 4100 eorum
1181 4045 1282 4116 qui
1330 4049 1534 4116 postea
1581 4047 1771 4100 erunt.
1805 4044 1907 4098 Est

239 4143 447 4195 autem
478 4135 650 4192 nobis
675 4135 957 4207 primum,
991 4133 1093 4205 qui
1125 4138 1389 4206 pastores
1419 4151 1648 4204 sumus,
1682 4149 1906 4188 navan-

237 4229 394 4284 dum
436 4224 662 4290 virtuti,
693 4224 1146 4296 docendumque
1198 4223 1460 4291 omnino,
1507 4224 1662 4295 quod
1713 4227 1802 4278 est
1848 4222 1907 4276 in

241 4315 477 4375 sanctis
526 4313 868 4385 Scripturis,
903 4329 1002 4369 eos
1046 4313 1146 4385 qui
1175 4312 1474 4368 Christum
1505 4313 1752 4385 ejusque
1783 4329 1910 4367 ser-

243 4421 461 4464 mones
509 4407 838 4459 reverenter
879 4401 1333 4472 observaveriut,
1385 4417 1504 4473 eos,
1538 4402 1803 4472 inquam,
1837 4401 1908 4456 ab

244 4495 462 4552 eodem
514 4493 744 4548 Christo
794 4491 1178 4561 conﬁtendos,
1212 4491 1597 4546 declarandos
1645 4495 1701 4546 et
1747 4507 1910 4546 coro-

245 4584 578 4653 nandos,ac
609 4580 795 4654 gloria
825 4580 1186 4652 sempiterna
1213 4597 1343 4636 esse
1373 4580 1782 4648 honorandos;
1810 4579 1910 4652 qui

245 4690 393 4732 eum
427 4687 666 4742 corpore
695 4674 754 4726 et
784 4668 996 4741 spiritu
1027 4669 1410 4737 honorarunt,
1445 4686 1620 4736 nunc,
1643 4669 1883 4741 inquam

241 4766 378 4837 jam
410 4759 611 4817 ﬁdeles
641 4764 818 4831 atque
840 4760 1159 4830 prudentes
1189 4758 1536 4827 declaratos,
1571 4759 1642 4814 ad
1678 4758 1911 4830 nuptias

253 4857 318 4908 et
348 4848 713 4905 immortales
761 4847 892 4904 illas
931 4847 1171 4903 delicias
1221 4847 1637 4916 admittendos,
1674 4853 1738 4902 ut
1779 4864 1914 4902 cum

250 4938 657 5015 pulcherrimo
709 4935 808 4991 illo
840 4953 1058 5008 sponso
1107 4936 1373 4991 Ecclesiae
1421 4938 1662 4992 Domino
1717 4941 1916 4993 nostro

249 5031 402 5087 Jesu
436 5027 666 5083 Christo
696 5042 930 5098 semper
961 5026 1079 5080 sint
1107 5051 1122 5095 ;
1153 5025 1247 5081 cui
1279 5027 1486 5093 honor,
1518 5029 1574 5082 et
1604 5026 1915 5098 imperium

253 5119 319 5174 in
353 5114 586 5172 saecula.
1489 5111 1493 5115 ’

853 5219 1196 5275 EPISTOLA
1236 5221 1332 5276 VI.

254 5329 538 5406 Ejusdem,
588 5329 662 5385 ad
707 5329 1145 5406 imperatorem,“
1171 5332 1231 5382 ut
1268 5327 1468 5399 jubeat
1532 5331 1792 5402 episcOpis
1843 5331 1924 5386 ire

825 5399 901 5456 ad
927 5415 1057 5455 suas
1083 5401 1356 5455 dioecesi-es.

336 5510 402 5566 Si
433 5509 610 5564 urbes
659 5507 720 5563 in
754 5506 988 5562 Oriente
1035 5506 1252 5561 vastari
1284 5510 1340 5561 et
1379 5506 1645 5562 funditus
1687 5507 1925 5564 interire

255 5601 406 5670 scis,
439 5599 595 5670 quod
630 5595 853 5653 malum
884 5597 1038 5653 Deus
1071 5599 1312 5664 avertat,
1345 5612 1449 5651 cur
1479 5613 1594 5651 non
1620 5597 1923 5670 jubes,qui

335 5782 382 5822 1⁷
413 5775 623 5839 Matth.
655 5791 760 5846 vn,
792 5775 884 5833 21.
963 5774 1007 5810 ίθ
1035 5771 1323 5848 Philippe.
1357 5790 1416 5848 n,
1447 5774 1534 5836 21.

2009 3440 2142 3478 vero
2171 3423 2279 3477 hac
2331 3423 2474 3478 urbe
2498 3422 2758 3492 judicem
2808 3438 2936 3476 esse
2965 3421 3304 3493 quicunque
3355 3419 3528 3488 velit;
3562 3435 3663 3474 ve-

2011 3528 2141 3566 rum
2175 3512 2223 3565 si
2275 3510 2422 3566 mihi
2465 3511 2675 3579 credis,
2710 3509 3154 3581 religiosissime
3200 3509 3542 3582 imperator,
3574 3508 3665 3564 fac

2013 3605 2077 3654 ut
2107 3600 2215 3655 hos
2264 3600 2461 3671 potius
2507 3599 2748 3654 tristitia
2793 3600 3036 3668 afficias,
3097 3615 3276 3671 quam
3324 3604 3532 3654 Deum.
3563 3597 3665 3652 Et-

2010 3689 2246 3758 enim,si
2287 3689 2523 3760 quando
2555 3688 2886 3755 alias,nunc
2917 3688 3172 3744 maxime
3193 3687 3498 3760 episcopos
3528 3702 3664 3742 cum

2011 3778 2289 3850 gregibus
2337 3778 2464 3833 suis
2513 3777 2663 3833 mori
2711 3782 3022 3848 oporteret.
3074 3778 3238 3841 Quod
3287 3777 3337 3832 si
3384 3775 3666 3847 nolueris,

2014 3873 2250 3940 propter
2299 3873 2463 3924 tuam
2497 3884 2635 3940 erga
2666 3883 2764 3923 eos
2814 3868 3218 3938 reverentiam,
3249 3883 3457 3939 cogere
3487 3871 3552 3921 ut
3582 3866 3669 3921 fa-

2014 3957 2174 4012 ciant
2202 3958 2359 4029 quod
2393 3958 2580 4012 facere
2629 3957 2862 4028 debent,
2896 3973 3002 4028 ego
3033 3960 3306 4028 suscepta
3343 3971 3544 4020 causa,
3575 3970 3672 4010 ve-

2014 4045 2126 4102 lint
2173 4046 2381 4112 nolint,
2413 4063 2483 4102 ex
2531 4047 2676 4102 urbe
2718 4045 2956 4118 pellam,
3005 4045 3365 4119 reddamque
3415 4041 3670 4101 audacia

2017 4135 2197 4206 hujus
2229 4136 2516 4192 rationem
2546 4135 2685 4192 Deo.

2591 4279 2941 4336 EPISTOLA
2978 4279 3098 4335 VII.

2079 4385 2355 4457 Ejusdem,
2388 4385 2460 4441 ad
2489 4385 2740 4442 eumdem
2769 4388 3182 4459 imperatorem,
3213 4384 3281 4440 de
3307 4384 3497 4441 eadem
3525 4399 3605 4440 re.

2091 4529 2148 4582 Si
2179 4544 2382 4584 verum
2413 4531 2504 4584 est
2533 4529 2689 4600 quod
2722 4530 2836 4584 dici
2867 4528 3017 4585 solet
3046 4529 3145 4602 qui
3177 4545 3412 4602 gregem
3440 4532 3674 4600 pastore

2023 4617 2231 4690 privat,
2292 4617 2527 4690 utrique
2579 4618 2906 4690 periculum
2945 4635 3162 4688 creare,
3195 4618 3454 4690 profecto
3501 4631 3677 4689 prave

1895 4696 1989 4780 ξι)
2021 4705 2380 4779 supplicium
2441 4712 2640 4763 manet
2695 4724 2830 4763 eum
2889 4708 2990 4779 qui
3046 4711 3340 4780 pastorem
3399 4709 3557 4762 arcet
3602 4704 3676 4761 ab

2025 4795 2160 4852 ovili
2190 4814 2204 4864 ;
2238 4797 2525 4868 debetque
2573 4797 2674 4868 qui
2703 4803 2904 4870 pastor
2951 4801 3059 4868 est,
3091 4813 3280 4869 usque
3317 4797 3392 4853 ad
3439 4793 3679 4867 sangui-

2027 4901 2161 4940 nem
2213 4902 2316 4957 pro
2367 4901 2542 4957 grege
2591 4886 2804 4941 Christi
2854 4903 2969 4942 non
3019 4886 3404 4959 relinquendo
3453 4884 3682 4940 labores

2028 4975 2303 5045 perferre,
2340 4974 2455 5029 nisi
2508 4991 2641 5029 cum
2674 4992 2823 5046 opus
2854 4975 3030 5031 fuerit
3066 4976 3125 5030 in
3157 4976 3378 5048 synodo
3430 4971 3683 5046 singulis

2029 5063 2202 5118 annis
2231 5063 2304 5118 ad
2354 5063 2649 5135 agendum
2681 5065 2752 5119 de
2781 5064 2957 5119 rebus
3005 5063 3354 5120 necessariis
3384 5061 3685 5136 paulisper

2030 5153 2256 5207 abesse.
2292 5151 2514 5215 Quibus
2561 5151 2873 5220 conclusis,
2907 5153 3172 5208 celeriter
3201 5153 3566 5208 redeundum
3597 5150 3683 5206 illi

2031 5241 2126 5308 sit,
2162 5242 2210 5296 si
2261 5241 2446 5296 credit
2475 5259 2537 5296 se
2569 5242 2936 5298 redditurum
2984 5241 3269 5298 rationem
3311 5258 3546 5297 summo
3577 5257 3679 5314 pa-

2032 5331 2173 5387 stori
2205 5329 2456 5398 Christo,
2489 5336 2546 5387 et
2595 5333 2644 5387 si
2694 5332 2912 5403 dignus
2959 5336 3048 5388 est
3094 5331 3331 5387 nomine
3377 5330 3682 5403 pastoris:

2033 5419 2147 5474 nisi
2181 5420 2324 5475 forte
2373 5417 2549 5474 etiam
2580 5426 2818 5493 pr0pter
2866 5421 3298 5489 necessitatem,
3332 5421 3402 5475 ad
3457 5418 3688 5475 utilita-

2034 5512 2154 5564 tem
2209 5508 2542 5564 animarum
2578 5509 2986 5580 pertinentem,
3023 5509 3095 5564 ab
3149 5509 3500 5581 imperatore
3531 5512 3635 5563 aut
3658 5523 3694 5562 a

2038 5596 2376 5670 patriarcha
2404 5597 2609 5654 statim
2634 5598 2970 5654 redditurus
2991 5599 3420 5666 vocetur.Quod
3452 5596 3503 5654 si
3524 5595 3694 5654 aliter
