4132 6450
386 456 503 518 534
1653 456 2080 518 NICEPHORI
2124 455 2567 518 BLEMMIDE
3694 458 3818 521 532

385 588 577 657 nensi,
611 588 669 644 in
703 604 823 661 qua
842 588 1018 644 etiam
1050 588 1341 662 reperitur
1370 584 1540 663 λόγος
1570 588 1693 665 περὶ
1723 591 1823 657 τῆς
1860 587 2015 663 ἁγίας

2185 585 2297 660 δος,
2340 606 2453 661 que
2485 589 2869 645 madmodum
2904 587 3391 663 Ingnlstadiensis
3422 593 3480 645 et
3528 589 3816 648 Vaticana

387 678 608 735 habent
637 678 765 749 ejus
803 680 1128 735 Encomium
1156 680 1214 733 in
1246 679 1301 734 S.
1334 680 1605 735 Joannem
1653 680 2070 750 evangelzstam,
2104 683 2162 733 et
2180 674 2383 752 λόγους
2417 685 2494 734 De
2523 681 2715 735 anima
2761 686 2815 735 et
2852 696 3094 752 corpore,
3127 684 3303 751 atque
3335 680 3408 734 De
3447 679 3577 751 ﬁde,
3609 680 3820 737 virtute

392 785 457 825 ac
478 768 753 837 religione
771 767 1077 840 opuscula.
1110 768 1175 823 In
1205 768 1643 824 Vindobonensi
1675 774 1953 840 praeterea
1975 786 2024 822 SI

2181 766 2275 843 περὶ
2309 766 2486 843 οὔρων
2544 766 2761 840 ποίημα
2792 772 2887 822 τοῦ
2948 767 3286 844 λογιωτάτου
3344 766 3434 822 καὶ
3493 768 3813 846 σοφωτάτου

390 853 729 929 Βλεμμίδου·
762 858 970 929 incipit
1002 875 1015 913 :
1046 860 1162 910 Τῶν
1193 855 1425 911 ἀσθενῶν
1463 855 1615 911 ὑὲλια
1648 856 1783 929 μάθε
1843 854 2210 934 τφισκαίδεκα·
2275 862 2404 913 tum
2432 857 2557 933 περὶ
2615 856 2883 929 αἱμάτων,
2944 860 3065 914 sive
3117 857 3293 911 κανὼν
3357 856 3433 919 εἷς
3460 858 3555 919 τὰς
3604 858 3813 933 κρίσεις

390 945 499 999 τῶν
531 941 776 1018 αἱμάτων
808 946 907 1014 τῆς
965 939 1336 1023 φλεϐοτομίαις
1362 948 1470 999 τῶν
1506 946 1741 1009 ἀσθενῶν
1777 948 1927 1019 (quae
1957 948 2022 1001 dt

2188 947 2395 1002 erina
2450 948 2509 1002 in
2552 948 2665 1003 alio
2722 949 2920 1004 codice
2974 948 3323 1003 tribuuntur
3378 949 3630 1004 Maximo
3692 949 3820 1004 Pla-

394 1036 608 1103 nudaa).
663 1035 808 1091 Vide
839 1035 1228 1105 Lambetium,
1264 1035 1366 1091 lib.
1425 1054 1482 1091 v1
1513 1037 1686 1108 [ραι-ι.
1720 1054 1781 1103 11,
1810 1054 1864 1108 p.
1896 1037 2022 1103 249,

2274 1036 2556 1092 Praeterea
2616 1032 2821 1106 εἷ’δησις
2861 1040 2967 1090 τῶν
3028 1035 3283 1113 ἰατρικῶν
3337 1035 3570 1113 μέτρων,
3603 1042 3661 1093 et
3691 1044 3818 1092 Δια-

391 1123 620 1200 γνώσεις
677 1122 767 1177 καὶ
825 1128 1101 1197 θεραπεῖαι
1153 1127 1261 1178 τῶν
1332 1123 1653 1199 ἀνθρώπων.
1714 1126 1978 1197 Denique

2190 1125 2495 1197 raphicum
2539 1125 2663 1201 περὶ
2723 1125 2990 1196 οἰκήσεων
3053 1125 3408 1199 opusculum
3468 1126 3822 1205 Γεωγραφίαν

396 1212 757 1281 συνοοπτικὴν
787 1218 955 1269 vocat
984 1213 1313 1269 Salmasius
1344 1230 1476 1286 pag.
1507 1216 1618 1267 276
1649 1215 1829 1286 Epist.
1892 1216 2420 1270 Demonstrationem
2473 1216 2624 1286 quod
2680 1216 2984 1271 individuis
3030 1219 3147 1271 vita
3204 1233 3318 1272 non
3375 1217 3450 1271 sit
3513 1217 3820 1288 prceﬁnita,

396 1307 686 1359 memorat
732 1303 793 1358 in
822 1304 1112 1375 Apparatu
1166 1303 1536 1359 Possevinus.
1598 1303 1744 1359 Vide
1795 1307 1852 1359 et
1893 1303 2070 1371 infra,
2119 1303 2451 1375 Nicephorus
2511 1304 2801 1360 Monachus
2854 1305 3058 1377 (FABR)
3119 1304 3505 1377 Reliquorum
3561 1322 3824 1378 opuscu-

396 1390 592 1448 lorum
623 1392 789 1447 codd.
823 1391 883 1447 h.
917 1391 957 1449 1.
991 1391 1168 1447 simul
1199 1392 1490 1448 indicabo.
1522 1393 1585 1447 In
1617 1392 1762 1448 bibl.
1796 1393 2007 1448 Cazsar.
2040 1392 2291 1449 Vindob.
2345 1396 2576 1449 exstant
2613 1412 2626 1449 :
2660 1394 2719 1449 in
2749 1395 2852 1449 cod
2884 1396 2975 1464 20,
3036 1412 3093 1449 n.
3125 1395 3181 1464 2,
3236 1393 3525 1467 opuscula
3571 1399 3829 1468 quatuor

399 1480 647 1548 medica,
679 1499 714 1537 a
743 1481 909 1537 Fabr.
942 1483 1115 1538 modo
1146 1484 1337 1538 Greece
1387 1481 1732 1555 designata:
1767 1482 1821 1553 1)
1850 1482 2072 1537 Notitia
2114 1498 2531 1537 mensurarum
2594 1482 2957 1538 medicarum
2990 1500 3003 1551 ;
3036 1483 3093 1554 2)
3124 1484 3433 1539 Canticum
3494 1500 3542 1539 s.
3585 1500 3826 1540 carmen

404 1570 477 1627 de
494 1571 819 1642 judicando
840 1572 913 1627 de
942 1571 1227 1643 sanguine
1260 1570 1670 1643 phlebotomia
1704 1575 2057 1653 agrotprum
2093 1589 2106 1639 ;
2138 1572 2193 1642 3)
2224 1572 2531 1628 Canticum
2561 1571 2634 1627 de
2690 1571 2878 1627 urinis
2935 1576 3286 1643 aegrotorum
3321 1589 3334 1641 ;
3368 1573 3422 1645 4)
3451 1572 3828 1645 Cognitiones

407 1663 466 1717 et
489 1660 821 1716 curationes
846 1661 1189 1716 morborum
1216 1660 1615 1717 humanorum
1647 1661 1708 1716 in
1742 1661 1845 1716 130
1874 1660 2093 1716 divisae.
2153 1661 2449 1732 (Lambec.
2490 1662 2586 1716 VI.
2640 1665 2790 1733 part.
2846 1678 2909 1732 ιι,
2968 1677 3100 1733 pag.
3132 1661 3239 1716 249
3267 1662 3418 1733 seq.)
3448 1660 3686 1718 Cantica
3740 1666 3829 1719 ta-

405 1764 540 1804 men
578 1766 640 1805 n.
676 1749 713 1803 2
752 1753 808 1804 et
836 1750 870 1804 3
900 1749 960 1803 in
1007 1750 1114 1805 cod
1145 1751 1354 1806 Caesar.
1392 1750 1568 1805 Vind.
1600 1751 1728 1819 269,
1774 1768 1836 1805 ιι.
1867 1751 1923 1819 9,
1954 1750 2299 1805 tribuuntur
2352 1750 2602 1806 Maximo
2650 1749 2947 1820 Planudae,
3004 1754 3155 1806 teste
3207 1750 3475 1806 Lambec.
3534 1750 3604 1818 V,
3636 1768 3693 1824 p.
3724 1753 3831 1809 450

403 1838 620 1895 Eadem
650 1853 782 1894 vero
811 1839 927 1894 duo
958 1855 1161 1911 opusc.
1205 1845 1285 1896 De
1311 1839 1494 1895 urinis
1530 1843 1588 1894 et
1615 1840 1691 1894 De
1738 1841 2008 1908 sanguine
2067 1839 2456 1910 phlebotomiae
2506 1838 2631 1894 Nic.
2690 1838 2938 1895 Blemm.
2998 1838 3344 1896 tribuuntur
3393 1840 3455 1894 in
3500 1840 3674 1898 codd.
3739 1842 3831 1898 40.

405 1945 468 1983 ιι.
498 1930 553 1996 5,
587 1932 647 1983 et
674 1928 764 1995 42,
793 1930 925 1983 n.2.
953 1927 1018 1984 V.
1065 1929 1330 1985 Lambec.
1363 1927 1460 1997 Vl,
1494 1944 1626 2001 pag.
1660 1929 1766 1983 355
1795 1932 1852 1984 et
1880 1929 2003 1983 359.
2036 1959 2107 1970 -ο
2137 1930 2198 1984 In
2261 1928 2465 1984 eadem
2528 1927 2669 1985 bibl.
2730 1929 2871 1984 Caes.
2931 1929 3057 1984 cod.
3094 1930 3184 1998 42,
3246 1946 3304 1984 n.
3339 1930 3427 1987 19.
3458 1933 3650 1985 exstat
3704 1930 3830 1986 Nic.

405 2016 650 2073 Blemm.
710 2020 1101 2089 Fragmentum
1148 2018 1592 2090 geographicum.
1652 2018 1947 2086 (Lambec.
1999 2017 2126 2085 VII,
2183 2034 2240 2089 p.
2301 2018 2451 2089 479.)
2511 2018 2873 2091 Geographie;
2948 2018 3332 2090 compendium
3388 2022 3479 2075 est
3540 2020 3601 2074 in
3659 2019 3828 2076 codd.

406 2104 551 2162 bibl.
585 2106 826 2161 Taurin.
859 2108 965 2161 232
994 2112 1053 2162 et
1077 2108 1184 2162 244
1206 2108 1352 2179 (Cat.
1386 2108 1555 2162 codd.
1592 2110 1690 2163 Gr.
1729 2124 1781 2179 p.
1804 2108 1911 2161 318
1942 2110 1999 2162 et
2027 2107 2175 2175 373).
2211 2138 2272 2147 —
2308 2106 2644 2177 Mediolani,
2676 2107 2734 2162 in
2767 2106 2910 2162 bibl.
2967 2107 3377 2176 Ambrosiana,
3437 2113 3585 2163 teste
3642 2108 3831 2164 Mont-

409 2196 567 2262 fauc,
599 2195 660 2250 in
685 2198 886 2252 Diario
923 2198 1048 2253 Ital.
1084 2214 1141 2269 p.
1177 2198 1263 2251 14.
1300 2227 1370 2237 ——
1427 2197 1670 2265 Matriti,
1704 2196 1763 2251 in
1822 2196 1963 2252 bibl.
2026 2198 2224 2252 Escor.
2260 2196 2598 2268 Geographie
2643 2197 3053 2267 compendiaria
3075 2214 3098 2259 ;
3152 2198 3294 2253 ordo
3316 2202 3373 2252 et
3429 2213 3616 2253 canon
3672 2197 3734 2253 in
3766 2198 3833 2253 13

413 2284 611 2357 signa,
641 2301 770 2357 qua:
796 2285 1073 2341 videntur
1101 2285 1160 2340 in
1192 2286 1450 2341 hominis
1500 2285 1950 2357 azgritudinibus
1984 2303 1997 2351 ;
2032 2290 2089 2341 et
2118 2286 2190 2341 de
2248 2286 2681 2358 cognitionibus
2721 2285 2977 2353 illarum,
3012 2285 3265 2342 maxime
3295 2286 3366 2341 de
3391 2285 3632 2342 illarum
3662 2303 3851 2342 cura—-

424 2371 607 2441 tione,
651 2377 890 2429 auctore
935 2373 1168 2446 Pluero,
1227 2376 1271 2430 Ι.
1306 2375 1403 2430 cit.
1449 2405 1521 2415 --
1572 2377 1637 2431 1n
1706 2374 1834 2430 cod.
1889 2374 2038 2430 bibl.
2091 2375 2277 2430 Paris.
2330 2376 2490 2442 1414,
2546 2376 2893 2446 (secundum
2954 2380 3250 2431 auctorem
3309 2378 3431 2431 Cat.
3465 2376 3634 2431 codd.
3665 2392 3727 2447 II,
3783 2391 3843 2447 p.

415 2461 569 2535 346.)
602 2461 654 2535 1)
683 2462 811 2520 Nic.
840 2462 1090 2519 Blemm.
1122 2464 1504 2537 Geographie;
1535 2463 1973 2536 compendium,
1999 2463 2119 2519 sive
2150 2464 2345 2536 potius
2376 2464 2634 2536 Dionysii
2667 2464 3044 2520 Alexandrini
3071 2464 3242 2521 Orbis
3279 2464 3619 2537 Descriptio,
3652 2463 3847 2520 soluta

422 2551 684 2607 oratione
723 2551 1027 2625 explicata.
1054 2554 1113 2622 2)
1139 2554 1404 2624 ejusdem
1429 2552 1587 2609 aliud
1620 2553 2072 2625 Compendium,
2111 2553 2209 2609 ubi
2234 2554 2305 2608 de
2327 2558 2501 2621 terra,
2547 2553 2708 2609 illius
2748 2553 3155 2626 magnitudine
3193 2558 3250 2609 et
3278 2552 3616 2610 climatibus
3654 2553 3845 2610 disse-

417 2641 772 2714 riturzopus
795 2643 917 2716 regi
959 2643 1193 2698 cuidam
1229 2643 1552 2699 orthodoxa
1600 2642 2158 2715 inscriptum.-—In
2193 2642 2336 2697 bibl.
2380 2641 2617 2698 Coislin.
2680 2643 2806 2712 388,
2853 2642 2975 2700 Nic.
3034 2641 3281 2699 Blemm.
3333 2642 3624 2714 Geograﬁa
3678 2658 3850 2715 syno-

406 2732 584 2804 ptiea.
616 2732 725 2788 Sed
752 2733 1149 2800 Montfaucon,
1174 2733 1234 2788 in
1276 2733 1421 2788 Bibl.
1480 2731 1653 2789 Coisl.
1688 2750 1741 2805 p.
1776 2733 1900 2788 599.
1931 2753 1960 2782 «
1999 2731 2151 2801 Hec,
2219 2731 2303 2787 ait
2346 2732 2713 2804 Geographie
2765 2732 2837 2787 ab
2891 2731 3131 2787 homine
3189 2732 3461 2804 imperito
3505 2736 3563 2789 et
3615 2731 3847 2788 insulso

417 2820 713 2893 descripta
732 2821 864 2891 fuit,
904 2838 971 2877 ac
1025 2821 1120 2877 vix
1179 2822 1437 2889 credam,
1478 2838 1608 2877 esse
1651 2821 1777 2876 Nic.
1830 2819 2129 2890 Blemidee,
2171 2820 2303 2889 viri,
2350 2825 2415 2875 ut
2448 2838 2556 2876 sua
2599 2824 2786 2885 aetate,
2846 2820 3020 2876 docti.
3077 2820 3181 2876 Hic
3238 2819 3527 2891 regiones,
3576 2820 3848 2888 ﬂumina,

420 2911 619 2981 urbes,
643 2927 760 2967 non
810 2910 1014 2983 quales
1055 2915 1222 2967 erant
1262 2915 1320 2967 et
1344 2912 1707 2967 vocabantur
1734 2915 1996 2981 tempore
2017 2910 2345 2982 scriptoris,
2390 2911 2491 2966 sed
2523 2910 2729 2982 quales
2772 2926 2843 2965 ex
2886 2909 3307 2966 vetustioribus
3335 2910 3689 2982 geographia
3715 2925 3855 2983 per-

420 3017 624 3073 peram
668 3004 725 3057 et
744 2999 979 3057 indocte
1000 2990 1419 3057 consarcinata
1444 3005 1604 3067 sunt,
1647 3004 2161 3073 repraesentantur.
2188 2999 2397 3055 »Gcetz
2437 3004 2634 3054 tamen
2695 2999 2754 3053 in
2821 3000 2973 3054 Men.
3046 2999 3188 3054 bibl.
3261 2999 3629 3055 Dresdensis.
3681 2999 3752 3068 II,
3789 3016 3849 3071 p.

422 3090 530 3145 394
564 3089 648 3146 ait
679 3093 856 3162 caput
893 3090 1147 3163 physicas
1186 3090 1474 3163 epitomes
1531 3086 1898 3145 tricesimum
1923 3088 2271 3161 inWegeIin.
2295 3088 2434 3144 edit.
2467 3104 2638 3161 agere
2667 3086 2792 3163 περὶ
2824 3086 3116 3159 οἰκήσεων,
3158 3088 3316 3160 quod
3357 3088 3524 3144 Fabr.
3569 3092 3853 3158 tanquam

427 3177 781 3250 opusculum
808 3179 1268 3252 geographicum
1290 3196 1357 3235 ex
1398 3179 1709 3237 Lambecio
1762 3178 2176 3234 landasset.—
2208 3179 2270 3233 In
2310 3178 2437 3233 cod.
2470 3176 2708 3233 Coislin.
2756 3179 2883 3244 208,
2926 3176 3115 3232 Scolia
3180 3176 3420 3248 Niceph.
3484 3176 3731 3233 Blemm.
3791 3178 3854 3233 in

431 3266 572 3325 Odas
600 3269 772 3324 Mosi:
800 3270 851 3323 et
878 3269 1147 3339 aliorum,
1175 3285 1307 3323 cum
1334 3269 1678 3341 paraphrasi
1717 3272 1774 3324 et
1817 3284 1996 3323 manu
2025 3266 2289 3323 Tinerilli
2332 3283 2447 3322 scr.
2489 3283 2627 3322 ann.
2680 3267 2754 3322 ab
2800 3266 3205 3323 Incarnatione
3244 3267 3401 3321 1656.
3453 3268 3508 3321 V.
3557 3267 3854 3323 Monfauc.

429 3354 583 3411 Bibl.
614 3355 1099 3428 Cozsl.p.267.—
1136 3356 1461 3427 Florentiae,
1527 3356 1587 3411 in
1645 3356 1773 3411 cod.
1818 3357 1985 3412 Laur.
2027 3355 2234 3411 Medic.
2294 3359 2439 3411 orat.
2486 3356 2561 3410 De
2606 3372 2797 3427 regno,
2853 3355 3122 3427 (Bandin.
3177 3358 3230 3421 1,
3268 3373 3323 3427 p.
3388 3356 3511 3424 121,
3566 3373 3626 3411 n.
3668 3354 3760 3427 31)
3800 3358 3862 3411 et

428 3443 567 3501 libel
612 3446 690 3501 De
715 3445 821 3516 ﬁde
849 3445 921 3501 ad
950 3446 1244 3503 monachos
1289 3447 1621 3502 monasterii
1666 3463 1702 3501 a
1746 3462 1806 3502 se
1850 3448 2132 3502 exstructi.
2191 3444 2462 3517 (Bandin.
2517 3444 2615 3512 Ill,
2651 3461 2708 3517 p.
2761 3445 2888 3514 399,
2939 3445 3069 3500 cod.
3109 3445 3196 3499 16.
3240 3443 3390 3516 plut.
3430 3444 3523 3515 87,
3546 3462 3604 3499 n.
3653 3444 3861 3516 17.)—

431 3534 497 3589 In
517 3533 850 3607 bibl.publ.
884 3535 1068 3591 Paris.
1094 3540 1241 3592 orat.
1286 3536 1362 3590 De
1392 3535 1643 3592 custodia
1697 3534 1893 3602 cordis,
1937 3535 1997 3591 in
2041 3534 2211 3590 codd.
2256 3533 2415 3602 1091,
2460 3550 2518 3588 n.
2555 3535 2653 3600 11;
2700 3532 2860 3599 1404,
2890 3550 2949 3589 n.
2992 3533 3118 3601 41.;
3174 3532 3337 3602 4445,
3402 3551 3457 3589 ο.
3490 3534 3543 3589 4.
3574 3563 3645 3573 -
3695 3532 3858 3603 Orat,

427 3624 492 3680 in
522 3623 744 3679 laudem
772 3623 829 3680 S.
859 3626 1090 3681 Joannis
1117 3625 1392 3699 Theologi,
1436 3625 1498 3681 in
1542 3625 1710 3681 codd.
1752 3626 1999 3691 4225,n.
2036 3626 2079 3679 1.
2114 3655 2178 3665 -
2233 3624 2352 3680 Vita
2398 3623 2565 3677 Pauli
2623 3624 2923 3694 Latrensis,
2957 3622 3018 3678 in
3063 3623 3191 3679 cod.
3244 3622 3405 3694 1495,
3450 3639 3509 3679 n.
3547 3622 3633 3679 19.
3671 3654 3732 3664 -—
3781 3623 3862 3679 De

428 3711 613 3767 animi
628 3711 1007 3786 facultatibus,
1038 3712 1099 3769 in
1122 3714 1250 3769 cod.
1288 3715 1444 3781 1999,
1468 3731 1527 3769 n.
1550 3715 1604 3768 3.
1634 3743 1701 3756 —
1728 3718 1806 3769 De
1833 3712 1963 3769 caelo
1990 3716 2044 3768 et
2073 3711 2216 3784 quod
2242 3710 2481 3766 mundus
2508 3711 2583 3766 sit
2610 3714 2874 3777 aeternus,
2908 3709 3088 3782 (quod
3138 3713 3227 3766 est
3264 3725 3392 3783 cap.
3427 3711 3500 3765 24
3547 3710 3650 3766 lib.
3706 3709 3861 3783 phy-

433 3799 567 3872 sic.)
587 3800 648 3855 in
687 3802 892 3857 codem
950 3803 1077 3859 cod.
1118 3807 1215 3869 ;et
1254 3802 1315 3859 in
1363 3803 1533 3859 codd.
1578 3803 1741 3870 2999,
1784 3819 1851 3858 ac
1889 3820 1948 3858 n.
2000 3802 2055 3858 4.
2102 3803 2179 3857 De
2222 3816 2393 3858 vacuo
2435 3800 2515 3872 (b.
2575 3816 2626 3854 e.
2677 3815 2805 3871 cap.
2843 3800 2915 3853 50
2960 3798 3153 3870 ejusd.
3217 3798 3429 3872 operis)
3474 3803 3535 3855 et
3586 3798 3648 3854 in
3694 3799 3863 3869 2100,

334 3914 363 3961 μ
428 3906 499 3945 ιι.
521 3889 576 3945 5.
604 3891 682 3945 De
704 3893 856 3960 caelo,
916 3890 1055 3953 sole.
1090 3893 1243 3960 luna,
1266 3892 1544 3948 sideribus
1569 3900 1625 3947 et
1652 3893 1845 3948 diebus
1874 3923 1941 3933 —
1988 3890 2203 3958 Opusc.
2240 3890 2311 3945 ab
2336 3888 2469 3945 aliis
2526 3888 2780 3943 Maximo
2830 3887 3144 3960 tributum)
3202 3889 3278 3944 De
3329 3888 3534 3954 urinis,
3588 3888 3648 3944 in
3688 3888 3862 3944 codd.

434 3979 600 4045 2220,
628 3980 765 4034 n.6.
800 3980 1051 4047 -2303,
1094 3998 1153 4035 n.
1188 3981 1258 4047 3;
1312 3981 1476 4051 2315,
1528 3981 1684 4050 n.5;
1723 3982 1886 4047 2671,
1928 3997 1987 4035 n.
2021 3982 2075 4035 6.
2121 4010 2191 4020 —-
2229 3980 2307 4034 De
2347 3979 2480 4033 auri
2521 3976 2846 4047 conﬁciendi
2887 3978 3103 4032 ratione
3186 3976 3247 4031 in
3287 3977 3418 4047 cod,
3460 3977 3621 4032 2529.
3664 3994 3725 4032 n.
3773 3976 3868 4033 10.

439 4082 507 4124 ac
526 4068 689 4139 2509,
714 4069 844 4139 n.9,
878 4086 1012 4124 cum
1037 4068 1299 4125 scholliis
1323 4069 1609 4143 marginis
1667 4069 1960 4141 adjectis;
1999 4100 2062 4110 -—
2109 4067 2397 4127 Methodus
2449 4066 2778 4123 inveniendi
2832 4066 3136 4135 Paschalis,
3187 4065 3247 4121 in
3306 4066 3433 4122 cod.
3481 4066 3643 4137 1050,
3684 4082 3744 4121 n.
3805 4066 3864 4122 4.

438 4174 497 4228 p.
526 4156 654 4227 199,
685 4161 831 4215 tom.
857 4159 926 4228 II,
960 4157 1131 4213 catal.
1156 4190 1226 4199 —
1248 4159 1311 4214 In
1334 4158 1479 4214 bibl.
1512 4163 1651 4231 Reg.
1685 4158 2058 4227 Taurinensi,
2091 4158 2279 4213 Serm.
2306 4157 2373 4212 de
2394 4156 2598 4212 animm
2633 4157 2954 4211 necessitate
3002 4164 3057 4210 et
3087 4154 3153 4209 de
3178 4154 3492 4223 cognitione
3541 4153 3865 4223 hominum,

438 4244 500 4301 in
537 4246 666 4302 cod.
698 4246 1103 4319 334,quorum
1131 4249 1383 4303 duorum
1441 4247 1780 4320 opusculor,
1823 4263 2012 4319 neque
2060 4246 2282 4302 Caveus
2337 4245 2476 4301 facit
2532 4243 2916 4312 mentionem,
2958 4259 3148 4315 neque
3208 4242 3532 4311 Fabricius,
3571 4243 3628 4300 ν.
3677 4242 3865 4299 Catal.

438 4335 608 4391 codd.
641 4339 704 4392 G.
728 4337 905 4392 Taur.
940 4352 1073 4409 pag.
1098 4337 1201 4391 414
1231 4341 1298 4393 ut
1344 4337 1471 4393 445.
1503 4367 1573 4380 -
1606 4338 1670 4393 In
1716 4337 1843 4393 cod.
1872 4335 2089 4392 Matrit.
2147 4336 2239 4402 59,
2288 4352 2360 4391 ex
2405 4337 2551 4390 orat.
2615 4334 2741 4388 Nic.
2785 4333 3032 4388 Blemm.
3093 4332 3166 4388 ad
3207 4331 3529 4387 monachos
3567 4331 3874 4388 instruen-

437 4423 567 4493 dos,
605 4424 727 4480 sive
757 4441 828 4481 ex
868 4425 997 4496 ejus
1023 4425 1239 4498 typico,
1273 4429 1420 4481 orat.
1464 4426 1537 4481 De
1561 4425 1669 4488 ride
1700 4441 1835 4480 cum
1895 4423 2116 4495 duplici
2178 4422 2419 4494 scholia,
2461 4426 2519 4477 et
2574 4423 2649 4478 De
2702 4423 3042 4493 virtutatque
3082 4422 3502 4478 exercitatione.
3541 4422 3598 4477 V.
3638 4419 3872 4492 Iriarte,

439 4516 484 4568 Ι.
515 4529 565 4569 c.
590 4530 648 4586 p.
700 4514 825 4571 499.
859 4544 929 4554 ——
958 4514 1021 4569 In
1063 4515 1232 4570 codd.
1278 4513 1561 4572 Escorial.
1613 4515 1686 4569 De
1733 4513 1860 4584 ﬁde,
1896 4529 2031 4568 cum
2071 4512 2248 4567 variis
2273 4530 2287 4581 ;
2312 4518 2387 4568 De
2425 4513 2648 4567 nomine
2687 4517 2741 4565 et
2788 4512 2989 4578 verbo;
3038 4510 3464 4569 Inlroductoriae
3513 4510 3575 4565 in
3623 4510 3872 4568 Aristot.

436 4602 765 4674 Physicamt
784 4602 1082 4675 Epitomes
1104 4603 1253 4659 liber
1280 4620 1375 4669 xv,
1400 4597 1727 4669 secundus,
1768 4606 1917 4657 teste
1954 4601 2226 4657 Pluerol.
2275 4601 2465 4656 cit.———
2507 4599 2819 4671 Monachii,
2865 4600 2926 4654 in
2974 4598 3119 4655 bibl.
3179 4599 3411 4655 elector.
3468 4600 3674 4655 Bavar.
3735 4600 3873 4656 cod.

438 4690 566 4747 408.
597 4691 724 4747 Nic.
744 4691 996 4747 Blemm.
1044 4693 1377 4748 encomium
1407 4693 1467 4747 in
1512 4692 1800 4747 Joannem
1843 4690 2265 4763 evangelistam
2303 4707 2316 4755 ;
2350 4689 2535 4745 oratio
2565 4690 2641 4744 De
2669 4691 2907 4751 anima;
2930 4704 3015 4743 or.
3038 4690 3114 4744 De
3141 4703 3373 4760 corpore
3399 4705 3412 4757 ;
3470 4689 3881 4746 Enarrationes

438 4781 502 4836 in
531 4781 742 4853 aliquot
787 4781 1070 4853 psalmos;
1121 4786 1198 4838 De
1242 4782 1381 4854 ﬁde;
1412 4782 1487 4837 De
1533 4783 1738 4836 virtute
1769 4784 1824 4835 et
1890 4782 2005 4835 vita
2052 4779 2427 4850 religiosa.—
2458 4777 2522 4833 In
2567 4779 2696 4833 cod.
2730 4778 2854 4832 452.
2904 4776 3027 4832 Nic.
3059 4778 3135 4832 De
3180 4776 3315 4833 caelo
3376 4780 3511 4846 (cat.
3572 4777 3743 4832 codd.
3774 4793 3873 4849 gr,

439 4888 498 4943 p.
530 4870 600 4924 42
629 4875 686 4926 et
709 4869 829 4943 60.)
858 4870 1003 4926 Add.
1027 4887 1209 4942 supra
1233 4871 1349 4927 vol.
1377 4870 1626 4941 IV,pag.
1676 4870 1804 4940 206,
1851 4869 1962 4924 sub
1993 4868 2095 4924 ﬁn.
2129 4872 2265 4939 etp.
2309 4868 2435 4934 220,
2467 4870 2525 4921 et
2560 4866 2734 4937 infra,
2750 4865 2862 4921 vol.
2896 4865 3023 4933 XII,
3064 4865 3165 4921 ubi
3191 4866 3264 4921 de
3290 4864 3535 4922 medicis
3564 4868 3623 4921 et
3646 4865 3877 4922 chemi-

442 4956 528 5014 cis
553 4958 767 5032 agitur,
785 4964 922 5029 etc.,
948 4962 1007 5016 et
1028 4958 1242 5025 Koliar,
1268 4959 1328 5015 in
1360 4960 1663 5031 Supplem.
1698 4958 1772 5014 ad
1796 4957 2090 5014 Lambecii
2110 4972 2324 5013 comm.
2358 4971 2493 5028 pag.
2524 4955 2632 5010 663
2654 4971 2780 5027 seq.
2812 4954 3044 5028 (Hann)

441 5190 573 5275 cod,
596 5191 741 5276 bibl.
775 5192 940 5275 pubi:
972 5192 1159 5248 Paris.
1194 5192 1300 5273 155
1343 5192 1428 5263 (in
1464 5207 1592 5320 lquo
1644 5191 1822 5246 etiam
1874 5191 2098 5272 Comm.
2215 5190 2374 5244 idem
2405 5186 2791 5270 commentam
2820 5186 3111 5270 Psalmos.
3143 5186 3222 5269 ν..
3243 5191 3363 5242 Cat.
3399 5187 3574 5270 codd._
3602 5185 3714 5270 Gr.
3736 5202 3880 5260 pag.

441 5279 503 5318 in
535 5262 759 5319 Cantica
787 5272 1152 5320 canticorum.
1210 5265 1400 5318 eidem
1517 5263 1793 5320 lcenhoro
1853 5264 2105 5316 attribu-
2211 5263 2339 5317 214.
2372 5290 2442 5300 ——
2471 5261 2556 5315 Ib.
2594 5277 2652 5315 1n
2684 5261 2973 5320 cod.130.
3026 5260 3149 5314 Νιο.
3208 5263 3616 5320 Interpretatio
3671 5258 3880 5315 tltulo-

438 5264 503 5318 in
535 5258 1152 5329 Cantica-canticorum,
1210 5258 1400 5318 eidem
1464 5258 1793 5334 Nicephoro
1853 5263 2105 5316 attribu-
2211 5263 2339 5317 214.
2372 5261 2556 5334 :—l_b.
2594 5261 2652 5315 in
2684 5261 2813 5314 cod.
2848 5261 2973 5329 130,
3026 5258 3149 5334 Nic.
3208 5258 3616 5334 interpretatio
3671 5258 3885 5334 titulo-

436 5335 581 5407 tus.)
612 5366 679 5376 —
711 5336 773 5389 In
805 5336 934 5407 cod.
968 5337 1076 5390 810
1107 5336 1188 5407 (in
1209 5334 1427 5391 Psalm.
1453 5352 1563 5407 Ifx,
1601 5330 1715 5402 xiv,
1773 5352 1823 5400 L,
1877 5338 2099 5400 Lxxm.)
2212 5350 2345 5407 rum
2379 5331 2773 5407 Psalmorum,
2797 5337 2856 5386 et
2888 5348 3068 5407 quam
3087 5330 3163 5407 _ob
3197 5330 3439 5386 causam
3481 5331 3680 5407 dictus
3738 5331 3885 5403 qui-

435 5435 506 5459 —
534 5402 591 5459 in
615 5407 784 5461 codd.
816 5406 959 5461 2099
991 5411 1051 5463 et
1079 5402 1247 5475 2100,
1280 5407 1341 5460 in
1366 5406 1669 5461 Psalmum
1721 5423 1845 5476 vm,
1882 5423 2098 5460 comm.
2211 5405 2357 5459 libet
2380 5403 2572 5472 fuerit,
2606 5420 2785 5473 quam
2819 5420 2853 5458 a
2901 5402 3236 5476 Nicephoro
3287 5402 3715 5458 commentario
3766 5419 3883 5458 suo

437 5476 631 5549 etiam,
667 5479 971 5543 subjectus
1030 5484 1120 5533 est
1167 5473 1335 5549 capp.
1382 5479 1673 5549 physices.
1727 5508 1796 5517 -
1830 5473 1917 5531 ’1ο
1970 5479 2096 5532 cod.
2212 5475 3138 5549 Psalmorumforleprznniissam
3158 5473 3692 5549 fuissesuspicatur
3713 5480 3881 5549 auct.

438 5548 718 5603 Escorial.
757 5549 1050 5620 Expositio
1093 5551 1152 5603 in
1206 5544 1353 5605 illud
1382 5544 1744 5621 'Psalmogr.
1779 5550 1993 5621 Lunam
2053 5551 2105 5603 et
2214 5547 2388 5603 cata].
2425 5562 2604 5621 mem.
2667 5544 2876 5621 p_._230.
2907 5576 2973 5621 ᾔ
3002 5546 3065 5600 In
3098 5546 3256 5621 good.
3320 5547 3421 5600 311
3463 5544 3671 5621 ejusd.
3727 5544 3878 5601 bibl.

438 5620 651 5692 stellas,
701 5617 855 5689 quas“
892 5627 955 5675 tu
1007 5620 1286 5692 fundasti,
1348 5626 1495 5676 teste
1554 5617 1782 5686 Pinéro,
1846 5620 1906 5692 in
1962 5622 2099 5687 Isin,
2213 5622 2313 5692 (in.
2341 5622 2483 5692 sunt
2512 5617 2640 5692 Nic.
2670 5617 3028 5692 ’Blemmidfe
3059 5617 3415 5692 et_aliorum
3469 5618 3743 5690 scriptor.
3790 5631 3883 5673 ec-

435 5706 536 5762 per
564 5686 800 5760 Hispun.
830 5708 886 5763 p.
922 5686 1045 5749 183.
1078 5722 1149 5733 -—-
1174 5693 1235 5747 [n
1267 5686 1438 5747 codd.
1476 5692 1616 5749 bibl.
1682 5691 1923 5748 Taurin.
1975 5686 2101 5764 105,
2212 5690 2351 5747 cles.
2375 5689 2583 5762 hymni
2614 5692 2671 5745 et
2691 5705 2913 5762 preces.
2947 5686 3155 5759 ΒΑΜ..)
