4132 6448
329 486 452 548 533

1232 492 1335 552 DE
1380 492 1922 556 PROCESSIONE
1967 496 2028 556 S.
2081 496 2443 558 SPIRITUS
2487 491 2778 558 ORATIO
2821 492 2870 551 Ι.

3633 478 3752 542 534

849 649 3734 679 _________________________________________________

720 841 1778 974 ΝΙΚΗΦΟΡΟΥ
1877 846 2225 976 ΤΟΥ
2315 838 3366 975 ΒΛΕΜΜΙΔΟΥ

1541 1103 1943 1200 ΛΟΓΟΣ
2029 1104 2534 1201 ΠΡΩΤΟΣ

327 1298 804 1355 ΑΠΟΔΕΙΚΝΥΩΝ
865 1302 978 1354 AIA
1037 1303 1361 1356 ΧΡΗΣΕΩΝ
1414 1306 1800 1374 ΓΡΔΦΙΚΩΝ,
1855 1303 2178 1430 ’ἓὲ
2237 1306 2354 1359 ΚΑΙ
2413 1305 2508 1358 ΕΞ
2563 1306 2717 1357 ΥΙΟΥ
2773 1296 3276 1354 ΘΕΟΛΟΓΕΙΣΘΑΙ
3331 1296 3413 1345 ΤΟ
3470 1292 3747 1346 ΠΝΕΥΜΑ

1145 1529 1323 1580 ΠΡΟΣ
1361 1530 1491 1582 ΤΟΝ
1539 1530 2100 1583 ΔΡΧΙΕΠΙΣΚΟΠΟΝ
2138 1531 2565 1584 ΒΟΥΛΓΑΡΙΛΣ
2605 1529 2920 1583 ΙΑΚΩΒΟΝ.

818 1853 1953 2008 NIGEPHORI

2079 1854 3256 2010 BLEMMIDZE

1601 2119 2038 2210 ORATIO
2106 2123 2459 2209 PRIMA

656 2297 1237 2362 DEMONSTRANS
1295 2300 1772 2364 SANC'I‘ORUM
1827 2303 2331 2365 TESTIMONIIS
2387 2303 2543 2364 PER
2572 2303 2872 2379 FILIUM,
2904 2303 3008 2362 ET
3047 2301 3151 2361 EX
3194 2300 3401 2361 FILIO

1492 2383 1864 2446 SPlRITUM
1923 2385 2016 2444 SA
2026 2384 2299 2446 NCTUM
2341 2385 2521 2446 DICI.

1163 2532 1274 2594 AD
1299 2531 1692 2597 JACOBUM
1719 2533 1996 2598 BULGA
2011 2533 2194 2598 RL/E
2220 2531 3018 2598 ARCHIEPISCOPUM.

1391 2685 1495 2757 (Ex
1522 2685 1734 2742 Leonis
1765 2685 1962 2742 Allatii
1993 2687 2204 2744 Graecia
2226 2685 2547 2753 orthodoxa,
2571 2689 2714 2742 tom.
2749 2686 2816 2757 Ι.)

383 2965 450 3014 α’.
485 2960 640 3014 ’Ἐστι
675 2981 768 3032 μοι
799 2959 991 3032 πάθος,
1051 2960 1183 3038 ὅπερ
1234 2961 1527 3038 ἐξαγγελῶ’
1562 2963 1657 3017 καὶ·
1684 2965 1784 3040 γὰρ
1818 2965 1846 3018 ὁ
1878 2962 1973 3018 λό-

2157 2967 2208 3031 1,
2243 2965 2533 3035 Morbum,
2567 2980 2682 3035 quo
2715 2961 2955 3029 afﬁcior,
2989 2959 3260 3016 inlucem
3300 2959 3634 3032 proferam:
3667 2961 3742 3018 ad

309 3067 410 3122 γος
466 3048 604 3124 πρὸς
656 3048 918 3125 ἀκὲστορα
965 3050 1130 3126 ἱερὸν,
1181 3053 1271 3105 καὶ
1322 3051 1437 3106 ὅσοι
1489 3059 1591 3121 τῆς
1642 3051 1808 3122 αὐτῆς
1855 3051 1972 3107 ἐπι-

310 3137 531 3209 στήμης
563 3135 728 3208 αὐτῷ.
764 3139 902 3214 Ἐγὼ
950 3143 1064 3200 τοῖς
1112 3146 1302 3218 σοφοῖς
1357 3139 1632 3216 παρῥησίᾳ
1674 3139 1851 3213 λαλῶ,
1885 3143 1975 3197 καὶ

310 3221 438 3280 οὕτε
498 3247 594 3298 μοι
652 3223 770 3288 δέος
829 3226 1219 3283 ἐκκαλύπτοντι
1277 3229 1377 3297 τὴν
1429 3227 1663 3284 διάνοιαν
1704 3247 1718 3262 '
1779 3231 1815 3299 ἢ
1872 3232 1973 3307 γὰρ

315 3308 630 3388 βεϐαίωσιν,
683 3316 719 3384 ἢ
774 3311 1061 3391 διόρθωσιν
1116 3319 1152 3386 ἡ
1204 3313 1492 3380 ἄπταιστος
1539 3318 1715 3393 κρίσις
1776 3318 1972 3395 ἐπαγά-

308 3423 402 3478 γοι
435 3408 550 3465 τοῖς
603 3402 940 3479 λεγομένοις.
997 3404 1250 3484 Ἀσόφοις
1303 3404 1361 3461 δὲ
1409 3404 1798 3483 διαλεγόμενος
1843 3409 1973 3463 ὑπο-

309 3491 648 3566 στὲλλομαι,
709 3493 799 3547 καὶ
860 3492 1078 3566 μάλισθ’
1134 3495 1223 3550 ὅτε
1275 3496 1399 3573 περὶ
1457 3501 1590 3552 Θεοῦ
1639 3499 1968 3575 φθέγγομαι’

309 3577 531 3636 δέδοικα
560 3583 663 3656 γὰρ
697 3582 759 3636 τὸ
795 3583 870 3655 μὴ
906 3583 1134 3653 ξυνιέναι
1189 3584 1405 3657 αὐτοὺς,
1458 3586 1531 3648 ὡς
1581 3585 1816 3642 ἐντεῦθεν
1860 3586 1972 3641 ἐπι-

311 3667 494 3746 σφαλῆ
529 3671 665 3747 πρὸς
709 3672 801 3725 τὸν
854 3669 1016 3748 λόγον
1070 3672 1322 3728 ὑπόνοιαν
1373 3675 1746 3753 ὑφορώμενος.
1800 3675 1864 3733 El
1915 3673 1972 3731 δὲ

307 3763 390 3831 τῷ
420 3758 608 3837 ἀσόφῳ
636 3757 883 3815 συνέλθοι
931 3761 995 3816 τὸ
1045 3759 1250 3839 φίλερι,
1290 3762 1414 3818 τότε
1462 3763 1550 3818 καὶ
1601 3765 1830 3841 πρὸςτὸ
1879 3764 1968 3821 λέ-

309 3868 428 3924 γειν
480 3846 629 3911 ὅλως
673 3849 816 3904 ὀκνῶ
845 3871 904 3904 τε
953 3851 1041 3905 καὶ
1091 3849 1412 3924 ἀναδύομαι.
1459 3857 1662 3929 ’Ὠσπερ
1712 3856 1816 3931 γαρ
1874 3854 1973 3909 οὐκ

309 3933 612 3999 ἀποδεκτὸς
679 3938 706 3991 ὁ
783 3938 1021 4013 θρασέως
1079 3940 1169 3994 καὶ
1229 3941 1635 4018 ἀπερισκέπτως
1695 3941 1972 4018 θεολογῶν

312 4027 682 4102 (ἡνιοχεῖσθαι
715 4028 818 4104 γὰρ
866 4029 966 4096 τήν
1017 4028 1302 4104 θεολογίαν
1346 4026 1502 4108 φόϐῳ
1551 4033 1750 4108 χρεὼν,
1802 4033 1877 4095 ὡς
1909 4033 1967 4087 ἂν

312 4115 394 4188 μή
454 4116 591 4192 πρὸς
641 4116 917 4179 ἀπωλείας
963 4111 1147 4173 ὤσειεν
1208 4117 1612 4194 ὀλισθήματα),
1673 4121 1967 4194 παραπλη-

308 4203 444 4266 σίως
473 4204 562 4259 καὶ
593 4205 623 4259 ὁ
649 4205 976 4282 φιλονείκως
1032 4207 1404 4283 ἀκροώμενος,
1452 4210 1542 4264 καί
1589 4209 1779 4286 τρόπῳ
1809 4211 1969 4266 παντὶ

2085 3054 2381 3110 medicum
2413 3053 2570 3108 enim
2590 3068 2822 3108 sacrum
2855 3050 3040 3106 oratio
3071 3047 3366 3122 dirigitur,
3418 3051 3475 3104 et
3531 3064 3741 3104 omnes

2084 3142 2251 3209 alios,
2287 3142 2388 3214 qui
2414 3141 2623 3197 iisdem
2666 3157 2731 3196 ac
2784 3137 2882 3194 ille
2937 3136 3266 3209 disciplinis
3322 3135 3548 3209 praediti
3577 3141 3738 3192 sunt.

2083 3231 2214 3304 Ipse
2244 3248 2378 3287 cum
2411 3230 2600 3285 doctis
2647 3229 2842 3301 palam
2891 3226 3188 3298 libereque
3247 3241 3548 3282 sermones
3601 3242 3739 3281 con-

2084 3321 2240 3376 tero:
2277 3319 2595 3389 nullusque
2626 3334 2719 3372 me
2749 3333 2924 3372 sensa
2955 3315 3310 3387 aperientem
3343 3313 3522 3370 timor
3573 3314 3739 3370 inva-

2082 3409 2203 3465 dit:
2241 3405 2826 3480 namqueinfallibile
2850 3404 3145 3476 judicium
3200 3403 3359 3459 dicta
3415 3401 3504 3458 vel
3561 3403 3743 3459 corri-

2081 3503 2196 3571 get,
2229 3497 2317 3554 vel
2351 3494 2775 3568 comprobsbit.
2808 3495 2952 3550 Cum
2990 3509 3123 3549 vero
3182 3492 3395 3549 sciolos
3454 3491 3741 3564 alloquor,

2080 3588 2335 3659 reprimo
2365 3603 2482 3652 me,
2503 3589 2560 3640 et
2590 3582 2968 3656 potissimum
3002 3598 3136 3637 cum
3169 3581 3241 3636 de
3284 3581 3400 3637 Deo
3429 3581 3608 3636 verba
3665 3581 3743 3637 fa-

2081 3677 2208 3743 cio;
2255 3692 2449 3731 vereor
2507 3675 2746 3741 etenim,
2807 3689 2879 3727 ne
2937 3672 3078 3726 dum
3119 3669 3234 3742 ipsi
3291 3686 3414 3725 rem
3475 3669 3738 3741 capiunt,

2082 3765 2212 3821 falsi
2242 3765 2389 3820 mihi
2420 3763 2814 3835 suspicionem
2846 3759 3358 3833 appingant.Quod
3390 3757 3438 3813 si
3467 3757 3741 3829 imperito

2080 3853 2472 3910 contentionis
2506 3853 2768 3907 studium
2803 3850 3046 3914 accedit,
3076 3853 3203 3903 tum
3238 3847 3398 3920 loqui
3457 3848 3736 3920 detrecto,

2079 3949 2136 4000 et
2192 3945 2264 4000 de
2321 3941 2556 3998 circulis
2633 3941 2949 3996 subducor.
3004 3937 3514 4004 Quemadmodum
3579 3937 3737 3992 enim
3761 3927 3775 3947 ⁵

2083 4032 2242 4089 nullo
2271 4033 2444 4088 modo
2475 4031 2706 4086 admitti
2739 4030 2930 4094 debet,
2965 4027 3064 4099 qui
3106 4027 3383 4082 audacter
3429 4029 3486 4081 et
3541 4025 3740 4082 incon-

2080 4123 2333 4178 siderate
2363 4122 2434 4178 de
2465 4121 2640 4175 rebus
2670 4117 2882 4174 divinis
2915 4115 3176 4188 loquitur
3213 4116 3476 4187 (necesse
3522 4113 3738 4187 quippe

2079 4216 2190 4278 est,
2239 4208 2621 4281 Theologiam
2670 4206 2882 4261 timore
2931 4203 3126 4276 dirigi,
3187 4219 3258 4258 ne
3316 4203 3376 4258 in
3443 4201 3737 4258 excidium

304 4293 448 4369 πρὸς
496 4295 560 4348 τὸ
609 4292 907 4370 ἀντιλέγειν
957 4296 1121 4372 ὁρῶν,
1156 4296 1572 4370 ἀποπεμπταῖος
1615 4299 1704 4353 καὶ
1733 4299 1970 4375 ἀποτρό-

553 4385 616 4403 υ..
809 4384 822 4401 ς
1042 4384 1054 4403 1
1440 4385 1451 4403 ι
1701 4388 1716 4403 κ
1949 4394 1973 4403 ..

2082 4299 2410 4373 praecipites
2450 4294 2769 4368 agat),pari
2792 4292 3143 4364 ratione,qui
3175 4291 3538 4348 contentiosa
3567 4308 3739 4348 aures

2152 4388 2164 4403 ι
2197 4390 2229 4403 -ι
2293 4392 2302 4403 ι
2403 4392 2412 4403 ι
2566 4385 2626 4403 1!,
2680 4382 2945 4403 -_____!l____
2981 4380 3492 4403 Δ...ι.....¹13.ι.2.......
3531 4379 3713 4403 -..Αἱ-ει.

305 4404 493 4446 παιος.
553 4385 708 4461 Ἔρις
763 4384 865 4460 γὰρ
923 4384 1266 4462 κακόχαρτος
1321 4385 1568 4461 ταράττει
1628 4388 1719 4442 καὶ
1776 4394 1971 4464 συγχεῖ

304 4473 410 4540 τὴν
470 4471 746 4543 ἀλήθειαν.
810 4473 870 4528 Εἰ
932 4471 991 4528 δὲ
1045 4475 1134 4529 καὶ
1190 4474 1436 4551 γλῶσσαι
1486 4475 1692 4532 πολλαί
1736 4477 1866 4532 εἰσιν
1913 4479 1968 4532 αἱ

307 4560 623 4638 συρῥυεῖσαι
675 4561 814 4638 πρός
861 4563 922 4617 τὸ
965 4563 1116 4634 αὐτὸ,
1168 4569 1285 4627 πῶς
1333 4564 1433 4619 οὐκ
1480 4565 1540 4620 ἂν
1592 4563 1794 4638 δόξειαν
1851 4572 1967 4628 τοῖς

308 4647 553 4713 πολλοῖς
610 4651 1024 4727 περιγινόμεναι
1085 4658 1210 4726 μιᾶς
1243 4653 1630 4730 ὲτερορῥεποῦς
1660 4675 1672 4724 ;
1708 4656 1752 4710 εἰ
1795 4653 1852 4710 δὲ
1878 4657 1968 4710 καὶ

307 4739 384 4794 ὧν
412 4739 468 4793 αἱ
503 4740 793 4817 ὑπεροχαὶ,
843 4745 962 4804 πῶς
1010 4741 1087 4805 εἷς
1135 4742 1334 4818 ἀγαθὸν
1379 4739 1618 4814 ἀποϐαίη
1671 4749 1748 4816 τῷ
1796 4745 1966 4818 ἄσυμ-

310 4829 479 4907 φώνῳ
507 4830 572 4884 τὸ
604 4827 983 4900 ἀληθευτικὸν,
1013 4832 1149 4887 κατά
1175 4853 1236 4909 γε
1267 4830 1335 4900 δὴ
1365 4832 1672 4911 τούμφανὲς
1705 4853 1717 4902 ;

2079 4388 2334 4453 exhibet,
2365 4392 2422 4443 et
2451 4385 2640 4441 modis
2670 4382 2946 4439 omnibus
2976 4380 3497 4437 contradictionem
3529 4379 3736 4449 ambit,

2081 4477 2405 4549 ejiciendus
2435 4481 2542 4540 est,
2575 4479 2633 4529 et
2653 4471 3067 4530 exsecrandus.
3097 4469 3402 4525 Contentio
3441 4468 3738 4540 siquidem

2081 4566 2253 4622 malis
2317 4565 2583 4639 gaudens
2642 4562 2970 4630 confundit,
3031 4559 3350 4630 turbatque
3404 4557 3734 4614 veritatem.

2080 4657 2241 4723 Quod
2271 4655 2320 4710 si
2350 4658 2406 4710 et
2437 4668 2737 4709 sermones
2769 4649 3032 4722 pierique
3064 4648 3122 4701 in
3178 4647 3334 4702 idem
3389 4663 3508 4701 una
3557 4645 3736 4702 simul

2080 4748 2453 4814 concurrant,
2471 4741 2767 4814 quomodo
2788 4756 2904 4794 non
2931 4737 3286 4793 videbuntur
3306 4733 3509 4791 multis
3533 4735 3734 4804 unius,

2081 4835 2180 4907 qui
2211 4834 2272 4890 in
2305 4831 2550 4888 alteram
2581 4833 2807 4903 partem
2838 4826 3102 4895 inclinat,
3152 4825 3406 4897 potiores
3472 4823 3738 4880 esse?Et

308 4919 360 4975 si
423 4935 626 4976 eorum
658 4919 899 4989 fuerint,
965 4922 1066 4993 qui
1125 4922 1186 4977 in
1235 4922 1628 4996 dignitatibus
1689 4928 1847 4996 sunt,
1880 4940 1998 4996 qua
2044 4924 2270 4980 ratione
2323 4922 2537 4978 veritas
2598 4920 2727 4991 ipsa
2782 4917 2843 4972 in
2888 4917 3110 4971 bonum
3141 4913 3247 4980 illi,
3311 4911 3412 4985 qui
3443 4911 3736 4968 contraria

306 5009 509 5077 sentit,
535 5009 598 5064 in
628 5017 942 5082 conspectu
964 5009 1214 5068 aliorum
1243 5013 1547 5069 vertetur?

384 5095 452 5172 β’.
513 5095 699 5160 Οὕτως
750 5096 801 5152 ἐν
860 5097 1073 5162 τούτοις
1133 5097 1299 5176 ἔχων,
1362 5099 1506 5155 οὕτω
1564 5101 1792 5177 πάσχων
1850 5099 1964 5156 ἐπεὶ

304 5185 444 5262 πρὸς
505 5185 706 5264 σοφοὺς
760 5190 852 5241 νῦν
910 5189 938 5242 ὁ
999 5187 1190 5262 λόγος,
1242 5188 1332 5244 καὶ
1393 5190 1608 5266 εἷρήνην
1671 5195 1964 5260 ζητοῦντας

301 5275 406 5344 τήν
462 5273 515 5330 ἐν
570 5281 786 5350 Χριστῷ
841 5276 930 5331 καὶ
1008 5274 1302 5341 διώκοντας
1335 5325 1349 5350 ,
1407 5279 1966 5356 πεπαῤῥησιασμένως

306 5362 415 5439 ἐρῶ
460 5364 584 5441 περὶ
634 5369 731 5420 τοῦ
786 5366 1148 5442 προκειμένου
1209 5370 1542 5441 ζητήματος·
1588 5369 1652 5423 τὸ
1702 5365 1758 5423 δὲ
1801 5369 1962 5442 ἐστιν,

306 5451 353 5508 εἰ
382 5449 454 5506 δι’
502 5453 631 5508 Υἱοῦ
686 5455 750 5508 τὸ
802 5455 955 5530 ἅγιον
1007 5453 1352 5527 ἐκπορεύεται
1401 5462 1622 5529 Πνεῦμα
1664 5458 1810 5534 παρὰ
1857 5465 1966 5513 Πα-

303 5541 458 5618 τρὸς,
492 5542 529 5612 ἢ
567 5543 677 5615 μὴν
706 5541 766 5597 ἐκ
810 5543 1021 5618 Πατρὸς
1071 5549 1382 5620 προσεχῶς,
1433 5543 1561 5600 ἀλλ’
1603 5545 1664 5601 οὗ
1716 5544 1784 5600 δι’
1817 5548 1964 5602 Υἱοῦ.

306 5630 409 5687 Καὶ
442 5629 525 5686 ὅτι
562 5631 658 5704 μὲν
687 5632 751 5688 τὸ
781 5637 1001 5709 πρῶτον
1048 5630 1254 5688 πολλοὶ
1296 5639 1403 5688 τῶν
1439 5636 1597 5710 ἱερῶν
1627 5632 1966 5692 διδασκάλων

303 5717 633 5795 παρέδοσαν,
695 5717 872 5783 οὐδεὶς
931 5718 989 5776 δὲ
1046 5722 1108 5777 τὸ
1168 5719 1439 5800 δεύτερον,
1500 5723 1652 5796 οἶμαι
1698 5721 1763 5792 δὴ
1797 5724 1970 5779 πάντα

303 5811 674 5888 μαρτυρήσειν
741 5805 909 5886 ἄνδρα
965 5812 1342 5890 θειογραφικὸν
1413 5811 1666 5883 εὐθύτητι
1727 5810 1970 5868 διοικού-

2144 5104 2199 5159 2.
2230 5101 2377 5157 Cum
2407 5100 2488 5154 ita
2513 5115 2605 5154 me
2636 5097 2905 5163 habeam,
2937 5097 2994 5151 et
3021 5095 3103 5150 ita
3157 5091 3397 5162 efﬁciar,
3428 5095 3486 5148 et
3527 5091 3600 5146 ad
3634 5105 3742 5163 pe-

2075 5190 2217 5247 ritos
2248 5189 2430 5246 oratio
2459 5189 2555 5256 sit,
2587 5201 2824 5258 eosque,
2859 5182 2958 5255 qui
2993 5198 3198 5254 pacem
3229 5181 3290 5237 in
3320 5179 3550 5237 Christo
3581 5195 3738 5251 quea-

2076 5284 2234 5349 runt,
2269 5284 2325 5334 et
2353 5282 2688 5350 procurant,
2721 5273 2900 5329 libere
2959 5275 3277 5344 aperteque
3331 5270 3402 5325 de
3442 5267 3741 5341 prOposita

2077 5369 2398 5442 quaestione
2456 5365 2798 5430 edisseram,
2857 5378 2985 5433 quae
3042 5360 3189 5416 erit:
3251 5376 3326 5416 au
3383 5375 3486 5431 per
3525 5357 3740 5414 Filium

2076 5459 2332 5532 Spiritus
2363 5460 2605 5513 sanctus
2636 5472 2669 5509 a
2710 5453 2877 5508 Patre
2908 5450 3190 5522 procedit,
3241 5466 3315 5505 an
3372 5464 3507 5505 vero
3539 5463 3608 5503 ex
3630 5451 3739 5503 Pa-

2076 5553 2165 5603 tre
2199 5547 2422 5618 absque
2452 5544 2666 5610 medio,
2701 5546 2758 5597 et
2790 5557 2901 5595 non
2937 5555 3040 5610 per
3067 5537 3300 5593 Filium.
3353 5537 3422 5592 Et
3477 5535 3738 5610 primum

2079 5637 2312 5708 quidem
2340 5654 2374 5692 a
2402 5633 2608 5690 multis
2630 5630 2850 5688 sanctis
2873 5628 3209 5684 doctoribus
3225 5626 3508 5686 traditum
3532 5624 3737 5690 fuisse,

2079 5725 2404 5782 secundum
2439 5741 2472 5779 a
2498 5721 2750 5788 nemine,
2785 5717 3057 5774 existimo
3088 5733 3291 5772 omnes
3323 5713 3736 5786 homines,qui

2079 5817 2140 5872 in
2174 5814 2356 5871 sacris
2396 5813 2608 5870 litteris
2640 5807 2873 5868 exerciti
2904 5811 3065 5876 sunt,
3096 5809 3153 5862 et
3174 5804 3446 5877 aequitate
3475 5802 3740 5875 dirigun-
