4132 6420
368 428 487 492 535

1625 427 2055 492 NICEPHORI
2097 425 2541 491 BLEMMIDE

3676 434 3793 499 536

370 568 489 633 tur,
524 580 632 621 suo
659 562 1002 622 testimonio
1032 563 1539 637 comprobaturos.
1591 565 1660 619 Et
1714 580 1822 619 nos
1880 562 2024 619 item
2055 622 2058 628 η

2173 581 2325 615 ιενον.
2357 559 2476 637 Οὐχ
2503 564 2665 630 ἧττον
2700 557 2758 616 δὲ
2785 560 2875 617 καὶ
2924 563 3089 636 ἡμεῖς
3136 560 3189 618 ἐν
3217 561 3392 638 τρισὶν
3443 564 3789 631 Ἐπιστολαῖς

373 671 490 710 non
522 654 722 709 minus
752 653 907 710 hanc
927 671 1051 710 rem
1080 654 1274 710 tribus
1303 653 1587 726 epistolis,
1632 654 1759 725 jam
1793 670 2029 725 percen-

375 759 609 799 ευιωιιε

448 850 501 903 3.
526 850 692 915 Quod
721 866 857 906 vero
890 850 949 905 in
979 849 1310 922 Evangeliis
1343 849 1513 922 plane
1543 866 1651 905 vox
1680 849 1782 905 illa
1813 849 2035 904 inserta

377 955 494 995 non
526 944 639 1007 est,
683 939 840 1011 quod
899 939 1162 1011 plerique
1220 940 1290 994 ad
1350 938 1891 1005 contradicendum,
1941 954 2034 992 ar-

378 1028 622 1100 ripiunt,
656 1028 917 1102 dogmati
948 1028 1333 1084 nihilominus
1358 1046 1471 1083 non
1501 1029 1729 1083 ofﬁcere
1761 1028 2040 1100 probatur

381 1133 585 1173 eorum
618 1118 733 1172 ﬁds
763 1118 939 1191 digno
970 1118 1329 1188 testimonio,
1381 1118 1482 1188 qui
1531 1133 1623 1172 res
1680 1116 2039 1187 theologicas

382 1210 853 1278 pertractarunt;
914 1207 1149 1279 quando
1229 1224 1333 1261 nec
1389 1206 1448 1261 in
1503 1210 1703 1261 nostra
1756 1210 2043 1277 potestate

385 1299 537 1351 esset
564 1295 929 1350 Deiferorum
982 1299 1193 1350 Patum
1247 1295 1418 1350 dictis
1477 1312 1594 1350 non
1653 1296 1905 1364 credere,
1941 1295 2043 1350 sed

385 1400 589 1440 eorum
621 1385 1025 1440 auctoritatem
1075 1384 1215 1439 dicti
1272 1384 1833 1440 demonstrationem
1892 1401 2042 1454 esse,

387 1473 665 1530 facultate
697 1474 856 1530 omni
887 1473 1075 1546 logica
1103 1478 1160 1529 et
1188 1474 1641 1529 contradictoria
1680 1473 2045 1541 validiorem,

395 1564 487 1620 cui
522 1582 556 1620 a
584 1563 880 1635 theologia
907 1578 1120 1618 nomen
1153 1567 1261 1631 est,
1313 1563 1374 1617 in
1417 1563 1717 1618 invectivis
1767 1564 2048 1624 adversus

392 1652 700 1710 Julianum
731 1653 1023 1708 decernat.
1053 1651 1161 1717 Qui
1192 1651 1349 1707 enim
1390 1652 1768 1724 evangelistis
1796 1652 2047 1723 inspira-

393 1743 497 1812 vit,
531 1741 627 1798 ille
656 1741 814 1797 idem
845 1745 900 1797 et
931 1740 1064 1797 aliis
1093 1740 1472 1814 diviniloquis
1501 1742 1678 1798 verba
1706 1741 1963 1812 dictavit,
1997 1749 2051 1797 et

392 1832 495 1890 Dei
532 1849 701 1887 V0068
756 1834 898 1887 sunt
952 1834 1294 1887 sanctorum
1352 1831 1619 1887 omnium
1677 1835 2052 1887 sacrosancta

393 1924 799 1979 monumenta.

462 2029 515 2085 4.
543 2029 614 2084 Et
640 2027 833 2084 dicere
862 2026 1067 2083 eadem
1097 2026 1172 2082 ab
1212 2025 1331 2081 illis
1387 2025 1489 2098 qui
1543 2026 1788 2099 Spiritui
1846 2027 2052 2082 adver-

390 2122 623 2184 santur,
650 2121 925 2188 corrupta
955 2116 1158 2183 fuisse,
1218 2115 1466 2172 stultum
1526 2120 1617 2171 est
1676 2132 1743 2172 ac
1800 2116 2052 2172 fatuum.

391 2224 527 2265 cum
557 2206 704 2263 nihil
726 2207 785 2262 id
817 2206 1058 2262 omnino
1091 2206 1163 2261 ad
1214 2205 1484 2261 haeresim
1518 2205 1798 2271 conferat,
1832 2223 1934 2277 per
1961 2206 2055 2260 Fi.

388 2298 540 2355 lium
560 2296 847 2370 Spiritum
881 2299 1148 2351 sanctum
1189 2294 1354 2350 fateri
1411 2312 1445 2349 a
1501 2298 1673 2350 Patre
1722 2295 2055 2366 procedere,

394 2387 497 2443 sed
531 2387 767 2459 penitus
812 2400 942 2441 eam
993 2383 1182 2455 rejicit
1237 2401 1303 2440 ac
1364 2384 1598 2440 refellit.
1662 2388 1781 2440 Hac
1839 2385 2056 2440 etenim

397 2474 654 2548 Spiritus
684 2477 950 2529 creatura
1008 2472 1187 2545 impie
1240 2473 1561 2528 admodum
1621 2474 1926 2542 asseritur,
1958 2473 2057 2529 illo

398 2582 469 2621 ex
497 2564 630 2636 ipsa
657 2562 787 2618 Filli
816 2561 1075 2618 essentia
1103 2562 1476 2634 pradicatur,
1510 2567 1567 2617 et
1596 2564 1861 2633 ejusdem
1920 2580 2058 2618 cum

397 2655 570 2710 Patre
595 2656 654 2708 et
686 2651 832 2709 Filio
862 2650 1152 2708 essentia.
1186 2652 1256 2706 Et
1299 2668 1621 2723 quamnam
1681 2652 2056 2725 probabilita-

397 2747 518 2800 tem
548 2741 842 2812 habuerit,
883 2739 1074 2796 simile
1116 2740 1345 2796 facinus
1401 2740 1462 2796 in
1518 2741 1823 2797 universos
1879 2741 2061 2798 totius

400 2830 560 2890 orbis
617 2847 815 2887 sacros
862 2829 1046 2886 libros
1108 2833 1408 2886 tantorum
1493 2835 1831 2886 sanctorum
1880 2830 2061 2887 simul

399 2920 758 2993 desaaviisse,
828 2923 885 2976 et
960 2918 1353 2992 corruptelam
1440 2920 1583 2976 adeo
1670 2920 2060 2976 universalem

398 3011 604 3068 fuisse.
638 3008 989 3081 nullumque
1014 3012 1152 3064 ante
1199 3026 1306 3064 nos
1351 3012 1578 3065 tantam
1636 3026 1847 3065 noxam
1905 3010 2062 3064 indi-

399 3098 613 3157 casse?
640 3099 769 3157 Non
800 3098 912 3154 fuit
942 3113 1229 3170 unquam,
1266 3115 1383 3154 non
1405 3102 1529 3154 est:
1565 3099 1779 3155 mentis
1813 3097 2060 3167 miserae,

399 3206 467 3247 ac
494 3187 746 3245 infelicis
777 3190 1179 3243 commentum
1211 3185 1271 3242 id
1299 3190 1408 3243 est.

475 3369 530 3424 3.
563 3366 829 3431 Quanam
887 3365 1033 3421 item
1089 3364 1315 3422 ratione
1382 3365 1720 3438 quicunque
1777 3367 2060 3423 adversus

403 3456 641 3513 Latinos
672 3459 805 3528 post
834 3453 1148 3511 dissidium
1179 3457 1237 3510 et
1255 3453 1538 3519 schisma,
1569 3472 1697 3526 quae
1730 3456 1787 3511 in
1819 3455 2063 3512 dissidio

408 3550 596 3616 erant,
627 3544 1127 3617 conscripserunt,
1159 3560 1228 3599 ex
1259 3544 1403 3600 Filio
1449 3544 1731 3616 Spiritum
1789 3549 2065 3601 sanctum

407 3653 536 3693 esse
566 3633 977 3702 essentialiter,
1011 3650 1117 3707 pro
1145 3632 1369 3689 viribus
1414 3634 1705 3690 adversati
1754 3639 1931 3704 sunt;
1966 3651 2068 3707 per

407 3724 619 3782 Filium
647 3740 781 3780 vero
811 3740 845 3778 a
868 3723 1039 3778 Patre
1069 3739 1465 3794 nequaquam,
1493 3721 1613 3779 imo
1653 3724 1849 3796 potius
1916 3723 2069 3779 inter

406 3831 509 3871 eos
538 3813 866 3886 peritiores,
898 3811 1076 3868 veluti
1108 3812 1339 3884 patroni
1376 3812 1536 3869 illius
1575 3830 1814 3869 causam
1872 3830 2069 3870 susce-

406 3905 643 3977 perunt.
669 3901 807 3957 inde
835 3904 1185 3974 argumenta
1230 3905 1501 3957 sumente
1552 3902 1624 3957 ad
1682 3902 2065 3958 refellendum

407 3998 466 4051 et
485 3992 671 4049 illud:
702 3984 787 4048 Ex
814 3992 984 4047 Filio.
1017 3991 1201 4063 quue
1248 3991 1330 4045 ita
1387 4007 1450 4047 se
1503 3990 1720 4047 habere
1767 4009 1836 4048 ex
1893 3992 2064 4049 libro.

405 4084 499 4140 cui
532 4084 766 4139 Sacrum
794 4083 1308 4139 Armamentarium
1339 4097 1553 4137 nomen
1586 4086 1696 4150 est,
1755 4082 2064 4138 discimus.

404 4172 645 4229 Librum
696 4189 867 4244 porro
909 4176 1052 4227 tunc
1107 4171 1391 4243 temporis
1445 4172 1750 4227 doctorum
1809 4172 2067 4229 virorum

405 4260 719 4334 praecipuis
750 4260 810 4316 in
855 4260 1232 4316 veneratione
1288 4260 1492 4329 fuisse,
1552 4266 1755 4333 postea
1810 4261 1884 4317 ab
1935 4262 2069 4319 aliis

408 4365 623 4422 magno
655 4349 849 4405 studio
880 4349 1305 4421 conquisitum,
1354 4353 1556 4405 nostra
1585 4349 1695 4406 hac
1747 4356 1913 4407 aetate
1944 4368 2067 4407 ma-

407 4439 567 4495 xime
613 4438 994 4505 celehratum,
1054 4443 1231 4511 atque
1284 4438 1345 4494 in
1403 4439 1622 4495 honore
1681 4439 1971 4512 habitum,
2014 4446 2071 4497 et

411 4526 709 4584 neminem
740 4544 1028 4600 unquam,
1076 4529 1254 4584 etiam
1312 4544 1537 4596 eorum,
1571 4528 1674 4600 qui
1711 4530 1933 4600 pudore
1963 4530 2067 4585 de-

412 4616 605 4690 posito
632 4616 832 4672 omnia
860 4616 1249 4673 inverecunde
1278 4621 1529 4684 tentant,
1575 4619 1886 4674 adversum
1933 4635 2067 4674 eum

2082 1938 2130 2004 B

2142 647 2435 726 φθάσαντες
2469 650 2679 723 ὑπεμνή
2690 671 2751 705 σα
2761 671 2874 723 μεν.

2215 845 2279 919 γ’.
2334 845 2453 898 ’Ότι
2513 841 2570 899 δὲ
2620 845 2684 899 τὸ
2747 846 2822 919 μή
2881 851 2997 907 τοῖς
3053 846 3416 923 Εὐαγγελίοις
3467 854 3648 927 σαφῶς
3701 853 3795 922 τὴν

2148 934 2333 1010 φωνὴν
2386 932 2723 1009 ἐντετάχθαι,
2770 940 2932 989 τοῦτο
2989 932 3056 1005 δὴ
3087 936 3150 991 τὸ
3200 936 3498 1013 πρόχειρον
3552 939 3630 1003 εἲς
3658 940 3799 996 ἀντι·

2149 1021 2337 1097 λογίαν
2385 1021 2642 1091 πολλοῖς,
2698 1020 2814 1078 οῦτι
2858 1045 2964 1079 που
3016 1030 3118 1079 τοῦ
3182 1023 3456 1101 δόγματος
3501 1028 3800 1106 ἀφαιρεῖται

2147 1111 2211 1165 τὸ
2270 1108 2687 1186 ε’ὄπαράδεκτον,
2747 1115 2782 1182 ἡ
2841 1118 2945 1168 τῶν
3001 1113 3447 1191 θεολογησάντων
3507 1117 3805 1188 ἀξιοπιστία

2151 1199 2474 1276 παρίστησιν
2507 1243 2527 1269 ,
2582 1200 2696 1255 ἐπεὶ
2760 1200 2889 1274 μηδ’
2962 1201 3154 1273 ἐξεῖναι
3229 1204 3471 1259 ἀπιστεῖν
3526 1212 3644 1269 τοῖς
3705 1207 3803 1263 ὑπὸ

2151 1294 2260 1344 τῶν
2321 1287 2595 1367 θεοφόρων
2656 1288 2867 1366 ἀνδρῶν
2929 1291 3292 1369 εἰρημένοις,
3353 1292 3480 1349 ἀλλ’
3537 1293 3803 1366 ἀπόδειξιν

2154 1378 2291 1433 εἶναι
2319 1384 2415 1432 τοῦ
2465 1377 2631 1455 λόγου
2676 1378 2736 1434 τό
2784 1379 2998 1435 ἐκείνων
3051 1381 3383 1455 ἀξιόπιστον,
3434 1385 3612 1455 πάσης
3659 1381 3808 1439 δυνά-

2160 1489 2305 1541 μεως
2365 1465 2594 1544 λογικῆς
2647 1468 2736 1523 καὶ
2792 1468 3147 1546 ἀντιλογικῆς
3220 1471 3573 1548 ἰσχυρότερον
3634 1474 3661 1527 ὁ
3710 1480 3806 1542 τῆς

2156 1556 2443 1631 θεολογίας
2477 1557 2764 1631 ἐπώνυμος
2813 1557 2864 1613 ἐν
2912 1564 3030 1621 τοῖς
3081 1558 3528 1631 Στηλιτευτικοῖς
3577 1561 3809 1640 ἀποφαί-

2157 1666 2325 1703 νεται.
2360 1647 2417 1698 Ὁ
2473 1646 2576 1721 γὰρ
2634 1652 2749 1708 τοῖς
2810 1646 3218 1723 εύαγγελισταῖς
3279 1648 3606 1723 ἐμπνεύσας,
3661 1652 3815 1712 αὐτὸς

2162 1733 2365 1797 ἐκεῖνος
2426 1735 2517 1789 καὶ
2559 1741 2679 1797 τοῖς
2729 1734 2950 1799 λοιποῖς
3008 1738 3300 1814 θεηγόροις
3360 1738 3676 1812 ἐνέπνευσε,
3731 1739 3817 1795 καὶ

2163 1828 2297 1879 Θεοῦ
2329 1824 2502 1902 φωναὶ
2528 1826 2594 1879 τὰ
2626 1829 2733 1880 τῶν
2766 1824 2910 1881 ὅλων
2938 1826 3108 1902 ἁγίων
3144 1828 3268 1903 ἅγια
3296 1829 3716 1905 συγγράμματα.

2232 2019 2322 2078 δ’.
2376 2019 2447 2075 T6
2519 2017 2577 2075 δὲ
2630 2019 2810 2097 λέγειν
2881 2020 3015 2077 αὐτὰ
3087 2024 3425 2079 νενοθεῦσθαι
3503 2026 3650 2103 παρά
3719 2028 3820 2080 τῶν

2165 2111 2674 2186 Πνευματομάχων,
2724 2109 2966 2182 ἠλίθιον,
3026 2110 3145 2167 ἐπεὶ
3193 2114 3310 2168 κατ’
3364 2112 3519 2171 οὐδὲν
3571 2112 3716 2178 ὅλως
3757 2115 3822 2187 τῇ

2166 2201 2367 2277 αἱρέσει
2418 2195 2793 2273 συμϐάλλεται
2840 2200 2905 2255 τὸ
2954 2198 3022 2255 δι’
3050 2202 3179 2255 Υἱοῦ
3227 2203 3290 2258 τὸ
3320 2194 3545 2280 Πνεῦμα
3581 2205 3645 2262 τὸ
3675 2203 3820 2279 ἅγιον

2167 2289 2563 2366 ὁμολογεῖσθαι
2610 2286 2921 2364 προοδικῶς
2973 2289 3109 2345 εἶναι
3160 2292 3307 2369 παρᾶ
3358 2296 3598 2370 Πατρὸς,
3655 2293 3699 2349 εἰ
3749 2292 3821 2366 μὴ

2165 2378 2479 2434 τοῦναντίον
2539 2380 2700 2447 ἅπαν,
2748 2379 2839 2433 καὶ
2897 2374 3230 2436 καταϐάλλει
3280 2383 3509 2458 ταύτην,
3556 2382 3647 2440 καὶ
3690 2384 3825 2439 ἀναι-

2170 2474 2271 2546 ρεῖ.
2322 2473 2399 2543 Τῇ
2452 2470 2547 2541 μὲν
2601 2470 2704 2544 γὰρ
2758 2468 2962 2542 κτίσμα
3013 2468 3418 2549 βλασφημεῖται
3470 2476 3533 2529 τὸ
3590 2476 3823 2546 Πνεῦμα,

2166 2563 2246 2630 τῷ
2278 2555 2324 2612 δ’
2356 2557 2417 2613 ἐκ
2441 2562 2542 2627 τῆς
2590 2557 2775 2620 οὐσίας
2825 2557 2992 2629 αὐτῆς
3041 2559 3365 2636 κηρύττεται
3415 2568 3515 2619 τοῦ
3564 2563 3712 2635 Υἱοῦ,
3742 2558 3825 2614 καὶ

2170 2648 2465 2722 ὁμοούσιον
2500 2648 2669 2724 Πατρὶ
2700 2647 2789 2702 καὶ
2836 2648 2966 2720 Τὶᾦ.
2997 2648 3125 2703 Τίνα
3175 2647 3221 2703 δ’
3254 2649 3314 2705 ἃν
3367 2649 3493 2727 ἔχοι
3539 2651 3629 2707 καὶ
3672 2648 3825 2725 λὸγον

2167 2737 2231 2792 τὸ
2279 2737 2378 2805 τὴν
2438 2736 2696 2807 τοιαύτην
2754 2737 3082 2813 κακουργίαν
3158 2760 3278 2802 ταις
3351 2742 3670 2818 ἁπανταχοῦ
3733 2743 3829 2807 τῆς

2172 2824 2500 2899 οἰκουμένης
2571 2826 2743 2901 ἱεραῖς
2800 2825 3061 2901 ἐνσκῆψαι
3120 2822 3338 2903 βίϐλοις
3396 2836 3509 2886 τῶν
3568 2826 3833 2885 τοσούτων

2173 2913 2341 2989 ἁγίων
2403 2914 2545 2986 ὁμοῦ
2577 2959 2592 2985 ,
2651 2914 2742 2968 καὶ
2797 2916 2897 2983 τήν
2974 2918 3325 2995 παραφθορὰν
3390 2919 3539 2975 οὕτω
3596 2915 3830 2993 γενέσθαι

2172 3002 2512 3080 παγκόσμιον
2566 3008 2687 3065 τοῖς
2751 3007 2859 3057 τῶν
2923 3004 3177 3080 μεγάλων
3240 3008 3498 3084 Πατέρων
3560 3003 3828 3084 συγγράμ-

2178 3114 2330 3167 μασι,
2363 3092 2453 3147 καὶ
2489 3089 2697 3166 μηδένα
2740 3097 2847 3147 τῶν
2893 3092 3000 3169 πρὸ
3048 3096 3209 3169 ἡμῶν
3259 3097 3358 3166 τήν
3407 3095 3596 3173 λύμην
3650 3095 3832 3162 ἐπιση-

2177 3183 2445 3256 μήνασθαι
2481 3200 2494 3250 ;
2528 3180 2640 3236 Οὐκ
2696 3178 2808 3236 ἔστι
2861 3187 3046 3255 τοῦτο,
3106 3182 3206 3239 οὐκ
3260 3181 3373 3241 ἔστι
3408 3204 3421 3219 ⁸
3486 3184 3721 3247 διανοίας
3775 3178 3834 3236 τὸ

2090 3312 2134 3379 C
2172 3275 2419 3327 τοιοῦτον
2454 3268 2785 3343 ἀνάπλασμα
2814 3269 3239 3345 κακοδαίμονος,

2272 3362 2283 3379 1
2366 3363 2448 3379 an!"
2556 3356 2599 3379 δῖ
2741 3359 2756 3379 \
2819 3359 2845 3379 (9
3105 3363 3117 3379 \
3182 3368 3234 3379 ’.ιι

2246 3362 2304 3418 ε’.
2366 3363 2493 3422 Πῶς
2552 3356 2611 3414 δὲ
2667 3359 2757 3414 καὶ
2814 3359 2931 3415 ὅσοι
2990 3363 3128 3416 κατὰ
3182 3364 3469 3438 Ῥωμαίων
3541 3362 3832 3442 γεγράφασι

2171 3451 2240 3505 τὰ
2291 3456 2394 3519 τῆς
2454 3446 2633 3525 ἔριδος
2692 3449 2827 3523 μετᾶ
2878 3450 3201 3525 τὸ.σχίσμα
3248 3454 3339 3508 καὶ
3385 3457 3489 3525 τὴν
3543 3452 3830 3518 διάστασιν,

2174 3539 2310 3615 πρὸς
2348 3538 2441 3611 μὲν
2475 3538 2561 3610 τὸ,
2622 3537 2681 3592 ἐκ
2717 3536 2814 3591 τοὺ
2868 3539 2998 3593 Υἱοῦ
3052 3539 3115 3595 τὸ
3174 3547 3396 3617 Πνεῦμα
3456 3546 3594 3601 εῖναι
3640 3540 3829 3597 ούσιω-

2176 3624 2306 3696 δῶς,
2367 3627 2441 3688 ὡς
2500 3626 2675 3702 εἶχον,
2735 3625 3081 3701 ἀντέστησαν,
3142 3631 3280 3705 πρὸς
3340 3629 3399 3687 δὲ
3448 3635 3535 3708 τὸ,
3596 3629 3666 3687 δι’
3712 3625 3832 3682 Υὶοῦ

2174 3716 2324 3789 παρὰ
2363 3719 2462 3770 τοῦ
2492 3716 2725 3790 Πατρὸς,
2774 3713 3056 3790 οὐδαμῶς,
3108 3717 3322 3792 μᾶλλον
3370 3722 3469 3796 μὲν
3521 3721 3613 3778 οῦν
3660 3719 3712 3773 οἱ
3740 3713 3831 3770 λο-

2175 3806 2433 3880 γιώτεροι
2469 3848 2484 3873 ,
2542 3804 2632 3859 καὶ
2706 3812 3133 3880 συνηγοροῦντες
3207 3809 3353 3883 αὐτῷ
3419 3809 3829 3892 κατεφάνησαν.

2176 3892 2465 3949 Κάντεῦθεν
2546 3892 2952 3971 ἐπιχειροῦντες
3027 3897 3405 3969 ἀνασκευάζειν
3482 3904 3566 3974 τὸ,
3632 3899 3691 3955 ἐκ
3742 3893 3833 3948 ’(εοὖ

2176 3985 2326 4041 Υἱοῦ.
2378 3984 2477 4038 Καὶ
2518 3983 2600 4038 ὅτι
2649 3985 2793 4038 τοῦθ⁹
2850 3984 3023 4048 οὕτως
3079 3982 3207 4063 ἕχον
3260 3987 3425 4061 ἐστὶν,
3476 3991 3538 4049 ἐκ
3564 3992 3664 4059 τῆς
3695 3986 3833 4059 ἱερᾶς

2176 4071 2527 4145 Ὀπλοθήκης
2588 4072 2950 4147 μανθάνομεν.
2994 4078 3181 4140 Ὅπως
3240 4075 3298 4133 δὲ
3353 4082 3388 4149 ἠ
3449 4077 3647 4157 βίϐλος
3701 4069 3834 4131 αἰδέυ

2178 4183 2340 4237 σιμος
2370 4162 2437 4232 ἦν
2475 4167 2593 4225 τοῖς
2640 4161 2764 4217 τότε
2806 4167 2913 4217 τῶν
2964 4160 3171 4239 λογίων
3224 4165 3433 4244 ἀνδρῶν
3492 4167 3706 4246 λογάσι,
3748 4158 3832 4216 καὶ

2177 4250 2645 4329 περισπούδαστος
2696 4250 2967 4307 εἰσέπειτά
3009 4275 3068 4308 τε
3114 4255 3205 4309 καὶ
3252 4253 3358 4320 ’έως
3405 4260 3572 4332 ἡμῶν
3618 4251 3835 4331 περίπυ-

2179 4364 2302 4404 στος
2360 4341 2449 4397 καὶ
2507 4340 2777 4418 ἐξαίρετος
2811 4385 2826 4410 ,
2878 4344 2969 4397 καὶ
3028 4342 3204 4407 οὐδείς
3259 4369 3392 4403 ποτε
3442 4350 3565 4407 κατ’
3624 4344 3833 4411 αὐτῆς,

2179 4430 2304 4487 οὐδὲ
2348 4436 2456 4487 τῶν
2516 4430 2686 4505 πάντῃ
2756 4429 3234 4506 ἀπῃναιδευμένων
3303 4444 3523 4508 κινῆσαι
3595 4434 3836 4513 γλῶσσαν

2179 4521 2327 4583 ὅλως
2398 4518 2736 4593 τετόλμηκεν
2772 4564 2785 4590 ,
2848 4519 2965 4576 ἐπεὶ
3039 4522 3128 4577 καὶ
3209 4521 3517 4604 βιαιότερον
3574 4524 3833 4581 ἐνίσταται

2179 4611 2313 4687 πρὸς
2354 4611 2454 4678 τήν
2508 4608 2683 4673 υἱόθεν
2736 4614 2832 4663 τοῦ
2881 4610 3195 4684 Πνεύματος
3250 4614 3513 4692 πρόοδον,
3562 4611 3697 4671 αὐτὰ
3740 4605 3835 4684 βοᾷ

414 4706 684 4779 linguam
726 4721 958 4762 movere
1014 4723 1228 4761 ausum
1258 4723 1407 4773 esse,
1458 4724 1594 4762 cum
1651 4712 1710 4763 et
1761 4707 2058 4763 violentius

2185 4698 2518 4775 διαπρυσίως
2568 4699 2636 4753 τὰ
2681 4698 2999 4773 πράγματα.
3047 4702 3132 4756 Ἐν
3178 4704 3345 4779 ταύτῃ
3402 4708 3670 4781 Ῥωμαῖοι
3726 4695 3833 4751 δια-

411 4794 666 4867 Spiritus
695 4793 1055 4866 processioni
1086 4810 1156 4849 ex
1178 4794 1323 4850 Filio
1374 4796 1734 4863 adversetur,
1785 4813 1877 4852 res
1934 4798 2073 4868 ipsae

415 4883 560 4939 satis
588 4882 914 4939 luculenter
942 4882 1220 4938 clamant.
1257 4886 1319 4939 In
1352 4900 1418 4940 eo
1448 4885 1659 4951 Latini,
1682 4884 1767 4939 uti
1799 4885 1857 4939 in
1888 4884 2072 4941 dialo-

412 4973 505 5044 gis
536 4972 661 5027 ﬁeri
692 4975 872 5040 amat,
905 4971 1383 5028 introducantur.
1419 4973 1843 5044 sapientissimi
1875 4973 2073 5047 Cyrilli

410 5060 635 5116 dictum
694 5060 766 5117 ad
823 5061 1122 5133 propriam
1184 5060 1521 5133 opinionem
1577 5064 2069 5119 corroborandam

406 5154 837 5223 proponentes;
898 5150 1073 5206 verba
1128 5149 1324 5223 Cyrilli
1384 5155 1558 5207 sunt:
1610 5152 1892 5207 Mutabilis
1946 5169 2070 5208 vero

403 5240 642 5294 minime
668 5248 749 5294 est
799 5238 1075 5311 Spiritus;
1122 5256 1257 5294 nam
1284 5241 1336 5295 si
1380 5242 1683 5295 mutationi
1712 5246 1847 5296 esset
1903 5243 2069 5297 obno-

406 5329 558 5396 xius,
591 5329 707 5400 ipsi
721 5328 924 5383 divinae
951 5330 1170 5386 natura?
1197 5330 1442 5400 delectus
1489 5330 1873 5395 ascriberetur,
1895 5333 2067 5401 siqui-

400 5417 523 5473 dem
571 5418 686 5473 Dei.
744 5420 796 5472 et
852 5419 1060 5489 Patris,
1118 5434 1219 5473 nec
1267 5434 1382 5473 non
1411 5420 1463 5474 et
1490 5420 1625 5473 Filii
1652 5423 1729 5474 est
1758 5422 1854 5490 qui
1884 5437 2064 5475 caven-

400 5506 619 5561 lialiter
651 5522 722 5562 ex
778 5508 1026 5579 utroque,
1077 5524 1150 5562 ex
1203 5508 1371 5563 Patre
1420 5508 1635 5563 scilicet
1678 5525 1781 5580 per
1834 5510 2061 5580 Filium,

400 5595 643 5666 Spiritus
669 5597 919 5666 proﬂuit.
982 5597 1395 5667 Expendamus
1450 5614 1623 5668 porro
1681 5615 1951 5669 quaenam
1989 5598 2061 5653 ad

402 5698 502 5738 eos
532 5683 633 5753 qui
683 5685 867 5739 Roma
923 5688 1334 5751 convenerant,
1395 5683 1866 5755 responderunt:
1918 5686 2061 5740 Bea-

402 5774 488 5826 tus
518 5771 606 5827 hie
632 5775 801 5829 Pater
850 5773 1095 5846 Cyrillus
1151 5774 1354 5829 multas
1408 5781 1726 5829 nostrarum
1779 5777 2062 5832 rationum

2186 4788 2437 4864 λογικοῖς
2500 4788 2693 4861 νόμοις
2766 4787 3070 4865 εἰσάγονται
3141 4792 3297 4868 ῥῆσιν
3359 4801 3456 4851 τοῦ
3524 4785 3832 4872 σοφωτάτου

2182 4877 2459 4955 Κορίλλου
2507 4874 2879 4953 προτείνοντες
2932 4877 3008 4941 εἰς
3058 4879 3307 4936 σύστασιν
3357 4889 3455 4939 τοῦ
3492 4886 3640 4963 σφῶν
3666 4872 3831 4931 αὐτῶν

2183 4964 2479 5044 δόγματος,
2542 4966 2716 5028 οὕτως
2780 4964 3011 5041 ἔχουσαν
3047 4986 3060 5000 ⁸
3121 4971 3363 5044 Τρεπτὸν
3415 4971 3475 5029 δὲ
3528 4968 3676 5028 οὗτοι
3732 4976 3831 5017 που

2179 5057 2242 5112 τὸ
2300 5062 2524 5129 Πνεῦμα
2599 5055 2737 5111 ἐστίν
2772 5075 2787 5089 ·
2846 5056 2881 5124 ἤ
2957 5053 3107 5133 εἷ’περ
3181 5060 3246 5115 τὸ
3301 5062 3588 5139 τρέπεσθαι
3642 5053 3828 5114 νοσεῖ,

2181 5145 2264 5203 ἐπ’
2317 5147 2485 5216 αὐτὴν
2543 5146 2571 5199 ὁ
2629 5150 2825 5217 μῶμος
2894 5145 2993 5214 τὴν
3065 5146 3208 5203 θείαν
3286 5135 3674 5230 ἀναδραμεῖται
3742 5135 3833 5218 φά·

2180 5257 2302 5309 σιν,
2364 5234 2515 5311 εἶ’περ
2587 5233 2697 5289 ἐστί
2749 5237 2848 5288 τοῦ
2910 5239 3045 5288 Θεοῦ
3099 5238 3189 5292 καὶ
3247 5228 3499 5319 Πατρὸς,
3559 5238 3649 5296 καὶ
3725 5228 3825 5305 μὴν

2176 5324 2266 5380 καί
2323 5330 2420 5380 τοῦ
2479 5326 2607 5379 Υ⁹ιοῦ
2640 5370 2654 5395 ,
2713 5324 2775 5377 τὸ
2854 5321 3137 5389 οὐσιωδῶς
3189 5326 3241 5399 ἐξ
3301 5313 3503 5411 ἀμφοῖν
3536 5378 3550 5405 ,
3601 5324 3717 5397 ἤως
3768 5313 3831 5411 ἐκ

2176 5413 2386 5490 Πατρὸς
2462 5411 2532 5468 δι’
2606 5414 2735 5467 Υἱοῦ
2791 5413 3201 5489 προερχόμενον
3275 5402 3544 5497 Πνεῦμα,
3594 5416 3683 5476 Τίς
3738 5402 3823 5463 οὖν

2174 5508 2208 5573 ἡ
2267 5502 2544 5579 ἀπολογία
2600 5503 2735 5579 πρὸς
2787 5500 2914 5563 τοὺς
2968 5501 3030 5558 ἐκ
3087 5505 3309 5581 Ῥώμης
3364 5497 3820 5578 κατανοήσωμενξ.

2172 5595 2229 5647 '0
2291 5592 2555 5668 μακάριος
2643 5592 2799 5652 οὗτος
2884 5592 3065 5667 πατὴρ
3151 5596 3428 5674 Κύριλλος
3510 5601 3608 5659 τὰς
3686 5581 3820 5644 πολ-

2172 5680 2270 5743 λὰς
2353 5687 2462 5736 τῶν
2556 5680 2839 5755 ἡμετέρων
2921 5678 3101 5756 λόγων
3177 5692 3474 5767 προφάσεις
3548 5695 3821 5767 προανςιι-

2172 5776 2279 5848 ρῶν
2364 5770 2631 5846 σύντομον
2722 5768 2877 5831 εὐθὺς
2977 5772 3052 5845 τῇ
3149 5780 3256 5832 τῶν
3300 5762 3311 5767 ’
3361 5783 3579 5862 ἀσαφῶν
3662 5762 3759 5825 συλ
3794 5789 3816 5801 ο
