4132 6476
393 486 513 550 337

1294 487 1402 552 DE
1443 488 1983 553 PROCESSYONE
2028 489 2097 553 S.
2140 486 2503 554 SPIBITUS
2545 488 2840 553 ORATIO
2881 487 2934 550 Ι.

3697 485 3820 550 538

393 613 581 675 λαϐῶν
639 623 893 699 προφορᾷ
968 621 1310 698 προσήνεγκε
1384 623 1485 692 τήν
1563 623 1876 701 σαφήνειαν.
1962 621 2054 680 Εἷ-

2164 625 2640 696 tergiversationes
2663 623 2993 696 prxcidens,
3033 620 3482 694 compendiosum
3537 621 3691 679 illico
3720 622 3815 678 ob-

394 708 510 764 πὼν
570 709 674 785 γὰρ
723 706 1004 772 οὐσιωδῶς
1059 710 1111 781 ἐξ
1168 711 1373 789 ἀμφοῖν
1440 712 1504 768 τὸ
1575 716 1796 786 Πνεῦμα
1850 712 2050 789 προερ-

394 809 609 875 χεσθαι,
667 798 751 871 τὸ,
801 796 971 875 ἤγουν
1023 798 1084 855 ἐκ
1156 801 1368 877 Πατρὸς
1428 797 1500 855 δι’
1555 802 1707 871 Υἱοῦ,
1765 801 2050 875 συντόμως

396 886 661 963 ἐπήγαγε.
718 887 789 942 Τὸ
848 884 907 943 δὲ
961 885 1051 944 διὰ
1103 891 1204 959 τῆς
1259 889 1520 961 τοιαύτης
1577 892 1869 967 ἐπαγωγῆς
1930 910 2050 945 συν-

392 975 663 1052 αγόμενον
741 973 894 1032 οὐδὲν
968 974 1150 1054 ἕτερον
1210 979 1245 1048 ἢ
1303 979 1366 1034 τὸ
1422 978 1483 1034 ἐκ
1550 979 1719 1052 μόνου
1788 984 1885 1035 τοῦ
1940 986 2050 1035 Πα-

392 1066 521 1142 τρὸς
577 1065 642 1120 τὸ
701 1070 922 1140 Πνεῦμα
978 1069 1361 1145 προὲρχεσθαι,
1407 1068 1470 1124 ού
1530 1070 1636 1142 μὴν
1696 1067 1786 1123 καὶ
1847 1067 1907 1124 ἐκ
1954 1074 2052 1124 τοῦ

395 1155 545 1213 Υἱοῦ.
603 1155 667 1210 Ei
724 1156 829 1233 γὰρ
885 1161 980 1212 καῖ
1030 1159 1180 1213 τοῦτ’
1234 1158 1321 1230 ἦν,
1365 1156 1465 1213 οὐκ
1520 1157 1579 1213 ἃν
1635 1165 1736 1228 τῆς
1792 1158 2051 1230 τοιαύτης

393 1248 475 1316 τῷ
532 1242 672 1319 ἁγίῳ
724 1247 1048 1322 προσθήκης
1103 1244 1341 1318 ἐδέησεν.
1403 1248 1467 1301 Οἱ
1525 1247 1584 1302 ἐκ
1639 1248 1860 1321 Ῥώμης
1914 1249 2052 1324 πρὸς

393 1336 581 1389 ταῦτα’
663 1333 852 1389 Τοίνυν
939 1333 1055 1390 οὐδ’
1135 1339 1303 1408 ἡμεῖς
1379 1335 1756 1415 σφαλλόμεθα,
1816 1335 2050 1393 ἀκολού-

394 1433 504 1486 θως
552 1427 634 1496 τῷ
682 1423 815 1496 θείῳ
859 1424 1039 1498 τούτῳ
1087 1426 1259 1502 Πατρὶ
1308 1424 1367 1481 ἐκ
1420 1426 1630 1502 Πατρὸς
1692 1427 1785 1499 μὲν
1845 1424 1935 1481 καὶ
1993 1425 2053 1482 ἐκ

388 1515 493 1566 τοῦ
552 1511 680 1567 Υἱοῦ
750 1512 815 1567 τὸ
890 1518 1109 1588 Πνεῦμα
1176 1513 1430 1590 λέγοντες
1507 1514 1914 1592 ἐκπορεύεσθαι,
1963 1515 2050 1570 ἐπὶ

386 1604 487 1656 τοῦ
534 1601 666 1656 Υἱοῦ
722 1603 822 1671 τὴν
879 1601 952 1675 ἐξ,
998 1603 1117 1659 ἀντὶ
1173 1610 1279 1674 τῆς
1335 1601 1445 1677 διὰ,
1504 1604 1594 1659 καὶ
1653 1609 1903 1667 νοοῦντες
1960 1604 2051 1661 καὶ

386 1688 803 1766 ἑρμηνεύοντες
880 1690 1008 1748 ἀλλ’
1085 1692 1136 1764 ὁ,
1195 1692 1309 1766 καὶ,
1369 1690 1691 1767 σύνδεσμος,
1767 1693 1924 1771 φασὶν
1998 1695 2052 1749 οἱ

383 1778 523 1854 πρὸς
570 1775 807 1855 ἔλεγχον
852 1784 1167 1856 χωροῦντες
1217 1781 1415 1855 αὐτῶν,
1458 1781 1547 1838 ἐπὶ
1595 1786 1692 1837 τοῦ
1740 1783 1870 1838 Υἱοῦ
1921 1788 2050 1859 παρ’

387 1867 543 1942 ὑμῶν
615 1869 1041 1944 προστιθέμενος
1113 1869 1212 1927 οὐκ
1269 1870 1330 1943 ἐᾷ
1371 1875 1599 1928 τοιαῦτα
1654 1869 1851 1949 λέγειν,
1907 1872 2047 1946 ὑμᾶς

384 1962 701 2037 προφανῶς,
760 1957 1034 2036 ἐλέγχων,
1094 1960 1171 2023 ὡς
1255 1960 1317 2017 ἐκ
1370 1966 1471 2017 τοῦ
1548 1962 1759 2038 Πατρὸς
1843 1962 1934 2018 καὶ
1990 1962 2050 2018 ἐκ

382 2051 481 2102 τοῦ
540 2047 672 2102 Υἱοῦ
721 2048 786 2103 τὸ
844 2052 1068 2123 Πνεῦμα
1142 2048 1391 2126 λέγοντες
1466 2049 1869 2126 ἐκπορεύεσθαι,
1931 2051 2050 2115 καθ’

386 2137 575 2191 ὁποῖον
676 2136 1077 2212 σημαινόμενον
1118 2127 1124 2137 ⁸
1164 2137 1255 2194 ἐπὶ
1336 2143 1434 2194 τοῦ
1515 2141 1726 2217 Πατρὸς
1808 2141 1908 2210 τήν
1999 2139 2050 2212 ἐξ

390 2220 793 2299 ἐκλαμϐάνεσθε
847 2228 985 2283 κατὰ
1037 2229 1101 2284 τὸ
1158 2228 1288 2285 αὐτὸ
1331 2230 1422 2285 καὶ
1479 2227 1567 2285 ἐπὶ
1619 2234 1717 2285 τοῦ
1774 2230 1904 2285 Υἲοῦ
1959 2231 2049 2286 καὶ

390 2319 566 2370 νοεῖτε
638 2315 843 2388 ταύτην
900 2316 991 2373 καὶ
1040 2316 1242 2394 λέγετε.
1292 2319 1478 2374 Τοίνυν
1533 2319 1569 2388 ἣ
1630 2320 1721 2374 καὶ
1800 2317 1881 2374 ἐπ’
1939 2320 2049 2394 ἀμ-

390 2407 511 2481 φοῖν
566 2407 646 2477 τῷ
694 2406 867 2481 Πατρὶ
926 2403 1142 2478 δηλαδή
1200 2407 1291 2462 καὶ
1346 2412 1427 2481 τῷ
1485 2408 1598 2481 Υἱῷ
1653 2408 1752 2479 τήν
1809 2407 1862 2479 ἐξ
1918 2409 2050 2486 πρό-

387 2502 528 2556 θεσιν
611 2495 750 2549 κατά
832 2495 933 2565 τήν
1018 2495 1187 2566 αὐτὴν
1286 2495 1562 2571 σημασίαν
1643 2496 1870 2554 τιθέατευ
1957 2499 2047 2554 καὶ

385 2585 505 2644 πῶς
550 2580 653 2638 οὐκ
708 2582 1050 2650 ἐναντιοῦσθε
1097 2589 1178 2659 τῷ
1235 2585 1367 2660 θείῳ
1424 2585 1620 2663 Πατρὶ,
1671 2587 1772 2657 τὴν
1836 2588 1930 2660 μὲν
1993 2586 2046 2659 ἐξ

387 2668 477 2725 ἐπὶ
535 2675 635 2727 τοῦ
686 2675 922 2750 Πατρὸς,
950 2675 1050 2744 τὴν
1085 2671 1143 2730 δὲ
1200 2672 1290 2730 διὰ
1344 2675 1433 2731 ἐπὶ
1484 2680 1582 2731 τοῦ
1639 2676 1769 2731 Υἱοῦ
1800 2674 2047 2755 ἐκφωνή-

384 2779 596 2831 σαντες,
653 2763 691 2831 ἢ
748 2762 838 2818 καὶ
899 2763 984 2818 ἐπ’
1041 2765 1242 2843 ἀμφοῖν
1330 2764 1448 2820 ἀντὶ
1503 2768 1605 2836 τῆς
1663 2762 1772 2838 διὰ,
1831 2767 1933 2835 τὴν
1993 2765 2043 2840 ἐξ

381 2843 711 2924 λαμϐάνετε,
764 2848 854 2907 διὰ
911 2857 1010 2908 τοῦ
1066 2854 1300 2931 Πατρὸς,
1351 2855 1442 2909 καὶ
1504 2851 1594 2910 διὰ
1645 2859 1744 2910 τοῦ
1794 2856 1924 2910 Υἲοῦ
1979 2856 2044 2911 τὸ

380 2942 608 3012 Πνεῦμα
683 2938 939 3016 λέγοντες
1017 2940 1421 3017 ἐκπορεύεσθαι,
1484 2943 1574 2998 καὶ
1652 2941 1775 3000 δότε
1850 2942 2043 3000 λοιπὸν

379 3028 516 3099 ἡμῖν
575 3026 780 3105 ἓτερον,
822 3028 874 3102 ἐξ
931 3032 995 3086 οὗ
1051 3031 1116 3086 τὸ
1171 3036 1391 3106 Πνεῦμα
1448 3028 1538 3087 διὰ
1589 3035 1699 3087 τῶν
1758 3030 1854 3088 δύο
1909 3033 2038 3089 τού-

376 3120 485 3172 τῶν
574 3117 956 3194 ἐκπορεύεσθαι
1041 3118 1276 3198 λέγεται.
1337 3127 1469 3178 Κατ’
1552 3118 1730 3193 ἄλλην
1789 3122 1891 3199 γὰρ
1951 3121 2039 3178 ἐπὶ

376 3209 476 3261 τοῦ
531 3206 768 3284 Πατρὸς,
817 3208 910 3263 καὶ
965 3216 1082 3265 κατ’
1128 3207 1306 3282 ἄλλην
1368 3208 1457 3265 ἐπὶ
1514 3215 1612 3265 τοῦ
1670 3211 1799 3266 Υἱοῦ
1857 3233 2036 3285 σημα-

377 3293 495 3351 σίαν
551 3297 653 3365 τήν
726 3297 893 3367 αὐτὴν
972 3299 1063 3355 καὶ
1150 3299 1276 3373 μίαν
1360 3299 1611 3377 πρόθεσιν
1698 3298 2036 3374 ἐκλαμϐάνε-

2164 730 2457 770 scurarum
2474 713 2819 786 syllabarum
2855 713 3231 769 enuntiationi
3275 711 3490 768 addidit
3518 711 3817 785 expositio-

2158 820 2307 859 nem.
2343 803 2479 859 Cum
2524 804 2674 858 enim
2719 802 2973 870 dixisset,
3032 801 3405 858 essentialiter
3460 816 3531 856 ex
3587 809 3820 873 utroque

2161 892 2433 965 Spiritum
2455 894 2752 964 proﬂuere,
2804 891 2947 947 illud
2992 908 3066 946 ex
3099 892 3264 946 Patre
3316 905 3516 962 nempe
3566 906 3664 961 per
3711 891 3816 946 Fi-

2161 981 2322 1049 lium,
2354 983 2565 1038 concise
2610 981 2929 1052 subnexuit,
2972 980 3039 1036 At
3084 979 3223 1052 quod
3276 995 3347 1035 ex
3401 979 3583 1034 simili
3612 980 3818 1035 induc-

2162 1072 2313 1126 tione
2337 1071 2640 1142 colligitur,
2686 1070 2834 1126 nihil
2879 1069 3057 1141 aliud,
3117 1070 3287 1141 infert
3348 1084 3515 1140 quam
3571 1084 3643 1124 ex
3695 1066 3818 1123 solo

2160 1163 2330 1217 Patre
2377 1162 2619 1232 Spiritus
2668 1174 3088 1229 processzonem,
3136 1174 3250 1213 non
3296 1160 3480 1214 autem
3534 1173 3605 1213 ex
3650 1157 3815 1212 Filio.

2159 1254 2304 1307 Nam
2330 1250 2380 1305 si
2409 1249 2466 1305 id
2493 1256 2653 1314 esset,
2681 1249 2890 1304 similis
2940 1246 3239 1303 additionis
3285 1262 3421 1319 opus
3449 1262 3562 1303 non
3589 1246 3814 1318 fuisset.

2161 1336 2247 1391 Ad
2280 1336 2422 1401 haec,
2456 1335 2556 1408 qui
2588 1335 2774 1391 Roma
2803 1336 3160 1391 advenerant
3194 1352 3208 1402 ;
3239 1335 3423 1407 Neque
3456 1350 3569 1390 non
3622 1335 3815 1406 itaque

2158 1426 2425 1498 fallimur
2473 1425 2634 1481 dictis
2687 1424 2868 1480 divini
2941 1424 3166 1496 hujusce
3221 1425 3406 1479 Patris
3461 1423 3818 1490 inhaerentes,

2159 1532 2286 1572 cum
2313 1516 2611 1572 asserimus
2640 1530 2712 1570 ex
2741 1516 2925 1581 Patre,
2957 1517 3010 1569 et
3034 1528 3107 1569 ex
3152 1514 3295 1569 Filio
3352 1512 3625 1585 Spiritum
3684 1530 3815 1585 pro-

2160 1606 2348 1662 cedere
2383 1613 2671 1662 .‘attamen.
2700 1605 2763 1659 in
2805 1603 2959 1660 Filio
3010 1619 3079 1658 ex
3120 1604 3552 1676 propositionem
3598 1602 3712 1659 loco
3744 1604 3815 1658 it—

2161 1678 2274 1752 lius
2300 1710 2400 1767 per
2433 1694 2822 1762 intelligimus,
2849 1701 2900 1749 et
2928 1693 3390 1765 interpretamur.
3422 1691 3527 1748 Sed
3578 1694 3812 1762 coniun-

2158 1786 2264 1841 ctio
2321 1788 2398 1850 et,
2455 1782 2755 1855 inquiunt,
2837 1781 2940 1854 qui
2997 1798 3096 1837 eos
3144 1780 3407 1838 refellere
3465 1781 3810 1851 conabatur,

2157 1874 2304 1930 Filio
2334 1890 2369 1929 a
2398 1873 2545 1929 vobis
2569 1888 2808 1939 annexa,
2841 1888 2910 1927 ea
2937 1885 3066 1943 quae
3110 1871 3317 1939 dicitls,
3359 1873 3653 1942 manifesto
3679 1886 3809 1927 con-

2155 1965 2325 2036 futat,
2355 1980 2482 2019 cum
2507 1978 2577 2019 ex
2605 1964 2771 2018 Patre
2817 1965 2871 2017 et
2906 1977 2980 2017 ex
2996 1961 3139 2017 Filio
3192 1961 3465 2033 Spiritum
3515 1959 3811 2032 procedere

2161 2054 2348 2110 dicitis
2380 2054 2442 2109 in
2494 2067 2598 2125 quo
2652 2051 2973 2123 signiﬁcatu
3022 2052 3086 2107 in
3138 2052 3306 2106 Patre
3359 2049 3815 2122 prxpositionem

2161 2159 2231 2199 ex
2257 2144 2568 2213 assumetis,
2600 2143 2664 2197 in
2688 2140 2875 2197 eodem
2902 2148 2955 2196 et
2983 2142 3045 2196 in
3073 2139 3213 2196 Filto
3257 2153 3348 2196 vos
3380 2155 3505 2195 eam
3562 2139 3813 2210 accipitis

2160 2236 2214 2287 et
2241 2232 2525 2304 fatemini.
2560 2231 2765 2301 Quare,
2798 2233 2899 2285 aut
2928 2231 2994 2285 in
3020 2232 3270 2302 utroque,
3303 2229 3362 2283 in
3392 2228 3565 2283 Patre
3618 2242 3816 2295 nempe

2159 2337 2230 2377 ex
2255 2321 2417 2391 Filio,
2444 2336 2514 2377 ex
2546 2320 2983 2392 prxpoiitionem
3037 2319 3101 2374 in
3146 2317 3336 2373 eodem
3388 2317 3699 2389 signiﬁcatu
3729 2332 3815 2371 as-

2158 2412 2365 2477 truitis,
2396 2413 2452 2465 et
2477 2409 2741 2483 quomodo
2786 2408 2975 2465 divino
3032 2408 3197 2463 Patri
3243 2422 3356 2462 non
3411 2405 3808 2461 adversamini.

2158 2502 2254 2574 qui
2281 2517 2352 2556 ex
2378 2501 2443 2555 in
2477 2501 2667 2568 Patre,
2709 2514 2813 2571 per
2859 2500 3043 2554 autem
3100 2497 3163 2552 in
3214 2497 3355 2551 Filio
3406 2495 3681 2558 dictitat;
3711 2498 3811 2550 aut

2157 2591 2220 2646 in
2248 2597 2494 2662 utroque,
2527 2590 2639 2646 loco
2668 2588 2826 2644 illius
2854 2603 2977 2659 per,
3008 2601 3079 2642 ex
3097 2586 3547 2658 praepositionem
3578 2599 3813 2640 assumi-

2155 2681 2246 2748 tis,
2274 2695 2376 2750 per
2403 2681 2643 2746 Patrem,
2676 2680 2728 2733 et
2772 2692 2873 2748 per
2919 2675 3127 2731 Filium
3182 2674 3455 2746 Spiritum
3501 2677 3807 2729 asserentes

2149 2767 2460 2841 procedere,
2490 2774 2543 2823 et
2568 2767 2847 2836 assignate
2872 2765 3030 2820 nobis
3066 2764 3266 2831 alium,
3298 2777 3368 2819 ex
3412 2777 3518 2834 quo
3564 2761 3810 2834 Spiritus

2152 2873 2254 2929 per
2309 2857 2402 2913 hos
2455 2857 2592 2912 duos
2664 2854 2953 2927 procedere
3006 2854 3243 2909 dicatur.
3303 2851 3616 2908 Secundum
3655 2853 3808 2907 enim

2153 2963 2328 3004 unum
2354 2945 2731 3018 signiﬁcatum
2778 2945 2840 2999 in
2889 2945 3074 3010 Patre,
3103 2945 3155 2999 et
3204 2941 3510 2998 secundum
3538 2941 3715 2996 alium
3744 2942 3809 2995 in
3850 3012 3853 3015 η

2151 3037 2295 3092 Filio
2326 3052 2497 3091 unam
2522 3034 2820 3107 eademque
2866 3034 3324 3104 praepositionem
3379 3032 3624 3103 accipere
3669 3046 3804 3087 con-

2149 3127 2430 3192 iunctione
2457 3124 2563 3180 illa
2588 3124 2922 3195 copulativa,
2952 3125 3017 3178 ut
3061 3139 3187 3195 1am
3241 3121 3510 3187 diximus,
3569 3120 3802 3192 impedi-

2147 3216 2313 3271 mini.
2345 3216 2484 3271 Nam
2512 3213 2716 3286 absque
2763 3213 2958 3284 capulo
3013 3212 3196 3284 eﬂari,
3257 3213 3354 3266 aut
3408 3208 3672 3277 scribere,
3732 3225 3802 3265 ex

2147 3304 2337 3371 Patre,
2369 3319 2440 3359 ex
2469 3302 2633 3373 Filio,
2665 3318 2761 3358 vos
2788 3316 2998 3374 quoque
3024 3301 3200 3357 veluti
3241 3299 3539 3355 barbarum
3575 3307 3627 3355 et
3654 3300 3801 3355 inco-

376 3385 519 3455 σθαι,
598 3387 746 3462 παρὰ
825 3391 925 3443 τοῦ
1017 3386 1429 3462 συμπλεκτικοῦ
1528 3389 1725 3455 τούτου
1825 3387 2038 3446 συνδέσ-

2152 3393 2378 3462 gitabile
2404 3392 2611 3459 vitatis,
2644 3392 2714 3448 Et
2759 3390 2883 3446 haec
2939 3389 3179 3464 quidem
3231 3406 3299 3445 ex
3352 3388 3549 3444 divino
3606 3404 3803 3444 arma-

387 3493 492 3548 μου
580 3474 774 3552 βιαίως
867 3473 1163 3544 κωλύεσθε,
1245 3477 1383 3534 καθᾶ
1463 3480 1891 3557 προειρήκαμεν.
1971 3479 2043 3535 Τὸ

2154 3481 2466 3538 mentario.

374 3562 479 3638 γὰρ
536 3561 838 3628 ἀσυνδέτως
893 3563 1093 3644 λέγειν,
1131 3567 1168 3638 ἢ
1232 3567 1457 3646 γράφειν
1514 3567 1575 3622 ἐκ
1626 3572 1724 3624 τοῦ
1784 3569 2017 3647 Πατρὸς,
2064 3567 2125 3625 ἐκ
2176 3573 2275 3625 τοῦ
2314 3570 2464 3643 Υἱοῦ,
2508 3568 2600 3624 καὶ
2657 3568 2813 3642 ὑμεῖς
2871 3568 2947 3631 ὡς
3010 3561 3279 3644 βάρϐαρον
3338 3565 3429 3622 καὶ
3484 3562 3802 3635 ἀδιανόητον

374 3650 730 3730 ἀποφεύγετε.
760 3659 938 3710 Ταῦτα
970 3656 1065 3730 μὲν
1098 3655 1159 3712 ἐκ
1185 3662 1288 3726 τῆς
1319 3658 1466 3734 ἱερᾶς
1496 3656 1867 3730 Ὁπλοθήκης.

447 3760 514 3823 ς’.
538 3758 752 3824 ’Ἄλλος
783 3757 843 3816 δὲ
869 3782 955 3825 τις
982 3767 1090 3818 τῶν
1142 3761 1404 3839 ἐκκρίτων
1458 3761 1674 3835 δηλαδὴ
1732 3765 1823 3820 καὶ
1881 3764 2041 3830 αὐτὸς

368 3853 491 3911 τοῖς
539 3847 600 3903 ἐκ
627 3850 852 3923 Ῥώμης
906 3847 1317 3928 διαλεγόμενος,
1351 3850 1541 3923 ἐπειδὴ
1590 3853 1878 3930 προείλετο
1937 3853 2044 3911 δεῖ·

374 3937 484 4011 ξαι,
519 3935 652 4012 μηδ’
683 3938 933 3996 ὁπωσοῦν
966 3938 1242 4012 ἀλλήλοις
1302 3941 1514 3996 ἐναντία
1566 3941 1695 3999 ὅντα
1722 3941 1859 3999 κατά
1888 3965 1953 4020 γε
1977 3945 2041 4000 τὸ

375 4025 590 4097 ἀληθὲς
615 4027 685 4083 τὰ
730 4028 879 4106 παρᾶ
917 4034 1027 4086 τῶν
1074 4030 1240 4108 ἁγίων
1274 4029 1568 4107 λεγόμενα,
1598 4031 1695 4088 κᾶν
1729 4030 1866 4107 δοκῇ
1920 4038 2039 4096 τοῖς

367 4115 509 4193 ἅπερ
568 4118 968 4182 σκέπτοις.Ἦν
1029 4118 1113 4193 ἂν,
1147 4120 1334 4198 φησὶν,
1383 4117 1617 4194 ἐναντία,
1677 4121 1725 4177 εἰ
1780 4122 1919 4199 πρὸς
1975 4123 2039 4178 τὸ

365 4203 525 4279 αὐτὸ,
589 4206 681 4262 καὶ
763 4208 900 4264 κατᾶ
983 4207 1045 4264 τὸ
1125 4208 1279 4281 αὐτὸ,
1334 4210 1425 4264 καὶ
1502 4215 1604 4264 τοῦ
1669 4210 1834 4266 αὐτοῦ
1912 4207 2042 4268 ὄντα

367 4297 701 4369 σημαντικὰ,
770 4296 919 4373 παρᾶ
1014 4298 1110 4371 μὲν
1186 4302 1319 4372 τῶν,
1408 4294 1806 4373 ἀπεϐάλλοντο,
1892 4300 2039 4378 παρὰ

370 4380 433 4439 δὲ
488 4387 623 4455 τῶν,
681 4383 1037 4462 ἐνεκρίνοντο.
1103 4387 1257 4442 Οὕτω
1332 4390 1462 4464 γοῦν
1541 4387 1631 4443 καὶ
1695 4388 1748 4444 ἐν
1817 4388 2036 4453 τούτοις

363 4481 658 4559 ὁΧριστὸς
697 4484 794 4539 Ἐκ
831 4488 932 4539 τοῦ
998 4484 1233 4562 Πατρὸς,
1294 4481 1422 4563 ἔφη,
1478 4486 1542 4542 τὸ
1592 4490 1813 4561 Πνεῦμα
1878 4486 2037 4543 ἐκπο-

369 4569 688 4647 ρευόμενον.
745 4571 847 4628 Καὶ
921 4571 1068 4650 τάχα
1144 4575 1320 4630 πάντα
1401 4573 1682 4653 ἀναφέρων
1742 4576 1882 4650 πρὸς
1938 4577 2032 4632 τὸν

362 4659 582 4737 Πατέρα
639 4661 718 4724 ὡς
804 4662 941 4739 πρὸς
1025 4664 1253 4740 πρώτην
1337 4664 1537 4736 αἰτίαν,
1593 4665 1684 4719 καὶ
1754 4666 1856 4734 τήν
1935 4672 2033 4721 τοῦ

365 4746 691 4823 Πνεύματος
774 4749 1102 4828 ἐμπόρευσιν
1185 4752 1334 4826 αύτῷ
1424 4751 1728 4825 ἀνατίθησι.
1819 4757 1917 4810 Καὶ
2005 4758 2033 4812 ὁ

365 4837 465 4912 μὲν
538 4839 705 4916 μέγας
777 4840 1098 4905 ’Δθανάσιος
1180 4842 1358 4905 οὕτως
1449 4842 1584 4898 εἶπε·
1661 4843 1731 4897 Τὸ

366 4925 429 4983 ἐκ
455 4931 556 4984 τοῦ
586 4927 822 5006 Πατρὸς,
855 4929 933 4993 ὡς
956 4932 1105 5005 παρὰ
1138 4934 1238 4986 τοῦ
1296 4930 1475 5007 Λόγου
1525 4936 1622 4986 τοῦ
1675 4930 1737 4987 ἐκ
1790 4937 1888 4988 τοῦ
1919 4939 2032 4989 Πα-

348 5015 483 5092 τρὸς
526 5082 531 5083 ν
577 5016 1032 5093 ἐκπορευόμενον.
1097 5020 1155 5074 Ὀ
1238 5016 1298 5075 δὲ
1372 5018 1582 5095 Νύσσῃς
1666 5020 1859 5090 εἰπὼν,
1933 5023 2026 5078 τὸν

350 5105 479 5161 nev
516 5106 672 5163 ῖεῖναι
729 5112 1028 5185 προσεχῶς
1089 5108 1150 5165 ἐκ
1203 5112 1303 5164 τοῦ
1346 5109 1590 5187 πρώτου,
1623 5109 1866 5166 τουτέστι
1925 5116 2024 5167 τοῦ

354 5195 593 5273 Πατρὸς,
626 5196 750 5268 ἑξῆς
808 5194 984 5274 λέγει,
1040 5198 1104 5252 τὸ
1162 5202 1385 5273 Πνεῦμα
1441 5195 1532 5253 διὰ
1583 5203 1682 5254 τοῦ
1731 5205 2023 5278 προσεχῶς

352 5283 415 5341 ἐκ
470 5289 570 5341 τοῦ
627 5287 875 5364 πρώτου.
928 5288 986 5340 Ὁ
1040 5286 1221 5365 Σοφὸς
1276 5285 1554 5365 Κύριλλος
1601 5294 1894 5368 προφανῶς
1950 5288 2022 5346 εἷε-

349 5394 535 5450 ρηκεν,
594 5374 648 5448 ἐξ
706 5375 934 5454 ἀμφοῖν,
990 5372 1207 5447 δηλαδὴ
1299 5381 1400 5432 τοῦ
1458 5377 1670 5453 Πατρὸς
1715 5378 1806 5434 καὶ
1865 5380 2015 5452 Υἱοῦ,

347 5470 480 5530 ἀλλ’
564 5473 973 5554 ἐφερμηνεύων,
1049 5478 1170 5538 πῶς
1255 5474 1319 5530 τὸ
1396 5474 1448 5546 ἐξ
1530 5475 1760 5554 ἀμφοῖν,
1847 5477 2014 5553 εἶπεν,

2221 3770 2276 3823 6.
2307 3767 2474 3824 Alius
2504 3766 2683 3824 etiam
2711 3765 2804 3823 vir
2832 3764 3085 3823 eximius
3114 3768 3173 3821 et
3210 3768 3497 3837 praestans
3526 3780 3663 3820 cum
3694 3764 3803 3820 La-

2151 3856 2314 3927 tinis,
2347 3872 2645 3913 semonem
2679 3872 3017 3928 conserens,
3054 3870 3191 3910 cum
3242 3853 3355 3910 sibi
3402 3852 3807 3926 proposuisset

2152 3946 2556 4002 demonstrare
2604 3944 2765 4001 nullo
2815 3944 3011 4016 modo,
3064 3944 3111 3999 si
3178 3943 3395 4000 veritas
3451 3942 3807 3998 attendenda

2149 4037 2262 4101 est,
2292 4033 2425 4101 sibi,
2458 4049 2583 4105 qua;
2614 4049 2651 4089 ει
2690 4032 2913 4088 sanctis
2962 4032 3245 4088 dicuntur
3299 4022 3619 4100 aduersari,
3671 4030 3809 4087 licet

2148 4120 2208 4177 id
2242 4122 2509 4178 videatur
2537 4120 2850 4194 imperitis,
2881 4121 3319 4177 Adversarenlur
3346 4122 3557 4192 utique,
3589 4119 3805 4193 inquit,

2146 4212 2197 4266 si
2227 4211 2302 4266 de
2325 4211 2537 4277 eodem,
2566 4214 2619 4265 et
2643 4209 2943 4266 secundum
2994 4209 3158 4277 idem,
3219 4208 3365 4265 idem
3413 4208 3802 4282 signiﬁcantia

2146 4300 2216 4357 ab
2246 4300 2334 4357 his
2357 4300 2577 4372 quidem
2606 4300 2993 4373 rejicerentur,
3034 4299 3109 4356 ab
3155 4299 3287 4355 aliz's
3333 4298 3799 4370 approbarentur.

2147 4398 2237 4454 Sic
2262 4400 2454 4471 itaque
2481 4399 2544 4453 in
2581 4398 2859 4454 similibus
2910 4397 3160 4455 Christus
3203 4399 3463 4465 asseruit,
3510 4397 3797 4470 Spiritum

2145 4504 2212 4545 ex
2241 4489 2409 4544 Patre
2456 4488 2790 4560 procedere,
2838 4490 2890 4542 et
2941 4489 3130 4544 omnia
3154 4489 3298 4559 forte
3351 4488 3510 4543 Patri
3549 4490 3797 4559 referens

2144 4582 2418 4650 tanquam
2441 4579 2642 4649 prima:
2671 4592 2876 4644 causae,
2925 4577 3018 4632 illi
3057 4593 3270 4649 quoque
3315 4577 3561 4649 Spiritus
3580 4591 3799 4648 proces-

2143 4668 2354 4722 sionem
2393 4666 2637 4722 ascribit
2690 4671 2757 4723 Et
2804 4682 3042 4738 magnus
3091 4681 3300 4738 quoque
3350 4666 3686 4721 Athanasius
3717 4668 3799 4721 ita

2144 4757 2358 4812 locutus
2412 4760 2493 4812 est
2542 4773 2557 4810 :
2608 4755 2864 4829 Spiritus
2919 4773 2990 4812 ex
3055 4756 3244 4823 Patre,
3297 4755 3798 4827 quemadmodum

1814 4848 2039 4919 Πνεῦμα
2065 4841 2114 4907 D
2145 4861 2215 4902 ex
2244 4845 2450 4917 Verbo,
2481 4845 2635 4917 quod
2659 4862 2729 4901 ex
2758 4846 2927 4901 Patre
2967 4849 3077 4913 est,
3126 4845 3469 4917 procedens.
3522 4845 3801 4918 Nyssenus

2142 4932 2330 4991 autem
2379 4951 2503 4990 cum
2554 4936 2806 5007 dixisset,
2859 4933 3073 4990 Filium
3146 4950 3276 4989 esse
3332 4933 3672 4990 immediate
3728 4951 3798 4990 ex

2140 5023 2333 5096 primo
2362 5048 2376 5091 ;
2406 5025 2576 5080 Patre
2604 5024 2830 5093 scilicet,
2861 5023 3369 5095 subdit,Spiritum
3405 5039 3509 5095 per
3537 5039 3673 5079 eum
3693 5024 3792 5095 qui

2133 5112 2474 5169 immediate
2511 5117 2624 5181 est,
2656 5129 2725 5168 ex
2776 5112 2989 5185 primo.
3038 5113 3267 5184 Sapiens
3319 5112 3563 5184 Cyrillus
3596 5113 3791 5184 palam

2129 5204 2313 5273 fassus
2339 5209 2443 5273 est,
2479 5218 2549 5258 ex
2579 5205 2850 5275 utroque,
2883 5205 3053 5257 Patre
3115 5216 3327 5273 nempe
3384 5205 3443 5256 et
3499 5196 3664 5268 Filio,
3692 5203 3785 5258 sed

2129 5292 2357 5347 modum
2401 5307 2694 5359 enarrans,
2745 5290 3012 5363 quomodo
3042 5306 3113 5347 ex
3157 5294 3407 5363 utroque,
3450 5290 3685 5359 addidit,
3717 5308 3788 5347 ex

2128 5385 2299 5437 Patre
2329 5379 2556 5437 scilicet
2585 5397 2689 5452 per
2719 5380 2951 5435 Filium.
2996 5382 3063 5436 Et
3107 5381 3345 5438 Joannes
3391 5384 3784 5445 Damascenus,

2127 5495 2201 5535 ex
2243 5485 2421 5535 Patre
2470 5479 2761 5550 afﬁrmans
2813 5482 3131 5551 tanquame
3152 5480 3337 5551 primo
3382 5479 3685 5551 principio,
3734 5483 3785 5535 et

347 5558 649 5637 ἐπήγαγεν,
680 5560 800 5634 ἤως
858 5561 918 5619 ἐκ
972 5567 1070 5619 τοῦ
1118 5563 1331 5641 Πατρὸς
1388 5561 1459 5618 δι’
1511 5566 1660 5621 Υἱοῦ.
1711 5566 1769 5620 '0
1831 5568 2014 5640 μέντοι

2152 5569 2309 5624 mima
2364 5585 2550 5635 causa,
2611 5584 2727 5624 non
2782 5584 2853 5623 ex
2906 5567 3074 5634 Filio,
3149 5576 3413 5640 tanquam
3470 5584 3541 5624 ex
3588 5569 3774 5640 primo

349 5653 711 5725 Δαμασκηνὸς
800 5654 1059 5723 Ἰωάννης
1140 5655 1205 5709 τὸ
1278 5652 1339 5709 ἐκ
1385 5653 1598 5730 Πατρὸς
1681 5652 1856 5732 λέγων
1937 5657 2014 5721 ὡς

2152 5659 2418 5731 ινίησὶρίο,
2449 5672 2551 5713 nec
2574 5656 2866 5729 prohibuit
2893 5656 3007 5713 dici
3042 5674 3111 5712 ex
3135 5657 3298 5725 Filio,
3320 5662 3591 5729 tanquam
3617 5674 3689 5714 ex
3715 5673 3777 5726 eo

346 5737 410 5794 ἐκ
462 5741 697 5817 πρώτης
754 5743 938 5819 ἀρχῆς
995 5743 1087 5798 καὶ
1143 5743 1371 5818 πρώτης
1414 5741 1614 5813 αἰτίας,
1648 5742 1749 5800 οὐκ
1803 5744 1864 5802 ἐκ
1914 5750 2014 5803 τοῦ

2152 5749 2225 5804 ἀί
2277 5747 2620 5813 immediate,
2674 5746 2764 5802 vel
2814 5763 2915 5818 per
2966 5762 3093 5803 eum
3141 5749 3239 5819 qui
3291 5746 3607 5803 immediate
3650 5757 3730 5805 est
3753 5766 3776 5813 ;

344 5828 498 5905 Υἱοῦ,
537 5830 727 5910 φησὶν,
786 5831 863 5895 ὡς
923 5830 984 5887 ἐκ
1027 5832 1256 5911 πρώτης
1318 5833 1521 5909 ἀρχῆς,
1573 5833 1664 5889 nul
1719 5833 1820 5890 οὐκ
1874 5835 2015 5908 ἀπη-

2152 5837 2267 5894 dem
2295 5838 2448 5894 enim
2487 5836 2642 5895 valet
2670 5852 2759 5910 ex,
2790 5840 2846 5892 et
2883 5852 2988 5909 per
3027 5836 3354 5910 przepositio
3380 5853 3401 5893 :
3429 5834 3593 5909 idque
3642 5838 3774 5896 sole-
