4132 6458
358 429 478 494 639

1617 432 2044 496 NICEPHORI
2085 430 2525 495 BLEMMIDE

3665 436 3784 499 540

363 579 496 619 mne
522 565 600 620 est
625 562 835 621 divinis
862 564 1083 635 litteris,
1133 582 1233 624 nec
1275 568 1387 639 fuit
1426 585 1461 623 a
1506 570 1710 625 sanctis
1754 566 2010 623 Patribus

2126 565 2346 639 γόρευσε
2401 564 2486 636 τὸ,
2549 563 2609 620 ἐκ
2663 568 2760 620 τοῦ
2817 565 2965 640 1106,
3026 564 3103 628 ὡς
3160 564 3221 621 ἐκ
3274 569 3373 622 τοῦ
3446 572 3781 644 προσεχοῦς,

365 653 703 723 ignoratum.
735 656 811 710 Et
836 658 890 710 si
908 672 982 711 ea:
1008 656 1176 726 Filio,
1206 657 1381 713 veluti
1433 674 1503 713 ex
1546 661 1712 713 Patre
1763 672 1866 729 per
1914 657 2009 712 Fi-

363 742 503 799 lium
528 760 551 806 ;
581 750 651 810 et,
681 745 734 799 si
760 744 828 799 ab
858 748 1108 817 utroque,
1158 747 1440 803 similiter.
1497 748 1564 803 Et
1616 749 1669 802 si
1712 763 1785 802 ea:
1826 747 2010 818 prima

364 832 585 904 quidem
615 849 783 889 causa
813 836 997 902 Patre,
1032 852 1101 891 ea:
1127 852 1210 908 eo,
1243 837 1340 909 qui
1386 837 1703 893 immediate
1733 846 1812 892 est
1842 837 2007 891 Filio.

363 922 472 978 Nec
499 939 637 977 sane
663 927 854 978 contra
884 924 1116 981 hisceret
1156 928 1377 997 sapiens
1431 928 1796 983 Damascenus
1823 924 1895 981 ad
1924 941 2010 981 ea.

365 1027 485 1084 qua
531 1011 729 1068 habent
779 1031 1014 1083 magnus
1061 1016 1413 1080 Athanasius,
1466 1032 1699 1085 magnus
1744 1015 2009 1088 (lg/rillus.

361 1107 413 1155 et
442 1101 714 1172 Nyssenus
757 1102 1065 1175 Gregorius,
1098 1104 1192 1160 sed
1248 1106 1464 1161 diceret
1513 1115 1565 1161 et
1620 1107 1734 1177 ipse
1790 1107 2013 1160 omnino

366 1188 469 1245 hoc
497 1190 675 1261 modo,
711 1196 760 1247 et
807 1209 877 1247 ea:
908 1195 1048 1249 Filio
1096 1195 1361 1266 Spiritus,
1411 1194 1627 1266 quando
1672 1198 1726 1250 et
1773 1197 1889 1265 ipse
1914 1210 2016 1266 per

365 1278 576 1334 Filium
608 1280 766 1346 diczt,
797 1297 861 1335 ac
888 1283 939 1337 si
965 1281 1210 1338 eamdem
1236 1285 1351 1339 vim
1398 1284 1657 1339 haberent
1694 1300 1816 1356 per,
1868 1289 1922 1338 et
1948 1299 2017 1337 ex

361 1371 798 1441 prapositiones.
833 1372 997 1440 Quod
1024 1372 1076 1427 si
1103 1375 1369 1443 tanquam
1408 1389 1483 1429 ea:
1522 1375 1711 1444 prima
1769 1388 1936 1428 causa
1965 1375 2017 1427 et

363 1473 440 1513 ea:
466 1459 607 1514 Filio
638 1461 920 1529 quispiam
948 1465 1243 1533 astrueret,
1275 1462 1421 1533 quod
1458 1463 1647 1517 nullus
1671 1477 1919 1533 unquam
1947 1477 2018 1516 ea:

369 1546 635 1602 Patribus
685 1549 1003 1619 afﬁrmavit,
1038 1551 1374 1607 contradicet
1399 1552 1499 1607 ille
1524 1558 1688 1621 certe,
1722 1565 2019 1622 vocemque

363 1637 570 1708 efferet.
603 1637 672 1691 Et
701 1639 771 1693 de
801 1638 899 1695 his
927 1655 1156 1711 quoque
1184 1640 1349 1697 satis.

2120 649 2247 721 ἤτοι
2306 650 2395 707 διὰ
2458 658 2556 708 τοῦ
2631 659 2961 731 προσεχοῦς.
3013 654 3215 711 Ταυτὸν
3287 655 3393 733 γάρ
3464 652 3692 712 δύναται
3746 660 3780 727 ἡ

2122 738 2213 796 διὰ
2270 741 2526 817 πρόθεσις
2584 743 2674 799 καὶ
2731 745 2767 812 ἡ
2830 742 2904 814 ἐξ.
2962 745 3063 798 Καὶ
3146 749 3307 799 τοῦτο
3388 744 3618 815 σύνηθες
3696 746 3785 802 καὶ

2122 830 2257 904 αὐτῇ
2314 835 2383 906 τῇ
2443 837 2652 907 Γραφῇ,
2709 833 2801 888 καὶ
2868 838 2989 896 τοῖς
3071 833 3247 910 ἁγίοις
3335 836 3608 911 ΙΙατράσιν
3688 834 3786 891 οὐκ

2122 919 2491 996 ἀγνοούμενον
2571 922 2670 977 Καὶ
2741 922 2787 978 εἰ
2851 924 2946 996 μὲν
2995 922 3055 978 ἐκ
3095 928 3194 978 τοῦ
3250 925 3378 979 Υἱοῦ
3435 925 3511 986 ὡς
3573 924 3634 980 ἐκ
3687 930 3785 981 τοῦ

2125 1010 2334 1085 Πατρὸς
2392 1008 2482 1065 διὰ
2535 1016 2634 1066 τοῦ
2685 1012 2835 1083 Υἳοῦ,
2893 1012 2983 1067 καὶ
3041 1013 3087 1067 εἱ
3146 1011 3198 1083 ἐξ
3282 1013 3509 1091 ἀμφοῖν,
3573 1012 3784 1087 ὁμοίως

2124 1095 2182 1153 δὲ
2236 1099 2327 1153 xui
2385 1099 2433 1154 εἰ
2492 1099 2552 1155 ἐκ
2602 1101 2829 1176 πρώτης
2885 1101 2981 1175 μὶν
3052 1100 3227 1164 αἰτίας
3282 1106 3382 1157 τοῦ
3437 1103 3678 1179 Πατρὸς,
3729 1101 3788 1158 ὲκ

2121 1193 2219 1243 τοῦ
2275 1193 2587 1265 προσεχοῦς
2648 1187 2706 1245 δὲ
2762 1194 2860 1245 τοῦ
2917 1190 3070 1262 Υῖοῦ,
3125 1192 3259 1267 ἅπερ
3318 1192 3481 1269 φησὶν
3538 1192 3568 1246 6
3623 1189 3788 1268 μέγας

2125 1279 2469 1348 Ἀθανάσιος,
2528 1279 2556 1334 ὁ
2619 1277 2785 1356 μέγας
2869 1276 3168 1354 Κύριλλος,
3226 1280 3254 1335 6
3323 1279 3542 1351 Νύσσης
3639 1287 3786 1358 Γρη-

2122 1368 2336 1444 γόριος,
2395 1367 2494 1422 οὐκ
2572 1367 2631 1423 ἃν
2693 1369 2722 1423 6
2791 1368 2958 1446 σοφὸς
3014 1367 3273 1440 Ἰωάννης
3358 1368 3788 1447 ἀντιφθέγξαιτο,

2126 1456 2252 1513 ἀλλ’
2284 1456 2396 1533 ἐρεῖ
2423 1456 2512 1512 καὶ
2544 1456 2705 1521 αὐτὸς
2752 1457 2858 1523 ὅτι,
2890 1456 3064 1520 οὕτως
3120 1457 3211 1514 καὶ
3268 1458 3329 1514 ἐκ
3382 1463 3481 1514 τοῦ
3541 1459 3675 1514 I106
3728 1460 3791 1514 τὸ

2125 1550 2366 1620 Πνεῦμα.
2428 1548 2527 1602 Διὰ
2580 1551 2680 1603 τοῦ
2736 1548 2866 1602 I106
2939 1547 3067 1622 γὰρ,
3125 1546 3258 1627 φησὶ
3305 1549 3397 1603 καὶ
3470 1547 3656 1621 αὐτὸς,
3716 1548 3791 1610 ὡς

2127 1634 2564 1708 ἱσοδυναμούσης
2621 1642 2719 1707 τῆς
2771 1633 2862 1693 διὰ
2918 1636 3008 1692 xui
3060 1643 3163 1707 τῆς
3354 1636 3421 1693 Εἰ
3481 1633 3544 1692 δὲ
3599 1638 3676 1700 ὡς
3735 1635 3795 1692 ἐκ

361 1724 588 1800 πρώτης
649 1724 844 1796 αἰτίας,
914 1725 1004 1781 xui
1064 1726 1124 1782 ἐκ
1171 1731 1271 1783 τοῦ
1328 1729 1457 1783 I106
1531 1726 1687 1805 λέγοι
1766 1748 1871 1799 τις,
1931 1725 2064 1803 ὅπερ
2149 1726 2265 1781 εἶπε
2344 1730 2454 1782 τῶν
2536 1725 2702 1803 ἁγίων
2787 1723 2984 1798 οὐδεὶς,
3042 1726 3133 1782 καὶ
3218 1725 3654 1806 ἀντιφθέγξεται,
3705 1725 3792 1782 καὶ

364 1810 503 1887 μέγα
537 1814 754 1889 βοήσει.
796 1814 916 1868 Ἐπὶ
952 1820 1209 1871 τοσοῦτον
1263 1817 1353 1871 xui
1409 1821 1595 1874 ταῦτα.

432 1922 485 1977 7.
522 1922 737 1979 Multos
767 1927 1047 1995 praeterea
1094 1924 1242 1982 alios
1271 1942 1341 1982 ex
1389 1926 1814 1983 recentioribus
1845 1923 2013 1993 illud,

2197 1923 2258 1991 ζ’.
2292 1920 2547 1985 Πολλοὺς
2580 1919 2640 1977 δὲ
2667 1923 2757 1979 καὶ
2789 1920 2997 1986 ἄλλους
3050 1926 3161 1979 τῶν
3216 1921 3497 2000 νεωτέρων
3542 1922 3789 1997 εὑρίσκο-

360 2026 430 2066 ex
453 2011 620 2080 Filio,
655 2028 889 2068 summo
922 2013 1056 2069 nisu
1088 2015 1846 2087 oppugnantes,admodum
1874 2029 2010 2070 vero

359 2099 545 2156 valide
576 2100 743 2169 illud,
773 2119 874 2174 per
910 2105 1117 2159 Filium
1145 2106 1618 2177 comprobantes,
1641 2104 2010 2162 ostendimus

360 2190 686 2246 secundum
720 2208 848 2247 eam
882 2210 1061 2265 quam
1095 2199 1231 2250 ante
1248 2194 2008 2268 attulinus,expositionem;

362 2295 541 2350 quare
572 2280 767 2337 nescio
800 2283 1097 2339 undenam
1137 2283 1298 2339 ducti
1336 2283 1447 2340 hac
1503 2289 1671 2340 aetate
1717 2282 2008 2352 nonnulli,

359 2385 477 2425 non
508 2370 807 2425 sustinent
835 2371 988 2427 dici:
1024 2372 1293 2445 Spiritum
1320 2390 1419 2446 per
1460 2374 1666 2429 Filium
1718 2372 2011 2446 procedere

360 2473 434 2513 ea:
463 2464 647 2514 Patre.
682 2461 793 2515 Sed
826 2460 1152 2529 videamus,
1198 2479 1327 2534 quae
1369 2463 1441 2519 de
1494 2462 1604 2520 hoc
1661 2465 2010 2535 argumento

362 2546 741 2619 Serapionem
773 2550 1114 2623 episcopum
1148 2569 1252 2624 per
1278 2552 1589 2625 epistolam
1628 2553 1889 2619 edoceat,
1921 2550 2009 2605 di—

359 2652 536 2709 gnus,
569 2637 667 2708 qui
698 2638 913 2695 habeat
939 2657 1008 2696 ex
1038 2640 1478 2698 immortalitate
1502 2640 2010 2709 nomen,Atbana-

360 2725 486 2783 eius
523 2743 536 2781 :
569 2728 1039 2797 Quemadmodum
1067 2747 1292 2801 germen
1319 2733 1669 2801 unigenitum
1700 2731 1885 2787 Filius
1912 2738 2008 2802 est,

358 2817 442 2871 sic
468 2824 519 2874 et
549 2816 812 2889 Spiritus,
847 2820 944 2891 qui
970 2837 1006 2875 a
1032 2821 1176 2877 Filio
1204 2820 1370 2876 datur
1409 2830 1460 2877 ct
1503 2822 1771 2890 mittitur,
1817 2822 1868 2875 et
1896 2821 2013 2892 ipse

359 2922 525 2973 unus,
579 2909 630 2962 et
679 2924 790 2963 non
819 2909 1025 2979 plures,
1070 2926 1240 2981 neque
1290 2927 1363 2966 ex
1405 2911 1663 2982 pluribus
1702 2926 1868 2975 unus,
1910 2909 2013 2965 sed

359 2995 511 3051 solus
542 2996 655 3067 ipse
683 2996 926 3068 Spiritus
960 3022 975 3065 ;
1004 3015 1137 3053 nam
1167 3015 1291 3054 cum
1321 3016 1466 3054 unus
1493 3001 1568 3055 sit
1597 3000 1792 3064 Filius,
1824 3001 2013 3054 viveus

367 3083 616 3152 Verbum,
650 3102 824 3140 unum
857 3089 1065 3157 oportet
1114 3103 1226 3143 esse
1279 3090 1602 3159 perfectam,
1660 3088 2009 3159 completam-

357 3188 464 3246 que
491 3175 942 3244 sanctiﬁcantem,
973 3177 1023 3230 et
1052 3176 1465 3232 illuminantem
1500 3179 1693 3245 vitam,
1726 3190 1852 3247 quae
1879 3191 2012 3245 ape-

358 3263 502 3318 ratio
554 3264 726 3335 ipsius
780 3269 833 3319 et
886 3281 1093 3321 munus
1140 3274 1216 3321 est
1255 3282 1277 3328 ;
1324 3282 1442 3339 qua:
1472 3282 1543 3324 ea:
1588 3271 1754 3322 Patre
1805 3265 2010 3321 dicitur

358 3351 671 3423 procedere,
704 3353 919 3423 quando
973 3370 1008 3409 a
1057 3354 1260 3421 Verbo,
1289 3356 1433 3427 quod
1459 3372 1530 3411 ex
1571 3355 1735 3411 Patre
1765 3362 1860 3428 est,
1891 3355 2012 3410 sine

354 3441 476 3496 ulla
507 3440 859 3498 haesitatione
888 3443 1081 3509 elucet,
1112 3444 1361 3499 mittitur
1387 3447 1438 3500 et
1461 3444 1643 3500 datur.

430 3547 485 3602 8.
520 3546 800 3603 Elucendi
852 3548 1027 3605 verbo
1077 3549 1318 3621 quidam
1360 3551 1658 3606 mordicus
1707 3551 2011 3619 inhaerent,

360 3634 719 3707 traduntque
775 3653 842 3692 eo
891 3637 1425 3711 promulgationem
1468 3639 1736 3710 indicari,
1772 3656 1885 3695 non
1917 3657 2013 3695 ex-

363 3723 696 3779 sistentiam
734 3741 746 3779 :
783 3742 1039 3798 namque
1066 3743 1172 3799 per
1194 3729 1483 3800 procedere
1537 3735 1711 3785 antea
1754 3730 2012 3801 positum

363 3811 765 3869 exsistentiam
798 3816 1185 3873 manifestari.
1228 3817 1285 3873 Si
1330 3818 1524 3890 itaque
1582 3818 1833 3891 Spiritus
1881 3835 2015 3890 pro-

365 3901 570 3957 cedere
617 3902 836 3957 dicitur
891 3922 960 3960 ex
990 3905 1181 3968 Patre.
1213 3909 1490 3978 quoniam
1542 3925 1577 3963 a
1611 3907 1799 3963 Verbo
1826 3908 2015 3963 mani-

366 3990 635 4058 festatur,
669 4009 800 4047 cum
835 4010 951 4049 non
996 3995 1429 4064 manifestatur,
1478 4013 1668 4069 neque
1724 4014 1793 4052 ex
1848 3998 2017 4053 Patre

365 4080 679 4152 procedere
723 4081 970 4138 dicetur.
1020 4085 1107 4139 An
1159 4084 1345 4156 igitur
1396 4090 1529 4140 ante
1587 4103 1680 4140 res
1728 4086 2014 4151 conditas,

367 4167 490 4225 sive
535 4169 805 4242 sensiles,
857 4171 976 4228 sive
1023 4173 1470 4244 intellectuales,
1523 4176 1798 4245 quibusa
1826 4175 2017 4231 Verbo

371 4257 784 4315 manifestatus
806 4265 895 4316 est
940 4261 1195 4333 Spiritus
1225 4268 1489 4335 sanctus,
1519 4281 1634 4319 non
1685 4264 1913 4319 dicetur
1950 4281 2019 4320 ex

368 4350 540 4403 Patre
572 4350 886 4420 procedere
913 4350 942 4405 ?
970 4351 1481 4415 Quemadmodum
1524 4353 1679 4408 enim
1739 4353 2017 4425 qu0piam

368 4437 599 4493 dicente
629 4438 930 4495 hominem
962 4441 1279 4497 essentiam
1312 4442 1655 4513 animatum,
1715 4443 2017 4510 sensilem,

369 4527 852 4598 quandoquidem
885 4528 1105 4584 animal
1136 4534 1247 4595 est,
1281 4531 1329 4585 si
1380 4529 1532 4586 alius
1562 4547 1803 4586 causam
1862 4548 2018 4587 ever-

370 4619 493 4672 tere
551 4616 762 4688 possit,
822 4616 1227 4675 inductionem
1286 4620 1463 4675 etiam
1520 4626 1775 4675 evertet:
1814 4621 2017 4676 eadem

371 4703 598 4762 ratione
642 4705 851 4761 talium
908 4706 1217 4763 hominum
1266 4709 1667 4781 suppositione
1724 4709 2019 4781 submota,

369 4795 525 4866 quod
555 4794 693 4851 inde
723 4794 1039 4868 colligitur,
1069 4802 1350 4867 quantum
1385 4798 1443 4852 in
1473 4797 1620 4869 ipsis
1650 4798 2022 4865 est,destrue-

364 4886 483 4940 tur.

440 4971 497 5028 9.
529 4972 600 5027 Et
626 4970 686 5027 bi
717 4971 954 5044 quidem
1013 4972 1225 5041 adhuc,
1276 4977 1513 5044 propter
1569 4975 1722 5046 quod
1769 4974 2019 5043 dicatur,

367 5060 624 5133 Spiritus
654 5077 723 5116 ex
771 5061 939 5118 Patre
977 5062 1310 5134 procedere,
1358 5067 1637 5133 quaerent.
1670 5063 1788 5119 Nos
1816 5080 2019 5120 verum

369 5147 649 5206 dictionis
667 5149 1067 5222 signiﬁcatum
1099 5151 1657 5222 assumentes,hunc
1685 5153 1745 5207 in
1778 5153 2019 5209 modum

369 5243 876 5311 argumentemur.
940 5239 1196 5311 Spiritus
1254 5257 1323 5295 ex
1378 5242 1591 5309 Verbo,
1636 5258 1737 5313 per
1765 5242 2018 5298 Verbum

371 5325 594 5383 scilicet
624 5328 866 5400 proﬂuit
892 5345 961 5384 ex
1013 5329 1203 5397 Patre,
1254 5330 1755 5401 quemadmodum
1802 5347 1872 5386 ex
1899 5331 2022 5387 sole

370 5432 475 5489 per
523 5415 725 5472 lumen
774 5416 1121 5474 illuminans
1171 5417 1472 5491 splendor.
1521 5418 1581 5475 Id
1632 5437 1767 5476 cum
1811 5420 1895 5475 ita
1921 5421 2022 5487 sit,

369 5510 428 5561 et
454 5504 711 5560 Verbum
745 5524 812 5587 ex
845 5507 1012 5562 Patre
1043 5508 1396 5563 conﬁtemur
1430 5526 1443 5577 ;
1477 5513 1782 5580 prapterea
1812 5515 1869 5564 et
1898 5509 2022 5581 Spi-

370 5593 522 5650 ritus
555 5611 623 5650 ex
655 5594 822 5651 Patre
854 5597 1166 5668 procedere
1195 5597 1431 5653 dicitur.
1458 5597 1713 5669 Usurpat
1740 5615 1874 5654 vero
1906 5598 2024 5654 dic-

372 5684 595 5739 tionem
627 5685 819 5753 elucet,
854 5684 925 5741 ad
958 5684 1411 5742 similitudinem
1440 5686 1569 5744 vitae
1595 5686 2019 5760 illuminantis;

372 5772 621 5846 ideoque
649 5776 707 5830 et
739 5772 913 5830 Verbi
973 5774 1393 5848 operationem,
1445 5775 1636 5833 vivam
1691 5776 1914 5834 scilicet
1969 5781 2025 5834 et

2123 2031 2219 2083 μεν
2263 2009 2644 2085 ἐνισταμένους
2696 2012 2790 2085 μὲν
2834 2012 2974 2088 πρὸς
3020 2013 3106 2082 τὸ,
3140 2011 3201 2068 ἐκ
3253 2016 3354 2067 τοῦ
3410 2012 3566 2082 Υἱοῦ,
3625 2031 3788 2066 κατα-

2120 2100 2473 2169 σκευάζοντας
2525 2097 2583 2155 δὶ
2618 2101 2709 2155 καὶ
2743 2099 2894 2174 μάλα
2922 2101 3185 2177 γενναίως
3231 2102 3315 2171 τὸ,
3348 2097 3421 2155 δι’
3467 2102 3625 2159 Υἱοῦ.
3654 2101 3780 2156 Καθ’

2115 2190 2181 2259 ἣν
2240 2186 2799 2266 προδιεσημηνάμεθα
2853 2188 3121 2263 δήλωσιν.
3156 2192 3312 2246 Ὅθεν
3374 2190 3478 2247 οὐκ
3517 2188 3680 2245 οἶδ’ἕί
3728 2209 3778 2243 τι

2119 2277 2383 2343 παθόντες
2410 2278 2613 2355 ἀρτίως
2640 2280 2786 2342 τινὲς
2844 2279 2944 2335 οὐκ
2994 2280 3279 2357 ἀνέχονται
3307 2280 3372 2335 τὸ
3432 2284 3660 2353 Πνεῦμα
3690 2276 3777 2332 δι’.

2119 2369 2249 2423 Υἳοῦ
2323 2370 2725 2445 προσέρχεσθαι
2783 2369 2930 2444 παρά
2983 2374 3082 2425 τοῦ
3135 2367 3369 2445 Πατρός.
3433 2366 3597 2425 Ἀλλ’
3649 2364 3781 2423 ἴδω-

2122 2479 2218 2530 μεν
2261 2459 2351 2512 οἶα
2388 2455 2512 2535 περί
2559 2458 2757 2514 τούτου
2800 2456 3041 2514 διδάσκει
3095 2459 3187 2513 τὸν
3247 2457 3549 2514 ἐπίσκοπον
3611 2464 3783 2534 Σερα-

2117 2544 2298 2602 πίωνα
2356 2544 2425 2602 δι’
2484 2546 2778 2618 ἐπιπολῆς
2832 2548 2861 2602 ὁ
2917 2548 3021 2617 τῆς
3073 2546 3385 2610 Ἀθανασίας
3452 2547 3779 2620 ἀξιώνυμος·

2118 2639 2323 2713 ’Ὠσπερ
2407 2637 2656 2712 γέννημα
2741 2638 3028 2713 μονογενὲς
3093 2637 3122 2692 ὁ
3202 2637 3326 2699 Υἱός
3410 2636 3581 2710 ἐστιν,
3641 2633 3781 2691 οὕτω

2120 2724 2211 2781 xui
2275 2726 2339 2781 τὸ
2417 2731 2641 2800 Πνεῦμα
2724 2727 2873 2803 παρὰ
2955 2730 3052 2781 τοῦ
3135 2726 3265 2781 Υἱοῦ
3344 2722 3637 2800 διδόμενον
3694 2722 3781 2779 xui

2120 2814 2501 2888 πεμπόμενον,
2548 2815 2640 2870 xui
2707 2814 2839 2870 αὐτὸ
2887 2814 2942 2870 ἓν
2996 2815 3087 2870 καὶ
3144 2813 3206 2869 οὐ
3264 2811 3478 2886 πολλὰ,
3528 2811 3658 2870 οὐδὲ
3726 2811 3783 2868 ἐκ

2119 2902 2352 2960 πολλῶν
2409 2904 2489 2978 ἓν,
2548 2904 2695 2961 ἀλλά
2755 2903 2920 2979 μόνον
2982 2903 3112 2959 αὐτὸ
3169 2908 3411 2977 Πνεῦμα·
3468 2905 3623 2967 Ἐνὸς
3680 2902 3781 2979 γὰρ

2120 2988 2278 3055 ὄντος
2324 2998 2422 3048 τοῦ
2481 2995 2610 3048 Υἱοῦ
2665 2998 2762 3048 τοῦ
2822 2997 3022 3063 ζῶντος
3075 2992 3278 3069 Λόγου,
3316 2991 3445 3067 μίαν
3510 2995 3648 3049 εἶναι
3703 2990 3783 3046 δεῖ

2119 3082 2331 3140 τελείαν
2389 3082 2479 3138 xui
2538 3082 2729 3159 πλήρη
2791 3084 2889 3152 τὴν
2967 3082 3293 3160 άγιαστικὴν
3372 3084 3547 3155 ζωὴν,
3624 3079 3779 3136 οὖσαν

2120 3171 2387 3247 ἐνέργειαν
2448 3171 2612 3226 αὐτοῦ
2691 3170 2783 3228 xui
2854 3169 3082 3248 δωρεὰν,
3134 3170 3257 3240 ἥτις
3314 3191 3378 3247 γε
3436 3170 3500 3226 ἐκ
3574 3168 3781 3246 Πατρὸς

2121 3260 2338 3337 λέγεται
2431 3259 2832 3337 ἐκπορεύεσθαι,
2900 3256 3088 3329 ἐπειδὴ
3182 3259 3330 3337 παρά
3414 3264 3520 3315 τοῦ
3604 3258 3781 3334 Λόγου

2118 3354 2217 3406 τοῦ
2275 3349 2335 3405 ἐκ
2390 3354 2487 3404 τοῦ
2551 3350 2763 3421 Πατρὸς
2818 3347 3287 3425 ὁμολογουμένως
3347 3346 3648 3423 ἐκλάμπει,
3698 3344 3785 3401 καὶ

2122 3437 2518 3495 ἀποστέλλεται
2547 3438 2637 3493 xui
2669 3436 2900 3495 δίδοται.

2194 3547 2264 3617 η’.
2322 3545 2671 3622 Ἐπιφύονται
2726 3550 2806 3618 τῷ
2857 3543 3155 3619 ἐκλάμπειν
3234 3544 3401 3617 τινες,
3465 3544 3556 3601 xui
3632 3560 3787 3622 φανε-

2124 3635 2343 3712 ρώσεως
2376 3634 2512 3690 εἶναί
2561 3655 2718 3713 φασιν
2767 3632 2898 3689 αὐτὰ
2954 3631 3284 3707 δηλωτικὸν,
3319 3632 3427 3709 οὐχ
3491 3633 3783 3708 ὑπάρξεως’

2121 3726 2185 3781 τὸ
2242 3726 2346 3801 γὰρ
2434 3724 2814 3801 ἐκπορεύεσθαι
2894 3721 3377 3799 προδεδηλωκέναι
3453 3724 3555 3793 τὴν
3624 3722 3787 3795 ὕπαρ-

2125 3815 2223 3886 ξιν.
2258 3814 2325 3871 Ei
2350 3813 2532 3869 τοίνυν
2567 3813 2952 3891 ἐκπορεύεσθαι
2995 3813 3059 3868 τὸ
3119 3817 3337 3886 Πνεῦμα
3394 3809 3617 3890 λέγεται
3648 3806 3788 3883 παρᾶ

2122 3908 2220 3960 τοῦ
2267 3904 2500 3980 Πατρὸς,
2536 3900 2723 3973 ἐπειδὴ
2768 3903 2916 3979 παρά
2964 3906 3063 3957 τοῦ
3109 3901 3292 3976 Λόγου
3324 3906 3678 3979 φανεροῦται,
3713 3896 3786 3971 μὴ

2127 3990 2292 4064 οὔσης
2348 4000 2449 4063 τῆς
2507 3992 2886 4068 φανερώσεως,
2920 3988 3035 4047 οὐδ’
3092 3990 3153 4047 ἐκ
3187 3994 3286 4046 τοῦ
3330 3991 3550 4069 Πατρὸς
3611 3987 3788 4065 λέγοιτ

2127 4083 2186 4139 ἂν
2247 4082 2651 4159 ἐκπορεύεσθαι.
2710 4081 2772 4136 Τί
2827 4086 2959 4157 γοῦν
3016 4081 3124 4157 πρὸ
3182 4084 3283 4136 τοῦ
3349 4081 3634 4157 γεγονέναι
3688 4076 3782 4143 τήν

2125 4173 2322 4243 κτίσιν,
2356 4170 2462 4228 εἶτε
2515 4173 2616 4241 τήν
2667 4172 2896 4243 νοητὴν,
2942 4168 3068 4235 ἔνθα
3111 4169 3259 4245 παρὰ
3310 4173 3410 4224 τοῦ
3469 4169 3652 4244 Λόγου
3699 4184 3787 4219 πε-

2126 4262 2433 4340 φανέρωται
2485 4262 2548 4317 τὸ
2605 4265 2824 4335 Πνεῦμα
2876 4260 2941 4316 τὸ
3002 4260 3178 4336 ἅγιον,
3238 4257 3340 4314 οὐκ
3396 4258 3458 4315 ἂν
3517 4257 3649 4313 αὐτὸ
3696 4251 3783 4340 λετ

2127 4335 2285 4429 χθείη
2373 4350 2801 4427 ἐκπορευόμενον
2860 4348 2922 4404 ἐκ
2975 4335 3234 4425 Πατρός;
3292 4349 3499 4425 ’Ὠσπερ
3585 4346 3689 4421 γὰρ
3738 4335 3794 4395 εἷ’

2124 4461 2273 4502 τινος
2303 4440 2396 4495 τὸν
2428 4436 2710 4514 ἄνθρωπον
2745 4437 2997 4513 λέγοντος
3057 4435 3242 4493 οὐσίαν
3297 4431 3574 4513 ἔμψυχον,
3608 4434 3787 4499 αἰσθη-

2124 4530 2306 4599 τικὴν,
2338 4526 2525 4598 ἐπειδὴ
2587 4533 2726 4598 ζῶον
2783 4526 2944 4591 ἐστίν’
2994 4523 3144 4602 εἷ’περ
3200 4524 3319 4602 ἔχει
3374 4547 3462 4590 τις
3516 4522 3699 4599 ἕτερος
3725 4519 3784 4572 τὸ

2126 4616 2298 4675 αἷίτιον
2360 4615 2593 4691 ἀνελεῖν,
2652 4615 2930 4673 συνανέλοι
2985 4615 3076 4672 xui
3132 4616 3195 4670 τὸ
3253 4615 3638 4691 συμπέρασμα,
3695 4607 3781 4663 τὸν

2130 4706 2289 4763 αὐτὸν
2347 4707 2551 4783 τρόπον
2616 4713 2717 4777 τῆς
2760 4706 2936 4761 αὐτῶν
3009 4703 3314 4770 ὑποθέσεως
3380 4694 3782 4777 ἀνατετραμμέ-

2129 4817 2252 4870 νης,
2284 4793 2347 4851 τὸ
2380 4792 2536 4865 δῆθεν
2569 4793 2961 4870 συναγόμενον,
3018 4791 3143 4849 ὅσον
3203 4792 3265 4847 τὸ
3318 4791 3402 4848 ἐπ’
3437 4791 3645 4861 αὐτοῖς,
3678 4784 3783 4843 διε-

2128 4869 2432 4941 σκέδασται.
2716 4869 2721 4870 7
2777 4943 2790 4955 ,

2197 4975 2259 5029 θ’.
2286 4973 2385 5029 Καὶ
2444 4972 2595 5028 οὗτοι
2658 4973 2753 5047 μὶν
2790 4969 2870 5027 ’étt
2899 4968 2971 5026 δι’
2998 4971 3029 5027 ὃ
3085 4969 3300 5049 λέγεται
3354 4971 3502 5045 παρὰ
3529 4970 3626 5025 τοῦ
3681 4969 3785 5021 Πα-

2128 5064 2257 5139 τρὸς
2341 5061 2723 5137 ἐκπορεύεσθαι
2778 5061 2841 5116 τὸ
2895 5064 3115 5135 Πνεῦμα
3191 5058 3541 5130 ζητείτωσαν.
3599 5055 3783 5127 Ἡμεῖς

2131 5149 2189 5208 δὲ
2215 5152 2315 5220 τήν
2343 5150 2524 5222 ἀληθῆ
2575 5145 3020 5227 προσλαϐόμενοι
3075 5147 3348 5223 σημασίαν
3405 5154 3509 5217 τῆς
3566 5143 3779 5214 λέξεως,

2130 5239 2306 5303 οὕτως
2341 5238 2801 5317 συλλογισάμεθα.
2835 5239 2908 5295 Τὸ
2955 5242 3177 5311 Πνεῦμα
3232 5237 3382 5313 παρᾶ
3433 5239 3532 5292 τοῦ
3581 5230 3779 5305 Λόγου,

2128 5331 2395 5402 τουτέστι,
2429 5327 2521 5384 διὰ
2546 5334 2645 5385 τοῦ
2685 5327 2865 5406 Λόγου
2920 5327 3164 5405 πρόεισιν
3224 5326 3286 5383 ἐκ
3339 5324 3572 5401 Πατρὸς,
3605 5318 3780 5406 ὥσπερ

2131 5418 2182 5489 ἐξ
2212 5416 2376 5488 ἡλίου
2428 5415 2518 5473 διὰ
2563 5422 2661 5474 τοῦ
2719 5403 2902 5496 φωτὸς
2958 5403 3259 5496 ἐρωτιστική
3319 5410 3647 5490 λαμπηδὼν.

2129 5505 2292 5576 πειδή
2323 5508 2470 5562 τοῦτ’
2504 5502 2667 5580 ἔστιν,
2692 5490 2813 5562 ὁνδὲ
2840 5490 3019 5583 Λόγος
3075 5505 3136 5561 ἐκ
3188 5510 3286 5562 τοῦ
3331 5503 3542 5580 Πατρὸς
3571 5490 3782 5583 ὡμολό-

2130 5616 2315 5672 γηται·
2379 5595 2469 5652 διὰ
2521 5602 2684 5653 τοῦτο
2744 5597 2833 5653 καὶ
2879 5582 2943 5652 τὸ
2973 5600 3192 5670 Πνεῦμα
3244 5595 3393 5674 ποιρᾶ
3438 5590 3645 5667 Πατρὸς
3697 5582 3779 5674 έκς

2130 5668 2448 5760 πορεύεσθαι
2510 5686 2745 5763 λέγεται.
2825 5668 3127 5764 Κέχρηται
3169 5682 3228 5742 δὲ
3280 5668 3351 5761 τῇ
3410 5676 3703 5753 ἐκλάμπειν
3730 5668 3777 5764 μδ

2133 5772 2459 5840 διδάσκαλος
2518 5761 2678 5852 λέξει,
2739 5761 3109 5850 καταλλήλως
3164 5779 3235 5851 τῇ
3293 5770 3594 5858 φωτιστικῇ
3648 5761 3778 5835 ζωῆς
