4132 6456
447 451 563 513 581

1348 448 1452 509 DE
1498 445 2032 512 PROCESSIONE
2074 446 2140 508 S.
2187 447 2549 510 SPIRITUS
2595 443 2894 510 ORATIO
2936 445 2988 508 Ῑ.

3751 441 3870 503 542

443 581 543 639 Διὰ
595 587 758 639 τοῦτο
813 584 904 638 καὶ
959 587 1059 640 τοῦ
1115 582 1293 660 Λόγου
1351 582 1644 660 ἐνέργειαν,
1705 587 1877 639 σῶσαν
1929 577 2098 650 δηλο-

2214 581 2638 638 subsistentem
2670 582 2956 656 Spiritum
2987 583 3260 636 sanctum
3290 577 3685 654 compellavit.
3718 575 3868 631 Ver-

443 672 583 745 νότι,
616 672 706 728 καὶ
755 672 1064 752 ύφεστῶσαν
1111 675 1172 728 τὸ
1229 675 1382 748 ἅγιον
1428 673 1674 745 ὠνόμασε
1721 677 1964 745 Πνεῦμα,
2015 670 2109 724 τὸν

446 762 621 838 Λόγον
683 763 773 817 καὶ
829 763 954 818 Υίὸν
1012 761 1169 825 εἰδὼς
1228 768 1361 819 Θεοῦ
1421 761 1642 836 δύναμιν
1705 761 2061 818 ἐνυπόστατον
2093 801 2104 814 ,

449 852 599 908 Ἐπεὶ
655 849 714 906 δὲ
765 848 854 906 διὰ
907 859 1010 922 τῆς
1069 849 1346 925 δυνάμεως
1396 854 1432 921 ἡ
1484 851 1740 928 ἐνέργεια,
1774 854 1808 921 ἡ
1843 848 1900 905 δε
1949 848 2106 904 δύνα-

451 963 544 1015 μις
575 941 1040 1016 ὁμολογουμένως
1089 941 1150 997 ἐκ
1189 946 1285 996 τοῦ
1337 947 1492 1014 Θεοῦ,
1543 940 1632 995 διὰ
1674 945 1836 996 τοῦτο
1869 940 1926 995 ἐκ
1975 943 2108 994 Θεοῦ

446 1033 483 1100 ἡ
518 1030 775 1107 ἐνέργεια.
835 1035 1005 1086 Τοῦτο
1055 1031 1158 1108 γὰρ
1223 1030 1476 1106 βούλεται
1533 1035 1611 1104 τῷ
1660 1028 1969 1102 διδασκάλῳ
2019 1027 2104 1097 τὸ,

449 1119 661 1196 λέγεται
754 1119 1136 1195 ἐκπορεύεσθαι
1198 1166 1212 1193 ,
1285 1121 1359 1182 ὡς
1433 1127 1534 1190 τῆς
1608 1125 1705 1175 τοῦ
1793 1119 2107 1192 Πνεύματος

449 1209 819 1281 ἐκπορεύσεως
895 1208 1204 1284 λεγομένης
1275 1209 1366 1264 καὶ
1417 1209 1830 1284 κηρυττομένης
1887 1207 1946 1264 ἐκ
2002 1214 2108 1262 Πα-

447 1299 577 1375 τρὸς
635 1296 724 1354 διὰ
777 1299 878 1368 τήν
944 1300 1080 1374 πρὸς
1132 1300 1195 1353 τὸ
1248 1303 1464 1374 πρῶτον
1524 1298 1815 1376 ἀναφοράν.
1870 1300 1958 1360 ⁹Θς
2011 1299 2104 1370 μὲν

447 1388 543 1443 οὗν
590 1387 856 1465 ἐνέργειαν
912 1393 1009 1443 τοῦ
1065 1389 1195 1444 Υἱοῦ
1251 1387 1343 1443 καὶ
1390 1393 1523 1443 Θεοῦ
1555 1388 1737 1464 Λόγου
1774 1389 1836 1444 τὸ
1886 1393 2107 1461 Πνεῦμα

440 1476 503 1533 τὸ
536 1478 687 1555 ἅγιον
721 1476 913 1540 ἀϊδίως
945 1475 1214 1551 ἐκλάμπει
1236 1478 1363 1554 παρ’
1394 1477 1581 1546 αὐτοῦ,
1605 1475 1797 1533 ταυτὸν
1833 1474 1878 1531 δ’
1910 1477 2104 1536 εἰπεῖν,

442 1564 512 1622 δι’
587 1567 754 1623 αὐτοῦ
811 1569 959 1642 παρὰ
1027 1572 1123 1622 τοῦ
1199 1567 1411 1642 Πατρός
1446 1584 1460 1600 ⁸
1516 1568 1593 1630 ὡς
1650 1565 1708 1622 δὲ
1782 1565 1960 1644 δωρεά
2014 1567 2103 1622 καὶ

440 1655 859 1730 ἀποστέλλεται,
891 1658 982 1712 καὶ
1013 1655 1220 1712 δίδοται
1253 1661 1512 1735 φυσικῶς.

519 1788 571 1836 ι’.
621 1783 740 1836 Ὅτι
792 1779 851 1837 δὲ
897 1783 962 1836 τὸ
1011 1779 1311 1856 ἐκλάμπειν
1372 1781 1424 1837 ἐν
1479 1779 1732 1858 θεολογίᾳ
1777 1802 2101 1858 παραστατι-

442 1870 538 1926 κόν
569 1869 678 1925 ἐστι
721 1877 821 1940 τῆς
877 1871 1120 1933 ἀπαθοῦς
1164 1871 1254 1926 καὶ
1303 1870 1538 1948 ἀχρόνου
1590 1870 1890 1947 ὑπάρξεως,
1934 1871 2024 1926 καὶ
2074 1872 2102 1925 6

2221 671 2384 736 bum,
2417 676 2474 727 et
2505 672 2716 728 Filium
2741 688 2987 728 noscens
3011 671 3112 726 Dei
3133 670 3410 726 virtutem
3442 672 3870 743 enypostatam-

2218 761 2460 824 Quando
2489 779 2624 817 vero
2658 780 2758 834 per
2805 762 3080 816 virtutem
3131 760 3408 832 operatio,
3453 763 3638 815 virtus
3669 762 3866 814 autem

2217 865 2283 904 ex
2329 850 2444 906 Deo
2497 851 2730 907 nemine
2785 853 3243 918 contradicente,
3296 854 3605 922 propterea
3651 865 3720 904 ex
3750 853 3866 902 Deo

2218 941 2475 1010 operatio
2505 944 2615 1008 est,
2662 941 2818 1012 quod
2865 941 3139 1013 Magister
3189 939 3452 996 insinuat
3499 938 3617 994 illis
3648 937 3862 1007 verbis,

2215 1028 2423 1084 dicitur
2445 1030 2758 1102 procedere,
2786 1047 2921 1086 cum
2970 1029 3224 1102 Spiritus
3270 1027 3562 1101 processio
3596 1027 3862 1094 dicatur;

2217 1122 2276 1172 et
2306 1118 2651 1189 praedicetur
2680 1137 2749 1176 ex
2791 1121 2960 1175 Patre
2992 1125 3226 1191 propter
3272 1118 3615 1174 relationem
3650 1117 3720 1172 ad
3748 1116 3866 1189 pri-

2217 1223 2376 1262 mam
2435 1225 2695 1264 causam.
2759 1209 2851 1266 Uti
2907 1209 3108 1280 itaque
3164 1207 3422 1279 operatio
3479 1206 3630 1275 Filii,
3679 1211 3737 1262 et
3767 1205 3869 1261 Dei

2214 1296 2374 1352 verbi
2433 1297 2688 1370 Spiritus
2737 1303 2977 1354 sanctus
3026 1302 3306 1370 perpetuo
3356 1297 3546 1354 elucet
3594 1297 3665 1351 ab
3714 1295 3867 1367 ipso,

2217 1387 2372 1456 quod
2403 1387 2557 1441 idem
2589 1391 2700 1455 est,
2752 1403 2817 1442 ac
2867 1388 3077 1456 dicere,
3110 1404 3214 1459 per
3241 1387 3437 1459 ipsum
3471 1403 3505 1440 a
3535 1385 3722 1441 Patre.
3753 1385 3866 1440 Sed

2215 1478 2497 1546 tanquam
2551 1476 2773 1532 donum
2822 1480 2880 1531 et
2928 1476 3202 1545 mittitur,
3253 1482 3311 1532 et
3338 1476 3591 1532 donatur
3621 1478 3864 1531 natura-

2212 1561 2365 1619 liter.

2286 1778 2372 1832 1Ο.
2405 1780 2638 1836 Elucere
2663 1796 2834 1852 porro
2880 1779 2938 1835 in
2990 1780 3168 1835 rebus
3215 1778 3430 1834 divinis
3461 1777 3863 1835 exsistentiam

2213 1883 2401 1938 neque
2431 1868 2692 1937 passioni
2715 1869 3047 1936 obnoxiam,
3073 1885 3261 1940 neque
3281 1869 3530 1941 tempori
3557 1868 3864 1940 subjacen-

446 1961 614 2036 μέγας
669 1958 950 2023 Βασίλειος
998 1958 1262 2016 δείκνυσιν
1323 1960 1466 2015 οὕτω
1521 1958 1701 2036 λέγων
1757 1959 1809 2016 ἐν
1870 1958 2103 2037 δευτέρῳ

2211 1959 2328 2011 tem
2361 1957 2662 2026 inducere,
2692 1975 2944 2030 magnus
2965 1958 3218 2014 Basilius
3247 1958 3331 2013 ita
3351 1958 3578 2030 probat,
3602 1957 3864 2014 oratione

437 2054 549 2106 τῶν
629 2049 1059 2126 Ἀντιῤῥητικῶν
1099 2069 1112 2082 °
1173 2050 1342 2119 Κοινῆ
1428 2049 1712 2126 πρόληψις
1795 2055 1952 2105 πᾶσιν
2041 2051 2098 2105 ὁ-

445 2138 618 2212 μοίως
677 2144 1024 2214 Χριστιανοῖς
1083 2139 1375 2216 ἐνυπάρχει
1453 2145 1567 2202 τοῖς
1623 2159 1684 2215 γε
1741 2139 1815 2200 ὡς
1876 2138 2101 2209 ἀληθῶς

439 2235 538 2297 τῆς
610 2228 984 2304 προσηγορίας
1057 2227 1260 2300 ταύτης
1333 2229 1503 2300 ἀξίοις
1554 2275 1567 2301 ,
1633 2227 1756 2305 περὶ
1820 2233 1918 2283 τοῦ
1988 2234 2101 2307 φῶς

445 2317 575 2372 εἶναι
647 2318 740 2372 τὸν
798 2318 922 2373 Υἱὸν
979 2319 1228 2394 γεννητὸν
1285 2317 1345 2373 ἐκ
1399 2323 1494 2373 τοῦ
1564 2319 1863 2394 ἀγεννήτου
1921 2319 2100 2397 φωτὸς

444 2405 843 2481 ἀπολάμψαντα
875 2452 890 2464 .
950 2407 1048 2461 Καὶ
1119 2406 1284 2462 πάλιν
1316 2427 1329 2441 ’
1390 2409 1626 2483 Ἀγαθοῦ
1701 2408 1794 2482 μὲν
1863 2408 2099 2482 Πατρὸς,

438 2495 640 2570 ἀγαθὸς
697 2497 822 2559 Υἱὸς
857 2542 871 2568 ,
947 2496 1127 2575 φωτὸς
1190 2494 1249 2552 δὲ
1302 2502 1399 2552 τοῦ
1461 2497 1759 2573 ἀγεννήτου
1817 2502 1932 2576 φῶς
1992 2496 2100 2568 ἐξέ-

442 2583 630 2659 λαμψε
657 2585 721 2640 τὸ
779 2582 976 2644 ἀΐδιον.
1037 2586 1137 2641 Καὶ
1170 2586 1477 2663 Γρηγόριος
1535 2584 1592 2641 δὲ
1645 2591 1752 2641 τῶν
1811 2587 2096 2641 Νυσσαέων

441 2674 470 2729 6
503 2674 669 2752 σοφὸς
719 2673 1007 2751 ἱεράρχης,
1065 2674 1209 2731 οὕτω
1267 2677 1429 2754 φησὶν
1490 2675 1541 2730 ἐν
1598 2680 1675 2748 τῷ
1730 2677 1936 2753 πρώτῳ
1992 2680 2100 2730 τῶν

438 2763 869 2840 Ἀντιρῥητικῶν
925 2782 938 2794 ·
1000 2766 1186 2841 Πατὴρ
1263 2766 1358 2839 μὲν
1433 2766 1671 2842 ἄναρχος
1705 2812 1719 2838 ,
1777 2765 1867 2820 καὶ
1944 2765 2098 2842 ἀγέν-

440 2873 621 2924 νητος,
678 2851 767 2907 καὶ
828 2853 909 2908 ἀεὶ
963 2854 1151 2930 Πατὴρ
1208 2860 1432 2910 νοεῖται.
1489 2854 1576 2925 Ἐξ
1627 2854 1792 2910 αὐτοῦ
1851 2853 1908 2910 δὲ
1964 2856 2100 2911 κατά

439 2941 505 2996 τὸ
582 2942 852 3018 προσεχὲς
928 2940 1264 3005 ἀδιαστάτως
1340 2945 1368 2998 6
1443 2944 1741 3020 μονογενὴς
1816 2944 1940 3006 Υἱὸς
2017 2950 2097 3016 τῷ

440 3031 614 3106 Πατρὶ
701 3037 1087 3087 συνεπινοεῖται
1131 3077 1144 3090 .
1231 3034 1310 3087 Δι’
1390 3032 1554 3088 αὐτοῦ
1640 3031 1716 3106 δὲ,
1802 3033 1891 3088 καὶ
1979 3035 2096 3107 μετ’

441 3119 608 3175 αὐτοῦ
679 3121 807 3196 πρίν
881 3142 933 3175 τι
1018 3121 1170 3176 κενόν
1255 3143 1316 3177 τε
1393 3122 1482 3178 καὶ
1567 3122 1932 3178 ἀνυπόστατον
2007 3121 2098 3178 διὰ

447 3208 611 3284 μέσου
669 3216 1032 3287 παρεμπεσεῖν
1108 3211 1293 3286 νόημα
1326 3255 1340 3282 ,
1399 3211 1551 3274 εὐθὺς
1608 3213 1670 3266 τὸ
1744 3217 1966 3287 Πνεῦμα
2029 3213 2093 3268 τὸ

439 3299 588 3374 ἅγιον
668 3298 1034 3373 συνημμένως
1110 3295 1586 3375 καταλαμϐάνεται
1621 3346 1633 3358 .

440 3385 585 3463 ρίζον
645 3387 783 3442 κατὰ
835 3389 936 3457 τήν
996 3387 1218 3465 ὕπαρξιν
1283 3389 1418 3462 μετά
1470 3391 1561 3446 τὸν
1624 3391 1770 3466 Υὶὸν,
1829 3392 1905 3453 ὡς
1961 3391 2095 3446 ποτὶ

437 3476 529 3530 τὸν
624 3483 894 3551 μονογενῆ
982 3473 1114 3553 δίχα
1208 3481 1304 3532 τοῦ
1388 3478 1704 3553 Πνεύματος
1785 3482 2096 3554 νοηθῆναι,

434 3562 567 3620 ἀλλ’
617 3564 678 3620 ἐκ
738 3565 833 3639 μὲν
889 3570 987 3620 τοῦ
1045 3570 1180 3632 Θεοῦ
1251 3573 1359 3622 τῶν
1419 3567 1605 3640 ὅλων,
1663 3569 1756 3624 καὶ
1815 3570 1945 3624 αὐτὸ
1999 3571 2100 3639 τήν

437 3653 610 3709 αἰτίαν
687 3651 817 3730 ἔχον
886 3660 984 3710 τοῦ
1061 3657 1197 3711 εἶναι
1241 3703 1255 3729 ,
1317 3657 1436 3722 ὅθεν
1501 3658 1589 3712 καὶ
1665 3660 1728 3714 τὸ
1808 3658 2097 3734 μονογενές

437 3741 548 3798 ἐστι
607 3747 746 3822 φῶς·
807 3741 896 3798 διὰ
953 3742 1010 3799 δὲ
1057 3749 1155 3800 τοῦ
1209 3745 1474 3814 ἀληθινοῦ
1531 3747 1714 3826 φωτὸς
1790 3745 2097 3823 ἐκλάμψαν,

437 3828 564 3887 οὔτε
637 3830 968 3907 διαστήματι
1037 3880 1052 3906 ,
1133 3831 1259 3890 οὔτε
1335 3835 1543 3912 φύσεως
1625 3836 1903 3911 ἑτερότητι
1999 3842 2098 3893 τοῦ

435 3922 648 3997 Πατρὸς
683 3968 700 3995 ,
760 3922 796 3992 ἢ
856 3927 952 3976 τοῦ
1037 3929 1364 3998 μονογενοῦς
1441 3925 1801 3999 ἀποτέμνεται
1852 3969 1862 3980 .
1924 3926 2095 3982 Πάλιν

432 4011 572 4088 πρὸς
629 4010 790 4066 αὐτὸν
853 4011 881 4066 6
946 4013 1116 4088 μέγας
1162 4011 1449 4076 Βασίλειος
1507 4014 1631 4091 περὶ
1692 4013 1952 4094 διαφορᾶς
2011 4017 2100 4071 ού-

435 4099 552 4163 σίας
611 4101 704 4155 καὶ
763 4100 1126 4164 ὑποστάσεως·
1188 4104 1245 4157 Ὁ
1306 4100 1364 4158 δὲ
1418 4104 1545 4167 Υἱὸς
1598 4105 1661 4159 τὸ
1719 4105 1779 4161 ἐκ
1829 4109 1928 4160 τοῦ
1982 4112 2098 4162 Ila-

432 4188 563 4264 τρὸς
638 4187 1069 4266 ἐκπορευόμενον
1141 4195 1366 4265 Πνεῦμα
1444 4189 1512 4247 δι’
1568 4193 1759 4249 ἑαυτοῦ
1824 4194 1915 4249 καὶ
1985 4195 2100 4268 μεθ’

435 4279 628 4334 ἑαυτοῦ
686 4278 968 4356 γνωρίζων
1005 4325 1020 4350 ,
1078 4280 1243 4353 μόνος
1305 4287 1614 4358 μονογενῶς
1671 4283 1730 4338 ἐκ
1788 4288 1884 4339 τοῦ
1941 4283 2097 4359 ἀγεν-

432 4370 602 4439 νήτου
675 4368 856 4446 φωτὸς
921 4368 1206 4444 ἐκλάμψας
1240 4417 1254 4443 ,
1315 4368 1570 4446 οὐδεμίαν
1647 4373 1783 4428 κατᾶ
1837 4374 1901 4427 τὸ
1968 4371 2100 4428 ἰδιά-

441 4460 530 4525 ζον
586 4461 696 4512 τῶν
757 4460 1153 4534 γνωρισμάτων
1229 4460 1329 4529 τήν
1406 4459 1694 4516 κοινωνίαν
1776 4459 1892 4538 ἔχει
1965 4463 2100 4537 πρὸς

431 4545 524 4600 τὸν
585 4547 821 4623 Πατέρα,
871 4548 907 4617 ἢ
967 4548 1104 4622 πρὸς
1161 4547 1226 4603 τὰ
1280 4553 1502 4623 Πνεῦμα
1555 4550 1620 4604 τὸ
1679 4551 1857 4625 ἅγιον.
1917 4551 2098 4606 Ἰωάν-

433 4655 532 4705 νης
564 4637 593 4690 6
641 4636 808 4714 σοφὸς
839 4638 1080 4708 ποιητὴς
1136 4637 1189 4692 ἐν
1222 4640 1449 4711 Ὕμνοις
1480 4639 1616 4714 πρὸς
1660 4639 1760 4708 τήν
1795 4639 2095 4717 ὑπέραγνον

438 4727 766 4800 Θεομήτορα
801 4767 815 4782 .

437 4833 596 4884 νησαι
682 4818 782 4869 τοῦ
869 4813 920 4888 ἐξ
997 4813 1274 4892 ἀκηράτου
1350 4817 1568 4893 ΙΙατρὸς
1652 4815 2036 4892 ἐκλάμψαντος
2087 4861 2100 4875 .

438 4903 526 4957 Ἐν
586 4901 804 4966 τούτοις
862 4905 892 4958 6
949 4903 1332 4982 ἐξηγούμενος,
1387 4904 1696 4972 ῥπολλοῖς
1755 4908 2100 4983 θαυμαζόμε-

429 5011 546 5066 νος,
608 4994 636 5048 ὁ
689 4993 782 5048 καὶ
840 4997 948 5049 τῶν
1011 4995 1170 5071 ἰερῶν
1223 4995 1458 5052 κανόνων
1505 5001 1726 5073 πρῶτος
1774 5000 2101 5077 σαφηνιστή,

429 5078 494 5136 τὰ
554 5079 940 5157 ἐκλάμψαντος
975 5128 990 5156 ,
1069 5083 1232 5161 φησὶν
1268 5129 1282 5156 ,
1335 5087 1433 5155 τήν
1507 5084 1615 5141 ἄνω
1683 5086 1930 5163 γέννηςιν
2003 5093 2102 5143 τοῦ

428 5169 561 5225 Υἱοῦ
638 5169 824 5241 ἀπαθῆ
904 5172 1234 5248 παρίστησιν
1274 5215 1288 5227 .
1349 5179 1436 5237 Ὠς
1503 5176 1603 5252 γὰρ
1679 5178 1714 5246 ἡ
1793 5173 2102 5248 λαμπηδὼν

431 5257 492 5313 ἐκ
545 5262 645 5314 τοῦ
701 5257 872 5330 ἡλίου
928 5259 1150 5324 ἀπαθῶς
1207 5258 1394 5334 ἔξεισιν
1431 5309 1445 5336 ,
1505 5260 1649 5319 οὕτω
1723 5266 1812 5319 καὶ
1871 5266 1900 5320 6
1973 5265 2098 5329 Υἱὸς

429 5347 656 5412 ἀπαθῶς
716 5347 1030 5426 γεγέννηται
1086 5355 1167 5423 τῷ
1225 5352 1420 5428 ΙΙατρὶ,
1479 5353 1569 5408 καὶ
1625 5353 1690 5408 τὸ
1746 5352 1982 5430 ἄχρονον
2041 5352 2100 5410 δὲ

427 5441 527 5492 τοῦ
582 5439 736 5505 Υἱοῦ,
794 5437 886 5494 καὶ
942 5439 1081 5495 κατὰ
1152 5444 1316 5495 τοῦτο
1388 5439 1654 5519 ἄναρχον,
1714 5441 1804 5498 διὰ
1855 5448 1953 5500 τοῦ
2009 5444 2096 5501 ἐκ·

432 5524 650 5602 λάμψαι
727 5525 968 5584 διδάσκει
1030 5530 1058 5584 ὁ
1118 5533 1360 5601 ποιητής
1395 5572 1408 5586 .
1467 5533 1555 5594 Ὠς
1599 5532 1701 5608 γὰρ
1760 5535 1874 5607 ἅμα
1929 5539 2044 5611 φῶς
2078 5580 2094 5608 ,

422 5615 512 5670 καὶ
573 5618 688 5692 ἅμα
744 5620 780 5688 ἡ
842 5617 894 5690 ἐξ
947 5617 1113 5674 αὐτοῦ
1173 5617 1504 5694 λαμπηδὼν,
1568 5621 1740 5684 οὕτως
1799 5624 1912 5698 ἅμα
1959 5646 2094 5695 νοη-

422 5704 540 5776 θείη
605 5707 821 5784 ῙΙατὴρ,
854 5704 969 5784 ἅμα
1015 5708 1312 5786 παρέπεται
1368 5715 1608 5776 νοεῖσθαι
1661 5710 1847 5768 καὶτὸν
1937 5712 2085 5773 Υῖόν.
2135 5773 2140 5778 ,

1719 3301 1839 3378 Οὐχ
1914 3303 2038 3357 ὑστε
2067 3335 2090 3345 -
2124 3327 2167 3394 C

875 4699 972 4780 Σὺ.
1026 4699 1213 4804 μήτηρ
1287 4699 1445 4782 Θεοῦ
1493 4699 1908 4791 ἀισυνδυειίστωςι
1945 4699 2094 4807 γεγέ-
2128 4699 2179 4766 D

2213 2048 2473 2102 secunda
2502 2049 2919 2105 antirrhetica:
2963 2050 3300 2115 Communis,
3347 2047 3558 2122 inquit,
3590 2048 3862 2118 praenotio

2210 2137 2465 2192 omnibus
2494 2153 2671 2211 aequm
2703 2138 3039 2194 Christianis
3060 2139 3259 2193 innata
3279 2141 3356 2193 est
3386 2138 3476 2204 iis,
3501 2138 3600 2209 qui
3626 2135 3738 2192 tali
3765 2154 3862 2209 ap-

2206 2226 2509 2297 pellatione
2536 2227 2692 2298 digni
2731 2236 2878 2293 sunt,
2914 2229 3102 2282 lumen
3148 2243 3264 2283 esse
3303 2228 3506 2282 Filium
3535 2230 3864 2298 generatum

2209 2331 2282 2370 ea:
2311 2317 2556 2385 ingenito
2587 2319 2798 2372 lumine
2845 2317 3271 2372 illucescentem.
3305 2317 3374 2372 Et
3412 2331 3688 2371 rursum:
3722 2315 3864 2371 Boni

2209 2406 2398 2459 Patris
2465 2405 2632 2462 bonus
2679 2408 2873 2462 Filius.
2915 2408 3172 2462 Luminis
3217 2422 3346 2461 vero
3387 2407 3630 2477 ingeniti
3676 2407 3864 2461 lumen

2208 2491 2395 2550 eluxit
2413 2496 2824 2566 sempiternum.
2848 2497 3161 2568 Gregorius
3184 2512 3417 2567 quoque
3437 2494 3858 2568 Nyssaensium

2209 2582 2415 2640 doctus
2445 2585 2690 2641 antistes
2738 2585 2797 2640 in
2843 2586 3035 2657 prima
3085 2585 3462 2641 antirrhetica
3492 2585 3614 2640 haec
3642 2583 3857 2639 habet:

2206 2673 2376 2728 Pater
2403 2675 2626 2746 quidem
2655 2677 2777 2730 sine
2819 2672 3119 2747 principio,
3153 2683 3204 2730 et
3232 2676 3531 2744 ingenitus,
3572 2682 3624 2730 et
3647 2689 3860 2744 semper

2206 2767 2374 2818 Pater
2404 2765 2780 2834 intelligitur;
2809 2780 2881 2820 ea:
2910 2780 2971 2820 eo
2994 2780 3121 2821 vero
3163 2763 3504 2830 immediate,
3536 2767 3590 2818 et
3619 2763 3860 2818 indivise

2205 2854 2520 2922 unigenitvs
2547 2854 2731 2910 Filius
2773 2870 2896 2909 cum
2941 2857 3110 2909 Patre
3154 2854 3326 2909 simul
3354 2854 3731 2925 intelligitur;
3756 2869 3860 2925 per

2206 2941 2352 2997 hunc
2381 2947 2586 3009 autem,
2618 2947 2671 2999 et
2712 2959 2840 2998 enm
2891 2944 3027 3013 ipso,
3075 2953 3365 3014 antequam
3421 2944 3631 3010 inanis,
3665 2947 3718 2998 et
3747 2959 3860 2998 non

2203 3031 2503 3086 subsistens
2532 3034 2593 3086 in
2618 3032 2794 3088 medio
2813 3033 3085 3102 perceptio
3111 3033 3345 3103 incidat,
3367 3048 3480 3087 non
3506 3039 3624 3103 post
3651 3032 3858 3087 Filium

2205 3127 2290 3175 tus
2342 3129 2560 3175 sanctus
2617 3121 2851 3190 iunctim
2920 3121 3250 3191 concipitur,
3317 3136 3428 3175 non
3477 3124 3598 3190 post
3651 3121 3858 3175 Filium

2203 3211 2528 3264 exsistentia
2559 3210 2878 3278 subsistens,
2911 3215 2972 3265 ut
3001 3209 3299 3282 aliquando
3314 3211 3634 3281 unigenitus
3663 3211 3861 3282 absque

2205 3298 2424 3370 Spiritu
2470 3302 2818 3370 concipiatur
2840 3317 2861 3362 ;
2889 3299 2985 3355 sed
3030 3316 3101 3355 ea:
3148 3316 3337 3355 rerum
3376 3300 3624 3355 omnium
3653 3299 3779 3364 Deo,
3810 3306 3863 3354 et

2208 3390 2325 3460 ipse
2353 3403 2472 3445 suae
2501 3391 2753 3444 essentia:
2781 3407 3005 3445 causam
3035 3389 3408 3456 habens,un.de
3430 3398 3481 3444 et
3509 3389 3861 3460 unigenitum

2207 3478 2392 3532 lumen
2445 3481 2642 3546 oritur,
2693 3495 2794 3548 per
2841 3495 3034 3535 verum
3082 3483 3264 3534 autem
3316 3481 3502 3534 lumen
3529 3479 3857 3548 elucescens,

2205 3581 2384 3638 neque
2430 3567 2711 3636 distantia,
2762 3584 2942 3640 neque
2983 3577 3210 3626 natura
3245 3569 3564 3624 diversitate
3591 3585 3624 3624 a
3669 3569 3859 3633 Patre,

2207 3659 2323 3711 sive
2350 3657 2416 3711 ab
2448 3659 2730 3729 unigenite
2758 3657 3049 3714 dividitur.
3085 3658 3312 3714 Rursus
3341 3658 3412 3713 ad
3444 3657 3716 3712 eumdem
3742 3674 3864 3712 ma-

2209 3762 2360 3818 gnus
2380 3746 2632 3802 Basilius
2659 3747 2729 3802 de
2750 3747 3079 3803 differentia
3104 3747 3392 3815 essentia),
3416 3751 3473 3803 et
3487 3745 3821 3820 hypostasis
3844 3763 3857 3802 :

2207 3835 2383 3890 Filius
2420 3851 2493 3890 ex
2537 3837 2700 3891 Patre
2747 3837 3121 3907 procedentem
3170 3835 3446 3906 Spiritum
3488 3853 3589 3907 per
3633 3836 3862 3892 semeti-

2206 3940 2387 3995 psum,
2421 3927 2470 3979 et
2512 3942 2625 3980 una
2669 3941 2850 3980 secum
2899 3941 3238 3997 cognoscens,
3283 3926 3431 3981 solus
3475 3927 3762 3995 unigenite
3791 3941 3863 3979 ea:

2207 4015 2454 4082 ingenito
2485 4015 2698 4069 lumine
2748 4017 2984 4081 elucens,
3016 4016 3238 4070 nullum
3279 4014 3580 4071 secundum
3607 4016 3859 4086 proprie-

2209 4113 2373 4160 tatem
2399 4111 2659 4159 notarum
2707 4106 3142 4160 communionem
3196 4104 3356 4160 habet
3379 4120 3504 4159 cum
3545 4105 3729 4170 Patre,
3761 4109 3863 4158 aut

2208 4211 2336 4249 cum
2366 4185 2583 4265 Spiritu
2611 4202 2816 4249 sancto.
2863 4194 3122 4249 Joannes
3163 4199 3335 4266 poeta
3385 4193 3862 4265 sapientissimus

2208 4283 2269 4337 in
2298 4283 2544 4356 Hymnis
2575 4283 2646 4338 ad
2676 4282 3290 4339 immaculatissimam
3320 4282 3620 4356 Virginem
3648 4301 3660 4338 :
3694 4282 3863 4338 Mater

2210 4373 2329 4439 Dei,
2361 4373 2562 4446 absque
2607 4374 2992 4445 conjunctione
3035 4374 3298 4444 peperisti
3342 4389 3488 4439 eum,
3540 4373 3641 4445 qui
3667 4388 3740 4428 ea:
3768 4373 3864 4428 in-

2209 4465 2468 4534 corrupto
2495 4465 2662 4518 Patre
2691 4463 2888 4518 eluxit.
2922 4463 3008 4517 Ad
3030 4461 3152 4517 hac
3181 4462 3491 4533 interpres,
3525 4462 3622 4533 qui
3656 4460 3862 4517 multis

2211 4550 2272 4606 in
2303 4551 2691 4607 admiratione
2721 4555 2828 4623 est,
2863 4555 2922 4607 et
2970 4550 3070 4623 qui
3122 4567 3320 4607 sacros
3351 4566 3604 4606 canones
3632 4550 3861 4621 primus

2211 4641 2516 4712 exposuit:
2575 4642 2786 4710 Eluxit,
2846 4641 3043 4713 inquit
3105 4657 3403 4712 supernam
3455 4640 3596 4696 Filii
3664 4639 3865 4708 absque

2207 4733 2460 4802 passione
2489 4732 2898 4800 generationem
2927 4731 3166 4786 denotat.
3216 4728 3684 4797 Quemadmodum
3713 4729 3864 4783 enim

2209 4821 2472 4890 splendor
2501 4837 2570 4876 ea:
2619 4821 2735 4877 sole
2779 4823 2902 4876 sine
2945 4822 3208 4893 passione
3253 4821 3453 4892 efﬂuit,
3504 4821 3581 4874 ita
3609 4821 3663 4873 et
3687 4818 3865 4873 Filius

2212 4911 2333 4965 sine
2351 4912 2607 4983 passione
2635 4911 2861 4984 genitus
2904 4912 2986 4965 est
3014 4926 3049 4965 a
3093 4916 3281 4980 Patre,
3323 4917 3379 4965 et
3424 4908 3634 4964 Filium
3664 4909 3864 4978 absque

2212 5007 2470 5071 tempore,
2501 5002 2551 5055 et
2579 4999 2881 5056 secundum
2922 4999 3068 5054 idem
3105 5000 3225 5055 sine
3271 5000 3556 5070 principio
3598 5013 3701 5068 per
3732 4998 3864 5052 Ver-

2214 5089 2339 5144 bum
2371 5089 2599 5146 elucere
2625 5097 2786 5161 poeta
2832 5088 3031 5144 edocet.
3079 5090 3233 5144 Sicut
3275 5090 3424 5143 enim
3450 5087 3619 5143 simul
3652 5086 3858 5157 lumen,

2211 5182 2263 5234 et
2293 5180 2463 5234 simul
2490 5181 2589 5250 qui
2633 5195 2703 5235 ea:
2751 5195 2811 5234 eo
2860 5182 2960 5245 est,
3012 5177 3311 5249 splendor:
3339 5179 3422 5233 sic
3465 5193 3590 5232 cum
3615 5177 3863 5248 primum

2207 5276 2388 5324 mente
2415 5270 2733 5342 concipitur
2762 5270 2946 5335 Pater,
2979 5268 3149 5322 simul
3188 5267 3545 5338 subsequitur
3572 5271 3623 5321 et
3652 5265 3862 5320 Filium

2208 5360 2466 5430 intelligi.
2498 5359 2571 5414 Et
2600 5358 2720 5413 1]ωο
2769 5356 3082 5429 plusquam
3125 5373 3273 5428 opus
3303 5360 3446 5423 erat,
3481 5354 3857 5411 adduximus.

2208 5446 2316 5502 Ubi
2348 5448 2504 5503 enim
2539 5446 2844 5502 sententia:
2874 5462 3044 5501 mens
3066 5446 3343 5518 prudens,
3375 5443 3748 5515 multumque
3777 5459 3862 5498 re-

2205 5536 2317 5592 bus
2349 5537 2625 5609 adaptata
2649 5535 2898 5603 videtur,
2922 5535 2970 5589 si
2993 5535 3076 5589 ita
3101 5534 3342 5590 verbum
3371 5533 3696 5606 accipiatur
3719 5557 3732 5600 ;
3764 5532 3855 5588 sin

2205 5627 2403 5682 minus
2433 5628 2490 5681 in
2524 5625 2703 5681 alium
2749 5640 2988 5680 sensum
3037 5623 3420 5690 distrahatur,
3453 5621 3705 5677 multum
3738 5622 3855 5678 im-

2202 5715 2659 5792 probabilitatis,
2680 5720 2856 5788 atque
2886 5713 3367 5771 inconcinnitatis
3388 5711 3854 5786 praesefert,quid
