4132 6434
300 420 419 485 543

1558 430 1986 496 NICEPHORI
2027 429 2473 495 BLEMMIDE

3620 434 3741 498 5“

297 555 437 612 inde
468 558 658 632 magis
686 561 758 617 ad
784 560 1091 619 veritatem
1138 565 1636 639 comprobandam
1685 567 1949 624 emendi-

2072 563 2241 621 Ἀλλά
2268 570 2436 621 ταῦτα
2482 565 2579 638 μὲν
2630 561 2763 628 ἴσως
2810 564 2945 643 ὑπὲρ
2991 565 3094 636 τὴν
3143 564 3352 644 χρείαν.
3403 568 3589 624 ’Ὁπου
3636 588 3740 645 γαρ

301 648 555 703 candum
586 656 676 707 est
696 653 724 707 ‘t

2062 658 2097 726 ἡ
2130 660 2227 712 τοῦ
2258 654 2431 730 λόγου
2462 652 2673 711 διάνοια
2702 654 3073 731 λελογισμένη
3105 657 3194 711 καὶ
3227 654 3348 712 λίαν
3393 659 3738 734 ἡρμοσμένη

299 733 564 826 φαίνεται,
596 740 1033 816 τοιουτοτρόπως
1066 738 1551 818 ἐκλαμϐανομένης
1580 753 1682 815 τῆς
1713 744 1931 816 λέξεως·
1966 743 2152 804 ἄλλως
2183 742 2230 799 δ’
2261 742 2407 820 ἔχειν
2442 744 2873 818 ὑπονοουμένης,
2906 743 3051 800 πολὺ
3074 743 3137 800 τὸ
3169 733 3466 822 ἀλόγιστον
3500 747 3744 826 φέρουσα

306 824 396 880 καὶ
429 826 788 902 ἀνάρμοστον,
820 831 873 886 τί
900 833 1011 907 ’χρή
1043 831 1212 888 πλέον
1246 832 1416 890 ἐκεῖσε
1450 841 1628 906 ζητεῖν
1662 836 1738 899 εἰς
1766 838 1864 905 τήν
1896 839 1993 905 τῆς
2022 833 2281 906 ἀληθείας
2310 835 2639 911 παράστασιν
2673 855 2687 905 ;

386 920 470 974 11.
508 919 655 975 Illud
688 927 882 977 autem
912 923 1125 990 dicere,
1175 942 1247 981 ne
1278 927 1412 997 quis
1442 927 1755 994 existimet,
1790 928 1954 1000 prin-

307 1007 527 1078 cipium
558 1011 809 1082 Spiritus
853 1012 1087 1085 Filium,
1134 1015 1512 1071 manifestare
1540 1016 1823 1088 Spiritum
1856 1036 1958 1090 per

305 1098 629 1154 doctrinam
665 1117 855 1170 suam,
888 1106 946 1157 et
973 1102 1148 1158 veluti
1180 1104 1292 1159 sibi
1316 1110 1631 1177 cognatum
1661 1106 1953 1180 exhibere,

301 1185 551 1258 ideoque
582 1188 697 1243 dici
726 1207 794 1244 ex
824 1190 990 1246 Patre
1022 1193 1353 1264 procedere,
1386 1194 1683 1250 curiosum
1716 1196 1954 1267 quidem

302 1278 410 1345 est,
443 1277 544 1332 sed
577 1280 732 1349 quod
763 1279 930 1335 facile
953 1281 1307 1352 deprehendi
1343 1287 1555 1353 potest.
1577 1285 1762 1348 Quam
1795 1286 1954 1342 enim

305 1366 705 1437 suspicionem
794 1369 1065 1442 principii
1140 1371 1481 1443 hujusmodi
1559 1375 1955 1432 manifestatio

307 1461 484 1527 atque
513 1456 792 1512 exhibitio
844 1459 1100 1515 inferet?
1132 1466 1190 1516 et
1236 1478 1491 1533 quanam
1524 1464 1749 1520 ratione
1778 1465 1956 1521 veluti

306 1549 589 1616 cognatus
622 1545 802 1602 Filius
834 1547 1117 1619 Spiritum
1143 1555 1414 1606 sanctum
1446 1552 1751 1621 exhibens,
1784 1572 1898 1611 non
1924 1572 1958 1610 a

304 1638 553 1706 cognato
584 1634 696 1691 sibi
740 1635 1155 1693 exhibebitur?
1197 1644 1254 1693 et
1284 1642 1576 1711 quomodo
1606 1642 1797 1698 Verbo
1829 1643 1957 1699 sine

302 1723 695 1780 controversia
746 1742 815 1780 ex
872 1730 1044 1783 Patre
1098 1734 1494 1801 comparente,
1550 1749 1665 1786 non
1715 1732 1958 1789 habebit

300 1812 428 1868 sine
457 1814 849 1871 controversia
876 1817 1167 1889 quidquid
1223 1818 1400 1875 habet
1440 1836 1475 1875 a
1505 1820 1672 1877 Patre
1698 1821 1726 1876 ?
1756 1826 1813 1877 et
1841 1839 1959 1894 qua

2140 931 2223 979 ια’.
2256 925 2328 979 Τὸ
2360 923 2418 980 δὲ
2451 923 2651 998 λέγειν,
2678 923 2771 979 ⁸ίνα
2825 926 2900 998 μή
2954 946 3038 988 τις
3084 924 3303 1000 νομίσῃ,
3339 925 3416 988 ὡς
3450 926 3609 1003 ἀρχὴ
3645 947 3745 982 του

2066 1014 2387 1086 ΙΙνεύματος
2444 1014 2472 1067 6
2535 1014 2680 1084 Υἱὸς,
2736 1013 3054 1092 ὲπιφανεροῖ
3099 1014 3163 1070 τὸ
3224 1018 3454 1089 Πνεῦμα
3505 1013 3601 1070 διὰ
3640 1022 3743 1085 τῆς

2066 1100 2419 1165 διδασκαλίας
2476 1102 2662 1174 αὐτοῦ,
2721 1102 2811 1157 καὶ
2871 1100 3092 1158 δίδωσιν
3150 1103 3224 1165 ὡς
3282 1105 3543 1181 συγγενὲς
3577 1151 3592 1177 ,
3655 1102 3746 1160 διὰ

2062 1197 2226 1248 τοῦτο
2274 1190 2494 1268 λέγεται
2549 1192 2609 1247 ἐκ
2655 1192 2872 1269 Ματρὸς
2930 1191 3060 1248 αὐτὸ
3116 1191 3507 1269 ἐκπορεύεσθαι
3540 1241 3554 1266 ,
3616 1215 3689 1250 πε
3720 1227 3745 1237 -

2066 1282 2283 1359 ρίεργον
2340 1282 2456 1355 μὲν,
2504 1279 2631 1337 ἀλλ’
2679 1280 3033 1360 εὐφώρατον.
3084 1282 3258 1338 Ποίαν
3309 1284 3415 1360 γὰρ
3466 1285 3535 1339 τὸ
3585 1305 3745 1364 φανε-

2067 1377 2193 1448 ροῦν
2251 1371 2340 1426 καὶ
2399 1367 2607 1427 διδόναι
2664 1371 3113 1447 τοιουτοτρόπως
3173 1371 3409 1447 ὑποψίαν
3455 1372 3746 1450 είσαγάγοι

2066 1461 2126 1516 ἂν
2184 1454 2410 1537 ἀρχῆς;
2455 1462 2491 1530 ἢ
2549 1466 2668 1523 πῶς
2734 1462 2810 1524 ὡς
2869 1463 3126 1537 συγγενὲς
3186 1458 3370 1525 διδοὺς
3432 1462 3623 1539 Λόγος
3678 1464 3744 1519 τὸ

2065 1552 2287 1624 Πνεῦμα
2329 1551 2393 1605 τὸ
2443 1552 2613 1627 ἅγιον,
2666 1550 2767 1606 οὐκ
2813 1549 3120 1622 ἀντιδοθείη
3174 1551 3323 1627 παρὰ
3377 1557 3481 1607 τοῦ
3544 1573 3746 1628 συγγε-

2064 1646 2185 1702 νοῦς
2219 1660 2232 1708 ;
2264 1641 2299 1709 ἢ
2353 1644 2471 1703 πῶς
2509 1645 2607 1695 τοῦ
2668 1639 2849 1715 Λόγου
2901 1640 3210 1719 πεφηνότος
3261 1639 3748 1717 ὁμολογουμένως

2066 1729 2125 1785 ἐκ
2151 1734 2248 1785 τοῦ
2305 1730 2545 1805 Ιιατρὸς,
2609 1728 2739 1805 οὐχὶ
2792 1726 2886 1784 καί
2936 1731 3108 1785 πάντα
3161 1729 3261 1785 ὅσα
3308 1728 3427 1807 ἔχει
3489 1727 3745 1807 ὁλόγος,

2067 1817 2532 1895 ὁμολογουμένως
2582 1817 2641 1873 ἐκ
2685 1823 2783 1873 τοῦ
2831 1819 3049 1896 ΙΙατρὸς
3083 1838 3097 1889 ;
3131 1818 3221 1874 καὶ
3278 1824 3397 1883 πῶς
3454 1820 3609 1897 ἀρχὴ
3649 1825 3746 1876 τοῦ

300 1903 525 1959 ratione
553 1903 611 1958 in
664 1909 965 1977 posterum
1002 1907 1259 1979 Spiritus
1307 1908 1663 1981 principium
1698 1912 1954 1968 Verbum

2072 1906 2384 1981 [[νεύματος
2438 1908 2466 1961 6
2507 1906 2687 1983 Λόγος
2736 1906 3021 1981 νομισθείη
3076 1906 3270 1964 λοιπόν
3308 1926 3323 1977 ;
3355 1896 3585 1985 Ἀπαγε
3633 1913 3742 1965 τῶν

297 1992 712 2065 reputabitur?
758 2000 958 2069 Apage
1013 1996 1122 2053 has
1175 2014 1383 2069 pravas
1439 1999 1857 2071 expositiones,
1891 2007 1952 2057 tu

302 2097 537 2153 quoque
562 2084 803 2141 omnino
837 2085 1016 2153 dices,
1068 2103 1175 2143 nec
1222 2087 1414 2157 fallor,
1456 2088 1529 2157 ei,
1563 2105 1818 2159 quocum
1849 2091 1956 2146 tibi

301 2171 558 2244 litigium
591 2178 698 2230 est.
748 2174 1167 2231 Verumtamen
1214 2176 1496 2248 Spiritum
1549 2195 1618 2233 ex
1655 2182 1824 2235 Patre
1857 2196 1959 2251 per

301 2259 512 2316 Filium
537 2264 1131 2336 procedere.magnus
1146 2265 1398 2322 Basilius
1416 2267 1686 2337 pluribus
1706 2267 1765 2323 in
1788 2267 1956 2332 locis,

295 2352 353 2405 et
384 2354 442 2404 in
476 2351 872 2409 antirrheticis
920 2354 1298 2425 potissimum
1349 2356 1647 2411 decernit:
1685 2357 1957 2425 Quomodo

295 2443 501 2511 itaque,
534 2441 833 2512 inquiens,
888 2445 1313 2514 separabantur
1339 2462 1406 2501 ea
1435 2462 1553 2517 qum
1583 2448 1840 2518 separari
1866 2463 1958 2503 ne-

295 2539 530 2604 queunt,
569 2532 793 2587 Verbum
825 2534 942 2599 Dei,
976 2537 1027 2589 et
1074 2533 1311 2605 Spiritus
1340 2551 1410 2591 ex
1453 2536 1563 2592 Deo
1589 2552 1691 2607 per
1720 2535 1955 2592 Filium.

296 2620 361 2677 Si
401 2620 643 2693 Spiritus
689 2639 807 2676 non
862 2624 1132 2689 creditur,
1177 2632 1230 2678 et
1292 2624 1521 2679 Verbum
1577 2641 1792 2697 quoque
1846 2642 1956 2683 non

296 2710 547 2766 creditur
593 2711 674 2766 De
731 2711 840 2767 hoc
888 2712 1094 2767 eodem
1128 2712 1678 2785 perspicacissimus
1706 2715 1958 2786 Epipha-

298 2797 434 2855 nius
463 2798 524 2854 in
557 2804 845 2873 Ancyroto
890 2799 1049 2855 hunc
1097 2802 1156 2856 in
1187 2803 1429 2857 modum
1453 2802 1768 2859 discurrit:
1804 2826 1832 2853 ‹‹
1868 2805 1962 2859 Ait

299 2890 489 2959 itaque
537 2888 724 2944 beatus
771 2892 972 2945 Petrus
1021 2891 1129 2956 his,
1179 2892 1276 2962 qui
1320 2906 1445 2947 cum
1492 2892 1715 2948 Anania
1754 2900 1956 2948 erant:

299 3001 328 3028 ‹‹
363 2977 473 3033 Cur
502 2979 734 3034 tentavit
762 2994 852 3034 vos
899 2979 1160 3047 Satanas,
1191 2982 1420 3036 mentiri
1466 2981 1706 3052 Spiritui
1732 2990 1915 3038 sancto
1935 2984 1961 3036 ?

294 3069 362 3123 Et
386 3068 506 3123 ait:
536 3068 657 3123 Non
715 3067 933 3124 homini
977 3071 1198 3125 mentiti
1240 3071 1392 3138 estis,
1449 3070 1541 3126 sed
1594 3076 1722 3127 Deo.
1759 3095 1781 3123 ι
1819 3073 1959 3128 Deus

295 3172 422 3227 ergo
451 3172 521 3212 ea:
549 3159 719 3212 Patre
745 3161 798 3213 et
827 3158 973 3213 Filio
1020 3157 1282 3229 Spiritus,
1315 3160 1408 3214 cui
1461 3161 1682 3216 mentiti
1710 3166 1955 3232 fuerant,

298 3245 402 3316 qui
428 3249 494 3300 de
537 3246 722 3316 pretio
777 3245 1138 3319 fraudarant.
1198 3250 1268 3302 Et
1314 3264 1594 3304 rursum:
1643 3250 1815 3305 Pater
1842 3252 1962 3305 veri

301 3334 435 3390 Filii
460 3335 633 3391 Pater
662 3339 760 3401 est,
813 3336 999 3391 lumen
1039 3340 1207 3403 totus,
1255 3344 1306 3392 et
1352 3338 1537 3393 Patris
1585 3340 1705 3394 ceri
1763 3339 1956 3406 Filius,

306 3424 496 3480 lumen
527 3424 590 3481 de
622 3424 854 3491 lumine,
884 3440 995 3480 non
1045 3434 1107 3481 ut
1151 3442 1237 3481 res
1283 3428 1462 3496 factm,
1494 3431 1589 3483 aut
1614 3431 1829 3495 creatae,
1860 3444 1959 3484 no-

302 3515 617 3569 minatione
660 3514 780 3570 sola
827 3514 1067 3585 Spiritus
1114 3518 1357 3583 sanctus,
1415 3516 1660 3586 Spiritus
1706 3518 1961 3573 veritatis

300 3612 423 3670 est;
456 3602 647 3661 lumen
693 3605 923 3659 tertium
966 3621 1000 3657 a
1055 3608 1227 3660 Patre
1272 3609 1330 3660 et
1358 3606 1546 3660 Filio:
1602 3606 1815 3677 reliqua
1842 3608 1964 3662 alia

295 3694 591 3765 positione,
649 3693 738 3747 vel
791 3694 1156 3765 appositione,
1216 3695 1301 3751 vel
1369 3694 1770 3767 appellatione.
1831 3696 1963 3751 Haec

305 3782 800 3855 perspicassimus
879 3783 1263 3856 Epiphanius,
1322 3801 1394 3840 ex
1464 3785 1632 3839 Patre
1704 3789 1759 3840 et
1824 3786 1964 3842 Filio

304 3886 622 3941 usurpans,
656 3869 783 3926 loco
831 3869 1012 3934 illius,
1043 3887 1112 3926 ex
1159 3876 1327 3927 Patre
1354 3888 1457 3944 per
1496 3873 1724 3928 Filium.
1756 3874 1966 3937 Quem-

306 3959 629 4015 admodum
659 3963 717 4015 et
745 3960 1222 4031 sapientissimus
1273 3960 1526 4034 Cyrillus
1566 3961 1624 4015 in
1677 3962 1965 4017 Thcsauris

308 4048 403 4104 his
432 4048 624 4105 verbis
675 4050 1031 4105 enuntians:
1086 4050 1237 4119 Quod
1284 4051 1479 4106 beatus
1520 4050 1723 4122 Moyses
1753 4051 1967 4108 homini

308 4154 349 4193 α
398 4139 504 4194 Deo
558 4139 824 4209 inﬁmum
870 4140 1046 4210 fuisse
1100 4139 1398 4207 contendit,
1450 4139 1506 4194 id
1557 4140 1807 4196 Christus
1848 4147 1967 4210 post

309 4228 771 4284 resurrectionem
790 4245 826 4284 a
848 4230 1081 4284 mortuis
1109 4244 1377 4284 reuocans
1399 4230 1626 4296 inﬂavit
1652 4231 1769 4284 suis
1797 4230 1964 4285 disci-

302 4316 472 4390 pulis,
515 4317 704 4373 dicens
729 4334 748 4372 :
799 4316 1057 4389 Accipite
1102 4316 1411 4389 Spiritum,
1457 4326 1520 4373 ut
1567 4334 1759 4373 rursus
1788 4320 1964 4389 refor-

302 4408 446 4462 mati
469 4408 531 4463 in
560 4408 882 4477 imaginem,
915 4423 1080 4478 quam
1111 4423 1146 4462 a
1183 4408 1462 4479 principio
1493 4406 1806 4477 habuimus,
1837 4424 1965 4463 con-

301 4498 505 4569 formes
533 4497 732 4568 ﬁamus
761 4496 1003 4552 Creatori
1040 4512 1141 4568 per
1188 4495 1426 4567 Spiritus
1462 4497 1960 4572 participationem.

308 4587 444 4642 Cum
471 4586 658 4659 itaque
710 4587 958 4658 Spiritus
1012 4590 1229 4642 sanctus
1283 4586 1354 4641 ad
1394 4602 1492 4641 nos
1541 4588 1788 4653 veniens,
1838 4602 1966 4643 con-

2064 1997 2327 2053 τοιούτων
2388 1997 2833 2074 παρεξηγησεων,
2896 1994 2997 2052 οἶδ’
3054 1995 3136 2052 ὅτι
3186 1996 3352 2076 φαίης
3404 1998 3467 2053 ἂν
3530 1997 3624 2053 καὶ
3655 1997 3747 2053 αὖ·

2062 2085 2157 2147 τὸς
2188 2090 2267 2157 τῷ
2298 2083 2577 2161 ἐριπικῷ.
2612 2085 2684 2139 Τὸ
2719 2084 2901 2158 μέντοι
2953 2082 3023 2140 δι’
3070 2085 3200 2139 T106
3229 2086 3291 2141 16
3324 2088 3561 2160 Πνεῦμα
3600 2086 3748 2161 παρὰ

2068 2174 2282 2248 ΙΙατρὸς
2326 2172 2731 2250 ἐκπορεύεσθαι,
2778 2173 2870 2228 καὶ
2928 2170 3213 2237 Βασίλειος
3271 2174 3300 2229 6
3361 2174 3540 2250 μέγας
3602 2173 3747 2230 πολ-

2068 2262 2269 2338 λαχοῦ,
2302 2262 2393 2318 καὶ
2435 2260 2502 2332 δὴ
2552 2263 2648 2317 κάν
2702 2267 2821 2325 τοῖς
2870 2261 3306 2339 Ἀπιρῥητικοῖς
3356 2262 3742 2342 ἀποφαίνεται·

2067 2357 2199 2415 ΙΙῶς
2258 2352 2318 2407 ἂν
2380 2350 2494 2423 οῦν,
2558 2353 2796 2430 φάσκων,
2857 2352 3159 2428 χωρίζοιτο
3204 2351 3274 2407 τὰ
3312 2351 3609 2430 ἀχώριστα
3641 2351 3746 2408 Λό-

2065 2463 2162 2518 γος
2217 2447 2352 2497 Θεοῦ
2408 2442 2499 2497 καὶ
2551 2446 2781 2514 Πνεῦμα
2839 2441 2899 2496 ἐκ
2955 2447 3089 2497 Θεοῦ
3149 2438 3219 2496 δι’
3277 2443 3432 2510 T106,
3486 2443 3533 2499 εί
3580 2447 3748 2499 Πνεῦ-

2072 2553 2146 2606 μα
2222 2531 2524 2586 ἀπιστεῖται
2579 2577 2592 2603 ,
2651 2531 2744 2585 καὶ
2818 2530 2995 2607 Λόγος
3074 2536 3482 2588 συναπιστεῖται
3534 2578 3548 2591 .
3610 2530 3747 2609 Περὶ

2066 2620 2261 2677 τούτου
2336 2621 2426 2676 καὶ
2494 2622 2522 2675 ὁ
2595 2617 3055 2697 διορατικώτατος
3131 2621 3458 2699 Ἐπιφάνιος
3542 2621 3595 2678 ἐν
3669 2624 3746 2694 τῷ

2069 2712 2403 2786 Ἀγκυρωτῷ
2461 2706 2706 2781 διέξεισιν
2767 2708 2969 2764 οὑτωσί
3006 2730 3019 2744 ο
3081 2708 3257 2778 Φησὶν
3318 2707 3414 2765 οὖν
3474 2712 3503 2766 ὁ
3568 2711 3747 2785 μακά-

2069 2820 2188 2877 ριος
2248 2794 2459 2873 Πέτρος
2518 2804 2636 2861 τοῖς
2689 2798 2813 2872 περὶ
2871 2799 2964 2854 τὸν
3020 2798 3290 2854 Ἀνανίαν·
3340 2799 3405 2854 Τί
3465 2798 3552 2856 ὅτι
3604 2799 3747 2855 ἐπεί-

2070 2910 2223 2966 ρασεν
2328 2890 2468 2963 ὑμᾶς
2526 2889 2576 2943 ’ὁ
2665 2894 2907 2950 Σατανᾶς
2969 2930 2983 2957 ,
3069 2887 3362 2962 ψεύσασθαι
3458 2891 3599 2964 ὑμᾶς
3683 2889 3745 2944 τὸ

2070 2983 2292 3051 Πνεῦμα
2372 2978 2436 3033 τὸ
2516 2979 2672 3053 ἅγιον
2731 2996 2746 3047 ;
2804 2976 2896 3032 καὶ
2973 2976 3136 3054 φησὶν
3191 3021 3210 3045 ,
3266 2977 3377 3032 Οὐκ
3468 2979 3745 3056 ἀνθρώπῳ

2069 3067 2380 3142 ἐψεύσασθε,
2440 3064 2589 3123 ἀλλὰ
2644 3070 2801 3139 Θεῷ.
2863 3066 3004 3138 ’Δρα
3062 3066 3193 3129 Θεὸς
3252 3066 3311 3121 ἐκ
3368 3068 3598 3144 ΙΙατρὸς
3655 3065 3744 3123 καὶ

2069 3157 2199 3211 T106
2254 3157 2318 3211 16
2376 3159 2625 3229 Πνεῦμα,
2684 3156 2731 3228 ᾧ
2791 3153 3083 3228 ἐψεύσαντο
3142 3155 3194 3209 01
3256 3154 3362 3210 ἀπὸ
3411 3160 3515 3212 τοῦ
3572 3157 3743 3229 τιμή-

2076 3266 2241 3318 ματος
2297 3242 2682 3322 νοσφισάμενοι
2719 3287 2732 3300 .
2787 3242 2888 3298 Καὶ
2946 3240 3114 3299 πάλιν
3152 3264 3165 3278 ·
3225 3244 3286 3303 Ὁ
3342 3246 3543 3320 Πατὴρ
3605 3243 3742 3314 ἀλη-

2069 3337 2197 3397 θοῦς
2248 3335 2377 3389 T106
2417 3332 2530 3388 ἐστι
2588 3333 2819 3409 Πατὴρ,
2881 3336 2999 3411 φῶς
3057 3330 3225 3406 ὅλος,
3284 3334 3377 3389 καὶ
3446 3335 3577 3397 Υἱὸς
3635 3339 3745 3390 Ila—

2066 3424 2197 3498 τρὸς
2245 3421 2507 3493 ἀληθοῦς.
2558 3426 2685 3486 Φῶς
2747 3421 2807 3477 ἐκ
2834 3422 3040 3501 φωτὸς,
3102 3422 3209 3499 ούχ
3275 3422 3353 3485 ὡς
3413 3426 3485 3480 τὰ
3539 3421 3745 3492 ποιητά

2068 3515 2105 3584 ἢ
2166 3514 2233 3568 τὰ
2302 3512 2538 3585 κτιστά,
2596 3511 2944 3587 προσηγορίᾳ
3020 3510 3156 3586 μόνῃ
3230 3513 3293 3568 τὸ
3370 3517 3608 3587 Πνεῦμα
3681 3512 3744 3566 τὸ

2072 3604 2221 3679 ἅγιον
2305 3605 2529 3675 Πνεῦμα
2605 3599 2866 3672 ἀληθείας
2919 3600 3079 3656 ἐστί’
3141 3605 3256 3680 φῶς
3332 3602 3520 3677 τρίτον
3599 3602 3745 3680 παρά

2072 3692 2288 3767 ΙΙατρὸς
2346 3691 2438 3746 καὶ
2495 3692 2624 3745 T106
2660 3733 2674 3758 ,
2731 3690 2799 3745 τὰ
2871 3688 2930 3745 δὲ
2987 3688 3134 3745 ἄλλα
3205 3691 3420 3761 πάντα,
3486 3691 3648 3765 θέσει,
3705 3690 3741 3759 ἢ

2071 3780 2380 3857 παραθέσει,
2441 3781 2477 3849 ἢ
2536 3777 2754 3850 κλήσει.
2812 3784 2989 3835 Ταῦτα
3043 3779 3135 3834 καὶ
3194 3781 3222 3833 ὁ
3282 3776 3744 3857 διορατικώτατος

2074 3871 2386 3948 Ἐπιφάνιος
2457 3873 2537 3941 τῷ
2614 3867 2675 3923 ἐκ
2741 3869 2959 3943 ΙΙατρὸς
3036 3868 3126 3923 καὶ
3184 3870 3311 3923 T106
3393 3869 3743 3947 κεχρημένος

2071 3959 2186 4015 ἀντὶ
2232 3963 2330 4014 τοῦ
2379 3958 2439 4014 ἐκ
2466 3958 2682 4034 Πατρὸς
2729 3955 2799 4012 δι’
2846 3958 3000 4014 T106.
3052 3956 3200 4013 Καθά
3241 3958 3331 4013 καὶ
3363 3958 3391 4013 6
3427 3960 3744 4035 σοφώτατος

2074 4048 2349 4126 Κύριλλος
2400 4047 2452 4103 έν
2502 4052 2621 4110 τοῖς
2671 4052 2978 4123 Θησαυροῖς
3027 4044 3203 4123 λέγων
3251 4046 3453 4111 οὕτως·
3504 4051 3674 4124 Ὅπερ
3715 4047 3743 4101 6

2077 4137 2339 4215 μακάριος
2419 4144 2656 4207 Μωϋσῆς
2732 4136 3147 4216 ἐμπεφυσῆσθαι
3219 4137 3368 4212 παρὰ
3458 4142 3595 4195 Θεοῦ
3666 4138 3744 4208 τῷ

2073 4227 2347 4303 ἀνθρώπῳ
2424 4225 2788 4303 δυσχυρίσατο
2839 4272 2855 4298 ,
2940 4229 3102 4281 τοῦτο
3187 4226 3422 4303 Χριστὸς
3511 4228 3742 4282 ἀνανειῖΝ

2075 4315 2127 4371 ἐν
2190 4318 2326 4390 ἡμῖν
2404 4315 2541 4371 κατὰ
2612 4316 2709 4385 τήν
2772 4313 2832 4369 ἐκ
2903 4317 3106 4391 νεκρῶν
3179 4308 3478 4373 ἀναϐίωσιν
3539 4312 3695 4393 ἐνειρύ
3723 4343 3745 4355 -

2075 4425 2206 4475 σησε
2308 4410 2429 4466 τοῖς
2514 4404 2707 4459 ἑαυτοῦ
2787 4405 3055 4477 μαθηταῖς
3144 4401 3319 4481 λέγων
3389 4451 3406 4477 ,
3488 4398 3695 4462 Λάϐετε
3724 4446 3739 4474 ,

2076 4498 2300 4567 Πνεῦμα
2334 4539 2349 4563 ,
2400 4491 2491 4547 ⁹ίνα
2561 4490 2726 4548 πάλιν
2804 4491 3290 4571 ἀναμορφωθέντες
3364 4493 3449 4558 εἷς
3518 4495 3619 4564 τὴν
3689 4489 3739 4561 ἐξ

2075 4584 2256 4660 ἀρχῆς
2316 4582 2497 4639 εἰκόνα
2564 4582 2883 4661 σύμμορφοι
2960 4582 3278 4659 φαινώμεθα
3349 4588 3431 4656 τῷ
3507 4602 3739 4649 πεποιη-

309 4676 516 4749 formes
540 4692 641 4733 nos
696 4676 866 4748 efﬁcit
923 4676 1050 4743 Deo,
1103 4675 1337 4748 proﬂuit
1364 4690 1491 4731 vero
1549 4683 1602 4730 et
1628 4691 1699 4730 ea:
1725 4678 1893 4730 Patre
1915 4682 1961 4730 et

2073 4672 2191 4728 κότι
2251 4669 2342 4728 διὰ
2396 4680 2497 4742 τῆς
2549 4676 2646 4727 τοῦ
2700 4671 3020 4745 Πνεύματος
3076 4674 3343 4749 μετοχῆς.
3392 4675 3522 4729 Ὅτε
3554 4670 3734 4728 τοίνυν

308 4767 469 4837 Filio,
499 4767 867 4837 mani’estum
895 4772 975 4821 est
1019 4780 1145 4820 eum
1189 4763 1399 4820 divinae
1441 4764 1689 4819 essentiae
1719 4778 1851 4832 esse,
1882 4779 1971 4818 es-

309 4857 582 4912 sentiater
638 4856 695 4910 in
757 4856 898 4925 ipsa,
956 4855 1011 4908 et
1055 4870 1125 4908 ea:
1181 4855 1309 4925 ipsa
1361 4855 1657 4925 proﬂuens.
1707 4852 1968 4918 Proﬂuit,

306 4944 523 5015 inquit,
574 4961 645 5000 ex
674 4944 842 4999 Patre
901 4950 960 4999 et
1006 4942 1172 5000 Filio.
1233 4942 1343 4997 hoc
1372 4948 1464 4997 est
1495 4958 1597 5014 per
1656 4941 1868 4997 Filium
1901 4958 1970 4997 ex

306 5034 498 5089 Patre.
536 5034 606 5088 At
644 5033 1065 5106 Nyssaensium
1115 5031 1398 5103 orbisque
1444 5030 1667 5099 lumen,
1702 5035 1844 5103 quot
1871 5030 1971 5087 ille

304 5122 366 5178 in
398 5121 540 5177 locis
574 5121 767 5193 palam
801 5122 1133 5192 conﬁrmat,
1159 5137 1262 5193 per
1284 5120 1495 5175 Filium
1521 5119 1809 5192 Spiritum
1842 5136 1972 5175 san-

306 5215 468 5267 ctum
501 5228 570 5267 ex
600 5211 767 5267 Patre
797 5227 926 5266 esse
946 5210 973 5264 ‘t
999 5211 1099 5265 sed
1132 5210 1509 5282 potissimum
1543 5209 1603 5263 in
1636 5209 1831 5281 prima
1857 5210 1969 5263 An-

305 5300 613 5356 tirrhetica
640 5299 764 5355 haec
802 5299 873 5355 de
929 5299 1147 5371 Spiritu
1194 5297 1411 5354 tradit:
1466 5300 1627 5353 Patri
1667 5298 1971 5353 secundum

309 5390 460 5462 quod
494 5391 792 5446 'increatus
849 5393 928 5445 est
982 5390 1365 5463 conjungitur,
1410 5403 1709 5459 rursusque
1762 5388 1831 5442 ab
1882 5403 1967 5456 eo,

310 5481 459 5553 quod
488 5479 942 5551 quemadmodum
970 5480 1068 5534 ille
1125 5482 1317 5541 Pater:
1335 5494 1445 5533 non
1498 5485 1597 5547 cst,
1635 5485 1969 5549 separatur;

308 5552 663 5641 conjungitur
692 5577 742 5624 et
770 5569 912 5623 Filio
960 5552 1429 5639 secundani:qu
1479 5569 1761 5622 increatus
1789 5570 1887 5634 est,
1920 5575 1972 5622 et

308 5658 452 5730 quod
496 5675 725 5714 causam
780 5659 1115 5714 exsistentiw
1172 5645 1546 5713 ex'omnium
1601 5658 1706 5712 Deo
1735 5656 1971 5720 habeat;

308 5749 623 5829 sejungitur
678 5761 874 5803 rursus
920 5747 1284 5819 proprietate,
1343 5745 1484 5819 quod
1538 5760 1651 5801 non
1711 5752 1972 5820 tanquam

2078 4760 2141 4815 τὸ
2202 4764 2424 4833 Πνεῦμα
2486 4759 2550 4814 τὸ
2608 4760 2761 4835 ἅγιον
2816 4757 2867 4815 ἐν
2927 4761 3065 4832 ἡμῖν
3124 4758 3409 4834 γινόμενον
3465 4756 3739 4834 συμμόρ-

2081 4869 2214 4926 φους
2290 4851 2441 4923 ἡμᾶς
2513 4844 2851 4903 ἀποδεικνύει
2909 4851 3044 4903 Θεοῦ
3076 4892 3092 4919 ,
3148 4846 3362 4925 πρόεισι
3421 4846 3481 4905 δὲ
3532 4846 3624 4903 καὶ
3680 4842 3738 4899 ἐκ

2080 4938 2296 5013 ΙΙατρὸς
2350 4938 2441 4993 καὶ
2500 4938 2650 5011 T106,
2703 4935 2991 5015 πρόδηλον
3051 4935 3135 4993 ὅτι
3191 4944 3294 5008 τῆς
3350 4936 3497 5001 θείας
3555 4931 3735 4994 οὐσίας

2081 5026 2223 5083 ἐστὶν
2254 5075 2270 5102 ,
2326 5025 2609 5090 οὕσιωδῶς
2689 5026 2743 5082 ἐν
2796 5026 2933 5102 αὐτῇ
3011 5025 3102 5082 καὶ
3161 5025 3213 5098 ἐξ
3266 5026 3435 5098 αὐτῆς
3491 5021 3686 5104 προϊόν
3718 5060 3733 5074 .

2080 5117 2331 5193 ΙΙρόεισι,
2390 5116 2578 5196 φησὶν,
2642 5117 2703 5173 ἐκ
2755 5116 2971 5195 ΙΙατρὸς
3027 5115 3120 5172 καὶ
3176 5117 3327 5172 T106:
3375 5116 3620 5173 τουτέστι
3665 5107 3734 5165 δι’

2080 5206 2211 5261 T106
2241 5207 2389 5283 παρά
2437 5211 2535 5262 τοῦ
2582 5205 2815 5283 Πατρός.
2854 5207 2912 5260 Ὀ
2960 5202 3019 5261 δέ
3064 5227 3127 5283 γε
3170 5209 3279 5262 τῶν
3330 5205 3615 5262 Νυσσαὲων
3646 5198 3734 5256 καὶ

2076 5303 2180 5365 τῆς
2211 5296 2539 5370 οἰκουμένης
2584 5297 2832 5374 φωστὴρ,
2882 5294 2933 5350 ἐν
2981 5295 3174 5359 πόσοις
3216 5295 3541 5373 παρίστησιν
3593 5290 3733 5366 ἐναρ-

2079 5390 2213 5460 γῶς,
2274 5385 2357 5440 ὅτι
2416 5382 2484 5440 δι’
2541 5386 2670 5441 T106
2725 5385 2790 5440 τὸ
2837 5389 3067 5459 Πνεῦμα
3104 5384 3166 5440 τὸ
3197 5386 3351 5461 ἅγιον
3389 5384 3441 5441 ἐν
3500 5379 3732 5454 Πατρὸς,

2077 5474 2216 5537 τέως
2274 5479 2404 5551 γοῦν
2466 5475 2518 5530 ἐν
2576 5479 2656 5547 τῷ
2708 5475 2914 5549 πρώτῳ
2966 5477 3074 5530 τῶν
3127 5474 3551 5553 Ἀντιρῥητικῶν
3606 5461 3731 5523 τάδε

2080 5560 2232 5639 λέγει
2278 5563 2404 5641 περὶ
2450 5568 2549 5619 τοῦ
2599 5564 2939 5640 ΙΙνεύματος’
2974 5566 3069 5636 Τῷ
3112 5562 3286 5640 ΙΙατρί
3333 5561 3556 5621 κατὰτὸ
3585 5558 3728 5643 ἄκτι-
3810 5640 3813 5643 Ι

2082 5674 2203 5709 στον
2279 5653 2681 5728 συναπτόμενον
2757 5651 2923 5709 πάλιν
3000 5651 3165 5709 αὐτοῦ
3200 5697 3214 5724 ,
3272 5657 3354 5727 τῷ
3409 5653 3486 5729 μὴ
3543 5642 3726 5714 Πατὴρ

2082 5742 2216 5799 εἶναι
2269 5741 2510 5823 καθάπερ
2569 5742 2775 5806 ἐκεῖνος
2836 5739 3225 5822 διαχωρίζεται
3254 5784 3270 5801 .
3329 5746 3408 5818 Τῇ
3482 5735 3541 5796 δὲ
3598 5729 3731 5809 πρὸς
