4132 6418
409 392 532 473 546
1298 392 1404 458 DE
1443 386 1988 460 PROCESSIONE
2031 396 2100 461 S.

2222 397 2511 468 ’IRITUS
2557 406 2854 470 ORATIO
2896 407 2945 468 Ι.
3722 413 3842 476 546

411 529 504 585 τὸν
563 529 688 585 Υἱὸν
747 531 885 586 κατὰ
940 529 1003 586 τὸ
1060 526 1307 586 ἄκτιστον
1368 524 1643 606 σῦναφείᾳ,
1701 527 1792 583 καὶ
1868 528 1920 585 ἐν
1995 535 2074 603 τῷ
2101 596 2112 616 Α

2222 537 2511 607 .nigenitus
2540 554 2609 594 ex
2637 542 2811 597 Patre
2837 542 3105 608 subsistit,
3137 544 3190 597 et
3235 543 3376 614 quod
3405 559 3502 614 per
3530 561 3715 617 ipsum
3744 547 3836 603 Fi-

413 619 515 689 τήν
558 617 731 675 αἰτίαν
787 626 890 690 τῆς
958 618 1233 695 ὑπάρξεως
1290 617 1351 674 ἐκ
1410 622 1508 673 τοῦ
1571 622 1706 673 Θεοῦ
1755 622 1865 673 τῶν
1924 618 2070 675 ὅλων

2222 626 2329 681 ium
2356 632 2634 699 apparuit.
2666 631 2872 687 Rursus
2895 648 3021 687 cum
3066 636 3323 687 creatura
3350 650 3449 703 per
3475 636 3678 691 Filium
3707 637 3838 691 sub-

418 704 567 784 ἔχειν
621 707 911 787 ἀφίσταται
961 706 1128 764 πάλιν
1187 712 1267 780 τῷ
1327 704 1610 778 ἰδιάζοντι,
1666 706 1716 762 ἐν
1775 712 1855 780 τῷ
1934 710 2075 781 μήτε

2222 717 2429 787 titisset,
2480 735 2549 775 ne
2590 736 2715 775 cum
2755 737 2821 776 ea
2858 723 3295 778 communionem
3340 722 3589 794 Spiritus
3640 724 3840 783 habere

423 802 733 874 μονογενῶς
798 797 859 855 ἐκ
930 802 1031 854 τοῦ
1084 799 1294 874 Πατρὸς
1366 797 1687 867 ὑποστῆναι,
1742 795 1834 852 καὶ
1891 796 1943 851 ἐν
1995 802 2075 871 τῷ

2222 805 2619 879 τὶδίἰνηανειιιν,
2653 809 2792 880 quod
2839 825 2937 880 per
2963 810 3176 865 Filium
3206 820 3470 882 appareat
3515 813 3837 869 immutabi-

420 883 490 941 δι’
546 885 713 943 αὑτοῦ
795 891 893 944 τοῦ
978 888 1106 943 Υἱοῦ
1200 886 1515 964 πεφηνέναι.
1577 883 1750 940 Πάλιν
1838 883 1897 941 δὲ
1972 893 2072 957 τῆς

2222 893 2359 962 itate,
2385 894 2667 965 ﬁrmitate,
2702 915 2765 953 ac
2794 899 3073 965 bonitatis,
3105 915 3228 971 qua:
3256 905 3530 957 extranea
3556 904 3645 969 sit,
3678 905 3840 960 nulla

417 975 646 1041 κτίσεως
713 974 804 1033 διὰ
876 981 974 1032 τοῦ
1044 980 1384 1053 Μονογενοῦς
1469 976 1794 1048 ὑποσνάσης,
1868 977 1942 1038 ὡς
2011 976 2073 1031 ’ἀν

2222 982 2512 1054 ndigentia,
2546 1003 2586 1042 a
2619 992 2877 1043 creatura
2904 988 3148 1060 Spiritus
3177 992 3505 1048 secernitur.

424 1066 501 1139 μὴ
569 1065 863 1137 κοινότητά
927 1087 1050 1122 τιτα
1113 1066 1179 1123 τὸ
1232 1070 1449 1140 Πνεῦμα
1513 1069 1749 1140 νομισθῇ
1821 1066 1959 1141 πρὸς
2013 1067 2214 1139 ταύτην
2271 1067 2440 1147 ἔχειν,
2502 1073 2562 1128 ἐκ
2616 1079 2712 1129 τοῦ
2772 1073 2861 1130 διὰ
2930 1080 3025 1130 τοῦ
3081 1078 3209 1131 Υἱοῦ
3266 1080 3578 1156 πεφηνέναι,
3642 1080 3693 1135 ἐν
3771 1087 3850 1154 τῷ

425 1154 672 1233 ἀτρέπτῳ
742 1157 833 1213 καὶ
909 1155 1273 1230 ἀναλλοιώτῳ
1334 1156 1426 1212 καὶ
1516 1154 1806 1230 ἀπροσδεεῖ
1894 1163 1994 1226 τῆς
2076 1157 2330 1233 ἑτέρωθεν
2409 1162 2743 1239 ἀγαθότητος
2776 1210 2789 1235 ,
2874 1162 3201 1240 διακρίνεται
3288 1154 3359 1222 τὸή
3438 1173 3657 1243 Πνεῦμα
3740 1171 3848 1227 ἀπὸ

424 1252 528 1316 τῆς
555 1245 803 1310 κτίσεως.

502 1335 592 1412 ιβ’.
651 1340 984 1414 Διαποροῦσι
1040 1337 1165 1412 περὶ
1243 1339 1341 1390 τοῦ
1414 1336 1708 1414 πεφηνέναι
1772 1336 1937 1399 τινες,
1996 1336 2084 1407 Μή
2119 1347 2166 1411 Β

427 1445 581 1495 ποτε,
627 1422 904 1504 λέγοντες,
955 1425 1310 1505 φανερώσεως
1371 1424 1505 1480 αὐτὸ
1561 1421 1871 1496 δηλωτικόν
1928 1424 2093 1494 ἐστιν,

429 1515 539 1593 οὐχ
596 1515 896 1593 ὑπάρξεως.
943 1514 1133 1571 Καίτοι
1186 1516 1237 1591 γ’
1294 1514 1465 1590 ἐχρῆν
1525 1513 1744 1585 αὐτοὺς,
1774 1515 1821 1570 εἰ
1882 1517 1957 1589 μή
2015 1519 2094 1588 τῷ

430 1604 778 1682 ἐνεργητικὸν
832 1604 972 1661 εἶναι
1021 1606 1084 1660 τὸ
1131 1604 1285 1681 ῥῆμα
1330 1604 1467 1660 κατά
1520 1625 1581 1661 τε
1652 1606 1931 1683 προφορὰν
2004 1604 2094 1660 καὶ

433 1692 678 1765 δήλωσιν
740 1695 882 1769 ὁμοῦ
929 1695 1402 1773 προσεσχήκεσαν,
1462 1692 1558 1749 κᾶν
1611 1699 1739 1771 γοῦν
1804 1693 1854 1767 ἐξ
1905 1692 2093 1749 ἄλλων

436 1782 651 1860 ῥήσεων
681 1787 969 1861 Πατρικῶν
1011 1785 1111 1854 τήν
1169 1782 1441 1857 σημασίαν
1498 1781 1946 1855 κατανενοηκέναι
1996 1786 2097 1853 τῆς

437 1871 656 1947 λέξεως,
706 1873 798 1930 καὶ
852 1874 928 1947 μή
977 1874 1081 1942 τῆς
1136 1870 1400 1944 ἀληθείας
1449 1872 1784 1950 ἐπηρεαστὰς
1836 1874 2097 1944 καθεστη-

435 1960 582 2019 κέναι
615 1960 890 2034 διακενῆς.
926 1960 1131 2018 Αὐτίκα
1179 1963 1284 2038 γὰρ
1315 1963 1345 2019 ὁ
1380 1963 1546 2039 μέγας
1597 1961 1882 2026 Βασίλειος
1931 1966 2102 2019 ταῦτα

440 2050 588 2129 λέγει
665 2051 794 2129 περὶ
883 2054 981 2106 τοῦ
1058 2049 1396 2125 Πνεόματος·
1470 2049 1635 2106 Οὐδὲν
1717 2047 1848 2128 ἔχον
1926 2051 2101 2124 ἐαυτῷ

445 2139 759 2213 ἐπίκτητον,
822 2139 952 2197 ἀλλ’
1013 2138 1207 2204 ἆϊδίως
1288 2139 1463 2196 πάννα
1528 2137 1657 2217 ἔχον
1735 2141 1812 2205 ὡς
1883 2145 2103 2214 Πνεῦμα

446 2235 598 2302 Θεοῦ,
666 2230 758 2287 καὶ
825 2229 879 2302 ἐξ
951 2229 1115 2287 αὐτοῦ
1194 2229 1458 2309 πεφηνός.
1517 2234 1573 2285 ‘0
1653 2227 1711 2287 δὲ
1786 2230 2103 2308 σοφώτατος

447 2319 720 2395 Κύριλλος
784 2319 911 2397 περὶ
948 2322 1047 2376 τοῦ
1092 2324 1350 2397 Χριστοῦ’
1397 2320 1497 2375 Τὸν
1541 2325 1675 2377 Θεοῦ
1736 2319 1957 2393 μεσίτην
2012 2318 2104 2374 καὶ

448 2411 748 2489 ἀνθρώπων
844 2411 981 2466 κατὰ
1049 2411 1146 2474 τὰς
1234 2409 1449 2489 Γραφᾶς
1526 2412 1834 2486 συγκεῖσθαι
1909 2410 2105 2488 φαμὲν,

447 2496 510 2556 ἔκ
595 2521 656 2558 τε
727 2506 832 2570 τῆς
907 2501 1027 2564 rae’
1113 2501 1265 2574 ἡμᾶς
1350 2499 1793 2575 ἀνθρωπότητος,
1879 2497 2104 2561 τελείως

447 2588 689 2666 ἐχούσης
750 2591 888 2646 κατὰ
950 2590 1043 2644 τὸν
1094 2586 1232 2645 ἷ¹διον
1288 2586 1474 2665 λόγον,
1521 2589 1612 2645 καὶ
1669 2589 1730 2644 ἐκ
1786 2593 1885 2645 τοῦ
1931 2609 2108 2666 πεφη-

447 2679 605 2741 νότος
677 2677 737 2734 ἐκ
799 2682 898 2734 τοῦ
965 2682 1100 2736 Θεοῦ
1176 2679 1314 2735 κατὰ
1379 2677 1534 2757 φύσιν
1614 2679 1764 2750 Υἱοῦ,
1841 2679 2107 2749 τουτέστι,

449 2772 547 2823 τοῦ
620 2771 965 2845 μονογενοῦς.
1017 2767 1118 2822 Καὶ
1185 2766 1369 2823 πάλιν·
1421 2765 1589 2825 ’Ίδιόν
1648 2766 1759 2822 ἐστι
1818 2767 1882 2822 τὸ
1938 2770 2106 2821 Πνεῦ-

457 2877 534 2930 μα
577 2861 674 2911 τοῦ
722 2858 873 2931 Υίοῦ,
915 2853 1066 2913 οῦτοι
1119 2877 1220 2912 πον
1295 2854 1458 2930 μόνον
1507 2855 1546 2931 ᾖ
1594 2855 1770 2932 Λόγος
1826 2854 1958 2928 ἐστῖ,
2009 2877 2105 2911 πε-

454 2945 643 3025 φηνὼς
700 2944 760 3002 ἐκ
804 2946 1042 3023 Πατρὸς,
1099 2943 1227 3001 ἀλλ’
1287 2944 1333 3001 εἰ
1404 2945 1495 3001 καί
1548 2952 1728 3002 νοοῖτο
1783 2946 1901 3010 καθ’
1960 2947 2109 3019 ἡμᾶς

454 3035 742 3112 ἄνθρωπος
805 3034 1066 3112 γεγονώς.
1139 3032 1436 3110 Πρόδηλον
1502 3031 1768 3106 δήπουθεν
1848 3035 1922 3098 ὡς
1978 3035 2108 3098 Θεὸς

458 3125 554 3198 μὲν
599 3124 664 3180 τὸ
714 3127 963 3199 Πνεῦμα,
1010 3124 1072 3179 τὸ
1121 3122 1173 3195 ἐξ
1218 3124 1282 3179 οὗ
1327 3122 1531 3199 κυρίως
1590 3122 1720 3200 ἔχον
1799 3122 1890 3180 καὶ
1955 3146 2109 3202 φυσι-

455 3218 567 3278 κῶς
615 3213 694 3277 ὡς
758 3213 913 3284 Θεὸς,
957 3214 1027 3269 τὰ
1070 3210 1118 3268 δ’
1170 3210 1318 3270 ἄλλα
1388 3215 1674 3286 ποιήματα
1742 3234 2111 3291 καταχρηστι-

456 3302 695 3380 κώτερον
774 3303 853 3366 ὡς
900 3302 961 3358 ἐκ
1028 3306 1261 3373 ποιηνοῦ
1324 3301 1415 3357 καὶ
1480 3300 1821 3380 δημιουργοῦ
1880 3303 2116 3382 πεφηνό-

454 3412 543 3463 τα,
623 3392 676 3464 ἐξ
769 3392 832 3448 οὗ
928 3390 1213 3470 λεγόμενα.
1300 3394 1462 3447 Ὥστε
1536 3394 1865 3466 σημαντικὸν
1941 3392 2116 3469 ὑπάρ-

458 3484 591 3555 ξεως
674 3478 960 3556 ἀριδήλως
1042 3482 1106 3536 τὸ
1190 3480 1506 3560 πεφηνέναι,
1576 3484 1675 3550 τῆς
1763 3488 1982 3561 Γραφῆς
2059 3479 2118 3538 δὲ

462 3568 886 3648 διαγορευοόσης
972 3570 1117 3627 οὕτω
1219 3570 1345 3647 περὶ
1438 3575 1538 3626 τοῦ
1612 3570 1955 3645 Πνεύματοςο
2031 3572 2118 3634 Ὣς

463 3657 553 3716 οῦν
610 3661 639 3716 ὁ
698 3657 1043 3738 δημιουργὸς
1102 3660 1281 3735 Λόγος
1340 3658 1628 3736 ἐσέερὲωσε
1696 3660 1788 3715 τὸν
1866 3660 2116 3738 οὐρανὸν,

466 3747 609 3804 οὕτω
665 3748 756 3804 καὶ
809 3749 872 3805 τὸ
941 3754 1169 3824 Πνεῦμα
1226 3753 1325 3804 τοῦ
1390 3753 1525 3804 Θεοῦ
1574 3749 1603 3803 ’ὸ
1651 3750 1799 3826 παρὰ
1852 3755 1954 3805 τοῦ
2001 3756 2118 3807 Ila-

462 3838 591 3914 τρὸς
679 3836 1065 3915 ἐκπορεύεται,
1148 3838 1425 3893 τουτέστιν
1454 3880 1469 3905 ,
1538 3836 1598 3893 ἐκ
1667 3843 1766 3894 τοῦ
1849 3839 2119 3913 στόματος

451 3925 636 3982 αὐτοῦ.
694 3927 794 3982 Καὶ
862 3925 1052 4002 πάλιν,
1104 3925 1239 3983 Οὔτε
1315 3925 1611 4001 ἀλλότριον
1669 3935 1772 3997 τῆς
1829 3933 1928 3983 τοῦ
1986 3934 2121 3985 Θεοῦ

2271 1342 2356 1396 12.
2409 1343 2484 1398 De
2533 1345 2705 1401 verbo
2755 1344 2855 1400 illo
2911 1362 3190 1417 apparere
3239 1346 3503 1420 plerique
3549 1350 3845 1406 dubitant.

2203 1434 2369 1486 Anne
2400 1431 2697 1505 inquiunt,
2732 1434 2876 1489 illud
2928 1435 3468 1493 manifestationem
3516 1442 3575 1493 et
3605 1456 3720 1495 non
3753 1456 3850 1495 ex-

2205 1520 2539 1577 sistentiam
2571 1527 2775 1590 notat;
2809 1540 2942 1579 cum
2993 1528 3285 1597 oporteret
3328 1527 3585 1593 eosdem,
3624 1533 3859 1599 praeter-

2206 1625 2383 1681 quam
2415 1612 2571 1684 quod
2605 1614 2849 1668 verbum
2882 1612 3026 1668 illud
3056 1618 3184 1668 tum
3218 1616 3695 1686 pronuntatione,
3728 1621 3856 1672 tum

2206 1700 2578 1771 expressione
2625 1702 2878 1757 activum
2929 1707 3039 1769 est,
3074 1702 3271 1758 saltim
3321 1720 3392 1759 ex
3439 1703 3569 1761 aliis
3615 1708 3858 1762 Patrum

2208 1789 2516 1845 sententiis
2544 1791 2700 1846 vocis
2728 1791 3127 1864 significatum
3157 1792 3452 1865 colligere,
3486 1810 3678 1867 neque
3706 1795 3855 1850 veri-

2206 1880 2388 1933 tatem
2410 1876 2838 1936 calumniantes
2861 1881 3080 1936 frustra
3098 1885 3333 1955 tempus
3355 1887 3558 1940 terere.
3581 1884 3644 1939 In
3664 1901 3859 1956 prom-

2209 1971 2311 2037 ptu
2360 1967 2516 2023 enim
2565 1974 2725 2037 sunt,
2772 1986 2897 2041 quae
2950 1970 3202 2027 Basilius
3253 1972 3500 2041 Magnus
3558 1974 3736 2029 tradit
3787 1975 3859 2030 de

2212 2054 2431 2127 Spiritu
2465 2073 2478 2112 :
2513 2058 2672 2114 Nihil
2702 2057 2906 2114 habens
2949 2060 3005 2114 in
3037 2074 3094 2115 se
3145 2060 3260 2131 ipso
3301 2063 3629 2133 ascititium,
3660 2064 3754 2118 sed
3799 2065 3871 2120 ab

2210 2146 2417 2200 aeterno
2445 2148 2637 2202 omnia
2682 2148 2989 2218 possidens,
3022 2153 3086 2204 ut
3132 2150 3235 2205 Dei
3261 2149 3529 2221 Spiritus,
3560 2156 3615 2207 et
3655 2169 3727 2209 ea:
3756 2154 3874 2225 ipso

2212 2250 2506 2305 apparens.
2563 2236 3049 2309 Sapientissimus
3124 2238 3375 2311 Cyrillus
3432 2241 3503 2297 de
3562 2241 3793 2299 Christo
3852 2260 3867 2300 :

2214 2322 2576 2381 Mediatorem
2604 2328 2708 2382 Dei
2735 2334 2786 2381 et
2816 2327 3126 2393 hominum,
3158 2336 3221 2383 ut
3265 2329 3470 2386 divina:
3499 2330 3724 2387 tradunt
3753 2334 3867 2389 Lit-

2217 2417 2367 2481 terae,
2400 2417 2653 2486 componi
2696 2415 2949 2484 dicimus,
2983 2421 3036 2473 et
3077 2434 3150 2474 ea:
3177 2421 3371 2475 nostra
3417 2419 3763 2478 humanitate
3789 2438 3871 2479 se-

2216 2502 2461 2559 cundum
2513 2506 2799 2572 propriam
2844 2507 3119 2562 rationem
3168 2510 3438 2579 per/ecta,
3477 2513 3532 2564 et
3570 2525 3652 2580 eo,
3695 2513 3793 2582 qui
3839 2528 3875 2567 a

2216 2593 2323 2647 Deo
2375 2594 2670 2663 apparuit,
2722 2595 3024 2650 secundum
3079 2601 3343 2652 naturam
3397 2598 3560 2670 Filio,
3618 2599 3717 2655 hoc
3770 2608 3871 2667 est,

2218 2680 2523 2751 unigenito.
2559 2681 2626 2735 Et
2674 2698 2926 2737 rursus:
2977 2683 3245 2754 Proprias
3289 2687 3372 2739 est
3420 2683 3662 2755 Spiritus
3709 2687 3871 2755 Filii,

2219 2783 2330 2825 non
2355 2785 2421 2824 ea
2476 2771 2689 2825 ratione
2732 2775 2969 2841 tantum,
3002 2787 3111 2842 qua
3172 2772 3410 2827 Verbum
3456 2782 3553 2839 est,
3600 2790 3881 2847 apparens

2217 2872 2287 2912 ea:
2317 2862 2505 2925 Patre,
2536 2859 2633 2914 sed
2659 2875 2723 2914 ea
2752 2861 2941 2927 etiam,
2974 2877 3082 2931 qua
3108 2877 3147 2916 α
3176 2863 3332 2916 nobis
3377 2865 3688 2934 concipitur
3715 2865 3871 2922 homo

2216 2948 2413 3019 factus.
2468 2949 2822 3019 Manifestum
2876 2950 3046 3005 Deum
3096 2966 3209 3006 esse
3256 2951 3547 3022 Spiritum,
3604 2954 3746 3009 illud
3802 2972 3873 3010 ea:

2219 3037 2333 3092 alio
2360 3039 2590 3108 proprie
2614 3037 2919 3109 possidens,
2949 3048 3000 3094 et
3026 3041 3370 3096 naturaliter
3405 3045 3469 3096 ut
3498 3043 3638 3099 Deus
3667 3061 3688 3099 :
3718 3044 3872 3101 alias

2225 3142 2350 3182 vero
2412 3136 2696 3182 creaturas
2749 3129 2925 3199 magis
2976 3129 3292 3202 improprie,
3343 3138 3611 3203 tanquam
3667 3148 3793 3204 quae
3843 3151 3878 3189 a

2225 3218 2492 3272 Creatore
2536 3223 2590 3271 et
2647 3216 2838 3287 api/ise
2882 3222 3281 3288 apparuerunt,
3330 3235 3402 3274 ea:
3448 3236 3552 3292 quo
3593 3220 3874 3278 dicuntur.

2225 3305 2405 3373 Quare
2430 3307 2883 3376 manifestissime
2909 3309 3135 3362 verbum
3185 3324 3467 3380 apparere
3494 3311 3879 3367 exsistentiam

2224 3394 2463 3460 denotat,
2499 3395 2789 3465 Scriptura
2833 3396 2995 3452 verbo
3041 3397 3159 3453 haec
3204 3406 3481 3454 asserente
3529 3399 3595 3454 de
3633 3402 3876 3471 Spiritu.

2229 3484 2695 3552 Quemadmodum
2723 3487 2909 3556 itaque
2955 3488 3143 3557 opifex
3175 3487 3409 3542 Verbum
3450 3489 3647 3544 ctutum
3685 3490 3878 3559 ﬁrma-

2226 3575 2325 3638 vit,
2359 3575 2440 3629 ita
2468 3577 2519 3628 et
2550 3575 2648 3629 Dei
2676 3573 2945 3643 Spiritus,
2974 3576 3073 3646 qui
3101 3591 3172 3630 ex
3200 3577 3364 3632 Patre
3393 3578 3650 3650 procedit,
3674 3578 3772 3635 hoc
3799 3584 3879 3637 est

2227 3678 2300 3717 ex
2327 3678 2422 3719 ore
2448 3662 2586 3734 ejus.
2620 3664 2689 3718 Et
2728 3680 2935 3720 rursus
2969 3680 2982 3718 :
3014 3667 3201 3737 Neque
3228 3682 3263 3721 a
3292 3668 3394 3723 Dei
3439 3668 3619 3739 gloria
3663 3670 3881 3726 alienus

2227 3753 2471 3823 Spiritus
2500 3768 2569 3807 ex
2594 3752 2869 3824 ineffabili
2913 3769 3006 3809 ore
3051 3754 3417 3827 ine/fabiiiter
3466 3775 3757 3830 apparens.
3793 3764 3881 3815 An

2232 3858 2347 3897 non
2377 3841 2687 3898 manifesto
2719 3843 2789 3897 de
2834 3842 3054 3915 Spiritu
3100 3844 3389 3901 evincitur
3434 3846 3590 3903 idem
3622 3865 3750 3904 esse
3779 3864 3885 3922 ap-

2232 3947 2454 4003 parere,
2483 3935 2540 3986 et
2570 3932 2881 4004 procedere
2900 3934 2928 3988 ?

453 4013 617 4089 δόξης
689 4017 754 4073 τὸ
829 4021 1047 4091 Πνεῦμα
1112 4021 1211 4072 τοῦ
1290 4014 1532 4093 ἀρρήτου
1608 4015 1879 4090 στόματος
1968 4017 2222 4096 ἀρῥήτως
2289 4017 2549 4097 πεφηνός.
2618 4018 2693 4073 Οὗ
2767 4020 2956 4075 ταυτὸν
3036 4020 3124 4076 ἐπὶ
3197 4026 3293 4077 τοῦ
3372 4022 3687 4096 Πνεῦματος
3770 4021 3879 4081 δεί-

448 4126 637 4162 κνυται
670 4110 915 4185 φανερῶς
944 4107 1009 4163 τὸ
1041 4106 1359 4186 πεφηνέναι,
1390 4104 1481 4160 καὶ
1507 4102 1892 4181 ἐκπορεύεσθαι
1917 4126 1931 4177 ;

524 4197 605 4273 ιγ’.
663 4199 965 4272 Τοιγαροῦν
1013 4191 1122 4252 ἔδει
1181 4197 1272 4253 καὶ
1328 4197 1457 4262 τοὺς
1509 4198 1759 4255 ἐνταυθοῖ
1812 4196 1939 4274 περὶ
2013 4200 2111 4252 τοῦ

2295 4200 2381 4254 13.
2415 4201 2732 4271 Oportebat
2760 4201 2958 4273 itaque
3001 4218 3101 4259 eos
3132 4205 3233 4277 qui
3263 4206 3359 4261 hic
3407 4205 3478 4261 de
3508 4204 3688 4277 hujus
3719 4205 3882 4262 verbi

448 4285 744 4364 πεφηνέναι
795 4282 1207 4361 διαποροῦντας,
1258 4285 1591 4363 ἀλλαχόθεν,
1642 4288 1719 4350 ὡς
1777 4284 2000 4366 ἔφαμεν,
2050 4284 2111 4341 ἐκ

446 4379 555 4432 τῶν
589 4373 1006 4455 ἀναμφιλέκτων
1058 4378 1159 4446 τήν
1218 4383 1319 4447 τῆς
1379 4375 1579 4448 λέξεως
1637 4375 1963 4454 πορίσασθαι
2008 4372 2107 4447 δή·

452 4463 645 4538 λωσιν,
672 4465 710 4535 ἢ
749 4465 845 4538 μὲν
874 4460 935 4521 ἔκ
963 4486 1027 4541 γε
1080 4467 1181 4536 τῆς
1240 4469 1338 4520 τοῦ
1397 4463 1566 4543 λόγου
1599 4466 1959 4545 συμφράσεως
1991 4486 2114 4520 συν-

454 4555 751 4632 εωρακὲναι
835 4555 901 4612 τὸ
992 4551 1221 4626 ἀληθὲς,
1302 4554 1392 4611 καὶ
1489 4557 1567 4629 μὴ
1653 4552 2114 4631 παραλογίζεσθαι

454 4649 590 4723 σφᾶς
638 4643 854 4706 αὐτούς.
902 4643 1073 4701 Ποίαν
1145 4644 1249 4719 γὰρ
1299 4642 1358 4699 ἂν
1407 4638 1553 4721 ἔχειν
1603 4643 1927 4714 ὑπωπτεύθη
1978 4642 2116 4720 πρὸς

453 4733 552 4803 τὴν
584 4732 757 4789 κτίσιν
805 4732 1100 4804 κοινότητα
1143 4734 1207 4788 τὸ
1247 4736 1476 4808 Πνεῦμα
1528 4733 1592 4789 τὸ
1651 4733 1829 4808 ἅγιον,
1884 4731 1944 4788 ἐκ
1996 4736 2117 4803 τοῦ,

452 4823 553 4892 τὴν
590 4823 686 4896 μὲν
717 4819 807 4878 διὰ
832 4826 932 4878 τοῦ
966 4824 1311 4900 Μονογενοῦς
1357 4822 1675 4894 ὑποστῆναι,
1706 4822 1770 4878 τὸ
1819 4819 1877 4877 δὲ
1926 4819 1997 4876 δι’
2023 4820 2117 4876 αὖ·

454 4915 553 4968 τοῦ
602 4912 1014 4991 πεφανερῶσθαι
1054 4910 1227 4986 αὐτῇ;
1258 4916 1326 4967 Ἠ
1381 4915 1500 4973 πῶς
1548 4910 1599 4966 ἐν
1661 4908 1858 4973 ἄλλοις
1910 4908 2119 4985 διακρι-

456 5000 686 5075 νόμενον
718 4998 782 5056 τὸ
813 5004 1043 5074 Πνεῦμα
1098 5000 1205 5056 ἀπὸ
1237 5002 1334 5070 τῆς
1392 4999 1643 5064 κτίσεως,
1677 4999 1738 5055 οὐ
1791 4996 2005 5073 μᾶλλον
2058 4999 2117 5053 ἃν

460 5087 761 5168 διεκρίνετο
818 5089 1270 5167 προχειρότερον,
1303 5089 1364 5145 ἐκ
1416 5093 1533 5148 τοῦ.
1581 5090 1682 5159 τὴν
1733 5088 1828 5163 μὲν
1879 5086 1970 5143 διὰ
2024 5092 2121 5142 τοῦ

459 5183 800 5257 Μονογενοῦς
849 5174 996 5255 ἔχειν
1047 5179 1109 5235 τὸ
1159 5180 1314 5251 εἶναι,
1355 5178 1420 5235 τὸ
1468 5176 1526 5234 δὲ
1586 5178 1663 5252 μὴ
1709 5175 1780 5233 δι’
1828 5178 1994 5233 αὐτοῦ
2052 5176 2119 5247 δὴ

458 5274 557 5325 τοῦ
586 5274 969 5346 Μονογενοῦς;
1017 5268 1164 5325 ἀλλὰ
1206 5268 1369 5324 τοῦτό
1420 5268 1531 5324 ἐστι
1574 5265 1643 5323 δι’
1696 5268 1825 5321 Υἱοῦ
1879 5267 1943 5322 τὸ
1990 5266 2120 5322 εἶναι

460 5363 540 5433 τῷ
572 5358 850 5432 ΙΙνεὺματι
881 5359 1029 5436 παρᾶ
1059 5358 1277 5435 Πατρὸς
1335 5362 1575 5436 φυσικῶς
1607 5354 1676 5412 δι’
1734 5357 1882 5425 Υἱοῦ,
1916 5356 2006 5411 καὶ
2052 5359 2122 5430 τῇ

462 5447 654 5520 κτίσει,
704 5445 853 5504 ἀλλὰ
920 5444 1360 5524 δημιουργικῶς.
1411 5447 1624 5521 Τρεπτή
1674 5445 1778 5521 γὰρ
1835 5443 1994 5516 αὕτη·
2040 5442 2124 5500 διὸ

463 5535 552 5593 καὶ
582 5534 895 5609 ἀλλοιωτὴ,
926 5536 1148 5606 καὶτῆς
1195 5534 1256 5591 ἐκ
1302 5539 1436 5592 Θεοῦ
1485 5533 1823 5611 ἀγαθότητος
1882 5530 2121 5607 ἐπιδεὴς,

462 5627 527 5683 τὸ
557 5623 616 5685 δὶ
644 5629 876 5701 Πνεῦμα
902 5626 966 5681 τὸ
997 5625 1152 5703 ἅγιον
1199 5624 1299 5682 οὐκ
1346 5623 1553 5703 ἐτράπη
1604 5622 1711 5680 ἀπὸ
1766 5626 1864 5680 τοῦ
1920 5624 1997 5697 μή
2057 5624 2128 5680 εἷ-

464 5736 553 5778 ναι
600 5714 678 5781 εἰς
728 5714 792 5772 τὸ
850 5714 986 5774 εἶναι
1051 5709 1381 5794 μεταϐαλόνθ
1431 5714 1499 5789 ἦν
1549 5713 1655 5793 γὰρ
1701 5712 1807 5794 ἀεὶ,
1857 5709 1944 5771 διὸ
2001 5711 2128 5775 οὐδὲ

2220 4288 2557 4361 signiﬁcatu
2616 4288 2912 4359 haesitant,
2956 4290 3214 4361 aliunde,
3259 4300 3325 4350 ut
3375 4294 3656 4359 diximus,
3707 4298 3766 4350 et
3812 4311 3882 4351 ex

2221 4377 2569 4434 indubitatis
2585 4378 2857 4434 dictionis
2879 4382 3229 4438 sententiam
3244 4383 3642 4456 expiscari,vel
3660 4382 3874 4441 saltem

2225 4484 2295 4523 ex
2342 4467 2469 4539 ipsa
2513 4467 2743 4523 dicendi
2795 4473 3094 4527 structura
3138 4472 3441 4528 veritatem
3491 4473 3877 4546 comprehen-

2226 4557 2383 4627 dere,
2418 4560 2474 4612 et
2512 4573 2629 4612 non
2679 4557 2905 4629 seipsos
2950 4558 3114 4615 falsis
3162 4561 3671 4619 raticinationibus
3720 4561 3876 4618 deci-

2228 4662 2383 4717 pere.
2415 4644 2563 4709 Quid
2612 4645 2771 4701 enim
2802 4664 2937 4703 cum
2986 4654 3254 4705 creatura
3303 4650 3518 4706 habere
3562 4666 3878 4707 commune

2226 4733 2659 4790 existimaretur
2688 4735 2944 4807 Spiritus
2974 4743 3213 4794 sanctus
3241 4755 3310 4794 ex
3338 4756 3404 4794 eo
3435 4740 3591 4810 quod
3622 4739 3724 4796 illa
3752 4738 3880 4811 qui-

2229 4824 2362 4880 dem
2414 4841 2516 4896 per
2547 4823 2925 4896 Unigenitum
2981 4826 3274 4893 subsistit,
3306 4828 3562 4900 Spiritus
3610 4846 3745 4885 vero
3777 4844 3881 4899 per

2228 4913 2426 4985 ipsum
2457 4913 2542 4967 illi
2595 4914 3006 4971 manifestatus
3036 4916 3171 4971 est?
3220 4923 3423 4973 Annon
3469 4933 3604 4973 cum
3654 4919 3715 4973 in
3745 4917 3880 4973 aliis

2230 5002 2487 5074 Spiritus
2533 5007 2875 5058 secernatur
2916 5021 2949 5059 a
2994 5009 3278 5072 creatura,
3313 5006 3500 5079 magis
3548 5011 3606 5063 et
3637 5006 3882 5063 faciliori

2232 5092 2486 5162 quodam
2538 5092 2712 5146 modo
2754 5098 3157 5149 secerneretur
3202 5112 3271 5150 ex
3319 5112 3386 5151 eo
3436 5097 3591 5168 quod
3640 5094 3741 5151 illa
3783 5112 3884 5167 per

2230 5179 2464 5251 Filium,
2483 5180 2639 5252 quod
2664 5182 2759 5246 sit,
2785 5180 2997 5237 habeat
3023 5198 3038 5238 :
3063 5182 3159 5238 ille
3185 5187 3380 5240 autem
3406 5202 3521 5240 non
3544 5186 3883 5257 peripsum,

2232 5268 2613 5342 Unigenitum
2646 5286 2857 5341 nempe
2880 5269 2908 5324 ‘2
2938 5271 3042 5326 Sed
3066 5271 3175 5327 hoc
3201 5278 3292 5327 est
3323 5290 3423 5345 por
3454 5273 3665 5330 Filium
3695 5274 3882 5346 Spiri-

2232 5358 2338 5427 tui,
2368 5359 2521 5430 quod
2572 5358 2649 5414 sit
2693 5375 2763 5414 ex
2807 5360 2970 5415 Patre
3020 5362 3365 5419 naturaliter
3416 5380 3520 5435 per
3565 5364 3795 5429 Filium,
3828 5367 3887 5418 et

2234 5453 2534 5515 creaturae,
2568 5448 2668 5503 sed
2716 5451 2781 5502 ut
2826 5449 2900 5504 ab
2947 5449 3153 5521 opifice
3200 5453 3515 5523 productas.
3567 5453 3697 5508 Haec
3727 5455 3886 5508 enim

2238 5538 2391 5594 haud
2416 5538 2584 5592 ﬁrma
2614 5540 2724 5603 est,
2753 5536 3000 5608 ideoque
3022 5543 3078 5595 et
3108 5541 3430 5612 mutabilis,
3464 5546 3521 5597 et
3549 5541 3756 5597 divinae
3781 5541 3884 5596 bo-

2237 5626 2439 5683 nitatis
2496 5625 2789 5698 indigens.
2846 5626 2961 5681 Sed
3011 5627 3268 5700 Spiritus
3334 5636 3575 5687 sanctus
3644 5630 3889 5686 minime

2238 5718 2502 5774 mutatus
2531 5719 2642 5789 est,
2671 5731 2741 5773 ex
2783 5731 2850 5774 eo
2880 5717 3038 5791 quod
3084 5734 3201 5776 non
3231 5722 3343 5795 est,
3374 5720 3448 5779 ad
3478 5719 3539 5778 id
3587 5720 3742 5796 quod
3774 5723 3887 5795 est,
