4132 6416
345 406 460 464 54⁸1

1611 403 1660 462 Ν
1667 399 2034 464 ICEPHORI
2078 398 2516 463 BLEMMIDAL‘

3648 400 3762 464 548

345 537 596 611 gradum
628 533 866 590 faciens.
898 533 1036 591 Erat
1065 532 1220 590 enim
1255 547 1489 606 semper
1521 551 1534 589 :
1568 539 1872 607 propterea
1907 552 1975 590 ne

2115 532 2334 606 κτίσμα.
2366 533 2431 587 Εἰ
2480 530 2581 609 γὰρ
2605 531 2670 588 τὸ
2707 532 2921 588 κτιστὸν
2960 531 3224 609 τρεππὸν,
3254 531 3318 587 τὸ
3379 533 3456 606 μή
3515 534 3760 608 τρεπτὸν,

349 642 463 697 que
493 631 764 682 creatura
793 628 918 693 est;
945 623 1160 679 etenim
1193 623 1241 678 si
1285 629 1546 679 creatum
1579 624 1861 681 mutabile
1893 629 2001 688 est,

346 731 462 771 non
497 718 758 770 creatum
801 711 1169 768 immutabile
1215 712 1344 767 erit.
1378 712 1654 769 Creatura
1702 714 2004 770 mutabilis

346 809 469 873 est,
530 819 853 876 progressu
911 801 1436 857 sanctiﬁcationem
1497 803 1826 873 acquirens,
1884 802 2002 858 imo

345 893 523 948 etiam
557 909 589 947 a
621 890 848 946 meliori
879 891 1213 945 desciscens
1244 896 1302 946 et
1333 891 1403 945 ad
1436 891 1634 962 pejora
1665 897 1819 945 retro
1842 909 2000 946 com-

345 999 570 1038 means.
595 981 851 1052 Spiritus
872 979 1378 1034 absolutissimam
1404 979 1515 1034 sibi
1535 980 1902 1036 sanctitatem
1927 980 1998 1034 ab

345 1076 560 1126 aeterno
609 1069 883 1125 vindicat.
921 1070 1070 1140 Ergo
1131 1070 1177 1123 si
1231 1075 1491 1123 creatum
1549 1068 1831 1124 mutabile
1888 1073 1997 1138 est,

343 1159 499 1232 quod
549 1157 916 1214 immutabile
965 1164 1072 1224 est,
1105 1163 1366 1213 creatum
1419 1174 1533 1212 non
1582 1163 1690 1214 est.
1722 1157 2000 1213 Creatura

342 1249 670 1305 secundum
724 1245 1231 1321 participationem
1281 1247 1501 1301 bonum
1551 1263 1619 1302 ex
1658 1249 1767 1302 Deo
1798 1247 1997 1314 habet,

341 1337 593 1410 Spiritus
650 1353 786 1392 vero
830 1353 898 1391 ex
945 1335 1139 1408 seipso
1188 1336 1378 1392 bonus
1428 1341 1537 1391 est.
1583 1337 1746 1401 Quod
1798 1337 1998 1408 itaque

341 1427 544 1483 alienae
594 1424 872 1481 bonitatis
923 1443 1038 1480 non
1091 1425 1334 1498 indiget,
1386 1430 1443 1480 et
1491 1425 1992 1494 immutabilitate,

340 1522 518 1590 atque
547 1515 823 1571 firmitate
851 1514 1102 1587 Spiritus
1135 1532 1168 1569 a
1194 1518 1461 1569 creatura
1492 1514 1837 1570 secernitur.
1861 1514 1995 1578 Quae

340 1605 390 1661 si
421 1604 646 1660 inﬁcias
694 1603 887 1670 ierint,
919 1601 1142 1674 aliquid
1180 1619 1317 1658 cum
1369 1608 1635 1659 creatura
1681 1620 1995 1660 commune

336 1695 619 1767 Spiritum
651 1693 864 1749 habere
886 1692 1219 1748 existimare
1238 1708 1476 1749 necesse
1504 1697 1614 1762 est,
1647 1709 1713 1749 ex
1743 1709 1809 1749 eo
1837 1695 1993 1765 quod

337 1801 440 1856 per
468 1783 679 1839 Filium
709 1798 743 1837 a
772 1782 938 1836 Patre
969 1782 1261 1852 apparuit.

408 1873 496 1928 14.
521 1871 744 1938 Quibus
784 1871 984 1926 statim
1013 1870 1327 1942 objicimus
1366 1870 1467 1925 Dei
1508 1888 1742 1938 manus,
1771 1889 1897 1944 qum
1929 1872 1986 1926 in

336 1960 585 2018 Psalmis
603 1963 760 2027 sunt,
790 1959 1006 2029 radios,
1030 1975 1162 2014 cum
1189 1959 1598 2015 consimilibus
1617 1960 1810 2015 ﬂuviis
1833 1963 1984 2033 apud

333 2050 656 2122 theologos,
688 2066 722 2104 a
771 2048 885 2104 Deo
917 2053 1087 2103 natos
1135 2048 1426 2118 surculos,
1459 2054 1515 2104 et
1562 2049 1700 2103 bina
1742 2050 1984 2118 viscera,

334 2145 392 2197 et
417 2139 642 2196 lumina
674 2137 884 2204 Patris,
915 2143 972 2192 et
1003 2138 1290 2209 quidquid
1324 2139 1483 2193 hisce
1515 2138 1670 2193 haud
1698 2139 1987 2196 dissimile

332 2234 464 2296 est;
497 2245 686 2301 neque
740 2232 958 2282 norunt
1004 2226 1104 2298 qui
1155 2227 1262 2282 hac
1309 2233 1660 2299 pr0ponunf,
1707 2229 1984 2301 byposta-

333 2336 474 2375 seon
519 2317 919 2382 inconfusum,
952 2322 1010 2371 et
1057 2317 1308 2387 primam
1354 2333 1591 2372 causam
1647 2319 1782 2372 inde
1815 2318 1984 2375 nobis

331 2407 642 2464 insinuari.
676 2405 936 2461 Tandem
983 2405 1042 2460 in
1076 2405 1250 2460 rebus
1297 2404 1506 2462 divinis
1556 2409 1980 2478 pertractandis

329 2495 808 2552 consultissimus
856 2494 1237 2560 Athanasius,
1271 2495 1532 2550 oratione
1581 2497 1652 2551 de
1695 2496 1976 2568 unigeniti

329 2584 505 2641 Verbi
536 2583 959 2654 incarnatione,
993 2583 1063 2637 de
1105 2584 1308 2638 eodem
1344 2583 1652 2655 Unigenito
1685 2585 1804 2640 haec
1837 2586 1978 2640 scri-

327 2673 416 2729 bit
465 2691 479 2728 :
529 2675 669 2729 Dum
716 2672 1060 2728 commendat
1116 2675 1174 2726 in
1234 2689 1432 2727 manus
1487 2675 1672 2728 Patris
1719 2677 1981 2744 spiritum

327 2781 512 2835 suum,
543 2771 604 2818 ut
647 2764 823 2833 homo,
855 2763 1208 2833 semetipsum
1256 2763 1365 2817 sibi
1393 2771 1453 2818 ut
1481 2765 1587 2818 Deo
1614 2765 1977 2820 commendat.

326 2855 443 2925 Ipse
469 2853 617 2908 enim
647 2859 724 2906 est
767 2867 962 2905 manus
1008 2851 1208 2905 Patris.
1245 2851 1492 2922 Sapiens
1541 2868 1775 2922 quoque
1803 2853 1978 2908 Joan-

330 2960 434 2998 nes
465 2942 524 2996 in
556 2939 1078 2996 Ecclesialaudans
1095 2956 1226 2995 eum
1263 2940 1362 3011 qui
1395 2942 1653 2995 extendit
1686 2959 1896 2997 manus
1917 2943 1976 2998 in

329 3048 500 3087 cruce
559 3047 571 3084 :
630 3035 860 3101 Pr0pter
910 3045 997 3084 me
1057 3030 1428 3084 immaculatz‘s
1484 3030 1639 3084 illius
1697 3034 1972 3100 mambus,

329 3121 625 3192 praedicat,
668 3123 878 3190 [actam
905 3119 1076 3190 fuisse
1103 3135 1284 3174 meam
1339 3121 1397 3172 in
1435 3120 1712 3191 principio
1741 3124 1972 3176 creatio-

323 3224 450 3264 nem
476 3225 550 3263 ex
577 3211 745 3279 terra,
779 3208 1013 3264 creandi
1043 3207 1160 3262 vim
1192 3209 1378 3278 ipsam
1402 3207 1575 3263 Verbi
1607 3214 1665 3263 et
1693 3211 1976 3281 operatio-

2113 621 2175 676 οὐ
2234 621 2469 680 κτιστόν.
2529 623 2591 676 Ἣ
2650 621 2820 684 κτίσις
2891 620 3175 690 ἀλλοιωτή
3247 622 3384 677 κατά
3456 624 3759 697 προκοπὴν,

2114 707 2468 785 λαμϐάνουσα
2507 711 2600 766 τὸν
2652 713 2937 788 ἁγιασμὸν,
2983 711 3044 766 οὐ
3108 712 3214 786 μὴν
3287 709 3434 766 ἀλλά
3487 711 3574 766 καὶ
3630 713 3758 767 ἀπο-

2113 806 2352 878 φοιτῶσα
2380 806 2476 856 τοῦ
2507 800 2838 876 κρείττονος,
2871 801 2961 856 καὶ
3009 802 3145 876 πρὸς
3195 801 3259 856 τὸ
3313 806 3500 877 ’χεῖρον
3557 802 3758 856 ὑποπο-

2111 887 2350 959 δῖζουσα.
2403 892 2473 944 Τὸ
2537 887 2595 945 δὲ
2655 895 2876 963 Πνεῦμα
2944 892 3044 958 τὴν
3103 890 3406 966 ἀκροτάτην
3463 889 3758 966 ἁγιωσύνην

2111 977 2300 1041 ἀϊδίως
2350 979 2530 1054 αὐχεῖ.
2563 985 2886 1054 Τοιγαροῦν,
2919 979 2964 1033 εἰ
3011 980 3074 1034 τὸ
3119 979 3334 1034 κτιστὸν
3380 978 3469 1034 καὶ
3521 977 3760 1034 ἀλλοιω-

2106 1069 2218 1123 τόν·
2247 1069 2309 1124 τὸ
2361 1070 2437 1140 μὴ
2482 1065 2812 1141 ἀλλοιωτὸν,
2845 1066 2969 1123 οὐδὲ
3023 1068 3258 1123 κτιστόν.
3293 1069 3354 1123 Ἡ
3410 1067 3582 1130 κτίσις
3629 1069 3761 1123 κατά

2111 1158 2318 1232 μέθεξιν
2369 1155 2484 1234 ἔχει
2532 1158 2597 1213 τὸ
2647 1159 2844 1234 ἀγαθὸν
2888 1159 2948 1214 ἐκ
2993 1162 3090 1213 τοῦ
3138 1162 3292 1230 Θεοῦ,
3323 1158 3387 1213 τὸ
3433 1155 3490 1213 δὲ
3537 1162 3761 1231 Πνεῦμα

2106 1248 2424 1324 αὐτάγαθον.
2486 1249 2568 1302 Ἐν
2630 1249 2732 1324 ἄρα
2813 1253 2895 1321 τῷ
2966 1245 3256 1325 ἀπροσδεεῖ
3322 1255 3424 1317 τῆς
3509 1248 3761 1322 ἑτέρωθεν

2104 1337 2464 1413 ἀγαθότητος,
2523 1337 2613 1393 καὶ
2669 1342 2748 1410 τῷ
2807 1335 3189 1410 ἀναλλοιώτῳ,
3238 1336 3327 1392 καί
3375 1342 3454 1410 τῷ
3514 1336 3758 1414 ἀτρέπτῳ

2105 1424 2434 1502 διακρίνεται
2487 1426 2550 1480 τὸ
2617 1431 2844 1501 Πνεῦμα
2909 1427 3014 1481 ἀπὸ
3073 1433 3174 1496 τῆς
3241 1425 3490 1488 κτίσεως,
3543 1425 3604 1480 Εἰ
3658 1426 3754 1498 μὴ,

2101 1521 2270 1572 ταῦτα
2325 1516 2426 1592 γὰρ
2486 1513 2747 1588 ἐνομίσθη
2800 1515 2859 1571 ἄν
2904 1537 3027 1571 τινα
3073 1517 3211 1593 πρὸς
3259 1517 3357 1585 τήν
3395 1515 3566 1570 κτίσιν
3613 1513 3754 1590 ἔχειν

2102 1604 2417 1675 κοινότητα,
2445 1607 2526 1677 τῷ
2559 1601 2628 1659 δι’
2660 1606 2790 1660 Υίοῦ
2818 1604 3116 1684 πεφηνέναι
3145 1604 3294 1682 παρά
3324 1604 3566 1682 Πατρός.

2176 1870 2260 1928 ιδ’.
2296 1871 2456 1929 Ἀλλ’
2486 1873 2640 1938 εὐθὺς
2688 1873 2743 1927 αἱ
2789 1871 3063 1946 ψαλμικαὶ
3116 1875 3214 1926 τυῦ
3273 1875 3408 1926 Θεοῦ
3465 1876 3672 1947 χεῖρες,
3702 1870 3756 1925 αἱ

2101 1960 2417 2037 θεολογικαὶ
2474 1963 2706 2030 ἀκτῖνες,
2757 1963 2847 2016 σὺν
2903 1966 3020 2023 τοῖς
3081 1960 3298 2033 ὁμοίοις
3350 1966 3646 2034 ποταμοῖς,
3704 1961 3756 2014 οἱ

2097 2050 2351 2128 θεόφυτοί
2401 2072 2459 2106 τε
2511 2050 2761 2128 βλαστοὶ,
2805 2050 2895 2104 καὶ
2947 2051 3015 2104 τὰ
3064 2047 3268 2122 δίδυμα
3323 2046 3635 2125 σπλάγχνα,
3666 2048 3753 2103 καὶ

2099 2145 2250 2218 φῶτα
2280 2144 2376 2194 τοῦ
2410 2141 2645 2217 Πατρὸς,
2677 2138 2766 2194 καί
2800 2136 2852 2194 εἷ’
2875 2161 2925 2193 τι
2974 2143 3224 2193 τοιοῦτον
3276 2138 3753 2214 ἀντιπροτείνεται,

2097 2231 2186 2284 καὶ
2236 2230 2336 2284 οὐκ
2388 2228 2562 2284 ἴσασιν
2613 2231 2666 2284 οἱ
2712 2233 2878 2284 ταῦτα
2927 2225 2993 2296 δὴ
3024 2223 3500 2303 προϐαλλόμενοι,
3531 2228 3595 2282 τὸ
3650 2231 3753 2281 τῶν

2099 2319 2442 2373 ὑποστάσεων
2520 2319 2855 2394 ἀσόγχυτον,
2903 2316 2992 2371 καὶ
3048 2317 3111 2372 τὸ
3169 2320 3385 2390 πρῶτον
3451 2313 3623 2371 αἷ¹τιον
3676 2314 3752 2370 έν-

2093 2412 2276 2471 τεῦθεν
2329 2405 2816 2481 παραδηλούμενα.
2865 2405 3009 2468 Τέως
3061 2403 3108 2458 δ’
3157 2402 3247 2459 οῦν
3295 2405 3324 2458 ὁ
3372 2404 3440 2459 τά
3487 2406 3604 2461 Θεῖα
3654 2424 3753 2459 πο-

2098 2495 2194 2558 λὺς
2227 2497 2542 2558 ’ΔΘανάσιος
2573 2496 2625 2551 έν
2670 2501 2750 2568 τῷ
2797 2495 2922 2568 περὶ
2969 2501 3072 2564 τῆς
3118 2498 3215 2549 τοῦ
3277 2499 3609 2569 μονογενοῦς
3646 2493 3750 2548 Λό-

2094 2607 2193 2662 γου
2253 2585 2732 2661 ένανθρωπήσεως,
2782 2589 3006 2639 τοιαῦτα
3056 2583 3188 2661 φησὶ
3245 2583 3371 2659 περὶ
3433 2583 3602 2639 αὐτοῦ
3655 2586 3750 2638 τοῦ

2094 2679 2453 2751 Μονογενοῦς·
2512 2679 2636 2728 Ὅτε
2709 2673 3056 2748 παρατίθεται
3133 2673 3195 2728 τὸ
3271 2677 3500 2746 Πνεῦμα
3584 2671 3746 2728 αὐτοῦ

2092 2764 2168 2827 εἰς
2242 2767 2338 2827 τάς
2396 2771 2584 2840 χεῖρας
2635 2769 2732 2818 τοῦ
2788 2763 2999 2839 Πατρὸς
3056 2763 3133 2824 ὡς
3193 2760 3506 2837 ἄνθρωπος,
3563 2761 3744 2818 ἑαυτὸν

2089 2855 2440 2930 παρατίθεται
2517 2855 2708 2926 ἑαυτῷ,
2771 2853 2848 2915 ὡς
2932 2857 3067 2925 Θεῷ,
3125 2851 3284 2914 αὐτὸς
3358 2852 3462 2928 γὰρ
3521 2855 3557 2923 ἡ
3625 2850 3746 2927 χεὶρ

2088 2944 2178 2998 καὶ
2242 2945 2296 2998 αἱ
2345 2950 2527 3020 χεῖρες
2597 2948 2692 2998 τοῦ
2751 2942 2987 3019 Πατρός.
3040 2943 3102 2996 Ἡ
3160 2938 3218 2995 δὲ
3276 2942 3442 3019 σοφὸς
3498 2941 3746 3010 Ἰωάννης

2090 3033 2172 3087 ἐπ’
2206 3031 2532 3104 Ἐκκλησίας
2577 3033 2758 3106 ὑμνῶν
2813 3032 2905 3085 τὸν
2967 3028 3356 3085 διαπετάσαντα
3408 3031 3511 3094 τὰς
3559 3035 3747 3106 χεῖρας

2089 3123 2139 3177 ἐν
2179 3127 2258 3194 τῷ
2305 3127 2538 3198 σταυρῷ.
2575 3123 2651 3176 Δι’
2701 3120 2819 3194 ἐμὲ,
2849 3126 2968 3175 ταῖς
3019 3120 3311 3196 ἀχράντοις
3363 3118 3534 3175 αὐτοῦ
3592 3118 3747 3196 χερσὶ

2086 3212 2338 3288 κηρύττει
2416 3211 2688 3286 γεγονέναι
2765 3211 2865 3278 τὴν
2949 3208 3086 3282 ἐμὴν
3169 3211 3446 3285 καναρχὰς
3519 3207 3749 3265 διάπλα-

327 3298 421 3352 nis
449 3296 824 3352 efﬁcientiam
877 3312 1090 3351 manus
1121 3296 1439 3368 symbolice
1495 3297 1758 3370 exemplo
1793 3299 1977 3354 nostri

2092 3322 2168 3355 σιν
2225 3300 2284 3354 ἐκ
2330 3301 2486 3375 χοὸς,
2536 3301 2598 3354 τὸ
2653 3298 3046 3375 δημιουργικὸν
3101 3303 3198 3353 τοῦ
3265 3298 3474 3374 Λόγου,
3536 3299 3628 3355 καὶ
3687 3299 3747 3352 τὸ

326 3401 699 3457 nuncupans.
732 3385 790 3439 Si
824 3386 958 3456 quis
986 3402 1119 3440 vero
1152 3391 1209 3440 et
1239 3385 1449 3440 Filium
1482 3391 1539 3440 et
1572 3387 1823 3458 Spiritus
1851 3406 1974 3444 ma-

326 3492 439 3530 nus
471 3475 573 3530 Dei
604 3473 741 3529 velit
771 3473 1083 3545 appellare,
1119 3491 1356 3530 causam
1388 3475 1602 3530 habeat
1646 3493 1834 3547 neque
1862 3478 1974 3532 im-

323 3563 708 3636 probabilem,
758 3580 947 3636 neque
992 3563 1464 3635 intempestivam
1499 3571 1598 3619 :et
1644 3582 1778 3621 cum
1811 3566 1977 3623 audit

322 3652 534 3707 Filium
581 3651 913 3721 brachium,
942 3657 999 3708 et
1042 3653 1338 3709 dexteram
1387 3654 1507 3719 Dei,
1542 3655 1794 3725 digitum
1842 3672 1975 3711 vero

323 3741 607 3814 Spiritum
641 3748 935 3812 sanctum,
962 3747 1101 3798 tunc
1145 3760 1441 3798 summam
1475 3743 1602 3797 Filii
1633 3749 1688 3799 et
1721 3744 1974 3816 Spiritus

321 3831 607 3886 unitatem
639 3830 994 3903 speculetur,
1022 3836 1079 3886 et
1108 3848 1210 3902 per
1241 3831 1453 3887 Filium
1487 3831 1770 3903 Spiritum
1803 3851 1836 3889 a
1857 3834 1973 3890 Deo

319 3920 491 3976 Patre
521 3921 851 3992 procedere.
885 3920 1096 3976 Filium
1128 3925 1323 3976 autem
1357 3926 1412 3976 et
1443 3922 1727 3993 Spiritum
1760 3940 1972 3979 manus

318 4009 424 4064 Dei
475 4008 834 4081 intelligens,
869 4009 1245 4065 inconfusum
1298 4009 1455 4078 inde,
1489 4015 1546 4065 et
1591 4028 1693 4083 per
1731 4029 1792 4067 se
1838 4013 1972 4068 sub-

321 4099 538 4155 sistens
585 4098 714 4153 Filii
765 4104 822 4154 et
876 4100 1128 4172 Spiritus
1187 4099 1368 4155 simul
1418 4106 1611 4156 mente
1659 4103 1969 4174 concipiat,

321 4204 438 4244 non
497 4189 652 4260 quod
702 4205 806 4260 per
852 4188 1062 4244 Filium
1107 4189 1359 4260 Spiritus
1407 4206 1522 4244 non
1578 4193 1851 4261 procedat
1904 4208 1973 4248 ex

318 4276 508 4349 Patre,
541 4277 1038 4349 quemadmodum
1069 4295 1259 4350 neque
1289 4278 1445 4350 quod
1493 4279 1552 4334 hi
1582 4279 1732 4336 inter
1761 4298 1823 4336 se
1855 4299 1969 4338 non

321 4371 764 4438 connectantur,
793 4367 969 4422 sicuti
1010 4383 1222 4422 manus
1271 4367 1525 4435 dextera,
1561 4373 1616 4423 et
1645 4367 1788 4424 laeva
1819 4385 1831 4424 :
1867 4372 1968 4426 sed

319 4456 476 4527 quod
508 4473 661 4512 unus
691 4473 760 4511 ex
790 4473 909 4511 una
954 4460 1120 4527 parte
1148 4461 1257 4526 est,
1290 4455 1440 4512 alius
1490 4456 1550 4512 in
1582 4456 1716 4524 alia,
1765 4475 1877 4514 non
1908 4459 1968 4515 in

319 4543 532 4616 seipsis
561 4544 808 4600 confusi.

390 4812 479 4868 15.
512 4812 644 4867 ldeo
674 4810 734 4865 in
785 4810 1153 4883 Theologicis
1203 4816 1488 4883 praestans
1519 4812 1832 4885 Gregorius
1863 4812 1967 4868 ali-

317 4900 553 4970 quando
585 4900 746 4956 radio
795 4901 1085 4956 assimilat
1135 4900 1366 4965 Filium,
1400 4901 1610 4956 lumini
1660 4902 1962 4974 Spiritum,

315 4994 374 5044 et
405 4989 562 5044 hunc
593 4989 830 5060 quidem
863 4990 1059 5058 ﬂuvio,
1094 4989 1261 5044 illum
1295 4990 1437 5044 fonti
1474 5007 1486 5046 :
1523 4990 1838 5062 aliquando
1869 5008 1964 5046 e0-

316 5077 588 5133 rumdem
628 5077 872 5133 minime
911 5080 1186 5134 confusas
1236 5077 1478 5134 Deitatis
1508 5080 1874 5152 hypostases,
1907 5086 1966 5136 et.

316 5166 374 5219 in
403 5165 689 5220 descensu
720 5167 792 5221 ad
833 5167 1101 5222 homines
1133 5183 1247 5222 non
1299 5168 1556 5239 separari
1587 5186 1622 5224 a
1672 5170 1838 5225 Patre
1869 5187 1966 5226 ex-

315 5251 586 5324 planans,
620 5253 706 5308 uti
755 5255 927 5310 binos
975 5255 1170 5310 radios
1220 5272 1318 5311 eos
1350 5272 1419 5311 ex
1450 5273 1565 5312 uno
1616 5257 1738 5314 sole
1787 5260 1962 5328 mitti,

317 5346 376 5395 et
404 5341 553 5396 duos
600 5341 806 5398 ﬂuvios
855 5360 924 5398 ex
972 5361 1088 5399 uno
1123 5346 1280 5399 fonte
1327 5345 1498 5418 longe
1546 5345 1778 5418 lateque
1832 5367 1962 5419 pro-

315 5434 636 5498 currentes,
669 5431 872 5504 illique
920 5450 1152 5505 semper
1198 5435 1582 5505 adhaerentes,
1616 5439 1770 5492 unde
1813 5455 1966 5495 ema-

315 5522 479 5585 nant,
509 5525 694 5575 vocat.
723 5521 1052 5593 Aliquando
1100 5540 1286 5578 unum
1329 5523 1765 5598 indivisumque
1795 5527 1964 5582 Tria-

315 5606 429 5673 dis,
463 5623 568 5663 nec
598 5625 715 5666 non
747 5611 1020 5666 eumdem
1063 5613 1328 5668 omnium
1358 5612 1638 5670 honorem
1670 5621 1965 5688 astruens,

315 5709 497 5752 unam
525 5712 656 5759 eam
704 5699 1085 5774 margaritam
1131 5699 1407 5775 appellat.
1440 5703 1508 5761 Et
1534 5703 1853 5780 Dionysius
1882 5722 1968 5766 re-

2083 3397 2184 3460 τῆς
2233 3389 2498 3465 ἐνεργείας
2562 3388 2867 3460 ἀνυστικὸν,
2916 3393 3108 3465 χεῖρας
3177 3386 3488 3461 ὀνομάζων,
3541 3382 3744 3462 συμϐο-

2087 3478 2258 3540 λικῶς
2290 3478 2350 3533 ἐκ
2378 3482 2486 3532 τῶν
2513 3480 2627 3532 καθ’
2655 3481 2822 3551 ἡμᾶς.
2856 3477 2916 3532 Εἰ
2949 3475 3007 3532 δέ
3055 3499 3138 3538 τις
3184 3476 3274 3531 καὶ
3321 3477 3413 3532 τὸν
3480 3479 3603 3533 Υὶὸν
3657 3475 3745 3532 καὶ

2083 3569 2146 3622 τὸ
2179 3572 2404 3640 Πνεῦμα
2434 3572 2626 3642 χεῖρας
2658 3568 2869 3643 αἱροῖτο
2919 3564 3200 3621 καλεῖσθαι
3260 3570 3416 3636 Θεοῦ,
3451 3568 3554 3636 τὴν
3585 3586 3748 3643 προσ-

2085 3659 2320 3727 ήκουσαν
2375 3655 2548 3710 αἰτίαν
2607 3654 3010 3731 συνεκδεχέσθω
3058 3653 3146 3710 καί
3197 3652 3451 3732 εὔλογον.
3506 3657 3604 3711 Καὶ
3660 3654 3748 3710 ὅτε

2088 3746 2182 3818 μὶν
2223 3744 2411 3799 ἀκούοι
2443 3745 2536 3798 τὸν
2593 3745 2716 3798 Υἱὸν
2777 3744 3048 3820 βραχίονα
3093 3743 3184 3799 καὶ
3235 3741 3406 3814 δεξιὰν
3465 3750 3562 3800 τοῦ
3592 3748 3744 3813 Θεοῦ,

2084 3832 2347 3889 δάκτυλον
2399 3831 2457 3888 δὲ
2509 3833 2573 3887 τὸ
2622 3838 2850 3906 Πνεῦμα
2903 3835 2965 3888 τὸ
3020 3835 3192 3910 ἅγιον,
3251 3833 3374 3887 τότε
3431 3835 3537 3904 τὴν
3582 3831 3743 3908 ἄκραν

2083 3921 2353 4001 συμιρυίαν
2409 3922 2680 3998 θεωρείτω
2734 3927 2833 3976 τοῦ
2890 3923 3040 3992 Υἱοῦ,
3092 3922 3182 3976 καὶ
3236 3925 3334 3977 τοῦ
3391 3922 3745 3998 ΙΙνεόματος,

2081 4012 2171 4067 καὶ
2215 4013 2277 4066 τὸ
2330 4009 2420 4066 8ιά
2460 4016 2558 4066 τοῦ
2607 4012 2736 4065 Υἱοῦ
2778 4012 2841 4066 τὸ
2872 4016 3100 4085 Πνεῦμα
3129 4013 3273 4087 παρά
3301 4015 3398 4065 τοῦ
3461 4017 3597 4068 Θεοῦ
3655 4010 3742 4066 καὶ

2080 4102 2297 4179 ΙΙατρὸς
2346 4099 2748 4178 ἐκπορεύεσθαι.
2797 4101 2895 4155 Τὸν
2957 4101 3081 4155 Υἱὸν
3129 4098 3187 4155 δὲ
3244 4100 3334 4155 καὶ
3392 4102 3458 4157 τὸ
3517 4106 3743 4174 Πνεῦμα

2080 4198 2270 4267 χεῖρας
2316 4196 2460 4246 νοῶν
2490 4195 2588 4246 τοῦ
2620 4195 2775 4263 Θεοῦ,
2809 4191 2872 4244 τὸ
2928 4189 3232 4266 ἀσύγχυτον
3288 4189 3532 4246 ἐντεῦθεν
3593 4210 3742 4245 συνε-

2079 4282 2357 4352 πινοείτω,
2388 4280 2478 4335 καὶ
2514 4277 2925 4335 ἰδιοϋπόστατον
2982 4284 3081 4334 τοῦ
3139 4281 3268 4334 Υἱοῦ
3323 4279 3416 4334 καὶ
3447 4285 3546 4335 τοῦ
3578 4277 3741 4335 ΙΙνεύ-

2085 4392 2278 4445 ματος,
2309 4369 2372 4425 οὐ
2418 4370 2482 4424 τὸ
2530 4370 2606 4443 μὴ
2657 4367 2746 4424 διὰ
2795 4373 2894 4423 τοῦ
2950 4371 3292 4444 Μονογενοῦς
3350 4367 3740 4446 έκπορεύασθαι

2076 4463 2139 4515 τὸ
2169 4465 2389 4532 Πνεῦμα
2436 4459 2584 4535 παρὰ
2644 4459 2877 4532 Πατρὸς,
2915 4457 3090 4534 ὥςπερ
3123 4455 3248 4513 οὐδὲ
3304 4458 3368 4512 τὸ
3433 4460 3511 4532 μή
3558 4456 3735 4528 ἀλλη-

2081 4549 2402 4624 λουχεῖσθαι
2463 4552 2631 4603 ταῦτα
2688 4547 2826 4603 κατά
2875 4549 2975 4618 τὴν
3040 4546 3214 4619 δεξιὰν
3270 4552 3435 4624 χεῖρα
3491 4548 3582 4603 καὶ
3638 4547 3736 4615 τὴν

2078 4639 2376 4712 εὐώνυμον,
2411 4636 2558 4694 ἀλλά
2623 4637 2686 4692 τὸ
2748 4638 2842 4711 μὲν
2909 4633 3051 4694 ἔνθεν
3087 4637 3244 4708 εἶναι,
3275 4638 3339 4692 τὸ
3371 4635 3420 4692 δ’
3452 4635 3600 4701 ἔνθεν
3637 4633 3740 4691 οὐκ

2080 4727 2131 4783 έν
2166 4725 2464 4798 ἀλλήλοις.

2153 4824 2231 4873 ιε’.
2264 4817 2362 4871 Διά
2410 4821 2579 4872 ταῦτα
2626 4815 2774 4870 καὶὸ
2810 4815 2975 4894 μέγας
3026 4815 3077 4870 ἐν
3129 4816 3384 4894 θεολογίᾳ
3431 4815 3738 4894 Γρηγόριος

2077 4907 2210 4961 ποτὲ
2270 4907 2365 4980 μὲν
2426 4907 2599 4961 ἀκτῖνι
2659 4905 2972 4982 παρεικάζει
3026 4907 3118 4961 τὸν
3180 4907 3326 4976 Υἱὸν,
3361 4906 3502 4984 φωτὶ
3562 4903 3621 4960 δὲ
3673 4903 3737 4958 τὸ

2075 5001 2316 5069 Πνεῦμα,
2358 4996 2447 5051 καὶ
2493 4996 2584 5050 τὸν
2636 4995 2728 5068 μὲν
2783 5000 2957 5072 πηγῇ,
2989 4997 3051 5050 τὸ
3101 4993 3159 5051 δὲ
3208 5001 3464 5069 ποταμῷ,
3496 4995 3630 5050 ποτὲ
3679 4989 3737 5046 δὲ

2072 5085 2136 5140 τὸ
2183 5090 2288 5140 τῶν
2341 5083 2640 5160 εἰρημένων
2691 5092 2792 5154 τῆς
2843 5084 3101 5155 θεότητος
3164 5086 3507 5140 ὑποστάσεων
3569 5081 3735 5158 ἀσύγ-

2075 5194 2242 5250 χυτον
2311 5172 2708 5249 παραδηλῶσαι
2771 5174 3127 5248 πρόθέμενος,
3176 5176 3267 5230 καὶ
3325 5176 3387 5229 τὸ
3459 5173 3570 5228 ἀπὸ
3637 5173 3734 5226 τοῦ

2075 5265 2285 5340 Πατρὸς
2359 5265 2666 5339 ἀχώριστον
2728 5263 2780 5318 ἐν
2839 5267 2910 5337 τῇ
2968 5263 3187 5338 καθόδῳ
3241 5268 3310 5338 τῇ
3363 5263 3501 5339 πρὸς
3559 5265 3730 5335 ἡμᾶς,

2077 5351 2257 5428 ὥσπερ
2291 5353 2506 5415 ἀκτῖνας
2537 5350 2633 5407 δύο
2664 5353 2971 5425 πέμπεσθαι
3026 5353 3224 5417 ταύτας
3284 5353 3336 5424 ἐξ
3396 5352 3516 5412 ἑνὸς
3562 5349 3731 5420 ἡλίου

2075 5442 2228 5519 φησὶ,
2261 5439 2480 5496 καὶδύο
2531 5441 2815 5514 ποταμοὺς
2865 5441 2926 5496 ἐκ
2980 5447 3108 5515 μιῖις
3166 5448 3373 5518 πηγῆς,
3408 5434 3731 5517 προϐαίνον-

2071 5551 2168 5592 τας
2204 5531 2298 5605 μὲν
2340 5529 2486 5586 πολύ
2532 5551 2592 5586 τε
2637 5531 2728 5585 καὶ
2770 5530 2848 5593 εἰς
2898 5531 3126 5608 μακρὸν,
3159 5529 3463 5606 ἐχομένους
3522 5528 3582 5584 δὲ
3633 5528 3732 5581 τοῦ

2074 5618 2195 5683 ὅθεν
2255 5617 2545 5682 διαπαντὸς
2579 5617 2727 5674 δὲτὸ
2758 5617 3058 5696 ἀδιαίρευον
3116 5626 3218 5690 τῆς
3276 5615 3508 5698 Τριάδος
3563 5633 3732 5692 παρα-

2075 5715 2267 5785 στῆσαι
2330 5706 2690 5790 βουλόμενος,
2731 5709 2824 5766 καὶ
2885 5708 3180 5790 ὁμότιμον,
3236 5705 3333 5766 ενα
3390 5704 3728 5790 μαργαρίτην
