4132 6442
272 413 414 476 ’549
1189 407 1292 471 DE
1340 406 1877 473 PROGESSIONE
1920 408 1989 471 S.
2035 406 2397 474 SPIRITUS
2446 411 2742 474 ORATIO
2784 410 2835 471 Ι.
3598 408 3728 473 550

289 544 492 614 ταύτην
553 539 839 599 ἀποκαλεῖ.
898 540 999 597 Καὶ
1055 539 1339 604 Διονύσιος
1401 542 1495 615 μὶν
1545 542 1575 596 6
1606 542 1951 617 θεωρητικῶ-

2092 560 2197 598 um
2241 544 2572 601 divinarum
2621 542 2955 617 speculator
3000 546 3058 598 et
3107 545 3347 598 vena‘or
3394 542 3717 599 acerrimus

290 654 451 696 τατος
505 629 708 705 δίδυμα
762 629 1058 707 σπλάγχνα
1103 634 1203 685 τοῦ
1253 631 1491 707 ΙΙατρὸς,
1526 630 1616 686 καὶ
1665 635 1835 709 φῶτα,
1866 630 1956 686 καὶ

296 724 429 795 ἄνθη
466 767 481 794 ,
539 722 630 778 καὶ
710 719 979 797 βλαστοὺς
1052 719 1343 798 θεοφύτους
1415 719 1808 798 προσαγορεύει
1868 721 1961 775 τὸν

297 812 422 868 Υἱὸν
452 811 543 868 καὶ
571 809 636 867 τὰ
666 814 909 884 Πνεῦμα,
950 810 1012 865 τὸ
1057 814 1164 865 τῶν
1218 808 1560 865 ὑποστάσεων
1607 809 1957 888 ὑπεμφαίνων

300 900 636 977 ἀσύγχυτον,
693 898 785 954 καὶ
831 900 894 954 τὸ
944 897 1005 954 ἐκ
1043 903 1142 953 τοῦ
1197 899 1407 974 Πατρὸς
1456 894 1603 974 ἔχειν
1653 898 1743 953 καὶ
1794 895 1960 975 ἄμφω

298 992 361 1046 τὸ
418 989 551 1046 εἶναι
610 986 850 1063 γνησίως
908 987 1000 1043 καὶ
1059 988 1403 1066 ἀκραιφνῶς.
1466 988 1679 1064 Ἐτεροι
1742 984 1800 1042 δὲ
1849 991 1957 1042 τῶν

299 1081 463 1156 ἰερῶν
522 1076 733 1154 ἀνδρῶν
796 1076 945 1153 ῥίζαν
1009 1077 1102 1151 μὲν
1166 1077 1495 1150 ὀνομάζουσι
1550 1078 1640 1132 τὸν
1700 1077 1912 1152 Πατέρα
1946 1121 1960 1146 ,

300 1165 507 1225 κλάδον
566 1167 658 1222 τὸν
716 1167 865 1236 Υἱὸν,
920 1166 1012 1222 καὶ
1068 1167 1273 1244 καρπὸν
1330 1166 1394 1222 τὸ
1426 1171 1645 1239 Πνεῦμα
1690 1166 1751 1221 τὸ
1784 1166 1965 1243 ἅγιον,

301 1259 404 1326 τήν
462 1261 561 1313 τοῦ
619 1254 778 1331 ἁγίου
832 1256 1149 1332 Πνεύματος
1208 1252 1296 1311 διὰ
1351 1260 1448 1311 τοῦ
1498 1256 1626 1311 Υἱοῦ
1674 1256 1822 1333 παρά
1866 1258 1963 1310 τοῦ

303 1346 516 1423 Πατρὸς
578 1343 1017 1409 ὑποδεικνύοντες
1075 1345 1322 1422 ὕπαρξιν.
1382 1345 1595 1403 Ἀκούω
1648 1342 1707 1400 δὲ
1752 1344 1845 1400 καί
1887 1365 1966 1398 τι-

303 1457 394 1499 νος
452 1433 764 1507 θεολήπτου
831 1435 921 1490 καὶ
986 1434 1247 1513 θεοσόφου
1303 1436 1622 1511 καθηγητοῦ
1683 1434 1809 1511 περὶ
1863 1441 1965 1504 τῆς

305 1524 567 1601 ὑπερθέου
626 1521 865 1600 Τριάδος
917 1523 1117 1579 οὑτωσί
1168 1545 1235 1598 με
1288 1521 1658 1587 διδάσκοντος·
1711 1525 1819 1593 Τὴν
1869 1524 1963 1597 μὶν

304 1614 565 1670 ἀνωτάτω
624 1612 775 1690 ῥίζαν
811 1656 826 1682 ,
882 1615 950 1683 ἧς
1027 1611 1270 1669 ἐπέκεινα
1343 1612 1407 1669 τὸ
1483 1613 1698 1687 σύμπαν
1766 1612 1919 1668 οὐδὲν
1950 1658 1965 1686 ,

306 1702 583 1774 ἐννοήσεις
639 1702 732 1757 τὸν
791 1700 1003 1777 Πατέρα
1036 1721 1050 1734 ⁸
1103 1702 1195 1757 τὸν
1274 1699 1333 1757 δέ
1401 1723 1465 1778 γε
1533 1709 1635 1772 τῆς
1709 1703 1968 1757 ἀνωτάτω

310 1790 467 1868 ῥίζης
550 1789 888 1869 ἐκπεφυκότα
965 1790 1057 1846 καὶ
1142 1792 1543 1866 γεγεννημένον
1606 1837 1620 1864 ›
1698 1789 1970 1868 παραδέξῃ

303 1881 399 1936 τὸν
454 1881 578 1935 Υἱὸν
614 1926 628 1952 ,

305 1971 407 2040 τὴν
467 1969 520 2024 ἐν
596 1968 787 2046 χρόνῳ
854 1967 1100 2044 λαχόντα
1173 1968 1424 2045 γέννησιν
1461 2014 1476 2040 ,
1538 1967 1662 2025 οὔτε
1733 1970 1839 2043 μὴν
1916 1969 1967 2024 ἐν

309 2057 611 2131 ἐλάττοσιν,
670 2059 708 2128 ἢ
767 2057 820 2114 ἐν
880 2059 961 2122 οἷς
1021 2060 1050 2113 6
1105 2059 1335 2134 Πατὴρ,
1394 2060 1458 2114 τὸ
1513 2066 1615 2129 τῆς
1675 2056 1813 2121 *ιδίας
1871 2058 1971 2137 φύ-

311 2169 447 2211 σεως
508 2148 828 2227 ἐκφαίνοντα
881 2145 1091 2211 κάλλος
1122 2192 1137 2219 ,
1199 2146 1326 2203 ἀλλ’
1385 2149 1499 2223 ἅμα
1570 2171 1629 2205 τε
1685 2150 1775 2204 καὶ
1852 2171 1971 2204 συνο

310 2235 486 2292 ἀΐδιον
522 2283 537 2306 ,
596 2242 701 2292 πᾶν
763 2238 944 2293 ὁτιοῦν
1016 2236 1304 2314 ἷσόμετρον
1364 2235 1595 2314 ἔχοντα,
1654 2236 1785 2315 δίχα
1844 2237 1914 2311 μό
1949 2271 1972 2281 -

312 2346 409 2381 νου
459 2330 557 2381 τοῦ
606 2331 803 2381 τεκεῖν.
864 2327 1141 2402 Προσήκοι
1200 2328 1304 2402 γὰρ
1366 2327 1426 2382 ἂν
1483 2331 1646 2383 τοῦτο
1699 2327 1848 2401 μόνῳ
1897 2331 1976 2399 τῷ

315 2418 432 2487 Θεῷ
485 2415 577 2470 καὶ
634 2416 807 2489 Πατρὶ
852 2458 867 2485 ,
920 2416 1070 2492 ἅγιον
1127 2412 1187 2471 δὲ
1259 2421 1482 2490 Πνεῦμα
1548 2421 1836 2494 προσερεῖς
1913 2416 1976 2470 τὸ

316 2501 377 2558 ἐκ
430 2508 530 2560 τοῦ
606 2508 742 2560 Θεοῦ
803 2505 1013 2579 Πατρὸς
1073 2501 1142 2560 δι’
1199 2506 1328 2560 Υἱοῦ
1386 2505 1761 2583 προχεόμενον
1823 2526 1977 2584 φυσι-

316 2597 429 2655 κῶς
479 2637 494 2663 ,
554 2593 644 2648 καὶ
717 2592 955 2670 καθάπερ
1031 2592 1092 2649 ἐκ
1157 2593 1313 2668 τύπῳ
1381 2601 1481 2665 τῆς
1557 2594 1617 2650 ἐκ
1691 2595 1975 2667 στομάτων

315 2677 582 2752 διαπνοῆς
662 2683 762 2752 τήν
842 2681 980 2739 ἰδίαν
1059 2685 1196 2757 ἡμῖν
1275 2684 1651 2758 ὑποσημαῖνον
1729 2683 1975 2760 ὕπαρξιν.

312 2769 471 2825 Οὕτω
544 2791 605 2826 τε
680 2778 824 2851 σαφῆ
904 2771 996 2827 καὶ
1067 2770 1371 2849 ἀσύγχυτον
1438 2775 1539 2844 τήν
1615 2777 1724 2828 τῶν
1809 2777 1978 2848 τριῶν

314 2859 666 2914 ὑποστάσεων
749 2861 801 2915 ἐν
890 2857 1089 2923 ἷδικαῖς
1174 2861 1457 2938 ὑπάρξεσιν
1545 2858 1792 2932 ἰδιότητα
1859 2883 1928 2931 τη
1956 2894 1980 2904 -

318 2952 428 3024 ρῶν
466 2992 481 3018 ,
546 2947 669 3021 μίαν
729 2969 808 3021 τε,
865 2948 956 3004 καὶ
1014 2948 1307 3023 ὁμοούσιον
1373 2951 1473 3019 τὴν
1530 2949 1774 3005 ἁπάντων
1835 2951 1982 3027 βασι-

322 3033 454 3091 λίδα
508 3039 904 3113 προσκυνήσεις
962 3038 1117 3116 φύσιν
1156 3083 1169 3094 .
1227 3039 1287 3092 Τί
1355 3040 1418 3093 τὸ
1497 3045 1824 3116 προχεῖσθαι
1885 3062 1982 3118 φυ-

314 3128 482 3188 σικῶς
518 3145 533 3195 ;
566 3125 711 3182 Δύτὸ
761 3123 830 3197 δὴ
888 3127 951 3183 τὸ
1010 3126 1394 3205 ἐκπορεύεσθαι
1452 3133 1552 3184 τοῦ
1611 3129 1930 3203 Πνεύματος
1963 3176 1978 3202 ,

322 3213 547 3290 ὕπαρξις
604 3214 751 3286 ἱδικὴ
805 3215 895 3271 καὶ
948 3213 1151 3291 ἰδίωμα
1185 3259 1200 3286 ,
1250 3217 1432 3281 καθὼς
1497 3222 1593 3273 τοῦ
1650 3219 1862 3294 Πατρὸς
1917 3218 1982 3272 τὸ

690 1879 790 1935 ούκ
842 1879 894 1935 ἐν
971 1877 1061 1954 ῗ¹σῃ
1125 1878 1269 1951 τάξει
1338 1885 1456 1943 τοῖς
1521 1880 1919 1954 πεποιημένοις
1952 1924 1966 1950 ,
2000 1920 2049 1985 Β

690 1968 702 1985 .
854 1967 874 1985 κ
985 1968 997 1985 ι
1219 1968 1230 1985 .
1572 1967 1602 1985 ,ι
1787 1970 1800 1985 ς
1919 1969 1934 1985 ς

2068 631 2208 689 bina
2238 633 2427 690 Patris
2457 635 2699 701 viscera,
2733 638 2791 688 et
2835 632 3082 702 lumina,
3133 636 3191 687 et
3242 631 3437 693 ﬂores.
3492 636 3549 687 et
3595 649 3722 703 ger-

2070 721 2232 776 mina
2259 740 2293 777 a
2322 723 2438 779 Deo
2469 728 2789 795 prognatos
2843 720 3052 777 Filium
3086 725 3141 775 et
3170 720 3456 792 Spiritum
3503 720 3719 793 indigi-

2068 814 2173 877 tat,
2210 812 2452 868 minime
2483 813 2759 868 confusas
2789 827 2992 866 eorum
3025 809 3370 881 hypostases
3415 825 3725 865 common-

2071 906 2289 969 strans,
2322 906 2379 957 et
2404 919 2474 957 ex
2518 903 2681 957 Patre
2729 900 2943 955 habere
2991 905 3329 969 utrumque,
3382 898 3537 970 quod
3590 913 3726 955 vere

2073 996 2130 1045 et
2160 991 2392 1062 proprie
2424 992 2517 1046 sit.
2563 991 2673 1045 Alii
2731 1006 2797 1044 ex
2858 987 3075 1044 sanctis
3133 987 3406 1041 Patribus
3465 987 3725 1042 radicem

2075 1084 2421 1152 nuncupant
2470 1084 2723 1150 Patrem,
2786 1094 3017 1134 ramum
3070 1078 3310 1145 Filium,
3352 1083 3410 1131 et
3469 1077 3725 1131 fructum

2074 1169 2359 1240 Spiritum
2391 1174 2688 1234 sanctum,
2719 1167 2972 1238 Spiritus
3002 1167 3191 1222 sancti
3225 1182 3327 1238 per
3372 1164 3584 1221 Filium
3628 1182 3728 1221 ex-

2074 1257 2405 1314 sistentiam
2439 1260 2930 1313 demonstrantes.
2962 1255 3152 1311 Audio
3195 1258 3473 1328 praeterea
3520 1270 3729 1327 quem-

2074 1347 2211 1402 dam
2245 1347 2490 1402 numine
2519 1347 2805 1414 afﬂatum,
2841 1350 2898 1400 et
2926 1345 3121 1401 divina
3141 1344 3411 1400 doctrina
3430 1343 3730 1400 imbutum

2076 1439 2491 1508 praeceptorem
2523 1435 2593 1491 de
2624 1434 2821 1489 divina
2866 1433 3074 1489 Triade
3126 1434 3248 1489 haec
3305 1434 3380 1489 ad
3438 1432 3728 1489 amussim

2078 1525 2509 1581 disserentem:
2570 1524 2907 1593 Supremam
2961 1524 3212 1578 omnium
3259 1522 3524 1590 radicem,
3580 1522 3733 1578 ultra

2077 1630 2263 1685 quam,
2298 1612 2567 1686 quidquid
2594 1621 2690 1683 est,
2738 1612 2892 1669 nihil
2920 1616 3021 1673 est.
3082 1610 3388 1683 intelligite
3432 1612 3577 1666 mihi
3622 1612 3730 1667 Pa-

2079 1711 2236 1772 trem,
2268 1719 2297 1758 e
2324 1718 2584 1775 suprema
2613 1718 2736 1759 vero
2764 1701 2959 1758 radice
3008 1704 3251 1769 enatum,
3298 1709 3735 1773 prognatumque

2080 1792 2311 1863 accipito
2333 1793 2561 1859 Filium,
2607 1808 2719 1848 non
2773 1791 2960 1847 eodem
3010 1789 3188 1857 modo,
3244 1806 3315 1846 ac
3366 1798 3591 1848 cantem
3645 1806 3733 1847 res

2078 1889 2303 1949 creatae,
2358 1883 2729 1951 generationis
2775 1880 3125 1951 temporaria
3169 1879 3396 1935 modum
3451 1881 3731 1947 sortitum,

2078 1987 2256 2042 neque
2286 1972 2346 2026 in
2366 1971 2749 2042 paucioribus,
2789 1985 2957 2039 quam
2990 1975 3153 2025 Pater
3207 1971 3458 2040 propria
3512 1973 3734 2025 natura

2079 2060 2547 2132 pulchritudinem
2575 2062 3086 2115 commonstrantem
3107 2074 3130 2121 ;
3166 2058 3259 2114 sed
3298 2059 3561 2114 universa
3598 2073 3736 2115 coae-

2082 2154 2261 2220 terna,
2294 2158 2344 2205 et
2399 2165 2551 2221 aeque
2591 2158 2761 2221 atque
2807 2151 2978 2204 Pater
3032 2164 3294 2203 mensura
3337 2147 3731 2220 possidentem,

2083 2255 2262 2294 unum
2290 2241 2344 2294 si
2370 2239 2638 2310 excipias,
2697 2254 2927 2309 parere;
2982 2253 3221 2308 namque
3270 2237 3337 2292 id
3364 2237 3470 2293 soli
3518 2237 3628 2293 Deo
3678 2240 3735 2292 et

2084 2330 2245 2383 Patri
2272 2330 2523 2383 convenit
2550 2344 2562 2381 :
2587 2329 2861 2397 Spiritum
2890 2336 3075 2383 autem
3103 2335 3359 2383 sanctum
3395 2326 3583 2390 dicito,
3636 2342 3736 2398 qui

2085 2433 2155 2472 ea:
2188 2422 2301 2472 Deo
2329 2419 2499 2472 Patre
2526 2433 2623 2489 per
2670 2418 2873 2473 Filium
2915 2416 3222 2489 effunditur
3274 2416 3633 2487 naturaliter,
3688 2423 3741 2472 et

2085 2508 2281 2573 veluti,
2315 2515 2376 2562 ut
2403 2507 2650 2578 exemplo
2681 2506 2778 2562 hoc
2806 2510 2955 2572 utar,
2988 2522 3058 2562 ea:
3088 2507 3206 2563 oris
3248 2506 3562 2577 spiratione
3606 2521 3739 2577 pro-

2081 2597 2272 2668 priam
2300 2597 2692 2651 exsistenliam
2720 2596 3081 2652 indicantem.
3130 2597 3227 2652 Sic
3270 2595 3511 2666 planam
3557 2597 3607 2651 et
3658 2596 3744 2651 in-

2087 2684 2376 2756 con/usam
2430 2687 2601 2741 trium
2644 2686 3001 2757 hypostaseon
3049 2687 3108 2740 in
3155 2683 3544 2756 singularibus
3593 2686 3741 2740 exsi-

2086 2775 2305 2830 stensiis
2350 2775 2752 2845 proprietatem
2791 2790 3137 2841 conservans,
3189 2790 3362 2829 unam
3403 2776 3459 2829 et
3504 2775 3741 2830 consub-

2088 2864 2407 2919 stantialem
2463 2865 2719 2932 reginam
2791 2865 3039 2918 omnium
3120 2866 3387 2919 naturam
3457 2862 3738 2919 adorabis.

2092 2951 2361 3018 Quidest
2389 2953 2607 3008 eﬂ'undi
2654 2952 3047 3008 naturaliter?
3086 2952 3216 3025 ipsa
3266 2952 3560 3025 processio
3602 2952 3739 3024 Spi-

2091 3041 2263 3107 ritus,
2294 3042 2636 3097 exsistcntia
2666 3041 3008 3114 singularis,
3057 3047 3115 3098 et
3151 3040 3500 3113 proprietas,
3533 3057 3742 3113 quem-

2093 3131 2414 3187 admodum
2472 3130 2661 3186 Patris
2720 3147 2997 3202 supremo
3054 3131 3178 3186 loco
3233 3146 3385 3202 esse,
3440 3135 3498 3186 et
3588 3131 3746 3186 ultra

2097 3236 2295 3291 quem,
2328 3219 2472 3275 nihil
2504 3219 2613 3275 hoc
2642 3225 2732 3275 est
2790 3221 3015 3299 absque
3059 3219 3388 3293 principio;
3440 3224 3499 3276 et
3543 3218 3675 3275 Filii
3713 3236 3749 3275 a

320 3303 582 3359 ἀνωτάτω
635 3305 788 3377 εἶναι,
836 3303 928 3361 καί
980 3306 1042 3360 οὗ
1094 3305 1341 3361 ἐπέκεινα
1401 3303 1592 3380 μηδὲν,
1642 3306 1885 3363 τουτέστι
1920 3307 1980 3363 τὸ

2098 3287 2269 3363 I3atre
2299 3324 2427 3364 esse
2447 3308 2733 3380 genitum.
2766 3314 2843 3363 De
2874 3287 2967 3363 his
2987 3287 3144 3364 enim
3175 3287 3354 3363 allata
3375 3287 3554 3381 supra
3573 3309 3751 3364 verba

330 3388 590 3468 ἄναρχον·
648 3395 740 3449 καὶ
795 3398 893 3449 τοῦ
948 3395 1074 3450 Υἱοῦ
1125 3395 1189 3450 τὸ
1235 3396 1382 3471 παρὰ
1424 3400 1522 3451 τοῦ
1567 3397 1778 3473 Πατρὸς
1806 3417 1986 3474 γεγεν-

330 3484 540 3551 νῆσθαι.
573 3482 705 3560 Περὶ
751 3485 959 3540 τούτων
1013 3484 1117 3561 γὰρ
1165 3487 1200 3555 ἡ
1234 3484 1493 3559 σύμπασα
1541 3485 1699 3562 ῥῆσις
1745 3484 1987 3556 διέξεισι,

326 3568 459 3633 τοὺς
487 3578 591 3642 τῆς
618 3573 897 3650 ὑπάρξεως
924 3572 1164 3650 τρόπους
1197 3572 1508 3650 εἰλικρινῶς
1542 3572 1854 3652 διορίζουσα
1882 3580 1990 3651 τῶν

334 3660 613 3736 μακαρίων
640 3664 742 3731 τῆς
772 3661 1030 3732 θεότητος
1063 3662 1422 3721 ὑποστάσεων.

408 3749 489 3813 ις’.
527 3747 707 3806 Ἀλλὰ
732 3749 786 3805 τί
816 3752 931 3827 χρὴ
962 3752 1086 3827 περὶ
1113 3756 1220 3807 τῶν
1250 3752 1515 3809 τοιούτων
1570 3761 1938 3830 μακρηγορεῖν
1972 3783 1989 3826 ;

328 3837 394 3891 Εἰ
431 3838 525 3912 μὲν
558 3836 774 3895 ούδέπω
823 3844 1006 3919 σαφῶς
1053 3838 1232 3905 οὐδεὶς
1279 3846 1389 3897 τῶν
1436 3842 1604 3919 ἁγίων
1654 3840 1882 3915 ἐδίδαξε,
1926 3847 1990 3901 τὸ

330 3924 401 3981 δι’
459 3928 587 3983 Υἱοῦ
637 3930 739 3999 τὴν
797 3933 896 3984 τοῦ
944 3929 1264 4004 ῙΙνεύματος
1315 3931 1632 4009 ἐκπόρευσιν
1678 3934 1814 3988 εἶναι
1845 3936 1992 4007 παρὰ
2048 3954 2051 3957 ‘

328 4017 566 4092 ΙΙατρὸς,
620 4015 736 4074 οὐδ’
779 4021 944 4093 ἡμεῖς
992 4019 1228 4096 ἀνάγκην
1279 4018 1482 4097 ἔχομεν
1533 4020 1778 4100 ὀρύσσειν
1821 4024 1991 4102 φρέαρ

326 4104 548 4161 καινόν.
607 4107 677 4162 Εἴ
729 4104 777 4163 δ’
836 4106 1069 4164 ἔκπαλαι
1122 4114 1285 4165 τοῦτο
1339 4108 1403 4165 τὸ
1457 4111 1625 4187 φρέαρ
1686 4110 1989 4188 ὀρώρυκτο,

331 4192 683 4251 Φιλιστιαίου
742 4194 799 4252 δὲ
849 4197 974 4275 ’χεὶρ
1033 4197 1334 4277 ἐνέφραξεν,
1393 4199 1430 4269 ἢ
1491 4199 1834 4275 συνέχωσεν,
1894 4201 1996 4257 οὐκ

328 4282 679 4360 ἀνακαθαριεῖ
733 4307 817 4348 τις
872 4286 1003 4342 αύτό
1060 4309 1213 4359 ποτε,
1271 4287 1361 4343 καὶ
1413 4288 1504 4343 τὸν
1555 4293 1691 4365 χοῦν
1756 4288 1992 4369 ἐκφορή-

328 4392 430 4435 σας
484 4373 577 4428 τὸν
633 4373 808 4431 πολὺν
865 4382 968 4446 τῆς
1019 4376 1258 4452 ἀγνοίας,
1310 4377 1526 4453 εὑρήσει
1572 4377 1637 4433 τὸ
1689 4382 1793 4448 ζῶν
1822 4376 1992 4457 ὕδωρ,

329 4459 426 4516 καί
472 4466 580 4518 τῶν
628 4466 728 4533 τῆς
776 4467 954 4539 νομῆς
1005 4462 1300 4543 προϐάτων
1345 4460 1410 4522 τό
1440 4466 1715 4544 σύνταγμα
1763 4465 1996 4542 διατμη-

331 4550 424 4605 θὲν
451 4549 513 4605 ού
541 4550 750 4624 καλῶς,
784 4553 863 4617 εἷς
916 4554 1041 4628 μίαν
1088 4554 1255 4612 πάλιν
1305 4555 1548 4631 ποίμνην
1597 4553 1687 4612 διὰ
1730 4562 1829 4613 τοῦ
1877 4580 1994 4613 κοι-

2100 3404 2302 3469 agunt,
2334 3398 2685 3454 exsistentiaa
2718 3398 2923 3453 modos
2956 3398 3261 3470 perspicue
3291 3397 3750 3455 determinantia

2076 3488 2402 3543 'beatarum
2434 3488 2677 3544 Deitatis
2708 3487 3123 3560 hypostaseon.

2177 3758 2258 3812 16.
2295 3760 2710 3813 Verumtamen
2758 3757 2898 3828 quid
2958 3773 3105 3829 Opus
3160 3760 3249 3813 est
3304 3757 3375 3813 de
3433 3757 3524 3813 his
3582 3755 3755 3830 plura

2101 3844 2342 3901 dicere?
2373 3845 2674 3917 Siquidem
2710 3846 2759 3900 si
2793 3845 2991 3901 nullus
3036 3861 3104 3900 ex
3153 3846 3373 3902 sanctis
3427 3845 3598 3919 plane
3645 3862 3754 3904 nos

2102 3935 2357 4007 Spiritus
2388 3935 2822 4005 processionem
2879 3952 2983 4007 per
3033 3934 3242 3991 Filium
3291 3951 3360 3990 ex
3408 3934 3578 3990 Patre
3626 3951 3757 3991 esse

2103 4023 2420 4089 docuisset,
2457 4040 2645 4095 neque
2677 4024 2847 4079 nobis
2889 4023 3255 4079 eﬂ‘odiendus
3305 4026 3519 4096 puteus
3570 4039 3756 4080 novus

2104 4116 2295 4168 esset:
2331 4113 2432 4168 sed
2467 4114 2516 4169 si
2539 4113 2667 4182 jam
2700 4112 2838 4168 olim
2872 4118 3084 4184 puteus
3133 4112 3228 4168 hic
3276 4112 3494 4168 effosus
3540 4115 3650 4182 est,
3700 4116 3759 4168 et

2104 4200 2381 4256 Philistzni
2406 4218 2617 4258 manus
2639 4202 2952 4269 obturavit,
2976 4206 3154 4274 atque
3175 4200 3448 4274 opplevit,
3473 4218 3590 4257 non
3619 4216 3757 4257 eum

2107 4289 2424 4363 aliquando
2490 4290 2787 4363 quispiam
2852 4291 3284 4364 expurgaverit,
3360 4290 3758 4363 immanisque

2106 4379 2451 4452 ignorantiae
2481 4378 2607 4436 luto
2637 4384 2859 4453 egesto,
2884 4380 3075 4436 vivam
3106 4397 3323 4453 aquam
3356 4379 3672 4447 invenerit,
3701 4383 3761 4435 et

2107 4469 2325 4535 ovium,
2358 4485 2486 4540 quas
2517 4485 2736 4540 pascuo
2767 4469 2902 4524 huic
2942 4470 3248 4525 destinata:
3311 4472 3469 4534 sunt,
3522 4484 3756 4541 agmen,

2107 4557 2399 4630 malisque
2430 4558 2658 4614 artibus
2688 4558 2940 4614 divisum
2977 4559 3036 4613 in
3068 4575 3251 4614 unum
3284 4575 3491 4614 rursus
3518 4573 3759 4630 germen

326 4643 430 4725 νοῦ
458 4640 725 4715 ποιμένος
771 4643 1086 4720 ἐπισυνάψει
1129 4650 1209 4718 τῷ
1261 4651 1550 4722 μονογενεῖ
1586 4647 1676 4702 καὶ
1708 4647 1976 4723 ἀγαπητῷ

2106 4665 2212 4721 per
2240 4664 2614 4703 communem
2647 4653 2942 4720 pastorem
2973 4646 3294 4719 unigenito,
3337 4652 3395 4704 et
3441 4647 3653 4704 dilecto
3698 4645 3761 4702 in

328 4723 476 4784 ἔστιν
510 4727 573 4785 οὗ
601 4731 692 4786 καὶ
716 4732 818 4802 τήν
868 4733 1033 4789 αὑτοῦ
1083 4731 1150 4804 δὴ
1179 4739 1278 4790 τοῦ
1322 4734 1496 4791 καλοῦ
1544 4736 1810 4809 ποιμένος
1846 4736 1998 4811 ἐκμι-

334 4819 655 4893 μησάμενος
705 4817 1099 4898 συγκατάϐασιν
1130 4844 1145 4895 ;
1174 4823 1315 4901 Φέρε
1365 4821 1433 4894 δὴ
1492 4826 1632 4899 μετά
1664 4829 1773 4881 τῶν
1806 4824 1993 4883 ἄλλων

329 4905 543 4964 παίδων
573 4914 673 4965 τοῦ
704 4912 920 4986 Πατρὸς
966 4918 1065 4968 τοῦ
1112 4912 1490 4991 κληρονόμου,
1523 4914 1614 4969 καὶ
1663 4916 1852 4991 χάριτι
1894 4936 1998 4970 πα-

328 4997 461 5073 τρὸς
514 5003 622 5053 τῶν
683 4998 847 5056 ἐθνῶν
882 5048 897 5075 ,
955 5002 1045 5058 καὶ
1101 5003 1192 5058 τὸν
1282 5002 1451 5079 μέγαν
1510 5002 1677 5059 πάλιν
1733 5004 2001 5070 κάνταῦθα

330 5086 738 5163 παραγάγωμεν
790 5090 1127 5163 Ἀθανάσιον,
1177 5092 1267 5147 καὶ
1316 5089 1522 5166 ἴδωμεν
1572 5090 1725 5156 αὖθις
1774 5091 1899 5148 ὅσον
1929 5091 1996 5164 δὴ

331 5173 425 5230 καὶ
488 5174 648 5239 αὑτὸς
703 5181 774 5252 τῇ
822 5176 983 5235 τοῦδε
1030 5179 1260 5259 φρέατος
1308 5181 1547 5258 ἀνορυγῇ
1611 5176 1996 5239 συνεϐάλλετο.

330 5261 397 5318 Τί
434 5268 565 5339 γοῦν
614 5268 734 5322 κατ’
779 5263 1044 5323 Εὑσεϐίου
1090 5273 1189 5324 τοῦ
1243 5271 1627 5344 Σαμοσατέως,
1678 5271 1769 5326 καὶ
1818 5271 1997 5328 Μελε-

329 5352 451 5407 τίου
479 5358 587 5409 τῶν
621 5353 956 5434 ἀλλοφύλων
996 5364 1100 5428 τῆς
1151 5356 1385 5421 πίστεως
1436 5354 1800 5434 ἠκροϐόλισεν
1843 5361 1871 5414 6
1903 5366 1999 5416 τοῦ

332 5442 607 5499 Δεσπότου
658 5444 967 5520 οῗκογενής,
1029 5447 1057 5501 ὁ
1112 5449 1213 5516 τῆς
1270 5446 1596 5518 Ἐκκλησίας
1650 5443 1995 5525 ὑπέρμαχος·

330 5531 433 5586 Ἦν
512 5529 571 5587 δὲ
642 5531 902 5590 ἀδύνατον
983 5535 1036 5591 ἐν
1105 5539 1176 5611 τῇ
1252 5543 1354 5606 τῆς
1428 5534 1659 5613 Τριάδος
1738 5535 1866 5613 δόξῃ
1935 5538 1999 5593 τὸ

331 5623 563 5694 Πνεῦμα
636 5619 998 5699 δοξάζεσθαι,
1062 5631 1140 5700 μή
1201 5623 1513 5702 προοδικῶς
1588 5626 1647 5681 δν
1729 5624 1789 5682 ἐκ
1863 5631 2000 5683 Θεοῦ

332 5706 405 5766 δι’
462 5710 590 5767 Υἱοῦ
623 5755 638 5784 ,
696 5711 845 5770 ἀλλὰ
900 5718 1205 5789 ποιητικῶς
1260 5714 1321 5772 ἐκ
1397 5720 1532 5772 Θεοῦ
1590 5717 1816 5794 γεγονὸς
1852 5763 1866 5791 ,
1925 5717 2001 5780 ὡς

2109 4735 2412 4793 nonnullis
2443 4737 2709 4809 ejusdem
2743 4738 2880 4793 boni
2903 4738 3157 4809 pastoris
3185 4737 3605 4793 demissionem
3629 4735 3762 4791 imi-

2104 4830 2264 4881 tatus
2298 4825 2716 4896 conjunxerit?
2746 4832 2868 4898 Age
2898 4825 3080 4898 igitur
3109 4842 3243 4882 eum
3291 4825 3421 4881 aliis
3470 4824 3607 4880 ﬁliis
3656 4825 3763 4880 Pa-

2108 4915 2217 4970 tris
2247 4920 2303 4969 et
2332 4914 2600 4982 heredis,
2634 4918 2691 4969 et
2721 4915 2910 4987 gratia
2940 4915 3124 4987 patris
3154 4914 3445 4987 gentium,
3476 4929 3763 4987 magnum

2110 5003 2226 5059 huc
2253 5004 2618 5059 adducamus
2650 5004 3063 5072 Athanasium,
3097 5021 3455 5075 rursumque
3499 5008 3765 5060 contem-

2111 5092 2368 5165 plemur,
2402 5110 2528 5164 qua:
2559 5092 2687 5165 ipse
2716 5094 2776 5148 in
2809 5092 3058 5164 hujusce
3088 5093 3247 5165 putei
3280 5092 3592 5149 eﬁ‘ossione
3618 5107 3765 5164 pra-

2111 5182 2347 5238 stiterit.
2381 5182 2529 5245 Quid
2559 5181 2761 5254 itaque
2790 5183 3070 5238 adversus
3100 5183 3552 5238 Samosatenum
3582 5185 3767 5237 Euse-

2111 5272 2299 5338 bium,
2331 5275 2389 5326 et
2428 5270 2723 5328 Meletium
2749 5289 2784 5327 a
2813 5272 2927 5327 fide
2957 5271 3200 5342 alienos,
3234 5271 3470 5327 Domini
3502 5287 3681 5327 verna
3708 5273 3769 5326 et

2110 5360 2378 5416 Ecclesiae
2408 5360 2680 5416 defensor
2711 5360 3023 5431 ejaculavit
3047 5360 3071 5416 ἲ
3096 5361 3247 5416 Fieri
3272 5361 3504 5417 minime
3532 5363 3763 5431 poterat,

2109 5459 2171 5505 ut
2202 5450 2263 5503 in
2295 5448 2512 5505 Triadis
2540 5450 2721 5518 gloria
2752 5450 2993 5520 Spiritus
3042 5451 3471 5521 glariﬁcaretur,
3514 5451 3630 5505 nisi
3659 5447 3768 5505 ille

2109 5539 2402 5611 proﬂueret
2429 5555 2500 5595 ex
2526 5539 2631 5594 Deo
2660 5555 2758 5609 per
2786 5538 3029 5606 Filium,
3053 5539 3147 5595 sed
3174 5547 3236 5594 ut
3264 5540 3499 5610 reliqum
3537 5541 3763 5594 creatu-
3826 5554 3837 5563 '

2108 5642 2194 5685 τε
2220 5643 2291 5683 ea.
2317 5628 2425 5684 Deo
2447 5623 2633 5702 factus
2651 5630 2859 5700 fuisset,
2892 5638 2955 5685 ut
2989 5632 3267 5686 asserunt.
3315 5628 3464 5694 Quid
3514 5626 3594 5684 sit
3632 5641 3765 5701 pro-

2110 5718 2324 5789 ﬂueret.
2357 5716 2629 5775 Oratione
2658 5717 2730 5774 de
2757 5718 3146 5792 dogmatibua
3182 5720 3241 5775 et
3289 5716 3494 5775 ordine
3541 5716 3768 5794 episcos
