4154 6430
320 411 442 478 553

1219 416 1323 478 DE
1364 415 1907 482 PROCESSIONE
1949 419 2017 482 S.
2059 419 2417 488 SPIRITUS
2467 429 2759 490 ORATIO
2803 429 2854 490 I.

3616 435 3738 497 554

400 546 489 615 ιη’.
551 538 743 610 Βαϐαὶ,
801 543 967 600 πόσον
1041 544 1165 619 ἐμοὶ
1241 547 1388 623 φέρει
1450 548 1516 603 τὰ
1590 548 1850 625 εἷ’ρημένα
1914 548 1976 604 τὰ

2170 555 2252 608 18.
2303 557 2489 629 Papa),
2551 576 2729 630 quam
2788 559 2933 614 mihi
2991 561 3416 632 comprehensu
3475 565 3739 624 difficilia

321 631 662 704 δύσληπτον.
695 633 756 689 Εἰ
805 634 965 710 γὰρὸ
999 637 1184 708 Πατὴρ
1245 642 1407 712 γεννᾷ
1459 638 1551 692 τὸν
1613 639 1734 692 Υἱὸν
1792 641 1866 712 μὴ
1922 637 1981 694 ἔκ

317 744 466 786 τινος
521 727 684 780 τοῦτο
742 717 948 793 λαϐὼν,
1001 723 1127 779 οὐδὲ
1158 725 1186 779 6
1216 726 1338 787 Υἱὸς
1397 722 1513 802 ἔχει
1545 728 1607 782 τὸ
1639 733 1856 802 Πνεῦμα
1888 727 1980 784 λα-

322 807 435 867 ϐὼν
495 812 626 868 αὐτὸ
682 816 920 890 φυσικῶς
977 815 1124 890 παρά
1172 819 1270 869 τοῦ
1331 816 1562 890 Πατρὸς,
1597 816 1658 872 οὐ
1708 819 1976 894 γεννώμε-

320 924 433 972 νον,
491 900 620 958 ἀλλ’
676 901 1105 978 ἐκπορευόμενον
1167 900 1235 958 δι’
1295 903 1458 959 αὐτοῦ
1515 907 1662 982 παρὰ
1718 912 1814 962 τοῦ
1868 914 1976 963 Πα-

319 992 470 1067 τρὸς,
504 989 604 1046 οὐκ
633 987 754 1046 οἶδα
782 996 940 1046 ποῖον
974 990 1209 1046 ἐντεῦθεν
1259 990 1465 1066 ἷ¹δίωμτ
1522 997 1782 1072 πατρικὸν
1840 993 1974 1067 ἕξειν

284 1080 618 1158 ,φάσκουσιν
673 1080 766 1134 τὸν
822 1079 964 1136 Υἱόν.
999 1084 1122 1142 Πῶς
1183 1079 1240 1135 δὲ
1281 1082 1370 1135 καὶ
1421 1077 1681 1159 Θεογόνον
1710 1085 1803 1140 τὸν
1864 1092 1975 1140 Πα-

322 1167 454 1244 τέρα
507 1169 1008 1241 κατονομάζουσιν;
1067 1169 1132 1223 Εἰ
1194 1171 1288 1243 μὲν
1348 1170 1431 1225 ὅτι
1488 1173 1616 1227 Θεὸν
1678 1179 1834 1248 γεννᾷ
1887 1187 1979 1229 τον

323 1259 473 1327 Υἱὸν,
532 1257 756 1328 ἀληθῶς
809 1262 970 1314 τοῦτο
1023 1265 1124 1328 τῆς
1183 1263 1457 1336 Πατρικῆς
1519 1260 1785 1337 ἐξαίρετον
1849 1265 1976 1318 ὑπο-

323 1349 584 1419 στάσεως,
619 1349 647 1402 ὁ
704 1345 764 1402 δὲ
820 1348 942 1409 Υἱὸς
1001 1347 1062 1402 ού
1121 1347 1404 1424 Θεογόνος,
1437 1351 1558 1405 Υἱὸν
1618 1353 1694 1424 μὴ
1752 1358 1974 1428 γεννῶν.

321 1437 393 1492 Εἴ
421 1435 479 1493 δὲ
505 1437 570 1492 τὸ
607 1442 790 1514 γεννᾷν
845 1438 934 1492 καὶ
993 1431 1328 1510 προϐάλλειν
1361 1440 1450 1493 καὶ
1508 1440 1672 1518 ἄμιρω
1725 1441 1976 1517 συνάγον-

318 1547 407 1588 τες
461 1527 536 1588 εἰς
589 1527 804 1597 ταυτὸν,
863 1525 1126 1600 Θεογιὲνον
1182 1526 1326 1581 οὕτω
1378 1529 1468 1582 τὸν
1533 1529 1742 1602 Πατέρα
1796 1531 1974 1607 φασὶν,

321 1613 442 1670 ἰδοὺ
473 1619 608 1672 Θεοῦ
645 1614 805 1691 γόνος
852 1615 940 1670 καὶ
989 1616 1054 1670 τὸ
1103 1620 1347 1689 Πνεῦμα,
1378 1617 1468 1671 καὶ
1512 1621 1628 1678 πῶς
1677 1620 1976 1693 μονογενὴς

319 1704 480 1775 Nec;
512 1704 575 1760 El
636 1701 682 1759 δ’
712 1701 1190 1779 ἀπαρακαλύπτως
1246 1704 1309 1759 τὸ
1366 1700 1702 1780 προϐάλλειν
1737 1707 1974 1782 εἰσάγον-

315 1815 407 1857 τες
463 1793 538 1856 ὡς
596 1789 807 1866 ῒδίωμα
863 1793 1155 1870 Πατρικὸν,
1216 1791 1452 1848 ἐντεῦθεν
1521 1792 1976 1864 κατασκευάζουσι

2091 648 2248 711 sunt,
2283 663 2409 716 qua:
2441 647 2758 702 dicuntur!
2795 649 3022 703 Etenim
3057 649 3105 704 si
3154 651 3322 706 Pater
3368 661 3608 724 generat
3639 656 3737 710 Fi-

2089 729 2255 798 lium,
2280 750 2313 787 a
2336 734 2497 790 nullo
2521 735 2577 790 id
2606 737 2919 808 accipiens,
2945 743 3000 792 et
3033 737 3214 793 Filius
3240 739 3413 795 habet
3432 741 3734 815 Spiritum,

2088 835 2222 875 eum
2255 839 2288 876 a
2318 823 2485 879 Patre
2535 825 2882 881 naturaliter
2935 826 3244 898 accipiens,
3282 845 3396 883 non
3448 831 3732 902 genitum,

2088 911 2188 965 sed
2223 928 2324 982 per
2351 914 2624 969 eumdem
2657 916 3070 986 procedentem
3115 933 3184 972 ex
3230 917 3397 973 Patre
3431 935 3443 974 :
3496 937 3736 991 prorsus

2089 1015 2204 1054 non
2235 1002 2422 1072 capio,
2458 1019 2776 1074 quamnam
2801 1008 3104 1076 paternam
3128 1005 3542 1077 preprietatem
3574 1008 3738 1065 habi-

2086 1091 2286 1144 turum
2320 1095 2631 1146 autumant
2662 1091 2895 1147 Filium.
2928 1094 3000 1148 Et
3029 1095 3325 1163 quomodo
3373 1095 3469 1150 Dei
3506 1097 3734 1168 genito-

2087 1192 2210 1232 rem
2267 1177 2497 1234 Patrem
2553 1179 2907 1250 indigitant?
2941 1181 2999 1235 Si
3050 1181 3205 1252 quod
3262 1184 3442 1238 Deum
3500 1191 3739 1256 generat

2087 1264 2477 1332 Filium,vere
2521 1267 2629 1323 hoc
2678 1274 2769 1324 est
2816 1274 3068 1340 paternae
3098 1270 3480 1342 hypostascos
3533 1275 3735 1345 praeci-

2084 1370 2292 1425 puum,
2324 1361 2385 1411 at
2441 1357 2620 1412 Filius
2677 1375 2794 1413 non
2851 1358 3036 1414 Deum
3093 1376 3380 1431 generans
3438 1365 3546 1430 est,
3599 1363 3734 1420 eum

2087 1443 2299 1500 Filium
2334 1462 2447 1501 non
2496 1452 2752 1518 generet.
2785 1447 2845 1502 Si
2897 1464 3028 1502 vero
3081 1464 3377 1520 generare,
3409 1456 3466 1506 et
3517 1453 3733 1523 produ-

2083 1547 2233 1598 cere,
2267 1537 2322 1588 et
2355 1538 2600 1606 utraque
2632 1536 2688 1590 in
2741 1553 2923 1590 unum
2974 1536 3338 1609 colligentes,
3370 1539 3477 1595 hac
3509 1542 3736 1596 ratione

2085 1621 2269 1676 Deum
2300 1626 2675 1694 generantem
2724 1623 2954 1679 Patrem
3005 1624 3321 1696 appellant,
3355 1643 3485 1684 ecce
3533 1634 3588 1684 et
3631 1629 3734 1685 Dei

2086 1710 2238 1766 fetus
2270 1714 2360 1765 est
2389 1711 2644 1782 Spiritus
2673 1730 2686 1780 ;
2738 1716 2795 1767 et
2824 1729 3082 1782 quanam
3131 1714 3353 1770 ratione
3395 1717 3735 1789 unigenitus

2084 1799 2273 1854 Filius
2295 1800 2451 1856 erit?
2497 1799 2553 1855 Si
2582 1801 2723 1856 item
2754 1802 3073 1873 producere
3106 1807 3303 1873 aperte
3341 1803 3732 1878 insinuantes,

313 1884 379 1938 τὸ
415 1884 490 1956 μή
527 1880 598 1937 δι’
645 1883 774 1936 Υἱοῦ
829 1883 1124 1960 πεφηνέναι
1182 1882 1246 1936 τὸ
1295 1887 1514 1956 Πνεῦμα
1542 1883 1689 1957 παρὰ
1741 1885 1973 1960 Πατρὸς,

2087 1891 2366 1960 tanquam
2416 1890 2831 1960 proprietatem
2890 1897 3216 1961 paternam,
3266 1892 3402 1948 inde
3461 1911 3732 1968 compro-

318 1971 379 2027 ἐκ
429 1976 526 2027 τοῦ
584 1972 636 2027 ἐν
692 1971 842 2048 ἀρχῇ
898 1971 1172 2046 ἐκχεῖσθαι
1233 1971 1564 2050 σοφίζονται.
1624 1973 1694 2026 Τὸ
1752 1975 1856 2048 γὰρ
1915 1973 1975 2028 ἐκ

2087 1977 2245 2042 bant,
2283 1994 2397 2033 non
2432 1995 2533 2049 per
2563 1978 2774 2033 Filium
2825 1980 3168 2050 apparuisse
3197 1981 3479 2052 Spiritum
3514 1999 3583 2038 ex
3627 1985 3733 2039 Pa-

319 2062 532 2137 Πατρὸς
569 2061 645 2134 μή
680 2058 749 2114 δι’
783 2061 909 2115 Υἱοῦ
939 2061 1000 2115 τὸ
1032 2065 1251 2134 Πνεῦμα
1307 2062 1397 2116 καὶ
1455 2062 1517 2115 τὸ
1579 2059 1783 2134 ἰδίωμα
1840 2063 1973 2117 εἶναι

318 2151 590 2226 Πατρικὸν
650 2151 710 2205 τὸ
762 2145 1160 2225 προϐλητικὸν,
1194 2147 1443 2226 ἄντικρυς
1504 2151 1718 2208 ταυτόν.
1751 2151 1888 2206 Ποία
1918 2149 1976 2207 δὲ

321 2240 510 2318 Γραφὴ
564 2240 628 2294 τὸ
689 2243 937 2294 τοιοῦτον
1024 2237 1234 2312 ΐδίωμα
1315 2237 1730 2315 παραδίδωσιν;
1789 2237 1974 2296 ἔπειτα

318 2330 438 2390 πῶς
462 2329 526 2382 τὸ
555 2329 757 2404 προσὸν
811 2332 891 2400 τῷ
936 2329 1108 2404 Πατρὶ
1163 2326 1398 2403 καθάπερ
1457 2329 1603 2404 ἀρχῇ
1662 2324 1973 2403 προϐλητι-

311 2415 413 2470 κὸν
473 2418 968 2494 συμμερισθήσεται
1021 2421 1101 2488 τῷ
1129 2417 1240 2489 Υῖῷ
1268 2416 1328 2472 ἐκ
1352 2421 1451 2473 τοῦ
1499 2415 1568 2472 δι’
1615 2417 1779 2473 αύτοῦ
1837 2420 1968 2474 εἶναι

314 2503 381 2559 τὰ
439 2509 660 2579 Πνεῦμα
714 2507 860 2578 παρὰ
917 2505 1126 2582 Πατρός
1158 2525 1171 2576 ;
1201 2505 1265 2560 Εἰ
1329 2507 1422 2580 μὲν
1463 2507 1565 2583 γὰρ
1598 2506 1657 2562 ἐκ
1685 2512 1780 2562 τοῦ
1840 2509 1969 2564 Υἱοῦ

313 2594 380 2648 τὸ
411 2599 629 2667 Πνεῦμα
660 2594 806 2669 λέγει
835 2616 918 2657 τις
951 2596 1026 2657 ὡς
1085 2595 1144 2650 ἐκ
1197 2596 1424 2672 πρώτης
1472 2596 1672 2671 ἀρχῆς,
1705 2595 1851 2651 ἔσται
1900 2595 1966 2667 δὴ

312 2682 407 2737 καὶ
465 2685 494 2738 6
551 2684 676 2745 Υἱὸς
725 2686 862 2738 κατά
916 2685 979 2738 τὸ
1036 2683 1264 2759 ἀρχικὸν
1334 2685 1594 2746 κοινωνὸς
1642 2690 1722 2756 τῷ
1774 2685 1966 2762 11ατρί.

313 2771 418 2826 Καὶ
473 2777 592 2835 πῶς
649 2773 813 2842 Υἱός;
873 2767 1239 2828 ἀνακόλουθον
1284 2778 1445 2828 τοῦτο
1501 2773 1590 2828 καὶ
1648 2775 1870 2830 ἄτοπον.
1902 2775 1966 2829 Εἰ

313 2857 377 2914 δὲ
431 2861 520 2915 καὶ
579 2859 712 2930 αὐτὴ
771 2866 868 2916 τοῦ
927 2861 1238 2935 Πνεύματος
1294 2865 1329 2932 ἡ
1390 2861 1704 2938 ἐκπόρευσις
1767 2862 1826 2917 ἐκ
1869 2868 1966 2918 τοῦ

311 2950 528 3026 Πατρὸς
613 2946 912 3027 ὃιαρξήδην
998 2951 1346 3027 κηρύττεται,
1394 2953 1572 3012 καθὼς
1626 2951 1716 3006 καὶ
1794 2953 1968 3006 πάντα

311 3037 417 3093 δσα
436 3003 453 3026 “ί
467 3003 583 3114 sia
625 3003 654 3094 δ
699 3003 844 3112 ita},
869 3003 1229 3116 amata,"
1249 3003 1692 3116 attagen;
1707 3003 1764 3094 οἰ
1803 3003 1967 3096 ita:

307 3127 596 3190 τείνοντες’
629 3126 682 3182 ἐν
738 3125 797 3182 δέ
852 3149 915 3204 γε
970 3134 1086 3191 τοῖς
1146 3129 1588 3205 έπενηνεγμένοις
1639 3124 1966 3204 προσλαϐώ-

318 3218 459 3290 μεθα
514 3217 604 3272 καὶ
654 3218 747 3272 τὸν
800 3218 922 3272 Υἱὸν
981 3220 1167 3292 ἡμεῖς,
1201 3219 1289 3273 καὶ
1339 3214 1806 3294 ἀντεπενέγκωμεν
1865 3226 1968 3290 τῆς

2086 2071 2191 2132 tre,
2223 2083 2292 2121 ex
2321 2083 2386 2121 eo
2438 2067 2592 2137 quod
2645 2067 2704 2121 in
2759 2067 3048 2138 principio
3097 2069 3454 2136 effundatur,
3488 2072 3734 2128 subdole

2085 2159 2454 2226 argutantur.
2487 2155 2753 2227 Namque
2784 2171 2850 2210 ex
2881 2156 3050 2211 Patre
3081 2173 3197 2211 non
3228 2173 3331 2228 per
3360 2158 3574 2214 Filium
3606 2160 3732 2232 Spi-

2082 2243 2282 2313 ritum,
2316 2248 2373 2300 et
2403 2243 2816 2315 proprietatem
2846 2259 2974 2300 esse
3005 2250 3308 2316 paternam
3349 2246 3469 2302 vim
3509 2249 3732 2320 produ-

2083 2332 2249 2387 cendi
2282 2331 2453 2403 plane
2484 2331 2641 2387 idem
2671 2336 2759 2388 est
2797 2349 2808 2387 :
2860 2349 3129 2404 quanam
3184 2338 3380 2390 autem
3430 2336 3732 2409 Scriptura

2081 2420 2258 2477 talem
2293 2420 2707 2494 proprietatem
2739 2421 2962 2476 tradit?
3011 2420 3225 2476 Deinde
3256 2425 3571 2494 quomodo,
3606 2442 3732 2497 quae

2080 2511 2234 2566 inest
2269 2510 2422 2564 Patri
2470 2509 2650 2565 veluti
2711 2510 3001 2582 principio
3061 2510 3310 2567 facultas
3367 2513 3728 2582 effundendi,

2079 2599 2461 2670 dispartietur
2488 2615 2621 2653 cum
2658 2597 2822 2668 Filio,
2856 2603 3162 2668 propterea
3193 2600 3347 2670 quod
3383 2615 3485 2671 per
3529 2599 3726 2672 ipsum

2078 2693 2168 2744 est
2195 2689 2444 2760 Spiritus
2482 2705 2549 2743 ex
2581 2687 2789 2742 Patre?
2831 2687 3130 2758 Siquidem
3183 2688 3232 2744 si
3285 2688 3419 2759 quis
3467 2705 3536 2744 ex
3585 2689 3726 2746 Filio

2075 2776 2378 2850 Spiritum,
2411 2781 2478 2830 ut
2515 2791 2584 2832 ex
2613 2776 2802 2847 primo
2851 2775 3136 2847 principio
3183 2780 3424 2842 asserat,
3456 2793 3722 2833 commu-

2077 2867 2300 2922 nicabit
2346 2864 2548 2936 utique
2597 2865 2779 2920 Filius
2829 2864 3010 2931 Patri,
3044 2867 3370 2920 secundum
3417 2868 3574 2938 quod
3623 2867 3720 2922 ille

2077 2954 2431 3027 principium
2460 2957 2567 3023 est,
2601 2958 2658 3009 et
2697 2958 2820 3008 tum
2874 2953 3164 3024 quomodo
3203 2953 3312 3008 erit
3362 2953 3590 3012 Filius?
3618 2958 3720 3012 sed

2077 3058 2445 3112 consequens
2477 3041 2534 3095 id
2565 3041 2890 3096 absurdum
2939 3045 3046 3107 est,
3082 3057 3186 3096 nec
3235 3042 3524 3098 convenit.
3559 3046 3720 3110 Quod

2077 3131 2127 3187 si
2157 3136 2213 3186 et
2236 3130 2366 3203 ipsa
2395 3129 2649 3202 Spiritus
2680 3129 2974 3201 processio
3024 3146 3092 3185 ex
3144 3133 3313 3186 Patre
3361 3131 3554 3203 palam
3599 3133 3721 3188 ed1-

2084 3221 2256 3290 citur,
2291 3218 2790 3291 quemadmodum
2823 3221 2880 3274 et
2911 3219 3108 3274 omnia
3138 3235 3264 3289 qua:
3314 3219 3492 3276 habet
3523 3221 3728 3290 Filius,

314 3283 574 3381 δεογόνου
624 3303 904 3379 δυνάμεως
963 3283 1168 3381 ἔρημον
1221 3305 1278 3362 ὃν
1337 3307 1400 3362 τὸ
1432 3283 1647 3379 Πνεῦμα
1673 3283 1738 3362 τθ
1797 3283 1972 3383 ἅγιον,

2087 3309 2397 3364 manifesto
2447 3307 2762 3362 adversarii
2809 3305 3063 3362 inaniter
3109 3323 3244 3362 cum
3294 3309 3505 3364 umbra
3546 3309 3728 3381 depu-

312 3389 529 3469 ἔρημος
585 3392 658 3449 ὣν
705 3395 795 3450 καὶ
827 3397 856 3450 ὁ
887 3395 1034 3464 Υἱὸς,
1068 3396 1128 3450 οὐ
1177 3393 1579 3452 κινδυνεύσουσι
1633 3397 1748 3450 κατ’
1779 3395 1973 3458 αὐτοὺς

304 3489 414 3552 τῆς
445 3482 702 3553 θεότητος
731 3483 976 3539 ἐκπεσεῖν
1003 3503 1016 3552 ;

2083 3401 2286 3470 gnant.
2316 3395 2739 3451 Verumtamen
2769 3394 2827 3448 in
2868 3395 3139 3450 adductis
3171 3412 3276 3451 nos
3308 3395 3521 3451 Filium
3563 3415 3730 3453 assu-

2084 3487 2326 3551 mimus,
2359 3488 2417 3539 et
2447 3484 2780 3554 objicimus,
2807 3483 3081 3538 facultate
3115 3484 3357 3556 Deipara
3385 3501 3520 3540 cum
3551 3486 3734 3558 Spiri-

306 3578 413 3628 tus
461 3578 702 3630 sanctus
751 3579 964 3646 careat,
995 3578 1306 3646 careatque
1352 3579 1412 3631 et
1459 3575 1585 3646 ipse
1615 3575 2038 3644 Filius,annon
2080 3575 2408 3631 secundum
2469 3573 2630 3645 ipsos
2689 3573 2759 3628 de
2817 3573 3032 3629 deitate
3082 3573 3254 3644 dejici
3310 3575 3732 3645 periclitabun-

311 3661 465 3716 tur?

387 3750 471 3812 ιϐ’.
506 3749 646 3825 Ἐγὼ
705 3746 764 3803 δὲ
820 3746 1083 3822 θαυμάζω
1139 3750 1229 3804 καὶ
1286 3751 1386 3819 τὴν
1446 3749 1622 3804 αὐτῶν
1677 3749 1769 3805 σὺν
1818 3751 1966 3806 ἀντι-

303 3832 452 3892 θέσει
508 3837 893 3916 ἀντιστροφὴν,
953 3836 1025 3892 δι’
1080 3841 1147 3907 ἧς
1201 3839 1278 3911 μὴ
1341 3838 1473 3893 εἶναι
1516 3841 1970 3909 κατασκευάζουσι

306 3931 390 3998 τῷ
448 3926 617 4002 Πατρὶ
672 3928 765 3982 τὸν
827 3927 950 3981 Υἱὸν
1011 3925 1328 3999 ὁμοούσιον.
1361 3927 1428 3982 Εἴ
1454 3927 1555 4004 γὰρ
1585 3928 1647 3982 τὸ
1693 3929 1788 4000 μὲν
1841 3929 1972 4001 ὁμο-

307 4015 495 4070 ούσιον
527 4013 900 4089 ὁμοδύναμον,
931 4015 996 4071 τὸ
1027 4013 1085 4070 δὲ
1147 4017 1224 4089 μὴ
1282 4014 1630 4090 ὁμοδύναμον
1683 4014 1812 4090 μηδ’
1840 4017 1973 4090 ὁμο-

311 4103 522 4174 ούσιον,
552 4106 590 4174 ἢ
623 4105 652 4159 6
684 4103 808 4167 ι”ιὸς
841 4103 1136 4178 ὁμοούσιος
1185 4109 1264 4177 τῷ
1295 4105 1485 4180 Πατρὶ,
1518 4106 1607 4160 καὶ
1667 4103 1756 4160 διὰ
1810 4111 1972 4160 τοῦτο

310 4194 405 4248 κάὶ
464 4191 924 4267 ὁμοδύναμος,ἣν
985 4193 1235 4249 ὑπέθεντο
1290 4191 1537 4266 δύναμιν,
1582 4194 1671 4248 καὶ
1729 4197 1974 4270 γεννήσει

313 4283 533 4344 πάντως
586 4283 730 4355 Υἱὸν,
763 4283 798 4352 ἢ
833 4281 939 4358 οὐχ
995 4280 1346 4356 ὁμοδύναμος
1402 4284 1501 4352 τήν
1560 4282 1816 4353 τοιαύτην
1853 4304 1973 4358 γεν-

311 4373 543 4440 νητικὴν
601 4368 853 4444 δύναμιν,
900 4371 990 4426 καὶ
1047 4373 1164 4426 κατ’
1222 4371 1440 4442 αὐτοὺς,
1503 4369 1616 4426 οὐδ’
1675 4371 1972 4445 ὁμοούσιος

310 4465 395 4532 τῷ
460 4460 654 4534 Πατρί.
712 4461 812 4516 Καὶ
869 4464 1012 4532 πῶς,
1075 4460 1255 4538 φασὶν,
1313 4459 1358 4516 εί
1416 4459 1506 4515 διὰ
1560 4465 1658 4516 τοῦ
1718 4461 1846 4515 Υἱοῦ
1911 4459 1974 4514 τὸ

313 4553 537 4623 Πνεῦμα
563 4549 627 4604 τὸ
657 4549 836 4625 ἅγιον,
867 4550 895 4603 6
937 4548 1259 4625 Καισαρείας
1317 4548 1571 4611 Λεόντιος
1631 4546 1782 4625 ἔλεγε
1840 4548 1976 4604 κατὰ

315 4609 566 4707 Νίκαιαν,
598 4637 676 4700 ὡς
705 4609 790 4692 ’ἐκ
817 4639 915 4707 τῆς
971 4609 1120 4708 ὅληςΙ
1169 4635 1394 4692 συνόδου
1451 4638 1588 4713 πρὸς
1616 4639 1706 4692 τὸν
1736 4609 1977 4693 ἓΙηλόσο-
2006 4609 2054 4672 D

312 4747 436 4804 φονο
497 4725 674 4802 Δέχου
767 4726 890 4800 μίαν
975 4725 1208 4797 θεότητα
1272 4731 1372 4781 τοῦ
1431 4727 1643 4802 Πατρὸς
1698 4731 1796 4781 τοῦ
1851 4748 1973 4802 γεν-

311 4817 578 4883 νήσαντος
661 4816 755 4869 τὸν
836 4815 958 4870 Υἱὸν
1044 4814 1449 4893 ἀνεκφράστως,
1507 4815 1598 4870 καὶ
1682 4820 1779 4870 τοῦ
1848 4817 1977 4871 Υἱοῦ

310 4906 412 4957 τοῦ
463 4903 862 4980 γεγεννημένου
920 4903 971 4974 ἐξ
1028 4903 1213 4976 αὐτοῦ,
1276 4905 1366 4958 καὶ
1423 4908 1520 4959 τοῦ
1605 4904 1758 4981 ἁγίου
1817 4903 1978 4958 Πνεύ-

319 5011 489 5064 ματος
563 4996 661 5046 τοῦ
739 4991 1174 5067 ἐκπορευομένου
1244 4991 1293 5064 ἐξ
1353 4991 1519 5046 αὐτοῦ
1586 4997 1684 5046 τοῦ
1744 4992 1978 5067 Πατρὸς,

319 5075 462 5134 ἰδίου
517 5078 575 5136 δὲ
623 5077 778 5144 ὄντος
822 5085 920 5136 τοῦ
978 5082 1145 5150 Υἱοῦ;
1183 5085 1308 5144 Πῶς
1361 5078 1420 5135 δὲ
1465 5081 1554 5135 καὶ
1604 5081 1763 5142 αὐτὸς
1805 5081 1834 5135 6
1883 5080 1983 5135 Κύ-

322 5188 438 5244 ριος
471 5167 522 5223 έν
557 5168 912 5246 Εὐαγγελίοις
953 5170 1110 5248 φησὶ,
1138 5171 1201 5225 τὸ
1256 5174 1483 5242 Πνεῦμα
1529 5171 1590 5224 τὸ
1635 5173 1788 5246 ἅγιον
1839 5169 1984 5247 παρὰ

321 5261 420 5310 τοῦ
483 5258 702 5335 Ιιατρὸς
772 5257 1175 5335 ἐκπορεύεσθαι,
1232 5260 1307 5332 μὴ
1373 5259 1682 5332 προστιθεὶς
1748 5260 1836 5326 τὸ,
1897 5256 1986 5313 διὰ

319 5349 419 5400 τοῦ
468 5347 632 5417 ficii;
685 5348 836 5423 Πρὸς
886 5349 1034 5402 ταῦθ’
1086 5349 1254 5421 ἡμεῖς
1301 5345 1474 5408 οὕτως
1519 5346 1981 5425 ἀνθυποφέρομεν.

323 5435 422 5488 Διά
455 5435 508 5489 τί
551 5436 614 5490 τὸ
662 5439 890 5509 Πνεῦμα
933 5437 997 5491 τὸ
1042 5435 1217 5511 ἅγιον,
1252 5432 1389 5490 ἴδιον
1443 5435 1585 5490 εἶπεν
1640 5437 1668 5489 6
1729 5435 1985 5496 Λεόντιος

322 5526 420 5578 τοῦ
464 5525 612 5596 Υἳοῦ,
672 5526 748 5598 μή
805 5524 988 5598 μέντοι
1037 5524 1126 5579 καὶ
1177 5525 1268 5579 τὸν
1321 5524 1444 5578 Υἱὸν
1498 5520 1634 5577 ἴδιον
1708 5523 1840 5578 εἶναι
1891 5528 1988 5577 τοῦ

325 5613 663 5685 Ιίνεύματος,
696 5613 740 5668 εἰ
795 5615 871 5687 μή
921 5614 1012 5668 τὸν
1062 5614 1156 5686 μὶν
1205 5609 1325 5687 ᾔδει
1374 5611 1591 5686 ἀμέσως
1640 5611 1699 5667 ἐκ
1734 5616 1831 5668 τοῦ
1872 5617 1989 5668 lla-

331 5699 484 5786 τρὸς,
509 5702 574 5758 τὸ
622 5699 682 5759 δὲ
731 5700 823 5760 διὰ
865 5706 964 5760 τοῦ
1007 5703 1136 5758 Υἱοῦ
1184 5699 1236 5777 ἐξ
1283 5699 1447 5758 αὺτοῦ
1480 5704 1578 5760 τοῦ
1625 5699 1883 5786 Πατρός;
1925 5700 1990 5760 Εἰ

617 5831 886 5896 Pauor“
933 5833 1046 5901 Gn.
1091 5831 1326 5900 CXLII.

2151 3752 2238 3806 19.
2269 3751 2387 3824 Ego
2419 3767 2591 3822 porro
2621 3749 2879 3806 admiror
2923 3751 3261 3806 eorumdem
3310 3768 3444 3807 cum
3493 3753 3731 3825 opposi-

2080 3841 2234 3896 tione
2265 3839 2722 3904 conversionem,
2749 3855 2846 3910 per
2876 3855 3052 3910 quam
3087 3838 3296 3894 Filium
3320 3857 3435 3896 non
3463 3841 3728 3910 ejusdem

2081 3945 2210 3984 esse
2268 3945 2402 3983 cum
2460 3931 2630 3982 Patre
2685 3932 2906 3981 naturae
2942 3931 3236 3983 astruunt.
3270 3929 3497 3984 Etenim
3557 3929 3605 3984 si
3668 3930 3727 3985 id

2081 4018 2237 4090 quod
2267 4017 2532 4088 ejusdem
2564 4017 2830 4072 essentia:
2861 4021 2968 4083 est,
3003 4017 3266 4087 ejusdem
3295 4017 3590 4074 facultatis
3621 4024 3730 4084 est,

2081 4110 2140 4162 et
2169 4106 2322 4176 quod
2370 4121 2483 4159 non
2535 4109 2626 4160 est
2672 4105 2936 4174 ejusdem
2981 4103 3303 4168 facultatis,
3335 4120 3524 4176 neque
3573 4107 3732 4177 ejus-

2083 4195 2216 4250 dem
2245 4193 2514 4248 essentiaa
2563 4197 2672 4260 est,
2707 4198 2809 4247 aut
2858 4191 3040 4248 Filius
3089 4193 3351 4264 ejusdem
3403 4210 3537 4248 cum
3571 4195 3735 4250 Patre

2083 4281 2371 4346 essentiaa,
2430 4281 2674 4350 ideoque
2733 4285 2790 4334 et
2845 4280 3111 4350 ejusdem
3172 4279 3494 4349 facultatis,
3555 4298 3733 4351 quam

2083 4370 2196 4442 ipsi
2251 4381 2612 4441 supponunt,
2663 4367 2904 4423 omnino
2965 4369 3268 4440 generabit
3325 4368 3582 4436 Filium;
3634 4373 3738 4424 aut

2086 4475 2199 4515 non
2233 4463 2322 4514 est
2349 4457 2617 4528 ejusdem
2668 4447 2986 4524 facultatis,
3017 4456 3361 4528 generativae
3407 4456 3648 4526 scilicet,
3683 4461 3740 4512 et

2087 4547 2413 4603 secundum
2473 4545 2708 4601 eosdem
2762 4561 2875 4600 non
2927 4544 3038 4600 erit
3081 4545 3347 4614 ejusdem
3396 4561 3530 4600 cum
3573 4545 3740 4601 Patre

2085 4635 2373 4692 essentiae.
2438 4635 2504 4688 Et
2559 4634 2874 4704 quomodo,
2925 4633 3223 4704 inquiunt,
3257 4633 3306 4687 si
3365 4649 3469 4703 per
3527 4633 3737 4689 Filium

2087 4729 2177 4781 est
2205 4724 2457 4796 Spiritus
2489 4727 2748 4791 sanctus,
2779 4723 3058 4777 Leontius
3095 4721 3468 4777 Caesariensis
3502 4722 3740 4777 nomine

2088 4814 2331 4868 Nicena:
2365 4811 2570 4885 synodi
2603 4811 2673 4865 ad
2708 4810 3123 4882 philosophum
3157 4810 3470 4882 respondet
3503 4827 3514 4864 :
3550 4811 3742 4881 Accipe

2090 4921 2259 4958 unam
2291 4903 2552 4956 Deitatem
2583 4902 2788 4965 Putris,
2827 4902 2922 4970 qui
2951 4901 3141 4967 genuit
3172 4900 3376 4954 Filium
3431 4900 3740 4971 ineffabili-

2092 4997 2173 5048 ter
2195 5003 2246 5047 et
2278 4991 2418 5048 Filii
2445 5007 2514 5045 ea:
2543 5007 2604 5045 eo
2633 4991 2832 5059 geniti,
2863 4992 2911 5043 et
2939 4990 3187 5056 Spiritns
3234 4990 3412 5042 sancti
3457 5006 3526 5043 ex
3554 4988 3743 5044 eodem

2094 5088 2256 5138 Patre
2301 5080 2663 5152 procedentis,
2699 5081 2795 5150 qui
2833 5087 2884 5133 et
2928 5079 3184 5150 proprius
3233 5087 3312 5133 est
3361 5079 3537 5132 Filii?
3590 5079 3742 5142 Quo-

2095 5171 2268 5226 modo
2301 5168 2475 5225 etiam
2508 5173 2565 5223 et
2617 5169 2739 5239 ipse
2786 5167 3072 5223 Dominus
3124 5167 3182 5222 in
3238 5167 3548 5238 Evangelio
3580 5167 3742 5238 dicit,

2093 5258 2377 5331 Spiritum
2411 5261 2682 5312 sanctum
2715 5274 2748 5312 a
2781 5257 2945 5312 Patre
2996 5256 3325 5328 procedere,
3358 5273 3474 5310 non
3526 5256 3747 5324 addito,

2096 5363 2200 5414 per
2231 5345 2444 5401 Filium
2469 5345 2496 5398 ‘I
2527 5345 2628 5402 His
2661 5362 2767 5400 nos
2798 5345 2880 5400 ita
2929 5344 3244 5415 objicimus
3279 5363 3290 5400 :
3345 5345 3534 5407 Quare
3563 5343 3747 5415 Spiri-

2098 5442 2226 5491 tum
2279 5440 2548 5490 sanctum
2604 5434 2904 5506 proprium
2954 5433 3100 5488 dixit
3149 5433 3419 5489 Leontius
3451 5432 3600 5498 Filii,
3635 5450 3751 5489 non

2098 5526 2241 5580 item
2274 5531 2333 5580 et
2364 5523 2576 5578 Filium
2609 5523 2910 5595 proprium
2943 5539 3072 5578 esse
3119 5523 3394 5594 Spiritus,
3431 5521 3543 5577 nisi
3595 5522 3751 5595 quod

2102 5616 2442 5686 agnosceret
2470 5611 2628 5666 hunc
2657 5611 2896 5683 quidem
2927 5611 3265 5668 immediate
3296 5628 3364 5667 ex
3405 5611 3587 5679 Patre,
3619 5612 3752 5684 Spi-

2102 5703 2282 5762 ritum
2335 5717 2468 5761 vero
2526 5717 2630 5776 per
2684 5699 2896 5759 Filium
2947 5716 3017 5759 ex
3065 5701 3269 5763 eodem
3321 5699 3538 5758 Patre?
3587 5700 3656 5759 Et
3703 5701 3754 5761 si

3393 5830 3470 5898 18
