4154 6418
458 368 576 439 55's
654 338 663 347 ’

1708 375 1757 435 Ν
1763 374 2129 471 ICEPHOIlI
2173 375 2607 439 BLEMMIDE

3734 362 3843 436 536

457 508 764 581 placuerit,
789 510 1128 565 assumatur
1157 507 1325 576 illud,
1358 508 1491 575 solo,
1524 506 1649 563 loco
1680 506 1861 573 illius,
1893 508 2101 564 eodem.

2236 504 2499 579 Ξουλητὸν
2542 505 2599 563 δὲ
2642 509 2704 564 τὸ
2756 506 2923 582 μόνου
2970 505 3333 586 παρειλήφθω
3378 504 3496 562 ἀντὶ
3532 509 3628 561 τοῦ
3674 503 3843 573 αὐτοῦ,

457 601 524 653 ut
543 598 792 669 objectio
825 598 1088 671 ipsorum
1123 598 1313 670 magis
1346 613 1411 652 ac
1456 597 1645 669 magis
1687 600 1910 669 urgeat,
1949 597 2108 653 dica-

458 691 689 759 turque,
720 688 1002 759 Spiritum
1035 693 1329 754 sanctum,
1366 685 1468 757 qui
1500 702 1568 741 ex
1598 689 1765 740 Patre
1814 686 1936 742 solo
1978 702 2109 757 pro-

462 776 634 831 cedit.
670 775 778 839 Qui
820 775 1143 847 prasterea?
1188 774 1335 830 Cum
1386 774 1527 829 dicit
1573 774 1807 830 divinus
1854 774 2110 830 Athana-

466 865 604 932 sius,
677 864 937 920 oratione
1017 864 1208 936 prima
1284 873 1476 919 contra
1561 866 1823 930 Arianos,
1884 863 2111 919 Patrem

467 952 659 1010 solum
736 952 1018 1026 Spiritum
1096 958 1365 1009 sanctum
1446 953 1839 1025 suppeditare,
1919 969 2112 1007 annon

467 1042 744 1099 dabimus
801 1041 944 1097 Filio
974 1042 1239 1112 ejusdem
1272 1041 1523 1113 Spiritus
1553 1040 1742 1097 sancti
1771 1040 2114 1113 suppedita—

466 1131 736 1187 tionem?
762 1132 876 1187 Aut
904 1146 1037 1186 cum
1071 1131 1213 1186 dicit
1263 1131 1568 1200 Dominus,
1603 1131 1672 1185 de
1722 1130 1814 1185 die
1863 1129 1982 1197 illo,
2016 1134 2118 1184 aut

468 1220 614 1277 hora
640 1219 935 1276 neminem
965 1220 1136 1283 scire,
1171 1236 1358 1290 neque
1387 1219 1626 1291 angelos
1667 1219 1969 1285 caelorum,
2001 1217 2117 1273 nisi

468 1327 643 1367 suum
674 1309 902 1366 Patrem
933 1308 1147 1375 solum,
1173 1326 1244 1365 an
1277 1308 1531 1365 similem
1549 1309 1943 1381 cognitionem
1978 1306 2118 1362 Filio

466 1396 937 1471 denegabimus?
968 1397 1053 1453 vel
1086 1414 1219 1453 cum
1254 1398 1325 1452 ad
1360 1397 1589 1452 Patrem
1623 1397 1765 1453 dicit
1799 1415 1811 1451 :
1861 1399 1983 1452 Ηκε
2036 1404 2121 1451 est

465 1489 591 1543 vita
618 1496 849 1555 aeterna,
878 1491 937 1541 ut
984 1491 1316 1559 cognoscant
1361 1491 1411 1541 te
1458 1487 1637 1541 solum
1684 1503 1873 1542 verum
1921 1488 2116 1556 Deum,

468 1586 520 1632 et
549 1592 704 1649 quem
734 1578 957 1643 misisti,
989 1578 1174 1632 Jesum
1207 1576 1507 1643 Christum,
1541 1593 1736 1631 annon
1782 1590 2119 1631 asseremus

469 1667 654 1723 Deum
693 1683 893 1722 verum
945 1665 1240 1722 Christum
1263 1665 1292 1719 Ἰ
1339 1681 1535 1720 annon
1568 1680 1902 1721 asseremus
1933 1664 2115 1720 Deum

469 1772 671 1813 verum
691 1755 971 1828 Spiritum
995 1755 1303 1811 sanctum?
1326 1755 1437 1810 Sed
1460 1755 1959 1826 quemadmodum
1983 1770 2117 1809 cum

474 1847 640 1902 Pater
668 1845 817 1900 scire
846 1844 1009 1901 solus
1040 1843 1277 1909 dicitur,
1306 1843 1500 1899 omnis
1525 1843 1641 1899 alia
1667 1844 1942 1916 cognitio,
1963 1859 2119 1898 mor-

471 1933 682 1989 talium
712 1948 943 2005 nempe,
976 1937 1170 1989 cessat
1200 1950 1213 1988 :
1268 1936 1326 1988 et
1363 1948 1498 1987 cum
1556 1932 1718 1988 solus
1767 1949 1937 1988 verus
1964 1932 2121 1987 Deus

470 2022 908 2095 comprobatur,
954 2021 1149 2077 omnis
1197 2025 1470 2077 externus
1522 2026 1673 2077 Deus
1721 2014 2119 2076 amandatur:

470 2111 553 2167 ita
582 2116 639 2166 et
668 2126 800 2165 cum
834 2126 868 2165 a
917 2108 1040 2165 solo
1088 2109 1255 2165 Patre
1284 2108 1534 2180 Spiritus
1583 2114 1824 2165 sanctus
1850 2124 2126 2165 emanare

471 2199 719 2266 dicetur,
751 2214 925 2254 omne
973 2197 1175 2254 alienae
1226 2197 1495 2253 essentia;
1541 2197 1897 2270 principium
1956 2198 2126 2270 longe

471 2288 796 2362 fugabitur.
832 2287 1022 2342 Solum
1050 2287 1267 2342 etenim
1319 2285 1474 2343 inter
1502 2287 1748 2342 Deitatis
1780 2286 2125 2359 hypostases

473 2376 823 2433 divisionem
850 2374 1177 2431 necessario
1234 2390 1348 2430 non
1400 2375 1596 2440 infert,
1630 2379 1696 2429 ut
1743 2375 1868 2447 ipse
1918 2391 2126 2430 rursus

472 2464 883 2522 divinissimue
924 2463 1285 2520 Athanasius
1336 2464 1395 2519 in
1446 2479 1765 2536 congressu
1814 2481 1947 2519 cum
1992 2464 2126 2519 Ario

475 2558 921 2612 commonstrat.
954 2553 1050 2609 Sic
1079 2552 1279 2625 itaque
1312 2569 1415 2608 nec
1441 2553 1616 2610 dictio
1649 2554 1705 2608 in
1734 2553 1921 2608 eodem
1954 2569 1967 2607 :
2001 2552 2129 2609 dis-

477 2644 663 2702 cernit
690 2644 847 2701 enim
878 2642 1074 2715 potius
1104 2642 1224 2714 illa,
1256 2658 1437 2714 quam
1469 2642 1695 2698 dividit.

547 2914 638 2969 20.
671 2913 741 2968 Et
770 2912 819 2967 si
853 2909 1042 2984 placet
1073 2927 1191 2967 una
1219 2909 1397 2966 simul
1447 2910 2039 2982 comprehendantur,
2072 2916 2131 2967 et

476 3003 611 3070 solo,
644 3006 703 3057 et
730 3001 960 3065 eodem;
990 3000 1124 3072 quis
1154 3000 1477 3056 dummodo
1526 3016 1767 3071 compos
1810 3000 1993 3056 animi
2029 2999 2127 3068 sit,

479 3108 594 3147 non
628 3090 907 3147 fatebitur
942 3106 1011 3144 ex
1057 3089 1260 3145 eodem
1309 3088 1432 3144 solo
1475 3089 1592 3145 Deo
1639 3093 1695 3144 et
1741 3089 1909 3145 Patre
1954 3090 2131 3161 Spiri-

475 3184 603 3235 tum
630 3183 931 3245 sanctum,
961 3182 1245 3249 tanquam
1278 3194 1347 3232 ex
1377 3176 1565 3249 primo
1597 3177 1885 3249 principio
1927 3195 2125 3250 proce-

475 3267 652 3324 dere?
682 3271 739 3324 et
768 3281 1148 3338 quascumque
1177 3264 1357 3321 habet
1389 3266 1591 3334 Filius,
1624 3283 1694 3321 ex
1724 3270 1893 3321 Patre
1924 3281 1993 3322 ea
2020 3267 2124 3322 ha-
2155 3251 2198 3317 C

474 3355 661 3411 bere?
691 3355 820 3426 Ipse
867 3370 1001 3409 vero
1051 3352 1186 3408 hinc
1232 3368 1451 3421 vereor,
1485 3369 1557 3408 ne
1605 3354 1736 3424 quis
1793 3359 1852 3409 et
1908 3372 2131 3411 meram

484 3443 893 3515 impotentiam
926 3441 1133 3495 divina:
1167 3441 1459 3513 potentias,
1492 3447 1551 3497 et
1579 3443 1705 3497 vita:
1746 3442 2129 3514 privationem

480 3532 634 3598 vitae,
669 3548 796 3604 qua:
827 3547 932 3603 per
960 3530 1218 3602 seipsam
1249 3530 1365 3585 vita
1413 3534 1520 3597 est,
1568 3536 1626 3586 et
1674 3548 1775 3601 per
1823 3548 1885 3586 se
1934 3532 2134 3588 subsi-

486 3621 695 3678 stentis
724 3620 900 3677 Verbi
934 3618 1505 3675 irrationabilitatem
1533 3620 1835 3685 attribuat,
1869 3620 1991 3677 haec
2038 3638 2133 3677 ea-

488 3711 622 3766 dem
679 3709 792 3767 sibi
847 3708 1103 3765 tribuere
1155 3708 1471 3764 Dominum
1526 3710 1884 3765 contendens
1947 3727 1960 3765 :
2019 3712 2137 3768 Non

484 3816 729 3872 possum,
778 3799 1090 3866 dicentem,
1144 3799 1327 3869 facere
1368 3813 1438 3853 ex
1482 3815 1568 3854 me
1615 3800 1731 3870 ipso
1777 3800 2137 3871 quidquam;

486 3892 544 3945 et
576 3905 589 3943 :
625 3894 733 3945 Per
790 3894 1017 3944 Patrem
1071 3889 1238 3954 vivo;
1292 3890 1370 3958 et,
1426 3888 1661 3942 Verbum
1710 3889 1851 3959 quod
1906 3891 2135 3962 auditis,

484 3994 599 4034 non
629 3982 710 4034 est
736 3994 945 4044 meum,
991 3977 1088 4033 sed
1115 3977 1252 4048 ejus,
1294 3978 1393 4047 qui
1435 3978 1592 4032 misit
1631 3994 1736 4044 me,
1767 3980 1974 4035 Patris.
2006 3979 2136 4036 Haec

484 4067 735 4124 Domino
766 4066 1109 4123 enuntiante
1138 4069 1374 4137 propter
1404 4065 1590 4121 Patris
1639 4065 1941 4135 honorem,
1975 4073 2032 4124 et
2060 4070 2131 4125 ad

480 4157 735 4229 primam
786 4171 1026 4211 causam
1076 4158 1432 4226 respectum,
1480 4158 1537 4210 et
1585 4171 1657 4210 ne
1703 4155 1971 4212 videatur
2018 4158 2132 4214 Deo

479 4245 795 4313 adversari,
839 4248 895 4300 et
951 4243 1067 4300 alia
1123 4242 1470 4299 auctoritate
1528 4260 1829 4300 sermones
1893 4263 2127 4303 serere:

480 4335 734 4405 Verbum,
769 4334 869 4404 ait,
900 4332 1041 4405 quod
1071 4332 1301 4401 auditis,
1331 4348 1441 4389 non
1481 4340 1562 4388 est
1608 4348 1809 4401 meum,
1840 4336 1941 4391 sed
1987 4337 2127 4407 ejus,

477 4425 574 4496 qui
599 4425 755 4479 misit
783 4439 887 4494 me,
923 4423 1128 4477 Patris.

544 4514 633 4569 21.
663 4511 924 4581 Ambigit
953 4511 1147 4567 nescio
1178 4509 1331 4582 quis,
1363 4526 1431 4564 ex
1462 4509 1535 4565 iis
1584 4510 1757 4567 etiam
1806 4512 1904 4582 qui
1955 4512 2127 4586 pleno

2152 1887 2201 1953 B

2220 596 2296 658 ὡς
2340 597 2400 651 ἂν
2441 600 2476 667 ἡ
2526 594 2767 660 ἔνστασις
2816 596 2905 652 ἐπὶ
2947 596 3114 653 πλέον
3167 593 3267 673 ἔχῃ
3308 596 3372 652 τὸ
3427 594 3621 672 βίαιον,
3648 592 3734 649 καὶ
3778 592 3844 648 εἶ-

2222 688 2409 760 ρήσθω
2455 687 2518 741 τὸ
2560 691 2780 761 Πνεῦμα
2834 687 2896 741 τὸ
2947 687 3098 763 ἅγιον
3160 684 3221 741 ἐκ
3277 689 3375 740 τοῦ
3432 684 3642 760 Πατρὸς
3700 681 3848 756 μόνου

2223 772 2672 849 ἐκπορευόμενον.
2720 777 2781 831 Τί
2830 779 2960 852 γοῦν
3005 773 3096 831 ὅτε
3140 775 3302 853 φησὶν
3350 775 3379 829 6
3427 773 3496 830 τὰ
3538 774 3654 828 θεῖα
3695 769 3852 833 πολὺς

2221 863 2535 927 Ἀθανάσιος
2585 864 2637 919 ἐν
2684 869 2764 937 τῷ
2812 865 2949 920 κατά
3000 865 3288 940 Ἀρειανῶν
3352 863 3584 940 πρώτῳ,
3629 860 3718 915 τὸν
3764 865 3857 915 Πα-

2222 953 2351 1028 τέρα
2395 954 2557 1026 μόνον
2606 953 2739 1009 εἶναι
2789 958 2886 1007 τοῦ
2937 951 3092 1028 ἁγίου
3139 952 3451 1026 Πνεῦματος
3499 950 3760 1027 χορηγὸν,
3803 946 3858 1003 οὗ

2226 1038 2473 1115 δώσομεν
2519 1047 2598 1114 τῷ
2643 1044 2755 1114 rh};
2802 1042 2864 1097 τὸ
2918 1042 3053 1096 εἶναι
3102 1045 3333 1118 χορηγῷ
3378 1043 3477 1096 τοῦ
3507 1039 3671 1094 αὐτοῦ
3708 1035 3860 1093 Πνεῦ-

2231 1150 2433 1201 ματος;
2484 1136 2547 1185 Ἢ
2608 1129 2731 1186 ὅταν
2793 1129 2929 1206 λέγῄ
2988 1132 3017 1185 6
3075 1129 3273 1206 Κύριος
3331 1128 3457 1205 περὶ
3513 1134 3613 1198 τῆς
3668 1126 3860 1201 ἡμέρας

2229 1219 2455 1290 ἐκείνης,
2504 1220 2538 1289 ἢ
2568 1227 2671 1290 τῆς
2720 1218 2865 1297 ὥρας
2921 1217 3127 1293 μηδένα
3175 1216 3390 1289 εἷδέναι,
3427 1214 3570 1291 μηδὲ
3611 1214 3735 1277 τοὺς
3779 1214 3860 1289 ἆγ-

2228 1307 2426 1381 γὲλους
2454 1313 2562 1363 τῶν
2593 1308 2856 1385 οὐρανῶν,
2890 1308 2936 1363 εἰ
2972 1310 3047 1382 μή
3077 1308 3169 1363 τὸν
3217 1307 3383 1363 αὐτοῦ
3430 1304 3642 1382 Πατέρα
3686 1301 3861 1376 μόνον,

2230 1396 2292 1451 οὐ
2341 1394 2587 1471 δώσομεν
2634 1398 2726 1452 καὶ
2766 1403 2847 1470 τῷ
2892 1397 3002 1470 fit]:
3044 1396 3247 1467 ταύτην
3284 1398 3385 1465 τήν
3437 1391 3735 1465 εἶ’ςησιν;ἢ
3782 1388 3862 1444 ὅτε

2229 1486 2366 1562 πρὸς
2414 1488 2503 1541 τὸν
2554 1486 2758 1563 πατέρα
2806 1485 2992 1565 φησὶν.
3022 1484 3170 1557 Αὕτη
3229 1483 3369 1539 ἐστὶν
3402 1486 3438 1553 ἡ
3469 1481 3691 1542 αἰώνιος
3736 1478 3858 1549 ζωὴ,

2223 1574 2313 1629 ’ίνα
2367 1576 2675 1651 γινώσκωσί
2734 1596 2791 1630 σε
2844 1575 2934 1630 τὸν
3016 1574 3179 1648 μόνον
3257 1570 3518 1643 ἀληθινὸν
3578 1570 3728 1638 Θεὸν,
3781 1565 3861 1621 καὶ

2229 1664 2287 1717 ὃν
2350 1662 2667 1727 ἀπέστειλας
2729 1664 2938 1733 Ἰησοῦν
2998 1662 3243 1738 Χριστὸν,
3303 1659 3404 1715 οὐκ
3462 1659 3688 1737 ἐροῦμεν
3745 1653 3861 1711 Θεὸν

2231 1751 2484 1823 ἀληθινὸν
2541 1754 2632 1808 τὸν
2692 1752 2955 1829 Χριστόν;
3010 1751 3111 1807 οὐκ
3154 1752 3383 1826 ἐροῦμεν
3447 1748 3578 1805 Θεὸν
3625 1742 3865 1816 ἀληθινὸν

2229 1841 2293 1895 τὸ
2326 1846 2546 1913 Πνεῦμα
2574 1842 2637 1897 τὸ
2673 1844 2864 1917 ἅγιον;
2913 1839 3070 1897 Ἀλλ’
3117 1839 3300 1916 ὥσπερ
3351 1838 3479 1894 ὅταν
3512 1838 3541 1893 6
3572 1836 3755 1909 Πατὴρ
3800 1831 3867 1887 εί-

2234 1928 2375 1985 δὲναι
2428 1930 2656 2005 λέγηται
2710 1931 2897 2006 μόνος,
2944 1930 3089 1986 πᾶσά
3154 1951 3238 1992 τις
3289 1927 3447 2004 ὲτέρα
3491 1930 3711 2004 γνῶσις,
3758 1942 3870 1978 ’ποθ’

2231 2019 2375 2075 τέστι
2425 2026 2531 2075 τῶν
2587 2026 2834 2097 γηγενῶν
2886 2020 3117 2096 ἐξαργεῖ.
3151 2018 3249 2074 Καὶ
3300 2017 3428 2073 ὅταν
3480 2016 3645 2082 μόνος
3693 2010 3870 2081 ἀληθι-

2232 2110 2322 2170 νὸς
2374 2118 2711 2187 μαρτορῆται
2761 2110 2912 2181 Θεὸς,
2964 2114 3070 2171 πᾶς
3106 2129 3192 2171 τις
3240 2107 3541 2185 ἑτεροφυὴς
3580 2104 3708 2165 Θεὸς
3756 2100 3874 2155 διπο⁹

2233 2200 2528 2271 πέμπεται,
2580 2200 2672 2254 τὸν
2726 2198 2883 2254 αὐτὸν
2933 2197 3161 2273 τρόπον,
3213 2196 3303 2251 καὶ
3365 2195 3458 2251 ὅτε
3514 2193 3661 2269 παρά
3717 2187 3869 2273 μόνου

2233 2270 2329 2343 τοῦ
2379 2289 2591 2363 Πατρὸς
2641 2287 2866 2364 λεχθείη
2916 2270 2978 2342 τό
3026 2291 3249 2360 Πνεῦμα
3308 2286 3699 2361 προέρχεσθαι,
3743 2270 3871 2364 ’πᾶσᾷ

2232 2399 2317 2441 τις
2367 2362 2905 2455 ἑτεροοῦσιοςηάρχή
2964 2376 3156 2453 πόῤῥω
3207 2374 3476 2454 φεύξεται.
3509 2373 3580 2427 Τὸ
3628 2370 3730 2445 γᾶρ
3789 2362 3871 2455 μό·

2235 2488 2345 2539 νον,
2402 2467 2504 2522 οὐκ
2559 2468 2610 2538 ἐξ
2685 2467 2920 2544 ἀνάγκης
2996 2471 3231 2520 ποιεῖται
3303 2461 3564 2539 διαίρεσιν
3623 2461 3730 2515 τῶν
3781 2454 3869 2521 τῆς

2235 2557 2490 2626 θεότητος
2551 2558 2916 2626 ὑποστάσεων,
2958 2556 3035 2617 ὡς
3095 2554 3253 2616 αὐτὸς
3312 2550 3482 2608 πάλιν
3539 2551 3568 2606 6
3615 2545 3869 2603 θειότατος

2235 2647 2554 2708 Ἀθανάσιος
2612 2645 2664 2700 ἐν
2714 2643 2956 2715 Διαλέξει
3000 2648 3070 2718 τῇ
3118 2643 3255 2720 πρὸς
3296 2644 3517 2719 ’Ἄρειον
3570 2633 3871 2694 ἀποδείκνυ-

2237 2756 2338 2792 σιν,
2391 2734 2576 2797 Οὕτως
2633 2734 2723 2789 οῦν
2782 2733 2908 2789 οὐδὲ
2958 2734 3023 2789 τὸ
3073 2732 3259 2788 αὐτοῦ·
3321 2726 3729 2805 διακρινητικὸν
3781 2720 3872 2797 γὰρ

2243 2822 2455 2897 μᾶλλον
2484 2823 2643 2879 τοῦτό
2675 2823 2837 2895 ἐστιν,
2857 2824 2893 2893 ἢ
2927 2819 3280 2899 διαιρετικόν.

2308 2915 2375 2969 κ’.
2428 2912 2493 2968 Εἴ
2545 2910 2695 2969 δοκεῖ
2742 2910 2801 2968 δὲ
2848 2911 3323 2988 συμπαρειλήφθω
3398 2909 3495 2965 καὶ
3551 2907 3635 2972 τὸ,
3696 2899 3872 2976 μόνου,

2236 3002 2326 3057 καὶ
2380 3004 2464 3072 τὸ)
2506 3002 2691 3058 αὐτοῦ·
2749 3001 2831 3065 τίς
2892 3001 2999 3078 οὐχ
3054 2998 3326 3075 ὁμολογεῖ
3378 3003 3491 3053 τῶν
3550 2989 3873 3078 φρονούντων

2239 3092 2437 3168 ὀρθῶς,
2489 3090 2540 3161 ἐξ
2588 3091 2754 3147 αὐτοῦ
2807 3072 2999 3164 μόνοῦ⁷
3031 3072 3128 3144 τοῦ
3195 3072 3331 3145 Θεοῦ
3401 3086 3495 3143 καὶ
3564 3072 3775 3157 Πατρὸς
3814 3072 3875 3168 τὸ

2238 3163 2458 3253 Πνεῦμα
2506 3179 2571 3235 τὸ
2618 3163 2815 3256 ἅγιον,
2845 3180 2922 3241 ὡς
2968 3177 3027 3234 ἐκ
3070 3177 3299 3253 πρώτης
3367 3176 3551 3253 ἀρχῆς
3613 3163 3875 3256 ἐκπορεύε-

2239 3250 2397 3339 σθαι,
2447 3269 2538 3323 καὶ
2585 3250 2903 3324 πάντανὸσα
2965 3265 3080 3344 ἔχει
3117 3250 3161 3322 '6
3212 3266 3357 3337 Υἱὸς,
3531 3264 3629 3317 τοῦ
3684 3250 3875 3344 Πατρὶς

2238 3362 2386 3413 ταῦτ’
2434 3355 2579 3433 ἔχειν
2638 3357 2797 3413 αὐτόν
2824 3377 2837 3427 ;
2867 3338 3115 3434 Ἐγῶνδὶ
3156 3356 3220 3411 τὸ
3270 3354 3468 3411 λοιπὸν
3520 3347 3759 3414 δύδοικα,
3808 3338 3873 3412 μή

2240 3468 2325 3509 τις
2373 3446 2462 3501 καὶ
2509 3446 2720 3502 τελείαν
2771 3444 3070 3519 ἀδυναμίαν
3107 3451 3209 3514 τῆς
3257 3447 3355 3499 τοῦ
3403 3445 3542 3499 Θεοῦ
3591 3435 3877 3519 δυνάμεως,

2241 3536 2332 3589 καὶ
2383 3540 2527 3605 ζωῆς
2578 3534 2807 3611 ἐρημίαν
2857 3516 2954 3605 τῆς
3000 3533 3302 3604 αὐτοζωῆς,
3350 3531 3443 3587 καὶ
3504 3524 3729 3603 ἀλογίαν
3792 3516 3877 3611 to?

2245 3607 2615 3679 éVUﬂOO'ta'TOU‘
2681 3607 2859 3700 Λόγου
2922 3622 3375 3700 καταψηφίσαιτο,
3458 3607 3880 3700 προσμαρτξιρεῖν

2243 3714 2335 3769 τὸν
2397 3713 2593 3789 Κύριον
2660 3695 2833 3786 ἑαυτῷ
2894 3695 3082 3768 ταῦτα
3130 3695 3564 3783 διατεινόμενος,
3613 3695 3886 3793 Οὐ,δύγαῖ

2250 3824 2367 3875 μαι,
2438 3799 2691 3877 λέγοντα,
2742 3808 2919 3857 ποιεῖν
2964 3801 3055 3855 ἀπ’
3108 3799 3345 3874 ἐμαυτοῦ
3412 3794 3592 3854 οὐδὲν·
3644 3786 3753 3860 καὶ,
3800 3786 3887 3886 Αξά

2244 3890 2335 3945 τὸν
2398 3891 2608 3967 Πατέρα
2670 3895 2765 3961 ζῶ·
2833 3890 2945 3964 καὶ,
3002 3891 3059 3944 Ὁ
3119 3887 3321 3963 Λόγος,
3378 3887 3437 3941 ’ὀν
3503 3880 3742 3947 ἀκούετε,
3798 3880 3890 3966 οοξ

2247 3979 2387 4035 ἔστιν
2456 3965 2606 4054 ἐμός,
2653 3978 2817 4035 ἀλλά
2852 3983 2949 4034 τοῦ
3015 3976 3334 4052 πέμψαντός
3391 3996 3463 4048 με
3511 3965 3755 4060 Πατρόςξ
3800 3965 3887 4060 τίξο

2244 4070 2444 4147 Κυρίου
2476 4051 2725 4146 λὲγοντος
2756 4066 2847 4123 διὰ
2888 4069 2985 4137 τὴν
3034 4051 3155 4123 τοῦθ
3182 4065 3393 4142 ΙΙατρὸς
3442 4064 3640 4137 τιμὴν,
3670 4051 3759 4147 διιᾷ
3800 4051 3889 4147 την

2244 4138 2414 4223 sic-“c6
2444 4138 2661 4237 πρῶτον
2712 4156 2882 4214 αἷίτιον
2915 4157 3205 4235 ἀναφορὰν,
3238 4138 3329 4211 διά
3371 4174 3431 4210 τε
3482 4152 3547 4209 τὸ
3598 4147 3675 4237 μῂ
3724 4138 3884 4195 δοκεῖν

2242 4250 2375 4305 εἶναι
2407 4233 2670 4321 ἀντίθεος,
2700 4247 2790 4303 καὶ
2821 4247 2895 4310 ὡς
2934 4233 3035 4302 ἀπ’.
3056 4242 3235 4316 ἄλλης
3273 4244 3423 4306 τινὸς
3477 4233 3719 4316 ἐξουσίας
3769 4241 3883 4321 ςποι·

2240 4344 2411 4403 εῖσοαι
2496 4314 2666 4401 τοὺς,
2713 4336 2933 4414 λόγους,
2992 4334 3076 4391 ὅτι
3134 4314 3198 4388 Ὀ-
3248 4332 3447 4409 Λόγος,
3510 4314 3569 4386 δν
3656 4314 3881 4414 ἀκούεξει

2239 4397 2349 4483 οὐκ*
2391 4426 2528 4482 ἔστιν
2588 4397 2742 4501 ἐμὸς,
3004 4428 3103 4480 τοῦ
3158 4397 3476 4497 πέμψαντός
3538 4436 3605 4493 με
3660 4397 3878 4501 ΙΙατρό-ςῐ

2309 4481 2810 4595 παἍἊμφιὲάλλει
2859 4536 2940 4577 τις
2988 4513 3137 4577 ὅλως
3182 4481 3300 4568 τῶνι
3350 4481 3475 4566 νοῦν
3525 4481 3779 4595 ἐχόντξον.
3822 4481 3877 4595 Τὶί

476 4606 705 4675 pectore
733 4571 993 4673 sapiunt,
1027 4571 1214 4671 quani
1258 4571 1331 4655 ob
1380 4616 1619 4655 causam
1679 4618 1713 4655 a
1769 4571 2124 4659 Patre‘dixit

2236 4602 2443 4676 δήποτε
2484 4571 2634 4681 παρά
2677 4609 2776 4660 τοῦ
2825 4571 3036 4680 Ιῐατρὸς
3105 4571 3318 4680 εἷ’ρηκεν
3385 4571 3768 4681 ἐκπορεύεσθαι
3817 4571 3874 4681 ’ξὸ

473 4691 760 4763 Spiritum
807 4689 1069 4745 veritatis
1117 4688 1449 4760 procedere,
1510 4705 1626 4743 non
1681 4690 1904 4745 addens
1956 4690 2123 4762 illud,

471 4794 578 4850 per
603 4797 709 4849 me,
745 4796 880 4836 cum
910 4786 1107 4834 tamen
1141 4777 1409 4847 Spiritum
1438 4779 1686 4833 veritatis
1731 4778 1952 4848 dicens,
1988 4797 2127 4852 pro-

474 4870 669 4942 prium
698 4870 790 4925 sui
818 4884 948 4924 esse
977 4866 1259 4939 Spiritum
1320 4871 1595 4922 sanctum
1646 4867 1951 4925 confessus
2000 4870 2077 4925 sit
2108 4889 2121 4927 :

470 4962 589 5033 Ego
613 4962 781 5025 enim,
815 4958 1028 5030 inquit,
1058 4974 1181 5013 sum
1218 4958 1446 5013 veritas.
1483 4961 1561 5012 De
1612 4958 1869 5029 proprio,
1923 4964 2121 5016 autem

468 5049 643 5104 verbo
699 5049 889 5120 quid?
941 5065 1055 5103 non
1113 5046 1275 5110 dicit,
1310 5046 1566 5115 Verbum
1626 5063 1822 5102 meum
1877 5065 1910 5103 a
1958 5049 2122 5106 Patre

468 5143 578 5205 est,
611 5138 711 5193 sed
768 5138 1014 5204 Verbum,
1049 5135 1199 5207 quod
1248 5135 1475 5199 auditis,
1509 5151 1620 5191 non
1667 5144 1746 5191 est
1791 5153 1996 5207 meum,
2028 5138 2122 5195 sed

461 5227 604 5296 ejus,
640 5228 736 5297 qui
782 5227 936 5281 misit
978 5240 1085 5290 me,
1115 5225 1325 5292 Patris.
1383 5222 1531 5288 Quid
1582 5223 1762 5296 igitur
1811 5225 2020 5282 fuisset
2068 5228 2117 5282 si

462 5312 747 5371 Dominus
779 5315 1043 5380 dixisset,
1076 5312 1332 5384 Spiritus
1364 5316 1607 5368 sanctus
1640 5330 1756 5369 non
1798 5317 1886 5369 est
1926 5332 2114 5384 meus,

459 5418 644 5471 neque
676 5404 936 5474 procedit
967 5418 1068 5475 per
1100 5418 1192 5457 me
1212 5401 1239 5455 ‘?
1294 5400 1361 5455 Et
1407 5388 1605 5456 tamen
1655 5402 1939 5459 candidas
1971 5422 2115 5475 pru-

458 5489 781 5563 dentesque
837 5508 1029 5561 aures,
1078 5507 1267 5562 neque
1323 5488 1418 5543 hic
1470 5505 1665 5544 sermo
1724 5490 2109 5563 vulnerasset,

463 5582 698 5653 prepter
725 5596 825 5639 eas
855 5597 1086 5651 causas,
1118 5596 1264 5653 quas
1294 5578 1672 5639 adduximus.

2237 4661 2461 4768 Πνεῦμα
2487 4661 2588 4764 τῆς
2620 4693 2903 4767 ἀληθείας,
2932 4661 2997 4749 τὸ
3023 4661 3115 4748 ⁷δι’
3147 4661 3282 4765 ἐμοῦ
3336 4690 3411 4764 μὴ
3457 4661 3739 4768 προσθεὶς-ξ
3770 4661 3877 4722 καθ

2231 4765 2394 4859 τοιγε
2425 4784 2488 4839 τὸ
2538 4788 2761 4857 Πνεῦμα
2805 4765 2906 4853 τῆξ
2970 4781 3250 4852 ἀληθείας,
3307 4779 3500 4852 εἷπὼν,
3553 4765 3743 4859 ἑαυτῷ

2239 4853 2578 4949 μαρτύρηκεν
2639 4853 2769 4927 εἶναι
2825 4874 2889 4927 τὸ
2956 4875 3180 4942 Πνεῦμα
3237 4869 3301 4923 τὸ
3359 4869 3539 4943 ἅγιον.
3593 4853 3735 4949 Ἐγὰξ
3766 4853 3874 4949 ,7?

2233 4931 2369 5036 ἐῖμίι,
2403 4931 2589 5040 ᾦηΙσὶν,
2619 4964 2655 5032 ἡ
2716 4961 2965 5032 ἀλήθεια.
3018 4931 3154 5036 Περὶ
3204 4955 3264 5013 δὲ
3306 4931 3418 5013 τοῦ.
3454 4931 3875 5040 eiulas-'16???

2686 5012 3123 5126 8;:Dvxt'6yo-c—6r
3148 5047 3281 5121 ἐμὸς
3330 5044 3478 5123 παρά
3522 5040 3625 5130 τοῦ
3674 5012 3872 5130 Πῇτ-ξίξξ

2375 5106 2384 5122 Ι
2501 5106 2513 5121 1
2617 5106 2656 5127 Α.
2976 5106 2987 5126 ⁸
3044 5106 3055 5112 ⁷
3179 5106 3189 5121 ³
3267 5106 3278 5111 ⁷
3410 5106 3420 5123 ³

2231 5106 2395 5214 ἐστίν,
2444 5139 2571 5195 ἀλλ’
2627 5140 2709 5195 ὅτι
2781 5142 2838 5193 '0
2896 5137 3082 5216 λόγος,
3141 5138 3201 5193 ’ὸν
3280 5135 3522 5205 ἀκούετε,
3569 5106 3870 5216 οᾷκέέστῃίῖ

3572 5211 3634 5270 τι

2226 5282 2457 5395 ἐγεγόνει
2514 5316 2730 5391 λοιπὸν,
2764 5316 2818 5373 si’
2861 5282 2978 5380 πῶς
3038 5282 3246 5391 εἶρήάει
3305 5316 3333 5369 6
3390 5282 3612 5397 KI69'VL9C:
3672 5282 3840 5397 ὅτε]

2224 5412 2447 5482 Πνεῦμα
2487 5408 2550 5463 τὸ
2596 5410 2749 5483 ἅγιον
2797 5407 2896 5462 οὐκ
2945 5405 3085 5461 ἔστιν
3135 5405 3288 5479 ἐμὸν,
3321 5402 3357 5473 ἢ
3389 5401 3489 5457 οὐκ
3535 5381 3867 5483 ἐκπορευεξσξξ

2224 5456 2447 5482 --"'i"-'
2498 5456 2547 5463 ⁷*
2598 5456 2743 5483 ⁷⁷⁸⁷⁷⁷
2802 5456 2896 5462 ⁷⁷⁷⁷
2946 5456 3077 5461 ""'
3138 5456 3288 5479 ἰ’-’ν’
3332 5456 3357 5473 7'
3402 5456 3441 5457 77
3673 5456 3682 5461 “

2224 5495 2292 5551 δι’
2350 5496 2486 5571 ἐμοῦ
2511 5516 2524 5565 ;
2588 5496 2839 5572 Καίτοιγε
2918 5496 3021 5565 τὴν
3102 5494 3419 5570 εὐγνώμονα
3489 5482 3591 5597 καὶ
3618 5566 3632 5588 ν
3654 5456 3865 5597 σενῖῇν

2232 5585 2245 5597 ι
2336 5587 2348 5597 ι
2486 5586 2499 5597 ι
2517 5582 2558 5597 λι
2636 5585 2662 5597 ν
2802 5586 2826 5597 ιι
2901 5586 2912 5597 ι
2970 5584 2990 5597 \
3024 5583 3036 5597 1
3302 5576 3382 5597 ὀἵ
3451 5582 3462 5597 Ι
3599 5591 3609 5597 .
3684 5574 3744 5597 ηε
3844 5565 3864 5580 ⁴

2221 5564 2389 5656 ἀκοὴν
2445 5564 2558 5642 οὐδ’
2601 5585 2757 5648 οὗτος
2790 5564 2859 5641 ’ἂν
2893 5586 2921 5641 6
2970 5583 3136 5663 λόγος
3177 5564 3528 5662 παρέϐλαψε,
3563 5566 3632 5628 δι’
3682 5564 3744 5618 ἃς
3789 5564 3864 5599 αι’

2218 5674 2335 5740 τίας
2367 5670 2813 5759 ἀποδιδωκαμεν.
3721 5669 3728 5677 ’
