4154 6420
360 382 479 449 357

431 518 538 594 κβ’.
588 522 718 580 Πῶς
775 514 823 572 δ’
882 512 1273 573 ἐπιϐάλλουσιν
1332 517 1734 595 εὐστοχώτατα,
1791 518 1882 573 καὶ
1939 522 2018 592 τῷ
2047 522 2101 590 Α

362 611 544 662 Πᾶσαν
602 604 748 663 δόσιν
809 607 1059 682 ἀγαθὴν,
1118 606 1210 661 καὶ
1285 613 1386 661 πᾶν
1469 604 1705 681 δώρημα
1756 605 2012 677 τέλειον,

361 691 564 759 ἄνωθεν
653 694 788 750 εἶναι
872 695 1020 772 παρά
1097 698 1196 750 τοῦ
1282 699 1391 751 τῶν
1459 696 1652 774 φώτων
1738 695 2013 773 Πατρός;

362 788 529 840 Φῶτα
581 782 837 860 λέγουσιν
890 783 1139 841 ἐνταυθοῖ
1167 785 1258 839 τὸν
1316 785 1459 857 Υἱὸν,
1517 783 1608 839 καὶ
1664 783 1730 840 τὸ
1771 787 2013 857 Πνεῦμα,

361 871 582 950 Πατέρα
630 870 688 928 δὲ
735 872 908 928 αὐτῶν
961 873 1053 928 τὸν
1103 872 1230 928 Θεὸν
1269 873 1345 947 μὴ
1395 872 1681 946 συνιέντες,
1722 872 1796 934 ὡς
1831 871 1876 927 εἰ
1909 878 2016 927 Πα-

360 963 467 1038 τηρ
493 966 592 1017 τοῦ
643 961 962 1036 ΙΙνεύματος
1014 962 1043 1016 6
1092 962 1240 1028 Θεὸς,
1291 960 1342 1032 ἐξ
1392 962 1635 1037 ἀνάγκης
1680 962 1743 1016 τὸ
1781 964 2018 1033 -Ιῐνεῦμα

363 1050 508 1113 Υἱός.
558 1052 616 1105 Ὃ
663 1052 855 1125 Πατὴρ
899 1051 1005 1127 γὰρ
1053 1050 1256 1126 κυρίως
1304 1051 1433 1104 Υἱοῦ
1487 1052 1698 1126 Πατήρ.
1749 1050 1849 1104 Καὶ
1896 1052 2015 1111 πῶς

364 1141 392 1194 6
442 1139 621 1216 Λόγος
675 1140 995 1215 μονογενὴς,
1050 1138 1097 1194 εἰ
1147 1138 1239 1193 καὶ
1284 1138 1346 1193 τὸ
1378 1143 1598 1212 Πνεῦμα
1658 1138 1776 1201 Υἱός
1810 1156 1824 1207 ;
1860 1135 2016 1193 Ἀλλ’

365 1227 547 1306 ὥσπερ
597 1229 790 1305 Πατὴρ
830 1232 939 1284 τῶν
991 1227 1291 1304 οἷκτίρμῶν
1325 1228 1353 1281 6
1382 1228 1532 1300 Θεὸς,
1585 1228 1659 1290 ὡς
1705 1227 1878 1291 αἶ’τιος
1926 1227 2017 1284 καὶ

365 1314 533 1393 δοτὴρ
565 1317 888 1394 οἰκτιρμῶν,
922 1315 1068 1372 οὕτω
1115 1315 1204 1372 καὶ
1254 1317 1448 1393 Πατὴρ
1495 1320 1603 1371 τῶν
1657 1316 1853 1395 φώτων
1905 1314 2016 1371 ἐστί

361 1427 421 1462 τε
448 1405 539 1462 καὶ
567 1405 910 1480 ὀνομάζεται.
964 1410 1130 1461 Φῶτα
1182 1402 1240 1460 δὲ
1280 1405 1473 1467 πάντες
1526 1406 1579 1460 οἱ
1627 1404 1686 1460 ἐκ
1726 1409 1861 1460 Θεοῦ
1909 1426 2017 1484 φω-

359 1493 572 1569 τισμοὶ,
619 1501 785 1550 πᾶσαι
834 1496 889 1549 αἱ
938 1492 1269 1568 ἐλλάμψεις,
1319 1495 1493 1549 πάντα
1539 1493 1605 1549 τὰ
1643 1492 1866 1569 οὐράνια
1913 1513 2019 1569 χα-

364 1584 620 1662 ρίσματα,
668 1583 760 1639 καὶ
810 1583 1038 1659 λαμπρὰ
1082 1588 1270 1655 ταῦτα,
1329 1583 1419 1637 καὶ
1475 1580 1649 1645 δόσεις
1709 1582 1839 1637 εἰσὶν
1892 1584 2019 1658 ἀγα-

362 1673 471 1746 θαὶ,
502 1671 593 1729 καί
623 1670 926 1748 δωρήματα
953 1671 1155 1744 τέλεια,
1186 1671 1400 1726 πάντων
1456 1669 1514 1727 δὲ
1560 1671 1766 1727 τούτων
1796 1671 2017 1747 γενὲτης

361 1762 453 1817 καὶ
501 1761 780 1839 παροχεὺς
828 1763 858 1817 6
908 1761 1060 1834 Θεὸς,
1115 1761 1216 1817 οὐκ
1262 1761 1568 1838 ἀνθρώποις
1631 1759 1816 1834 μόνον,
1874 1759 2021 1816 ἀλλὰ

361 1850 454 1907 καὶ
509 1856 629 1914 ταῖς
690 1849 1076 1929 ὑπερκοσμίοις
1134 1852 1362 1912 ἀπασαις
1423 1847 1701 1923 δυνάμεσι.
1753 1851 1871 1929 Χρὴ
1911 1849 2020 1905 τοί-

361 1961 455 1994 νυν
515 1924 831 2014 ἁπανταχοῦ
886 1946 987 2009 τῆς
1026 1942 1263 2017 ¹Γραιρῆς
1312 1945 1558 2017 προςφυῆ
1607 1943 1687 2011 τῷ
1916 1939 2015 2007 τὴν

364 2025 598 2084 διάνοιαν
677 2027 921 2099 ἐκζητεῖν
957 2071 970 2095 ,
1030 2026 1121 2082 καὶ
1196 2027 1610 2104 συνηρτημένην
1689 2028 1854 2101 ἑαυτῇ
1929 2028 2020 2082 καὶ

364 2115 726 2190 συνᾴδουσαν,
774 2116 864 2172 καὶ
910 2117 973 2172 τὸ
1023 2113 1195 2172 αἰίτιον
1244 2112 1413 2180 ὅντως
1461 2115 1634 2172 αἷίτιον
1680 2114 2023 2193 ἁρμοδιώτα-

358 2227 478 2277 τον,
508 2206 599 2261 καὶ
631 2207 706 2280 μὴ
737 2206 877 2274 πρὸς
922 2201 1139 2267 ἀνοδίας
1185 2204 1275 2260 καὶ
1304 2206 1582 2282 κρημνοὺς
1627 2205 2020 2277 ἐκτοπίζεσθαι,

367 2296 471 2365 τὴν
501 2294 707 2360 εὐθεῖαν
738 2293 936 2357 ἐῶντας
964 2293 1055 2349 καὶ
1087 2294 1327 2364 ἀπλανῆ.

439 2386 541 2461 κγ’.
581 2381 763 2440 Ἀλλὰ
806 2382 897 2438 καὶ
935 2382 996 2437 τὸ
1040 2379 1352 2438 τελευταῖον
1395 2382 1569 2439 αὐτῶν
1616 2383 1706 2439 καὶ
1758 2380 2023 2457 δυσάντη-

368 2494 486 2544 τον,
512 2469 658 2528 τόδε·
694 2476 823 2535 Πῶς
877 2471 924 2526 εἷ’
972 2469 1063 2526 διὰ
1093 2476 1192 2527 τοῦ
1242 2472 1370 2526 Υἱοῦ
1420 2473 1483 2528 τὸ
1521 2477 1744 2546 Πνεῦμα
1775 2472 1938 2543 ἐστὶν,
1998 2472 2026 2525 6

371 2562 539 2640 σοφὸς
596 2558 851 2631 Ἰωάννης
905 2560 1065 2639 φησὶν
1104 2605 1118 2630 ,
1177 2561 1272 2616 Ἐκ
1341 2566 1439 2616 τοῦ
1504 2562 1632 2616 Υἱοῦ
1687 2563 1750 2617 τὸ
1808 2565 2029 2635 Πνεῦμα

376 2653 456 2726 μὴ
514 2649 785 2727 λέγεσθαι,
843 2648 933 2705 καί
987 2648 1069 2704 ὅτι
1132 2649 1297 2722 μόνος
1358 2650 1531 2714 αἰτιος
1587 2653 1616 2706 6
1668 2650 2026 2728 Πατήρ;Εἷς

369 2739 537 2795 ταυτὸ
592 2739 698 2815 γὰρ
757 2737 1098 2814 συνάγουσιν,
1163 2739 1237 2801 ὡς
1292 2735 1458 2811 ἔοικε,
1515 2739 1578 2795 τὸ
1639 2738 1699 2795 ἐκ
1739 2744 1838 2795 τοῦ
1879 2740 2027 2811 Υἱοῦ,

370 2828 466 2883 καὶ
493 2828 580 2900 τὸ,
614 2824 685 2882 δι’
714 2828 861 2886 Υἱοῦ,
894 2830 1014 2883 Ὅτι
1068 2827 1161 2901 μὲν
1217 2825 1309 2882 οῦν
1340 2829 1368 2883 6
1417 2828 1598 2900 αὐτὸς,
1634 2829 1685 2884 εἷ’
1729 2828 1819 2884 καὶ
1848 2827 1907 2883 ἐκ
1931 2832 2030 2883 τοῦ

372 2916 596 2993 Πατρὸς
629 2914 745 2971 οἶδε
771 2917 835 2971 τὸ
867 2920 1112 2990 Πνεῦμα,
1142 2915 1289 2987 πλὴν
1343 2915 1490 2972 ἀλλᾶ
1539 2915 1610 2972 δι’
1657 2918 1807 2985 Υἱοῦ,
1858 2914 2027 2987 δῆλον

375 3004 431 3076 ἐξ
461 3006 534 3060 ὧν
596 3005 649 3060 ἐν
710 3003 905 3068 ἄλλοις
952 3004 1116 3084 φησὶν
1169 3004 1300 3061 αὐτὸ
1349 3008 1573 3080 Πνεῦμα
1624 3008 1774 3077 Υἲοῦ,
1818 3006 1927 3081 οὐχ
1955 3005 2032 3068 ὡς

375 3094 433 3165 ἐξ
462 3094 650 3168 αὐτοῦ,
698 3092 824 3149 ἀλλ’
874 3095 950 3157 ὡς
1000 3092 1070 3149 δι’
1119 3094 1288 3150 αὐτοῦ
1340 3094 1400 3150 ἐκ
1443 3099 1542 3150 τοῦ
1585 3096 1799 3169 Πατρὸς
1852 3094 1982 3150 ἐκπο
2012 3126 2035 3137 -

377 3183 695 3262 ρευόμενον,
757 3182 807 3256 ἐξ
868 3184 941 3238 ὧν
988 3204 1048 3239 τε
1104 3185 1240 3260 πρὸς
1290 3183 1484 3260 Κύριον
1542 3183 1593 3240 ἐν
1627 3185 1818 3259 ὕμνοις
1881 3185 1983 3260 βοᾷ
2015 3228 2028 3255 ,

1252 383 1356 448 DE
1397 386 1935 450 PROGESSIONE
1979 388 2044 451 S.
2090 383 2451 449 SPIRl'l‘US
2497 382 2789 447 OllA'l‘IO
2833 383 2884 443 Ι.

3655 380 3776 446 558

2199 520 2288 574 22.
2349 519 2649 583 Quomodo
2717 516 2895 572 etiam
2952 518 3103 572 recte
3176 515 3321 570 illud
3379 515 3702 587 conjiciunt
3761 532 3775 571 :

2128 608 2296 663 Omne
2325 607 2519 663 datum
2570 607 2790 677 bonum,
2824 614 2877 660 et
2897 621 3054 660 omne
3103 603 3306 660 don-um
3332 607 3635 676 perfectum
3684 604 3781 659 de—

2122 712 2293 769 super
2328 700 2406 752 est
2450 712 2523 752 ea:
2568 696 2734 750 Patre
2783 695 3106 748 luminum?
3134 692 3381 748 Lumina
3432 692 3527 748 hic
3572 697 3784 749 vocant

2126 782 2361 855 Filium,
2394 787 2451 839 et
2497 784 2801 857 Spiritum,
2849 781 3076 838 Patrem
3123 797 3258 837 vero
3307 797 3510 837 eorum
3557 781 3778 849 Deum;

2127 890 2232 929 nec
2284 873 2541 945 capiunt,
2576 872 2730 945 quod
2762 870 2812 927 si
2841 870 2996 926 Deus
3043 870 3297 942 Spiritus
3326 870 3498 927 Pater
3534 875 3645 941 est,
3679 885 3783 925 ne-

2126 963 2379 1018 cessario
2433 961 2687 1033 Spiritus
2716 964 2871 1016 esset
2901 958 3104 1027 Filius,
3137 959 3308 1014 Pater
3345 959 3503 1015 enim
3550 958 3782 1031 proprie

2125 1050 2253 1106 Filii
2302 1054 2509 1122 pater:
2544 1054 2602 1106 et
2643 1049 2934 1122 quomodo
2984 1047 3244 1104 Verbum
3293 1047 3681 1120 unigenitum,
3727 1046 3779 1103 si

2125 1139 2380 1212 Spiritus
2397 1139 2574 1195 etiam
2599 1138 2779 1194 Filius
2802 1141 2892 1194 est
2911 1138 2939 1192 ?
2958 1138 3064 1193 Sed
3089 1136 3589 1209 quemadmodum
3610 1136 3780 1192 Pater

2127 1228 2575 1284 miserationum
2624 1227 2778 1284 Deus
2825 1231 2938 1294 est,
2984 1225 3161 1282 veluti
3212 1242 3392 1281 causa
3451 1224 3776 1300 miseratio-

2127 1333 2294 1385 num,
2327 1321 2384 1373 et
2430 1318 2619 1383 dator,
2652 1316 2737 1372 sic
2778 1320 2835 1372 et
2864 1316 3034 1371 Pater
3060 1314 3353 1370 luminum
3398 1317 3507 1380 est,
3545 1317 3603 1369 et
3641 1312 3780 1369 dici-

2126 1412 2224 1461 tur
2281 1422 2295 1461 :
2357 1406 2609 1462 Lumina
2662 1422 2795 1461 vero
2848 1404 3130 1461 universa:
3197 1402 3656 1460 illuminationes
3713 1417 3783 1458 ex

2127 1495 2267 1561 Deo,
2327 1495 2610 1550 universae
2678 1493 3123 1561 illustrationes,
3181 1491 3455 1548 universa
3527 1490 3784 1548 coelestia

2130 1601 2394 1654 munera,
2430 1590 2487 1640 et
2531 1582 2808 1655 praeclara
2839 1598 3105 1655 quaaque,
3159 1582 3295 1637 data
3335 1585 3476 1637 sunt
3524 1580 3696 1651 bona,
3728 1582 3785 1635 et

2130 1674 2281 1729 dona
2338 1673 2589 1745 perfecta
2641 1691 2654 1740 ;
2715 1688 3035 1743 eorumque
3092 1670 3355 1727 omnium
3423 1668 3671 1742 genitor,
3728 1670 3788 1724 et

2128 1761 2406 1835 elargitor
2435 1762 2590 1818 Deus
2631 1777 2747 1816 non
2776 1760 3116 1817 hominibus
3144 1762 3399 1827 tantum,
3434 1758 3535 1814 sed
3581 1774 3783 1830 super-

2130 1852 2446 1907 mundanis
2502 1850 2778 1907 omnibus
2835 1849 3172 1905 virtutibus.
3224 1846 3529 1903 Sententia
3582 1845 3786 1917 itaque

2129 1940 2274 1996 locis
2304 1940 2364 1995 in
2414 1940 2688 1996 omnibus
2719 1956 2896 1995 sacrae
2943 1938 3257 2009 Scripturae
3286 1936 3441 1991 dicto
3479 1951 3741 1991 consona
3770 1960 3786 2004 ;

2129 2033 2187 2086 et
2232 2029 2584 2102 sibimetipsi
2634 2028 2953 2099 cohaerens,
2986 2027 3486 2098 respondensque,
3517 2029 3574 2080 et
3603 2039 3784 2079 causa

2130 2134 2265 2174 vere
2295 2134 2495 2186 causa,
2529 2116 3108 2187 familiarissimaque
3137 2113 3449 2186 quarenda
3477 2117 3588 2180 est,
3620 2112 3789 2167 dede-

2133 2211 2341 2279 cetque
2406 2210 2622 2263 rectam
2708 2206 2861 2262 viam
2916 2204 3389 2275 inerrantemque
3454 2202 3788 2258 deserentes

2136 2298 2207 2353 ad
2260 2300 2574 2369 praerupta,
2632 2295 3095 2366 confragosaque
3152 2291 3547 2364 nosmetipsos
3602 2290 3787 2361 conji-

2136 2401 2284 2441 cere.

2208 2475 2299 2529 23.
2334 2477 2698 2529 Postremum
2729 2472 3088 2538 earumdem,
3117 2488 3183 2526 ac
3225 2469 3399 2542 plane
3430 2468 3669 2526 difficile
3697 2485 3793 2525 ar-

2139 2566 2489 2636 gumentum
2543 2566 2633 2617 est
2664 2578 2679 2616 :
2709 2560 3009 2624 Quomodo
3041 2560 3090 2615 si
3140 2576 3241 2631 per
3277 2558 3489 2615 Filium
3538 2557 3795 2630 Spiritus

2140 2657 2378 2707 sanctus
2409 2656 2517 2717 est,
2547 2649 2784 2722 sapiens
2812 2649 3070 2705 Joannes
3097 2648 3291 2720 inquit
3322 2665 3335 2703 :
3371 2651 3459 2704 Ea:
3485 2648 3625 2703 Filio
3663 2646 3792 2719 Spi-

2139 2742 2314 2797 ritum
2342 2756 2453 2795 non
2481 2739 2613 2808 dici,
2644 2743 2700 2794 et
2748 2740 2977 2794 Patrem
3006 2738 3188 2793 solum
3214 2754 3443 2792 causam
3471 2752 3602 2793 esse.
3635 2735 3795 2792 Idem

2141 2829 2298 2887 enim
2344 2832 2567 2894 rentur,
2602 2833 2668 2884 ut
2714 2832 2976 2900 apparet,
3007 2844 3076 2883 ex
3123 2825 3287 2895 Filio,
3320 2831 3378 2882 et
3406 2842 3510 2897 per
3557 2823 3792 2881 Filium.

2139 2919 2422 2975 Joannem
2474 2918 2673 2988 itaque
2702 2915 2836 2972 licet
2866 2933 2932 2972 ex
2963 2921 3133 2971 Patre
3176 2915 3459 2988 Spiritum
3492 2913 3669 2983 dicat,
3702 2913 3795 2968 ni—

2143 3007 2461 3063 hilominus
2511 3022 2613 3078 per
2642 3004 2848 3061 Filium
2883 3004 3209 3078 agnovisse,
3242 3021 3310 3059 ex
3356 3002 3475 3059 illis
3504 3019 3631 3074 qua;
3662 3000 3793 3058 aliis

2142 3096 2203 3152 in
2232 3095 2376 3151 locis
2425 3095 2588 3161 dicit,
2616 3094 2927 3150 manifesto
2977 3092 3326 3165 colligimus.
3357 3092 3621 3163 Namque
3660 3089 3797 3162 Spi-

2142 3185 2320 3241 ritum
2353 3186 2435 3241 ait
2469 3184 2595 3239 Filii
2626 3200 2741 3239 non
2790 3187 3069 3255 tanquam
3101 3199 3171 3238 ex
3200 3181 3350 3255 ipso,
3382 3181 3483 3237 sed
3514 3184 3798 3251 tanquam

376 3259 572 3329 Ἶλεων
629 3273 818 3346 νὲμοις
873 3274 1011 3345 ἡμῖν
1087 3259 1315 3346 Πνεῦμα
1373 3259 1737 3346 νμεταδοτικὸν
1812 3259 1976 3349 ἀγαθό
2005 3305 2028 3314 -

2147 3292 2249 3348 per
2278 3275 2472 3347 ipsum
2503 3291 2572 3330 ex
2604 3274 2767 3329 Patre
2796 3272 3202 3345 procedentem
3228 3288 3241 3339 ;
3276 3276 3402 3327 tum
3430 3286 3500 3325 ex
3530 3267 3802 3340 illis,qui-

372 3382 545 3431 τητος
578 3407 593 3432 ,
654 3360 716 3416 ἐκ
770 3361 987 3436 Πατρὸς
1048 3357 1137 3415 διὰ
1193 3365 1289 3415 σοῦ
1346 3362 1755 3438 προερχόμενον
1794 3407 1806 3419 .
1867 3362 2035 3436 Λὲγο-

381 3471 479 3526 μεν
535 3447 593 3505 δὲ
622 3449 714 3505 καὶ
743 3452 927 3523 ἡμεῖς’
980 3449 1056 3512 ὡς
1104 3448 1204 3505 οὐκ
1254 3449 1314 3505 ἂν
1366 3448 1427 3505 ἐκ
1469 3455 1567 3506 τοῦ
1598 3451 1727 3505 Υὶοῦ
1764 3471 2037 3528 προηγου-

381 3540 560 3614 μένως
581 3536 806 3613 λεχθείη
835 3538 900 3593 τὸ
930 3542 1154 3613 Πνεῦμα
1182 3538 1244 3593 τὸ
1294 3539 1471 3615 ἅγιον,
1519 3537 1645 3595 ἀλλ’
1678 3538 1737 3594 ἐκ
1776 3543 1873 3594 τοῦ
1923 3544 2036 3595 Πα-

375 3627 511 3705 τρὸς
566 3624 656 3683 διὰ
682 3631 781 3682 τοῦ
838 3626 1012 3682 Υἷοῦ·
1071 3629 1253 3704 χρεὼν
1310 3628 1415 3704 γὰρ
1482 3627 1872 3702 ὁμολογεῖσθαι
1937 3628 2036 3696 τήν

381 3716 664 3793 ΙΙατρικήν
737 3714 1058 3771 ὑπόσταστιν
1090 3759 1104 3785 ,
1161 3714 1342 3792 ἀρχὴν
1415 3717 1505 3771 καὶ
1562 3716 1737 3772 αἰτίαν
1798 3716 1886 3772 καὶ
1942 3720 2039 3771 τοῦ

379 3806 512 3860 Υἱοῦ
540 3805 629 3861 καὶ
669 3808 768 3860 τοῦ
817 3803 1135 3878 ῙΙνεόματος
1185 3803 1372 3863 αὐτοῦ.
1424 3805 1602 3869 Μόνος
1655 3805 1758 3882 γὰρ
1805 3801 1977 3867 αἷίτιος
2011 3805 2039 3858 6

383 3895 598 3971 Πατὴρ,
632 3894 724 3950 καὶ
776 3893 876 3949 οὐκ
931 3893 991 3948 ἃν
1053 3890 1138 3964 εἴη
1199 3891 1371 3949 αἶ’τιον
1427 3893 1655 3971 ἀρχικὸν
1705 3895 1734 3948 6
1783 3894 1930 3966 Υἱὸς,
1964 3895 2037 3948 ὧν

382 3981 717 4045 αὖτοιαίτιος
768 3983 796 4037 6
856 3984 1068 4053 Πατήρ.
1123 3981 1259 4039 Μίαν
1308 3984 1411 4059 γὰρ
1461 3985 1641 4059 ἀρχὴν
1686 3985 1776 4038 τὸν
1831 3983 2043 4059 Πατέρα

379 4072 476 4128 τὸν
535 4073 769 4149 ἄναρχον
834 4069 1234 4148 δογματίζομεν
1286 4073 1376 4127 καὶ
1423 4072 1650 4135 κτίσεως
1712 4072 1801 4128 καὶ
1850 4071 2039 4142 θεότη-

381 4182 502 4229 τος,
532 4168 634 4231 τῆς
665 4160 892 4223 κτίσεως
935 4169 1255 4234 ποιητικήν,
1306 4163 1537 4239 φυσικὴν
1586 4169 1690 4232 τῆς
1745 4161 2001 4232 θεότητος
2028 4204 2040 4217 .

384 4251 445 4303 Ὃ
478 4250 573 4324 μὲν
621 4247 711 4305 οῦν
760 4249 819 4304 ἐκ
864 4254 962 4304 τοῦ
1007 4251 1136 4305 Υἱοῦ
1180 4251 1244 4306 τὸ
1292 4254 1513 4323 Πνεῦμα
1556 4249 1767 4327 λέγων,
1811 4249 2041 4324 ὑποψίαν

385 4340 618 4415 παρέχει
655 4342 777 4413 τοῦ,
828 4338 920 4394 τὸν
978 4339 1098 4394 Υἱὸν
1159 4337 1503 4416 δογματίζειν
1555 4336 1753 4415 ἔχοντα
1799 4339 1860 4395 τὸ
1915 4359 2046 4412 προσ

388 4423 676 4498 ϐλητικὸν,
708 4427 783 4489 ὡς
814 4427 842 4481 6
876 4429 1070 4501 Πατὴρ
1099 4429 1163 4483 τὸ
1209 4428 1550 4503 γεννητικόν.
1598 4428 1697 4483 Καὶ
1746 4425 1836 4483 διὰ
1883 4432 2047 4483 τοῦτο

388 4538 551 4596 φησιν
613 4517 642 4572 6
701 4521 845 4580 οεῖος
912 4516 1071 4580 οὗτος
1128 4516 1306 4591 ἀνὴρ,
1368 4517 1452 4573 ὅτι
1512 4519 1606 4573 Ἐκ
1653 4522 1751 4573 τοῦ
1801 4518 1927 4575 Υἱοῦ
1983 4516 2047 4572 τὸ

2147 3365 2258 3421 bus
2305 3364 2376 3418 ad
2426 3362 2737 3418 Dominum
2786 3362 2844 3416 in
2892 3361 3128 3435 hymnis
3177 3358 3438 3415 clamat:
3487 3358 3802 3430 Propitium

2147 3453 2411 3509 exhibeas
2438 3453 2598 3508 nobis
2625 3451 2922 3523 Spiritum,
2954 3451 3050 3521 qui
3081 3450 3385 3506 bonitatem
3413 3448 3700 3517 elargitur,
3732 3461 3802 3501 ea:

2147 3549 2317 3599 Patre
2357 3558 2464 3613 per
2511 3550 2564 3597 te
2608 3539 3007 3612 procedentem.
3039 3539 3155 3595 Nos
3200 3554 3433 3610 quoque
3482 3534 3801 3592 asserimus

2149 3648 2452 3703 nunquam
2481 3646 2548 3685 ex
2576 3628 2719 3685 Filio
2745 3628 3154 3684 antecedenter
3182 3627 3296 3683 dici
3327 3642 3499 3699 posse
3519 3625 3802 3698 Spiritum

2150 3726 2439 3787 sanctum,
2473 3719 2573 3776 sed
2623 3734 2691 3774 ex
2716 3722 2885 3774 Patre
2916 3733 3019 3789 per
3066 3715 3276 3772 Filium
3307 3734 3321 3784 ;
3353 3730 3608 3787 namque
3639 3729 3799 3770 asse-

2151 3810 2333 3866 renda
2360 3811 2450 3864 est
2497 3806 2744 3863 Paterna
2771 3805 3105 3879 hypostasis
3134 3805 3491 3878 principium
3534 3808 3591 3860 et
3622 3818 3802 3859 causa

2150 3903 2208 3954 et
2238 3896 2366 3954 Filii
2396 3901 2455 3952 et
2503 3896 2692 3969 ipsius
2721 3895 2995 3968 Spiritus.
3026 3893 3193 3950 Solus
3224 3897 3377 3949 enim
3428 3893 3594 3949 Pater
3621 3908 3801 3948 causa

2151 3991 2260 4056 est,
2294 3985 2593 4057 Filiusquc
2640 4000 2940 4056 nunquam
2974 3983 3200 4039 dicetur
3243 3982 3434 4055 prima
3483 3998 3662 4038 causa
3707 3998 3802 4037 eo-

2152 4092 2284 4131 rum
2333 4090 2582 4147 quorum
2630 4073 2760 4145 ipsa
2802 4090 2982 4129 causa
3032 4073 3202 4128 Pater
3250 4075 3356 4126 est.
3404 4069 3598 4126 Unum
3644 4068 3803 4125 enim

2154 4163 2512 4238 principium
2559 4163 2808 4227 Patrem,
2842 4162 2945 4234 qui
2975 4161 3102 4217 sine
3153 4159 3441 4233 principio
3467 4163 3575 4224 est,
3608 4159 3805 4215 decer-

2155 4253 2372 4320 nimus,
2432 4256 2490 4308 et
2568 4256 2866 4318 creaturae,
2924 4255 2982 4306 et
3055 4248 3401 4315 divinitatis,
3478 4246 3807 4302 effectivum

2155 4346 2456 4410 creaturas,
2488 4340 2813 4395 divinitatis
2862 4338 3150 4395 naturale.
3183 4337 3291 4401 Qui
3338 4338 3536 4409 itaque
3565 4353 3631 4392 ex
3665 4334 3808 4391 Filio

2157 4431 2439 4504 Spiritum
2488 4429 2722 4500 astruit,
2771 4429 3166 4501 suspicionem
3214 4427 3423 4499 injicit,
3470 4442 3543 4480 ne
3595 4424 3809 4480 Filium
3884 4497 3891 4502 .

2158 4524 2384 4578 asserat
2411 4518 2530 4575 vim
2586 4518 2944 4589 producendi
2975 4518 3034 4572 in
3066 4532 3130 4573 se
3161 4516 3395 4581 habere,
3429 4515 3810 4587 quemadmo-

391 4609 614 4679 Πνεῦμα
657 4603 719 4660 οὐ
771 4603 1037 4693 λὲγομεν.
1096 4607 1152 4659 Ὃ
1210 4603 1269 4661 δὲ
1325 4603 1498 4683 λέγων
1562 4606 1621 4662 ἐκ
1675 4611 1772 4662 τοῦ
1831 4607 2046 4683 Πατρὸς

2160 4610 2300 4665 dum
2337 4609 2517 4664 habet
2545 4608 2713 4663 Pater
2740 4607 2855 4663 vim
2906 4605 3245 4679 generandi.
3275 4605 3702 4693 Proptereaque
3731 4601 3816 4657 di-

386 4694 453 4749 τὸ
513 4697 735 4767 Πνεῦμα
766 4690 856 4748 διὰ
909 4699 1007 4749 τοῦ
1066 4693 1215 4766 Υἱοῦ,
1272 4693 1570 4771 προδήλως
1631 4695 1918 4772 ὁμολογεῖ,
1957 4696 2047 4751 τὸν

391 4781 604 4858 Πατέρα
656 4781 822 4855 μόνον
879 4780 1050 4838 αἶ’τιον
1098 4783 1233 4838 εἶναι
1279 4791 1382 4853 τῆς
1434 4789 1531 4840 τοῦ
1587 4785 1901 4859 Πνεῦματος
1962 4783 2050 4840 ἐκ·

393 4869 727 4947 πορεύσεως.
774 4872 957 4928 Πάντα
983 4872 1086 4949 γὰρ
1126 4870 1225 4927 ὅσα
1270 4870 1386 4949 ἔχει
1437 4874 1465 4928 6
1517 4875 1661 4947 Υἱὸς,
1714 4874 1887 4935 οὕτως
1935 4870 2051 4949 ἔχει

396 4953 583 5013 λαϐὼν
636 4958 770 5015 αὐτὰ
812 4961 960 5036 παρὰ
1009 4965 1107 5016 τοῦ
1154 4963 1386 5037 Πατρὸς,
1442 4961 1722 5026 οὐσιωδῶς
1772 4958 2054 5034 δηλονότι,

397 5046 488 5103 καὶ
520 5053 780 5126 φυσικῶς,
802 5049 879 5112 ὡς
910 5048 1114 5126 κυρίως
1147 5051 1268 5113 Υἱὸς
1299 5050 1359 5106 ἐκ
1381 5051 1583 5128 κυρίως
1606 5053 1840 5129 ΙΙατρὸς.

472 5312 572 5373 κδ’.
609 5315 671 5371 Εἰ
704 5314 880 5373 δὲκαὶ
922 5323 1002 5391 τῷ
1053 5320 1184 5396 ἱερῴ
1229 5314 1510 5393 Συμϐόλῳ
1561 5323 1662 5390 τῆς
1694 5319 1923 5381 πίστεως
1964 5319 2064 5375 οὐκ

403 5402 861 5483 ἔμπεριείληπται
909 5407 974 5463 τὸ
1034 5406 1104 5463 δι’
1154 5410 1279 5463 Υἱοῦ
1335 5410 1398 5463 τὸ
1430 5413 1654 5483 Πνεῦμα
1706 5410 1769 5464 τὸ
1822 5410 1971 5484 ἅγιον
2005 5408 2065 5463 ἐκ

401 5497 500 5547 τοῦ
559 5495 769 5571 Πατρὸς
828 5495 1235 5574 ἐκπορεύεσθαι,
1303 5498 1564 5571 θαυμάζει
1626 5497 1688 5553 οὐ
1741 5500 1853 5573 χρή
1893 5540 1905 5553 .
1966 5498 2062 5552 Καὶ

402 5576 562 5661 ἕτερα
614 5585 717 5663 γὰρ
775 5590 880 5640 τῶν
940 5586 1244 5662 ἀναγκαίων
1300 5587 1361 5641 οὐ
1420 5586 1664 5663 περιέχει
1721 5588 1786 5641 τὸ
1840 5581 2062 5658 Σύμϐο-

408 5669 529 5768 λον,
573 5673 663 5734 καὶ
704 5675 769 5733 τὸ
818 5672 885 5751 δὴ
938 5675 1383 5755 ἀναγκαιότατον,
1430 5675 1607 5734 ὅτιτὸ
1657 5676 1812 5762 ἅγιον
1841 5679 2061 5759 Πνεῦμα

2159 4699 2335 4755 vinus
2362 4696 2459 4752 hic
2487 4697 2574 4752 vir
2620 4697 2702 4752 ait
2737 4721 2750 4750 :
2784 4697 2867 4751 Ex
2895 4694 3048 4751 Filio
3082 4695 3354 4765 Spiritum
3398 4708 3511 4748 non
3557 4691 3812 4746 dicimus.

2163 4787 2271 4854 Qui
2325 4803 2459 4841 vero
2490 4786 2633 4841 dicit
2678 4784 2958 4857 Spiritum
2990 4801 3059 4840 ex
3104 4784 3273 4838 Patre
3301 4797 3406 4853 per
3458 4779 3690 4850 Filium,
3721 4795 3819 4850 pa-

2165 4877 2281 4933 lam
2332 4876 2546 4931 fatetur
2576 4879 2806 4930 Patrem
2837 4872 3025 4929 solum
3060 4887 3295 4928 causam
3344 4886 3472 4925 esse
3505 4866 3820 4942 processio-

2167 4967 2260 5022 nis
2309 4964 2581 5036 Spiritus.
2630 4964 2999 5033 Quaecunque
3057 4960 3211 5017 enim
3264 4959 3443 5014 habet
3490 4958 3692 5028 Filius,
3739 4955 3824 5011 ita

2167 5055 2344 5110 habet
2394 5059 2455 5107 ut
2484 5052 2774 5124 accipiens
2821 5067 2890 5106 ea
2929 5068 2963 5105 a
2993 5050 3184 5114 Patre,
3236 5046 3626 5104 essentialiter
3672 5044 3826 5101 scili-

2168 5148 2282 5211 cet,
2339 5145 2397 5197 et
2457 5138 2822 5208 naturaliter,
2885 5143 3168 5210 tanquam
3230 5137 3465 5210 pr0prie
3527 5134 3706 5190 Filius
3756 5149 3826 5189 ex

2170 5230 2403 5304 prOprie
2435 5230 2621 5285 Patre.

2240 5321 2331 5375 24.
2383 5319 2623 5375 Etiamsi
2683 5334 2817 5374 vero
2867 5317 2927 5371 in
2976 5333 3141 5372 sacro
3210 5313 3482 5387 Symbolo
3531 5311 3664 5368 fidei
3711 5327 3828 5367 non

2173 5407 2704 5481 comprehendatur
2753 5421 2855 5477 per
2904 5405 3114 5461 Filium
3161 5403 3435 5476 Spiritum
3487 5406 3757 5458 sanctum
3797 5416 3833 5454 a

2175 5504 2339 5554 Patre
2386 5496 2718 5569 procedere,
2748 5510 2863 5549 non
2896 5499 3004 5563 est,
3037 5510 3142 5549 cur
3190 5493 3566 5548 admiremur.
3603 5490 3745 5547 Nam
3776 5494 3836 5544 et

2175 5587 2291 5643 alia
2322 5603 2391 5642 cx
2443 5582 2794 5640 necessariis
2825 5582 3169 5656 Symbolum
3200 5598 3316 5637 non
3367 5580 3646 5646 continet,
3679 5583 3737 5633 et
3774 5577 3835 5632 id

2176 5675 2334 5754 quod
2382 5673 2636 5734 maxime
2662 5671 2926 5735 omnium
2975 5669 3377 5731 necessarium
3408 5672 3517 5743 est,
3550 5666 3836 5744 Spiritum
