4154 6422
437 390 556 453 559

1697 391 2118 454 NICEPHORI
2164 386 2603 454 BLEMMIDIE

3725 380 3878 458 Μ’

431 522 656 579 scilicet
702 527 973 580 sanctum
1006 527 1188 580 Deum
1237 539 1388 593 esse,
1419 524 1685 595 ejusdem
1731 540 1865 579 eum
1915 524 2080 580 Patre

2195 522 2348 593 Θεὸς,
2408 522 2498 576 καὶ
2539 519 2835 596 ὁμοούσιον
2867 525 2946 594 τῷ
2976 518 3149 598 ῙῙατρί
3176 542 3236 578 τε
3264 519 3354 578 καὶ
3399 526 3478 595 τῷ
3512 522 3638 596 Υίῷ.
3670 524 3761 578 Διὰ
3784 526 3833 580 τί

430 615 489 668 et
514 611 657 669 Filio
704 613 991 668 essentiae.
1024 618 1269 685 Propter
1297 613 1438 686 quid
1489 613 1646 669 enim
1677 612 1887 669 Filium
1920 629 2078 669 asse-

427 704 591 756 verat
635 700 739 757 Dei
769 700 1005 771 Filium,
1036 705 1092 756 et
1121 706 1258 757 ante
1306 701 1520 758 saecula
1567 702 1765 757 omnia
1812 702 2080 775 genitum

429 805 501 845 ex
527 789 718 855 Patre,
752 806 940 861 neque
990 789 1100 845 hoe
1132 789 1349 857 solum,
1380 791 1481 846 sed
1519 790 1702 847 Deum
1749 808 1955 846 rursus
1986 808 2081 847 ve-

430 894 586 945 rum,
619 881 677 934 et
709 878 858 933 Patri
890 878 1567 945 consubstiantialem,et
1598 881 1669 935 de
1701 880 1918 951 Spiritu
1954 896 2085 935 san-

431 971 523 1023 cto
576 965 721 1021 nihil
782 967 897 1022 tale
945 968 1320 1039 prosequitur
1360 986 1373 1037 ;
1425 968 1524 1023 sed
1577 973 1781 1041 postea
1828 984 1963 1023 cum
2012 969 2083 1023 de

430 1054 594 1111 illius
642 1057 897 1111 essentia
928 1062 985 1111 et
1038 1056 1341 1111 divinitate
1372 1057 1539 1111 multi
1587 1057 1837 1113 fuissent
1877 1057 2082 1129 agitati

430 1160 754 1214 sermones,
806 1148 932 1199 tum
981 1146 1292 1200 Dominum
1362 1146 1556 1218 ipsum
1607 1151 1791 1208 vocat.
1842 1151 1899 1201 et
1945 1161 2080 1200 cum

425 1234 618 1301 Patre,
650 1238 706 1290 et
738 1234 881 1290 Filio
932 1235 1109 1289 simul
1141 1235 1394 1305 adorari,
1427 1240 1483 1291 et
1525 1234 1949 1308 congloriﬁcari
1978 1235 2079 1289 de-

423 1322 622 1379 clarat.
656 1326 861 1379 Annon
917 1324 1125 1379 exinde
1147 1325 1274 1395 jam
1333 1322 1639 1381 manifeste
1669 1323 2083 1379 confitebimur

418 1412 699 1484 Spiritum
732 1415 1001 1467 sanctum
1034 1412 1217 1468 Deum
1248 1414 1424 1468 esse?
1452 1414 1726 1481 etiamne,
1744 1412 1792 1468 si
1825 1412 2080 1468 consub-

420 1500 756 1557 stantialem
809 1501 1196 1573 praedicemus
1228 1500 1369 1571 illis,
1405 1503 1758 1573 quibuscum
1802 1502 2082 1557 adoretur

420 1593 479 1645 et
527 1588 1018 1661 congloriﬁcatur,
1072 1591 1143 1646 de
1191 1589 1468 1646 innovata
1514 1590 1647 1646 fidei
1720 1590 2081 1662 professione

411 1678 705 1750 judicium
764 1679 1148 1734 subibimus?
1178 1683 1236 1735 et
1292 1679 1425 1751 quis
1484 1697 1640 1735 sanie
1698 1679 1913 1735 mentis
1971 1679 2080 1735 hoc

421 1767 681 1823 dixerit?
704 1767 822 1823 Hoc
870 1767 1053 1839 igitur
1084 1768 1255 1824 modo
1287 1768 1434 1824 nihil
1466 1773 1676 1841 praeter
1705 1770 1793 1824 fas
1824 1785 2077 1824 morem-

2189 613 2292 686 γὰρ
2321 612 2413 665 τὸν
2465 612 2559 684 μὶν
2611 611 2734 666 Υἱὸν
2781 610 3095 687 ἀναγορεύει
3144 615 3279 667 Θεοῦ
3327 611 3472 681 Υἱὸν,
3525 610 3614 666 καὶ
3656 632 3832 687 γεννη-

2193 700 2350 764 θέντα
2377 700 2484 776 πρὸ
2526 700 2742 756 πάντων
2793 704 2902 755 τῶν
2955 700 3169 755 αἰώνων
3223 699 3283 755 ἐκ
3325 704 3422 755 τοῦ
3474 700 3702 775 Πατρὸς,
3747 700 3830 756 καὶ

2193 787 2255 843 ού
2282 793 2452 844 ταῦτα
2500 789 2687 863 μόνον,
2731 786 2877 844 ἀλλὰ
2923 790 3013 844 καὶ
3060 790 3191 845 Θεὸν
3232 786 3383 851 αὖθις
3430 788 3703 861 ἀληθινὸν,
3747 788 3829 844 καὶ

2193 877 2487 949 ὁμοούσιον
2527 883 2606 950 τῷ
2654 877 2850 953 ΙΙατρὶ,
2901 878 3026 946 περὶ
3076 874 3134 933 δὲ
3179 882 3277 933 τοῦ
3331 877 3483 954 ἁγίου
3528 878 3830 950 ΙΙνεύματος

2192 964 2345 1021 οὐδὲν
2377 972 2622 1022 τοιοῦτον
2666 964 2933 1039 διέξεισιν,
2982 966 3109 1023 ἀλλ’
3156 966 3401 1044 ὕστερον,
3451 965 3539 1022 ὅτε
3583 966 3703 1044 περὶ
3740 969 3829 1035 τῆς

2192 1055 2376 1117 ούσίας
2435 1056 2598 1111 αὐτοῦ
2655 1056 2744 1110 καὶ
2801 1056 3059 1126 θεότητος
3115 1054 3286 1131 λόγος
3345 1055 3585 1131 ἐγεγόνει
3629 1054 3828 1125 πολὺς,

2188 1145 2313 1199 τότε
2344 1145 2539 1219 Κύριον
2572 1145 2702 1200 αὐτὸ
2733 1143 2912 1216 καλεῖ,
2942 1145 3033 1199 καὶ
3078 1149 3159 1217 τῷ
3208 1146 3381 1222 Ιιατρὶ
3427 1145 3518 1201 καὶ
3568 1145 3677 1218 Υίῷ
3704 1166 3829 1218 συμ-

2189 1235 2664 1309 προσκυνούμενον
2701 1278 2715 1304 ,
2775 1234 2865 1289 καὶ
2931 1231 3383 1309 συνδοξαζόμενον
3442 1232 3829 1313 ἀποφαίνεται.

2190 1322 2430 1398 Ιιότερον
2494 1322 2731 1379 ἐντεῦθεν
2790 1322 2899 1399 οὐχ
2965 1321 3390 1399 ὁμολογήσομεν
3448 1322 3593 1378 οὕτω
3638 1325 3832 1401 σαφῶς,

2189 1411 2316 1466 θεὸν
2359 1411 2495 1466 εἶναι
2532 1412 2594 1467 τὸ
2626 1416 2855 1486 Πνεῦμα
2882 1411 2945 1467 τὰ
2979 1412 3128 1489 ἅγιον
3164 1431 3177 1481 ;
3221 1412 3256 1482 ἢ
3288 1412 3378 1467 καὶ
3411 1411 3701 1486 ὁμοούσιον
3740 1416 3833 1482 κηέ

2191 1500 2497 1576 ρύττοντες,
2560 1502 2641 1563 οἷς
2712 1504 3205 1576 συμπροσκυνεῖται
3259 1500 3350 1555 καὶ
3423 1497 3787 1573 συνδοξάζεται
3819 1544 3833 1571 ,

2191 1587 2390 1665 λόγους
2434 1589 2789 1663 καινοτομίας
2844 1588 2919 1652 εἷς
2964 1592 3065 1659 τήν
3104 1596 3206 1659 τῆς
3257 1588 3495 1652 πίστεως
3543 1587 3833 1663 ὁμολογίαν

2192 1678 2454 1755 ὑφὲξομεν
2492 1679 2626 1747 ;καὶ
2672 1680 2759 1741 τίς
2823 1678 2882 1734 ἂν
2939 1675 3083 1734 εἷ’ποι
3140 1683 3304 1734 τοῦτο
3362 1682 3578 1758 φρονῶν
3632 1678 3833 1752 ὑγιῶς;

2188 1766 2372 1829 Οὕτως
2419 1766 2510 1821 οὖν
2568 1765 2722 1823 οὐδὲν
2774 1767 3027 1839 ἐξαίσιον,
3060 1768 3106 1823 εί
3149 1767 3239 1823 καὶ
3263 1769 3363 1835 τήν
3397 1766 3709 1844 ἑκπόρευσιν
3747 1767 3835 1820 τοῦ

423 1873 540 1929 que
590 1856 830 1925 accidet,
888 1856 938 1912 si
984 1862 1042 1912 et
1090 1857 1462 1928 processione
1512 1857 1779 1928 ejusdem
1824 1858 2078 1929 Spiritus

2190 1855 2353 1910 αὐτοῦ
2413 1856 2735 1929 ΙΙνεύματος
2795 1858 2847 1911 οἱ
2903 1858 3029 1913 τότε
3107 1857 3203 1931 μὲν
3258 1857 3498 1929 Ῑῐατὲρες
3554 1853 3645 1912 διά
3696 1872 3836 1915 τινας

424 1944 510 1999 illi
559 1945 797 2015 quidem
848 1945 1069 2013 Patres,
1102 1945 1204 2018 qui
1254 1949 1381 2001 tum
1434 1947 1774 2011 ﬂoruerunt,
1820 1963 1960 2002 suas
2008 1948 2081 2001 ob

423 2049 633 2089 causas
662 2032 1028 2090 enucleatius
1059 2033 1524 2107 explicatiusque
1546 2052 1662 2090 non
1690 2035 2082 2091 tradiderunt.

418 2122 537 2179 Vos
566 2127 764 2179 autem
797 2123 1068 2196 praesenti
1099 2123 1383 2196 temporis
1414 2125 1728 2180 occasione
1761 2126 1831 2180 ad
1865 2124 2084 2181 multas

419 2215 622 2285 gentes
672 2212 742 2268 ad
775 2212 1054 2268 unionem
1104 2212 1163 2267 in
1196 2211 1434 2269 Christo
1467 2212 1895 2285 pertrahendas
1947 2230 2083 2285 pro-

419 2300 607 2357 vocati
638 2300 957 2356 dilucidius
988 2302 1255 2357 eamdem
1287 2302 1587 2374 exponetis
1614 2320 1626 2369 ;
1660 2319 1783 2372 vos,
1819 2303 2083 2374 inquam,

420 2389 687 2461 ejusdem
743 2390 1017 2461 Spiritus,
1079 2394 1136 2445 et
1195 2390 1447 2462 perfecte
1503 2391 1743 2446 Patrum
1801 2392 2088 2463 sapientia

422 2478 850 2550 sanctitateque
898 2478 1242 2547 illustrium,
1297 2485 1354 2534 et
1398 2480 1555 2535 fama
1613 2479 2077 2536 clarissimorum

426 2568 702 2640 dogmata
751 2572 1088 2639 sequentes,
1138 2584 1267 2639 quae
1320 2569 1392 2623 ab
1444 2568 1570 2640 ipso
1623 2568 1789 2623 initio
1839 2570 1910 2624 ad
1962 2569 2086 2626 haec

426 2672 617 2729 usque
664 2661 928 2728 tempora
957 2657 1140 2729 culpae
1188 2656 1723 2728 reprehensionem,
1754 2663 1812 2714 et
1853 2660 2078 2714 calum-

430 2745 663 2801 niarum
712 2744 947 2801 aculeos
977 2746 1217 2802 omnino
1268 2746 1618 2818 effugerunt.
1654 2747 1755 2802 His
1807 2746 2088 2803 Tarasius

436 2834 850 2891 sanctissimus
906 2840 963 2890 et
1011 2851 1205 2890 rerum
1264 2835 1596 2891 divinarum
1655 2837 2087 2892 scientissimus

433 2923 619 2981 fultus
669 2940 736 2980 ac
767 2924 1171 2993 conﬁrmatus,
1202 2940 1270 2978 ex
1298 2924 1469 2980 Patre
1520 2941 1622 2996 per
1650 2926 1859 2981 Filium
1894 2942 2088 2998 proce-

434 3012 667 3069 dentem
719 3012 1004 3085 Spiritum
1055 3017 1350 3083 sanctum,
1392 3012 1587 3068 libello
1635 3014 1912 3086 synodico
1957 3015 2081 3085 jam

2193 1944 2367 2007 αίτῖας
2434 1945 2497 1999 ού
2554 1943 2959 2021 διηυκρίνησαν,
3017 1950 3122 2000 Νῦν
3182 1943 3241 2001 δὲ
3299 1950 3494 2022 καιροῦ
3549 1943 3836 2005 καλοῦντος

2197 2033 2338 2105 ὑμᾶς
2370 2032 2457 2088 ἐπὶ
2504 2033 2754 2098 πολλοὺς
2803 2033 2972 2098 λαοὺς
3018 2034 3091 2097 εἷς
3119 2036 3220 2104 τὴν
3268 2036 3405 2090 κατᾶ
3453 2035 3686 2111 Χριστὸν
3716 2030 3839 2105 ὁμό-

2192 2143 2341 2177 νοιαν
2402 2122 2793 2201 ἐφελκύσασθαι
2844 2121 3208 2200 διαρθρώσετε
3256 2124 3411 2198 ὑμεῖς
3463 2126 3519 2180 οἱ
3557 2127 3655 2180 τοῦ
3686 2121 3839 2178 αὐτοῦ

2198 2210 2510 2284 Πνεύματος
2558 2211 2784 2275 ἐντελῶς
2827 2218 2947 2275 τοῖς
2976 2216 3085 2266 τῶν
3130 2212 3217 2267 ἐπὶ
3267 2211 3433 2291 σοφίᾳ
3462 2212 3553 2269 καὶ
3604 2210 3838 2289 ἁγιότητι

2193 2300 2473 2376 περιόπτω
2533 2300 2620 2355 καὶ
2674 2300 3020 2377 περιπύστων
3067 2301 3325 2379 ῙΙατὲρων
3386 2302 3646 2376 ἑπόμενοι
3704 2297 3839 2375 δόγ-

2199 2410 2379 2462 μασιν,
2432 2392 2515 2452 οῖς
2572 2390 2809 2465 ἀρχῆθεν
2862 2391 2953 2446 καὶ
2998 2387 3104 2453 ἕως
3151 2393 3311 2464 ἡμῶν
3352 2392 3418 2446 τὸ
3460 2392 3636 2462 πάντη
3669 2387 3842 2446 ἀνεπί-

2196 2476 2405 2549 ληπτον
2466 2482 2877 2555 συντετήρηται.
2927 2482 3024 2542 Οἷς
3080 2480 3171 2535 καὶ
3227 2482 3495 2557 Ταράσιος
3546 2481 3575 2536 ὁ
3623 2479 3844 2554 ἁγιώτα-

2193 2589 2307 2638 τος,
2357 2566 2446 2623 καί
2500 2569 2567 2623 τὰ
2610 2574 2726 2632 θεῖα
2776 2570 3091 2646 σοφώτατος
3134 2568 3509 2646 ὠχυρωμένος
3565 2570 3653 2625 καὶ
3684 2565 3843 2643 ἡδρα-

2197 2657 2415 2729 σμένος,
2450 2656 2509 2711 ἐκ
2563 2662 2661 2711 τοῦ
2718 2659 2937 2730 ΙΙατρὸς
2990 2655 3061 2712 δι’
3120 2658 3249 2713 Υίοῦ
3302 2658 3733 2735 ἐκπορευόμενον
3787 2654 3843 2709 τὸ
3940 2708 3945 2712 .

2197 2751 2421 2819 Πνεῦμα
2468 2747 2528 2801 τὸ
2580 2747 2733 2821 ἅγιον
2781 2747 3181 2822 προανεκήρυξε
3235 2744 3325 2802 διὰ
3381 2743 3652 2804 λιϐἐλλου
3703 2763 3843 2800 συνο-

2197 2833 2372 2892 δικοῦ.
2420 2836 2517 2891 Καὶ
2564 2836 2627 2890 τὸ
2673 2836 3037 2912 ἀκροατήριον
3084 2836 3461 2909 οἷκουμενικὸν
3511 2837 3603 2892 καὶ
3655 2832 3844 2910 παγκό-

2198 2945 2379 2998 σμιον,
2412 2924 2501 2979 καὶ
2533 2922 2710 2988 οὐδεὶς
2757 2929 2865 2979 τῶν
2908 2927 3153 2980 ἁπάντων
3204 2928 3303 2996 τῆς
3352 2925 3518 2981 αύτοῦ
3558 2921 3840 2999 Θεολογίας

2199 3008 2549 3068 ἐπιλαϐέσθαι
2578 3012 2938 3086 τετόλμηκεν.

434 3101 623 3158 multo
653 3105 788 3158 ante
818 3101 1012 3173 palam
1060 3106 1373 3173 aperteque
1420 3102 1722 3174 professus
1766 3104 1913 3171 fuit;
1947 3108 2123 3175 atque
2169 3103 2228 3159 id
2276 3104 2335 3159 in
2384 3104 2697 3160 universali
2737 3106 2920 3160 totius
2973 3104 3132 3161 orbis
3177 3109 3467 3161 terrarum
3521 3103 3843 3169 auditorio;

428 3205 537 3246 nec
567 3191 884 3263 quisquam
939 3192 1179 3247 omnino
1210 3206 1280 3246 ex
1308 3191 1582 3247 omnibus
1642 3191 1751 3247 fuit
1780 3191 1882 3263 qui
1913 3193 2042 3263 ejus
2067 3192 2391 3248 doctrinam
2450 3193 2522 3249 de
2574 3192 2691 3249 Deo
2749 3192 3194 3266 reprehendere,
3227 3210 3294 3249 ac
3343 3193 3393 3249 ei
3454 3192 3843 3251 contradicere

430 3293 614 3335 ausus
642 3284 751 3336 est.

499 3368 591 3424 25.
623 3368 900 3433 Quamvis
953 3368 1255 3425 nonnullis
1286 3368 1470 3425 nostri
1521 3370 1803 3442 temporis
1852 3371 2085 3442 sapien-
2119 3372 2162 3439 ρ

426 3457 587 3513 tibus
618 3474 734 3513 non
765 3456 1013 3511 defuerit
1045 3455 1300 3526 solertia,
1335 3459 1478 3528 quin
1509 3458 1688 3513 etiam
1720 3457 1814 3514 hic
1854 3465 2082 3514 contra-

426 3545 659 3601 dicendi
691 3560 866 3600 ansas
903 3545 1294 3614 invenerunt;
1331 3546 1537 3601 dicunt
1566 3546 1721 3601 enim
1763 3546 2084 3604 Orientales

427 3651 497 3692 ea
524 3651 652 3707 quas
700 3633 758 3689 in
790 3632 987 3689 libello
1036 3638 1225 3701 erant,
1255 3632 1489 3689 silentio
1534 3650 1639 3689 suo
1692 3634 2079 3707 improbasse,

427 3740 562 3780 cum
610 3723 670 3778 in
718 3739 827 3779 sua
894 3723 1027 3778 fidei
1077 3723 1439 3794 professione
1487 3722 1655 3791 illud,
1699 3741 1801 3795 per
1849 3728 2078 3796 Filium,

426 3812 751 3869 omiserint.
801 3812 1246 3879 Verumtamen,
1293 3829 1421 3885 quae
1468 3812 1555 3867 vis
1602 3813 1738 3869 inde
1785 3815 2078 3870 contradi-

426 3902 603 3957 ctioni
650 3901 844 3971 fuerit,
877 3900 927 3955 si
974 3900 1303 3956 beatissimi
1359 3901 1670 3973 Sophronii
1720 3907 1943 3959 tomum
1993 3902 2079 3959 illi

423 3996 709 4060 tenentes,
742 3990 1033 4046 miserunt
1088 3989 1215 4045 sine
1246 3988 1367 4045 ulla
1392 3990 1826 4058 immutatione,
1862 3997 1926 4046 ut
1974 4010 2080 4065 par

421 4085 565 4146 erat,
614 4086 1061 4145 conservatum;
1094 4095 1229 4134 eum
1275 4078 1438 4134 nulla
1470 4084 1708 4151 urgeret
1756 4083 2076 4137 necessitas
2112 4149 2118 4155 .

421 4169 834 4242 interpolandi,
867 4167 1421 4240 contradicendique
1448 4167 1519 4223 iis
1552 4186 1681 4240 qua:
1708 4169 1821 4241 ipsi
1852 4186 2079 4242 recepe-

419 4262 573 4314 rant.
608 4258 725 4314 Hoc
771 4257 1067 4329 quispiam
1116 4256 1405 4324 ostendat,
1440 4256 1501 4312 in
1554 4256 1813 4329 aliquam
1864 4258 2073 4315 saltem

417 4346 508 4403 vel
555 4347 919 4403 levissimam
964 4344 1477 4417 reprehensionem
1538 4346 1882 4417 patriarchae
1929 4349 2075 4402 scri-

418 4442 585 4510 ptum
618 4436 957 4492 incurrisse.
988 4435 1046 4489 ld
1076 4433 1128 4491 si
1157 4452 1274 4490 non
1308 4436 1786 4506 possunt,dicant
1813 4437 2072 4509 interim,

420 4543 612 4581 annon
663 4524 938 4581 laudibus
971 4523 1175 4579 multis
1228 4523 1619 4595 maximisque
1648 4524 1795 4580 illud
1827 4526 2074 4598 dignum

418 4616 732 4679 duxerunt,
765 4613 1123 4685 speculativa
1151 4618 1208 4668 et
1240 4613 1439 4669 divina
1467 4614 1713 4668 scientia
1742 4614 2074 4671 instructis-

419 4704 583 4761 simaa
606 4702 1094 4760 considerationis
1115 4702 1438 4757 sacrarium
1475 4702 1530 4755 id
1556 4718 1684 4757 esse
1706 4705 2071 4774 confitentes,

426 4796 582 4866 quod
634 4796 895 4848 exactam
926 4797 983 4846 et
1033 4790 1311 4845 divinitus
1342 4790 1689 4863 inspiratam
1725 4799 1893 4847 rectae
1946 4794 2078 4857 fidei

417 4882 821 4947 traditionem,
882 4880 1391 4951 clarissimamque
1471 4880 1950 4951 apostolicorum,
2013 4900 2079 4939 ac

419 4975 795 5043 paternorum
831 4969 1175 5041 dogmatum
1205 4967 1677 5040 explanationem
1701 4972 1784 5025 uti
1818 4970 1960 5027 solis
1990 4988 2078 5027 ra-

421 5060 551 5115 dios
581 5058 817 5114 emittit.
851 5058 992 5121 Quis
1022 5060 1221 5129 itaque
1267 5056 1410 5112 dicit
1439 5072 1537 5113 eos
1569 5058 1933 5117 existimasse
1964 5061 2074 5116 ali-

418 5148 557 5219 quid
613 5147 1067 5219 reprehensioue
1116 5146 1357 5218 dignum
1392 5146 1447 5200 in
1494 5147 1712 5219 scripto
1764 5148 2071 5217 contineri,

421 5238 576 5309 quod
611 5241 695 5291 tot
747 5236 1050 5307 praeconiis
1081 5235 1153 5290 ab
1204 5234 1424 5290 eisdem
1475 5240 1783 5308 exceptum
1834 5238 2073 5293 fuerat?

419 5327 532 5383 Sed
563 5326 622 5380 hi
655 5324 891 5397 quidem
925 5325 1119 5379 sic.At
1147 5323 1508 5379 meumenica
1536 5325 1795 5396 synodus
1826 5327 2071 5383 audiens

414 5415 726 5470 turbatane
776 5414 910 5469 est?
939 5413 1121 5468 edidit
1168 5411 1475 5484 slrepitum
1500 5412 1528 5467 ?
1566 5429 1774 5469 novam
1818 5416 2070 5472 auditio-

413 5519 546 5558 nem
576 5503 922 5558 exborruit?
954 5502 1274 5574 prohibuit,
1307 5505 1372 5556 ut
1402 5502 1526 5557 ﬁeri
1561 5507 1721 5558 amat
1766 5504 1823 5558 in
1857 5505 2066 5560 absur-

414 5591 623 5648 dorum
653 5592 997 5665 dogmatum
1030 5590 1447 5647 traditionibus
1469 5595 1492 5647 Ρ
1512 5591 1753 5649 Minime
1776 5595 2063 5666 gentium.

412 5677 671 5737 Peterem
718 5680 842 5755 ipse
873 5695 1107 5754 quoque
1159 5696 1276 5739 non
1305 5679 1638 5753 importune
1667 5697 1702 5739 a
1730 5684 1833 5741 tua
1877 5681 2065 5741 multa

2271 3370 2364 3425 κε’.
2425 3368 2489 3423 Εἰ
2546 3370 2634 3425 καί
2692 3390 2831 3433 τινες
2885 3374 2992 3425 τῶν
3049 3371 3170 3446 ἄρτι
3231 3373 3412 3449 σοφῶν
3471 3368 3587 3427 οὐδ’
3640 3369 3851 3431 ἐνταῦθα

2191 3457 2429 3533 τρόπους
2462 3456 2779 3533 ἀντιλογίας
2829 3457 3200 3535 ήμηχάνησαν
3255 3458 3512 3535 ἐξευρεῖν.
3564 3458 3703 3515 Φασὶ
3732 3457 3848 3533 γὰρ,

2194 3545 2276 3600 ὅτι
2309 3548 2445 3601 κατά
2474 3547 2537 3601 τὸ
2570 3548 2925 3620 σιωπώμενον
2977 3542 3311 3603 ἐπελάϐοντο
3347 3553 3447 3603 τοῦ
3501 3544 3767 3604 λιϐἑλλου
3804 3543 3852 3598 οἱ

2193 3634 2561 3705 ’Λνατολικοὶ,
2616 3638 2677 3691 τὸ
2736 3634 2806 3691 δι’
2863 3638 2992 3691 Υἱοῦ
3048 3636 3303 3713 παρὲντες
3357 3637 3408 3693 ἐν
3461 3642 3533 3713 τῇ
3585 3642 3728 3717 σφῶν
3760 3632 3847 3689 αύ-

2185 3728 2294 3779 τῶν
2339 3723 2615 3800 ὁμολογίᾳ
2663 3728 2762 3795 τῆς
2812 3725 3068 3788 πίστεως.
3116 3726 3215 3780 Καί
3265 3747 3350 3781 τοι
3402 3733 3566 3783 ποῖον
3621 3724 3847 3782 ἐντεῦθεν

2187 3815 2221 3882 ἡ
2255 3813 2543 3889 ἀντιλογία
2573 3814 2722 3892 φέρει
2767 3815 2830 3870 τὸ
2878 3813 3158 3891 κραταιὰν,
3209 3815 3256 3870 εί
3309 3817 3400 3871 τὸν
3432 3821 3534 3872 τοῦ
3584 3832 3850 3890 μακαριω-

2184 3904 2349 3957 τάτου
2410 3904 2728 3981 Σωφρονίου
2803 3904 2990 3978 Τόμον
3061 3904 3259 3960 ἐκεῖνοι
3336 3906 3605 3982 τυχόντες
3665 3899 3848 3980 ἔχειν,

2188 3990 2503 4047 ἐστάλκασῖν
2539 4039 2552 4062 ,
2603 3992 3014 4067 ἀπαραποίητον
3073 3992 3233 4048 αὐτὸν
3271 4037 3286 4065 ,
3343 3994 3420 4055 ὡς
3483 3992 3633 4066 ἔδει,
3691 3991 3853 4065 τηρή-

2187 4101 2372 4143 σαντες
2401 4125 2418 4150 ,
2473 4080 2588 4135 ἐπεὶ
2640 4080 2769 4154 μηδ’
2813 4081 3049 4159 ἀνάγκην
3102 4082 3254 4159 εἶχον
3318 4085 3714 4163 μετεγγράφειν
3766 4077 3851 4135 καὶ

2185 4170 2563 4244 ἀντιπέμπειν,
2610 4169 2745 4247 ἅπερ
2797 4168 3064 4243 ἐδέξαντο.
3117 4173 3211 4227 Διὸ
3256 4176 3420 4228 τοῦτο
3476 4171 3705 4245 δειξάτω
3749 4187 3851 4237 τις,

2186 4256 2239 4311 εἷ’
2282 4279 2405 4313 τινα
2466 4260 2671 4333 μέμψιν
2732 4259 2828 4315 κξὶν
2870 4265 2998 4338 γοῦν
3050 4261 3273 4338 μετρίαν
3323 4265 3403 4334 τῷ
3455 4266 3558 4318 τοῦ
3600 4260 3855 4337 πατριάρ-

2183 4366 2290 4421 χου
2348 4350 2634 4423 προσ-ἧψαν
2688 4350 2999 4425 γράμματι,
3059 4350 3148 4405 καὶ
3199 4349 3246 4404 εί
3310 4351 3385 4424 μή
3436 4355 3605 4407 τοῦτο
3645 4350 3781 4409 τέως
3809 4343 3853 4400 εἰ

2187 4437 2262 4508 μή
2315 4436 2575 4505 ἐπαίνων,
2624 4437 2714 4492 καὶ
2760 4439 2968 4493 τούτων
3014 4437 3244 4495 πολλῶν
3294 4437 3385 4494 καὶ
3423 4439 3682 4517 μεγάλων
3729 4433 3851 4491 αὐτὸ

2182 4524 2546 4597 κατηξίωσαν,
2605 4527 2985 4600 Θεωρητικῆς,
3045 4527 3137 4583 καὶ
3196 4529 3665 4606 θεοφρονεστάτης
3719 4523 3853 4581 δια·

2183 4612 2332 4675 νοίας
2394 4614 2904 4690 ἀνομολογήσαντες
2963 4616 3097 4671 εἶναι
3155 4616 3452 4693 πανίερον,
3505 4616 3848 4672 θεόπνευστον

2184 4703 2283 4771 τήν
2315 4704 2414 4771 τῆς
2458 4701 2769 4779 ὀρθοδοξίσς
2817 4700 3118 4778 ἀκρίϐειαν,
3176 4705 3266 4759 καί
3310 4708 3419 4761 τῶν
3470 4703 3849 4762 ἀποστολικῶν

2186 4811 2246 4845 τε
2274 4791 2367 4845 καὶ
2414 4798 2707 4867 Πατρικῶν
2753 4790 3040 4869 δογμάτων
3091 4796 3193 4863 τήν
3248 4790 3677 4872 διαφανεστάτην
3729 4789 3849 4861 ἐξά-

2187 4878 2421 4937 πλωσιν.
2482 4882 2556 4942 ὡς
2615 4882 2831 4944 ἀκτῖνας
2888 4880 3125 4952 ἡλιακὰς
3180 4878 3644 4959 προϐαλλόμενον
3682 4923 3696 4937 .
3755 4875 3849 4935 Κιοὶ

2188 4968 2335 5043 λέγει
2386 4990 2469 5032 τις
2522 4968 2862 5045 ἐπιλήψιμόν
2912 4993 2965 5027 τι
3024 4973 3206 5051 φερειν
3265 4971 3463 5036 αὐτοὺς
3523 4970 3846 5049 ἡγήσασθαι,

2182 5057 2245 5111 τὸ
2300 5057 2567 5127 τοσαύτης
2639 5062 2942 5136 τετυχηκὸς
3012 5068 3139 5138 παρ’
3197 5061 3372 5117 αὐτῶν
3449 5060 3845 5139 ἀναρρήσεωςς

2182 5143 2337 5202 Ἀλλ’
2397 5145 2546 5202 οὗτοι
2609 5148 2701 5220 μὲν
2768 5148 2959 5211 οὕτως·
3011 5152 3045 5219 ἡ
3107 5148 3152 5205 δ’
3199 5151 3561 5224 οἱκουμενική
3625 5143 3843 5205 σύνοδος

2183 5235 2556 5309 ἀκροασαμὲνη
2625 5239 2942 5311 τετάρακται
2993 5258 3007 5307 ;
3060 5233 3399 5316 τεθορύϐηκε
3448 5257 3462 5308 ;
3521 5237 3587 5295 τὸ
3654 5233 3831 5293 καινὸν

2182 5323 2547 5400 ἀπηγόρευκεν
2630 5323 2879 5402 ἄκουσμα
2932 5374 2946 5401 ,
3011 5330 3192 5393 καθὼς
3263 5327 3442 5392 εἰώθει
3529 5321 3840 5403 συμϐαίνειν

2178 5418 2299 5475 ταῖς
2352 5417 2461 5467 τῶν
2528 5412 2847 5471 ἀλλοκότων
2904 5414 3195 5493 δογμάτων
3257 5416 3588 5492 εἰσαγωγαῖς
3621 5434 3635 5486 ;
3673 5410 3840 5469 Οὐδα-

2182 5506 2321 5575 μῶς.
2365 5502 2628 5577 Ἐροίμην
2685 5502 2732 5559 δ’
2788 5506 2849 5561 ἂν
2904 5507 3235 5585 προσφόρως
3290 5506 3381 5562 καὶ
3418 5506 3522 5574 τὴν
3564 5506 3665 5573 σήν
3705 5500 3839 5558 πολ-

2178 5588 2283 5660 λὴν
2352 5592 2633 5668 ἁγιότητα,
2692 5598 2771 5667 τῷ
2822 5596 3027 5667 τιύτης
3081 5596 3281 5673 ἱλαρῷ,
3336 5593 3427 5651 καὶ
3491 5592 3701 5672 ἀτύφῳ,
3752 5586 3837 5647 καὶ

2174 5680 2311 5758 πρὸς
2351 5679 2560 5763 ἀνοχὴν
2598 5683 2802 5761 ἑτοίμῳ
2839 5685 3211 5767 τεθαρρηκώς.
3252 5682 3326 5743 Ei’
3355 5683 3478 5742 τινά
3515 5702 3651 5741 ποτε
3701 5697 3833 5762 προ-
