4154 6426
414 423 529 504 561

1305 425 1414 489 DE
1455 423 1991 491 PROCESSIONE
2035 422 2098 486 S.
2147 423 2508 490 SPIBITUS
2555 423 2850 489 ORATIO
2891 425 2942 486 Ι.

3716 425 3835 490 562

410 559 635 635 ήνεγκες
685 553 839 630 δόξαν
895 555 1002 636 ούχ
1043 557 1406 635 ὑγιαίνουσαν,
1442 557 1602 627 ἀπείη
1665 555 1722 612 δὲ
1778 556 1866 611 καὶ
1925 556 2069 631 γνώ-

2187 557 2520 628 sanctitate,
2586 558 2745 614 illius
2805 555 3107 629 hilaritati,
3167 561 3224 614 et
3279 557 3590 630 dejectioni
3646 565 3703 616 et
3758 561 3830 618 ad

415 668 523 720 μης
571 646 749 710 οὕτως
805 646 951 724 ἔχειν
1009 646 1256 726 ἔφασκες,
1308 647 1451 703 οὕτω
1503 652 1740 724 φρονεῖν,
1790 645 1932 701 οὕτω
1975 667 2066 700 πι-

412 736 614 793 στεύειν
703 734 1122 810 διατεινόμενος,
1197 737 1424 812 πότερον
1507 735 1566 791 ἃν
1637 735 1918 810 ἠρεμαίως
2017 735 2067 790 οἱ

411 823 650 896 πλησίον
685 846 779 879 σου
803 826 902 894 τὴν
933 830 1029 880 τοῦ
1061 822 1350 903 δυσφήμου
1393 827 1742 902 προσήκαντο
1785 820 2023 900 πάροδον
2053 842 2065 892 ;

412 913 523 970 Ούκ
570 912 630 969 ἂν
685 914 931 969 ἀντεῖπον
961 933 974 983 ;
1005 913 1104 969 οὐκ
1155 914 1214 969 ἂν
1267 914 1317 986 ἐξ
1368 914 1610 976 ἐναντίας
1660 935 1755 968 σου
1802 910 2064 982 ἔστησαν;

412 1003 558 1078 Ἐγὼ
621 1003 715 1076 μὲν
772 1003 949 1075 οἶμαι,
1015 1000 1155 1076 μηδὲ
1231 1004 1322 1058 τὸν
1413 1003 1611 1058 οἰκεῖον
1689 1008 1822 1080 σφᾶς
1874 1001 2068 1062 αὐτοὺς

411 1091 765 1166 ἐπεγνωκέναι
810 1091 1214 1169 ⁸καθηγεμόνα,
1273 1092 1398 1168 πρὶν
1462 1091 1654 1146 αὐτὸν·
1703 1092 2066 1146 ἀποσκευάσα-

412 1192 532 1245 σθαι
576 1180 639 1236 τὸ
690 1175 1029 1252 ἀπόϐλητον,
1075 1181 1166 1236 καὶ
1213 1186 1331 1243 ταῖς
1379 1185 1475 1236 τοῦ
1528 1179 1864 1252 ἀναθέματος
1912 1179 2067 1254 ἀραῖς

412 1267 744 1325 ἐνδικώτατα
805 1264 1227 1334 καθυποϐαλεῖν·
1281 1269 1394 1326 ἐκεῖ
1441 1267 1499 1323 δὲ
1545 1267 1853 1324 τούναντίον
1906 1270 2064 1323 ἅπαν.

411 1359 477 1418 Οἱ
523 1360 626 1436 γὰρ
674 1365 775 1428 τῆς
823 1359 1210 1432 οἰκουμενικῆς
1273 1357 1656 1426 συνελεύσεως,
1705 1359 1794 1413 καὶ
1849 1355 2069 1431 μάλισθ’

412 1446 532 1507 ὅσοι
582 1449 681 1518 τὴν
730 1449 877 1523 ἱερὰν
949 1451 1163 1525 Γραφήν
1230 1448 1789 1522 ἐπιστημονικώτεροι
1835 1447 1924 1500 καὶ
1975 1468 2064 1500 σο-

420 1537 656 1614 φώτεροι
714 1540 822 1591 τῶν
884 1531 1160 1591 λιϐἑλλων
1214 1536 1306 1591 καὶ
1353 1535 1675 1612 ἀμφοτέρων
1705 1535 1780 1596 εἰς
1812 1534 2065 1609 ἀκρόασιν

413 1623 908 1700 ὑπανεγνωσμὲνων
960 1627 1172 1696 κοινήν,
1225 1625 1301 1687 ὡς
1343 1622 1438 1680 ἕνα
1488 1624 1715 1686 τούτους
1770 1623 2064 1697 κεκρίκασι,

408 1719 490 1785 τῷ
551 1715 628 1786 μὴ
685 1714 913 1790 θατέρου
973 1713 1194 1790 θάτερον
1253 1711 1654 1790 παραλλάττειν
1713 1735 1766 1767 τι
1813 1714 1929 1766 κατ’
1981 1711 2063 1767 εὐ-

412 1797 645 1858 σέϐειαν.
708 1800 960 1870 ’ᾙδεισαν
1015 1805 1121 1878 γὰρ
1172 1798 1413 1878 ἀκριϐῶς
1463 1801 1590 1864 τοὺς
1634 1806 1741 1857 τῶν
1790 1800 2064 1878 θεοφόρων

413 1890 670 1966 ΙΙατέρων
716 1890 1075 1966 προέχοντας,
1128 1888 1198 1946 δι’
1253 1891 1382 1944 Υῖοῦ
1435 1891 1536 1959 τὴν
1595 1894 1693 1945 τοῦ
1749 1889 2064 1962 Ιινεύματος
2099 1923 2145 1988 Β

408 1978 727 2055 ἐκπόρευσιν
817 1979 951 2034 εἶναι
1034 1979 1501 2054 τεθεολογηκότας
1551 1978 1611 2034 ἐκ
1656 1983 1752 2033 τοῦ
1823 1978 2061 2052 Ιιατρὸς,

407 2068 538 2130 τούς
569 2088 629 2123 τε
667 2069 814 2145 παρὰ
870 2069 1084 2143 Πατρὸς
1136 2065 1532 2144 διηγγελκότας
1591 2067 1721 2122 αὐτὸ
1773 2065 2064 2141 ἐκπορευό-

414 2177 593 2231 μενον,
627 2156 729 2211 ούκ
787 2157 1152 2231 ἀνῃναμένους
1208 2158 1272 2213 τὸ
1318 2154 1387 2212 δι’
1414 2157 1560 2214 Υἱοῦ.
1597 2156 1656 2211 Εἰ
1713 2155 1889 2210 τοίνυν
1946 2160 2064 2217 τοῖς

411 2244 473 2302 ἐκ
517 2249 614 2301 τοῦ
670 2247 886 2319 ΙΙατρὸς
937 2245 1180 2322 εἷ’ρηκόσι
1235 2246 1299 2300 τὸ
1355 2249 1580 2318 Πνεῦμα
1635 2243 2063 2320 ἐκπορευόμενον

411 2333 513 2389 οὐκ
569 2332 856 2408 ἀπείρηται
915 2333 1061 2397 ὅλως
1117 2335 1182 2390 τὸ
1227 2331 1297 2389 δι’
1331 2335 1476 2390 ι’ὶοῦ.
1507 2338 1624 2394 τοῖς
1683 2331 1740 2387 δέ
1793 2354 1854 2408 γε
1919 2330 2066 2407 διαρ-

413 2426 617 2499 θρῶσαι
667 2424 770 2492 τήν
833 2423 892 2478 ἐκ
948 2422 1167 2500 ΙΙατρὸς
1229 2421 1542 2497 ἐκπόρευσιν
1591 2426 1688 2476 τοῦ
1746 2420 2065 2494 ΙΙνεύματος

406 2514 538 2588 παρ’
575 2511 741 2568 αὐτοῦ
780 2511 1160 2584 κεκινημένοις
1206 2516 1304 2566 τοῦ
1352 2509 1672 2584 ΙΙνεύματος
1720 2509 2062 2586 προσαῤῥέθη

404 2598 472 2658 τὸ
501 2597 572 2666 δι’
603 2602 752 2670 Υὶοῦ,
785 2597 1015 2671 εὔδηλον
1074 2599 1156 2656 ὅτι
1215 2599 1522 2673 σύμπαντες
1583 2601 1636 2654 οἱ
1672 2603 1769 2654 τοῦ
1814 2600 2067 2671 ΙΙνεύμα-

407 2710 528 2759 τος,
562 2688 661 2744 οὐκ
718 2687 907 2751 ἄλλως
967 2689 1027 2744 ἐκ
1071 2692 1170 2744 τοῦ
1229 2688 1441 2764 ΙΙατρὸς
1493 2687 1623 2742 αὐτὸ
1669 2689 2066 2763 πεφρονήκασιν

412 2777 819 2854 ἐκπορεύεσθαι,
852 2777 898 2832 εἷ
951 2778 1027 2851 μὴ
1079 2775 1148 2832 δι’
1205 2777 1355 2844 Υἳοῦ,
1391 2773 1660 2849 μηδεμίαν
1719 2772 2066 2850 παρείσδυσιν

412 2865 637 2944 ἔχοντες
666 2870 765 2922 τοῦ
823 2865 1214 2943 ἐναντιολογεῖν
1266 2864 1319 2921 ἐν
1365 2864 1571 2933 αὐτοῖς,
1605 2866 1770 2937 ἄκρας
1819 2861 1877 2919 δὲ
1929 2862 2068 2937 μᾶλ-

414 2955 514 3012 λον
577 2955 895 3034 συμφωνίας
948 2953 1113 3026 οὔσης
1173 2954 1224 3010 ἐν
1281 2959 1397 3016 τοῖς
1451 2953 1648 3029 ἀγίοις,
1677 2953 1768 3008 καὶ
1821 2953 1885 3006 τὸ
1940 2951 2070 3008 αὐτὸ

413 3049 523 3102 τῶν
585 3044 730 3102 ὅλων
791 3041 1234 3116 πεπαιδευμένων
1287 3047 1526 3121 φρονεῖν,
1556 3041 1646 3096 καὶ
1699 3048 1800 3110 τῆς
1858 3041 2069 3117 ἀγάπης

411 3133 505 3190 καὶ
551 3133 797 3209 εἰρήνης,
846 3132 936 3188 καὶ
986 3133 1241 3206 ὁμονοίας
1291 3127 1458 3186 ὄντων
1513 3129 1565 3186 ἐν
1605 3130 1902 3202 Ιῐνεύματι,
1934 3130 2072 3192 καΘά

413 3221 484 3292 δή
543 3222 633 3289 καὶ
692 3222 745 3277 οἱ
798 3222 861 3276 τὸ
920 3222 1062 3297 ἱερὸν
1126 3221 1354 3294 μάθημα
1381 3216 1828 3295 παραδεδωκότες
1858 3215 2072 3272 συνοδι-

2178 647 2547 704 tolerandum
2609 648 2871 704 facilitati
2934 647 3186 703 maxime
3252 648 3458 706 fidens.
3517 648 3572 703 Si
3651 667 3829 722 quam

2179 736 2494 808 aliquando
2527 737 2862 809 Opinionem
2918 755 3034 792 non
3084 754 3287 792 sanam
3340 738 3398 792 in
3452 738 3711 794 medium
3743 743 3828 795 at-

2178 825 2364 882 tulisti
2441 831 2497 882 et
2571 830 2626 882 te
2692 827 2774 881 ita
2847 831 3040 882 tenere
3101 827 3505 898 contenderes,
3563 827 3645 882 ita
3699 844 3830 884 sen-

2176 915 2306 982 tire,
2360 914 2444 970 ita
2488 917 2723 970 credere
2771 915 2979 971 obnixe
3027 915 3376 982 affirmares,
3436 933 3508 971 an
3571 917 3671 988 qui
3726 933 3828 972 au-

2177 1003 2349 1058 diunt
2406 1003 2722 1075 propinqui
2798 1003 2969 1058 tacite
3028 1003 3436 1075 blasphemam
3496 1004 3830 1076 opinionem

2178 1093 2669 1164 persentiscerent
2689 1093 2716 1146 ?
2739 1096 2939 1147 Annon
2970 1092 3475 1148 contradicerent?
3502 1101 3710 1148 Annon
3735 1094 3831 1148 ad-

2177 1197 2409 1237 versum
2433 1187 2488 1236 te
2510 1181 2708 1236 omnia
2731 1181 3025 1236 facerent?
3049 1182 3167 1253 Ego
3190 1197 3330 1237 sane
3350 1182 3619 1238 existimo
3643 1199 3831 1254 neque

2178 1271 2480 1342 proprium
2513 1271 2814 1325 ductorem
2846 1271 3080 1325 eosdem
3114 1269 3260 1326 velle
3302 1286 3736 1342 recognoscere,
3770 1271 3831 1327 ni

2177 1359 2340 1431 prius
2365 1359 2666 1429 rejioulam
2690 1358 3023 1430 opinionem
3048 1359 3344 1429 abjecerit,
3361 1363 3418 1414 et
3438 1359 3830 1417 anathematis

2179 1447 3096 1518 dirisjustissimesubjecerit.1bi
3112 1464 3245 1502 vero
3264 1450 3451 1503 totum
3467 1448 3826 1504 contrarium

2178 1537 2438 1608 contigit.
2458 1536 2604 1592 Nam
2636 1536 2735 1607 qui
2767 1537 2826 1591 in
2861 1536 3247 1591 universalem
3281 1552 3663 1607 congressum
3694 1553 3828 1593 con-

2178 1631 2474 1690 venerant,
2507 1629 2564 1680 et
2594 1623 2964 1696 potissimum
2999 1623 3058 1678 in
3091 1623 3272 1679 sacris
3303 1623 3513 1680 litteris
3545 1624 3823 1682 scientio-

2178 1730 2292 1782 res,
2324 1718 2382 1769 et
2411 1714 2816 1784 sapientiores,
2851 1729 2983 1767 cum
3018 1716 3261 1782 uterque
3296 1711 3532 1768 libellus
3565 1711 3696 1769 aliis
3719 1730 3821 1769 au-

2178 1803 2472 1858 dientibus
2495 1802 2785 1874 legeretur
2804 1806 3085 1872 tanquam
3115 1817 3298 1856 unum
3309 1801 3673 1871 judicarunt,
3689 1818 3824 1858 cum

2177 1908 2330 1947 unus
2365 1892 2434 1946 ab
2479 1891 2590 1946 alio
2635 1891 2695 1944 in
2727 1889 2908 1958 nullo,
2943 1890 3098 1960 quod
3148 1890 3220 1944 ad
3271 1889 3548 1960 pietatem
3588 1890 3824 1960 faceret,

2177 1981 2554 2052 discreparet.
2585 1977 2762 2034 Plane
2793 1978 3083 2048 siquidem
3116 1977 3426 2045 callebant,
3459 1977 3611 2032 inter
3639 1977 3828 2033 Deife-

2177 2085 2272 2125 ros
2303 2069 2499 2124 Patres
2530 2067 2874 2140 pracipuos,
2911 2082 3014 2138 per
3044 2065 3256 2122 Filium
3296 2065 3549 2137 Spiritus
3599 2082 3826 2134 proces-

2177 2158 2402 2214 sionem
2434 2173 2562 2212 esse
2593 2174 2626 2212 a
2656 2156 2823 2210 Patre
2849 2171 3244 2222 asseverasse;
3279 2169 3495 2226 eosque
3525 2153 3624 2225 qui
3657 2153 3826 2210 illum

2177 2262 2246 2301 ex
2276 2247 2445 2301 Patre
2477 2244 3109 2316 pronuntiassent,non
3136 2243 3433 2315 respuisse
3456 2257 3558 2314 per
3588 2241 3824 2314 Filium,

2176 2335 2236 2390 Si
2265 2333 2463 2405 itaque
2495 2334 2568 2388 ab
2599 2332 2670 2388 iis
2710 2333 2810 2404 qui
2860 2349 2929 2388 ex
2961 2336 3130 2388 Patre
3173 2333 3613 2388 afﬁrmaverunt
3639 2331 3826 2403 Spiri-

2176 2427 2302 2478 tum
2346 2421 2673 2491 procedere,
2707 2437 2821 2476 non
2857 2420 3120 2490 rejicitur
3149 2419 3407 2486 omnino,
3437 2435 3542 2490 per
3571 2420 3780 2476 Filium
3803 2439 3822 2476 :

2177 2512 2248 2566 ab
2279 2510 2351 2565 iis
2381 2527 2534 2576 vero,
2567 2511 2668 2580 qui
2699 2508 2999 2564 enucleate
3045 2508 3414 2564 tradiderunt
3460 2507 3712 2580 Spiritus
3751 2525 3820 2564 ex

2176 2603 2345 2654 Patre
2393 2597 2848 2670 processionem,
2902 2596 2972 2650 ab
3014 2597 3218 2651 eodem
3267 2595 3484 2665 Spiritu
3531 2595 3818 2664 excitatis,

2178 2687 2445 2744 additum
2476 2686 2606 2752 fuit,
2635 2701 2738 2756 per
2766 2685 2991 2751 Filium,
3024 2683 3404 2739 manifestum
3449 2688 3539 2740 est
3583 2684 3821 2740 univer-

2178 2791 2296 2843 sos,
2331 2775 2431 2846 qui
2464 2792 2495 2830 e
2526 2773 2747 2846 Spiritu
2792 2779 2950 2838 sunt,
2985 2789 3100 2828 non
3150 2772 3317 2828 aliter
3364 2787 3432 2827 ex
3471 2775 3642 2828 Patre
3685 2788 3821 2829 eum

2179 2864 2509 2936 procedere,
2540 2879 2714 2934 quam
2763 2879 2865 2934 per
2912 2859 3126 2916 Filium
3170 2859 3446 2928 sensisse,
3477 2877 3612 2916 cum
3661 2859 3826 2917 nulla

2177 2952 2239 3007 in
2270 2951 2387 3006 illis
2410 2951 2555 3006 ratio
2575 2949 3010 3005 contradicendi
3031 2949 3382 3005 interveniat
3405 2967 3418 3017 ;
3451 2949 3572 3004 imo
3593 2963 3827 3005 summe

2181 3041 2332 3096 inter
2375 3057 2438 3096 se
2485 3039 2673 3096 sancti
2721 3037 3094 3103 conveniunt,
3141 3037 3412 3109 doctique
3467 3053 3670 3093 omnes
3716 3037 3828 3093 hoc

2180 3129 2333 3185 idem
2390 3128 2671 3198 sentiunt,
2723 3142 3004 3192 amorem,
3054 3141 3278 3197 pacem,
3324 3129 3502 3198 atque
3548 3123 3828 3180 unionem

2181 3216 2596 3289 amplectentes
2653 3215 2714 3270 in
2769 3214 2988 3286 Spiritu
3025 3231 3038 3268 :
3070 3214 3572 3285 quemadmodum
3620 3218 3678 3269 et
3725 3213 3830 3285 qui

409 3315 544 3375 κῶς.
578 3311 826 3368 Κάκεῖνοι
873 3285 979 3386 γὰρ
1025 3285 1161 3366 κατά
1198 3285 1298 3378 τὴν
1347 3285 1512 3377 αὐτην
1569 3303 1770 3362 ἔννοιαν
1822 3308 2070 3382 ἱερογρα-

2182 3285 2412 3362 sacram
2443 3305 2594 3360 hanc
2625 3285 2954 3360 doctrinam
2986 3303 3160 3374 plena
3189 3302 3411 3374 synodo
3437 3300 3825 3358 tradiderunt.

413 3404 588 3479 φικῶς
637 3401 702 3456 τὸ
746 3403 994 3461 τοιοῦτον
1044 3397 1299 3469 ἐξέθεντο,
1350 3395 1541 3472 λόγοις
1589 3396 1908 3468 οἰκονομίας
1965 3396 2065 3463 τήν

413 3490 602 3567 φωνὴν
635 3489 1176 3565 παρασιωπήσαντες,
1208 3491 1288 3558 τῷ
1324 3507 1383 3540 τε
1428 3483 1565 3560 πρὸς
1622 3482 1767 3540 ἄλλα
1819 3481 2065 3538 σπεύδειν

414 3577 715 3654 ἐπείγοντα,
773 3575 864 3632 καὶ
917 3581 998 3648 τῷ
1047 3580 1155 3630 τῶν
1211 3573 1590 3650 αἱρετιζόντων
1668 3574 1760 3628 τὸν
1839 3567 2069 3647 θόρυϐον

412 3665 775 3723 ἀποσείεσθαι.
809 3665 888 3720 Δι’
942 3667 1002 3734 ἣν
1061 3662 1235 3719 αἰτίαν
1296 3660 1421 3718 οὐδὲ
1451 3662 1580 3720 Θεὸν
1622 3662 1686 3718 τὸ
1737 3666 1966 3735 Πνεῦμα
2005 3662 2067 3716 τὸ

413 3756 569 3830 ἅγιον
631 3758 815 3833 σαφῶς
871 3752 1016 3809 οὕτω
1090 3754 1181 3809 καὶ
1256 3754 1505 3828 καθαρῶς
1589 3750 2066 3828 προσηγόμευσαν,

409 3849 492 3916 τῷ
541 3844 618 3917 μὴ
669 3839 813 3919 ἔχειν
865 3841 928 3898 ἐκ
960 3846 1068 3897 τῶν
1100 3840 1450 3917 Εὐαγγελίων
1483 3840 1719 3913 ετοίμως
1766 3840 1866 3907 τὴν
1898 3859 2067 3914 προσ-

411 3932 644 4008 ηγορίαν
692 3932 1083 3989 πιστώσασθαι.
1115 3929 1178 3984 Τί
1211 3928 1257 3984 δ’
1298 3926 1405 3984 ἔδει
1463 3929 1600 4002 πρὸς
1659 3925 1923 3997 διαλέξεις
1979 3925 2069 3980 καὶ

413 4021 549 4094 ὑπὲρ
602 4023 711 4076 τῶν
765 4018 1028 4076 τοιούτων
1087 4022 1282 4096 φωνῶν
1331 4022 1536 4093 χωρεῖν
1582 4015 1802 4085 αὐτοὺς,
1828 4015 1919 4070 καὶ
1974 4013 2069 4069 λο-

411 4116 713 4186 γομαχεῖν,
745 4109 833 4164 καὶ
889 4107 981 4164 τὸν
1043 4105 1216 4163 πολὺν
1276 4104 1585 4162 κλονεῖσθαι
1647 4102 1801 4175 λαὸν,
1834 4103 1948 4159 ἐνὸν
1979 4103 2068 4158 καὶ

412 4197 604 4266 ἄλλως
683 4195 1083 4272 ἀναντιρῥήτως
1156 4196 1257 4265 τὴν
1332 4188 1524 4263 εὐσεϐῆ
1583 4192 1930 4268 κρατύνεσθαι
1980 4192 2069 4247 καὶ

418 4284 708 4361 ὁρθόδοξον
740 4284 944 4342 ἔννοιαν
971 4303 984 4354 ;

489 4377 605 4441 διςέ
638 4378 760 4430 ’Ότι
810 4372 868 4431 δὲ
921 4374 984 4428 τὸ
1040 4373 1100 4428 ἐκ
1147 4373 1363 4444 ΙΙατρὸς
1416 4371 1590 4448 λέγειν
1641 4368 2067 4446 ἐκπορευόμενον

411 4467 479 4521 τὸ
505 4469 728 4538 Πνεῦμα
756 4463 818 4519 τὸ
848 4463 1023 4539 ἅγιον,
1055 4463 1144 4524 καὶ
1183 4462 1247 4516 τὸ
1305 4460 1367 4516 ἐκ
1422 4461 1636 4536 Ιῐατρὸς
1669 4457 1740 4514 δι’
1770 4460 1916 4525 Υἱοῦ,
1948 4478 2070 4511 ταυ-

412 4553 510 4610 τὸν
565 4554 682 4620 κατ’
739 4547 967 4624 ἔννοιαν,
1021 4550 1084 4606 ού
1137 4548 1415 4628 διάφορον,
1471 4549 1531 4605 ἐκ
1579 4552 1687 4605 τῶν
1745 4555 1843 4617 τῆς
1903 4545 2068 4615 αὐτῆς

2179 3395 2279 3452 Ille
2309 3394 2528 3450 etenim
2559 3392 2764 3448 eodem
2797 3408 2975 3447 sensu
3010 3391 3196 3447 sacris
3225 3389 3404 3446 innixi
3439 3389 3668 3446 Litteris
3716 3389 3828 3446 hoc

2179 3486 2576 3556 exposuerunt
2619 3498 2650 3537 e
2694 3480 3015 3552 prudentiae
3073 3479 3302 3552 legibus
3356 3495 3554 3535 vocem
3611 3478 3827 3535 obtice-

2179 3576 2443 3638 scentes;
2480 3575 2619 3626 tunc
2667 3570 2738 3624 ad
2769 3567 2884 3624 alia
2916 3568 3305 3640 procuranda,
3337 3570 3394 3623 et
3444 3566 3826 3623 sectariorum

2179 3660 2458 3732 strepitus
2507 3658 2984 3730 comprimendos
3032 3655 3290 3713 intenti:
3341 3656 3589 3728 ideoque
3637 3671 3829 3727 neque

2179 3749 2464 3822 Spiritum
2500 3751 2769 3802 sanctum
2818 3745 2989 3817 plane
3037 3749 3095 3800 et
3141 3743 3294 3800 clare
3335 3744 3518 3801 Deum
3564 3759 3829 3816 pronun-

2179 3838 2420 3904 tiarunt,
2456 3852 2588 3891 cum
2616 3852 2732 3890 non
2773 3833 3056 3889 haberent
3082 3832 3143 3887 in
3198 3835 3472 3904 promptu
3522 3831 3739 3903 quibus
3766 3831 3827 3888 id

2180 3943 2250 3984 ex
2296 3923 2624 3996 Evangeliis
2673 3922 3140 3994 comprobarent.
3185 3923 3255 3975 Et
3304 3920 3446 3992 quid
3503 3936 3651 3992 opus
3707 3923 3832 3976 erat

2181 4031 2279 4071 eos
2335 4029 2440 4084 pro
2497 4011 2589 4067 his
2645 4011 2909 4079 vocibus,
2969 4008 3471 4081 disputationibus
3521 4007 3831 4078 verbisque

2182 4104 2502 4170 decertare,
2536 4100 2860 4169 turbasque
2889 4097 3040 4153 ciere
3070 4097 3131 4152 in
3156 4095 3396 4168 populo,
3427 4112 3562 4150 cum
3593 4097 3833 4166 possent

2181 4191 2296 4247 alia
2337 4191 2558 4245 ratione
2605 4186 3085 4258 irrefragabiliter
3127 4185 3284 4257 piam
3333 4183 3832 4255 orthodoxamque

2182 4279 2534 4336 sententiam
2565 4275 2941 4333 constabilire
2963 4274 2990 4328 ?

2250 4369 2341 4423 26.
2373 4367 2593 4422 Verum
2623 4383 2691 4420 ex
2721 4364 2887 4419 Patre
2916 4378 3176 4419 asserere
3207 4355 3518 4434 prooedere
3545 4359 3830 4430 Spiritum

2181 4461 2471 4522 sanctum,
2507 4458 2566 4510 et
2593 4471 2661 4508 ex
2692 4453 2859 4508 Patre
2886 4468 2986 4522 per
3019 4449 3225 4505 Filium
3274 4465 3452 4506 sensu
3489 4448 3647 4502 idem
3676 4462 3831 4513 esse,

2183 4562 2288 4602 nec
2334 4546 2651 4609 diversum,
2697 4559 2765 4597 ex
2810 4541 2958 4596 actis
3003 4540 3270 4610 ejusdem
3310 4537 3571 4609 septimae
3620 4535 3830 4607 synodi

416 4637 664 4716 ἑϐδόμης
715 4638 943 4704 συνόδου
1023 4623 1337 4712 πρακτικῶν
1398 4637 1757 4715 ἐναργέστατα
1814 4634 2069 4712 καταφαί-

2181 4633 2551 4707 apertissime
2600 4630 2906 4686 evincitur.
2937 4629 3084 4684 Nam
3124 4643 3254 4682 cum
3305 4625 3446 4682 torni
3495 4624 3556 4679 in
3608 4623 3830 4695 synodo

413 4751 587 4788 νεται.
617 4734 732 4786 Τῶν
788 4729 984 4803 Τόμων
1034 4729 1139 4805 γὰρ
1197 4726 1690 4803 ὑπανεγνωσμὲνων
1751 4722 2069 4791 συνοδικῶς,

417 4823 518 4874 τοῦ
547 4839 607 4875 τε
634 4819 696 4874 τὸ
745 4821 972 4891 Πνεῦμα
1027 4818 1088 4872 τὸ
1141 4817 1288 4893 ἅγιον
1330 4815 1390 4872 ἐκ
1442 4819 1540 4871 τοῦ
1599 4813 1813 4890 ῙΙατρὸς
1846 4810 1914 4866 δι’
1944 4813 2073 4865 Υἱοῦ

417 4905 810 4985 διασαφοῦντος
865 4904 1316 4983 ἐκπορευόμενον,
1349 4903 1438 4960 καὶ
1493 4907 1612 4971 τοῦ,
1663 4899 1856 4963 ἀϊδίως
1909 4899 2069 4955 ἐκπο-

419 4996 714 5074 ρευόμενον
759 4996 820 5052 ἐκ
866 4999 965 5050 τοῦ
1012 4998 1144 5052 Θεοῦ
1193 4993 1283 5049 καὶ
1336 4993 1549 5069 ΙΙατρὸς
1577 4992 1639 5046 τὸ
1669 4991 1800 5046 αὐτὸ
1835 4994 2070 5062 Πνεῦμα,

416 5083 856 5161 διαγορεύοντος,
890 5085 919 5139 ὁ
954 5083 1046 5158 μὲν
1101 5086 1209 5138 τῶν
1267 5088 1368 5151 τῆς
1419 5077 1644 5136 συνόδου
1697 5081 1904 5134 σεπτῶν
1955 5082 2071 5131 Ila-

413 5168 614 5251 τέρων,
663 5171 836 5235 οὕτως
894 5169 1126 5248 ἔχουσαν
1184 5172 1284 5240 τὴν
1343 5170 1570 5246 γνώμην
1629 5168 1925 5243 ἐξήνεγκεν.
1987 5167 2072 5220 Ἐν

421 5260 670 5337 μηδεμιᾷ
747 5263 927 5333 ἐννοίᾳ
999 5258 1453 5337 παραλλάττοντα
1517 5257 1715 5313 καὶτά
1767 5260 1858 5310 νῦν
1922 5255 2078 5329 ἀναγ-

417 5353 694 5410 νωσθέντα
777 5351 838 5407 ἐκ
915 5357 1018 5420 τῆς
1125 5345 1425 5417 Ἀνατολῆς
1529 5344 1841 5424 πεμφθέντα
1940 5343 2076 5417 πρὸς

416 5440 680 5518 Ταράσιον
758 5440 853 5496 τὸν
936 5439 1239 5515 ἁγιώτατον
1325 5434 1756 5512 ἀρχιεπίσκοπον
1840 5433 1929 5488 καὶ
2000 5433 2079 5485 οἱ-

417 5530 744 5604 κουμενικὸν
819 5530 1195 5604 πατριάρχην,
1261 5529 1359 5580 τοῦ
1443 5525 1530 5580 ὑπ’
1586 5524 1751 5580 αὐτοῦ
1835 5541 2080 5598 προομο-

422 5617 756 5694 λογηθὲντος
830 5616 964 5694 ὅρου
1039 5618 1139 5685 τῆς
1228 5608 1461 5675 πίστεως
1547 5613 1741 5689 εὑρὼν,
1820 5611 1974 5686 κάγὼ
2052 5610 2080 5663 ὁ

422 5707 639 5780 ἀνάξιος
715 5706 931 5774 τούτοις
1005 5704 1335 5780 συντίθεμαι.
1417 5704 1474 5757 Ὁ
1551 5699 1609 5758 δὲ
1681 5700 1936 5772 τοιαύτην
2005 5701 2078 5754 ὧν

2181 4721 2312 4778 lecti
2348 4721 2617 4784 fuissent,
2652 4718 2748 4774 ille
2779 4716 3066 4784 videlicet,
3099 4715 3200 4787 qui
3229 4713 3512 4786 Spiritum
3557 4715 3831 4768 sanctum

2183 4827 2252 4867 ex
2296 4810 2458 4865 Patre
2505 4823 2608 4878 per
2657 4805 2872 4862 Filium
2925 4804 3333 4875 procedentem
3380 4801 3672 4868 affirmat;
3702 4803 3830 4855 tum

2183 4899 2355 4961 alius,
2388 4897 2488 4968 qui
2521 4897 2593 4951 ab
2625 4899 2838 4951 aeterno
2871 4893 3280 4965 procedentem
3312 4907 3381 4947 ex
3420 4890 3535 4946 Deo
3580 4892 3639 4944 et
3669 4889 3833 4944 Patre

2184 4989 2455 5045 eumdem
2499 4983 2783 5056 Spiritum
2836 4981 3066 5048 asserit,
3098 4997 3251 5035 unus
3300 4996 3370 5036 ex
3417 4977 3623 5050 synodi
3670 4993 3836 5034 vene-

2183 5076 2385 5133 randis
2414 5074 2688 5129 Patribus
2718 5071 3068 5127 sententiam
3098 5068 3183 5124 ita
3208 5084 3271 5124 se
3301 5068 3612 5124 habentem
3639 5068 3836 5138 protu-

2183 5165 2253 5220 lit
2281 5182 2300 5220 :
2352 5165 2496 5220 Cum
2549 5163 2782 5232 scripta,
2830 5176 2950 5231 quae
2997 5174 3146 5214 nunc
3192 5158 3347 5224 lecta,
3395 5165 3448 5213 et
3505 5171 3575 5212 ex
3623 5155 3839 5210 Oriente

2184 5255 2357 5309 missa
2386 5255 2515 5306 sunt
2552 5250 2624 5305 ad
2674 5249 2960 5304 Tarasium
3009 5247 3425 5302 sanctissimum
3468 5243 3840 5314 archiepisco-

2182 5359 2319 5415 pum
2367 5349 2420 5396 et
2470 5340 2868 5395 (ecumenicum
2920 5334 3300 5407 patriarcham
3355 5336 3417 5388 in
3466 5333 3622 5388 nullo
3678 5347 3841 5387 sensu

2187 5433 2508 5502 discrepare
2535 5446 2570 5484 α
2599 5427 2918 5497 deﬁnitione
2945 5424 3074 5495 ﬁdei
3121 5424 3190 5479 ab
3235 5423 3419 5479 eodem
3465 5423 3665 5478 emissa
3692 5435 3838 5476 com-

2186 5521 2423 5593 periam,
2456 5534 2555 5586 ego
2583 5530 2794 5589 quoque
2820 5513 3082 5584 indignus
3111 5513 3395 5567 assentior.
3441 5509 3604 5565 Alius
3635 5522 3837 5563 eorum

2190 5626 2321 5682 quae
2351 5607 2556 5673 audiit,
2590 5603 2944 5660 sententiam
2975 5601 3126 5656 hanc
3157 5601 3346 5656 dedit:
3367 5599 3583 5671 Scripta
3630 5595 3841 5651 Tarasii

2191 5697 2530 5755 sanctissimi
2588 5692 2982 5764 archiepiscopi
3037 5694 3090 5747 et
3138 5689 3460 5747 cecumenici
3503 5683 3840 5760 patriarcha
