4154 6428
2540 278 2569 285 ..ιι

404 439 523 503 563
1658 427 2082 494 NIGEPHORI
2127 427 2566 494 BLEMMIDE
3702 430 3816 492 ΒΜ

407 588 533 647 qua
563 572 701 629 lecta
720 570 866 629 etab
897 567 1176 627 Orientali
1198 567 1419 626 dic'ecesi
1439 566 1512 622 ab
1542 566 1698 621 illius
1722 565 2054 637 praesulibus

2183 564 2479 637 ἠκροάσατο
2535 565 2633 634 τήν
2683 563 2857 638 κρίσιν
2917 562 3203 635 πεποίηκε’
3257 561 3333 619 Τὰ
3412 563 3819 640 ἀναγνωσθέντα

407 665 578 718 missa
605 666 751 731 sunt,
786 663 949 716 talem
979 659 1415 729 conformitatem
1455 672 1583 711 cum
1632 655 1853 722 scriptis
1901 655 2054 708 anti—

408 753 556 807 stitis
587 748 1185 820 Constantinopolitani
1232 746 1434 801 habere
1478 745 1755 808 existimo,
1795 751 1855 797 ut
1899 742 2059 797 nulla

411 840 701 895 diversitas
731 840 880 893 inter
914 853 979 891 ea
1006 838 1097 901 sit,
1127 835 1227 889 sed
1263 835 1501 905 perfecta
1533 832 1795 886 identitas
1826 849 1845 886 :
1891 830 1967 886 ita
1997 838 2057 885 ut

414 944 585 984 unum
616 936 852 998 utraque
878 927 1010 995 sint,
1056 925 1219 996 plena
1260 923 1468 977 scilicet
1513 924 1665 977 omni
1702 920 2054 976 orthodoxia.

415 1018 581 1073 Alius
609 1017 694 1071 ita
723 1013 1133 1072 determinavit
1165 1031 1177 1068 :
1213 1014 1420 1081 Quibus
1446 1012 1622 1081 pietas
1650 1025 1805 1066 cura?
1830 1014 1935 1073 ‘est,
1989 1009 2060 1063 iis

414 1109 605 1179 utique
641 1111 695 1161 et
741 1104 1083 1161 orthodoxiae
1111 1103 1286 1157 oratio
1329 1099 1647 1171 resplendet.
1696 1101 1830 1154 lure
1875 1100 2063 1168 itaque

412 1196 604 1251 merito
635 1210 758 1249 mea
782 1192 1026 1264 parvitas
1055 1192 1206 1246 lectis
1232 1190 1429 1255 sacris,
1462 1204 1527 1243 ac
1552 1187 1832 1259 synodicis
1863 1185 2063 1242 litteris

413 1283 759 1341 sanctissimi
787 1285 838 1337 et
868 1280 1170 1336 beatissimi
1217 1279 1402 1346 Regia?
1446 1272 1600 1331 urbis
1642 1276 2063 1347 archiprwsulis

417 1373 650 1437 Tarasii,
684 1386 818 1441 quas
862 1368 939 1425 ad
968 1367 1272 1422 Orientales
1325 1366 1655 1421 transmissit
1683 1382 1703 1419 :
1750 1379 1967 1419 necnon
2013 1371 2066 1418 et

419 1460 526 1527 his,
541 1474 667 1531 quae
680 1460 747 1513 ab
766 1459 843 1513 eis
865 1456 935 1511 ad
956 1459 1136 1528 ipsum
1158 1454 1379 1511 directae
1397 1458 1541 1520 sunt,
1555 1455 1806 1508 animum
1823 1451 2066 1521 diligen-

418 1555 505 1605 ter
530 1548 837 1611 advertens,
858 1562 959 1617 per
985 1545 1174 1599 omnia
1201 1546 1518 1599 sanctorum
1547 1544 1777 1597 Patrum
1819 1542 1951 1611 ﬁdei
1973 1556 2066 1595 or-

422 1635 670 1693 thodoxae
697 1634 1086 1690 concordantes
1118 1634 1297 1703 legens
1324 1632 1570 1701 cognovi.
1586 1629 1752 1684 Alius
1774 1629 1880 1683 bas
1899 1643 2069 1684 voces

424 1724 624 1782 emisit
654 1741 667 1779 :
701 1723 1104 1778 Consentientes
1134 1722 1352 1775 intuens
1380 1718 1670 1791 synodicas
1714 1719 1929 1773 litteras
1962 1722 2070 1774 Ta-

426 1812 567 1867 rasii
592 1811 925 1867 sanctissimi
951 1819 1002 1865 et
1033 1810 1354 1864 mcumenici
1379 1808 1715 1879 patriarcha:
1741 1807 2075 1876 etrescripta

426 1916 618 1958 eorum
666 1900 733 1955 ab
779 1898 1139 1954 orientalibus
1179 1897 1515 1969 praesulibus
1561 1896 1903 1963 transmissa,
1952 1893 2075 1949 illis

427 1988 726 2045 consentio.
758 1985 923 2041 Alius
953 1986 1035 2040 ita
1064 1983 1465 2057 pronuntiavit
1496 2000 1509 2037 :
1563 1982 1715 2038 Sicut
1745 1999 1920 2038 unum
1949 1999 2074 2038 sen-

426 2078 626 2132 tientes
653 2076 1025 2143 convenimus,
1058 2075 1138 2128 ita
1163 2077 1213 2128 et
1241 2089 1416 2128 unum
1445 2071 1631 2127 dicere
1658 2072 1835 2127 edocti
1860 2087 2075 2134 sumus,-

427 2165 690 2236 quoniam
720 2165 915 2234 itaque
961 2162 1215 2233 synodici
1257 2161 1438 2232 apices
1489 2160 1697 2216 Tarasii
1741 2161 2079 2215 sanctissimi

428 2253 751 2308 aecumenici
773 2250 1115 2323 patriarchae
1143 2249 1213 2306 ad
1258 2250 1629 2305 sanctissimos
1658 2249 1901 2305 Orientis
1926 2265 2043 2320 pra
2062 2281 2077 2290 -

429 2342 577 2397 sules
603 2356 703 2412 per
732 2339 981 2396 eumdem
1011 2339 1342 2403 transmissi,
1366 2347 1415 2394 et
1444 2340 1714 2409 rescripta
1738 2354 1838 2409 per
1865 2338 2080 2393 eosdem

430 2429 501 2486 ad
541 2430 723 2501 ipsum
766 2428 994 2497 directa,
1024 2428 1089 2481 de
1138 2434 1328 2482 sancta
1373 2431 1425 2482 et
1470 2426 1781 2483 orthodoxa
1830 2425 1939 2495 ﬁde
1981 2442 2081 2482 seu

432 2516 835 2575 universalium
880 2517 1217 2588 synodorum
1261 2516 1407 2570 inter
1450 2531 1506 2570 se
1551 2517 1693 2571 recte
1733 2517 2079 2579 conveniant,

434 2607 515 2662 ita
540 2613 713 2677 etego
742 2604 917 2661 credo.
971 2603 1199 2676 Reliqui
1247 2602 1605 2659 sanctissimi
1654 2603 1910 2675 episcopi
1961 2604 2081 2659 hinc

435 2693 878 2750 conclamarunt
909 2710 922 2748 :
958 2694 1101 2760 Tota,
1132 2709 1255 2764 qum
1296 2708 1397 2763 per
1444 2694 1689 2762 gratiam
1721 2692 1930 2748 Christi
1966 2694 2085 2748 veri

437 2784 537 2841 Dei
578 2785 775 2851 nostri,
804 2790 855 2839 et
894 2784 1050 2854 piam
1096 2780 1701 2853 tranquillissimorum,
1733 2790 1784 2837 et
1831 2781 2082 2837 orihodo-

437 2887 641 2927 uorum
666 2878 978 2927 nostrorum
1026 2873 1429 2941 imperatorum
1467 2869 1809 2925 sanctionem
1852 2886 2081 2939 congre-

438 2967 569 3031 gata
605 2969 686 3017 est
731 2959 992 3031 synodus,
1018 2958 1345 3014 relationmn
1393 2959 1461 3012 ab
1511 2958 1769 3013 Adriano
1805 2974 1955 3029 papa
1997 2974 2082 3013 se-

435 3048 613 3104 nioris
670 3050 855 3104 Romae
910 3046 981 3101 ad
1034 3048 1282 3101 maxime
1342 3045 1666 3101 orthodoxos
1726 3047 2085 3117 imperatores

438 3138 669 3206 nostros,
701 3139 753 3191 et
782 3135 1036 3191 chartam
1062 3150 1211 3189 nunc
1238 3135 1452 3201 lectam,
1486 3149 1610 3204 qnae
1651 3139 1858 3189 rectam
1903 3136 2083 3191 ortho-

439 3222 742 3295 dexamque
803 3224 1180 3293 deﬁnitionem
1253 3223 1613 3288 sanctissimi,
1669 3230 1720 3277 et
1778 3223 2086 3279 beatissimi

2165 650 2469 725 γράμματα
2544 653 2808 729 Ταρασίου
2890 657 2988 707 τοῦ
3071 654 3377 728 ἁγιωτάτου
3460 652 3815 730 ἀρχιεπισκό-

2166 760 2271 793 που
2356 741 2446 795 καὶ
2534 742 2916 815 οἷ’κουμενικοῦ
2997 742 3363 817 πατριάρχου,
3394 740 3483 796 καὶ
3572 742 3641 796 τὰ
3717 739 3819 796 ἀπὸ

2164 835 2265 897 τῆς
2351 828 2682 899 ἀνατολικῆς
2788 827 3114 900 διοικήσεως
3206 830 3353 906 παρά
3431 834 3545 884 τῶν
3640 828 3820 894 αὐτόθι

2167 916 2491 993 ἀρχιερέων,
2575 917 2832 987 τοιαύτην
2915 916 3227 988 οἷκειότητα
3315 914 3461 993 ἔχειν
3549 919 3688 993 πρὸς
3758 918 3824 973 τὰ

2166 1009 2264 1060 τοῦ
2359 1005 2523 1061 αὐτοῦ
2610 1009 2851 1082 ἡγοῦμαι
2935 1006 3238 1082 ἀρχιερέως
3318 1006 3822 1062 Κωνσταντινουπό-

2171 1092 2331 1163 λεως,
2388 1094 2527 1150 ὥστε
2603 1093 2874 1168 μηδεμίαν
2962 1096 3254 1172 ἑτερότητα
3308 1094 3360 1149 ἐν
3420 1094 3609 1158 αὐτοῖς
3669 1095 3822 1168 εἶναι,

2170 1179 2316 1237 ἀλλὰ
2381 1182 2591 1239 τελείαν
2668 1183 2996 1254 ταυτότητα,
3055 1184 3131 1246 ὡς
3198 1182 3254 1238 ’ὲν
3313 1184 3403 1239 καὶ
3454 1184 3521 1239 τὸ
3577 1184 3710 1239 αὐτὸ
3762 1185 3826 1239 τὰ

2173 1268 2338 1348 ἄμφω
2412 1271 2568 1344 εἶναι,
2629 1269 2748 1342 ἤως
2831 1272 3245 1349 πεπληρωμένα
3330 1273 3515 1344 πάσης
3604 1270 3823 1350 ὀρθοδα-

2173 1358 2309 1432 ξίας.
2364 1362 2585 1437 Ἕτερος
2636 1360 2835 1416 οὑτωσὶ
2892 1360 3226 1440 ἀπεφήνατοσ
3278 1362 3379 1424 Οἷς
3443 1362 3471 1416 ὁ
3525 1367 3633 1431 τῆς
3689 1361 3826 1417 εὐσε-

2174 1442 2325 1510 ϐείας
2394 1446 2762 1522 μεμελέτηται
2829 1449 3053 1525 τρόπος,
3137 1449 3353 1512 τούτοις
3435 1446 3619 1521 δήπου
3704 1448 3827 1504 πάν-

2173 1557 2282 1598 τως
2356 1538 2446 1591 καὶ
2522 1539 2551 1592 ὁ
2605 1540 2704 1607 τῆς
2791 1534 3107 1613 όρθοδοξίας
3193 1535 3562 1612 διαλάμπεται
3641 1537 3818 1614 λόγος.

2177 1624 2421 1688 Εἰκότως
2476 1626 2656 1681 τοίνυν
2714 1625 2804 1681 καὶ
2861 1629 2897 1697 ἡ
2958 1626 3065 1700 ἐμὴ
3129 1626 3432 1703 βραχύτης,
3490 1632 3608 1690 τοῖς
3666 1626 3831 1703 ἀναγ-

2177 1719 2454 1777 νωσθεῖσιν
2542 1716 2710 1790 ἱεροῖς
2806 1715 2895 1770 καὶ
2982 1712 3285 1778 συνοδικοῖς
3366 1716 3657 1792 γράμμασι
3737 1721 3830 1771 τοῦ

2182 1803 2481 1857 ὁσιωτάτου
2564 1803 2654 1857 καὶ
2733 1802 3149 1879 μακαριωτάτου
3235 1810 3337 1873 τῆς
3438 1804 3834 1880 βασιλευούσης

2180 1894 2288 1944 τῶν
2389 1888 2603 1946 πόλεων
2715 1888 3121 1968 ἀρχιπροέδρου
3212 1891 3505 1968 Ταρασίου,
3596 1891 3631 1946 ἃ
3702 1892 3836 1966 πρὸς

2180 1977 2307 2039 τοὺς
2383 1985 2484 2048 τῆς
2571 1980 2742 2053 Ἑῲας
2831 1978 3221 2051 ἐξαπέστειλεν,
3282 1978 3360 2034 ἔτι
3429 2001 3495 2056 γε
3575 1981 3683 2054 μὴν
3751 1978 3837 2034 καὶ

2182 2072 2298 2128 τοῖς
2338 2068 2466 2141 παρ’
2521 2066 2697 2121 αὐτῶν
2782 2068 2919 2142 πρὸς
3005 2066 3164 2122 αὐτὸν
3248 2066 3606 2124 ἀποσταλεῖσι
3671 2086 3839 2123 νουνε-

2186 2159 2304 2231 χῶς
2362 2155 2425 2209 τὸ
2481 2162 2579 2225 τῆς
2619 2153 2861 2218 διανοίας
2918 2154 3184 2229 ἐνερείσας
3241 2152 3419 2230 ὄμμα,
3479 2158 3620 2212 κατά
3672 2157 3839 2211 πάντα

2182 2247 2252 2316 τῇ
2308 2247 2415 2297 τῶν
2490 2243 2657 2319 ἁγίων
2744 2245 3001 2320 Ματέρων
3092 2249 3485 2323 συμφωνοῦντα
3570 2242 3837 2320 ὀρθοδόξῳ

2186 2330 2384 2402 πίστει,
2455 2328 2544 2385 διὰ
2614 2334 2715 2401 τῆς
2791 2332 3140 2407 ἀναγνώσεως
3198 2328 3385 2407 ἔγνων.
3448 2331 3661 2396 ’Ἄλλος
3714 2332 3836 2387 ταύ-

2185 2440 2281 2481 τας
2352 2416 2537 2495 εῗ¹ρηκε
2588 2420 2682 2482 τὰς
2769 2418 2972 2499 φωνάς·
3033 2420 3311 2497 Σύμφωνα
3369 2422 3513 2496 ὁρῶν
3567 2422 3636 2477 τὰ
3685 2441 3833 2477 συνο-

2189 2505 2313 2563 δικὰ
2377 2509 2677 2582 γράμματα
2731 2509 2995 2584 Ταρασίου
3049 2530 3109 2564 τε
3191 2514 3287 2565 τοῦ
3364 2509 3672 2586 ἀγιωτάτου
3752 2508 3836 2563 καὶ

2189 2595 2572 2669 οἰκουμενικοῦ
2654 2595 3022 2673 πατριάρχου,
3078 2598 3168 2653 καὶ
3251 2599 3319 2653 τὰ
3401 2599 3701 2677 ἀντίγραφα
3749 2596 3834 2653 αύ-

2186 2689 2294 2739 τῶν
2353 2686 2421 2739 τὰ
2475 2685 2580 2740 ἀπὸ
2636 2690 2743 2741 τῶν
2805 2693 2907 2755 τῆς
2964 2688 3263 2756 ἈνατοΛῆς
3345 2687 3672 2765 ἀρχιερέων,
3716 2708 3836 2742 συν-

2187 2773 2402 2846 τίθεμαι
2467 2773 2671 2837 αύτοῖς.
2727 2777 2950 2851 ’Έτερος
3033 2775 3206 2838 οὕτως
3263 2775 3582 2855 ἐφθέγξατω
3641 2780 3834 2850 Ὥσπερ

2186 2862 2242 2916 ’ὲν
2326 2867 2650 2940 φρονοῦντες
2733 2861 3104 2937 ἐληλύθαμεν,
3165 2863 3309 2920 οὕτω
3391 2866 3485 2920 καὶ
3547 2865 3602 2921 ’ὲν
3663 2864 3833 2940 λέγειν

2191 2947 2579 3026 ἐδιδάχθημεν.
2642 2952 2961 3029 Συμφώνων
3016 2952 3198 3007 τοίνυν
3276 2952 3454 3009 ούσῶν
3529 2958 3639 3010 τῶν
3718 2954 3838 3008 ὑπα-

2189 3044 2597 3113 ναγνωσθεισῶν
2701 3038 2997 3096 συνοδικῶν
3080 3045 3310 3116 κεραιῶν
3393 3044 3667 3120 Ταρασίου
3745 3044 3836 3097 τοῦ

2189 3128 2498 3204 ἀγιωτάτου
2593 3128 2977 3203 οἷκουμενικοῦ
3079 3130 3446 3206 πατριάρχου,
3530 3137 3637 3187 τῶν
3723 3148 3837 3184 στα-

2191 3214 2387 3271 λεισῶν
2463 3218 2589 3292 παρ’
2644 3217 2810 3272 αὐτοῦ
2883 3219 3020 3293 πρὸς
3094 3217 3221 3280 τοὺς
3291 3227 3394 3288 τῆς
3449 3220 3624 3293 Ἑῴας
3682 3220 3838 3294 ἁγιω-

438 3294 759 3367 cecumenici
802 3310 1148 3382 patriarchae
1204 3310 1417 3365 Tarasii
1478 3311 1871 3381 complectitur,
1920 3314 2074 3383 atque

2189 3306 2384 3367 τάτους
2439 3305 2737 3381 ἀρχιερεῖς,
2795 3305 2884 3360 καὶ
2956 3310 3062 3361 τῶν
3142 3305 3484 3386 ἀντιγράφων
3553 3313 3661 3364 τῶν
3717 3304 3835 3381 παρ’

434 3401 649 3456 litteras
678 3400 755 3456 ad
785 3399 1178 3454 beatitudinem
1203 3401 1322 3470 ejus
1360 3398 1431 3453 ab
1479 3399 1721 3455 Orientis
1747 3400 2081 3469 praesulibus

434 3489 653 3553 missas,
713 3488 1037 3559 recipientes
1122 3488 1525 3557 conﬁrmamus,
1601 3495 1654 3543 et
1734 3503 2080 3544 veneramur.

433 3576 581 3632 Hinc
608 3575 981 3647 indagatores
1012 3574 1271 3630 veritatis
1300 3578 1594 3644 astruunt,
1626 3568 2081 3632 sanctissimum

434 3664 742 3720 Tarasium
783 3663 1215 3735 processionem
1267 3662 1521 3735 Spiritus
1568 3663 1755 3719 sancti
1804 3681 1872 3719 ex
1920 3665 2084 3721 Patre

433 3766 539 3824 per
565 3751 774 3807 Filium
808 3752 868 3806 in
898 3767 1178 3823 germana
1216 3751 1435 3823 synodo
1484 3768 1620 3807 cum
1668 3754 2080 3819 examinasset,

431 3840 951 3912 approbassetque,
1001 3839 1085 3894 ita
1135 3838 1228 3910 pie
1275 3840 1616 3906 admodum,
1650 3844 1706 3895 et
1750 3840 1943 3895 divino
1993 3840 2082 3895 in-

436 3926 659 3985 stinctu
689 3927 1024 3995 tradidisse,
1051 3928 1374 3983 multorum
1416 3928 1640 3998 judicio
1687 3928 2082 3984 stabilientem

433 4014 603 4083 illud,
637 4020 693 4071 et
741 4016 1208 4085 conﬁrmantem,
1241 4021 1299 4072 et
1344 4032 1446 4088 per
1474 4016 1785 4088 epistolam
1830 4018 1901 4071 ad
1953 4017 2082 4073 uni-

432 4119 633 4159 versas
662 4103 875 4160 Christi
905 4103 1192 4160 Ecclesiae
1223 4103 1750 4177 promulgationem
1784 4107 2080 4162 universa-

432 4190 548 4247 lem
591 4192 1108 4247 transmittentem.

2191 3394 2367 3449 αὐτῶν
2425 3393 2561 3469 πρὸς
2630 3393 2789 3449 αὐτὸν
2868 3395 3243 3472 πεμφθέντων,
3302 3397 3444 3473 πρὸς
3519 3398 3619 3467 τὴν
3692 3394 3831 3471 ἁγίαν

2190 3482 2281 3537 καὶ
2351 3479 2634 3558 ὀρθόδοξον
2706 3482 2885 3537 πίστιν
2957 3487 3064 3538 τῶν
3142 3483 3199 3555 ’ἐξ
3279 3484 3675 3561 οἶκουμενικῶν
3755 3504 3835 3537 συ·

2191 3569 2388 3643 νόδων,
2421 3571 2565 3626 οὕτω
2594 3571 2744 3648 κάγὼ
2795 3573 3053 3628 πιστεύω.
3090 3575 3154 3629 Οἱ
3204 3572 3392 3629 λοιποὶ
3449 3581 3560 3632 τῶν
3620 3571 3866 3630 ὁσιωτάο’

2189 3681 2296 3715 των
2384 3659 2691 3715 ἐπισκόπων
2774 3663 2924 3717 ταῦτ’
2982 3661 3343 3741 ἐξεφώνησαν
3403 3671 3567 3721 Πᾶσα
3621 3667 3655 3734 ἡ
3707 3659 3835 3718 κατὰ

2192 3749 2354 3824 χάριν
2420 3753 2656 3823 Χριστοῦ
2732 3754 2829 3805 τοῦ
2886 3749 3151 3822 ἀληθινοῦ
3209 3756 3344 3807 Θεοῦ
3398 3755 3583 3827 ἡμῶν,
3641 3752 3729 3807 καὶ
3773 3748 3837 3804 τὰ

2192 3832 2507 3915 φιλευσεϐἐς
2595 3838 2864 3912 θέσπισμα
2940 3843 3047 3893 τῶν
3134 3838 3521 3916 γαληνοτάτων
3592 3840 3681 3896 καὶ
3748 3838 3834 3913 ὀρ·

2190 3923 2426 3998 θοδόξων
2518 3928 2677 4000 ἡμῶν
2794 3926 3062 4003 βασιλέων
3176 3933 3622 4006 συναθροισθεῖσα
3719 3924 3836 4003 ἁγία

2192 4011 2438 4083 σύνοδος,
2492 4016 2592 4084 τὴν
2682 4015 2980 4091 γενομένην
3068 4016 3335 4096 ἀναφορὰν
3420 4019 3573 4096 παρά
3627 4015 3835 4093 ’Δδρια-

2189 4108 2284 4159 νοῦ
2363 4102 2516 4159 πάπα
2592 4111 2694 4175 τῆς
2774 4100 3140 4183 πρεσϐυτέρας
3193 4108 3416 4181 Ῥώμης
3502 4109 3638 4185 πρὸς
3718 4103 3835 4164 τοὺς

2192 4190 2645 4269 ὀρθοδοξοτάτους
2726 4196 2885 4266 ἡμῶν
2992 4192 3255 4270 βασιλεῖς,
3344 4197 3436 4251 καὶ
3532 4197 3623 4253 τὸν
3726 4190 3835 4248 νυνὶ

430 4276 839 4363 ἀναγνωσθέντα
885 4275 1117 4353 χάρτην,
1151 4276 1276 4353 ὅρον
1339 4275 1649 4351 ὀρθοδοξίας
1678 4284 1771 4333 τοῦ
1830 4280 2135 4355 ἀγιωτάτου
2164 4282 2254 4337 καὶ
2289 4283 2707 4359 μακαριωτάτου
2754 4282 3136 4356 οἱκουμενικοῦ
3185 4286 3533 4363 πατριάρχου
3581 4280 3834 4358 Ταρασίου

431 4360 581 4437 ὄντα,
612 4364 701 4420 καί
754 4366 823 4420 τὰ
878 4366 984 4420 ἀπὸ
1038 4373 1139 4434 τῆς
1169 4366 1470 4436 Ἀνατολῆς
1501 4366 1909 4445 ἀναπεμφθέντα
1938 4371 2073 4446 πρὸς
2104 4371 2204 4441 τήν
2253 4371 2418 4425 αὐτοῦ
2469 4370 2844 4447 μακαριότητα
2872 4373 3019 4447 παρὰ
3071 4377 3178 4428 τῶν
3213 4360 3518 4451 ἀρχιερέων
3550 4373 3836 4451 γράμματα

434 4451 859 4527 ἀποδεχόμενοι,
918 4458 1269 4529 στοιχοῦμεν,
1321 4454 1410 4508 καὶ
1468 4454 1835 4529 ἀσπαζόμεθα.
1898 4459 2167 4513 Ἐντεῦθεν
2225 4459 2277 4512 οἱ
2333 4460 2396 4513 τὸ
2454 4456 2655 4528 ἀληθὲς
2737 4459 3088 4530 ἐκζητοῦντες
3176 4461 3535 4537 πορίζονται,
3595 4460 3685 4517 καὶ
3756 4455 3832 4513 ὅτι

429 4541 493 4595 τὸ
552 4539 612 4595 ἐκ
662 4545 761 4596 τοῦ
835 4540 1047 4616 ῙΙατρὸς
1109 4538 1180 4595 δι’
1235 4543 1363 4595 Υἱοῦ
1418 4543 1481 4597 τὸ
1538 4548 1762 4617 Πνεῦμα
1815 4544 1877 4599 τὸ
1936 4547 2085 4621 ἅγιον
2146 4545 2524 4621 ἐκπορεύεσθαι
2586 4546 2720 4619 μετὰ
2766 4554 2867 4617 τῆς
2924 4546 3127 4611 οἷ’κείας
3182 4547 3411 4604 συνόδου
3499 4544 3834 4620 κατεξετάσας

428 4628 519 4683 καὶ
580 4626 878 4716 δοκιμάσας
936 4631 964 4684 ὁ
1021 4632 1323 4704 ἁγιώτατος
1380 4631 1663 4708 Ταράσιος,
1724 4633 1866 4688 οὕτω
1935 4633 2303 4696 θεοπνεύστως
2362 4633 2593 4705 ἐξέθετο,
2648 4635 2820 4712 κρίσει
2905 4635 3132 4693 πολλῶν
3214 4638 3601 4716 κυρωσάμενος
3686 4630 3831 4699 αὐτὸ,

428 4716 519 4772 καὶ
556 4713 1014 4793 βεϐαιῶσάμενος,
1045 4718 1135 4773 καὶ
1158 4720 1421 4795 κήρυγμα
1476 4720 1819 4795 παγκόσμιον
1880 4718 1951 4776 δι’
2010 4720 2305 4791 ἐπιστολῆς
2361 4723 2437 4785 εἰς
2492 4729 2664 4779 πᾶσαν
2722 4722 3202 4803 διαπεφοιτηκυίας
3260 4713 3554 4800 ἐκκλησίαν
3606 4720 3831 4802 Χριστοῦ

427 4807 820 4879 ποιησάμενος.

497 4897 589 4952 27.
623 4898 787 4963 Quod
817 4897 867 4953 si
898 4897 1033 4953 fidei
1060 4898 1423 4971 Symbolum,
1457 4900 1612 4970 quod
1653 4916 1688 4956 a
1717 4900 1986 4957 Patribus
2017 4902 2074 4958 in

2256 4902 2355 4969 κζ’.
2391 4900 2453 4955 Εἰ
2487 4898 2545 4957 δὲ
2594 4903 2657 4957 τὸ
2707 4906 2808 4972 τῆς
2858 4904 3092 4977 πίστεως
3143 4900 3461 4978 Σύμϐολον,
3493 4905 3522 4960 ’ὀ
3550 4901 3695 4979 παρᾶ
3726 4899 3827 4951 τῶν

429 4985 651 5057 synodo
701 4987 959 5042 secunda
1004 4987 1334 5058 expositum
1383 4987 1512 5055 fuit,
1562 4988 1735 5044 etiam
1783 4993 1840 5044 et
1887 4988 1969 5044 illi
2018 4990 2074 5045 in

2187 4995 2288 5058 τῆς
2344 4986 2596 5066 δευτέρας
2652 4988 2876 5047 συνόδου
2937 4993 3190 5066 Ιῐατέρων
3270 4991 3580 5063 ἐκτέθειται,
3638 4986 3725 5044 καὶ
3782 4982 3829 5037 οἳ

430 5070 683 5144 septima
711 5077 914 5144 postea
942 5074 1341 5130 deﬁnitionem
1366 5075 1501 5131 ﬁdei
1522 5092 1652 5132 esse
1672 5077 2076 5149 decreverunt,

430 5174 548 5216 non
579 5164 669 5215 est
697 5176 802 5215 cur
827 5162 1126 5218 miremur.
1160 5162 1495 5219 Maluerunt
1532 5165 1688 5220 enim
1721 5165 1954 5236 publice
1983 5182 2076 5221 co-

427 5246 655 5320 gnitam
688 5250 981 5321 omnibus,
1012 5252 1515 5324 approbatamque
1551 5253 1954 5309 definitionem
1987 5270 2077 5310 ro-

430 5336 544 5391 bur
569 5336 763 5392 adhuc
794 5337 1024 5407 habere,
1055 5355 1126 5395 ne
1157 5339 1491 5395 viderentur
1520 5357 1728 5397 novam
1762 5342 2077 5413 professio-

430 5438 566 5479 nem
596 5422 724 5479 sine
752 5423 870 5481 ullo
910 5426 1305 5483 emolumento
1349 5430 1580 5485 tradere
1628 5446 1761 5485 cum
1814 5447 1881 5486 eo
1931 5436 2075 5486 tom-

433 5526 571 5582 pore
627 5512 899 5569 universa
954 5514 1210 5571 Ecclesia
1267 5517 1482 5571 Christi
1540 5518 1778 5573 unionis
1848 5519 2077 5575 vinculo

433 5596 824 5669 colligaretur.
855 5601 968 5656 Nec
1000 5601 1157 5659 ullus
1187 5608 1328 5659 tunc
1359 5607 1640 5677 temporis
1666 5624 1733 5661 ex
1765 5606 1857 5663 bis
1886 5609 2076 5662 omni-

434 5683 545 5741 bus
575 5686 920 5758 palriarchaa
952 5693 1347 5749 contradicere
1376 5711 1558 5751 ausus
1587 5701 1695 5752 est.
1728 5697 1891 5753 Esset
1920 5697 2077 5753 enim

2189 5084 2288 5146 τῆς
2320 5072 2563 5150 ἑϐδόμης
2597 5076 2722 5154 ὅρον
2768 5086 2868 5149 τῆς
2921 5080 3147 5143 αίστεως
3196 5081 3286 5136 καὶ
3347 5079 3499 5144 αὖθις
3558 5079 3689 5134 εἶναι
3752 5090 3830 5125 κε-

2186 5165 2455 5241 κρίκασιν,
2510 5165 2663 5222 οὐδὲν
2721 5167 3050 5241 θαυμαστόν.
3098 5169 3441 5244 ᾟρετίσαντο
3494 5170 3595 5245 γὰρ
3652 5163 3702 5221 ἐν
3753 5160 3829 5229 ³τῷ

2187 5259 2361 5325 κοινῷ
2410 5256 2502 5310 τὸν
2552 5262 2711 5311 πᾶσιν
2755 5256 3092 5332 ἐγνωσμένον
3151 5258 3243 5312 καὶ
3292 5250 3824 5333 καθωμολογημένον

2191 5340 2381 5417 λόγον,
2412 5344 2502 5399 καὶ
2563 5344 2725 5400 εἰσέτι
2780 5351 3016 5421 κρατεῖν,
3050 5346 3139 5401 καὶ
3202 5348 3277 5420 μὴ
3330 5345 3505 5403 δοκεῖν
3554 5345 3672 5400 νέαν
3704 5340 3804 5411 ὁμο

2189 5429 2386 5506 λογίων
2447 5432 2533 5488 ἐπὶ
2597 5431 2790 5507 μηδενὶ
2846 5432 3025 5511 κέρδει
3069 5435 3425 5511 παραδιδόναι
3483 5431 3664 5503 αὐτοὺ,
3696 5429 3826 5496 ἠνω-

2192 5520 2361 5592 μένης
2403 5521 2571 5590 οὔσης
2625 5526 2703 5595 τῷ
2756 5522 2880 5578 τότε
2928 5530 3028 5593 τῆς
3092 5523 3383 5595 ἐκκλησίας
3441 5523 3649 5590 ἀπάσης
3706 5519 3823 5587 XF"

2188 5613 2336 5663 ατοῦ·
2386 5609 2523 5672 τέως
2562 5616 2669 5665 τῶν
2721 5612 2967 5666 ἁπάντων
3028 5610 3203 5673 οὐδεὶς
3261 5610 3696 5691 ἀντιφθέγξασθαι
3748 5600 3822 5667 τῷ

2188 5698 2500 5775 πατριάρχῃ
2559 5700 2918 5773 τετόλμηκεν.
2951 5703 3048 5756 Ἦν
3107 5701 3208 5778 γὰρ
3263 5702 3322 5757 ἂν
3371 5706 3486 5763 τοῖς
3515 5691 3816 5774 πρακτικοῖς
