4154 6420
357 426 476 494 565

1234 430 1340 496 DE
1381 430 1922 498 PROCESSIONE
1964 433 2029 497 8.
2077 431 2438 499 SPIRlTUS
2484 433 2775 500 ORATIO
2817 434 2897 500 ιι.

3642 439 3762 504 866

357 557 718 641 ἐντεταγμένη
769 562 859 620 καὶ
916 564 952 635 ἡ
984 562 1319 643 ἄντίῤῥησις.
1380 566 1554 635 ’ΔΑλ’,
1599 567 1675 629 ὡς
1713 564 1877 638 ἔοικε,
1919 571 2009 621 νῦν

2123 569 2321 641 utique
2371 572 2428 624 et
2474 569 2854 627 contradictio
2907 570 2966 625 in
3027 569 3173 628 actis
3218 570 3456 629 inserta.
3506 572 3639 643 Sed,
3696 582 3764 636 ut

356 652 615 726 σύμπασα
682 657 917 729 γνῶσις,
958 654 1230 728 σύμπας.
1266 654 1457 728 ζῆλος,
1516 655 1638 711 τότε
1689 653 1747 710 δέ
1801 676 1862 732 γε
1913 655 2003 711 καὶ

356 739 551 820 ἐφεξῆς
601 746 847 798 τοιοῦτον
888 740 1066 801 οὐδὲν.
1116 747 1241 807 Πῶς
1289 745 1393 822 γὰρ
1428 745 1485 800 ἂν
1534 746 1597 800 τὸ
1640 751 1742 814 τῆς
1776 742 2002 821 όρθοδο-

354 830 471 902 ξίας
520 828 838 908 ἀλλότριον,
891 830 1040 909 εἷ’περ
1078 833 1145 903 ἧν
1195 831 1365 904 ὅλως,
1412 835 1867 906 ἀνεπισήμαντον,
1898 830 2004 896 ἕως

356 917 516 995 δεῦρο
570 922 896 997 παρεωράθη
932 965 947 993 ,
996 921 1094 977 ’καὶ
1152 914 1536 992 ἀστηλίτέυτον
1595 942 1609 991 ;
1669 928 1833 978 Ποῖον
1892 926 2000 978 τῶν

353 1007 605 1088 ἰκφόλων
653 1007 938 1087 δογμάτων
989 1010 1052 1067 οὐ
1103 1008 1451 1090 διεφαυλίσθη
1502 1011 1865 1086 πολυτρόπως
1903 1032 2002 1066 πα-

354 1095 803 1174 ραδειγματισθὲν
852 1117 867 1167 ;
920 1104 1083 1163 Ποῖος
1136 1099 1343 1177 ἂρχγὸς
1397 1107 1497 1170 τῆς
1550 1100 1765 1156 οἷασοῦν
1827 1099 1943 1176 αἰρὲ
1977 1133 1999 1143 -

354 1207 511 1258 σεως,
565 1186 603 1256 ἢ
662 1188 989 1264 συνήγορος,
1049 1186 1150 1243 οὐκ
1207 1186 1588 1265 ἐκκήρυκτος;
1636 1189 1707 1244 Τὸ
1758 1186 1825 1244 δι’
1873 1188 2002 1243 Υἰοῦ

353 1276 503 1352 παρὰ
559 1277 773 1352 ΙΙατρὸς
852 1274 1231 1353 ἐκπορεύεσθαι
1296 1278 1360 1332 τὸ
1416 1281 1642 1349 Πνεῦμα
1703 1277 1766 1332 τὸ
1826 1276 1999 1351 ἅγιον,

351 1363 494 1427 τίνες
552 1359 1009 1435 ἀποϐάλλονται;
1058 1365 1157 1421 Καὶ
1213 1364 1340 1429 τούς
1394 1367 1457 1421 τὸ
1517 1363 1693 1443 δόγμα
1748 1366 1999 1438 θεμέννυς

357 1453 701 1531 ἀνάγραπτον
756 1454 1098 1525 οῗκειοῦνται,
1159 1454 1251 1510 καὶ
1321 1453 1566 1531 ΙΙατέρας
1640 1455 1999 1519 ἀποωΛοῦσι,

351 1541 445 1598 καὶ
476 1539 857 1615 διδασκάλους,
908 1542 998 1598 καὶ
1056 1542 1244 1617 ἁγίους
1283 1546 1420 1616 Θεῷ,
1477 1543 1567 1598 καὶ
1598 1547 1801 1621 φωναῖς
1835 1541 2000 1621 εὐφή-

358 1652 486 1705 μοις
542 1630 627 1686 ἐπ’
696 1630 1020 1703 Ἐκκλησίας
1092 1632 1438 1709 γεραίρουσι,
1495 1631 1585 1687 καὶ
1657 1632 1754 1694 τὰς
1834 1630 1999 1708 εὐχὰς

351 1719 528 1776 αὐτῶν
613 1719 908 1791 αἰτοῦνται,
986 1720 1076 1776 καὶ
1148 1728 1248 1792 τῆς
1326 1720 1377 1792 ἐξ
1453 1720 1626 1776 αὐτῶν
1687 1720 1998 1797 ἐπικουρίας

351 1808 681 1865 ἱκετεύουσιν
758 1808 1126 1882 ἐπιτεύξασθαι
1177 1828 1191 1879 ;
1252 1810 1353 1866 Καὶ
1428 1810 1589 1872 ποίας
1660 1814 1828 1865 ταῦτα
1896 1815 1998 1879 τῆς

350 1898 666 1977 συμφωνίας
714 1917 729 1968 ;

349 1988 474 2064 ὑγιῆ
506 1986 801 2062 πέπεισμαι
834 1986 967 2043 εἶναι
1014 1987 1081 2042 τὰ
1127 1984 1396 2063 δόγματα,
1448 1987 1538 2042 καὶ
1588 1987 1660 2042 ὧν
1713 1986 1821 2063 οὐχ
1870 1987 1990 2063 ὑγιῆ

341 2075 413 2132 τὰ
462 2073 726 2154 δόγματα,
774 2074 1001 2139 τούτους
1060 2075 1160 2132 οὐκ
1216 2075 1277 2131 ἃν
1334 2073 1545 2150 εἴποιμι
1599 2074 1789 2151 ἁγίους
1841 2076 1993 2147 ποτὲ,

346 2160 523 2228 οὕτως
553 2164 771 2244 ἀφελῶς
816 2163 932 2241 ἔχω
979 2165 1070 2221 καὶ
1120 2164 1502 2242 ἀπραγμόνως.
1558 2163 1695 2220 Οὐδὲ
1736 2167 1837 2241 γὰρ
1884 2162 1996 2219 δὲν-

349 2252 477 2331 δρον
534 2253 735 2331 ἀγαθὸν
793 2254 1047 2327 ἑωράκειν
1102 2254 1236 2310 ποτὲ
1282 2254 1487 2330 καρπὸν
1564 2254 1800 2331 πονηρὸν
1858 2274 1994 2329 προ-

346 2338 713 2416 ϐαλλόμενον,
744 2340 892 2399 ἀλλὰ
912 2347 1013 2399 τοῦ
1049 2348 1258 2420 σαπροῦ
1304 2341 1526 2419 δένδρου
1557 2344 1760 2420 καρπὸν
1794 2342 1991 2398 ἐκεῖνον

346 2430 485 2487 εἶναι
509 2430 840 2508 πεπείραμαι
871 2432 1136 2508 πονηρὸν,
1157 2436 1256 2488 τοῦ
1276 2430 1322 2488 δ’
1351 2432 1553 2509 ἀγαθοῦ
1576 2429 1798 2505 δένδρου
1827 2433 1993 2495 καλὸς

347 2519 631 2596 ἀραρότως
659 2521 750 2576 καὶ
781 2521 811 2576 ὁ
840 2520 1067 2598 καρπός.

778 1895 936 2001 Ἀλλ’
991 1895 1187 2001 ἔγωγέ,
1220 1898 1356 1954 τὲως
1414 1902 1536 2001 τῶν,
1577 1897 1767 2001 αἰτίων,
1792 1894 1999 2001 ἀνδρῶν
2026 1934 2074 2001 Β

2115 658 2365 725 videtur,
2420 658 2531 716 hoc
2585 664 2847 732 tempore
2904 660 3097 718 omnis
3152 660 3413 729 scientia,
3462 668 3522 718 et
3567 662 3761 720 omnis

2113 744 2274 803 zelus
2300 747 2599 813 abundat;
2633 752 2771 803 tunc
2791 765 2925 806 vero
2956 752 3013 804 et
3042 749 3373 805 subsecutis
3397 750 3761 824 temporibus

2114 834 2263 890 nihil
2294 834 2487 892 simile
2517 836 2645 891 fuit.
2678 838 2981 902 Quomodo
3011 838 3167 893 enim
3199 839 3349 909 quod
3383 843 3507 894 erat
3544 839 3616 894 ab
3665 856 3759 895 or-

2113 922 2367 981 thodoxa
2416 925 2530 981 ﬁde
2578 924 2856 991 alienum,
2888 927 2939 982 si
2987 926 3125 998 quid
3157 927 3365 995 fuerat,
3397 928 3637 984 omnino
3684 927 3757 984 ad

2114 1012 2235 1068 hac
2257 1029 2441 1084 usque
2467 1018 2734 1086 tempora
2762 1014 2888 1070 sine
2919 1013 3041 1070 ulla
3070 1018 3227 1083 nota,
3252 1020 3423 1086 atque
3450 1015 3760 1088 reprehen-

2113 1101 2277 1157 sione
2299 1099 2631 1174 neglectum
2652 1100 3021 1159 delituisset?
3046 1103 3351 1167 Quodnam
3376 1104 3446 1159 de
3466 1103 3758 1160 extraneis

2112 1190 2486 1262 dogmatibus
2509 1189 2945 1262 reprehensioni
2969 1206 3085 1246 non
3105 1191 3314 1263 patuit,
3338 1190 3544 1248 multis
3565 1191 3756 1248 modis

2111 1277 2305 1350 palam
2363 1270 2755 1334 traductum?
2807 1280 2948 1345 Quis
3006 1280 3409 1351 cujuscunque
3465 1279 3754 1337 haereseos

2111 1375 2331 1435 auctor,
2366 1367 2486 1423 sive
2523 1371 2807 1439 patronus
2853 1367 3218 1439 proscriptus
3270 1384 3388 1423 non
3440 1368 3593 1424 fuit?
3645 1369 3756 1425 Per

2110 1455 2324 1512 Filium
2366 1473 2400 1511 a
2445 1455 2610 1511 Patre
2642 1457 2953 1528 procedere
2984 1455 3268 1528 Spiritum
3300 1461 3593 1522 sanctum,
3626 1457 3753 1528 qui-

2110 1562 2249 1600 nam
2281 1544 2720 1601 condemnant?
2765 1549 2975 1601 Annon
3024 1561 3122 1601 eos
3168 1545 3268 1616 qui
3310 1545 3503 1602 simile
3542 1546 3759 1619 dogma

2110 1633 2327 1704 scripto
2355 1633 2745 1701 tradidernnt,
2771 1633 2883 1689 sibi
2917 1634 3230 1702 associant,
3264 1638 3577 1706 Patresque
3608 1652 3758 1691 nun-

2110 1726 2345 1794 cupant,
2378 1726 2436 1777 et
2464 1725 2868 1794 praeceptores,
2900 1725 3247 1793 sanctosque
3280 1722 3396 1791 Dei,
3433 1728 3491 1779 et
3517 1723 3756 1780 vocibus

2109 1812 2257 1867 bene
2286 1811 2564 1866 ominatis
2610 1812 2669 1865 in
2722 1810 2977 1868 Ecclesia
3006 1810 3410 1883 cohonestant,
3443 1815 3500 1867 et
3553 1827 3756 1884 preces

2109 1916 2313 1955 eorum
2366 1899 2727 1973 imploranti,
2784 1915 3100 1971 eorumque
3156 1900 3423 1956 subsidia
3476 1900 3753 1973 consequi

2106 1989 2514 2045 contendunt?
2567 1990 2635 2045 Et
2682 2005 2949 2060 quaenam
3000 1988 3060 2042 in
3108 1987 3201 2044 bis
3248 1988 3605 2044 consensio?
3632 1989 3751 2062 Ego

2102 2094 2237 2134 vero
2255 2082 2593 2134 sanctorum
2608 2078 2848 2134 Patrum
2866 2078 3141 2151 dogmata
3156 2093 3301 2133 sana
3315 2093 3443 2133 esse
3460 2076 3749 2151 existimo,

2104 2171 2161 2223 et
2189 2183 2437 2238 quorum
2467 2168 2743 2240 dogmata
2771 2183 2915 2223 sana
2956 2183 3073 2223 non
3122 2169 3284 2235 sunt,
3315 2182 3414 2222 eos
3447 2182 3751 2237 nunquam

2103 2255 2230 2328 ipse
2259 2260 2495 2312 sanctos
2526 2255 2946 2328 compellarim.
2981 2259 3068 2310 Ita
3097 2271 3229 2311 sum
3261 2253 3529 2326 simplex,
3561 2258 3618 2309 et
3645 2254 3753 2309 mi-

2106 2345 2264 2401 nime
2304 2345 2573 2401 curiosus
2605 2362 2620 2401 :
2674 2360 2860 2415 neque
2909 2344 3067 2400 enim
3099 2344 3365 2399 arborem
3396 2343 3609 2399 bonam
3640 2360 3750 2399 un-

2104 2450 2277 2505 quam
2302 2433 2677 2506 conspicatus
2705 2450 2837 2490 sum
2868 2434 3125 2489 fructum
3156 2431 3379 2487 malum
3409 2431 3749 2504 producere,

2108 2523 2209 2578 sed
2255 2523 2481 2578 arboris
2532 2522 2779 2595 putridis
2831 2524 3088 2579 fructum
3134 2520 3303 2577 illum
3351 2520 3574 2576 malum
3623 2537 3753 2576 esse

2106 2612 2465 2683 experientia
2484 2612 2615 2685 ipsa
2638 2611 2876 2687 cognovi
2902 2637 2916 2681 ;
2947 2611 3114 2668 bona:
3134 2627 3266 2667 vero
3294 2609 3517 2667 arboris
3536 2609 3749 2676 bonus,

2107 2706 2175 2758 ut
2201 2705 2258 2757 et
2286 2701 2575 2769 convenit,
2607 2701 2833 2758 fructus
2868 2706 2974 2757 est.
3394 2720 3402 2728 ·

700 3013 1757 3143 ΝΙΚΗΦΟΡΟΥ
1864 3013 2212 3143 ΤΟΥ
2342 3012 3390 3143 ΒΛΕΜΜΙΔΟΥ

1476 3270 1877 3366 ΛΟΓΟΖ
1961 3270 2612 3366 ΔΕΥΤΕΡΟΣ

1360 3474 1517 3524 ΠΕΡΙ
1553 3469 1762 3525 ΤΙΝΩΝ
1802 3469 2230 3525 ΔΟΓΜΑΤΙΚΩΝ
2272 3472 2733 3541 ΣΥΖΗΤΗΣΕΩΝ,

477 3603 658 3654 ΠΡΟΣ
696 3602 825 3652 ΤΟΝ
862 3601 1124 3653 ΕΥΣΕΒΗ
1162 3596 1468 3653 ΒΔΣΙΛΕΑ
1507 3595 2297 3650 ΚΩΝΣΤΑΝΥΙΝΟΥΠΟΛΕΩΣ
2322 3638 2335 3664 ,
2378 3597 2723 3647 ΘΕΟΔΩΡΟΝ
2763 3597 3026 3649 ΛΟΥΚΑΝ
3062 3598 3191 3648 TON
3228 3596 3601 3651 ΛΑΣΚΔΡΙΝ.

875 3894 1986 4066 NICEPHORI
2096 3896 3211 4059 BLEMMID/E

1435 4164 1956 4260 ORATIO
2018 4134 2600 4261 SECUNDA

1156 4340 1260 4400 DE
1302 4290 1746 4399 NONNULLIS
1786 4336 2265 4398 DOGMATICIS
2308 4335 2930 4410 QUIESTIONIBUS,

414 4488 532 4553 AD
588 4484 819 4550 PIUM
869 4477 1518 4546 IMPERATOREM
1581 4474 2711 4621 CONSgSIEYIAIgItg’gLITANUM,
2776 4474 3307 4540 THEODORUM
3365 4476 3673 4541 DUCAM

402 4860 473 4917 α’.
503 4859 562 4912 Ὃ
591 4854 755 4913 αἰτῶν
808 4849 863 4907 ἐν
895 4846 958 4905 οὐ
1005 4849 1201 4922 καιρῷ,
1252 4841 1342 4898 καὶ
1385 4834 1675 4915 λαμϐάνων
1704 4839 1756 4895 ἐν
1787 4844 1984 4916 καιρῷ,
2019 4872 2026 4918 4

2180 4849 2228 4898 ι.
2260 4841 2369 4905 Qui
2399 4840 2805 4913 intempestive
2833 4841 3043 4914 poscit,
3064 4844 3122 4897 et
3148 4841 3492 4914 tempestive
3511 4840 3745 4915 accipit,

329 4948 631 5026 παρίστησι
687 4933 1085 5016 τεκμηριωδῶς
1124 4934 1226 5026 τὴν
1274 4927 1488 5026 αἶ’όησιιν
1540 4928 1810 5026 εὔκαιρον,
1854 4928 1906 4984 εἷ’
1935 4950 1997 5026 γε

330 5014 743 5116 πρδηγουμένῳ
784 5014 973 5104 τῷμή
1026 5023 1163 5082 κατά
1207 5020 1393 5116 καιρὸν
1442 5014 1615 5116 ἓποιτ⁹
1656 5016 1722 5116 ,ἂν
1755 5017 1817 5071 τὸ
1860 5017 1997 5071 κατά

333 5104 550 5207 καιρόν.
574 5104 638 5183 Iit
670 5104 729 5181 δέ
755 5141 841 5183 τις
872 5121 942 5193 τῇ
970 5118 1067 5172 τοῦ
1097 5111 1435 5207 παρέχοντος
1476 5104 1996 5207 ἒῖτιγράφοιτο“προ-

341 5194 545 5296 μηδείᾳ
570 5215 635 5272 τὸ
664 5207 1030 5282 ἀποτὲλεσμα,
1061 5202 1342 5296 κάντεῦθεν
1365 5194 1475 5271 οὐχ
1494 5195 1657 5296 ἦττον
1688 5194 1876 5296 τὸ,Ιῖοῦ
1903 5215 1997 5296 καῖ

335 5278 629 5386 Ῑτάξνξαντος
659 5278 1236 5366 δείκνυται-νουνεχὶς,
1284 5284 1369 5386 ὅῖι
1416 5303 1475 5386 τκε
1502 5280 1687 5344 καλῶς
1738 5278 1859 5356 ᾔδει
1905 5282 1996 5338 καὶ

337 5367 471 5454 λίὲιιῖ
519 5388 924 5464 ἐπιστημόνως,
983 5381 1020 5458 ᾖ
1075 5367 1523 5464 προκαταῦάλλει
1578 5371 1646 5425 τὰ
1692 5371 1994 5464 σπέρματα,

334 5484 432 5542 καὶ
463 5480 550 5539 ὅτι
574 5454 944 5537 τότειίπάντως
995 5454 1189 5544 ἐχρῆν,
1223 5460 1298 5516 θίν’
1329 5458 1419 5515 ὅτε
1464 5454 1577 5513 δέοι
1622 5458 1997 5533 μεταλῆψαιτο

335 5577 439 5631 τοῦ
508 5572 721 5647 καρποῦ
768 5608 783 5635 ,
839 5550 1372 5640 προϋποτεθειμὲνης
1443 5554 1556 5647 ,τῆς
1610 5551 1707 5647 τοῦ
1764 5546 1999 5625 ἐφίεσθαι

339 5635 682 5721 συνετίσεως.
740 5635 896 5710 Οὕτω
950 5647 1041 5705 καὶ
1088 5640 1352 5722 γεωργὸς,
1409 5635 1552 5691 οὕτω
1620 5635 1709 5690 καὶ
1762 5659 1997 5714 φυτουρ-

338 5754 464 5833 γὸς,
510 5747 609 5807 κᾶν
666 5748 744 5824 μὴ
795 5740 942 5821 παρᾶ
978 5732 1148 5797 πόδας
1207 5730 1392 5790 αὑτοῖς
1421 5727 1469 5812 ,ἡ
1510 5722 1831 5799 ἀπόλαυσις,
1872 5747 2001 5802 προ.

2106 4929 2430 5005 perspicuis
2497 4931 2861 5003 argumentis
2926 4929 3334 5003 tempestivam
3403 4930 3747 5003 petitionem

2104 5018 2378 5085 ostendit,
2402 5019 2471 5084 si,
2497 5035 2633 5074 cum
2664 5019 2721 5074 id
2752 5020 2906 5089 quod
2937 5019 3417 5092 intempestivum
3437 5025 3580 5089 erat,
3605 5037 3749 5093 prte-

2106 5109 2366 5174 cesserit,
2400 5110 2793 5180 subsequatur
2838 5108 2979 5164 illud
3030 5109 3181 5180 quod
3213 5116 3607 5181 opportunum
3639 5114 3748 5167 est.

2105 5199 2165 5255 Si
2197 5214 2329 5253 vero
2358 5197 2489 5269 quis
2529 5196 2609 5252 rei
2658 5197 3084 5254 assecutionem
3116 5200 3265 5269 ejus,
3296 5196 3395 5269 qui
3423 5214 3553 5254 eam
3585 5198 3751 5254 exhi-

2108 5288 2205 5343 bet
2252 5280 2628 5359 providentisa
2680 5286 2956 5354 ascribat,
3001 5286 3138 5341 inde
3188 5303 3304 5342 non
3353 5287 3547 5343 minor
3592 5286 3753 5344 illius

2108 5375 2420 5448 prudentia
2446 5378 2825 5439 monstratur,
2848 5375 2948 5446 qui
2978 5375 3165 5431 eidem
3195 5374 3548 5447 principium
3570 5375 3751 5447 dedit,

2108 5463 2275 5519 scivit
2303 5466 2460 5519 enim
2492 5467 2618 5519 cate
2646 5468 2704 5520 et
2735 5463 2979 5519 solerter
3005 5480 3319 5534 quemnam
3352 5464 3408 5519 in
3442 5462 3637 5519 locum
3668 5481 3755 5521 se-

2109 5557 2360 5609 mentem
2392 5553 2716 5625 projiceret,
2740 5557 2806 5607 ut
2836 5569 2967 5608 cum
3000 5570 3148 5624 opus
3177 5558 3351 5621 esset,
3376 5553 3753 5626 postmodum

2109 5641 2365 5697 fructum
2412 5641 2706 5714 percipere
2759 5646 2976 5713 posset,
3012 5642 3348 5714 praahabita,
3382 5640 3607 5698 scilicet
3660 5659 3754 5698 so-

2109 5730 2239 5787 lerti
2270 5731 2604 5804 cognitione
2633 5730 2791 5788 illius
2835 5731 2987 5803 quod
3041 5736 3356 5804 appeteret.
3392 5731 3607 5788 Eadem
3661 5748 3755 5788 ra-
