4154 6446
382 415 499 480 567

1634 407 2060 476 NICEPHORI
2102 405 2545 472 BLEMMIDE

3674 400 3802 477 558

381 553 543 609 tione
589 553 646 608 et
693 547 968 624 agricola,
1002 552 1061 607 et
1089 551 1268 617 sator,
1299 546 1435 605 licet
1462 552 1590 605 tum
1624 546 1853 603 nullum
1884 545 2031 617 ipsis

2156 539 2447 615 ιιοχθοῦσιν
2481 536 2635 612 ὅμως
2678 534 2768 593 διὰ
2819 537 2921 607 τήν
2969 531 3209 595 ἔκϐασιν.
3260 538 3341 609 τῷ
3384 534 3652 614 κρείττονι
3697 536 3804 607 τῆς

383 640 847 698 emolumentum
879 638 976 705 sit,
1004 638 1076 695 ob
1102 641 1373 696 eventum
1398 636 1782 693 nihilominus
1806 635 2036 690 labores

384 733 840 804 praaassumunt,
890 745 993 799 spe
1050 726 1286 783 meliore
1334 725 1710 793 corroborati,
1754 723 2033 796 quidquid

388 815 507 871 illis
529 814 825 871 adversari
851 819 1052 886 posset
1080 814 1457 879 excutientes,
1482 816 1864 883 tenentesque
1890 810 2039 866 nihil

384 904 505 961 illis
536 903 763 959 evenire
792 919 984 974 posse,
1018 903 1169 973 quod
1202 918 1367 974 spem
1421 903 1756 966 frustretur,
1788 900 1872 955 vel
1927 898 2038 954 mi-

384 997 548 1049 nuat.
586 997 897 1064 Propterea
938 996 999 1046 tu
1043 1007 1272 1062 quoque
1304 990 1606 1063 sapientiae
1637 990 1831 1057 fretus,
1866 992 2041 1060 atque

388 1080 689 1150 alumnus,
739 1081 997 1136 nondum
1030 1080 1153 1135 haec
1208 1080 1266 1133 in
1324 1080 1467 1135 urbe
1514 1084 1692 1147 mota,
1739 1094 1864 1149 qua)
1913 1077 2041 1148 jam

389 1174 679 1242 eruperat,
714 1168 1049 1240 dogmatica
1078 1168 1413 1239 quaestione,
1447 1168 1519 1222 de
1550 1184 1617 1222 ea
1647 1167 1923 1239 providus
1957 1182 2042 1221 ra-

390 1259 582 1315 tiones
611 1257 874 1329 exposcis
916 1258 987 1312 ab
1039 1257 1111 1311 iis
1150 1273 1294 1327 quos
1325 1256 1430 1311 tibi
1466 1257 1692 1311 futuros
1722 1254 2043 1328 morigeros

397 1346 765 1417 existimasti,
787 1345 924 1400 licet
947 1344 1076 1400 aliis
1103 1344 1313 1399 studiis
1342 1349 1470 1399 tum
1500 1343 1781 1416 temporis
1804 1360 2043 1415 occupa-

396 1438 621 1500 rentur,
646 1438 707 1487 et
734 1431 937 1504 petitio
968 1430 1069 1486 illa
1100 1448 1213 1487 non
1246 1436 1475 1487 tantum
1504 1431 1787 1487 molestia:
1818 1447 2040 1499 secum,

397 1526 681 1593 quantum
727 1521 1104 1593 providentiae
1149 1521 1446 1587 afferebat,
1494 1525 1552 1577 et
1601 1522 1659 1575 in
1711 1521 1901 1593 capite
1950 1537 2042 1576 sa-

399 1611 614 1682 pientis
664 1610 801 1677 illis,
854 1611 952 1680 qui
1006 1627 1096 1665 res
1157 1610 1461 1681 concipere
1509 1615 1798 1682 poterant,
1845 1610 2044 1666 oculos

397 1698 559 1755 illius
590 1699 1037 1772 praenuntiabat,
1068 1716 1135 1754 ea
1164 1717 1289 1769 quae
1319 1700 1582 1755 nondum
1614 1705 1799 1771 erant,
1833 1699 2046 1755 melius

398 1787 793 1861 praevidentis,
825 1804 1000 1858 quam
1031 1804 1233 1843 eorum
1266 1804 1394 1859 qua:
1416 1788 1543 1858 jam
1577 1793 1737 1856 sunt,
1767 1789 2046 1844 exsistan-

398 1876 543 1932 tiam
586 1877 820 1947 capiant
868 1874 955 1930 illi
1008 1874 1105 1946 qui
1151 1893 1220 1931 ea
1266 1880 1496 1931 tantum
1541 1894 1666 1948 quas
1706 1881 1839 1932 ante
1871 1877 2047 1950 pedes

397 1968 558 2034 sunt,
592 1963 950 2036 intelligunt.
973 1965 1117 2019 Cum
1149 1980 1281 2019 vero
1311 1980 1466 2019 nunc
1498 1965 1672 2020 rebus
1703 1964 1782 2020 ita
1812 1981 2050 2036 poscen-

397 2052 577 2120 tibus,
599 2068 894 2122 vocemur,
918 2068 1033 2108 non
1066 2052 1279 2123 dicam,
1313 2053 1413 2107 sed
1446 2053 1890 2125 compellamur,
1916 2053 2051 2108 licet

398 2141 636 2196 inﬁrma
665 2145 839 2210 atque
869 2156 1023 2213 aegra
1052 2140 1383 2196 valetudine
1414 2140 1624 2208 simus,
1649 2142 1720 2196 ad
1753 2140 2049 2213 petitionis

401 2230 764 2285 exactionem
822 2234 993 2299 atque
1060 2229 1436 2293 solutionem,
1494 2229 1674 2284 veluti
1742 2230 2047 2301 cujusdam

402 2316 728 2389 praescripti
757 2316 1078 2389 vectigalis,
1102 2322 1157 2372 et
1188 2318 1330 2373 satis
1355 2318 1480 2388 jam
1510 2317 1677 2373 dilati
1708 2318 1911 2387 debiti,
1943 2322 2047 2373 ha-

401 2406 505 2461 bes
526 2410 852 2478 opportune
873 2406 1098 2462 fructus
1124 2422 1327 2462 eorum
1349 2424 1474 2479 quae
1496 2411 1666 2463 antea
1685 2407 2047 2479 projeceras;

401 2494 586 2551 habes
603 2498 889 2565 quantum
917 2495 1086 2551 nobis
1113 2494 1486 2552 imbecillitas
1507 2496 1700 2553 carnis
1721 2496 2053 2567 mentisque

402 2582 711 2655 permittit.

472 2676 527 2727 2.
560 2677 712 2728 Ante
740 2672 938 2729 omnia
967 2672 1161 2742 itaque
1191 2673 1336 2729 scito
1368 2674 1803 2745 processionem
1836 2676 1895 2731 in
1926 2676 2051 2748 Spi-

403 2759 520 2815 ritu
550 2765 753 2816 sancto
785 2761 1025 2816 modum
1056 2761 1409 2817 exsistentim
1450 2778 1601 2832 esse,
1631 2767 1688 2819 et
1729 2763 2052 2837 hypostati-

405 2865 534 2905 cam
591 2848 1035 2922 proprietatem,
1091 2850 1587 2921 quemadmodum
1643 2856 1733 2907 est
1789 2852 1848 2907 in
1909 2852 2053 2908 Filio

406 2937 793 3004 nascibilitas,
825 2944 882 2993 et
923 2937 982 2993 in
1014 2942 1183 2993 Patre
1213 2938 1618 2994 inascibilitas.
1652 2938 1801 2995 Illud
1835 2940 2051 2995 etenim

405 3026 739 3097 ingenitum
786 3043 936 3097 esse,
986 3031 1043 3082 et
1087 3027 1371 3099 genitum,
1418 3032 1474 3083 et
1526 3029 1855 3099 procedere,
1895 3029 2054 3084 hunc

406 3114 641 3185 quidem
675 3115 928 3186 Patrem,
960 3113 1127 3170 illum
1166 3114 1397 3183 Filium,
1433 3114 1588 3171 hunc
1634 3133 1789 3184 vero,
1822 3118 1894 3172 de
1941 3133 2054 3187 quo

403 3202 639 3274 dicitur,
664 3203 947 3276 Spiritum
979 3208 1247 3259 sanctum
1280 3204 1657 3276 nuncupavit,
1694 3210 1758 3260 ut
1786 3204 1844 3261 in
1876 3206 2052 3261 rebus

2146 624 2369 691 ἐλπίδος
2419 626 2806 703 νευρούμενοι,
2865 625 3175 682 τούναντίον
3229 624 3654 700 ἀποσειόμενοι,
3708 626 3803 683 καὶ

2146 716 2223 778 ὡς
2254 715 2335 771 ἐπ’
2387 714 2609 771 ἔλαττον
2665 718 2752 771 οἷα
2808 712 3071 790 μηδέποτ’
3121 713 3371 788 ἐσόμενον
3425 712 3800 791 λογιζόμενοι,

2144 809 2224 877 τῷ
2251 826 2338 859 τοι
2385 804 2474 859 καὶ
2530 804 2593 859 σὺ
2640 805 2830 881 σοφίας
2886 803 3123 878 μαίευμα
3155 804 3244 860 καὶ
3292 806 3593 877 τιθήνημα,
3629 806 3799 878 μήπω

2149 894 2506 967 κεκινημένης
2552 892 2798 957 ἐνταυθοῖ
2849 900 2950 963 τῆς
3004 890 3114 963 ἤδη
3176 892 3616 969 συνερῥηγμένης
3672 890 3799 971 δογ-

2153 990 2385 1056 ματικῆς
2450 983 2798 1052 συζητήσεως
2832 1026 2847 1054 ,
2902 983 3121 1060 φθάνεις
3198 981 3526 1056 έξῃτημένος
3598 981 3801 1059 λόγους

2149 1072 2272 1144 περὶ
2323 1070 2547 1142 ταύτης,
2599 1070 2651 1142 ἐξ
2692 1068 2766 1125 ὧν
2810 1070 3145 1147 τεθάρρηκας
3203 1071 3409 1145 ἑτέροις
3468 1070 3800 1147 ένασχολου-

2155 1160 2329 1233 μένων
2361 1164 2658 1230 τηνικαῦτα
2704 1156 3103 1233 σπουδάσμασι,
3157 1160 3246 1214 καὶ
3294 1161 3360 1229 ἦν
3392 1162 3428 1230 ἡ
3473 1156 3689 1230 αἴτησις
3736 1160 3802 1215 οὗ

2149 1247 2307 1303 τόσον
2335 1249 2498 1321 ἑαυτῇ
2550 1248 2955 1324 συνεπαγομένη
3005 1248 3067 1303 τὸ
3122 1249 3400 1326 φορτικὸν,
3452 1246 3578 1304 ὅσον
3629 1246 3697 1318 δὴ
3739 1250 3806 1304 τὸ

2150 1338 2507 1414 προοπτικὸν,
2558 1338 2652 1392 κᾶν
2684 1340 2753 1411 τῇ
2794 1335 3007 1415 κεφαλῇ
3054 1340 3150 1391 τοῦ
3195 1340 3366 1414 σοφοῦ
3412 1342 3532 1400 τοῖς
3578 1357 3642 1412 γε
3689 1337 3809 1408 ξυν-

2156 1426 2284 1481 ιέναι
2334 1422 2653 1498 δυναμένοις
2710 1424 2837 1487 τοὺς
2897 1423 3217 1503 ὀφθαλμοὺς
3268 1424 3431 1479 αὐτοῦ
3477 1424 3742 1503 καταγγέλ
3778 1459 3807 1470 -

2153 1514 2323 1571 λουσα
2378 1514 2446 1569 τὰ
2507 1517 2675 1588 μήπω
2743 1511 2871 1570 ὄντα
2926 1514 3323 1590 προορωμένου
3379 1513 3569 1587 πλέον,
3620 1515 3655 1583 ἢ
3703 1516 3807 1585 τὴν

2152 1608 2259 1659 τῶν
2311 1600 2476 1658 ὄντων
2531 1602 2819 1658 ὑπόστασιν
2851 1650 2867 1677 ,
2917 1604 2969 1657 οἱ
3016 1608 3292 1658 κατανοεῖν
3347 1602 3619 1677 ᾑρημένοι
3672 1602 3817 1675 μόνα

2152 1693 2219 1747 τὰ
2262 1691 2314 1747 έν
2363 1692 2542 1748 ποσίν.
2598 1692 2745 1747 Ἐπεὶ
2796 1688 2853 1746 δὲ
2907 1695 3001 1745 νῦν
3057 1690 3128 1765 τῇ
3186 1690 3339 1769 φύσει
3393 1695 3501 1746 τῶν
3559 1691 3824 1767 πραγμά-

2154 1802 2284 1850 των,
2314 1781 2414 1836 οὐκ
2460 1781 2519 1835 ἃν
2580 1780 2835 1858 φαίημεν,
2895 1780 2977 1835 ὅτι
3034 1778 3373 1854 κεκλήμεθα,
3436 1778 3650 1852 μᾶλλον
3714 1782 3818 1854 μὲν

2157 1868 2248 1923 οὖν
2312 1866 2437 1923 ἀλλ’
2487 1868 2817 1943 ἠπείγμεθα,
2865 1867 2955 1923 καί
2997 1888 3081 1922 τοι
3128 1868 3191 1922 τὸ
3222 1872 3384 1941 σῶμα
3439 1865 3819 1942 νοσηλευόμε-

2157 1979 2259 2030 νοι,
2316 1956 2452 2032 πρὸς
2483 1958 2581 2026 τὴν
2612 1960 2710 2011 τοῦ
2760 1956 3063 2031 αἷτήματος
3107 1952 3377 2031 εἴσπραξιν
3426 1955 3517 2011 καὶ
3564 1957 3819 2013 ἀπότισιν

2158 2046 2247 2099 οἷά
2275 2065 2417 2107 τινος
2449 2044 2751 2121 ὡρισμένου
2800 2044 2970 2122 φόρου
3018 2044 3108 2099 καὶ
3158 2044 3357 2108 ἱκανῶς
3412 2043 3818 2122 ἀφωσιωμένου

2162 2132 2506 2211 ὀφλήματος,
2554 2130 2701 2209 ἔχεις
2747 2138 2846 2188 τοῦ
2892 2128 3489 2210 προκαταϐεβλημένου
3536 2135 3634 2203 τὴν
3688 2135 3813 2191 έπιο

2156 2222 2384 2299 καρπίαν
2428 2223 2565 2277 κατᾶ
2605 2221 2814 2296 καιρόν.
2867 2223 3055 2298 Ἔχεις
3111 2220 3158 2277 δ’
3207 2217 3416 2292 ὁπόσην
3468 2223 3503 2291 ἡ
3561 2220 3614 2278 έν
3672 2227 3816 2299 ἡμῖν

2158 2311 2402 2367 ἀσθένεια
2455 2317 2557 2375 τῆς
2613 2311 2809 2385 σαρκὸς
2870 2310 2982 2385 ἅμα
3036 2311 3126 2366 καὶ
3182 2318 3285 2382 τῆς
3334 2307 3575 2374 διανοίας
3635 2333 3812 2390 παρα-

2158 2406 2354 2478 χωρεῖ.

2238 2668 2302 2744 β’.
2339 2671 2561 2741 Πρῶτον
2617 2667 2710 2740 μὲν
2762 2666 2853 2722 οὗν
2906 2665 3011 2731 ἴσθι
3065 2668 3166 2737 τήν
3219 2666 3533 2744 έκπόρευσιν
3585 2668 3674 2725 ἐπὶ
3720 2675 3826 2725 τοῦ

2164 2757 2318 2832 ἁγίου
2377 2756 2694 2829 Πνεύματος
2727 2802 2741 2829 ,
2798 2755 3001 2832 τρόπον
3062 2756 3341 2833 ὑπάρξεως
3374 2804 3389 2831 ,
3454 2758 3822 2830 ὑποπατικήν

2166 2843 2412 2915 ἰδιότητα
2438 2892 2452 2918 ,
2486 2845 2663 2907 καθώς
2709 2844 2849 2900 ἐστιν
2901 2848 2936 2915 ἡ
2986 2844 3238 2920 γέννησις
3266 2845 3353 2901 ἐπὶ
3391 2852 3490 2902 τοῦ
3520 2848 3648 2903 “of:
3683 2894 3698 2917 ,
3724 2850 3825 2904 καὶ

2162 2937 2197 3005 ἡ
2232 2934 2522 3009 ἆγεννησία
2578 2934 2666 2989 ἐπὶ
2723 2938 2818 2988 τοῦ
2871 2933 3103 3010 Πατρός.
3162 2934 3305 2992 Αὐτὸ
3354 2938 3457 3012 γὰρ
3505 2936 3569 2991 τὸ
3612 2938 3687 3010 μὴ
3729 2958 3828 3014 γε-

2162 3030 2470 3099 γεννῆσθαι,
2528 3020 2618 3077 καί
2673 3024 2735 3077 τὸ
2792 3030 3193 3098 γεγεννῆσθαι,
3257 3024 3349 3080 καὶ
3405 3025 3469 3080 τὸ
3527 3024 3823 3103 ἐκπορεύε-

2165 3124 2306 3185 σθαι,
2336 3112 2428 3167 τὸν
2467 3112 2560 3185 μὲν
2595 3111 2824 3189 Πατέρα,
2859 3112 2948 3167 τὸν
3004 3109 3063 3167 δὲ
3091 3113 3239 3184 Υἱὸν,
3288 3114 3352 3169 τὸ
3405 3111 3465 3169 δὲ
3501 3115 3652 3179 τοῦθ’
3683 3112 3823 3191 ὅπερ

2166 3201 2377 3278 λέγεται
2435 3205 2652 3273 Πνεῦμα
2700 3202 2871 3276 ἅγιον,
2929 3201 3389 3277 προσηγόρευσεν,
3451 3199 3527 3265 ὥς
3583 3222 3749 3280 φησιν
3792 3203 3823 3257 6

401 3290 743 3363 theologicis
767 3293 1194 3364 pertractandis
1216 3290 1466 3348 eximius
1489 3293 1805 3365 Gregorius
1826 3295 1924 3350 ait.
1942 3295 2043 3360 Qui

2158 3276 2335 3353 πολὺς
2388 3288 2439 3344 έν
2494 3288 2752 3364 θεολογίᾳ
2801 3289 3127 3366 Γρηγόριος.
3167 3276 3230 3346 Οἱ
3281 3288 3326 3345 δ’
3382 3276 3679 3366 ὁμώνυμον
3730 3290 3825 3347 ἐπὶ

396 3395 531 3436 vero
580 3379 642 3432 τὸ
691 3382 1001 3451 procedere
1046 3381 1104 3435 in
1135 3380 1356 3453 Spiritu
1386 3387 1590 3437 sancto
1622 3382 2044 3457 homonymum

397 3467 719 3532 afﬁrmant,
755 3469 1059 3541 assignent
1117 3468 1290 3524 aliam
1360 3486 1581 3537 vocem,
1630 3488 1755 3542 quae
1814 3472 2047 3545 proprie

392 3557 800 3613 exsistentiam
860 3557 1117 3629 Spiritus
1175 3557 1361 3613 sancti
1409 3563 1607 3627 notet;
1668 3560 1759 3615 sin
1821 3562 2043 3628 minus,

390 3645 930 3713 innascibilitatem,
962 3652 1019 3701 et
1051 3646 1501 3703 nascibilitatem
1550 3648 1609 3703 in
1660 3649 1790 3705 aliis
1829 3651 2043 3707 divinis

2154 3384 2251 3434 τοῦ
2282 3378 2439 3454 ἁγίου
2493 3380 2803 3451 Πνεύματος
2854 3377 3088 3442 τιθέντες
3145 3380 3207 3434 τὸ
3259 3378 3676 3455 ἐκπορεύεσθαι,
3730 3378 3824 3436 δό-

2152 3489 2331 3523 τωσαν
2359 3468 2541 3543 ἑτέραν
2574 3468 2759 3541 φωνὴν
2790 3474 2891 3537 τῆς
2928 3472 3025 3523 τοῦ
3072 3469 3230 3542 ἁγίου
3285 3469 3597 3543 Πνεύματος
3645 3470 3819 3546 ὑπάρ-

2155 3557 2287 3629 ξεως
2338 3554 2490 3619 ἰδίως
2540 3559 2905 3629 σημαντικήν,
2951 3558 2986 3627 ἢ
3041 3558 3147 3629 μὴν
3198 3556 3287 3612 καὶ
3335 3559 3435 3627 τήν
3473 3557 3815 3634 ἀγεννησίαν,

2151 3646 2243 3700 καὶ
2271 3647 2370 3714 τήν
2404 3644 2652 3720 γέννησιν
2703 3645 2790 3700 ἐπὶ
2838 3650 2945 3701 τῶν
2997 3644 3184 3702 ἄλλων
3231 3653 3334 3716 τῆς
3383 3646 3639 3717 θεότητος
3676 3647 3815 3703 ὑπο-

396 3733 815 3806 bypostasibus
836 3735 1039 3790 eodem
1072 3740 1308 3807 stupore
1333 3735 1730 3809 homonymon
1752 3743 2041 3795 astruant.

2156 3736 2386 3789 στάσεων
2452 3734 2585 3806 μετά
2639 3741 2707 3803 ἧς
2759 3734 2927 3804 αὐτῆς
2979 3734 3363 3811 παραπληξίας
3412 3735 3814 3809 ὁμωνυμείτω-

396 3821 624 3878 Etenim
676 3822 737 3875 τὸ
789 3824 1097 3895 procedere
1144 3841 1276 3879 cum
1327 3828 1502 3881 rebus
1551 3826 1681 3882 aliis
1728 3844 2041 3897 annexum,

397 3927 600 3967 eorum
674 3912 1028 3981 quibuscum
1105 3914 1506 3981 construitur,
1571 3916 2043 3986 conjunctionem

398 3999 772 4071 signiﬁcabit,
812 4002 970 4057 verbi
1028 4001 1259 4073 gratia:
1309 4004 1540 4059 Fluvz'us
1583 4019 1653 4058 απ
1702 4004 1874 4060 Edem
1916 4023 2042 4076 pro-

394 4088 583 4153 cedit;
629 4095 685 4144 et
737 4089 843 4144 hoc
880 4106 894 4144 :
943 4090 1273 4146 Procedebat
1302 4094 1487 4164 foras,
1520 4101 1573 4147 et
1616 4092 1938 4163 loquebatur
1982 4096 2045 4149 in

394 4166 677 4249 idiplsum;
734 4184 1135 4234 verumtamen
1190 4180 1409 4251 Spiritu
1465 4186 1667 4237 sancto
1726 4199 2042 4255 annexum,

394 4266 585 4339 ipsam
612 4270 669 4321 et
699 4266 884 4322 solam
907 4267 1161 4337 Spiritus
1182 4267 1373 4345 sancti
1398 4268 1800 4325 exsistentiam
1826 4269 2044 4343 signiti-

394 4358 505 4423 oat,
532 4359 595 4409 ut
624 4355 684 4409 in
707 4355 1057 4427 Evangeliis,
1079 4356 1177 4426 qui
1204 4355 1365 4411 solus
1392 4357 1627 4428 sapiens
1648 4364 1756 4425 est,
1780 4359 2039 4415 tradidit.

397 4443 674 4515 Progredi
704 4460 859 4511 vero,
893 4448 950 4498 et
978 4444 1274 4517 effulgere,
1307 4451 1365 4501 et
1412 4445 1460 4501 si
1508 4447 1644 4517 quid
1696 4448 1888 4504 simile
1933 4455 2040 4516 est,

394 4531 528 4589 aliis
586 4533 761 4588 rebus
827 4549 1084 4588 connexa
1142 4533 1288 4589 alios
1345 4551 1555 4591 sensus
1610 4538 2037 4607 praeseferunt;

2155 3844 2271 3878 σαν.
2306 3824 2431 3879 Μεθ’
2481 3822 2673 3897 ἑτέρων
2730 3824 2824 3896 μὲν
2874 3824 2974 3899 γὰρ
3025 3825 3358 3900 πραγμάτων
3407 3824 3471 3879 τὸ
3524 3823 3815 3900 ἐκπορεύε-

2155 3914 2275 3967 σθαι
2335 3912 2782 3984 συνταττόμενον,
2843 3915 2926 3974 οἴς
2976 3911 3036 3968 ἂν
3088 3914 3434 3968 συντάττοιτο
3468 3959 3483 3984 ,
3543 3910 3818 3983 δηλώσειε

2152 4003 2217 4057 τὸ
2270 3999 2626 4072 κατάλληλον
2669 4046 2684 4070 ,
2744 4001 2819 4063 ὡς
2876 4002 2939 4056 τὸ
2974 4044 2989 4070 ,
3039 4002 3297 4075 Ποταμὸς
3355 4001 3405 4075 ἐξ
3436 4000 3605 4076 Ἐδὲμ
3651 4001 3817 4058 ἐκπο-

2155 4090 2363 4165 ρεύεται
2393 4137 2407 4163 ,
2466 4090 2555 4145 καὶ
2636 4089 3013 4167 Ἐξεπορεύετο
3093 4088 3193 4161 ἔξω
3228 4137 3241 4162 ,
3299 4091 3390 4145 καὶ
3464 4090 3650 4148 ἐλάλει
3722 4091 3813 4147 ἐπὶ

2150 4180 2214 4236 τὸ
2268 4180 2419 4237 αὐτὸ.
2477 4180 2622 4234 Κατὰ
2680 4176 2738 4234 δὲ
2792 4183 2889 4235 τοῦ
2948 4179 3101 4255 ἁγίου
3133 4179 3450 4254 Πνεύματος
3485 4179 3807 4257 εὑρισκόμε-

2151 4291 2263 4341 νον,
2317 4268 2483 4337 αὐτὴν
2515 4268 2605 4323 καὶ
2635 4266 2803 4341 μόνην
2837 4268 3094 4340 σημαίνει
3122 4269 3221 4337 τὴν
3281 4273 3379 4323 τοῦ
3434 4268 3593 4343 ἁγίου
3637 4268 3809 4324 Πνεύ-

2157 4379 2326 4431 ματος
2374 4356 2619 4433 ὕπαρξιν,
2667 4358 2845 4419 καθὼς
2878 4355 2929 4411 έν
2980 4354 3339 4433 Εὐαγγελίοις
3370 4358 3399 4412 6
3433 4356 3597 4430 μόνος
3643 4358 3809 4436 σοφὸς

2152 4443 2521 4523 παραδέδωκε.
2579 4446 2650 4499 Τὸ
2708 4440 2765 4500 δέ
2816 4465 2878 4521 γε
2923 4444 3307 4520 προέρχεσθαι,
3358 4443 3450 4501 καί
3489 4446 3552 4502 τὸ
3601 4444 3808 4519 ἐκλάμ-

2152 4556 2293 4605 πειν,
2324 4534 2414 4589 καὶ
2449 4530 2502 4588 εἷ’
2540 4554 2592 4588 τι
2647 4537 2920 4602 τοιοῦτον,
2972 4530 3170 4596 ἄλλοις
3223 4533 3318 4607 μὲν
3365 4534 3456 4589 καὶ
3506 4533 3643 4589 αὐτὰ
3689 4555 3812 4590 συν-

394 4622 576 4678 veluti
611 4639 623 4676 :
674 4622 1047 4693 Progreditur
1077 4624 1226 4683 Rex;
1257 4627 1314 4677 et
1351 4640 1364 4677 ε
1407 4626 1555 4694 lu.in
1578 4624 1870 4695 fulgebunt
1898 4628 2040 4681 sicut

2156 4623 2403 4696 τιθέμενα
2458 4621 2789 4699 πράγμασιν,
2850 4620 3024 4684 ἄλλας
3079 4621 3284 4685 ἐννοίας
3345 4622 3674 4698 εἰσάγουσιν,
3732 4623 3809 4687 ὠς

396 4711 498 4781 sol,
529 4728 653 4781 quae
702 4711 761 4765 in
811 4710 1023 4765 divinis
1073 4718 1401 4782 assumpta,
1433 4712 1492 4766 in
1537 4712 1757 4785 Spiritu
1808 4714 2043 4785 quidem

2156 4711 2627 4788 τὸ,11ροέρχεται
2682 4711 2711 4765 6
2776 4709 3029 4785 βασιλεὺς
3065 4752 3081 4779 ,
3137 4711 3226 4766 καὶ
3262 4756 3276 4782 ,
3338 4713 3402 4767 Οἱ
3460 4709 3659 4768 δίκαιοι
3719 4711 3806 4767 έκ-

398 4800 654 4872 Spiritus
701 4799 890 4856 sancti
941 4798 1338 4854 exsistentiaiu
1395 4800 1749 4872 significant,
1791 4803 1848 4858 in
1899 4803 2044 4859 Filio

396 4892 594 4944 autem
635 4886 759 4942 Filii
788 4913 803 4955 ;
852 4893 911 4941 et
950 4887 1312 4955 testimonia,
1342 4905 1469 4959 quae
1501 4888 1757 4960 plurima
1785 4896 1948 4963 sunt,
1976 4908 2045 4947 ex

394 4977 580 5031 sacris
614 4976 866 5043 Litteris,
899 4975 956 5029 in
1004 4981 1279 5048 promptu
1314 4981 1455 5031 sunt
1482 4979 1862 5049 perquirenti.

2156 4799 2463 4873 λάμψουσιν
2523 4800 2598 4862 ὡς
2658 4800 2687 4854 ὁ
2742 4798 2927 4867 ἥλιος,
2984 4797 3036 4852 έν
3100 4799 3360 4874 θεολογίᾳ
3403 4797 3462 4855 δὲ
3516 4798 3812 4877 παραλαμ-

2154 4884 2447 4962 ϐανόμενα,
2506 4892 2575 4963 τῇ
2634 4888 2729 4961 μὶν
2808 4886 2930 4963 περὶ
3001 4892 3097 4942 τοῦ
3157 4888 3478 4962 ΙΙνεύματος
3549 4890 3652 4958 τὴν
3709 4893 3809 4944 τοῦ

2154 4978 2468 5051 Πνεύματος
2524 4977 2881 5051 σημαίνουσιν
2942 4975 3165 5052 ὕπαρξιν
3200 5024 3215 5051 ,
3268 4981 3337 5052 τῇ
3412 4975 3471 5033 δὲ
3524 4978 3649 5056 περὶ
3709 4983 3809 5035 τοῦ

390 5063 539 5134 Υἱοῦ,
597 5065 697 5132 τὴν
751 5067 849 5117 τοῦ
907 5064 1055 5132 ficii,
1113 5063 1202 5117 καὶ
1257 5064 1349 5125 τὰς
1412 5066 1707 5141 μαρτυρίας
1764 5066 1987 5144 εὐχερὲς
2038 5072 2116 5140 τῷ
2178 5065 2503 5143 βουλομένῳ
2560 5064 2778 5128 πολλάς
2832 5085 2893 5141 γε
2925 5064 3085 5127 οὕσας
3133 5066 3193 5121 ἐκ
3247 5073 3348 5137 τῆς
3408 5068 3557 5145 ἱερᾶς
3584 5072 3814 5147 Γραφῆς

386 5150 740 5225 ἀναλέγεσθαι

456 5242 511 5295 3.
541 5241 1059 5298 Verumenimvero
1087 5241 1339 5314 Spiritus
1382 5245 1569 5301 sancti
1603 5246 2034 5318 processionem

382 5346 451 5386 ex
478 5331 646 5385 Patre
680 5347 780 5401 per
809 5330 1021 5385 Filium
1054 5346 1184 5386 esse
1215 5330 1403 5386 multo
1428 5334 1553 5404 jam
1588 5340 1758 5391 antea
1789 5336 1846 5390 in
1894 5352 2037 5391 con-

384 5419 558 5475 fessis
588 5423 737 5485 erat,
770 5424 828 5474 et
862 5436 1045 5490 usque
1076 5419 1147 5475 ad
1180 5419 1303 5475 haec
1336 5428 1536 5478 nostra
1566 5429 1831 5495 tempora
1861 5443 1893 5480 a
1922 5424 2038 5496 piis

388 5506 729 5563 hominibus
778 5507 1082 5574 asseritur,
1129 5513 1186 5563 et
1232 5508 1408 5565 veluti
1464 5528 1776 5568 commune
1826 5515 2040 5585 dogma

389 5595 657 5651 Ecclesiae
691 5594 988 5666 recipitur.
1023 5595 1134 5651 Sed
1169 5613 1282 5651 non
1324 5597 1421 5652 diu
1472 5604 1581 5665 est,
1614 5617 1679 5655 ex
1731 5618 1843 5671 quo
1892 5619 2038 5657 non-

392 5683 539 5741 nulli
562 5683 809 5741 rificule
834 5683 1047 5755 dicam,
1072 5700 1145 5739 an
1168 5684 1495 5743 miserrime
1518 5688 1726 5760 affecti,
1757 5690 1898 5746 dum
1920 5689 2038 5747 vel-

2215 5253 2281 5320 γ’.
2306 5245 2374 5300 Τὸ
2406 5242 2464 5299 δὲ
2500 5245 2600 5313 τὴν
2646 5247 2744 5298 τοῦ
2793 5242 2953 5318 ἁγίου
3005 5243 3327 5319 Ῑῐνεόματος
3376 5243 3693 5319 έκπόρευσιν
3739 5242 3813 5300 δι’

2145 5334 2274 5388 Υἱοῦ
2333 5334 2463 5389 εἶναι
2519 5334 2667 5409 παρὰ
2712 5332 2931 5409 ῙΙατρὸς
2989 5331 3439 5409 ὁμολογούμενον
3492 5334 3560 5403 ἦν
3617 5333 3807 5389 ἀνέκα-

2147 5424 2251 5494 θεν,
2305 5423 2393 5478 καὶ
2441 5420 2547 5485 ἕως
2604 5424 2763 5495 ἡμῶν
2821 5426 2941 5484 τοῖς
3002 5417 3241 5477 εὐσεϐέσι
3298 5423 3391 5478 καὶ
3435 5417 3808 5498 πρεσϐευόμε-

2146 5532 2261 5582 νον,
2312 5512 2403 5566 καὶ
2452 5513 2541 5566 οἷα
2589 5508 2772 5585 δόγμα
2812 5510 2992 5564 κοινὸν
3042 5511 3450 5585 ἀνατεθειμένον
3577 5508 3812 5581 Ἐκκλη-

2150 5598 2239 5671 σίᾳ
2295 5606 2392 5656 τοῦ
2451 5605 2604 5656 Θεοῦ.
2670 5599 2865 5675 Καιρὸς
2923 5596 2968 5653 δ’
3022 5597 3085 5653 οὐ
3144 5598 3366 5675 πολὺς,
3417 5601 3469 5672 ἐξ
3540 5601 3604 5655 οὗ
3666 5619 3809 5663 τινες

2149 5688 2342 5745 ἔπαθόν
2374 5711 2422 5744 τι
2454 5689 2825 5768 γελοιότατον,
2857 5688 2893 5757 ἢ
2932 5684 3146 5761 μᾶλλον
3201 5689 3393 5763 εἰπεῖν,
3440 5688 3805 5762 ἀθλιώτατον,
