4154 6422
376 412 500 484 ,869

1264 412 1367 477 DE
1411 411 1952 478 PROCESSIONE
1997 413 2066 479 S.
2109 410 2471 478 SPlRITUS
2512 411 2808 476 ORATIO
2849 410 2930 476 ΙΙ.

3676 400 3800 466 570

385 542 717 623 βουλόμενοι
790 544 894 623 γὰρ
957 543 1017 601 ἐκ
1059 545 1372 622 περιουσίας
1422 545 1652 616 ἀνελεῖν,
1700 547 1783 615 τὸ,
1835 546 1894 602 ἐκ
1939 550 2033 600 τοῦ

2149 547 2267 603 lent
2296 548 2529 620 penitus
2560 563 2629 602 ex
2656 547 2796 604 Fitz'o
2825 544 3048 615 tollere,
3081 559 3199 600 una
3253 559 3386 600 cum
3436 555 3504 598 eo
3533 536 3790 597 sustule-

379 636 531 703 Υἱοῦ,
567 631 872 690 συνανεῖλον
919 634 1066 707 αύτῷ
1111 634 1200 690 καὶ
1247 637 1330 707 τὸ,
1376 633 1444 690 δι’
1496 637 1642 708 Υἱοῦ,
1693 635 1782 690 καὶ
1833 636 1900 691 τὰ
1951 633 2031 690 δι-

382 722 638 799 δάγματα
664 729 770 778 τῶν
803 725 1074 779 τοσούτων
1111 725 1304 800 ἁγίων,
1337 724 1472 780 ὅπου
1505 727 1598 796 μὲν
1642 726 1707 794 ἧν
1751 747 1834 787 τις
1884 720 2028 794 λαϐὴ

383 811 637 884 δοκοῦσα,
691 811 1028 890 διέστρεψαν.
1073 813 1209 868 ὅπου
1261 812 1305 868 δ’
1354 814 1453 870 ούκ
1497 816 1564 884 ἦν
1616 813 1892 887 οὐδαμῶς,
1952 815 2032 878 ὡς

382 901 685 980 ἀσύμφωνα
743 899 898 971 δῆθεν
965 908 1082 964 τοῖς
1158 901 1394 965 πολλοῖς
1477 901 1871 980 διεκρούσαντο.
1931 903 2030 958 Καὶ

381 989 519 1045 ὅπου
573 992 667 1064 μὲν
716 991 784 1060 ἦν
827 993 892 1046 τὸ
923 990 982 1046 ἐκ
1010 997 1106 1046 τοῦ
1137 992 1348 1068 Πατρὸς
1398 991 1504 1048 εἴτε
1549 998 1893 1069 προχεῖσθαι,
1927 990 2032 1046 εἴτε

379 1080 748 1156 προέρχεσθαι
788 1081 849 1133 τὸ
899 1084 1124 1152 Πνεῦμα
1173 1080 1236 1135 τὸ
1289 1083 1461 1154 ἅγιον,
1495 1081 1580 1136 ἐπὶ
1620 1087 1722 1150 τῆς
1771 1079 2028 1156 ἐκπορεύ-

381 1190 518 1230 σεως
565 1165 922 1244 παρεδέξαντο
966 1170 1033 1224 τὰ
1085 1169 1342 1242 ὀνόματα’
1395 1171 1531 1225 ὅπου
1582 1168 1639 1225 δὲ
1685 1171 1746 1225 τὸ
1799 1168 1867 1224 δι’
1907 1170 2032 1224 Υἱοῦ

381 1256 721 1333 προσέκειτο,
762 1259 860 1326 την
913 1258 1180 1334 πρόχυσιν
1229 1258 1339 1313 ἐκεῖ
1381 1259 1468 1314 καὶ
1509 1260 1606 1327 τὴν
1654 1256 1912 1335 πρόοδον,
1943 1258 2031 1313 καὶ

380 1341 437 1399 εἴ
458 1365 511 1398 τι
543 1341 684 1399 ἄλλο
714 1349 960 1400 τοιοῦτον
995 1345 1111 1400 ἀντὶ
1141 1353 1243 1415 τῆς
1275 1343 1481 1423 δωρεᾶς
1521 1345 1853 1425 έξειλήφασι.

455 1517 518 1577 δ’.
568 1519 793 1583 Σύνεσις
845 1518 903 1576 δὲ
950 1519 1176 1596 οὐδεμία
1225 1525 1634 1600 συνεωρακέναι,
1675 1530 1886 1595 πρῶτον
1938 1525 2031 1597 μὲν

380 1608 466 1664 ὅτι
529 1607 735 1665 πολλοὶ
787 1615 892 1664 τῶν
972 1611 1135 1686 ἁγίων
1206 1614 1458 1686 Πατέρων
1525 1611 1881 1690 ἐδογμάτισαν
1946 1611 2034 1668 καί

382 1695 502 1752 λίαν
533 1699 840 1775 σαφέστατα
879 1701 940 1754 τὸ
973 1698 1060 1754 διὰ
1087 1705 1185 1755 τοῦ
1216 1703 1345 1756 Υἱοῦ
1387 1702 1450 1756 τὸ
1502 1704 1725 1774 Πνεῦμα
1766 1704 1829 1756 τὸ
1878 1704 2032 1777 ἅγιον

377 1791 477 1841 τοῦ
531 1788 749 1854 Πατρὸς
807 1787 1210 1865 ἐκπορεύεσθαι,
1240 1791 1305 1845 τὸ
1355 1787 1412 1845 δὲ
1464 1793 1540 1863 μὴ
1592 1789 1681 1846 διὰ
1735 1796 1833 1845 τοῦ
1884 1793 2035 1864 Υἱοῦ,

375 1880 484 1930 τῶν
515 1874 664 1930 ὅλων
701 1873 879 1939 οὐδεὶς
907 1881 976 1952 τῇ
1010 1878 1268 1954 θεολογίᾳ
1313 1875 1632 1955 προσέθετο,
1663 1879 1811 1950 πλὴν
1864 1879 1908 1935 εἶ
1957 1882 2029 1953 μή
2067 1920 2114 1985 Β

537 1963 550 1984 ν
607 1963 617 1980 ο
799 1966 813 1985 κ
933 1971 958 1980 .-
998 1975 1029 1985 η
1103 1965 1126 1985 ε,
1237 1970 1248 1985 ,
1463 1967 1481 1985 κ
1514 1968 1526 1985 ,
1773 1977 1782 1985 .
1825 1971 1838 1985 ς
1868 1971 1889 1985 η
2019 1969 2032 1985 ε

376 1985 459 2026 τις
509 1963 710 2039 εἰσάγει
761 1966 822 2020 τὸ
866 1971 963 2021 τοῦ
994 1965 1353 2044 Θεοδωρήτου
1398 1967 1726 2046 φιλόνεικον.
1761 1971 1838 2024 Δι’
1868 1971 1897 2024 ’ὀ
1945 1969 2034 2024 καὶ

379 2052 681 2128 καθῄρητο,
762 2053 851 2109 καὶ
937 2055 1368 2131 ἀποκεκήρυκτο,
1451 2057 1548 2112 κᾶν
1642 2057 1858 2134 ὕστερον
1941 2080 2036 2114 κα-

377 2143 666 2214 τεγνωκὼς
717 2142 807 2196 καὶ
858 2143 1018 2205 αὐτὸς
1070 2144 1282 2213 ἑαυτοῦ,
1331 2144 1422 2199 καὶ
1468 2144 1595 2207 τοῦς
1647 2145 1880 2208 οἰκείους
1941 2146 2036 2202 λό-

380 2249 532 2304 γους,
565 2230 682 2285 ὅσοι
738 2239 839 2301 τῆς
890 2238 1208 2308 θεοστυγοῦς
1261 2230 1463 2310 ἔριδος,
1511 2234 2035 2310 ἀποσκευασάμενος,

384 2317 448 2373 οὐ
502 2321 608 2392 μὴν
656 2318 804 2376 ἀλλά
849 2322 939 2376 καὶ
980 2329 1098 2384 ταῖς
1139 2327 1237 2377 τοῦ
1289 2323 1622 2397 ἀναθέματος
1671 2324 1826 2401 ἀραῖς
1873 2337 2038 2390 καθυ-

383 2403 670 2480 ποϐαλὼν,
710 2409 875 2482 μόλις
905 2410 1046 2466 οὕτω
1077 2409 1459 2488 προσδέδεκτο.

467 2589 524 2644 ε’.
558 2586 814 2664 Δεύτερον
865 2585 942 2661 δὲ,
974 2589 1036 2643 τὸ
1084 2593 1200 2651 πῶς
1251 2589 1310 2644 ἂν
1365 2588 1485 2666 ἔχοι
1529 2593 1556 2646 6
1607 2593 1728 2654 Υἱὸς
1777 2598 2038 2669 χορηγεῖν

391 2676 454 2730 τὸ
505 2681 747 2750 Πνεῦμα,
786 2679 862 2750 μὴ
909 2679 1046 2741 κατά
1090 2699 1210 2733 τινα
1258 2679 1442 2754 σχέσιν
1493 2681 1674 2757 ἑτέραν
1740 2689 1840 2752 τῆς
1905 2682 2040 2755 ὁμο-

392 2765 712 2835 ουσιότητος
765 2766 1111 2840 ᾠκειωμένον
1162 2767 1343 2840 αὐτῷ;
1376 2769 1439 2823 Εἰ
1489 2769 1592 2846 γὰρ
1639 2770 1700 2825 τὸ
1751 2770 2045 2843 ὁμοούσιον

384 2851 561 2909 αἶ’τιον
591 2859 671 2926 τῷ
699 2856 811 2927 Υἱῷ
850 2861 950 2926 τῆς
1001 2855 1274 2932 χορηγίας
1323 2862 1420 2911 τοῦ
1469 2857 1809 2932 Πνεύματος,
1843 2860 1878 2928 ἢ
1904 2861 2044 2922 τινὸς

387 2947 498 2997 τῶν
557 2941 766 3014 ἄλλων,
819 2945 894 2998 ὧν
956 2942 1100 3020 ἔχειν
1163 2944 1372 3022 λέγεται
1433 2949 1579 3023 παρά
1645 2953 1742 3002 τοῦ
1792 2949 1917 3004 Υῖοῦ
1980 2949 2044 3005 τὸ

389 3036 638 3104 Πνεῦμα,
688 3032 804 3086 ἐπεὶ
865 3031 1044 3106 ὥσπερ
1096 3034 1123 3087 ὁ
1170 3035 1292 3096 Υἱὸς
1343 3040 1422 3106 τῷ
1490 3035 1763 3109 Πνεύματι
1835 3037 2043 3110 ὁμοού-

387 3138 529 3189 σιον,
567 3118 709 3174 οὕτω
745 3120 833 3174 καὶ
862 3120 926 3174 τὸ
957 3125 1182 3193 Πνεῦμα
1212 3127 1289 3194 τῷ
1336 3123 1462 3195 Υἱῷ,
1496 3130 1732 3200 χορηγεῖ
1776 3122 1832 3179 δὲ
1863 3126 1890 3180 ὁ
1921 3126 2043 3188 Υἱὸς

387 3203 452 3261 τὸ
501 3212 749 3280 Πνεῦμα,
781 3211 1092 3285 χορηγήσοι
1148 3209 1205 3264 ἂν
1257 3211 1346 3265 καὶ
1396 3213 1456 3266 τὸ
1505 3217 1727 3285 Πνεῦμα
1764 3214 1853 3269 τὸν
1889 3214 2034 3273 Υἱόν.

2143 641 2282 693 runt
2309 642 2365 694 et
2391 653 2489 709 per
2518 638 2750 700 Filium,
2766 640 2822 691 et
2845 639 3143 691 tantorum
3165 634 3398 690 Patrum
3418 631 3790 695 documenta,

2143 726 2189 781 si
2241 744 2357 798 qua
2404 726 2694 798 captionis
2737 726 2988 782 dabatur
3036 739 3196 790 ansa,
3244 721 3664 794 perverterunt,
3695 717 3788 773 sin

2142 831 2274 870 vero
2306 815 2468 871 nulla
2497 815 2834 887 apparebat,
2868 819 2995 869 tum
3029 813 3149 881 illa,
3181 815 3465 882 tanquam
3497 825 3624 880 quae
3654 823 3790 862 cum

2142 904 2348 960 multis
2380 904 2510 960 aliis
2559 921 2674 960 non
2728 903 3132 967 convenirunt,
3169 901 3514 971 rejecerunt.
3551 898 3623 953 Et
3667 895 3792 951 ubi-

2143 1009 2371 1064 cunque
2412 998 2538 1049 erat
2587 1009 2656 1048 ex
2686 997 2854 1048 Patre
2904 992 3024 1048 sive
3073 990 3317 1055 eii'undi,
3349 988 3468 1043 sive
3519 1000 3792 1042 emanare

2141 1083 2424 1153 Spiritum
2475 1088 2768 1148 sanetum,
2801 1083 2870 1138 de
2922 1080 3292 1153 proeessione
3337 1093 3505 1132 voces
3553 1089 3792 1144 accepe-

2142 1176 2300 1242 runt,
2349 1172 2684 1243 ubicunque
2734 1188 2866 1227 vero
2914 1187 3016 1242 per
3046 1169 3258 1224 Filium
3302 1181 3594 1223 annexum
3643 1165 3788 1228 erat,

2142 1261 2485 1316 effusionem
2520 1261 2620 1326 ibi,
2653 1264 2710 1316 et
2755 1259 3206 1325 emanationem,
3240 1261 3298 1312 et
3339 1255 3388 1311 si
3439 1253 3580 1326 quid
3629 1251 3788 1307 aliud

2143 1349 2380 1421 simile,
2459 1366 2562 1421 pro
2620 1350 2770 1405 dono
2809 1393 2822 1416 ,
2898 1353 2956 1404 et
3005 1363 3247 1403 munere
3303 1343 3416 1399 dici
3477 1341 3789 1398 contende-

2143 1443 2300 1494 runt.

2217 1530 2266 1582 4.
2300 1527 2499 1599 Neque
2531 1527 2649 1583 ulla
2680 1527 2799 1582 illis
2835 1525 3145 1599 prudentia
3175 1523 3364 1580 adfuit
3393 1519 3790 1577 discernendi.

2146 1616 2405 1672 Primum
2435 1617 2672 1687 quidem
2708 1616 2926 1671 multos
2959 1620 3193 1671 sanctos
3224 1614 3422 1668 Patres
3452 1615 3508 1666 et
3545 1608 3795 1681 apertis-

2145 1705 2292 1760 sime
2321 1705 2559 1761 omnino
2600 1705 2920 1761 sancivisse
2969 1721 3070 1776 per
3118 1703 3327 1758 Filium
3357 1699 3639 1770 Spiritum
3671 1713 3800 1752 san-

2145 1799 2310 1850 etum
2344 1811 2411 1849 ex
2443 1799 2612 1850 Patre
2662 1795 2993 1866 procedere,
3027 1797 3087 1848 at
3127 1807 3230 1861 per
3258 1788 3467 1846 Filium
3517 1803 3631 1843 non
3663 1803 3794 1858 pro-

2145 1884 2350 1939 cedere
2420 1883 2670 1952 nullum,
2734 1883 2874 1938 dum
2932 1883 3003 1938 de
3061 1882 3236 1937 rebus
3313 1876 3524 1933 divinis
3576 1879 3792 1947 ageret,

2147 1971 2495 2038 afﬁrmasse,
2515 1972 2627 2026 nisi
2660 1972 2792 2043 quis
2824 1971 2932 2027 hoc
2953 1988 2986 2027 a
3014 1970 3374 2026 Theodoreto
3406 1964 3795 2022 contentionis

2145 2058 2284 2115 vitio
2329 2059 2549 2116 dictum
2581 2060 2640 2114 in
2695 2060 2955 2116 medium
2994 2059 3220 2124 afferat,
3252 2058 3486 2128 pr0pter
3516 2051 3670 2125 quod
3703 2051 3797 2106 de-

2148 2147 2376 2220 positus
2407 2153 2463 2204 et
2482 2148 2844 2220 proscriptus
2863 2153 2989 2215 est;
3024 2147 3157 2202 licet
3188 2149 3388 2218 postea
3409 2141 3795 2212 semetipsum

2149 2237 2568 2307 condemnans,
2603 2237 2970 2294 sermonibus
3019 2234 3270 2308 propriis
3301 2248 3449 2304 quos
3490 2245 3800 2286 exsecran-

2150 2327 2234 2382 daa
2295 2327 2688 2383 contentionis
2745 2327 2938 2382 studio
2995 2324 3307 2388 elfutierat,
3385 2318 3688 2392 ablegatis,
3747 2320 3804 2372 et

2151 2415 2545 2472 anathematis
2590 2415 2735 2472 diris
2784 2415 3064 2482 subactis,
3105 2413 3200 2468 vix
3245 2411 3483 2466 tandem
3532 2410 3800 2479 receptus

2150 2505 2250 2562 sit.

2222 2595 2276 2650 5.
2319 2597 2585 2651 Secundo
2637 2611 2792 2664 vero,
2842 2609 3096 2665 quonam
3146 2592 3316 2647 modo
3366 2591 3564 2662 posset
3619 2584 3800 2642 Filius

2150 2684 2428 2756 Spiritum
2462 2683 2681 2756 largiri,
2717 2685 2827 2740 nisi
2859 2688 3012 2739 esset
3037 2682 3183 2753 {cum
3211 2698 3277 2735 eo
3331 2678 3527 2750 aliqua
3552 2675 3666 2731 alia
3695 2674 3801 2730 ha-

2153 2772 2442 2839 bitudine,
2503 2791 2680 2844 quam
2715 2769 3347 2828 consubstantialitatis
3394 2767 3745 2837 conjunctus
3770 2764 3798 2819 ?

2154 2861 2398 2928 Etenim,
2435 2863 2483 2916 si
2507 2858 3143 2918 eonsuhstantialitatis
3183 2874 3362 2913 causa
3391 2856 3450 2910 in
3474 2853 3616 2910 Filio
3646 2856 3802 2908 esset

2155 2951 2646 3023 suppeditationis
2670 2938 2946 3020 Spiritus,
2972 2948 3090 3004 sive
3109 2947 3354 3003 alterius
3375 2943 3704 3015 cujuspiam
3734 2958 3804 2998 ex

2153 3040 2226 3096 iis
2277 3057 2404 3111 quze
2448 3039 2701 3110 Spiritus
2750 3039 2964 3094 habere
3015 3037 3230 3093 dicitur
3287 3053 3320 3091 a
3369 3033 3534 3104 Filio,
3567 3033 3802 3103 quando

2153 3129 2652 3200 quemadmodum
2695 3128 2960 3198 ejusdem
2991 3125 3254 3183 essentias
3284 3128 3374 3180 est
3421 3138 3556 3178 cum
3583 3119 3800 3193 Spiritu

2157 3218 2376 3285 Filius;
2437 3217 2520 3274 ita
2573 3221 2630 3273 et
2686 3217 2941 3289 Spiritus
2989 3233 3121 3272 cum
3171 3214 3336 3281 Filio,
3370 3211 3619 3284 largitur
3666 3224 3801 3264 vero

383 3293 551 3353 ’Ίδιον
608 3297 665 3351 τὸ
713 3302 937 3370 Πνεῦμα
982 3303 1079 3352 τοῦ
1128 3300 1275 3368 Υἱοῦ,
1319 3297 1455 3362 ἴδιος
1507 3300 1564 3356 ἂν
1609 3300 1828 3378 λέγοιτο
1875 3304 1965 3358 καὶ
2014 3305 2042 3359 6

2155 3307 2338 3361 Filius
2381 3307 2684 3378 Spiritum,
2715 3305 3119 3377 suppeditaret
3163 3317 3399 3375 quoque
3430 3299 3640 3355 Filium
3672 3297 3802 3369 Spi-

385 3385 514 3446 Υῖὸς
558 3390 656 3440 τοῦ
703 3385 1044 3458 Πνεύματος.
1082 3387 1434 3444 Ἀποστέλλει
1467 3391 1495 3446 6
1524 3391 1645 3453 Υἱὸς
1687 3391 1750 3446 τὸ
1797 3397 2038 3466 Πνεῦμα,

385 3474 479 3528 καὶ
536 3473 695 3537 αὐτὸς
754 3474 829 3538 ὡς
875 3477 1002 3538 Θεὸς
1049 3475 1478 3549 ἀνταποσταλείη
1533 3480 1679 3556 παρά
1723 3485 1823 3535 τοῦ
1872 3481 2040 3536 Πνεύ-

393 3585 580 3636 ματος.
643 3565 850 3620 Ἐκεῖνα
927 3564 1088 3620 λαλεῖ
1141 3568 1202 3621 τὸ
1259 3572 1498 3641 Πνεῦμα,
1557 3568 1656 3623 ὅσα
1724 3569 1782 3624 ἂν
1851 3570 2039 3627 ἀκούοι

389 3653 535 3727 παρά
588 3658 686 3708 τοῦ
732 3655 878 3726 Υἱοῦ,
913 3655 1002 3710 καὶ
1052 3657 1080 3710 6
1125 3656 1249 3718 Υἱὸς
1298 3656 1469 3712 ἐκεῖεα
1516 3655 1772 3728 λαλήσει,
1831 3658 1932 3714 ὅσα
1981 3661 2037 3714 ἃν

389 3742 636 3796 ἀκούσειε
692 3743 838 3819 παρά
888 3747 986 3798 τοῦ
1045 3744 1376 3818 ῙῘνεύματος.
1429 3747 1522 3800 Ἐκ
1567 3751 1662 3801 τοῦ
1712 3748 1838 3802 Υἱοῦ
1897 3746 2040 3822 λαμ-

385 3825 535 3886 ϐάνει
584 3832 647 3886 τὸ
695 3837 938 3906 Πνεῦμα,
972 3830 1212 3906 λήψαιτο
1259 3833 1346 3888 καὶ
1380 3835 1408 3888 6
1447 3835 1570 3897 Υἱὸς
1619 3835 1679 3890 ἐκ
1722 3842 1820 3890 τοῦ
1879 3837 2040 3893 Πνεύ-

389 3941 582 3994 ματος.
643 3922 742 3975 Διά
811 3926 910 3976 τοῦ
985 3923 1112 3977 Υἲοῦ
1168 3923 1231 3977 τὸ
1287 3927 1509 3997 Πνεῦμα
1585 3926 1904 3981 συνάπτεται
1959 3932 2040 3999 τῷ

387 4008 580 4084 Πατρί,
628 4009 718 4064 καὶ
772 4010 800 4064 ὁ
848 4010 967 4072 Υἱὸς
1029 4007 1118 4065 διὰ
1163 4015 1260 4065 τοῦ
1327 4010 1644 4084 Πνεύματος
1714 4016 2037 4071 συνάπτοιτο

379 4102 462 4170 τῷ
516 4098 702 4171 οἰκείῳ
757 4098 948 4175 Πατρί.
997 4101 1131 4154 Ὅσα
1179 4097 1293 4176 ἔχει
1350 4101 1413 4154 τὸ
1470 4105 1710 4175 Πνεῦμα,
1747 4105 1889 4178 παρά
1943 4109 2037 4158 τοῦ

381 4186 565 4262 Λόγου
598 4186 736 4263 ἔχει,
777 4187 868 4242 καὶ
900 4188 928 4241 ὁ
959 4188 1080 4250 Υἱὸς
1113 4187 1212 4243 ὅσα
1256 4187 1395 4264 ἔχει,
1424 4194 1571 4244 ταῦτ’
1621 4189 1680 4244 ἂν
1723 4189 1844 4266 ἔχοι
1894 4193 2038 4269 παρά

379 4281 478 4330 τοῦ
529 4276 866 4350 Πνεύματος.
903 4278 1002 4339 Διά
1037 4282 1133 4332 τοῦ
1184 4277 1495 4351 Πνεύματος
1552 4279 1579 4333 ὁ
1627 4280 1747 4342 Υἱὸς
1807 4280 2033 4358 ἐνεργεῖ,

379 4364 628 4441 ἐνεργοίη
689 4363 780 4420 καὶ
826 4365 889 4420 τὸ
939 4371 1156 4439 Πνεῦμα
1204 4364 1293 4421 διὰ
1333 4372 1429 4421 τοῦ
1487 4368 1632 4425 Υἱοῦ.
1679 4368 1858 4424 Εἷκών
1925 4369 2034 4424 ἐστι

378 4458 477 4509 τοῦ
536 4456 658 4508 Υἱοῦ
711 4454 775 4509 τὸ
833 4459 1072 4528 Πνεῦμα,
1099 4455 1244 4510 καὶὸ
1294 4456 1416 4517 Υἱὸς
1473 4456 1630 4511 εἰκὼν
1687 4457 1745 4512 ἂν
1803 4456 1884 4529 εἷή
1939 4465 2036 4514 τοῦ

380 4543 716 4616 Πνεύματος.
749 4542 1016 4614 Τοιαύτην
1047 4543 1194 4614 τάξιν
1225 4544 1314 4599 καὶ
1347 4543 1503 4623 φύσιν
1545 4541 1662 4622 ἔχει
1705 4547 1770 4601 τὸ
1819 4552 2037 4622 Πνεῦμα

2153 3396 2300 3450 ritus
2335 3413 2346 3450 :
2381 3396 2652 3467 proprius
2680 3401 2770 3451 est
2816 3394 2945 3449 Filii
2977 3393 3246 3466 Spiritus,
3281 3389 3550 3462 proprius
3581 3388 3804 3442 dicere-

2151 3489 2248 3540 tur
2276 3489 2330 3540 et
2383 3483 2564 3546 Filius
2613 3483 2906 3556 Spiritus;
2954 3482 3136 3538 mittit
3185 3480 3364 3537 Filius
3412 3478 3718 3551 Spiritum,
3747 3482 3804 3530 et

2152 3573 2277 3645 ipse
2306 3578 2371 3628 ut
2400 3573 2556 3628 Deus
2585 3577 2790 3628 contra
2835 3572 3157 3627 mitteretur
3187 3587 3220 3625 a
3247 3568 3463 3642 Spiritu
3496 3585 3508 3634 ;
3543 3565 3804 3638 loquitur

2149 3661 2421 3734 Spiritus,
2454 3677 2818 3733 quaecunque
2850 3678 2883 3716 a
2914 3659 3057 3715 Filio
3090 3657 3275 3728 audit,
3309 3662 3364 3712 et
3391 3655 3571 3712 Filius
3601 3653 3802 3725 loque-

2153 3754 2313 3807 retur
2342 3767 2706 3820 queecunque
2753 3767 2787 3805 a
2839 3748 3059 3822 Spiritu
3107 3749 3375 3813 audiret;
3426 3763 3495 3801 ex
3539 3742 3678 3798 Filio
3709 3758 3802 3797 ac-

2151 3839 2295 3911 cipit
2341 3839 2613 3910 Spiritus,
2648 3839 2935 3910 acciperet
2966 3842 3021 3892 et
3070 3853 3138 3892 ex
3167 3836 3385 3908 Spiritu
3437 3832 3662 3898 Filius;
3699 3848 3802 3903 per

2153 3928 2364 3984 Filium
2422 3929 2677 3999 Spiritus
2720 3927 3098 3998 conjungitur
3146 3923 3319 3991 Patri,
3351 3927 3408 3978 et
3466 3920 3649 3978 Filius
3697 3936 3800 3991 per

2151 4017 2434 4088 Spiritum
2468 4016 2702 4087 proprio
2737 4014 2892 4070 Patri
2914 4015 3397 4086 conjungeretur;
3433 4023 3798 4084 quaecunque

2147 4105 2324 4160 habet
2353 4104 2626 4176 Spiritus,
2661 4121 2695 4159 a
2725 4103 2862 4158 Filio
2893 4103 3087 4168 habet,
3121 4105 3177 4157 et
3222 4098 3402 4154 Filius
3433 4112 3796 4168 quaecunque

2147 4193 2345 4261 habet,
2379 4210 2446 4248 ea
2494 4193 2733 4248 haberet
2765 4210 2798 4247 a
2844 4192 3102 4263 Spiritu;
3139 4206 3241 4260 per
3285 4187 3566 4258 Spiritum
3611 4184 3794 4240 Filius

2147 4286 2439 4355 operatur,
2471 4287 2527 4337 et
2558 4282 2810 4354 Spiritus
2842 4299 2944 4353 per
2973 4278 3186 4335 Filium
3230 4280 3608 4350 Operaretur;
3642 4274 3794 4330 ima-

2147 4388 2219 4444 go
2248 4375 2339 4427 est
2369 4371 2495 4427 Filii
2523 4371 2798 4443 Spiritus,
2818 4373 2876 4425 et
2908 4368 3092 4424 Filius
3115 4368 3309 4439 imago
3331 4365 3586 4437 Spiritus
3608 4367 3789 4419 esset:

2145 4459 2319 4516 talem
2352 4459 2636 4528 ordinem,
2671 4464 3063 4531 naturamque
3110 4456 3289 4513 habet
3315 4453 3567 4526 Spiritus
3598 4453 3670 4508 ad
3703 4453 3794 4507 Fi-

2144 4549 2310 4616 lium,
2343 4548 2573 4620 qualem
2629 4547 2806 4604 Filius
2854 4547 3031 4605 habet
3072 4547 3143 4601 ad
3193 4545 3441 4614 Patrem,
3484 4541 3660 4598 talem
3690 4542 3792 4598 ha-

377 4633 518 4708 πρὸς
573 4632 664 4687 τὸν
724 4630 868 4705 Υἱόν,
905 4631 1019 4688 ο⁹ίαν
1055 4635 1236 4696 ὁὶ”ιὸς
1295 4630 1410 4709 ἔχει
1467 4635 1606 4710 πρὸς
1655 4635 1748 4690 τὸν
1801 4635 2031 4712 Πατέρα·

2149 4638 2307 4694 heret
2335 4643 2392 4693 et
2424 4637 2606 4692 Filius
2657 4638 2725 4692 ad
2760 4636 3043 4708 Spiritum
3093 4639 3149 4690 et
3199 4633 3486 4699 ordinem,
3518 4635 3576 4687 et
3620 4636 3792 4700 natu-

373 4719 636 4792 τοιαύτην
688 4720 748 4776 ἃν
803 4719 928 4798 ἔχοι
982 4722 1072 4776 καὶ
1125 4723 1154 4777 ὁ
1205 4723 1324 4784 Υἱὸς
1368 4723 1507 4796 πρὸς
1562 4724 1624 4778 τὸ
1674 4728 1896 4798 Πνεῦμα
1943 4727 2032 4781 καὶ

373 4809 520 4883 τάξιν
569 4810 658 4866 καὶ
709 4810 889 4887 φύσιν,
922 4808 1038 4865 οἵαν
1083 4810 1214 4866 αὐτὸ
1262 4811 1396 4886 πρὸς
1433 4811 1526 4866 τὸν
1569 4812 1803 4888 Πατέρα.
1837 4813 2031 4870 Πολλά

373 4899 444 4956 τὰ
481 4903 725 4955 τοιαῦτα·
774 4898 912 4962 τέως
963 4896 1020 4954 δὲ
1070 4899 1159 4954 καὶ
1208 4899 1315 4955 ἀπὸ
1380 4905 1486 4954 τῶν
1556 4901 2027 4976 ἀπηριθμημένων

373 4988 471 5065 ὅγε
532 4991 608 5063 μή
667 4986 843 5060 πάντη
902 4987 1386 5064 ἀπῃναιδευμένος,
1442 4991 1531 5045 καὶ
1589 4990 2025 5066 ἀπονενοημένος

369 5082 442 5153 τῇ
472 5075 705 5150 ἀληθείᾳ
730 5077 1041 5142 κατάθοιτο.

445 5169 510 5232 ς’.
568 5172 759 5238 Ζητεῖς
850 5165 1166 5244 μαρτυρίας,
1245 5167 1318 5221 ὧν
1401 5167 1602 5245 ἀρτίως
1688 5167 2024 5244 εἷ’ρήκαμενς

369 5254 636 5320 Πλείστας
696 5253 927 5332 ἕναγχός
987 5277 1073 5311 σοι
1130 5256 1632 5331 προκεκομίκαμεν.
1664 5257 1841 5330 Τόμον
1894 5257 2023 5314 ὅλον

369 5346 804 5423 ἐγκεχειρικότες
851 5344 1116 5400 τοιούτων
1171 5345 1384 5418 μεστόν.
1436 5348 1625 5420 Ὅμως
1679 5346 1739 5400 ἂν
1791 5345 1841 5417 ἐξ
1886 5346 2023 5402 ἐκεί-

368 5457 474 5490 νων
555 5436 828 5490 κάνταῦθα
915 5433 1178 5510 βραχείας
1261 5434 1412 5497 τινάς
1491 5437 1899 5510 παραθήσομεν.
1967 5438 2024 5490 Ὀ

367 5523 550 5579 τοίνυν
605 5525 673 5580 τὰ
728 5526 845 5578 θεῖα
899 5522 1074 5585 πολὺς
1135 5521 1472 5594 Ἀθανάσιος,
1507 5524 1557 5579 ἐν
1622 5525 1714 5597 μὲν
1764 5529 1842 5596 τῷ
1889 5527 2025 5579 κατά

370 5617 663 5688 ’Δρειανῶν
737 5613 944 5688 πρώτῳ
1017 5609 1146 5668 τάδε
1221 5611 1401 5690 φησίν⁶
1463 5614 1519 5666 Ὀ
1574 5609 1631 5667 δὲ
1705 5615 1902 5690 Σωτὴρ
1960 5615 2022 5669 τὸ

371 5699 608 5776 ἔμπαλιν
667 5701 798 5766 Θεὸς
859 5698 957 5772 ὢν,
1015 5702 1104 5757 καὶ
1172 5701 1242 5776 τῇ
1322 5700 1570 5778 βασιλείᾳ
1641 5706 1738 5758 τοῦ
1803 5703 2020 5777 Πατρὸς

2143 4743 2290 4794 ram,
2324 4726 2556 4799 qualem
2607 4726 2733 4798 ipse
2783 4725 3038 4797 Spiritus
3085 4723 3157 4779 ad
3204 4727 3458 4778 Patrem.
3490 4719 3671 4776 Multa
3698 4719 3793 4775 his

2142 4814 2359 4872 similia
2385 4819 2540 4870 sunt.
2572 4813 2806 4870 Interim
2830 4816 3122 4881 autem,et
3141 4828 3209 4868 ex
3226 4809 3318 4866 his
3335 4827 3462 4883 quas
3485 4811 3794 4865 numerata

2130 4905 2258 4975 jam
2291 4909 2450 4972 sunt,
2487 4903 2585 4976 qui
2619 4903 2857 4958 omnino
2910 4901 3320 4957 verecundiam
3351 4917 3466 4955 non
3497 4896 3790 4970 deposuit,

2138 4997 2194 5048 et
2225 5010 2468 5065 prorsus
2517 4991 2737 5048 oblitus
2782 4992 2874 5047 sui
2909 5009 3024 5047 non
3057 4996 3166 5058 est,
3199 4988 3428 5045 veritati
3481 5003 3790 5045 assensum

2139 5081 2438 5154 praebebit.

2207 5172 2262 5226 6.
2295 5169 2652 5226 Testimonia
2675 5170 2801 5241 jam
2850 5170 3140 5225 dictorum
3189 5167 3500 5241 eXposcis?
3531 5166 3792 5223 Plurima

2136 5258 2310 5332 paulo
2370 5264 2504 5314 ante
2561 5258 2906 5328 obtulimus,
2963 5275 3094 5313 cum
3146 5263 3371 5312 tomum
3423 5255 3788 5310 traderemus

2137 5348 2346 5404 horum
2401 5347 2889 5414 refertissimum;
2937 5346 3320 5402 nihilominus
3370 5363 3438 5401 ex
3478 5344 3551 5400 iis
3594 5348 3652 5400 et
3692 5343 3788 5398 hic

2133 5437 2422 5493 nonnulla
2499 5453 2883 5509 apponemus.
2947 5436 3357 5491 Divinissimus
3425 5433 3787 5490 Athanasius

2136 5532 2337 5582 contra
2366 5526 2612 5581 Arianos
2642 5525 2913 5581 Oratione
2957 5525 3079 5580 haec
3127 5525 3303 5580 habet
3335 5540 3349 5580 :
3384 5525 3620 5579 Rursum
3662 5537 3786 5578 vero

2137 5615 2396 5671 Salvator
2441 5621 2588 5671 Deus
2631 5615 2923 5686 assistens,
2961 5614 3245 5670 dominatu
3293 5615 3482 5671 Patris
3519 5615 3787 5685 perpetuo

2135 5706 2433 5778 imperans,
2465 5712 2515 5760 ει
2559 5704 2823 5778 Spiritum
2871 5712 3125 5761 sanctum
3154 5707 3350 5760 unicus
3380 5705 3493 5776 ipse
3521 5702 3783 5786 largiens.
