4154 6390
318 432 434 497 5⁸71

1579 431 2000 497 NICEPHORI
2043 431 2479 499 BLEMMIDE

3615 434 3735 498 672

324 567 468 624 Item
504 566 732 639 :Neque
777 567 929 623 enim
976 582 1046 624 ex
1071 568 1247 639 seipse
1293 568 1540 640 Spiritus
1588 567 1850 639 lequitur,
1880 566 1971 622 sed

2095 565 2163 621 ὶεὶ
2237 566 2566 642 βασιλεύων,
2613 571 2709 623 τοῦ
2773 588 2831 623 τε
2878 566 3195 642 Ιῐνεύματος
3246 570 3345 624 τοῦ
3414 565 3566 645 ἁγίου
3631 567 3729 624 αύ-

331 658 562 713 Verbum
589 660 687 727 est,
720 655 861 729 quod
890 657 1054 713 illum
1089 656 1274 725 dignis
1320 657 1747 713 subministrat:
1782 657 1923 712 Item
1958 672 1971 711 :

324 748 569 818 Denique
597 746 1050 818 quemadmodum
1099 755 1224 803 ante
1273 748 1719 802 incarnationem
1750 746 1977 801 Verbum

325 852 452 891 cum
479 843 629 903 esset,
658 836 864 891 sanctis
890 835 1060 890 veluti
1101 836 1387 907 proprium
1433 836 1707 907 Spiritum
1735 835 1973 905 elargie-

329 924 512 990 batur,
543 925 624 980 sic
668 933 722 980 et
768 924 925 980 homo
951 926 1129 995 factus
1159 924 1371 996 Spiritu
1414 925 1723 994 sanctiﬁcat
1770 940 1971 980 omnes.

324 1014 395 1069 Et
439 1013 611 1069 tertia
658 1013 918 1069 oratione
969 1031 982 1068 :
1033 1013 1093 1067 Si
1135 1014 1377 1085 Spiritus
1425 1016 1548 1082 scit,
1583 1014 1751 1068 multo
1798 1015 1976 1082 magis

323 1104 431 1160 scit
485 1103 735 1169 Verbum,
785 1120 891 1175 qua
939 1103 1177 1158 Verbum
1223 1106 1319 1172 est,
1365 1120 1437 1158 ex
1489 1119 1591 1175 quo
1636 1111 1687 1158 et
1734 1103 1975 1175 Spiritus

322 1193 545 1263 accipit.
604 1192 859 1246 Rursum
910 1209 923 1246 :
978 1193 1329 1265 Quaecunque
1392 1192 1555 1247 habet
1601 1192 1863 1262 Spiritus,
1913 1207 1977 1247 ea

322 1281 479 1336 habet
505 1297 546 1336 α
581 1282 762 1337 Verbo.
799 1279 944 1336 Illud
978 1285 1173 1335 autem
1208 1297 1221 1335 :
1257 1281 1579 1352 Quicunque
1614 1281 1822 1336 dixerit
1846 1297 1974 1336 con-

325 1378 412 1425 tra
443 1370 648 1425 Filium
698 1370 961 1437 hominis,
993 1371 1302 1425 remittetur
1330 1372 1402 1440 ei,
1453 1386 1747 1442 exponens
1797 1370 1877 1425 ait
1907 1371 1978 1425 de

325 1458 554 1514 Christo
588 1474 601 1512 :
633 1460 751 1530 Ipse
803 1458 1039 1515 Verbum
1088 1460 1185 1514 Dei
1212 1475 1337 1514 cum
1382 1461 1475 1525 sit,
1512 1461 1629 1531 ipse
1668 1476 1769 1531 per
1798 1459 1976 1530 Spiri-

326 1552 443 1603 tum
468 1549 655 1602 omnia
682 1550 958 1618 0peratur.
985 1548 1053 1602 Et
1084 1548 1155 1602 ad
1188 1548 1562 1620 Serapionem
1593 1548 1934 1620 episcopum
1960 1564 1973 1603 :

324 1637 508 1706 Imago
554 1637 687 1691 Filii
729 1636 961 1703 dicitur,
990 1645 1042 1692 et
1089 1644 1164 1693 est
1212 1636 1472 1706 Spiritus.
1506 1636 1695 1692 Item:
1741 1638 1916 1691 Filius
1945 1655 1979 1691 a

322 1731 492 1781 Patre
520 1725 739 1797 quidem
768 1728 1031 1797 mittitur,
1064 1729 1179 1799 ipse
1222 1743 1349 1782 vero
1376 1727 1647 1797 Spiritum
1686 1728 1899 1786 mittit;
1930 1733 1981 1781 et

322 1816 498 1870 Filius
543 1815 762 1886 quidem
815 1820 1036 1871 Patrem
1087 1814 1389 1885 glori/ient,
1421 1816 1608 1870 dicens
1640 1833 1657 1868 :
1711 1837 1740 1865 ‹‹
1789 1816 1974 1882 Pater,

2084 654 2175 717 τὸς
2237 653 2310 711 ὢν
2368 657 2614 735 χορηγὸς
2676 656 2863 731 μόνος.
2923 657 3021 714 Καὶ
3095 655 3283 713 πάλιψ
3344 656 3418 713 Οὐ
3478 658 3584 735 γὰρ
3643 656 3733 736 ἀφ’

2086 745 2276 800 ἑαυτοῦ
2333 747 2395 801 τὸ
2455 752 2677 821 Πνεῦμα
2755 744 2934 819 λαλεῖ,
2996 745 3122 803 ἀλλ’
3182 748 3210 802 6
3270 746 3449 822 Λόγος
3516 746 3657 802 ἐστὶν
3706 748 3735 803 6

2083 838 2249 889 τοῦτο
2336 832 2519 898 διδοὺς
2601 840 2719 898 τοῖς
2795 836 2984 907 ἀξίοις.
3060 835 3160 891 Καὶ
3251 833 3425 899 αὖθις⁸
3506 834 3731 909 Ἀμέλει

2088 921 2270 999 ὥσπερ
2331 925 2437 1000 πρὸ
2500 932 2600 995 τῆς
2667 925 3124 1001 ἐνανθρωπήσεως
3180 924 3354 1001 Λόγος
3403 921 3476 979 ὢν
3531 923 3738 1000 ἐχορή-

2084 1032 2167 1087 γει
2223 1018 2342 1075 τοῖς
2413 1014 2591 1089 ἁγίοις
2653 1014 2727 1076 ὡς
2808 1010 2946 1069 ξ’διον
3006 1014 3067 1068 τὸ
3126 1016 3370 1086 Πνεῦμα,
3431 1011 3573 1067 οὕτω
3648 1012 3741 1068 καὶ

2086 1101 2364 1174 ἄνθρωπος
2467 1101 2786 1176 γενόμενος,
2871 1101 3079 1178 ἁγιάζει
3162 1100 3291 1164 τοὺς
3375 1102 3576 1163 πάντας
3656 1105 3739 1172 τῷ

2087 1189 2388 1263 ΙΙνεύματι.
2445 1197 2528 1246 Ἐν
2598 1196 2677 1263 τῷ
2742 1191 2912 1267 τρίτῳ
2987 1188 3045 1246 66
3115 1196 3223 1246 τῶν
3299 1189 3492 1245 αὐτῶν·
3554 1188 3618 1245 Εἰ
3675 1189 3739 1245 τὸ

2089 1283 2311 1351 Πνεῦμα
2387 1277 2524 1351 οἶδε,
2582 1278 2781 1353 πολλῷ
2853 1279 3066 1353 μᾶλλον
3128 1281 3157 1335 6
3214 1278 3411 1355 Λόγος,
3561 1278 3742 1354 Λόγος

2087 1366 2250 1439 ἐστὶν,
2333 1365 2465 1442 οἶδε,
2524 1376 2650 1444 παρ’
2724 1369 2786 1423 οὗ
2863 1369 2951 1424 καὶ
3021 1369 3085 1424 τὸ
3155 1371 3377 1441 Πνεῦμα
3445 1362 3739 1440 λαμϐάνει.

2088 1456 2187 1510 Καὶ
2244 1454 2415 1519 αὖθις·
2463 1458 2563 1512 Καὶ
2617 1456 2716 1512 ὅσα
2778 1454 2894 1534 ἔχει
2950 1458 3013 1512 τὸ
3083 1461 3320 1531 Πνεῦμα,
3370 1460 3537 1511 ταῦτα
3593 1454 3743 1533 παρᾶ

2084 1548 2182 1598 τοῦ
2231 1545 2411 1621 Λόγου
2460 1544 2597 1622 ἔχει.
2640 1544 2710 1601 Τὸ
2762 1544 2830 1619 δ’,
2872 1548 2965 1608 Ὃς
3008 1546 3068 1601 ἂν
3120 1541 3245 1620 εἴπῃ
3292 1546 3428 1600 κατὰ
3470 1549 3567 1599 τοῦ
3614 1544 3743 1599 Υὶοῦ

2084 1637 2182 1687 τοῦ
2276 1634 2581 1711 ἀνθρώπου,
2668 1635 2992 1713 ἀφεθήσεται
3097 1633 3263 1705 αὐτῷ,
3348 1632 3741 1707 διερμηνεύων,

2087 1722 2219 1800 φησὶ
2271 1722 2395 1798 περί
2443 1728 2541 1778 τοῦ
2589 1728 2845 1800 Χριστοῦ,
2896 1722 3003 1791 ὅτι,
3050 1722 3225 1786 Αὐτὸς
3274 1722 3453 1797 Λόγος
3520 1719 3593 1777 ὢν
3642 1725 3745 1777 τοῦ

2087 1817 2241 1884 Θεοῦ,
2286 1812 2446 1875 αὐτὸς
2498 1810 2588 1867 διὰ
2643 1818 2742 1868 τοῦ
2800 1812 3117 1885 Πνεύματος
3174 1810 3378 1889 ἐνεργεῖ
3432 1813 3500 1866 τὰ
3550 1809 3743 1869 πάντα.

324 1918 421 1974 ego
450 1908 500 1959 te
524 1904 852 1975 gloriﬁcavi.
888 1926 917 1954 »
950 1903 1189 1976 Spiritus
1218 1909 1404 1959 autem
1431 1903 1710 1973 glori/ient
1728 1904 1934 1959 Filium
1957 1921 1975 1958 :

2095 1902 2234 1977 [Ιρὸς
2303 1900 2622 1977 Σεραπίωνα
2696 1900 2753 1957 66
2837 1902 2926 1957 τὸν
3007 1900 3318 1957 ἐπίσκοπονσ
3390 1900 3562 1956 Εἷκὼν
3644 1903 3745 1955 τοῦ

322 2014 351 2043 ‹‹
384 1993 483 2049 Ille
529 1994 699 2060 enim,
734 2015 760 2042 ››
796 1994 901 2060 ait,
940 2014 968 2043 ι(
1000 2009 1087 2049 me
1140 1994 1489 2064 gloriﬁcabit.
1523 2014 1552 2043 »
1582 1994 1647 2048 Et
1676 1992 1859 2049 Filius
1890 1994 1979 2048 in-

327 2082 446 2153 quit
478 2101 496 2136 :
528 2105 555 2132 ‹‹
591 2084 725 2151 Quae
752 2082 949 2139 audivi
977 2099 1014 2138 a
1042 2083 1230 2150 Patre,
1265 2083 1380 2138 haec
1408 2086 1460 2138 et
1494 2081 1688 2154 loquor
1705 2082 1933 2138 mundo.
1952 2104 1980 2132 »

328 2172 568 2243 Spiritus
595 2187 666 2227 ex
695 2171 839 2226 Filio
891 2173 1090 2242 accipit
1119 2190 1139 2226 :
1171 2193 1199 2222 «
1231 2176 1309 2227 De
1349 2187 1467 2227 meo
1497 2173 1667 2241 enim,
1704 2193 1732 2221 ››
1777 2173 1978 2243 inquit,

329 2283 358 2311 «
392 2261 639 2332 accipiet,
673 2267 723 2316 et
749 2260 1109 2316 annuntiabit
1142 2261 1344 2317 vobis.»
1376 2263 1441 2317 Et
1465 2262 1644 2317 Filius
1664 2262 1723 2315 in
1755 2262 1983 2316 nomine

328 2350 518 2404 Patris
546 2349 693 2403 venit
724 2344 802 2403 .·’‹‹
830 2348 1070 2419 Spiritus
1086 2352 1269 2404 autem
1295 2356 1535 2415 sanctus,
1572 2370 1600 2397 »
1630 2350 1730 2412 ait,
1764 2370 1792 2398 ‹‹
1824 2364 1983 2418 quem

326 2439 507 2492 mittet
550 2442 716 2493 Pater
762 2438 820 2491 in
869 2439 1093 2493 nomine
1137 2453 1274 2493 meo.
1311 2457 1337 2486 n
1388 2438 1578 2493 Talem
1626 2437 1878 2492 ordinem
1932 2438 1985 2492 et

325 2534 589 2582 naturam
615 2542 742 2581 cum
771 2525 965 2582 habeat
990 2527 1235 2598 Spiritus
1280 2526 1350 2581 ad
1377 2527 1602 2594 Filium,
1633 2526 1849 2597 qualem
1880 2526 1981 2581 ha-

327 2617 411 2671 bet
437 2614 613 2670 Filius
661 2622 731 2670 ad
776 2616 1023 2682 Patrem,
1056 2615 1323 2687 quomodo
1353 2616 1499 2671 hunc
1543 2621 1861 2671 creaturam
1892 2630 1980 2669 vo-

325 2708 434 2772 cat,
466 2719 578 2760 non
605 2703 752 2759 idem
797 2711 850 2759 et
878 2703 943 2760 de
971 2704 1109 2760 Filio
1156 2706 1464 2761 necessario
1491 2706 1735 2760 sentiet?
1769 2704 1985 2759 Etenim

323 2794 376 2848 si
425 2792 666 2864 Spiritus
720 2796 800 2848 est
850 2796 1107 2850 creatura
1151 2794 1319 2859 Filii,
1373 2794 1703 2865 subsequens
1758 2794 1982 2849 omnino

324 2883 498 2952 fuerit
552 2882 844 2953 afﬁrmare
917 2881 1127 2938 eosdem
1146 2926 1159 2950 ,
1218 2886 1270 2938 et
1329 2883 1559 2939 Verbum
1629 2883 1816 2937 Patris
1868 2896 1985 2937 esse

323 2974 658 3042 creaturam,
692 2971 941 3043 Magnus
970 2974 1099 3027 tum
1130 2971 1188 3027 in
1234 2971 1498 3044 agendis,
1532 2975 1659 3027 tum
1708 2970 1769 3026 in
1802 2970 1983 3027 medi-

325 3059 523 3116 tandis
570 3058 847 3129 Basilius,
898 3059 970 3115 de
1017 3060 1132 3116 fide
1192 3063 1452 3117 tractans
1507 3060 1567 3115 in
1630 3059 1911 3116 Asoeticis
1963 3075 1977 3114 :

323 3149 489 3204 Patre
516 3150 766 3204 mittente
812 3148 1038 3216 Filium,
1069 3149 1212 3204 Filio
1256 3150 1503 3206 mittente
1547 3148 1818 3221 Spiritum
1845 3164 1982 3205 san-

324 3242 497 3295 ctum.
524 3238 702 3293 Item:
733 3236 976 3309 Spiritus
1004 3243 1247 3308 sanctus,
1273 3240 1370 3310 qui
1392 3239 1569 3306 docet,
1616 3241 1672 3293 et
1697 3239 1983 3295 memoriae

2088 1991 2216 2045 Υἱοῦ
2273 1990 2508 2068 λέγεται,
2555 1991 2646 2047 καὶ
2719 1991 2829 2047 ἐστὶ
2875 1991 2939 2047 τὸ
2991 1993 3235 2063 Πνεῦμα.
3289 1989 3390 2045 Καὶ
3456 1988 3644 2044 πάλινο
3685 1990 3745 2042 Ὀ

2094 2079 2188 2152 μὲν
2248 2080 2370 2141 Υἱὸς
2439 2080 2586 2154 παρὰ
2657 2084 2755 2135 τοῦ
2815 2077 3033 2156 Πατρὸς
3107 2076 3524 2145 ἀποστέλλεται,
3581 2076 3746 2140 αὐτὸς

2092 2164 2151 2222 66
2211 2168 2273 2223 τὸ
2354 2172 2581 2241 Πνεῦμα
2653 2167 3001 2225 ἀποστέλλει’
3062 2167 3153 2223 καὶ
3212 2169 3241 2222 6
3303 2167 3397 2241 μὲν
3454 2167 3576 2229 Υἱὸς
3650 2167 3747 2223 τὸν

2092 2256 2306 2331 Πατέρα
2373 2254 2601 2331 δοξάζει,
2674 2255 2866 2334 λέγων,
2925 2258 3129 2334 Πάτερ,
3180 2256 3291 2333 ἐγώ
3366 2276 3424 2311 σε
3498 2253 3745 2328 ἐδόξασα,

2088 2345 2153 2400 τὸ
2215 2342 2273 2400 66
2347 2350 2577 2419 Πνεῦμα
2643 2343 2853 2418 δοξάζει
2926 2348 3017 2401 τὸν
3095 2345 3238 2402 Υἱόν.
3317 2345 3554 2407 Ἐκεῖνος
3620 2345 3746 2421 γάρ,

2092 2433 2276 2512 φησὶν,
2338 2435 2435 2508 ἐμὲ
2505 2432 2734 2506 δοξάσει.
2794 2436 2891 2495 Καὶ
2968 2436 2996 2489 6
3081 2435 3173 2508 μὲν
3246 2435 3369 2497 Υἱὸς
3431 2434 3617 2512 φησὶν,
3675 2435 3747 2490 ’Ἀ

2089 2520 2299 2593 ἤκουσα
2342 2523 2490 2601 παρὰ
2533 2528 2631 2579 τοῦ
2675 2524 2914 2599 Πατρὸς,
2964 2529 3130 2579 ταῦτα
3172 2523 3262 2578 καὶ
3319 2520 3478 2578 λαλῶ
3530 2523 3607 2585 εἰς
3655 2523 3751 2578 τὸν

2090 2612 2318 2686 κόσμον,
2379 2613 2441 2667 τὸ
2500 2610 2558 2668 66
2614 2617 2834 2687 Πνεῦμα
2881 2613 2941 2668 ἐκ
2997 2618 3097 2668 τοῦ
3152 2613 3280 2668 Υἱοῦ
3335 2606 3624 2685 λαμϐάνει.
3654 2612 3751 2667 Ἐκ

2090 2706 2187 2756 τοῦ
2244 2701 2381 2775 ἐμοῦ
2439 2703 2567 2778 γὰρ,
2600 2702 2757 2781 φησὶ,
2793 2702 3048 2777 λήψεται.
3079 2702 3179 2757 Καὶ
3212 2703 3240 2757 6
3270 2701 3365 2775 μὲν
3398 2701 3522 2764 Υἱὸς
3570 2699 3623 2756 ἐν
3670 2704 3753 2773 τῷ

2094 2789 2317 2865 ὀνόματι
2364 2795 2461 2847 τοῦ
2511 2792 2726 2869 Πατρὸς
2775 2790 2931 2861 ἦλθε.
2979 2791 3052 2848 Τὸ
3101 2788 3159 2847 66
3206 2795 3430 2865 Πνεῦμα
3463 2790 3527 2845 τὸ
3574 2791 3752 2866 ἅγιον,

2091 2879 2278 2959 φησὶν,
2334 2879 2364 2934 '6
2412 2881 2619 2953 πέμψει
2676 2880 2705 2935 6
2763 2881 2959 2957 Πατήρ
3027 2878 3078 2935 ἐν
3153 2883 3234 2951 τῷ
3308 2877 3541 2952 ὀνόματί
3623 2899 3753 2952 μου.

2088 2968 2353 3039 Τοιαύτην
2460 2965 2518 3024 66
2614 2966 2762 3040 τάξιν
2848 2970 2939 3024 καὶ
3046 2967 3204 3047 φύσιν
3316 2966 3542 3044 ἔχοντος
3654 2971 3756 3023 τοῦ

2091 3058 2409 3132 Ιίνεύματος
2464 3057 2602 3133 πρὸς
2672 3058 2764 3114 τὸν
2822 3058 2967 3131 Υἳὸν,
3014 3054 3130 3112 ο⁹ίαν
3181 3055 3297 3133 ἔχει
3344 3057 3373 3112 6
3431 3056 3554 3119 Υἱὸς
3612 3054 3754 3133 πρὸς

2088 3148 2178 3203 τὸν
2251 3146 2487 3225 Πατέρα,
2538 3151 2658 3211 πῶς
2719 3148 2748 3203 6
2822 3151 2984 3202 τοῦτο
3056 3145 3260 3221 κτίσμα
3327 3145 3520 3223 λέγων,
3571 3144 3635 3201 οὐ
3690 3146 3759 3202 τὸ

2089 3236 2219 3293 αὐτὸ
2294 3237 2384 3292 καὶ
2458 3237 2582 3313 περὶ
2655 3239 2753 3291 τοῦ
2828 3236 2956 3291 Υῖοῦ
3017 3235 3066 3309 ἐξ
3136 3234 3373 3313 ἀνάγκης
3450 3236 3754 3313 φρονήσεις

325 3327 594 3398 suggerit,
626 3305 963 3399 quacunque
993 3343 1027 3382 a
1056 3327 1195 3383 Filio
1233 3305 1506 3384 audierit.
1542 3328 1608 3383 Et
1636 3328 1708 3383 ad
1740 3327 1983 3399 Amphi-

2095 3325 2160 3382 Εἰ
2226 3325 2326 3402 γάρ
2395 3305 2540 3381 ἐστι·
2582 3325 2645 3380 τὸ
2723 3328 2949 3398 Πνεῦμα
3013 3305 3112 3380 τοῦ
3168 3305 3572 3397 Ποῦ-κτίσμα,
3631 3322 3761 3379 ἀκό-

331 3414 593 3471 lochium
625 3415 890 3471 scribens
922 3431 938 3472 :
971 3418 1121 3474 Unus
1147 3431 1271 3472 vero
1299 3425 1378 3472 est
1402 3425 1457 3473 et
1485 3417 1723 3488 Spiritus
1741 3420 1983 3483 sanctus,

332 3505 432 3576 qui
459 3511 512 3560 et
540 3506 654 3576 ipse
681 3505 1054 3574 singulariter
1096 3507 1450 3572 enuntiatur,
1480 3513 1534 3560 et
1558 3521 1661 3578 per
1689 3521 1866 3561 unum
1895 3505 1985 3559 Fi-

335 3594 477 3648 lium
515 3594 617 3648 uni
664 3595 823 3650 Patri
868 3596 1239 3663 coniungitur.
1276 3594 1344 3650 Et
1396 3595 1467 3650 ad
1521 3595 1761 3650 fratrem
1810 3609 1986 3650 suum

330 3681 487 3737 inter
516 3686 752 3738 sanctos
798 3682 1305 3755 sapientissimum
1339 3682 1687 3755 Gregorium
1720 3683 1792 3738 de
1819 3682 1985 3738 diffe-

330 3769 520 3825 rentia
576 3770 845 3826 essentize
903 3775 962 3827 et
1041 3771 1377 3845 hypostasis
1428 3788 1441 3827 :
1498 3771 1988 3840 Quemadmodum,

330 3858 431 3929 ait,
483 3858 541 3914 in
593 3867 814 3928 catena,
862 3859 958 3931 qui
1004 3877 1177 3916 unam
1213 3862 1622 3917 extremitatem
1668 3861 1892 3932 arripit,
1940 3867 1992 3915 et

331 3947 488 4003 aliud
518 3956 829 4004 extremum
858 3966 970 4004 una
998 3965 1125 4005 cum
1153 3965 1219 4005 ea
1267 3951 1519 4017 attrahit,
1551 3951 1632 4005 sic
1658 3958 1710 4005 et
1740 3952 1836 4022 qui
1866 3949 1988 4021 Spi-

336 4035 510 4090 ritum
556 4037 753 4104 traxit,
784 4051 884 4107 per
910 4053 1040 4091 eum
1086 4044 1136 4092 et
1164 4037 1376 4093 Filium
1401 4038 1572 4093 simul
1617 4040 1839 4103 traxit;
1865 4045 1915 4093 et
1943 4039 1994 4093 si

340 4124 465 4196 quis
495 4124 700 4179 Filium
743 4140 872 4180 vcre
915 4127 1233 4197 susceperit,
1266 4125 1484 4181 habebit
1530 4127 1714 4198 ipsum
1757 4131 1995 4197 utraque

340 4227 415 4268 ex
457 4215 633 4283 parte,
664 4212 767 4269 hac
811 4208 1055 4284 Patrem,
1085 4214 1188 4269 illa
1229 4216 1520 4286 proprium
1564 4216 1836 4287 Spiritum
1878 4232 1993 4271 una

341 4317 527 4357 secum
570 4301 873 4358 ducentem.
918 4303 1107 4374 Neque
1145 4305 1301 4359 enim
1347 4320 1383 4358 a
1426 4305 1611 4376 Patre,
1642 4307 1739 4377 qui
1782 4321 1995 4377 semper

342 4391 405 4446 in
442 4391 611 4446 Patre
639 4399 736 4460 est,
767 4391 1070 4463 praseindi
1109 4394 1321 4463 potest;
1350 4408 1525 4465 neque
1563 4411 1598 4449 a
1640 4393 1855 4466 Spiritu
1892 4412 1994 4450 un-

346 4495 511 4551 quam
537 4479 928 4537 dissociabitur
965 4483 1223 4553 proprio,
1258 4483 1355 4554 qui
1384 4484 1575 4539 omnia
1621 4486 1683 4539 in
1729 4487 1846 4556 ipso
1875 4500 1997 4555 ope-

344 4575 522 4625 ratur.
559 4569 627 4626 Et
654 4558 717 4626 in
736 4570 1152 4626 Antirrheticis
1185 4588 1198 4627 :
1237 4573 1385 4628 Unus
1406 4572 1545 4629 Deus
1578 4588 1703 4629 cum
1729 4574 1823 4642 sit,
1855 4574 1998 4630 Deus

2095 3414 2291 3471 λουθον
2352 3412 2412 3469 ἂν
2454 3411 2537 3485 εἴη
2600 3412 2781 3489 λέγειν
2841 3411 3037 3476 αὐτοὺς
3087 3412 3178 3468 καὶ
3251 3412 3344 3468 τὸν
3402 3412 3583 3487 Λόγον
3657 3415 3761 3469 τοῦ

2094 3503 2312 3578 Πατρὸς
2393 3501 2528 3556 εἶναι
2609 3503 2828 3574 κτίσμα.
2888 3503 2946 3556 Ὁ
3017 3500 3182 3579 μέγας
3263 3522 3316 3557 εν
3393 3501 3594 3578 θεωρίᾳ
3665 3501 3759 3557 καὶ

2094 3592 2283 3668 πράξει
2330 3588 2613 3653 Βασίλειος
2660 3592 2786 3668 περὶ
2821 3598 2922 3662 τῆς
2954 3592 3189 3654 πίστεως
3249 3585 3637 3667 διαλαμϐάνων
3699 3590 3753 3647 ἐν

2094 3685 2213 3743 τοῖς
2272 3681 2645 3752 Ἀσκητικοῖς·
2707 3685 2814 3736 Τοῦ
2877 3681 2971 3754 μὶν
3028 3679 3243 3756 Πατρὸς
3298 3678 3615 3754 πέμποντος
3660 3680 3754 3736 τὸν

2095 3769 2241 3842 Υῖὸν,
2297 3773 2395 3824 τοῦ
2454 3766 2513 3824 66
2567 3770 2696 3824 Υἱοῦ
2769 3770 3084 3844 πέμποντος
3154 3769 3218 3824 τὸ
3291 3770 3445 3845 ἅγιον
3510 3772 3754 3842 Πνεῦμα.

2097 3858 2198 3913 Καὶ
2248 3855 2437 3931 πάλιν,
2468 3858 2540 3913 Τὸ
2599 3861 2826 3931 Πνεῦμα
2882 3859 2944 3913 τὸ
3002 3858 3155 3934 ἅγιον
3213 3855 3276 3913 τὸ
3334 3854 3607 3928 διδάσκον,
3664 3856 3759 3914 καί

2100 3947 2517 4021 ὑπομιμνῆσκον
2599 3944 2795 4018 πάντα,
2857 3947 2955 4002 ὅσα
3033 3947 3092 4002 ἂν
3171 3947 3362 4003 ἀκούοι
3443 3946 3591 4021 παρᾶ
3656 3953 3758 4002 τοῦ

2098 4038 2245 4094 Υῖοῦ.
2306 4035 2680 4093 Ἐπιστέλλων
2753 4035 2812 4092 66
2881 4037 3020 4113 πρὸς
3081 4035 3475 4116 ’Δμφιλόχιον.
3534 4039 3626 4092 Ἓν
3697 4033 3760 4092 66

2098 4126 2189 4182 καὶ
2242 4126 2308 4181 τὸ
2364 4127 2517 4202 ἅγιον
2574 4128 2819 4198 Πνεῦμα,
2877 4126 3032 4204 φησὶ,
3092 4126 3183 4181 καὶ
3241 4125 3372 4181 αὐτὸ
3451 4122 3760 4199 μοναδικῶς

2102 4211 2589 4293 ἐξαγγελλόμενον,
2645 4214 2735 4270 καὶ
2796 4211 2867 4270 δι’
2924 4214 3039 4278 ἑνὸς
3094 4215 3222 4270 Υὶοῦ
3297 4219 3376 4287 τῷ
3446 4215 3525 4269 ἑνὶ
3581 4213 3761 4291 ΙΙατρὶ

2103 4304 2528 4379 συναπτόμενον.
2600 4303 2745 4381 Πρὸς
2827 4303 2886 4360 66
2949 4304 3043 4360 τὸν
3117 4301 3351 4383 ἀδελφὸν
3432 4301 3598 4359 αὐτοῦ
3664 4302 3760 4358 τὸν

2104 4394 2270 4473 σοφὸν
2330 4392 2382 4449 ἐν
2444 4393 2619 4471 ἁγίοις
2679 4394 3002 4471 Γρήγοριον,
3055 4391 3182 4469 περὶ
3239 4389 3503 4471 διαφορᾶς
3577 4390 3763 4454 οὐσίας

2105 4483 2196 4538 καὶ
2273 4483 2640 4555 ὑποστάσεως,
2698 4485 2922 4557 Ὥσπερ,
3000 4481 3186 4561 φησὶν,
3271 4479 3324 4553 ἐξ
3403 4479 3671 4553 ἁλύσεως,
3732 4480 3761 4535 6

2104 4575 2202 4626 τοῦ
2278 4572 2391 4634 ἑνὸς
2470 4569 2638 4648 ἄκρου
2711 4571 3007 4646 ἁψάμενος,
3065 4570 3155 4627 καὶ
3223 4571 3288 4625 τὸ
3358 4565 3542 4645 ἕτερον
3602 4566 3765 4646 ἄκρον

351 4657 527 4714 Pilius
553 4662 789 4731 paterna
814 4662 1022 4715 natura
1048 4663 1101 4715 et
1140 4664 1372 4732 paterno
1401 4663 1665 4728 nomine;
1695 4677 1843 4717 unus
1872 4677 1987 4718 cum

2110 4659 2566 4734 συνεπεσπάσατο,
2634 4660 2807 4724 οὕτως
2893 4662 2922 4716 6
3018 4661 3082 4716 τὸ
3182 4663 3409 4735 Πνεῦμα
3510 4656 3763 4733 ἑλκύσας,

346 4749 421 4803 sit
448 4748 715 4804 Dominus
750 4750 951 4815 Filius,
979 4749 1244 4805 Dominus
1274 4750 1459 4816 Pater,
1493 4751 1756 4820 imaginis
1781 4754 2004 4808 nomine

351 4837 631 4908 vocitatus,
663 4840 927 4909 tanquam
970 4839 1254 4910 exemplar
1299 4839 1455 4894 illius
1484 4847 1538 4895 et
1581 4841 1815 4909 genitor,
1847 4842 1927 4896 sic
1953 4849 2005 4897 et

351 4924 591 4995 Spiritus
641 4927 906 4982 Dominus
953 4943 989 4982 a
1042 4927 1270 4983 Domino
1327 4945 1526 4985 nomen
1577 4929 1756 4999 habet,
1806 4947 1839 4984 a
1898 4947 2001 5001 quo

349 5013 824 5088 subministratur,
882 5024 934 5071 et
988 5017 1262 5072 Dominus
1308 5018 1375 5073 ab
1434 5019 1682 5089 imagine
1736 5020 2001 5090 Spiritus,

350 5102 572 5176 quando
624 5111 675 5159 et
729 5104 869 5161 Deus
915 5104 1156 5176 Spiritus
1202 5107 1268 5161 ab
1326 5105 1514 5162 eodem
1572 5109 2000 5179 cognominetur.

351 5191 837 5263 Sapientissimus
877 5192 1148 5266 Cyrinus,
1182 5196 1252 5250 ad
1302 5195 1714 5268 imperatorem
1746 5197 2003 5254 Theodo-

351 5280 508 5336 sium
539 5280 610 5337 de
641 5280 875 5338 Christo
910 5297 924 5338 :
956 5284 1221 5339 Liberans
1248 5286 1396 5339 enim
1426 5301 1459 5339 a
1486 5287 1725 5355 peccatis
1753 5303 1879 5342 eum
1908 5288 2005 5358 qui

354 5370 463 5440 ipsi
509 5368 771 5438 adhaeret,
804 5373 1024 5443 proprio
1067 5372 1318 5445 deinceps
1368 5374 1527 5445 ungit
1577 5374 1810 5447 Spiritu,
1841 5392 2005 5446 quem

357 5459 607 5513 immittit
647 5460 764 5530 ipse
804 5463 1067 5531 tanquam
1111 5476 1181 5516 ex
1208 5465 1311 5517 Deo
1341 5464 1506 5518 Patre
1556 5464 1825 5533 Verbum,-
1856 5467 1908 5520 et
1935 5481 2005 5521 ex

348 5548 585 5617 propria
613 5554 812 5603 natura
842 5551 1001 5605 nobis
1030 5551 1322 5621 'emittens,
1353 5556 1406 5607 et
1453 5560 1720 5624 tanquam
1769 5570 1887 5611 rem
1920 5555 2004 5608 in-

354 5636 715 5702 carnationis,
746 5637 1151 5708 dispensatione
1177 5655 1521 5696 communem
1549 5660 1759 5714 ponens
1785 5645 2005 5715 propter

354 5724 614 5782 unionem
666 5726 859 5798 etiam,
910 5730 971 5782 ut
1026 5727 1182 5782 homo
1239 5730 1604 5802 corporaliter
1659 5732 2000 5805 insufﬂabat,

2112 4747 2184 4805 δι’
2266 4749 2429 4805 αὐτοῦ
2512 4749 2603 4805 καὶ
2682 4751 2775 4805 τὸν
2860 4750 2984 4805 Υἱὸν
3071 4747 3518 4829 ωνεφελκύσατο,
3576 4747 3665 4803 καὶ
3718 4746 3767 4803 εἰ

2110 4840 2202 4895 τὸν
2254 4839 2376 4895 Υῖὸν
2435 4838 2657 4911 ἀληθῶς
2713 4859 2798 4901 τις
2854 4834 3041 4910 λάϐοι,
3098 4835 3202 4911 ἕξει
3286 4837 3447 4894 αὐτὸν
3506 4834 3770 4913 ἑκατέρως

2112 4931 2220 5001 θεν,
2269 4931 2348 4998 πῆ
2427 4928 2522 5001 μὲν
2571 4928 2661 4983 τὸν
2715 4928 2908 4983 ἑαυτοῦ
2959 4929 3195 5005 Πατέρα,
3253 4934 3332 4998 πῆ
3393 4924 3451 4983 66
3507 4926 3571 4982 τὸ
3627 4922 3768 4981 ἴδιον

2111 5023 2338 5091 Πνεῦμα
2394 5016 2849 5094 συνεπαγόμενον.
2909 5012 3044 5073 Οῦτε
3120 5018 3226 5094 γὰρ
3300 5020 3399 5072 τοῦ
3464 5016 3679 5092 Πατρὸς
3738 5014 3767 5069 6

2113 5106 2194 5163 ἀεὶ
2252 5105 2325 5162 ὣν
2390 5105 2442 5162 ἐν
2499 5110 2578 5178 τῷ
2634 5105 2809 5182 Πατρί
2888 5105 3277 5180 ἀποτμηθῆναι
3335 5102 3578 5177 δύναται,
3645 5098 3771 5159 οὔτε

2109 5200 2208 5252 τοῦ
2273 5194 2589 5268 Πνεύματος
2671 5195 2805 5251 ποτὶ
2898 5191 3348 5271 διαζευχθήσεται
3404 5197 3520 5250 »τοῦ
3598 5189 3766 5261 ἰδίου,

2113 5285 2140 5339 6
2193 5285 2367 5340 πάντα
2422 5283 2474 5339 ἐν
2533 5282 2680 5355 αὐτῷ
2738 5282 2987 5360 ἰνεργῶν.
3040 5284 3125 5339 Ἐν
3180 5281 3240 5338 66
3294 5286 3417 5347 τοῖς
3474 5280 3772 5359 Ἀντιῤῥη-

2110 5378 2306 5448 τικοῖς,
2365 5372 2517 5437 Ἑνὸς
2583 5368 2738 5436 ὄντος
2822 5377 2920 5429 τοῦ
2984 5377 3139 5446 Θεοῦ,
3189 5373 3318 5435 Θεὸς
3367 5373 3396 5427 6
3452 5371 3596 5444 Υἱὸς,
3657 5374 3773 5425 Πα-

2110 5466 2273 5539 τρικῇ
2340 5461 2515 5542 φύσει,
2574 5461 2663 5517 καὶ
2732 5466 2992 5540 Πατρικῷ
3034 5461 3285 5536 ὀνόματι.
3353 5461 3445 5516 καὶ
3511 5460 3629 5522 ἑνὸς
3684 5452 3773 5513 ὄν-

2110 5573 2202 5615 τος
2260 5552 2461 5629 Κυρίου
2532 5556 2630 5607 τοῦ
2705 5552 2857 5624 Υἱοῦ,
2912 5551 3123 5629 Κύριος⁸
3173 5553 3202 5606 6
3261 5551 3477 5627 Πατὴρ,
3533 5552 3615 5621 τῷ
3669 5553 3771 5617 τῆς

2113 5640 2322 5704 εἰκόνος
2386 5640 2615 5715 ὀνόματι
2697 5639 3060 5716 καλούμενος,
3121 5641 3195 5703 ὡς
3254 5639 3616 5717 πρωτότυπος
3675 5635 3775 5691 αὐ-

2110 5738 2211 5802 τῆς
2267 5731 2357 5787 καὶ
2422 5732 2716 5809 γεννήτωρ,
2772 5729 2915 5787 οὕτω
2999 5728 3088 5786 καὶ
3145 5730 3215 5786 1:6
3287 5728 3510 5804 Πνεῦμα
3579 5724 3778 5805 Κύριος
