4154 6420
359 439 480 504 5'73

1238 437 1340 500 DE
1382 432 1922 499 PROCESSIONE
1968 433 2034 496 s.
2079 430 2438 496 semrrus
2481 427 2778 493 ORATIO
2821 385 2932 491 11..

3649 425 3767 487 574

359 569 466 625 ἀπὸ
523 572 620 626 τοῦ
678 567 877 646 Κυρίου
933 569 1033 638 τὴν
1092 569 1402 642 ἐπωνυμίαν
1461 564 1598 644 ἔχει,
1658 566 1747 644 ἀφ’
1805 565 1866 619 οὐ
1921 564 2012 619 καὶ

2132 565 2392 621 Secundo
2441 565 2832 620 Thesaurorum
2879 563 3030 618 libro
3073 577 3086 617 :
3137 560 3446 618 Necessario
3495 558 3770 632 Spiritum

364 655 708 732 μεταδίδοται
773 677 787 691 ·
861 658 949 714 καὶ
1039 660 1067 713 6
1153 656 1349 731 Κύριος
1433 657 1539 712 ἀπὸ
1623 663 1723 725 τῆς
1808 653 2011 716 εἰκόνος

360 751 582 820 Πνεῦμα
616 789 630 815 ,
707 746 821 802 ἐπεὶ
897 747 987 801 καὶ
1067 748 1094 800 6
1171 745 1302 808 Θεὺς
1379 750 1602 818 Πνεῦμα
1683 744 1774 798 ἀπ’
1848 743 2012 797 αὐτοῦ

359 837 841 911 προσηγόρευται.
901 837 957 888 Ὁ
1013 836 1324 914 σοφώτατος
1399 833 1673 909 Κύριλλος
1729 833 1863 908 πρὸς
1921 832 2008 885 τὸν

364 923 594 1001 βασιλέα
671 921 955 979 Θεοδόσιον
1031 923 1156 996 περὶ
1230 927 1325 978 τοῦ
1381 927 1615 999 Χριστοῦ
1649 941 1661 954 °
1722 919 2009 976 Ἀπολύων

360 1011 464 1088 γὰρ
544 1011 806 1087 ἁμαρτίας
862 1013 949 1067 τὸν
1027 1011 1172 1084 αὐτῷ
1247 1011 1676 1087 προσκείμενον,
1736 1015 1814 1082 τῷ
1889 1007 2014 1080 ἰδίῳ

361 1097 556 1156 λοιπὸν
616 1098 900 1176 καταχρίει
958 1101 1233 1173 ΙΙνεύματι
1269 1144 1283 1162 ,
1344 1099 1475 1175 ὅπερ
1552 1099 1722 1170 ἐνίησι
1781 1100 1872 1172 μὲν
1924 1097 2014 1152 αὗ-

358 1188 452 1250 τάς
510 1188 586 1250 ὡς
648 1187 707 1243 ἐκ
765 1193 898 1244 Θεοῦ
957 1187 1168 1265 ΙΙατρὸς
1198 1187 1396 1264 Λόγος,
1428 1189 1518 1243 καὶ
1577 1188 1627 1259 ἐξ
1685 1185 1825 1249 ἰδίας
1874 1190 2010 1260 ἡμῖν

363 1276 722 1352 ἀναπηγάζων
785 1275 996 1354 φύσεως
1031 1322 1044 1348 ,
1103 1273 1282 1330 κοινὸν
1345 1275 1403 1330 δὲ
1461 1275 1639 1348 ὥσπερ
1695 1277 1758 1330 τὸ
1818 1283 2015 1350 χρῆμα

358 1365 527 1429 τιθεὶς
585 1365 654 1439 τῇ
741 1365 876 1438 μετὰ
945 1363 1140 1441 σαρκὸς
1213 1364 1505 1438 οἰκονομίᾳ
1581 1362 1669 1419 διὰ
1722 1365 1822 1433 τὴν
1881 1363 2013 1419 ἔνω-

362 1474 465 1522 ςιν,
518 1454 608 1508 καὶ
666 1454 740 1516 ὡς
799 1452 1080 1530 ἅνθρωπος
1135 1453 1336 1510 ένέπνει
1395 1458 1764 1526 σωματικῶς.
1826 1455 1910 1508 Ἐν
1989 1451 2220 1526 δευτέρῳ
2301 1448 2502 1528 βιϐλίῳ
2577 1457 2685 1506 τῶν
2745 1455 3038 1525 Θησαυρῶν
3075 1470 3086 1483 ·

2123 671 2192 710 ea:
2220 659 2424 709 natura
2453 655 2589 710 Filii
2636 657 2899 709 exsistere
2940 651 3224 724 fatendum
3269 655 3348 707 est
3380 670 3397 706 :
3443 665 3680 720 namque
3711 655 3773 704 ut

2123 759 2192 799 ea:
2221 759 2280 798 eo
2320 753 2523 798 natura
2581 744 2869 807 exsistens,
2928 750 2978 796 et
3034 743 3090 796 in
3145 744 3426 795 creaturas
3473 740 3541 794 ab
3587 738 3771 794 eodem

2121 834 2319 888 missus
2347 834 2757 887 renovationem
2804 831 2990 902 e/ﬁcit.
3026 831 3166 884 Item
3203 845 3214 882 :
3267 829 3384 884 Non
3432 841 3504 884 est
3549 829 3769 883 alienus

2121 923 2189 976 ab
2217 923 2452 976 essentia
2479 921 2611 976 Filii
2644 921 2882 992 Spiritus
2912 923 3154 987 sanctus,
3185 919 3280 974 sed
3326 920 3386 972 in
3434 919 3567 987 ipso,
3600 925 3652 971 et
3700 931 3774 970 ea:

2121 1010 2257 1081 ipso,
2290 1013 2341 1066 et
2388 1011 2561 1066 veluti
2605 1010 2848 1081 Operatio
2899 1009 3155 1079 quadam
3192 1006 3490 1062 naturalis.
3526 1008 3668 1060 ltem
3700 1005 3772 1059 ad

2122 1099 2455 1154 Nestorium
2505 1099 2576 1153 de
2623 1098 2897 1155 Christo:
2949 1100 3066 1169 Ipse
3111 1113 3342 1168 operans
3375 1111 3476 1166 per
3503 1094 3773 1165 Spiritum

2120 1191 2372 1244 sanctum
2401 1187 2611 1243 dicebat
2644 1205 2655 1241 :
2711 1209 2738 1237 ‹‹
2788 1187 2860 1242 De
2889 1202 3006 1242 meo
3035 1187 3296 1257 accipiet,
3330 1194 3384 1240 et
3422 1181 3775 1239 annuntiabit

2123 1277 2290 1331 vobis.
2325 1296 2352 1328 ιι
2388 1280 2578 1347 Atque
2607 1292 2676 1331 ex
2707 1275 2801 1330 his
2831 1275 3070 1346 quidem
3103 1274 3483 1330 manifestum
3527 1277 3636 1339 est,
3670 1287 3773 1342 per

2125 1365 2336 1421 Filium
2367 1381 2494 1420 esse
2520 1363 2800 1436 Spiritum
2832 1381 2866 1420 a
2897 1365 3078 1419 Patre.

3167 1449 3401 1524 ’Δνάγκη
3482 1450 3544 1504 τὸ
3601 1450 3770 1504 Πνεῦ-

362 1563 437 1614 μα
491 1548 594 1611 τῆς
648 1541 834 1604 οὐσίας
895 1541 1158 1618 ὑπάρχειν
1235 1541 1532 1617 ὁμολογεῖν
1588 1547 1686 1596 τοῦ
1742 1543 1902 1616 Υίοῦξ.
1960 1544 2046 1604 Ὠς
2102 1542 2204 1617 γάρ
2267 1541 2316 1614 ἐξ
2376 1541 2539 1595 αὐτοῦ
2593 1541 2728 1594 κατά
2798 1541 2952 1618 φύσιν
3029 1540 3272 1616 ὑπάρχον
3309 1583 3322 1608 ,
3381 1537 3472 1594 καὶ
3531 1537 3617 1591 ἐπὶ
3672 1537 3772 1604 τὴν

352 1630 522 1685 κτίσιν
609 1632 736 1707 παρ’
821 1630 984 1686 αὐτοῦ
1067 1631 1418 1704 πεμπόμενον
1484 1677 1498 1699 ,

1577 1631 1666 1685 τὸν
1745 1630 2127 1704 ἀνακαινισμὸν
2201 1629 2476 1706 ἐργάζεται
2527 1675 2538 1687 .

2623 1629 2720 1684 Καὶ
2799 1627 2962 1683 πάλιν
3018 1675 3031 1700 ,
3106 1629 3216 1683 Οὐκ
3301 1627 3591 1703 ἀλλότριον
3677 1632 3776 1693 τῆς

354 1717 540 1780 οὐσίας
596 1723 694 1774 τοῦ
765 1720 888 1778 Υἱοῦ
966 1721 1028 1774 τὸ
1088 1721 1238 1794 ἅγιον
1300 1723 1570 1792 Πνεῦμα,
1631 1719 1757 1775 ἀλλ’
1817 1719 1868 1774 ἐν
1928 1719 2093 1790 αὐτῷ,
2153 1719 2243 1774 καὶ
2296 1719 2348 1789 ἐξ
2424 1718 2634 1788 αὐτοῦ,
2693 1719 2782 1773 καὶ
2841 1717 3021 1793 ὥσπερ
3095 1716 3330 1793 ἐνέργειά
3406 1735 3488 1778 τις
3547 1715 3780 1792 φυσική-

353 1805 504 1880 ΙΙρὸς
562 1804 620 1862 δὲ
675 1807 968 1881 Νεστὸριον
1017 1809 1141 1883 περί
1196 1813 1293 1863 τοῦ
1354 1813 1588 1884 Χριστοῦ
1661 1807 1848 1878 πάλιν,
1907 1808 2082 1869 Αὐτὸς
2141 1806 2365 1883 ἐνεργῶν
2429 1805 2516 1862 διά
2572 1812 2668 1862 τοῦ
2744 1807 2895 1884 άγίου
2955 1806 3305 1880 Ιινεύματος,

3367 1802 3587 1883 ἔφασκεν
3625 1849 3639 1875 ,
3695 1803 3779 1858 ὅτι

356 1902 451 1952 Ἐκ
503 1901 601 1952 τοῦ
661 1896 796 1970 ἐμοῦ
872 1896 1155 1970 λήψεται,
1213 1897 1301 1952 καὶ
1376 1897 1668 1972 ἀναγγελεῖ
1724 1898 1872 1969 ὑμῖν.
1931 1896 2085 1952 Ἀλλ’
2139 1896 2200 1952 ἐκ
2253 1897 2462 1952 τούτων
2523 1897 2615 1970 μὲν
2675 1898 2924 1974 φανερὸν,
2983 1895 3064 1950 ὅτι
3121 1893 3189 1950 δι’
3247 1896 3372 1948 Υἱοῦ
3435 1894 3499 1948 τὸ
3558 1895 3781 1966 ΙΙνεῦμα

355 1986 504 2060 παρά
533 1985 769 2062 ΙΙατρὸς.
815 2000 818 2004 ’

409 2112 637 2187 ’ξἭδη
700 2115 758 2172 δὲ
811 2117 900 2172 καί
957 2138 1106 2180 τινας
1166 2118 1438 2180 ἐνστάσεις
1493 2122 1604 2173 τῶν
1658 2118 2016 2197 ἀντιφερομέ-

2197 2123 2250 2178 7.
2287 2122 2398 2177 Sed
2421 2122 2548 2193 jam
2581 2121 3054 2177 adversariorum
3077 2117 3445 2192 'objectiones
3472 2117 3702 2189 aliquas,
3725 2122 3783 2173 et

355 2228 463 2261 νων
523 2205 618 2268 τάς
685 2227 747 2282 γε
805 2207 1111 2283 βιαιοτέρας
1167 2207 1538 2277 ἐπισκεπτέον,
1603 2207 1752 2270 ὅπως
1813 2208 1871 2262 ἂν
1906 2207 2017 2279 ἐξε-

357 2293 669 2368 ταζομένων
746 2295 920 2350 αὐτῶν
991 2297 1026 2364 ἡ
1087 2302 1185 2364 τῆς
1263 2294 1525 2364 ἀληθείας
1603 2295 1854 2359 σύστασις
1933 2296 2020 2351 ἐπὶ

361 2381 530 2439 πλέον
594 2383 918 2459 ἰσχυροτέρα
974 2385 1163 2462 φανείη
1221 2388 1290 2458 τῇ
1347 2389 1456 2438 τῶν
1515 2391 1616 2454 τῆς
1675 2384 1885 2455 ἀπάτης
1929 2406 2019 2439 συ-

363 2477 611 2550 στροφῶν
673 2469 916 2528 διαλύσει
962 2472 1349 2548 συντρέχουσα,
1409 2471 1497 2527 καί
1553 2474 1616 2527 τὸ
1676 2470 1746 2528 δι’
1797 2474 1921 2533 Υἰοῦ
1957 2472 2021 2529 τὸ

372 2565 596 2634 Πνεῦμα
650 2559 941 2638 πεφηνέναι
999 2561 1146 2635 παρὰ
1215 2561 1431 2635 Πατρὸς
1488 2560 1810 2635 ἐκφαίνουσα
1866 2583 2019 2639 τρα-

369 2648 585 2722 νότερον
643 2648 732 2704 καὶ
791 2648 1144 2724 κρατύνουσα.
1206 2651 1332 2711 ΙΙῶς
1393 2647 1484 2704 οὖν
1541 2649 1698 2705 εἰκών
1758 2650 1868 2705 ἐστι
1925 2655 2022 2705 τοῦ

370 2737 500 2791 Υἰοῦ
552 2736 615 2792 τὸ
696 2739 964 2811 ΙΙνεῦμα;
1025 2737 1204 2814 φασίν.
1282 2737 1345 2793 Εἰ
1401 2743 1562 2793 τοῦτο
1619 2738 1750 2811 ἐστὶ,
1809 2744 1887 2811 τῷ
1916 2741 2023 2811 1⁵⁷ιῷ

369 2826 506 2882 κατά
559 2827 731 2881 πάντα
794 2828 1235 2899 παρισωθήσεται
1269 2873 1282 2898 ,
1343 2827 1433 2881 καὶ
1502 2824 1606 2898 ἕξει
1663 2829 1790 2904 παρ’
1851 2828 2024 2900 ἑαυτῷ

364 2915 435 2969 τὰ
461 2917 560 2984 τῆς
612 2919 711 2969 τοῦ
767 2915 894 2969 Υἱοῦ
949 2917 1280 2990 γνωριστικά
1326 2915 1684 2978 ὑποστάσεως.
1745 2919 1873 2977 ῙΙῶς
1929 2915 2020 2970 οῦν

367 3002 469 3058 οὐκ
519 3001 663 3058 ἔσται
724 3003 970 3078 γέννημα
1021 3008 1118 3058 τοῦ
1179 3003 1402 3080 Πατρὶς,
1463 3003 1613 3060 ἀλλά
1668 2999 1974 3078 πρόϐλημα
2004 3024 2019 3075 ;

367 3092 404 3160 ἣ
463 3095 580 3152 πῶς
637 3089 698 3144 οὐ
729 3096 826 3145 τοῦ
856 3090 982 3144 Υἰοῦ
1017 3091 1111 3164 μὲν
1143 3092 1280 3160 Υἱὸς,
1314 3086 1536 3166 ἔγγονος
1569 3089 1627 3146 δὲ
1653 3097 1751 3147 τοῦ
1785 3094 2020 3169 ΙΙατρὸς,

369 3175 519 3256 εἰίπερ
577 3177 652 3241 εἰς
709 3179 800 3234 τὸν
859 3179 979 3235 Υἱὸν
1037 3179 1112 3242 ὡς
1172 3179 1248 3242 εἰς
1305 3180 1613 3256 ἀρχέτυπον
1662 3181 2020 3258 ἀναφέρεται;

371 3267 518 3343 ΙΙρὸς
575 3271 743 3322 ταῦτα
790 3267 885 3323 κᾶν
951 3269 1025 3341 μή
1076 3268 1213 3344 πρὸς
1267 3271 1416 3342 ἡμᾶς
1472 3271 1508 3339 ἡ
1545 3269 1720 3344 μάχη,
1753 3271 1890 3346 πρὸς
1921 3271 2022 3346 γὰρ

366 3355 499 3418 τούς
531 3356 814 3432 εἰρηκότας
860 3355 1040 3411 εἰκόνα
1084 3362 1181 3412 τοῦ
1232 3357 1358 3413 Υἰοῦ
1386 3357 1448 3412 τὸ
1497 3361 1718 3431 Πνεῦμα
1755 3359 1817 3413 τὸ
1849 3355 2022 3433 ἅγιον,

372 3441 502 3500 ἀλλ’
553 3447 717 3518 ἡμεῖς
775 3444 919 3500 οὕτω
977 3445 1186 3523 φαμέν.
1244 3449 1400 3503 Πᾶσα
1459 3446 1615 3501 εἰκὼν
1679 3447 1730 3518 ἐξ
1786 3447 2020 3523 ἀνάγκης

371 3531 611 3611 διαφέρει
660 3533 796 3589 κατά
841 3555 893 3588 τι
941 3535 1078 3611 πρὸς
1124 3535 1188 3589 τὸ
1236 3534 1560 3611 ἀρχέτυπον.
1596 3541 1864 3614 Διαφορᾶς
1922 3538 2024 3612 γὰρ

370 3621 474 3678 οὐκ
518 3621 687 3692 οὔσης
732 3624 879 3685 τινὸς
930 3622 981 3678 έν
1027 3623 1234 3693 αὐτοῖς,
1287 3625 1388 3679 εἰεν
1434 3623 1494 3678 ’ἀν
1528 3626 1583 3678 αἱ
1627 3623 1831 3687 εἰκόνες
1863 3626 2025 3702 ἀρχέ-

367 3729 531 3766 τυπα’
561 3709 645 3766 διὸ
702 3711 942 3788 καθάπερ
991 3712 1018 3766 6
1075 3712 1197 3774 Υἱὸς
1258 3711 1416 3768 εἰκὼν
1479 3713 1745 3789 ὑπάρχων
1807 3715 2022 3789 ΙΙατρὸς

369 3797 663 3876 διενήνοχε
707 3804 805 3855 τοῦ
863 3799 1224 3875 πρωτοτύπου
1278 3805 1359 3873 τῷ
1419 3798 1696 3874 ἰδιώματι.
1757 3802 1877 3864 Υἱὸς
1918 3802 2022 3878 γὰρ

370 3887 435 3944 οὐ
495 3889 705 3964 ΙΙατήρ,
766 3888 1046 3962 γεννητὸς,
1108 3888 1206 3944 οὐκ
1259 3888 1574 3964 ἀγέννητος,
1634 3889 1776 3945 οὕτω
1825 3891 1914 3945 καὶ
1959 3891 2024 3946 τὸ

370 3980 593 4050 Πνεῦμα
644 3977 708 4032 τὸ
765 3978 943 4052 ἅγιον,
998 3977 1156 4033 εἰκὼν
1215 3983 1310 4033 τοῦ
1351 3979 1495 4050 Υἰοῦ,
1528 3979 1617 4033 καὶ
1647 3979 1704 4033 ὃν
1735 3981 1825 4034 καὶ
1860 3978 2021 4055 λεγό-

373 4086 535 4139 μενον
583 4069 808 4139 Πνεῦμα
865 4066 1028 4137 ἐστὶν,
1092 4068 1199 4143 οὑχ
1241 4067 1382 4139 Υἱὸς,
1429 4061 1770 4142 πορϐΑητὸν,
1803 4065 1928 4124 ἀλλ’
1959 4067 2022 4122 οὐ

366 4153 624 4232 γεννητόν
659 4199 672 4212 .
734 4156 796 4211 Ἡ
860 4156 964 4231 γάρ
1026 4153 1235 4226 ἰδιότης
1293 4155 1549 4225 ἀκίνητός
1617 4155 1756 4212 ἐστιν
1816 4156 1875 4212 έκ
1925 4162 2023 4212 τοῦ

365 4243 569 4314 ταύτην
603 4239 850 4319 ἔχοντος·
883 4245 919 4313 ἢ
951 4248 1070 4307 πῶς
1119 4244 1178 4299 ἂν
1227 4241 1439 4314 ἰδιότης
1487 4244 1640 4317 μένοι
1668 4243 2021 4318 κοινουμένη,

365 4333 460 4388 καὶ
509 4332 598 4410 ἀφ’
647 4333 830 4404 ἑτέρου
879 4334 1015 4409 πρὸς
1066 4330 1245 4409 ἕτερον
1300 4333 1753 4407 μεταπίπτουσα;
1803 4335 1874 4389 Τὸ
1920 4335 2021 4412 γὰρ

368 4421 424 4478 ἐν
459 4419 606 4476 δυσὶν
633 4422 670 4491 ἢ
702 4421 802 4477 πο)
818 4420 938 4485 λοῖς
994 4422 1388 4500 θεωρούμενον,
1440 4423 1719 4496 κοινότης,
1767 4421 1894 4478 ἀλλ’
1927 4424 2026 4478 οὺκ

372 4509 587 4582 ἰδιότης
620 4510 781 4569 ἐστίν.

446 4646 517 4715 η’.
570 4647 725 4700 Ὅθεν
773 4642 899 4701 οὐδὲ
944 4646 1064 4709 Υἱὸς
1115 4645 1262 4710 ὅλως
1317 4644 1523 4717 ἐκλήση
1572 4646 1634 4701 τὸ
1682 4646 1906 4719 Πνεῦμα
1961 4647 2024 4702 τὸ

372 4734 554 4811 ἅγιον,
585 4733 659 4796 ὠς
707 4733 766 4789 ἃν
822 4732 904 4805 εἴη
960 4733 1121 4808 μόνος
1153 4737 1296 4806 Υἱὸς,
1330 4738 1358 4790 6
1389 4736 1510 4798 Υἱὸς
1540 4735 1630 4790 καὶ
1661 4735 1824 4808 μὸνον
1878 4735 2021 4808 Υἱὸς,

371 4822 445 4925 οῦ
473 4823 726 4925 μήνῖἓιαὶ
785 4825 998 4925 Πατὴρ,
1029 4826 1092 4879 τὸ
1146 4827 1368 4897 Πνεῦμα
1421 4825 1485 4879 τὸ
1543 4825 1696 4899 ἅγιον
1729 4867 1743 4893 ,
1802 4825 2024 4897 Πνεῦμα
2053 4860 2101 4925 D

371 4909 560 4985 μόνον,
593 4909 721 4966 ἀλλ’
765 4910 894 4988 οὐχὶ
941 4913 1032 4966 καὶ
1083 4913 1226 4983 Υἱὸς,
1279 4914 1457 4976 καθὼς
1508 4912 1595 4967 καί
1627 4914 1654 4966 ὁ
1693 4913 1882 4989 Πατὴρ
1919 4912 2024 4985 μό-

366 5020 462 5056 νον
498 5001 709 5075 Πατήρ.
772 5000 866 5055 Διὸ
913 5001 1002 5055 καὶ
1057 5000 1085 5055 ό
1137 5001 1304 5078 μέγας
1353 5001 1404 5057 ἐν
1453 5001 1652 5077 θεωρίᾳ
1699 5001 1788 5056 καὶ
1835 4999 2021 5074 πράξει

366 5086 652 5145 Βασίλειος
707 5088 851 5144 οὕτω
898 5090 1031 5168 φησὶ
1079 5092 1217 5164 πρὸς
1262 5090 1534 5164 Εὐνόμιον
1566 5089 1890 5166 ἀποροῦντα·
1927 5090 2025 5143 Διά

363 5175 419 5232 τί
485 5177 560 5250 μὴ
622 5176 710 5231 καὶ
764 5178 829 5232 τὸ
891 5178 968 5251 μή
1003 5177 1136 5233 εἶναι
1168 5177 1228 5234 ἐκ
1273 5183 1408 5236 Θεοῦ
1459 5177 1530 5234 δι’
1581 5178 1728 5251 Υῖοῦ,
1780 5175 1905 5233 ἀλλ’
1931 5175 2026 5233 ίίνα

364 5265 431 5320 τὸ
492 5267 718 5339 Πνεῦμα
792 5265 914 5327 Υἱὸς
985 5269 1083 5321 τοῦ
1157 5268 1324 5323 Υἰοῦ.
1378 5269 1495 5321 ’Ότι
1554 5265 1616 5321 οὗ
1677 5264 1767 5320 διὰ
1819 5267 1882 5320 τὸ
1945 5267 2020 5339 μὴ

368 5353 501 5410 εἶναι
561 5353 622 5410 ἐκ
676 5358 809 5414 Θεοῦ
866 5351 936 5409 δι’
992 5356 1137 5428 Υἰοῦ,
1198 5353 1324 5411 ἀλλ’
1375 5353 1468 5410 ’ίνα
1523 5358 1558 5424 ἡ
1609 5355 1770 5431 Τριάς
1825 5356 1899 5427 μή
1933 5377 2022 5410 νο-

371 5442 542 5518 μισθῇ
600 5443 812 5513 πλῆθος
871 5440 1092 5520 ἄπειρον
1158 5443 1309 5506 υἱοὺς
1373 5443 1424 5517 ἐξ
1483 5445 1635 5513 υἱῶν,
1695 5443 1769 5505 ὠς
1825 5443 1915 5498 καὶ
1973 5444 2025 5499 ἐν

367 5533 729 5606 ἀνθρώποις,
806 5527 951 5607 ἔχειν
1032 5533 1476 5590 ὑποπτουθεῖσα.
1556 5529 1730 5589 Ἀλλά
1797 5530 1973 5606 λέγεις
2007 5579 2020 5604 ,

370 5621 435 5676 Εἰ
495 5625 629 5674 Θεοῦ
691 5620 784 5692 μὲν
844 5619 1002 5675 εἰκὼν
1063 5622 1092 5675 6
1142 5622 1300 5693 Υἱὸς,
1361 5623 1487 5676 Υἰοῦ
1546 5618 1602 5674 δὲ
1656 5621 1718 5673 τὸ
1777 5624 2018 5694 Πνεῦμα.

371 5709 460 5765 καὶ
522 5709 567 5764 εἰ
627 5713 760 5764 Θεοῦ
821 5709 915 5783 μὲν
970 5709 1148 5787 Λόγος
1205 5712 1234 5765 6
1293 5711 1433 5784 Υἱὸς,
1471 5710 1622 5788 ῥῆμα
1681 5707 1738 5764 δὲ
1796 5711 1920 5766 Ῑὶοῦ
1961 5712 2024 5766 τὸ

2128 2209 2436 2266 validiores
2467 2209 2903 2266 considerandas
2961 2214 3121 2272 sunt,
3178 2212 3241 2263 ut
3289 2207 3364 2263 iis
3410 2205 3782 2271 examinatis,

2130 2298 2346 2354 veritas
2378 2298 2588 2369 magis,
2623 2298 2896 2352 fraudum
2927 2297 3217 2352 machinis
3249 2295 3570 2361 dissolutis,
3603 2294 3790 2350 eluce-

2133 2391 2278 2455 scat,
2317 2403 2419 2458 per
2449 2386 2660 2442 Filium
2696 2386 2978 2458 Spiritum
3007 2386 3287 2443 exsistere
3335 2402 3404 2441 ex
3434 2389 3624 2449 Patre,
3657 2381 3786 2456 pla-

2132 2475 2268 2530 nius
2297 2476 2675 2539 conﬁrmans.
2708 2480 2884 2546 atque
2914 2473 3556 2539 stabiliens.Quomodo
3587 2473 3784 2544 itaque

2131 2564 2326 2636 imago
2378 2563 2508 2619 Filii
2555 2563 2809 2635 Spiritus
2858 2563 3002 2619 est?
3047 2564 3324 2635 inquiunt.
3377 2563 3434 2617 Si
3483 2561 3542 2616 id
3586 2561 3780 2629 fuerit,

2133 2651 2274 2708 Filio
2329 2653 2386 2708 in
2437 2652 2712 2707 omnibus
2761 2652 3179 2722 exaequabitur,
3222 2650 3576 2721 babebitque
3625 2649 3779 2720 apud

2133 2741 2517 2812 semetipsum
2577 2755 2681 2812 per
2735 2740 2934 2796 omnia
2975 2740 3355 2812 bypostascos
3408 2737 3533 2793 Filii
3587 2742 3777 2793 notas.

2133 2830 2432 2894 Quomodo
2464 2830 2662 2901 itaque
2701 2846 2816 2884 non
2859 2827 2968 2884 erit
3018 2832 3332 2902 generatus
3380 2844 3415 2882 a
3460 2827 3650 2893 Patre,
3681 2825 3783 2881 sed

2134 2917 2502 2988 procedens?
2549 2924 2605 2972 et
2656 2918 2951 2989 quomodo
3003 2934 3116 2972 non
3168 2917 3279 2972 erit
3325 2916 3506 2971 Filius
3549 2915 3698 2981 Filii,
3732 2918 3790 2970 et

2132 3006 2322 3061 Patris
2353 3023 2555 3078 nepos,
2592 3005 2641 3062 si
2690 3006 2749 3060 in
2784 3005 2995 3061 Filium
3044 3010 3324 3076 tanquam
3375 3006 3447 3060 ad
3495 3003 3792 3076 exemplar

2131 3094 2531 3150 transfertur?
2586 3094 2672 3148 Ad
2723 3094 2864 3160 haec,
2914 3093 3048 3150 licet
3095 3095 3386 3150 contentio
3436 3097 3636 3149 contra
3681 3109 3788 3147 nos

2132 3187 2404 3255 suscepta
2439 3200 2552 3238 non
2575 3182 2671 3254 sit,
2696 3184 2797 3239 sed
2824 3187 3029 3239 contra
3057 3198 3156 3240 eos
3185 3182 3285 3254 qui
3317 3181 3443 3238 Filii
3465 3182 3785 3254 imaginem

2133 3271 2418 3344 Spiritum
2451 3275 2721 3327 sanctum
2754 3275 3105 3339 asseverant,
3139 3289 3247 3328 nos
3278 3271 3358 3327 ita
3387 3270 3786 3327 occurrimus:

2133 3360 2338 3415 Omnis
2365 3360 2558 3432 imago
2585 3363 2912 3416 necessario
2937 3360 3010 3416 ab
3033 3359 3348 3432 exemplari
3373 3376 3479 3415 suo
3501 3359 3561 3414 in
3588 3358 3784 3430 aliquo

2139 3449 2350 3504 differt.
2390 3453 2535 3505 Nam
2591 3451 2638 3504 si
2692 3448 2852 3505 nulla
2901 3453 3057 3505 esset
3102 3449 3254 3505 inter
3309 3465 3376 3504 ea
3433 3447 3785 3515 differentia,

2140 3543 2336 3594 essent
2391 3537 2561 3610 plane
2608 3538 2899 3609 imagines
2966 3537 3340 3609 exemplaria.
3401 3538 3784 3610 Quapropter,

2133 3628 2633 3698 quemadmodum
2668 3627 2849 3684 Filius
2870 3627 3064 3699 imago
3095 3627 3284 3682 Patris
3310 3644 3441 3682 cum
3466 3627 3562 3696 sit,
3596 3626 3789 3681 ditl‘ert

2134 3721 2330 3772 tamen
2363 3717 2434 3771 ab
2461 3715 2776 3788 exemplari
2805 3716 3192 3788 proprietate;
3237 3715 3417 3771 Filius
3464 3716 3621 3770 enim
3673 3718 3781 3781 est,

2133 3821 2248 3859 non
2283 3806 2482 3872 Pater;
2517 3809 2850 3877 generatus,
2883 3821 2999 3860 non
3033 3804 3327 3876 ingenitus
3361 3821 3372 3858 :
3410 3803 3493 3859 sic
3523 3807 3579 3858 et
3610 3801 3785 3874 Spiri-

2131 3898 2228 3950 tus
2259 3897 2499 3950 sanctus
2530 3895 2722 3966 imago
2755 3892 2881 3948 Filii
2907 3909 3041 3948 cum
3074 3893 3170 3958 sit,
3217 3897 3273 3948 et
3313 3892 3559 3962 dicatur,
3591 3891 3781 3962 Spiri-

2132 3986 2248 4054 tus,
2282 3987 2515 4038 estnon
2549 3981 2769 4049 Filius;
2815 3982 3056 4050 effusus,
3108 3982 3208 4037 sed
3260 3999 3375 4036 non
3423 3985 3775 4053 generatus;

2131 4071 2458 4144 proprietas
2489 4071 2644 4126 enim
2678 4071 2749 4126 ab
2781 4087 2910 4126 eam
2943 4071 3282 4143 possidente
3313 4069 3479 4126 avelli
3527 4086 3644 4124 non
3677 4085 3780 4140 po-

2129 4165 2283 4228 test;
2315 4159 2403 4216 vel
2436 4161 2727 4232 quomodo
2758 4159 3102 4232 proprietas,
3133 4160 3182 4214 si
3223 4157 3778 4224 communicaretur,

2131 4253 2188 4304 et
2215 4250 2289 4304 ab
2319 4265 2436 4304 uno
2484 4249 2543 4303 in
2593 4248 2776 4304 alium
2816 4251 3257 4303 transmearet?
3301 4248 3462 4312 Quod
3513 4247 3670 4302 enim
3721 4247 3782 4300 in

2131 4337 2382 4406 duobus,
2417 4341 2517 4392 aut
2545 4336 2813 4407 pluribus
2844 4337 3220 4408 conspicitur.
3245 4335 3639 4392 communitas
3671 4340 3780 4401 est,

2132 4443 2248 4482 non
2280 4425 2626 4498 proprietas.

2203 4649 2258 4702 8.
2293 4648 2439 4704 Hinc
2467 4663 2657 4720 neque
2687 4647 2870 4704 Filius
2900 4665 3141 4720 prorsus
3171 4651 3410 4704 vocatus
3462 4653 3552 4704 est
3599 4648 3781 4720 Spiri-

2132 4741 2230 4792 tus
2262 4741 2502 4794 sanctus
2529 4762 2542 4804 ;
2573 4742 2630 4793 et
2660 4737 2821 4793 solus
2843 4737 3025 4793 Filius
3046 4742 3201 4794 esset
3217 4737 3494 4804 Filius,et
3523 4741 3782 4792 tantum-

2134 4827 2307 4882 modo
2362 4825 2567 4896 Filius,
2600 4831 2657 4881 et
2706 4843 2822 4882 non
2872 4826 3078 4882 Pater:
3127 4832 3184 4882 et
3227 4826 3483 4898 Spiritus
3542 4830 3783 4882 sanctus

2133 4915 2387 4987 Spiritus
2418 4914 2632 4980 solum,
2666 4932 2781 4970 non
2813 4915 2953 4970 item
2973 4920 3030 4971 et
3051 4915 3256 4983 Filius,
3281 4915 3782 4988 quemadmodum

2133 5008 2189 5058 et
2217 5003 2386 5059 Pater
2417 5001 2610 5059 solum
2642 5009 2829 5059 Pater.
2855 5008 3167 5076 Propterea
3190 5021 3440 5077 magnus
3463 5009 3588 5059 tum
3613 5021 3785 5077 agen-

2133 5092 2244 5159 dis,
2277 5096 2403 5148 tum
2449 5092 2804 5148 meditandis
2854 5092 3104 5150 Basilius
3154 5094 3436 5151 Eunomio
3466 5094 3781 5162 haesitanti,

2134 5197 2314 5253 quare
2346 5196 2460 5235 non
2495 5185 2552 5236 et
2581 5181 2832 5253 Spiritus
2869 5181 3047 5238 Filius
3080 5181 3255 5238 Filii?
3287 5183 3631 5254 respondet:
3665 5184 3784 5239 Non

2133 5269 2275 5340 quod
2301 5265 2414 5324 non
2441 5271 2515 5325 sit
2543 5286 2613 5325 ex
2645 5270 2749 5325 Deo
2785 5286 2886 5342 per
2915 5272 3140 5342 Filium,
3171 5271 3266 5326 sed
3309 5287 3380 5327 ne
3416 5273 3567 5327 Trias
3594 5272 3784 5340 inﬁni-

2133 5367 2246 5414 tam
2300 5358 2744 5424 multitudinem,
2794 5359 2970 5415 Filios
3016 5361 3224 5416 scilicet
3271 5377 3340 5416 ex
3385 5361 3564 5425 Filiis,
3615 5369 3676 5416 ut
3725 5363 3782 5416 in

2132 5448 2454 5503 hominibus
2481 5448 2633 5516 solet,
2668 5449 2732 5502 in
2759 5464 2816 5502 se
2847 5448 3049 5504 habere
3076 5452 3504 5505 existimaretur.
3537 5449 3641 5505 Sed
3669 5452 3782 5506 ais:

2134 5536 2196 5591 Si
2242 5537 2340 5591 Dei
2387 5537 2569 5606 imago
2617 5545 2696 5591 est
2743 5537 2941 5603 Filius,
2973 5539 3110 5593 Filii
3158 5555 3277 5594 vero
3330 5538 3611 5610 Spiritus;
3659 5542 3709 5594 et
3733 5541 3787 5594 si

2133 5626 2229 5680 Dei
2257 5623 2473 5695 quidem
2510 5626 2735 5680 Verbum
2776 5626 2966 5679 Filius.
2999 5628 3222 5681 Verbum
3268 5644 3394 5683 vero
3443 5627 3574 5682 Filii
3603 5627 3783 5698 Spiri-

2133 5723 2240 5785 tus,
2273 5729 2447 5786 quare
2494 5730 2604 5770 non
2650 5723 2702 5770 et
2749 5715 2922 5770 Filius
2975 5715 3109 5772 Filii
3154 5717 3391 5788 Spiritus
3437 5717 3626 5774 dictus
3655 5721 3732 5773 est
3760 5720 3786 5771 .9
