4154 6434
434 403 555 470 B75

1676 411 2099 485 NIGEPHORI
2140 411 2577 483 BLEMMIDE

3720 418 3830 493 5V6

435 538 532 596 hoc
557 540 829 614 siquidem
857 543 1209 603 validissimo
1236 552 1563 617 argumento
1605 550 1676 607 ad
1704 553 1859 607 tuam
1888 552 2079 623 impie-

2197 553 2442 621 Πνεῦμα,
2502 545 2644 605 διατί
2702 548 2779 622 μὴ
2837 547 2959 613 Υἱὸς
3011 547 3140 605 Τιοῦ
3194 546 3256 606 τὸ
3304 551 3530 624 Πνεῦμα
3584 544 3829 628 dicunt;

437 637 607 687 tatem
651 634 1003 693 astruendam
1046 652 1179 693 usus
1220 653 1293 694 es.
1347 639 1455 696 Aut
1498 640 1652 695 enim
1706 641 1932 712 Filium,
1991 648 2088 697 aut

438 728 750 778 creaturam
768 724 931 795 jubes
960 741 1067 781 non
1091 730 1274 782 tenere
1303 745 1321 781 :
1365 736 1418 784 et
1461 729 1603 801 quod
1648 730 1825 786 Filius
1870 747 2086 785 nuncu-

338 842 361 855 η-
433 818 602 880 palus
628 826 742 867 non
760 820 855 883 est,
887 813 1016 870 ideo
1043 823 1355 873 creaturam
1373 834 1490 873 esse
1509 820 1679 889 impie
1697 820 1895 875 asseris
1926 819 2089 874 illum

438 899 541 969 qui
587 906 868 960 creaturae
917 920 1085 959 causa
1128 909 1226 967 est,
1258 908 1357 977 qui
1398 915 1707 963 creaturam
1751 909 2084 977 sanctiﬁcat,

437 990 491 1045 et
522 988 763 1061 dei/icat,
795 993 893 1062 qui
938 993 1181 1061 Domini,
1212 996 1415 1067 Deique
1460 996 1836 1068 appellatione
1875 997 2087 1068 gloriﬁ-

436 1080 616 1145 catur,
649 1080 746 1149 qui
780 1080 999 1137 divinas
1046 1085 1281 1154 complet
1325 1087 1689 1156 operationes.
1723 1090 1859 1143 Cum
1904 1088 2090 1158 itaque

435 1166 807 1236 appellatione
834 1172 967 1225 Filii
993 1172 1252 1240 indignus
1279 1173 1384 1228 tibi
1414 1172 1716 1245 judicetur,
1745 1178 2018 1246 tanquam
2051 1192 2087 1230 a

434 1254 608 1310 Patre
653 1265 704 1312 et
750 1259 892 1313 Filio
938 1260 1180 1332 alienus,
1224 1263 1515 1318 considera
1564 1279 1815 1336 quanam
1872 1265 2089 1320 ratione

432 1344 606 1399 Filios
653 1346 820 1416 efﬁcit
867 1364 954 1403 eos
994 1351 1094 1420 qui
1131 1352 1578 1421 sanctiﬁcantur.
1615 1351 1766 1420 Quod
1811 1354 1862 1409 si
1895 1355 1953 1407 tu
1989 1369 2089 1425 per

433 1431 708 1502 Spiritum
738 1437 912 1492 Filius
943 1439 1043 1495 Dei
1069 1455 1143 1506 es,
1169 1440 1436 1513 quomodo
1469 1441 1713 1512 Spiritus
1740 1459 1777 1497 a
1807 1442 2088 1510 ﬁliatione

434 1521 655 1578 alienus
683 1528 806 1580 est?
833 1526 976 1583 Item
1010 1544 1023 1583 :
1057 1529 1301 1585 Dicimus
1340 1532 1527 1601 itaque
1564 1532 1855 1602 afﬁrmare
1884 1530 2089 1587 Filium

434 1626 508 1665 ex
535 1612 676 1667 Filio
704 1613 951 1669 Triadem
981 1617 1038 1671 in
1068 1619 1447 1675 multitudinis
1504 1620 1779 1676 deitatum
1822 1620 2086 1691 suspicio-

433 1715 564 1755 nem
590 1700 850 1769 homines,
883 1705 1055 1775 quiid
1082 1706 1385 1776 audissent,
1412 1707 1725 1764 adduxisset
1754 1728 1774 1776 ,-
1822 1710 1883 1763 in
1902 1724 2088 1779 prom-

427 1791 528 1859 ptu
562 1804 799 1861 namque
825 1801 947 1848 erat
969 1796 1264 1865 suspicari,
1294 1798 1439 1852 sicut
1478 1797 1652 1853 Filius
1699 1813 1770 1852 ex
1820 1798 1960 1853 Filio
1989 1813 2082 1865 ge-

2194 636 2382 711 Τούτῳ
2438 638 2541 714 γὰρ
2603 637 2946 716 ἰσχυροτάτῳ
3004 639 3140 714 πρὸς
3211 640 3311 708 τήν
3379 634 3619 697 ἀσέϐειαν
3675 639 3830 717 ἐχρή-

2195 747 2295 784 σω.
2356 728 2424 781 Ἤ
2480 728 2585 803 γὰρ
2632 728 2796 798 Υἱὸν,
2857 728 2894 797 ἢ
2971 728 3175 802 κτίσμα
3231 726 3473 789 κελεύεις
3524 734 3681 786 νοεῖν.
3737 729 3829 789 Καὶ

2197 813 2283 872 ὅτι
2345 816 2420 890 μή
2481 816 2605 879 Υἱὸς
2671 815 2982 890 ὠνόμασται
3019 861 3034 887 ,
3066 814 3156 872 διὰ
3210 822 3375 874 τοῦτο
3428 816 3629 892 κτίσμα
3685 818 3828 887 εἶναι,

2200 904 2567 983 βλασφημεῖς,
2624 907 2688 962 τὸ
2743 913 2843 977 τῆς
2896 906 3124 970 κτίσεως
3181 904 3352 962 αἶ’τιον
3382 953 3396 980 ,
3455 907 3519 963 τὰ
3574 914 3675 977 τῆς
3727 906 3831 963 κτί-

2198 1014 2336 1056 σεως
2406 995 2716 1069 ἀγιαστικὸν
2789 996 2880 1051 καὶ
2955 994 3206 1060 θεοποιδν
3262 1040 3277 1067 ,
3333 998 3396 1052 τὸ
3471 996 3669 1073 Κυρίου
3746 995 3829 1051 καὶ

2198 1087 2332 1139 Θεοῦ
2403 1081 2759 1158 δοξαζόμενον
2840 1084 3115 1159 ὀνόματι,
3171 1085 3236 1140 τὸ
3286 1089 3394 1142 τῶν
3466 1085 3619 1143 θείων
3678 1083 3786 1159 ἐνερ
3816 1102 3828 1115 ·

2196 1176 2357 1247 γειῶν
2430 1170 2781 1247 πληρωτικὸν
2820 1218 2832 1230 .
2891 1173 3037 1229 Ἐπεὶ
3113 1170 3205 1230 οῦν
3279 1174 3489 1246 ἀνάξιόν
3559 1195 3643 1229 σοι
3717 1171 3830 1250 φαί-

2194 1280 2336 1316 νεται
2409 1268 2509 1331 τῆς
2581 1266 2679 1317 τοῦ
2750 1264 2874 1319 Υἱοῦ
2950 1262 3327 1340 προσηγορίας
3404 1263 3480 1325 ὡς
3548 1260 3830 1337 ἀλλότριον

2197 1350 2415 1426 Πατρὸς
2472 1352 2563 1405 καὶ
2616 1352 2744 1406 Υῖοῦ
2777 1395 2791 1421 ,
2845 1350 3084 1426 σκέψαι,
3113 1356 3231 1414 πῶς
3299 1351 3451 1414 υἱοὺς
3527 1349 3784 1427 ἀπεργάζε
3812 1380 3833 1391 ·

2194 1458 2281 1494 ται
2336 1438 2464 1500 τοὺς
2524 1439 2956 1514 ἁγιαζομένους.
3018 1441 3083 1499 Εἰ
3134 1438 3199 1496 δὲ
3264 1440 3328 1495 σὺ
3381 1438 3470 1497 διὰ
3521 1444 3616 1494 τοῦ
3672 1436 3833 1495 Πνεύ-

2199 1547 2370 1598 ματος
2425 1528 2549 1589 Υἱὸς
2599 1532 2753 1600 Θεοῦ,
2805 1533 2923 1592 πῶς
2972 1529 3036 1584 τὸ
3085 1533 3311 1603 Πνεῦμα
3365 1528 3510 1600 ξενον
3560 1527 3832 1596 υἱότητος;

2194 1614 2294 1671 Καὶ
2354 1614 2506 1681 αὖθις
2540 1636 2553 1649 ·
2614 1618 2852 1692 Λέγομεν
2929 1615 3020 1672 οῦν
3098 1616 3181 1673 ὅτι
3220 1618 3284 1673 τὸ
3360 1616 3528 1674 εἰπεῖν
3594 1616 3713 1670 Υἱὸν
3785 1612 3833 1685 ἐξ

2195 1704 2344 1770 Υἳοῦ,
2396 1705 2496 1774 τήν
2554 1703 2757 1781 Τριάδα
2809 1713 2911 1775 τῆς
2970 1705 3229 1777 θεότητος
3286 1706 3362 1769 εὶς
3420 1704 3671 1776 πλήθους
3708 1703 3832 1758 ὑπο-

2194 1791 2319 1866 ψίαν
2398 1801 2667 1870 προσῆγεν
2746 1794 3058 1870 ἀνθρώποις
3110 1839 3125 1865 ,

3178 1793 3465 1851 ἀκούσασιν
3511 1837 3524 1851 .
3584 1796 3832 1863 Ἕτοιμον

433 1886 659 1934 neratus
692 1884 791 1947 est,
827 1883 906 1936 ita
933 1898 1003 1938 ex
1030 1882 1128 1941 hoc
1155 1901 1347 1941 rursus
1386 1886 1567 1941 alium
1598 1894 1931 1957 prognatum
1949 1901 2084 1953 esse,

2197 1881 2293 1958 γὰρ
2344 1882 2411 1952 ἦν
2474 1878 2790 1956 ὑπολαϐεῖν,
2852 1883 2926 1945 ὡς
2982 1880 3133 1981 εξπερ
3161 1883 3311 1981 ⁵’Υἱὸς
3376 1882 3429 1954 ἐξ
3485 1884 3610 1981 Ποῦ
3662 1878 3834 1955 γεγέν-

433 1970 486 2022 et
512 1983 706 2023 rursus
733 1969 933 2038 alium,
967 1976 1019 2027 et
1047 1975 1128 2028 sic
1156 1976 1284 2029 item
1322 1975 1515 2046 plures
1562 1975 1702 2030 alios
1749 1991 1925 2031 unum
1965 1983 2088 2046 post

432 2055 630 2111 alium.
662 2058 960 2130 Propterea
998 2077 1069 2116 ea:
1108 2062 1214 2118 Deo
1258 2063 1477 2135 quidem
1516 2079 1628 2119 esse
1662 2063 1949 2134 Spiritum,
1978 2079 2086 2135 pa-

438 2145 554 2199 lam
598 2145 883 2218 Apostolus
925 2149 1121 2222 edixit,
1170 2151 1354 2207 dicens
1382 2170 1404 2206 ,ο
1462 2173 1491 2202 ιι
1536 2153 1826 2224 Spiritum,
1878 2153 1977 2224 qui
2019 2167 2089 2207 ea:

436 2233 542 2289 Deo
573 2241 667 2302 est,
695 2239 1024 2308 accepimus.
1060 2261 1088 2289 ››
1124 2240 1193 2295 Et
1219 2256 1318 2311 per
1364 2241 1569 2295 Filium
1614 2256 1879 2312 apparere
1924 2241 2090 2310 plane

436 2321 844 2396 demonstravit,
876 2342 1003 2382 cum
1031 2328 1299 2399 Spiritum
1329 2330 1499 2385 illum
1536 2338 1773 2385 vocasset
1800 2331 1885 2385 uti
1912 2331 2013 2385 Dei
2038 2337 2090 2385 et

431 2420 668 2469 mentem
697 2414 906 2471 Christi
950 2418 1181 2487 insuper
1224 2434 1494 2486 asserens,
1526 2418 1989 2490 quemadmodum
2035 2422 2088 2474 et

429 2499 533 2556 Dei
558 2500 830 2573 Spiritum
875 2508 937 2560 ut
982 2506 1242 2563 hominis.
1289 2507 1499 2562 Filium
1542 2522 1669 2563 vero
1716 2506 1859 2563 Filii
1907 2507 2088 2563 dicere

430 2590 594 2659 cavit,
634 2594 696 2646 ut
741 2609 887 2648 unus
933 2593 1153 2664 quidem
1200 2601 1365 2651 Pater
1410 2598 1462 2651 et
1511 2595 1668 2664 Deus,
1724 2597 1822 2667 qui
1875 2612 2089 2668 semper

434 2683 599 2734 Pater
648 2688 987 2751 perseverat,
1015 2686 1069 2738 et
1113 2686 1193 2739 est
1243 2684 1312 2739 ab
1366 2688 1566 2740 eterna
1595 2683 1737 2755 quod
1766 2693 1896 2740 est:
1941 2701 2086 2741 unus

432 2782 567 2823 vero
593 2770 770 2825 Filius
798 2773 1140 2843 sempiterna
1166 2773 1515 2842 generatione
1529 2777 1822 2844 generatus
1844 2775 1941 2846 qui
1966 2773 2088 2829 sine

433 2857 712 2930 principio
740 2861 818 2914 est
856 2875 983 2915 cum
1010 2863 1195 2924 Patre,
1231 2865 1282 2917 et
1312 2863 1487 2918 Filius
1531 2878 1691 2918 verus
1737 2864 1837 2918 Dei
1876 2879 2087 2935 semper

432 2954 535 3013 est,
567 2948 668 3019 qui
694 2955 772 3003 est
801 2949 940 3004 Deus
976 2950 1201 3005 Verbum
1231 2959 1283 3006 et
1312 2952 1575 3006 Dominus
1603 2969 1623 3006 :
1653 2968 1798 3009 unus
1825 2955 1878 3008 et
1912 2952 2086 3026 Spiri-

433 3038 522 3090 tus
548 3043 768 3093 sanctus
796 3053 920 3093 vere
945 3038 1193 3111 Spiritus
1229 3047 1470 3097 sanctus.

503 3302 560 3358 9.
594 3304 660 3359 Et
686 3318 875 3375 quare,
908 3304 1121 3377 inquit,
1161 3298 1404 3379 Spiritus
1440 3308 1718 3364 descendit
1765 3308 1841 3365 ad
1881 3310 2089 3365 Filium

432 3391 499 3446 in
525 3392 700 3462 specie
727 3393 1006 3461 columba,
1035 3395 1087 3450 si
1133 3398 1355 3452 omnino
1396 3413 1465 3454 ex
1487 3397 1628 3453 Filio
1657 3402 1777 3452 erat
1801 3400 1826 3450 .9
1872 3398 1984 3466 Qui
2009 3400 2091 3454 ita

433 3480 624 3547 sentit,
652 3480 828 3537 modis
856 3483 1106 3539 omnibus
1134 3486 1197 3539 in
1226 3484 1331 3541 duo
1363 3486 1643 3542 Christum
1673 3502 1847 3541 unum
1868 3486 2086 3556 dividit,

441 3576 501 3625 ut
526 3585 596 3625 ea:
623 3570 765 3626 Filio
795 3571 895 3626 Dei
922 3572 1191 3644 Spiritum
1218 3578 1478 3630 sanctum
1507 3574 1826 3631 descendere
1852 3575 1999 3631 dicat
2029 3577 2091 3631 in

436 3657 620 3728 ﬁlium
647 3659 905 3715 hominis.
939 3661 1181 3717 Dicimus
1210 3667 1413 3736 utaque
1441 3679 1550 3719 non
1580 3663 1813 3719 aliunde
1840 3680 2007 3738 quam
2026 3664 2091 3720 de

436 3748 571 3803 caelo
595 3749 657 3803 in
687 3749 980 3806 Dominum
1007 3752 1280 3815 Spiritum
1309 3752 1635 3809 descendere
1664 3754 1931 3821 decuisse,
1945 3753 2092 3809 unde

434 3839 608 3895 etiam
660 3853 768 3893 v0.2:
812 3841 999 3895 Patris
1030 3842 1272 3915 advenit,
1316 3846 1375 3898 ut
1419 3843 1680 3899 caelestem
1726 3859 1840 3898 esse
1884 3844 2088 3913 conﬁr-

435 3931 633 3997 maret,
668 3934 723 3983 et
750 3929 957 3984 Filium
983 3946 1108 3986 vere
1140 3932 1258 4001 Dei,
1298 3932 1397 4004 qui
1422 3933 1483 3986 in
1528 3940 1679 3987 terra
1725 3932 2084 3988 abluebatur.

442 4016 653 4072 Deinde
680 4024 742 4072 ut
772 4019 834 4073 in
861 4020 1149 4080 hominem
1176 4024 1400 4092 propter
1425 4021 1893 4093 dispensationem
1925 4037 2089 4093 super

436 4106 643 4162 Filium
699 4105 939 4179 Spiritus
984 4108 1275 4165 descendit.
1326 4109 1445 4165 Hoc
1496 4115 1555 4166 et
1611 4109 2088 4181 sapientissimus

436 4193 638 4251 docuit
665 4194 936 4268 Cyrillus,
968 4197 1318 4270 prophetam
1350 4198 1571 4254 Joelem
1603 4215 1899 4271 exponens
1925 4215 1937 4254 :
1973 4199 2091 4267 Qua

435 4284 587 4340 enim
639 4288 740 4349 est,
772 4284 873 4352 ait,
913 4286 1052 4341 Deus
1106 4294 1158 4342 et
1213 4303 1283 4343 ex
1331 4288 1437 4343 Deo
1486 4288 1783 4343 secundum
1828 4296 2090 4344 naturam

434 4373 609 4428 Filius
637 4375 960 4444 (generatus
987 4376 1137 4431 enim
1178 4392 1300 4432 vere
1344 4384 1425 4432 est
1469 4392 1540 4433 ex
1592 4378 1695 4433 Deo
1750 4380 1933 4447 Patre)
1960 4394 2086 4449 pro-

431 4462 591 4532 prius
618 4462 735 4533 ejus
782 4469 835 4518 et
877 4463 938 4517 in
990 4478 1051 4518 eo
1098 4464 1337 4536 Spiritus
1364 4468 1484 4525 est;
1538 4464 1993 4537 quemadmodum
2033 4473 2088 4519 et

434 4548 503 4605 de
538 4549 656 4621 ipso
701 4552 808 4606 Deo
853 4554 909 4606 et
953 4552 1114 4609 Patre
1155 4552 1519 4624 intelligitur.
1575 4554 1694 4623 Qua
1738 4569 1863 4609 vero
1909 4556 2088 4625 factus

2194 1990 2374 2043 νηται,
2432 1970 2522 2025 καὶ
2580 1970 2641 2026 ἐκ
2687 1970 2884 2026 τούτου
2940 1968 3103 2026 πάλιν
3161 1967 3342 2047 ἔτερος
3394 1971 3454 2027 ἂν
3523 1966 3607 2041 εἷή
3663 1988 3834 2044 γεγεν-

2194 2057 2455 2132 νημένος,
2511 2060 2599 2115 καὶ
2652 2057 2817 2115 πάλιν
2878 2058 3077 2131 ἄλλος,
3133 2059 3223 2115 καὶ
3283 2059 3371 2115 ἐπὶ
3427 2058 3640 2129 πλῆθος
3696 2056 3829 2126 ἑξῆς

2198 2148 2296 2203 Διὰ
2351 2146 2419 2217 δὴ
2475 2153 2638 2204 τοῦτο
2695 2150 2756 2203 τὸ
2816 2150 2911 2222 μὲν
2970 2147 3030 2204 ἐκ
3082 2152 3218 2205 Θεοῦ
3285 2149 3349 2204 τὸ
3405 2152 3630 2222 Πνεῦμα
3685 2144 3829 2216 εἶναι,

2193 2240 2405 2312 τρανῶς
2484 2236 2800 2312 ἀνεκήρυξεν
2885 2239 2913 2293 6
2972 2234 3309 2300 Ἀπόστολος
3345 2283 3360 2309 ,
3447 2234 3672 2312 λέγων,
3755 2230 3829 2287 ὅτι

2193 2325 2264 2380 Τὸ
2322 2328 2546 2399 Πνεῦμα
2594 2327 2657 2381 τὸ
2712 2325 2772 2381 ἐκ
2824 2330 2921 2381 τοῦ
2978 2331 3109 2387 Θεοῦ
3166 2321 3461 2399 ἐλάϐομεν,
3518 2322 3607 2381 καί
3659 2323 3719 2377 τὸ
3768 2318 3831 2375 δι’

2194 2414 2323 2468 Υὶοῦ
2404 2413 2695 2493 πεφηνέναι
2784 2416 2945 2493 σαφὲς
3039 2416 3328 2486 πεποιήκει
3413 2414 3541 2476 Υἱοῦ
3627 2413 3834 2481 Πνεῦμα

2196 2501 2467 2575 ὀνομάσας
2542 2504 2673 2559 αὑτὸ
2743 2504 2981 2579 καθάπερ
3039 2506 3171 2559 Θεοῦ
3204 2547 3219 2574 ,
3275 2503 3366 2558 καὶ
3420 2508 3548 2560 νοῦν
3611 2500 3831 2577 Χριστοῦ

2194 2592 2505 2667 προσειπὼν
2539 2638 2553 2664 ,
2607 2593 2848 2668 καθάπερ
2934 2591 3024 2647 καί
3097 2596 3229 2654 θεοῦ
3304 2597 3531 2666 Πνεῦμα
3595 2591 3670 2651 ὡς
3744 2588 3831 2641 τοῖ’)

2194 2680 2479 2757 ἀνθρώπου
2512 2726 2526 2753 ,
2584 2681 2704 2743 Υἱὸν
2780 2679 2837 2737 δὲ
2908 2686 3006 2737 τοῦ
3078 2682 3207 2742 Υἱοῦ
3262 2685 3579 2758 προσειπεῖν
3646 2672 3831 2755 ἐφυλά-

2194 2770 2341 2842 ξατο,
2393 2768 2484 2827 ’ίνα
2542 2770 2617 2833 εἷς
2680 2771 2774 2844 μὲν
2825 2772 3016 2847 Πατὴρ
3072 2770 3163 2825 καὶ
3218 2770 3368 2843 Θεὸς,
3429 2771 3459 2826 6
3518 2768 3599 2825 ἀεὶ
3650 2764 3829 2839 Πατὴρ

2194 2856 2486 2933 διαμένων,
2562 2859 2652 2914 καὶ
2733 2856 2807 2914 ὢν
2885 2857 3076 2922 ἀϊδίως
3127 2857 3159 2915 6'
3229 2858 3394 2917 ἐστιν.
3454 2859 3552 2922 Εἷς
3607 2853 3664 2912 δὲ
3717 2849 3831 2913 Υῖὸς

2193 2946 2354 3021 ἀϊδίῳ
2405 2949 2653 3023 γεννήσει
2727 2949 3119 3025 γεγεννημένος
3151 2994 3167 3022 ,
3227 2949 3256 3005 6
3308 2944 3549 3026 ἄναρχος
3618 2943 3705 3000 σύν
3758 2943 3831 3012 τῷ

2192 3037 2389 3112 Ιῐατρὶ,
2449 3037 2571 3100 Υἱὸς
2627 3036 2888 3107 ἀληθινὸς
2943 3041 3111 3107 Θεοῦ,
3167 3036 3252 3092 ἀεὶ
3309 3034 3402 3110 ὢν,
3465 3036 3497 3093 6'
3552 3035 3683 3103 ἐστι,
3712 3028 3827 3092 Θεὸς

2194 3122 2372 3202 Λόγος
2426 3126 2516 3181 καὶ
2573 3125 2792 3202 Κύριος,
2849 3124 2905 3182 ἓν
2966 3122 3025 3182 δὲ
3080 3125 3169 3181 καὶ
3226 3126 3291 3183 τὸ
3347 3130 3575 3200 Πνεῦμα
3598 3123 3664 3181 τὸ
3692 3120 3831 3196 ἅγιον

2197 3214 2420 3285 ἀληθῶς
2453 3215 2603 3291 ἀγιον
2640 3218 2881 3288 Πνεῦμα.

2268 3304 2334 3360 0'.
2390 3288 2509 3358 Kat
2539 3301 2633 3358 'iva
2683 3323 2758 3375 τι,
2828 3302 2983 3381 φησὶ,
3039 3302 3101 3356 τὸ
3156 3305 3383 3376 Πνεῦμα
3437 3297 3702 3371 κατῆλθεν
3750 3288 3837 3381 ,ἐπὶ

2195 3392 2289 3448 τὸν
2343 3390 2464 3448 Υἱὸν
2539 3391 2591 3447 ἐν
2652 3388 2779 3449 εἷ’δει
2837 3379 3153 3467 περιστερᾶς
3181 3434 3194 3460 ,
3256 3387 3404 3466 εἷ’περ
3463 3392 3531 3461 ἦν
3589 3385 3733 3447 ὅλως
3782 3379 3839 3439 ἐκ

2196 3485 2294 3537 τοῦ
2350 3480 2477 3536 Υίοῦ
2513 3500 2526 3550 ;
2560 3479 2787 3542 Πάντως
2845 3480 2873 3535 6
2931 3478 3075 3536 οὕτω
3136 3482 3370 3558 φρονῶν,
3428 3479 3511 3543 εἲς
3569 3475 3663 3532 δύο
3711 3469 3839 3527 διαι-

2200 3574 2284 3647 ρεῖ
2338 3569 2429 3625 τὸν
2479 3565 2574 3624 ἕνα
2630 3569 2861 3645 Χριστὸν
2896 3614 2911 3640 ,
2962 3566 3055 3623 ἵνα
3103 3567 3163 3626 ἐκ
3217 3572 3315 3626 τοῦ
3392 3568 3522 3624 Υἱοῦ
3572 3567 3669 3621 τοῦ
3720 3558 3839 3617 Θεοῦ

2197 3646 2517 3714 καταϐαῖνον
2594 3654 2718 3731 εἷ’πῃ
2788 3657 2851 3712 τὸ
2921 3660 3146 3731 Πνεῦμα
3221 3655 3309 3712 ἐπὶ
3389 3657 3486 3712 τὸν
3562 3652 3680 3708 Υἱὸν
3751 3646 3840 3702 τοῦ

2199 3747 2490 3824 ἀνθρώπου
2523 3788 2536 3802 .
2590 3746 2830 3823 Λέγομεν
2890 3743 2980 3800 οῦν
3009 3789 3024 3815 ,
3081 3746 3158 3807 ὡς
3217 3745 3318 3801 οὑκ
3389 3742 3624 3801 ἄλλοθεν
3679 3737 3835 3815 ἐχρῆν

2198 3835 2435 3897 κατιέναι
2500 3836 2563 3891 τὸ
2638 3837 2859 3908 Πνεῦμα
2916 3832 3005 3889 ἐπὶ
3054 3832 3147 3889 τὸν
3216 3832 3412 3910 Κύριον
3450 3880 3466 3905 ,
3526 3833 3563 3901 ἢ
3635 3828 3695 3884 ἐκ
3738 3826 3837 3910 τῶν

2201 3913 2480 3998 οὐρανῶν,
2522 3922 2642 3981 ὅθεν
2698 3923 2789 3978 καὶ
2845 3924 2880 3993 ἡ
2961 3923 3115 4001 φωνὴ
3172 3908 3307 3981 τοῦ
3346 3922 3602 4000 ΙΙατρὸς,
3656 3917 3731 3978 ὡς
3782 3908 3835 3965 ἂν

2201 4013 2449 4090 οὐράνιον
2511 4014 2646 4069 εἶναι
2701 4016 3091 4084 πιστώσηται,
3145 4012 3237 4067 καὶ
3293 4010 3416 4069 Υἶὸν
3496 4006 3665 4073 ὄντως
3717 4002 3838 4090 Θεκξῦ

2196 4087 2290 4160 τὸν
2349 4101 2436 4158 ἐπὶ
2487 4110 2589 4180 γῆς
2655 4100 3051 4178 βαπτιζόμενον
3086 4144 3101 4158 .
3161 4101 3388 4156 Ἔπειτα
3464 4098 3555 4163 καὶ
3623 4096 3697 4156 ὡς
3771 4087 3839 4180 εἷς

2199 4175 2512 4268 ἄνθρωπον·
2561 4175 2665 4247 διὰ-
2716 4192 2815 4260 τήν
2882 4189 3200 4263 οἰκονομίαν
3280 4189 3369 4245 ἐπὶ
3447 4189 3543 4245 τὸν
3613 4175 3840 4268 Υἱὸνλ

2198 4263 2425 4356 Πνεῦμα
2477 4280 2799 4359 κατέρχεται
2833 4324 2846 4337 .
2905 4283 3075 4334 Τοῦτο
3144 4279 3234 4334 καὶ
3293 4280 3323 4334 6
3380 4278 3696 4358 σοφώτατος
3748 4263 3843 4327 ἒδί·

2198 4368 2321 4441 δαξε
2376 4369 2653 4459 Κύριλλοᾲς
2681 4416 2696 4440 ,
2752 4370 2843 4425 τὸν
2862 4456 2874 4459 _
2901 4369 3192 4459 προφήτην
3246 4364 3441 4459 Ἰωῇλ-
3472 4361 3838 4459 ἐξηγούμενος;

2195 4461 2267 4527 ᾝ
2299 4459 2393 4531 μὲν
2452 4457 2556 4534 γάρ
2615 4457 2779 4527 ἐστιν,
2834 4456 3039 4530 εἰπὼν,
3091 4456 3219 4519 Θεὸς
3275 4456 3365 4511 καὶ
3424 4455 3486 4511 ἐκ
3534 4455 3666 4510 Θεοῦ
3717 4455 3841 4534 ita???

2197 4546 2353 4625 φύσιν
2419 4533 2473 4601 όν
2522 4533 2645 4609 Υἱὸς
2720 4544 3058 4622 (γεγέννηται
3132 4545 3237 4620 γὰρ
3323 4542 3552 4616 ἀληθῶς
3627 4538 3686 4594 ἐκ
3747 4533 3840 4625 ξτοῗ

433 4641 515 4696 est
565 4620 747 4708 homo,
779 4643 834 4695 et
886 4640 1045 4696 modo
1088 4646 1276 4698 nostro
1330 4620 1610 4714 apparuit,
1673 4620 1946 4699 ascititius
2001 4642 2087 4697 illi

2197 4620 2333 4696 Θεοῦ
2388 4636 2479 4695 καὶ
2535 4620 2776 4709 Πατρὸς)
2804 4620 2830 4707 ,⁷
2878 4632 3018 4690 ἴδιον
3077 4631 3242 4695 αῦτοῦ
3311 4653 3373 4693 τε
3434 4632 3534 4691 ικαὶ
3601 4628 3654 4686 ἰν
3697 4620 3841 4714 ,αὐτῆς

432 4742 549 4784 esse
572 4705 817 4799 Spiritus
846 4730 1094 4793 dicitur;
1142 4705 1420 4787 descendit
1445 4705 1608 4787 θηίηι
1623 4747 1785 4803 super
1813 4733 1999 4802 ipsum
2025 4730 2087 4785 in

2197 4723 2288 4779 καὶ
2346 4723 2398 4796 ἐξ
2454 4724 2620 4781 αὐτοῦ
2660 4705 3019 4798 ’τὸῖινεῡμα
3073 4720 3185 4779 ἐστὶ
3240 4720 3480 4799 καθάπερ
3538 4705 3838 4803 distiung

434 4819 617 4888 specie
644 4817 933 4888 columba,
962 4834 1089 4874 cum
1135 4820 1433 4876 secundum
1473 4835 1575 4875 nos
1623 4820 1825 4889 factus,
1855 4825 1917 4874 ut
1941 4817 2083 4888 dixi,

436 4913 699 4979 tanquam
729 4923 875 4963 unus
902 4924 978 4963 ea:
1003 4908 1161 4964 nobis
1185 4924 1286 4980 per
1326 4909 1792 4980 dispensationem
1837 4908 2088 4979 baptiza-

437 5004 617 5051 retur.
651 4996 781 5052 Tum
808 5005 863 5053 et
906 4997 1162 5069 proprius
1212 4998 1386 5070 ipsius
1412 4997 1654 5069 Spiritus
1699 4997 1936 5053 donatus
1981 4997 2091 5069 ipsi

435 5084 646 5141 dicitur
666 5093 890 5157 propter
912 5084 1311 5142 humanitatem
1329 5103 1351 5149 ,·
1402 5093 1454 5142 et
1500 5087 1615 5141 haec
1642 5093 1720 5141 est
1752 5085 2085 5141 exinanitio.

436 5173 574 5230 Cum
604 5174 792 5245 itaque
818 5178 881 5230 ut
908 5174 1069 5232 homo
1096 5178 1317 5247 propter
1343 5174 1807 5246 dispensationem
1849 5175 2088 5245 accipie-

437 5262 529 5318 bat
553 5261 823 5333 Spiritum
848 5279 1031 5334 suum,
1074 5263 1351 5321 undenam
1393 5265 1555 5320 illum
1594 5263 1709 5318 nisi
1751 5261 1820 5317 de
1865 5263 1998 5319 caelo
2027 5263 2087 5319 in

434 5351 526 5407 sui
559 5350 803 5423 gloriam
829 5352 1058 5409 debebat
1083 5355 1328 5424 accipere
1350 5356 1375 5406 .9
1401 5355 1532 5409 Post
1579 5353 1886 5423 passionem
1939 5367 2086 5420 vero,

438 5447 492 5495 et
532 5442 1006 5510 resurrectionem,
1045 5443 1168 5515 jam
1220 5443 1626 5514 dispensatione
1668 5442 1930 5513 perfecta,
1975 5456 2089 5497 non

440 5530 647 5597 accipit
675 5531 952 5600 Spiritum
978 5539 1252 5598 sanctum,
1277 5530 1370 5587 sed
1396 5530 1692 5600 elargitur,
1722 5533 1773 5586 et
1801 5546 1872 5586 ea:
1897 5535 2090 5586 semet-

440 5618 560 5690 ipso
587 5620 919 5675 transmittit
960 5637 1060 5692 per
1108 5620 1569 5691 insufﬂationem,
1598 5619 1747 5693 facto
1796 5620 1914 5691 ipso
1959 5618 2087 5675 edo-

439 5722 583 5776 cens,
647 5722 746 5789 per
794 5723 918 5765 eum
972 5726 1010 5767 a
1054 5714 1225 5767 Patre
1270 5708 1578 5781 procedere.
1622 5708 1854 5766 Interim
1908 5709 2090 5781 itaque

2195 4812 2278 4871 ἐπ’
2334 4793 2501 4871 αύτοῦ
2557 4817 2758 4869 νοεῖται
2814 4816 2911 4869 τοῦ
2945 4793 2955 4798 ν
2986 4815 3118 4873 Θεοῦ
3173 4810 3265 4881 καὶ
3336 4793 3554 4889 Πατρός
3589 4851 3603 4864 .
3662 4805 3731 4872 ᾝ
3772 4793 3836 4857 κδὶ

2197 4903 2410 4980 γέγονεν
2482 4900 2768 4979 ἄνθρωπος
2834 4898 2924 4961 καῖ
2992 4900 3200 4980 πέφηνε
3272 4901 3390 4957 καθ’
3463 4901 3612 4973 ἡμᾶς
3642 4938 3658 4966 ι
3714 4889 3835 4980 ἔσῃ’

2196 4974 2322 5049 κτον
2383 4991 2531 5065 αύτῷ
2578 4974 2709 5049 εἶναι
2782 4992 2846 5046 τὸ
2919 4974 3142 5066 Πνεῦμα
3196 4988 3409 5067 λέγεται
3435 5030 3449 5045 .
3505 4974 3837 5067 Καταιεφιοίς

2190 5102 2331 5153 ,τηκε
2387 5064 2509 5158 γὰρ
2550 5079 2634 5137 ἐπ’
2687 5080 2847 5137 αὐτὸν
2906 5079 2959 5137 ἐν
3015 5064 3146 5136 εἴδει
3202 5064 3542 5156 περιστερᾶς,
3591 5071 3681 5131 ὅτε
3732 5064 3838 5125 καθ’

2195 5173 2347 5244 ἡμᾶς
2403 5170 2667 5246 γεγονὼς,
2700 5171 2775 5232 ὡς
2832 5164 3208 5247 ἔφηνγὼςιῖς
3264 5167 3319 5240 ἐξ
3375 5170 3538 5242 ἡμῶν
3569 5163 3837 5233 οἰκονομι-

2194 5264 2307 5323 κῶς
2351 5254 2667 5328 ἐϐαπτίζετο
2701 5302 2714 5317 .
2762 5258 2894 5314 Τότε
2948 5257 3041 5317 καὶ
3093 5258 3156 5315 τὸ
3202 5252 3352 5323 ¹ἴδιον
3400 5256 3572 5319 αὐτοῦ
3627 5248 3835 5328 Πνεῦμᾳ

2196 5346 2353 5436 δοτὸν
2405 5326 2574 5420 αὐτῷ⁷
2600 5346 2837 5423 λέγεται,
2870 5344 2966 5436 διὰ,
3004 5347 3070 5403 τὸ
3102 5346 3497 5436 ἀνθρώπινον·
3549 5340 3637 5399 καὶ
3680 5326 3829 5436 “coiit?

2197 5435 2337 5493 ἐστιν
2395 5439 2430 5506 ἡ
2488 5417 2713 5499 κένωσις
2753 5480 2767 5492 .
2824 5417 2975 5492 Ἒπεὶ
3041 5438 3171 5511 γοῦν
3219 5417 3320 5498 ’ὡς
3395 5431 3677 5510 ἄνθρωπος
3733 5417 3830 5511 ﬁt“

2193 5526 2294 5595 τήν
2351 5524 2663 5599 οἰκονομίαν
2741 5521 2961 5601 ἐδέχετο
3030 5508 3096 5580 τὸ
3150 5526 3374 5597 Πνεῦμα
3436 5508 3621 5590 αὐτοῦ,
3675 5508 3823 5601 πόθξν

2197 5594 2306 5674 ἔδει
2362 5594 2553 5671 τοῦτο’
2585 5594 2870 5690 δέχεσθαι,
2915 5613 2962 5675 εἰ
3018 5614 3099 5688 μὴ
3142 5612 3261 5669 ἀπὸ
3300 5594 3423 5670 *τῶν
3464 5608 3704 5684 οὐρανῶν
3755 5594 3827 5656 εἷς

2192 5701 2351 5776 δόξαν
2408 5703 2576 5759 αὐτοῦ
2606 5722 2623 5775 ;
2649 5705 2800 5762 Μετὰ
2850 5701 2911 5760 δὲ
2957 5703 3021 5760 τὸ
3072 5700 3248 5771 πάθος
3303 5701 3394 5761 καὶ
3447 5700 3548 5771 τὴν
3605 5692 3826 5752 ἀνάστα-
