4154 6430
393 390 513 463 5⁸7⁸1

1274 386 1377 460 DE
1417 389 1954 463 PROCESSIONE
1999 401 2064 462 S.
2111 399 2472 466 SPIRITUS
2519 403 2813 468 ORATIO
2857 393 2936 465 ῘῙ.

3689 403 3810 466 5'78

393 551 475 586 σιν
534 525 644 600 ἤδη
702 533 807 598 τῆς
875 527 1194 602 οἰκονομίας
1262 526 1675 604 τετελεσμένης,
1734 529 1796 585 οὗ
1882 527 2040 606 δέχε-

2165 534 2394 590 Verbum
2426 535 2968 606 incircumscriptum
2994 550 3121 589 cum
3147 538 3304 600 esset,
3337 538 3397 590 in
3424 535 3658 592 Iordane
3687 541 3810 593 erat

392 640 479 675 ται
537 619 600 674 τὸ
655 620 878 691 Πνεῦμα
949 617 1014 672 τὸ
1091 618 1264 694 ἅγιον,
1325 617 1469 675 ἀλλὰ
1540 616 1729 674 δίδωσι
1804 620 1894 674 καὶ
1961 621 2049 698 ἀφ’

395 710 586 765 ἑαυτοῦ
664 706 889 784 προΐησι
959 704 1028 760 δι’
1097 705 1474 786 ἐμφυσήσεως,
1525 713 1839 785 πρακτικῶς
1908 706 2049 764 ἐκδι-

396 795 628 866 δάσκων,
699 795 781 851 ὅτι
847 793 917 850 δι’
983 794 1147 851 αὐτοῦ
1214 796 1360 872 παρᾶ
1421 801 1517 852 τοῦ
1594 799 1806 873 Ιῐατρὸς
1887 797 2048 854 ἐκπο-

399 886 630 963 ρεύεται.
686 885 831 946 Τὲως
898 882 944 940 δ’
991 882 1081 940 οῦν
1153 884 1266 940 ἐπεὶ
1334 886 1736 963 ἁπερίγραπτος
1786 888 1814 942 6
1882 887 2053 964 Λόγος

396 975 486 1030 καὶ
553 975 606 1030 ἐν
670 979 752 1046 τῷ
796 972 1042 1050 Ἰορδάνῃ
1114 974 1246 1048 μετᾶ
1305 975 1559 1048 σώματος
1608 979 1695 1045 ἦν,
1748 976 1809 1030 οὗ
1883 996 2053 1050 προσ-

399 1063 611 1142 είληφε,
680 1063 770 1118 καὶ
857 1060 1162 1137 ἆσωμάτως
1252 1062 1305 1118 ἐν
1391 1063 1604 1138 οὐρανῷ
1693 1066 1873 1128 καθὼς
1963 1066 2050 1121 καὶ

403 1155 741 1229 ἁπανταχοῦ.
825 1151 999 1214 Αὐτὸς
1093 1150 1184 1208 οῦν
1271 1152 1377 1208 ἀπὸ
1460 1157 1567 1208 τῶν
1652 1153 1894 1231 ούρανων
1979 1154 2053 1217 ὡς

381 1243 532 1305 ⁸Θεὸς
589 1242 795 1316 πέμπει
847 1242 912 1296 τὸ
971 1245 1195 1315 Πνεῦμα
1249 1241 1415 1297 αὐτοῦ
1470 1242 1548 1304 εἰς
1596 1243 1782 1298 ἑαυτὸν
1845 1244 1921 1306 ὡς
1979 1243 2054 1306 εἷς

395 1330 699 1407 ἄνθρωπον.
751 1332 845 1386 Διὸ
897 1330 987 1386 καὶ
1039 1332 1067 1386 6
1109 1331 1176 1385 τὰ
1227 1335 1344 1394 θεῖα
1391 1330 1566 1394 πολὺς
1614 1333 1952 1404 Ἀθανάσιος,
2004 1331 2055 1387 ἐν

396 1421 481 1482 οἷς
526 1420 650 1495 περὶ
697 1423 797 1490 τῆς
847 1419 1308 1495 ἐνανθρωπήσεως
1352 1424 1450 1474 τοῦ
1503 1425 1826 1496 μονογενοῦς
1875 1421 2054 1498 Λόγου

397 1507 663 1582 διὲξεισιν,
725 1509 891 1564 εἰπὼν
960 1507 1064 1580 ὅτι,
1145 1507 1324 1586 ὥσπερ
1400 1509 1690 1586 περιστερὰ
1763 1508 1917 1588 ὤφθη
1991 1511 2054 1564 τὸ

2158 639 2284 679 cum
2311 639 2556 696 corpore,
2589 624 2729 695 quod
2759 633 3143 696 assumpserat,
3175 627 3230 678 et
3276 625 3396 680 sine
3441 641 3682 697 corpore,
3739 629 3802 682 in

2161 713 2313 780 caelo,
2346 718 2406 768 ut
2435 719 2490 768 et
2523 715 2737 785 ubique.
2770 718 2894 785 Ipse
2923 715 3092 784 igitur
3121 714 3328 768 ἀθεωιο
3359 723 3419 769 ut
3463 719 3610 770 Deus
3639 718 3812 772 mittit

2159 802 2439 871 Spiritum
2467 819 2628 858 suum
2657 805 2719 857 in
2748 804 3096 874 semetipsum
3125 807 3186 856 ut
3217 804 3516 858 hominem.
3551 806 3809 876 Quapro-

2163 895 2291 962 pter
2320 891 2379 945 in
2412 893 2586 946 rebus
2633 891 2845 947 divinis
2889 896 3174 964 praestans
3230 891 3609 960 Athanasius,
3644 893 3704 948 in
3737 895 3808 952 iis

2163 996 2290 1050 quae
2321 980 2390 1034 de
2424 979 2819 1034 incarnatione
2853 979 3134 1051 unigeniti
3194 979 3366 1034 Verbi
3417 996 3521 1052 per
3573 985 3807 1052 tractat,

2164 1074 2476 1140 postquam
2499 1068 2740 1124 dixisset
2756 1073 3036 1138 tanquam
3061 1067 3394 1124 columbam
3411 1069 3602 1125 visum
3624 1071 3806 1128 fuisse

2164 1157 2446 1228 Spiritum
2510 1161 2777 1212 sanctum
2849 1158 3298 1213 descendentem
3357 1164 3811 1229 manentemque

2163 1262 2342 1317 super
2372 1246 2707 1316 Dominum,
2742 1246 2944 1301 subdit
2975 1263 2988 1299 :
3020 1251 3144 1316 Ipse
3174 1248 3322 1301 enim
3349 1263 3584 1318 superne
3611 1248 3810 1304 demit-

2163 1335 2305 1390 tebat
2333 1338 2392 1389 ut
2419 1337 2580 1400 Deus,
2639 1340 2692 1391 et
2734 1337 2952 1406 inferne
3006 1337 3121 1405 ipse
3175 1351 3300 1390 eum
3358 1337 3691 1408 suscipiebat
3749 1343 3811 1394 ut

2163 1423 2338 1480 homo.
2355 1427 2447 1479 Ea:
2476 1439 2535 1480 eo
2553 1425 2724 1495 igitur
2751 1425 2810 1478 in
2833 1440 2956 1479 eum
2984 1423 3354 1493 descendebat,
3374 1441 3443 1480 ex
3463 1430 3584 1498 ejus
3613 1427 3811 1484 deitate

2164 1513 2222 1567 in
2249 1512 2653 1568 humanitatem
2681 1514 2871 1584 ipsius.

394 1604 624 1673 Πνεῦμα
672 1599 736 1653 τὸ
784 1599 938 1673 ἅγιον
983 1591 1305 1652 καταϐαῖνον
1351 1597 1441 1652 καὶ
1497 1599 1651 1673 μενον
1701 1597 1789 1653 ἐπὶ
1836 1599 1927 1654 τὸν
1974 1598 2192 1676 Κύριον,
2247 1598 2434 1673 ἐπάγει
2498 1599 2714 1655 λοιπόψ
2763 1599 2935 1662 Αὐτὸς
3000 1600 3100 1676 γὰρ
3177 1599 3375 1656 ἄνωθεν
3443 1601 3571 1657 αὐτὸ
3638 1602 3808 1677 ἔπεμ-

396 1709 493 1744 πεν
573 1687 648 1750 ὡς
724 1688 876 1759 Θεὸς,
935 1687 1027 1741 καὶ
1101 1685 1262 1748 αὐτὸς
1337 1685 1467 1742 αὐτὸ
1541 1686 1776 1742 κάτωθεν
1852 1685 2144 1763 ὑπεδέχετο
2220 1688 2296 1750 ὡς
2370 1686 2672 1762 ἅνθρωπος.
2722 1690 2806 1761 Ἐξ
2864 1689 3028 1744 αὐτοῦ
3086 1687 3176 1744 οῦν
3239 1689 3314 1752 εἷς
3381 1689 3540 1746 αὐτὸν
3597 1692 3812 1766 κατῄει,

397 1776 459 1832 ἐκ
484 1779 584 1847 τῆς
615 1775 874 1846 θεότητος
904 1775 1068 1830 αὐτοῦ
1098 1775 1176 1838 εἷς
1204 1777 1304 1845 τὴν
1339 1775 1733 1853 ἀνθρωπότητα
1763 1775 1948 1834 αὐτοῦ.

473 1868 522 1924 ι’.
595 1864 766 1920 Πάλιν
827 1863 1121 1920 ἐνίστανται
1179 1864 1545 1941 γενναιότερον
1626 1865 1770 1920 οὕτω
1837 1865 2051 1941 προτεί-

395 1975 597 2017 νοντες.
631 1959 745 2010 Πᾶν
791 1955 822 2008 ’ὁ
870 1953 994 2029 περὶ
1039 1957 1174 2008 Θεοῦ
1219 1952 1454 2030 λέγεται,
1488 1955 1522 2022 ἢ
1564 1953 1746 2008 κοινόν
1796 1953 1906 2009 ἐστι
1953 1961 2053 2024 τῆς

395 2042 646 2120 Τριάδος,
688 2042 723 2112 ἢ
771 2048 897 2117 μιᾶς
950 2043 1295 2104 ὑποστάσεως
1337 2039 1494 2097 ἴδιον·
1544 2042 1682 2098 ὥστε
1731 2043 1819 2098 καὶ
1864 2045 1926 2098 τὸ
1973 2044 2054 2098 ἐκ-

395 2133 804 2208 πορευτικὸν,ἢ
857 2131 948 2186 καὶ
999 2136 1106 2186 τῶν
1156 2136 1322 2208 τριῶν
1370 2128 1452 2202 ei?)
1500 2132 1558 2186 ἂν
1613 2131 1978 2201 ὑποστάσεων,
2011 2133 2047 2202 ἢ

399 2229 526 2296 μιᾶς
587 2221 638 2292 ἐξ
687 2220 882 2276 αὐτῶνθ
941 2221 1101 2293 μέσον
1150 2222 1254 2296 γάρ
1304 2242 1354 2275 τι
1404 2225 1631 2298 φυσικοῦ
1682 2221 1772 2276 καὶ
1822 2221 2050 2276 ὑποστα-

390 2315 550 2368 τικοῦ
623 2307 944 2384 ἰδιώματος,
1005 2309 1066 2364 οὐ
1151 2309 1511 2385 γινώσκομεν.
1573 2311 1720 2364 Ἐπεὶ
1799 2306 1856 2365 δὲ
1903 2309 2050 2387 παρὰ

391 2405 490 2458 τοῦ
523 2400 735 2476 Πατρὸς
768 2397 1230 2476 ὁμολογουμένως
1273 2397 1618 2474 ἐκπορεύεται
1684 2400 1747 2454 τὸ
1807 2403 2049 2472 Πνεῦμα,

393 2493 522 2568 παρ’
573 2490 766 2545 ἑαυτοῦ
833 2485 893 2542 δὲ
947 2485 1204 2543 ἀδύνατον
1271 2487 1672 2564 ἐκπορεύεσθαι,
1731 2486 1858 2543 οὐδὲ
1904 2490 2051 2563 παρά

393 2584 492 2636 τοῦ
540 2580 666 2633 Υἱοῦ
711 2576 1079 2652 ἐκπορεύεται,
1110 2576 1200 2631 καὶ
1250 2575 1399 2631 ἔσται
1448 2583 1548 2646 τῆς
1599 2580 1873 2653 Πατρικῆς
1917 2577 2048 2632 ὑπο-

395 2669 632 2729 στάσεως
679 2664 817 2721 ἷ¹διον
862 2665 926 2720 τὺ
978 2665 1380 2742 ἐκπορευτικόν.
1417 2665 1571 2720 Οὕτω
1615 2667 1716 2743 γὰρ
1764 2666 1854 2721 καὶ
1914 2672 2052 2742 Γρη-

397 2756 590 2832 γόριος
640 2755 690 2810 ἐν
748 2750 930 2830 βίϐλῳ
975 2757 1042 2828 τῇ
1094 2754 1401 2830 Θεογνωσίᾳ
1442 2751 1679 2809 διδάσκει
1743 2760 1849 2809 τῶν
1910 2762 2050 2809 Νυσ-

400 2846 572 2900 σαὲων
627 2845 655 2899 6
705 2843 992 2918 πρόεδρος,
1039 2847 1260 2917 Πνεῦμα
1309 2840 1504 2918 λέγων,
1555 2845 1617 2898 τὸ
1689 2851 1791 2913 τῆς
1842 2849 2048 2920 Πατρι-

403 2941 507 3004 κῆς
617 2933 958 2994 ὑποστάσεως
1051 2930 1501 3007 ἐκπορευόμενον,
1582 2937 1680 2988 τοῦ
1783 2930 1830 2987 δ’
1901 2929 2053 2988 ἕνεκα

404 3022 511 3098 γὰρ
568 3023 657 3077 καί
713 3026 935 3096 Πνεῦμα
997 3020 1286 3094 στόματος,
1345 3020 1470 3076 ἀλλ’
1526 3020 1654 3097 οὐχὶ
1702 3020 1879 3097 Λόγον
1937 3021 2056 3076 στό-

403 3133 573 3187 ματος
659 3108 872 3187 εἷ’ρηκεν
959 3112 986 3166 6
1060 3105 1245 3182 Δαϐὶδ,
1305 3107 1397 3164 ’ίνα
1475 3111 1575 3179 τὴν
1666 3110 2050 3187 ἐκπορευτικήν

401 3198 654 3271 ἰδιότητα
744 3204 824 3273 τῷ
917 3199 1090 3277 Πατρὶ
1180 3199 1330 3274 μόνῳ
1438 3202 1742 3276 προσοῦσαν
1853 3201 2054 3255 πιστώ-

400 3310 584 3362 σηται.

475 3380 560 3435 ια’.
612 3377 673 3434 Τί
748 3375 840 3433 οῦν
906 3379 1069 3450 ἡμεῖς
1135 3377 1270 3453 πρὸς
1333 3381 1502 3433 ταῦτα
1551 3378 1766 3456 φαμέν;
1827 3382 2050 3454 Πρίῐπον

401 3467 520 3542 μὲν,
553 3467 636 3522 ὅτι
682 3468 746 3522 τὸ
791 3471 1018 3540 Πνεῦμα
1045 3468 1107 3522 τὸ
1146 3467 1300 3542 ἅγιον
1343 3466 1443 3521 οὐκ
1485 3464 1545 3521 ἐκ
1589 3471 1686 3521 τοῦ
1730 3467 1856 3522 Υἱοῦ
1895 3466 2053 3521 καθά-

395 3577 498 3631 περ
547 3557 606 3612 ἐκ
652 3557 881 3633 πρώτης
930 3557 1110 3633 ἀρχῆς
1163 3553 1589 3629 δογματίζομεν,
1630 3553 1777 3612 ἀλλὰ
1821 3553 1908 3610 διὰ
1954 3559 2052 3611 τοῦ

396 3647 528 3701 Υἲοῦ
575 3646 721 3722 παρὰ
780 3649 878 3699 τοῦ
935 3645 1165 3719 Πατρός.
1219 3646 1444 3699 Ἔπειτα
1490 3645 1669 3706 καθὼς
1718 3644 1780 3699 οὐ
1833 3642 2052 3699 δύναται

395 3736 526 3811 παρ’
573 3735 765 3790 ἑαυτοῦ
823 3733 1206 3808 ἐκπορεύεσθαι
1259 3734 1499 3804 πάντως,
1554 3730 1666 3788 οὐδ’
1717 3732 2050 3788 ἀποστέλλε-

399 3833 520 3887 σθαι
560 3824 687 3900 παρ’
747 3823 941 3878 ἑαυτοῦ
997 3819 1198 3876 δύναιτ’
1257 3820 1340 3895 ἂν,
1393 3819 1486 3875 ’ίνα
1542 3822 1616 3895 μὴ
1665 3822 1728 3876 τὸ
1774 3821 1904 3876 αὐτὸ
1961 3821 2050 3876 καὶ

396 3910 739 3967 ἀποστέλλον
800 3910 883 3982 εἷή
955 3912 1092 3966 κατὰ
1137 3913 1350 3982 ταυτὸν,
1394 3910 1483 3964 καὶ
1551 3908 2049 3982 ἀποστελλόμενον.

400 3999 548 4054 Ἐπεὶ
600 3997 658 4054 δὲ
703 3999 793 4054 καὶ
846 3999 994 4075 παρᾶ
1035 3999 1248 4073 Πατρὸς
1296 3995 1711 4070 ἀποστέλλεται,
1762 3997 1852 4052 καὶ
1905 3999 2050 4074 παρὰ

391 4092 493 4143 τοῦ
540 4089 686 4160 Υἱοῦ,
713 4088 894 4151 καθὼς
943 4085 1103 4150 αὐτὸς
1136 4088 1165 4141 ὁ
1193 4091 1291 4141 τοῦ
1343 4086 1561 4162 Ιιατρὸς
1601 4087 1724 4148 Υἱὸς
1775 4086 1826 4141 ἐν
1876 4087 2046 4163 Εὐαγο

393 4176 608 4253 γελίοις
665 4174 919 4249 ἐδίδαξεν,
953 4175 1219 4251 ἔγνωμεν,
1264 4172 1380 4230 ἰδοὺ
1434 4176 1530 4244 τὴν
1590 4174 1901 4244 ἀποστολὴν
1954 4181 2049 4231 τοῦ

395 4266 741 4339 11νεύματος,
777 4265 946 4339 μέσην
981 4265 1344 4334 ὑποστατικῆς
1387 4285 1445 4342 τε
1490 4263 1580 4318 καὶ
1631 4267 1861 4342 φυσικῆς
1913 4263 2049 4320 ἰδιό-

391 4375 582 4426 τητος.
615 4357 772 4419 Ὅθεν
801 4356 829 4410 6
860 4361 962 4424 τῆς
1020 4353 1314 4416 ἐνστάσεως
1383 4352 1649 4427 θέμεθλος
1695 4351 2047 4409 διασέσεισται

392 4444 489 4499 καὶ
545 4443 900 4521 σεσάθρωται.
959 4443 1020 4498 Τί
1078 4440 1125 4498 δ’
1157 4442 1217 4498 ἃν
1277 4447 1428 4518 φαῖεν
1483 4442 1572 4496 καὶ
1629 4444 1744 4496 κατ’
1803 4441 1930 4497 αὐτὸ
1985 4443 2049 4498 τὸ

391 4536 495 4587 τοῦ
528 4531 844 4606 Πνεύματος
896 4527 1077 4606 ὄνομα
1120 4536 1218 4586 τοῦ
1261 4531 1533 4608 ἀγνώστου
1576 4528 1742 4604 μέσου
1789 4553 2050 4608 γινωσκο-

400 4622 606 4697 μένου;
641 4625 864 4695 Πνεῦμα
917 4623 1018 4699 γὰρ
1077 4621 1309 4697 Πατρὸς,
1358 4619 1450 4675 καὶ
1504 4624 1724 4692 Πνεῦμα
1779 4622 1927 4693 Υἶοῦ,
1984 4623 2046 4677 τὸ

396 4711 556 4786 άγιον
608 4715 835 4784 Πνεῦμα
872 4709 1106 4788 λέγεται,
1154 4710 1244 4764 καὶ
1294 4708 1458 4772 ἐστὶν,
1487 4709 1679 4764 ἑαυτοῦ
1711 4706 1768 4763 δὲ
1825 4714 2049 4784 Πνεῦμα

396 4798 513 4854 οὔτ’
549 4797 712 4868 ἔστιν,
749 4795 875 4854 οὔτε
919 4798 1154 4875 λέγεται,
1206 4798 1384 4860 καθὼς
1437 4794 1564 4853 οὐδὲ
1612 4798 1640 4850 6
1689 4799 1880 4874 Πατὴρ
1926 4799 2046 4854 ἑαυ-

391 4892 495 4942 τοῦ
525 4890 742 4963 Πατὴρ,
782 4889 817 4958 ἢ
853 4889 880 4942 ὁ
912 4887 1034 4950 Υἱὸς
1069 4888 1261 4943 ἑαυτοῦ
1293 4887 1439 4948 Υἱός.

475 4977 566 5051 ιβ’.
601 4975 759 5033 Ἀλλ’
818 4975 1116 5050 ἐξεταστέον
1179 4975 1395 5047 λοιπυν,
1429 4973 1578 5048 εἶ’περ
1636 4975 1810 5051 ὀρθῶς
1855 4997 1913 5032 τε
1959 4977 2048 5032 καὶ

396 5063 659 5143 ἀσφαλῶς
707 5067 769 5122 τὸ
815 5071 912 5121 τοῦ
962 5071 1130 5144 σοφοῦ
1185 5064 1492 5142 Γρηγορίου
1538 5064 1700 5141 ῥητὸν
1755 5069 2048 5141 παρενηνε-

393 5174 543 5223 κται,
575 5153 853 5230 λὲγοντος,
888 5155 961 5218 ὡς
990 5155 1142 5211 αὐτοί
1175 5175 1324 5232 φασι,
1354 5154 1446 5208 τὸν
1487 5148 1653 5207 Δαϐὶδ
1702 5154 1898 5209 τούτου
1945 5156 2049 5230 χά-

398 5265 485 5322 ριν
542 5244 811 5318 εἰρηκέναι
853 5244 916 5299 τὸ
968 5249 1189 5317 Πνεῦμα
1222 5242 1492 5317 στόματος
1544 5246 1776 5315 πνεῦμα,
1825 5244 1915 5298 καὶ
1974 5246 2048 5318 μὴ

392 5332 492 5388 τὸν
549 5332 727 5409 Λόγον
785 5333 1056 5407 στόματος
1118 5331 1306 5407 λόγον,
1361 5328 1456 5385 τίνα
1509 5332 1608 5400 τὴν
1662 5330 2049 5408 ἐκπορευτικῆν

399 5419 651 5493 ἰδιότητα
703 5427 786 5496 τῷ
845 5423 1021 5499 Πατρὶ
1081 5421 1234 5496 μόνῳ
1308 5423 1614 5495 προσοῦσαν
1691 5423 2051 5494 πιστώσηται.

396 5515 529 5573 Πῶς
583 5509 672 5566 οῦν
727 5511 772 5568 εἰ
818 5511 910 5568 τὸν
959 5511 1136 5588 Λόγον
1182 5510 1391 5584 εἰρήκει
1422 5508 1690 5582 στόματος
1747 5509 1934 5588 λόγον,
1965 5515 2055 5570 καί

392 5620 506 5655 τινι
545 5601 678 5673 μετᾶ
722 5605 820 5656 τοῦ
867 5600 1083 5678 Πατρὸς
1124 5600 1292 5678 ἑτέρῳ
1342 5599 1438 5667 τήν
1484 5598 1744 5669 τοιαύτην
1791 5599 1850 5656 ἂν
1900 5601 2056 5659 ἐκπο-

397 5686 652 5773 ρευτικήν
749 5687 997 5765 ἰδιότητα
1077 5689 1445 5760 ἐκοινώσατος
1523 5687 1692 5748 Ποίαν
1780 5684 1895 5771 ἔχει
1953 5696 2052 5768 τὴν

2078 4668 2126 4733 D

2235 1869 2320 1922 19.
2344 1868 2549 1924 Adhuc
2570 1868 2820 1923 validius
2844 1869 3065 1924 instant
3093 1873 3268 1941 atque
3289 1870 3609 1940 objiciunt:
3637 1872 3814 1936 Quid-

2163 1957 2302 2026 quid
2361 1958 2432 2011 de
2493 1958 2607 2012 Deo
2668 1959 2902 2022 dicitur,
2962 1964 3062 2013 aut
3099 1959 3294 2013 Triadi
3356 1976 3665 2015 commune
3698 1965 3806 2030 est,

2165 2051 2267 2100 aut
2316 2047 2417 2100 uni
2468 2045 2768 2118 hypostasi
2818 2046 3158 2119 proprium;
3215 2065 3397 2119 quare
3447 2048 3504 2103 id
3538 2050 3691 2121 quod
3723 2054 3814 2106 est

2162 2133 2446 2200 emittere,
2479 2140 2581 2190 aut
2637 2136 2828 2191 tribue
2886 2136 3299 2209 hypostasibus
3353 2138 3672 2206 conveniet,
3711 2143 3812 2194 aut

2162 2222 2262 2277 uni
2291 2241 2302 2289 ;
2353 2222 2500 2278 nihil
2533 2223 2689 2278 enim
2722 2224 2983 2279 medium
3015 2223 3170 2279 inter
3199 2225 3525 2281 naturalem
3549 2230 3606 2282 et
3635 2226 3815 2298 hypo-

2161 2310 2427 2367 staticam
2459 2312 2870 2384 proprietatem
2897 2313 3290 2386 agnoscimus.
3317 2315 3557 2378 Quando
3585 2331 3720 2370 vero
3743 2331 3809 2372 ex

2159 2398 2349 2468 Patre,
2410 2401 2641 2457 nemine
2723 2401 3048 2468 haesitante,
3107 2403 3357 2474 Spiritus
3415 2404 3695 2476 procedit,
3755 2409 3812 2460 et

2159 2487 2286 2544 ﬁeri
2317 2489 2518 2559 nequit
2547 2494 2610 2545 ut
2640 2507 2673 2546 a
2703 2496 2887 2546 semet
2943 2491 3161 2562 aliquid
3196 2493 3472 2563 procedat
3525 2509 3713 2565 neque
3740 2511 3809 2550 ex

2162 2577 2306 2633 Filio
2344 2579 2638 2650 procedet,
2689 2585 2748 2635 et
2799 2580 2882 2635 sic
2930 2579 3018 2634 vis
3065 2580 3369 2635 emittendi
3421 2581 3530 2636 erit
3576 2582 3813 2653 propria

2163 2665 2496 2737 hypostasis
2547 2673 2818 2738 paternae.
2881 2667 2974 2723 Sic
3033 2668 3243 2724 etenim
3293 2673 3349 2723 et
3406 2669 3718 2742 Gregorius
3748 2669 3809 2725 in

2161 2755 2310 2810 libro
2343 2757 2441 2827 qui
2491 2757 2566 2812 De
2592 2757 2691 2812 Dei
2745 2758 3048 2827 cognitione
3095 2757 3458 2827 inscribitur,
3513 2758 3811 2830 Nyssaen-

2162 2843 2316 2899 sium
2351 2844 2595 2901 antistes
2641 2846 2809 2901 docet
2837 2862 2848 2900 :
2879 2847 3148 2916 Spiritus,
3182 2844 3553 2917 inquiens,eac
3577 2850 3811 2917 paterna

2162 2934 2444 3004 hypostasi
2496 2933 2794 3002 procedens
2842 2952 2854 3002 ;
2911 2935 3055 2988 hanc
3109 2936 3283 2989 etiam
3339 2935 3402 2989 ob
3455 2951 3697 3005 causam,
3757 2945 3810 2992 et

2161 3023 2428 3094 Spiritum
2475 3024 2608 3090 oris,
2660 3039 2770 3078 non
2826 3026 3008 3078 autem
3061 3023 3287 3079 Verbum
3334 3025 3444 3079 oris
3491 3024 3664 3079 David
3711 3041 3812 3096 ap-

2159 3112 2408 3184 pellavit,
2478 3119 2538 3166 ut
2605 3113 3002 3184 preprietatem
3067 3111 3402 3183 procedendi
3473 3114 3637 3168 Patri
3708 3114 3815 3169 soli

2163 3204 2453 3256 astrueret.

2235 3380 2321 3433 11.
2356 3377 2505 3442 Quid
2537 3379 2735 3450 itaque
2791 3394 2897 3433 nos
2955 3377 3026 3434 ad
3060 3378 3182 3434 hiec
3211 3377 3460 3435 dicimus
3483 3379 3511 3433 ?
3549 3378 3810 3435 Primum

2162 3467 2400 3539 quidem
2432 3484 2538 3522 nos
2570 3466 2853 3538 Spiritum
2913 3471 3184 3522 sanctum
3218 3483 3332 3522 non
3387 3483 3456 3522 ex
3503 3467 3648 3523 Filio
3678 3472 3809 3523 tan-

2161 3573 2334 3627 quam
2367 3573 2435 3613 εκ
2491 3555 2680 3628 primo
2739 3556 3024 3628 principio
3083 3572 3509 3624 asseveramus,
3571 3558 3670 3612 sed
3706 3573 3810 3629 per

2161 3645 2370 3701 Filium
2432 3662 2501 3700 ex
2543 3649 2732 3701 Patre.
2785 3645 3090 3717 Deinceps,
3140 3645 3633 3716 quemadmodum
3691 3663 3808 3702 non

2161 3739 2354 3806 potest
2383 3752 2451 3789 ex
2475 3735 2668 3806 seipse
2700 3735 3012 3805 procedere
3043 3734 3303 3801 omnino,
3330 3749 3516 3805 neque
3537 3751 3573 3790 a
3601 3740 3812 3791 semet-

2161 3825 2288 3896 ipso
2331 3824 2481 3879 mitti
2531 3824 2762 3895 poterit,
2798 3840 2868 3878 ne
2902 3821 3057 3878 idem
3097 3826 3153 3877 et
3212 3823 3453 3878 mittens
3504 3822 3582 3878 sit
3612 3838 3814 3878 secun-

2164 3913 2301 3967 dum
2333 3912 2486 3967 idem
2522 3918 2579 3966 et
2607 3911 2876 3966 missum.
2910 3911 3054 3966 Cum
3086 3917 3279 3966 autem
3302 3916 3358 3966 et
3388 3928 3420 3966 ιι
3449 3911 3616 3967 Patre
3674 3912 3810 3966 mit-

2162 4001 2326 4071 titur,
2359 4005 2414 4056 et
2444 4017 2477 4055 a
2507 3999 2672 4069 Filio,
2706 3999 2878 4056 sicuti
2907 3999 3034 4071 ipse
3068 4001 3251 4056 Patris
3294 3993 3475 4056 Filius
3522 3999 3582 4055 in
3633 4005 3812 4056 Evan-

2163 4090 2313 4162 gelio
2361 4089 2579 4151 docuit,
2630 4089 2918 4158 novimus,
2968 4089 3310 4145 missionem
3360 4089 3614 4161 Spiritus
3687 4104 3808 4146 me-

2161 4180 2319 4234 diam
2351 4178 2501 4234 inter
2542 4177 2992 4250 hypostaticam,
3025 4183 3082 4232 et
3122 4177 3451 4233 naturalem
3485 4177 3812 4249 proprieta-

2157 4271 2294 4323 tem.
2359 4269 2548 4332 Quare
2623 4267 2916 4321 instantia:
2979 4267 3431 4321 fundamentum
3491 4266 3806 4338 disjectum

2158 4356 2331 4428 plane
2362 4355 2665 4411 emarcuit.
2699 4353 2846 4420 Quid
2881 4371 3053 4426 porro
3101 4354 3361 4410 dicerent
3401 4354 3472 4409 de
3518 4354 3648 4426 ipso
3679 4355 3809 4427 Spi-

2159 4446 2307 4500 ritus
2337 4445 2592 4514 nomine,
2627 4443 2778 4514 quod
2811 4444 2867 4498 in
2902 4443 2973 4498 iis
3019 4444 3078 4498 in
3131 4442 3342 4513 quibus
3375 4442 3630 4499 medium
3690 4459 3810 4499 non

2158 4537 2507 4606 agnoscunt,
2540 4532 2795 4588 medium
2827 4535 3023 4586 tamen
3071 4548 3199 4587 esse
3239 4531 3632 4603 cognoscitur.
3681 4531 3808 4602 Spi-

2156 4623 2303 4678 ritus
2334 4623 2490 4678 enim
2523 4621 2732 4689 Patris,
2754 4625 2812 4677 et
2842 4621 3097 4692 Spiritus
3131 4619 3259 4676 Filii
3286 4625 3527 4675 sanctus
3558 4619 3812 4690 Spiritus

2160 4713 2374 4768 dicitur
2411 4715 2622 4778 etest;
2654 4711 2744 4766 sui
2793 4710 2978 4781 ipsius
3008 4727 3140 4766 vero
3193 4709 3447 4781 Spiritus
3478 4724 3670 4780 neque
3700 4709 3810 4774 est,

2159 4818 2344 4872 neque
2400 4800 2654 4866 dicitur;
2693 4799 3188 4869 quemadmodum
3247 4814 3435 4869 neque
3492 4797 3659 4852 Pater
3717 4796 3812 4852 sui

2158 4890 2347 4962 ipsius
2377 4893 2566 4954 Pater,
2600 4903 2789 4959 neque
2823 4887 2998 4943 Filius
3029 4887 3119 4942 sui
3151 4885 3338 4959 ipsius
3377 4885 3576 4941 Filius.

2233 4979 2319 5034 12.
2380 4978 2664 5033 Caeterum
2722 4976 2865 5031 illud
2923 4976 3381 5031 examinandum
3445 4980 3554 5040 est,
3612 4979 3813 5030 utrum

2161 5061 2314 5124 reete
2344 5071 2587 5137 tutoque
2616 5066 2900 5137 sapientis
2930 5065 3206 5136 Gregorii
3237 5064 3458 5120 dictum
3493 5065 3814 5119 adductum

2162 5157 2258 5223 sit,
2289 5155 2557 5222 dicentis,
2591 5163 2652 5210 ut
2708 5154 2818 5226 ipsi
2852 5156 3039 5224 aiunt,
3075 5153 3349 5209 Davidem
3407 5153 3536 5209 ideo
3595 5153 3816 5208 dixisse

2164 5247 2440 5318 spiritum
2471 5245 2590 5300 oris
2632 5244 2932 5316 Spiritum,
2970 5247 3027 5298 et
3081 5260 3195 5298 non
3248 5243 3492 5299 verbum
3523 5242 3642 5298 oris
3671 5242 3816 5298 Ver-

2163 5336 2326 5406 bum,
2363 5339 2426 5389 ut
2455 5333 2868 5406 proprietatem
2925 5331 3228 5390 emittendi
3285 5331 3390 5388 soli
3444 5331 3600 5387 Patri
3662 5346 3818 5386 asse-

2165 5429 2333 5479 reret.
2398 5422 2698 5489 Quomodo
2756 5422 2949 5493 itaque
3005 5421 3056 5478 si
3113 5421 3352 5477 dixisset
3409 5419 3652 5476 verbum
3697 5419 3817 5476 oris

2161 5513 2443 5581 Verbum,
2478 5511 2734 5581 aliquem
2765 5528 2885 5567 una
2927 5527 3058 5567 cum
3104 5515 3274 5566 Patre
3301 5510 3480 5580 hujus
3510 5508 3819 5565 emittendi

2163 5601 2510 5676 propietatis
2543 5600 2884 5672 participem
2939 5599 3208 5656 fecisset?
3239 5601 3426 5666 Quam
3483 5598 3666 5654 oratio
3725 5614 3821 5654 ne-

2166 5691 2504 5752 cessitatem
2536 5688 2776 5766 arguit?
2803 5689 2936 5767 Sed,
2971 5693 3036 5749 ut
3082 5689 3331 5765 videtur,
3376 5687 3816 5764 Scripturarum
