4154 6414
445 357 565 422 579

1712 356 1761 417 Ν
1768 350 2136 419 IGEPHORI
2178 346 2615 421 BLEMMIDAS

3732 355 3843 419 580

447 490 662 558 subita,
696 507 803 548 nec
829 486 972 546 satis
1001 492 1275 546 accurata
1303 487 1495 557 lectio,
1537 506 1654 546 non
1685 490 1884 544 minus
1913 504 2092 560 quam

2209 487 2447 562 ἀνάγκην
2510 488 2540 542 6
2598 483 2767 562 λόγος
2797 505 2811 556 ;
2842 484 3000 542 Ἀλλ’
3028 482 3102 549 ὡς
3144 482 3314 543 ἔοικεν
3348 486 3384 556 ἡ
3417 484 3686 562 παροδική
3739 492 3837 543 τῶν

448 596 645 637 mores
674 578 1047 649 contentiosi,
1106 583 1163 635 et
1192 596 1321 651 quae
1380 579 1518 634 inde
1573 578 1979 649 subsequitur,
2015 578 2097 632 fa-

450 670 719 727 cinorosa
747 669 965 724 astutia
994 668 1251 723 absurda
1280 668 1403 723 hac
1434 668 1491 722 in
1540 667 1798 723 medium
1831 665 2095 738 protulit.

449 757 597 815 Cum
645 756 801 812 enim
834 756 1025 812 tribus
1054 755 1384 824 elementis,
1417 760 1474 811 et
1530 756 1694 827 apice
1724 753 2098 826 superposito

449 863 560 901 vox
602 845 840 917 Spiritus
895 848 1184 910 exaretur,
1235 844 1377 899 dum
1426 844 1823 908 abbreviatur,
1856 847 1912 898 et
1973 840 2099 913 pari

455 935 630 990 modo
688 933 866 990 etiam
898 949 1007 989 vox
1051 935 1232 989 Patris
1261 932 1456 988 medio
1511 932 1799 989 elemento
1865 936 2097 986 tantum

451 1023 844 1094 discrepante,
906 1021 1083 1077 medii
1134 1021 1427 1093 corruptio
1502 1026 1676 1092 atque
1740 1019 2099 1086 immutatio,

444 1111 602 1185 quod
630 1110 796 1166 facile
827 1110 952 1165 fieri
983 1109 1191 1182 potuit,
1242 1110 1302 1165 in
1353 1109 1617 1165 fraudem
1663 1126 1873 1182 parum
1904 1109 2097 1164 consi-

443 1201 677 1256 deratos
708 1199 967 1266 deduxit,
999 1198 1100 1271 qui
1132 1198 1289 1270 quod
1320 1199 1623 1271 proprium
1666 1202 1789 1254 erat
1818 1197 2093 1270 Spiritus,

443 1289 598 1345 Patri
632 1290 1007 1360 adaptarunt.

513 1378 600 1433 13.
651 1378 763 1433 Sed
812 1379 1119 1450 oportebat
1169 1393 1341 1449 porro
1389 1375 1758 1433 considerare
1806 1372 2097 1448 ἐκπορεύε-

440 1467 559 1520 σθαι
589 1466 896 1539 procedere,
933 1466 1162 1538 passive
1213 1464 1451 1537 quidem
1510 1465 1770 1531 formari,
1823 1464 1920 1519 sed
1957 1480 2095 1519 sen-

444 1572 576 1612 sum
635 1555 969 1627 prteseferre
1020 1554 1317 1623 activum;
1351 1557 1417 1608 ut
1472 1552 1668 1625 potius
1712 1554 1790 1607 sit
1838 1553 2095 1624 Spiritus

441 1649 683 1702 sanctus
727 1641 1108 1717 ἐκπορευτικὸς
1149 1642 1471 1715 procedens,
1521 1658 1700 1713 quam
1771 1639 2093 1714 ἐκπόρευτος

445 1742 751 1803 emanatus,
784 1737 885 1789 aut
914 1733 1212 1805 profusus,
1242 1736 1305 1787 ut
1333 1732 1417 1787 ita
1464 1731 1656 1787 dicam
1689 1749 1702 1787 :
1735 1747 1905 1803 agere
1936 1732 2094 1786 enim

442 1826 550 1890 est,
586 1825 643 1878 et
672 1837 785 1877 non
838 1821 985 1893 pati,
1036 1819 1307 1893 progredi
1345 1824 1405 1875 et
1450 1820 1781 1892 procedere.
1834 1821 2094 1890 Quapro-

441 1915 573 1983 pter
599 1908 833 1982 sapiens
894 1908 989 1964 hic
1044 1909 1134 1963 vir
1164 1913 1492 1981 opportune
1540 1908 1931 1980 interpretans
1963 1908 2045 1962 ait
2077 1926 2090 1964 :

439 1999 561 2056 Ideo
590 2000 862 2071 Spiritum
889 2000 1022 2064 oris,
1054 2014 1165 2053 non
1195 2013 1318 2054 vero
1355 1998 1584 2053 Verbum
1614 1999 1723 2053 oris
1743 1997 1916 2053 David
1942 1996 2094 2064 dicit,

439 2092 503 2143 ut
527 2087 860 2160 procedendi
883 2088 1287 2159 proprietatem
1338 2087 1445 2142 soli
1470 2085 1706 2158 Spiritui
1735 2086 2046 2141 vindicaret
2074 2103 2093 2139 :

440 2193 555 2232 non
586 2192 720 2233 vero
750 2181 807 2233 et
836 2175 950 2249 ipsi
986 2176 1192 2242 Verbo,
1235 2174 1375 2247 quia
1424 2175 1604 2231 verba
1634 2177 1753 2231 oris
1785 2174 2095 2247 procedere

444 2265 724 2321 dicuntur
755 2283 768 2321 :
804 2265 939 2334 Quae
966 2266 1114 2321 enim
1136 2263 1466 2337 procedunt,
1510 2266 1614 2332 ait,
1640 2280 1742 2335 per
1772 2265 1921 2319 labia
1951 2278 2092 2329 mea,

441 2370 555 2410 non
580 2354 793 2428 faciam
816 2356 1001 2409 irrita.
1062 2353 1375 2425 Propterea
1429 2356 1588 2408 vates
1644 2353 1793 2407 dixit
1852 2370 1865 2409 :
1928 2353 2094 2409 Verbo

443 2444 669 2500 Domini
694 2443 820 2498 caeli
839 2443 1048 2513 ﬁrmati
1065 2450 1215 2510 sunt,
1250 2447 1306 2497 et
1336 2459 1452 2497 non
1482 2442 1656 2497 verbo
1687 2446 1804 2497 oris
1838 2441 2092 2508 Domini,

441 2550 513 2590 ne
544 2532 789 2589 dicendo
822 2532 985 2588 Verbo
1014 2532 1127 2587 oris
1159 2536 1449 2587 astrueret
1476 2531 1619 2587 Filio
1649 2536 1708 2586 et
1754 2530 1943 2587 Verbo
1975 2532 2092 2586 vim

442 2621 812 2695 procedendi.
873 2620 1194 2677 Subnexuit
1250 2625 1446 2676 autem
1506 2636 1520 2675 :
1571 2622 1638 2675 Et
1688 2620 1936 2691 Spiritui
1981 2622 2095 2676 oris

440 2710 581 2781 ejus,
612 2711 679 2762 ut
722 2707 857 2762 inde
889 2706 1132 2779 Spiritui
1180 2712 1237 2763 et
1283 2706 1387 2763 soli
1440 2707 1873 2779 processionem
1905 2707 2093 2764 vindi-

439 2802 619 2854 caret.
669 2796 1027 2855 Procedendi
1083 2813 1253 2868 porro
1325 2796 1737 2868 proprietatem
1808 2799 2092 2869 tanquam

444 2886 741 2959 propriam
793 2885 1048 2957 Spiritus
1100 2885 1399 2941 notionem
1443 2884 1749 2958 agnovisse
1797 2884 2092 2959 Nyssaen-

447 2976 627 3046 sium,
658 2979 717 3029 et
743 2975 921 3029 totius
952 2973 1111 3029 orbis
1148 2973 1541 3045 splendorem,
1574 2990 1643 3028 ex
1671 2973 1763 3030 bis
1795 2991 1923 3045 quin
1953 2976 2091 3031 sub-

444 3064 550 3129 dit,
580 3063 886 3119 manifeste
916 3062 1247 3134 colligimus
1276 3079 1288 3117 :
1324 3062 1408 3117 sic
1434 3063 1589 3118 enim
1624 3064 1800 3119 infert
1831 3081 1844 3119 :
1880 3066 1941 3120 Ut
1968 3081 2095 3120 cum

447 3152 678 3208 Verbum
722 3152 949 3221 diceret,
1002 3152 1176 3206 veluti
1223 3167 1294 3207 ea:
1332 3152 1611 3207 intellectu
1661 3153 1781 3219 Dei,
1830 3157 1881 3207 et
1909 3154 2095 3209 Patris

2208 580 2431 653 Γραφῶν
2485 573 2830 649 διεξέλευσις,
2878 574 2986 652 οὐχ
3030 578 3191 645 ἧττον
3222 575 3257 645 ἢ
3288 575 3353 631 τὸ
3381 578 3479 631 τοῦ
3524 575 3727 652 τρόπου
3755 575 3843 654 φί-

2210 662 2351 741 λερι,
2383 664 2474 720 καὶ
2520 666 2593 720 τὸ.
2629 664 2867 730 ἐντεῦθεν
2914 669 3218 742 κακοῦργον
3268 664 3363 726 τὰς
3426 664 3678 727 τοιαύτας
3724 664 3838 721 ἆτο-

2206 752 2332 815 πίας
2377 753 2671 828 εἰσήνεγκε.
2704 754 2855 828 Τρισὶ
2901 753 3003 830 γὰρ
3050 750 3348 828 στοιχείοις
3403 753 3517 826 μετ’
3564 751 3841 817 ἐπιθέσεως

2206 841 2425 917 κεραίας
2469 849 2572 912 τῆς
2606 840 2876 915 Ιινεύματι
2931 839 3129 913 λέξεως
3175 838 3682 919 διαχαραττομένης
3731 861 3845 916 συγο

2207 932 2503 1003 κοπτικῶς,
2534 930 2670 986 κατᾶ
2705 935 2874 986 ταῦτα
2918 927 3117 1005 δὲκαὶ
3161 936 3269 1001 τῆς
3310 930 3504 1007 Ιιατρὶ,
3534 934 3632 985 τοῦ
3691 930 3844 1003 μέσου

2212 1019 2381 1092 μόνου
2406 1040 2469 1094 γε
2498 1016 2902 1096 διενηνοχότος,
2933 1022 2968 1088 ἡ
3006 1023 3104 1074 τοῦ
3157 1018 3325 1092 μέσου
3383 1017 3739 1096 παραφθρορά
3786 1039 3841 1073 τε

2205 1107 2293 1164 καὶ
2344 1107 2702 1181 μεταποίησις
2750 1106 2860 1182 (καὶ
2906 1108 3007 1184 γὰρ
3053 1106 3310 1184 εὐχερὴς)
3337 1108 3437 1177 τὴν
3482 1105 3693 1177 ἀπάτην
3736 1112 3846 1170 τοῖς

2209 1197 2285 1270 μή
2318 1195 2739 1271 ἐπεσκεμμένοις
2768 1195 3100 1272 προύξένησε
3114 1196 3189 1251 ’τὸ
3220 1200 3318 1251 τοῦ
3374 1194 3692 1271 ΙΙνεύματος
3721 1192 3848 1252 ἴδιον

2202 1290 2282 1358 τῷ
2311 1287 2487 1361 Πατρὶ
2518 1284 2983 1362 προσαρμόσασιν.

2281 1380 2360 1451 ιγ’.
2420 1372 2576 1432 Ἀλλ’
2632 1373 2803 1450 ἐχρῆν
2887 1373 3134 1444 ἐννοῆσαι
3190 1374 3253 1429 τὸ
3320 1372 3706 1448 ἐκπορεύεσθαι
3759 1394 3851 1429 πα-

2205 1465 2444 1534 θητικῶς
2520 1464 2614 1537 μὲν
2692 1462 3185 1539 ἐσχηματισμένον,
3245 1461 3407 1541 φέρον
3485 1459 3544 1517 δὲ
3610 1459 3847 1534 δήλωσιν

2205 1550 2575 1629 ἐνεργητικήν,
2649 1553 2724 1615 ὡς
2802 1553 2935 1607 εἶναι
3015 1550 3227 1625 μᾶλλον
3316 1552 3695 1626 έκπορευτικὸν
3780 1551 3840 1606 τὸ

2205 1647 2433 1715 Πνεῦμα
2484 1643 2547 1696 τὸ
2606 1644 2781 1717 ἅγιον,
2840 1639 2982 1716 ἤπερ
3043 1640 3391 1715 ἐκπόρευτον·
3457 1640 3684 1718 ἐνεργεῖν
3730 1641 3847 1717 γὰρ,

2204 1728 2331 1786 ἀλλ’
2364 1730 2494 1806 οὐχὶ
2524 1729 2753 1806 πάσχειν
2785 1728 2896 1785 ἐστὶ
2946 1730 3011 1785 τὸ
3061 1729 3385 1805 πορεύεσθαί
3422 1751 3502 1803 τε,
3545 1730 3637 1785 καὶ
3694 1728 3846 1784 ἐκπο-

2206 1816 2468 1894 ρεύεσθαι.
2499 1819 2592 1873 Διὸ
2629 1818 2720 1873 καὶ
2752 1818 2781 1872 6
2812 1818 2980 1897 σοφὸς
3025 1818 3184 1880 οὗτος
3231 1817 3369 1892 ἀνὴρ
3419 1816 3648 1894 καιρίως
3688 1817 3850 1894 ἀπαγ-

2204 1903 2423 1981 γέλλων
2508 1906 2658 1985 φησί·
2737 1910 2843 1961 Τοῦ
2920 1903 2966 1961 δ’
3024 1903 3182 1961 ἕνεκα
3257 1910 3477 1980 Πνεῦμα
3563 1906 3849 1981 στόματος,

2204 1993 2332 2051 ἀλλ’
2390 1995 2520 2070 οὐχὶ
2578 1994 2739 2071 λόγον
2819 1993 3087 2067 στόματος
3164 1994 3377 2070 εἴρηκεν
3434 1996 3463 2051 6
3525 1990 3714 2069 Au6i8,
3762 1993 3850 2049 ἵνα

2202 2084 2300 2151 τήν
2373 2082 2757 2159 ἐκπορευτικήν
2819 2079 3067 2155 ἰδιότητα
3152 2083 3305 2157 μόνῳ
3388 2088 3693 2159 προσοῦσαν
3781 2088 3854 2156 τῷ

2203 2171 2478 2245 Ιίνεύματι
2527 2172 2884 2243 πιστώσηται·
2942 2174 3017 2245 μή
3076 2171 3169 2245 μέν
3227 2193 3312 2227 τοι
3371 2169 3589 2243 δηλαδή
3630 2173 3720 2228 καὶ
3773 2175 3848 2244 τῷ

2204 2260 2389 2336 Λόγῳ.
2420 2261 2519 2315 Καὶ
2576 2262 2679 2337 γὰρ
2733 2260 2849 2315 ἐπεὶ
2900 2262 2968 2315 τὸ.
3029 2265 3127 2316 τοῦ
3174 2260 3444 2335 στόματος
3503 2260 3724 2337 ματα
3769 2259 3848 2316 ἐκ·

2202 2350 2542 2427 πορευόμενα
2600 2348 2835 2424 λέγεται·
2892 2350 2975 2406 Τὰ
3040 2351 3144 2427 γὰρ
3222 2349 3643 2426 ἐκπορευόμενα,
3699 2349 3844 2429 φησὶ,

2204 2436 2294 2493 διὰ
2333 2444 2439 2493 τῶν
2488 2436 2722 2515 χειλέων
2781 2460 2905 2511 μου,
2957 2439 3020 2493 ού
3072 2440 3149 2512 μή
3199 2438 3467 2510 ἀθετήσω.
3499 2440 3704 2495 Τούτου
3751 2438 3847 2515 χά-

2204 2548 2284 2602 ριν
2345 2525 2556 2604 εἴρηκεν
2590 2529 2619 2582 ὁ
2647 2530 2958 2605 προφήτηςο
2990 2531 3077 2599 Τῷ
3134 2528 3297 2603 Λόγῳ
3353 2528 3553 2605 Κυρίου
3596 2530 3650 2584 οἰ
3703 2526 3851 2602 ούρα-

2201 2615 2287 2670 νοὶ
2341 2615 2761 2693 ἐστερεώθησαν,
2809 2613 2937 2670 ἀλλ’
2985 2615 3137 2692 οὐχὶ.
3170 2621 3257 2689 Τῷ
3302 2617 3463 2693 Λόγῳ
3499 2622 3601 2673 τοῦ
3659 2616 3853 2691 στόμα-

2200 2725 2293 2768 τος
2352 2705 2549 2780 Κυρίου
2604 2707 2721 2760 ’Ἰνα
2782 2706 2857 2777 μὴ
2901 2701 2991 2759 διὰ
3032 2708 3129 2759 τοῦ
3183 2704 3352 2761 εἰπεῖν
3409 2709 3490 2777 τῷ
3548 2703 3704 2782 λόγῳ
3756 2708 3847 2760 τοῦ

2202 2794 2491 2867 στόματος,
2533 2794 3000 2869 προσμαρτυρήσῃ
3046 2797 3127 2865 τῷ
3176 2794 3285 2865 fit];
3333 2793 3423 2849 καὶ
3457 2793 3625 2870 Λόγῳ
3660 2794 3723 2849 τὸ
3775 2792 3852 2848 ἐκ·

2202 2881 2541 2956 πορευτικόν.
2606 2883 2879 2958 Ἐπήγαγε
2945 2879 3003 2936 δέ
3073 2880 3183 2937 καί·
3244 2887 3332 2956 Τῷ
3410 2882 3692 2957 ΙῙνεύματι
3759 2884 3851 2937 τοῦ

2202 2972 2473 3046 στόματος
2512 2970 2697 3039 αὐτοῦ,
2749 2971 2824 3032 ὡς
2875 2968 2934 3025 ἃν
2997 2968 3235 3026 ἐντεῦθεν
3293 2975 3373 3044 τῷ
3431 2971 3709 3045 ΙΙνεύματι
3768 2969 3851 3026 καὶ

2206 3061 2358 3136 μόνῳ
2398 3063 2736 3131 πιστώσηται
2787 3060 2850 3114 τὸ
2901 3058 3305 3136 ἐκπορευτικόν.
3337 3063 3458 3119 ’Ότι
3511 3058 3572 3116 δὲ
3630 3063 3728 3131 τὴν
3779 3059 3853 3115 ἐκ·

2204 3151 2529 3228 πορευτικὴν
2565 3146 2813 3219 ἰδιότητα
2842 3152 3343 3227 χαρακτηριπικῆν
3378 3147 3491 3206 οἶδε
3546 3154 3648 3206 τοῦ
3698 3148 3853 3205 Ιῐνεύ-

437 3241 612 3295 nullis
636 3240 987 3312 passionibus
1042 3240 1358 3307 obnoxiam,
1410 3244 1571 3311 atque
1599 3241 1934 3312 ineffabilem
1963 3242 2096 3297 Filii

2211 3259 2379 3313 ματος
2438 3240 2466 3293 6
2511 3243 2618 3293 τῶν
2680 3237 2962 3292 Νυσσαέων
3018 3237 3106 3293 καὶ
3164 3244 3265 3308 τῆς
3338 3238 3672 3313 οἰκουμένης
3746 3259 3851 3316 φω-

444 3329 855 3399 generationem
906 3328 1225 3384 haberemus
1243 3344 1264 3390 ,·
1293 3345 1419 3383 cum
1465 3345 1597 3384 vero
1646 3329 1918 3399 Spiritum
1964 3333 2097 3397 oris,

446 3416 891 3487 sanctiﬁcantem
937 3425 989 3473 et
1033 3418 1377 3473 essentialcm
1424 3417 1777 3491 facultatem,
1830 3427 1882 3474 et
1919 3420 2098 3491 viviﬁ-

449 3513 665 3561 cantem
707 3505 951 3577 Spiritus
996 3504 1335 3577 hypostasim
1385 3506 1841 3578 intelligeremus,
1880 3524 2100 3579 proces-

444 3596 586 3651 sivse
617 3595 931 3666 praprietas
959 3609 1201 3660 nomzne,
1231 3596 1396 3665 quasi
1441 3598 1572 3649 nota
1627 3596 1921 3666 signatam.
1955 3597 2099 3651 San-

444 3688 574 3739 ctus
605 3698 839 3755 quoque
895 3682 1059 3738 Pater
1107 3683 1455 3739 Anastasius
1500 3683 1913 3755 proprietatem
1965 3685 2098 3757 Spi-

446 3772 593 3829 ritus
624 3772 1059 3845 processionem
1093 3772 1650 3845 agnoscit'Namque
1680 3774 1908 3829 decimo
1940 3778 2100 3830 sexto

448 3862 637 3935 capite
666 3860 824 3930 libri,
856 3861 950 3917 cui
978 3862 1118 3917 Duci
1162 3863 1274 3919 via?
1319 3878 1531 3917 nomen
1580 3871 1691 3929 est,
1726 3863 1844 3918 haec
1876 3863 2052 3918 habet
2082 3879 2096 3918 :

448 3950 629 4021 Neque
670 3952 821 4005 enim
868 3952 1124 4020 ingenita
1185 3952 1375 4006 Patris
1418 3966 1654 4021 persona
1716 3967 1945 4007 carnem
2002 3968 2090 4006 as-

447 4040 704 4111 sumpsit,
735 4056 913 4110 neque
937 4039 1231 4111 procedens
1276 4041 1455 4095 sancti
1483 4039 1726 4112 Spiritus
1769 4040 2095 4112 hypostasis.

446 4129 517 4184 Et
563 4146 596 4184 a
644 4133 889 4201 paterna
935 4128 1237 4201 hypostasi
1282 4128 1567 4201 Spiritum
1601 4134 1870 4185 sanctum
1905 4146 2103 4201 proce-

448 4216 583 4272 dere
616 4217 778 4272 nullo
811 4217 983 4272 modo
1017 4216 1282 4289 impedit,
1334 4218 1475 4289 quin
1517 4218 1694 4273 etiam
1728 4234 1831 4289 per
1861 4217 2101 4285 Filium,

446 4309 513 4360 ut
560 4306 795 4378 sapiens
852 4304 947 4360 hic
1003 4305 1262 4362 Antistes
1319 4306 1391 4361 de
1431 4310 1635 4362 sancta
1689 4306 1974 4362 Trinitate
2029 4308 2101 4363 ad

444 4393 754 4449 Ablabium
788 4397 1150 4466 pertractans
1182 4393 1376 4467 palam
1430 4395 1645 4451 clamat
1687 4412 1700 4451 :
1734 4396 2103 4452 Immutabili-

444 4487 629 4552 tatem,
716 4482 938 4551 dicens,
1025 4492 1246 4541 natura
1335 4484 1647 4553 conﬁtentes
1678 4526 1693 4552 ,
1771 4500 1882 4540 non
1958 4486 2105 4541 imus

2207 3330 2366 3404 στὴρ,
2415 3324 2696 3403 ἀριδήλως
2761 3326 2811 3399 ἐξ
2870 3327 2943 3381 ὧν
3002 3324 3268 3403 ἐπιφέρει,
3324 3327 3643 3403 παρίστησι’
3714 3326 3854 3402 λέγει

2208 3417 2312 3491 γὰρ
2372 3414 2566 3477 οὕτως·
2610 3418 2726 3470 Ἵνα
2784 3412 2873 3469 διὰ
2934 3415 3029 3487 μὶν
3082 3420 3201 3486 τοῦ,
3263 3416 3439 3492 Λόγον
3500 3416 3698 3491 εἰπεῖν,
3761 3416 3855 3483 τὴν

2210 3506 2285 3567 ὡς
2362 3504 2421 3559 ἐκ
2493 3508 2588 3558 νοῦ
2652 3507 2806 3575 Θεοῦ,
2866 3503 2956 3558 καὶ
3031 3504 3246 3581 ΙΙατρὸς
3325 3506 3697 3578 ἀπαθεστάτην
3773 3503 3856 3559 καὶ

2210 3594 2447 3671 ἄρρητον
2522 3596 2620 3647 τοῦ
2703 3593 2834 3647 Υἱοῦ
2918 3590 3343 3670 παραδεξώμεθα
3425 3593 3699 3670 γέννησιν·
3778 3590 3860 3648 διὰ

2210 3681 2268 3739 δὲ
2321 3687 2419 3737 τοῦ
2479 3682 2753 3756 εἰρηκέναι
2811 3686 3031 3755 Πνεῦμα
3108 3683 3379 3758 στόματος
3432 3685 3535 3753 τὴν
3621 3684 3856 3760 ἆγιαστι-

2209 3773 2308 3841 κήν
2398 3770 2488 3826 καὶ
2565 3767 2804 3841 ούσιώδη
2884 3767 3133 3843 δύναμιν,
3206 3770 3297 3827 καί
3374 3774 3695 3847 ζωαρχικῆν
3768 3771 3860 3825 τοῦ

2210 3860 2525 3934 ΙΙνεύματος
2603 3858 2893 3914 ὑπόστασιν
2982 3855 3371 3934 ὑπολάϐωμεν,
3457 3865 3537 3933 τῷ
3612 3864 3713 3931 τῆς
3784 3858 3860 3913 ἐκ·

2209 3956 2536 4024 πορευτικῆς
2611 3945 2887 4019 ἰδιότητος
2958 3947 3187 4022 ὀνόματι
3263 3943 3523 4019 δηλονότι
3584 3969 3859 4026 χαρακτη·

2212 4039 2526 4116 ριζομένην.
2575 4036 2675 4091 Καὶ
2725 4038 2753 4091 6
2804 4035 2855 4091 ἐν
2906 4036 3079 4113 ἆγίοις
3145 4034 3203 4093 δὲ
3252 4039 3442 4113 ΙΙατήρ
3492 4038 3859 4105 Ἀναστάσιος,

2212 4127 2418 4201 ἰδίωμα
2452 4131 2549 4182 τοῦ
2627 4125 2938 4198 ΙΙνεύματος
3018 4127 3270 4202 γινώσκει
3322 4128 3385 4182 τὸ
3459 4125 3859 4202 ἐκπορευτικόν.

2209 4221 2296 4275 Ἐν
2356 4217 2461 4292 γὰρ
2516 4212 2659 4287 ἕκτῳ
2708 4215 2799 4270 καὶ
2843 4214 3051 4288 δεκάτῳ
3097 4214 3377 4294 κεφαλαίῳ
3406 4223 3508 4287 τῆς
3562 4216 3730 4272 αὐτοῦ
3789 4212 3862 4291 βί-

2212 4301 2350 4361 ϐλου
2388 4311 2488 4374 τῆς
2538 4301 2773 4378 Ὁδηγοῦ
2816 4301 3185 4377 κεκλημένης,
3213 4303 3356 4359 οὕτω
3405 4304 3590 4382 φησίν·
3627 4301 3705 4363 Οὔ
3762 4302 3860 4377 γὰρ

2212 4396 2275 4450 τὸ
2333 4392 2623 4470 ἀγέννητον
2703 4396 2801 4446 τοῦ
2885 4392 3100 4469 ΙΙατρὸς
3176 4392 3471 4462 πρόσωπον
3560 4392 3859 4469 ἐσαρκώθη,

2212 4479 2336 4538 οὔτε
2414 4482 2506 4556 μὲν
2584 4484 2619 4550 ἡ
2697 4479 3052 4558 ἐκπορευτική
3126 4485 3225 4536 τοῦ
3313 4481 3469 4558 ἁγίου
3546 4480 3860 4554 ΙΙνεύματος

446 4570 672 4644 inﬁcias
700 4572 999 4627 secundum
1026 4588 1253 4626 causam
1280 4575 1333 4626 et
1360 4575 1646 4627 causatum
1703 4572 2098 4644 differentiam,

2215 4571 2523 4634 ὑπόστασις,
2581 4574 2687 4625 Τοῦ
2737 4567 2794 4625 δέ
2842 4591 2905 4645 γε
2947 4571 3094 4644 παρὰ
3151 4577 3252 4641 τῆς
3307 4576 3593 4648 Ιῐατρικῆς
3636 4566 3860 4626 ὑποστά-

451 4662 511 4716 in
542 4675 653 4731 qua
706 4660 825 4715 sola
852 4661 1102 4716 discerni
1155 4659 1318 4715 aliud
1345 4660 1414 4716 ab
1469 4662 1582 4717 alio
1624 4660 2101 4735 deprehendimus,

446 4765 571 4804 cum
619 4748 719 4805 hoc
766 4750 985 4819 quidem
1031 4765 1264 4805 causam
1309 4748 1590 4805 credamus
1637 4766 1773 4817 esse,
1830 4751 1982 4806 illud
2035 4767 2106 4807 ea:

448 4854 631 4893 causa.
666 4839 731 4893 Et
758 4839 915 4894 illius
973 4840 1167 4907 etiam,
1226 4840 1377 4909 quod
1431 4855 1501 4894 ea:
1550 4855 1718 4895 causa
1770 4848 1868 4909 est,
1911 4856 2105 4896 rursus

448 4925 609 4981 aliud
637 4926 937 4982 discrimen
961 4928 1313 4983 observamus
1347 4946 1359 4983 :
1392 4929 1493 4984 hoc
1548 4929 1749 4984 etenim
1775 4932 1851 4984 est
1899 4931 2104 4985 imme-

450 5014 602 5070 diate
630 5031 702 5070 ex
724 5017 928 5087 primo,
960 5016 1062 5071 hoc
1090 5032 1216 5073 vero
1253 5033 1353 5089 per
1382 5016 1459 5084 id,
1490 5018 1635 5088 quod
1664 5020 1987 5089 contiguum
2015 5027 2104 5075 at-

451 5118 556 5174 que
585 5103 962 5159 immediatum
991 5112 1087 5171 est,
1128 5121 1199 5160 ex
1225 5107 1406 5177 primo
1430 5122 1451 5168 ;
1482 5113 1545 5161 ut
1572 5115 1621 5162 et
1676 5109 1952 5179 unigeniti
1973 5124 2104 5181 pro-

445 5191 659 5264 prietas
714 5194 915 5265 absque
940 5194 1308 5266 ambiguitate
1364 5196 1425 5249 in
1486 5195 1625 5250 Filio
1680 5205 1925 5264 maneat,
1957 5200 2009 5252 et
2038 5213 2109 5252 ea:

450 5284 620 5336 Patre
649 5281 924 5352 Spiritum
976 5298 1096 5338 esse
1148 5284 1297 5338 nulli
1352 5283 1586 5338 dubium
1632 5286 1721 5354 sit,
1780 5284 1948 5356 Filio,
2004 5286 2110 5356 qui

450 5369 662 5425 medius
692 5377 791 5439 est,
823 5370 933 5425 sibi
984 5371 1096 5443 ipsi
1141 5374 1418 5443 unigeniti
1465 5374 1859 5445 proprietatem
1887 5389 2108 5430 conser-

450 5462 635 5526 vante,
666 5466 717 5514 et
744 5459 1022 5529 Spiritum
1051 5477 1086 5514 a
1122 5462 1378 5516 naturali
1427 5460 1499 5517 ad
1528 5463 1753 5518 Patrem
1784 5462 2110 5519 habitudine

452 5547 683 5606 minime
705 5555 945 5603 arcente.
980 5547 1139 5605 Idem
1171 5550 1243 5605 de
1273 5550 1493 5622 Spiritu
1553 5555 1756 5607 sancto
1802 5568 2004 5624 agens,
2052 5556 2111 5608 et

462 5637 741 5699 adversus
771 5636 1178 5697 Macedonium
1209 5639 1526 5712 disserens,
1566 5640 1646 5698 ita
1675 5645 1732 5699 et
1770 5639 1900 5698 Filii
1930 5656 2107 5715 gene-

2214 4681 2348 4721 σεως
2397 4659 2461 4713 τὸ
2507 4660 2728 4732 Πνεῦμα
2772 4659 2835 4713 τὸ
2885 4660 3039 4734 ἅγιον
3106 4656 3511 4735 ἐκπορεύεσθαι,
3556 4656 3859 4714 κωλυτικὸν

2215 4748 2314 4804 οὐκ
2372 4746 2512 4802 ἔστιν
2570 4744 2827 4820 οὐδαμῶς
2884 4748 2945 4801 τὸ
3004 4744 3093 4802 διὰ
3142 4752 3241 4802 τοῦ
3292 4748 3442 4804 Υἱοῦ.
3483 4748 3679 4812 Καθὼς
3721 4743 3862 4801 καἰὸ

2214 4838 2377 4916 σοφὸς
2418 4836 2577 4899 οὗτος
2630 4836 2896 4912 ἱεράρχης
2942 4835 3066 4911 περὶ
3116 4843 3215 4906 τῆς
3250 4835 3409 4913 ἁγίας
3456 4834 3687 4912 Τριάδος
3734 4833 3861 4911 πρὸς

2229 4920 2507 4985 Αϐλάϐιον
2566 4922 2861 5000 θεολογῶν,
2921 4921 3225 5002 διαρρήδην
3309 4926 3437 5001 βοᾷ’
3479 4926 3552 4980 Τὸ
3630 4919 3864 5001 ἀπαραλ-

2214 5014 2437 5086 λακτον,
2523 5012 2719 5089 λέγων,
2775 5019 2877 5083 τῆς
2967 5012 3177 5091 φύσεως
3264 5011 3690 5090 ὁμολογοῦντες,
3771 5010 3865 5077 τὴν

2214 5107 2349 5161 κατὰ
2420 5104 2483 5158 τὸ
2560 5100 2731 5158 αἷθτιον
2804 5102 2895 5157 καὶ
2970 5102 3210 5159 αἰτιατὸν
3290 5101 3552 5182 διαφορὰν
3630 5101 3731 5157 ούκ
3785 5099 3869 5174 ἆρ-

2213 5194 2470 5268 νούμεθα.
2549 5193 2635 5247 Ἐν
2712 5192 2759 5263 ᾧ
2839 5191 2991 5265 μόνῳ
3084 5190 3442 5269 διακρίνεσθαι
3535 5192 3597 5247 τὸ
3690 5187 3863 5264 ἕτερον

2213 5288 2310 5339 τοῦ
2386 5283 2571 5357 ἐτέρου
2644 5275 3161 5355 καταλαμϐάνομεν.
3222 5286 3309 5354 Τῷ
3381 5282 3444 5336 τὸ
3524 5280 3617 5355 μὲν
3698 5273 3863 5333 αἶ’τιον

2216 5372 2483 5428 πιστεύειν
2562 5370 2719 5442 εἶναι,
2752 5371 2815 5425 τὸ
2882 5367 2939 5425 δὲ
2996 5369 3055 5426 ἐκ
3114 5374 3213 5425 τοῦ
3270 5370 3465 5428 αἰτίου.
3518 5366 3617 5423 Καὶ
3669 5370 3769 5422 τοῦ
3820 5360 3867 5432 ἐξ

2189 5460 2391 5516 .αἰτίου
2460 5458 2518 5516 δὲ
2587 5453 2763 5532 ὄντος,
2823 5457 2987 5514 πάλιν
3066 5456 3245 5529 ἄλλην
3325 5456 3587 5537 διαφορὰν
3668 5454 3869 5509 ἐννοοῦ-

2221 5571 2337 5625 μεν.
2379 5551 2450 5606 Τὸ
2531 5550 2625 5625 μὲν
2702 5549 2805 5625 γάρ
2880 5553 3170 5625 προσεχῶς
3213 5548 3274 5604 ἐκ
3346 5551 3443 5602 τοῦ
3519 5545 3761 5621 πρώτου,
3796 5538 3857 5594 τὸ

2219 5638 2276 5698 δὶ
2333 5637 2422 5697 διὰ
2469 5642 2568 5696 τοῦ
2623 5642 2917 5720 προσεχῶς
2975 5636 3035 5695 ἐκ
3087 5643 3189 5695 τοῦ
3245 5639 3489 5716 πρώτου.
3549 5637 3712 5697 Ὥστε
3780 5627 3865 5689 καὶ
