4154 6426
362 352 475 417 581

1244 342 1348 414 DE
1392 346 1931 414 PROGESSIONE
1973 349 2039 411 s.
2086 336 2445 415 SPIRITUS
2490 352 2783 416 ORATIO
2826 344 2906 415 II.

3663 352 3783 420 582

358 486 423 542 τὸ
503 483 794 561 μονογενὲς
869 475 1242 561 ἀναμφίϐολον
1308 479 1394 537 ἐπὶ
1447 483 1545 537 τοῦ
1603 481 1729 535 Υἱοῦ
1790 479 1965 552 μένειν
1997 508 2059 552 ,λ

2152 481 2435 556 stionem,
2482 490 2540 541 et
2567 485 2821 559 Spiritus
2868 484 3296 558 processionem
3348 487 3665 558 exprimit:
3719 490 3785 545 In

361 574 453 629 καὶ
509 573 574 628 τὸ
604 573 663 628 ἐκ
727 576 825 627 τοῦ
885 571 1102 648 Πατρὸς
1161 569 1294 625 εἶναι
1351 570 1415 624 τὸ
1470 574 1695 643 Πνεῦμα
1756 570 1832 643 μή
1881 568 2021 647 ἀμφι

365 656 593 718 ϐάλλειν
632 707 648 731 ,
702 667 802 731 τῆς
878 663 978 716 τοῦ
1056 659 1183 716 Υἱοῦ
1242 657 1511 733 μεσιτείας
1568 658 1658 713 καὶ
1735 659 1907 731 ἐαυτῷ
1960 659 2024 713 τὸ

367 751 655 828 μονογενὲς
736 747 1116 828 φυλαττούσης
1178 794 1192 819 ,
1275 747 1365 803 καὶ
1454 746 1517 802 τὸ
1620 751 1845 821 Πνεῦμα
1923 750 2022 816 τῆς

364 846 597 919 φυσικῆς
667 837 809 913 πρὸς
884 838 977 893 τὸν
1054 835 1273 913 ΙΙατέρα
1347 837 1588 912 σχέσεως
1666 837 1742 909 μὴ
1823 836 2024 911 ἀπειρ-

364 927 595 1005 γούσης.
649 928 707 982 Ὀ
764 926 924 989 αὑτὸς
980 926 1106 1002 περὶ
1162 930 1261 981 τοῦ
1319 926 1473 1001 ἁγίου
1532 924 1848 998 ΙΙνεύματος
1907 924 2023 979 δια-

364 1008 687 1091 λαμϐάνων,
737 1015 828 1071 καὶ
886 1016 1024 1072 κατὰ
1082 1011 1422 1072 Μακεδονίω
1478 1013 1820 1093 φερόμενος,
1884 1012 2026 1068 οὕτω

368 1103 625 1161 διατυποῖ
678 1105 780 1174 τὴν
829 1108 929 1159 τοῦ
976 1103 1103 1159 Υἱοῦ
1148 1103 1419 1179 γέννησιν,
1450 1103 1541 1158 καὶ
1576 1106 1676 1173 τῆν
1706 1107 1805 1157 τοῦ
1852 1102 2027 1158 Πνεῦ-

373 1215 543 1270 ματος
593 1190 851 1269 πρόοδον·
913 1193 1028 1270 Ἐφ’
1084 1193 1159 1247 ὧν
1207 1194 1244 1262 ἡ
1297 1193 1435 1247 κατά
1485 1192 1547 1247 τὸ
1605 1192 1801 1267 ἀγαθὸν
1861 1191 2028 1266 ἐνέρ-

368 1304 491 1361 γεια
521 1327 537 1354 ,
596 1281 815 1362 φάσκων
850 1327 866 1353 ,
895 1279 1151 1355 οὐδεμίαν
1229 1279 1523 1337 ἐλάττωσιν
1556 1327 1570 1353 ,
1623 1282 1660 1351 ἢ
1714 1279 1973 1357 παραλλα
2004 1312 2028 1323 -

369 1374 474 1448 γὴν
537 1369 657 1449 ἔχει
710 1417 726 1443 ,
776 1375 894 1434 πῶς
998 1368 1140 1426 ἔστιν
1221 1367 1447 1446 εῦλογον
1534 1371 1636 1439 τήν
1721 1370 1856 1426 κατά
1933 1369 2026 1425 τὸν

373 1459 605 1535 ἀριθμὸν
658 1459 831 1530 τάξιν,
910 1457 1261 1521 ἐλαττώσεώς
1334 1480 1482 1521 τινος
1554 1465 1657 1529 τῆς
1730 1459 1865 1515 κατὰ
1932 1457 2031 1536 φύ-

373 1569 457 1603 σιν
539 1545 903 1625 παραλλαγῆς
979 1545 1185 1611 οἴεσθαι
1261 1553 1491 1621 σημεῖον
1560 1547 1693 1603 εἶναι
1756 1576 1770 1614 ς
1827 1551 2029 1622 Ὥσπερ

375 1636 436 1692 ἃν
498 1634 553 1692 εἷ’
618 1657 705 1699 τις
779 1635 832 1692 ἐν
906 1636 1051 1713 τρισὶ
1109 1634 1358 1710 λαμπάσι
1421 1634 1752 1714 διῃρημένην
1813 1630 2057 1713 βλιέπων⁴

371 1727 474 1796 τὴν
533 1724 717 1804 φλόγα
747 1744 761 1758 ·
824 1724 1000 1780 αἰτίαν
1081 1722 1139 1780 δὲ
1208 1730 1306 1781 τοῦ
1360 1725 1547 1802 τρίτου
1622 1726 1808 1804 φωτὸς-
1859 1726 2031 1781 αἰτίαν

377 1814 709 1888 ὁποθώμεθα
785 1813 921 1870 εἶναι
993 1815 1095 1883 τήν
1174 1815 1399 1891 πρώτην
1477 1814 1655 1893 φλόγα
1730 1815 1790 1871 ἐκ
1850 1812 2032 1870 διαδό-

377 1923 514 1966 σεως
574 1901 665 1957 διὰ
717 1907 817 1958 τοῦ
895 1903 1060 1977 μέσου
1132 1904 1196 1958 τὸ
1255 1904 1416 1979 ἄκρον
1488 1902 1793 1978 ἐξάψασαν),
1852 1901 2037 1960 ἔπειτα

376 1992 757 2061 κατασκενάζει
812 1989 1129 2061 πλεονάζειν
1206 1990 1258 2047 ἐν
1317 1995 1386 2066 τῇ
1463 1994 1656 2068 πρώτῃ
1712 1992 1877 2071 φλογὶ
1934 1994 2034 2062 τὴν

379 2078 674 2159 θερμασίαν
710 2126 723 2153 ,
782 2084 853 2155 τῇ
926 2078 973 2136 δ’
1048 2078 1236 2159 ἐφεξῆς
1298 2075 1696 2153 ὑποϐεϐηκέναι
1754 2083 1845 2137 καὶ
1902 2084 2037 2157 πρὸς

377 2169 443 2225 τὸ
500 2165 725 2225 ἔλαττον
801 2165 948 2244 ἔχειν
1008 2170 1106 2239 τήν
1164 2167 1529 2245 παραλλαγήν
1565 2213 1580 2239 ,
1649 2172 1751 2241 τήν
1811 2169 1868 2226 δὲ
1922 2171 2036 2247 τρί-

377 2278 505 2328 την,
568 2255 708 2331 μηδὲ
764 2260 873 2335 πῦρ
929 2255 1007 2313 ἔτι
1067 2256 1422 2334 λογίζεσθαι,
1480 2258 1578 2314 κᾶν
1636 2258 2038 2334 παραπλησίως

378 2345 509 2421 καί-ῃ
562 2346 653 2401 καὶ
711 2345 869 2425 φαίνῃ
901 2389 915 2415 ,
971 2346 1064 2402 καὶ
1137 2346 1307 2402 πάντα
1372 2347 1439 2401 τὰ
1491 2352 1589 2402 τοῦ
1646 2350 1819 2426 πυρὸς
1878 2349 2038 2425 ἐργά-

387 2440 593 2507 ζηται.’
624 2434 805 2492 Πάλιν
861 2435 891 2489 6
947 2435 1108 2498 αὐτὸς
1139 2434 1190 2491 ἐν
1220 2440 1299 2509 τῷ
1345 2437 1550 2513 πρώτῳ
1594 2442 1701 2493 τῶν
1752 2438 2038 2515 Ἀντιρῥη-

382 2528 550 2580 τικῶν
621 2521 752 2579 τάδε
826 2523 1009 2602 φησί’
1068 2524 1179 2580 Οὐκ
1250 2525 1459 2602 ἀνάγκη
1535 2527 1678 2601 πάσῃ
1732 2531 1802 2601 τῇ
1872 2527 2039 2583 εἰκόνι

386 2610 748 2676 δουλεύοντας
831 2610 1013 2669 δοῦναι
1087 2619 1207 2677 τοῖς
1284 2614 1641 2693 συκοφάνταις
1728 2612 1906 2686 λαϐὴν
1988 2617 2039 2672 ἐν

384 2704 455 2775 τῇ
537 2705 636 2756 τοῦ
712 2697 1114 2778 ὑποδείγματας
1190 2702 1410 2775 άτονίᾳ,
1488 2703 1628 2780 Οὐχὶ
1713 2704 1910 2760 ἀπτῖνα
1990 2704 2042 2777 ἐξ

383 2788 552 2861 ¹ἡλίου
626 2792 899 2865 νοήσομεν
930 2833 944 2859 ,
1004 2788 1133 2847 ἀλλ’
1193 2791 1245 2863 ἐξ
1312 2793 1605 2869 ἁγεννήτου
1662 2792 1856 2849 Ἡλίου
1915 2792 1982 2850 ἄλ
2017 2827 2043 2839 -

384 2876 482 2934 λον
538 2877 734 2934 Ἥλιον
792 2879 886 2935 τὸν
938 2878 1058 2934 Υἱὸν
1120 2881 1261 2953 ὁμοῦ
1315 2884 1383 2956 τῇ
1433 2886 1531 2937 τοῦ
1578 2882 1800 2958 πρώτου
1836 2881 2046 2955 ἐπινοίᾳ

382 2958 657 3044 γεννητῶς
715 2966 864 3041 αὗτῷ
941 2967 1394 3043 συνεκλάμποντα
1425 3015 1441 3042 ,
1498 2970 1590 3026 καὶ
1667 2972 1803 3027 κατὰ
1876 2972 2047 3028 πάντα

384 3054 646 3118 ὡσαύτως
721 3054 921 3134 ἔχοντα
993 3055 1191 3112 κάλλει
1240 3103 1258 3127 ,
1318 3056 1590 3133 δυνάμει,
1643 3060 1732 3115 καὶ
1792 3058 1986 3135 λαμπη
2021 3094 2044 3104 -

387 3141 527 3216 δόνι,
593 3143 830 3220 μεγέθει,
890 3142 1253 3222 φαιδρότητι,
1312 3146 1403 3201 καὶ
1460 3153 1619 3202 πᾶσιν
1680 3147 1871 3212 ἁπλῶς
1929 3154 2097 3222 τοῖς;

385 3211 522 3306 περιί
568 3211 686 3288 τὸν·
720 3211 912 3303 ἥλιον.
939 3211 1335 3311 θεωρουμένοις
1370 3277 1382 3290 .
1443 3236 1543 3291 Καὶ
1599 3234 1764 3293 πάλιν
1795 3283 1814 3307 ,
1859 3211 2045 3293 γἜτεέ
2079 3211 2121 3277 C

392 3343 488 3399 ρον
560 3326 810 3378 τοιοῦτον
886 3327 1003 3401 φῶς
1074 3324 1137 3379 τὸ
1208 3329 1433 3398 Πνεῦμα
1505 3327 1643 3381 κατὰ
1718 3327 1810 3382 τὸν
1883 3327 2042 3383 αὐτὸν

388 3410 594 3488 τρόπον
677 3409 740 3465 οὐ
809 3415 1053 3488 χρονικῷ
1126 3434 1227 3468 τινι
1287 3411 1614 3489 διαστήματι
1687 3420 1783 3471 τοῦ
1850 3438 2045 3492 γεννη-

390 3504 494 3556 τοῦ
551 3500 733 3578 φωτὸς
799 3499 1240 3575 ἀποτεμνόμενον
1275 3549 1292 3575 ,
1353 3503 1498 3560 ἀλλὰ
1573 3503 1643 3560 δι’
1717 3504 1881 3561 αὐτοῦ
1956 3507 2049 3581 μὲν

394 3585 680 3662 ἐκλάμπον
708 3634 722 3661 ,
780 3590 881 3659 τὴν
962 3587 1021 3645 δὲ
1095 3598 1197 3661 τῆς
1271 3591 1612 3657 ὑποστάσεως
1687 3595 1859 3651 αἰτίαν
1917 3594 2045 3672 ἔχον

395 3677 459 3734 ἐκ
538 3682 638 3733 τοῦ
718 3679 1083 3755 πρωτοτύπου
1124 3722 1136 3734 .
1222 3679 1608 3754 Ἐκλάμποντα
1692 3681 1876 3759 εἷ’ρηκε
1954 3686 2045 3740 τὸν

392 3767 518 3823 Υἱὸν
555 3809 570 3835 ,
600 3764 884 3842 ἐκλάμπον
953 3764 1139 3845 εἷ’ρηκε
1187 3770 1277 3824 καὶ
1336 3770 1398 3825 τὸ
1453 3775 1678 3845 Πνεῦμα
1726 3774 1789 3828 τὸ
1845 3775 1993 3851 ἅγιον
2031 3794 2045 3808 ⁶

390 3852 483 3910 διὰ
508 3860 607 3912 τοῦ
656 3854 956 3931 ἐκλάμπειν
1008 3854 1257 3929 ἐδήλωσε
1306 3860 1406 3929 τὴν
1471 3859 1692 3937 ὕπαρξιν
1750 3868 1847 3917 τοῦ
1902 3865 2049 3935 Γὶοῦ,

388 3940 483 3999 διὰ
537 3949 635 4000 τοῦ
693 3943 993 4018 ἐκλάμπειν
1045 3944 1296 4018 ἐδήλωσε
1324 3947 1415 4002 καὶ
1442 3950 1543 4018 τὴν
1602 3954 1700 4005 τοῦ
1733 3952 2051 4025 ΙΙνεύματος

384 4032 634 4110 ὕπαρξιν,
663 4035 727 4091 τὸ
756 4034 978 4110 ἀπαθὲς,
1029 4035 1120 4091 καὶ
1168 4034 1428 4113 ἄχρονον,
1480 4045 1584 4108 τῆς
1629 4044 1726 4095 τοῦ
1776 4042 1901 4098 Υἱοῦ
1938 4064 2054 4119 γεν-

382 4124 620 4196 νήσεως,
669 4124 761 4179 καὶ
809 4126 907 4195 τῆς
952 4128 1050 4179 τοῦ
1093 4124 1411 4199 ΙῙνεύματος
1470 4125 1841 4205 ἐκπορεύσεως
1874 4151 2055 4205 σημη-

378 4214 614 4286 νάμενος
674 4210 743 4267 δι’
809 4212 1121 4285 οἰκειότητα
1201 4213 1472 4288 ὀνόματος
1525 4222 1643 4280 τοῖς
1716 4218 2053 4296 πράγμασιν,

380 4301 469 4363 οἷς
518 4300 795 4387 ἐχρήσατο
849 4306 931 4375 τῷ
986 4301 1140 4376 ἡλίῳ
1196 4303 1286 4358 καθ
1342 4309 1422 4377 τῷ
1481 4306 1642 4383 φωτί’
1704 4327 2056 4387 προσμαρτυ-

381 4390 571 4484 ρίςςσνας⁵
617 4385 677 4484 δέ
736 4411 801 4484 γε
855 4395 936 4484 τῷ
966 4388 1066 4484 διὰ.
1082 4396 1181 4446 τοῦ
1213 4398 1476 4484 γεννητοῦ
1505 4395 1688 4473 φωτὸς
1724 4385 2060 4484 ἐκλάμποντ,

377 4478 486 4547 τὴν
518 4475 690 4537 αἲτίαν
722 4480 820 4549 τῆς
865 4478 1209 4544 ὑποστάσεως
1270 4479 1328 4536 ἐκ
1384 4486 1483 4537 τοῦ
1549 4484 1911 4558 πρωτοτύπου
1942 4475 2058 4567 φωξ

2134 575 2351 644 quibus,
2385 591 2507 645 quae
2554 575 2854 631 secundum
2884 574 3084 630 bonum
3134 576 3378 645 operatio
3423 585 3519 647 est,
3570 577 3785 633 nuliam

2134 663 2583 719 imminutionem
2628 667 2724 718 aut
2776 663 3223 718 immutationem
3271 661 3461 718 habet.
3512 663 3788 734 Quomodo

2132 751 2340 805 rationi
2386 759 2814 807 consentaneum
2840 752 3038 821 fuerit,
3066 750 3312 805 ordinem
3357 751 3657 807 secundum
3683 769 3791 807 nu-

2133 855 2351 894 merum
2372 842 2780 896 imminutionis
2803 840 3179 909 alicujus,aut
3207 840 3506 895 secundum
3519 845 3791 896 naturam

2137 930 2538 985 immutationis
2558 932 2787 999 signum
2816 944 2929 984 esse
2956 929 3792 1001 existimareQuemadmodum

2135 1019 2187 1072 si
2214 1020 2334 1089 quis
2352 1020 2410 1074 in
2430 1019 2607 1075 tribus
2626 1018 2982 1090 lampadibus
2995 1017 3336 1073 subdivisam
3353 1021 3643 1089 ﬂummam
3663 1036 3790 1075 con-

2136 1108 2372 1177 spiciens
2426 1110 2671 1176 (causam
2736 1123 2858 1163 vero
2924 1108 3082 1161 tertii
3136 1108 3368 1162 luminis
3422 1123 3795 1180 supponamus

2138 1211 2254 1252 esse
2277 1197 2527 1267 primam
2575 1198 2859 1266 ﬂammam
2892 1211 2965 1250 ea:
3006 1197 3505 1252 communicatione
3527 1213 3655 1252 cum
3682 1212 3795 1253 me-

2139 1284 2229 1340 dio
2260 1294 2571 1341 extremum
2598 1287 3088 1356 inﬂammantem),
3116 1286 3466 1356 postmodum
3516 1289 3799 1342 astrueret

2139 1389 2201 1428 in
2252 1375 2441 1445 prima
2497 1374 2725 1444 ﬂamma
2778 1373 3071 1429 abundare
3124 1373 3407 1442 calorem;
3467 1390 3586 1431 eam
3641 1390 3795 1443 vero,

2141 1479 2260 1533 qum
2305 1464 2671 1535 subsequitur,
2723 1464 3016 1518 immutari
3068 1464 3120 1518 et
3160 1463 3421 1534 paulatin
3488 1464 3759 1519 imminui
3775 1479 3800 1526 ,·

2143 1552 2366 1606 tertiam
2409 1567 2509 1607 nec
2562 1553 2743 1622 ignem
2798 1552 3042 1620 amplius
3092 1554 3421 1606 censendum
3474 1567 3609 1618 esse,
3670 1553 3798 1607 licet

2140 1655 2297 1711 aequa
2340 1641 2563 1695 ratione
2607 1639 2826 1710 adurat,
2877 1645 2931 1694 et
2972 1639 3253 1711 splendeat
3295 1641 3587 1711 omniaque
3652 1641 3799 1710 ignis

2143 1733 2419 1800 operetur.
2475 1728 2702 1785 Rursus
2760 1729 2884 1799 ipse
2941 1728 2999 1781 in
3053 1727 3242 1798 primo
3297 1728 3802 1785 Antirrheticorum

2061 1854 2112 1919 Β
2144 1817 2268 1874 haec
2320 1818 2440 1873 ait:
2475 1818 2593 1873 Non
2649 1820 2855 1887 Oportet
2910 1817 3154 1885 imagini
3207 1818 3501 1872 servientes
3552 1817 3805 1888 praebere

2143 1905 2642 1962 calumniatoribus
2669 1921 2865 1960 ansam
2894 1906 2952 1959 in
2984 1904 3227 1976 exempli
3257 1905 3656 1960 imbecillitate.
3682 1910 3803 1962 Non

2144 1995 2367 2051 radium
2394 2011 2464 2050 ex
2486 1997 2600 2051 sole
2620 1993 3102 2065 intelligimus,sed
3119 2010 3188 2049 ea:
3215 1996 3462 2065 ingenito
3484 1994 3604 2049 Sole
3627 1995 3805 2050 alium

2145 2083 2348 2151 Solem,
2379 2084 2585 2139 Filium
2630 2084 2839 2139 scilicet
2865 2083 3031 2138 simul
3059 2098 3183 2137 cum
3208 2083 3387 2155 primi
3428 2083 3801 2139 intellectione

2142 2189 2247 2245 per
2271 2174 2678 2245 generationem
2706 2189 2819 2228 una
2846 2188 2969 2227 cum
2998 2172 3114 2242 ipso
3142 2170 3805 2243 eﬂulgentem,eidemque

2143 2278 2245 2334 per
2273 2264 2464 2317 omnia
2494 2263 2761 2334 aqualem
2786 2260 3216 2333 pulchritudine,
3244 2261 3464 2326 virtute,
3494 2259 3803 2331 splendore,

2148 2350 2548 2421 magnitudine,
2580 2350 2922 2416 clarztate,et
2952 2364 3062 2403 uno
3092 2350 3255 2404 verbo
3282 2349 3669 2419 omnibus,qua
3695 2348 3805 2404 soli

2150 2441 2329 2494 inesse
2358 2442 2753 2494 cernuntur.Et
2781 2454 2990 2493 rursus
3015 2453 3030 2493 :
3054 2437 3220 2491 Aliud
3248 2438 3433 2493 simile
3464 2436 3650 2492 lumen
3683 2435 3808 2508 Spi-

2150 2530 2324 2583 ritum
2353 2528 2537 2584 eodem
2582 2527 2760 2595 modo,
2788 2543 2898 2581 non
2927 2527 3189 2598 temporis
3217 2526 3406 2597 aliquo
3449 2525 3744 2581 intervallo
3774 2542 3809 2580 a

2149 2620 2332 2689 genito
2388 2618 2600 2672 lumine
2650 2616 2982 2676 dissectum;
3020 2614 3111 2670 sed
3154 2630 3256 2686 per
3300 2614 3444 2669 illud
3499 2613 3807 2686 splendens,

2153 2724 2217 2763 ac
2247 2708 2601 2780 hupostaseos
2627 2721 2859 2761 causam
2883 2705 3087 2760 habens
3103 2720 3174 2759 ea:
3198 2704 3378 2775 primo
3398 2702 3598 2772 illo,ac
3625 2719 3806 2759 exem-

2150 2797 2301 2869 plari
2325 2793 2953 2866 lumine.Eﬂ‘ulgentem
2983 2792 3127 2848 dixit
3157 2791 3804 2864 Filium,splendentem

2155 2886 2299 2940 dixit
2329 2889 2387 2940 et
2414 2884 2699 2955 Spiritum
2732 2886 3132 2954 sanctum,per
3161 2880 3532 2952 splendorem
3562 2881 3810 2936 existen-

2153 2975 2296 3029 tiam
2346 2972 2499 3040 Filii,
2532 2989 2636 3045 per
2664 2971 3035 3044 splendorem
3084 2969 3338 3042 Spiritus
3369 2986 3605 3042 quoque
3657 2970 3808 3025 exsi-

2156 3062 2432 3119 stentiam
2484 3060 2911 3127 manifestavit;
2957 3057 3106 3115 nulli
3156 3058 3416 3130 passioni
3472 3058 3809 3125 obnoxiam,

2139 3134 2305 3207 'nulli
2355 3151 2604 3222 tempori
2652 3150 3057 3221 subjacentem
3089 3146 3216 3202 Filii
3264 3147 3723 3220 generationem,
3756 3150 3816 3203 et

2162 3241 2415 3312 Spiritus
2464 3238 2897 3312 processionem
2946 3236 3215 3292 indicans
3248 3252 3350 3307 per
3380 3250 3593 3291 nomen
3642 3237 3819 3291 rebus

2156 3328 2334 3386 afﬁne
2386 3329 2540 3396 solis,
2600 3332 2658 3383 et
2714 3327 2972 3391 luminis,
3030 3324 3249 3395 quibus
3306 3340 3451 3379 usus
3508 3327 3598 3378 est
3645 3338 3658 3378 :
3710 3338 3818 3379 suo

2156 3416 2506 3473 testimonio
2556 3413 2996 3480 constabiliens,
3045 3412 3208 3468 illius
3257 3412 3357 3483 qui
3403 3427 3508 3483 per
3552 3411 3816 3484 genitum

2156 3524 2360 3593 lumen
2405 3505 2696 3593 splendet,
2746 3519 2987 3559 causam
3016 3501 3351 3573 hypostasis
3382 3516 3464 3593 ex
3513 3505 3817 3593 prototypo

2158 3587 2411 3666 iumine,
2444 3610 2588 3667 pure
2626 3592 2916 3665 planeque
2945 3588 3447 3659 commonstravit,
3478 3604 3582 3660 per
3608 3587 3823 3645 Filium

2161 3700 2295 3741 esse
2326 3683 2608 3755 Spiritum
2641 3698 2710 3737 ex
2738 3681 2918 3735 Patre.
2955 3679 3073 3734 Hoc
3102 3677 3258 3733 idem
3289 3676 3622 3749 exemplum
3654 3693 3824 3734 usur-

2162 3778 2264 3847 pat
2295 3774 2367 3828 de
2396 3772 2608 3828 iisdem
2656 3770 2825 3825 Pater
2854 3768 3104 3840 hujusce
3134 3767 3479 3837 nominis,et
3507 3766 3602 3822 cui
3634 3767 3828 3823 Theo-

2159 3880 2288 3937 logo
2319 3876 2649 3935 cognomen
2698 3863 2809 3927 est,
2840 3857 2901 3912 in
2934 3857 3028 3912 his
3076 3873 3203 3928 quae
3234 3855 3306 3910 de
3336 3854 3556 3927 Spiritu
3605 3855 3776 3911 docet
3807 3871 3821 3911 :

2159 3954 2415 4009 Indivisa
2454 3951 2631 4017 enim,
2662 3947 2763 4013 ait,
2796 3949 2855 4003 in
2906 3947 3203 4015 distinctis,
3236 3947 3289 4000 si
3310 3946 3543 4000 breviter
3585 3960 3685 4000 nos
3722 3960 3822 4000 ex-

2157 4041 2347 4115 pedire
2392 4040 2662 4096 volumus.
2714 4038 2919 4103 Deitas,
2971 4039 3023 4091 et
3069 4035 3246 4090 veluti
3300 4035 3363 4088 in
3391 4034 3569 4088 tribus
3614 4033 3818 4089 solibus

2163 4133 2272 4187 sibi
2300 4131 2533 4186 invicem
2560 4125 2961 4184 cohaerentibus
2990 4127 3085 4181 est.
3119 4128 3247 4179 Una
3273 4127 3362 4178 est
3390 4121 3637 4179 luminis
3666 4137 3825 4178 eom-

2166 4219 2580 4293 paratio;non
2638 4215 2803 4281 dixit,
2865 4231 2927 4270 se
2985 4218 3191 4269 mutuo
3249 4212 3651 4284 tangentibus,
3710 4211 3814 4267 sed

2166 4307 2591 4365 cohmrentibus
2623 4323 2636 4361 :
2671 4305 2780 4360 hac
2810 4303 2964 4359 enim
2995 4301 3221 4358 ratione
3252 4300 3405 4356 soles
3453 4299 3734 4357 haberent
3761 4304 3821 4357 et

2168 4414 2317 4468 esse,
2350 4400 2407 4452 et
2451 4394 2826 4461 illuminare;
2860 4392 2953 4447 hic
2997 4391 3235 4463 quidem
3285 4388 3704 4462 principaliter,
3732 4387 3820 4444 illi

2169 4488 2297 4544 sine
2352 4491 2615 4557 tempore
2671 4499 2741 4538 ex
2795 4480 3139 4553 principio;
3195 4496 3309 4534 non
3366 4478 3632 4549 inquam,
3693 4480 3826 4549 post

386 4566 510 4634 τὸς,
555 4564 804 4638 ἐδήλωσε
850 4572 1102 4646 καθαρῶς
1150 4569 1241 4624 καὶ
1294 4569 1628 4648 εἰλικρινῶς,
1680 4572 1762 4629 ὅτι
1814 4573 1883 4630 δι’
1930 4564 2055 4633 Ῡὶοῦ

2166 4574 2519 4649 principium
2566 4572 2804 4629 omnino
2832 4588 2847 4634 ;
2878 4574 2937 4625 et
2967 4586 3122 4625 unus
3153 4568 3391 4639 quidem
3424 4583 3493 4622 ex
3534 4566 3679 4638 ipsis
3709 4565 3824 4621 im-

393 4654 461 4709 τὸ
494 4655 719 4729 Πνεῦμα
748 4655 893 4733 παρὰ
940 4656 1169 4733 Πατρός.
1228 4658 1472 4732 Τοιούτῳ
1529 4666 1728 4737 χρᾶται
1783 4668 1864 4737 τῷ
1920 4665 2051 4721 ὑπο-

398 4739 651 4817 δείγματι
709 4745 837 4821 περὶ
888 4749 997 4800 τῶν
1054 4744 1250 4819 αὐτῶν,
1300 4762 1391 4802 και
1448 4748 1476 4803 ὁ
1505 4746 1665 4805 τοῦδε
1711 4755 1809 4806 τοῦ
1839 4755 2050 4831 ΙΙατρὸς

397 4830 699 4906 ὁμώνυμος
745 4833 836 4887 καὶ
882 4839 984 4903 τῆς
1034 4833 1321 4911 θεολογίας
1369 4834 1676 4911 ἐπώνυμος,
1713 4837 1764 4893 ἐν
1811 4841 1893 4903 οἷς
1927 4830 2050 4919 δογ-

400 4919 614 4996 μρτίζει
692 4921 817 4997 περὶ
885 4927 984 4977 τοῦ
1040 4923 1403 4999 Ιῐνεύματος.
1492 4925 1816 5003 Ἀμέριστος
1897 4930 2049 5007 γὰρ,

395 5007 563 5086 φησὶν
598 5056 614 5082 ,
676 5010 756 5065 ἐν.
786 5010 1063 5087 μερίστοῖς
1096 5056 1112 5082 ,
1167 5012 1214 5068 εί
1268 5009 1350 5068 δεῖ
1406 5013 1690 5089 συντόμως
1742 5016 1910 5073 εἰπεῖν
1944 5066 1959 5093 ,
2013 5023 2048 5091 ἡ

2163 4664 2413 4722 mediate
2460 4679 2530 4719 ex
2575 4660 2886 4734 principio,
2918 4659 3073 4715 alius
3105 4674 3207 4729 per
3256 4655 3515 4711 medium
3566 4655 3640 4709 ab
3691 4655 3822 4726 ipso

2162 4752 2470 4828 principio.
2523 4751 2590 4806 Et
2644 4750 2754 4805 hac
2812 4747 3034 4803 ratione
3093 4760 3411 4817 possumus
3469 4741 3819 4814 intelligere,

2163 4844 2315 4917 quod
2377 4841 2603 4897 solibus
2658 4842 2973 4911 cognatum
3033 4841 3142 4901 est,
3200 4838 3259 4888 et
3312 4831 3659 4886 infinitum:
3712 4830 3821 4885 hoc

2161 4932 2336 4989 modo
2363 4930 2545 4986 trium
2596 4927 2961 4984 inﬁnitorum
3004 4923 3237 4979 inﬁnita
3287 4920 3555 4993 cognatio
3586 4919 3818 4991 conspi-

2161 5023 2372 5080 cietur.

396 5096 641 5171 θεότης,
698 5099 790 5155 καὶ
847 5102 963 5155 οἷον
1022 5099 1072 5155 ἐν
1128 5099 1313 5172 ἡλίοις
1366 5103 1539 5178 τρισὶν
1615 5103 1902 5182 ἐχομένοις
1962 5107 2228 5183 ἀλλήλων
2266 5154 2278 5167 ,
2336 5109 2447 5164 Μία
2500 5109 2597 5161 τοῦ
2657 5103 2835 5182 φωτὸς
2894 5102 3170 5178 σύγκρισις
3205 5117 3217 5130 ·
3279 5097 3379 5152 οὐκ
3435 5096 3598 5167 εἶπεν,
3657 5096 3822 5151 ἀπτο-

398 5183 589 5258 μένοις
633 5186 763 5245 ἀλλ’
810 5186 1125 5264 ἐχομένοις.
1172 5189 1327 5246 Οὕτω
1378 5188 1425 5245 δ’
1455 5190 1515 5246 ἃν
1547 5188 1729 5268 ἔχοιεν
1759 5196 1812 5249 οἱ
1860 5194 2017 5265 ἥλιοι
2062 5201 2125 5255 τὸ
2175 5200 2307 5255 εἶναι
2350 5198 2440 5253 καὶ
2493 5194 2720 5274 φαίνειν,
2754 5194 2781 5247 6
2816 5192 2909 5265 μὲν
2960 5188 3333 5274 ἀρχικῶς,γοὶ
3384 5184 3430 5240 δ’
3476 5184 3730 5261 άχρόνως
3763 5183 3824 5240 ἐκ

390 5280 499 5361 τῆς
531 5276 729 5353 ἀρχῆς’
765 5274 828 5333 οὔ
859 5300 1006 5357 φημι
1039 5279 1173 5353 μετά
1200 5281 1301 5350 τὴν
1335 5280 1517 5355 ἀρχὴν
1546 5279 1823 5356 οὐδαμῶς*
1858 5286 1948 5341 καὶ
1980 5288 2010 5343 6
2043 5289 2138 5361 μὲν
2171 5289 2344 5344 αὐτῶν
2379 5273 2595 5360 ἀμέσως
2625 5283 2685 5339 ἐκ
2711 5289 2812 5351 τῆς
2845 5282 3046 5357 ἀρχῆς,
3080 5280 3108 5332 ὁ
3140 5276 3198 5332 δὲ
3245 5273 3334 5330 διὰ
3360 5280 3458 5331 τοῦ
3490 5275 3654 5349 μέσου
3692 5275 3821 5349 παρ’

393 5360 568 5432 αὐτῆς
595 5372 695 5452 τῆς
727 5366 926 5442 ἀρχῆς.
960 5365 1145 5430 Οὕτως
1173 5362 1314 5422 ἔστιν
1358 5365 1608 5439 ἐννοῆσαι
1659 5371 1722 5425 τὸ
1772 5376 2012 5452 συμφυὲς
2048 5360 2174 5439 τοῖς
2227 5376 2413 5447 ἠλίοις
2462 5372 2552 5429 καὶ
2603 5371 2822 5447 άπειρον
2859 5389 2872 5402 ⁸
2904 5369 3049 5423 οὕτω
3094 5370 3261 5442 τριῶν
3310 5364 3545 5439 ἀπείρων
3597 5364 3820 5438 ἄπειρος

399 5450 647 5530 συμφυΐα
677 5457 930 5531 θεωρηθή
940 5476 1108 5513 σεται.

474 5537 555 5595 ιδ’.
591 5543 680 5613 Μὴ
729 5545 831 5621 γὰρ
879 5541 970 5600 διὰ
1011 5549 1110 5600 τοῦ
1155 5542 1334 5621 Λόγου
1381 5545 1527 5622 παρὰ
1566 5551 1664 5602 τοῦ
1715 5551 1924 5628 Πατρὸς
1973 5552 2056 5609 ἐκ·
2097 5559 2101 5566 ’

392 5630 773 5709 πορευομένου
814 5637 911 5690 τοῦ
961 5633 1303 5711 Ιινεύματος,
1357 5634 1519 5711 μέσος
1567 5634 1626 5693 ἂν
1660 5634 1743 5710 εἴη
1777 5639 1806 5695 ὁ
1835 5643 2051 5725 Πατὴρ,

2238 5558 2323 5612 14.
2376 5557 2521 5611 Nam
2569 5554 2621 5610 si
2673 5569 2773 5625 per
2823 5550 3083 5607 Verbum
3116 5566 3149 5605 ο
3179 5548 3348 5604 Patre
3399 5562 3513 5602 non
3560 5542 3826 5616 procedit

2164 5646 2440 5722 Spiritus,
2474 5642 2706 5701 medius
2754 5640 2922 5699 Pater
2949 5638 3082 5709 erit,
3132 5641 3380 5709 utraque
3430 5650 3501 5693 ex
3548 5636 3711 5708 parte
3741 5633 3823 5695 τος
