4154 6420
365 384 483 453 583

1624 380 2049 445 NICEPHORI
2094 370 2534 479 BLEMMIDAS

3665 378 3790 449 58A

360 539 497 579 rens
541 520 800 576 Verbum
831 521 888 575 et
929 514 1233 590 Spiritum.
1268 515 1332 572 In
1383 516 1652 572 confesso
1702 530 1872 587 porro
1897 516 2009 579 est,

2124 511 2255 587 παρ’
2310 511 2536 589 ἑκάτερα
2593 514 2771 592 φέρων
2829 513 3006 589 Λόγον
3037 516 3127 572 καὶ
3185 519 3429 591 Πνεῦμα.
3478 515 3792 593 Ὧμολόγη·

364 627 494 668 esse
541 607 895 682 principium
927 625 940 675 ;
977 611 1035 662 et
1063 605 1113 661 si
1143 610 1428 678 tanquam
1460 622 1495 660 a
1524 602 1808 677 principio
1852 605 2023 657 Patre

363 700 625 756 Verbum
674 702 733 752 et
761 696 1034 769 Spiritus,
1067 700 1125 750 et
1177 711 1291 750 non
1323 693 1474 749 alius
1506 709 1609 765 per
1650 691 1853 757 alium,
1886 689 2021 746 Deiv

367 789 510 846 tatis
560 785 769 843 divisio
798 783 1212 851 introducitur,
1245 787 1632 857 praeterquam
1684 780 1837 853 quod
1878 778 2021 833 Ver-

367 879 513 934 bum
545 879 603 931 et
652 874 909 946 Spiritus
941 872 1013 927 ab
1046 871 1292 927 invicem
1328 888 1440 926 non
1493 870 2017 941 distinguerentur.

370 965 672 1032 Quomodo
720 962 877 1019 enim
908 977 1095 1016 unum
1144 964 1299 1016 esset
1326 958 1546 1015 Triae?
1576 958 1646 1013 Et
1698 956 1746 1011 si
1797 956 1853 1011 id
1904 971 2021 1009 non

365 1055 565 1119 fuerit,
609 1051 903 1125 quomodo
950 1047 1507 1119 incircumscripta?
1537 1049 1799 1112 Quonam
1849 1043 2021 1099 modo

367 1160 504 1201 cum
534 1141 677 1198 Filio
707 1138 983 1212 Spiritus,
1018 1136 1515 1208 quemodmodum
1551 1134 1727 1189 Filius
1757 1150 1890 1188 cum
1921 1131 2024 1186 Pa-

359 1235 451 1291 tre
482 1230 805 1289 secundum
854 1227 1128 1283 eumdem
1184 1224 1545 1298 Theologum
1580 1240 1592 1278 :
1628 1223 1831 1279 Omnia
1867 1234 2019 1292 quae-

356 1336 571 1393 cunque
616 1321 780 1374 Pater
828 1316 1011 1384 habet,
1046 1320 1174 1371 sunt
1204 1315 1360 1383 Filii,
1389 1322 1593 1386 praeter
1638 1311 1875 1383 ingeniti
1922 1328 2018 1365 ra-

354 1412 561 1466 tionem
604 1429 625 1477 ;
681 1407 869 1462 omnia
922 1420 1044 1476 qua
1101 1402 1261 1459 habet
1318 1404 1513 1470 Filius,
1565 1409 1692 1457 sunt
1755 1399 2016 1471 Spiritus,

352 1502 578 1568 excepta
623 1496 975 1568 generatione
1014 1512 1038 1559 ;
1081 1491 1477 1564 dedecebatque
1522 1489 1746 1546 omnino
1791 1488 2018 1557 deﬁcere

352 1585 650 1661 aliquando
699 1591 798 1640 aut
826 1583 1032 1638 Filium
1078 1583 1260 1647 Patri,
1291 1588 1390 1637 aut
1434 1579 1706 1652 Spiritum
1738 1578 1878 1633 Filio
1908 1593 1928 1637 ;
1962 1578 2018 1631 et

354 1694 529 1733 unam
576 1675 816 1747 gloriam
848 1672 1034 1727 Patris
1064 1672 1441 1739 agnoscimus,
1481 1668 1757 1740 aequalem
1804 1682 1929 1721 cum
1958 1680 2019 1721 eo

359 1765 638 1837 Unigeniti
664 1764 932 1819 honorem
955 1777 974 1817 .'
1004 1776 1179 1815 unam
1209 1759 1347 1815 Filii
1376 1769 1427 1815 et
1456 1758 1697 1829 Spiritus
1755 1756 2015 1824 gloriam.

351 1857 537 1928 Neque
590 1856 816 1909 sustinet
872 1851 1033 1906 Pater
1085 1850 1225 1904 Filio
1284 1849 1525 1920 privari,
1583 1863 1757 1918 neque
1830 1847 2010 1900 Filius

348 1945 561 2018 Spiritu
583 1948 818 2008 saneto;
851 1944 909 1995 et
953 1940 1279 1995 secundum
1336 1954 1618 2010 magnum
1670 1935 1953 1991 Basilium
1991 1951 2003 1989 :

349 2032 831 2106 Quemadmodum
857 2046 914 2084 se
951 2028 1120 2085 habet
1168 2028 1348 2083 Filius
1377 2027 1455 2082 ad
1484 2031 1727 2093 Patrem,
1759 2026 1838 2079 ita
1885 2023 2010 2095 Spi-

348 2126 498 2179 ritus
551 2121 623 2178 ad
678 2120 888 2176 Filium
936 2118 963 2172 ‘l
1023 2120 1080 2172 et
1136 2115 1307 2189 plane
1363 2115 1685 2171 secundum
1745 2112 2011 2167 divinum

348 2211 736 2268 Athanasium
768 2226 780 2264 :
814 2206 1087 2263 Eamdem
1140 2206 1415 2260 unitatem
1443 2204 1601 2259 habet
1650 2204 1892 2275 Spiritus
1940 2200 2012 2257 ad

352 2302 578 2371 Filium,
611 2315 777 2371 quam
807 2296 965 2351 habet
994 2295 1168 2350 Filius
1197 2294 1267 2349 ad
1297 2294 1522 2349 Patrem
1540 2295 1566 2346 ?

429 2390 519 2445 15.
553 2387 699 2452 Quid
750 2401 921 2458 porro
977 2383 1253 2456 impediet
1299 2381 1618 2454 aliquando
1667 2380 1849 2450 effari,
1883 2397 2010 2453 qum

356 2495 427 2534 ex
456 2478 644 2534 altera
690 2479 853 2548 parte
882 2472 1288 2546 respondent?
1318 2471 1549 2544 penitus
1604 2469 1771 2527 nihil.
1807 2470 1917 2525 Sed
1961 2469 2010 2526 si

356 2565 543 2622 Filius
589 2568 901 2638 generatur
930 2579 964 2617 a
994 2560 1180 2626 Patre,
1227 2560 1482 2631 Spiritus
1532 2577 1635 2632 per
1673 2558 1884 2614 Filium
1939 2559 2012 2614 ab

352 2656 555 2711 eodem
582 2655 751 2709 Patre
802 2650 1083 2724 procedit,
1116 2666 1288 2705 omne
1318 2649 1664 2715 absurdum,
1698 2652 1873 2719 atque
1901 2646 2010 2703 im-

353 2741 655 2817 probabile
684 2740 856 2813 longe
886 2740 985 2795 ﬁt:
1018 2753 1273 2807 namque
1304 2737 1639 2793 ostenditur
1666 2737 1820 2792 Deus
1849 2739 2009 2809 prin-

353 2831 592 2905 cipium,
626 2834 683 2886 et
728 2828 1008 2898 medium,
1044 2832 1102 2882 et
1148 2826 1305 2891 finis,
1339 2843 1442 2898 per
1490 2826 1772 2897 seipsum,
1809 2830 1867 2881 et
1913 2840 2014 2896 per

353 2937 422 2976 ea
451 2938 579 2993 quas
609 2936 678 2975 ex
707 2919 835 2991 ipso
868 2921 1008 2973 sunt
1031 2934 1045 2984 ;
1068 2919 1125 2971 et
1148 2914 1478 2970 necessario
1509 2914 1706 2970 Deitas
1737 2914 2006 2970 Trinitas.

356 3008 548 3065 Unum
601 3007 820 3063 etenim
853 3004 1116 3061 medium
1170 3003 1320 3058 ratio
1353 3002 1527 3069 novit,
1562 3003 1714 3073 quod
1748 3003 1797 3058 si
1843 3001 2013 3075 plura

357 3102 788 3170 supponantur,
842 3091 1102 3150 medium
1135 3092 1373 3147 omnino
1423 3090 1653 3147 nullum
1686 3091 1799 3147 erit
1828 3108 1841 3147 :
1876 3092 2009 3147 Pro-

345 3188 539 3257 pterea
595 3186 782 3240 unitas
840 3184 902 3237 in
956 3180 1188 3254 dyadem
1247 3188 1393 3235 mota
1422 3181 1485 3235 in
1531 3178 1775 3235 Triadem
1833 3182 2007 3236 stetit.

2129 620 2216 654 ται
2250 597 2306 655 δὲ
2360 601 2450 656 καὶ
2481 605 2516 672 ἡ
2546 602 2717 679 ἀρχὴ,
2750 604 2841 658 καὶ
2885 601 3033 680 εἷ’περ
3075 604 3149 667 ὡς
3203 603 3256 675 ἐξ
3303 605 3481 681 ἀρχῆς
3519 609 3619 660 τοῦ
3679 608 3790 663 Πα-

2129 689 2256 763 τρὸς
2314 689 2492 766 Λόγος
2549 691 2639 746 καὶ
2703 695 2945 767 Πνεῦμα,
3002 694 3078 767 μὴ
3130 692 3218 750 διὰ
3266 695 3490 769 θατέρου
3543 697 3789 772 θάτερον,

2132 773 2391 851 διαίρεσις
2442 778 2709 855 εἰσάγεται
2754 788 2854 851 τῆς
2905 780 3181 851 θεότητος.
3212 783 3403 854 Ἀπείη
3457 780 3516 838 δὲ
3566 783 3658 839 καὶ
3699 783 3789 854 τὸ,

2132 861 2559 942 ἀντιδιῃρημένα
2617 870 2751 924 εἶναι
2811 868 2985 947 Λόγον
3038 871 3130 926 καὶ
3187 872 3440 945 Πνεῦμα.
3502 874 3627 935 ΙΙῶς
3684 872 3786 949 γὰρ

2131 954 2250 1017 ένὰς
2279 957 2313 1008 ’ὃ
2348 956 2508 1032 Τριάς
2544 976 2558 1027 ;
2588 957 2652 1013 El
2705 960 2780 1031 μὴ
2830 963 2993 1015 τοῦτο
3042 957 3288 1029 δὲ,’πῶς
3332 958 3734 1038 ἆπερίγραπτος
3764 976 3787 1038 δ

2128 1042 2259 1098 Τίνα
2287 1041 2345 1099 δὲ
2381 1044 2581 1121 τρόπον
2637 1048 2771 1120 μετὰ
2820 1052 2917 1102 τοῦ
2966 1049 3094 1103 ficii
3137 1049 3200 1104 τὸ
3249 1051 3495 1123 Πνεῦμα,
3544 1051 3784 1127 καθάπερ

2130 1131 2159 1185 6
2191 1132 2315 1195 Υἱὸς
2348 1134 2482 1207 μετὰ
2510 1139 2606 1189 τοῦ
2653 1136 2891 1209 ΙΙατρὸς,
2940 1138 3077 1192 κατὰ
3115 1137 3208 1193 τὸν
3260 1136 3417 1193 αὐτὸν
3460 1136 3727 1216 Θεολόγον
3768 1159 3784 1210 ;

2132 1220 2315 1276 Πάντα
2369 1220 2467 1276 ὅσα
2515 1223 2544 1277 6
2599 1225 2792 1300 Πατὴρ
2847 1229 2945 1280 τοῦ
3002 1226 3168 1299 Υῖοῦ,
3228 1225 3375 1295 πλὴν
3435 1227 3784 1303 ἀγεννησίας.

2130 1306 2312 1365 Πάντα
2368 1308 2468 1365 ὅσα
2517 1312 2545 1366 6
2604 1312 2730 1374 Υἱὸς
2785 1316 2883 1368 τοῦ
2943 1314 3261 1388 ΙΙνεύματος
3294 1360 3309 1388 ,
3367 1313 3513 1384 πλὴν
3571 1319 3726 1392 γεννή
3760 1348 3783 1359 -

2130 1417 2264 1459 σεως
2299 1418 2312 1431 ο
2389 1398 2480 1454 καὶ
2552 1400 2652 1455 οὐκ
2702 1399 2929 1477 ἔπρεπεν
2987 1400 3261 1459 ἐλλείπειν
3320 1404 3454 1460 ποτὲ
3491 1447 3506 1472 ,
3563 1405 3600 1474 ἢ
3659 1406 3781 1461 Υἱὸν

2130 1486 2323 1563 ΙΙατρὶ,
2384 1489 2419 1557 ἢ
2480 1494 2702 1564 Πνεῦμα
2759 1491 2913 1563 Υἱῷ.
2971 1492 3068 1546 Καὶ
3125 1492 3251 1566 μίαν
3315 1493 3409 1566 μὲν
3464 1490 3620 1565 δόξαν
3679 1497 3786 1553 Πα-

2125 1574 2256 1652 τρὸς
2328 1577 2664 1653 γινώσκομεν
2718 1626 2732 1652 ,
2808 1581 2904 1649 τήν
2970 1581 3265 1655 ὁμοτιμίαν
3300 1638 3305 1643 _
3340 1586 3440 1637 τοῦ
3512 1588 3727 1659 Μονογε
3758 1616 3782 1628 -

2126 1668 2276 1735 νοῦς,
2338 1665 2464 1738 μίαν
2525 1663 2581 1722 δὲ
2632 1668 2782 1740 Υἱοῦ,
2833 1671 2933 1740 τήν
2980 1674 3079 1725 τοῦ
3131 1668 3470 1744 ῐΙνεύματος.
3526 1672 3627 1727 Καὶ
3686 1670 3788 1728 οὐκ

2128 1752 2378 1829 ἀνέχεται
2441 1756 2628 1829 Πατὴρ
2686 1757 2810 1812 Υἱὸν
2879 1758 3249 1831 ζημιούμενος
3282 1803 3296 1828 ,
3356 1757 3482 1815 οὐδὲ
3544 1760 3669 1823 Υἱὸς
3722 1761 3788 1816 τὸ

2128 1843 2353 1915 Πνεῦμα
2406 1843 2471 1898 τὸ
2527 1845 2695 1921 ἅγιον.
2754 1845 2854 1900 Καὶ
2912 1852 3030 1909 πῶς
3072 1848 3208 1902 κατὰ
3250 1848 3343 1903 τὸν
3400 1847 3569 1924 μέγαν
3608 1847 3788 1906 ’Βασί-

2122 1928 2303 1988 λειον.
2362 1937 2449 1994 Ὡς
2509 1934 2538 1987 6
2598 1934 2720 1996 Υἱὸς
2773 1935 2911 2008 πρὸς
2966 1935 3058 1989 τὸν
3114 1936 3327 2010 Πατέρα
3379 1933 3497 2012 ἔχει
3530 1981 3544 2007 ,
3605 1934 3780 2002 οὕτως

2118 2020 2179 2073 τὸ
2238 2024 2461 2094 Πνεῦμα
2512 2021 2652 2098 πρὸς
2708 2023 2801 2078 τὸν
2858 2023 3026 2093 Υἱὸν;
3074 2025 3164 2079 καὶ
3213 2026 3349 2080 κατὰ
3397 2026 3490 2080 τὸν
3546 2027 3616 2082 τὰ
3666 2029 3785 2084 θεῖα

2119 2105 2293 2163 πολὺν
2378 2110 2691 2166 Ἀθανάσιον
2726 2159 2741 2183 ,
2799 2112 2908 2181 Τὴν
2995 2111 3161 2182 αὐτὴν
3240 2112 3469 2185 ἑνότητα
3543 2113 3664 2192 ἔχει
3716 2118 3783 2173 τὸ

2120 2198 2343 2269 Πνεῦμα
2393 2197 2458 2252 τὸ
2514 2200 2664 2274 ἅγιον
2721 2200 2859 2276 πρὸς
2915 2201 3006 2256 τὸν
3060 2202 3206 2275 Υἳὸν,
3256 2202 3323 2272 ἢν
3379 2204 3408 2259 6
3483 2202 3611 2267 Υἱὸς
3661 2202 3780 2282 ἔχει

2119 2286 2257 2361 πρὸς
2286 2284 2377 2340 τὸν
2395 2287 2613 2361 Πατέρα
2635 2310 2649 2342 ι

2196 2375 2273 2431 ιε’.
2304 2373 2365 2428 Τί
2397 2372 2572 2430 δὲκαὶ
2617 2375 2681 2431 τὸ
2738 2376 2991 2454 ἀπεῖργον
3041 2376 3294 2454 λέγεσθαί
3341 2401 3417 2451 πη
3481 2380 3667 2437 καὶτὰ
3696 2382 3781 2438 ἀν-

2119 2461 2427 2541 τίστροφα;
2477 2465 2689 2527 πάντως
2748 2465 2920 2521 οὐθέν·
2979 2464 3126 2523 ἀλλὰ
3181 2472 3279 2523 τοῦ
3324 2469 3455 2524 Υὶοῦ
3503 2470 3776 2546 γεννωμέ-

2123 2572 2219 2606 νου
2250 2552 2397 2627 παρὰ
2443 2556 2540 2606 τοῦ
2592 2555 2825 2630 ΙΙατρὸς,
2870 2560 2968 2610 τοῦ
3008 2552 3066 2610 δὲ
3118 2556 3436 2630 ΙΙνεύματος
3486 2557 3779 2635 ἐκπορευο-

2128 2641 2290 2713 μένου
2322 2638 2391 2695 δι’
2425 2642 2553 2695 Υἱοῦ
2598 2643 2726 2718 παρ’
2773 2643 2938 2699 αὐτοῦ
2985 2649 3083 2699 τοῦ
3123 2646 3360 2722 Ιίατρὸς,
3408 2652 3513 2702 πᾶν
3555 2648 3777 2722 ἄτοπον,

2121 2734 2224 2784 πᾶν
2275 2728 2533 2786 ἀδύνατον
2583 2730 2946 2803 ἀπελήλαται.
2998 2734 3273 2790 Δείκνυται
3328 2736 3432 2812 γὰρ
3483 2736 3630 2813 ἀρχῆ
3683 2737 3775 2793 καὶ

2126 2817 2286 2892 μέσον
2340 2819 2430 2874 καὶ
2479 2817 2639 2882 τέλος
2688 2821 2716 2874 ὁ
2764 2821 2917 2894 Θεὸς,
2969 2819 3039 2877 δι’
3069 2824 3260 2879 ἑαυτοῦ
3290 2824 3381 2880 καὶ
3430 2829 3537 2880 τῶν
3587 2824 3638 2897 ἐξ
3678 2826 3777 2882 αὐ-

2122 2911 2238 2976 τοῦ,
2289 2907 2379 2962 καὶ
2428 2908 2734 2983 ἀναγκαίως
2779 2912 2814 2979 ἠ
2866 2910 3058 2982 θεότης
3109 2911 3291 2987 Τριάς.
3340 2914 3433 2968 Ἓν
3473 2914 3576 2990 γὰρ
3610 2915 3775 2987 μέσον

2123 2993 2263 3051 οἶδεν
2298 2998 2325 3051 6
2357 2994 2548 3073 λόγος’
2598 2997 2869 3053 πλειόνων
2925 2995 2972 3053 δ’
3027 2999 3468 3075 ὑποτιθεμένων,
3516 2999 3670 3059 οὐδὲν
3715 3004 3782 3059 τὸ

2126 3086 2288 3160 μέσον
2337 3080 2507 3149 ὅντως
2560 3084 2691 3145 ἐστί.
2754 3088 2852 3142 Διὰ
2907 3092 3071 3143 τοῦτο
3133 3090 3299 3162 μονὰς
3356 3090 3434 3153 εἷς
3493 3088 3662 3147 δυάδα
3691 3114 3779 3149 κι-

2118 3176 2341 3245 νηθεῖσα
2397 3173 2563 3250 μέχρι
2617 3172 2848 3251 Τριάδος
2904 3174 3029 3247 ἔστη
3067 3220 3079 3234 .
3139 3177 3325 3241 Οὕτως
3402 3176 3496 3234 οὗν
3574 3180 3664 3236 καὶ
3737 3185 3777 3252 ἡ

347 3248 443 3329 Sic
491 3275 691 3345 itaque
724 3276 782 3327 et
828 3248 1183 3342 principium
1232 3268 1465 3341 proprie
1517 3268 1910 3341 principium;
1953 3272 2011 3324 et

2124 3262 2268 3340 ἀρχὴ
2320 3248 2524 3339 κυρίως
2585 3248 2755 3340 ἀρχὴ,
2788 3264 2977 3321 καὶτὰ
3024 3263 3084 3320 ἐκ
3141 3272 3241 3336 τῆς
3302 3267 3503 3343 ἀρχῆς,
3534 3265 3589 3324 ἓν
3619 3289 3679 3324 τε
3705 3248 3778 3345 cii

352 3378 480 3433 quea
511 3378 580 3417 ex
628 3360 936 3433 principio,
970 3362 1028 3414 et
1054 3358 1115 3413 in
1147 3357 1434 3430 principio
1477 3360 1672 3423 erunt,
1707 3356 1766 3412 in
1799 3358 2013 3429 seipsis

352 3466 653 3507 summam
704 3449 1004 3516 unionem,
1057 3463 1472 3517 summamque
1521 3445 2012 3502 consociationem

354 3538 467 3594 sibi
500 3542 557 3595 et
584 3538 738 3594 inter
762 3555 826 3594 se
855 3534 1230 3602 vindicantia,
1256 3540 1315 3590 et
1343 3535 1415 3593 ad
1449 3533 1801 3607 principium
1832 3551 2011 3590 unam

353 3624 470 3681 vim
518 3625 831 3681 indivisam
882 3624 1311 3697 praeselerentia
1345 3627 1520 3694 atque
1558 3622 1868 3678 inﬁnitam.
1902 3622 2013 3699 Ubi

353 3714 512 3771 enim
562 3714 822 3770 medium
852 3729 984 3769 vere
1034 3711 1293 3768 medium
1324 3714 1433 3779 est,
1482 3709 1563 3766 ibi
1615 3714 1672 3765 et
1718 3728 1923 3778 unum,
1956 3722 2013 3772 et

356 3801 459 3858 ubi
491 3802 629 3859 unio
679 3806 789 3871 est,
823 3818 891 3857 ea
920 3800 1247 3856 secundum
1298 3799 1475 3853 unius
1505 3798 2011 3870 participationem

352 3891 619 3965 gignitur
675 3891 734 3946 in
791 3895 1023 3947 tantum
1096 3904 1372 3959 namque,
1436 3904 1566 3959 quae
1622 3888 1787 3942 unita
1846 3892 2007 3955 sunt,

352 3979 662 4049 uniuntur,
696 3980 754 4033 in
789 3984 1077 4052 quantum
1106 3993 1239 4033 vere
1271 3974 1448 4031 unius
1478 3975 1849 4048 participant.
1890 3975 2009 4031 Hoc

350 4072 408 4125 et
462 4069 681 4125 externi
740 4069 1102 4124 subobscure
1154 4065 1463 4137 imaginati
1522 4070 1678 4121 sunt.
1732 4064 1895 4121 Unde
1953 4057 2011 4120 et

346 4156 465 4212 tria
513 4156 733 4224 omnia,
769 4161 825 4211 et
854 4161 942 4213 ter
989 4155 1208 4227 ubique
1253 4154 1578 4209 secundum
1612 4170 1906 4209 summam
1941 4170 2009 4209 ac

350 4249 621 4301 mutuam
673 4245 1081 4303 cohaerentiam
1129 4241 1639 4315 philosophantur.
1676 4242 1819 4297 [Iino
1873 4242 2007 4297 infi-

347 4333 540 4390 nitum
568 4332 836 4390 nonnulli
869 4332 978 4389 hoc
1009 4332 1350 4387 universum
1383 4334 1806 4399 asseverantes,
1840 4332 2007 4387 aber-

351 4427 619 4503 rarunta
646 4422 907 4490 veritate,
952 4437 1087 4477 cum
1134 4418 1362 4475 nullum
1413 4418 1812 4475 discernerent
1858 4419 2010 4475 inter

2122 3350 2270 3427 ἀρχῇ
2301 3352 2391 3406 καὶ
2440 3351 2491 3406 ἐν
2543 3349 2841 3423 ἀλλήλοις,
2891 3350 3054 3429 ἄκραν
3086 3354 3177 3409 καὶ
3223 3356 3323 3424 τὴν
3353 3351 3570 3424 ἕνωσιν,
3610 3354 3782 3434 ἄκραν

2119 3442 2211 3496 καὶ
2262 3443 2361 3511 τὴν
2408 3442 2678 3520 συμφυλιαν
2736 3441 3013 3518 αὐχοῦντα
3058 3442 3148 3498 καὶ
3199 3444 3335 3517 πρὸς
3388 3442 3633 3518 ἄλληλα,
3686 3446 3780 3503 καὶ

2120 3529 2256 3604 πρὸς
2297 3530 2397 3598 τήν
2459 3530 2659 3606 ἀρχὴν,
2711 3530 2768 3585 ἓν
2818 3531 3016 3607 κράτος
3049 3529 3354 3603 ἀδιαίρετον
3412 3539 3782 3609 παριστῶντα,

2120 3618 2211 3672 καὶ
2239 3615 2482 3695 ἄπειρον.
2514 3621 2687 3673 Ὅπου
2741 3620 2844 3695 γὰρ
2891 3620 2955 3675 τὸ
3010 3621 3171 3693 μέσον
3226 3616 3399 3685 ὄντως
3452 3622 3639 3695 μέσον,
3669 3622 3784 3680 ἐκεῖ

2120 3707 2209 3761 καὶ
2241 3707 2303 3761 τὸ
2334 3704 2408 3776 ἓν,
2462 3706 2553 3761 καὶ
2604 3706 2742 3761 ὅπου
2783 3705 2995 3782 ἔνωσις,
3040 3710 3178 3764 κατὰ
3219 3710 3320 3779 τὴν
3358 3712 3602 3786 μετοχὴν
3631 3712 3776 3789 γίνε-

2118 3816 2203 3850 ται
2251 3799 2350 3850 τοῦ
2399 3791 2537 3858 ἑνός.
2597 3796 2742 3851 Κατὰ
2780 3801 3035 3852 τοσοῦτον
3091 3799 3193 3874 γὰρ
3244 3799 3483 3854 ένοῦνται
3520 3801 3589 3855 τὰ
3630 3801 3775 3871 ἠνω-

2124 3883 2275 3957 μένα,
2320 3884 2546 3939 καθόσον
2592 3886 2809 3961 μετέχει
2848 3890 2945 3941 τοῦ
2985 3884 3153 3950 ὅντως
3211 3888 3347 3949 ένόςε
3389 3892 3559 3944 Τοῦτο
3595 3889 3684 3945 καὶ
3723 3892 3780 3946 oi.

2118 3972 2341 4050 θύραθεν
2401 3970 2660 4047 ἀμυδρῶς
2716 3972 3131 4053 ἐφαντάσθησαν.
3175 3978 3326 4032 Ὅθεν
3387 3978 3478 4033 καὶ
3532 3978 3599 4033 τὰ
3649 3979 3780 4056 τρία

2116 4062 2287 4117 πάντα
2312 4108 2327 4135 ,
2371 4062 2462 4117 καὶ
2503 4063 2565 4118 τὸ
2604 4063 2723 4137 τρὶς
2790 4066 2965 4134 πάντη
2994 4110 3007 4137 ,
3051 4066 3190 4120 κατὰ
3229 4066 3329 4135 τήν
3387 4064 3553 4142 ἄκραν
3595 4065 3777 4140 ἀλλη-

2119 4149 2344 4228 λευχίαν
2403 4149 2804 4231 ἐφιλοσόφησαν
2832 4196 2845 4208 .
2905 4154 3173 4208 Ἐντεῦθεν
3243 4151 3465 4232 ἄπειρον
3532 4157 3780 4229 ὑπειλη-

2117 4240 2266 4318 φέναι
2312 4240 2451 4303 τινὶς
2507 4240 2570 4296 τὸ
2627 4247 2730 4295 πᾶν
2797 4241 3218 4316 ἐπλανήθησαν,
3267 4245 3342 4317 μή
3406 4240 3776 4321 διακρίναντες

2117 4328 2298 4384 οὐσίαν
2330 4328 2556 4392 κτίσεως
2600 4331 2690 4385 καὶ
2739 4330 3016 4405 θεότητος,
3072 4329 3213 4406 μηδὲ
3259 4330 3562 4398 συνιδόντες
3602 4334 3655 4391 τί
3709 4337 3775 4392 τὸ

2116 4417 2291 4497 φύσει,
2350 4418 2440 4473 καὶ
2490 4417 2543 4473 τί
2591 4418 2655 4474 τὸ
2709 4419 2936 4494 μεθέξει,
2985 4420 3076 4476 καὶ
3125 4421 3292 4477 πόσον
3320 4422 3384 4478 τὸ
3422 4423 3778 4501 παρηγμένον

348 4516 675 4567 creaturam
727 4513 784 4567 et
818 4511 1099 4566 Deitatem
1130 4507 1465 4576 discrimen,
1498 4523 1685 4579 neque
1733 4513 2007 4580 caperent

2124 4508 2214 4576 τῆς
2258 4509 2595 4584 παρακτικῆς
2639 4507 2814 4571 αἰτίας
2857 4508 2947 4564 καὶ
2998 4510 3177 4590 ἀρχῆς
3229 4509 3580 4568 ἀπολείπεται
3609 4558 3621 4571 .
3683 4513 3777 4570 Δέ-

350 4600 490 4671 quid
523 4599 602 4656 sit
647 4599 705 4655 id
740 4600 890 4672 quod
940 4602 1172 4665 natura,
1204 4600 1262 4653 et
1290 4596 1431 4668 quid
1482 4597 1638 4667 quod
1689 4597 2004 4670 participa-

2124 4592 2321 4650 δεικται
2368 4594 2588 4664 λοιπὸν,
2639 4596 2805 4652 εἶκαὶ
2855 4594 2945 4651 διὰ
2996 4597 3423 4674 βραχέων,ἀλλ’
3463 4597 3556 4657 οῦν
3576 4601 3775 4666 ἱκανῶς

345 4689 507 4745 tione
533 4693 644 4756 est,
675 4693 734 4743 et
762 4691 1053 4759 quantum
1086 4686 1241 4757 quod
1283 4685 1634 4756 productum
1667 4690 1775 4750 est,
1810 4702 1843 4741 a
1873 4703 2005 4757 pro-

349 4777 609 4834 ductrice
637 4793 816 4831 causa
845 4781 903 4830 et
933 4775 1221 4848 principio
1252 4773 1499 4829 differat.
1536 4778 2006 4830 Demonstratum

353 4869 444 4921 est
491 4865 709 4936 itaque,
743 4865 854 4921 etsi
902 4863 1219 4933 succincte,
1251 4862 1485 4918 abunde
1532 4861 1919 4917 nihilominus
1957 4869 2008 4922 ei

353 4952 453 5023 qui
487 4953 793 5008 veritatem
837 4952 1161 5023 dijudicare
1201 4951 1378 5019 novit,
1413 4948 1577 5005 nulla
1623 4949 1738 5006 alia
1789 4951 2010 5008 ratione

2118 4688 2197 4756 τῷ
2235 4704 2299 4760 γε
2337 4683 2537 4760 κρίνειν
2579 4683 2920 4759 ἐπισταμένῳ
2956 4687 3020 4741 τὸ
3064 4685 3289 4759 ἀληθὲς,
3333 4688 3408 4752 ὡς
3450 4689 3551 4745 οὐκ
3584 4688 3774 4754 ἄλλως

2119 4772 2351 4851 πέφυκεν
2420 4772 2797 4850 ἐκπορεύεσθαι
2863 4775 2925 4829 τὸ
2982 4776 3200 4850 Πνεῦμα
3237 4778 3300 4831 τὸ
3352 4778 3501 4854 ἅγιον
3556 4777 3615 4833 ἐκ
3657 4781 3774 4837 [Ia-

2117 4862 2245 4935 τρὸς
2289 4861 2334 4917 εἷ
2382 4864 2457 4935 μὴ
2497 4860 2564 4917 δι’
2605 4864 2756 4937 nos,
2777 4864 2954 4927 καθὼς
2982 4862 3345 4942 ἐθεολόγησαν
3387 4867 3444 4921 oi
3480 4871 3578 4922 τοῦ
3603 4867 3773 4926 ΙΙνεύ-

2122 4970 2310 5025 ματος.

352 5040 638 5113 Spiritum
695 5045 962 5098 sanctum
1018 5057 1087 5097 ex
1139 5040 1306 5098 Patre
1361 5039 1673 5113 procedere
1739 5039 1852 5097 nisi
1908 5057 2014 5115 per
2059 5041 2293 5112 Filium,
2328 5043 2830 5115 quemadmodum
2882 5045 3084 5102 eodem
3138 5044 3358 5118 Spiritu
3411 5046 3594 5103 afﬂati
3643 5051 3771 5104 tra-

355 5128 649 5186 diderunt.
