4154 6422
324 319 445 380 585

1465 314 1733 376 SERMO
1775 316 1878 375 AD
1925 313 2354 378 MONACHOS
2399 314 2621 378 SUOS.

3625 320 3740 379 586

1676 612 2404 701 MONITUM

396 929 764 1004 Opusculum
812 929 1182 1000 subsequens
1233 927 1417 984 edidit
1448 927 1778 992 Dositheus,
1807 927 2366 999 Hierosolymitanus
2420 928 2752 1000 patriarcha
2777 927 3211 996 schismaticus,
3246 928 3306 984 in
3335 931 3515 983 ΤΟΜΩ
3573 933 3742 983 ΑΓΑ-

325 1025 497 1093 ΙΙΗΣ,
529 1019 721 1076 lassiae
753 1019 910 1086 1698,
947 1019 1046 1090 qui
1077 1022 1238 1074 totus
1288 1017 1522 1089 scriptis
1553 1017 2039 1073 heterodoxorum
2069 1016 2300 1089 placitis
2332 1017 2660 1073 faventibus
2711 1018 2998 1074 conﬂatus
3029 1022 3136 1073 est.
3171 1018 3334 1074 Certe
3373 1018 3637 1074 doctrina
3667 1019 3740 1074 de

325 1109 700 1182 processione
729 1108 985 1180 Spiritus
1018 1106 1205 1163 sancti
1236 1107 1296 1161 in
1327 1106 1436 1162 hoc
1469 1122 1736 1162 sermone
1765 1106 1981 1162 tradita
2011 1123 2148 1161 cum
2197 1123 2266 1162 ea
2295 1122 2472 1178 quam
2505 1107 2858 1163 Blemmides
2891 1107 2950 1162 in
2981 1106 3282 1178 opusculis
3337 1107 3741 1178 superioribus

326 1197 720 1271 propugnavit
768 1196 1065 1253 conciliari
1115 1196 1356 1252 omnino
1383 1213 1498 1250 non
1551 1199 1761 1267 potest.
1793 1197 1912 1250 Sub
1960 1196 2165 1251 eodem
2203 1195 2374 1251 titulo
2423 1212 2755 1252 sermonem
2805 1196 2986 1252 istum
3017 1206 3242 1252 exstare
3288 1196 3371 1250 ait
3419 1195 3742 1252 Bandinius

323 1288 412 1361 (ιι,
445 1287 573 1350 399)
607 1286 915 1343 Florentia
944 1287 1003 1342 in
1034 1284 1299 1341 biblioth.
1332 1285 1906 1356 Mediceo-Laurent.,
1941 1285 2069 1341 cod.
2104 1285 2190 1354 16,
2224 1284 2371 1357 plut.
2399 1285 2491 1352 87,
2524 1302 2581 1340 n.
2618 1286 2704 1340 17.

1571 1643 1702 1697 ΤΟΥ
1741 1642 2148 1698 ΣΟΦΩΤΑΤΟΥ
2185 1645 2511 1696 ΜΟΝΔΧΟΥ
2881 1669 2884 1672 ~

716 1819 1771 1948 ΝΙΚΗΦΟΡΟΥ
1869 1819 2216 1947 ΤΟΥ
2317 1817 3364 1950 ΒΛΕΜΜΙΔΟΥ

1643 2055 1818 2105 ΠΡΟΣ
1857 2055 2026 2105 ΤΟΥΣ
2068 2052 2442 2108 ΜΟΝΑΧΟΥΣ

1176 2207 1300 2257 ΤΟΥ
1339 2207 1868 2258 ΔΝΕΓΕΡΘΕΝΤΟΣ
1908 2203 2064 2258 IIAP’
2102 2206 2316 2260 ΑΥΤΟΥ
2354 2206 2896 2258 ΦΡΟΝΤΙΣΤΗΡΙΟΥ

1235 2359 1323 2409 ΕΚ
1359 2358 1484 2408 ΤΟΥ
1521 2358 1757 2409 ΤΡΙΤΟΥ
1791 2357 2010 2411 ΑΥΤΟΥ
2046 2355 2318 2411 ΒΙΒΛΙΟΥ
2355 2358 2516 2410 ΠΕΡΙ
2554 2357 2848 2409 ΠΙΣΤΕΩΣ

1807 2530 2246 2628 ΛΟΓΟΣ.

1590 2817 2119 2875 SAPIENTISSIMI
2157 2817 2478 2875 MONACHI

835 2992 1967 3147 NICEPHORI
2067 2992 3238 3144 BLEMMIDZE

1158 3249 1252 3302 AD
1288 3245 1671 3303 MONACHOS
1709 3245 2152 3302 MONASTERII
2191 3245 2284 3301 AB
2326 3246 2477 3302 IPSO
2515 3245 2917 3303 EXSTRUCTI

1453 3398 1544 3456 EX
1580 3397 1812 3455 TERTIO
1850 3397 2074 3455 IPSIUS
2110 3396 2317 3456 LIBRO
2355 3398 2444 3454 DE
2480 3399 2643 3454 FIDE

1792 3550 2296 3638 SERMO

407 3895 532 3954 Τοῖς
581 3887 750 3951 ὁσίοις
788 3892 886 3944 τοῦ
935 3887 1206 3943 Δεσπότου
1245 3890 1479 3960 Χριστοῦ
1528 3890 1626 3941 τοῦ
1675 3881 1851 3958 ὄντος,
1905 3886 1994 3941 καὶ
2024 3889 2080 3954 Α

2181 3888 2407 3944 Sanctis
2436 3887 2567 3943 Heri
2599 3885 2818 3942 Christi
2847 3886 3178 3955 viventis,et
3205 3887 3402 3944 electis
3433 3887 3759 3960 discipulis,

337 3977 617 4042 ἐκλεκτοῖς
665 3981 950 4058 φοιτηταῖς
1000 3977 1029 4031 ὁ
1073 3977 1190 4032 κατ’
1239 3972 1485 4031 εὐδοκίαν
1535 3973 1700 4029 αὐτοῦ
1729 3974 1819 4029 καὶ
1849 3993 1992 4049 χρη-

337 4062 575 4139 στότητα
621 4069 841 4143 κτήτωρ
889 4070 989 4120 τυῦ
1038 4066 1155 4121 καθ’
1201 4065 1352 4138 ἱεροῦ
1403 4062 1842 4142 φροντιστηρίου,
1895 4069 1999 4117 Νι-

314 4156 582 4235 ⁸κηςιοόρος
614 4155 666 4212 ἐν
716 4154 1039 4229 μονάζουσιν
1093 4153 1267 4231 ἱερεὺς
1314 4153 1545 4229 γηραιὸς
1591 4152 1843 4222 ἀσθενὴς,
1890 4155 1999 4208 τῶν

330 4253 435 4316 τῆς
485 4247 636 4318 ὑμῶν
685 4244 976 4315 ὁσιότητος
1035 4244 1214 4319 εὐχῶν
1275 4239 1518 4312 ἐπιδεὴς,
1574 4242 1674 4312 τήν
1721 4244 1995 4317 παροῦσαν

335 4335 491 4407 ὑμῶν
525 4333 827 4406 ὑπόμνησιν
864 4331 915 4404 ἐξ
965 4332 1184 4408 ἀγάπης
1235 4328 1580 4406 ὑπαγορεύω,
1621 4329 1799 4400 πάσης
1831 4328 1996 4398 αὐτὴν

339 4423 742 4485 ὑποτυπώσεως
776 4421 960 4496 ἑτέρας
990 4422 1466 4497 προεκτιθέμενος.

412 4509 634 4582 Ἐπειδὴ
692 4512 795 4588 γὰρ
843 4511 1153 4588 πρώτιστον
1206 4514 1286 4582 τῷ
1357 4512 1663 4582 Χριστιανῷ
1717 4506 1806 4563 καὶ
1865 4505 1999 4562 πάν-

335 4622 446 4656 των
479 4599 898 4677 ἀναγκαιότατον
951 4597 1148 4655 εῗδὲναι
1196 4600 1296 4668 τὴν
1349 4592 1638 4665 εὐσέϐειαν,
1669 4596 1759 4650 καὶ
1797 4595 2000 4666 ταύτην

338 4691 669 4759 ἀσπάζεσθαι
716 4690 806 4744 καὶ
853 4688 1019 4764 ταύτῃ
1072 4692 1265 4762 συζῇν,
1315 4687 1406 4742 καὶ
1458 4691 1606 4756 ζωῆς
1650 4693 1748 4755 τῆς
1801 4684 2003 4761 παρού-

336 4799 438 4849 σης
494 4775 882 4851 συνεκδημεῖν,
946 4777 1090 4849 ἄξιόν
1153 4778 1263 4832 ἐστι
1318 4774 1586 4831 πιστεύειν
1647 4775 1737 4829 καὶ
1798 4772 2004 4846 ὁμολο-

336 4872 453 4942 γεῖν
503 4867 591 4921 καὶ
641 4865 929 4943 κηρύττειν
981 4869 1151 4940 ἡμᾶς,
1201 4865 1285 4921 ὅτι
1333 4865 1464 4927 Θεὸς
1516 4865 1591 4926 εἷς
1623 4862 1782 4934 ἐστιν,
1834 4861 2000 4938 ἤγουν

337 4951 496 5008 οὐσία
539 4952 634 5026 μία
682 4953 972 5026 θεότητος,
1030 4951 1415 5024 ἀκατάληπτος
1465 4951 1554 5006 καὶ
1606 4950 1914 5026 ἀπρόσιτος,
1950 4949 2002 5004 ἐν

337 5043 485 5116 τρισὶ
513 5041 748 5104 τελείαις
792 5048 915 5105 ταῖς
967 5041 1285 5097 ὑποστάσεσι
1334 5047 1412 5114 τῷ
1461 5041 1629 5116 Πατρὶ
1668 5040 1866 5112 καὶτῷ
1896 5041 2006 5112 Υἱῷ

337 5131 430 5185 καὶ
459 5135 541 5203 τῷ
571 5131 714 5207 ἁγίῳ
765 5131 1057 5204 Πνεόματι.
1109 5135 1401 5194 ’Ἃκτιστος
1457 5132 1485 5185 6
1515 5130 1725 5206 Πατὴρ,
1758 5125 2007 5190 ἄκτιστος

338 5221 367 5274 6
426 5221 571 5293 Υἱὸς,
631 5221 882 5276 ἄκτιστον
938 5221 1001 5275 τὸ
1063 5225 1284 5293 Πνεῦμα
1339 5218 1400 5274 τὸ
1470 5220 1645 5293 ἅγιον.
1704 5219 1761 5272 Ὀ
1820 5219 2004 5294 Ιῐατήρ

338 5308 658 5384 ἀγὲννητος,
694 5310 722 5363 ὁ
769 5309 894 5372 Υἱὸς
947 5308 1048 5364 οὐκ
1093 5308 1409 5384 ἀγέννητος·
1464 5307 1711 5382 ἐγέννησε
1758 5307 1861 5384 γὰρ
1911 5308 2003 5363 τὸν

337 5399 463 5454 Υἱὸν
498 5400 526 5455 6
561 5399 750 5476 Πατὴρ
781 5399 888 5476 πρὸ
920 5398 1138 5454 πάντων
1169 5402 1276 5454 τῶν
1318 5397 1528 5452 αἰώνων
1575 5401 1910 5474 θεοπρεπῶς·
1942 5398 2007 5454 τὸ

666 5529 927 5591 ΡΑτιιοι..
978 5529 1091 5590 Gn.
1137 5529 1370 5592 CXLII.

2107 3974 2208 4046 qui
2240 3975 2564 4030 secundum
2615 3975 2745 4046 ejus
2785 3973 3067 4046 placitum
3100 3979 3157 4030 et
3202 3975 3522 4030 bonitatem
3573 3975 3760 4031 domi-

2109 4080 2222 4119 nus
2280 4080 2415 4119 sum
2474 4063 2686 4119 sacrati
2759 4063 3121 4130 monasterii,
3190 4062 3554 4134 Nicephorus
3611 4063 3765 4119 inter

2111 4153 2434 4209 monachos
2467 4153 2758 4218 sacerdos,
2809 4168 3005 4219 senex,
3040 4153 3272 4222 debilis,
3307 4153 3636 4208 sanctitatis
3665 4169 3762 4208 ve-

2109 4246 2244 4298 stra)
2292 4259 2532 4314 precum
2579 4242 2870 4314 indigens,
2925 4246 3269 4312 praesentem
3317 4239 3493 4297 vestri
3544 4257 3766 4297 memo-

2111 4331 2260 4386 riam
2294 4347 2362 4385 ex
2391 4329 2675 4386 charitate
2718 4346 2992 4403 suggero,
3024 4347 3152 4386 eam
3184 4347 3298 4402 prae
3328 4330 3488 4386 omni
3520 4330 3764 4386 demon-

2111 4419 2393 4474 stratione
2423 4435 2739 4490 exponens.

2183 4508 2325 4563 Cum
2379 4524 2578 4563 revera
2625 4508 2881 4580 primum
2916 4513 3005 4564 est
3051 4507 3383 4564 Christiano
3435 4507 3658 4562 homini
3710 4511 3768 4562 et

2113 4601 2249 4653 ante
2279 4597 2478 4652 omnia
2503 4597 2756 4652 maxime
2777 4597 3476 4670 necessarium,pietatem
3502 4612 3764 4661 noscere,

2112 4685 2406 4758 amplecti,
2439 4703 2573 4741 cum
2624 4703 2691 4741 ea
2721 4687 3049 4742 conversari
3081 4691 3139 4743 et
3182 4685 3455 4759 praesenti
3485 4686 3604 4740 vita
3635 4703 3763 4757 per-

2113 4775 2387 4848 egrinari,
2408 4813 2412 4816 »
2435 4775 2679 4846 dignum
2711 4780 2801 4830 est
2847 4777 3157 4832 credamus
3187 4780 3245 4831 et
3278 4777 3665 4831 confiteamur
3711 4780 3771 4830 et

2116 4865 2498 4936 praedicemus
2529 4865 2804 4933 quoniam
2839 4882 2994 4920 unus
3026 4870 3116 4920 est
3149 4865 3434 4930 Deus,hoc
3457 4873 3566 4929 est,
3600 4863 3773 4919 unica

2115 4953 2449 5008 substantia
2480 4953 2823 5020 divinitatis,
2854 4953 3045 5008 incom
3057 4954 3320 5025 prehensi
3334 4954 3489 5019 bilis,
3513 4953 3568 5008 in
3580 4969 3770 5008 acces-

2115 5041 2328 5109 sibilis,
2360 5041 2420 5096 in
2475 5042 2663 5097 tribus
2697 5043 2968 5114 perfectis
3001 5041 3287 5113 personis,
3322 5046 3512 5110 Patre,
3544 5041 3687 5096 Filio
3718 5044 3776 5096 et

2117 5136 2317 5188 sancto
2349 5130 2897 5202 Spiritu.Increatus
2918 5131 3417 5197 Pater,increatus
3450 5130 3653 5196 Filius,
3676 5129 3772 5184 in-

2117 5224 2348 5276 creatus
2377 5219 2628 5293 Spiritus
2655 5221 3225 5292 sanctus.1ngenitus
3249 5221 3448 5286 Pater;
3475 5237 3589 5275 non
3615 5220 3778 5292 inge-

2118 5309 2278 5365 nitus
2295 5308 2706 5382 Filius,genuit
2726 5309 2879 5365 enim
2901 5307 3112 5364 Filium
3131 5309 3295 5364 Pater
3316 5314 3448 5364 ante
3463 5308 3660 5364 omnia
3673 5325 3774 5363 sae-

2119 5399 2250 5454 cuia
2279 5397 2598 5468 divinitus;
2631 5415 2738 5454 nec
2768 5398 3002 5473 genitus
3035 5415 3141 5454 nec
3187 5397 3488 5470 ingenitus
3517 5397 3774 5470 Spiritus

3374 5524 3449 5586 19
