  <div class='ocr_page' id='page_1' title='image "/cluster/home/n/w/nwhite01/storage/ocr_20150623/142/coo.31924054870476/301.png"; bbox 0 0 4154 6416; ppageno 0'>
   <div class='ocr_carea' id='block_1_1' title="bbox 396 323 514 382">
    <p class='ocr_par' dir='ltr' id='par_1_1' title="bbox 396 323 514 382">
     <span class='ocr_line' id='line_1_1' title="bbox 396 323 514 382; baseline -0.017 0"><span class='ocrx_word' id='word_1_1' title='bbox 396 323 514 382; x_wconf 76' lang='grc'>587</span> 
     </span>
    </p>
   </div>
   <div class='ocr_carea' id='block_1_2' title="bbox 1658 314 2572 383">
    <p class='ocr_par' dir='ltr' id='par_1_2' title="bbox 1658 314 2572 383">
     <span class='ocr_line' id='line_1_2' title="bbox 1658 314 2572 383; baseline 0.011 -9"><span class='ocrx_word' id='word_1_2' title='bbox 1658 314 2088 377; x_wconf 80' lang='lat' dir='ltr'>NICEPHORI</span> <span class='ocrx_word' id='word_1_3' title='bbox 2132 314 2572 383; x_wconf 65' lang='lat' dir='ltr'>BLEMMIDzE</span> 
     </span>
    </p>
   </div>
   <div class='ocr_carea' id='block_1_3' title="bbox 3697 327 3808 391">
    <p class='ocr_par' dir='ltr' id='par_1_3' title="bbox 3697 327 3808 391">
     <span class='ocr_line' id='line_1_3' title="bbox 3697 327 3808 391; baseline 0.018 -2"><span class='ocrx_word' id='word_1_4' title='bbox 3697 327 3808 391; x_wconf 79' lang='lat'>588</span> 
     </span>
    </p>
   </div>
   <div class='ocr_carea' id='block_1_4' title="bbox 397 447 2037 532">
    <p class='ocr_par' dir='ltr' id='par_1_4' title="bbox 397 447 2037 524">
     <span class='ocr_line' id='line_1_4' title="bbox 397 447 2037 524; baseline -0.004 -15"><span class='ocrx_word' id='word_1_5' title='bbox 397 458 658 521; x_wconf 88' lang='lat' dir='ltr'>sanctus,</span> <span class='ocrx_word' id='word_1_6' title='bbox 675 453 777 508; x_wconf 90' lang='lat' dir='ltr'>sed</span> <span class='ocrx_word' id='word_1_7' title='bbox 801 451 1120 524; x_wconf 85' lang='lat' dir='ltr'>procedens</span> <span class='ocrx_word' id='word_1_8' title='bbox 1142 447 1606 506; x_wconf 85' lang='lat' dir='ltr'>substantialiter</span> <span class='ocrx_word' id='word_1_9' title='bbox 1625 465 1659 502; x_wconf 92' lang='lat' dir='ltr'>a</span> <span class='ocrx_word' id='word_1_10' title='bbox 1691 447 2037 504; x_wconf 86' lang='lat' dir='ltr'>Patre.Sem-</span> 
     </span>
    </p>
   </div>
   <div class='ocr_carea' id='block_1_5' title="bbox 2148 447 3809 532">
    <p class='ocr_par' dir='ltr' id='par_1_5' title="bbox 2165 453 3809 532">
     <span class='ocr_line' id='line_1_5' title="bbox 2165 453 3809 532; baseline 0.008 -31"><span class='ocrx_word' id='word_1_11' title='bbox 2165 453 2383 522; x_wconf 89' lang='grc' dir='ltr'>Πνεῦμα</span> <span class='ocrx_word' id='word_1_12' title='bbox 2425 453 2488 507; x_wconf 90' lang='grc' dir='ltr'>τὸ</span> <span class='ocrx_word' id='word_1_13' title='bbox 2535 455 2686 529; x_wconf 79' lang='grc' dir='ltr'>ἅγιον</span> <span class='ocrx_word' id='word_1_14' title='bbox 2738 455 2800 510; x_wconf 83' lang='grc' dir='ltr'>οὐ</span> <span class='ocrx_word' id='word_1_15' title='bbox 2849 455 3128 530; x_wconf 86' lang='grc' dir='ltr'>γεννητὸν,</span> <span class='ocrx_word' id='word_1_16' title='bbox 3181 456 3280 514; x_wconf 79' lang='grc' dir='ltr'>οὐκ</span> <span class='ocrx_word' id='word_1_17' title='bbox 3328 458 3642 532; x_wconf 73' lang='grc' dir='ltr'>ἀγέννητον,</span> <span class='ocrx_word' id='word_1_18' title='bbox 3689 457 3809 514; x_wconf 86' lang='grc' dir='ltr'>ἀλλ’</span> 
     </span>
    </p>
   </div>
   <div class='ocr_carea' id='block_1_6' title="bbox 394 536 2052 614">
    <p class='ocr_par' dir='ltr' id='par_1_6' title="bbox 394 536 2052 614">
     <span class='ocr_line' id='line_1_6' title="bbox 394 536 2052 614; baseline -0.004 -16"><span class='ocrx_word' id='word_1_19' title='bbox 394 559 498 614; x_wconf 88' lang='lat' dir='ltr'>per</span> <span class='ocrx_word' id='word_1_20' title='bbox 527 546 652 597; x_wconf 91' lang='lat' dir='ltr'>erat</span> <span class='ocrx_word' id='word_1_21' title='bbox 684 542 932 608; x_wconf 88' lang='lat' dir='ltr'>Pater,et</span> <span class='ocrx_word' id='word_1_22' title='bbox 959 555 1193 611; x_wconf 83' lang='lat' dir='ltr'>semper</span> <span class='ocrx_word' id='word_1_23' title='bbox 1222 542 1346 594; x_wconf 88' lang='lat' dir='ltr'>erat</span> <span class='ocrx_word' id='word_1_24' title='bbox 1378 536 1641 603; x_wconf 83' lang='lat' dir='ltr'>Filius,et</span> <span class='ocrx_word' id='word_1_25' title='bbox 1667 552 1897 608; x_wconf 81' lang='lat' dir='ltr'>semper</span> <span class='ocrx_word' id='word_1_26' title='bbox 1927 541 2052 592; x_wconf 88' lang='lat' dir='ltr'>erat</span> 
     </span>
    </p>
   </div>
   <div class='ocr_carea' id='block_1_7' title="bbox 397 626 2047 704">
    <p class='ocr_par' dir='ltr' id='par_1_7' title="bbox 397 626 2047 704">
     <span class='ocr_line' id='line_1_7' title="bbox 397 626 2047 704; baseline -0.004 -17"><span class='ocrx_word' id='word_1_27' title='bbox 397 630 653 704; x_wconf 76' lang='lat' dir='ltr'>Spiritus</span> <span class='ocrx_word' id='word_1_28' title='bbox 684 634 947 687; x_wconf 89' lang='lat' dir='ltr'>sanctus.</span> <span class='ocrx_word' id='word_1_29' title='bbox 966 629 1036 685; x_wconf 88' lang='lat' dir='ltr'>Et</span> <span class='ocrx_word' id='word_1_30' title='bbox 1067 627 1567 700; x_wconf 83' lang='lat' dir='ltr'>quemadmodum</span> <span class='ocrx_word' id='word_1_31' title='bbox 1600 626 1902 697; x_wconf 81' lang='lat' dir='ltr'>concipere</span> <span class='ocrx_word' id='word_1_32' title='bbox 1932 643 2047 681; x_wconf 90' lang='lat' dir='ltr'>non</span> 
     </span>
    </p>
   </div>
   <div class='ocr_carea' id='block_1_8' title="bbox 401 714 2052 791">
    <p class='ocr_par' dir='ltr' id='par_1_8' title="bbox 401 714 2052 791">
     <span class='ocr_line' id='line_1_8' title="bbox 401 714 2052 791; baseline -0.004 -15"><span class='ocrx_word' id='word_1_33' title='bbox 401 721 574 777; x_wconf 88' lang='lat' dir='ltr'>datur</span> <span class='ocrx_word' id='word_1_34' title='bbox 603 735 869 791; x_wconf 91' lang='lat' dir='ltr'>unquam</span> <span class='ocrx_word' id='word_1_35' title='bbox 887 717 1068 775; x_wconf 93' lang='lat' dir='ltr'>solem</span> <span class='ocrx_word' id='word_1_36' title='bbox 1101 717 1322 788; x_wconf 82' lang='lat' dir='ltr'>absque</span> <span class='ocrx_word' id='word_1_37' title='bbox 1344 733 1451 772; x_wconf 90' lang='lat' dir='ltr'>suo</span> <span class='ocrx_word' id='word_1_38' title='bbox 1477 714 1809 783; x_wconf 89' lang='lat' dir='ltr'>lumine,ita</span> <span class='ocrx_word' id='word_1_39' title='bbox 1826 730 1931 770; x_wconf 92' lang='lat' dir='ltr'>nec</span> <span class='ocrx_word' id='word_1_40' title='bbox 1955 714 2052 769; x_wconf 88' lang='lat' dir='ltr'>Pa-</span> 
     </span>
    </p>
   </div>
   <div class='ocr_carea' id='block_1_9' title="bbox 398 803 2046 879">
    <p class='ocr_par' dir='ltr' id='par_1_9' title="bbox 398 803 2046 879">
     <span class='ocr_line' id='line_1_9' title="bbox 398 803 2046 879; baseline -0.003 -15"><span class='ocrx_word' id='word_1_41' title='bbox 398 813 548 864; x_wconf 93' lang='lat' dir='ltr'>trem</span> <span class='ocrx_word' id='word_1_42' title='bbox 579 808 820 864; x_wconf 88' lang='lat' dir='ltr'>omnino</span> <span class='ocrx_word' id='word_1_43' title='bbox 869 806 1005 879; x_wconf 89' lang='lat' dir='ltr'>quis</span> <span class='ocrx_word' id='word_1_44' title='bbox 1035 806 1343 878; x_wconf 85' lang='lat' dir='ltr'>concipere</span> <span class='ocrx_word' id='word_1_45' title='bbox 1375 809 1564 878; x_wconf 82' lang='lat' dir='ltr'>potest</span> <span class='ocrx_word' id='word_1_46' title='bbox 1616 805 1838 876; x_wconf 84' lang='lat' dir='ltr'>absque</span> <span class='ocrx_word' id='word_1_47' title='bbox 1869 803 2046 871; x_wconf 90' lang='lat' dir='ltr'>Filio;</span> 
     </span>
    </p>
   </div>
   <div class='ocr_carea' id='block_1_10' title="bbox 401 891 2051 968">
    <p class='ocr_par' dir='ltr' id='par_1_10' title="bbox 401 891 2051 968">
     <span class='ocr_line' id='line_1_10' title="bbox 401 891 2051 968; baseline -0.004 -15"><span class='ocrx_word' id='word_1_48' title='bbox 401 898 570 953; x_wconf 88' lang='lat' dir='ltr'>Pater</span> <span class='ocrx_word' id='word_1_49' title='bbox 617 899 774 952; x_wconf 89' lang='lat' dir='ltr'>enim</span> <span class='ocrx_word' id='word_1_50' title='bbox 806 911 1040 968; x_wconf 81' lang='lat' dir='ltr'>semper</span> <span class='ocrx_word' id='word_1_51' title='bbox 1068 899 1193 950; x_wconf 90' lang='lat' dir='ltr'>erat</span> <span class='ocrx_word' id='word_1_52' title='bbox 1239 898 1430 961; x_wconf 89' lang='lat' dir='ltr'>Pater,</span> <span class='ocrx_word' id='word_1_53' title='bbox 1463 893 1841 949; x_wconf 83' lang='lat' dir='ltr'>manifestum</span> <span class='ocrx_word' id='word_1_54' title='bbox 1872 891 2051 964; x_wconf 82' lang='lat' dir='ltr'>igitur</span> 
     </span>
    </p>
   </div>
   <div class='ocr_carea' id='block_1_11' title="bbox 399 979 2047 1059">
    <p class='ocr_par' dir='ltr' id='par_1_11' title="bbox 399 979 2047 1059">
     <span class='ocr_line' id='line_1_11' title="bbox 399 979 2047 1059; baseline -0.004 -16"><span class='ocrx_word' id='word_1_55' title='bbox 399 987 556 1059; x_wconf 88' lang='lat' dir='ltr'>quod</span> <span class='ocrx_word' id='word_1_56' title='bbox 590 1001 822 1057; x_wconf 85' lang='lat' dir='ltr'>semper</span> <span class='ocrx_word' id='word_1_57' title='bbox 851 984 1092 1040; x_wconf 83' lang='lat' dir='ltr'>haberet</span> <span class='ocrx_word' id='word_1_58' title='bbox 1115 982 1577 1038; x_wconf 88' lang='lat' dir='ltr'>Filium.ldcirco</span> <span class='ocrx_word' id='word_1_59' title='bbox 1601 982 1790 1053; x_wconf 84' lang='lat' dir='ltr'>quoad</span> <span class='ocrx_word' id='word_1_60' title='bbox 1816 979 2047 1036; x_wconf 90' lang='lat' dir='ltr'>initium</span> 
     </span>
    </p>
   </div>
   <div class='ocr_carea' id='block_1_12' title="bbox 397 1069 2047 1148">
    <p class='ocr_par' dir='ltr' id='par_1_12' title="bbox 397 1069 2047 1148">
     <span class='ocr_line' id='line_1_12' title="bbox 397 1069 2047 1148; baseline -0.004 -17"><span class='ocrx_word' id='word_1_61' title='bbox 397 1076 456 1130; x_wconf 92' lang='lat' dir='ltr'>in</span> <span class='ocrx_word' id='word_1_62' title='bbox 501 1079 783 1148; x_wconf 91' lang='lat' dir='ltr'>tempore,</span> <span class='ocrx_word' id='word_1_63' title='bbox 819 1077 882 1130; x_wconf 91' lang='lat' dir='ltr'>ut</span> <span class='ocrx_word' id='word_1_64' title='bbox 930 1072 1097 1128; x_wconf 90' lang='lat' dir='ltr'>Pater</span> <span class='ocrx_word' id='word_1_65' title='bbox 1127 1071 1411 1144; x_wconf 90' lang='lat' dir='ltr'>principio</span> <span class='ocrx_word' id='word_1_66' title='bbox 1443 1075 1621 1136; x_wconf 82' lang='lat' dir='ltr'>caret,</span> <span class='ocrx_word' id='word_1_67' title='bbox 1651 1070 1732 1125; x_wconf 84' lang='lat' dir='ltr'>ita</span> <span class='ocrx_word' id='word_1_68' title='bbox 1781 1074 1837 1124; x_wconf 92' lang='lat' dir='ltr'>et</span> <span class='ocrx_word' id='word_1_69' title='bbox 1869 1069 2047 1124; x_wconf 87' lang='lat' dir='ltr'>Filius</span> 
     </span>
    </p>
   </div>
   <div class='ocr_carea' id='block_1_13' title="bbox 394 1159 2050 1237">
    <p class='ocr_par' dir='ltr' id='par_1_13' title="bbox 394 1159 2050 1237">
     <span class='ocr_line' id='line_1_13' title="bbox 394 1159 2050 1237; baseline -0.004 -18"><span class='ocrx_word' id='word_1_70' title='bbox 394 1163 684 1237; x_wconf 91' lang='lat' dir='ltr'>principio</span> <span class='ocrx_word' id='word_1_71' title='bbox 711 1167 868 1219; x_wconf 87' lang='lat' dir='ltr'>caret</span> <span class='ocrx_word' id='word_1_72' title='bbox 895 1177 1155 1234; x_wconf 87' lang='lat' dir='ltr'>;semper</span> <span class='ocrx_word' id='word_1_73' title='bbox 1183 1160 1342 1216; x_wconf 91' lang='lat' dir='ltr'>enim</span> <span class='ocrx_word' id='word_1_74' title='bbox 1375 1164 1498 1216; x_wconf 87' lang='lat' dir='ltr'>erat</span> <span class='ocrx_word' id='word_1_75' title='bbox 1530 1159 1791 1229; x_wconf 82' lang='lat' dir='ltr'>Filius,et</span> <span class='ocrx_word' id='word_1_76' title='bbox 1815 1174 2050 1230; x_wconf 89' lang='lat' dir='ltr'>semper</span> 
     </span>
    </p>
   </div>
   <div class='ocr_carea' id='block_1_14' title="bbox 394 1248 2043 1320">
    <p class='ocr_par' dir='ltr' id='par_1_14' title="bbox 394 1248 2043 1320">
     <span class='ocr_line' id='line_1_14' title="bbox 394 1248 2043 1320; baseline -0.004 -12"><span class='ocrx_word' id='word_1_77' title='bbox 394 1252 620 1320; x_wconf 85' lang='lat' dir='ltr'>Filius,-</span> <span class='ocrx_word' id='word_1_78' title='bbox 653 1251 915 1307; x_wconf 91' lang='lat' dir='ltr'>divinum</span> <span class='ocrx_word' id='word_1_79' title='bbox 965 1250 1124 1306; x_wconf 90' lang='lat' dir='ltr'>enim</span> <span class='ocrx_word' id='word_1_80' title='bbox 1158 1249 1346 1306; x_wconf 88' lang='lat' dir='ltr'>nescit</span> <span class='ocrx_word' id='word_1_81' title='bbox 1395 1248 1801 1304; x_wconf 89' lang='lat' dir='ltr'>mutationem.</span> <span class='ocrx_word' id='word_1_82' title='bbox 1845 1249 2043 1314; x_wconf 88' lang='lat' dir='ltr'>Quoad</span> 
     </span>
    </p>
   </div>
   <div class='ocr_carea' id='block_1_15' title="bbox 393 1335 2044 1414">
    <p class='ocr_par' dir='ltr' id='par_1_15' title="bbox 393 1335 2044 1414">
     <span class='ocr_line' id='line_1_15' title="bbox 393 1335 2044 1414; baseline -0.004 -15"><span class='ocrx_word' id='word_1_83' title='bbox 393 1347 590 1399; x_wconf 87' lang='lat' dir='ltr'>autem</span> <span class='ocrx_word' id='word_1_84' title='bbox 639 1340 994 1414; x_wconf 89' lang='lat' dir='ltr'>principium</span> <span class='ocrx_word' id='word_1_85' title='bbox 1028 1339 1294 1396; x_wconf 84' lang='lat' dir='ltr'>naturale</span> <span class='ocrx_word' id='word_1_86' title='bbox 1326 1355 1428 1395; x_wconf 90' lang='lat' dir='ltr'>seu</span> <span class='ocrx_word' id='word_1_87' title='bbox 1471 1335 1723 1408; x_wconf 90' lang='lat' dir='ltr'>causale,</span> <span class='ocrx_word' id='word_1_88' title='bbox 1757 1335 2044 1408; x_wconf 91' lang='lat' dir='ltr'>principio</span> 
     </span>
    </p>
   </div>
   <div class='ocr_carea' id='block_1_16' title="bbox 395 1425 2042 1501">
    <p class='ocr_par' dir='ltr' id='par_1_16' title="bbox 395 1425 2042 1501">
     <span class='ocr_line' id='line_1_16' title="bbox 395 1425 2042 1501; baseline -0.005 -14"><span class='ocrx_word' id='word_1_89' title='bbox 395 1449 511 1488; x_wconf 91' lang='lat' dir='ltr'>non</span> <span class='ocrx_word' id='word_1_90' title='bbox 543 1435 701 1488; x_wconf 89' lang='lat' dir='ltr'>caret</span> <span class='ocrx_word' id='word_1_91' title='bbox 754 1429 953 1495; x_wconf 89' lang='lat' dir='ltr'>Filius,</span> <span class='ocrx_word' id='word_1_92' title='bbox 983 1428 1337 1501; x_wconf 89' lang='lat' dir='ltr'>principium</span> <span class='ocrx_word' id='word_1_93' title='bbox 1371 1427 1526 1484; x_wconf 90' lang='lat' dir='ltr'>enim</span> <span class='ocrx_word' id='word_1_94' title='bbox 1562 1428 1689 1496; x_wconf 89' lang='lat' dir='ltr'>ejus</span> <span class='ocrx_word' id='word_1_95' title='bbox 1737 1430 1827 1481; x_wconf 88' lang='lat' dir='ltr'>est</span> <span class='ocrx_word' id='word_1_96' title='bbox 1855 1425 2042 1492; x_wconf 90' lang='lat' dir='ltr'>Pater,</span> 
     </span>
    </p>
   </div>
   <div class='ocr_carea' id='block_1_17' title="bbox 394 1513 2044 1591">
    <p class='ocr_par' dir='ltr' id='par_1_17' title="bbox 394 1513 2044 1591">
     <span class='ocr_line' id='line_1_17' title="bbox 394 1513 2044 1591; baseline -0.005 -14"><span class='ocrx_word' id='word_1_97' title='bbox 394 1518 798 1591; x_wconf 88' lang='lat' dir='ltr'>substantiale,</span> <span class='ocrx_word' id='word_1_98' title='bbox 815 1536 927 1574; x_wconf 91' lang='lat' dir='ltr'>non</span> <span class='ocrx_word' id='word_1_99' title='bbox 960 1517 1358 1574; x_wconf 88' lang='lat' dir='ltr'>creans.Solus</span> <span class='ocrx_word' id='word_1_100' title='bbox 1389 1516 1796 1589; x_wconf 87' lang='lat' dir='ltr'>igitur,quoad</span> <span class='ocrx_word' id='word_1_101' title='bbox 1831 1513 2044 1586; x_wconf 90' lang='lat' dir='ltr'>princi-</span> 
     </span>
    </p>
   </div>
   <div class='ocr_carea' id='block_1_18' title="bbox 395 1601 2044 1682">
    <p class='ocr_par' dir='ltr' id='par_1_18' title="bbox 395 1601 2044 1682">
     <span class='ocr_line' id='line_1_18' title="bbox 395 1601 2044 1682; baseline -0.003 -19"><span class='ocrx_word' id='word_1_102' title='bbox 395 1608 560 1682; x_wconf 90' lang='lat' dir='ltr'>pium</span> <span class='ocrx_word' id='word_1_103' title='bbox 609 1607 895 1675; x_wconf 86' lang='lat' dir='ltr'>naturale,</span> <span class='ocrx_word' id='word_1_104' title='bbox 929 1606 1215 1680; x_wconf 90' lang='lat' dir='ltr'>principio</span> <span class='ocrx_word' id='word_1_105' title='bbox 1264 1610 1422 1661; x_wconf 87' lang='lat' dir='ltr'>caret</span> <span class='ocrx_word' id='word_1_106' title='bbox 1467 1609 1658 1672; x_wconf 90' lang='lat' dir='ltr'>Pater,</span> <span class='ocrx_word' id='word_1_107' title='bbox 1692 1601 1916 1659; x_wconf 89' lang='lat' dir='ltr'>nullam</span> <span class='ocrx_word' id='word_1_108' title='bbox 1949 1607 2044 1658; x_wconf 90' lang='lat' dir='ltr'>ut-</span> 
     </span>
    </p>
   </div>
   <div class='ocr_carea' id='block_1_19' title="bbox 393 1691 2045 1770">
    <p class='ocr_par' dir='ltr' id='par_1_19' title="bbox 393 1691 2045 1770">
     <span class='ocr_line' id='line_1_19' title="bbox 393 1691 2045 1770; baseline -0.005 -16"><span class='ocrx_word' id='word_1_109' title='bbox 393 1702 526 1770; x_wconf 91' lang='lat' dir='ltr'>pote</span> <span class='ocrx_word' id='word_1_110' title='bbox 556 1697 779 1753; x_wconf 89' lang='lat' dir='ltr'>habens</span> <span class='ocrx_word' id='word_1_111' title='bbox 808 1712 1048 1752; x_wconf 88' lang='lat' dir='ltr'>causam</span> <span class='ocrx_word' id='word_1_112' title='bbox 1082 1695 1196 1763; x_wconf 90' lang='lat' dir='ltr'>sui,</span> <span class='ocrx_word' id='word_1_113' title='bbox 1231 1697 1468 1766; x_wconf 90' lang='lat' dir='ltr'>propter</span> <span class='ocrx_word' id='word_1_114' title='bbox 1495 1693 1651 1765; x_wconf 92' lang='lat' dir='ltr'>quod</span> <span class='ocrx_word' id='word_1_115' title='bbox 1683 1708 1823 1748; x_wconf 89' lang='lat' dir='ltr'>sane</span> <span class='ocrx_word' id='word_1_116' title='bbox 1854 1695 1910 1746; x_wconf 90' lang='lat' dir='ltr'>et</span> <span class='ocrx_word' id='word_1_117' title='bbox 1938 1691 2045 1746; x_wconf 84' lang='lat' dir='ltr'>Do-</span> 
     </span>
    </p>
   </div>
   <div class='ocr_carea' id='block_1_20' title="bbox 2159 535 3804 624">
    <p class='ocr_par' dir='ltr' id='par_1_20' title="bbox 2159 535 3804 624">
     <span class='ocr_line' id='line_1_20' title="bbox 2159 535 3804 624; baseline 0.007 -33"><span class='ocrx_word' id='word_1_118' title='bbox 2159 535 2589 614; x_wconf 82' lang='grc' dir='ltr'>ἐκπορευόμενον</span> <span class='ocrx_word' id='word_1_119' title='bbox 2649 541 2929 606; x_wconf 81' lang='grc' dir='ltr'>οὐσιωδῶς</span> <span class='ocrx_word' id='word_1_120' title='bbox 2987 545 3133 622; x_wconf 78' lang='grc' dir='ltr'>παρὰ</span> <span class='ocrx_word' id='word_1_121' title='bbox 3185 550 3283 601; x_wconf 91' lang='grc' dir='ltr'>τοῦ</span> <span class='ocrx_word' id='word_1_122' title='bbox 3335 544 3567 624; x_wconf 71' lang='grc' dir='ltr'>Πατρός.</span> <span class='ocrx_word' id='word_1_123' title='bbox 3618 548 3674 601; x_wconf 75' lang='grc' dir='ltr'>Ὀ</span> <span class='ocrx_word' id='word_1_124' title='bbox 3704 553 3804 603; x_wconf 90' lang='grc' dir='ltr'>Πα-</span> 
     </span>
    </p>
   </div>
   <div class='ocr_carea' id='block_1_21' title="bbox 2155 627 3809 709">
    <p class='ocr_par' dir='ltr' id='par_1_21' title="bbox 2155 627 3809 709">
     <span class='ocr_line' id='line_1_21' title="bbox 2155 627 3809 709; baseline 0.008 -30"><span class='ocrx_word' id='word_1_125' title='bbox 2155 627 2260 702; x_wconf 79' lang='grc' dir='ltr'>τὴρ</span> <span class='ocrx_word' id='word_1_126' title='bbox 2291 630 2355 696; x_wconf 71' lang='grc' dir='ltr'>ἦν</span> <span class='ocrx_word' id='word_1_127' title='bbox 2389 629 2492 698; x_wconf 86' lang='grc' dir='ltr'>ἀεὶ,</span> <span class='ocrx_word' id='word_1_128' title='bbox 2552 632 2641 686; x_wconf 85' lang='grc' dir='ltr'>καὶ</span> <span class='ocrx_word' id='word_1_129' title='bbox 2704 633 2728 689; x_wconf 75' lang='lat'>6</span> <span class='ocrx_word' id='word_1_130' title='bbox 2786 634 2910 696; x_wconf 72' lang='grc' dir='ltr'>Υἱὸς</span> <span class='ocrx_word' id='word_1_131' title='bbox 2969 635 3037 704; x_wconf 79' lang='grc' dir='ltr'>ἦν</span> <span class='ocrx_word' id='word_1_132' title='bbox 3089 635 3192 707; x_wconf 86' lang='grc' dir='ltr'>ἀεὶ,</span> <span class='ocrx_word' id='word_1_133' title='bbox 3242 635 3334 690; x_wconf 81' lang='grc' dir='ltr'>καὶ</span> <span class='ocrx_word' id='word_1_134' title='bbox 3379 637 3442 691; x_wconf 88' lang='grc' dir='ltr'>τὸ</span> <span class='ocrx_word' id='word_1_135' title='bbox 3493 640 3712 709; x_wconf 97' lang='grc' dir='ltr'>Πνεῦμα</span> <span class='ocrx_word' id='word_1_136' title='bbox 3753 637 3809 692; x_wconf 88' lang='grc' dir='ltr'>τὸ</span> 
     </span>
    </p>
   </div>
   <div class='ocr_carea' id='block_1_22' title="bbox 2159 715 3812 796">
    <p class='ocr_par' dir='ltr' id='par_1_22' title="bbox 2159 715 3812 796">
     <span class='ocr_line' id='line_1_22' title="bbox 2159 715 3812 796; baseline 0.008 -29"><span class='ocrx_word' id='word_1_137' title='bbox 2159 715 2308 790; x_wconf 81' lang='grc' dir='ltr'>ἅγιον</span> <span class='ocrx_word' id='word_1_138' title='bbox 2362 720 2428 786; x_wconf 75' lang='grc' dir='ltr'>ἦν</span> <span class='ocrx_word' id='word_1_139' title='bbox 2491 719 2590 775; x_wconf 85' lang='grc' dir='ltr'>ἀεί.</span> <span class='ocrx_word' id='word_1_140' title='bbox 2655 722 2753 776; x_wconf 79' lang='grc' dir='ltr'>Καὶ</span> <span class='ocrx_word' id='word_1_141' title='bbox 2813 720 2994 796; x_wconf 82' lang='grc' dir='ltr'>ὥσπερ</span> <span class='ocrx_word' id='word_1_142' title='bbox 3055 722 3155 778; x_wconf 80' lang='grc' dir='ltr'>οὐκ</span> <span class='ocrx_word' id='word_1_143' title='bbox 3208 723 3348 779; x_wconf 80' lang='grc' dir='ltr'>ἔστιν</span> <span class='ocrx_word' id='word_1_144' title='bbox 3393 723 3642 795; x_wconf 83' lang='grc' dir='ltr'>ἐννοῆσαί</span> <span class='ocrx_word' id='word_1_145' title='bbox 3688 746 3812 781; x_wconf 91' lang='grc' dir='ltr'>ποτε</span> 
     </span>
    </p>
   </div>
   <div class='ocr_carea' id='block_1_23' title="bbox 2155 803 3812 890">
    <p class='ocr_par' dir='ltr' id='par_1_23' title="bbox 2155 803 3812 890">
     <span class='ocr_line' id='line_1_23' title="bbox 2155 803 3812 890; baseline 0.007 -34"><span class='ocrx_word' id='word_1_146' title='bbox 2155 804 2246 857; x_wconf 91' lang='grc' dir='ltr'>τὸν</span> <span class='ocrx_word' id='word_1_147' title='bbox 2297 803 2458 874; x_wconf 74' lang='grc' dir='ltr'>ἥλιον</span> <span class='ocrx_word' id='word_1_148' title='bbox 2512 808 2632 864; x_wconf 82' lang='grc' dir='ltr'>ἄνευ</span> <span class='ocrx_word' id='word_1_149' title='bbox 2676 813 2774 864; x_wconf 89' lang='grc' dir='ltr'>τοῦ</span> <span class='ocrx_word' id='word_1_150' title='bbox 2829 810 3035 867; x_wconf 75' lang='grc' dir='ltr'>οἰκείου</span> <span class='ocrx_word' id='word_1_151' title='bbox 3083 813 3284 890; x_wconf 77' lang='grc' dir='ltr'>φωτὸς,</span> <span class='ocrx_word' id='word_1_152' title='bbox 3335 811 3508 876; x_wconf 77' lang='grc' dir='ltr'>οὕτως</span> <span class='ocrx_word' id='word_1_153' title='bbox 3557 810 3680 869; x_wconf 73' lang='grc' dir='ltr'>οὐδὲ</span> <span class='ocrx_word' id='word_1_154' title='bbox 3727 815 3812 868; x_wconf 89' lang='grc' dir='ltr'>τὸν</span> 
     </span>
    </p>
   </div>
   <div class='ocr_carea' id='block_1_24' title="bbox 2160 892 3812 978">
    <p class='ocr_par' dir='ltr' id='par_1_24' title="bbox 2160 892 3812 978">
     <span class='ocr_line' id='line_1_24' title="bbox 2160 892 3812 978; baseline 0.007 -33"><span class='ocrx_word' id='word_1_155' title='bbox 2160 892 2370 970; x_wconf 91' lang='grc' dir='ltr'>Πατέρα</span> <span class='ocrx_word' id='word_1_156' title='bbox 2430 892 2650 951; x_wconf 78' lang='grc' dir='ltr'>δύναταί</span> <span class='ocrx_word' id='word_1_157' title='bbox 2705 919 2790 961; x_wconf 91' lang='grc' dir='ltr'>τις</span> <span class='ocrx_word' id='word_1_158' title='bbox 2851 898 2996 963; x_wconf 80' lang='grc' dir='ltr'>ὅλως</span> <span class='ocrx_word' id='word_1_159' title='bbox 3065 908 3430 978; x_wconf 81' lang='grc' dir='ltr'>φαντασθῆναι</span> <span class='ocrx_word' id='word_1_160' title='bbox 3490 902 3668 978; x_wconf 83' lang='grc' dir='ltr'>χωρὶς</span> <span class='ocrx_word' id='word_1_161' title='bbox 3722 906 3812 958; x_wconf 92' lang='grc' dir='ltr'>τοῦ</span> 
     </span>
    </p>
   </div>
   <div class='ocr_carea' id='block_1_25' title="bbox 2158 981 3812 1064">
    <p class='ocr_par' dir='ltr' id='par_1_25' title="bbox 2158 981 3812 1064">
     <span class='ocr_line' id='line_1_25' title="bbox 2158 981 3812 1064; baseline 0.006 -30"><span class='ocrx_word' id='word_1_162' title='bbox 2158 981 2304 1035; x_wconf 74' lang='grc' dir='ltr'>Υἱοῦ.</span> <span class='ocrx_word' id='word_1_163' title='bbox 2340 985 2527 1060; x_wconf 80' lang='grc' dir='ltr'>Πατὴρ</span> <span class='ocrx_word' id='word_1_164' title='bbox 2576 987 2678 1062; x_wconf 71' lang='grc' dir='ltr'>γὰρ</span> <span class='ocrx_word' id='word_1_165' title='bbox 2729 989 2794 1056; x_wconf 71' lang='grc' dir='ltr'>ἦν</span> <span class='ocrx_word' id='word_1_166' title='bbox 2829 989 2856 1042; x_wconf 97' lang='lat'>6</span> <span class='ocrx_word' id='word_1_167' title='bbox 2889 989 3077 1064; x_wconf 79' lang='grc' dir='ltr'>Πατὴρ</span> <span class='ocrx_word' id='word_1_168' title='bbox 3125 988 3230 1048; x_wconf 90' lang='grc' dir='ltr'>ἀεί.</span> <span class='ocrx_word' id='word_1_169' title='bbox 3265 989 3443 1060; x_wconf 81' lang='grc' dir='ltr'>Δῆλον</span> <span class='ocrx_word' id='word_1_170' title='bbox 3491 989 3582 1045; x_wconf 81' lang='grc' dir='ltr'>οὖν</span> <span class='ocrx_word' id='word_1_171' title='bbox 3619 990 3700 1046; x_wconf 81' lang='grc' dir='ltr'>ὅτι</span> <span class='ocrx_word' id='word_1_172' title='bbox 3729 991 3812 1046; x_wconf 83' lang='grc' dir='ltr'>καὶ</span> 
     </span>
    </p>
   </div>
   <div class='ocr_carea' id='block_1_26' title="bbox 2159 1071 3810 1156">
    <p class='ocr_par' dir='ltr' id='par_1_26' title="bbox 2159 1071 3810 1156">
     <span class='ocr_line' id='line_1_26' title="bbox 2159 1071 3810 1156; baseline 0.007 -34"><span class='ocrx_word' id='word_1_173' title='bbox 2159 1071 2279 1124; x_wconf 73' lang='grc' dir='ltr'>Υἱὸν</span> <span class='ocrx_word' id='word_1_174' title='bbox 2313 1071 2456 1153; x_wconf 78' lang='grc' dir='ltr'>εἶχεν</span> <span class='ocrx_word' id='word_1_175' title='bbox 2511 1074 2612 1128; x_wconf 79' lang='grc' dir='ltr'>ἀεί’</span> <span class='ocrx_word' id='word_1_176' title='bbox 2668 1072 2751 1129; x_wconf 87' lang='grc' dir='ltr'>διὸ</span> <span class='ocrx_word' id='word_1_177' title='bbox 2795 1078 2930 1131; x_wconf 73' lang='grc' dir='ltr'>κατὰ</span> <span class='ocrx_word' id='word_1_178' title='bbox 2980 1077 3080 1145; x_wconf 75' lang='grc' dir='ltr'>τὴν</span> <span class='ocrx_word' id='word_1_179' title='bbox 3137 1080 3402 1154; x_wconf 79' lang='grc' dir='ltr'>χρονικὴν</span> <span class='ocrx_word' id='word_1_180' title='bbox 3455 1079 3656 1156; x_wconf 74' lang='grc' dir='ltr'>ἀρχὴν,</span> <span class='ocrx_word' id='word_1_181' title='bbox 3711 1079 3810 1134; x_wconf 85' lang='grc' dir='ltr'>ὣσ-</span> 
     </span>
    </p>
   </div>
   <div class='ocr_carea' id='block_1_27' title="bbox 2157 1161 3805 1246">
    <p class='ocr_par' dir='ltr' id='par_1_27' title="bbox 2157 1161 3805 1246">
     <span class='ocr_line' id='line_1_27' title="bbox 2157 1161 3805 1246; baseline 0.007 -34"><span class='ocrx_word' id='word_1_182' title='bbox 2157 1179 2256 1234; x_wconf 85' lang='grc' dir='ltr'>περ</span> <span class='ocrx_word' id='word_1_183' title='bbox 2306 1161 2334 1214; x_wconf 87' lang='grc' dir='ltr'><strong>ὁ</strong></span> <span class='ocrx_word' id='word_1_184' title='bbox 2385 1163 2571 1238; x_wconf 79' lang='grc' dir='ltr'>Πατὴρ</span> <span class='ocrx_word' id='word_1_185' title='bbox 2625 1162 2886 1241; x_wconf 78' lang='grc' dir='ltr'>ἄναρχος,</span> <span class='ocrx_word' id='word_1_186' title='bbox 2938 1165 3082 1221; x_wconf 77' lang='grc' dir='ltr'>οὕτω</span> <span class='ocrx_word' id='word_1_187' title='bbox 3130 1166 3221 1221; x_wconf 80' lang='grc' dir='ltr'>καὶ</span> <span class='ocrx_word' id='word_1_188' title='bbox 3277 1168 3305 1222; x_wconf 94' lang='lat'>6</span> <span class='ocrx_word' id='word_1_189' title='bbox 3357 1167 3482 1230; x_wconf 77' lang='grc' dir='ltr'>Υἱὸς</span> <span class='ocrx_word' id='word_1_190' title='bbox 3539 1165 3805 1246; x_wconf 82' lang='grc' dir='ltr'>ἄναρχος·</span> 
     </span>
    </p>
   </div>
   <div class='ocr_carea' id='block_1_28' title="bbox 2156 1247 3813 1333">
    <p class='ocr_par' dir='ltr' id='par_1_28' title="bbox 2156 1247 3813 1333">
     <span class='ocr_line' id='line_1_28' title="bbox 2156 1247 3813 1333; baseline 0.007 -32"><span class='ocrx_word' id='word_1_191' title='bbox 2156 1247 2236 1302; x_wconf 85' lang='grc' dir='ltr'>ἀεὶ</span> <span class='ocrx_word' id='word_1_192' title='bbox 2267 1249 2370 1324; x_wconf 78' lang='grc' dir='ltr'>γὰρ</span> <span class='ocrx_word' id='word_1_193' title='bbox 2413 1253 2477 1320; x_wconf 76' lang='grc' dir='ltr'>ἦν</span> <span class='ocrx_word' id='word_1_194' title='bbox 2511 1253 2540 1306; x_wconf 93' lang='lat'>6</span> <span class='ocrx_word' id='word_1_195' title='bbox 2582 1252 2729 1324; x_wconf 73' lang='grc' dir='ltr'>Υἱὸς,</span> <span class='ocrx_word' id='word_1_196' title='bbox 2783 1254 2870 1308; x_wconf 87' lang='grc' dir='ltr'>καὶ</span> <span class='ocrx_word' id='word_1_197' title='bbox 2929 1254 3011 1309; x_wconf 86' lang='grc' dir='ltr'>ἀεὶ</span> <span class='ocrx_word' id='word_1_198' title='bbox 3063 1256 3209 1328; x_wconf 72' lang='grc' dir='ltr'>Υἱὸς,</span> <span class='ocrx_word' id='word_1_199' title='bbox 3265 1257 3328 1311; x_wconf 90' lang='grc' dir='ltr'>τὸ</span> <span class='ocrx_word' id='word_1_200' title='bbox 3374 1257 3480 1333; x_wconf 82' lang='grc' dir='ltr'>γὰρ</span> <span class='ocrx_word' id='word_1_201' title='bbox 3525 1262 3669 1322; x_wconf 84' lang='grc' dir='ltr'>θεῖον</span> <span class='ocrx_word' id='word_1_202' title='bbox 3695 1277 3813 1332; x_wconf 89' lang='grc' dir='ltr'>τρο-</span> 
     </span>
    </p>
   </div>
   <div class='ocr_carea' id='block_1_29' title="bbox 2155 1338 3812 1424">
    <p class='ocr_par' dir='ltr' id='par_1_29' title="bbox 2155 1338 3812 1424">
     <span class='ocr_line' id='line_1_29' title="bbox 2155 1338 3812 1424; baseline 0.007 -34"><span class='ocrx_word' id='word_1_203' title='bbox 2155 1338 2262 1406; x_wconf 69' lang='grc' dir='ltr'>πὴν</span> <span class='ocrx_word' id='word_1_204' title='bbox 2297 1338 2358 1393; x_wconf 81' lang='grc' dir='ltr'>οὐ</span> <span class='ocrx_word' id='word_1_205' title='bbox 2398 1339 2696 1416; x_wconf 88' lang='grc' dir='ltr'>προσίεται.</span> <span class='ocrx_word' id='word_1_206' title='bbox 2752 1343 2896 1398; x_wconf 84' lang='grc' dir='ltr'>Κατά</span> <span class='ocrx_word' id='word_1_207' title='bbox 2945 1340 3002 1398; x_wconf 76' lang='grc' dir='ltr'>δὲ</span> <span class='ocrx_word' id='word_1_208' title='bbox 3050 1346 3150 1414; x_wconf 74' lang='grc' dir='ltr'>τὴν</span> <span class='ocrx_word' id='word_1_209' title='bbox 3207 1347 3439 1424; x_wconf 76' lang='grc' dir='ltr'>φυσικὴν</span> <span class='ocrx_word' id='word_1_210' title='bbox 3490 1345 3692 1423; x_wconf 78' lang='grc' dir='ltr'>ἀρχὴν,</span> <span class='ocrx_word' id='word_1_211' title='bbox 3742 1343 3812 1402; x_wconf 80' lang='grc' dir='ltr'>εἷ’-</span> 
     </span>
    </p>
   </div>
   <div class='ocr_carea' id='block_1_30' title="bbox 2155 1426 3812 1511">
    <p class='ocr_par' dir='ltr' id='par_1_30' title="bbox 2155 1426 3812 1511">
     <span class='ocr_line' id='line_1_30' title="bbox 2155 1426 3812 1511; baseline 0.006 -31"><span class='ocrx_word' id='word_1_212' title='bbox 2155 1447 2278 1480; x_wconf 89' lang='grc' dir='ltr'>τουν</span> <span class='ocrx_word' id='word_1_213' title='bbox 2329 1429 2390 1482; x_wconf 91' lang='grc' dir='ltr'>τὸ</span> <span class='ocrx_word' id='word_1_214' title='bbox 2423 1426 2612 1502; x_wconf 61' lang='grc' dir='ltr'>αἴτιον,</span> <span class='ocrx_word' id='word_1_215' title='bbox 2648 1430 2746 1486; x_wconf 83' lang='grc' dir='ltr'>οὐκ</span> <span class='ocrx_word' id='word_1_216' title='bbox 2797 1429 3034 1508; x_wconf 82' lang='grc' dir='ltr'>ἄναρχος</span> <span class='ocrx_word' id='word_1_217' title='bbox 3066 1434 3094 1488; x_wconf 92' lang='lat'>6</span> <span class='ocrx_word' id='word_1_218' title='bbox 3128 1433 3272 1505; x_wconf 81' lang='grc' dir='ltr'>Υἱὸς,</span> <span class='ocrx_word' id='word_1_219' title='bbox 3326 1435 3474 1510; x_wconf 76' lang='grc' dir='ltr'>ἀρχὴ</span> <span class='ocrx_word' id='word_1_220' title='bbox 3528 1437 3631 1511; x_wconf 81' lang='grc' dir='ltr'>γάρ</span> <span class='ocrx_word' id='word_1_221' title='bbox 3680 1436 3812 1492; x_wconf 81' lang='grc' dir='ltr'>ἐστιν</span> 
     </span>
    </p>
   </div>
   <div class='ocr_carea' id='block_1_31' title="bbox 2155 1514 3810 1598">
    <p class='ocr_par' dir='ltr' id='par_1_31' title="bbox 2155 1514 3810 1598">
     <span class='ocr_line' id='line_1_31' title="bbox 2155 1514 3810 1598; baseline 0.007 -30"><span class='ocrx_word' id='word_1_222' title='bbox 2155 1514 2319 1570; x_wconf 85' lang='grc' dir='ltr'>αὐτοῦ</span> <span class='ocrx_word' id='word_1_223' title='bbox 2371 1519 2398 1572; x_wconf 97' lang='lat'>6</span> <span class='ocrx_word' id='word_1_224' title='bbox 2459 1520 2669 1592; x_wconf 74' lang='grc' dir='ltr'>Πατὴρ,</span> <span class='ocrx_word' id='word_1_225' title='bbox 2728 1519 3022 1594; x_wconf 79' lang='grc' dir='ltr'>οὖσιώδης,</span> <span class='ocrx_word' id='word_1_226' title='bbox 3084 1521 3146 1577; x_wconf 81' lang='grc' dir='ltr'>οὐ</span> <span class='ocrx_word' id='word_1_227' title='bbox 3199 1520 3599 1598; x_wconf 88' lang='grc' dir='ltr'>δημιουργική.</span> <span class='ocrx_word' id='word_1_228' title='bbox 3639 1524 3810 1586; x_wconf 82' lang='grc' dir='ltr'>Μόνος</span> 
     </span>
    </p>
   </div>
   <div class='ocr_carea' id='block_1_32' title="bbox 2152 1602 3814 1690">
    <p class='ocr_par' dir='ltr' id='par_1_32' title="bbox 2152 1602 3814 1690">
     <span class='ocr_line' id='line_1_32' title="bbox 2152 1602 3814 1690; baseline 0.007 -33"><span class='ocrx_word' id='word_1_229' title='bbox 2152 1602 2332 1658; x_wconf 78' lang='grc' dir='ltr'>τοίνυν</span> <span class='ocrx_word' id='word_1_230' title='bbox 2399 1609 2535 1662; x_wconf 83' lang='grc' dir='ltr'>κατά</span> <span class='ocrx_word' id='word_1_231' title='bbox 2578 1609 2678 1677; x_wconf 77' lang='grc' dir='ltr'>τήν</span> <span class='ocrx_word' id='word_1_232' title='bbox 2749 1611 2980 1688; x_wconf 74' lang='grc' dir='ltr'>φυσικὴν</span> <span class='ocrx_word' id='word_1_233' title='bbox 3035 1612 3213 1687; x_wconf 73' lang='grc' dir='ltr'>ἀρχὴν</span> <span class='ocrx_word' id='word_1_234' title='bbox 3275 1608 3516 1688; x_wconf 75' lang='grc' dir='ltr'>ἄναρχος</span> <span class='ocrx_word' id='word_1_235' title='bbox 3561 1614 3590 1668; x_wconf 90' lang='lat'>6</span> <span class='ocrx_word' id='word_1_236' title='bbox 3633 1615 3814 1690; x_wconf 71' lang='grc' dir='ltr'>Πατὴρ</span> 
     </span>
    </p>
   </div>
   <div class='ocr_carea' id='block_1_33' title="bbox 2157 1691 3815 1770">
    <p class='ocr_par' dir='ltr' id='par_1_33' title="bbox 2157 1691 3815 1770">
     <span class='ocr_line' id='line_1_33' title="bbox 2157 1691 3815 1770; baseline 0.005 -21"><span class='ocrx_word' id='word_1_237' title='bbox 2157 1694 2233 1766; x_wconf 77' lang='grc' dir='ltr'>μὴ</span> <span class='ocrx_word' id='word_1_238' title='bbox 2285 1691 2428 1770; x_wconf 79' lang='grc' dir='ltr'>ἔχων</span> <span class='ocrx_word' id='word_1_239' title='bbox 2481 1696 2601 1752; x_wconf 79' lang='grc' dir='ltr'>τινὰ</span> <span class='ocrx_word' id='word_1_240' title='bbox 2648 1695 2820 1752; x_wconf 77' lang='grc' dir='ltr'>αἶ’τιον</span> <span class='ocrx_word' id='word_1_241' title='bbox 2873 1699 3103 1756; x_wconf 71' lang='grc' dir='ltr'>ἑαυτοῦ.</span> <span class='ocrx_word' id='word_1_242' title='bbox 3156 1701 3257 1755; x_wconf 85' lang='grc' dir='ltr'>Διά</span> <span class='ocrx_word' id='word_1_243' title='bbox 3301 1722 3387 1756; x_wconf 91' lang='grc' dir='ltr'>τοι</span> <span class='ocrx_word' id='word_1_244' title='bbox 3435 1706 3599 1757; x_wconf 90' lang='grc' dir='ltr'>τοῦτο</span> <span class='ocrx_word' id='word_1_245' title='bbox 3653 1703 3742 1757; x_wconf 89' lang='grc' dir='ltr'>καὶ</span> <span class='ocrx_word' id='word_1_246' title='bbox 3789 1703 3815 1756; x_wconf 92' lang='lat'>6</span> 
     </span>
    </p>
   </div>
   <div class='ocr_carea' id='block_1_34' title="bbox 391 1782 2037 1877">
    <p class='ocr_par' dir='ltr' id='par_1_34' title="bbox 391 1782 2037 1856">
     <span class='ocr_line' id='line_1_34' title="bbox 391 1782 2037 1856; baseline -0.005 -14"><span class='ocrx_word' id='word_1_247' title='bbox 391 1786 590 1843; x_wconf 88' lang='lat' dir='ltr'>minus</span> <span class='ocrx_word' id='word_1_248' title='bbox 620 1789 852 1841; x_wconf 88' lang='lat' dir='ltr'>Patrem</span> <span class='ocrx_word' id='word_1_249' title='bbox 884 1800 1059 1840; x_wconf 91' lang='lat' dir='ltr'>suum</span> <span class='ocrx_word' id='word_1_250' title='bbox 1081 1782 1415 1856; x_wconf 86' lang='lat' dir='ltr'>glorificans</span> <span class='ocrx_word' id='word_1_251' title='bbox 1443 1782 1868 1837; x_wconf 77' lang='lat' dir='ltr'>dicebatzPaler</span> <span class='ocrx_word' id='word_1_252' title='bbox 1890 1795 2037 1835; x_wconf 64' lang='lat' dir='ltr'>meus</span> 
     </span>
    </p>
   </div>
   <div class='ocr_carea' id='block_1_35' title="bbox 2148 1782 3810 1877">
    <p class='ocr_par' dir='ltr' id='par_1_35' title="bbox 2159 1782 3810 1877">
     <span class='ocr_line' id='line_1_35' title="bbox 2159 1782 3810 1877; baseline 0.007 -41"><span class='ocrx_word' id='word_1_253' title='bbox 2159 1782 2355 1858; x_wconf 64' lang='grc' dir='ltr'>Κύριος</span> <span class='ocrx_word' id='word_1_254' title='bbox 2413 1785 2502 1877; x_wconf 82' lang='grc' dir='ltr'>τὸν</span> <span class='ocrx_word' id='word_1_255' title='bbox 2555 1785 2719 1840; x_wconf 79' lang='grc' dir='ltr'>αὐτοῦ</span> <span class='ocrx_word' id='word_1_256' title='bbox 2772 1787 2985 1858; x_wconf 87' lang='grc' dir='ltr'>Πατέρα</span> <span class='ocrx_word' id='word_1_257' title='bbox 3031 1792 3209 1862; x_wconf 91' lang='grc' dir='ltr'>τιμῶν</span> <span class='ocrx_word' id='word_1_258' title='bbox 3257 1786 3462 1866; x_wconf 66' lang='grc' dir='ltr'>ἔλεγεν·</span> <span class='ocrx_word' id='word_1_259' title='bbox 3519 1793 3576 1845; x_wconf 73' lang='grc' dir='ltr'><strong>Ὀ</strong></span> <span class='ocrx_word' id='word_1_260' title='bbox 3617 1793 3810 1867; x_wconf 85' lang='grc' dir='ltr'>Πατήρ</span> 
     </span>
    </p>
   </div>
   <div class='ocr_carea' id='block_1_36' title="bbox 389 1872 2052 1949">
    <p class='ocr_par' dir='ltr' id='par_1_36' title="bbox 389 1872 2052 1949">
     <span class='ocr_line' id='line_1_36' title="bbox 389 1872 2052 1949; baseline -0.005 -17"><span class='ocrx_word' id='word_1_261' title='bbox 389 1877 568 1949; x_wconf 87' lang='lat' dir='ltr'>major</span> <span class='ocrx_word' id='word_1_262' title='bbox 593 1891 680 1931; x_wconf 80' lang='lat' dir='ltr'>me</span> <span class='ocrx_word' id='word_1_263' title='bbox 708 1879 790 1931; x_wconf 80' lang='lat' dir='ltr'>est</span> <span class='ocrx_word' id='word_1_264' title='bbox 821 1877 836 1910; x_wconf 74' lang='grc' dir='ltr'>ί</span> <span class='ocrx_word' id='word_1_265' title='bbox 865 1891 878 1942; x_wconf 88' lang='grc'>;</span> <span class='ocrx_word' id='word_1_266' title='bbox 907 1875 1096 1945; x_wconf 88' lang='lat' dir='ltr'>major</span> <span class='ocrx_word' id='word_1_267' title='bbox 1125 1877 1191 1928; x_wconf 89' lang='lat' dir='ltr'>ut</span> <span class='ocrx_word' id='word_1_268' title='bbox 1222 1872 1510 1944; x_wconf 90' lang='lat' dir='ltr'>principio</span> <span class='ocrx_word' id='word_1_269' title='bbox 1542 1874 1841 1937; x_wconf 87' lang='lat' dir='ltr'>carens,ut</span> <span class='ocrx_word' id='word_1_270' title='bbox 1871 1884 2052 1925; x_wconf 88' lang='lat' dir='ltr'>causa</span> 
     </span>
    </p>
   </div>
   <div class='ocr_carea' id='block_1_37' title="bbox 387 1959 2049 2036">
    <p class='ocr_par' dir='ltr' id='par_1_37' title="bbox 387 1959 2049 2036">
     <span class='ocr_line' id='line_1_37' title="bbox 387 1959 2049 2036; baseline -0.005 -15"><span class='ocrx_word' id='word_1_271' title='bbox 387 1981 614 2034; x_wconf 90' lang='lat' dir='ltr'>carens,</span> <span class='ocrx_word' id='word_1_272' title='bbox 645 1969 712 2020; x_wconf 91' lang='lat' dir='ltr'>ut</span> <span class='ocrx_word' id='word_1_273' title='bbox 742 1963 1099 2036; x_wconf 88' lang='lat' dir='ltr'>principium</span> <span class='ocrx_word' id='word_1_274' title='bbox 1147 1960 1416 2032; x_wconf 83' lang='lat' dir='ltr'>naturale</span> <span class='ocrx_word' id='word_1_275' title='bbox 1446 1964 1504 2015; x_wconf 91' lang='lat' dir='ltr'>et</span> <span class='ocrx_word' id='word_1_276' title='bbox 1531 1977 1708 2016; x_wconf 88' lang='lat' dir='ltr'>causa</span> <span class='ocrx_word' id='word_1_277' title='bbox 1762 1959 2049 2015; x_wconf 88' lang='lat' dir='ltr'>substan-</span> 
     </span>
    </p>
   </div>
   <div class='ocr_carea' id='block_1_38' title="bbox 385 2046 2053 2124">
    <p class='ocr_par' dir='ltr' id='par_1_38' title="bbox 385 2046 2053 2124">
     <span class='ocr_line' id='line_1_38' title="bbox 385 2046 2053 2124; baseline -0.004 -15"><span class='ocrx_word' id='word_1_278' title='bbox 385 2046 557 2110; x_wconf 62' lang='lat' dir='ltr'>tialis</span> <span class='ocrx_word' id='word_1_279' title='bbox 588 2052 740 2110; x_wconf 89' lang='lat' dir='ltr'>Filii.</span> <span class='ocrx_word' id='word_1_280' title='bbox 775 2053 842 2108; x_wconf 89' lang='lat' dir='ltr'>Et</span> <span class='ocrx_word' id='word_1_281' title='bbox 888 2069 1116 2123; x_wconf 89' lang='lat' dir='ltr'>rursus,</span> <span class='ocrx_word' id='word_1_282' title='bbox 1150 2049 1652 2124; x_wconf 90' lang='lat' dir='ltr'>quemadmodum</span> <span class='ocrx_word' id='word_1_283' title='bbox 1683 2047 1770 2104; x_wconf 92' lang='lat' dir='ltr'>sol</span> <span class='ocrx_word' id='word_1_284' title='bbox 1807 2053 2053 2103; x_wconf 85' lang='lat' dir='ltr'>natura-</span> 
     </span>
    </p>
   </div>
   <div class='ocr_carea' id='block_1_39' title="bbox 387 2135 2051 2213">
    <p class='ocr_par' dir='ltr' id='par_1_39' title="bbox 387 2135 2051 2213">
     <span class='ocr_line' id='line_1_39' title="bbox 387 2135 2051 2213; baseline -0.004 -18"><span class='ocrx_word' id='word_1_285' title='bbox 387 2138 524 2198; x_wconf 87' lang='lat' dir='ltr'>liter</span> <span class='ocrx_word' id='word_1_286' title='bbox 554 2145 611 2199; x_wconf 89' lang='lat' dir='ltr'>et</span> <span class='ocrx_word' id='word_1_287' title='bbox 656 2142 881 2213; x_wconf 89' lang='lat' dir='ltr'>absque</span> <span class='ocrx_word' id='word_1_288' title='bbox 911 2139 1031 2196; x_wconf 91' lang='lat' dir='ltr'>ulla</span> <span class='ocrx_word' id='word_1_289' title='bbox 1078 2139 1380 2196; x_wconf 71' lang='lat' dir='ltr'>affectione</span> <span class='ocrx_word' id='word_1_290' title='bbox 1421 2137 1507 2194; x_wconf 90' lang='lat' dir='ltr'>vel</span> <span class='ocrx_word' id='word_1_291' title='bbox 1540 2137 1784 2211; x_wconf 87' lang='lat' dir='ltr'>segnitie</span> <span class='ocrx_word' id='word_1_292' title='bbox 1837 2135 2051 2191; x_wconf 86' lang='lat' dir='ltr'>emittit</span> 
     </span>
    </p>
   </div>
   <div class='ocr_carea' id='block_1_40' title="bbox 388 2225 2046 2302">
    <p class='ocr_par' dir='ltr' id='par_1_40' title="bbox 388 2225 2046 2302">
     <span class='ocr_line' id='line_1_40' title="bbox 388 2225 2046 2302; baseline -0.005 -14"><span class='ocrx_word' id='word_1_293' title='bbox 388 2232 604 2300; x_wconf 87' lang='lat' dir='ltr'>lucem,</span> <span class='ocrx_word' id='word_1_294' title='bbox 638 2247 743 2288; x_wconf 90' lang='lat' dir='ltr'>nec</span> <span class='ocrx_word' id='word_1_295' title='bbox 789 2234 1096 2302; x_wconf 87' lang='lat' dir='ltr'>separatur</span> <span class='ocrx_word' id='word_1_296' title='bbox 1124 2246 1158 2284; x_wconf 94' lang='lat' dir='ltr'>a</span> <span class='ocrx_word' id='word_1_297' title='bbox 1187 2228 1317 2284; x_wconf 91' lang='lat' dir='ltr'>luce</span> <span class='ocrx_word' id='word_1_298' title='bbox 1349 2247 1362 2297; x_wconf 89' lang='lat'><strong>;</strong></span> <span class='ocrx_word' id='word_1_299' title='bbox 1396 2227 1498 2283; x_wconf 79' lang='lat' dir='ltr'>lux</span> <span class='ocrx_word' id='word_1_300' title='bbox 1526 2227 1683 2282; x_wconf 91' lang='lat' dir='ltr'>enim</span> <span class='ocrx_word' id='word_1_301' title='bbox 1735 2231 1791 2282; x_wconf 89' lang='lat' dir='ltr'>et</span> <span class='ocrx_word' id='word_1_302' title='bbox 1821 2243 1890 2281; x_wconf 83' lang='lat' dir='ltr'>ex</span> <span class='ocrx_word' id='word_1_303' title='bbox 1915 2225 2046 2297; x_wconf 91' lang='lat' dir='ltr'>ipso</span> 
     </span>
    </p>
   </div>
   <div class='ocr_carea' id='block_1_41' title="bbox 388 2315 2047 2392">
    <p class='ocr_par' dir='ltr' id='par_1_41' title="bbox 388 2315 2047 2392">
     <span class='ocr_line' id='line_1_41' title="bbox 388 2315 2047 2392; baseline -0.004 -16"><span class='ocrx_word' id='word_1_304' title='bbox 388 2325 447 2376; x_wconf 86' lang='lat' dir='ltr'>et</span> <span class='ocrx_word' id='word_1_305' title='bbox 477 2320 540 2376; x_wconf 91' lang='lat' dir='ltr'>in</span> <span class='ocrx_word' id='word_1_306' title='bbox 565 2320 694 2392; x_wconf 90' lang='lat' dir='ltr'>ipso</span> <span class='ocrx_word' id='word_1_307' title='bbox 745 2324 873 2388; x_wconf 88' lang='lat' dir='ltr'>est;</span> <span class='ocrx_word' id='word_1_308' title='bbox 905 2317 1086 2376; x_wconf 90' lang='lat' dir='ltr'>simili</span> <span class='ocrx_word' id='word_1_309' title='bbox 1118 2319 1236 2374; x_wconf 84' lang='lat' dir='ltr'>fere</span> <span class='ocrx_word' id='word_1_310' title='bbox 1267 2317 1439 2373; x_wconf 89' lang='lat' dir='ltr'>modo</span> <span class='ocrx_word' id='word_1_311' title='bbox 1485 2317 1653 2372; x_wconf 88' lang='lat' dir='ltr'>Pater</span> <span class='ocrx_word' id='word_1_312' title='bbox 1683 2315 2047 2372; x_wconf 86' lang='lat' dir='ltr'>substantia-</span> 
     </span>
    </p>
   </div>
   <div class='ocr_carea' id='block_1_42' title="bbox 389 2403 2044 2481">
    <p class='ocr_par' dir='ltr' id='par_1_42' title="bbox 389 2403 2044 2481">
     <span class='ocr_line' id='line_1_42' title="bbox 389 2403 2044 2481; baseline -0.004 -16"><span class='ocrx_word' id='word_1_313' title='bbox 389 2409 524 2466; x_wconf 88' lang='lat' dir='ltr'>liter</span> <span class='ocrx_word' id='word_1_314' title='bbox 535 2409 757 2481; x_wconf 85' lang='lat' dir='ltr'>absque</span> <span class='ocrx_word' id='word_1_315' title='bbox 771 2409 1591 2481; x_wconf 84' lang='lat' dir='ltr'>passione,extraquetempus</span> <span class='ocrx_word' id='word_1_316' title='bbox 1605 2405 1794 2478; x_wconf 86' lang='lat' dir='ltr'>gignit</span> <span class='ocrx_word' id='word_1_317' title='bbox 1808 2403 2044 2472; x_wconf 89' lang='lat' dir='ltr'>Filium,</span> 
     </span>
    </p>
   </div>
   <div class='ocr_carea' id='block_1_43' title="bbox 392 2492 2046 2570">
    <p class='ocr_par' dir='ltr' id='par_1_43' title="bbox 392 2492 2046 2570">
     <span class='ocr_line' id='line_1_43' title="bbox 392 2492 2046 2570; baseline -0.005 -15"><span class='ocrx_word' id='word_1_318' title='bbox 392 2515 497 2554; x_wconf 87' lang='lat' dir='ltr'>nec</span> <span class='ocrx_word' id='word_1_319' title='bbox 518 2497 638 2554; x_wconf 93' lang='lat' dir='ltr'>ullo</span> <span class='ocrx_word' id='word_1_320' title='bbox 661 2499 832 2554; x_wconf 92' lang='lat' dir='ltr'>modo</span> <span class='ocrx_word' id='word_1_321' title='bbox 854 2501 1157 2570; x_wconf 87' lang='lat' dir='ltr'>separatur</span> <span class='ocrx_word' id='word_1_322' title='bbox 1178 2513 1210 2552; x_wconf 90' lang='lat' dir='ltr'>a</span> <span class='ocrx_word' id='word_1_323' title='bbox 1230 2495 1393 2563; x_wconf 89' lang='lat' dir='ltr'>Filio;</span> <span class='ocrx_word' id='word_1_324' title='bbox 1410 2499 1499 2550; x_wconf 88' lang='lat' dir='ltr'>est</span> <span class='ocrx_word' id='word_1_325' title='bbox 1520 2494 1677 2550; x_wconf 92' lang='lat' dir='ltr'>enim</span> <span class='ocrx_word' id='word_1_326' title='bbox 1701 2492 1882 2548; x_wconf 88' lang='lat' dir='ltr'>Filius</span> <span class='ocrx_word' id='word_1_327' title='bbox 1909 2497 1964 2548; x_wconf 84' lang='lat' dir='ltr'>et</span> <span class='ocrx_word' id='word_1_328' title='bbox 1978 2509 2046 2547; x_wconf 87' lang='lat' dir='ltr'>ex</span> 
     </span>
    </p>
   </div>
   <div class='ocr_carea' id='block_1_44' title="bbox 389 2583 2045 2659">
    <p class='ocr_par' dir='ltr' id='par_1_44' title="bbox 389 2583 2045 2659">
     <span class='ocr_line' id='line_1_44' title="bbox 389 2583 2045 2659; baseline -0.004 -16"><span class='ocrx_word' id='word_1_329' title='bbox 389 2586 558 2643; x_wconf 87' lang='lat' dir='ltr'>Patre</span> <span class='ocrx_word' id='word_1_330' title='bbox 576 2603 809 2659; x_wconf 88' lang='lat' dir='ltr'>semper</span> <span class='ocrx_word' id='word_1_331' title='bbox 828 2587 960 2643; x_wconf 90' lang='lat' dir='ltr'>etin</span> <span class='ocrx_word' id='word_1_332' title='bbox 986 2587 1154 2642; x_wconf 89' lang='lat' dir='ltr'>Patre</span> <span class='ocrx_word' id='word_1_333' title='bbox 1171 2601 1419 2657; x_wconf 89' lang='lat' dir='ltr'>semper,</span> <span class='ocrx_word' id='word_1_334' title='bbox 1445 2589 1502 2640; x_wconf 89' lang='lat' dir='ltr'>et</span> <span class='ocrx_word' id='word_1_335' title='bbox 1526 2583 1693 2639; x_wconf 89' lang='lat' dir='ltr'>Pater</span> <span class='ocrx_word' id='word_1_336' title='bbox 1714 2583 1772 2637; x_wconf 90' lang='lat' dir='ltr'>in</span> <span class='ocrx_word' id='word_1_337' title='bbox 1797 2599 1863 2638; x_wconf 93' lang='lat' dir='ltr'>eo</span> <span class='ocrx_word' id='word_1_338' title='bbox 1895 2597 2045 2638; x_wconf 91' lang='lat' dir='ltr'>sem-</span> 
     </span>
    </p>
   </div>
   <div class='ocr_carea' id='block_1_45' title="bbox 385 2671 2041 2750">
    <p class='ocr_par' dir='ltr' id='par_1_45' title="bbox 385 2671 2041 2750">
     <span class='ocr_line' id='line_1_45' title="bbox 385 2671 2041 2750; baseline -0.005 -16"><span class='ocrx_word' id='word_1_339' title='bbox 385 2680 584 2750; x_wconf 87' lang='lat' dir='ltr'>per.Et</span> <span class='ocrx_word' id='word_1_340' title='bbox 603 2677 856 2749; x_wconf 88' lang='lat' dir='ltr'>Spiritus</span> <span class='ocrx_word' id='word_1_341' title='bbox 887 2680 1129 2732; x_wconf 88' lang='lat' dir='ltr'>sanctus</span> <span class='ocrx_word' id='word_1_342' title='bbox 1162 2690 1230 2730; x_wconf 83' lang='lat' dir='ltr'>ex</span> <span class='ocrx_word' id='word_1_343' title='bbox 1251 2678 1419 2729; x_wconf 90' lang='lat' dir='ltr'>Patre</span> <span class='ocrx_word' id='word_1_344' title='bbox 1439 2671 1701 2744; x_wconf 89' lang='lat' dir='ltr'>procedit</span> <span class='ocrx_word' id='word_1_345' title='bbox 1723 2675 2041 2743; x_wconf 89' lang='lat' dir='ltr'>semper,et</span> 
     </span>
    </p>
   </div>
   <div class='ocr_carea' id='block_1_46' title="bbox 388 2761 2045 2836">
    <p class='ocr_par' dir='ltr' id='par_1_46' title="bbox 388 2761 2045 2836">
     <span class='ocr_line' id='line_1_46' title="bbox 388 2761 2045 2836; baseline -0.004 -15"><span class='ocrx_word' id='word_1_346' title='bbox 388 2767 448 2821; x_wconf 93' lang='lat' dir='ltr'>in</span> <span class='ocrx_word' id='word_1_347' title='bbox 473 2769 640 2822; x_wconf 88' lang='lat' dir='ltr'>Patre</span> <span class='ocrx_word' id='word_1_348' title='bbox 663 2765 917 2836; x_wconf 88' lang='lat' dir='ltr'>Filioque</span> <span class='ocrx_word' id='word_1_349' title='bbox 940 2781 1171 2836; x_wconf 91' lang='lat' dir='ltr'>semper</span> <span class='ocrx_word' id='word_1_350' title='bbox 1191 2768 1300 2819; x_wconf 90' lang='lat' dir='ltr'>est.</span> <span class='ocrx_word' id='word_1_351' title='bbox 1327 2763 1532 2818; x_wconf 91' lang='lat' dir='ltr'>Monas</span> <span class='ocrx_word' id='word_1_352' title='bbox 1555 2761 1736 2834; x_wconf 85' lang='lat' dir='ltr'>igitur</span> <span class='ocrx_word' id='word_1_353' title='bbox 1757 2765 1812 2817; x_wconf 84' lang='lat' dir='ltr'>et</span> <span class='ocrx_word' id='word_1_354' title='bbox 1835 2777 2045 2816; x_wconf 83' lang='lat' dir='ltr'>secun-</span> 
     </span>
    </p>
   </div>
   <div class='ocr_carea' id='block_1_47' title="bbox 391 2851 2042 2917">
    <p class='ocr_par' dir='ltr' id='par_1_47' title="bbox 391 2851 2042 2917">
     <span class='ocr_line' id='line_1_47' title="bbox 391 2851 2042 2917; baseline -0.005 -5"><span class='ocrx_word' id='word_1_355' title='bbox 391 2857 534 2912; x_wconf 89' lang='lat' dir='ltr'>dum</span> <span class='ocrx_word' id='word_1_356' title='bbox 566 2855 710 2911; x_wconf 90' lang='lat' dir='ltr'>illud</span> <span class='ocrx_word' id='word_1_357' title='bbox 729 2853 1106 2910; x_wconf 87' lang='lat' dir='ltr'>constituitur</span> <span class='ocrx_word' id='word_1_358' title='bbox 1123 2857 1327 2908; x_wconf 88' lang='lat' dir='ltr'>sancta</span> <span class='ocrx_word' id='word_1_359' title='bbox 1356 2851 1698 2917; x_wconf 87' lang='lat' dir='ltr'>Trinitas,et</span> <span class='ocrx_word' id='word_1_360' title='bbox 1717 2851 2042 2905; x_wconf 89' lang='lat' dir='ltr'>secundum</span> 
     </span>
    </p>
   </div>
   <div class='ocr_carea' id='block_1_48' title="bbox 397 2940 2047 3016">
    <p class='ocr_par' dir='ltr' id='par_1_48' title="bbox 397 2940 2047 3016">
     <span class='ocr_line' id='line_1_48' title="bbox 397 2940 2047 3016; baseline -0.006 -14"><span class='ocrx_word' id='word_1_361' title='bbox 397 2946 595 3002; x_wconf 90' lang='lat' dir='ltr'>omnia</span> <span class='ocrx_word' id='word_1_362' title='bbox 639 2944 900 3016; x_wconf 90' lang='lat' dir='ltr'>quidem,</span> <span class='ocrx_word' id='word_1_363' title='bbox 941 2942 1217 3016; x_wconf 90' lang='lat' dir='ltr'>sepositis</span> <span class='ocrx_word' id='word_1_364' title='bbox 1260 2940 1734 3013; x_wconf 85' lang='lat' dir='ltr'>prOprietatibus,</span> <span class='ocrx_word' id='word_1_365' title='bbox 1768 2943 1942 2994; x_wconf 90' lang='lat' dir='ltr'>Pater</span> <span class='ocrx_word' id='word_1_366' title='bbox 1989 2943 2047 2994; x_wconf 93' lang='lat' dir='ltr'>et</span> 
     </span>
    </p>
   </div>
   <div class='ocr_carea' id='block_1_49' title="bbox 397 3027 2046 3105">
    <p class='ocr_par' dir='ltr' id='par_1_49' title="bbox 397 3027 2046 3105">
     <span class='ocr_line' id='line_1_49' title="bbox 397 3027 2046 3105; baseline -0.004 -15"><span class='ocrx_word' id='word_1_367' title='bbox 397 3034 579 3091; x_wconf 90' lang='lat' dir='ltr'>Filius</span> <span class='ocrx_word' id='word_1_368' title='bbox 625 3037 683 3088; x_wconf 91' lang='lat' dir='ltr'>et</span> <span class='ocrx_word' id='word_1_369' title='bbox 727 3032 982 3105; x_wconf 89' lang='lat' dir='ltr'>Spiritus</span> <span class='ocrx_word' id='word_1_370' title='bbox 1028 3035 1267 3087; x_wconf 89' lang='lat' dir='ltr'>sanctus</span> <span class='ocrx_word' id='word_1_371' title='bbox 1319 3045 1506 3085; x_wconf 90' lang='lat' dir='ltr'>unum</span> <span class='ocrx_word' id='word_1_372' title='bbox 1539 3032 1696 3083; x_wconf 89' lang='lat' dir='ltr'>sunt.</span> <span class='ocrx_word' id='word_1_373' title='bbox 1749 3027 2046 3083; x_wconf 82' lang='lat' dir='ltr'>Perfectus</span> 
     </span>
    </p>
   </div>
   <div class='ocr_carea' id='block_1_50' title="bbox 397 3116 2044 3193">
    <p class='ocr_par' dir='ltr' id='par_1_50' title="bbox 397 3116 2044 3193">
     <span class='ocr_line' id='line_1_50' title="bbox 397 3116 2044 3193; baseline -0.005 -13"><span class='ocrx_word' id='word_1_374' title='bbox 397 3124 552 3180; x_wconf 88' lang='lat' dir='ltr'>Deus</span> <span class='ocrx_word' id='word_1_375' title='bbox 583 3127 672 3179; x_wconf 88' lang='lat' dir='ltr'>est</span> <span class='ocrx_word' id='word_1_376' title='bbox 719 3126 926 3190; x_wconf 90' lang='lat' dir='ltr'>Pater;</span> <span class='ocrx_word' id='word_1_377' title='bbox 959 3121 1250 3193; x_wconf 87' lang='lat' dir='ltr'>perfectus</span> <span class='ocrx_word' id='word_1_378' title='bbox 1299 3120 1451 3175; x_wconf 90' lang='lat' dir='ltr'>Deus</span> <span class='ocrx_word' id='word_1_379' title='bbox 1495 3116 1714 3185; x_wconf 89' lang='lat' dir='ltr'>Filius;</span> <span class='ocrx_word' id='word_1_380' title='bbox 1751 3116 2044 3189; x_wconf 86' lang='lat' dir='ltr'>perfectus</span> 
     </span>
    </p>
   </div>
   <div class='ocr_carea' id='block_1_51' title="bbox 2171 1873 3815 1956">
    <p class='ocr_par' dir='ltr' id='par_1_51' title="bbox 2171 1873 3815 1956">
     <span class='ocr_line' id='line_1_51' title="bbox 2171 1873 3815 1956; baseline 0.006 -31"><span class='ocrx_word' id='word_1_381' title='bbox 2171 1892 2276 1944; x_wconf 87' lang='grc' dir='ltr'>μου</span> <span class='ocrx_word' id='word_1_382' title='bbox 2335 1873 2533 1946; x_wconf 87' lang='grc' dir='ltr'>μείζων</span> <span class='ocrx_word' id='word_1_383' title='bbox 2614 1874 2718 1947; x_wconf 82' lang='grc' dir='ltr'>μού</span> <span class='ocrx_word' id='word_1_384' title='bbox 2787 1877 2936 1931; x_wconf 73' lang='grc' dir='ltr'>ἑστι.</span> <span class='ocrx_word' id='word_1_385' title='bbox 2994 1878 3210 1947; x_wconf 88' lang='grc' dir='ltr'>Μείζων</span> <span class='ocrx_word' id='word_1_386' title='bbox 3265 1879 3341 1941; x_wconf 84' lang='grc' dir='ltr'>ὡς</span> <span class='ocrx_word' id='word_1_387' title='bbox 3401 1876 3688 1956; x_wconf 76' lang='grc' dir='ltr'>ἄναρχος,</span> <span class='ocrx_word' id='word_1_388' title='bbox 3745 1881 3815 1942; x_wconf 83' lang='grc' dir='ltr'>ὡς</span> 
     </span>
    </p>
   </div>
   <div class='ocr_carea' id='block_1_52' title="bbox 2167 1961 3815 2040">
    <p class='ocr_par' dir='ltr' id='par_1_52' title="bbox 2167 1961 3815 2040">
     <span class='ocr_line' id='line_1_52' title="bbox 2167 1961 3815 2040; baseline 0.006 -25"><span class='ocrx_word' id='word_1_389' title='bbox 2167 1961 2426 2034; x_wconf 84' lang='grc' dir='ltr'>ἀναίτιος,</span> <span class='ocrx_word' id='word_1_390' title='bbox 2477 1963 2552 2025; x_wconf 84' lang='grc' dir='ltr'>ὡς</span> <span class='ocrx_word' id='word_1_391' title='bbox 2609 1963 2756 2040; x_wconf 79' lang='grc' dir='ltr'>ἀρχὴ</span> <span class='ocrx_word' id='word_1_392' title='bbox 2815 1967 3062 2037; x_wconf 79' lang='grc' dir='ltr'>φυσικὴ,</span> <span class='ocrx_word' id='word_1_393' title='bbox 3110 1967 3200 2022; x_wconf 83' lang='grc' dir='ltr'>καὶ</span> <span class='ocrx_word' id='word_1_394' title='bbox 3248 1969 3366 2022; x_wconf 86' lang='grc' dir='ltr'>κατ’</span> <span class='ocrx_word' id='word_1_395' title='bbox 3413 1969 3600 2024; x_wconf 78' lang='grc' dir='ltr'>οὐσίαν</span> <span class='ocrx_word' id='word_1_396' title='bbox 3647 1967 3815 2032; x_wconf 63' lang='grc' dir='ltr'>αἰίτιος</span> 
     </span>
    </p>
   </div>
   <div class='ocr_carea' id='block_1_53' title="bbox 2162 2051 3814 2135">
    <p class='ocr_par' dir='ltr' id='par_1_53' title="bbox 2162 2051 3814 2135">
     <span class='ocr_line' id='line_1_53' title="bbox 2162 2051 3814 2135; baseline 0.007 -32"><span class='ocrx_word' id='word_1_397' title='bbox 2162 2055 2258 2104; x_wconf 88' lang='grc' dir='ltr'>τοῦ</span> <span class='ocrx_word' id='word_1_398' title='bbox 2312 2053 2460 2106; x_wconf 72' lang='grc' dir='ltr'>Υἱοῦ.</span> <span class='ocrx_word' id='word_1_399' title='bbox 2522 2055 2725 2130; x_wconf 85' lang='grc' dir='ltr'>Ὥσπερ</span> <span class='ocrx_word' id='word_1_400' title='bbox 2771 2051 2818 2108; x_wconf 91' lang='grc' dir='ltr'>δ’</span> <span class='ocrx_word' id='word_1_401' title='bbox 2868 2055 2933 2109; x_wconf 81' lang='grc' dir='ltr'>αὗ</span> <span class='ocrx_word' id='word_1_402' title='bbox 2983 2056 3010 2110; x_wconf 94' lang='lat'>6</span> <span class='ocrx_word' id='word_1_403' title='bbox 3061 2054 3225 2125; x_wconf 74' lang='grc' dir='ltr'>ἥλιος</span> <span class='ocrx_word' id='word_1_404' title='bbox 3275 2061 3514 2135; x_wconf 80' lang='grc' dir='ltr'>φυσικῶς</span> <span class='ocrx_word' id='word_1_405' title='bbox 3564 2059 3655 2114; x_wconf 87' lang='grc' dir='ltr'>καὶ</span> <span class='ocrx_word' id='word_1_406' title='bbox 3698 2060 3814 2114; x_wconf 76' lang='grc' dir='ltr'>ἄνευ</span> 
     </span>
    </p>
   </div>
   <div class='ocr_carea' id='block_1_54' title="bbox 2159 2140 3813 2226">
    <p class='ocr_par' dir='ltr' id='par_1_54' title="bbox 2159 2140 3813 2226">
     <span class='ocr_line' id='line_1_54' title="bbox 2159 2140 3813 2226; baseline 0.005 -33"><span class='ocrx_word' id='word_1_407' title='bbox 2159 2140 2306 2194; x_wconf 84' lang='grc' dir='ltr'>τινὸς</span> <span class='ocrx_word' id='word_1_408' title='bbox 2354 2140 2578 2214; x_wconf 83' lang='grc' dir='ltr'>πάθους,</span> <span class='ocrx_word' id='word_1_409' title='bbox 2611 2143 2645 2211; x_wconf 71' lang='grc' dir='ltr'><strong>ἢ</strong></span> <span class='ocrx_word' id='word_1_410' title='bbox 2701 2141 3039 2218; x_wconf 69' lang='grc' dir='ltr'>βραδύτητος</span> <span class='ocrx_word' id='word_1_411' title='bbox 3092 2144 3373 2219; x_wconf 73' lang='grc' dir='ltr'>ἐκπέμψας</span> <span class='ocrx_word' id='word_1_412' title='bbox 3422 2147 3483 2201; x_wconf 88' lang='grc' dir='ltr'>τὸ</span> <span class='ocrx_word' id='word_1_413' title='bbox 3531 2152 3669 2226; x_wconf 81' lang='grc' dir='ltr'>φῶς,</span> <span class='ocrx_word' id='word_1_414' title='bbox 3719 2148 3813 2204; x_wconf 74' lang='grc' dir='ltr'>οὐκ</span> 
     </span>
    </p>
   </div>
   <div class='ocr_carea' id='block_1_55' title="bbox 2160 2227 3810 2313">
    <p class='ocr_par' dir='ltr' id='par_1_55' title="bbox 2160 2227 3810 2313">
     <span class='ocr_line' id='line_1_55' title="bbox 2160 2227 3810 2313; baseline 0.007 -31"><span class='ocrx_word' id='word_1_415' title='bbox 2160 2227 2530 2302; x_wconf 86' lang='grc' dir='ltr'>ἀποτέτμηται</span> <span class='ocrx_word' id='word_1_416' title='bbox 2562 2236 2658 2285; x_wconf 86' lang='grc' dir='ltr'>τοῦ</span> <span class='ocrx_word' id='word_1_417' title='bbox 2692 2233 2892 2309; x_wconf 75' lang='grc' dir='ltr'>φωτὸς,</span> <span class='ocrx_word' id='word_1_418' title='bbox 2944 2231 3055 2288; x_wconf 81' lang='grc' dir='ltr'>ἔστι</span> <span class='ocrx_word' id='word_1_419' title='bbox 3107 2235 3210 2310; x_wconf 76' lang='grc' dir='ltr'>γὰρ</span> <span class='ocrx_word' id='word_1_420' title='bbox 3257 2236 3321 2290; x_wconf 90' lang='grc' dir='ltr'>τὸ</span> <span class='ocrx_word' id='word_1_421' title='bbox 3370 2240 3485 2313; x_wconf 78' lang='grc' dir='ltr'>φῶς</span> <span class='ocrx_word' id='word_1_422' title='bbox 3515 2236 3606 2292; x_wconf 81' lang='grc' dir='ltr'>καὶ</span> <span class='ocrx_word' id='word_1_423' title='bbox 3639 2237 3690 2309; x_wconf 76' lang='grc' dir='ltr'><strong>ἐξ</strong></span> <span class='ocrx_word' id='word_1_424' title='bbox 3721 2235 3810 2292; x_wconf 79' lang='grc' dir='ltr'>αὖ·</span> 
     </span>
    </p>
   </div>
   <div class='ocr_carea' id='block_1_56' title="bbox 2158 2318 3810 2400">
    <p class='ocr_par' dir='ltr' id='par_1_56' title="bbox 2158 2318 3810 2400">
     <span class='ocr_line' id='line_1_56' title="bbox 2158 2318 3810 2400; baseline 0.006 -28"><span class='ocrx_word' id='word_1_425' title='bbox 2158 2322 2254 2372; x_wconf 89' lang='grc' dir='ltr'>τοῦ</span> <span class='ocrx_word' id='word_1_426' title='bbox 2295 2318 2384 2374; x_wconf 87' lang='grc' dir='ltr'>καὶ</span> <span class='ocrx_word' id='word_1_427' title='bbox 2435 2318 2486 2373; x_wconf 86' lang='grc' dir='ltr'>ἐν</span> <span class='ocrx_word' id='word_1_428' title='bbox 2537 2320 2702 2392; x_wconf 77' lang='grc' dir='ltr'>αὐτῷ’</span> <span class='ocrx_word' id='word_1_429' title='bbox 2752 2321 3156 2397; x_wconf 80' lang='grc' dir='ltr'>παραπλησίως</span> <span class='ocrx_word' id='word_1_430' title='bbox 3207 2325 3235 2379; x_wconf 93' lang='lat'>6</span> <span class='ocrx_word' id='word_1_431' title='bbox 3292 2325 3480 2400; x_wconf 78' lang='grc' dir='ltr'>Πατὴρ</span> <span class='ocrx_word' id='word_1_432' title='bbox 3533 2325 3810 2390; x_wconf 82' lang='grc' dir='ltr'>οὖσιωδῶς</span> 
     </span>
    </p>
   </div>
   <div class='ocr_carea' id='block_1_57' title="bbox 2155 2406 3811 2488">
    <p class='ocr_par' dir='ltr' id='par_1_57' title="bbox 2155 2406 3811 2488">
     <span class='ocr_line' id='line_1_57' title="bbox 2155 2406 3811 2488; baseline 0.007 -28"><span class='ocrx_word' id='word_1_433' title='bbox 2155 2406 2244 2461; x_wconf 84' lang='grc' dir='ltr'>καὶ</span> <span class='ocrx_word' id='word_1_434' title='bbox 2303 2407 2520 2472; x_wconf 78' lang='grc' dir='ltr'>ἀπαθῶς</span> <span class='ocrx_word' id='word_1_435' title='bbox 2566 2409 2655 2463; x_wconf 80' lang='grc' dir='ltr'>καὶ</span> <span class='ocrx_word' id='word_1_436' title='bbox 2705 2409 2955 2487; x_wconf 83' lang='grc' dir='ltr'>ἀχρόνως</span> <span class='ocrx_word' id='word_1_437' title='bbox 3016 2414 3275 2488; x_wconf 77' lang='grc' dir='ltr'>γεννήσας</span> <span class='ocrx_word' id='word_1_438' title='bbox 3323 2413 3415 2468; x_wconf 90' lang='grc' dir='ltr'>τὸν</span> <span class='ocrx_word' id='word_1_439' title='bbox 3473 2416 3597 2471; x_wconf 78' lang='grc' dir='ltr'>Υἱὸν</span> <span class='ocrx_word' id='word_1_440' title='bbox 3636 2463 3650 2487; x_wconf 87' lang='grc'>,</span> <span class='ocrx_word' id='word_1_441' title='bbox 3704 2413 3811 2471; x_wconf 77' lang='grc' dir='ltr'>οὐδ’</span> 
     </span>
    </p>
   </div>
   <div class='ocr_carea' id='block_1_58' title="bbox 2157 2495 3809 2577">
    <p class='ocr_par' dir='ltr' id='par_1_58' title="bbox 2157 2495 3809 2577">
     <span class='ocr_line' id='line_1_58' title="bbox 2157 2495 3809 2577; baseline 0.005 -28"><span class='ocrx_word' id='word_1_442' title='bbox 2157 2496 2404 2551; x_wconf 78' lang='grc' dir='ltr'>ὁπωσοῦν</span> <span class='ocrx_word' id='word_1_443' title='bbox 2455 2495 2636 2568; x_wconf 84' lang='grc' dir='ltr'>διέστη</span> <span class='ocrx_word' id='word_1_444' title='bbox 2687 2503 2784 2553; x_wconf 90' lang='grc' dir='ltr'>τοῦ</span> <span class='ocrx_word' id='word_1_445' title='bbox 2837 2499 2985 2554; x_wconf 74' lang='grc' dir='ltr'>Υἱοῦ.</span> <span class='ocrx_word' id='word_1_446' title='bbox 3041 2503 3189 2556; x_wconf 86' lang='grc' dir='ltr'>Ἐστι</span> <span class='ocrx_word' id='word_1_447' title='bbox 3237 2501 3342 2577; x_wconf 77' lang='grc' dir='ltr'>γὰρ</span> <span class='ocrx_word' id='word_1_448' title='bbox 3370 2503 3398 2556; x_wconf 88' lang='lat'>6</span> <span class='ocrx_word' id='word_1_449' title='bbox 3443 2503 3568 2567; x_wconf 75' lang='grc' dir='ltr'>Υἱὸς</span> <span class='ocrx_word' id='word_1_450' title='bbox 3617 2504 3706 2560; x_wconf 75' lang='grc' dir='ltr'>καὶ</span> <span class='ocrx_word' id='word_1_451' title='bbox 3753 2503 3809 2558; x_wconf 82' lang='grc' dir='ltr'>ἐκ</span> 
     </span>
    </p>
   </div>
   <div class='ocr_carea' id='block_1_59' title="bbox 2152 2586 3800 2670">
    <p class='ocr_par' dir='ltr' id='par_1_59' title="bbox 2152 2586 3800 2670">
     <span class='ocr_line' id='line_1_59' title="bbox 2152 2586 3800 2670; baseline 0.007 -32"><span class='ocrx_word' id='word_1_452' title='bbox 2152 2589 2248 2639; x_wconf 88' lang='grc' dir='ltr'>τοῦ</span> <span class='ocrx_word' id='word_1_453' title='bbox 2282 2588 2490 2662; x_wconf 84' lang='grc' dir='ltr'>Πατρὸς</span> <span class='ocrx_word' id='word_1_454' title='bbox 2539 2586 2641 2657; x_wconf 83' lang='grc' dir='ltr'>ἀεὶ,</span> <span class='ocrx_word' id='word_1_455' title='bbox 2669 2587 2758 2642; x_wconf 82' lang='grc' dir='ltr'>καὶ</span> <span class='ocrx_word' id='word_1_456' title='bbox 2806 2587 2857 2642; x_wconf 82' lang='grc' dir='ltr'>έν</span> <span class='ocrx_word' id='word_1_457' title='bbox 2907 2593 2985 2661; x_wconf 82' lang='grc' dir='ltr'>τῷ</span> <span class='ocrx_word' id='word_1_458' title='bbox 3034 2589 3204 2666; x_wconf 81' lang='grc' dir='ltr'>Πατρὶ</span> <span class='ocrx_word' id='word_1_459' title='bbox 3254 2590 3353 2645; x_wconf 79' lang='grc' dir='ltr'>ἀεί.</span> <span class='ocrx_word' id='word_1_460' title='bbox 3407 2593 3506 2646; x_wconf 82' lang='grc' dir='ltr'>Καὶ</span> <span class='ocrx_word' id='word_1_461' title='bbox 3557 2594 3586 2648; x_wconf 94' lang='lat'>6</span> <span class='ocrx_word' id='word_1_462' title='bbox 3620 2595 3800 2670; x_wconf 75' lang='grc' dir='ltr'>Πατὴρ</span> 
     </span>
    </p>
   </div>
   <div class='ocr_carea' id='block_1_60' title="bbox 2155 2672 3804 2756">
    <p class='ocr_par' dir='ltr' id='par_1_60' title="bbox 2155 2672 3804 2756">
     <span class='ocr_line' id='line_1_60' title="bbox 2155 2672 3804 2756; baseline 0.007 -28"><span class='ocrx_word' id='word_1_463' title='bbox 2155 2672 2207 2728; x_wconf 80' lang='grc' dir='ltr'>ἐν</span> <span class='ocrx_word' id='word_1_464' title='bbox 2251 2673 2398 2747; x_wconf 76' lang='grc' dir='ltr'>αῦτῷ</span> <span class='ocrx_word' id='word_1_465' title='bbox 2451 2675 2550 2730; x_wconf 80' lang='grc' dir='ltr'>ἀεί·</span> <span class='ocrx_word' id='word_1_466' title='bbox 2606 2676 2696 2730; x_wconf 82' lang='grc' dir='ltr'>καὶ</span> <span class='ocrx_word' id='word_1_467' title='bbox 2752 2677 2815 2732; x_wconf 91' lang='grc' dir='ltr'>τὸ</span> <span class='ocrx_word' id='word_1_468' title='bbox 2875 2683 3095 2751; x_wconf 88' lang='grc' dir='ltr'>Πνεῦμα</span> <span class='ocrx_word' id='word_1_469' title='bbox 3142 2679 3204 2735; x_wconf 88' lang='grc' dir='ltr'>τὸ</span> <span class='ocrx_word' id='word_1_470' title='bbox 3253 2681 3402 2756; x_wconf 82' lang='grc' dir='ltr'>ἅγιον</span> <span class='ocrx_word' id='word_1_471' title='bbox 3451 2680 3510 2737; x_wconf 77' lang='grc' dir='ltr'>ἐκ</span> <span class='ocrx_word' id='word_1_472' title='bbox 3553 2687 3652 2738; x_wconf 91' lang='grc' dir='ltr'>τοῦ</span> <span class='ocrx_word' id='word_1_473' title='bbox 3700 2689 3804 2738; x_wconf 87' lang='grc' dir='ltr'>Πα-</span> 
     </span>
    </p>
   </div>
   <div class='ocr_carea' id='block_1_61' title="bbox 2150 2763 3805 2844">
    <p class='ocr_par' dir='ltr' id='par_1_61' title="bbox 2150 2763 3805 2844">
     <span class='ocr_line' id='line_1_61' title="bbox 2150 2763 3805 2844; baseline 0.007 -28"><span class='ocrx_word' id='word_1_474' title='bbox 2150 2763 2281 2838; x_wconf 89' lang='grc' dir='ltr'>τρὸς</span> <span class='ocrx_word' id='word_1_475' title='bbox 2327 2763 2408 2818; x_wconf 83' lang='grc' dir='ltr'>ἀεὶ</span> <span class='ocrx_word' id='word_1_476' title='bbox 2463 2763 2805 2840; x_wconf 72' lang='grc' dir='ltr'>ἐκπορεύεται</span> <span class='ocrx_word' id='word_1_477' title='bbox 2843 2810 2856 2824; x_wconf 92' lang='grc'><strong>.</strong></span> <span class='ocrx_word' id='word_1_478' title='bbox 2897 2767 2984 2822; x_wconf 81' lang='grc' dir='ltr'>καὶ</span> <span class='ocrx_word' id='word_1_479' title='bbox 3035 2767 3088 2822; x_wconf 83' lang='grc' dir='ltr'>ἐν</span> <span class='ocrx_word' id='word_1_480' title='bbox 3134 2773 3213 2841; x_wconf 81' lang='grc' dir='ltr'>τῷ</span> <span class='ocrx_word' id='word_1_481' title='bbox 3259 2771 3431 2844; x_wconf 87' lang='grc' dir='ltr'>Πατρὶ</span> <span class='ocrx_word' id='word_1_482' title='bbox 3476 2772 3568 2826; x_wconf 81' lang='grc' dir='ltr'>καὶ</span> <span class='ocrx_word' id='word_1_483' title='bbox 3627 2771 3678 2827; x_wconf 82' lang='grc' dir='ltr'>ἐν</span> <span class='ocrx_word' id='word_1_484' title='bbox 3729 2776 3805 2844; x_wconf 83' lang='grc' dir='ltr'>τῷ</span> 
     </span>
    </p>
   </div>
   <div class='ocr_carea' id='block_1_62' title="bbox 2153 2851 3807 2933">
    <p class='ocr_par' dir='ltr' id='par_1_62' title="bbox 2153 2851 3807 2933">
     <span class='ocr_line' id='line_1_62' title="bbox 2153 2851 3807 2933; baseline 0.007 -28"><span class='ocrx_word' id='word_1_485' title='bbox 2153 2853 2263 2924; x_wconf 75' lang='grc' dir='ltr'>Υῑῷ</span> <span class='ocrx_word' id='word_1_486' title='bbox 2337 2851 2475 2908; x_wconf 79' lang='grc' dir='ltr'>ἐστιν</span> <span class='ocrx_word' id='word_1_487' title='bbox 2533 2854 2659 2927; x_wconf 84' lang='grc' dir='ltr'>ἀεὶ,</span> <span class='ocrx_word' id='word_1_488' title='bbox 2719 2853 2809 2910; x_wconf 68' lang='grc' dir='ltr'>καῖ</span> <span class='ocrx_word' id='word_1_489' title='bbox 2867 2857 2894 2910; x_wconf 93' lang='lat'>6</span> <span class='ocrx_word' id='word_1_490' title='bbox 2954 2859 3141 2933; x_wconf 78' lang='grc' dir='ltr'>Πατὴρ</span> <span class='ocrx_word' id='word_1_491' title='bbox 3194 2858 3284 2912; x_wconf 81' lang='grc' dir='ltr'>καὶ</span> <span class='ocrx_word' id='word_1_492' title='bbox 3343 2859 3372 2913; x_wconf 97' lang='lat'>6</span> <span class='ocrx_word' id='word_1_493' title='bbox 3438 2861 3565 2923; x_wconf 74' lang='grc' dir='ltr'>Υἱὸς</span> <span class='ocrx_word' id='word_1_494' title='bbox 3625 2860 3675 2915; x_wconf 81' lang='grc' dir='ltr'>ἐν</span> <span class='ocrx_word' id='word_1_495' title='bbox 3732 2865 3807 2933; x_wconf 82' lang='grc' dir='ltr'>τῷ</span> 
     </span>
    </p>
   </div>
   <div class='ocr_carea' id='block_1_63' title="bbox 2154 2941 3804 3020">
    <p class='ocr_par' dir='ltr' id='par_1_63' title="bbox 2154 2941 3804 3020">
     <span class='ocr_line' id='line_1_63' title="bbox 2154 2941 3804 3020; baseline 0.006 -26"><span class='ocrx_word' id='word_1_496' title='bbox 2154 2941 2428 3014; x_wconf 75' lang='grc' dir='ltr'>Πνεόματι</span> <span class='ocrx_word' id='word_1_497' title='bbox 2498 2947 2577 3015; x_wconf 80' lang='grc' dir='ltr'>τῷ</span> <span class='ocrx_word' id='word_1_498' title='bbox 2651 2945 2787 3020; x_wconf 83' lang='grc' dir='ltr'>ἁγιῳ</span> <span class='ocrx_word' id='word_1_499' title='bbox 2861 2945 2988 3000; x_wconf 88' lang='grc' dir='ltr'>ἀεί.</span> <span class='ocrx_word' id='word_1_500' title='bbox 3050 2948 3235 3010; x_wconf 76' lang='grc' dir='ltr'>Μονὰς</span> <span class='ocrx_word' id='word_1_501' title='bbox 3312 2947 3407 3002; x_wconf 77' lang='grc' dir='ltr'>οὖν</span> <span class='ocrx_word' id='word_1_502' title='bbox 3493 2951 3587 3005; x_wconf 79' lang='grc' dir='ltr'>καὶ</span> <span class='ocrx_word' id='word_1_503' title='bbox 3672 2950 3804 3006; x_wconf 84' lang='grc' dir='ltr'>κατᾶ</span> 
     </span>
    </p>
   </div>
   <div class='ocr_carea' id='block_1_64' title="bbox 2150 3030 3808 3111">
    <p class='ocr_par' dir='ltr' id='par_1_64' title="bbox 2150 3030 3808 3111">
     <span class='ocr_line' id='line_1_64' title="bbox 2150 3030 3808 3111; baseline 0.005 -27"><span class='ocrx_word' id='word_1_504' title='bbox 2150 3035 2310 3085; x_wconf 88' lang='grc' dir='ltr'>τοῦτο</span> <span class='ocrx_word' id='word_1_505' title='bbox 2367 3030 2691 3103; x_wconf 74' lang='grc' dir='ltr'>καθέστηκεν</span> <span class='ocrx_word' id='word_1_506' title='bbox 2755 3035 2788 3102; x_wconf 77' lang='grc' dir='ltr'>ἡ</span> <span class='ocrx_word' id='word_1_507' title='bbox 2847 3034 2975 3109; x_wconf 81' lang='grc' dir='ltr'>ἁγία</span> <span class='ocrx_word' id='word_1_508' title='bbox 3021 3035 3222 3111; x_wconf 81' lang='grc' dir='ltr'>Τριάς.</span> <span class='ocrx_word' id='word_1_509' title='bbox 3287 3037 3384 3091; x_wconf 84' lang='grc' dir='ltr'>Καὶ</span> <span class='ocrx_word' id='word_1_510' title='bbox 3443 3040 3586 3093; x_wconf 77' lang='grc' dir='ltr'>κατὰ</span> <span class='ocrx_word' id='word_1_511' title='bbox 3641 3038 3808 3095; x_wconf 81' lang='grc' dir='ltr'>πάντα</span> 
     </span>
    </p>
   </div>
   <div class='ocr_carea' id='block_1_65' title="bbox 2158 3117 3806 3199">
    <p class='ocr_par' dir='ltr' id='par_1_65' title="bbox 2158 3117 3806 3199">
     <span class='ocr_line' id='line_1_65' title="bbox 2158 3117 3806 3199; baseline 0.004 -25"><span class='ocrx_word' id='word_1_512' title='bbox 2158 3117 2236 3192; x_wconf 73' lang='grc' dir='ltr'>δὲ,</span> <span class='ocrx_word' id='word_1_513' title='bbox 2286 3119 2433 3189; x_wconf 76' lang='grc' dir='ltr'>πλὴν</span> <span class='ocrx_word' id='word_1_514' title='bbox 2477 3126 2585 3176; x_wconf 85' lang='grc' dir='ltr'>τῶν</span> <span class='ocrx_word' id='word_1_515' title='bbox 2636 3119 2927 3193; x_wconf 75' lang='grc' dir='ltr'>ἲδιοτήτων</span> <span class='ocrx_word' id='word_1_516' title='bbox 2979 3124 3006 3178; x_wconf 92' lang='lat'>6</span> <span class='ocrx_word' id='word_1_517' title='bbox 3062 3126 3247 3199; x_wconf 74' lang='grc' dir='ltr'>Πατὴρ</span> <span class='ocrx_word' id='word_1_518' title='bbox 3305 3125 3393 3181; x_wconf 82' lang='grc' dir='ltr'>καὶ</span> <span class='ocrx_word' id='word_1_519' title='bbox 3449 3127 3477 3181; x_wconf 88' lang='lat'>6</span> <span class='ocrx_word' id='word_1_520' title='bbox 3536 3128 3666 3192; x_wconf 74' lang='grc' dir='ltr'>Υἱὸς</span> <span class='ocrx_word' id='word_1_521' title='bbox 3721 3129 3806 3184; x_wconf 89' lang='grc' dir='ltr'>καὶ</span> 
     </span>
    </p>
   </div>
   <div class='ocr_carea' id='block_1_66' title="bbox 395 3181 2037 3294">
    <p class='ocr_par' dir='ltr' id='par_1_66' title="bbox 395 3209 2037 3284">
     <span class='ocr_line' id='line_1_66' title="bbox 395 3209 2037 3284; baseline -0.005 -15"><span class='ocrx_word' id='word_1_522' title='bbox 395 3213 549 3271; x_wconf 89' lang='lat' dir='ltr'>Deus</span> <span class='ocrx_word' id='word_1_523' title='bbox 601 3212 857 3284; x_wconf 87' lang='lat' dir='ltr'>Spiritus</span> <span class='ocrx_word' id='word_1_524' title='bbox 904 3215 1180 3278; x_wconf 89' lang='lat' dir='ltr'>sanctus;</span> <span class='ocrx_word' id='word_1_525' title='bbox 1214 3210 1314 3266; x_wconf 91' lang='lat' dir='ltr'>sed</span> <span class='ocrx_word' id='word_1_526' title='bbox 1346 3225 1501 3264; x_wconf 90' lang='lat' dir='ltr'>unus</span> <span class='ocrx_word' id='word_1_527' title='bbox 1556 3212 1725 3278; x_wconf 88' lang='lat' dir='ltr'>Deus,</span> <span class='ocrx_word' id='word_1_528' title='bbox 1758 3223 1874 3262; x_wconf 90' lang='lat' dir='ltr'>non</span> <span class='ocrx_word' id='word_1_529' title='bbox 1923 3209 2037 3261; x_wconf 72' lang='lat' dir='ltr'>tres</span> 
     </span>
    </p>
   </div>
   <div class='ocr_carea' id='block_1_67' title="bbox 2148 3181 3805 3294">
    <p class='ocr_par' dir='ltr' id='par_1_67' title="bbox 2154 3181 3805 3294">
     <span class='ocr_line' id='line_1_67' title="bbox 2154 3181 3805 3294; baseline 0.006 -31"><span class='ocrx_word' id='word_1_530' title='bbox 2154 3210 2216 3264; x_wconf 90' lang='grc' dir='ltr'>τὸ</span> <span class='ocrx_word' id='word_1_531' title='bbox 2247 3213 2464 3282; x_wconf 90' lang='grc' dir='ltr'>Πνεῦμα</span> <span class='ocrx_word' id='word_1_532' title='bbox 2509 3211 2570 3265; x_wconf 90' lang='grc' dir='ltr'>τὸ</span> <span class='ocrx_word' id='word_1_533' title='bbox 2616 3211 2765 3287; x_wconf 81' lang='grc' dir='ltr'>ἅγιον</span> <span class='ocrx_word' id='word_1_534' title='bbox 2818 3208 2872 3266; x_wconf 75' lang='grc' dir='ltr'>ἓν</span> <span class='ocrx_word' id='word_1_535' title='bbox 2923 3211 3045 3269; x_wconf 82' lang='grc' dir='ltr'>εἶσι.</span> <span class='ocrx_word' id='word_1_536' title='bbox 3099 3181 3228 3276; x_wconf 70' lang='grc' dir='ltr'>Θεὸς</span> <span class='ocrx_word' id='word_1_537' title='bbox 3277 3213 3488 3278; x_wconf 85' lang='grc' dir='ltr'>τέλειος</span> <span class='ocrx_word' id='word_1_538' title='bbox 3536 3218 3570 3271; x_wconf 88' lang='grc' dir='ltr'>ὁ</span> <span class='ocrx_word' id='word_1_539' title='bbox 3600 3220 3805 3294; x_wconf 75' lang='grc' dir='ltr'>Πατὴρ,</span> 
     </span>
    </p>
   </div>
   <div class='ocr_carea' id='block_1_68' title="bbox 397 3297 2044 3370">
    <p class='ocr_par' dir='ltr' id='par_1_68' title="bbox 397 3297 2044 3370">
     <span class='ocr_line' id='line_1_68' title="bbox 397 3297 2044 3370; baseline -0.005 -13"><span class='ocrx_word' id='word_1_540' title='bbox 397 3302 500 3357; x_wconf 92' lang='lat' dir='ltr'>dii.</span> <span class='ocrx_word' id='word_1_541' title='bbox 534 3303 676 3358; x_wconf 87' lang='lat' dir='ltr'>Tres</span> <span class='ocrx_word' id='word_1_542' title='bbox 705 3307 898 3357; x_wconf 90' lang='lat' dir='ltr'>autem</span> <span class='ocrx_word' id='word_1_543' title='bbox 951 3300 1236 3370; x_wconf 86' lang='lat' dir='ltr'>homines,</span> <span class='ocrx_word' id='word_1_544' title='bbox 1269 3297 1355 3354; x_wconf 92' lang='lat' dir='ltr'>vel</span> <span class='ocrx_word' id='word_1_545' title='bbox 1386 3297 1563 3354; x_wconf 88' lang='lat' dir='ltr'>etiam</span> <span class='ocrx_word' id='word_1_546' title='bbox 1603 3300 1658 3352; x_wconf 89' lang='lat' dir='ltr'>et</span> <span class='ocrx_word' id='word_1_547' title='bbox 1688 3297 1823 3364; x_wconf 87' lang='lat' dir='ltr'>duo,</span> <span class='ocrx_word' id='word_1_548' title='bbox 1859 3312 2044 3350; x_wconf 92' lang='lat' dir='ltr'>unum</span> 
     </span>
    </p>
   </div>
   <div class='ocr_carea' id='block_1_69' title="bbox 396 3384 2042 3459">
    <p class='ocr_par' dir='ltr' id='par_1_69' title="bbox 396 3384 2042 3459">
     <span class='ocr_line' id='line_1_69' title="bbox 396 3384 2042 3459; baseline -0.005 -13"><span class='ocrx_word' id='word_1_549' title='bbox 396 3391 695 3448; x_wconf 92' lang='lat' dir='ltr'>hominem</span> <span class='ocrx_word' id='word_1_550' title='bbox 745 3390 938 3447; x_wconf 93' lang='lat' dir='ltr'>dicere</span> <span class='ocrx_word' id='word_1_551' title='bbox 969 3407 1083 3446; x_wconf 91' lang='lat' dir='ltr'>non</span> <span class='ocrx_word' id='word_1_552' title='bbox 1115 3389 1271 3459; x_wconf 90' lang='lat' dir='ltr'>licet,</span> <span class='ocrx_word' id='word_1_553' title='bbox 1305 3388 1414 3444; x_wconf 90' lang='lat' dir='ltr'>etsi</span> <span class='ocrx_word' id='word_1_554' title='bbox 1469 3386 1642 3440; x_wconf 88' lang='lat' dir='ltr'>unius</span> <span class='ocrx_word' id='word_1_555' title='bbox 1675 3384 1794 3440; x_wconf 90' lang='lat' dir='ltr'>sint</span> <span class='ocrx_word' id='word_1_556' title='bbox 1825 3389 2042 3439; x_wconf 85' lang='lat' dir='ltr'>naturae</span> 
     </span>
    </p>
   </div>
   <div class='ocr_carea' id='block_1_70' title="bbox 394 3473 2042 3551">
    <p class='ocr_par' dir='ltr' id='par_1_70' title="bbox 394 3473 2042 3551">
     <span class='ocr_line' id='line_1_70' title="bbox 394 3473 2042 3551; baseline -0.005 -15"><span class='ocrx_word' id='word_1_557' title='bbox 394 3496 600 3536; x_wconf 90' lang='lat' dir='ltr'>omnes</span> <span class='ocrx_word' id='word_1_558' title='bbox 628 3480 915 3551; x_wconf 89' lang='lat' dir='ltr'>homines,</span> <span class='ocrx_word' id='word_1_559' title='bbox 930 3481 1000 3536; x_wconf 90' lang='lat' dir='ltr'>ab</span> <span class='ocrx_word' id='word_1_560' title='bbox 1030 3478 1279 3534; x_wconf 88' lang='lat' dir='ltr'>invicem</span> <span class='ocrx_word' id='word_1_561' title='bbox 1309 3476 1465 3532; x_wconf 92' lang='lat' dir='ltr'>enim</span> <span class='ocrx_word' id='word_1_562' title='bbox 1494 3475 1554 3530; x_wconf 90' lang='lat' dir='ltr'>in</span> <span class='ocrx_word' id='word_1_563' title='bbox 1587 3490 1648 3530; x_wconf 93' lang='lat' dir='ltr'>re</span> <span class='ocrx_word' id='word_1_564' title='bbox 1671 3473 2042 3545; x_wconf 84' lang='lat' dir='ltr'>distinguun-</span> 
     </span>
    </p>
   </div>
   <div class='ocr_carea' id='block_1_71' title="bbox 392 3562 2043 3641">
    <p class='ocr_par' dir='ltr' id='par_1_71' title="bbox 392 3562 2043 3641">
     <span class='ocr_line' id='line_1_71' title="bbox 392 3562 2043 3641; baseline -0.004 -17"><span class='ocrx_word' id='word_1_565' title='bbox 392 3574 508 3640; x_wconf 86' lang='lat' dir='ltr'>tur,</span> <span class='ocrx_word' id='word_1_566' title='bbox 557 3574 614 3626; x_wconf 91' lang='lat' dir='ltr'>et</span> <span class='ocrx_word' id='word_1_567' title='bbox 665 3569 1096 3641; x_wconf 89' lang='lat' dir='ltr'>unusquisque,</span> <span class='ocrx_word' id='word_1_568' title='bbox 1140 3568 1293 3624; x_wconf 84' lang='lat' dir='ltr'>inter</span> <span class='ocrx_word' id='word_1_569' title='bbox 1338 3583 1458 3632; x_wconf 87' lang='lat' dir='ltr'>eos,</span> <span class='ocrx_word' id='word_1_570' title='bbox 1511 3563 1810 3636; x_wconf 88' lang='lat' dir='ltr'>propriam</span> <span class='ocrx_word' id='word_1_571' title='bbox 1867 3562 2043 3617; x_wconf 88' lang='lat' dir='ltr'>habet</span> 
     </span>
    </p>
   </div>
   <div class='ocr_carea' id='block_1_72' title="bbox 389 3650 2042 3730">
    <p class='ocr_par' dir='ltr' id='par_1_72' title="bbox 389 3650 2042 3730">
     <span class='ocr_line' id='line_1_72' title="bbox 389 3650 2042 3730; baseline -0.004 -17"><span class='ocrx_word' id='word_1_572' title='bbox 389 3659 640 3715; x_wconf 82' lang='lat' dir='ltr'>formam</span> <span class='ocrx_word' id='word_1_573' title='bbox 671 3659 730 3714; x_wconf 92' lang='lat' dir='ltr'>in</span> <span class='ocrx_word' id='word_1_574' title='bbox 762 3657 952 3730; x_wconf 86' lang='lat' dir='ltr'>spatio</span> <span class='ocrx_word' id='word_1_575' title='bbox 978 3676 990 3726; x_wconf 92' lang='lat'>;</span> <span class='ocrx_word' id='word_1_576' title='bbox 1026 3657 1127 3713; x_wconf 90' lang='lat' dir='ltr'>sed</span> <span class='ocrx_word' id='word_1_577' title='bbox 1159 3656 1336 3712; x_wconf 88' lang='lat' dir='ltr'>etiam</span> <span class='ocrx_word' id='word_1_578' title='bbox 1366 3659 1423 3710; x_wconf 90' lang='lat' dir='ltr'>et</span> <span class='ocrx_word' id='word_1_579' title='bbox 1451 3657 1735 3725; x_wconf 89' lang='lat' dir='ltr'>tempore,</span> <span class='ocrx_word' id='word_1_580' title='bbox 1757 3657 1812 3706; x_wconf 92' lang='lat' dir='ltr'>et</span> <span class='ocrx_word' id='word_1_581' title='bbox 1840 3650 2042 3707; x_wconf 89' lang='lat' dir='ltr'>volun-</span> 
     </span>
    </p>
   </div>
   <div class='ocr_carea' id='block_1_73' title="bbox 385 3740 2038 3820">
    <p class='ocr_par' dir='ltr' id='par_1_73' title="bbox 385 3740 2038 3820">
     <span class='ocr_line' id='line_1_73' title="bbox 385 3740 2038 3820; baseline -0.004 -18"><span class='ocrx_word' id='word_1_582' title='bbox 385 3751 525 3817; x_wconf 88' lang='lat' dir='ltr'>tate,</span> <span class='ocrx_word' id='word_1_583' title='bbox 556 3753 614 3804; x_wconf 90' lang='lat' dir='ltr'>et</span> <span class='ocrx_word' id='word_1_584' title='bbox 660 3747 940 3820; x_wconf 89' lang='lat' dir='ltr'>potentia,</span> <span class='ocrx_word' id='word_1_585' title='bbox 974 3750 1032 3802; x_wconf 93' lang='lat' dir='ltr'>et</span> <span class='ocrx_word' id='word_1_586' title='bbox 1061 3745 1266 3818; x_wconf 86' lang='lat' dir='ltr'>gloria,</span> <span class='ocrx_word' id='word_1_587' title='bbox 1301 3747 1358 3800; x_wconf 89' lang='lat' dir='ltr'>et</span> <span class='ocrx_word' id='word_1_588' title='bbox 1388 3742 1590 3798; x_wconf 84' lang='lat' dir='ltr'>multis</span> <span class='ocrx_word' id='word_1_589' title='bbox 1621 3741 1753 3797; x_wconf 90' lang='lat' dir='ltr'>aliis</span> <span class='ocrx_word' id='word_1_590' title='bbox 1791 3740 1935 3796; x_wconf 84' lang='lat' dir='ltr'>alter</span> <span class='ocrx_word' id='word_1_591' title='bbox 1965 3741 2038 3796; x_wconf 92' lang='lat' dir='ltr'>ab</span> 
     </span>
    </p>
   </div>
   <div class='ocr_carea' id='block_1_74' title="bbox 387 3830 2037 3908">
    <p class='ocr_par' dir='ltr' id='par_1_74' title="bbox 387 3830 2037 3908">
     <span class='ocr_line' id='line_1_74' title="bbox 387 3830 2037 3908; baseline -0.005 -16"><span class='ocrx_word' id='word_1_592' title='bbox 387 3835 566 3892; x_wconf 87' lang='lat' dir='ltr'>altero</span> <span class='ocrx_word' id='word_1_593' title='bbox 605 3837 820 3892; x_wconf 74' lang='lat' dir='ltr'>differt.</span> <span class='ocrx_word' id='word_1_594' title='bbox 873 3835 1111 3908; x_wconf 90' lang='lat' dir='ltr'>Aliquid</span> <span class='ocrx_word' id='word_1_595' title='bbox 1143 3833 1334 3889; x_wconf 89' lang='lat' dir='ltr'>simile</span> <span class='ocrx_word' id='word_1_596' title='bbox 1362 3837 1420 3889; x_wconf 91' lang='lat' dir='ltr'>et</span> <span class='ocrx_word' id='word_1_597' title='bbox 1463 3832 1534 3887; x_wconf 93' lang='lat' dir='ltr'>de</span> <span class='ocrx_word' id='word_1_598' title='bbox 1564 3830 1791 3903; x_wconf 87' lang='lat' dir='ltr'>angelis</span> <span class='ocrx_word' id='word_1_599' title='bbox 1843 3830 2037 3886; x_wconf 88' lang='lat' dir='ltr'>susci-</span> 
     </span>
    </p>
   </div>
   <div class='ocr_carea' id='block_1_75' title="bbox 386 3919 2036 3998">
    <p class='ocr_par' dir='ltr' id='par_1_75' title="bbox 386 3919 2036 3998">
     <span class='ocr_line' id='line_1_75' title="bbox 386 3919 2036 3998; baseline -0.003 -18"><span class='ocrx_word' id='word_1_600' title='bbox 386 3925 668 3998; x_wconf 90' lang='lat' dir='ltr'>piendum</span> <span class='ocrx_word' id='word_1_601' title='bbox 698 3931 826 3994; x_wconf 90' lang='lat' dir='ltr'>est,</span> <span class='ocrx_word' id='word_1_602' title='bbox 860 3925 1072 3982; x_wconf 91' lang='lat' dir='ltr'>horum</span> <span class='ocrx_word' id='word_1_603' title='bbox 1103 3924 1259 3979; x_wconf 91' lang='lat' dir='ltr'>enim</span> <span class='ocrx_word' id='word_1_604' title='bbox 1293 3922 1542 3994; x_wconf 89' lang='lat' dir='ltr'>quisque</span> <span class='ocrx_word' id='word_1_605' title='bbox 1573 3938 1679 3976; x_wconf 91' lang='lat' dir='ltr'>suo</span> <span class='ocrx_word' id='word_1_606' title='bbox 1711 3919 1837 3975; x_wconf 91' lang='lat' dir='ltr'>loco</span> <span class='ocrx_word' id='word_1_607' title='bbox 1869 3920 2036 3991; x_wconf 90' lang='lat' dir='ltr'>spiri-</span> 
     </span>
    </p>
   </div>
   <div class='ocr_carea' id='block_1_76' title="bbox 386 4009 2033 4084">
    <p class='ocr_par' dir='ltr' id='par_1_76' title="bbox 386 4009 2033 4084">
     <span class='ocr_line' id='line_1_76' title="bbox 386 4009 2033 4084; baseline -0.003 -13"><span class='ocrx_word' id='word_1_608' title='bbox 386 4014 623 4071; x_wconf 87' lang='lat' dir='ltr'>tualiter</span> <span class='ocrx_word' id='word_1_609' title='bbox 651 4015 1157 4071; x_wconf 88' lang='lat' dir='ltr'>circumscribitur</span> <span class='ocrx_word' id='word_1_610' title='bbox 1185 4031 1197 4082; x_wconf 91' lang='lat'><strong>;</strong></span> <span class='ocrx_word' id='word_1_611' title='bbox 1224 4012 1363 4084; x_wconf 91' lang='lat' dir='ltr'>quia</span> <span class='ocrx_word' id='word_1_612' title='bbox 1390 4027 1594 4067; x_wconf 89' lang='lat' dir='ltr'>omnes</span> <span class='ocrx_word' id='word_1_613' title='bbox 1619 4009 1852 4077; x_wconf 82' lang='lat' dir='ltr'>ﬁniti,et</span> <span class='ocrx_word' id='word_1_614' title='bbox 1882 4009 2033 4066; x_wconf 91' lang='lat' dir='ltr'>alius</span> 
     </span>
    </p>
   </div>
   <div class='ocr_carea' id='block_1_77' title="bbox 383 4098 2029 4177">
    <p class='ocr_par' dir='ltr' id='par_1_77' title="bbox 383 4098 2029 4177">
     <span class='ocr_line' id='line_1_77' title="bbox 383 4098 2029 4177; baseline -0.004 -17"><span class='ocrx_word' id='word_1_615' title='bbox 383 4103 503 4176; x_wconf 88' lang='lat' dir='ltr'>alii,</span> <span class='ocrx_word' id='word_1_616' title='bbox 537 4104 786 4177; x_wconf 86' lang='lat' dir='ltr'>obtingit</span> <span class='ocrx_word' id='word_1_617' title='bbox 835 4105 1074 4176; x_wconf 89' lang='lat' dir='ltr'>gradus,</span> <span class='ocrx_word' id='word_1_618' title='bbox 1129 4106 1188 4158; x_wconf 84' lang='lat' dir='ltr'>et</span> <span class='ocrx_word' id='word_1_619' title='bbox 1234 4119 1382 4158; x_wconf 90' lang='lat' dir='ltr'>anus</span> <span class='ocrx_word' id='word_1_620' title='bbox 1430 4100 1613 4156; x_wconf 85' lang='lat' dir='ltr'>alium</span> <span class='ocrx_word' id='word_1_621' title='bbox 1660 4098 2029 4170; x_wconf 90' lang='lat' dir='ltr'>splendorem</span> 
     </span>
    </p>
   </div>
   <div class='ocr_carea' id='block_1_78' title="bbox 383 4189 2026 4266">
    <p class='ocr_par' dir='ltr' id='par_1_78' title="bbox 383 4189 2026 4266">
     <span class='ocr_line' id='line_1_78' title="bbox 383 4189 2026 4266; baseline -0.002 -18"><span class='ocrx_word' id='word_1_622' title='bbox 383 4193 593 4266; x_wconf 88' lang='lat' dir='ltr'>accipit</span> <span class='ocrx_word' id='word_1_623' title='bbox 616 4218 630 4262; x_wconf 90' lang='lat'><strong>;</strong></span> <span class='ocrx_word' id='word_1_624' title='bbox 655 4199 712 4249; x_wconf 92' lang='lat' dir='ltr'>et</span> <span class='ocrx_word' id='word_1_625' title='bbox 741 4193 894 4250; x_wconf 91' lang='lat' dir='ltr'>alius</span> <span class='ocrx_word' id='word_1_626' title='bbox 926 4193 1166 4266; x_wconf 89' lang='lat' dir='ltr'>quidem</span> <span class='ocrx_word' id='word_1_627' title='bbox 1189 4189 1531 4263; x_wconf 89' lang='lat' dir='ltr'>prius,alius</span> <span class='ocrx_word' id='word_1_628' title='bbox 1553 4205 1684 4244; x_wconf 89' lang='lat' dir='ltr'>vero</span> <span class='ocrx_word' id='word_1_629' title='bbox 1709 4189 2026 4260; x_wconf 89' lang='lat' dir='ltr'>posterius;</span> 
     </span>
    </p>
   </div>
   <div class='ocr_carea' id='block_1_79' title="bbox 381 4277 2028 4350">
    <p class='ocr_par' dir='ltr' id='par_1_79' title="bbox 381 4277 2028 4350">
     <span class='ocr_line' id='line_1_79' title="bbox 381 4277 2028 4350; baseline -0.002 -12"><span class='ocrx_word' id='word_1_630' title='bbox 381 4281 533 4338; x_wconf 88' lang='lat' dir='ltr'>alius</span> <span class='ocrx_word' id='word_1_631' title='bbox 578 4281 936 4350; x_wconf 88' lang='lat' dir='ltr'>immediate,</span> <span class='ocrx_word' id='word_1_632' title='bbox 989 4281 1139 4337; x_wconf 89' lang='lat' dir='ltr'>alius</span> <span class='ocrx_word' id='word_1_633' title='bbox 1188 4297 1307 4336; x_wconf 90' lang='lat' dir='ltr'>non</span> <span class='ocrx_word' id='word_1_634' title='bbox 1355 4278 1714 4347; x_wconf 88' lang='lat' dir='ltr'>immediate,</span> <span class='ocrx_word' id='word_1_635' title='bbox 1748 4278 1848 4332; x_wconf 91' lang='lat' dir='ltr'>sed</span> <span class='ocrx_word' id='word_1_636' title='bbox 1911 4277 2028 4334; x_wconf 89' lang='lat' dir='ltr'>sive</span> 
     </span>
    </p>
   </div>
   <div class='ocr_carea' id='block_1_80' title="bbox 377 4366 2027 4443">
    <p class='ocr_par' dir='ltr' id='par_1_80' title="bbox 377 4366 2027 4443">
     <span class='ocr_line' id='line_1_80' title="bbox 377 4366 2027 4443; baseline -0.002 -17"><span class='ocrx_word' id='word_1_637' title='bbox 377 4387 482 4442; x_wconf 88' lang='lat' dir='ltr'>per</span> <span class='ocrx_word' id='word_1_638' title='bbox 511 4387 697 4427; x_wconf 90' lang='lat' dir='ltr'>unum</span> <span class='ocrx_word' id='word_1_639' title='bbox 727 4371 846 4428; x_wconf 90' lang='lat' dir='ltr'>sive</span> <span class='ocrx_word' id='word_1_640' title='bbox 877 4388 978 4442; x_wconf 91' lang='lat' dir='ltr'>per</span> <span class='ocrx_word' id='word_1_641' title='bbox 1008 4369 1206 4443; x_wconf 89' lang='lat' dir='ltr'>plures</span> <span class='ocrx_word' id='word_1_642' title='bbox 1237 4367 1710 4441; x_wconf 84' lang='lat' dir='ltr'>interpositos.Et</span> <span class='ocrx_word' id='word_1_643' title='bbox 1741 4366 1891 4422; x_wconf 89' lang='lat' dir='ltr'>alius</span> <span class='ocrx_word' id='word_1_644' title='bbox 1914 4366 2027 4423; x_wconf 90' lang='lat' dir='ltr'>alio</span> 
     </span>
    </p>
   </div>
   <div class='ocr_carea' id='block_1_81' title="bbox 375 4457 2022 4531">
    <p class='ocr_par' dir='ltr' id='par_1_81' title="bbox 375 4457 2022 4531">
     <span class='ocr_line' id='line_1_81' title="bbox 375 4457 2022 4531; baseline -0.001 -16"><span class='ocrx_word' id='word_1_645' title='bbox 375 4459 669 4531; x_wconf 86' lang='lat' dir='ltr'>mittitur;</span> <span class='ocrx_word' id='word_1_646' title='bbox 701 4465 776 4531; x_wconf 89' lang='lat' dir='ltr'>et,</span> <span class='ocrx_word' id='word_1_647' title='bbox 825 4461 884 4516; x_wconf 89' lang='lat' dir='ltr'>in</span> <span class='ocrx_word' id='word_1_648' title='bbox 919 4476 1172 4527; x_wconf 89' lang='lat' dir='ltr'>summa,</span> <span class='ocrx_word' id='word_1_649' title='bbox 1226 4457 1417 4513; x_wconf 89' lang='lat' dir='ltr'>multa</span> <span class='ocrx_word' id='word_1_650' title='bbox 1446 4460 1587 4512; x_wconf 89' lang='lat' dir='ltr'>sunt</span> <span class='ocrx_word' id='word_1_651' title='bbox 1638 4473 1762 4528; x_wconf 61' lang='lat' dir='ltr'>quae</span> <span class='ocrx_word' id='word_1_652' title='bbox 1813 4473 1910 4512; x_wconf 89' lang='lat' dir='ltr'>eos</span> <span class='ocrx_word' id='word_1_653' title='bbox 1950 4457 2022 4513; x_wconf 90' lang='lat' dir='ltr'>ab</span> 
     </span>
    </p>
   </div>
   <div class='ocr_carea' id='block_1_82' title="bbox 2155 3299 3806 3380">
    <p class='ocr_par' dir='ltr' id='par_1_82' title="bbox 2155 3299 3806 3380">
     <span class='ocr_line' id='line_1_82' title="bbox 2155 3299 3806 3380; baseline 0.005 -27"><span class='ocrx_word' id='word_1_654' title='bbox 2155 3299 2282 3360; x_wconf 86' lang='grc' dir='ltr'>Θεὸς</span> <span class='ocrx_word' id='word_1_655' title='bbox 2335 3299 2547 3362; x_wconf 85' lang='grc' dir='ltr'>τέλειος</span> <span class='ocrx_word' id='word_1_656' title='bbox 2604 3301 2632 3354; x_wconf 92' lang='lat'>6</span> <span class='ocrx_word' id='word_1_657' title='bbox 2687 3301 2828 3370; x_wconf 76' lang='grc' dir='ltr'>Υἱὸς,</span> <span class='ocrx_word' id='word_1_658' title='bbox 2890 3303 3018 3364; x_wconf 87' lang='grc' dir='ltr'>Θεὸς</span> <span class='ocrx_word' id='word_1_659' title='bbox 3082 3301 3294 3365; x_wconf 84' lang='grc' dir='ltr'>τέλειος</span> <span class='ocrx_word' id='word_1_660' title='bbox 3351 3304 3414 3359; x_wconf 87' lang='grc' dir='ltr'>τὸ</span> <span class='ocrx_word' id='word_1_661' title='bbox 3474 3311 3694 3380; x_wconf 89' lang='grc' dir='ltr'>Πνεῦμα</span> <span class='ocrx_word' id='word_1_662' title='bbox 3748 3307 3806 3362; x_wconf 87' lang='grc' dir='ltr'>τὸ</span> 
     </span>
    </p>
   </div>
   <div class='ocr_carea' id='block_1_83' title="bbox 2155 3388 3803 3472">
    <p class='ocr_par' dir='ltr' id='par_1_83' title="bbox 2155 3388 3803 3472">
     <span class='ocr_line' id='line_1_83' title="bbox 2155 3388 3803 3472; baseline 0.006 -31"><span class='ocrx_word' id='word_1_663' title='bbox 2155 3389 2330 3463; x_wconf 80' lang='grc' dir='ltr'>ἅγιον.</span> <span class='ocrx_word' id='word_1_664' title='bbox 2372 3388 2529 3446; x_wconf 87' lang='grc' dir='ltr'>Ἀλλ’</span> <span class='ocrx_word' id='word_1_665' title='bbox 2577 3391 2655 3452; x_wconf 78' lang='grc' dir='ltr'>εἷς</span> <span class='ocrx_word' id='word_1_666' title='bbox 2704 3391 2855 3460; x_wconf 86' lang='grc' dir='ltr'>Θεὸς,</span> <span class='ocrx_word' id='word_1_667' title='bbox 2908 3391 2969 3445; x_wconf 80' lang='grc' dir='ltr'>οὐ</span> <span class='ocrx_word' id='word_1_668' title='bbox 3016 3397 3161 3468; x_wconf 87' lang='grc' dir='ltr'>τρεῖς</span> <span class='ocrx_word' id='word_1_669' title='bbox 3207 3392 3336 3451; x_wconf 85' lang='grc' dir='ltr'>θεοί.</span> <span class='ocrx_word' id='word_1_670' title='bbox 3385 3392 3520 3457; x_wconf 83' lang='grc' dir='ltr'>Τοὺς</span> <span class='ocrx_word' id='word_1_671' title='bbox 3576 3396 3671 3470; x_wconf 77' lang='grc' dir='ltr'>μὲν</span> <span class='ocrx_word' id='word_1_672' title='bbox 3704 3396 3803 3472; x_wconf 79' lang='grc' dir='ltr'>γὰρ</span> 
     </span>
    </p>
   </div>
   <div class='ocr_carea' id='block_1_84' title="bbox 2151 3477 3800 3556">
    <p class='ocr_par' dir='ltr' id='par_1_84' title="bbox 2151 3477 3800 3556">
     <span class='ocr_line' id='line_1_84' title="bbox 2151 3477 3800 3556; baseline 0.004 -24"><span class='ocrx_word' id='word_1_673' title='bbox 2151 3484 2294 3550; x_wconf 81' lang='grc' dir='ltr'>τρεῖς</span> <span class='ocrx_word' id='word_1_674' title='bbox 2342 3479 2683 3555; x_wconf 85' lang='grc' dir='ltr'>ἀνθρώπους,</span> <span class='ocrx_word' id='word_1_675' title='bbox 2732 3477 2879 3536; x_wconf 86' lang='grc' dir='ltr'>ἀλλά</span> <span class='ocrx_word' id='word_1_676' title='bbox 2925 3477 2990 3550; x_wconf 79' lang='grc' dir='ltr'>δὴ</span> <span class='ocrx_word' id='word_1_677' title='bbox 3040 3479 3131 3535; x_wconf 83' lang='grc' dir='ltr'>καὶ</span> <span class='ocrx_word' id='word_1_678' title='bbox 3178 3481 3308 3545; x_wconf 78' lang='grc' dir='ltr'>τοὺς</span> <span class='ocrx_word' id='word_1_679' title='bbox 3353 3479 3470 3556; x_wconf 78' lang='grc' dir='ltr'>δύο,</span> <span class='ocrx_word' id='word_1_680' title='bbox 3521 3485 3625 3540; x_wconf 83' lang='grc' dir='ltr'>οὐκ</span> <span class='ocrx_word' id='word_1_681' title='bbox 3666 3481 3800 3542; x_wconf 78' lang='grc' dir='ltr'>ἔστιν</span> 
     </span>
    </p>
   </div>
   <div class='ocr_carea' id='block_1_85' title="bbox 2152 3565 3798 3652">
    <p class='ocr_par' dir='ltr' id='par_1_85' title="bbox 2152 3565 3798 3652">
     <span class='ocr_line' id='line_1_85' title="bbox 2152 3565 3798 3652; baseline 0.004 -31"><span class='ocrx_word' id='word_1_682' title='bbox 2152 3567 2319 3622; x_wconf 80' lang='grc' dir='ltr'>εἰπεῖν</span> <span class='ocrx_word' id='word_1_683' title='bbox 2369 3569 2656 3644; x_wconf 80' lang='grc' dir='ltr'>ἄνθρωπον</span> <span class='ocrx_word' id='word_1_684' title='bbox 2716 3565 2845 3640; x_wconf 72' lang='grc' dir='ltr'>ἕνα,</span> <span class='ocrx_word' id='word_1_685' title='bbox 2899 3568 2992 3623; x_wconf 71' lang='grc' dir='ltr'>κᾶν</span> <span class='ocrx_word' id='word_1_686' title='bbox 3046 3568 3256 3647; x_wconf 75' lang='grc' dir='ltr'>φύσεως</span> <span class='ocrx_word' id='word_1_687' title='bbox 3321 3572 3451 3626; x_wconf 81' lang='grc' dir='ltr'>ὦσιν</span> <span class='ocrx_word' id='word_1_688' title='bbox 3525 3571 3798 3652; x_wconf 80' lang='grc' dir='ltr'>ἅνθρωποι</span> 
     </span>
    </p>
   </div>
   <div class='ocr_carea' id='block_1_86' title="bbox 2149 3655 3801 3740">
    <p class='ocr_par' dir='ltr' id='par_1_86' title="bbox 2149 3655 3801 3740">
     <span class='ocr_line' id='line_1_86' title="bbox 2149 3655 3801 3740; baseline 0.006 -30"><span class='ocrx_word' id='word_1_689' title='bbox 2149 3656 2338 3719; x_wconf 87' lang='grc' dir='ltr'>πάντες</span> <span class='ocrx_word' id='word_1_690' title='bbox 2375 3663 2522 3730; x_wconf 79' lang='grc' dir='ltr'>μιᾶς·</span> <span class='ocrx_word' id='word_1_691' title='bbox 2576 3658 2694 3714; x_wconf 89' lang='grc' dir='ltr'>Ἀπ’</span> <span class='ocrx_word' id='word_1_692' title='bbox 2741 3655 3007 3729; x_wconf 87' lang='grc' dir='ltr'>ἀλλήλων</span> <span class='ocrx_word' id='word_1_693' title='bbox 3058 3659 3162 3735; x_wconf 84' lang='grc' dir='ltr'>γὰρ</span> <span class='ocrx_word' id='word_1_694' title='bbox 3213 3657 3577 3737; x_wconf 86' lang='grc' dir='ltr'>διακέκρινται</span> <span class='ocrx_word' id='word_1_695' title='bbox 3629 3685 3801 3740; x_wconf 86' lang='grc' dir='ltr'>πραγ-</span> 
     </span>
    </p>
   </div>
   <div class='ocr_carea' id='block_1_87' title="bbox 2151 3743 3797 3832">
    <p class='ocr_par' dir='ltr' id='par_1_87' title="bbox 2151 3743 3797 3832">
     <span class='ocr_line' id='line_1_87' title="bbox 2151 3743 3797 3832; baseline 0.004 -33"><span class='ocrx_word' id='word_1_696' title='bbox 2151 3750 2415 3818; x_wconf 85' lang='grc' dir='ltr'>ματικῶς,</span> <span class='ocrx_word' id='word_1_697' title='bbox 2463 3745 2554 3800; x_wconf 85' lang='grc' dir='ltr'>καὶ</span> <span class='ocrx_word' id='word_1_698' title='bbox 2601 3743 2824 3808; x_wconf 74' lang='grc' dir='ltr'>ἕκαστος</span> <span class='ocrx_word' id='word_1_699' title='bbox 2885 3745 3058 3802; x_wconf 80' lang='grc' dir='ltr'>αὐτῶν</span> <span class='ocrx_word' id='word_1_700' title='bbox 3113 3744 3250 3803; x_wconf 82' lang='grc' dir='ltr'>ἰδίαν</span> <span class='ocrx_word' id='word_1_701' title='bbox 3296 3744 3412 3826; x_wconf 80' lang='grc' dir='ltr'>ἔχει</span> <span class='ocrx_word' id='word_1_702' title='bbox 3460 3754 3797 3832; x_wconf 65' lang='grc' dir='ltr'>περιγραφὴν</span> 
     </span>
    </p>
   </div>
   <div class='ocr_carea' id='block_1_88' title="bbox 2144 3832 3798 3912">
    <p class='ocr_par' dir='ltr' id='par_1_88' title="bbox 2144 3832 3798 3912">
     <span class='ocr_line' id='line_1_88' title="bbox 2144 3832 3798 3912; baseline 0.005 -24"><span class='ocrx_word' id='word_1_703' title='bbox 2144 3836 2400 3904; x_wconf 68' lang='grc' dir='ltr'>τοπικὴν,</span> <span class='ocrx_word' id='word_1_704' title='bbox 2450 3832 2596 3890; x_wconf 84' lang='grc' dir='ltr'>ἀλλὰ</span> <span class='ocrx_word' id='word_1_705' title='bbox 2650 3835 2740 3890; x_wconf 84' lang='grc' dir='ltr'>καὶ</span> <span class='ocrx_word' id='word_1_706' title='bbox 2792 3835 2981 3912; x_wconf 84' lang='grc' dir='ltr'>χρόνῳ</span> <span class='ocrx_word' id='word_1_707' title='bbox 3024 3837 3113 3891; x_wconf 84' lang='grc' dir='ltr'>καὶ</span> <span class='ocrx_word' id='word_1_708' title='bbox 3169 3836 3452 3911; x_wconf 79' lang='grc' dir='ltr'>βουλήσει,</span> <span class='ocrx_word' id='word_1_709' title='bbox 3505 3842 3596 3896; x_wconf 83' lang='grc' dir='ltr'>καὶ</span> <span class='ocrx_word' id='word_1_710' title='bbox 3648 3839 3798 3896; x_wconf 81' lang='grc' dir='ltr'>δυνά-</span> 
     </span>
    </p>
   </div>
   <div class='ocr_carea' id='block_1_89' title="bbox 2149 3920 3800 4006">
    <p class='ocr_par' dir='ltr' id='par_1_89' title="bbox 2149 3920 3800 4006">
     <span class='ocr_line' id='line_1_89' title="bbox 2149 3920 3800 4006; baseline 0.005 -28"><span class='ocrx_word' id='word_1_711' title='bbox 2149 3944 2257 3996; x_wconf 87' lang='grc' dir='ltr'>μει,</span> <span class='ocrx_word' id='word_1_712' title='bbox 2311 3923 2401 3978; x_wconf 84' lang='grc' dir='ltr'>καὶ</span> <span class='ocrx_word' id='word_1_713' title='bbox 2461 3920 2632 3998; x_wconf 79' lang='grc' dir='ltr'>δόξῃ,</span> <span class='ocrx_word' id='word_1_714' title='bbox 2694 3925 2784 3978; x_wconf 78' lang='grc' dir='ltr'>καὶ</span> <span class='ocrx_word' id='word_1_715' title='bbox 2861 3924 3099 3988; x_wconf 82' lang='grc' dir='ltr'>πολλοῖς</span> <span class='ocrx_word' id='word_1_716' title='bbox 3156 3922 3351 3989; x_wconf 79' lang='grc' dir='ltr'>ἄλλοις</span> <span class='ocrx_word' id='word_1_717' title='bbox 3417 3925 3604 4006; x_wconf 69' lang='grc' dir='ltr'>ἕτερος</span> <span class='ocrx_word' id='word_1_718' title='bbox 3662 3930 3800 3986; x_wconf 74' lang='grc' dir='ltr'>ἑτέ-</span> 
     </span>
    </p>
   </div>
   <div class='ocr_carea' id='block_1_90' title="bbox 2145 4011 3794 4096">
    <p class='ocr_par' dir='ltr' id='par_1_90' title="bbox 2145 4011 3794 4096">
     <span class='ocr_line' id='line_1_90' title="bbox 2145 4011 3794 4096; baseline 0.005 -30"><span class='ocrx_word' id='word_1_719' title='bbox 2145 4033 2240 4088; x_wconf 90' lang='grc' dir='ltr'>ρου</span> <span class='ocrx_word' id='word_1_720' title='bbox 2296 4011 2624 4089; x_wconf 82' lang='grc' dir='ltr'>διείργεται.</span> <span class='ocrx_word' id='word_1_721' title='bbox 2686 4014 3076 4089; x_wconf 72' lang='grc' dir='ltr'>Παραπλήσιόν</span> <span class='ocrx_word' id='word_1_722' title='bbox 3131 4036 3184 4070; x_wconf 91' lang='grc' dir='ltr'>τι</span> <span class='ocrx_word' id='word_1_723' title='bbox 3243 4016 3372 4071; x_wconf 83' lang='grc' dir='ltr'>κάπὶ</span> <span class='ocrx_word' id='word_1_724' title='bbox 3438 4022 3549 4073; x_wconf 87' lang='grc' dir='ltr'>τῶν</span> <span class='ocrx_word' id='word_1_725' title='bbox 3609 4019 3794 4096; x_wconf 81' lang='grc' dir='ltr'>ἀγγέ-</span> 
     </span>
    </p>
   </div>
   <div class='ocr_carea' id='block_1_91' title="bbox 2143 4100 3795 4182">
    <p class='ocr_par' dir='ltr' id='par_1_91' title="bbox 2143 4100 3795 4182">
     <span class='ocr_line' id='line_1_91' title="bbox 2143 4100 3795 4182; baseline 0.006 -27"><span class='ocrx_word' id='word_1_726' title='bbox 2143 4101 2254 4155; x_wconf 88' lang='grc' dir='ltr'>λων</span> <span class='ocrx_word' id='word_1_727' title='bbox 2308 4100 2652 4172; x_wconf 85' lang='grc' dir='ltr'>ὑποληπτέον</span> <span class='ocrx_word' id='word_1_728' title='bbox 2680 4145 2691 4156; x_wconf 95' lang='grc'>.</span> <span class='ocrx_word' id='word_1_729' title='bbox 2742 4103 3010 4158; x_wconf 85' lang='grc' dir='ltr'>Κάκείνων</span> <span class='ocrx_word' id='word_1_730' title='bbox 3043 4103 3146 4180; x_wconf 77' lang='grc' dir='ltr'>γὰρ</span> <span class='ocrx_word' id='word_1_731' title='bbox 3196 4101 3420 4168; x_wconf 73' lang='grc' dir='ltr'>ἕκαστος</span> <span class='ocrx_word' id='word_1_732' title='bbox 3469 4104 3596 4182; x_wconf 77' lang='grc' dir='ltr'>ἰδίῳ</span> <span class='ocrx_word' id='word_1_733' title='bbox 3643 4109 3795 4182; x_wconf 85' lang='grc' dir='ltr'>τόπῳ</span> 
     </span>
    </p>
   </div>
   <div class='ocr_carea' id='block_1_92' title="bbox 2138 4189 3793 4275">
    <p class='ocr_par' dir='ltr' id='par_1_92' title="bbox 2138 4189 3793 4275">
     <span class='ocr_line' id='line_1_92' title="bbox 2138 4189 3793 4275; baseline 0.005 -30"><span class='ocrx_word' id='word_1_734' title='bbox 2138 4196 2342 4266; x_wconf 89' lang='grc' dir='ltr'>νοερῶς</span> <span class='ocrx_word' id='word_1_735' title='bbox 2397 4191 2831 4268; x_wconf 77' lang='grc' dir='ltr'>περιγράφεται,</span> <span class='ocrx_word' id='word_1_736' title='bbox 2892 4189 3032 4246; x_wconf 84' lang='grc' dir='ltr'>διότι</span> <span class='ocrx_word' id='word_1_737' title='bbox 3110 4194 3304 4257; x_wconf 77' lang='grc' dir='ltr'>πάντες</span> <span class='ocrx_word' id='word_1_738' title='bbox 3368 4197 3732 4275; x_wconf 87' lang='grc' dir='ltr'>περιγραπτοί</span> <span class='ocrx_word' id='word_1_739' title='bbox 3778 4241 3793 4268; x_wconf 87' lang='grc'>,</span> 
     </span>
    </p>
   </div>
   <div class='ocr_carea' id='block_1_93' title="bbox 2137 4277 3791 4357">
    <p class='ocr_par' dir='ltr' id='par_1_93' title="bbox 2137 4277 3791 4357">
     <span class='ocr_line' id='line_1_93' title="bbox 2137 4277 3791 4357; baseline 0.004 -24"><span class='ocrx_word' id='word_1_740' title='bbox 2137 4281 2225 4333; x_wconf 85' lang='grc' dir='ltr'>καὶ</span> <span class='ocrx_word' id='word_1_741' title='bbox 2256 4280 2466 4355; x_wconf 82' lang='grc' dir='ltr'>βαθμὸς</span> <span class='ocrx_word' id='word_1_742' title='bbox 2497 4279 2668 4343; x_wconf 76' lang='grc' dir='ltr'>ἄλλος</span> <span class='ocrx_word' id='word_1_743' title='bbox 2701 4277 2857 4354; x_wconf 76' lang='grc' dir='ltr'>ἄλλῳ</span> <span class='ocrx_word' id='word_1_744' title='bbox 2885 4281 3254 4357; x_wconf 78' lang='grc' dir='ltr'>κεκλήρωται,</span> <span class='ocrx_word' id='word_1_745' title='bbox 3287 4283 3376 4339; x_wconf 85' lang='grc' dir='ltr'>καὶ</span> <span class='ocrx_word' id='word_1_746' title='bbox 3410 4282 3584 4349; x_wconf 81' lang='grc' dir='ltr'>ἄλλος</span> <span class='ocrx_word' id='word_1_747' title='bbox 3618 4285 3791 4357; x_wconf 74' lang='grc' dir='ltr'>ἄλλην</span> 
     </span>
    </p>
   </div>
   <div class='ocr_carea' id='block_1_94' title="bbox 2137 4365 3791 4450">
    <p class='ocr_par' dir='ltr' id='par_1_94' title="bbox 2137 4365 3791 4450">
     <span class='ocr_line' id='line_1_94' title="bbox 2137 4365 3791 4450; baseline 0.005 -27"><span class='ocrx_word' id='word_1_748' title='bbox 2137 4365 2412 4444; x_wconf 79' lang='grc' dir='ltr'>ἔλλαμψιν</span> <span class='ocrx_word' id='word_1_749' title='bbox 2472 4367 2710 4446; x_wconf 88' lang='grc' dir='ltr'>δέχεται.</span> <span class='ocrx_word' id='word_1_750' title='bbox 2768 4369 2867 4425; x_wconf 83' lang='grc' dir='ltr'>Καὶ</span> <span class='ocrx_word' id='word_1_751' title='bbox 2927 4371 2955 4425; x_wconf 87' lang='lat'>6</span> <span class='ocrx_word' id='word_1_752' title='bbox 3001 4371 3097 4444; x_wconf 76' lang='grc' dir='ltr'>μὲν</span> <span class='ocrx_word' id='word_1_753' title='bbox 3157 4372 3442 4450; x_wconf 91' lang='grc' dir='ltr'>πρότερον,</span> <span class='ocrx_word' id='word_1_754' title='bbox 3494 4375 3523 4430; x_wconf 91' lang='lat'>6</span> <span class='ocrx_word' id='word_1_755' title='bbox 3556 4373 3604 4431; x_wconf 87' lang='lat'>6’</span> <span class='ocrx_word' id='word_1_756' title='bbox 3643 4376 3791 4432; x_wconf 77' lang='grc' dir='ltr'>ὕστε-</span> 
     </span>
    </p>
   </div>
   <div class='ocr_carea' id='block_1_95' title="bbox 2138 4458 3790 4537">
    <p class='ocr_par' dir='ltr' id='par_1_95' title="bbox 2138 4458 3790 4537">
     <span class='ocr_line' id='line_1_95' title="bbox 2138 4458 3790 4537; baseline 0.007 -26"><span class='ocrx_word' id='word_1_757' title='bbox 2138 4477 2269 4533; x_wconf 80' lang='grc' dir='ltr'>ρον’</span> <span class='ocrx_word' id='word_1_758' title='bbox 2309 4459 2398 4513; x_wconf 84' lang='grc' dir='ltr'>καὶ</span> <span class='ocrx_word' id='word_1_759' title='bbox 2447 4460 2476 4513; x_wconf 88' lang='lat'>6</span> <span class='ocrx_word' id='word_1_760' title='bbox 2528 4460 2620 4533; x_wconf 78' lang='grc' dir='ltr'>μὲν</span> <span class='ocrx_word' id='word_1_761' title='bbox 2676 4458 2915 4532; x_wconf 85' lang='grc' dir='ltr'>ἀμέσως,</span> <span class='ocrx_word' id='word_1_762' title='bbox 2965 4461 2993 4516; x_wconf 92' lang='lat'>6</span> <span class='ocrx_word' id='word_1_763' title='bbox 3047 4458 3093 4516; x_wconf 84' lang='grc' dir='ltr'>δ’</span> <span class='ocrx_word' id='word_1_764' title='bbox 3143 4462 3242 4517; x_wconf 69' lang='grc' dir='ltr'>οόκ⁵</span> <span class='ocrx_word' id='word_1_765' title='bbox 3287 4461 3528 4537; x_wconf 84' lang='grc' dir='ltr'>ἀμέσως,</span> <span class='ocrx_word' id='word_1_766' title='bbox 3580 4464 3710 4522; x_wconf 84' lang='grc' dir='ltr'>ἀλλ’</span> <span class='ocrx_word' id='word_1_767' title='bbox 3754 4465 3790 4534; x_wconf 72' lang='grc' dir='ltr'><strong>ἢ</strong></span> 
     </span>
    </p>
   </div>
   <div class='ocr_carea' id='block_1_96' title="bbox 371 4543 2037 4622">
    <p class='ocr_par' dir='ltr' id='par_1_96' title="bbox 371 4546 2024 4617">
     <span class='ocr_line' id='line_1_96' title="bbox 371 4546 2024 4617; baseline 0 -14"><span class='ocrx_word' id='word_1_768' title='bbox 371 4548 620 4604; x_wconf 90' lang='lat' dir='ltr'>invicem</span> <span class='ocrx_word' id='word_1_769' title='bbox 674 4548 1100 4605; x_wconf 87' lang='lat' dir='ltr'>discriminent.</span> <span class='ocrx_word' id='word_1_770' title='bbox 1135 4546 1304 4603; x_wconf 90' lang='lat' dir='ltr'>Solas</span> <span class='ocrx_word' id='word_1_771' title='bbox 1347 4551 1540 4602; x_wconf 89' lang='lat' dir='ltr'>autem</span> <span class='ocrx_word' id='word_1_772' title='bbox 1575 4550 1693 4601; x_wconf 90' lang='lat' dir='ltr'>tres</span> <span class='ocrx_word' id='word_1_773' title='bbox 1743 4563 2024 4617; x_wconf 84' lang='lat' dir='ltr'>personas</span> 
     </span>
    </p>
   </div>
   <div class='ocr_carea' id='block_1_97' title="bbox 2148 4543 3790 4622">
    <p class='ocr_par' dir='ltr' id='par_1_97' title="bbox 2148 4544 3790 4622">
     <span class='ocr_line' id='line_1_97' title="bbox 2148 4544 3790 4622; baseline 0.005 -22"><span class='ocrx_word' id='word_1_774' title='bbox 2148 4544 2203 4600; x_wconf 69' lang='lat' dir='ltr'>it’</span> <span class='ocrx_word' id='word_1_775' title='bbox 2260 4547 2398 4616; x_wconf 75' lang='grc' dir='ltr'>ἑνὸς,</span> <span class='ocrx_word' id='word_1_776' title='bbox 2448 4549 2482 4616; x_wconf 75' lang='grc' dir='ltr'>ἢ</span> <span class='ocrx_word' id='word_1_777' title='bbox 2539 4547 2627 4602; x_wconf 73' lang='grc' dir='ltr'>διὰ</span> <span class='ocrx_word' id='word_1_778' title='bbox 2683 4545 2952 4604; x_wconf 87' lang='grc' dir='ltr'>πλειόνων</span> <span class='ocrx_word' id='word_1_779' title='bbox 3008 4553 3116 4604; x_wconf 88' lang='grc' dir='ltr'>τῶν</span> <span class='ocrx_word' id='word_1_780' title='bbox 3184 4550 3400 4622; x_wconf 77' lang='grc' dir='ltr'>μεταξύ.</span> <span class='ocrx_word' id='word_1_781' title='bbox 3460 4553 3562 4608; x_wconf 86' lang='grc' dir='ltr'>Κσὶ</span> <span class='ocrx_word' id='word_1_782' title='bbox 3621 4552 3790 4614; x_wconf 78' lang='grc' dir='ltr'>ἄλλος</span> 
     </span>
    </p>
   </div>
   <div class='ocr_carea' id='block_1_98' title="bbox 368 4635 2019 4706">
    <p class='ocr_par' dir='ltr' id='par_1_98' title="bbox 368 4635 2019 4706">
     <span class='ocr_line' id='line_1_98' title="bbox 368 4635 2019 4706; baseline -0.001 -14"><span class='ocrx_word' id='word_1_783' title='bbox 368 4654 616 4693; x_wconf 57' lang='lat' dir='ltr'>summas</span> <span class='ocrx_word' id='word_1_784' title='bbox 672 4639 996 4694; x_wconf 88' lang='lat' dir='ltr'>divinitatis</span> <span class='ocrx_word' id='word_1_785' title='bbox 1029 4653 1135 4692; x_wconf 89' lang='lat' dir='ltr'>nec</span> <span class='ocrx_word' id='word_1_786' title='bbox 1164 4636 1328 4693; x_wconf 89' lang='lat' dir='ltr'>locus</span> <span class='ocrx_word' id='word_1_787' title='bbox 1366 4637 1438 4692; x_wconf 89' lang='lat' dir='ltr'>ab</span> <span class='ocrx_word' id='word_1_788' title='bbox 1469 4635 1716 4690; x_wconf 89' lang='lat' dir='ltr'>invicem</span> <span class='ocrx_word' id='word_1_789' title='bbox 1767 4640 2019 4706; x_wconf 90' lang='lat' dir='ltr'>separat,</span> 
     </span>
    </p>
   </div>
   <div class='ocr_carea' id='block_1_99' title="bbox 368 4723 2020 4799">
    <p class='ocr_par' dir='ltr' id='par_1_99' title="bbox 368 4723 2020 4799">
     <span class='ocr_line' id='line_1_99' title="bbox 368 4723 2020 4799; baseline -0.002 -17"><span class='ocrx_word' id='word_1_790' title='bbox 368 4727 508 4798; x_wconf 90' lang='lat' dir='ltr'>quia</span> <span class='ocrx_word' id='word_1_791' title='bbox 538 4744 653 4783; x_wconf 91' lang='lat' dir='ltr'>non</span> <span class='ocrx_word' id='word_1_792' title='bbox 685 4729 949 4793; x_wconf 74' lang='lat' dir='ltr'>finitae,et</span> <span class='ocrx_word' id='word_1_793' title='bbox 966 4726 1104 4799; x_wconf 90' lang='lat' dir='ltr'>quia</span> <span class='ocrx_word' id='word_1_794' title='bbox 1121 4727 1337 4797; x_wconf 83' lang='lat' dir='ltr'>ubique</span> <span class='ocrx_word' id='word_1_795' title='bbox 1368 4731 1425 4779; x_wconf 87' lang='lat' dir='ltr'>et</span> <span class='ocrx_word' id='word_1_796' title='bbox 1442 4723 2020 4780; x_wconf 90' lang='lat' dir='ltr'>omninoininvicem</span> 
     </span>
    </p>
   </div>
   <div class='ocr_carea' id='block_1_100' title="bbox 365 4814 2016 4887">
    <p class='ocr_par' dir='ltr' id='par_1_100' title="bbox 365 4814 2016 4887">
     <span class='ocr_line' id='line_1_100' title="bbox 365 4814 2016 4887; baseline -0.002 -16"><span class='ocrx_word' id='word_1_797' title='bbox 365 4815 871 4872; x_wconf 90' lang='lat' dir='ltr'>circumincedunt</span> <span class='ocrx_word' id='word_1_798' title='bbox 918 4816 1140 4887; x_wconf 89' lang='lat' dir='ltr'>absque</span> <span class='ocrx_word' id='word_1_799' title='bbox 1187 4814 1566 4880; x_wconf 88' lang='lat' dir='ltr'>confusione;</span> <span class='ocrx_word' id='word_1_800' title='bbox 1603 4828 1708 4867; x_wconf 90' lang='lat' dir='ltr'>nec</span> <span class='ocrx_word' id='word_1_801' title='bbox 1760 4815 2016 4884; x_wconf 86' lang='lat' dir='ltr'>tempus,</span> 
     </span>
    </p>
   </div>
   <div class='ocr_carea' id='block_1_101' title="bbox 367 4902 2020 4976">
    <p class='ocr_par' dir='ltr' id='par_1_101' title="bbox 367 4902 2020 4976">
     <span class='ocr_line' id='line_1_101' title="bbox 367 4902 2020 4976; baseline -0.001 -17"><span class='ocrx_word' id='word_1_802' title='bbox 367 4909 502 4960; x_wconf 89' lang='lat' dir='ltr'>ante</span> <span class='ocrx_word' id='word_1_803' title='bbox 534 4905 690 4960; x_wconf 90' lang='lat' dir='ltr'>enim</span> <span class='ocrx_word' id='word_1_804' title='bbox 740 4905 954 4961; x_wconf 68' lang='lat' dir='ltr'>saecula</span> <span class='ocrx_word' id='word_1_805' title='bbox 986 4903 1200 4976; x_wconf 86' lang='lat' dir='ltr'>pariter</span> <span class='ocrx_word' id='word_1_806' title='bbox 1230 4907 1369 4959; x_wconf 88' lang='lat' dir='ltr'>sunt</span> <span class='ocrx_word' id='word_1_807' title='bbox 1399 4902 1608 4957; x_wconf 58' lang='lat' dir='ltr'>hatres</span> <span class='ocrx_word' id='word_1_808' title='bbox 1649 4918 1930 4972; x_wconf 67' lang='lat' dir='ltr'>personae,</span> <span class='ocrx_word' id='word_1_809' title='bbox 1963 4907 2020 4957; x_wconf 90' lang='lat' dir='ltr'>et</span> 
     </span>
    </p>
   </div>
   <div class='ocr_carea' id='block_1_102' title="bbox 365 4989 2015 5064">
    <p class='ocr_par' dir='ltr' id='par_1_102' title="bbox 365 4989 2015 5064">
     <span class='ocr_line' id='line_1_102' title="bbox 365 4989 2015 5064; baseline 0 -18"><span class='ocrx_word' id='word_1_810' title='bbox 365 4996 528 5048; x_wconf 80' lang='lat' dir='ltr'>extra</span> <span class='ocrx_word' id='word_1_811' title='bbox 575 4997 843 5064; x_wconf 87' lang='lat' dir='ltr'>tempus;</span> <span class='ocrx_word' id='word_1_812' title='bbox 895 5011 997 5049; x_wconf 89' lang='lat' dir='ltr'>nec</span> <span class='ocrx_word' id='word_1_813' title='bbox 1046 4993 1162 5048; x_wconf 89' lang='lat' dir='ltr'>alia</span> <span class='ocrx_word' id='word_1_814' title='bbox 1209 4992 1446 5064; x_wconf 90' lang='lat' dir='ltr'>quidem</span> <span class='ocrx_word' id='word_1_815' title='bbox 1496 4990 1672 5062; x_wconf 91' lang='lat' dir='ltr'>prior,</span> <span class='ocrx_word' id='word_1_816' title='bbox 1725 4989 1838 5045; x_wconf 88' lang='lat' dir='ltr'>alia</span> <span class='ocrx_word' id='word_1_817' title='bbox 1883 5007 2015 5046; x_wconf 90' lang='lat' dir='ltr'>vero</span> 
     </span>
    </p>
   </div>
   <div class='ocr_carea' id='block_1_103' title="bbox 363 5078 2014 5151">
    <p class='ocr_par' dir='ltr' id='par_1_103' title="bbox 363 5078 2014 5151">
     <span class='ocr_line' id='line_1_103' title="bbox 363 5078 2014 5151; baseline -0.001 -15"><span class='ocrx_word' id='word_1_818' title='bbox 363 5081 670 5151; x_wconf 87' lang='lat' dir='ltr'>posterior.</span> <span class='ocrx_word' id='word_1_819' title='bbox 703 5082 811 5137; x_wconf 89' lang='lat' dir='ltr'>Sed</span> <span class='ocrx_word' id='word_1_820' title='bbox 857 5083 1036 5138; x_wconf 90' lang='lat' dir='ltr'>etiam</span> <span class='ocrx_word' id='word_1_821' title='bbox 1070 5087 1127 5138; x_wconf 89' lang='lat' dir='ltr'>et</span> <span class='ocrx_word' id='word_1_822' title='bbox 1151 5099 1269 5137; x_wconf 90' lang='lat' dir='ltr'>una</span> <span class='ocrx_word' id='word_1_823' title='bbox 1313 5081 1504 5136; x_wconf 84' lang='lat' dir='ltr'>tribus</span> <span class='ocrx_word' id='word_1_824' title='bbox 1544 5085 1634 5136; x_wconf 88' lang='lat' dir='ltr'>est</span> <span class='ocrx_word' id='word_1_825' title='bbox 1676 5078 2014 5134; x_wconf 87' lang='lat' dir='ltr'>deliberatio</span> 
     </span>
    </p>
   </div>
   <div class='ocr_carea' id='block_1_104' title="bbox 360 5168 2014 5244">
    <p class='ocr_par' dir='ltr' id='par_1_104' title="bbox 360 5168 2014 5244">
     <span class='ocr_line' id='line_1_104' title="bbox 360 5168 2014 5244; baseline 0 -20"><span class='ocrx_word' id='word_1_826' title='bbox 360 5173 417 5224; x_wconf 88' lang='lat' dir='ltr'>et</span> <span class='ocrx_word' id='word_1_827' title='bbox 445 5168 734 5238; x_wconf 88' lang='lat' dir='ltr'>voluntas,</span> <span class='ocrx_word' id='word_1_828' title='bbox 771 5187 889 5227; x_wconf 89' lang='lat' dir='ltr'>una</span> <span class='ocrx_word' id='word_1_829' title='bbox 926 5171 1186 5244; x_wconf 88' lang='lat' dir='ltr'>potentia</span> <span class='ocrx_word' id='word_1_830' title='bbox 1215 5169 1608 5240; x_wconf 91' lang='lat' dir='ltr'>omnipotens,</span> <span class='ocrx_word' id='word_1_831' title='bbox 1645 5185 1763 5224; x_wconf 91' lang='lat' dir='ltr'>una</span> <span class='ocrx_word' id='word_1_832' title='bbox 1811 5185 2014 5240; x_wconf 89' lang='lat' dir='ltr'>opera-</span> 
     </span>
    </p>
   </div>
   <div class='ocr_carea' id='block_1_105' title="bbox 362 5257 2011 5331">
    <p class='ocr_par' dir='ltr' id='par_1_105' title="bbox 362 5257 2011 5331">
     <span class='ocr_line' id='line_1_105' title="bbox 362 5257 2011 5331; baseline -0.001 -18"><span class='ocrx_word' id='word_1_833' title='bbox 362 5257 438 5313; x_wconf 89' lang='lat' dir='ltr'>tio</span> <span class='ocrx_word' id='word_1_834' title='bbox 470 5274 717 5329; x_wconf 91' lang='lat' dir='ltr'>operans</span> <span class='ocrx_word' id='word_1_835' title='bbox 749 5259 964 5331; x_wconf 85' lang='lat' dir='ltr'>omnia,</span> <span class='ocrx_word' id='word_1_836' title='bbox 996 5277 1115 5314; x_wconf 90' lang='lat' dir='ltr'>una</span> <span class='ocrx_word' id='word_1_837' title='bbox 1161 5258 1481 5315; x_wconf 86' lang='lat' dir='ltr'>dominatio</span> <span class='ocrx_word' id='word_1_838' title='bbox 1514 5257 1791 5312; x_wconf 89' lang='lat' dir='ltr'>omnibus</span> <span class='ocrx_word' id='word_1_839' title='bbox 1823 5257 2011 5311; x_wconf 91' lang='lat' dir='ltr'>domi-</span> 
     </span>
    </p>
   </div>
   <div class='ocr_carea' id='block_1_106' title="bbox 355 5345 2012 5420">
    <p class='ocr_par' dir='ltr' id='par_1_106' title="bbox 355 5345 2012 5420">
     <span class='ocr_line' id='line_1_106' title="bbox 355 5345 2012 5420; baseline 0 -19"><span class='ocrx_word' id='word_1_840' title='bbox 355 5363 504 5403; x_wconf 87' lang='lat' dir='ltr'>nans</span> <span class='ocrx_word' id='word_1_841' title='bbox 535 5372 548 5415; x_wconf 83' lang='lat'><strong>;</strong></span> <span class='ocrx_word' id='word_1_842' title='bbox 578 5345 781 5418; x_wconf 90' lang='lat' dir='ltr'>gloria,</span> <span class='ocrx_word' id='word_1_843' title='bbox 817 5345 2012 5420; x_wconf 87' lang='lat' dir='ltr'>splendor,supergloriosa,super1ucentia</span> 
     </span>
    </p>
   </div>
   <div class='ocr_carea' id='block_1_107' title="bbox 353 5435 2007 5510">
    <p class='ocr_par' dir='ltr' id='par_1_107' title="bbox 353 5435 2007 5510">
     <span class='ocr_line' id='line_1_107' title="bbox 353 5435 2007 5510; baseline 0.001 -20"><span class='ocrx_word' id='word_1_844' title='bbox 353 5437 556 5491; x_wconf 89' lang='lat' dir='ltr'>eadem</span> <span class='ocrx_word' id='word_1_845' title='bbox 590 5435 813 5505; x_wconf 86' lang='lat' dir='ltr'>tribus;</span> <span class='ocrx_word' id='word_1_846' title='bbox 849 5437 1232 5510; x_wconf 85' lang='lat' dir='ltr'>ejusdemque</span> <span class='ocrx_word' id='word_1_847' title='bbox 1263 5436 1616 5505; x_wconf 87' lang='lat' dir='ltr'>substantia,</span> <span class='ocrx_word' id='word_1_848' title='bbox 1652 5438 1709 5490; x_wconf 92' lang='lat' dir='ltr'>et</span> <span class='ocrx_word' id='word_1_849' title='bbox 1739 5435 2007 5504; x_wconf 84' lang='lat' dir='ltr'>honoris,</span> 
     </span>
    </p>
   </div>
   <div class='ocr_carea' id='block_1_108' title="bbox 428 5645 918 5717">
    <p class='ocr_par' dir='ltr' id='par_1_108' title="bbox 428 5645 918 5717">
     <span class='ocr_line' id='line_1_108' title="bbox 428 5645 918 5717; baseline 0 -12"><span class='ocrx_word' id='word_1_850' title='bbox 428 5647 444 5683; x_wconf 74' lang='grc'>³</span> <span class='ocrx_word' id='word_1_851' title='bbox 476 5645 646 5705; x_wconf 84' lang='lat' dir='ltr'>Joan.</span> <span class='ocrx_word' id='word_1_852' title='bbox 678 5662 794 5717; x_wconf 70' lang='lat' dir='ltr'>xxv,</span> <span class='ocrx_word' id='word_1_853' title='bbox 826 5647 918 5705; x_wconf 88' lang='grc'>28.</span> 
     </span>
    </p>
   </div>
   <div class='ocr_carea' id='block_1_109' title="bbox 2134 4633 3788 4711">
    <p class='ocr_par' dir='ltr' id='par_1_109' title="bbox 2134 4633 3788 4711">
     <span class='ocr_line' id='line_1_109' title="bbox 2134 4633 3788 4711; baseline 0.004 -22"><span class='ocrx_word' id='word_1_854' title='bbox 2134 4633 2387 4711; x_wconf 77' lang='grc' dir='ltr'>ἀλλαχοῦ</span> <span class='ocrx_word' id='word_1_855' title='bbox 2438 4633 2852 4709; x_wconf 85' lang='grc' dir='ltr'>ἀποστέλλεται,</span> <span class='ocrx_word' id='word_1_856' title='bbox 2903 4637 2991 4694; x_wconf 83' lang='grc' dir='ltr'>καὶ</span> <span class='ocrx_word' id='word_1_857' title='bbox 3026 4637 3213 4701; x_wconf 87' lang='grc' dir='ltr'>ἁπλῶς</span> <span class='ocrx_word' id='word_1_858' title='bbox 3260 4640 3428 4694; x_wconf 87' lang='grc' dir='ltr'>εἰπεῖν</span> <span class='ocrx_word' id='word_1_859' title='bbox 3461 4640 3654 4698; x_wconf 88' lang='grc' dir='ltr'>πολλά</span> <span class='ocrx_word' id='word_1_860' title='bbox 3683 4642 3788 4698; x_wconf 83' lang='grc' dir='ltr'>ἐστι</span> 
     </span>
    </p>
   </div>
   <div class='ocr_carea' id='block_1_110' title="bbox 2129 4722 3789 4807">
    <p class='ocr_par' dir='ltr' id='par_1_110' title="bbox 2129 4722 3789 4807">
     <span class='ocr_line' id='line_1_110' title="bbox 2129 4722 3789 4807; baseline 0.004 -30"><span class='ocrx_word' id='word_1_861' title='bbox 2129 4725 2197 4778; x_wconf 68' lang='grc' dir='ltr'>τὰ</span> <span class='ocrx_word' id='word_1_862' title='bbox 2227 4723 2277 4795; x_wconf 81' lang='grc' dir='ltr'>ἐξ</span> <span class='ocrx_word' id='word_1_863' title='bbox 2309 4722 2576 4796; x_wconf 89' lang='grc' dir='ltr'>ἀλλήλων</span> <span class='ocrx_word' id='word_1_864' title='bbox 2606 4725 2801 4788; x_wconf 75' lang='grc' dir='ltr'>αὐτοὺς</span> <span class='ocrx_word' id='word_1_865' title='bbox 2850 4724 3226 4801; x_wconf 84' lang='grc' dir='ltr'>διατέμνοντα.</span> <span class='ocrx_word' id='word_1_866' title='bbox 3262 4728 3416 4783; x_wconf 81' lang='grc' dir='ltr'>Μόνα</span> <span class='ocrx_word' id='word_1_867' title='bbox 3465 4727 3525 4786; x_wconf 77' lang='grc' dir='ltr'>δὲ</span> <span class='ocrx_word' id='word_1_868' title='bbox 3571 4732 3641 4786; x_wconf 74' lang='grc' dir='ltr'>τὰ</span> <span class='ocrx_word' id='word_1_869' title='bbox 3667 4732 3789 4807; x_wconf 90' lang='grc' dir='ltr'>τρία</span> 
     </span>
    </p>
   </div>
   <div class='ocr_carea' id='block_1_111' title="bbox 2129 4812 3787 4890">
    <p class='ocr_par' dir='ltr' id='par_1_111' title="bbox 2129 4812 3787 4890">
     <span class='ocr_line' id='line_1_111' title="bbox 2129 4812 3787 4890; baseline 0.005 -24"><span class='ocrx_word' id='word_1_870' title='bbox 2129 4812 2396 4888; x_wconf 88' lang='grc' dir='ltr'>πρόσωπα</span> <span class='ocrx_word' id='word_1_871' title='bbox 2443 4822 2542 4885; x_wconf 79' lang='grc' dir='ltr'>τῆς</span> <span class='ocrx_word' id='word_1_872' title='bbox 2614 4815 2911 4890; x_wconf 80' lang='grc' dir='ltr'>ὑπερτάτου</span> <span class='ocrx_word' id='word_1_873' title='bbox 2979 4817 3236 4886; x_wconf 83' lang='grc' dir='ltr'>Θεότητος</span> <span class='ocrx_word' id='word_1_874' title='bbox 3305 4815 3430 4874; x_wconf 67' lang='grc' dir='ltr'>οὔτε</span> <span class='ocrx_word' id='word_1_875' title='bbox 3478 4820 3650 4882; x_wconf 89' lang='grc' dir='ltr'>τόπος</span> <span class='ocrx_word' id='word_1_876' title='bbox 3699 4819 3787 4874; x_wconf 83' lang='grc' dir='ltr'>ἀπ’</span> 
     </span>
    </p>
   </div>
   <div class='ocr_carea' id='block_1_112' title="bbox 2127 4898 3783 4982">
    <p class='ocr_par' dir='ltr' id='par_1_112' title="bbox 2127 4898 3783 4982">
     <span class='ocr_line' id='line_1_112' title="bbox 2127 4898 3783 4982; baseline 0.005 -27"><span class='ocrx_word' id='word_1_877' title='bbox 2127 4898 2396 4972; x_wconf 87' lang='grc' dir='ltr'>ἀλλήλων</span> <span class='ocrx_word' id='word_1_878' title='bbox 2448 4901 2735 4977; x_wconf 87' lang='grc' dir='ltr'>διίστησιν,</span> <span class='ocrx_word' id='word_1_879' title='bbox 2790 4903 2873 4958; x_wconf 78' lang='grc' dir='ltr'>ὅτι</span> <span class='ocrx_word' id='word_1_880' title='bbox 2923 4905 3312 4982; x_wconf 85' lang='grc' dir='ltr'>ἀπερίγραπτα,</span> <span class='ocrx_word' id='word_1_881' title='bbox 3361 4907 3451 4962; x_wconf 84' lang='grc' dir='ltr'>καὶ</span> <span class='ocrx_word' id='word_1_882' title='bbox 3495 4908 3580 4964; x_wconf 81' lang='grc' dir='ltr'>ὅτι</span> <span class='ocrx_word' id='word_1_883' title='bbox 3611 4909 3783 4976; x_wconf 81' lang='grc' dir='ltr'>πάντη</span> 
     </span>
    </p>
   </div>
   <div class='ocr_carea' id='block_1_113' title="bbox 2125 4991 3784 5072">
    <p class='ocr_par' dir='ltr' id='par_1_113' title="bbox 2125 4991 3784 5072">
     <span class='ocr_line' id='line_1_113' title="bbox 2125 4991 3784 5072; baseline 0.005 -28"><span class='ocrx_word' id='word_1_884' title='bbox 2125 5011 2184 5044; x_wconf 90' lang='grc' dir='ltr'>τε</span> <span class='ocrx_word' id='word_1_885' title='bbox 2238 4993 2327 5046; x_wconf 85' lang='grc' dir='ltr'>καὶ</span> <span class='ocrx_word' id='word_1_886' title='bbox 2384 4991 2599 5055; x_wconf 80' lang='grc' dir='ltr'>πάντως</span> <span class='ocrx_word' id='word_1_887' title='bbox 2650 4993 2702 5049; x_wconf 84' lang='grc' dir='ltr'>ἐν</span> <span class='ocrx_word' id='word_1_888' title='bbox 2764 4991 3037 5065; x_wconf 81' lang='grc' dir='ltr'>ἀλλήλοις</span> <span class='ocrx_word' id='word_1_889' title='bbox 3098 4999 3606 5072; x_wconf 85' lang='grc' dir='ltr'>περικεχωρήκασιν</span> <span class='ocrx_word' id='word_1_890' title='bbox 3663 4995 3784 5072; x_wconf 79' lang='grc' dir='ltr'>ἄτερ</span> 
     </span>
    </p>
   </div>
   <div class='ocr_carea' id='block_1_114' title="bbox 2125 5077 3783 5161">
    <p class='ocr_par' dir='ltr' id='par_1_114' title="bbox 2125 5077 3783 5161">
     <span class='ocr_line' id='line_1_114' title="bbox 2125 5077 3783 5161; baseline 0.001 -30"><span class='ocrx_word' id='word_1_891' title='bbox 2125 5079 2479 5155; x_wconf 73' lang='grc' dir='ltr'>συγχύσεως’</span> <span class='ocrx_word' id='word_1_892' title='bbox 2534 5077 2657 5136; x_wconf 66' lang='grc' dir='ltr'>οὔτε</span> <span class='ocrx_word' id='word_1_893' title='bbox 2707 5081 2942 5157; x_wconf 88' lang='grc' dir='ltr'>χρόνος.</span> <span class='ocrx_word' id='word_1_894' title='bbox 2996 5084 3312 5159; x_wconf 86' lang='grc' dir='ltr'>Προαιώνια</span> <span class='ocrx_word' id='word_1_895' title='bbox 3358 5085 3460 5161; x_wconf 81' lang='grc' dir='ltr'>γὰρ</span> <span class='ocrx_word' id='word_1_896' title='bbox 3516 5087 3662 5159; x_wconf 76' lang='grc' dir='ltr'>ὁμοῦ</span> <span class='ocrx_word' id='word_1_897' title='bbox 3719 5082 3783 5139; x_wconf 74' lang='grc' dir='ltr'>τὰ</span> 
     </span>
    </p>
   </div>
   <div class='ocr_carea' id='block_1_115' title="bbox 2122 5165 3782 5250">
    <p class='ocr_par' dir='ltr' id='par_1_115' title="bbox 2122 5165 3782 5250">
     <span class='ocr_line' id='line_1_115' title="bbox 2122 5165 3782 5250; baseline 0.004 -31"><span class='ocrx_word' id='word_1_898' title='bbox 2122 5165 2246 5242; x_wconf 87' lang='grc' dir='ltr'>τρία</span> <span class='ocrx_word' id='word_1_899' title='bbox 2292 5169 2382 5222; x_wconf 82' lang='grc' dir='ltr'>καὶ</span> <span class='ocrx_word' id='word_1_900' title='bbox 2435 5169 2766 5246; x_wconf 85' lang='grc' dir='ltr'>ὑπέρχρονα,</span> <span class='ocrx_word' id='word_1_901' title='bbox 2817 5170 2906 5225; x_wconf 81' lang='grc' dir='ltr'>καὶ</span> <span class='ocrx_word' id='word_1_902' title='bbox 2959 5171 3021 5225; x_wconf 75' lang='grc' dir='ltr'>οὗ</span> <span class='ocrx_word' id='word_1_903' title='bbox 3052 5173 3114 5226; x_wconf 92' lang='grc' dir='ltr'>τὸ</span> <span class='ocrx_word' id='word_1_904' title='bbox 3165 5173 3256 5244; x_wconf 76' lang='grc' dir='ltr'>μὲν</span> <span class='ocrx_word' id='word_1_905' title='bbox 3307 5173 3594 5250; x_wconf 87' lang='grc' dir='ltr'>πρότερον,</span> <span class='ocrx_word' id='word_1_906' title='bbox 3635 5174 3696 5229; x_wconf 88' lang='grc' dir='ltr'>τὸ</span> <span class='ocrx_word' id='word_1_907' title='bbox 3727 5170 3782 5226; x_wconf 70' lang='grc' dir='ltr'>δὲ</span> 
     </span>
    </p>
   </div>
   <div class='ocr_carea' id='block_1_116' title="bbox 2127 5256 3780 5338">
    <p class='ocr_par' dir='ltr' id='par_1_116' title="bbox 2127 5256 3780 5338">
     <span class='ocr_line' id='line_1_116' title="bbox 2127 5256 3780 5338; baseline 0.003 -30"><span class='ocrx_word' id='word_1_908' title='bbox 2127 5262 2240 5327; x_wconf 82' lang='grc' dir='ltr'>μετ’</span> <span class='ocrx_word' id='word_1_909' title='bbox 2271 5256 2419 5326; x_wconf 80' lang='grc' dir='ltr'>αὐτὸ,</span> <span class='ocrx_word' id='word_1_910' title='bbox 2473 5257 2618 5313; x_wconf 76' lang='grc' dir='ltr'>ἀλλὰ</span> <span class='ocrx_word' id='word_1_911' title='bbox 2666 5258 2756 5314; x_wconf 87' lang='grc' dir='ltr'>καὶ</span> <span class='ocrx_word' id='word_1_912' title='bbox 2809 5259 2907 5332; x_wconf 87' lang='grc' dir='ltr'>μία</span> <span class='ocrx_word' id='word_1_913' title='bbox 2948 5265 3064 5322; x_wconf 85' lang='grc' dir='ltr'>τοῖς</span> <span class='ocrx_word' id='word_1_914' title='bbox 3113 5261 3257 5337; x_wconf 86' lang='grc' dir='ltr'>τρισὶ</span> <span class='ocrx_word' id='word_1_915' title='bbox 3313 5261 3578 5338; x_wconf 77' lang='grc' dir='ltr'>βούλησίς</span> <span class='ocrx_word' id='word_1_916' title='bbox 3606 5283 3666 5317; x_wconf 92' lang='grc' dir='ltr'>τε</span> <span class='ocrx_word' id='word_1_917' title='bbox 3693 5258 3780 5315; x_wconf 84' lang='grc' dir='ltr'>καὶ</span> 
     </span>
    </p>
   </div>
   <div class='ocr_carea' id='block_1_117' title="bbox 2120 5341 3779 5426">
    <p class='ocr_par' dir='ltr' id='par_1_117' title="bbox 2120 5341 3779 5426">
     <span class='ocr_line' id='line_1_117' title="bbox 2120 5341 3779 5426; baseline 0.004 -29"><span class='ocrx_word' id='word_1_918' title='bbox 2120 5341 2372 5417; x_wconf 84' lang='grc' dir='ltr'>θέλησις,</span> <span class='ocrx_word' id='word_1_919' title='bbox 2427 5345 2524 5418; x_wconf 86' lang='grc' dir='ltr'>μία</span> <span class='ocrx_word' id='word_1_920' title='bbox 2568 5347 2791 5422; x_wconf 78' lang='grc' dir='ltr'>δύναμις</span> <span class='ocrx_word' id='word_1_921' title='bbox 2841 5349 3159 5420; x_wconf 82' lang='grc' dir='ltr'>πανσθενὴς,</span> <span class='ocrx_word' id='word_1_922' title='bbox 3212 5349 3454 5426; x_wconf 80' lang='grc' dir='ltr'>ἐνέργεια</span> <span class='ocrx_word' id='word_1_923' title='bbox 3504 5351 3601 5424; x_wconf 89' lang='grc' dir='ltr'>μία</span> <span class='ocrx_word' id='word_1_924' title='bbox 3649 5370 3779 5405; x_wconf 84' lang='grc' dir='ltr'>παν-</span> 
     </span>
    </p>
   </div>
   <div class='ocr_carea' id='block_1_118' title="bbox 2115 5434 3778 5516">
    <p class='ocr_par' dir='ltr' id='par_1_118' title="bbox 2115 5434 3778 5516">
     <span class='ocr_line' id='line_1_118' title="bbox 2115 5434 3778 5516; baseline 0.004 -29"><span class='ocrx_word' id='word_1_925' title='bbox 2115 5434 2401 5511; x_wconf 81' lang='grc' dir='ltr'>τουργική,</span> <span class='ocrx_word' id='word_1_926' title='bbox 2438 5434 2533 5508; x_wconf 86' lang='grc' dir='ltr'>μία</span> <span class='ocrx_word' id='word_1_927' title='bbox 2581 5435 2839 5512; x_wconf 84' lang='grc' dir='ltr'>κυριότης</span> <span class='ocrx_word' id='word_1_928' title='bbox 2890 5439 3288 5516; x_wconf 75' lang='grc' dir='ltr'>παντοκρατής,</span> <span class='ocrx_word' id='word_1_929' title='bbox 3341 5437 3489 5512; x_wconf 80' lang='grc' dir='ltr'>δόξα,</span> <span class='ocrx_word' id='word_1_930' title='bbox 3526 5436 3778 5514; x_wconf 78' lang='grc' dir='ltr'>λαμπρόο</span> 
     </span>
    </p>
   </div>
  </div>
