4154 6424
361 369 482 434 589
1489 373 1756 439 SERMO
1800 378 1904 438 AD
1949 373 2375 440 MONAGHOS
2421 377 2646 439 SUOS.
3659 378 3780 438 590

361 524 484 574 της,
541 501 854 579 ὑπέρδοξος,
909 504 1319 583 ὑπέρλαμπρος,
1367 510 1401 576 ἡ
1449 507 1581 577 αὐτή
1650 514 1768 570 τοῖς
1819 507 1991 584 τρισίν

2137 508 2342 564 iisdem
2374 515 2463 564 est
2483 509 3068 580 supersubstantiale.
3090 509 3184 566 Sic
3211 527 3350 566 sane
3374 514 3490 565 tres
3520 527 3777 582 personae

365 589 706 663 Ὁμοουσίως
736 611 795 646 τε
821 597 940 653 τοῖς
971 592 1156 656 αὐτοῖς
1206 593 1296 648 καὶ
1340 594 1629 668 ὁμοτίμως
1672 596 1734 650 τὸ
1787 594 2005 670 ὑπερθύ-

2141 614 2314 652 unum
2346 603 2479 670 apte
2525 603 2665 653 sunt
2713 598 3054 667 inconfusae,
3088 598 3496 671 personalibus
3525 599 3781 672 proprie-

361 699 501 733 σιον.
537 678 691 734 Οὕτω
735 701 821 735 τοι
862 682 931 735 τὰ
966 681 1090 758 τρία
1137 681 1192 738 ἓν
1244 679 1524 760 ἀραρότως
1560 685 1688 740 εἰσὶν
1738 685 2001 761 ἀσύγχυτι

1439 705 1524 747 τως
1560 685 1688 740 εἰσὶν
1738 685 2021 761 ἀσύγχυτα
2129 686 2371 754 tatibus,
2407 691 2464 742 et
2489 691 2628 743 sunt
2656 691 2712 744 et
2741 688 3079 744 creduntur.

362 773 484 830 ταῖς
516 769 900 832 ὑποστατικαῖς
933 767 1192 845 ἰδιότησι,
1222 773 1313 827 καὶ
1344 769 1473 829 ὄντα
1502 775 1592 829 καὶ
1640 773 2016 848 πιστευόμενα.

430 855 662 927 ’ἰδιότης
694 856 752 913 δὲ
790 858 880 913 καὶ
941 857 1148 933 ἰδίωμα
1194 862 1283 916 καὶ
1339 860 1474 918 ἴδιον
1522 862 1733 940 λέγεται
1778 863 1842 919 τὸ
1892 869 2018 936 μιᾶς

2201 864 2532 936 Proprietas
2563 881 2697 920 vero
2753 869 2810 920 et
2839 865 3059 921 idioma
3105 868 3162 920 et
3213 864 3518 937 proprium
3568 864 3781 920 dicitur

361 945 592 1016 ἑκάστης
685 950 1180 1022 χαρακτηριστικὸν
1279 950 1620 1014 ὑποστάσεως
1711 952 1996 1028 γνώρισμα

2142 952 2598 1024 uniuscujusque
2613 953 2946 1025 personss,si
2955 970 3136 1025 gnum
3152 952 3460 1025 peculiare,
3479 957 3782 1026 propterea

363 1032 452 1089 διὰ
496 1036 560 1090 τὸ
628 1032 815 1098 ἰδικῶς
865 1035 1053 1109 ἐκείνῳ
1103 1037 1256 1110 μόνῳ
1301 1045 1710 1114 προσεῖναι,τῷ
1768 1041 1829 1095 οὗ
1879 1039 2003 1094 έστιη

2143 1043 2284 1114 ῃ]οά
2351 1041 2488 1097 huic
2535 1045 2766 1098 tantum
2812 1042 3117 1098 conveniat
3163 1042 3415 1114 proprie,
3468 1041 3638 1113 cujus
3694 1045 3783 1097 est

366 1120 528 1194 ἴδιον,
563 1123 625 1178 ού
658 1125 766 1196 μὴν
807 1124 897 1178 καὶ
948 1122 1107 1198 ἄλλῳ
1151 1125 1276 1184 τινί.
1309 1129 1379 1182 Τὸ
1427 1129 1531 1205 γὰρ
1580 1129 1669 1183 καὶ
1713 1127 1871 1202 ἄλλῳ
1912 1128 2006 1184 τιν’

2143 1130 2456 1202 proprium,
2489 1147 2594 1186 nec
2623 1135 2821 1186 tamen
2853 1129 2950 1185 alii
2983 1130 3260 1203 cuipiam.
3295 1131 3456 1196 Quod
3491 1130 3648 1186 enim
3684 1130 3783 1186 alii

357 1213 585 1288 προσὸν,
628 1217 791 1268 τοῦτο
837 1215 1019 1268 κοινὸν
1069 1214 1159 1269 καὶ
1213 1215 1312 1271 οὑκ
1351 1214 1514 1274 ἴδιον.
1567 1220 1691 1273 Οἴον
1738 1215 1874 1273 ἴδιον
1922 1222 1997 1272 toi

2138 1218 2386 1290 cuipiam
2409 1219 2766 1285 convenit,id
2789 1235 3101 1275 commune
3122 1224 3209 1275 est
3230 1224 3287 1274 et
3317 1235 3433 1274 non
3456 1217 3778 1291 proprium.

261 1362 263 1365 ,
356 1302 569 1378 Πατρὸς
620 1303 681 1356 τὸ
730 1301 1042 1378 ἀγέννητον,
1095 1308 1256 1359 τοῦτο
1309 1302 1496 1367 ἰδικῶς
1556 1306 1704 1379 μόνῳ
1765 1307 1901 1383 πρόσ

2141 1307 2205 1362 Ut
2234 1307 2422 1363 Patris
2453 1308 2754 1380 prOprium
2787 1312 2875 1364 est
2912 1324 3040 1364 esse
3070 1308 3423 1380 ingenitum,
3457 1307 3612 1379 quod
3645 1323 3781 1379 pro-

352 1395 434 1463 τῷ
477 1390 669 1467 Πατρί.
703 1390 882 1453 Μόνος
933 1391 1036 1467 γὰρ
1080 1393 1108 1446 6
1163 1395 1350 1468 Πατὴρ
1388 1395 1701 1470 ἀγέννητος,
1754 1394 1869 1451 ἐπεὶ
1927 1415 1992 1450 κα

2144 1396 2256 1468 prie
2303 1397 2459 1452 Patri
2509 1397 2700 1452 solum
2750 1397 3038 1466 convenit,
3073 1396 3235 1452 solus
3282 1397 3439 1452 enim
3489 1397 3658 1452 Pater
3696 1399 3784 1451 est

363 1479 529 1553 μόνος
575 1481 784 1556 Πατήρ.
832 1477 996 1534 Ἰδιον
1047 1486 1144 1535 τοῦ
1200 1483 1331 1536 Υἱοῦ
1395 1484 1457 1537 τὸ
1519 1484 1798 1559 γεννητόν.
1851 1481 2003 1540 ’Ίδιω

2144 1485 2451 1558 Ingenitus,
2486 1486 2624 1558 quia
2649 1489 2708 1541 et
2753 1484 2916 1542 solus
2965 1485 3154 1555 Pater,
3190 1485 3318 1540 Filii
3362 1485 3664 1557 proprium
3696 1488 3784 1540 est

323 1570 454 1623 ¹τοῦ
531 1567 688 1643 ἁγίου
748 1568 1064 1642 Πνεύματος
1117 1571 1181 1625 τὸ
1261 1569 1643 1644 ἐκπορεύεσθαι
1711 1573 1860 1649 παρά
1923 1593 1963 1627 τι

2139 1588 2262 1630 esse
2278 1575 2542 1646 genitum
2567 1592 2580 1642 ;
2614 1579 2671 1630 et
2686 1573 2939 1645 Spiritus
2961 1574 3173 1640 sancti,
3196 1573 3507 1644 procedere
3530 1590 3562 1628 a
3578 1573 3746 1628 Patre
3768 1591 3779 1628 :

352 1656 588 1733 Πατρός.
620 1653 754 1712 Οὔτε
802 1654 860 1712 δὲ
893 1657 958 1712 τὸ
1006 1663 1228 1731 Πνεῦμα
1277 1665 1520 1735 γεννᾶται
1567 1662 1630 1716 τὸ
1681 1662 1854 1737 ἅγιον,
1898 1657 1992 1715 οῧτ

2145 1679 2238 1718 nec
2267 1661 2424 1717 enim
2457 1661 2720 1735 gignitur
2750 1663 3003 1734 Spiritus
3035 1667 3294 1728 sanctus,
3319 1678 3424 1718 nec
3453 1661 3635 1718 Filius
3657 1678 3785 1734 pro-

354 1746 382 1800 6
412 1745 536 1808 Υἱὸς
587 1744 956 1821 ἐκπορεύεται.
1004 1747 1076 1800 Τὸ
1134 1748 1318 1821 μέννοι
1379 1743 1629 1804 ἅκτιστον
1690 1751 1780 1805 καὶ
1831 1749 1988 1826 ἀπερί

2141 1750 2303 1806 cedit.
2335 1752 2606 1806 Attamen
2657 1755 2880 1807 creatos
2930 1768 3046 1807 non
3095 1765 3224 1806 esse
3271 1767 3379 1806 nec
3428 1749 3646 1817 ﬁnitos,
3681 1751 3781 1805 sed

354 1855 596 1912 γραπτον
646 1835 735 1889 καὶ
787 1835 1105 1912 ὑπερούσιον
1169 1837 1259 1891 καὶ
1322 1838 1388 1892 τὰ
1429 1843 1653 1894 τοιαῦτα
1699 1839 1858 1894 κοινά
1902 1845 1994 1894 Παι

430 1925 445 1944 \
605 1924 619 1945 ἴ
670 1925 724 1945 ‘41
767 1929 794 1939 ὐ
917 1925 930 1940 ‘
997 1925 1010 1945 ,
1063 1925 1074 1945 Ι
1193 1932 1234 1945 I1
1312 1927 1325 1945 I
1564 1925 1588 1945 ᾗ
1625 1929 1638 1944 \
1770 1932 1796 1942 ι-

2137 1855 2259 1895 esse
2289 1856 2354 1894 su
2365 1839 2906 1911 persubstantiales,
2930 1843 2988 1895 et
3015 1839 3131 1895 alia
3153 1839 3490 1910 hujusmodi
3513 1855 3777 1894 commu-

355 1925 483 1998 τρὸς
531 1924 622 1979 καὶ
670 1925 798 1978 Υἳοῦ
845 1925 933 1979 καὶ
986 1925 1141 2000 ἀγίου
1192 1927 1525 2000 Πνεύματος·
1561 1925 1649 1982 διὰ
1703 1932 1864 1983 τοῦτο
1923 1949 1990 1982 κα

2133 1927 2220 1982 nia
2265 1933 2406 1983 sunt
2433 1933 2489 1983 et
2521 1929 2675 1983 Patri
2723 1933 2780 1983 et
2812 1929 2954 1984 Filio
3004 1933 3062 1984 et
3092 1928 3334 2000 Spiritui
3383 1931 3607 1997 sancto,
3641 1944 3773 1999 pro-

355 2021 458 2084 τῆς
528 2012 672 2076 θείας
747 2013 955 2090 φύσεως
1022 2012 1294 2087 ἰδιώματα
1361 2014 1636 2091 λέγονται·
1700 2023 1800 2086 τῆς
1869 2017 1995 2080 θείας

2135 2021 2434 2088 ptereaque
2463 2017 2741 2072 dicuntur
2769 2017 2977 2072 divina;
3021 2022 3242 2073 naturae
3273 2016 3556 2072 idiomata
3587 2032 3600 2071 :
3635 2015 3775 2071 divi-

362 2104 456 2178 μὲν
515 2101 727 2180 φύσεως
779 2102 862 2158 ετι
915 2105 1112 2180 φυσικὰ
1180 2105 1270 2158 καὶ
1343 2104 1450 2181 οὐχ
1518 2106 1847 2162 ὑποστατικά
1891 2113 2002 2168 ταῖς

2138 2122 2208 2160 ise
2242 2105 2481 2176 quidem
2512 2109 2756 2177 naturae,
2791 2105 2931 2178 quia
2957 2105 3251 2162 naturalia
3271 2111 3329 2160 et
3357 2121 3471 2162 non
3504 2121 3778 2176 persona-

352 2190 526 2267 τρισὶν
592 2191 879 2265 ὁμοτίμως
942 2187 1216 2267 προσόντα
1258 2200 1357 2263 τῆς
1411 2194 1666 2264 θεότητος
1719 2195 1992 2250 ὑποστάσεε

2137 2194 2205 2249 .ia
2241 2211 2253 2248 :
2289 2194 2481 2251 tribus
2511 2211 2674 2266 aeque
2699 2194 3105 2251 convenientia
3136 2193 3467 2250 Divinitatis
3497 2193 3777 2266 hyposta-

355 2300 455 2336 σιν·
501 2277 778 2354 ἰδιώματα
826 2278 903 2352 δὲ,
938 2281 1012 2343 ὡς
1072 2278 1218 2356 ἄλλῃ
1246 2281 1390 2355 πάσῃ
1434 2283 1586 2361 φύσει
1639 2282 1785 2353 πλὴν
1839 2283 1995 2358 μόνης

2133 2283 2311 2350 sibus,
2341 2283 2628 2339 idiomata
2673 2301 2806 2339 vero
2861 2288 3062 2356 utpote
3110 2282 3351 2340 cuilibet
3401 2281 3498 2338 alii
3531 2286 3773 2352 natura,

353 2377 457 2440 τῆς
488 2369 632 2434 θείας
663 2369 849 2432 οὐσίας
891 2371 1117 2443 πάμπαν
1177 2370 1465 2444 ἀμέθεκτα,
1499 2375 1627 2446 μήτ’
1683 2373 1988 2448 ἀνθρώποις

2136 2374 2364 2444 excepta
2396 2372 2521 2428 sola
2552 2372 2746 2428 divina
2777 2373 3129 2444 substantia,
3163 2371 3402 2428 omnino
3443 2389 3556 2427 non
3589 2373 3776 2443 parti-

360 2460 487 2532 μήτ’
519 2456 783 2535 ἀγγέλοις
817 2457 966 2522 ὅλως
995 2457 1421 2536 ἐνθεωρούμενα.

2137 2461 2393 2532 :ipanda,
2425 2477 2531 2516 nec
2561 2460 2621 2516 in
2652 2461 2995 2517 hominibus
3034 2477 3139 2516 nec
3190 2461 3249 2516 in
3283 2458 3508 2531 angelis
3539 2459 3777 2515 omnino

2123 2549 2409 2621 inspecta.

430 2635 688 2693 Καλεῖται
732 2634 790 2692 δὲ
845 2636 934 2692 καὶ
977 2640 1012 2706 ἡ
1060 2637 1214 2692 οὐσία
1275 2639 1365 2693 καὶ
1435 2638 1592 2715 φύσις
1664 2639 1752 2694 καὶ
1828 2640 2012 2717 μορφὴ

2196 2641 2455 2694 Vocatur
2501 2643 2696 2694 autem
2749 2638 3008 2694 essentia
3051 2637 3427 2709 (substantia)
3481 2640 3540 2692 et
3568 2640 3781 2692 natura

360 2728 582 2792 κοινῶς,
641 2726 676 2792 ἡ
725 2727 832 2778 τῶν
887 2721 1075 2786 ἷ’δικῶς
1143 2720 1312 2780 ὄντων
1363 2729 1657 2802 περιοχικὴ
1712 2726 1888 2800 οὐσία,
1939 2727 2000 2781 ὡς

2139 2731 2182 2782 3t
2207 2726 2397 2782 forma
2443 2728 2874 2796 communiter;
2910 2727 3166 2783 essentia
3217 2725 3523 2782 includens
3553 2741 3622 2781 ea
3652 2741 3779 2796 quae

364 2811 497 2868 οὖσα
554 2812 657 2868 ἀεί·
719 2812 875 2890 φύσις
937 2811 1013 2885 δὲ,
1074 2814 1150 2876 ὡς
1227 2813 1436 2892 φύουσα
1497 2815 1594 2877 τὰς
1674 2815 2004 2878 ὑποστάσεις

2140 2820 2266 2871 sunt
2314 2816 2573 2887 pr0pria,
2627 2820 2828 2889 utpote
2901 2833 3028 2889 quae
3078 2819 3168 2872 est
3213 2831 3446 2887 semper
3489 2832 3502 2880 ;
3571 2820 3780 2869 natura

367 2903 552 2980 μορφὴ
587 2900 665 2969 δὲ,
698 2902 774 2964 ὡς
804 2900 948 2958 ὅλων
971 2906 1079 2958 τῶν
1120 2903 1505 2981 μορφωμάτων
1553 2909 1660 2960 τῶν
1715 2905 1803 2959 ὑπ’
1845 2905 2007 2974 αὐτὴν

2140 2922 2260 2962 νει-ο
2293 2909 2494 2977 utpote
2545 2906 2873 2977 producens
2917 2922 3218 2977 personas,
3251 2909 3307 2960 et
3350 2905 3540 2959 forma
3581 2905 3780 2974 utpote

361 2989 488 3061 ’ἤτοι
537 2996 646 3046 τῶν
701 2993 1066 3068 χαρακτήρων
1110 2989 1483 3064 συλληπτική.
1531 2993 1606 3048 Τά
1654 2991 1712 3048 δὲ
1757 2993 2001 3069 περιεχό-

2135 3010 2331 3050 omnes
2363 2994 2583 3049 formas
2632 2995 2742 3050 sub
2775 2994 2905 3065 ipsa
2949 2997 3005 3048 et
3035 2994 3205 3065 signa
3254 2991 3775 3064 comprehendens.

366 3100 503 3154 μενα
548 3076 804 3154 λέγονται
853 3079 944 3134 καὶ
992 3076 1170 3153 ἄτομα
1217 3080 1307 3134 καὶ
1358 3079 1695 3153 ὑποστάσεις,
1726 3081 1816 3135 καὶ
1846 3081 2006 3157 πρόσ-

2139 3083 2261 3147 Quae
2293 3086 2491 3139 autem
2523 3082 2928 3149 includuntur,
2963 3084 3240 3138 dicuntur
3283 3086 3340 3137 et
3369 3080 3688 3149 individua,
3723 3083 3779 3136 et

362 3189 507 3226 ωπα.
540 3170 639 3223 Καὶ
698 3165 876 3242 ἄτομα
935 3168 1028 3241 μὲν
1085 3166 1175 3223 διὰ
1230 3169 1292 3224 τὸ
1361 3167 1528 3243 μηδὲν
1595 3169 1771 3224 αὐτῶν
1834 3171 2002 3243 τομηκ

2136 3172 2471 3244 hypostases
2520 3177 2579 3227 et
2626 3189 2886 3244 personae
2914 3213 2926 3226 .
2979 3171 3286 3227 Individua
3332 3169 3591 3241 quidem,
3643 3185 3776 3224 cum

365 3255 491 3327 ἤτοι
568 3255 827 3330 διαίρεσιν
895 3255 1259 3333 ἐπιδέχεσθαι·
1323 3265 1422 3328 τῆς
1495 3258 1598 3334 γὰρ
1665 3258 2005 3336 ἀνθρωπίνης

2138 3259 2354 3316 nullum
2420 3277 2623 3316 eorum
2714 3261 3031 3318 sectionem
3118 3259 3204 3315 vel
3273 3258 3617 3314 divisionem
3683 3259 3778 3313 ad-

364 3345 567 3417 οὖσίας,
624 3345 816 3402 ταυτὸν
877 3343 922 3400 δ’
978 3346 1147 3401 εἰπεῖν
1226 3346 1670 3423 ἀνθρωπότητος,
1730 3348 1805 3410 εἷς
1887 3348 2004 3408 τοὺς

2135 3351 2358 3406 mittere
2405 3350 2611 3422 possit.
2662 3351 2932 3406 Essentia
2977 3349 3135 3406 enim
3189 3349 3470 3415 humana,
3513 3353 3569 3403 et
3599 3350 3665 3402 ut
3693 3345 3775 3401 ita

367 3441 482 3490 κατ’
530 3431 777 3505 αἶ’σθησιν
829 3433 1152 3510 ἀνθρώπους
1221 3433 1628 3513 διαιρουμένης,
1679 3433 1855 3499 οὐδεὶς
1921 3436 2007 3492 αύ-

2133 3439 2340 3505 dicam,
2373 3438 2744 3495 humanitate
2789 3438 2852 3494 in
2901 3437 3242 3494 hominibus
3271 3436 3650 3492 sensibilibus
3683 3433 3773 3489 di-

371 3528 474 3579 τῶν
535 3522 612 3586 εἷς
667 3521 871 3584 ἄλλους
938 3523 1255 3598 ἀνθρώπους
1304 3526 1589 3598 τέμνεσθαι
1632 3523 1872 3594 δύναται,
1907 3530 2011 3595 ζῶα

2133 3527 2270 3595 visa,
2303 3543 2475 3583 nemo
2507 3527 2718 3583 horum
2744 3527 2806 3583 in
2837 3526 2968 3582 aliis
2991 3526 3330 3582 hominibus
3349 3525 3527 3580 dividi
3550 3527 3773 3596 potest;

368 3610 566 3688 λογικὰ
615 3611 707 3666 καὶ
755 3613 942 3684 θνητὰ,
987 3616 1082 3667 νοῦ
1145 3612 1235 3667 καὶ
1286 3611 1594 3686 ἐπιστήμης
1657 3611 1874 3669 δεκτικά
1928 3613 2008 3668 καῖ

2139 3620 2268 3672 sunt
2299 3615 2579 3671 animalia
2619 3615 2994 3672 rationabilia
3040 3619 3096 3671 et
3125 3613 3418 3679 mortalia,
3449 3611 3779 3684 intelligen-

359 3700 502 3755 κατὰ
529 3705 722 3755 τοῦτον
755 3701 846 3755 τὸν
884 3699 1046 3777 λόγον
1079 3702 1132 3755 οἱ
1167 3699 1255 3756 ἐπὶ
1291 3701 1488 3778 μέρους
1536 3702 1786 3772 ἅπαντες,
1819 3701 1996 3776 ἄτομα

2141 3705 2223 3761 tias
2269 3708 2327 3761 et
2376 3703 2631 3760 scientiae
2681 3705 2941 3776 capacia,
2976 3708 3032 3759 et
3077 3703 3244 3774 juxta
3295 3702 3447 3758 hanc
3494 3701 3781 3757 rationem

362 3789 712 3851 ’Υποστάσεις
782 3785 841 3843 δὲ
907 3789 982 3851 ὡς
1031 3788 1134 3844 ὑπὸ
1177 3790 1276 3858 τήν
1329 3790 1483 3867 φύσιν
1525 3790 1729 3846 ἑστῶτα
1775 3791 1865 3846 καὶ
1923 3793 2002 3865 μέ·

2138 3810 2334 3850 omnes
2393 3791 2612 3866 singuli
2662 3797 2803 3849 sunt
2850 3791 3171 3848 individua.
3223 3792 3577 3864 Hypostases
3624 3805 3778 3858 vero,

366 3898 524 3933 νοντα
569 3875 811 3932 καθόλου
859 3877 1060 3948 ταύτης
1109 3875 1276 3949 οὔσης
1324 3879 1415 3934 καὶ
1487 3881 1866 3956 θεωρουμένης
1935 3879 2006 3934 ἐν·

2143 3883 2301 3955 quasi
2333 3883 2443 3938 sub
2497 3886 2710 3938 natura
2761 3881 2979 3937 stantia
3028 3881 3445 3952 manentiaque
3496 3879 3607 3934 hac
3655 3879 3783 3950 ipsa

368 3971 745 4040 νοηματικῶς,
801 3970 912 4021 τῶν
973 3964 1031 4021 δὲ
1093 3971 1327 4042 μερικῶν
1383 3963 1572 4035 ὄντων,
1623 3968 1712 4024 καὶ
1767 3969 1831 4024 τὸ
1888 3969 2008 4025 εἶναι

2141 3973 2444 4028 exsistante
2494 3971 2975 4041 considerateque
3025 3970 3084 4024 in
3134 3969 3348 4041 specie,
3399 3969 3781 4040 partibusque

369 4054 610 4131 ἐχόντων
685 4058 1100 4130 πραγματικῶς.
1153 4054 1427 4130 Πρόσωπα
1484 4053 1563 4125 δὲ,
1613 4053 1752 4112 διότι
1798 4053 2009 4113 ἕκαστοι

2140 4061 2549 4118 cxsistentibus
2598 4066 2656 4116 et
2701 4076 2829 4116 esse
2877 4059 3230 4114 habentibus
3283 4059 3342 4112 in
3395 4074 3475 4112 re.
3516 4057 3780 4112 Personae

367 4143 546 4199 αὐτῶν
584 4143 786 4199 οἰκεῖον
822 4141 938 4220 ἔχει
991 4147 1314 4220 χαρακτῆρα
1356 4151 1472 4207 τοῖς
1523 4145 1742 4209 λοιποῖς
1791 4145 2007 4202 ἀκοινώ-

2144 4155 2354 4216 autem,
2387 4149 2524 4221 quia
2553 4149 3017 4221 unumquodque
3042 4147 3252 4202 horum
3277 4146 3577 4218 proprium
3609 4145 3784 4200 habet

367 4254 556 4302 νητον.
606 4237 904 4309 Τοιγαροῦν
970 4231 1057 4287 ἐπὶ
1113 4239 1214 4302 τῆς
1285 4232 1544 4303 θεότητος
1620 4234 1746 4308 μίαν
1817 4235 1998 4290 οὐσίαν

2144 4239 2549 4309 characterem,
2573 4239 2795 4294 caeteris
2827 4254 2942 4294 non
2975 4252 3368 4293 communem.
3392 4235 3482 4289 Sic
3513 4234 3693 4306 igitur
3713 4234 3784 4288 de

369 4321 526 4400 φύσιν
578 4319 727 4394 μίαν,
759 4325 850 4376 καὶ
899 4321 1023 4394 μίαν
1078 4323 1294 4400 μορφὴν
1343 4319 1770 4397 δογματίζομεν.
1810 4325 2009 4399 Ἀτομι

2143 4328 2463 4394 Divinitate,
2499 4344 2678 4382 unam
2711 4327 3048 4397 essentiam,
3081 4341 3259 4380 unam
3290 4329 3578 4388 naturam,
3605 4339 3783 4378 unam

370 4407 432 4465 δὲ
495 4410 638 4486 τρία,
698 4415 845 4486 τρεῖς
937 4411 1278 4480 ὑποστάσεις,
1341 4412 1466 4487 τρία
1526 4412 1791 4489 πρόσωπα
1851 4433 2010 4490 χαρα-

2146 4417 2385 4472 Formam
2416 4415 2924 4487 dogmatizamus;
2955 4414 3257 4470 individua
3286 4413 3415 4481 tria,
3443 4412 3786 4484 hypostases

367 4506 567 4574 κτῆρσι
614 4497 1022 4570 καταλλήλοις,
1071 4498 1243 4556 εἷίτουν
1296 4499 1577 4575 ἷδιώμασι,
1628 4503 2004 4580 γνωριζόμενα

2147 4512 2279 4574 tres,
2312 4522 2593 4577 personas
2630 4509 2749 4560 tres
2781 4521 2908 4576 quas
2957 4502 3394 4560 characteribus
3443 4501 3787 4556 convenien-

370 4590 667 4665 Χαρακτὴρ
707 4586 764 4643 δὲ
831 4587 1047 4664 λέγεται
1111 4596 1210 4659 τῆς
1281 4597 1551 4666 πατρικῆς
1609 4592 1950 4655 ὑποστάσεως
1998 4594 2010 4647 ἑ

2151 4596 2318 4662 tibus,
2372 4595 2429 4649 id
2485 4598 2592 4661 est,
2646 4593 3032 4649 idiomatibus
3083 4597 3428 4648 noscuntur.
3480 4589 3791 4646 Character

369 4677 514 4749 Υἱὸς,
543 4676 652 4752 οὐχ
712 4676 796 4732 ὅτι
850 4677 1010 4741 αὑτός
1062 4678 1172 4734 ἐστι
1231 4678 1293 4734 τὸ
1351 4677 1488 4734 ἴδιον
1546 4685 1642 4735 τοῦ
1682 4681 2009 4756 Πατρὸς,τί‹

2149 4685 2380 4758 quidem
2436 4690 2685 4755 paterna:
2737 4682 3118 4755 hypostaseos
3170 4680 3388 4737 dicitur
3439 4680 3639 4746 Filius,
3674 4697 3789 4735 non

370 4765 478 4842 γὰρ
526 4765 584 4820 ἂν
631 4770 792 4821 τοῦτο
853 4767 1177 4838 ὑπονοήσειε
1232 4767 1401 4844 λόγου
1463 4771 1850 4845 μετεσχηκώς;
1903 4769 2010 4826 ἀλλ

2151 4774 2297 4846 quod
2318 4773 2443 4844 ipse
2466 4772 2544 4828 sit
2566 4771 2865 4843 proprium
2891 4770 3238 4842 Patris,quis
3255 4769 3412 4825 enim
3435 4769 3578 4823 illud
3597 4769 3791 4838 suspi-

370 4854 457 4909 ὅτι
483 4856 616 4910 καθὸ
645 4858 828 4932 πατὴρ
859 4857 887 4911 6
919 4859 1106 4931 Πατὴρ
1153 4857 1212 4912 ἐκ
1239 4863 1336 4914 τοῦ
1386 4857 1530 4934 ἔχειν
1579 4861 1702 4914 Υἰὸν
1747 4880 2010 4936 χαρακτη·

2153 4868 2372 4919 :aretur
2403 4861 2617 4916 mentis
2661 4860 2949 4932 compos?
2981 4860 3081 4916 sed
3128 4860 3280 4929 quod
3335 4862 3505 4913 Pater
3537 4863 3599 4912 ut
3629 4864 3793 4929 pater

373 4945 578 5020 ρίζεται
625 4945 713 4999 καὶ
767 4944 1110 5020 γνωρίζεται,
1162 4945 1253 5000 καὶ
1298 4946 1381 5002 ὅτι
1434 4950 1608 5002 πάντα
1661 4949 1729 5003 τὰ
1773 4953 1870 5004 τοῦ
1920 4955 2013 5003 Πα·

2153 4952 2527 5023 iistinguitur
2556 4955 2612 5005 et
2635 4949 2892 5005 nescitur
2913 4967 2981 5004 ex
3010 4966 3076 5004 eo
3101 4949 3253 5020 quod
3281 4947 3492 5002 Filium
3524 4947 3716 5014 habet,
3738 4953 3793 5001 et

371 5033 500 5109 τρὸς
531 5029 674 5109 ἔχων
709 5035 736 5090 ὁ
770 5035 895 5097 Υἱὸς
950 5033 1002 5089 ἐν
1037 5035 1208 5107 ἑαυτῷ
1260 5038 1430 5110 μένων
1478 5038 1603 5099 Υἱὸς
1653 5035 1887 5094 δείκνυσι
1939 5039 2011 5093 τὸε

2151 5041 2283 5113 quia
2312 5040 2509 5096 omnia
2541 5039 2728 5093 Patris
2760 5037 2982 5093 habens
3017 5036 3217 5101 Filius,
3251 5038 3308 5090 in
3341 5052 3402 5090 se
3433 5053 3677 5090 manens
3715 5035 3791 5089 Fi-

372 5121 427 5192 έξ
479 5122 561 5194 οὗ,
595 5121 835 5198 καθάπερ
882 5123 1039 5178 εἷ’κὼν
1093 5123 1257 5179 αὑτοῦ
1305 5127 1502 5200 φυσική
1563 5126 1652 5181 καὶ
1708 5123 2012 5202 ἀπαράλλαι

2150 5129 2277 5198 lius,
2313 5132 2600 5183 monstrat
2628 5127 2783 5182 unde
2814 5128 2912 5191 sit,
2934 5131 3212 5197 tanquam
3244 5125 3439 5195 imago
3463 5125 3591 5195 ejus
3623 5131 3790 5179 natu-

371 5231 524 5274 κτος·
586 5209 670 5267 διὸ
729 5212 820 5267 καί
863 5231 1062 5291 ,φησιν’
1107 5214 1170 5271 Ὁ
1225 5214 1482 5290 ἑωρακὼς
1532 5214 1631 5288 ἐμὲ
1679 5215 1887 5292 ἑώρακε
1941 5217 2011 5270 τὸε

2152 5218 2284 5274 ralis
2315 5234 2420 5273 nec
2449 5217 2829 5289 discrepans;
2883 5216 3098 5270 idcirco
3145 5219 3201 5270 et
3230 5214 3310 5268 ait
3342 5231 3353 5267 :
3390 5215 3496 5282 Qui
3527 5214 3662 5269 vidit
3686 5230 3792 5281 me,

373 5299 607 5375 Πατέρα.
645 5306 782 5363 Νοῦς
814 5298 872 5356 δὲ
902 5301 975 5356 ὢν
1005 5301 1033 5355 6
1075 5299 1312 5378 ἄναρχος
1362 5303 1514 5380 φύσει
1565 5305 1694 5367 Θεὸς
1756 5307 2013 5380 ὁμοφυοῦ‹

2159 5306 2284 5362 vidit
2327 5308 2546 5360 Patrem
2577 5306 2618 5376 ⁵³,
2662 5303 2918 5376 Spiritus
2965 5319 3096 5358 cum
3153 5301 3231 5358 sit
3276 5301 3391 5369 ille,
3446 5302 3544 5372 qui
3590 5307 3799 5356 natura

377 5387 611 5463 ὑπάρχει
643 5389 821 5465 Λόγου
851 5389 1213 5466 πηγαστικόςο
1247 5393 1433 5467 Πατὴρ
1479 5390 1538 5447 δὲ
1588 5390 1684 5463 ὢν,
1716 5393 2017 5468 γεννητικόι

2158 5396 2370 5468 absque
2401 5393 2688 5467 principio
2719 5397 2828 5460 est,
2863 5398 3014 5447 Deus
3045 5391 3176 5447 fons
3209 5396 3299 5446 est
3342 5391 3498 5445 verbi
3531 5391 3798 5460 ejusdem

375 5475 519 5532 ἐστιν
547 5479 847 5551 ὁμοουσίου
905 5481 1055 5536 Υὶοῦ’
1091 5477 1184 5538 διὰ
1233 5485 1396 5538 τοῦτο
1444 5483 1534 5538 καὶ
1563 5487 1662 5540 τοῦ
1692 5487 1826 5540 Θεοῦ
1853 5482 2015 5561 Λόγοι

2159 5488 2372 5543 natura:
2423 5509 2439 5554 ε
2490 5482 2658 5540 Pater
2703 5497 2840 5539 cum
2889 5480 2987 5554 sit,
3036 5479 3225 5555 gignit
3273 5478 3485 5536 Filium
3533 5479 3799 5552 ejusdem

450 5690 474 5732 ²
499 5689 674 5754 Joan.
705 5709 822 5768 xxv,
853 5691 910 5754 9';
