4154 6418
383 347 491 405 591

1635 342 2064 405 NICEPHORI
2107 341 2549 404 BLEMMIDE

3674 342 3784 414 592

380 478 668 534 essentia.
703 478 830 550 Ipse
864 477 964 533 Dei
1008 477 1267 533 Verbum
1313 480 1372 532 et
1420 475 1604 532 Patris
1649 474 1830 530 Filius
1876 473 2032 530 idem

2152 471 2232 526 καὶ
2282 471 2406 533 Υἱὸς
2458 476 2556 527 τοῦ
2605 471 2814 544 Πατρὸς
2844 471 2873 526 ὁ
2904 469 3088 533 αὐτός.
3120 470 3289 534 Οὗτος
3321 470 3350 524 ὁ
3381 470 3505 534 Υἱὸς
3549 468 3637 527 καί
3686 471 3786 527 Λό-

385 571 492 624 est.
526 567 631 623 Hic
673 571 762 622 est
808 565 990 622 Filius
1039 571 1097 622 et
1146 565 1401 622 Verbum
1451 564 1550 620 Dei
1581 567 1638 620 et
1689 563 1899 633 Patris,
1934 579 2037 635 per

385 671 562 726 quem
621 671 854 710 omnem
887 654 1238 710 creationem
1273 658 1338 709 ut
1357 671 1460 727 per
1487 653 1785 726 propriam
1808 651 2036 723 sapien-

385 745 528 799 tiam
549 743 984 816 potentiamque
997 744 1390 799 creavitPater
1405 769 1418 811 ;
1435 742 1560 815 ipse
1572 743 1729 796 enim
1745 745 1833 797 est
1849 739 2038 795 Patris

391 833 681 904 sapientia
711 836 768 888 et
798 832 1078 904 potentia,
1111 832 1206 888 hic
1251 836 1488 904 propter
1535 848 1661 899 nos,
1692 828 2036 886 benevolen-

390 922 472 978 tia
501 921 782 994 genitoris
827 924 1014 976 semet
1059 921 1404 977 incarnavit.
1440 923 1503 976 In
1536 920 1701 976 Patre
1729 919 2036 987 exsistens,

392 1015 449 1065 et
477 1009 787 1066 nobiscum
837 1010 1051 1075 factus,
1083 1027 1219 1064 nam
1269 1027 1385 1065 non
1417 1014 1505 1064 est
1551 1009 1774 1074 ﬁnitus,
1808 1011 1866 1062 et
1914 1023 2040 1061 car-

393 1115 550 1166 nem,
570 1099 850 1170 animam,
868 1102 1146 1165 mentem,
1163 1098 1470 1164 rationem,
1492 1097 1875 1161 voluntatem,
1898 1094 2039 1162 vim,

392 1188 591 1243 omnia
621 1187 847 1243 homini
879 1203 1006 1258 qua:
1035 1192 1244 1243 natura
1289 1186 1663 1252 conveniunt,
1694 1182 2038 1255 assumpsit,

393 1294 498 1332 nec
557 1277 845 1348 ipsarum,
896 1292 1020 1347 quae
1070 1279 1204 1347 post
1247 1274 1498 1346 primam
1540 1272 1774 1346 culpam
1824 1272 1884 1327 in
1932 1287 2040 1327 nos

390 1366 645 1421 inductae
674 1369 814 1420 sunt
864 1364 1186 1437 passiones,
1220 1380 1368 1436 quas
1416 1381 1533 1420 non
1564 1361 1802 1434 attingit
1833 1377 2039 1432 expro-

391 1454 599 1523 bratio,
631 1469 835 1526 expers
865 1453 1100 1521 mansit,
1135 1453 1236 1509 sed
1269 1457 1326 1508 et
1353 1452 1468 1507 ista
1497 1455 1734 1524 propter
1764 1464 2040 1522 magnam

391 1541 860 1614 (indulgentiam)
891 1541 1447 1598 condescensionem
1479 1538 1739 1610 admisit,
1766 1542 1830 1594 ut
1860 1538 2039 1593 refor-

393 1636 579 1687 maret
642 1631 701 1685 in
765 1630 973 1686 melius
1039 1647 1274 1686 omnem
1337 1630 1791 1698 humanitatem,
1848 1632 1906 1683 et
1968 1642 2042 1680 ne

392 1721 562 1792 plura
634 1720 846 1788 dicam,
905 1720 1196 1792 perfectus
1266 1719 1441 1774 homo
1521 1719 1708 1774 factus
1779 1721 1868 1772 est
1924 1732 2038 1770 non

391 1808 716 1864 secundum
748 1808 1119 1879 phantasiam
1168 1813 1270 1864 aut
1297 1808 1654 1879 opinionem,
1685 1806 1786 1862 sed
1817 1821 1950 1860 vere
1985 1807 2042 1859 et

392 1897 691 1954 evidenter
717 1895 892 1952 homo
939 1897 1152 1963 factus,
1186 1897 1338 1951 sicut
1367 1900 1424 1952 et
1453 1912 1582 1960 nos,
1613 1899 1671 1951 et
1702 1910 1881 1965 supra
1910 1909 2038 1948 nos.

394 1986 558 2041 Sicut
587 1988 643 2040 et
673 2001 781 2040 nos
815 2001 828 2040 :
863 1985 1002 2056 quia
1023 1989 1341 2056 conceptus
1363 1984 1422 2038 in
1471 1988 1635 2038 utero
1668 1980 1954 2051 mulieris,
1979 1980 2039 2034 in

391 2092 457 2130 eo
506 2074 815 2140 formatus,
847 2077 1113 2146 gestatus
1164 2077 1454 2144 quantum
1505 2077 1563 2129 et
1610 2070 1902 2144 quomodo
1950 2068 2042 2125 lex

392 2168 612 2219 natura:
636 2163 891 2234 juberet,
925 2179 1086 2219 more
1131 2161 1447 2217 infantium
1478 2165 1568 2218 est
1597 2164 1817 2232 partus.
1851 2159 2042 2228 Supra

390 2269 542 2309 nos:
594 2252 734 2325 quia
779 2251 1078 2323 conceptio
1123 2268 1192 2307 ex
1243 2251 1459 2324 Spiritu
1511 2253 1710 2306 sancto
1755 2248 1866 2304 fuit
1915 2247 2040 2303 sine

387 2340 777 2414 copulatione,
836 2347 997 2396 extra
1070 2339 1362 2396 carnalem
1437 2339 1822 2410 voluptatem,
1879 2341 2042 2392 extra

387 2430 751 2503 (moventem)
782 2429 1197 2502 cogitationem
1223 2429 1522 2484 turbidam
1550 2446 1564 2495 ;
1597 2427 1856 2499 corporis
1887 2443 2044 2482 com-

385 2519 686 2591 paginatio
714 2534 782 2574 ex
831 2518 1167 2591 purissimis
1198 2518 1306 2573 fuit
1351 2517 1746 2590 virgineisque
1798 2515 2036 2588 sangui-

387 2608 602 2675 nibus;
655 2606 1048 2678 perfectioque
1098 2606 1466 2662 formationis
1513 2605 1706 2676 cperis
1752 2621 1821 2660 ex
1851 2605 2040 2676 primo

387 2695 915 2768 principio,exipsa
929 2695 1304 2768 conceptione
1327 2713 1340 2763 ;
1367 2695 1451 2751 sic
1472 2695 1628 2750 enim
1652 2693 1893 2749 decebat
1905 2693 2042 2765 quia

388 2786 516 2841 sine
567 2785 832 2854 semine;
877 2789 1081 2856 partus
1131 2785 1355 2857 absque
1386 2782 1651 2856 pariendi
1705 2783 1891 2854 pomis
1940 2799 2042 2854 pa-

390 2874 594 2931 rientis
622 2874 1026 2947 virginitatem
1049 2891 1165 2930 non
1195 2873 1452 2941 vitiavit;
1486 2872 1705 2928 mansit
1733 2873 1889 2928 enim
1916 2872 2045 2944 ipsa

392 2964 555 3038 virgo
606 2968 664 3019 et
693 2967 826 3036 post
865 2967 1119 3036 partum,
1152 2963 1306 3018 sicut
1351 2966 1475 3018 erat
1522 2967 1579 3018 et
1627 2966 1762 3016 ante
1808 2966 2038 3031 partum

396 3057 454 3108 et
502 3057 635 3110 ante
681 3052 1144 3125 conceptionem,
1195 3069 1321 3124 qua:
1365 3055 1423 3107 et
1470 3067 1574 3124 per
1632 3055 1816 3106 totam
1863 3050 2043 3106 vitam

398 3157 632 3213 semper
665 3142 829 3213 virgo
879 3140 990 3196 fuit
1035 3156 1300 3213 puraque
1332 3144 1389 3196 et
1435 3140 1836 3206 immaculata,
1865 3139 2044 3195 talem

2144 580 2240 634 γος
2273 565 2368 616 τοῦ
2423 565 2556 616 Θεοῦ
2602 560 2692 615 καὶ
2748 559 2978 634 Πατρὸς,
3012 556 3080 614 δι’
3129 559 3191 614 οὗ
3239 564 3410 614 πᾶσαν
3467 560 3567 630 τὴν
3623 559 3786 616 κτίσιν

2145 649 2220 710 ὡς
2265 647 2334 704 δι’
2365 649 2566 712 οἰκείας
2615 647 2806 727 σοφίας
2851 669 2911 704 τε
2958 647 3049 704 καὶ
3093 644 3369 721 δυνάμεως
3422 644 3789 725 ἐδημιούργη-

2146 758 2231 792 σεν
2265 738 2292 792 ὁ
2325 741 2534 815 Πατήρο
2595 737 2755 800 αὐτὸς
2817 739 2921 814 γάρ
2980 737 3182 807 ἐστινή
3222 740 3319 791 τοῦ
3376 737 3586 814 Πατρὸς
3641 736 3793 816 σοφία

2145 827 2236 881 καὶ
2297 824 2544 901 δύναμις·
2590 826 2748 889 οὗτος
2800 823 2868 880 δι’
2911 829 3059 900 ἡμᾶς
3112 823 3331 898 εύδοκίᾳ
3391 830 3489 881 τοῦ
3554 847 3792 903 γεγεννη-

2146 915 2307 978 κότος
2365 915 2522 971 αύτὸν
2585 915 3023 992 ἐνηνθρώπησεν.
3079 915 3164 970 Ἐν
3223 919 3302 987 τῷ
3358 915 3527 992 Πατρὶ
3587 912 3660 970 ὢν
3706 915 3791 971 καὶ

2152 1006 2455 1077 μεθ’ἡμῶν
2512 1004 2773 1080 γεγονὼς,
2823 1003 3222 1080 ἆπερίγραπτος
3280 1004 3406 1078 γὰρ,
3464 1002 3555 1059 καὶ
3611 1003 3794 1078 σάρκα,

2149 1094 2355 1169 ψυχὴν,
2440 1097 2584 1164 νοῦν,
2672 1090 2861 1168 λόγον,
2949 1091 3192 1166 θέλησιν,
3262 1090 3552 1168 ἐνέργειαν,
3628 1093 3794 1147 πάντα

2147 1183 2214 1236 τὰ
2289 1181 2424 1236 κατὰ
2525 1181 2681 1260 φύσιν
2761 1185 2842 1254 τῷ
2923 1181 3197 1257 ἀνθρώπῳ
3280 1179 3554 1257 προσόντα
3633 1199 3792 1255 προσ-

2150 1269 2363 1349 είληφε,
2411 1267 2540 1345 μηδ’
2593 1269 2766 1326 αὐτῶν
2833 1273 2942 1324 τῶν
2994 1271 3130 1344 μετὰ
3181 1270 3282 1340 την
3340 1269 3567 1346 πρώτην
3625 1268 3794 1346 ἁμαρ-

2146 1358 2264 1414 τίαν
2319 1359 2748 1435 ἐπεισαχθέντων
2807 1361 2943 1432 ἡμῖν
2997 1361 3207 1425 παθῶνο
3242 1359 3316 1412 ὧν
3367 1357 3431 1414 ού
3476 1359 3796 1413 καθικνεῖται

2155 1452 2370 1521 μῶμος,
2404 1448 2586 1521 μείνας
2638 1447 2947 1524 ἀπείρατος·
2993 1445 3138 1503 ἀλλά
3183 1447 3274 1502 καὶ
3321 1451 3494 1502 ταῦτα
3535 1443 3626 1502 διὰ
3669 1444 3800 1502 πολ-

2151 1534 2254 1606 λὴν
2332 1531 2720 1614 συγκατάϐασιν
2795 1538 3236 1614 προσηκάμενος,
3287 1533 3382 1592 ἵνα
3435 1534 3796 1610 μετασκευάσῃ

2149 1626 2286 1700 πρὸς
2314 1627 2378 1681 τὸ
2403 1631 2645 1702 κρεῖττον
2677 1631 2849 1681 πᾶσαν
2880 1627 2978 1694 τὴν
3029 1625 3448 1702 ἀνθρωπότητα,
3475 1624 3567 1681 καὶ
3615 1623 3798 1686 ἁπλῶς

2151 1713 2318 1769 εἰπεῖν
2349 1714 2559 1777 τέλειος
2591 1714 2808 1790 γέγονεν
2844 1716 3152 1789 ἄνθρωπος,
3186 1713 3249 1769 ού
3297 1714 3434 1770 κατὰ
3491 1713 3800 1793 φαντασίαν,

2149 1804 2183 1872 ἢ
2247 1803 2492 1873 δόκησιν,
2548 1802 2675 1859 ἀλλ’
2730 1799 2900 1866 ὄντως
2955 1803 3045 1858 καὶ
3119 1801 3361 1880 ἐναργῶς
3429 1801 3662 1879 ὑπάρξας
3709 1801 3796 1858 ἄν·

2148 1894 2389 1968 θρωπος,
2423 1894 2538 1948 καθ’
2595 1895 2743 1966 ἡμᾶς
2803 1893 2945 1966 ὁμοῦ
3000 1891 3090 1947 καὶ
3145 1891 3276 1968 ὑπὲρ
3306 1895 3478 1966 ἡμᾶς’
3510 1893 3628 1947 καθ’
3657 1894 3798 1965 ἡμᾶς

2149 1981 2231 2036 ὅτι
2287 1979 2627 2059 συλληφθεὶς
2687 1981 2738 2036 ἐν
2795 1983 2976 2055 μήτρᾳ
3005 1981 3282 2056 γυναικὸς,
3319 1979 3694 2050 ζωοπλασθεὶς
3747 1977 3796 2034 ἐν

2148 2070 2306 2144 αὐτῇ,
2339 2070 2701 2149 κυοφορηθεὶς
2745 2070 2827 2148 ἐφ’
2857 2069 2980 2124 ὅσον
3031 2069 3123 2125 καὶ
3171 2071 3350 2132 καθὼς
3383 2069 3412 2124 ὁ
3439 2076 3542 2139 τῆς
3597 2067 3800 2147 φύσεως

2151 2157 2330 2215 ἐδίδου
2396 2159 2568 2232 νόμος
2654 2159 2850 2235 ἐτέχθη
2943 2160 3357 2237 βρεφοπρεπῶς.
3417 2159 3574 2234 Ὑπὲρ
3631 2160 3797 2231 ἡμᾶς,

2149 2248 2402 2324 ὅτιπερὴ
2457 2249 2732 2322 σύλληψις
2788 2248 2840 2320 ἐξ
2898 2249 3058 2324 ἁγίου
3116 2247 3452 2322 Πνεύματος,
3503 2245 3629 2324 ἄτερ
3681 2268 3798 2302 συν-

2151 2336 2414 2411 δυασμοῦ,
2467 2340 2726 2413 σαρκικῆς
2782 2337 2936 2400 ἐκτὸς
2993 2335 3220 2408 ἡδονῆς,
3275 2335 3453 2414 χωρίς
3509 2357 3660 2399 τινος
3713 2335 3802 2410 ἐμ-

2148 2429 2353 2489 παθοῦς
2411 2426 2764 2500 ἐννοήματος,
2822 2428 2858 2497 ἡ
2911 2431 3008 2482 τοῦ
3085 2427 3339 2500 σώματος
3414 2425 3691 2501 σύμπηξις
3744 2423 3800 2480 ἐκ

2149 2516 2431 2593 πανάγνων
2481 2517 2727 2589 αἱμάτων
2777 2519 3136 2590 παρθενικῶν,
3183 2517 3218 2585 ἡ
3267 2512 3656 2592 τελεσιουργία
3707 2517 3800 2568 τοῦ

2149 2607 2438 2681 σχήματος
2489 2603 2548 2660 ἐκ
2593 2605 2820 2677 πρώτης
2867 2603 3048 2681 ἀρχῆς
3109 2603 3160 2674 ἐξ
3209 2602 3379 2674 αὐτῆς
3433 2610 3538 2674 τῆς
3597 2601 3799 2673 συλλή-

2150 2697 2316 2768 ψεως·
2373 2694 2516 2748 οὕτω
2557 2693 2658 2770 γὰρ
2720 2691 2918 2768 ἔπρεπε
2974 2697 3054 2765 τῷ
3111 2689 3243 2769 δίχα
3301 2699 3526 2770 σπορᾶς.
3555 2697 3612 2747 Ὁ
3646 2691 3800 2752 τόκος

2153 2781 2274 2837 ἄνευ
2333 2780 2542 2838 ὠδίνων
2607 2783 2707 2851 τὴν
2778 2788 2878 2851 τῆς
2941 2780 3268 2858 γειναμένης
3351 2781 3643 2858 παρθενίαν
3713 2779 3807 2835 οὐκ

2152 2870 2485 2945 ἐλυμήνατο.
2547 2869 2833 2944 Μεμένηκε
2869 2872 2971 2947 γὰρ
3028 2869 3163 2942 αὕτη
3209 2869 3473 2946 παρθένος
3528 2869 3620 2925 καὶ
3679 2867 3808 2942 μετὰ

2150 2961 2332 3035 τόκον,
2367 2960 2550 3038 ὥσπερ
2607 2961 2675 3030 ἦν
2727 2960 2818 3015 καὶ
2870 2959 2978 3036 πρὸ
3007 2959 3169 3014 τόκου
3196 2958 3286 3014 καὶ
3316 2959 3422 3035 πρὸ
3455 2957 3802 3033 συλλήψεως,

2153 3052 2188 3121 ἢ
2248 3050 2338 3105 καὶ
2397 3047 2486 3105 διὰ
2546 3050 2667 3126 βίου
2723 3048 2924 3112 παντὸς
3002 3046 3370 3123 ἀειπάρθενος,
3426 3047 3698 3124 ἄχραντός
3749 3065 3806 3102 τε

2153 3139 2243 3194 καὶ
2302 3136 2670 3209 ἀκηλίδωτος.
2724 3136 2988 3208 Τοιαύτην
3044 3138 3148 3212 γὰρ
3207 3131 3434 3212 ἔπρεπεν
3508 3135 3642 3192 εἶναι
3712 3134 3808 3204 τὴν

397 3230 554 3286 enim
587 3231 828 3286 decebat
857 3245 984 3285 esse
1015 3246 1141 3302 quae
1193 3234 1373 3285 Deum
1406 3232 1653 3301 pareret.
1689 3229 1850 3284 Sicut
1878 3245 1986 3285 nos
2028 3244 2041 3284 :

2154 3232 2410 3284 τεκοῦσαν
2469 3226 2620 3286 Θεόν.
2655 3231 2780 3290 Καθ’
2808 3229 2958 3300 ἡμᾶς
3017 3224 3101 3281 ὅτι
3158 3229 3320 3300 σῶμα
3378 3226 3574 3302 χοϊκὸν
3624 3220 3808 3280 ἀνελά-

399 3315 537 3388 quia
566 3331 778 3388 corpus
807 3316 880 3371 de
926 3315 1066 3370 limo
1099 3317 1423 3388 assumpsit
1452 3320 1510 3371 et
1551 3315 1931 3388 corruptibile
1977 3333 2047 3372 ex

399 3409 651 3477 quatuor
679 3405 1019 3477 compositis
1058 3404 1430 3473 humoribus,
1460 3405 1818 3460 viviﬁcatum
1849 3404 2047 3460 anima

396 3493 571 3562 trina,
598 3492 788 3549 calore
819 3492 1020 3549 innato
1041 3497 1097 3549 et
1117 3492 1484 3549 naturalibus
1508 3493 1731 3549 viribus
1753 3492 2042 3561 habitum,

399 3582 539 3637 fami
571 3585 627 3638 et
648 3582 743 3638 siti
775 3586 834 3638 et
863 3581 1424 3638 aliisinnocentibus
1454 3581 1582 3638 vitae
1604 3581 2047 3638 infirmitatibus

397 3671 750 3742 subjectum.
789 3675 976 3744 Supra
1006 3688 1113 3728 nos
1146 3689 1160 3726 :
1195 3671 1334 3744 quia
1357 3689 1471 3727 non
1504 3688 1660 3728 mere
1692 3672 1866 3728 homo
1899 3675 2044 3736 erat,

397 3763 499 3817 sed
531 3761 706 3817 homo
740 3778 858 3817 una
887 3765 944 3817 et
972 3761 1148 3830 Deus,
1182 3778 1296 3817 non
1330 3762 1485 3817 enim
1519 3778 1550 3818 e
1583 3761 1698 3817 Deo
1732 3777 2046 3817 conversus

397 3851 457 3906 in
506 3850 806 3906 hominem
868 3867 1038 3907 suam
1086 3850 1546 3907 incarnationem
1617 3849 1892 3922 perfecit;
1944 3850 2046 3906 sed

397 3957 644 3997 manens
674 3940 828 3996 Deus
858 3940 1013 4012 quod
1037 3944 1179 4008 erat,
1204 3940 1396 3996 factus
1425 3943 1515 3995 est
1536 3939 1711 3996 homo
1742 3940 1897 4011 quod
1930 3956 2046 3995 non

394 4035 554 4098 erat;
589 4047 703 4085 non
736 4030 796 4084 in
827 4029 1082 4084 divinam
1133 4034 1405 4086 naturam
1439 4032 1678 4084 mutans
1724 4028 2046 4085 humanam

394 4136 573 4193 quam
605 4119 1071 4190 assumpsit,sed
1093 4121 1151 4174 in
1185 4117 1437 4192 propriis
1459 4117 1751 4174 limitibus
1773 4122 2045 4174 constan-

394 4213 512 4264 tem
535 4208 686 4264 hanc
708 4207 987 4264 deiﬁcans
1011 4224 1248 4264 summa
1267 4207 1482 4264 unione
1508 4224 1520 4262 :
1546 4207 2047 4279 quemadmodum

394 4297 552 4353 enim
575 4297 726 4352 ferro
755 4297 909 4369 ignis
928 4296 1148 4361 unitus,
1177 4296 1323 4352 illud
1346 4313 1415 4352 ex
1444 4296 1605 4352 omni
1624 4300 1787 4368 parte
1807 4297 2045 4368 quidem

395 4384 773 4442 concalefacit
793 4401 895 4441 nec
906 4390 1103 4441 tamen
1127 4402 1160 4440 a
1178 4389 1389 4441 natura
1408 4384 1542 4440 ferri
1563 4389 1824 4457 separat;
1850 4385 2046 4457 ipsum

395 4475 574 4545 enim,
590 4477 645 4530 et
675 4478 808 4546 post
828 4473 1288 4542 calefactionem,
1303 4477 1502 4528 manet
1522 4473 1740 4528 ferrum
1765 4473 2046 4546 ignitum-

2155 3311 2278 3372 ϐετο
2331 3315 2421 3372 καὶ
2479 3317 2711 3393 φθαρτὸν
2776 3315 2836 3371 ἐκ
2878 3319 2985 3372 τῶν
3061 3313 3335 3391 τεσσάρων
3392 3312 3804 3390 συντεθειμένων

2155 3409 2375 3481 χυμῶν,
2409 3408 2562 3481 ψυχῇ
2620 3409 2872 3481 τριμερεῖ
2921 3402 3383 3478 ζωοποιούμενον,
3417 3401 3647 3484 ἐμφύτῳ
3698 3403 3809 3476 θερ-

2160 3500 2246 3568 μῷ
2298 3495 2388 3549 καὶ
2448 3492 2705 3568 δυνάμεσι
2773 3498 3022 3572 φυσικαῖς
3072 3490 3473 3566 διοικούμενον,
3516 3492 3671 3567 πείνῃ
3723 3486 3808 3546 καὶ

2156 3582 2305 3659 δίψῃ,
2331 3583 2422 3639 καὶ
2449 3588 2565 3646 τοῖς
2600 3581 2794 3644 ἄλλοις
2837 3580 3202 3658 ἀνεγκλήτοις
3248 3589 3350 3652 τῆς
3398 3580 3613 3660 φύσεως
3659 3579 3807 3644 ἀσθε-

2155 3675 2388 3746 νήμασιν
2467 3671 2846 3746 ὑποκείμενον.
2900 3672 3058 3747 Ὑπὲρ
3119 3674 3292 3745 ἡμᾶς,
3352 3669 3438 3727 ὅτι
3515 3670 3577 3726 οὐ
3652 3665 3809 3744 ψιλὸς

2156 3763 2442 3838 ἄνθρωπος
2471 3762 2561 3833 ἦν,
2593 3759 2720 3816 ἀλλ’
2751 3758 3030 3837 ἄνθρωπος
3063 3761 3204 3834 ὁμοῦ
3253 3760 3344 3820 καὶ
3393 3759 3546 3822 Θεός·
3605 3757 3667 3814 οὗ
3713 3756 3808 3832 γὰρ

2154 3852 2376 3926 τραπεὶς
2427 3851 2487 3906 ἐκ
2529 3855 2630 3905 τοῦ
2682 3849 2814 3905 εἶναι
2847 3850 2999 3918 Θεὸς,
3033 3848 3110 3912 εἷς
3139 3849 3204 3904 τὸ
3240 3849 3482 3924 γενέσθαι
3537 3845 3808 3924 ἅνθρωπος

2154 3942 2253 4010 τήν
2313 3940 2513 3995 οἰκείαν
2581 3939 2980 4014 ἐνανθρώπησιν
3042 3937 3362 4012 ἐξετέλεσεν,
3422 3935 3574 3994 ἀλλὰ
3631 3933 3806 4010 μείνας

2157 4031 2287 4092 Θεὸς
2319 4028 2450 4103 ὅπερ
2498 4029 2589 4099 ἦν,
2621 4029 2838 4104 γέγονεν
2899 4024 3184 4103 ἄνθρωπος
3241 4025 3374 4104 ὅπερ
3435 4025 3543 4081 οὐκ
3598 4025 3685 4096 ἧν,
3717 4021 3810 4077 οὐκ

2158 4119 2235 4182 εἷς
2281 4118 2423 4174 θείαν
2487 4117 2643 4197 φύσιν
2692 4118 2793 4186 τὴν
2852 4115 3198 4194 ἀνθρωπίνην
3253 4114 3412 4192 φύσιν
3464 4109 3809 4188 μεταϐαλὼν,

2155 4209 2222 4277 ἣν
2275 4206 2662 4285 προσείληφεν,
2694 4205 2823 4263 ἀλλ’
2881 4205 2932 4262 ἐν
2985 4211 3100 4268 τοῖς
3147 4203 3369 4266 οἰκείοις
3426 4201 3582 4279 ὅροις
3642 4199 3809 4276 μείνα-

2158 4318 2274 4367 σαν,
2309 4297 2515 4362 θεώσας
2564 4295 2730 4366 αὐτὴν
2791 4293 2882 4351 διὰ
2931 4302 3034 4366 τῆς
3094 4292 3258 4369 ἄκρας
3317 4293 3586 4356 ἐνώσεως’
3634 4289 3808 4364 ὥσπερ

2156 4386 2259 4461 γὰρ
2312 4389 2392 4458 τῷ
2453 4381 2664 4461 σιδήρῳ
2706 4385 2769 4440 τὸ
2813 4388 2921 4461 πῦρ
2976 4383 3262 4456 ἑνούμενον
3324 4378 3531 4444 ὁλικῶς
3592 4378 3810 4454 ἐκπυροῖ

2161 4475 2254 4548 μὲν
2288 4473 2469 4545 αὐτὸν,
2501 4481 2601 4544 τῆς
2652 4470 2710 4528 δὲ
2754 4477 2853 4528 τοῦ
2902 4469 3130 4547 σιδήρου
3181 4469 3392 4549 φύσεως
3421 4467 3524 4525 οὐκ
3552 4468 3806 4542 ἐξίστησι,

397 4580 512 4635 que
542 4569 597 4619 et
625 4568 714 4620 est
739 4568 795 4618 et
824 4563 1073 4631 dicitur;
1106 4564 1310 4619 eodem
1345 4563 1517 4618 modo
1548 4561 1780 4618 mortali
1821 4567 2041 4619 natura

2160 4562 2304 4638 μένει
2363 4563 2467 4639 γὰρ
2516 4563 2673 4624 οὗτος
2719 4561 2808 4616 καὶ
2863 4560 2999 4636 μετά
3041 4561 3142 4629 τὴν
3198 4557 3501 4633 ἐκπύρωσιν
3566 4553 3807 4632 σίδηρος,

398 4653 600 4708 unitus
632 4651 726 4708 Dei
751 4651 928 4707 Filius
959 4656 1016 4707 et
1045 4652 1300 4707 Verbum
1333 4655 1388 4707 et
1418 4650 1594 4721 Deus,
1627 4650 1776 4706 hanc
1807 4650 2045 4722 quidem

395 4742 683 4797 deiﬁcavit
707 4757 810 4796 nec
828 4758 862 4796 a
887 4744 1041 4796 statu
1060 4739 1292 4795 mortali
1316 4739 1607 4811 separavit
1632 4757 1646 4807 ;
1671 4744 1866 4795 manet
1885 4738 2044 4795 enim

396 4832 524 4902 ipsa
552 4830 816 4886 mortalis
846 4835 902 4884 et
937 4834 1068 4901 post
1098 4829 1524 4886 deiﬁcationem
1558 4833 1788 4895 natura,
1826 4833 2044 4884 morta-

393 4918 582 4991 lisque
611 4924 700 4975 est
730 4925 787 4973 et
816 4919 1031 4975 dicitur
1059 4919 1328 4974 deiﬁcata
1357 4922 1588 4985 natura,
1612 4918 1880 4973 deiﬁcata
1909 4933 2043 4972 caro

393 5025 526 5063 cum
585 5008 784 5064 anima
831 5007 1149 5080 spirituali,
1211 5006 1545 5063 rationabili
1593 5007 1938 5079 volenteque
1986 5010 2043 5062 et

392 5102 686 5168 sperante.

461 5225 603 5276 Cum
645 5226 842 5277 autem
877 5222 1146 5294 spurium
1178 5222 1256 5277 sit
1283 5225 1341 5277 et
1371 5225 1574 5277 contra
1603 5226 1874 5279 naturam
1908 5243 2040 5298 pec-

391 5314 607 5377 catum,
641 5311 967 5367 forinsecus
1021 5312 1075 5379 (a
1105 5310 1265 5381 foris)
1297 5311 1453 5366 enim
1487 5311 1674 5378 nobis,
1705 5312 1755 5367 si
1805 5317 2040 5385 quando

390 5415 528 5468 non,
560 5399 873 5472 vigilemus
923 5399 1392 5472 (abstineamus),
1440 5401 1794 5472 supervenit,
1830 5403 1938 5460 hoc
1985 5410 2042 5462 et

393 5487 597 5543 merito
633 5495 780 5542 Deus
806 5487 1061 5542 Verbum
1094 5504 1207 5542 non
1244 5487 1503 5557 admisit,
1539 5505 1671 5544 cum
1705 5507 1914 5548 rursus
1943 5511 2036 5550 as-

391 5583 688 5648 sumptum
725 5582 992 5631 naturam
1017 5581 1200 5632 totam
1233 5575 1542 5642 deiﬁcavit,
1578 5578 1879 5636 inaccessa
1899 5584 2037 5653 jus-

390 5669 445 5720 te
477 5665 695 5724 mansit
737 5665 1024 5738 deiﬁcata,
1056 5670 1113 5722 et
1143 5665 1478 5722 omnimodo
1512 5665 1730 5726 intacta
1775 5676 2032 5743 peccato.

2153 4653 2243 4708 καὶ
2277 4652 2668 4729 πεπυρωμένος
2703 4647 2924 4726 σίδηρός
2958 4648 3069 4705 ἐστί
3119 4670 3176 4704 τε
3227 4649 3316 4703 καὶ
3363 4645 3606 4723 λέγεται,
3634 4663 3806 4700 τοιου-

2151 4741 2434 4820 τοτρόπως
2493 4745 2561 4815 τῇ
2609 4738 2830 4817 βροτείᾳ
2888 4738 3041 4816 φύσει
3094 4739 3122 4793 ὁ
3153 4738 3277 4800 Υἱὸς
3331 4735 3423 4792 καὶ
3481 4735 3662 4811 Λόγος
3715 4732 3807 4820 τοῦ

2153 4836 2286 4887 Θεοῦ
2332 4830 2422 4886 καὶ
2480 4828 2609 4893 Θεὸς
2663 4828 2902 4901 ἑνωθεὶς,
2938 4827 3134 4892 ἐθέωσε
3200 4826 3296 4900 μὲν
3350 4823 3543 4895 αὐτὴν,
3601 4825 3698 4878 τοῦ
3752 4814 3806 4872 δὲ

2157 4920 2400 4997 βροτείαν
2462 4920 2592 4975 εἶναι
2669 4919 2824 4987 φύσιν
2909 4917 3076 4986 αὐτὴν
3165 4915 3266 4970 οὐκ
3317 4913 3588 4985 ἐξέστησε.
3652 4907 3804 4968 Μένει

2310 5007 2444 5078 αὕτη
2511 5007 2730 5084 βροτεία
2785 5006 2940 5085 φύσις
2986 5005 3078 5060 καὶ
3136 5003 3270 5078 μετᾶ
3323 5003 3422 5073 τὴν
3464 5001 3676 5057 θέωσιν.
3709 4992 3803 5050 Καὶ

2150 5099 2458 5172 τεθεωμένη
2519 5095 2675 5175 φύσις
2734 5095 2951 5172 βροτεία
3007 5095 3098 5150 καὶ
3143 5091 3359 5169 λέγεται
3414 5091 3505 5146 καὶ
3563 5086 3803 5175 ἔστιητε-

2151 5171 2394 5261 θεωμένη
2454 5171 2581 5263 σὰρξ
2616 5171 2992 5262 μετᾶνψυχῆς
3051 5188 3261 5260 νοερᾶς,
3325 5179 3576 5256 λογικῆς,
3638 5171 3798 5241 θελη-

2146 5279 2324 5348 τικῆς,
2359 5274 2728 5352 ἐνεργητικῆς.

2221 5399 2368 5456 Ἐπεὶ
2416 5397 2474 5455 δὲ
2538 5399 2693 5455 νόθον
2738 5402 2772 5469 ἡ
2816 5397 3052 5473 ἁμαρτία
3109 5396 3202 5452 καὶ
3260 5395 3410 5472 παρά
3463 5389 3641 5470 φύσιν,
3675 5382 3796 5458 ἔξω·

2149 5503 2234 5556 θεν
2292 5491 2392 5567 γὰρ
2467 5492 2602 5563 ἡμῖν
2689 5487 2813 5544 ὅταν
2901 5489 2976 5561 μὴ
3061 5488 3321 5565 νήφωμεν
3411 5479 3793 5567 ἐπεισέρχεται,

2144 5580 2345 5650 ταύτην
2428 5578 2652 5640 εἰκότως
2717 5579 2746 5631 ὁ
2805 5578 2934 5639 Θεὸς
3008 5576 3187 5650 Λόγος
3269 5573 3332 5628 ού
3409 5559 3793 5647 προσελάϐετο.

2146 5666 2316 5726 Πάλιν
2378 5666 2493 5724 ἐπεὶ
2549 5667 2648 5739 τήν
2718 5663 3161 5746 προσληφθεῖσαν
3221 5662 3381 5748 φύσιν
3443 5655 3585 5736 ὅλην
3639 5650 3794 5714 ἰθέω-
