4154 6424
388 479 508 548 593

1523 479 1795 546 SERMO
1833 480 1940 546 AD
1984 480 2415 548 MONACHOS
2461 482 2690 548 SUOS.

3693 481 3816 548 894

389 637 500 686 σεν,
562 609 880 679 ἀνεπιϐατος
937 607 1159 680 δικαίως
1215 616 1252 687 ἡ
1310 615 1567 672 θεωθεῖσα
1619 615 1710 670 καὶ
1768 614 2031 690 ἄψαυστος

2153 619 2264 674 Sed
2298 635 2403 675 nec
2434 618 2692 690 pralatio
2715 618 2937 674 incerta
2957 614 3542 690 (aquillibrans)erat
3561 615 3618 672 in
3647 616 3811 672 Chri-

389 705 526 762 κατά
579 703 754 761 πάντα
822 701 1022 782 τρόπον
1079 709 1148 780 τῇ
1209 703 1449 782 ἁμαρτίᾳ
1508 705 1829 779 μεμένηκεν.
1887 704 2043 762 Ἀλλ’

389 792 516 850 οὐδὲ
595 793 911 872 προαίρεσις
996 797 1032 865 ἡ
1117 793 1468 873 ἀμφιρῥεπὴς
1524 795 1592 863 ἦν
1665 793 1716 849 ἐν
1805 799 2039 870 Χριστῷ.

390 883 781 960 Προαιρετικὸς
868 885 961 957 μὲν
1042 885 1143 960 γὰρ
1219 884 1287 953 ἦν
1366 883 1440 946 ὡς
1525 881 1869 953 αὐτεξούσιος
1951 881 2043 937 καὶ

386 973 524 1028 κατὰ
575 973 641 1027 τὸ
714 971 1048 1048 ἀνθρώπινον
1110 973 1138 1026 ὁ
1197 973 1446 1048 Χριστὸς,
1509 971 1592 1027 ὅτι
1646 972 1736 1026 καὶ
1795 970 2039 1048 λογικός.

387 1065 498 1116 Πᾶν
558 1062 660 1138 γὰρ
722 1061 945 1136 λογικὸν
1008 1059 1372 1134 αὐτεξούσιον.
1423 1066 1534 1115 Πᾶν
1587 1057 1634 1115 δ’
1701 1059 2038 1133 αὐτεξούσιον

386 1149 790 1226 προαιρετικόν.
851 1147 1068 1220 Βουλῆς
1133 1148 1192 1205 δὲ
1245 1151 1335 1205 καὶ
1375 1149 1614 1224 σκέψεως
1667 1150 1756 1204 καὶ
1812 1149 2039 1225 γνώμης

384 1238 474 1295 καὶ
530 1238 924 1314 προαιρέσεως,
985 1238 1167 1317 ὥσπερ
1225 1239 1415 1312 ἡμεῖς,
1476 1234 1702 1316 ἔχρῃζεν
1760 1235 2037 1312 οὐδαμῶς,

383 1327 570 1403 ὥσπερ
605 1325 671 1383 αὖ
719 1325 846 1383 οὐδὲ
889 1329 1131 1403 νήψεως.
1165 1328 1294 1390 Θεὸς
1339 1329 1440 1404 γὰρ
1488 1328 1556 1398 ἦν
1611 1327 1728 1382 κατ’
1767 1323 1932 1404 ἄμφω
1977 1328 2040 1382 τὸ

388 1418 484 1491 μὲν
542 1418 719 1495 φύσει,
749 1418 814 1472 τὸ
870 1413 929 1472 δὲ
987 1418 1198 1472 θεώσει.
1248 1417 1342 1472 Διὸ
1385 1415 1451 1486 δὴ
1510 1417 1601 1471 καὶ
1657 1415 1791 1471 κατὰ
1846 1420 2036 1470 τοῦτον

379 1506 474 1561 τὸν
533 1505 696 1582 λόγον
752 1505 932 1577 πάσης
986 1505 1255 1583 ἁμαρτίας
1312 1505 1584 1568 ἀνώτεοος
1640 1505 1729 1575 ἦν’
1771 1505 1938 1581 ἢγὰρ
1987 1504 2038 1575 ἐξ

381 1593 716 1672 ἐπισφαλοῦς
768 1594 1137 1670 προαιρέσεως
1192 1594 1256 1649 τὸ
1314 1593 1662 1670 ἁμαρτάνειν,
1693 1594 1730 1662 ἢ
1759 1593 1850 1648 καὶ
1894 1593 2040 1670 παρὰ

378 1683 693 1759 προαίρεσιν
749 1682 800 1757 ἐξ
857 1683 1180 1759 ἀπροσεξίας
1239 1685 1376 1757 ἡμῖν
1438 1681 1751 1758 ἐπιγίνεται.
1809 1679 2035 1738 Μᾶλλον

379 1768 440 1828 δὲ
493 1771 586 1827 καὶ
644 1770 774 1826 αὐτὸ
831 1771 895 1827 τὸ
953 1773 1299 1848 ἀπροσεκτεῖν
1349 1770 1588 1847 ἁμαρτία
1629 1769 1791 1839 ἐστὶν,
1823 1770 1860 1840 ἢ
1899 1771 2036 1832 τέως

377 1864 512 1938 γοῦν
565 1859 835 1935 ἁμαρτίας
885 1861 1058 1937 ἀρχή⁸
1107 1857 1197 1915 διά
1240 1881 1326 1915 τοι
1374 1865 1538 1915 τοῦτο
1585 1859 1675 1915 καὶ
1716 1863 1825 1914 τῶν
1879 1860 2037 1914 ἀκου-

379 1950 515 2052 σίων
593 1949 1004 2052 ἁμαρτημάτων
1056 1946 1489 2052 ειῗσπραττόμεθα
1547 1946 1718 2010 δίκας.
1774 1950 1928 2004 Ὅθεν
1989 1946 2037 2003 δ’
2066 1984 2116 2052 Β

380 2035 590 2182 ιζπέὲδρα
634 2038 699 2093 τὸ
739 2035 936 2108 αἴτιον,
987 2037 1153 2094 ποίαν
1195 2037 1306 2094 ἐκεῖ
1345 2038 1410 2093 τὸ
1450 2038 1687 2093 αἰτιατὸν
1739 2037 1855 2114 εἶχε
1894 2057 2034 2113 παρ-

380 2147 402 2182 ε
432 2147 463 2182 σ
500 2146 650 2182 υσινε

377 2146 616 2183 εισουσιν
636 2146 650 2199 ;

451 2232 770 2311 Προαίρεσις
806 2234 902 2308 μὲν
961 2231 1051 2288 οὖν
1104 2232 1294 2297 ἁπλῶς
1354 2232 1465 2290 ἐστι
1523 2229 1762 2309 πρόοδος
1805 2233 1942 2310 πρὸς
1971 2233 2034 2288 τὸ

374 2321 614 2398 αἱρετὸν,
670 2320 842 2398 ἤγουν
898 2321 1242 2392 αὐτεξούσιος
1318 2320 1522 2397 ἄλογος
1581 2322 1730 2397 ὁρμὴ
1789 2322 1926 2396 πρὸς
1970 2321 2032 2376 τὸ

373 2409 629 2482 θελητὸν,
686 2410 809 2480 ἥτις
879 2409 1136 2486 πρόσεστι
1192 2412 1329 2466 κατᾶ
1377 2409 1532 2488 φύσιν
1588 2410 1745 2465 παντὶ
1799 2407 2028 2485 λογικῷ.

372 2498 694 2576 Προαίρεσις
780 2497 997 2574 λέγεται
1081 2496 1244 2555 πάλιν
1303 2501 1338 2568 ἡ
1398 2500 1505 2575 πρὸ
1565 2498 1748 2576 ἑτέρου
1804 2497 2030 2576 α’ίρεσις,

375 2587 500 2658 ἥτις
557 2587 762 2664 γίνεταί
824 2589 1032 2663 βοολῆς
1087 2589 1576 2666 προηγησαμένης,
1620 2587 1733 2643 εἶτα
1777 2587 2030 2664 κρίσεως,

381 2677 495 2749 μεθ’
526 2678 589 2746 ἣν
620 2678 655 2746 ἡ
688 2677 825 2755 πρὸς
852 2676 914 2732 τὸ
946 2675 1006 2732 ἐκ
1064 2674 1272 2752 βουλῆς
1327 2677 1508 2754 κριθὲν
1560 2674 1796 2740 διάθεσις
1822 2672 2027 2748 ἕπεται,

378 2763 470 2820 καὶ
529 2765 743 2843 λέγεται
792 2767 1010 2843 γνώμη,
1069 2768 1104 2835 ἠ
1161 2769 1254 2820 νῦν
1321 2763 1636 2839 δηλουμένη
1692 2765 2028 2842 προαίρεσις,

379 2851 553 2910 ε’ἰτουν
610 2857 647 2924 ἡ
691 2852 926 2930 ἐπιλογὴ
986 2859 1084 2910 τοῦ
1141 2852 1392 2926 δόξαντος
1446 2853 1638 2927 καλοῦ,
1699 2851 2028 2931 διαδέχεται.

375 2944 484 3013 Τὴν
509 2942 768 3015 τοιαύτην
798 2941 1110 3019 προαίρεσιν
1143 2942 1242 2998 οὐκ
1271 2941 1331 2998 ἂν
1378 2939 1501 3018 εἷ’πῃ
1556 2963 1642 3005 τις
1699 2943 1756 2997 εὗ
1817 2948 2031 3022 φρονῶν

381 3031 471 3088 ἐπὶ
525 3037 624 3088 τοῦ
682 3037 937 3108 Χριστοῦ.
970 3032 1138 3095 Ποίας
1196 3033 1298 3109 γὰρ
1355 3031 1421 3102 ἧν
1478 3031 1683 3107 βουλῆς
1736 3030 1958 3103 ἐνδεήςῖ
1991 3034 2026 3102 ἢ

376 3121 525 3184 τίνος
581 3125 692 3178 τῶν
743 3121 804 3177 ἐκ
858 3120 1066 3197 βουλῆς
1100 3121 1128 3176 ὁ
1153 3122 1458 3196 θαυμαστὸς
1508 3115 1844 3194 σύμϐουλος,
1876 3123 1912 3191 ἡ
1940 3142 2029 3175 σο-

379 3211 476 3291 φία
533 3215 631 3266 τοῦ
681 3215 816 3266 Θεοῦ
870 3209 962 3266 καὶ
1014 3210 1260 3286 Πατρός;
1300 3210 1336 3280 ἢ
1397 3214 1514 3272 πῶς
1571 3209 1630 3264 ἂν
1688 3209 2024 3287 προσαφθείη

377 3299 694 3376 προαίρεσις
724 3302 760 3371 ἡ
793 3298 846 3355 ἐν
888 3301 1024 3374 ἡμῖν
1071 3303 1153 3372 τῷ
1197 3296 1648 3376 προεκλεξαμένῳ
1700 3299 1764 3354 τὸ
1813 3299 2004 3374 ἀγαθὸν

375 3387 561 3451 καθὼς
622 3386 1037 3463 μεμαρτύρηται
1080 3405 1094 3457 ;
1149 3386 1239 3441 καὶ
1291 3387 1396 3462 γὰρ
1461 3384 1680 3448 Ἡσαΐας
1735 3386 2008 3462 προανακέ

374 3496 598 3553 κραγεν,
631 3475 716 3531 ὅτι
763 3476 890 3551 πρὶν
939 3476 976 3545 ἢ
1021 3475 1222 3552 γνῶναι
1270 3475 1430 3530 αὐτὸν
1481 3475 1517 3544 ἢ
1564 3473 1887 3550 προελέσθαι
1931 3496 2030 3529 πο-

373 3566 540 3641 νηρὰ,
572 3563 844 3634 ἐκλέξεται
900 3564 965 3619 τὸ
1022 3563 1240 3642 ἀγαθόν·
1291 3563 1568 3620 τουτέστιν
1623 3560 1736 3619 οὔτ’
1784 3563 1844 3619 ἂν
1891 3584 2028 3640 προ-

373 3649 584 3724 έλοιτο,
623 3653 687 3708 τὸ
747 3650 792 3708 δ’
850 3653 1051 3729 ἀγαθὸν
1107 3653 1167 3708 ἐκ
1215 3654 1441 3730 πρώτης
1499 3653 1680 3729 ἀρχῆς
1739 3651 2028 3724 ἐκλέξεται.

371 3743 477 3798 Καὶ
510 3739 681 3815 αὖθις,
709 3743 877 3819 πρινή
927 3747 1130 3818 γνῶναι
1177 3743 1242 3797 τὸ
1288 3740 1503 3797 παιδίον
1548 3743 1742 3820 ἀγαθὸν
1786 3742 1822 3811 ἢ
1866 3743 2028 3796 κακὸν

371 3832 588 3896 ἀπειθεῖ
641 3831 881 3907 πονηρίᾳ
919 3835 1019 3886 τοῦ
1078 3829 1391 3901 ἐκλέξασθαι
1446 3831 1510 3885 τὸ
1568 3829 1787 3906 ἀγαθόν.
1832 3836 2030 3906 ’Ήγουν

365 3921 480 3996 πρὸ
511 3921 692 3992 πάσης
721 3920 978 3995 γνώσεως
1037 3921 1100 3974 τὸ
1153 3917 1398 3992 παιδίον,
1431 3917 1483 3974 ἐν
1544 3917 1682 3996 ἄκρᾳ
1735 3918 2031 3990 νηπιότητι

366 4011 508 4085 πρὸς
558 4009 623 4064 τὸ
680 4009 920 4085 πονηρὸν
979 4009 1214 4071 ἀπειθῶς
1291 4003 1421 4083 ἕχον
1495 4007 1586 4062 καὶ
1643 4006 1917 4086 ἀῤῥεπῶς,
1966 4007 2028 4061 τὸ

370 4098 572 4174 ἀγαθὸν
633 4097 991 4152 οἰκειώσεται.
1026 4099 1097 4152 Τὸ
1155 4093 1234 4169 δὲ,
1269 4121 1297 4149 ‹‹
1325 4097 1492 4174 πρινή
1551 4101 1756 4172 γνῶναι
1815 4121 1844 4149 ››
1894 4096 2031 4150 κατᾶ

367 4187 438 4244 τὸ
493 4185 812 4265 φαινόμενον
869 4183 1104 4264 εἴρηται.
1137 4185 1277 4241 Πότε
1332 4186 1436 4262 γὰρ
1494 4186 1562 4255 ἦν
1624 4186 1700 4259 μὴ
1760 4189 2026 4260 γινῶσκον

367 4276 438 4332 τὸ
494 4273 734 4346 παιδίον,
771 4274 823 4330 ἐν
855 4275 902 4348 ᾧ
959 4273 1151 4337 πάντες
1181 4274 1233 4330 οἱ
1265 4274 1528 4350 θησαυροὶ
1558 4281 1659 4344 τῆς
1702 4273 1891 4350 σοφίας
1939 4275 2030 4329 καὶ

367 4369 475 4433 τῆς
528 4364 780 4440 γνώσεως
847 4358 1174 4442 ἀπόκρυφοι,
1234 4360 1610 4433 καταλλήλοις
1687 4367 1902 4437 καιροῖς
1950 4361 2031 4439 ἐφ’

371 4451 502 4510 ὅσον
563 4452 736 4529 ἐχρῆν
808 4452 1240 4530 φανερούμενοι;
1294 4451 1549 4507 Τοιοῦτόν
1629 4451 1741 4506 ἐστι
1808 4451 1898 4506 καὶ
1969 4452 2032 4506 τὸ

372 4539 542 4619 σοφίᾳ
568 4541 658 4597 καὶ
716 4542 904 4618 χάριτι
962 4539 1290 4617 προκόπτειν
1345 4543 1480 4614 μετὰ
1535 4548 1637 4611 τῆς
1683 4539 1902 4611 ἡλικίας
1942 4542 2034 4597 τὸν

373 4633 614 4702 Ἰησοῦν,
643 4631 782 4686 κατᾶ
833 4631 896 4685 τὸ
955 4630 1279 4708 φαινόμενον
1336 4627 1575 4700 δηλαδή.
1608 4637 1716 4700 Τῆς
1781 4631 1874 4703 μὲν
1927 4631 2032 4708 γὰρ

2009 3345 2104 3428 ἶϐ

2153 712 2263 776 sto,
2289 707 2644 779 pralationis
2674 712 2796 763 erat
2825 723 3009 778 capax
3065 711 3132 762 ut
3190 710 3322 778 pote
3376 705 3469 761 sui
3525 706 3680 777 juris
3718 705 3808 762 vel

2154 797 2477 853 secundum
2495 796 2927 852 humanitatem
2942 795 3766 868 Christus,quiarationabilis
3792 813 3806 863 ;

2152 902 2326 942 omne
2355 886 2510 942 enim
2539 884 2885 942 rationabile
2915 889 3006 941 est
3037 885 3127 940 sui
3152 885 3328 956 juris,
3361 888 3420 939 et
3450 900 3622 939 omne
3653 885 3809 955 quod

2151 979 2240 1032 est
2272 975 2364 1031 sui
2389 976 2564 1046 juris,
2598 973 2956 1046 pralationis
2979 990 3161 1046 capax
3190 977 3298 1029 est.
3323 971 3581 1029 Consilio
3612 977 3809 1029 autem

2153 1068 2209 1120 et
2237 1063 2702 1122 consideratione
2715 1067 2772 1119 et
2795 1061 3018 1134 judicio
3049 1066 3106 1118 et
3134 1061 3497 1134 pralatione,
3519 1061 3673 1116 sicut
3704 1078 3810 1117 nos

2152 1153 2314 1210 nullo
2343 1154 2516 1209 modo
2549 1152 3285 1226 egebat,quemadmodum
3308 1167 3516 1206 rursus
3541 1167 3645 1206 nec
3677 1149 3804 1206 abs-

2150 1242 2416 1314 tinentia)
2471 1241 2809 1314 Vigilantia:
2869 1246 3021 1297 Deus
3077 1240 3235 1296 enim
3292 1244 3419 1294 erat
3477 1240 3805 1295 secundum

2151 1332 2287 1396 duo.
2319 1335 2591 1387 naturam
2626 1331 2864 1402 quidem
2897 1334 2954 1385 et
2993 1329 3462 1397 deiﬁcationem;
3497 1332 3809 1400 propterea

2150 1438 2290 1478 sane
2318 1426 2376 1478 et
2405 1421 2727 1477 secundum
2759 1419 2910 1474 hanc
2955 1419 3243 1474 rationem
3296 1417 3469 1490 longe
3538 1417 3808 1489 superior

2149 1514 2274 1564 erat
2304 1508 2464 1565 omni
2491 1508 2703 1580 culpa;
2736 1507 2824 1563 vel
2857 1508 3013 1563 enim
3059 1523 3126 1562 ex
3179 1504 3513 1578 pralatione
3568 1505 3794 1561 incerta

2149 1599 2322 1670 culpa
2347 1599 2526 1664 venit,
2557 1597 2646 1653 vel
2679 1601 2889 1668 prater
2920 1595 3317 1669 pralationem
3351 1611 3420 1650 ex
3459 1593 3804 1650 inconside-

2148 1688 2375 1744 rantia:
2407 1687 2526 1744 imo
2559 1687 2800 1758 quidem
2832 1690 2890 1741 et
2922 1686 3049 1757 ipsa
3097 1684 3598 1740 inconsiderantia
3633 1683 3807 1756 culpa

2146 1781 2254 1847 est,
2267 1776 2354 1832 vel
2377 1777 2590 1832 saltem
2604 1775 2978 1846 aliquatenus
3000 1774 3235 1829 initium
3260 1773 3570 1845 peccandi:
3602 1788 3806 1844 quam-

2147 1864 2347 1921 obrem
2407 1880 2550 1920 sane
2605 1868 2664 1919 et
2721 1864 2791 1918 de
2848 1861 3264 1919 invaluntariis
3295 1861 3557 1933 peccatis
3600 1877 3803 1932 panas

2147 1953 2368 2010 solvere
2397 1953 2706 2019 debemus,
2741 1951 2901 2008 Unde
2930 1951 3083 2024 fugit
3111 1966 3289 2006 causa
3317 1948 3552 2022 qualem
3584 1949 3665 2004 ibi
3706 1949 3800 2004 in-

2147 2043 2388 2100 troitum
2419 2041 2673 2097 habebat
2703 2041 2859 2112 quod
2910 2039 3242 2112 allegatur?

2215 2148 2479 2205 Pralatio
2511 2148 2752 2220 quidem
2783 2150 2873 2204 est
2899 2146 3082 2220 igitur
3113 2144 3460 2218 simpliciter
3488 2160 3798 2217 processus

2143 2239 2215 2295 ad
2245 2237 2515 2304 volitum,
2548 2236 2773 2293 scilicet
2796 2236 2943 2292 liber
2960 2235 3433 2308 incogitatusque
3454 2235 3525 2288 ad
3547 2232 3794 2289 volitum

2141 2329 2399 2400 impetus
2428 2327 2526 2398 qui
2561 2329 2794 2392 natura,
2835 2328 2926 2381 est
2956 2324 3149 2380 omnis
3197 2327 3476 2379 creatura
3531 2321 3796 2378 rationaa

2141 2416 2299 2473 bilis.
2323 2417 2548 2473 Rursus
2580 2415 2798 2470 dicitur
2827 2413 3084 2486 pralatio
3109 2431 3222 2486 pra
3247 2412 3360 2468 alio
3393 2411 3614 2482 electio,
3664 2427 3791 2482 qua

2141 2506 2208 2561 fit
2237 2509 2531 2577 praeunte
2561 2503 3002 2568 deliberatione,
3035 2506 3237 2574 postea
3259 2501 3507 2572 judicio,
3556 2504 3786 2572 postea-

2142 2611 2255 2666 que
2277 2593 2544 2666 sequitur
2575 2591 2881 2664 dispositio
2915 2591 2987 2646 ad
3013 2590 3342 2662 judicatum
3375 2605 3445 2645 ex
3496 2587 3787 2644 delibera-

2138 2683 2298 2739 tione
2325 2682 2592 2748 tendens,
2636 2685 2692 2736 ct
2716 2680 2931 2735 dicitur
2976 2679 3305 2746 sententia;
3359 2693 3516 2733 nunc
3547 2677 3792 2732 demon-

2140 2775 2324 2828 strata
2356 2770 2638 2843 pralatio,
2674 2786 2775 2824 seu
2809 2767 3044 2824 selectio
3076 2769 3203 2838 ejus
3235 2767 3391 2839 quod
3437 2765 3668 2820 videtur
3689 2765 3789 2820 bo-

2139 2876 2304 2930 num,
2355 2858 2636 2916 succedit.
2697 2856 2896 2913 Talem
2952 2855 3352 2928 pralationem
3407 2871 3580 2910 nemo
3629 2857 3784 2908 recte

2138 2949 2398 3005 sentiens
2420 2947 2719 3003 diceretde
2735 2944 3160 3012 Christo.Quali
3177 2944 3334 3002 enim
3349 2941 3784 3010 deliberatione,

2136 3038 2224 3094 vel
2254 3054 2392 3111 quo,
2425 3053 2626 3092 eorum
2661 3051 2789 3107 qua
2820 3035 2892 3089 ad
2922 3034 3076 3090 hanc
3120 3033 3434 3106 pertinent,
3482 3033 3649 3104 egeat
3672 3030 3782 3085 mi-

2137 3126 2342 3183 rabilis
2383 3123 2752 3190 consilarius,
2802 3123 3098 3195 Sapientia
3156 3121 3256 3176 Dei
3313 3125 3371 3176 et
3421 3117 3786 3176 Patris?Vel

2139 3215 2432 3289 quomodo
2463 3212 2728 3285 praelatio
2759 3216 2824 3268 ut
2854 3212 2915 3266 in
2946 3211 3115 3266 nobis
3141 3214 3230 3266 est
3257 3214 3315 3266 et
3353 3212 3651 3281 aptaretur
3683 3206 3784 3280 qui

2141 3304 2366 3360 bonum
2390 3301 2676 3375 praeligit
2706 3305 2772 3356 ut
2817 3303 3068 3356 testatur
3126 3297 3502 3372 (propheta)?
3562 3295 3791 3352 Etenim

2146 3392 2328 3449 Isaias
2361 3395 2495 3447 ante
2535 3389 2809 3446 clamavit
2864 3388 3002 3460 quia
3058 3388 3404 3461 priusquam
3465 3383 3797 3457 cognoverit

2141 3481 2258 3548 ille,
2283 3478 2373 3536 vel
2416 3478 2635 3535 malum
2667 3477 3010 3550 pratulerit,
3043 3478 3264 3532 bonum
3309 3475 3503 3548 eliget.
3535 3474 3655 3529 Hoc
3685 3476 3798 3538 est,

2142 3585 2248 3625 nec
2279 3568 2593 3640 praferret,
2627 3567 2728 3622 sed
2762 3567 2981 3622 bonum
3016 3583 3051 3622 a
3090 3564 3376 3638 principio
3403 3562 3661 3636 primum
3694 3561 3800 3617 eli-

2140 3663 2255 3730 get.
2289 3658 2359 3712 Et
2389 3673 2594 3712 rursus
2628 3655 2982 3727 priusquam
3010 3658 3388 3727 cognosceret
3414 3669 3558 3725 puer
3577 3652 3800 3706 bonum

2139 3747 2228 3802 vel
2261 3745 2504 3812 malum,
2539 3761 2655 3799 non
2689 3744 2933 3798 conﬁdit
2990 3742 3248 3810 malitia,
3309 3741 3565 3814 eligendi
3620 3756 3799 3796 causa

2140 3835 2316 3892 boni:
2352 3834 2406 3889 id
2440 3839 2548 3900 est,
2585 3838 2719 3888 ante
2750 3849 2985 3889 omnem
3017 3832 3412 3904 cognitionem
3457 3847 3622 3903 puer,
3654 3846 3689 3885 a
3717 3833 3800 3884 te-

2141 3941 2282 3980 nera
2309 3923 2558 3978 infantia
2591 3937 2694 3976 nec
2726 3919 2972 3977 docilem
3007 3938 3113 3976 nec
3143 3921 3453 3993 proclivem
3479 3919 3550 3974 ad
3569 3918 3792 3974 malum

2140 4030 2202 4070 se
2234 4012 2478 4083 habens,
2511 4012 2733 4066 bonum
2766 4009 2880 4066 sibi
2905 4015 3205 4078 assumet;
3240 4010 3394 4080 quod
3426 4013 3620 4064 autem
3652 4005 3790 4062 dici.

2138 4108 2257 4170 tur,
2289 4123 2313 4151 (ι
2347 4100 2699 4172 Priusquam
2731 4103 3127 4171 cognosceret.
3166 4121 3194 4148 »
3226 4115 3295 4154 ex
3335 4096 3525 4170 specie
3555 4095 3788 4151 dicitur.

2138 4191 2384 4256 Quando
2416 4189 2574 4244 enim
2606 4187 2874 4243 nesciens
2905 4191 3028 4242 erat
3059 4187 3276 4259 puerin
3293 4203 3407 4258 quo
3429 4200 3636 4240 omnes
3664 4183 3793 4238 the-

2140 4278 2300 4334 sauri
2314 4277 2612 4349 sapientia
2623 4280 2681 4332 et
2693 4275 2946 4331 scientia
2960 4275 3285 4331 absconditi
3301 4277 3460 4344 sunt,
3475 4273 3630 4346 aptis
3645 4277 3792 4326 tem-

2141 4368 2407 4439 poribus,
2441 4369 2723 4437 quantum
2757 4380 2905 4436 opus
2936 4367 3080 4432 erat,
3106 4361 3500 4435 apparentes?
3529 4359 3677 4416 lllud
3708 4363 3797 4415 est

2143 4455 2298 4528 quod
2331 4453 2545 4509 dicitur
2571 4454 2775 4509 Jesum
2809 4452 3087 4524 proﬁcere
3141 4451 3432 4523 sapientia
3488 4454 3546 4505 et
3603 4447 3796 4521 gratia

2141 4559 2275 4599 cum
2304 4546 2493 4609 atate,
2523 4541 2582 4595 in
2612 4540 2804 4612 specie
2837 4539 3076 4596 scilicet.
3109 4537 3313 4594 fEtatis
3352 4537 3509 4593 enim
3544 4537 3792 4592 accretio

2143 4635 2267 4687 erat
2296 4630 2558 4702 corporis
2589 4629 2876 4686 naturalis
2909 4629 3191 4695 accretio;
3218 4625 3515 4699 sapientia
3572 4642 3704 4680 vero
3736 4628 3796 4680 et

372 4717 600 4790 ἡλικίας
648 4717 892 4782 ἐπίδοσις
940 4720 1007 4788 ἦν
1058 4720 1360 4794 αὐξομένου
1404 4725 1502 4774 τοῦ
1569 4719 1820 4794 σώματος
1873 4742 2031 4799 φυσι-

2146 4720 2343 4792 gratia
2371 4719 2618 4774 accretio
2647 4736 2762 4774 non
2795 4719 2988 4774 auctio
3019 4729 3145 4773 erat
3173 4733 3374 4772 eorum
3407 4731 3538 4789 qua
3597 4713 3792 4787 prima

373 4812 512 4881 κῶς,
571 4807 762 4887 σοφίας
819 4806 878 4864 δὲ
948 4809 1040 4863 καὶ
1098 4810 1328 4886 χάριτος
1383 4813 1492 4863 τῶν
1551 4808 1872 4884 πρωτίστων
1940 4810 2030 4864 καὶ

371 4895 692 4970 ἀκροτάτων
746 4896 847 4952 οὐκ
901 4895 1169 4966 ἐπίδοσις,
1200 4895 1348 4953 ἀλλὰ
1403 4898 1702 4975 φανέρωσις
1762 4894 2029 4974 εὔκαιρος.

371 4987 991 5063 ΤοιγαροῦνὸΧριστὸς
1047 4987 1178 5048 Θεὸς
1237 4983 1310 5040 ὢν
1364 4989 1649 5060 ἡνωμένος
1697 4985 1765 5062 τῇ
1822 4986 2033 5060 ἀνθρω-

373 5073 506 5148 πίνῃ
562 5073 720 5146 οὐσίᾳ
793 5075 914 5140 καθ’
955 5074 1268 5145 ὑπόστασιν,
1325 5075 1393 5144 ἦν
1469 5075 1668 5149 ἀγαθὸς
1744 5075 1820 5137 ὡς
1879 5074 2028 5138 Θεός.

377 5162 518 5239 Εἶχε
575 5161 634 5218 δὲ
689 5162 779 5218 καὶ
837 5163 912 5226 ὡς
970 5164 1256 5241 ἅνθρωπος
1309 5162 1662 5234 αὐτεξουσίως
1721 5164 1784 5218 τὸ
1835 5163 2031 5240 ἀγαθὸν

376 5253 514 5307 κατὰ
567 5251 724 5330 φύσιν
785 5247 866 5307 ἔν’
899 5249 1080 5330 ὥσπερ
1137 5252 1242 5329 γὰρ
1298 5252 1361 5307 τὸ
1416 5253 1579 5307 κακὸν
1634 5253 1723 5306 καὶ
1771 5256 1806 5322 ἡ
1852 5254 2034 5329 ἁμαρ-

373 5340 464 5396 τία
518 5341 667 5418 παρὰ
710 5340 892 5418 φύσιν,
927 5339 1074 5396 οὕτω
1120 5338 1187 5410 δὴ
1244 5340 1310 5397 τὸ
1364 5341 1564 5416 ἀγαθὸν
1598 5341 1632 5410 ἡ
1688 5341 1849 5417 ἀρετή
1899 5342 2035 5396 κατά

378 5428 535 5507 φύσιν
588 5427 722 5485 ἐστί’
753 5428 844 5485 διὰ
891 5433 1054 5485 τοῦτο
1104 5429 1195 5485 καὶ
1237 5431 1272 5500 ἡ
1307 5429 1542 5504 ἁμαρτία
1591 5429 1848 5500 τοιαύτην
1903 5426 2035 5504 ἔσχε

378 5519 867 5597 προσηγορίαν,ὠς
897 5519 1179 5595 ἀποτυχία
1206 5523 1304 5574 τοῦ
1333 5518 1470 5574 κατὰ
1498 5517 1653 5597 φύσιν
1686 5519 1775 5574 καὶ
1806 5519 2030 5593 ἀγαθοῦ.

453 5625 516 5680 Οἱ
551 5626 648 5699 μὶν
677 5623 770 5680 οὖν
812 5622 1040 5702 ἄγγελοι
1070 5622 1383 5694 δυσκίνητοι
1414 5625 1550 5700 πρὸς
1602 5622 1665 5679 τὰ
1720 5623 1884 5679 κακὸν
1942 5622 2032 5678 καὶ

385 5710 633 5790 λέγονται
691 5713 782 5770 καί
839 5713 962 5788 είσι,
993 5713 1063 5789 τῇ
1123 5714 1248 5789 περὶ
1288 5712 1416 5769 Θεὸν
1445 5711 1787 5790 προσεδρείᾳ,
1817 5712 1907 5768 καὶ
1963 5711 2032 5786 τῇ

385 5799 659 5879 ἐλλάμψει
698 5802 768 5878 τῇ
813 5808 1034 5880 συνεχεῖ
1085 5800 1470 5880 βοηθούμενοιο
1502 5803 1538 5872 ἡ
1580 5799 1639 5857 δὲ
1683 5806 1780 5859 τοῦ
1835 5799 2034 5878 Κυρίου

2141 4825 2494 4879 summaque
2518 4808 2698 4872 fuere,
2728 4808 2830 4862 sed
2863 4806 3148 4879 apparitio
3177 4810 3523 4877 opportuna.
3555 4803 3650 4859 Sic
3681 4801 3790 4874 igi-

2140 4903 2238 4953 tur
2267 4897 2533 4951 Christus
2556 4897 2680 4967 jam
2713 4895 2868 4951 Deus
2900 4895 3176 4950 humana
3222 4893 3562 4949 substantia
3592 4891 3792 4946 unitus

2141 4985 2524 5059 hypostatice,
2556 4985 2745 5040 bonus
2767 4988 2891 5039 erat
2934 4988 3000 5038 ut
3044 4983 3200 5038 Deus
3235 4981 3456 5050 ;habet
3511 4984 3706 5036 autem
3737 4983 3794 5035 et

2142 5080 2208 5130 ut
2235 5075 2410 5129 homo
2440 5073 2622 5129 libere
2661 5073 2816 5144 quod
2849 5073 3174 5128 secundum
3222 5075 3491 5126 naturam
3549 5073 3639 5125 est
3691 5069 3793 5123 bo-

2143 5179 2307 5218 num.
2341 5162 2853 5226 Quemadmodum
2885 5161 3042 5216 enim
3075 5161 3300 5216 malum
3323 5163 3379 5216 et
3436 5158 3608 5231 culpa
3653 5161 3796 5212 sunt

2144 5256 2346 5307 contra
2375 5250 2763 5318 naturam,sic
2778 5266 2919 5306 sane
2936 5250 3155 5305 bonum
3181 5253 3239 5305 et
3258 5248 3444 5304 virtus
3467 5246 3794 5304 secundum

2143 5345 2416 5397 naturam
2446 5344 2585 5395 sunt
2609 5364 2622 5407 ;
2652 5344 2960 5411 propterea
2987 5337 3161 5394 etiam
3181 5353 3395 5393 nomen
3419 5336 3596 5393 habet
3625 5334 3798 5406 culpa

2143 5428 2454 5501 (defectus)
2485 5428 2651 5500 quasi
2685 5429 2946 5497 defectio,
2976 5427 3050 5483 ab
3079 5443 3145 5483 eo
3176 5427 3332 5498 quod
3361 5431 3452 5482 est
3469 5424 3798 5480 secundum

2145 5521 2418 5574 naturam
2441 5521 2499 5572 et
2529 5517 2684 5588 quod
2717 5520 2805 5575 est
2835 5516 3078 5570 bonum.

2216 5623 2418 5696 Angeli
2496 5623 2732 5695 quidem
2819 5627 3128 5694 propterea
3213 5623 3362 5679 tardi
3433 5621 3504 5676 ad
3567 5619 3791 5675 malum

2144 5713 2423 5769 dicuntur
2451 5717 2506 5768 et
2563 5716 2720 5784 sunt,
2753 5728 2818 5768 eo
2865 5712 3049 5782 adjuti
3107 5712 3258 5782 quod
3316 5710 3432 5766 Deo
3491 5713 3709 5775 astent,
3739 5711 3798 5762 et

2143 5801 2424 5858 continua
2479 5802 2687 5859 exinde
2743 5800 2871 5856 luce
2929 5798 3355 5856 illuminentur.
3415 5798 3525 5854 Sed
3557 5795 3790 5854 Domini
