4154 6460
359 474 474 542 595

1612 471 2035 536 NIGEPHORI
2079 468 2521 535 BLEMMIDE

3660 471 3777 536 596

363 629 559 668 amma
583 608 843 667 omnimo
873 607 946 664 ad
977 604 1199 664 malum
1231 623 1348 663 non
1380 623 1565 681 prona
1593 611 1736 675 erat,
1797 607 1857 662 in
1917 623 1978 663 se

2136 604 2274 679 μυχή
2326 603 2609 668 παντελῶς
2659 603 2798 681 πρὸς
2846 602 2910 660 τὸ
2958 602 3121 661 κακὸν
3171 602 3427 675 ἀκίνητος
3474 603 3563 677 ἦν,
3615 602 3774 659 αὑτὸν

361 701 492 774 ipsa
522 702 714 773 ipsum
738 698 962 755 habens
994 702 1174 753 Deum
1208 697 1609 765 Verbum,non
1643 697 2013 764 possessione

364 791 467 847 sed
523 790 783 854 unione;
831 791 889 841 et
946 786 1048 841 illa
1092 786 1329 858 quidem
1386 786 1699 859 imperium
1759 802 2016 842 excerce—

365 881 467 936 bat
495 879 555 933 in
587 892 849 950 corpore,
878 880 1030 931 Deus
1059 890 1191 930 vero
1219 876 1473 931 Verbum
1520 877 1647 947 ejus
1693 880 1819 931 erat
1874 876 2012 943 dux,

366 985 542 1041 quem
573 967 754 1022 libere
782 964 1154 1037 sequebatur,
1174 963 1315 1018 dum
1339 964 1545 1019 divinae
1561 963 1880 1019 voluntatis
1908 964 2018 1018 im-

369 1055 683 1129 pletionem
716 1055 866 1127 ipsa,
889 1069 1124 1109 summa
1172 1053 1502 1120 sanctitate,
1560 1053 1726 1109 valde
1781 1056 2013 1124 appete-

368 1148 475 1201 ret.
522 1145 833 1214 Propterea
885 1146 944 1197 et
970 1140 1276 1207 Dominus,
1308 1141 1535 1198 Patrem
1568 1158 1740 1197 orans
1770 1140 1829 1196 in
1862 1145 2015 1197 tem-

368 1249 508 1306 pore
554 1230 868 1305 passionis,
920 1236 985 1286 ut
1040 1230 1216 1286 homo
1274 1230 1545 1286 dicebat:
1600 1232 1724 1285 Non
1751 1232 1894 1285 sicut
1922 1246 2016 1302 ego

366 1322 506 1390 volo,
580 1320 675 1377 sed
745 1322 889 1375 sicut
970 1327 1067 1388 tu;
1160 1317 1263 1391 ﬁat
1340 1319 1596 1374 voluntas
1680 1327 1773 1374 tua
1822 1320 1863 1372 ³.
1951 1319 2019 1374 Ει

367 1427 502 1467 vero
534 1409 629 1466 hic
658 1425 851 1465 sermo
872 1413 963 1464 est
993 1406 1200 1463 animas
1246 1407 1475 1463 Domini
1535 1423 1715 1463 unam
1774 1407 2017 1463 scientia

367 1499 729 1555 voluntatem
761 1497 843 1554 sic
874 1496 1022 1552 uniti
1055 1497 1156 1552 Dei
1186 1495 1361 1552 Verbi
1391 1499 1451 1552 et
1508 1496 1718 1553 Patris.
1755 1496 2017 1553 Habebat

369 1590 551 1662 igitur
577 1592 764 1643 Herus
795 1603 863 1643 ea
885 1603 1002 1659 qua
1032 1590 1172 1641 sunt
1203 1601 1505 1641 servorum
1528 1589 1766 1658 prepter
1796 1601 2014 1652 servos,

373 1678 473 1735 sed
507 1693 686 1748 supra
714 1692 951 1743 servos;
982 1674 1158 1730 herus
1198 1674 1354 1730 enim
1397 1678 1525 1730 erat
1561 1674 1697 1731 licet
1749 1674 2015 1731 servilem

372 1765 665 1821 induisset
692 1764 977 1829 formam;
1007 1779 1144 1818 nam
1175 1779 1306 1819 vere
1338 1762 1492 1818 sicut
1523 1780 1652 1829 nos,
1703 1762 2017 1832 esuriebat,

371 1869 640 1926 soporem
689 1851 1037 1919 sustinebat,
1095 1851 1545 1923 defatigabatur,
1611 1852 1911 1920 maerebat,
1943 1851 2024 1907 la-

371 1942 768 2017 crymabatur,
821 1941 1088 2007 timebat,
1146 1940 1247 1997 sed
1300 1940 1569 1996 libenter.
1629 1942 1871 2007 Quando
1927 1957 2024 1996 vo-

373 2032 499 2089 lens
522 2031 648 2104 ipse
677 2029 1032 2086 humanitati
1065 2045 1185 2085 suae
1216 2029 1395 2085 dabat
1437 2029 1745 2102 proprium
1796 2030 2023 2096 patien-

372 2125 462 2177 ter
489 2136 681 2194 agere,
741 2124 799 2175 et
852 2118 906 2173 id
965 2134 1145 2191 supra
1203 2134 1333 2188 nos,
1387 2134 1596 2174 rursus
1662 2119 2021 2186 comedebat,

374 2209 632 2273 bibebat,
665 2206 1012 2273 dormiebat,
1044 2205 1490 2279 colloquebatur
1527 2207 1685 2264 sicut
1740 2224 1868 2279 nos,
1923 2207 2024 2263 sed

377 2297 577 2355 omnia
604 2297 728 2352 hinc
756 2299 955 2353 sancte
985 2300 1042 2351 et
1070 2312 1251 2368 supra
1289 2312 1415 2353 nos.
1461 2295 1602 2360 Quis
1661 2295 1819 2352 enim
1876 2296 2027 2351 inter

377 2404 486 2444 nos
516 2386 578 2442 in
632 2385 1002 2441 naturalibus
1057 2385 1314 2441 innoxiis
1366 2385 1728 2442 inveniretur
1783 2402 2026 2458 prorsus

377 2477 661 2533 innocens
681 2474 710 2530 Ἰ
738 2474 1078 2530 Patiebatur
1099 2491 1202 2547 pro
1232 2474 1423 2541 nobis,
1455 2476 1514 2529 in
1586 2491 1759 2531 cruce
1815 2474 2028 2531 ﬁxione

381 2570 440 2623 et
465 2566 733 2623 tensione
762 2563 1037 2637 (algebat)
1072 2563 1325 2619 dolebat.
1361 2565 1609 2620 Demum
1638 2568 1907 2620 mortuus
1936 2568 2027 2620 est

380 2655 479 2712 sed
513 2653 799 2721 libenter;
836 2652 1078 2708 aderant
1109 2654 1167 2707 et
1197 2651 1394 2723 passio
1424 2656 1481 2707 et
1511 2650 1677 2707 dolor
1715 2655 1773 2706 et
1829 2667 2025 2719 mors;

380 2743 715 2818 patiebatur
744 2756 898 2811 caro,
951 2739 1292 2797 naturaliter
1346 2740 1580 2796 dolebat
1637 2742 1835 2796 anima
1892 2757 2029 2813 pro-

381 2837 510 2905 pter
561 2831 938 2898 societatem;
998 2845 1068 2885 ex
1128 2845 1197 2885 ea
1254 2830 1412 2885 enim
1472 2829 1634 2885 carni
1664 2846 1895 2885 sensus.
1928 2832 2029 2885 At-

379 2925 578 2977 tamen
637 2919 910 2975 divinitas
966 2918 1026 2973 in
1094 2923 1343 2991 utraque
1381 2936 1497 2974 non
1530 2918 1880 2992 patiebatur,
1913 2935 2030 2975 non

382 3008 618 3065 dolebat
645 3026 658 3076 ;
693 3007 865 3081 longe
894 3005 1052 3064 enim
1079 3023 1260 3079 supra
1288 3007 1409 3063 hac
1440 3011 1531 3065 est
1568 3007 1874 3077 Divinitas,
1904 3008 2031 3064 ani-

380 3111 480 3154 ma
508 3098 778 3168 separata
797 3099 889 3151 est
908 3111 943 3150 a
971 3110 1163 3161 carne,
1181 3095 1284 3151 sed
1315 3095 1603 3153 Divinitas
1658 3096 1910 3153 indivisa
1957 3097 2030 3153 ab

381 3189 631 3256 utraque
659 3188 801 3240 erat.
834 3183 1053 3240 Passus
1088 3184 1370 3241 Dominus
1426 3191 1485 3241 et
1539 3190 1807 3243 mortuus
1855 3191 1913 3243 et
1940 3202 2031 3242 se-

384 3272 585 3347 pultus
615 3272 1050 3345 corruptionem
1080 3274 1357 3340 excussit,
1388 3278 1446 3331 et
1465 3291 1594 3346 quas
1631 3281 1773 3332 sunt
1832 3292 2031 3332 corru-

384 3359 623 3434 ptionis,
709 3362 767 3414 et
843 3362 1157 3431 postquam
1215 3360 1289 3416 ad
1342 3361 1840 3434 incorruptionem
1898 3361 2025 3417 dis-
2058 3347 2101 3414 C

386 3448 705 3523 posuisset,
748 3447 1163 3520 propriamque
1219 3449 1479 3505 animam
1534 3468 1603 3506 ex
1660 3454 1943 3523 potestate
1968 3455 2036 3507 ut

386 3539 543 3595 Deus
574 3538 998 3609 assumpsisset
1047 3538 1297 3595 surrexit
1317 3539 1488 3594 tertia
1516 3539 1628 3595 die.
1659 3542 1796 3612 Ego,
1852 3540 2033 3612 enim,

387 3626 489 3694 ait,
517 3640 660 3697 pono
688 3627 937 3681 animam
963 3641 1144 3682 meam
1173 3634 1231 3681 ut
1260 3628 1462 3682 iterum
1482 3643 1608 3684 eam
1626 3644 1873 3696 sumam;
1903 3645 2036 3687 nam

385 3718 707 3787 potestatem
787 3713 955 3770 habeo
1027 3715 1271 3785 ponendi
1358 3732 1498 3782 eam,
1583 3725 1634 3772 et
1712 3723 2039 3788 potestatem

391 3803 559 3860 habeo
613 3805 814 3858 iterum
867 3819 992 3859 eam
1043 3804 1296 3860 sumendi
1331 3805 1354 3839 ι
1400 3805 1460 3860 Si
1509 3810 1705 3861 autem
1782 3811 1838 3862 et
1906 3811 2039 3879 post

388 3891 875 3949 resurrectionem
961 3892 1246 3948 Dominus
1306 3894 1582 3963 comedit,
1639 3895 1697 3950 id
1755 3898 1909 3951 certe
1966 3911 2037 3951 ex

389 3980 774 4052 dispositione
802 3981 959 4047 fecit,
990 3997 1125 4037 cum
1175 3982 1299 4038 suis
1350 3983 1647 4054 prendens
1703 3984 2035 4057 discipulis,

389 4070 560 4141 quasi
589 4070 641 4126 is
671 4070 1020 4126 surrexisset
1048 4071 1149 4142 qui
1180 4072 1343 4142 prius
1373 4077 1497 4127 erat
1521 4089 1652 4127 cum
1674 4072 1777 4128 eis.
1810 4074 2037 4138 Quanto

390 4163 586 4214 autem
614 4157 740 4213 dico
772 4174 842 4213 ex
870 4158 1270 4229 dispositione,
1320 4160 1562 4216 excludo
1622 4161 1994 4234 phantasiam
2020 4181 2033 4230 ;

391 4246 607 4303 etenim
639 4264 771 4304 vere
812 4249 1085 4315 comedit,
1136 4248 1334 4304 cibum
1398 4265 1531 4305 vero
1578 4267 1724 4306 novo
1781 4252 2035 4322 quodam

390 4335 617 4391 decenti
648 4336 822 4392 modo
871 4341 938 4392 ut
982 4336 1094 4408 ipsi
1152 4336 1344 4393 visum
1420 4343 1526 4405 est,
1579 4340 1843 4411 digessit.
1903 4341 2037 4397 Pro-

392 4427 590 4497 pterea
619 4441 852 4497 quoque
880 4425 1049 4497 signa
1075 4425 1383 4481 vulnerum
1416 4428 1692 4495 ostendit,
1734 4446 1863 4501 qua:
1922 4431 2038 4485 fue-

393 4516 525 4569 rant
551 4513 790 4585 quidem
823 4517 882 4569 et
886 4514 1011 4584 jam
1028 4530 1143 4570 non
1165 4515 1670 4587 erant,prtssentia
1698 4534 1765 4573 ea
1786 4519 2037 4575 reddens

392 4605 458 4656 ut
485 4601 873 4673 omnipotens.
905 4606 1048 4658 Cum
1078 4603 1237 4659 enim
1285 4620 1496 4675 corpus
1547 4605 1693 4661 illud
1752 4608 1912 4662 omni
1943 4624 2036 4679 pe-

2122 690 2325 767 ἔχουσα
2378 694 2470 748 τὸν
2530 695 2659 749 Θεὸν
2723 693 2895 770 Λόγον
2959 692 3011 749 έν
3071 694 3257 768 ἑαυτῇ,
3289 694 3352 749 οὐ
3382 693 3517 750 κατὰ
3569 692 3774 770 σχέσιν,

2121 780 2269 837 ἀλλά
2319 783 2438 836 καθ’
2494 778 2706 839 ἕνωσιν.
2742 783 2841 837 Καὶ
2898 785 2934 853 ἡ
2972 783 3065 857 μὲν
3117 784 3216 853 τήν
3262 783 3561 858 ἠγεμονίαν
3619 780 3779 859 ἐνήρ-

2122 890 2208 945 γει
2248 875 2345 926 τού
2397 872 2673 945 σώματος,
2728 871 2756 926 6
2806 869 2864 927 δὲ
2901 872 3033 935 Θεὸς
3081 871 3261 948 Λόγος
3310 873 3376 942 ἦν
3429 871 3600 941 αὐτῆς
3648 874 3778 948 ἠγε-

2127 959 2266 1032 μὼν,
2298 959 2655 1031 αὐτεξουσίως
2687 960 2964 1034 ἑπομένης
2996 960 3164 1033 αὐτῷ,
3194 960 3286 1016 καὶ
3333 962 3433 1031 τὴν
3481 966 3582 1017 τοῦ
3636 961 3779 1017 θείου

2125 1045 2438 1120 θελήματος
2487 1048 2652 1104 αὑτοῦ
2699 1048 2789 1104 καὶ
2824 1046 2943 1103 λίαν
2974 1048 3346 1121 έπιποθούσης
3377 1050 3437 1106 έκ
3464 1048 3777 1126 πλήρωσιν,

2122 1139 2202 1208 τῷ
2253 1144 2356 1207 τῆς
2412 1137 2702 1215 ἁγιότητος
2760 1132 3182 1215 ὑπερϐάλλοντι.
3220 1138 3313 1194 Διὸ
3366 1138 3455 1195 καὶ
3505 1140 3535 1195 6
3586 1138 3781 1215 Κύριος

2123 1225 2264 1301 πρὸς
2309 1225 2399 1281 τὸν
2445 1225 2609 1281 αὑτοῦ
2658 1226 2871 1303 Πατέρα
2934 1226 3375 1304 προσευχόμενος
3432 1227 3485 1284 ἐν
3534 1232 3617 1300 τῷ
3661 1248 3779 1282 και-

2128 1318 2208 1389 ρῷ
2255 1318 2353 1369 τοῦ
2395 1314 2597 1377 πάθους
2644 1315 2719 1378 ὡς
2771 1316 3057 1392 ἄνθρωπος
3104 1312 3311 1392 ἔλεγεν,
3357 1316 3477 1393 Οὐχ
3543 1317 3621 1380 ὡς
3673 1315 3780 1392 ἐγὼ

2128 1401 2293 1475 θέλω,
2342 1401 2469 1458 ἀλλ’
2526 1404 2602 1466 ὡς
2651 1402 2734 1457 σύ·
2785 1406 3097 1481 γεννηθήτω
3143 1405 3207 1460 16
3255 1405 3476 1480 θέλημά
3520 1427 3641 1461 σου.
3684 1404 3781 1460 Καὶ

2124 1490 2226 1567 γὰρ
2260 1491 2420 1554 οὗτος
2449 1492 2477 1547 6
2511 1491 2675 1568 λόγος
2721 1495 2820 1563 τῆς
2868 1498 2966 1549 τοῦ
3014 1493 3213 1570 Κυρίου
3252 1497 3462 1571 ψυχῆς,
3490 1493 3548 1551 ἓν
3579 1491 3780 1556 εἰδυίας

2128 1578 2342 1654 θέλημα
2381 1585 2480 1636 τοῦ
2539 1581 2828 1655 ἠνωμένου
2891 1583 3058 1657 ταύτῃ
3103 1587 3237 1639 Θεοῦ
3284 1583 3487 1658 Λόγου,
3537 1584 3632 1640 καὶ
3686 1586 3783 1637 τοῦ

2129 1669 2361 1745 Πατρός.
2394 1668 2530 1746 Εἶχε
2590 1671 2684 1743 μὲν
2740 1669 2832 1725 οὖν
2886 1672 2915 1726 6
2960 1670 3235 1742 Δεσπότης
3286 1672 3354 1727 τὰ
3406 1677 3514 1728 τῶν
3570 1670 3784 1728 δούλων

2130 1755 2221 1813 διά
2264 1757 2392 1821 τοὺς
2440 1756 2693 1833 δούλους,
2737 1757 2863 1815 ἀλλ⁹
2913 1759 3044 1835 ὑπὲρ
3089 1759 3221 1823 τοὺς
3270 1758 3526 1825 δούλους.
3581 1759 3781 1817 Δεσπό-

2127 1867 2228 1917 της
2268 1847 2370 1925 γάρ
2399 1847 2490 1919 ἦν,
2524 1847 2689 1903 εἶκαὶ
2735 1845 2996 1919 δουλικὴν
3046 1848 3263 1929 εἰλήφει
3315 1852 3556 1929 μορφήν·
3607 1848 3786 1906 έπείνα

2053 1937 2246 2046 Βκατ’
2303 1935 2565 2009 ἀλήθειαν
2630 1937 2704 2046 ὡΙς
2761 1940 2946 2012 ἡμεῖς,
2997 1934 3176 2046 ὶδὲψα,
3230 1939 3541 2046 νυσταγμὸν
3608 1936 3783 2046 ἔφερε,

2131 2029 2340 2081 κοπιῶν
2387 2027 2479 2096 ἦν,
2513 2026 2859 2101 λυπούμενος
2907 2027 2998 2100 ἦν,
3045 2025 3314 2105 δακρύων,
3361 2026 3610 2097 δειλιῶν,
3660 2025 3768 2083 ἀλλ

2132 2114 2412 2177 ἑκουσίως.
2453 2117 2579 2171 Ὅτε
2625 2114 2799 2172 θέλων
2848 2115 3007 2179 αὐτὸς
3055 2114 3289 2173 ἐνεδίδου
3342 2121 3412 2193 τῇ
3469 2117 3641 2174 αὐτοῦ
3697 2116 3786 2172 ἀν-

2133 2203 2449 2278 θρωπότητι
2504 2204 2569 2259 τὸ
2628 2202 2764 2261 ἴδιον
2834 2206 3137 2280 ἀμέμπτως
3201 2211 3401 2280 ποιεῖν,
3459 2207 3551 2262 καὶ
3628 2210 3788 2262 τοῦτο

2135 2293 2268 2367 ύπὶρ
2337 2294 2505 2366 ἡμᾶς,
2543 2290 2710 2349 πάλιν
2777 2291 2988 2368 ἤσθιεν,
3030 2293 3231 2364 ἔπινεν,
3283 2293 3556 2370 ἐκάθευδε,
3611 2293 3789 2351 διελέ-

2133 2402 2257 2458 γετο
2332 2383 2570 2459 καθάπερ
2638 2385 2826 2456 ἡμεῖς.
2890 2382 3066 2441 Ἀλλᾶ
3133 2383 3306 2440 πάντα
3370 2384 3788 2463 ἀναμαρτήτως,

2136 2470 2225 2526 καὶ
2280 2474 2441 2526 τοῦτο
2503 2470 2635 2546 ὑπὲρ
2691 2473 2862 2544 ἡμᾶς.
2902 2471 3018 2528 Τίνι
3064 2473 3166 2550 γὰρ
3224 2471 3281 2528 ἂν
3342 2475 3505 2547 ἡμῶν
3560 2473 3613 2529 ἐν
3673 2478 3787 2535 τοῖς

2137 2565 2386 2638 φυσικοῖς
2427 2554 2788 2632 ἀδιαϐλήτοις
2836 2560 3075 2636 εὑρεθείη
3130 2559 3320 2618 διόλου
3365 2561 3429 2618 τὸ
3460 2561 3786 2637 ἅμεμπτον;

2137 2650 2412 2725 Ἐπασχεν
2443 2648 2575 2726 ὑπὲρ
2618 2652 2801 2723 ἡμῶν,
2836 2647 2994 2727 ἤλγει
3024 2654 3093 2724 τῇ
3126 2650 3177 2707 ὲν
3224 2656 3438 2726 σταυρῷ
3489 2650 3787 2730 προσηλώ-

2140 2758 2218 2792 σει
2276 2737 2366 2792 καὶ
2425 2734 2685 2793 διατάσει’
2732 2737 2892 2801 τέλος
2939 2739 3217 2797 ἀπέθανεν.
3269 2738 3425 2796 ’Δλλ⁹
3466 2738 3791 2806 ἐθελουσίως

2138 2826 2207 2895 ἦν
2235 2826 2382 2899 αύτῷ
2411 2827 2501 2882 καὶ
2528 2828 2591 2883 τὸ
2630 2829 2801 2891 πάθος
2849 2828 2940 2884 καὶ
2989 2829 3053 2884 τὸ
3101 2826 3289 2907 ἄλγος,
3321 2830 3412 2885 καὶ
3469 2831 3535 2886 τὸ
3595 2833 3788 2895 θανεῖν.

2139 2911 2373 2992 ἔπασχεν
2414 2918 2449 2985 ἡ
2514 2917 2662 2993 σάρξ.
2712 2914 2905 2995 ’Ήλγιι
2966 2921 3206 2994 φυσικῶς
3257 2920 3292 2988 ἡ
3342 2920 3498 2995 ψυχὴ
3553 2916 3644 2974 διὰ
3694 2917 3792 2985 τὴν

2140 3003 2442 3083 συνάφειαν,
2504 3003 2555 3076 ἐξ
2628 3005 2796 3077 αὐτῆς
2871 3005 2973 3083 γὰρ
3048 3007 3083 3077 ἦ
3158 3003 3403 3077 αἶ’σθησις
3472 3011 3546 3083 τῇ
3616 3004 3789 3083 σαρκί.

2139 3091 2289 3163 πλὴν
2317 3095 2351 3164 ἠ
2384 3093 2573 3165 θεότης
2602 3097 2637 3165 ἡ
2673 3094 2723 3151 ἐν
2756 3094 2959 3173 ἀμφοῖν
3012 3094 3113 3151 οὐκ
3164 3094 3419 3173 ἔπασχεν,
3453 3096 3557 3153 οὐκ
3611 3093 3790 3172 ἤλγει.

2140 3186 2256 3237 Τῶν
2333 3184 2435 3260 γὰρ
2519 3182 2783 3239 τοιούτων
2842 3184 2905 3240 τὸ
2953 3186 3093 3240 θεῖον
3155 3183 3467 3261 ὑπέρτερον.
3524 3187 3591 3243 ’1
3641 3183 3790 3259 ψυχὴ

2143 3269 2376 3345 διῄρητο
2458 3274 2558 3341 τῆς
2639 3272 2860 3348 σαρκὸς,
2913 3271 3039 3330 ἀλλ’
3094 3275 3129 3343 ἡ
3190 3272 3384 3343 θεότης
3452 3272 3503 3347 ἐξ
3591 3273 3789 3352 ἀμφοῖν

2141 3358 2446 3434 ἀδιαίρετος
2527 3361 2615 3430 ἦν.
2682 3362 2875 3417 Παθὼν
2935 3362 2963 3416 ὁ
3014 3360 3213 3436 Κύριος
3289 3362 3380 3417 καὶ
3453 3364 3633 3418 θανὼν
3705 3359 3792 3416 καὶ

2141 3448 2327 3527 ταφεὶς
2385 3447 2733 3523 ἀπετινάξατο
2770 3451 2870 3519 τὴν
2929 3450 3131 3528 φθορὰν
3181 3448 3271 3505 καί
3311 3450 3381 3507 τὰ
3405 3457 3510 3522 τῆς
3569 3455 3788 3529 φθορᾶς.

2102 3537 2244 3621 ⁵Καὶ
2301 3540 2697 3602 κατασκευάσας
2755 3538 2925 3594 αὑτοῦ
2951 3539 3015 3594 τὸ
3063 3543 3222 3612 σῶμα
3276 3540 3417 3614 πρὸς
3473 3537 3789 3620 ἀφθαρσίαν,

2143 3626 2233 3681 καὶ
2283 3626 2383 3695 τὴν
2435 3626 2634 3683 οἷ’κείαν
2676 3629 2860 3703 ψυχὴν
2910 3629 3028 3683 κατ’
3057 3626 3299 3699 ἐξουσίαν
3344 3629 3420 3691 ὡς
3465 3630 3599 3691 Θεὸς
3627 3646 3789 3704 προσ-

2145 3709 2454 3788 λαϐόμενος
2496 3715 2685 3786 ἀνέστη
2734 3718 3054 3793 τριήμερος.
3107 3717 3250 3792 Ἐγὼ
3299 3717 3403 3794 γὰρ
3458 3717 3657 3790 τίθημι
3694 3715 3788 3782 τήν

2145 3806 2330 3879 ψυχήν
2393 3825 2519 3877 μου,
2570 3805 2753 3884 φησὶν,
2800 3803 2894 3860 ’ίνα
2942 3800 3097 3860 λάϐω
3144 3803 3311 3860 πάλιν
3364 3805 3556 3883 αὑτήν.
3614 3805 3787 3875 Ἐξου-

2146 3893 2260 3948 σίαν
2316 3889 2432 3969 ἔχω
2489 3896 2659 3949 θεῖναι
2717 3894 2906 3966 αὐτὴν,
2975 3894 3065 3949 καὶ
3135 3893 3372 3965 ἐξουσίαν
3456 3893 3575 3973 ἔχω
3631 3890 3788 3950 πάλιν

2146 3977 2332 4038 λαϐεῖν
2362 3982 2550 4053 αὐτήν.
2578 3982 2643 4038 Εἰ
2676 3980 2735 4038 δὲ
2762 3983 2853 4038 καὶ
2886 3984 3021 4056 μετὰ
3064 3983 3164 4052 τὴν
3211 3983 3489 4039 ἀνάστασιν
3525 3985 3554 4041 ὁ
3600 3982 3790 4060 Κύριος

2145 4068 2358 4148 ἔφαγεν,
2400 4069 2547 4127 ἀλλά
2594 4072 2711 4127 κατ’
2767 4071 3085 4145 οἰκονομίαν
3141 4076 3303 4127 τοῦτο
3361 4074 3649 4146 πεποίηκε,
3680 4074 3789 4131 τοῖς

2148 4156 2307 4221 ἰδίοις
2355 4164 2627 4235 παριστῶν
2692 4165 2981 4234 μαθηταῖς,
3014 4160 3092 4223 ὡς
3147 4160 3308 4224 αὐτὸς
3361 4162 3429 4231 ἦν
3487 4157 3789 4225 ἀναστὰς,ὁ

2144 4248 2407 4325 πρότερον
2441 4246 2513 4304 ὢν
2551 4251 2663 4322 μετ’
2695 4249 2893 4319 αὐτῶν,
2916 4252 3077 4304 Ὅταν
3137 4247 3195 4305 δὲ
3237 4248 3382 4327 λέγω
3438 4253 3558 4308 κατ’
3587 4250 3790 4306 οἰκονο-

2149 4338 2274 4410 μίαν
2329 4339 2429 4407 τὴν
2485 4338 2775 4417 φαντασίαν
2837 4338 3190 4414 έκκρούομαι³
3249 4338 3340 4393 καὶ
3422 4341 3529 4416 γὰρ
3609 4335 3788 4418 ἔφαγεν

2145 4426 2387 4496 ἀληθῶς,
2434 4428 2536 4497 τὴν
2591 4428 2798 4504 τροφὴν
2833 4424 2891 4482 δὲ
2918 4431 3296 4502 καινοπρεπῶς
3329 4427 3403 4489 ὡς
3462 4426 3604 4483 οἶδεν
3640 4424 3791 4483 αὐτὸς

2146 4511 2475 4586 διωκήσατο.
2508 4517 2607 4570 Διὰ
2633 4520 2795 4571 τοῦτο
2828 4515 2915 4571 καὶ
2972 4514 3178 4578 τύπους
3211 4514 3492 4571 ὑπεδείκνυ
3542 4515 3787 4589 πληγῶν,

2144 4604 2212 4658 τὰ
2268 4604 2534 4679 γεγονότα
2596 4606 2712 4678 μὲν,
2754 4606 2830 4678 μὴ
2889 4599 3019 4660 ὄντα
3076 4602 3152 4677 δὲ,
3198 4604 3439 4680 παρόντα
3494 4609 3668 4661 ποιῶν
3721 4600 3789 4660 ὡς

390 4689 583 4757 nuria,
614 4691 775 4746 omni
806 4706 1151 4762 repercussu
1184 4692 1456 4763 superius
1486 4694 1703 4750 factum
1722 4695 1820 4762 sit,
1848 4713 2029 4768 neque

2147 4691 2580 4767 παντοδύναμος.
2614 4693 2762 4749 Ἐπεί
2817 4694 2904 4748 τοί
2954 4714 3018 4769 γε
3072 4693 3135 4747 τὸ
3192 4698 3354 4767 σῶμα
3410 4692 3583 4750 έκεῖνο
3622 4691 3789 4776 πάσης

389 4778 572 4847 cibos,
604 4795 794 4851 neque
824 4779 1338 4837 contrectationem
1370 4783 1734 4850 admittebat,
1757 4783 2041 4842 idcircoe-

290 4896 299 4899 ·
566 4885 677 4923 (10ῐὶ
710 4869 1035 4925 secundum
1074 4885 1310 4925 carnem
1342 4887 1497 4925 nunc
1537 4889 1665 4927 8886
1724 4875 2034 4930 Dominum

391 4954 664 5022 dicimus,
697 4961 763 5011 ut
793 4960 924 5027 pote
952 4957 1051 5028 qui
1082 4957 1339 5013 carnalia
1369 4959 1659 5031 deposuit,
1688 4961 1801 5017 cibi
1823 4963 2039 5035 appeti-

391 5047 539 5112 tum,
573 5044 1139 5111 somnumJaborem
1170 5046 2039 5121 etaliahujusmodi,praeterea-

392 5148 504 5204 que
533 5138 592 5188 et
621 5133 881 5188 renisum
909 5157 923 5200 ;
955 5136 1084 5205 ejus
1115 5134 1272 5190 enim
1301 5152 1514 5207 corpus
1558 5154 1803 5195 excussa
1832 5157 2036 5196 corru-

390 5219 606 5291 ptione.
640 5220 783 5275 nihil
815 5237 992 5292 egens
1014 5222 1233 5278 factum
1265 5229 1371 5292 est,
1396 5229 1454 5280 et
1500 5226 1884 5297 impassibile,
1941 5228 2037 5284 in-

389 5308 604 5375 tactile,
627 5315 683 5365 et
712 5311 1044 5366 immortale
1072 5329 1085 5378 ;
1112 5329 1225 5366 non
1249 5318 1445 5368 tamen
1469 5314 1816 5378 incroatum.
1846 5334 2036 5389 neque

387 5397 708 5463 infinitum,
734 5398 853 5453 haec
898 5399 1053 5454 enim
1082 5400 1265 5456 solius
1299 5402 1630 5457 Divinitatis
1662 5412 1838 5473 sunt;
1869 5412 1924 5462 et
1971 5411 2038 5462 ut

384 5486 562 5543 verba
618 5487 979 5559 contraham,
1011 5493 1297 5560 quantum
1321 5496 1445 5546 erat
1474 5509 1655 5563 capax
1706 5494 2035 5550 divinorum

387 5574 679 5629 honorum
734 5575 1071 5632 humanitas
1128 5578 1362 5645 Christi,
1422 5596 1490 5634 ex
1544 5580 1673 5652 ipso
1706 5585 1892 5639 Verbo
1936 5600 2038 5654 per

388 5661 663 5718 unionem
724 5663 949 5733 habuit,
1013 5680 1114 5736 per
1143 5682 1320 5737 quam
1369 5671 1427 5723 et
1456 5670 1786 5726 veneranda
1815 5677 1872 5727 et
1895 5672 2035 5727 ado-

457 5785 479 5818 ³
510 5789 644 5840 Luc.
676 5801 830 5853 xxvr,
861 5787 947 5844 39.
1024 5789 1046 5823 ⁴
1069 5789 1236 5845 Joan.
1269 5807 1323 5862 x,
1356 5792 1441 5846 18.

2150 4778 2373 4853 ἐνδείας,
2413 4781 2590 4852 πάσης
2651 4781 2965 4845 ἀντιτυπίας
3022 4782 3310 4857 ὑπέρτερον
3369 4784 3615 4858 γεγονὸς,
3674 4772 3788 4833 οὔτε

2146 4872 2352 4949 τροφὰς
2383 4867 2507 4926 οὔτε
2535 4870 2884 4946 ψηλαφήσεις
2926 4870 3201 4942 προσίετο.
3235 4871 3328 4926 Διὸ
3385 4871 3476 4926 καὶ
3527 4872 3603 4944 μὴ
3663 4864 3789 4923 κατά

2147 4957 2318 5033 σάρκα
2345 4964 2436 5013 νῦν
2470 4959 2602 5014 εἶναι
2632 4960 2724 5014 τὸν
2760 4960 2955 5036 Κύριον
2997 4957 3254 5035 λέγομεν,
3284 4960 3358 5022 ὡς
3406 4960 3474 5015 τὰ
3519 4966 3621 5029 τῆς
3666 4972 3785 5029 σαρ-

2144 5048 2239 5111 κὸς
2289 5048 2645 5122 ἀποθέμενον,
2675 5055 2883 5126 τροφῆς
2932 5046 3130 5125 ἔφεσιν,
3164 5047 3352 5120 ὕπνον,
3381 5048 3549 5104 κόπον
3595 5045 3683 5102 καὶ
3724 5039 3788 5095 τᾶ

2144 5143 2386 5193 τοιαῦτω
2420 5140 2555 5214 πρὸς
2612 5136 2825 5200 τούτοις
2884 5137 2975 5191 καὶ
3031 5136 3094 5191 τὸ
3150 5135 3461 5195 ἀντίτυπον.
3510 5138 3580 5191 T6
3637 5134 3787 5201 σῶμα

2143 5227 2244 5303 γὰρ
2279 5226 2442 5281 αὐτοῦ
2483 5224 2572 5281 διὰ
2616 5233 2716 5295 τῆς
2763 5222 3107 5287 ἀπεκδύσεως
3155 5232 3255 5296 τῆς
3305 5231 3511 5303 φθορᾶς
3556 5216 3786 5280 ἀνενδεὶς

2147 5312 2474 5384 ἀπετελέσθη
2536 5314 2625 5369 καὶ
2676 5314 2895 5386 ἀπαθὲς,
2953 5314 3043 5369 καὶ
3101 5313 3316 5392 ἀναφὲς,
3373 5314 3463 5369 καὶ
3521 5310 3782 5369 ἀθάνατον,

2146 5402 2208 5458 ού
2270 5404 2376 5477 μὴν
2434 5403 2524 5458 καὶ
2581 5402 2851 5476 ἅκτιστον,
2886 5399 2998 5458 οὔτ’
3027 5401 3092 5458 αὖ
3148 5402 3572 5479 ἀπερίγραπτον,
3628 5398 3783 5451 ταῦτα

2144 5491 2244 5566 γὰρ
2298 5491 2468 5564 μόνης
2518 5491 2793 5563 θεότητος·
2827 5492 2916 5547 καὶ
2959 5489 3028 5545 ⁹ίν’
3058 5489 3194 5546 εἷεπω
3241 5490 3501 5561 συνελὼν,
3528 5488 3647 5544 ὅσον
3695 5479 3782 5554 μὲν

2145 5581 2210 5650 ἦν
2271 5578 2511 5635 δεκτικὸν
2573 5580 2727 5636 θείων
2786 5579 3125 5656 αὐχημάτων
3182 5580 3245 5635 τὸ
3302 5579 3636 5655 ἀνθρώπινον
3684 5569 3775 5623 ἰξοὖ
