4154 6422
420 471 540 536 597
1549 473 1817 539 SERMO
1859 472 1964 538 AD
2009 471 2438 538 MONACHOS
2482 473 2706 539 SUOS.
3719 471 3840 539 598

395 603 653 682 Χριστοῦ,
718 601 974 683 μετέσχεν
1034 607 1124 662 on’
1196 605 1362 664 αὐτοῦ
1425 611 1522 665 τοῦ
1577 607 1760 683 Λόγου
1829 604 1918 662 διὰ
1970 607 2030 675 τῆ

2142 647 2159 678 ι
2193 609 2377 664 randa
2408 612 2497 665 est
2530 627 2544 677 ;
2577 612 2864 682 quantum
2913 611 3108 666 autem
3158 625 3274 664 non
3329 610 3454 664 erat
3481 625 3681 682 capax,
3717 625 3832 665 non

391 691 610 767 ἕνωσιν,
667 692 736 750 δι’
791 697 856 766 ἢν
910 696 998 752 καὶ
1058 697 1250 754 σεπτόν
1316 697 1450 767 ἐστι,
1503 697 1591 753 καὶ
1649 695 2022 772 προσκυνητόν

2177 698 2565 770 participavit,
2599 702 2664 753 ut
2693 698 2899 754 exinde
2939 714 3172 770 quoque
3220 697 3606 754 differentiam
3641 703 3830 755 natu-

1549 473 1817 539 SERMO
1859 472 1964 538 AD
2009 471 2438 538 MONACHOS
2482 473 2706 540 SUOS.

396 783 521 840 ὅσον
574 781 633 839 δὲ
675 783 776 840 οὐκ
810 787 874 854 ἧν
936 783 1177 843 δεκτικὸν
1228 787 1290 842 οὗ
1345 786 1622 863 μετέσχεν,
1649 784 1740 842 ’ίνα
1765 787 2043 849 κάντεῦθεν

392 873 458 928 τό
485 894 544 929 τε
574 871 830 950 διάφορον
862 879 970 930 τῶν
1003 873 1212 953 φύσεων
1246 879 1344 931 τοῦ
1370 879 1625 952 Χριστοῦ,
1658 873 1719 930 τό
1767 895 1827 930 τε
1878 894 2044 948 μονα-

395 959 545 1017 δικὸν
578 966 676 1017 τοῦ
705 963 1002 1038 προσώπου
1036 965 1412 1040 γινώσκωμεν.

468 1081 842 1163 Πρεσόεύομεν
896 1087 1074 1142 τοίνυν
1127 1086 1214 1143 ἐπὶ
1261 1092 1496 1164 Χριστοῦ
1565 1089 1690 1162 μίαν
1759 1087 2046 1143 ὑπόστασιν

392 1175 668 1244 σύνθετον,
725 1175 786 1231 ἐκ
851 1173 947 1232 δύο
1026 1176 1430 1252 συντεθειμένην
1504 1177 1735 1256 φύσεων,
1793 1177 2050 1248 θεότητος

393 1263 652 1334 δηλονότι
727 1265 817 1319 καὶ
885 1266 1327 1343 ἀνθρωπότητος,
1385 1265 1664 1338 ἀλλήλαις
1749 1267 2047 1339 ἡνωμένων

391 1353 510 1407 κατ’
539 1351 707 1422 αὐτὴν
737 1353 838 1422 τήν
877 1358 975 1408 τοῦ
1016 1353 1196 1430 Λόγού
1246 1353 1555 1412 ὑπόστασιν.
1591 1355 1688 1410 Διὰ
1735 1358 1898 1410 τοῦτο
1945 1355 2048 1431 γὰρ

390 1441 482 1496 καὶ
538 1442 638 1510 τήν
698 1440 955 1513 τοιαύτην
1015 1439 1202 1497 ἕνωσιν
1263 1445 1378 1498 καθ’
1439 1442 1724 1498 ὑπόστασιν
1793 1441 2046 1520 λέγομεν,

389 1528 475 1584 ὅτι
511 1528 634 1602 μίαν
668 1529 961 1593 ὑπόστασις
1002 1530 1062 1586 ἐκ
1111 1537 1220 1587 τῶν
1267 1536 1436 1608 τριῶν
1465 1535 1563 1602 τῆς
1611 1527 1866 1602 θεότητος
1917 1533 2048 1587 ὑπο-

390 1619 652 1690 στάσεων,
708 1617 832 1688 ἥτις
887 1619 1031 1676 ἐστὶν
1087 1623 1121 1690 ἡ
1179 1626 1276 1676 τοῦ
1332 1622 1484 1691 Υἱοῦ,
1542 1620 1638 1684 τὰς
1707 1619 1802 1676 δύο
1863 1620 2046 1698 φύσεις

384 1704 661 1777 ἀλλήλαις
690 1706 900 1778 ἥνωσεν
943 1709 1268 1786 ἂσυγχύτως
1327 1709 1378 1765 ἐν
1444 1710 1609 1783 ἑαυτῇ
1666 1731 1726 1764 τε
1782 1710 1873 1764 καὶ
1930 1712 2047 1766 καθ’

387 1795 578 1866 αὑτήν.
609 1795 683 1850 Ού
713 1796 820 1873 γὰρ
874 1796 1074 1868 ὑπέστη
1109 1800 1228 1863 καθ’
1285 1797 1437 1868 αὐτὸ,
1486 1797 1582 1853 κᾶν
1633 1797 1930 1875 ἀκαριαίως
1981 1798 2046 1854 τὸ

385 1888 484 1940 τοῦ
548 1889 784 1959 Χριστοῦ
855 1884 1195 1963 ἀνθρώπινον
1255 1888 1330 1949 ὡς
1389 1887 1448 1942 ἃν
1510 1887 1800 1949 ὑπόστασις
1883 1891 2044 1942 τοῦτο

2157 801 2357 842 rarum
2382 786 2784 858 unitatemque
2813 802 3070 858 personas
3101 802 3547 860 cognoscamus.

2237 1089 2596 1145 Veneramur
2624 1087 2807 1161 igitur
2854 1087 2914 1142 in
2965 1087 3194 1144 Christo
3239 1103 3418 1143 unam
3451 1086 3815 1160 hypostasim

2163 1177 2572 1250 compositam,
2605 1177 2837 1233 duobus
2869 1177 3257 1250 compositam
3309 1177 3554 1244 naturis,
3604 1175 3814 1232 divini-

2161 1271 2280 1323 tate
2311 1266 2532 1323 scilicet
2560 1270 2617 1322 et
2645 1265 3014 1322 humanitate
3044 1265 3157 1322 sibi
3206 1266 3454 1322 invicem
3504 1265 3687 1322 unitis
3721 1283 3812 1322 se-

2161 1357 2421 1413 cundum
2443 1357 2635 1428 ipsam
2663 1355 2838 1411 Verbi
2865 1354 3265 1428 hypostasim;
3307 1355 3437 1411 ideo
3466 1355 3622 1411 enim
3658 1355 3810 1411 hanc

2163 1445 2440 1502 unionem
2473 1444 2727 1500 dicimus
2758 1443 3081 1500 secundum
3104 1442 3490 1516 hypostasim,
3519 1441 3659 1515 quia
3690 1459 3810 1500 una

2159 1533 2517 1606 hypostasis,
2550 1533 2702 1588 inter
2731 1537 2848 1588 tres
2896 1531 3222 1588 divinitatis
3271 1531 3636 1604 hypostases,
3675 1549 3803 1604 quae

2156 1626 2242 1679 est
2266 1621 2602 1694 hypostasis
2633 1621 2784 1691 Filii,
2816 1621 2963 1676 duas
2995 1624 3239 1676 naturas
3270 1619 3421 1676 inter
3451 1636 3514 1676 se
3551 1620 3802 1677 invicem

2157 1711 2346 1767 univit
2401 1711 2704 1767 inconfuse
2756 1709 2816 1764 in
2875 1709 3091 1782 seipsa,
3121 1713 3180 1765 et
3209 1709 3535 1765 secundum
3557 1710 3747 1782 ipsam
3785 1727 3797 1776 ;

2155 1815 2271 1854 non
2301 1798 2458 1854 enim
2500 1796 2763 1853 substitit
2793 1797 3119 1851 secundum
3159 1813 3240 1864 se,
3289 1795 3380 1852 vel
3432 1813 3616 1852 unum
3668 1813 3798 1852 mo-

2156 1891 2442 1952 mentum,
2478 1884 2818 1941 humanitas
2845 1883 3080 1955 Christi,
3113 1884 3196 1940 ita
3226 1889 3290 1940 ut
3336 1884 3436 1940 illa
3466 1885 3798 1957 hypostasis

387 1971 629 2048 λέγοιτο.
661 1974 762 2029 Καὶ
820 1974 924 2051 γὰρ
985 1974 1083 2030 ούκ
1139 1975 1330 2052 ἐχρῆνο
1363 1975 1417 2030 τί
1471 1976 1573 2052 γὰρ
1617 1978 1682 2045 ἧν
1728 1975 1791 2030 τὸ
1847 1972 2030 2052 κέρδος

2147 1975 2458 2040 diceretur,
2491 1978 2547 2030 et
2576 1990 2774 2031 revera
2806 1990 2920 2028 non
2953 1975 3276 2045 oportebat.
3328 1973 3478 2038 Quid
3504 1974 3684 2045 l,enim
3705 1973 3795 2029 lu-

383 2063 520 2135 ἡμῖν
551 2063 614 2117 τὸ
652 2063 917 2132 θεωθῆναι
981 2063 1106 2137 μίαν
1167 2064 1498 2134 ὑπόστασινς
1531 2063 1678 2120 ἀλλά
1727 2065 1828 2132 τὴν
1885 2063 2038 2142 φύσιν

384 2149 414 2205 6
471 2151 599 2213 Θεὸς
658 2150 838 2227 Λόγος
897 2151 949 2207 ἐν
1004 2152 1179 2226 ἐαυτῷ
1244 2147 1618 2230 προσελάϐετο
1693 2158 1866 2208 πᾶσαν
1938 2160 2040 2223 τῆς

383 2237 826 2315 ἀνθρωπότητος,
869 2238 962 2296 ’ἱνα
1009 2242 1184 2315 θεώσῃ
1232 2241 1430 2305 πάντας
1487 2244 1659 2316 ἡμᾶς.
1706 2244 1858 2297 Ὅθεν
1912 2248 2037 2316 μιᾶς

386 2327 728 2391 ὑποστάσεως
780 2327 1118 2403 κηρύττομεν
1184 2331 1276 2386 τὸν
1338 2331 1589 2407 Χριστὸν,
1648 2329 1737 2385 καὶ
1798 2328 1893 2385 δύο
1947 2329 2041 2409 φύ-

383 2437 518 2472 σεων
550 2416 847 2490 ἡνωμένων
896 2416 1173 2490 ἀλλήλαις
1221 2418 1545 2495 ἀσυγχύτως
1599 2416 1789 2475 ἕνωσιν
1851 2417 2033 2495 ἄκραν,

381 2501 700 2580 ἀδιαιρέτων
765 2511 1037 2578 μενουσῶν
1098 2504 1310 2579 ἀϊδίως,
1371 2503 1431 2562 ἔκ
1493 2527 1554 2562 τε
1613 2505 1878 2578 ἀλλήλων
1945 2507 2034 2562 καὶ

377 2599 480 2663 τῆς
539 2593 884 2658 ὑποστάσεως
941 2596 1058 2650 καθ’
1095 2597 1156 2665 ἢν
1217 2595 1477 2666 ἥνωνται.
1534 2599 1651 2651 Τῶν
1714 2596 1772 2651 δὲ
1823 2595 2031 2674 φύσεων

381 2679 626 2757 ἐχουσῶν
699 2683 763 2739 τὸ
821 2682 1128 2761 ἀσύγχυτον
1202 2684 1293 2739 καὶ
1365 2684 1433 2739 τὸ.
1482 2685 1752 2760 προσόντα
1815 2683 2032 2747 ταύταις

381 2769 687 2846 ἀσύγχυτα,
737 2771 834 2834 τὰς
895 2771 1148 2844 θελήσεις
1205 2774 1295 2830 καὶ
1367 2774 1464 2836 τὰς
1541 2771 1806 2849 ἐνεργείας
1863 2773 2029 2852 φημί.

381 2859 549 2918 Μένει
607 2863 735 2936 γοῦν
769 2862 804 2930 ἡ
837 2862 991 2931 θεϊκή
1041 2859 1268 2933 θέλησις
1316 2863 1491 2932 θεϊκή,
1524 2862 1613 2917 γαὶ
1644 2865 1678 2932 ἡ
1711 2862 2028 2938 ἀνθρωπική

377 2946 544 3003 πάλιν
577 2947 919 3026 ἀνθρωπική,
951 2947 1098 3019 πλὴν
1155 2949 1492 3024 τεθεωμένη,
1527 2947 1617 3006 διὰ
1665 2952 1765 3020 τὴν
1819 2947 2028 3007 ἕνωσιν.

376 3039 547 3092 Τοῦτο
599 3037 696 3092 κάν
749 3043 869 3095 ταῖς
949 3037 1232 3116 ἐνεργείαις
1288 3041 1626 3116 γινώσκεται.
1689 3038 1792 3094 Δύο
1847 3038 2026 3095 τοίνυν

377 3122 629 3195 θελήσεις
687 3125 738 3181 ἐν
798 3131 876 3198 τῷ
931 3133 1164 3205 Χριστῳ.
1224 3128 1407 3184 Θέλων
1467 3126 1524 3184 δὲ
1577 3129 1667 3183 καὶ
1713 3129 1830 3184 κατ’
1862 3129 2027 3208 ἄμφω

369 3213 468 3276 τὰς
526 3213 800 3288 θελήσεις,
831 3217 948 3271 κατ’
979 3217 1144 3296 ἄμφω
1189 3238 1249 3272 τε
1296 3216 1392 3280 τὰς
1445 3215 1712 3292 ἐνεργείας
1769 3216 2025 3294 ἐνεργῶν,

368 3303 450 3364 εἷς
509 3303 538 3357 ὁ
598 3301 758 3366 αὐτὸς
827 3304 855 3358 ὁ
913 3303 1273 3380 θεάνθρωπος,
1335 3306 1412 3379 μὴ
1489 3303 1866 3382 διαιρούμενος
1943 3306 2096 3409 sica

374 3387 706 3409 ﬁt..-
875 3391 1126 3409 ...,,.
1351 3391 1908 3409 .a-.._.,.

369 3391 499 3446 Θεὸν
558 3387 772 3465 ίδικῶς,
803 3393 892 3447 καὶ
925 3392 1002 3455 εἷς
1034 3391 1315 3470 ἄνθρωπον
1351 3391 1560 3466 ἰδικῶς,
1591 3392 1719 3448 ἀλλ’
1750 3395 1828 3456 εἷς
1883 3393 2022 3468 ἀμε-

368 3477 569 3555 ρίστως
631 3478 892 3557 ὑπάρχων
954 3482 1082 3544 Θεὸς
1115 3481 1206 3536 καὶ
1239 3483 1524 3558 ἅνθρωπος
1554 3483 1582 3537 6
1615 3481 1797 3552 αὐτὸς,
1827 3483 2020 3538 ταυτὸν

367 3563 415 3621 δ’
472 3566 640 3622 εἰπεῖν
701 3569 832 3630 Θεὸς
889 3568 979 3624 καὶ
1037 3569 1192 3646 ἀνήρ·
1227 3569 1346 3635 ὅθεν
1388 3567 1707 3645 θεανδρικὴν
1751 3570 2018 3647 ἐνέργειαν

367 3655 400 3711 6
454 3654 620 3711 εἰπὼν
701 3657 763 3712 ού
841 3656 1104 3734 σύγχυσιν
1187 3664 1308 3722 ταῖς
1393 3664 1643 3736 φυσικαῖς
1727 3658 2020 3735 ἐνεργείαις

369 3741 680 3819 εἰσήγαγεν,
741 3742 889 3801 ἀλλὰ
942 3747 1040 3814 τὴν
1097 3746 1172 3808 εἷς
1232 3747 1392 3821 ἄκρον
1453 3747 1628 3802 αὐτῶν
1693 3746 2022 3822 παρέστησεν

367 3826 563 3886 ἕνωσιν
594 3831 686 3888 καὶ
729 3834 794 3889 τὸ
836 3835 1122 3890 τεθεῶσθαι
1177 3837 1277 3905 τὴν
1330 3835 1670 3912 ἀνθρωπίνην
1726 3835 2018 3911 ἐνέργειαν.

368 3920 576 3997 ’Ὠσπερ
630 3921 732 3998 γὰρ
789 3921 840 3978 ἐν
896 3927 1113 4000 Χριστῷ
1169 3920 1259 3978 διὰ
1311 3930 1411 3993 τῆς
1469 3923 1709 3986 ἐνώσεως
1740 3925 1774 3993 ἡ
1811 3924 2020 3999 ἀνθρω-

368 4007 503 4078 πίνη
561 4009 793 4066 τεθέωτο
851 4010 1032 4090 φύσις,
1063 4010 1208 4068 οὕτω
1260 4009 1327 4082 δὴ
1384 4012 1473 4067 καὶ
1503 4014 1539 4081 ἡ
1571 4011 1792 4082 θέλησις
1842 4033 2020 4067 συντε-

369 4095 541 4153 θέωτο
597 4097 688 4154 καί
735 4101 772 4170 ἡ
808 4098 1063 4178 ἐνέργεια.
1096 4101 1190 4156 Διὸ
1245 4099 1336 4155 καὶ
1385 4104 1870 4177 τερατουργοῦντος
1925 4099 2019 4155 αύ-

366 4190 470 4241 τοῦ
524 4192 643 4250 τοῖς
696 4190 900 4252 θεϊκοῖς
958 4187 1288 4265 ἐνεργήμασι
1347 4190 1413 4243 τά
1467 4189 1785 4264 ἀνθρωπικὰ
1869 4210 2021 4243 συνε-

372 4272 654 4350 ζεύγνυτο,
699 4278 805 4333 κάκ
844 4281 952 4332 τῶν
998 4277 1354 4354 ἀνθρωπικῶν
1406 4276 1813 4353 ἐνεργημάτων,
1851 4275 2022 4353 λόγου

371 4360 636 4434 δηλονότι
691 4364 782 4420 καὶ
841 4367 984 4442 ἁφῆς
1039 4365 1129 4421 καὶ
1167 4369 1274 4420 τῶν
1305 4364 1590 4436 τοιούτων,
1621 4366 1677 4419 αἱ
1705 4367 2020 4438 θεοσημεῖαι

369 4447 713 4529 προέϐαινον·
767 4453 1005 4530 καθάπερ
1063 4451 1292 4530 σιδήρου
1350 4458 1622 4527 τμητικοῦ
1679 4452 2022 4528 πυρωθέντος

369 4541 464 4596 καὶ
519 4541 810 4616 τέμνοντος
866 4542 1253 4604 καὶ-καίοντος
1311 4541 1363 4596 ἐν
1418 4548 1616 4614 ταυτῷ,
1644 4543 1735 4598 καὶ
1789 4545 1824 4612 ἡ
1872 4544 2019 4616 τομὴ

376 4631 514 4703 μετά
564 4637 666 4701 τῆς
703 4630 946 4694 καύσεως
1005 4631 1230 4707 γίνεται,
1257 4631 1347 4686 καὶ
1399 4633 1435 4701 ἡ
1465 4635 1652 4693 καῦσις
1710 4631 2018 4708 ἀχώριστός

374 4717 488 4774 ἐστι
546 4726 648 4790 τῆς
703 4727 886 4794 τομῆς
940 4703 1030 4775 καί
1060 4722 1096 4790 ἡ
1126 4724 1234 4776 τῶν
1295 4717 1391 4776 δύο
1430 4718 1712 4796 ἐνεργειῶν
1741 4703 2018 4795 συνδρομὴ
2054 4703 2100 4766 D

369 4807 439 4864 τὸ
468 4807 667 4864 ἐνιαῖον
699 4808 932 4888 εἰσφέρει
961 4808 1180 4872 ταύταις
1213 4808 1276 4864 ού
1328 4809 1465 4864 κατὰ
1503 4809 1683 4886 φύσιν,
1709 4807 1855 4864 ἀλλὰ
1906 4810 2021 4864 καθ’

371 4893 586 4956 ἕνωσιν.
643 4899 701 4954 ’0
756 4898 936 4954 τοίνυν
989 4895 1307 4974 θεανδρικήν
1369 4900 1544 4975 φήσας
1615 4897 1879 4974 ἐνέργειαν
1935 4895 2024 4952 διὰ

379 4986 474 5061 μὲν
519 4994 623 5056 τῆς
678 4988 861 5057 ἱνικῆς
918 4993 1198 5066 προφορᾶς
1254 4987 1318 5041 τὸ
1371 4987 1467 5049 τὰς
1526 4984 1622 5041 δύο
1655 4985 1917 5063 ἐνεργείας
1964 4985 2020 5040 ἓν

375 5072 511 5130 εἶναι
585 5079 656 5150 τῇ
721 5074 1026 5132 συνελεύσει
1101 5074 1193 5130 καὶ
1267 5075 1344 5148 μὴ
1410 5072 1773 5151 διακεκρίσθαι
1825 5075 2022 5137 ταύτας

372 5167 764 5240 πραγματικῶς
841 5165 931 5219 ἀπ’
989 5161 1253 5235 ἀλλήλων
1334 5159 1664 5234 δεδήλωκεν·
1725 5163 1776 5219 ἐν
1839 5161 1897 5220 δὲ
1945 5169 2026 5237 τῷ

375 5251 544 5308 εἰπεῖν
605 5250 946 5327 θεανδρικὴν,
998 5252 1141 5308 θείαν
1195 5249 1454 5321 δηλονότι
1512 5252 1600 5306 καὶ
1654 5249 1933 5328 ἀνδρικὴν,
1963 5253 2026 5308 τὸ

372 5345 482 5396 τῶν
541 5341 825 5418 ἐνεργειῶν
898 5345 969 5416 τῇ
1027 5340 1180 5420 φύσει
1249 5337 1504 5418 διάφορον
1590 5341 1680 5396 καὶ
1740 5342 1874 5414 μετά
1925 5343 2024 5410 τὴν

375 5426 569 5486 ἕνωσιν
619 5426 835 5502 ἔδειξεν.
867 5428 1093 5492 Ἀλλως
1151 5426 1209 5483 δὲ
1262 5425 1358 5482 δύο
1409 5429 1528 5484 τινὰ
1584 5427 1880 5500 δηλοῦντος
1931 5435 2028 5486 τοῦ

377 5521 477 5588 τῆς
537 5518 810 5596 ἐνεργείας
869 5517 1159 5592 ὀνόματος,
1193 5515 1434 5590 ἐνέργεια
1489 5517 1593 5592 γὰρ
1633 5519 1828 5596 φυσική
1891 5517 2030 5572 ἐστιν

379 5611 546 5678 ἠτῆς
589 5596 916 5680 ’ἐνοικούσης
953 5614 1022 5678 τῆ
1083 5605 1234 5685 φύσει
1294 5603 1574 5679 δυνάμεως
1640 5601 1902 5682 πρόϐασις
1957 5607 2030 5668 εἷς

384 5693 546 5774 ἔργου
599 5696 749 5760 τινὸς
807 5694 1180 5773 ἐκπλήρωσιν,
1208 5693 1332 5764 ἥτις
1391 5693 1444 5750 ἐν
1499 5699 1579 5766 τῷ
1635 5694 1868 5772 ἐνεργεῖν
1915 5692 2032 5772 ἔχει

383 5787 448 5843 τὸ
506 5786 665 5859 εἶναι,
725 5786 903 5849 καθὼς
958 5788 995 5856 ἡ
1057 5782 1286 5859 δύναμις
1345 5782 1398 5838 ἐν
1443 5787 1522 5856 τῷ
1578 5783 1866 5862 πεφυκέναι
1942 5786 2032 5840 καὶ

2149 2064 2232 2119 cri
2264 2064 2432 2119 nobis
2457 2063 2508 2118 si
2536 2063 2807 2118 deificata
2839 2063 3048 2119 fuisset
3097 2079 3214 2118 una
3261 2062 3595 2135 hypostasis
3625 2063 3653 2118 ?
3681 2063 3794 2120 Sed

2147 2153 2302 2208 Deus
2328 2153 2585 2208 Verbum
2614 2152 2676 2206 in
2709 2152 2790 2207 sei
2799 2169 2903 2224 pso
2934 2151 3261 2224 assumpsit
3308 2155 3491 2207 totam
3522 2157 3793 2209 naturam

2148 2241 2538 2297 humanitatis
2564 2244 2630 2296 ut
2658 2257 2766 2296 nos
2806 2256 3010 2296 omnes
3055 2239 3373 2308 deiﬁcaret,
3407 2241 3562 2297 unde
3612 2242 3792 2297 unius

2146 2329 2521 2402 hypostaseos
2545 2346 2674 2386 esse
2704 2329 3002 2385 Christum
3038 2329 3510 2401 prmdicamus,et
3539 2331 3790 2387 duarum

2149 2423 2498 2475 naturarum
2529 2418 2682 2474 inter
2713 2434 2775 2474 se
2806 2433 3041 2474 summa
3089 2417 3303 2474 unione
3368 2418 3668 2474 unitarum
3700 2419 3789 2474 in-

2148 2507 2408 2578 confuse,
2458 2507 2518 2561 in
2556 2511 2957 2577 aeternumque
3005 2506 3370 2562 manentium
3401 2505 3788 2564 indivisarum

2145 2595 2216 2650 ab
2247 2595 2492 2652 invicem
2507 2598 2682 2666 atquo
2695 2593 2996 2667 hypostasi
3019 2595 3343 2650 secundum
3367 2611 3546 2667 quam
3576 2596 3790 2653 uniun-

2140 2686 2256 2738 tur.
2291 2683 2530 2740 Naturis
2567 2699 2700 2738 vero
2752 2681 3104 2738 habentibus
3153 2697 3282 2738 esse
3323 2681 3682 2752 inconfusas,
3731 2689 3788 2740 et

2139 2769 2452 2828 inconfusa
2497 2775 2638 2829 sunt
2688 2789 2815 2844 quas
2862 2772 2947 2827 eis
3002 2771 3402 2827 conveniunt:
3454 2771 3784 2830 voluntates

2140 2859 2269 2917 dico
2299 2865 2357 2916 et
2384 2860 2751 2932 operationes
2786 2877 2799 2916 :
2835 2863 3032 2916 manet
3058 2859 3240 2930 igitur
3267 2859 3465 2916 divina
3511 2859 3783 2919 voluntas

2137 2948 2354 3017 divina,
2395 2953 2453 3005 et
2491 2965 2697 3004 rursus
2721 2947 2983 3004 humana
3028 2948 3309 3018 humana,
3359 2952 3596 3021 excepto
3626 2951 3780 3022 quod

2135 3046 2192 3094 et
2221 3055 2323 3110 per
2356 3037 2632 3094 unionem
2654 3037 2924 3094 deiﬁcata
2952 3037 3051 3105 sit,
3070 3038 3225 3108 quod
3257 3041 3314 3093 et
3343 3036 3782 3109 operationibus

2135 3126 2526 3200 cognoscitur.
2559 3131 2682 3182 Duo
2713 3136 2855 3182 sunt
2891 3126 3072 3198 igitur
3119 3125 3179 3180 in
3232 3125 3458 3182 Christo
3515 3125 3778 3182 volunta-

2133 3219 2247 3272 tos.
2278 3215 2496 3272 Volens
2526 3219 2724 3271 autem
2757 3214 3084 3271 secundum
3116 3215 3262 3270 duas
3291 3213 3782 3288 voluntates,ope—

2134 3321 2271 3360 rans
2297 3305 2622 3360 secundum
2654 3305 2804 3359 duas
2833 3303 3220 3375 operationes.
3274 3303 3437 3360 Unus
3484 3305 3642 3360 idem
3692 3308 3782 3361 est

2133 3399 2285 3449 Deus
2314 3393 2511 3465 homo,
2539 3409 2656 3448 non
2687 3392 2910 3448 divisus
2941 3392 3000 3447 in
3030 3393 3146 3448 Deo
3195 3393 3427 3464 proprie
3457 3397 3514 3448 et
3542 3392 3780 3450 homine

2129 3482 2381 3554 proprie,
2414 3483 2515 3538 sed
2549 3499 2704 3537 unus
2735 3482 2906 3537 modo
2937 3479 3281 3537 indivisibili
3313 3481 3468 3537 Deus
3497 3485 3556 3537 et
3599 3481 3778 3538 homo

2129 3570 2285 3626 idem
2329 3573 2439 3639 est,
2477 3569 2609 3626 aliis
2653 3569 2868 3640 verbis,
2891 3569 3048 3626 Deus
3093 3573 3152 3625 et
3191 3569 3298 3625 vir.
3347 3570 3512 3626 Unde
3579 3570 3774 3626 divino

2129 3658 2354 3714 virilem
2393 3658 2790 3730 operationem
2841 3657 3060 3726 dicens,
3105 3674 3223 3714 non
3269 3658 3673 3715 confusionem
3712 3659 3775 3713 in

2131 3747 2431 3803 naturales
2461 3747 2830 3818 operationes
2851 3745 3209 3812 induxit,sed
3230 3761 3432 3802 earum
3455 3747 3515 3802 in
3538 3765 3774 3804 summa

2132 3836 2408 3892 unionem
2456 3835 2780 3906 proposuit,
2830 3839 2889 3890 et
2931 3835 3358 3890 deificationem
3416 3835 3774 3908 operationis

2129 3925 2422 3980 humanae.
2472 3924 2980 3988 Quemadmodum
3031 3923 3188 3980 enim
3261 3924 3321 3978 in
3371 3923 3622 3996 Christo,
3670 3942 3775 3997 per

2130 4013 2406 4068 unionem
2439 4011 2707 4068 deiﬁcata
2734 4015 2823 4068 est
2852 4011 3115 4068 humana
3165 4016 3394 4083 natura,
3436 4013 3518 4068 ita
3545 4029 3688 4069 sane
3717 4018 3776 4070 et

2130 4100 2404 4157 voluntas
2444 4117 2563 4156 una
2591 4099 2860 4155 deiﬁcata
2907 4099 3038 4163 fuit,
3085 4105 3142 4155 et
3185 4101 3444 4173 operatio
3482 4119 3494 4169 ;
3529 4101 3776 4174 ideoque

2130 4194 2188 4246 et
2219 4188 2504 4245 miracula
2531 4189 2712 4244 edens
2736 4187 3026 4256 Christus,
3068 4187 3280 4244 divinis
3337 4189 3775 4261 operationibus

2132 4278 2425 4333 humanas
2456 4277 2865 4348 conjungebat‘
2901 4281 2958 4332 et
2985 4293 3054 4332 ex
3101 4276 3381 4334 humanis
3423 4277 3775 4350 Operationi-

2133 4367 2244 4420 bus
2271 4365 2446 4421 Verbi
2473 4364 2786 4436 evidenter,
2816 4368 3096 4437 tactuque
3125 4369 3182 4421 et
3227 4365 3358 4421 aliis
3403 4366 3770 4438 hujusmodi,

2132 4454 2236 4510 Dei
2267 4453 2770 4510 manifestationes
2818 4453 3131 4525 prodibant
3161 4472 3175 4522 ;
3209 4456 3501 4526 quomodo
3552 4456 3774 4511 ferrum

2131 4549 2372 4600 acutum
2421 4544 2770 4614 ardensque,
2821 4547 2878 4599 et
2921 4547 3080 4599 secat
3133 4548 3192 4600 et
3239 4545 3357 4599 urit
3405 4545 3582 4614 idem,
3633 4549 3690 4602 et
3710 4545 3777 4602 ﬁt

2133 4649 2268 4688 cum
2291 4632 2522 4688 ustione
2553 4632 2730 4687 sectio
2761 4635 2817 4687 et
2846 4632 3001 4687 ustio
3039 4631 3448 4704 inseparabilis
3496 4637 3585 4688 est
3615 4651 3649 4689 a
3678 4649 3774 4690 se-

2131 4721 2408 4787 ctione,et
2432 4721 2685 4776 duarum
2713 4721 3118 4792 operationum
3145 4737 3466 4777 concursus
3487 4722 3774 4779 unitatem

2131 4809 2225 4864 bis
2252 4807 2498 4876 inducit,
2526 4825 2642 4864 non
2673 4810 2996 4864 secundum
3024 4809 3428 4878 naturam,sed
3450 4811 3774 4868 secundum

2133 4897 2438 4952 unionem.
2471 4897 2578 4962 Qui
2610 4897 2789 4969 igitur
2817 4897 2962 4952 dixit
2991 4897 3185 4953 divino
3214 4897 3442 4953 virilem
3489 4899 3774 4970 operatio-

2133 5001 2290 5054 nem,
2324 4985 2498 5040 unica
2521 4984 2922 5041 enuntiatione
2950 4985 3206 5041 ostendit
3233 4986 3381 5042 duas
3411 4987 3775 5058 operationes

2134 5089 2320 5128 unum
2356 5072 2496 5145 quid
2527 5089 2654 5128 esse
2684 5089 2998 5140 concursu,
3030 5090 3135 5129 nec
3167 5073 3225 5129 in
3257 5090 3320 5130 re
3359 5073 3492 5130 illas
3522 5075 3596 5131 ab
3627 5075 3775 5132 invi-

2134 5177 2260 5217 cem
2295 5160 2708 5232 discriminari,
2759 5163 2860 5216 sed
2910 5161 3051 5232 quia
3098 5161 3246 5217 dixit
3291 5162 3486 5220 divino
3524 5162 3774 5232 virilem,

2135 5250 2394 5306 divinam
2422 5249 2644 5306 scilicet
2671 5254 2728 5306 et
2757 5249 3418 5321 virilem,operationum
3449 5251 3775 5309 naturalem

2137 5338 2526 5396 differentiam
2555 5337 2645 5394 vel
2674 5343 2806 5410 post
2836 5338 3112 5394 unionem
3145 5339 3420 5396 ostendit.
3443 5339 3624 5398 Aliter
3641 5357 3778 5399 vero

2141 5430 2256 5485 duo
2288 5428 2557 5500 quaedam
2578 5426 2878 5483 indicante
2907 5427 3259 5498 operationis
3289 5427 3549 5498 homine,
3580 5446 3781 5502 opera-

2138 5518 2220 5574 tio
2251 5518 2409 5572 enim
2441 5514 2747 5581 naturalis,
2773 5521 2863 5570 est
2889 5518 3112 5571 naturai
3138 5515 3477 5573 inhaerentis
3505 5519 3779 5591 potentia;

2140 5605 2436 5678 processio
2470 5605 2541 5660 ad
2574 5604 2825 5674 alicujus
2855 5603 3047 5675 operis
3099 5604 3518 5676 impletionem,
3560 5623 3690 5677 quis
3718 5607 3780 5662 in

2141 5693 2503 5768 operandam
2535 5691 2711 5748 habet
2739 5707 2888 5760 esse,
2919 5691 3074 5746 sicut
3109 5692 3369 5764 potentia
3422 5691 3599 5750 habet
3652 5709 3781 5752 esse

2142 5785 2204 5841 in
2235 5799 2302 5840 eo
2333 5781 2489 5854 quod
2519 5780 2598 5838 sit
2625 5797 2659 5837 a
2707 5782 2920 5836 natura
2968 5783 3028 5835 et
3056 5778 3264 5852 possit,
3312 5779 3527 5837 dicitur
3575 5797 3780 5840 rursus
