  <div class='ocr_page' id='page_1' title='image "/cluster/home/n/w/nwhite01/storage/ocr_20150623/142/coo.31924054870476/307.png"; bbox 0 0 4154 6440; ppageno 0'>
   <div class='ocr_carea' id='block_1_1' title="bbox 409 498 533 560">
    <p class='ocr_par' dir='ltr' id='par_1_1' title="bbox 409 498 533 560">
     <span class='ocr_line' id='line_1_1' title="bbox 409 498 533 560; baseline 0.016 -2"><span class='ocrx_word' id='word_1_1' title='bbox 409 498 533 560; x_wconf 80' lang='grc'>599</span> 
     </span>
    </p>
   </div>
   <div class='ocr_carea' id='block_1_2' title="bbox 1676 491 3814 562">
    <p class='ocr_par' dir='ltr' id='par_1_2' title="bbox 1676 491 3814 562">
     <span class='ocr_line' id='line_1_2' title="bbox 1676 491 3814 562; baseline -0.008 0"><span class='ocrx_word' id='word_1_2' title='bbox 1676 495 2102 562; x_wconf 79' lang='lat' dir='ltr'>NIGEPHORI</span> <span class='ocrx_word' id='word_1_3' title='bbox 2145 493 2587 558; x_wconf 74' lang='lat' dir='ltr'>BLEMMIDE</span> <span class='ocrx_word' id='word_1_4' title='bbox 3704 491 3814 556; x_wconf 78' lang='lat'>600</span> 
     </span>
    </p>
   </div>
   <div class='ocr_carea' id='block_1_3' title="bbox 417 621 2084 706">
    <p class='ocr_par' dir='ltr' id='par_1_3' title="bbox 417 631 2061 706">
     <span class='ocr_line' id='line_1_3' title="bbox 417 631 2061 706; baseline -0.001 -19"><span class='ocrx_word' id='word_1_5' title='bbox 417 631 674 704; x_wconf 82' lang='lat' dir='ltr'>operatio</span> <span class='ocrx_word' id='word_1_6' title='bbox 701 631 894 704; x_wconf 89' lang='lat' dir='ltr'>operis</span> <span class='ocrx_word' id='word_1_7' title='bbox 923 631 1209 705; x_wconf 91' lang='lat' dir='ltr'>impletio,</span> <span class='ocrx_word' id='word_1_8' title='bbox 1256 633 1452 706; x_wconf 89' lang='lat' dir='ltr'>ipsum</span> <span class='ocrx_word' id='word_1_9' title='bbox 1503 637 1828 706; x_wconf 88' lang='lat' dir='ltr'>operatum,</span> <span class='ocrx_word' id='word_1_10' title='bbox 1871 632 2061 704; x_wconf 88' lang='lat' dir='ltr'>operis</span> 
     </span>
    </p>
   </div>
   <div class='ocr_carea' id='block_1_4' title="bbox 2195 621 3815 706">
    <p class='ocr_par' dir='ltr' id='par_1_4' title="bbox 2195 621 3815 701">
     <span class='ocr_line' id='line_1_4' title="bbox 2195 621 3815 701; baseline 0 -20"><span class='ocrx_word' id='word_1_11' title='bbox 2195 627 2450 697; x_wconf 75' lang='grc' dir='ltr'>Ξύνασθαι,</span> <span class='ocrx_word' id='word_1_12' title='bbox 2501 624 2712 701; x_wconf 89' lang='grc' dir='ltr'>λέγεται</span> <span class='ocrx_word' id='word_1_13' title='bbox 2763 621 2930 680; x_wconf 77' lang='grc' dir='ltr'>πάλιν</span> <span class='ocrx_word' id='word_1_14' title='bbox 2982 622 3215 700; x_wconf 75' lang='grc' dir='ltr'>ἐνέργεια</span> <span class='ocrx_word' id='word_1_15' title='bbox 3279 621 3370 680; x_wconf 78' lang='grc' dir='ltr'>καί</span> <span class='ocrx_word' id='word_1_16' title='bbox 3415 625 3454 694; x_wconf 73' lang='grc' dir='ltr'>ἠ</span> <span class='ocrx_word' id='word_1_17' title='bbox 3500 628 3598 680; x_wconf 90' lang='grc' dir='ltr'>τοῦ</span> <span class='ocrx_word' id='word_1_18' title='bbox 3665 622 3815 701; x_wconf 79' lang='grc' dir='ltr'>ἔργου</span> 
     </span>
    </p>
   </div>
   <div class='ocr_carea' id='block_1_5' title="bbox 419 721 2065 794">
    <p class='ocr_par' dir='ltr' id='par_1_5' title="bbox 419 721 2065 794">
     <span class='ocr_line' id='line_1_5' title="bbox 419 721 2065 794; baseline 0.001 -20"><span class='ocrx_word' id='word_1_19' title='bbox 419 721 718 793; x_wconf 82' lang='lat' dir='ltr'>perfectio,</span> <span class='ocrx_word' id='word_1_20' title='bbox 752 721 902 776; x_wconf 91' lang='lat' dir='ltr'>actio</span> <span class='ocrx_word' id='word_1_21' title='bbox 937 722 1086 794; x_wconf 87' lang='lat' dir='ltr'>ipsa,</span> <span class='ocrx_word' id='word_1_22' title='bbox 1119 722 1227 777; x_wconf 91' lang='lat' dir='ltr'>hoc</span> <span class='ocrx_word' id='word_1_23' title='bbox 1249 721 1427 794; x_wconf 85' lang='lat' dir='ltr'>igitur</span> <span class='ocrx_word' id='word_1_24' title='bbox 1449 723 1737 794; x_wconf 83' lang='lat' dir='ltr'>posterius</span> <span class='ocrx_word' id='word_1_25' title='bbox 1769 723 2065 793; x_wconf 82' lang='lat' dir='ltr'>signiﬁca-</span> 
     </span>
    </p>
   </div>
   <div class='ocr_carea' id='block_1_6' title="bbox 421 811 2064 883">
    <p class='ocr_par' dir='ltr' id='par_1_6' title="bbox 421 811 2064 883">
     <span class='ocr_line' id='line_1_6' title="bbox 421 811 2064 883; baseline 0.001 -19"><span class='ocrx_word' id='word_1_26' title='bbox 421 816 550 864; x_wconf 90' lang='lat' dir='ltr'>tum</span> <span class='ocrx_word' id='word_1_27' title='bbox 581 811 935 880; x_wconf 80' lang='lat' dir='ltr'>operatione,</span> <span class='ocrx_word' id='word_1_28' title='bbox 981 812 1301 882; x_wconf 88' lang='lat' dir='ltr'>aptandum</span> <span class='ocrx_word' id='word_1_29' title='bbox 1353 817 1441 867; x_wconf 89' lang='lat' dir='ltr'>est</span> <span class='ocrx_word' id='word_1_30' title='bbox 1499 812 1820 883; x_wconf 86' lang='lat' dir='ltr'>operationi</span> <span class='ocrx_word' id='word_1_31' title='bbox 1869 811 2064 866; x_wconf 90' lang='lat' dir='ltr'>divino</span> 
     </span>
    </p>
   </div>
   <div class='ocr_carea' id='block_1_7' title="bbox 423 898 2064 969">
    <p class='ocr_par' dir='ltr' id='par_1_7' title="bbox 423 898 2064 969">
     <span class='ocr_line' id='line_1_7' title="bbox 423 898 2064 969; baseline 0.001 -17"><span class='ocrx_word' id='word_1_32' title='bbox 423 898 575 952; x_wconf 88' lang='lat' dir='ltr'>virili</span> <span class='ocrx_word' id='word_1_33' title='bbox 610 917 622 966; x_wconf 93' lang='lat'>;</span> <span class='ocrx_word' id='word_1_34' title='bbox 664 900 812 954; x_wconf 88' lang='lat' dir='ltr'>Deus</span> <span class='ocrx_word' id='word_1_35' title='bbox 842 899 1017 954; x_wconf 89' lang='lat' dir='ltr'>homo</span> <span class='ocrx_word' id='word_1_36' title='bbox 1049 901 1206 954; x_wconf 89' lang='lat' dir='ltr'>enim</span> <span class='ocrx_word' id='word_1_37' title='bbox 1239 917 1373 955; x_wconf 92' lang='lat' dir='ltr'>cum</span> <span class='ocrx_word' id='word_1_38' title='bbox 1407 905 1495 955; x_wconf 88' lang='lat' dir='ltr'>est</span> <span class='ocrx_word' id='word_1_39' title='bbox 1536 900 1823 969; x_wconf 84' lang='lat' dir='ltr'>Christus,</span> <span class='ocrx_word' id='word_1_40' title='bbox 1853 905 1908 954; x_wconf 89' lang='lat' dir='ltr'>et</span> <span class='ocrx_word' id='word_1_41' title='bbox 1941 917 2064 954; x_wconf 85' lang='lat' dir='ltr'>om-</span> 
     </span>
    </p>
   </div>
   <div class='ocr_carea' id='block_1_8' title="bbox 427 987 2067 1058">
    <p class='ocr_par' dir='ltr' id='par_1_8' title="bbox 427 987 2067 1058">
     <span class='ocr_line' id='line_1_8' title="bbox 427 987 2067 1058; baseline 0.001 -17"><span class='ocrx_word' id='word_1_42' title='bbox 427 987 519 1042; x_wconf 89' lang='lat' dir='ltr'>nis</span> <span class='ocrx_word' id='word_1_43' title='bbox 567 988 694 1057; x_wconf 87' lang='lat' dir='ltr'>ejus</span> <span class='ocrx_word' id='word_1_44' title='bbox 741 987 997 1058; x_wconf 82' lang='lat' dir='ltr'>operatio</span> <span class='ocrx_word' id='word_1_45' title='bbox 1045 987 1533 1043; x_wconf 88' lang='lat' dir='ltr'>divino-humana</span> <span class='ocrx_word' id='word_1_46' title='bbox 1580 993 1688 1054; x_wconf 89' lang='lat' dir='ltr'>est,</span> <span class='ocrx_word' id='word_1_47' title='bbox 1739 993 1796 1042; x_wconf 92' lang='lat' dir='ltr'>et</span> <span class='ocrx_word' id='word_1_48' title='bbox 1844 987 2067 1043; x_wconf 90' lang='lat' dir='ltr'>divino-</span> 
     </span>
    </p>
   </div>
   <div class='ocr_carea' id='block_1_9' title="bbox 427 1075 2069 1148">
    <p class='ocr_par' dir='ltr' id='par_1_9' title="bbox 427 1075 2069 1148">
     <span class='ocr_line' id='line_1_9' title="bbox 427 1075 2069 1148; baseline 0.001 -19"><span class='ocrx_word' id='word_1_49' title='bbox 427 1075 631 1130; x_wconf 89' lang='lat' dir='ltr'>virilis.</span> <span class='ocrx_word' id='word_1_50' title='bbox 687 1077 780 1132; x_wconf 88' lang='lat' dir='ltr'>Sic</span> <span class='ocrx_word' id='word_1_51' title='bbox 831 1079 1027 1131; x_wconf 88' lang='lat' dir='ltr'>autem</span> <span class='ocrx_word' id='word_1_52' title='bbox 1071 1076 1230 1148; x_wconf 88' lang='lat' dir='ltr'>loqui</span> <span class='ocrx_word' id='word_1_53' title='bbox 1282 1094 1395 1132; x_wconf 88' lang='lat' dir='ltr'>non</span> <span class='ocrx_word' id='word_1_54' title='bbox 1444 1076 1621 1133; x_wconf 83' lang='lat' dir='ltr'>infert</span> <span class='ocrx_word' id='word_1_55' title='bbox 1665 1077 2069 1132; x_wconf 82' lang='lat' dir='ltr'>confusionem</span> 
     </span>
    </p>
   </div>
   <div class='ocr_carea' id='block_1_10' title="bbox 426 1164 2069 1234">
    <p class='ocr_par' dir='ltr' id='par_1_10' title="bbox 426 1164 2069 1234">
     <span class='ocr_line' id='line_1_10' title="bbox 426 1164 2069 1234; baseline 0 -14"><span class='ocrx_word' id='word_1_56' title='bbox 426 1165 864 1234; x_wconf 84' lang='lat' dir='ltr'>operationibus</span> <span class='ocrx_word' id='word_1_57' title='bbox 898 1164 1286 1234; x_wconf 83' lang='lat' dir='ltr'>naturalibus,</span> <span class='ocrx_word' id='word_1_58' title='bbox 1319 1167 1418 1222; x_wconf 88' lang='lat' dir='ltr'>sed</span> <span class='ocrx_word' id='word_1_59' title='bbox 1457 1183 1640 1221; x_wconf 90' lang='lat' dir='ltr'>unum</span> <span class='ocrx_word' id='word_1_60' title='bbox 1691 1171 1749 1221; x_wconf 91' lang='lat' dir='ltr'>et</span> <span class='ocrx_word' id='word_1_61' title='bbox 1796 1167 2069 1221; x_wconf 89' lang='lat' dir='ltr'>eumdem</span> 
     </span>
    </p>
   </div>
   <div class='ocr_carea' id='block_1_11' title="bbox 427 1253 2065 1327">
    <p class='ocr_par' dir='ltr' id='par_1_11' title="bbox 427 1253 2065 1327">
     <span class='ocr_line' id='line_1_11' title="bbox 427 1253 2065 1327; baseline 0.002 -19"><span class='ocrx_word' id='word_1_62' title='bbox 427 1269 555 1308; x_wconf 90' lang='lat' dir='ltr'>esse</span> <span class='ocrx_word' id='word_1_63' title='bbox 613 1253 975 1309; x_wconf 86' lang='lat' dir='ltr'>demonstrat</span> <span class='ocrx_word' id='word_1_64' title='bbox 1032 1254 1133 1325; x_wconf 87' lang='lat' dir='ltr'>qui</span> <span class='ocrx_word' id='word_1_65' title='bbox 1199 1254 1392 1310; x_wconf 90' lang='lat' dir='ltr'>divine</span> <span class='ocrx_word' id='word_1_66' title='bbox 1465 1259 1524 1310; x_wconf 89' lang='lat' dir='ltr'>et</span> <span class='ocrx_word' id='word_1_67' title='bbox 1597 1254 1856 1310; x_wconf 86' lang='lat' dir='ltr'>humane</span> <span class='ocrx_word' id='word_1_68' title='bbox 1930 1272 2065 1327; x_wconf 89' lang='lat' dir='ltr'>ope-</span> 
     </span>
    </p>
   </div>
   <div class='ocr_carea' id='block_1_12' title="bbox 427 1342 2070 1415">
    <p class='ocr_par' dir='ltr' id='par_1_12' title="bbox 427 1342 2070 1415">
     <span class='ocr_line' id='line_1_12' title="bbox 427 1342 2070 1415; baseline 0.002 -19"><span class='ocrx_word' id='word_1_69' title='bbox 427 1345 590 1397; x_wconf 80' lang='lat' dir='ltr'>ratur</span> <span class='ocrx_word' id='word_1_70' title='bbox 639 1359 651 1396; x_wconf 93' lang='lat'>:</span> <span class='ocrx_word' id='word_1_71' title='bbox 699 1359 803 1397; x_wconf 92' lang='lat' dir='ltr'>nec</span> <span class='ocrx_word' id='word_1_72' title='bbox 860 1342 1054 1398; x_wconf 89' lang='lat' dir='ltr'>divina</span> <span class='ocrx_word' id='word_1_73' title='bbox 1113 1345 1436 1399; x_wconf 90' lang='lat' dir='ltr'>secundum</span> <span class='ocrx_word' id='word_1_74' title='bbox 1492 1345 1700 1415; x_wconf 81' lang='lat' dir='ltr'>Deum,</span> <span class='ocrx_word' id='word_1_75' title='bbox 1787 1362 1923 1400; x_wconf 91' lang='lat' dir='ltr'>nam</span> <span class='ocrx_word' id='word_1_76' title='bbox 1980 1350 2070 1402; x_wconf 87' lang='lat' dir='ltr'>est</span> 
     </span>
    </p>
   </div>
   <div class='ocr_carea' id='block_1_13' title="bbox 428 1430 2075 1501">
    <p class='ocr_par' dir='ltr' id='par_1_13' title="bbox 428 1430 2075 1501">
     <span class='ocr_line' id='line_1_13' title="bbox 428 1430 2075 1501; baseline 0.003 -16"><span class='ocrx_word' id='word_1_77' title='bbox 428 1431 604 1486; x_wconf 92' lang='lat' dir='ltr'>homo</span> <span class='ocrx_word' id='word_1_78' title='bbox 635 1449 648 1496; x_wconf 88' lang='lat'><strong>;</strong></span> <span class='ocrx_word' id='word_1_79' title='bbox 684 1448 786 1486; x_wconf 92' lang='lat' dir='ltr'>nec</span> <span class='ocrx_word' id='word_1_80' title='bbox 817 1430 1077 1487; x_wconf 90' lang='lat' dir='ltr'>humana</span> <span class='ocrx_word' id='word_1_81' title='bbox 1105 1433 1430 1488; x_wconf 89' lang='lat' dir='ltr'>secundum</span> <span class='ocrx_word' id='word_1_82' title='bbox 1461 1432 1783 1501; x_wconf 91' lang='lat' dir='ltr'>hominem,</span> <span class='ocrx_word' id='word_1_83' title='bbox 1816 1450 1952 1489; x_wconf 90' lang='lat' dir='ltr'>nam</span> <span class='ocrx_word' id='word_1_84' title='bbox 1987 1439 2075 1490; x_wconf 89' lang='lat' dir='ltr'>est</span> 
     </span>
    </p>
   </div>
   <div class='ocr_carea' id='block_1_14' title="bbox 430 1519 2074 1591">
    <p class='ocr_par' dir='ltr' id='par_1_14' title="bbox 430 1519 2074 1591">
     <span class='ocr_line' id='line_1_14' title="bbox 430 1519 2074 1591; baseline 0.001 -17"><span class='ocrx_word' id='word_1_85' title='bbox 430 1519 606 1574; x_wconf 87' lang='lat' dir='ltr'>Deus.</span> <span class='ocrx_word' id='word_1_86' title='bbox 641 1519 922 1574; x_wconf 83' lang='lat' dir='ltr'>Similiter</span> <span class='ocrx_word' id='word_1_87' title='bbox 953 1521 1052 1591; x_wconf 92' lang='lat' dir='ltr'>qui</span> <span class='ocrx_word' id='word_1_88' title='bbox 1085 1521 1228 1576; x_wconf 86' lang='lat' dir='ltr'>dixit</span> <span class='ocrx_word' id='word_1_89' title='bbox 1258 1538 1434 1577; x_wconf 89' lang='lat' dir='ltr'>unam</span> <span class='ocrx_word' id='word_1_90' title='bbox 1466 1526 1738 1578; x_wconf 88' lang='lat' dir='ltr'>naturam</span> <span class='ocrx_word' id='word_1_91' title='bbox 1770 1522 1869 1578; x_wconf 90' lang='lat' dir='ltr'>Dei</span> <span class='ocrx_word' id='word_1_92' title='bbox 1901 1523 2074 1578; x_wconf 86' lang='lat' dir='ltr'>Verbi</span> 
     </span>
    </p>
   </div>
   <div class='ocr_carea' id='block_1_15' title="bbox 435 1607 2075 1682">
    <p class='ocr_par' dir='ltr' id='par_1_15' title="bbox 435 1607 2075 1682">
     <span class='ocr_line' id='line_1_15' title="bbox 435 1607 2075 1682; baseline 0.002 -20"><span class='ocrx_word' id='word_1_93' title='bbox 435 1607 722 1678; x_wconf 88' lang='lat' dir='ltr'>adjiciens</span> <span class='ocrx_word' id='word_1_94' title='bbox 757 1608 1144 1679; x_wconf 88' lang='lat' dir='ltr'>incarnatam,</span> <span class='ocrx_word' id='word_1_95' title='bbox 1177 1609 1326 1664; x_wconf 89' lang='lat' dir='ltr'>hanc</span> <span class='ocrx_word' id='word_1_96' title='bbox 1361 1609 1607 1666; x_wconf 86' lang='lat' dir='ltr'>abstulit</span> <span class='ocrx_word' id='word_1_97' title='bbox 1630 1611 2024 1682; x_wconf 89' lang='lat' dir='ltr'>suspicionem</span> <span class='ocrx_word' id='word_1_98' title='bbox 2061 1629 2075 1679; x_wconf 90' lang='lat'><strong>;</strong></span> 
     </span>
    </p>
   </div>
   <div class='ocr_carea' id='block_1_16' title="bbox 437 1696 2080 1771">
    <p class='ocr_par' dir='ltr' id='par_1_16' title="bbox 437 1696 2080 1771">
     <span class='ocr_line' id='line_1_16' title="bbox 437 1696 2080 1771; baseline 0.002 -20"><span class='ocrx_word' id='word_1_99' title='bbox 437 1696 548 1751; x_wconf 89' lang='lat' dir='ltr'>alia</span> <span class='ocrx_word' id='word_1_100' title='bbox 580 1697 737 1751; x_wconf 90' lang='lat' dir='ltr'>enim</span> <span class='ocrx_word' id='word_1_101' title='bbox 769 1701 859 1752; x_wconf 92' lang='lat' dir='ltr'>est</span> <span class='ocrx_word' id='word_1_102' title='bbox 887 1697 1059 1752; x_wconf 88' lang='lat' dir='ltr'>Verbi</span> <span class='ocrx_word' id='word_1_103' title='bbox 1093 1703 1322 1766; x_wconf 90' lang='lat' dir='ltr'>natura,</span> <span class='ocrx_word' id='word_1_104' title='bbox 1357 1698 1579 1754; x_wconf 88' lang='lat' dir='ltr'>scilicet</span> <span class='ocrx_word' id='word_1_105' title='bbox 1600 1700 1815 1769; x_wconf 89' lang='lat' dir='ltr'>divina,</span> <span class='ocrx_word' id='word_1_106' title='bbox 1849 1700 2080 1771; x_wconf 87' lang='lat' dir='ltr'>aliaque</span> 
     </span>
    </p>
   </div>
   <div class='ocr_carea' id='block_1_17' title="bbox 436 1786 2079 1860">
    <p class='ocr_par' dir='ltr' id='par_1_17' title="bbox 436 1786 2079 1860">
     <span class='ocr_line' id='line_1_17' title="bbox 436 1786 2079 1860; baseline 0.003 -21"><span class='ocrx_word' id='word_1_107' title='bbox 436 1801 643 1840; x_wconf 85' lang='lat' dir='ltr'>rursus</span> <span class='ocrx_word' id='word_1_108' title='bbox 674 1789 884 1841; x_wconf 89' lang='lat' dir='ltr'>natura</span> <span class='ocrx_word' id='word_1_109' title='bbox 914 1786 1127 1852; x_wconf 88' lang='lat' dir='ltr'>carnis,</span> <span class='ocrx_word' id='word_1_110' title='bbox 1159 1786 1384 1842; x_wconf 86' lang='lat' dir='ltr'>scilicet</span> <span class='ocrx_word' id='word_1_111' title='bbox 1433 1787 1696 1844; x_wconf 89' lang='lat' dir='ltr'>humana</span> <span class='ocrx_word' id='word_1_112' title='bbox 1728 1806 1740 1856; x_wconf 93' lang='lat'><strong>;</strong></span> <span class='ocrx_word' id='word_1_113' title='bbox 1773 1793 1831 1844; x_wconf 89' lang='lat' dir='ltr'>et</span> <span class='ocrx_word' id='word_1_114' title='bbox 1877 1805 2079 1860; x_wconf 86' lang='lat' dir='ltr'>synec-</span> 
     </span>
    </p>
   </div>
   <div class='ocr_carea' id='block_1_18' title="bbox 437 1873 2079 1947">
    <p class='ocr_par' dir='ltr' id='par_1_18' title="bbox 437 1873 2079 1947">
     <span class='ocr_line' id='line_1_18' title="bbox 437 1873 2079 1947; baseline 0.003 -20"><span class='ocrx_word' id='word_1_115' title='bbox 437 1874 694 1942; x_wconf 90' lang='lat' dir='ltr'>dochice,</span> <span class='ocrx_word' id='word_1_116' title='bbox 721 1873 832 1928; x_wconf 88' lang='lat' dir='ltr'>alia</span> <span class='ocrx_word' id='word_1_117' title='bbox 856 1874 1127 1930; x_wconf 86' lang='lat' dir='ltr'>voluntas</span> <span class='ocrx_word' id='word_1_118' title='bbox 1158 1879 1379 1930; x_wconf 84' lang='lat' dir='ltr'>naturae</span> <span class='ocrx_word' id='word_1_119' title='bbox 1428 1877 1656 1947; x_wconf 66' lang='lat' dir='ltr'>divinae,</span> <span class='ocrx_word' id='word_1_120' title='bbox 1706 1881 1765 1932; x_wconf 88' lang='lat' dir='ltr'>et</span> <span class='ocrx_word' id='word_1_121' title='bbox 1806 1876 1920 1933; x_wconf 89' lang='lat' dir='ltr'>alia</span> <span class='ocrx_word' id='word_1_122' title='bbox 1970 1877 2079 1932; x_wconf 91' lang='lat' dir='ltr'>hu-</span> 
     </span>
    </p>
   </div>
   <div class='ocr_carea' id='block_1_19' title="bbox 437 1961 2078 2036">
    <p class='ocr_par' dir='ltr' id='par_1_19' title="bbox 437 1961 2078 2036">
     <span class='ocr_line' id='line_1_19' title="bbox 437 1961 2078 2036; baseline 0.002 -19"><span class='ocrx_word' id='word_1_123' title='bbox 437 1979 642 2018; x_wconf 75' lang='lat' dir='ltr'>manze.</span> <span class='ocrx_word' id='word_1_124' title='bbox 674 1961 1050 2018; x_wconf 88' lang='lat' dir='ltr'>Voluntatem</span> <span class='ocrx_word' id='word_1_125' title='bbox 1083 1963 1340 2020; x_wconf 89' lang='lat' dir='ltr'>dicimus</span> <span class='ocrx_word' id='word_1_126' title='bbox 1371 1969 1566 2020; x_wconf 86' lang='lat' dir='ltr'>actum</span> <span class='ocrx_word' id='word_1_127' title='bbox 1602 1964 1854 2035; x_wconf 90' lang='lat' dir='ltr'>volendi,</span> <span class='ocrx_word' id='word_1_128' title='bbox 1887 1966 2078 2036; x_wconf 88' lang='lat' dir='ltr'>ipsam</span> 
     </span>
    </p>
   </div>
   <div class='ocr_carea' id='block_1_20' title="bbox 435 2050 2074 2124">
    <p class='ocr_par' dir='ltr' id='par_1_20' title="bbox 435 2050 2074 2124">
     <span class='ocr_line' id='line_1_20' title="bbox 435 2050 2074 2124; baseline 0.003 -19"><span class='ocrx_word' id='word_1_129' title='bbox 435 2055 784 2122; x_wconf 87' lang='lat' dir='ltr'>potestatem</span> <span class='ocrx_word' id='word_1_130' title='bbox 814 2050 1123 2117; x_wconf 89' lang='lat' dir='ltr'>volentem,</span> <span class='ocrx_word' id='word_1_131' title='bbox 1156 2069 1285 2124; x_wconf 64' lang='lat' dir='ltr'>qua;</span> <span class='ocrx_word' id='word_1_132' title='bbox 1315 2057 1404 2108; x_wconf 86' lang='lat' dir='ltr'>est</span> <span class='ocrx_word' id='word_1_133' title='bbox 1451 2053 1722 2110; x_wconf 87' lang='lat' dir='ltr'>voluntas</span> <span class='ocrx_word' id='word_1_134' title='bbox 1769 2054 2074 2110; x_wconf 85' lang='lat' dir='ltr'>naturalis.</span> 
     </span>
    </p>
   </div>
   <div class='ocr_carea' id='block_1_21' title="bbox 432 2138 2080 2215">
    <p class='ocr_par' dir='ltr' id='par_1_21' title="bbox 432 2138 2080 2215">
     <span class='ocr_line' id='line_1_21' title="bbox 432 2138 2080 2215; baseline 0.005 -24"><span class='ocrx_word' id='word_1_135' title='bbox 432 2138 806 2195; x_wconf 88' lang='lat' dir='ltr'>Voluntatem</span> <span class='ocrx_word' id='word_1_136' title='bbox 840 2139 1019 2213; x_wconf 86' lang='lat' dir='ltr'>igitur</span> <span class='ocrx_word' id='word_1_137' title='bbox 1047 2141 1318 2197; x_wconf 64' lang='lat' dir='ltr'>humana</span> <span class='ocrx_word' id='word_1_138' title='bbox 1350 2145 1572 2198; x_wconf 69' lang='lat' dir='ltr'>naturae</span> <span class='ocrx_word' id='word_1_139' title='bbox 1603 2142 1888 2199; x_wconf 90' lang='lat' dir='ltr'>Dominus</span> <span class='ocrx_word' id='word_1_140' title='bbox 1920 2149 2080 2215; x_wconf 89' lang='lat' dir='ltr'>post-</span> 
     </span>
    </p>
   </div>
   <div class='ocr_carea' id='block_1_22' title="bbox 435 2230 2084 2304">
    <p class='ocr_par' dir='ltr' id='par_1_22' title="bbox 435 2230 2084 2304">
     <span class='ocr_line' id='line_1_22' title="bbox 435 2230 2084 2304; baseline 0.002 -22"><span class='ocrx_word' id='word_1_141' title='bbox 435 2244 613 2298; x_wconf 86' lang='lat' dir='ltr'>quam</span> <span class='ocrx_word' id='word_1_142' title='bbox 647 2230 1070 2300; x_wconf 90' lang='lat' dir='ltr'>assumpsisset</span> <span class='ocrx_word' id='word_1_143' title='bbox 1098 2230 1546 2302; x_wconf 84' lang='lat' dir='ltr'>deiﬁcassetque</span> <span class='ocrx_word' id='word_1_144' title='bbox 1597 2233 1786 2304; x_wconf 89' lang='lat' dir='ltr'>ipsam</span> <span class='ocrx_word' id='word_1_145' title='bbox 1836 2233 2084 2289; x_wconf 85' lang='lat' dir='ltr'>servavit</span> 
     </span>
    </p>
   </div>
   <div class='ocr_carea' id='block_1_23' title="bbox 439 2318 2082 2387">
    <p class='ocr_par' dir='ltr' id='par_1_23' title="bbox 439 2318 2082 2387">
     <span class='ocr_line' id='line_1_23' title="bbox 439 2318 2082 2387; baseline 0.003 -17"><span class='ocrx_word' id='word_1_146' title='bbox 439 2333 566 2387; x_wconf 72' lang='lat' dir='ltr'>quae</span> <span class='ocrx_word' id='word_1_147' title='bbox 593 2320 718 2372; x_wconf 90' lang='lat' dir='ltr'>erat</span> <span class='ocrx_word' id='word_1_148' title='bbox 757 2318 1082 2372; x_wconf 88' lang='lat' dir='ltr'>secundum</span> <span class='ocrx_word' id='word_1_149' title='bbox 1132 2323 1404 2375; x_wconf 88' lang='lat' dir='ltr'>naturam</span> <span class='ocrx_word' id='word_1_150' title='bbox 1453 2319 1796 2376; x_wconf 89' lang='lat' dir='ltr'>humanam.</span> <span class='ocrx_word' id='word_1_151' title='bbox 1830 2322 1899 2376; x_wconf 90' lang='lat' dir='ltr'>Et</span> <span class='ocrx_word' id='word_1_152' title='bbox 1935 2320 2082 2376; x_wconf 91' lang='lat' dir='ltr'>illud</span> 
     </span>
    </p>
   </div>
   <div class='ocr_carea' id='block_1_24' title="bbox 440 2405 2089 2482">
    <p class='ocr_par' dir='ltr' id='par_1_24' title="bbox 440 2405 2089 2482">
     <span class='ocr_line' id='line_1_24' title="bbox 440 2405 2089 2482; baseline 0.004 -24"><span class='ocrx_word' id='word_1_153' title='bbox 440 2421 574 2459; x_wconf 91' lang='lat' dir='ltr'>cum</span> <span class='ocrx_word' id='word_1_154' title='bbox 623 2405 921 2460; x_wconf 88' lang='lat' dir='ltr'>evidenter</span> <span class='ocrx_word' id='word_1_155' title='bbox 957 2422 1279 2478; x_wconf 88' lang='lat' dir='ltr'>proponere</span> <span class='ocrx_word' id='word_1_156' title='bbox 1316 2407 1507 2477; x_wconf 88' lang='lat' dir='ltr'>vellet,</span> <span class='ocrx_word' id='word_1_157' title='bbox 1575 2409 1818 2464; x_wconf 86' lang='lat' dir='ltr'>domum</span> <span class='ocrx_word' id='word_1_158' title='bbox 1866 2409 2089 2482; x_wconf 89' lang='lat' dir='ltr'>ingres-</span> 
     </span>
    </p>
   </div>
   <div class='ocr_carea' id='block_1_25' title="bbox 443 2493 2088 2566">
    <p class='ocr_par' dir='ltr' id='par_1_25' title="bbox 443 2493 2088 2566">
     <span class='ocr_line' id='line_1_25' title="bbox 443 2493 2088 2566; baseline 0.004 -18"><span class='ocrx_word' id='word_1_159' title='bbox 443 2509 548 2548; x_wconf 89' lang='lat' dir='ltr'>sus</span> <span class='ocrx_word' id='word_1_160' title='bbox 605 2494 663 2548; x_wconf 93' lang='lat' dir='ltr'>in</span> <span class='ocrx_word' id='word_1_161' title='bbox 720 2493 1057 2565; x_wconf 86' lang='lat' dir='ltr'>regionibus</span> <span class='ocrx_word' id='word_1_162' title='bbox 1117 2496 1253 2566; x_wconf 84' lang='lat' dir='ltr'>Tyri</span> <span class='ocrx_word' id='word_1_163' title='bbox 1311 2499 1368 2551; x_wconf 90' lang='lat' dir='ltr'>et</span> <span class='ocrx_word' id='word_1_164' title='bbox 1431 2496 1687 2565; x_wconf 90' lang='lat' dir='ltr'>Sidonis,</span> <span class='ocrx_word' id='word_1_165' title='bbox 1759 2516 1794 2553; x_wconf 90' lang='lat' dir='ltr'>a</span> <span class='ocrx_word' id='word_1_166' title='bbox 1850 2499 2088 2554; x_wconf 90' lang='lat' dir='ltr'>nomine</span> 
     </span>
    </p>
   </div>
   <div class='ocr_carea' id='block_1_26' title="bbox 449 2581 2090 2658">
    <p class='ocr_par' dir='ltr' id='par_1_26' title="bbox 449 2581 2090 2658">
     <span class='ocr_line' id='line_1_26' title="bbox 449 2581 2090 2658; baseline 0.002 -21"><span class='ocrx_word' id='word_1_167' title='bbox 449 2581 720 2653; x_wconf 85' lang='lat' dir='ltr'>cognosci</span> <span class='ocrx_word' id='word_1_168' title='bbox 750 2581 933 2638; x_wconf 91' lang='lat' dir='ltr'>voluit</span> <span class='ocrx_word' id='word_1_169' title='bbox 963 2599 1066 2638; x_wconf 90' lang='lat' dir='ltr'>nec</span> <span class='ocrx_word' id='word_1_170' title='bbox 1096 2584 1288 2654; x_wconf 90' lang='lat' dir='ltr'>potuit</span> <span class='ocrx_word' id='word_1_171' title='bbox 1327 2583 1507 2640; x_wconf 89' lang='lat' dir='ltr'>latere</span> <span class='ocrx_word' id='word_1_172' title='bbox 1541 2610 1556 2652; x_wconf 89' lang='lat'><strong>;</strong></span> <span class='ocrx_word' id='word_1_173' title='bbox 1589 2602 1657 2641; x_wconf 87' lang='lat' dir='ltr'>ex</span> <span class='ocrx_word' id='word_1_174' title='bbox 1706 2587 2090 2658; x_wconf 89' lang='lat' dir='ltr'>dispositione</span> 
     </span>
    </p>
   </div>
   <div class='ocr_carea' id='block_1_27' title="bbox 449 2669 2090 2746">
    <p class='ocr_par' dir='ltr' id='par_1_27' title="bbox 449 2669 2090 2746">
     <span class='ocr_line' id='line_1_27' title="bbox 449 2669 2090 2746; baseline 0.004 -23"><span class='ocrx_word' id='word_1_175' title='bbox 449 2669 632 2725; x_wconf 84' lang='lat' dir='ltr'>latere</span> <span class='ocrx_word' id='word_1_176' title='bbox 659 2669 878 2737; x_wconf 91' lang='lat' dir='ltr'>volens,</span> <span class='ocrx_word' id='word_1_177' title='bbox 913 2671 1192 2742; x_wconf 87' lang='lat' dir='ltr'>nequivit,</span> <span class='ocrx_word' id='word_1_178' title='bbox 1223 2672 1440 2727; x_wconf 88' lang='lat' dir='ltr'>docens</span> <span class='ocrx_word' id='word_1_179' title='bbox 1466 2690 1571 2728; x_wconf 88' lang='lat' dir='ltr'>nos</span> <span class='ocrx_word' id='word_1_180' title='bbox 1601 2689 1672 2728; x_wconf 85' lang='lat' dir='ltr'>ex</span> <span class='ocrx_word' id='word_1_181' title='bbox 1716 2674 1862 2746; x_wconf 85' lang='lat' dir='ltr'>ipsis</span> <span class='ocrx_word' id='word_1_182' title='bbox 1901 2675 2090 2746; x_wconf 88' lang='lat' dir='ltr'>operi-</span> 
     </span>
    </p>
   </div>
   <div class='ocr_carea' id='block_1_28' title="bbox 449 2755 2089 2828">
    <p class='ocr_par' dir='ltr' id='par_1_28' title="bbox 449 2755 2089 2828">
     <span class='ocr_line' id='line_1_28' title="bbox 449 2755 2089 2828; baseline 0.004 -17"><span class='ocrx_word' id='word_1_183' title='bbox 449 2757 581 2824; x_wconf 91' lang='lat' dir='ltr'>bus,</span> <span class='ocrx_word' id='word_1_184' title='bbox 613 2755 978 2812; x_wconf 85' lang='lat' dir='ltr'>voluntatem</span> <span class='ocrx_word' id='word_1_185' title='bbox 1001 2756 1094 2812; x_wconf 92' lang='lat' dir='ltr'>his</span> <span class='ocrx_word' id='word_1_186' title='bbox 1125 2774 1255 2828; x_wconf 73' lang='lat' dir='ltr'>quae</span> <span class='ocrx_word' id='word_1_187' title='bbox 1277 2763 1417 2814; x_wconf 92' lang='lat' dir='ltr'>sunt</span> <span class='ocrx_word' id='word_1_188' title='bbox 1439 2759 1709 2815; x_wconf 64' lang='lat' dir='ltr'>humana</span> <span class='ocrx_word' id='word_1_189' title='bbox 1735 2766 1956 2816; x_wconf 66' lang='lat' dir='ltr'>natura</span> <span class='ocrx_word' id='word_1_190' title='bbox 1989 2763 2089 2818; x_wconf 92' lang='lat' dir='ltr'>de-</span> 
     </span>
    </p>
   </div>
   <div class='ocr_carea' id='block_1_29' title="bbox 447 2844 2088 2916">
    <p class='ocr_par' dir='ltr' id='par_1_29' title="bbox 447 2844 2088 2916">
     <span class='ocr_line' id='line_1_29' title="bbox 447 2844 2088 2916; baseline 0.004 -17"><span class='ocrx_word' id='word_1_191' title='bbox 447 2844 646 2911; x_wconf 89' lang='lat' dir='ltr'>bilem,</span> <span class='ocrx_word' id='word_1_192' title='bbox 680 2845 754 2898; x_wconf 88' lang='lat' dir='ltr'>ab</span> <span class='ocrx_word' id='word_1_193' title='bbox 785 2845 1184 2916; x_wconf 89' lang='lat' dir='ltr'>omnipotente</span> <span class='ocrx_word' id='word_1_194' title='bbox 1215 2863 1332 2902; x_wconf 91' lang='lat' dir='ltr'>non</span> <span class='ocrx_word' id='word_1_195' title='bbox 1369 2852 1721 2916; x_wconf 89' lang='lat' dir='ltr'>recusatam,</span> <span class='ocrx_word' id='word_1_196' title='bbox 1764 2849 1866 2906; x_wconf 90' lang='lat' dir='ltr'>sed</span> <span class='ocrx_word' id='word_1_197' title='bbox 1896 2866 2088 2907; x_wconf 91' lang='lat' dir='ltr'>essen-</span> 
     </span>
    </p>
   </div>
   <div class='ocr_carea' id='block_1_30' title="bbox 443 2933 2086 3006">
    <p class='ocr_par' dir='ltr' id='par_1_30' title="bbox 443 2933 2086 3006">
     <span class='ocr_line' id='line_1_30' title="bbox 443 2933 2086 3006; baseline 0.005 -18"><span class='ocrx_word' id='word_1_198' title='bbox 443 2933 661 2990; x_wconf 87' lang='lat' dir='ltr'>tialiter</span> <span class='ocrx_word' id='word_1_199' title='bbox 688 2934 878 3005; x_wconf 86' lang='lat' dir='ltr'>ipsam</span> <span class='ocrx_word' id='word_1_200' title='bbox 906 2934 957 2990; x_wconf 90' lang='lat' dir='ltr'>ei</span> <span class='ocrx_word' id='word_1_201' title='bbox 987 2934 1356 3006; x_wconf 88' lang='lat' dir='ltr'>dispositam,</span> <span class='ocrx_word' id='word_1_202' title='bbox 1399 2936 1540 2992; x_wconf 91' lang='lat' dir='ltr'>dum</span> <span class='ocrx_word' id='word_1_203' title='bbox 1593 2943 1854 2995; x_wconf 91' lang='lat' dir='ltr'>nostram</span> <span class='ocrx_word' id='word_1_204' title='bbox 1905 2944 2086 2996; x_wconf 87' lang='lat' dir='ltr'>totam</span> 
     </span>
    </p>
   </div>
   <div class='ocr_carea' id='block_1_31' title="bbox 443 3022 2084 3094">
    <p class='ocr_par' dir='ltr' id='par_1_31' title="bbox 443 3022 2084 3094">
     <span class='ocr_line' id='line_1_31' title="bbox 443 3022 2084 3094; baseline 0.005 -18"><span class='ocrx_word' id='word_1_205' title='bbox 443 3025 714 3077; x_wconf 88' lang='lat' dir='ltr'>naturam</span> <span class='ocrx_word' id='word_1_206' title='bbox 748 3038 883 3076; x_wconf 90' lang='lat' dir='ltr'>cum</span> <span class='ocrx_word' id='word_1_207' title='bbox 915 3022 1189 3078; x_wconf 88' lang='lat' dir='ltr'>omnibus</span> <span class='ocrx_word' id='word_1_208' title='bbox 1219 3040 1348 3094; x_wconf 69' lang='lat' dir='ltr'>quae</span> <span class='ocrx_word' id='word_1_209' title='bbox 1380 3031 1519 3082; x_wconf 89' lang='lat' dir='ltr'>sunt</span> <span class='ocrx_word' id='word_1_210' title='bbox 1548 3027 1875 3083; x_wconf 89' lang='lat' dir='ltr'>secundum</span> <span class='ocrx_word' id='word_1_211' title='bbox 1915 3034 2084 3084; x_wconf 90' lang='lat' dir='ltr'>natu-</span> 
     </span>
    </p>
   </div>
   <div class='ocr_carea' id='block_1_32' title="bbox 441 3111 842 3182">
    <p class='ocr_par' dir='ltr' id='par_1_32' title="bbox 441 3111 842 3182">
     <span class='ocr_line' id='line_1_32' title="bbox 441 3111 842 3182; baseline 0 -17"><span class='ocrx_word' id='word_1_212' title='bbox 441 3126 568 3166; x_wconf 89' lang='lat' dir='ltr'>ram</span> <span class='ocrx_word' id='word_1_213' title='bbox 600 3111 842 3182; x_wconf 90' lang='lat' dir='ltr'>accepit.</span> 
     </span>
    </p>
   </div>
   <div class='ocr_carea' id='block_1_33' title="bbox 513 3323 2085 3402">
    <p class='ocr_par' dir='ltr' id='par_1_33' title="bbox 513 3323 2085 3402">
     <span class='ocr_line' id='line_1_33' title="bbox 513 3323 2085 3402; baseline 0.006 -24"><span class='ocrx_word' id='word_1_214' title='bbox 513 3323 738 3378; x_wconf 90' lang='lat' dir='ltr'>Dicitur</span> <span class='ocrx_word' id='word_1_215' title='bbox 759 3323 996 3394; x_wconf 91' lang='lat' dir='ltr'>quidem</span> <span class='ocrx_word' id='word_1_216' title='bbox 1026 3325 1209 3397; x_wconf 87' lang='lat' dir='ltr'>igitur</span> <span class='ocrx_word' id='word_1_217' title='bbox 1227 3325 1501 3383; x_wconf 87' lang='lat' dir='ltr'>voluntas</span> <span class='ocrx_word' id='word_1_218' title='bbox 1532 3328 1679 3384; x_wconf 91' lang='lat' dir='ltr'>actio</span> <span class='ocrx_word' id='word_1_219' title='bbox 1701 3329 1928 3385; x_wconf 90' lang='lat' dir='ltr'>volendi</span> <span class='ocrx_word' id='word_1_220' title='bbox 1959 3347 2085 3402; x_wconf 64' lang='lat' dir='ltr'>qua:</span> 
     </span>
    </p>
   </div>
   <div class='ocr_carea' id='block_1_34' title="bbox 443 3411 2090 3487">
    <p class='ocr_par' dir='ltr' id='par_1_34' title="bbox 443 3411 2090 3487">
     <span class='ocr_line' id='line_1_34' title="bbox 443 3411 2090 3487; baseline 0.005 -21"><span class='ocrx_word' id='word_1_221' title='bbox 443 3415 532 3466; x_wconf 85' lang='lat' dir='ltr'>est</span> <span class='ocrx_word' id='word_1_222' title='bbox 562 3411 834 3466; x_wconf 90' lang='lat' dir='ltr'>voluntas</span> <span class='ocrx_word' id='word_1_223' title='bbox 867 3414 1246 3479; x_wconf 88' lang='lat' dir='ltr'>naturalis,ut</span> <span class='ocrx_word' id='word_1_224' title='bbox 1279 3420 1669 3472; x_wconf 89' lang='lat' dir='ltr'>monstratum</span> <span class='ocrx_word' id='word_1_225' title='bbox 1701 3422 1792 3473; x_wconf 89' lang='lat' dir='ltr'>est</span> <span class='ocrx_word' id='word_1_226' title='bbox 1824 3436 1838 3487; x_wconf 91' lang='lat'>;</span> <span class='ocrx_word' id='word_1_227' title='bbox 1873 3419 2090 3475; x_wconf 84' lang='lat' dir='ltr'>dicitur</span> 
     </span>
    </p>
   </div>
   <div class='ocr_carea' id='block_1_35' title="bbox 445 3500 2090 3577">
    <p class='ocr_par' dir='ltr' id='par_1_35' title="bbox 445 3500 2090 3577">
     <span class='ocr_line' id='line_1_35' title="bbox 445 3500 2090 3577; baseline 0.007 -23"><span class='ocrx_word' id='word_1_228' title='bbox 445 3503 641 3554; x_wconf 90' lang='lat' dir='ltr'>autem</span> <span class='ocrx_word' id='word_1_229' title='bbox 673 3500 943 3556; x_wconf 89' lang='lat' dir='ltr'>voluntas</span> <span class='ocrx_word' id='word_1_230' title='bbox 974 3502 1358 3574; x_wconf 87' lang='lat' dir='ltr'>etiamipsum</span> <span class='ocrx_word' id='word_1_231' title='bbox 1380 3503 1618 3560; x_wconf 90' lang='lat' dir='ltr'>volitum</span> <span class='ocrx_word' id='word_1_232' title='bbox 1643 3508 1874 3577; x_wconf 90' lang='lat' dir='ltr'>quodin</span> <span class='ocrx_word' id='word_1_233' title='bbox 1897 3509 2090 3564; x_wconf 90' lang='lat' dir='ltr'>homi-</span> 
     </span>
    </p>
   </div>
   <div class='ocr_carea' id='block_1_36' title="bbox 447 3587 2094 3660">
    <p class='ocr_par' dir='ltr' id='par_1_36' title="bbox 447 3587 2094 3660">
     <span class='ocr_line' id='line_1_36' title="bbox 447 3587 2094 3660; baseline 0.008 -19"><span class='ocrx_word' id='word_1_234' title='bbox 447 3587 622 3643; x_wconf 90' lang='lat' dir='ltr'>nibus</span> <span class='ocrx_word' id='word_1_235' title='bbox 653 3593 742 3643; x_wconf 90' lang='lat' dir='ltr'>est</span> <span class='ocrx_word' id='word_1_236' title='bbox 772 3590 1092 3660; x_wconf 91' lang='lat' dir='ltr'>subjiciens</span> <span class='ocrx_word' id='word_1_237' title='bbox 1123 3607 1238 3646; x_wconf 92' lang='lat' dir='ltr'>non</span> <span class='ocrx_word' id='word_1_238' title='bbox 1268 3592 1484 3648; x_wconf 87' lang='lat' dir='ltr'>ididem</span> <span class='ocrx_word' id='word_1_239' title='bbox 1518 3596 1678 3650; x_wconf 90' lang='lat' dir='ltr'>omni</span> <span class='ocrx_word' id='word_1_240' title='bbox 1706 3600 1926 3652; x_wconf 71' lang='lat' dir='ltr'>naturae</span> <span class='ocrx_word' id='word_1_241' title='bbox 1959 3614 2094 3653; x_wconf 86' lang='lat' dir='ltr'>con-</span> 
     </span>
    </p>
   </div>
   <div class='ocr_carea' id='block_1_37' title="bbox 448 3677 2093 3741">
    <p class='ocr_par' dir='ltr' id='par_1_37' title="bbox 448 3677 2093 3741">
     <span class='ocr_line' id='line_1_37' title="bbox 448 3677 2093 3741; baseline 0.007 -11"><span class='ocrx_word' id='word_1_242' title='bbox 448 3677 726 3732; x_wconf 88' lang='lat' dir='ltr'>veniens.</span> <span class='ocrx_word' id='word_1_243' title='bbox 801 3677 909 3732; x_wconf 91' lang='lat' dir='ltr'>Alii</span> <span class='ocrx_word' id='word_1_244' title='bbox 995 3679 1150 3734; x_wconf 90' lang='lat' dir='ltr'>enim</span> <span class='ocrx_word' id='word_1_245' title='bbox 1240 3679 1546 3736; x_wconf 88' lang='lat' dir='ltr'>hominum</span> <span class='ocrx_word' id='word_1_246' title='bbox 1631 3682 1823 3739; x_wconf 90' lang='lat' dir='ltr'>solum</span> <span class='ocrx_word' id='word_1_247' title='bbox 1905 3685 2093 3741; x_wconf 90' lang='lat' dir='ltr'>vivere</span> 
     </span>
    </p>
   </div>
   <div class='ocr_carea' id='block_1_38' title="bbox 448 3764 2091 3841">
    <p class='ocr_par' dir='ltr' id='par_1_38' title="bbox 448 3764 2091 3841">
     <span class='ocr_line' id='line_1_38' title="bbox 448 3764 2091 3841; baseline 0.007 -23"><span class='ocrx_word' id='word_1_248' title='bbox 448 3764 661 3836; x_wconf 88' lang='lat' dir='ltr'>placet,</span> <span class='ocrx_word' id='word_1_249' title='bbox 694 3764 791 3821; x_wconf 90' lang='lat' dir='ltr'>alii</span> <span class='ocrx_word' id='word_1_250' title='bbox 823 3767 1062 3839; x_wconf 90' lang='lat' dir='ltr'>quidem</span> <span class='ocrx_word' id='word_1_251' title='bbox 1093 3767 1273 3823; x_wconf 88' lang='lat' dir='ltr'>libere</span> <span class='ocrx_word' id='word_1_252' title='bbox 1304 3769 1486 3841; x_wconf 91' lang='lat' dir='ltr'>loqui,</span> <span class='ocrx_word' id='word_1_253' title='bbox 1535 3771 1633 3826; x_wconf 89' lang='lat' dir='ltr'>alii</span> <span class='ocrx_word' id='word_1_254' title='bbox 1683 3776 1898 3828; x_wconf 82' lang='lat' dir='ltr'>terram</span> <span class='ocrx_word' id='word_1_255' title='bbox 1931 3789 2091 3829; x_wconf 71' lang='lat' dir='ltr'>exer-</span> 
     </span>
    </p>
   </div>
   <div class='ocr_carea' id='block_1_39' title="bbox 449 3854 2090 3928">
    <p class='ocr_par' dir='ltr' id='par_1_39' title="bbox 449 3854 2090 3928">
     <span class='ocr_line' id='line_1_39' title="bbox 449 3854 2090 3928; baseline 0.005 -18"><span class='ocrx_word' id='word_1_256' title='bbox 449 3870 598 3921; x_wconf 90' lang='lat' dir='ltr'>cere,</span> <span class='ocrx_word' id='word_1_257' title='bbox 631 3854 728 3909; x_wconf 87' lang='lat' dir='ltr'>alii</span> <span class='ocrx_word' id='word_1_258' title='bbox 760 3856 1053 3928; x_wconf 86' lang='lat' dir='ltr'>navigare,</span> <span class='ocrx_word' id='word_1_259' title='bbox 1087 3861 1145 3911; x_wconf 89' lang='lat' dir='ltr'>et</span> <span class='ocrx_word' id='word_1_260' title='bbox 1173 3874 1382 3913; x_wconf 86' lang='lat' dir='ltr'>rursus</span> <span class='ocrx_word' id='word_1_261' title='bbox 1412 3858 1508 3913; x_wconf 91' lang='lat' dir='ltr'>alii</span> <span class='ocrx_word' id='word_1_262' title='bbox 1542 3860 1699 3916; x_wconf 91' lang='lat' dir='ltr'>aliud</span> <span class='ocrx_word' id='word_1_263' title='bbox 1719 3867 1808 3916; x_wconf 90' lang='lat' dir='ltr'>est</span> <span class='ocrx_word' id='word_1_264' title='bbox 1835 3861 1894 3917; x_wconf 88' lang='lat' dir='ltr'>in</span> <span class='ocrx_word' id='word_1_265' title='bbox 1927 3878 2090 3918; x_wconf 89' lang='lat' dir='ltr'>men-</span> 
     </span>
    </p>
   </div>
   <div class='ocr_carea' id='block_1_40' title="bbox 447 3942 2096 4018">
    <p class='ocr_par' dir='ltr' id='par_1_40' title="bbox 447 3942 2096 4018">
     <span class='ocr_line' id='line_1_40' title="bbox 447 3942 2096 4018; baseline 0.006 -21"><span class='ocrx_word' id='word_1_266' title='bbox 447 3948 524 3997; x_wconf 89' lang='lat' dir='ltr'>te.</span> <span class='ocrx_word' id='word_1_267' title='bbox 557 3942 910 4014; x_wconf 89' lang='lat' dir='ltr'>Plerumque</span> <span class='ocrx_word' id='word_1_268' title='bbox 948 3948 1144 3999; x_wconf 92' lang='lat' dir='ltr'>autem</span> <span class='ocrx_word' id='word_1_269' title='bbox 1191 3946 1380 4002; x_wconf 90' lang='lat' dir='ltr'>eidem</span> <span class='ocrx_word' id='word_1_270' title='bbox 1429 3952 1487 4002; x_wconf 92' lang='lat' dir='ltr'>et</span> <span class='ocrx_word' id='word_1_271' title='bbox 1528 3948 1629 4003; x_wconf 90' lang='lat' dir='ltr'>uni</span> <span class='ocrx_word' id='word_1_272' title='bbox 1686 3949 2006 4018; x_wconf 88' lang='lat' dir='ltr'>diversum,</span> <span class='ocrx_word' id='word_1_273' title='bbox 2039 3955 2096 4007; x_wconf 89' lang='lat' dir='ltr'>et</span> 
     </span>
    </p>
   </div>
   <div class='ocr_carea' id='block_1_41' title="bbox 449 4030 2096 4102">
    <p class='ocr_par' dir='ltr' id='par_1_41' title="bbox 449 4030 2096 4102">
     <span class='ocr_line' id='line_1_41' title="bbox 449 4030 2096 4102; baseline 0.007 -18"><span class='ocrx_word' id='word_1_274' title='bbox 449 4030 606 4086; x_wconf 91' lang='lat' dir='ltr'>aliud</span> <span class='ocrx_word' id='word_1_275' title='bbox 638 4030 914 4102; x_wconf 88' lang='lat' dir='ltr'>aliudque</span> <span class='ocrx_word' id='word_1_276' title='bbox 941 4037 1031 4088; x_wconf 91' lang='lat' dir='ltr'>est</span> <span class='ocrx_word' id='word_1_277' title='bbox 1087 4033 1353 4090; x_wconf 90' lang='lat' dir='ltr'>volitum.</span> <span class='ocrx_word' id='word_1_278' title='bbox 1403 4039 1657 4092; x_wconf 89' lang='lat' dir='ltr'>Vocatur</span> <span class='ocrx_word' id='word_1_279' title='bbox 1713 4042 1913 4094; x_wconf 88' lang='lat' dir='ltr'>autem</span> <span class='ocrx_word' id='word_1_280' title='bbox 1973 4040 2096 4096; x_wconf 66' lang='lat' dir='ltr'>haec</span> 
     </span>
    </p>
   </div>
   <div class='ocr_carea' id='block_1_42' title="bbox 443 4114 2093 4199">
    <p class='ocr_par' dir='ltr' id='par_1_42' title="bbox 443 4114 2093 4199">
     <span class='ocr_line' id='line_1_42' title="bbox 443 4114 2093 4199; baseline 0.007 -25"><span class='ocrx_word' id='word_1_281' title='bbox 443 4119 716 4176; x_wconf 88' lang='lat' dir='ltr'>voluntas</span> <span class='ocrx_word' id='word_1_282' title='bbox 747 4114 1069 4190; x_wconf 84' lang='lat' dir='ltr'>subjiciens</span> <span class='ocrx_word' id='word_1_283' title='bbox 1101 4122 1383 4192; x_wconf 88' lang='lat' dir='ltr'>(moralis,</span> <span class='ocrx_word' id='word_1_284' title='bbox 1419 4139 1486 4179; x_wconf 85' lang='lat' dir='ltr'>ex</span> <span class='ocrx_word' id='word_1_285' title='bbox 1535 4142 1716 4192; x_wconf 88' lang='lat' dir='ltr'>more,</span> <span class='ocrx_word' id='word_1_286' title='bbox 1740 4127 1913 4199; x_wconf 86' lang='lat' dir='ltr'>juxta</span> <span class='ocrx_word' id='word_1_287' title='bbox 1969 4145 2093 4185; x_wconf 88' lang='lat' dir='ltr'>mo-</span> 
     </span>
    </p>
   </div>
   <div class='ocr_carea' id='block_1_43' title="bbox 448 4210 2096 4284">
    <p class='ocr_par' dir='ltr' id='par_1_43' title="bbox 448 4210 2096 4284">
     <span class='ocr_line' id='line_1_43' title="bbox 448 4210 2096 4284; baseline 0.006 -20"><span class='ocrx_word' id='word_1_288' title='bbox 448 4225 592 4277; x_wconf 88' lang='lat' dir='ltr'>rem,</span> <span class='ocrx_word' id='word_1_289' title='bbox 627 4211 1024 4279; x_wconf 89' lang='lat' dir='ltr'>sententiam).</span> <span class='ocrx_word' id='word_1_290' title='bbox 1057 4211 1204 4266; x_wconf 88' lang='lat' dir='ltr'>Cum</span> <span class='ocrx_word' id='word_1_291' title='bbox 1236 4210 1417 4284; x_wconf 87' lang='lat' dir='ltr'>igitur</span> <span class='ocrx_word' id='word_1_292' title='bbox 1473 4215 1724 4270; x_wconf 87' lang='lat' dir='ltr'>duarum</span> <span class='ocrx_word' id='word_1_293' title='bbox 1769 4233 1896 4272; x_wconf 87' lang='lat' dir='ltr'>esse</span> <span class='ocrx_word' id='word_1_294' title='bbox 1928 4222 2096 4274; x_wconf 89' lang='lat' dir='ltr'>natu-</span> 
     </span>
    </p>
   </div>
   <div class='ocr_carea' id='block_1_44' title="bbox 449 4297 2092 4366">
    <p class='ocr_par' dir='ltr' id='par_1_44' title="bbox 449 4297 2092 4366">
     <span class='ocr_line' id='line_1_44' title="bbox 449 4297 2092 4366; baseline 0.006 -14"><span class='ocrx_word' id='word_1_295' title='bbox 449 4313 649 4352; x_wconf 86' lang='lat' dir='ltr'>rarum</span> <span class='ocrx_word' id='word_1_296' title='bbox 675 4297 992 4353; x_wconf 91' lang='lat' dir='ltr'>Dominum</span> <span class='ocrx_word' id='word_1_297' title='bbox 1023 4300 1393 4366; x_wconf 78' lang='lat' dir='ltr'>confitentur,</span> <span class='ocrx_word' id='word_1_298' title='bbox 1423 4303 1682 4358; x_wconf 88' lang='lat' dir='ltr'>creditur</span> <span class='ocrx_word' id='word_1_299' title='bbox 1724 4308 1782 4359; x_wconf 89' lang='lat' dir='ltr'>et</span> <span class='ocrx_word' id='word_1_300' title='bbox 1811 4305 1958 4362; x_wconf 91' lang='lat' dir='ltr'>duas</span> <span class='ocrx_word' id='word_1_301' title='bbox 1989 4306 2092 4361; x_wconf 92' lang='lat' dir='ltr'>ha-</span> 
     </span>
    </p>
   </div>
   <div class='ocr_carea' id='block_1_45' title="bbox 449 4386 2092 4463">
    <p class='ocr_par' dir='ltr' id='par_1_45' title="bbox 449 4386 2092 4463">
     <span class='ocr_line' id='line_1_45' title="bbox 449 4386 2092 4463; baseline 0.007 -25"><span class='ocrx_word' id='word_1_302' title='bbox 449 4386 584 4440; x_wconf 90' lang='lat' dir='ltr'>bere</span> <span class='ocrx_word' id='word_1_303' title='bbox 613 4386 942 4441; x_wconf 87' lang='lat' dir='ltr'>voluntates</span> <span class='ocrx_word' id='word_1_304' title='bbox 972 4387 1290 4453; x_wconf 88' lang='lat' dir='ltr'>naturales,</span> <span class='ocrx_word' id='word_1_305' title='bbox 1332 4389 1592 4446; x_wconf 89' lang='lat' dir='ltr'>divinam</span> <span class='ocrx_word' id='word_1_306' title='bbox 1643 4396 1701 4447; x_wconf 89' lang='lat' dir='ltr'>et</span> <span class='ocrx_word' id='word_1_307' title='bbox 1750 4392 2092 4463; x_wconf 89' lang='lat' dir='ltr'>humanam,</span> 
     </span>
    </p>
   </div>
   <div class='ocr_carea' id='block_1_46' title="bbox 448 4473 2096 4546">
    <p class='ocr_par' dir='ltr' id='par_1_46' title="bbox 448 4473 2096 4546">
     <span class='ocr_line' id='line_1_46' title="bbox 448 4473 2096 4546; baseline 0.004 -16"><span class='ocrx_word' id='word_1_308' title='bbox 448 4473 671 4530; x_wconf 90' lang='lat' dir='ltr'>scilicet</span> <span class='ocrx_word' id='word_1_309' title='bbox 701 4474 848 4531; x_wconf 88' lang='lat' dir='ltr'>duas</span> <span class='ocrx_word' id='word_1_310' title='bbox 879 4476 1172 4546; x_wconf 89' lang='lat' dir='ltr'>potentias</span> <span class='ocrx_word' id='word_1_311' title='bbox 1201 4476 1464 4534; x_wconf 90' lang='lat' dir='ltr'>volentes</span> <span class='ocrx_word' id='word_1_312' title='bbox 1487 4479 1560 4534; x_wconf 92' lang='lat' dir='ltr'>ab</span> <span class='ocrx_word' id='word_1_313' title='bbox 1606 4479 1853 4536; x_wconf 90' lang='lat' dir='ltr'>invicem</span> <span class='ocrx_word' id='word_1_314' title='bbox 1885 4482 2096 4538; x_wconf 90' lang='lat' dir='ltr'>distin-</span> 
     </span>
    </p>
   </div>
   <div class='ocr_carea' id='block_1_47' title="bbox 451 4563 2095 4638">
    <p class='ocr_par' dir='ltr' id='par_1_47' title="bbox 451 4563 2095 4638">
     <span class='ocr_line' id='line_1_47' title="bbox 451 4563 2095 4638; baseline 0.006 -21"><span class='ocrx_word' id='word_1_315' title='bbox 451 4566 574 4617; x_wconf 90' lang='lat' dir='ltr'>ctas</span> <span class='ocrx_word' id='word_1_316' title='bbox 605 4563 829 4618; x_wconf 82' lang='lat' dir='ltr'>ratione</span> <span class='ocrx_word' id='word_1_317' title='bbox 859 4568 1101 4618; x_wconf 81' lang='lat' dir='ltr'>naturae.</span> <span class='ocrx_word' id='word_1_318' title='bbox 1153 4569 1293 4619; x_wconf 87' lang='lat' dir='ltr'>Cum</span> <span class='ocrx_word' id='word_1_319' title='bbox 1345 4565 1526 4638; x_wconf 90' lang='lat' dir='ltr'>igitur</span> <span class='ocrx_word' id='word_1_320' title='bbox 1563 4584 1697 4623; x_wconf 91' lang='lat' dir='ltr'>eum</span> <span class='ocrx_word' id='word_1_321' title='bbox 1731 4569 1906 4625; x_wconf 90' lang='lat' dir='ltr'>unius</span> <span class='ocrx_word' id='word_1_322' title='bbox 1964 4588 2095 4627; x_wconf 90' lang='lat' dir='ltr'>esse</span> 
     </span>
    </p>
   </div>
   <div class='ocr_carea' id='block_1_48' title="bbox 449 4651 2096 4724">
    <p class='ocr_par' dir='ltr' id='par_1_48' title="bbox 449 4651 2096 4724">
     <span class='ocr_line' id='line_1_48' title="bbox 449 4651 2096 4724; baseline 0.007 -20"><span class='ocrx_word' id='word_1_323' title='bbox 449 4651 833 4722; x_wconf 86' lang='lat' dir='ltr'>hypostaseos</span> <span class='ocrx_word' id='word_1_324' title='bbox 864 4653 1257 4724; x_wconf 88' lang='lat' dir='ltr'>cognoscitur,</span> <span class='ocrx_word' id='word_1_325' title='bbox 1298 4671 1415 4710; x_wconf 88' lang='lat' dir='ltr'>non</span> <span class='ocrx_word' id='word_1_326' title='bbox 1472 4661 1709 4711; x_wconf 87' lang='lat' dir='ltr'>cautum</span> <span class='ocrx_word' id='word_1_327' title='bbox 1766 4664 1856 4713; x_wconf 90' lang='lat' dir='ltr'>est</span> <span class='ocrx_word' id='word_1_328' title='bbox 1903 4660 2096 4716; x_wconf 91' lang='lat' dir='ltr'>dicere</span> 
     </span>
    </p>
   </div>
   <div class='ocr_carea' id='block_1_49' title="bbox 2175 713 3816 791">
    <p class='ocr_par' dir='ltr' id='par_1_49' title="bbox 2175 713 3816 791">
     <span class='ocr_line' id='line_1_49' title="bbox 2175 713 3816 791; baseline -0.001 -20"><span class='ocrx_word' id='word_1_329' title='bbox 2175 715 2549 790; x_wconf 86' lang='grc' dir='ltr'>έκπλήρωσις,</span> <span class='ocrx_word' id='word_1_330' title='bbox 2605 713 2735 768; x_wconf 78' lang='grc' dir='ltr'>αὐτὸ</span> <span class='ocrx_word' id='word_1_331' title='bbox 2792 715 2854 768; x_wconf 92' lang='grc' dir='ltr'>τὸ</span> <span class='ocrx_word' id='word_1_332' title='bbox 2913 713 3218 790; x_wconf 86' lang='grc' dir='ltr'>ἐνεργητὸν,</span> <span class='ocrx_word' id='word_1_333' title='bbox 3279 714 3308 768; x_wconf 99' lang='lat'>6</span> <span class='ocrx_word' id='word_1_334' title='bbox 3363 718 3462 768; x_wconf 92' lang='grc' dir='ltr'>τοῦ</span> <span class='ocrx_word' id='word_1_335' title='bbox 3512 713 3816 791; x_wconf 87' lang='grc' dir='ltr'>πράγματος</span> 
     </span>
    </p>
   </div>
   <div class='ocr_carea' id='block_1_50' title="bbox 2175 801 3814 878">
    <p class='ocr_par' dir='ltr' id='par_1_50' title="bbox 2175 801 3814 878">
     <span class='ocr_line' id='line_1_50' title="bbox 2175 801 3814 878; baseline -0.001 -19"><span class='ocrx_word' id='word_1_336' title='bbox 2175 803 2568 876; x_wconf 83' lang='grc' dir='ltr'>ἀποτελεσμὸς,</span> <span class='ocrx_word' id='word_1_337' title='bbox 2620 805 2654 871; x_wconf 83' lang='grc' dir='ltr'>ἡ</span> <span class='ocrx_word' id='word_1_338' title='bbox 2706 802 2897 876; x_wconf 73' lang='grc' dir='ltr'>πρᾶξις</span> <span class='ocrx_word' id='word_1_339' title='bbox 2935 801 3095 872; x_wconf 78' lang='grc' dir='ltr'>αὐτή.</span> <span class='ocrx_word' id='word_1_340' title='bbox 3141 807 3310 858; x_wconf 91' lang='grc' dir='ltr'>Τοῦτο</span> <span class='ocrx_word' id='word_1_341' title='bbox 3363 801 3428 872; x_wconf 80' lang='grc' dir='ltr'>δὴ</span> <span class='ocrx_word' id='word_1_342' title='bbox 3472 805 3534 858; x_wconf 91' lang='grc' dir='ltr'>τὸ</span> <span class='ocrx_word' id='word_1_343' title='bbox 3581 801 3814 878; x_wconf 88' lang='grc' dir='ltr'>δεύτερον</span> 
     </span>
    </p>
   </div>
   <div class='ocr_carea' id='block_1_51' title="bbox 2176 891 3812 968">
    <p class='ocr_par' dir='ltr' id='par_1_51' title="bbox 2176 891 3812 968">
     <span class='ocr_line' id='line_1_51' title="bbox 2176 891 3812 968; baseline 0.001 -22"><span class='ocrx_word' id='word_1_344' title='bbox 2176 892 2576 966; x_wconf 78' lang='grc' dir='ltr'>σημαινόμενον</span> <span class='ocrx_word' id='word_1_345' title='bbox 2668 899 2766 961; x_wconf 80' lang='grc' dir='ltr'>τῆς</span> <span class='ocrx_word' id='word_1_346' title='bbox 2872 891 3138 967; x_wconf 78' lang='grc' dir='ltr'>ἐνεργείας</span> <span class='ocrx_word' id='word_1_347' title='bbox 3235 893 3678 968; x_wconf 86' lang='grc' dir='ltr'>προσαρμοστέον</span> <span class='ocrx_word' id='word_1_348' title='bbox 3752 899 3812 961; x_wconf 82' lang='grc' dir='ltr'>τῆ</span> 
     </span>
    </p>
   </div>
   <div class='ocr_carea' id='block_1_52' title="bbox 2176 979 3815 1057">
    <p class='ocr_par' dir='ltr' id='par_1_52' title="bbox 2176 979 3815 1057">
     <span class='ocr_line' id='line_1_52' title="bbox 2176 979 3815 1057; baseline -0.001 -21"><span class='ocrx_word' id='word_1_349' title='bbox 2176 979 2485 1054; x_wconf 80' lang='grc' dir='ltr'>θεανδρικῆ.</span> <span class='ocrx_word' id='word_1_350' title='bbox 2537 982 2894 1056; x_wconf 85' lang='grc' dir='ltr'>Θεανθρώπου</span> <span class='ocrx_word' id='word_1_351' title='bbox 2962 981 3064 1056; x_wconf 76' lang='grc' dir='ltr'>γὰρ</span> <span class='ocrx_word' id='word_1_352' title='bbox 3133 980 3474 1056; x_wconf 82' lang='grc' dir='ltr'>ὑπάρχοντος</span> <span class='ocrx_word' id='word_1_353' title='bbox 3534 985 3632 1036; x_wconf 88' lang='grc' dir='ltr'>τοῦ</span> <span class='ocrx_word' id='word_1_354' title='bbox 3697 987 3815 1057; x_wconf 83' lang='grc' dir='ltr'>Χρι-</span> 
     </span>
    </p>
   </div>
   <div class='ocr_carea' id='block_1_53' title="bbox 2179 1067 3819 1146">
    <p class='ocr_par' dir='ltr' id='par_1_53' title="bbox 2179 1067 3819 1146">
     <span class='ocr_line' id='line_1_53' title="bbox 2179 1067 3819 1146; baseline -0.001 -21"><span class='ocrx_word' id='word_1_355' title='bbox 2179 1075 2308 1126; x_wconf 86' lang='grc' dir='ltr'>στοῦ</span> <span class='ocrx_word' id='word_1_356' title='bbox 2338 1069 2427 1124; x_wconf 87' lang='grc' dir='ltr'>καὶ</span> <span class='ocrx_word' id='word_1_357' title='bbox 2457 1075 2601 1124; x_wconf 82' lang='grc' dir='ltr'>πᾶσα</span> <span class='ocrx_word' id='word_1_358' title='bbox 2629 1069 2820 1140; x_wconf 78' lang='grc' dir='ltr'>πρᾶξις</span> <span class='ocrx_word' id='word_1_359' title='bbox 2853 1068 3016 1124; x_wconf 86' lang='grc' dir='ltr'>αὐτοῦ</span> <span class='ocrx_word' id='word_1_360' title='bbox 3046 1071 3418 1146; x_wconf 74' lang='grc' dir='ltr'>θεανθρωπινὴ</span> <span class='ocrx_word' id='word_1_361' title='bbox 3448 1071 3538 1125; x_wconf 82' lang='grc' dir='ltr'>καὶ</span> <span class='ocrx_word' id='word_1_362' title='bbox 3585 1067 3819 1143; x_wconf 83' lang='grc' dir='ltr'>θέανδρι-</span> 
     </span>
    </p>
   </div>
   <div class='ocr_carea' id='block_1_54' title="bbox 2178 1156 3816 1236">
    <p class='ocr_par' dir='ltr' id='par_1_54' title="bbox 2178 1156 3816 1236">
     <span class='ocr_line' id='line_1_54' title="bbox 2178 1156 3816 1236; baseline 0 -22"><span class='ocrx_word' id='word_1_363' title='bbox 2178 1161 2272 1230; x_wconf 83' lang='grc' dir='ltr'>κή.</span> <span class='ocrx_word' id='word_1_364' title='bbox 2303 1158 2374 1213; x_wconf 91' lang='grc' dir='ltr'>Τὸ</span> <span class='ocrx_word' id='word_1_365' title='bbox 2405 1156 2450 1212; x_wconf 86' lang='grc' dir='ltr'>δ’</span> <span class='ocrx_word' id='word_1_366' title='bbox 2483 1157 2625 1213; x_wconf 74' lang='grc' dir='ltr'>οὕτω</span> <span class='ocrx_word' id='word_1_367' title='bbox 2673 1157 2850 1233; x_wconf 88' lang='grc' dir='ltr'>λέγειν</span> <span class='ocrx_word' id='word_1_368' title='bbox 2903 1158 2964 1212; x_wconf 81' lang='grc' dir='ltr'>ού</span> <span class='ocrx_word' id='word_1_369' title='bbox 3011 1157 3157 1236; x_wconf 81' lang='grc' dir='ltr'>φέρει</span> <span class='ocrx_word' id='word_1_370' title='bbox 3208 1158 3472 1234; x_wconf 87' lang='grc' dir='ltr'>σύγχυσιν</span> <span class='ocrx_word' id='word_1_371' title='bbox 3515 1165 3634 1222; x_wconf 87' lang='grc' dir='ltr'>ταῖς</span> <span class='ocrx_word' id='word_1_372' title='bbox 3683 1159 3816 1233; x_wconf 75' lang='grc' dir='ltr'>ἐνερ-</span> 
     </span>
    </p>
   </div>
   <div class='ocr_carea' id='block_1_55' title="bbox 2179 1245 3819 1324">
    <p class='ocr_par' dir='ltr' id='par_1_55' title="bbox 2179 1245 3819 1324">
     <span class='ocr_line' id='line_1_55' title="bbox 2179 1245 3819 1324; baseline -0.001 -22"><span class='ocrx_word' id='word_1_373' title='bbox 2179 1247 2350 1324; x_wconf 90' lang='grc' dir='ltr'>γείαις</span> <span class='ocrx_word' id='word_1_374' title='bbox 2407 1252 2524 1308; x_wconf 91' lang='grc' dir='ltr'>ταῖς</span> <span class='ocrx_word' id='word_1_375' title='bbox 2582 1253 2853 1324; x_wconf 79' lang='grc' dir='ltr'>φυσικαῖς,</span> <span class='ocrx_word' id='word_1_376' title='bbox 2900 1245 3028 1302; x_wconf 85' lang='grc' dir='ltr'>ἀλλ’</span> <span class='ocrx_word' id='word_1_377' title='bbox 3065 1247 3160 1302; x_wconf 68' lang='grc' dir='ltr'>’ἕνα</span> <span class='ocrx_word' id='word_1_378' title='bbox 3213 1247 3302 1302; x_wconf 83' lang='grc' dir='ltr'>καὶ</span> <span class='ocrx_word' id='word_1_379' title='bbox 3357 1248 3451 1303; x_wconf 88' lang='grc' dir='ltr'>τὸν</span> <span class='ocrx_word' id='word_1_380' title='bbox 3490 1247 3648 1303; x_wconf 82' lang='grc' dir='ltr'>αὑτὸν</span> <span class='ocrx_word' id='word_1_381' title='bbox 3698 1248 3819 1303; x_wconf 80' lang='grc' dir='ltr'>εἶναι</span> 
     </span>
    </p>
   </div>
   <div class='ocr_carea' id='block_1_56' title="bbox 2184 1334 3821 1415">
    <p class='ocr_par' dir='ltr' id='par_1_56' title="bbox 2184 1334 3821 1415">
     <span class='ocr_line' id='line_1_56' title="bbox 2184 1334 3821 1415; baseline 0.001 -24"><span class='ocrx_word' id='word_1_382' title='bbox 2184 1334 2434 1415; x_wconf 75' lang='grc' dir='ltr'>διασαφεῖ</span> <span class='ocrx_word' id='word_1_383' title='bbox 2494 1334 2583 1391; x_wconf 76' lang='grc' dir='ltr'>τὸν</span> <span class='ocrx_word' id='word_1_384' title='bbox 2654 1337 2973 1412; x_wconf 78' lang='grc' dir='ltr'>ἐνεργοῦντα</span> <span class='ocrx_word' id='word_1_385' title='bbox 3036 1335 3125 1391; x_wconf 83' lang='grc' dir='ltr'>καί</span> <span class='ocrx_word' id='word_1_386' title='bbox 3204 1338 3396 1399; x_wconf 82' lang='grc' dir='ltr'>θεϊκῶς</span> <span class='ocrx_word' id='word_1_387' title='bbox 3469 1337 3558 1392; x_wconf 84' lang='grc' dir='ltr'>καὶ</span> <span class='ocrx_word' id='word_1_388' title='bbox 3627 1338 3821 1414; x_wconf 86' lang='grc' dir='ltr'>ἀνθρω-</span> 
     </span>
    </p>
   </div>
   <div class='ocr_carea' id='block_1_57' title="bbox 2182 1422 3826 1502">
    <p class='ocr_par' dir='ltr' id='par_1_57' title="bbox 2182 1422 3826 1502">
     <span class='ocr_line' id='line_1_57' title="bbox 2182 1422 3826 1502; baseline 0.001 -22"><span class='ocrx_word' id='word_1_389' title='bbox 2182 1430 2384 1495; x_wconf 83' lang='grc' dir='ltr'>πικῶς,</span> <span class='ocrx_word' id='word_1_390' title='bbox 2415 1423 2538 1480; x_wconf 71' lang='grc' dir='ltr'>οὔτε</span> <span class='ocrx_word' id='word_1_391' title='bbox 2587 1425 2654 1479; x_wconf 80' lang='grc' dir='ltr'>τὰ</span> <span class='ocrx_word' id='word_1_392' title='bbox 2699 1427 2814 1480; x_wconf 91' lang='grc' dir='ltr'>θεῖα</span> <span class='ocrx_word' id='word_1_393' title='bbox 2859 1425 2996 1480; x_wconf 85' lang='grc' dir='ltr'>κατά</span> <span class='ocrx_word' id='word_1_394' title='bbox 3037 1425 3188 1498; x_wconf 83' lang='grc' dir='ltr'>Θεὸν,</span> <span class='ocrx_word' id='word_1_395' title='bbox 3229 1426 3510 1501; x_wconf 79' lang='grc' dir='ltr'>ἅνθρωπος</span> <span class='ocrx_word' id='word_1_396' title='bbox 3557 1427 3678 1502; x_wconf 72' lang='grc' dir='ltr'>γὰρ,</span> <span class='ocrx_word' id='word_1_397' title='bbox 3711 1422 3826 1482; x_wconf 74' lang='grc' dir='ltr'>οὔτε</span> 
     </span>
    </p>
   </div>
   <div class='ocr_carea' id='block_1_58' title="bbox 2184 1513 3825 1591">
    <p class='ocr_par' dir='ltr' id='par_1_58' title="bbox 2184 1513 3825 1591">
     <span class='ocr_line' id='line_1_58' title="bbox 2184 1513 3825 1591; baseline 0.001 -22"><span class='ocrx_word' id='word_1_398' title='bbox 2184 1516 2300 1570; x_wconf 90' lang='grc' dir='ltr'>κατ’</span> <span class='ocrx_word' id='word_1_399' title='bbox 2331 1513 2611 1589; x_wconf 80' lang='grc' dir='ltr'>ἄνθρωπον</span> <span class='ocrx_word' id='word_1_400' title='bbox 2678 1515 2746 1568; x_wconf 83' lang='grc' dir='ltr'>τὰ</span> <span class='ocrx_word' id='word_1_401' title='bbox 2800 1513 3131 1591; x_wconf 85' lang='grc' dir='ltr'>ἀνθρώπινα,</span> <span class='ocrx_word' id='word_1_402' title='bbox 3191 1515 3323 1577; x_wconf 84' lang='grc' dir='ltr'>Θεὸς</span> <span class='ocrx_word' id='word_1_403' title='bbox 3378 1517 3503 1591; x_wconf 86' lang='grc' dir='ltr'>γάρ.</span> <span class='ocrx_word' id='word_1_404' title='bbox 3564 1514 3825 1576; x_wconf 82' lang='grc' dir='ltr'>Ὡσαύτως</span> 
     </span>
    </p>
   </div>
   <div class='ocr_carea' id='block_1_59' title="bbox 2185 1602 3824 1681">
    <p class='ocr_par' dir='ltr' id='par_1_59' title="bbox 2185 1602 3824 1681">
     <span class='ocr_line' id='line_1_59' title="bbox 2185 1602 3824 1681; baseline -0.001 -22"><span class='ocrx_word' id='word_1_405' title='bbox 2185 1604 2275 1659; x_wconf 64' lang='grc' dir='ltr'>καὶ</span> <span class='ocrx_word' id='word_1_406' title='bbox 2321 1605 2349 1658; x_wconf 90' lang='lat'>6</span> <span class='ocrx_word' id='word_1_407' title='bbox 2401 1603 2524 1676; x_wconf 89' lang='grc' dir='ltr'>μίαν</span> <span class='ocrx_word' id='word_1_408' title='bbox 2573 1603 2728 1681; x_wconf 82' lang='grc' dir='ltr'>φύσιν</span> <span class='ocrx_word' id='word_1_409' title='bbox 2775 1602 3010 1679; x_wconf 75' lang='grc' dir='ltr'>εἰρηκὼς</span> <span class='ocrx_word' id='word_1_410' title='bbox 3060 1606 3157 1657; x_wconf 89' lang='grc' dir='ltr'>τοῦ</span> <span class='ocrx_word' id='word_1_411' title='bbox 3223 1607 3357 1659; x_wconf 92' lang='grc' dir='ltr'>Θεοῦ</span> <span class='ocrx_word' id='word_1_412' title='bbox 3405 1603 3581 1679; x_wconf 84' lang='grc' dir='ltr'>Λόγου</span> <span class='ocrx_word' id='word_1_413' title='bbox 3648 1623 3824 1678; x_wconf 88' lang='grc' dir='ltr'>σεσαρ-</span> 
     </span>
    </p>
   </div>
   <div class='ocr_carea' id='block_1_60' title="bbox 2186 1690 3824 1769">
    <p class='ocr_par' dir='ltr' id='par_1_60' title="bbox 2186 1690 3824 1769">
     <span class='ocr_line' id='line_1_60' title="bbox 2186 1690 3824 1769; baseline 0 -21"><span class='ocrx_word' id='word_1_414' title='bbox 2186 1693 2442 1765; x_wconf 90' lang='grc' dir='ltr'>κωμένην</span> <span class='ocrx_word' id='word_1_415' title='bbox 2497 1693 2751 1769; x_wconf 80' lang='grc' dir='ltr'>προσθεὶς</span> <span class='ocrx_word' id='word_1_416' title='bbox 2804 1694 2904 1762; x_wconf 71' lang='grc' dir='ltr'>τὴν</span> <span class='ocrx_word' id='word_1_417' title='bbox 2959 1691 3217 1761; x_wconf 81' lang='grc' dir='ltr'>τοιαύτην</span> <span class='ocrx_word' id='word_1_418' title='bbox 3277 1690 3487 1748; x_wconf 84' lang='grc' dir='ltr'>ἀνεῖλεν</span> <span class='ocrx_word' id='word_1_419' title='bbox 3557 1693 3824 1748; x_wconf 81' lang='grc' dir='ltr'>ὑπόνοιαν.</span> 
     </span>
    </p>
   </div>
   <div class='ocr_carea' id='block_1_61' title="bbox 2187 1778 3828 1860">
    <p class='ocr_par' dir='ltr' id='par_1_61' title="bbox 2187 1778 3828 1860">
     <span class='ocr_line' id='line_1_61' title="bbox 2187 1778 3828 1860; baseline -0.002 -22"><span class='ocrx_word' id='word_1_420' title='bbox 2187 1782 2376 1858; x_wconf 89' lang='grc' dir='ltr'>Ἑτέρα</span> <span class='ocrx_word' id='word_1_421' title='bbox 2404 1782 2507 1859; x_wconf 79' lang='grc' dir='ltr'>γὰρ</span> <span class='ocrx_word' id='word_1_422' title='bbox 2539 1785 2574 1852; x_wconf 79' lang='grc' dir='ltr'>ἡ</span> <span class='ocrx_word' id='word_1_423' title='bbox 2609 1783 2786 1858; x_wconf 84' lang='grc' dir='ltr'>Λόγου</span> <span class='ocrx_word' id='word_1_424' title='bbox 2843 1780 3020 1860; x_wconf 79' lang='grc' dir='ltr'>φύσις,</span> <span class='ocrx_word' id='word_1_425' title='bbox 3053 1778 3226 1856; x_wconf 77' lang='grc' dir='ltr'>ἤγουν</span> <span class='ocrx_word' id='word_1_426' title='bbox 3284 1784 3318 1850; x_wconf 77' lang='grc' dir='ltr'>ἡ</span> <span class='ocrx_word' id='word_1_427' title='bbox 3379 1782 3516 1854; x_wconf 85' lang='grc' dir='ltr'>θεία,</span> <span class='ocrx_word' id='word_1_428' title='bbox 3548 1781 3639 1837; x_wconf 87' lang='grc' dir='ltr'>καὶ</span> <span class='ocrx_word' id='word_1_429' title='bbox 3686 1782 3828 1856; x_wconf 73' lang='grc' dir='ltr'>ἑτέρα</span> 
     </span>
    </p>
   </div>
   <div class='ocr_carea' id='block_1_62' title="bbox 2189 1867 3825 1947">
    <p class='ocr_par' dir='ltr' id='par_1_62' title="bbox 2189 1867 3825 1947">
     <span class='ocr_line' id='line_1_62' title="bbox 2189 1867 3825 1947; baseline -0.002 -21"><span class='ocrx_word' id='word_1_430' title='bbox 2189 1869 2353 1927; x_wconf 77' lang='grc' dir='ltr'>πάλιν</span> <span class='ocrx_word' id='word_1_431' title='bbox 2402 1874 2438 1941; x_wconf 82' lang='grc' dir='ltr'>ἡ</span> <span class='ocrx_word' id='word_1_432' title='bbox 2486 1878 2588 1940; x_wconf 82' lang='grc' dir='ltr'>τῆς</span> <span class='ocrx_word' id='word_1_433' title='bbox 2641 1871 2835 1947; x_wconf 88' lang='grc' dir='ltr'>σαρκὸς</span> <span class='ocrx_word' id='word_1_434' title='bbox 2883 1868 3008 1940; x_wconf 75' lang='grc' dir='ltr'>ἤτοι</span> <span class='ocrx_word' id='word_1_435' title='bbox 3050 1873 3084 1940; x_wconf 80' lang='grc' dir='ltr'>ἡ</span> <span class='ocrx_word' id='word_1_436' title='bbox 3138 1873 3479 1944; x_wconf 79' lang='grc' dir='ltr'>ἀνθρωπική,</span> <span class='ocrx_word' id='word_1_437' title='bbox 3521 1867 3825 1946; x_wconf 87' lang='grc' dir='ltr'>συνεκδοχι-</span> 
     </span>
    </p>
   </div>
   <div class='ocr_carea' id='block_1_63' title="bbox 2189 1957 3825 2037">
    <p class='ocr_par' dir='ltr' id='par_1_63' title="bbox 2189 1957 3825 2037">
     <span class='ocr_line' id='line_1_63' title="bbox 2189 1957 3825 2037; baseline -0.002 -22"><span class='ocrx_word' id='word_1_438' title='bbox 2189 1965 2298 2023; x_wconf 91' lang='grc' dir='ltr'>κῶς</span> <span class='ocrx_word' id='word_1_439' title='bbox 2347 1957 2530 2034; x_wconf 74' lang='grc' dir='ltr'>ἕτερον</span> <span class='ocrx_word' id='word_1_440' title='bbox 2587 1957 2806 2032; x_wconf 83' lang='grc' dir='ltr'>θέλημα</span> <span class='ocrx_word' id='word_1_441' title='bbox 2845 1966 2945 2028; x_wconf 83' lang='grc' dir='ltr'>τῆς</span> <span class='ocrx_word' id='word_1_442' title='bbox 3008 1957 3153 2024; x_wconf 84' lang='grc' dir='ltr'>θείας</span> <span class='ocrx_word' id='word_1_443' title='bbox 3220 1958 3453 2037; x_wconf 81' lang='grc' dir='ltr'>φύσεως,</span> <span class='ocrx_word' id='word_1_444' title='bbox 3497 1960 3589 2014; x_wconf 85' lang='grc' dir='ltr'>καὶ</span> <span class='ocrx_word' id='word_1_445' title='bbox 3649 1957 3825 2034; x_wconf 71' lang='grc' dir='ltr'>ἕτερον</span> 
     </span>
    </p>
   </div>
   <div class='ocr_carea' id='block_1_64' title="bbox 2185 2044 3826 2124">
    <p class='ocr_par' dir='ltr' id='par_1_64' title="bbox 2185 2044 3826 2124">
     <span class='ocr_line' id='line_1_64' title="bbox 2185 2044 3826 2124; baseline -0.002 -20"><span class='ocrx_word' id='word_1_446' title='bbox 2185 2052 2283 2118; x_wconf 76' lang='grc' dir='ltr'>τῆς</span> <span class='ocrx_word' id='word_1_447' title='bbox 2332 2049 2700 2124; x_wconf 81' lang='grc' dir='ltr'>ἀνθρωπικῆς.</span> <span class='ocrx_word' id='word_1_448' title='bbox 2753 2047 2981 2121; x_wconf 88' lang='grc' dir='ltr'>Θέλημα</span> <span class='ocrx_word' id='word_1_449' title='bbox 3027 2045 3086 2103; x_wconf 76' lang='grc' dir='ltr'>δὲ</span> <span class='ocrx_word' id='word_1_450' title='bbox 3146 2051 3246 2118; x_wconf 76' lang='grc' dir='ltr'>τὴν</span> <span class='ocrx_word' id='word_1_451' title='bbox 3302 2044 3525 2119; x_wconf 80' lang='grc' dir='ltr'>θέλησιν</span> <span class='ocrx_word' id='word_1_452' title='bbox 3585 2048 3826 2124; x_wconf 84' lang='grc' dir='ltr'>λέγομεν,</span> 
     </span>
    </p>
   </div>
   <div class='ocr_carea' id='block_1_65' title="bbox 2189 2134 3830 2211">
    <p class='ocr_par' dir='ltr' id='par_1_65' title="bbox 2189 2134 3830 2211">
     <span class='ocr_line' id='line_1_65' title="bbox 2189 2134 3830 2211; baseline -0.002 -18"><span class='ocrx_word' id='word_1_453' title='bbox 2189 2138 2356 2206; x_wconf 76' lang='grc' dir='ltr'>αὐτὴν</span> <span class='ocrx_word' id='word_1_454' title='bbox 2382 2139 2480 2206; x_wconf 78' lang='grc' dir='ltr'>τὴν</span> <span class='ocrx_word' id='word_1_455' title='bbox 2531 2134 2757 2209; x_wconf 88' lang='grc' dir='ltr'>δύναμιν</span> <span class='ocrx_word' id='word_1_456' title='bbox 2806 2138 2905 2206; x_wconf 78' lang='grc' dir='ltr'>τὴν</span> <span class='ocrx_word' id='word_1_457' title='bbox 2947 2135 3262 2211; x_wconf 83' lang='grc' dir='ltr'>θελητικὴν,</span> <span class='ocrx_word' id='word_1_458' title='bbox 3293 2137 3414 2207; x_wconf 75' lang='grc' dir='ltr'>ἥτις</span> <span class='ocrx_word' id='word_1_459' title='bbox 3465 2137 3576 2193; x_wconf 82' lang='grc' dir='ltr'>ἐστὶ</span> <span class='ocrx_word' id='word_1_460' title='bbox 3624 2135 3830 2209; x_wconf 85' lang='grc' dir='ltr'>θέλημα</span> 
     </span>
    </p>
   </div>
   <div class='ocr_carea' id='block_1_66' title="bbox 2193 2225 3827 2304">
    <p class='ocr_par' dir='ltr' id='par_1_66' title="bbox 2193 2225 3827 2304">
     <span class='ocr_line' id='line_1_66' title="bbox 2193 2225 3827 2304; baseline -0.001 -22"><span class='ocrx_word' id='word_1_461' title='bbox 2193 2226 2434 2304; x_wconf 80' lang='grc' dir='ltr'>φυσικόν.</span> <span class='ocrx_word' id='word_1_462' title='bbox 2469 2227 2540 2281; x_wconf 90' lang='grc' dir='ltr'>Τὸ</span> <span class='ocrx_word' id='word_1_463' title='bbox 2586 2225 2766 2281; x_wconf 83' lang='grc' dir='ltr'>τοίνυν</span> <span class='ocrx_word' id='word_1_464' title='bbox 2813 2229 2913 2295; x_wconf 73' lang='grc' dir='ltr'>τῆς</span> <span class='ocrx_word' id='word_1_465' title='bbox 2959 2226 3304 2302; x_wconf 82' lang='grc' dir='ltr'>ἀνθρωπίνης</span> <span class='ocrx_word' id='word_1_466' title='bbox 3353 2226 3575 2300; x_wconf 83' lang='grc' dir='ltr'>θέλημα</span> <span class='ocrx_word' id='word_1_467' title='bbox 3629 2225 3827 2304; x_wconf 76' lang='grc' dir='ltr'>φύσεως</span> 
     </span>
    </p>
   </div>
   <div class='ocr_carea' id='block_1_67' title="bbox 2196 2310 3832 2392">
    <p class='ocr_par' dir='ltr' id='par_1_67' title="bbox 2196 2310 3832 2392">
     <span class='ocr_line' id='line_1_67' title="bbox 2196 2310 3832 2392; baseline -0.002 -20"><span class='ocrx_word' id='word_1_468' title='bbox 2196 2319 2224 2372; x_wconf 93' lang='lat'>6</span> <span class='ocrx_word' id='word_1_469' title='bbox 2253 2316 2452 2392; x_wconf 81' lang='grc' dir='ltr'>Κύριος</span> <span class='ocrx_word' id='word_1_470' title='bbox 2499 2310 2971 2391; x_wconf 73' lang='grc' dir='ltr'>προσλαϐόμενος,</span> <span class='ocrx_word' id='word_1_471' title='bbox 3023 2315 3112 2371; x_wconf 86' lang='grc' dir='ltr'>καὶ</span> <span class='ocrx_word' id='word_1_472' title='bbox 3154 2317 3357 2380; x_wconf 86' lang='grc' dir='ltr'>θεώσας</span> <span class='ocrx_word' id='word_1_473' title='bbox 3410 2315 3544 2370; x_wconf 86' lang='grc' dir='ltr'>αὐτὸ</span> <span class='ocrx_word' id='word_1_474' title='bbox 3594 2313 3832 2390; x_wconf 87' lang='grc' dir='ltr'>διετήρη-</span> 
     </span>
    </p>
   </div>
   <div class='ocr_carea' id='block_1_68' title="bbox 2197 2403 3831 2480">
    <p class='ocr_par' dir='ltr' id='par_1_68' title="bbox 2197 2403 3831 2480">
     <span class='ocr_line' id='line_1_68' title="bbox 2197 2403 3831 2480; baseline -0.002 -20"><span class='ocrx_word' id='word_1_475' title='bbox 2197 2426 2282 2460; x_wconf 91' lang='grc' dir='ltr'>σεν</span> <span class='ocrx_word' id='word_1_476' title='bbox 2355 2403 2486 2480; x_wconf 79' lang='grc' dir='ltr'>ὅπερ</span> <span class='ocrx_word' id='word_1_477' title='bbox 2561 2404 2628 2473; x_wconf 81' lang='grc' dir='ltr'>ἦν</span> <span class='ocrx_word' id='word_1_478' title='bbox 2695 2403 2830 2459; x_wconf 74' lang='grc' dir='ltr'>κατὰ</span> <span class='ocrx_word' id='word_1_479' title='bbox 2894 2404 3049 2478; x_wconf 81' lang='grc' dir='ltr'>φύσιν</span> <span class='ocrx_word' id='word_1_480' title='bbox 3117 2404 3471 2480; x_wconf 88' lang='grc' dir='ltr'>ἀνθρώπινον.</span> <span class='ocrx_word' id='word_1_481' title='bbox 3518 2404 3619 2460; x_wconf 85' lang='grc' dir='ltr'>Καὶ</span> <span class='ocrx_word' id='word_1_482' title='bbox 3683 2407 3831 2458; x_wconf 87' lang='grc' dir='ltr'>τοῦτο</span> 
     </span>
    </p>
   </div>
   <div class='ocr_carea' id='block_1_69' title="bbox 2197 2491 3830 2569">
    <p class='ocr_par' dir='ltr' id='par_1_69' title="bbox 2197 2491 3830 2569">
     <span class='ocr_line' id='line_1_69' title="bbox 2197 2491 3830 2569; baseline -0.002 -21"><span class='ocrx_word' id='word_1_483' title='bbox 2197 2496 2530 2569; x_wconf 74' lang='grc' dir='ltr'>παραστῆναι</span> <span class='ocrx_word' id='word_1_484' title='bbox 2585 2491 2916 2568; x_wconf 89' lang='grc' dir='ltr'>βουλόμενος</span> <span class='ocrx_word' id='word_1_485' title='bbox 2969 2492 3228 2568; x_wconf 82' lang='grc' dir='ltr'>ἐναργῶς,</span> <span class='ocrx_word' id='word_1_486' title='bbox 3261 2492 3517 2550; x_wconf 84' lang='grc' dir='ltr'>εἰσελθὼν</span> <span class='ocrx_word' id='word_1_487' title='bbox 3569 2493 3644 2555; x_wconf 79' lang='grc' dir='ltr'>εἰς</span> <span class='ocrx_word' id='word_1_488' title='bbox 3693 2491 3830 2548; x_wconf 77' lang='grc' dir='ltr'>οἷκον</span> 
     </span>
    </p>
   </div>
   <div class='ocr_carea' id='block_1_70' title="bbox 2200 2579 3836 2658">
    <p class='ocr_par' dir='ltr' id='par_1_70' title="bbox 2200 2579 3836 2658">
     <span class='ocr_line' id='line_1_70' title="bbox 2200 2579 3836 2658; baseline -0.002 -21"><span class='ocrx_word' id='word_1_489' title='bbox 2200 2581 2253 2637; x_wconf 82' lang='grc' dir='ltr'>έν</span> <span class='ocrx_word' id='word_1_490' title='bbox 2298 2587 2413 2644; x_wconf 86' lang='grc' dir='ltr'>τοῖς</span> <span class='ocrx_word' id='word_1_491' title='bbox 2469 2583 2652 2658; x_wconf 87' lang='grc' dir='ltr'>μέρεσι</span> <span class='ocrx_word' id='word_1_492' title='bbox 2707 2582 2880 2657; x_wconf 80' lang='grc' dir='ltr'>Τύρου</span> <span class='ocrx_word' id='word_1_493' title='bbox 2925 2582 3016 2637; x_wconf 88' lang='grc' dir='ltr'>καὶ</span> <span class='ocrx_word' id='word_1_494' title='bbox 3064 2579 3327 2654; x_wconf 79' lang='grc' dir='ltr'>Σιδῶνος,</span> <span class='ocrx_word' id='word_1_495' title='bbox 3374 2579 3569 2638; x_wconf 82' lang='grc' dir='ltr'>οὐδένα</span> <span class='ocrx_word' id='word_1_496' title='bbox 3611 2579 3836 2652; x_wconf 80' lang='grc' dir='ltr'>ἠθέλησε</span> 
     </span>
    </p>
   </div>
   <div class='ocr_carea' id='block_1_71' title="bbox 2197 2668 3839 2750">
    <p class='ocr_par' dir='ltr' id='par_1_71' title="bbox 2197 2668 3839 2750">
     <span class='ocr_line' id='line_1_71' title="bbox 2197 2668 3839 2750; baseline -0.001 -24"><span class='ocrx_word' id='word_1_497' title='bbox 2197 2675 2422 2748; x_wconf 81' lang='grc' dir='ltr'>γνῶναι,</span> <span class='ocrx_word' id='word_1_498' title='bbox 2451 2670 2542 2726; x_wconf 89' lang='grc' dir='ltr'>καὶ</span> <span class='ocrx_word' id='word_1_499' title='bbox 2597 2670 2696 2726; x_wconf 84' lang='grc' dir='ltr'>οὐκ</span> <span class='ocrx_word' id='word_1_500' title='bbox 2750 2669 2993 2741; x_wconf 79' lang='grc' dir='ltr'>ἠδυνήθη</span> <span class='ocrx_word' id='word_1_501' title='bbox 3045 2668 3256 2726; x_wconf 84' lang='grc' dir='ltr'>λαλεῖν·</span> <span class='ocrx_word' id='word_1_502' title='bbox 3318 2670 3684 2744; x_wconf 76' lang='grc' dir='ltr'>οἰκονομικῶς</span> <span class='ocrx_word' id='word_1_503' title='bbox 3739 2669 3839 2750; x_wconf 28' lang='grc' dir='ltr'>γὰρ,</span> 
     </span>
    </p>
   </div>
   <div class='ocr_carea' id='block_1_72' title="bbox 2201 2755 3837 2833">
    <p class='ocr_par' dir='ltr' id='par_1_72' title="bbox 2201 2755 3837 2833">
     <span class='ocr_line' id='line_1_72' title="bbox 2201 2755 3837 2833; baseline -0.001 -20"><span class='ocrx_word' id='word_1_504' title='bbox 2201 2761 2435 2830; x_wconf 78' lang='grc' dir='ltr'>θελήσας</span> <span class='ocrx_word' id='word_1_505' title='bbox 2500 2757 2682 2814; x_wconf 86' lang='grc' dir='ltr'>λαθεῖν</span> <span class='ocrx_word' id='word_1_506' title='bbox 2753 2758 2815 2814; x_wconf 86' lang='grc' dir='ltr'>οὑ</span> <span class='ocrx_word' id='word_1_507' title='bbox 2883 2756 3163 2831; x_wconf 82' lang='grc' dir='ltr'>δεδύνητο,</span> <span class='ocrx_word' id='word_1_508' title='bbox 3216 2756 3482 2815; x_wconf 81' lang='grc' dir='ltr'>διδάσκων</span> <span class='ocrx_word' id='word_1_509' title='bbox 3547 2762 3696 2833; x_wconf 52' lang='grc' dir='ltr'>ὑμᾶς</span> <span class='ocrx_word' id='word_1_510' title='bbox 3754 2755 3837 2813; x_wconf 84' lang='grc' dir='ltr'>διὰ</span> 
     </span>
    </p>
   </div>
   <div class='ocr_carea' id='block_1_73' title="bbox 2196 2846 3833 2924">
    <p class='ocr_par' dir='ltr' id='par_1_73' title="bbox 2196 2846 3833 2924">
     <span class='ocr_line' id='line_1_73' title="bbox 2196 2846 3833 2924; baseline -0.001 -22"><span class='ocrx_word' id='word_1_511' title='bbox 2196 2851 2304 2903; x_wconf 88' lang='grc' dir='ltr'>τῶν</span> <span class='ocrx_word' id='word_1_512' title='bbox 2375 2847 2711 2924; x_wconf 82' lang='grc' dir='ltr'>πραγμάτων</span> <span class='ocrx_word' id='word_1_513' title='bbox 2787 2847 2988 2918; x_wconf 79' lang='grc' dir='ltr'>αὐτῶν,</span> <span class='ocrx_word' id='word_1_514' title='bbox 3044 2847 3127 2903; x_wconf 77' lang='grc' dir='ltr'>δτι</span> <span class='ocrx_word' id='word_1_515' title='bbox 3183 2847 3246 2903; x_wconf 89' lang='grc' dir='ltr'>τὸ</span> <span class='ocrx_word' id='word_1_516' title='bbox 3315 2854 3416 2917; x_wconf 55' lang='grc' dir='ltr'>ἧς</span> <span class='ocrx_word' id='word_1_517' title='bbox 3503 2846 3833 2924; x_wconf 86' lang='grc' dir='ltr'>ἀνθρωπίνης</span> 
     </span>
    </p>
   </div>
   <div class='ocr_carea' id='block_1_74' title="bbox 2199 2934 3832 3013">
    <p class='ocr_par' dir='ltr' id='par_1_74' title="bbox 2199 2934 3832 3013">
     <span class='ocr_line' id='line_1_74' title="bbox 2199 2934 3832 3013; baseline -0.001 -23"><span class='ocrx_word' id='word_1_518' title='bbox 2199 2935 2407 3013; x_wconf 81' lang='grc' dir='ltr'>φύσεως</span> <span class='ocrx_word' id='word_1_519' title='bbox 2467 2934 2685 3009; x_wconf 84' lang='grc' dir='ltr'>θέλημα</span> <span class='ocrx_word' id='word_1_520' title='bbox 2745 2937 2808 2992; x_wconf 89' lang='grc' dir='ltr'>τὸ</span> <span class='ocrx_word' id='word_1_521' title='bbox 2869 2936 3078 2998; x_wconf 80' lang='grc' dir='ltr'>ἀσθενὲς</span> <span class='ocrx_word' id='word_1_522' title='bbox 3127 2936 3155 2990; x_wconf 93' lang='lat'>6</span> <span class='ocrx_word' id='word_1_523' title='bbox 3200 2938 3501 3005; x_wconf 79' lang='grc' dir='ltr'>πανσθενὴς</span> <span class='ocrx_word' id='word_1_524' title='bbox 3555 2936 3654 2992; x_wconf 83' lang='grc' dir='ltr'>οὑκ</span> <span class='ocrx_word' id='word_1_525' title='bbox 3712 2935 3832 2990; x_wconf 86' lang='grc' dir='ltr'>ἀπέ-</span> 
     </span>
    </p>
   </div>
   <div class='ocr_carea' id='block_1_75' title="bbox 2199 3023 3830 3098">
    <p class='ocr_par' dir='ltr' id='par_1_75' title="bbox 2199 3023 3830 3098">
     <span class='ocr_line' id='line_1_75' title="bbox 2199 3023 3830 3098; baseline -0.002 -18"><span class='ocrx_word' id='word_1_526' title='bbox 2199 3023 2511 3098; x_wconf 80' lang='grc' dir='ltr'>δοκίμασεν,</span> <span class='ocrx_word' id='word_1_527' title='bbox 2559 3024 2686 3080; x_wconf 89' lang='grc' dir='ltr'>ἀλλ’</span> <span class='ocrx_word' id='word_1_528' title='bbox 2735 3023 3014 3088; x_wconf 79' lang='grc' dir='ltr'>οὐσιωδῶς</span> <span class='ocrx_word' id='word_1_529' title='bbox 3062 3024 3376 3097; x_wconf 83' lang='grc' dir='ltr'>ᾠκειώσατο</span> <span class='ocrx_word' id='word_1_530' title='bbox 3421 3025 3514 3081; x_wconf 79' lang='grc' dir='ltr'>καὶ</span> <span class='ocrx_word' id='word_1_531' title='bbox 3563 3025 3712 3096; x_wconf 82' lang='grc' dir='ltr'>αὐτὸ,</span> <span class='ocrx_word' id='word_1_532' title='bbox 3740 3025 3830 3094; x_wconf 79' lang='grc' dir='ltr'>τὴν</span> 
     </span>
    </p>
   </div>
   <div class='ocr_carea' id='block_1_76' title="bbox 2195 3112 3831 3194">
    <p class='ocr_par' dir='ltr' id='par_1_76' title="bbox 2195 3112 3831 3194">
     <span class='ocr_line' id='line_1_76' title="bbox 2195 3112 3831 3194; baseline -0.003 -24"><span class='ocrx_word' id='word_1_533' title='bbox 2195 3114 2462 3190; x_wconf 79' lang='grc' dir='ltr'>ἡμετέραν</span> <span class='ocrx_word' id='word_1_534' title='bbox 2517 3112 2654 3186; x_wconf 74' lang='grc' dir='ltr'>ὃλην</span> <span class='ocrx_word' id='word_1_535' title='bbox 2703 3115 2858 3194; x_wconf 77' lang='grc' dir='ltr'>φύσιν</span> <span class='ocrx_word' id='word_1_536' title='bbox 2912 3115 3046 3188; x_wconf 86' lang='grc' dir='ltr'>μετὰ</span> <span class='ocrx_word' id='word_1_537' title='bbox 3093 3115 3307 3169; x_wconf 85' lang='grc' dir='ltr'>πάντων</span> <span class='ocrx_word' id='word_1_538' title='bbox 3347 3118 3454 3169; x_wconf 90' lang='grc' dir='ltr'>τῶν</span> <span class='ocrx_word' id='word_1_539' title='bbox 3505 3115 3642 3170; x_wconf 75' lang='grc' dir='ltr'>κατὰ</span> <span class='ocrx_word' id='word_1_540' title='bbox 3685 3113 3831 3190; x_wconf 84' lang='grc' dir='ltr'>φύσιν</span> 
     </span>
    </p>
   </div>
   <div class='ocr_carea' id='block_1_77' title="bbox 2196 3199 2502 3261">
    <p class='ocr_par' dir='ltr' id='par_1_77' title="bbox 2196 3199 2502 3261">
     <span class='ocr_line' id='line_1_77' title="bbox 2196 3199 2502 3261; baseline 0.007 -2"><span class='ocrx_word' id='word_1_541' title='bbox 2196 3199 2502 3261; x_wconf 77' lang='grc' dir='ltr'>ἀναλαϐών.</span> 
     </span>
    </p>
   </div>
   <div class='ocr_carea' id='block_1_78' title="bbox 2270 3324 3836 3402">
    <p class='ocr_par' dir='ltr' id='par_1_78' title="bbox 2270 3324 3836 3402">
     <span class='ocr_line' id='line_1_78' title="bbox 2270 3324 3836 3402; baseline -0.003 -20"><span class='ocrx_word' id='word_1_542' title='bbox 2270 3328 2498 3402; x_wconf 89' lang='grc' dir='ltr'>Λέγεται</span> <span class='ocrx_word' id='word_1_543' title='bbox 2558 3328 2652 3400; x_wconf 74' lang='grc' dir='ltr'>μὲν</span> <span class='ocrx_word' id='word_1_544' title='bbox 2698 3326 2753 3380; x_wconf 79' lang='grc' dir='ltr'>ἓν</span> <span class='ocrx_word' id='word_1_545' title='bbox 2803 3327 3022 3399; x_wconf 77' lang='grc' dir='ltr'>θέλημα</span> <span class='ocrx_word' id='word_1_546' title='bbox 3068 3325 3499 3402; x_wconf 73' lang='grc' dir='ltr'>προηγουμένως</span> <span class='ocrx_word' id='word_1_547' title='bbox 3527 3327 3563 3396; x_wconf 79' lang='grc' dir='ltr'><strong>ἡ</strong></span> <span class='ocrx_word' id='word_1_548' title='bbox 3603 3324 3836 3394; x_wconf 81' lang='grc' dir='ltr'>θέλησις,</span> 
     </span>
    </p>
   </div>
   <div class='ocr_carea' id='block_1_79' title="bbox 2200 3413 3842 3493">
    <p class='ocr_par' dir='ltr' id='par_1_79' title="bbox 2200 3413 3842 3493">
     <span class='ocr_line' id='line_1_79' title="bbox 2200 3413 3842 3493; baseline -0.004 -22"><span class='ocrx_word' id='word_1_549' title='bbox 2200 3416 2325 3485; x_wconf 78' lang='grc' dir='ltr'>ἥτις</span> <span class='ocrx_word' id='word_1_550' title='bbox 2357 3416 2466 3471; x_wconf 82' lang='grc' dir='ltr'>ἐστὶ</span> <span class='ocrx_word' id='word_1_551' title='bbox 2497 3415 2712 3488; x_wconf 86' lang='grc' dir='ltr'>θέλημα</span> <span class='ocrx_word' id='word_1_552' title='bbox 2741 3416 2982 3493; x_wconf 82' lang='grc' dir='ltr'>φυσικὸν,</span> <span class='ocrx_word' id='word_1_553' title='bbox 3015 3415 3088 3477; x_wconf 87' lang='grc' dir='ltr'>ὡς</span> <span class='ocrx_word' id='word_1_554' title='bbox 3119 3413 3449 3485; x_wconf 87' lang='grc' dir='ltr'>δεδήλωται.</span> <span class='ocrx_word' id='word_1_555' title='bbox 3485 3415 3709 3490; x_wconf 87' lang='grc' dir='ltr'>Λέγεται</span> <span class='ocrx_word' id='word_1_556' title='bbox 3749 3413 3842 3487; x_wconf 81' lang='grc' dir='ltr'>γὰρ</span> 
     </span>
    </p>
   </div>
   <div class='ocr_carea' id='block_1_80' title="bbox 2200 3502 3840 3580">
    <p class='ocr_par' dir='ltr' id='par_1_80' title="bbox 2200 3502 3840 3580">
     <span class='ocr_line' id='line_1_80' title="bbox 2200 3502 3840 3580; baseline -0.004 -20"><span class='ocrx_word' id='word_1_557' title='bbox 2200 3504 2419 3577; x_wconf 86' lang='grc' dir='ltr'>θέλημα</span> <span class='ocrx_word' id='word_1_558' title='bbox 2465 3504 2554 3559; x_wconf 82' lang='grc' dir='ltr'>καὶ</span> <span class='ocrx_word' id='word_1_559' title='bbox 2598 3504 2728 3560; x_wconf 81' lang='grc' dir='ltr'>αὐτὸ</span> <span class='ocrx_word' id='word_1_560' title='bbox 2778 3502 3032 3574; x_wconf 85' lang='grc' dir='ltr'>θελητὸν,</span> <span class='ocrx_word' id='word_1_561' title='bbox 3073 3503 3206 3580; x_wconf 79' lang='grc' dir='ltr'>ὅπερ</span> <span class='ocrx_word' id='word_1_562' title='bbox 3253 3505 3304 3558; x_wconf 80' lang='grc' dir='ltr'>ἐν</span> <span class='ocrx_word' id='word_1_563' title='bbox 3355 3504 3667 3577; x_wconf 84' lang='grc' dir='ltr'>ἀνθρώποις</span> <span class='ocrx_word' id='word_1_564' title='bbox 3711 3502 3840 3557; x_wconf 74' lang='grc' dir='ltr'>ἐστὶν</span> 
     </span>
    </p>
   </div>
   <div class='ocr_carea' id='block_1_81' title="bbox 2205 3591 3844 3670">
    <p class='ocr_par' dir='ltr' id='par_1_81' title="bbox 2205 3591 3844 3670">
     <span class='ocr_line' id='line_1_81' title="bbox 2205 3591 3844 3670; baseline -0.003 -21"><span class='ocrx_word' id='word_1_565' title='bbox 2205 3594 2558 3649; x_wconf 83' lang='grc' dir='ltr'>ὑποτακτικὸν</span> <span class='ocrx_word' id='word_1_566' title='bbox 2618 3593 2679 3648; x_wconf 84' lang='grc' dir='ltr'>ού</span> <span class='ocrx_word' id='word_1_567' title='bbox 2723 3595 2785 3648; x_wconf 87' lang='grc' dir='ltr'>τὸ</span> <span class='ocrx_word' id='word_1_568' title='bbox 2831 3591 2959 3648; x_wconf 87' lang='grc' dir='ltr'>αύτὸ</span> <span class='ocrx_word' id='word_1_569' title='bbox 3004 3594 3146 3666; x_wconf 81' lang='grc' dir='ltr'>πάσῃ</span> <span class='ocrx_word' id='word_1_570' title='bbox 3301 3591 3454 3669; x_wconf 78' lang='grc' dir='ltr'>φύσει</span> <span class='ocrx_word' id='word_1_571' title='bbox 3507 3592 3728 3670; x_wconf 87' lang='grc' dir='ltr'>προσόν.</span> <span class='ocrx_word' id='word_1_572' title='bbox 3766 3594 3844 3660; x_wconf 82' lang='grc' dir='ltr'>Τῷ</span> 
     </span>
    </p>
   </div>
   <div class='ocr_carea' id='block_1_82' title="bbox 2204 3679 3840 3758">
    <p class='ocr_par' dir='ltr' id='par_1_82' title="bbox 2204 3679 3840 3758">
     <span class='ocr_line' id='line_1_82' title="bbox 2204 3679 3840 3758; baseline -0.004 -21"><span class='ocrx_word' id='word_1_573' title='bbox 2204 3684 2298 3755; x_wconf 80' lang='grc' dir='ltr'>μὶν</span> <span class='ocrx_word' id='word_1_574' title='bbox 2335 3684 2440 3758; x_wconf 81' lang='grc' dir='ltr'>γὰρ</span> <span class='ocrx_word' id='word_1_575' title='bbox 2470 3687 2578 3736; x_wconf 88' lang='grc' dir='ltr'>τῶν</span> <span class='ocrx_word' id='word_1_576' title='bbox 2611 3681 2907 3757; x_wconf 87' lang='grc' dir='ltr'>ἀνθρώπων</span> <span class='ocrx_word' id='word_1_577' title='bbox 2938 3682 3000 3735; x_wconf 88' lang='grc' dir='ltr'>τὸ</span> <span class='ocrx_word' id='word_1_578' title='bbox 3055 3679 3275 3751; x_wconf 78' lang='grc' dir='ltr'>ἷδιάζειν</span> <span class='ocrx_word' id='word_1_579' title='bbox 3324 3681 3496 3757; x_wconf 89' lang='grc' dir='ltr'>τυχὸν</span> <span class='ocrx_word' id='word_1_580' title='bbox 3548 3679 3840 3750; x_wconf 80' lang='grc' dir='ltr'>τεθέληται,</span> 
     </span>
    </p>
   </div>
   <div class='ocr_carea' id='block_1_83' title="bbox 2199 3768 3842 3847">
    <p class='ocr_par' dir='ltr' id='par_1_83' title="bbox 2199 3768 3842 3847">
     <span class='ocr_line' id='line_1_83' title="bbox 2199 3768 3842 3847; baseline -0.004 -21"><span class='ocrx_word' id='word_1_581' title='bbox 2199 3775 2279 3843; x_wconf 80' lang='grc' dir='ltr'>τῷ</span> <span class='ocrx_word' id='word_1_582' title='bbox 2310 3768 2368 3826; x_wconf 75' lang='grc' dir='ltr'>δὲ</span> <span class='ocrx_word' id='word_1_583' title='bbox 2420 3771 2484 3825; x_wconf 91' lang='grc' dir='ltr'>τὸ</span> <span class='ocrx_word' id='word_1_584' title='bbox 2533 3769 3014 3846; x_wconf 76' lang='grc' dir='ltr'>παῤῥησιάζεσθαι’</span> <span class='ocrx_word' id='word_1_585' title='bbox 3048 3769 3137 3824; x_wconf 85' lang='grc' dir='ltr'>καὶ</span> <span class='ocrx_word' id='word_1_586' title='bbox 3182 3773 3262 3841; x_wconf 79' lang='grc' dir='ltr'>τῷ</span> <span class='ocrx_word' id='word_1_587' title='bbox 3315 3771 3408 3842; x_wconf 75' lang='grc' dir='ltr'>μὶν</span> <span class='ocrx_word' id='word_1_588' title='bbox 3455 3772 3521 3825; x_wconf 87' lang='grc' dir='ltr'>τὸ</span> <span class='ocrx_word' id='word_1_589' title='bbox 3549 3771 3842 3847; x_wconf 85' lang='grc' dir='ltr'>γεηπονεῖν,</span> 
     </span>
    </p>
   </div>
   <div class='ocr_carea' id='block_1_84' title="bbox 2199 3854 3844 3931">
    <p class='ocr_par' dir='ltr' id='par_1_84' title="bbox 2199 3854 3844 3931">
     <span class='ocr_line' id='line_1_84' title="bbox 2199 3854 3844 3931; baseline -0.004 -16"><span class='ocrx_word' id='word_1_590' title='bbox 2199 3864 2280 3931; x_wconf 82' lang='grc' dir='ltr'>τῷ</span> <span class='ocrx_word' id='word_1_591' title='bbox 2309 3858 2368 3914; x_wconf 77' lang='grc' dir='ltr'>δὲ</span> <span class='ocrx_word' id='word_1_592' title='bbox 2391 3860 2454 3914; x_wconf 90' lang='grc' dir='ltr'>τὸ</span> <span class='ocrx_word' id='word_1_593' title='bbox 2484 3856 2886 3913; x_wconf 81' lang='grc' dir='ltr'>ναυτίλλεσθαιο</span> <span class='ocrx_word' id='word_1_594' title='bbox 2915 3858 3005 3912; x_wconf 87' lang='grc' dir='ltr'>καὶ</span> <span class='ocrx_word' id='word_1_595' title='bbox 3036 3856 3194 3930; x_wconf 83' lang='grc' dir='ltr'>ἄλλῳ</span> <span class='ocrx_word' id='word_1_596' title='bbox 3223 3857 3390 3913; x_wconf 84' lang='grc' dir='ltr'>πάλιν</span> <span class='ocrx_word' id='word_1_597' title='bbox 3432 3855 3578 3914; x_wconf 78' lang='grc' dir='ltr'>ἄλλο</span> <span class='ocrx_word' id='word_1_598' title='bbox 3621 3877 3673 3913; x_wconf 88' lang='grc' dir='ltr'>τι</span> <span class='ocrx_word' id='word_1_599' title='bbox 3721 3854 3844 3912; x_wconf 86' lang='grc' dir='ltr'>κατᾶ</span> 
     </span>
    </p>
   </div>
   <div class='ocr_carea' id='block_1_85' title="bbox 2201 3943 3840 4025">
    <p class='ocr_par' dir='ltr' id='par_1_85' title="bbox 2201 3943 3840 4025">
     <span class='ocr_line' id='line_1_85' title="bbox 2201 3943 3840 4025; baseline -0.003 -22"><span class='ocrx_word' id='word_1_600' title='bbox 2201 3949 2428 4025; x_wconf 86' lang='grc' dir='ltr'>γνώμην</span> <span class='ocrx_word' id='word_1_601' title='bbox 2479 3947 2608 4004; x_wconf 75' lang='grc' dir='ltr'>ἐστί.</span> <span class='ocrx_word' id='word_1_602' title='bbox 2654 3944 2934 4008; x_wconf 82' lang='grc' dir='ltr'>Πολλάκις</span> <span class='ocrx_word' id='word_1_603' title='bbox 2986 3943 3044 4001; x_wconf 71' lang='grc' dir='ltr'>δὲ</span> <span class='ocrx_word' id='word_1_604' title='bbox 3079 3951 3158 4020; x_wconf 82' lang='grc' dir='ltr'>τῷ</span> <span class='ocrx_word' id='word_1_605' title='bbox 3206 3945 3352 4019; x_wconf 87' lang='grc' dir='ltr'>αύτῷ</span> <span class='ocrx_word' id='word_1_606' title='bbox 3397 3946 3492 4001; x_wconf 90' lang='grc' dir='ltr'>καὶ</span> <span class='ocrx_word' id='word_1_607' title='bbox 3539 3947 3617 4003; x_wconf 84' lang='grc' dir='ltr'>ἐνὶ</span> <span class='ocrx_word' id='word_1_608' title='bbox 3665 3943 3840 4023; x_wconf 79' lang='grc' dir='ltr'>διάφο-</span> 
     </span>
    </p>
   </div>
   <div class='ocr_carea' id='block_1_86' title="bbox 2204 4031 3844 4114">
    <p class='ocr_par' dir='ltr' id='par_1_86' title="bbox 2204 4031 3844 4114">
     <span class='ocr_line' id='line_1_86' title="bbox 2204 4031 3844 4114; baseline -0.005 -22"><span class='ocrx_word' id='word_1_609' title='bbox 2204 4058 2318 4114; x_wconf 88' lang='grc' dir='ltr'>ρον,</span> <span class='ocrx_word' id='word_1_610' title='bbox 2369 4037 2460 4092; x_wconf 81' lang='grc' dir='ltr'>καὶ</span> <span class='ocrx_word' id='word_1_611' title='bbox 2519 4033 2721 4092; x_wconf 76' lang='grc' dir='ltr'>ἄλλοτε</span> <span class='ocrx_word' id='word_1_612' title='bbox 2769 4033 2910 4090; x_wconf 79' lang='grc' dir='ltr'>ἄλλο</span> <span class='ocrx_word' id='word_1_613' title='bbox 2956 4035 3018 4090; x_wconf 81' lang='grc' dir='ltr'>τὸ</span> <span class='ocrx_word' id='word_1_614' title='bbox 3081 4033 3333 4106; x_wconf 89' lang='grc' dir='ltr'>θελητόν.</span> <span class='ocrx_word' id='word_1_615' title='bbox 3384 4033 3641 4092; x_wconf 85' lang='grc' dir='ltr'>Καλεῖται</span> <span class='ocrx_word' id='word_1_616' title='bbox 3689 4032 3745 4088; x_wconf 73' lang='grc' dir='ltr'>δὲ</span> <span class='ocrx_word' id='word_1_617' title='bbox 3787 4031 3844 4086; x_wconf 90' lang='grc' dir='ltr'>τὸ</span> 
     </span>
    </p>
   </div>
   <div class='ocr_carea' id='block_1_87' title="bbox 2199 4123 3841 4199">
    <p class='ocr_par' dir='ltr' id='par_1_87' title="bbox 2199 4123 3841 4199">
     <span class='ocr_line' id='line_1_87' title="bbox 2199 4123 3841 4199; baseline -0.005 -18"><span class='ocrx_word' id='word_1_618' title='bbox 2199 4130 2447 4182; x_wconf 91' lang='grc' dir='ltr'>τοιοῦτον</span> <span class='ocrx_word' id='word_1_619' title='bbox 2511 4125 2864 4180; x_wconf 81' lang='grc' dir='ltr'>ὑποτακτικὸν</span> <span class='ocrx_word' id='word_1_620' title='bbox 2929 4123 3149 4197; x_wconf 87' lang='grc' dir='ltr'>θέλημα</span> <span class='ocrx_word' id='word_1_621' title='bbox 3212 4124 3514 4199; x_wconf 89' lang='grc' dir='ltr'>γνωμικόν.</span> <span class='ocrx_word' id='word_1_622' title='bbox 3562 4124 3841 4199; x_wconf 78' lang='grc' dir='ltr'>Τοιγαροῦν</span> 
     </span>
    </p>
   </div>
   <div class='ocr_carea' id='block_1_88' title="bbox 2204 4208 3842 4291">
    <p class='ocr_par' dir='ltr' id='par_1_88' title="bbox 2204 4208 3842 4291">
     <span class='ocr_line' id='line_1_88' title="bbox 2204 4208 3842 4291; baseline -0.002 -22"><span class='ocrx_word' id='word_1_623' title='bbox 2204 4214 2232 4269; x_wconf 85' lang='grc' dir='ltr'>ὀ</span> <span class='ocrx_word' id='word_1_624' title='bbox 2279 4213 2478 4290; x_wconf 77' lang='grc' dir='ltr'>Κύριος</span> <span class='ocrx_word' id='word_1_625' title='bbox 2527 4213 2641 4268; x_wconf 80' lang='grc' dir='ltr'>ἐπεὶ</span> <span class='ocrx_word' id='word_1_626' title='bbox 2683 4210 2778 4268; x_wconf 87' lang='grc' dir='ltr'>δύο</span> <span class='ocrx_word' id='word_1_627' title='bbox 2831 4211 3038 4291; x_wconf 79' lang='grc' dir='ltr'>φύσεων</span> <span class='ocrx_word' id='word_1_628' title='bbox 3088 4208 3469 4289; x_wconf 87' lang='grc' dir='ltr'>ὡμολόγηται,</span> <span class='ocrx_word' id='word_1_629' title='bbox 3523 4211 3618 4269; x_wconf 82' lang='grc' dir='ltr'>δύο</span> <span class='ocrx_word' id='word_1_630' title='bbox 3666 4215 3842 4278; x_wconf 78' lang='grc' dir='ltr'>κεκτῆ-</span> 
     </span>
    </p>
   </div>
   <div class='ocr_carea' id='block_1_89' title="bbox 2203 4295 3842 4378">
    <p class='ocr_par' dir='ltr' id='par_1_89' title="bbox 2203 4295 3842 4378">
     <span class='ocr_line' id='line_1_89' title="bbox 2203 4295 3842 4378; baseline -0.002 -22"><span class='ocrx_word' id='word_1_631' title='bbox 2203 4303 2323 4357; x_wconf 88' lang='grc' dir='ltr'>σθαι</span> <span class='ocrx_word' id='word_1_632' title='bbox 2373 4302 2461 4356; x_wconf 85' lang='grc' dir='ltr'>καὶ</span> <span class='ocrx_word' id='word_1_633' title='bbox 2508 4299 2792 4374; x_wconf 85' lang='grc' dir='ltr'>θελήματα</span> <span class='ocrx_word' id='word_1_634' title='bbox 2853 4299 3158 4356; x_wconf 87' lang='grc' dir='ltr'>πιστεύεται</span> <span class='ocrx_word' id='word_1_635' title='bbox 3205 4301 3423 4378; x_wconf 76' lang='grc' dir='ltr'>φυσικὰ,</span> <span class='ocrx_word' id='word_1_636' title='bbox 3477 4301 3619 4366; x_wconf 85' lang='grc' dir='ltr'>θεῖόν</span> <span class='ocrx_word' id='word_1_637' title='bbox 3661 4321 3718 4356; x_wconf 87' lang='grc' dir='ltr'>τε</span> <span class='ocrx_word' id='word_1_638' title='bbox 3760 4295 3842 4352; x_wconf 85' lang='grc' dir='ltr'>καὶ</span> 
     </span>
    </p>
   </div>
   <div class='ocr_carea' id='block_1_90' title="bbox 2203 4386 3842 4466">
    <p class='ocr_par' dir='ltr' id='par_1_90' title="bbox 2203 4386 3842 4466">
     <span class='ocr_line' id='line_1_90' title="bbox 2203 4386 3842 4466; baseline -0.002 -21"><span class='ocrx_word' id='word_1_639' title='bbox 2203 4390 2563 4466; x_wconf 76' lang='grc' dir='ltr'>ἀνθρώπινονο</span> <span class='ocrx_word' id='word_1_640' title='bbox 2613 4387 2785 4464; x_wconf 76' lang='grc' dir='ltr'>ἤγουν</span> <span class='ocrx_word' id='word_1_641' title='bbox 2845 4387 3102 4462; x_wconf 82' lang='grc' dir='ltr'>δυνάμεις</span> <span class='ocrx_word' id='word_1_642' title='bbox 3164 4386 3260 4443; x_wconf 87' lang='grc' dir='ltr'>δύο</span> <span class='ocrx_word' id='word_1_643' title='bbox 3323 4387 3616 4461; x_wconf 72' lang='grc' dir='ltr'>θελητικτὶς</span> <span class='ocrx_word' id='word_1_644' title='bbox 3680 4386 3842 4454; x_wconf 84' lang='grc' dir='ltr'>ἀλλή-</span> 
     </span>
    </p>
   </div>
   <div class='ocr_carea' id='block_1_91' title="bbox 2205 4471 3841 4556">
    <p class='ocr_par' dir='ltr' id='par_1_91' title="bbox 2205 4471 3841 4556">
     <span class='ocr_line' id='line_1_91' title="bbox 2205 4471 3841 4556; baseline -0.002 -23"><span class='ocrx_word' id='word_1_645' title='bbox 2205 4478 2315 4534; x_wconf 91' lang='grc' dir='ltr'>λων</span> <span class='ocrx_word' id='word_1_646' title='bbox 2366 4476 2721 4556; x_wconf 77' lang='grc' dir='ltr'>διαφερούσας</span> <span class='ocrx_word' id='word_1_647' title='bbox 2780 4482 2860 4550; x_wconf 80' lang='grc' dir='ltr'>τῷ</span> <span class='ocrx_word' id='word_1_648' title='bbox 2925 4474 3081 4552; x_wconf 86' lang='grc' dir='ltr'>λόγῳ</span> <span class='ocrx_word' id='word_1_649' title='bbox 3141 4485 3242 4548; x_wconf 87' lang='grc' dir='ltr'>τῆς</span> <span class='ocrx_word' id='word_1_650' title='bbox 3311 4477 3547 4555; x_wconf 77' lang='grc' dir='ltr'>φύσεως.</span> <span class='ocrx_word' id='word_1_651' title='bbox 3601 4475 3743 4534; x_wconf 84' lang='grc' dir='ltr'>Ἐπεὶ</span> <span class='ocrx_word' id='word_1_652' title='bbox 3790 4471 3841 4526; x_wconf 74' lang='grc' dir='ltr'>δὲ</span> 
     </span>
    </p>
   </div>
   <div class='ocr_carea' id='block_1_92' title="bbox 2209 4562 3840 4643">
    <p class='ocr_par' dir='ltr' id='par_1_92' title="bbox 2209 4562 3840 4643">
     <span class='ocr_line' id='line_1_92' title="bbox 2209 4562 3840 4643; baseline -0.004 -22"><span class='ocrx_word' id='word_1_653' title='bbox 2209 4573 2334 4640; x_wconf 81' lang='grc' dir='ltr'>μιᾶς</span> <span class='ocrx_word' id='word_1_654' title='bbox 2423 4566 2762 4628; x_wconf 85' lang='grc' dir='ltr'>ὑποστάσεως</span> <span class='ocrx_word' id='word_1_655' title='bbox 2831 4564 3112 4641; x_wconf 76' lang='grc' dir='ltr'>ἔγνωσται,</span> <span class='ocrx_word' id='word_1_656' title='bbox 3181 4564 3452 4643; x_wconf 79' lang='grc' dir='ltr'>σφαλερὸν</span> <span class='ocrx_word' id='word_1_657' title='bbox 3535 4567 3702 4622; x_wconf 80' lang='grc' dir='ltr'>εἰπεῖν</span> <span class='ocrx_word' id='word_1_658' title='bbox 3765 4562 3840 4617; x_wconf 79' lang='grc' dir='ltr'>ἐπ’</span> 
     </span>
    </p>
   </div>
   <div class='ocr_carea' id='block_1_93' title="bbox 2203 4649 3835 4734">
    <p class='ocr_par' dir='ltr' id='par_1_93' title="bbox 2203 4649 3835 4734">
     <span class='ocr_line' id='line_1_93' title="bbox 2203 4649 3835 4734; baseline -0.004 -24"><span class='ocrx_word' id='word_1_659' title='bbox 2203 4656 2366 4710; x_wconf 83' lang='grc' dir='ltr'>αὑτοῦ</span> <span class='ocrx_word' id='word_1_660' title='bbox 2411 4653 2644 4734; x_wconf 75' lang='grc' dir='ltr'>διάφορα</span> <span class='ocrx_word' id='word_1_661' title='bbox 2692 4653 2977 4727; x_wconf 87' lang='grc' dir='ltr'>θελήματα</span> <span class='ocrx_word' id='word_1_662' title='bbox 3022 4653 3295 4728; x_wconf 86' lang='grc' dir='ltr'>γνωμικά.</span> <span class='ocrx_word' id='word_1_663' title='bbox 3345 4654 3416 4708; x_wconf 88' lang='grc' dir='ltr'>Τὸ</span> <span class='ocrx_word' id='word_1_664' title='bbox 3465 4656 3567 4731; x_wconf 77' lang='grc' dir='ltr'>γὰρ</span> <span class='ocrx_word' id='word_1_665' title='bbox 3623 4649 3835 4722; x_wconf 86' lang='grc' dir='ltr'>θελητὸν</span> 
     </span>
    </p>
   </div>
   <div class='ocr_carea' id='block_1_94' title="bbox 451 4733 2084 4819">
    <p class='ocr_par' dir='ltr' id='par_1_94' title="bbox 451 4740 2084 4804">
     <span class='ocr_line' id='line_1_94' title="bbox 451 4740 2084 4804; baseline 0.006 -10"><span class='ocrx_word' id='word_1_666' title='bbox 451 4741 524 4795; x_wconf 88' lang='lat' dir='ltr'>de</span> <span class='ocrx_word' id='word_1_667' title='bbox 553 4756 618 4795; x_wconf 91' lang='lat' dir='ltr'>eo</span> <span class='ocrx_word' id='word_1_668' title='bbox 651 4740 914 4796; x_wconf 84' lang='lat' dir='ltr'>diversas</span> <span class='ocrx_word' id='word_1_669' title='bbox 944 4740 1272 4798; x_wconf 87' lang='lat' dir='ltr'>voluntates</span> <span class='ocrx_word' id='word_1_670' title='bbox 1313 4744 1580 4800; x_wconf 88' lang='lat' dir='ltr'>morales.</span> <span class='ocrx_word' id='word_1_671' title='bbox 1631 4746 1888 4802; x_wconf 86' lang='lat' dir='ltr'>Volitum</span> <span class='ocrx_word' id='word_1_672' title='bbox 1936 4749 2084 4804; x_wconf 82' lang='lat' dir='ltr'>enim</span> 
     </span>
    </p>
   </div>
   <div class='ocr_carea' id='block_1_95' title="bbox 2195 4733 3836 4819">
    <p class='ocr_par' dir='ltr' id='par_1_95' title="bbox 2202 4733 3836 4819">
     <span class='ocr_line' id='line_1_95' title="bbox 2202 4733 3836 4819; baseline -0.004 -21"><span class='ocrx_word' id='word_1_673' title='bbox 2202 4743 2280 4812; x_wconf 79' lang='grc' dir='ltr'>ἓν,</span> <span class='ocrx_word' id='word_1_674' title='bbox 2314 4745 2398 4799; x_wconf 79' lang='grc' dir='ltr'>ὅτι</span> <span class='ocrx_word' id='word_1_675' title='bbox 2443 4733 2531 4798; x_wconf 74' lang='grc' dir='ltr'>καὶ</span> <span class='ocrx_word' id='word_1_676' title='bbox 2582 4745 2610 4798; x_wconf 92' lang='lat'>6</span> <span class='ocrx_word' id='word_1_677' title='bbox 2661 4742 2835 4798; x_wconf 84' lang='grc' dir='ltr'>θέλων</span> <span class='ocrx_word' id='word_1_678' title='bbox 2887 4744 2983 4812; x_wconf 78' lang='grc' dir='ltr'>εἷς,</span> <span class='ocrx_word' id='word_1_679' title='bbox 3014 4749 3116 4812; x_wconf 77' lang='grc' dir='ltr'>τῆς</span> <span class='ocrx_word' id='word_1_680' title='bbox 3160 4742 3510 4819; x_wconf 83' lang='grc' dir='ltr'>ἀνθρωπικῆς</span> <span class='ocrx_word' id='word_1_681' title='bbox 3561 4743 3721 4798; x_wconf 81' lang='grc' dir='ltr'>αὑτοῦ</span> <span class='ocrx_word' id='word_1_682' title='bbox 3765 4739 3836 4792; x_wconf 91' lang='grc' dir='ltr'>θε-</span> 
     </span>
    </p>
   </div>
   <div class='ocr_carea' id='block_1_96' title="bbox 451 4829 2097 4906">
    <p class='ocr_par' dir='ltr' id='par_1_96' title="bbox 451 4829 2097 4906">
     <span class='ocr_line' id='line_1_96' title="bbox 451 4829 2097 4906; baseline 0.007 -25"><span class='ocrx_word' id='word_1_683' title='bbox 451 4845 638 4882; x_wconf 89' lang='lat' dir='ltr'>unum</span> <span class='ocrx_word' id='word_1_684' title='bbox 669 4833 758 4882; x_wconf 92' lang='lat' dir='ltr'>est</span> <span class='ocrx_word' id='word_1_685' title='bbox 790 4829 928 4900; x_wconf 90' lang='lat' dir='ltr'>quia</span> <span class='ocrx_word' id='word_1_686' title='bbox 949 4833 1005 4884; x_wconf 88' lang='lat' dir='ltr'>et</span> <span class='ocrx_word' id='word_1_687' title='bbox 1033 4829 1232 4886; x_wconf 88' lang='lat' dir='ltr'>volens</span> <span class='ocrx_word' id='word_1_688' title='bbox 1262 4847 1438 4898; x_wconf 90' lang='lat' dir='ltr'>unus,</span> <span class='ocrx_word' id='word_1_689' title='bbox 1477 4833 1775 4890; x_wconf 85' lang='lat' dir='ltr'>voluntate</span> <span class='ocrx_word' id='word_1_690' title='bbox 1823 4837 1953 4906; x_wconf 90' lang='lat' dir='ltr'>ejus</span> <span class='ocrx_word' id='word_1_691' title='bbox 1993 4837 2097 4892; x_wconf 84' lang='lat' dir='ltr'>hu-</span> 
     </span>
    </p>
   </div>
   <div class='ocr_carea' id='block_1_97' title="bbox 451 4917 2096 4994">
    <p class='ocr_par' dir='ltr' id='par_1_97' title="bbox 451 4917 2096 4994">
     <span class='ocr_line' id='line_1_97' title="bbox 451 4917 2096 4994; baseline 0.008 -25"><span class='ocrx_word' id='word_1_692' title='bbox 451 4931 627 4970; x_wconf 89' lang='lat' dir='ltr'>mana</span> <span class='ocrx_word' id='word_1_693' title='bbox 657 4917 728 4970; x_wconf 90' lang='lat' dir='ltr'>ad</span> <span class='ocrx_word' id='word_1_694' title='bbox 763 4917 1067 4989; x_wconf 87' lang='lat' dir='ltr'>proprium</span> <span class='ocrx_word' id='word_1_695' title='bbox 1097 4919 1340 4974; x_wconf 83' lang='lat' dir='ltr'>volitum</span> <span class='ocrx_word' id='word_1_696' title='bbox 1373 4920 1671 4990; x_wconf 88' lang='lat' dir='ltr'>inclinata,</span> <span class='ocrx_word' id='word_1_697' title='bbox 1724 4927 1955 4994; x_wconf 89' lang='lat' dir='ltr'>quands</span> <span class='ocrx_word' id='word_1_698' title='bbox 1985 4925 2096 4982; x_wconf 90' lang='lat' dir='ltr'>hoc</span> 
     </span>
    </p>
   </div>
   <div class='ocr_carea' id='block_1_98' title="bbox 449 5003 2094 5077">
    <p class='ocr_par' dir='ltr' id='par_1_98' title="bbox 449 5003 2094 5077">
     <span class='ocr_line' id='line_1_98' title="bbox 449 5003 2094 5077; baseline 0.008 -20"><span class='ocrx_word' id='word_1_699' title='bbox 449 5003 578 5073; x_wconf 89' lang='lat' dir='ltr'>ejus</span> <span class='ocrx_word' id='word_1_700' title='bbox 608 5003 875 5071; x_wconf 91' lang='lat' dir='ltr'>volitum,</span> <span class='ocrx_word' id='word_1_701' title='bbox 906 5010 964 5060; x_wconf 92' lang='lat' dir='ltr'>et</span> <span class='ocrx_word' id='word_1_702' title='bbox 991 5005 1050 5060; x_wconf 92' lang='lat' dir='ltr'>in</span> <span class='ocrx_word' id='word_1_703' title='bbox 1074 5010 1360 5077; x_wconf 89' lang='lat' dir='ltr'>quantum</span> <span class='ocrx_word' id='word_1_704' title='bbox 1383 5011 1508 5064; x_wconf 90' lang='lat' dir='ltr'>erat</span> <span class='ocrx_word' id='word_1_705' title='bbox 1528 5009 2094 5077; x_wconf 89' lang='lat' dir='ltr'>volitum,voluntati</span> 
     </span>
    </p>
   </div>
   <div class='ocr_carea' id='block_1_99' title="bbox 448 5089 2092 5173">
    <p class='ocr_par' dir='ltr' id='par_1_99' title="bbox 448 5089 2092 5173">
     <span class='ocr_line' id='line_1_99' title="bbox 448 5089 2092 5173; baseline 0.01 -30"><span class='ocrx_word' id='word_1_706' title='bbox 448 5089 654 5144; x_wconf 79' lang='lat' dir='ltr'>divinae</span> <span class='ocrx_word' id='word_1_707' title='bbox 686 5097 829 5147; x_wconf 90' lang='lat' dir='ltr'>erat.</span> <span class='ocrx_word' id='word_1_708' title='bbox 863 5093 1186 5166; x_wconf 91' lang='lat' dir='ltr'>Dupliciter</span> <span class='ocrx_word' id='word_1_709' title='bbox 1245 5099 1440 5152; x_wconf 89' lang='lat' dir='ltr'>autem</span> <span class='ocrx_word' id='word_1_710' title='bbox 1500 5098 1716 5154; x_wconf 90' lang='lat' dir='ltr'>dicitur</span> <span class='ocrx_word' id='word_1_711' title='bbox 1754 5103 1929 5173; x_wconf 88' lang='lat' dir='ltr'>(mos)</span> <span class='ocrx_word' id='word_1_712' title='bbox 1960 5119 2092 5158; x_wconf 91' lang='lat' dir='ltr'>sen-</span> 
     </span>
    </p>
   </div>
   <div class='ocr_carea' id='block_1_100' title="bbox 445 5177 2090 5245">
    <p class='ocr_par' dir='ltr' id='par_1_100' title="bbox 445 5177 2090 5245">
     <span class='ocr_line' id='line_1_100' title="bbox 445 5177 2090 5245; baseline 0.008 -13"><span class='ocrx_word' id='word_1_713' title='bbox 445 5177 629 5233; x_wconf 86' lang='lat' dir='ltr'>tentia</span> <span class='ocrx_word' id='word_1_714' title='bbox 663 5197 676 5245; x_wconf 90' lang='lat'><strong>;</strong></span> <span class='ocrx_word' id='word_1_715' title='bbox 708 5180 922 5235; x_wconf 85' lang='lat' dir='ltr'>dicitur</span> <span class='ocrx_word' id='word_1_716' title='bbox 949 5182 1106 5237; x_wconf 90' lang='lat' dir='ltr'>enim</span> <span class='ocrx_word' id='word_1_717' title='bbox 1149 5186 1207 5237; x_wconf 88' lang='lat' dir='ltr'>et</span> <span class='ocrx_word' id='word_1_718' title='bbox 1255 5199 1453 5239; x_wconf 88' lang='lat' dir='ltr'>merus</span> <span class='ocrx_word' id='word_1_719' title='bbox 1502 5189 1696 5241; x_wconf 88' lang='lat' dir='ltr'>motus</span> <span class='ocrx_word' id='word_1_720' title='bbox 1745 5188 1818 5243; x_wconf 92' lang='lat' dir='ltr'>ad</span> <span class='ocrx_word' id='word_1_721' title='bbox 1851 5189 2090 5245; x_wconf 89' lang='lat' dir='ltr'>volitum</span> 
     </span>
    </p>
   </div>
   <div class='ocr_carea' id='block_1_101' title="bbox 443 5266 2091 5345">
    <p class='ocr_par' dir='ltr' id='par_1_101' title="bbox 443 5266 2091 5345">
     <span class='ocr_line' id='line_1_101' title="bbox 443 5266 2091 5345; baseline 0.009 -26"><span class='ocrx_word' id='word_1_722' title='bbox 443 5266 814 5336; x_wconf 88' lang='lat' dir='ltr'>utsapienter</span> <span class='ocrx_word' id='word_1_723' title='bbox 835 5269 1124 5326; x_wconf 86' lang='lat' dir='ltr'>exsistens</span> <span class='ocrx_word' id='word_1_724' title='bbox 1145 5275 1354 5327; x_wconf 88' lang='lat' dir='ltr'>etcum</span> <span class='ocrx_word' id='word_1_725' title='bbox 1371 5275 1702 5345; x_wconf 87' lang='lat' dir='ltr'>cognitione</span> <span class='ocrx_word' id='word_1_726' title='bbox 1722 5276 1779 5330; x_wconf 92' lang='lat' dir='ltr'>in</span> <span class='ocrx_word' id='word_1_727' title='bbox 1804 5279 2091 5334; x_wconf 89' lang='lat' dir='ltr'>creaturis</span> 
     </span>
    </p>
   </div>
   <div class='ocr_carea' id='block_1_102' title="bbox 442 5353 2090 5434">
    <p class='ocr_par' dir='ltr' id='par_1_102' title="bbox 442 5353 2090 5434">
     <span class='ocr_line' id='line_1_102' title="bbox 442 5353 2090 5434; baseline 0.009 -27"><span class='ocrx_word' id='word_1_728' title='bbox 442 5353 936 5425; x_wconf 86' lang='lat' dir='ltr'>rationabilibus;</span> <span class='ocrx_word' id='word_1_729' title='bbox 975 5358 1191 5413; x_wconf 88' lang='lat' dir='ltr'>dicitur</span> <span class='ocrx_word' id='word_1_730' title='bbox 1211 5360 1385 5415; x_wconf 89' lang='lat' dir='ltr'>etiam</span> <span class='ocrx_word' id='word_1_731' title='bbox 1419 5364 1736 5434; x_wconf 85' lang='lat' dir='ltr'>sententia,</span> <span class='ocrx_word' id='word_1_732' title='bbox 1769 5369 1825 5420; x_wconf 88' lang='lat' dir='ltr'>et</span> <span class='ocrx_word' id='word_1_733' title='bbox 1851 5381 1920 5421; x_wconf 83' lang='lat' dir='ltr'>ex</span> <span class='ocrx_word' id='word_1_734' title='bbox 1950 5366 2090 5422; x_wconf 91' lang='lat' dir='ltr'>deli-</span> 
     </span>
    </p>
   </div>
   <div class='ocr_carea' id='block_1_103' title="bbox 444 5441 2085 5525">
    <p class='ocr_par' dir='ltr' id='par_1_103' title="bbox 444 5441 2085 5525">
     <span class='ocr_line' id='line_1_103' title="bbox 444 5441 2085 5525; baseline 0.009 -31"><span class='ocrx_word' id='word_1_735' title='bbox 444 5441 741 5497; x_wconf 87' lang='lat' dir='ltr'>beratione</span> <span class='ocrx_word' id='word_1_736' title='bbox 773 5444 984 5515; x_wconf 69' lang='lat' dir='ltr'>praevia</span> <span class='ocrx_word' id='word_1_737' title='bbox 1005 5446 1349 5520; x_wconf 89' lang='lat' dir='ltr'>judicioque</span> <span class='ocrx_word' id='word_1_738' title='bbox 1378 5451 1684 5522; x_wconf 90' lang='lat' dir='ltr'>dispositio</span> <span class='ocrx_word' id='word_1_739' title='bbox 1737 5453 1808 5508; x_wconf 91' lang='lat' dir='ltr'>ad</span> <span class='ocrx_word' id='word_1_740' title='bbox 1843 5454 2085 5525; x_wconf 89' lang='lat' dir='ltr'>aliquid.</span> 
     </span>
    </p>
   </div>
   <div class='ocr_carea' id='block_1_104' title="bbox 443 5529 2086 5597">
    <p class='ocr_par' dir='ltr' id='par_1_104' title="bbox 443 5529 2086 5597">
     <span class='ocr_line' id='line_1_104' title="bbox 443 5529 2086 5597; baseline 0.009 -14"><span class='ocrx_word' id='word_1_741' title='bbox 443 5529 567 5584; x_wconf 89' lang='lat' dir='ltr'>Non</span> <span class='ocrx_word' id='word_1_742' title='bbox 600 5534 834 5586; x_wconf 90' lang='lat' dir='ltr'>cantum</span> <span class='ocrx_word' id='word_1_743' title='bbox 869 5537 960 5588; x_wconf 91' lang='lat' dir='ltr'>est</span> <span class='ocrx_word' id='word_1_744' title='bbox 989 5535 1110 5590; x_wconf 89' lang='lat' dir='ltr'>sive</span> <span class='ocrx_word' id='word_1_745' title='bbox 1143 5538 1494 5593; x_wconf 89' lang='lat' dir='ltr'>sententiam</span> <span class='ocrx_word' id='word_1_746' title='bbox 1555 5540 1675 5594; x_wconf 89' lang='lat' dir='ltr'>sive</span> <span class='ocrx_word' id='word_1_747' title='bbox 1723 5540 2086 5597; x_wconf 89' lang='lat' dir='ltr'>voluntatem</span> 
     </span>
    </p>
   </div>
   <div class='ocr_carea' id='block_1_105' title="bbox 446 5617 2088 5702">
    <p class='ocr_par' dir='ltr' id='par_1_105' title="bbox 446 5617 2088 5702">
     <span class='ocr_line' id='line_1_105' title="bbox 446 5617 2088 5702; baseline 0.01 -33"><span class='ocrx_word' id='word_1_748' title='bbox 446 5617 725 5671; x_wconf 88' lang='lat' dir='ltr'>moralem</span> <span class='ocrx_word' id='word_1_749' title='bbox 760 5620 952 5675; x_wconf 91' lang='lat' dir='ltr'>dicere</span> <span class='ocrx_word' id='word_1_750' title='bbox 1005 5623 1076 5677; x_wconf 92' lang='lat' dir='ltr'>de</span> <span class='ocrx_word' id='word_1_751' title='bbox 1125 5623 1374 5690; x_wconf 88' lang='lat' dir='ltr'>Christo,</span> <span class='ocrx_word' id='word_1_752' title='bbox 1422 5628 1745 5683; x_wconf 89' lang='lat' dir='ltr'>secundum</span> <span class='ocrx_word' id='word_1_753' title='bbox 1797 5631 2088 5702; x_wconf 88' lang='lat' dir='ltr'>posterius</span> 
     </span>
    </p>
   </div>
   <div class='ocr_carea' id='block_1_106' title="bbox 447 5707 2085 5791">
    <p class='ocr_par' dir='ltr' id='par_1_106' title="bbox 447 5707 2085 5791">
     <span class='ocr_line' id='line_1_106' title="bbox 447 5707 2085 5791; baseline 0.012 -33"><span class='ocrx_word' id='word_1_754' title='bbox 447 5707 749 5761; x_wconf 65' lang='lat' dir='ltr'>sententiae</span> <span class='ocrx_word' id='word_1_755' title='bbox 779 5724 1020 5764; x_wconf 89' lang='lat' dir='ltr'>sensum</span> <span class='ocrx_word' id='word_1_756' title='bbox 1055 5731 1069 5780; x_wconf 70' lang='grc' dir='ltr'>ς</span> <span class='ocrx_word' id='word_1_757' title='bbox 1099 5712 1236 5782; x_wconf 91' lang='lat' dir='ltr'>quia</span> <span class='ocrx_word' id='word_1_758' title='bbox 1265 5729 1395 5769; x_wconf 91' lang='lat' dir='ltr'>cum</span> <span class='ocrx_word' id='word_1_759' title='bbox 1430 5715 1520 5770; x_wconf 92' lang='lat' dir='ltr'>his</span> <span class='ocrx_word' id='word_1_760' title='bbox 1571 5716 1868 5774; x_wconf 87' lang='lat' dir='ltr'>inducitur</span> <span class='ocrx_word' id='word_1_761' title='bbox 1921 5723 2085 5791; x_wconf 87' lang='lat' dir='ltr'>igno-</span> 
     </span>
    </p>
   </div>
   <div class='ocr_carea' id='block_1_107' title="bbox 445 5792 2086 5879">
    <p class='ocr_par' dir='ltr' id='par_1_107' title="bbox 445 5792 2086 5879">
     <span class='ocr_line' id='line_1_107' title="bbox 445 5792 2086 5879; baseline 0.01 -33"><span class='ocrx_word' id='word_1_762' title='bbox 445 5792 640 5848; x_wconf 88' lang='lat' dir='ltr'>rantia</span> <span class='ocrx_word' id='word_1_763' title='bbox 671 5811 683 5862; x_wconf 90' lang='lat'><strong>;</strong></span> <span class='ocrx_word' id='word_1_764' title='bbox 719 5796 825 5851; x_wconf 91' lang='lat' dir='ltr'>etsi</span> <span class='ocrx_word' id='word_1_765' title='bbox 855 5797 1011 5854; x_wconf 89' lang='lat' dir='ltr'>enim</span> <span class='ocrx_word' id='word_1_766' title='bbox 1040 5798 1405 5871; x_wconf 88' lang='lat' dir='ltr'>ignorantem</span> <span class='ocrx_word' id='word_1_767' title='bbox 1445 5806 1716 5860; x_wconf 88' lang='lat' dir='ltr'>naturam</span> <span class='ocrx_word' id='word_1_768' title='bbox 1766 5807 2086 5879; x_wconf 87' lang='lat' dir='ltr'>sumpserit</span> 
     </span>
    </p>
   </div>
   <div class='ocr_carea' id='block_1_108' title="bbox 2207 4824 3835 4908">
    <p class='ocr_par' dir='ltr' id='par_1_108' title="bbox 2207 4824 3835 4908">
     <span class='ocr_line' id='line_1_108' title="bbox 2207 4824 3835 4908; baseline -0.005 -20"><span class='ocrx_word' id='word_1_769' title='bbox 2207 4831 2422 4903; x_wconf 85' lang='grc' dir='ltr'>λήσεως</span> <span class='ocrx_word' id='word_1_770' title='bbox 2487 4833 2622 4908; x_wconf 84' lang='grc' dir='ltr'>πρὸς</span> <span class='ocrx_word' id='word_1_771' title='bbox 2670 4832 2732 4886; x_wconf 87' lang='grc' dir='ltr'>τὸ</span> <span class='ocrx_word' id='word_1_772' title='bbox 2800 4831 3000 4886; x_wconf 68' lang='grc' dir='ltr'>οἰκεῖον</span> <span class='ocrx_word' id='word_1_773' title='bbox 3068 4830 3296 4902; x_wconf 89' lang='grc' dir='ltr'>θελητὸν</span> <span class='ocrx_word' id='word_1_774' title='bbox 3354 4833 3701 4906; x_wconf 87' lang='grc' dir='ltr'>κινουμένης,</span> <span class='ocrx_word' id='word_1_775' title='bbox 3755 4824 3835 4882; x_wconf 73' lang='grc' dir='ltr'>ὅτε</span> 
     </span>
    </p>
   </div>
   <div class='ocr_carea' id='block_1_109' title="bbox 2201 4915 3833 4996">
    <p class='ocr_par' dir='ltr' id='par_1_109' title="bbox 2201 4915 3833 4996">
     <span class='ocr_line' id='line_1_109' title="bbox 2201 4915 3833 4996; baseline -0.004 -19"><span class='ocrx_word' id='word_1_776' title='bbox 2201 4927 2362 4977; x_wconf 91' lang='grc' dir='ltr'>τοῦτο</span> <span class='ocrx_word' id='word_1_777' title='bbox 2523 4921 2674 4996; x_wconf 78' lang='grc' dir='ltr'>θεϊκῇ</span> <span class='ocrx_word' id='word_1_778' title='bbox 2726 4918 2945 4991; x_wconf 81' lang='grc' dir='ltr'>θελήσει</span> <span class='ocrx_word' id='word_1_779' title='bbox 2996 4919 3160 4975; x_wconf 82' lang='grc' dir='ltr'>αὐτοῦ</span> <span class='ocrx_word' id='word_1_780' title='bbox 3208 4920 3436 4991; x_wconf 88' lang='grc' dir='ltr'>θελητὸν</span> <span class='ocrx_word' id='word_1_781' title='bbox 3491 4921 3582 4995; x_wconf 73' lang='grc' dir='ltr'>ἦν,</span> <span class='ocrx_word' id='word_1_782' title='bbox 3626 4917 3713 4975; x_wconf 80' lang='grc' dir='ltr'>καὶ</span> <span class='ocrx_word' id='word_1_783' title='bbox 3761 4915 3833 4991; x_wconf 82' lang='grc' dir='ltr'>ἐφ’</span> 
     </span>
    </p>
   </div>
   <div class='ocr_carea' id='block_1_110' title="bbox 2202 5005 3830 5086">
    <p class='ocr_par' dir='ltr' id='par_1_110' title="bbox 2202 5005 3830 5086">
     <span class='ocr_line' id='line_1_110' title="bbox 2202 5005 3830 5086; baseline -0.001 -21"><span class='ocrx_word' id='word_1_784' title='bbox 2202 5009 2324 5065; x_wconf 78' lang='grc' dir='ltr'>ὅσον</span> <span class='ocrx_word' id='word_1_785' title='bbox 2365 5012 2433 5081; x_wconf 78' lang='grc' dir='ltr'>ἦν</span> <span class='ocrx_word' id='word_1_786' title='bbox 2479 5005 2724 5081; x_wconf 86' lang='grc' dir='ltr'>θελητόν.</span> <span class='ocrx_word' id='word_1_787' title='bbox 2761 5014 2942 5086; x_wconf 81' lang='grc' dir='ltr'>Διχῶς</span> <span class='ocrx_word' id='word_1_788' title='bbox 2993 5006 3051 5064; x_wconf 72' lang='grc' dir='ltr'>δὲ</span> <span class='ocrx_word' id='word_1_789' title='bbox 3091 5016 3192 5078; x_wconf 82' lang='grc' dir='ltr'>τῆς</span> <span class='ocrx_word' id='word_1_790' title='bbox 3239 5011 3471 5086; x_wconf 87' lang='grc' dir='ltr'>γνώμης</span> <span class='ocrx_word' id='word_1_791' title='bbox 3521 5008 3830 5085; x_wconf 81' lang='grc' dir='ltr'>λεγομένης,</span> 
     </span>
    </p>
   </div>
   <div class='ocr_carea' id='block_1_111' title="bbox 2204 5092 3832 5176">
    <p class='ocr_par' dir='ltr' id='par_1_111' title="bbox 2204 5092 3832 5176">
     <span class='ocr_line' id='line_1_111' title="bbox 2204 5092 3832 5176; baseline -0.006 -21"><span class='ocrx_word' id='word_1_792' title='bbox 2204 5099 2417 5175; x_wconf 90' lang='grc' dir='ltr'>λέγεται</span> <span class='ocrx_word' id='word_1_793' title='bbox 2490 5101 2592 5176; x_wconf 83' lang='grc' dir='ltr'>γὰρ</span> <span class='ocrx_word' id='word_1_794' title='bbox 2661 5099 2857 5174; x_wconf 88' lang='grc' dir='ltr'>γνώμη</span> <span class='ocrx_word' id='word_1_795' title='bbox 2910 5099 2999 5152; x_wconf 86' lang='grc' dir='ltr'>καὶ</span> <span class='ocrx_word' id='word_1_796' title='bbox 3047 5100 3082 5167; x_wconf 79' lang='grc' dir='ltr'>ἡ</span> <span class='ocrx_word' id='word_1_797' title='bbox 3132 5096 3322 5160; x_wconf 84' lang='grc' dir='ltr'>ἁπλῶς</span> <span class='ocrx_word' id='word_1_798' title='bbox 3392 5097 3537 5174; x_wconf 78' lang='grc' dir='ltr'>ῥοπὴ</span> <span class='ocrx_word' id='word_1_799' title='bbox 3593 5096 3726 5173; x_wconf 84' lang='grc' dir='ltr'>πρὸς</span> <span class='ocrx_word' id='word_1_800' title='bbox 3776 5092 3832 5147; x_wconf 84' lang='grc' dir='ltr'>τὸ</span> 
     </span>
    </p>
   </div>
   <div class='ocr_carea' id='block_1_112' title="bbox 2199 5179 3828 5263">
    <p class='ocr_par' dir='ltr' id='par_1_112' title="bbox 2199 5179 3828 5263">
     <span class='ocr_line' id='line_1_112' title="bbox 2199 5179 3828 5263; baseline 0.001 -21"><span class='ocrx_word' id='word_1_801' title='bbox 2199 5187 2448 5260; x_wconf 81' lang='grc' dir='ltr'>θελητὸν,</span> <span class='ocrx_word' id='word_1_802' title='bbox 2479 5189 2552 5250; x_wconf 85' lang='grc' dir='ltr'>ὡς</span> <span class='ocrx_word' id='word_1_803' title='bbox 2586 5186 2836 5262; x_wconf 86' lang='grc' dir='ltr'>έλλόγως</span> <span class='ocrx_word' id='word_1_804' title='bbox 2864 5187 3124 5263; x_wconf 84' lang='grc' dir='ltr'>γινομένη</span> <span class='ocrx_word' id='word_1_805' title='bbox 3171 5186 3261 5241; x_wconf 87' lang='grc' dir='ltr'>καὶ</span> <span class='ocrx_word' id='word_1_806' title='bbox 3315 5187 3450 5260; x_wconf 82' lang='grc' dir='ltr'>μετᾶ</span> <span class='ocrx_word' id='word_1_807' title='bbox 3496 5187 3745 5262; x_wconf 81' lang='grc' dir='ltr'>γνώσεως</span> <span class='ocrx_word' id='word_1_808' title='bbox 3784 5179 3828 5234; x_wconf 72' lang='grc' dir='ltr'>ἐν</span> 
     </span>
    </p>
   </div>
   <div class='ocr_carea' id='block_1_113' title="bbox 2197 5267 3828 5352">
    <p class='ocr_par' dir='ltr' id='par_1_113' title="bbox 2197 5267 3828 5352">
     <span class='ocr_line' id='line_1_113' title="bbox 2197 5267 3828 5352; baseline -0.004 -22"><span class='ocrx_word' id='word_1_809' title='bbox 2197 5283 2314 5339; x_wconf 87' lang='grc' dir='ltr'>τοῖς</span> <span class='ocrx_word' id='word_1_810' title='bbox 2366 5276 2638 5352; x_wconf 87' lang='grc' dir='ltr'>λογικοῖς,</span> <span class='ocrx_word' id='word_1_811' title='bbox 2672 5275 2881 5352; x_wconf 85' lang='grc' dir='ltr'>λέγεται</span> <span class='ocrx_word' id='word_1_812' title='bbox 2928 5277 3122 5352; x_wconf 88' lang='grc' dir='ltr'>γνώμη</span> <span class='ocrx_word' id='word_1_813' title='bbox 3174 5275 3264 5330; x_wconf 85' lang='grc' dir='ltr'>καὶ</span> <span class='ocrx_word' id='word_1_814' title='bbox 3313 5278 3348 5345; x_wconf 81' lang='grc' dir='ltr'>ἠ</span> <span class='ocrx_word' id='word_1_815' title='bbox 3400 5276 3459 5330; x_wconf 81' lang='grc' dir='ltr'>ἐκ</span> <span class='ocrx_word' id='word_1_816' title='bbox 3505 5267 3828 5349; x_wconf 79' lang='grc' dir='ltr'>προϐουλεύ-</span> 
     </span>
    </p>
   </div>
   <div class='ocr_carea' id='block_1_114' title="bbox 2199 5356 3826 5441">
    <p class='ocr_par' dir='ltr' id='par_1_114' title="bbox 2199 5356 3826 5441">
     <span class='ocr_line' id='line_1_114' title="bbox 2199 5356 3826 5441; baseline 0.001 -23"><span class='ocrx_word' id='word_1_817' title='bbox 2199 5385 2332 5427; x_wconf 89' lang='grc' dir='ltr'>σεως</span> <span class='ocrx_word' id='word_1_818' title='bbox 2378 5367 2468 5420; x_wconf 87' lang='grc' dir='ltr'>καὶ</span> <span class='ocrx_word' id='word_1_819' title='bbox 2517 5366 2744 5440; x_wconf 82' lang='grc' dir='ltr'>κρίσεως</span> <span class='ocrx_word' id='word_1_820' title='bbox 2795 5364 2918 5439; x_wconf 83' lang='grc' dir='ltr'>περί</span> <span class='ocrx_word' id='word_1_821' title='bbox 2963 5386 3016 5419; x_wconf 91' lang='grc' dir='ltr'>τι</span> <span class='ocrx_word' id='word_1_822' title='bbox 3064 5362 3318 5428; x_wconf 87' lang='grc' dir='ltr'>διάθεσις.</span> <span class='ocrx_word' id='word_1_823' title='bbox 3369 5363 3478 5419; x_wconf 83' lang='grc' dir='ltr'>Οὐκ</span> <span class='ocrx_word' id='word_1_824' title='bbox 3524 5359 3752 5441; x_wconf 72' lang='grc' dir='ltr'>ἀσφαλὲς</span> <span class='ocrx_word' id='word_1_825' title='bbox 3795 5356 3826 5422; x_wconf 70' lang='grc' dir='ltr'><strong>ἢ</strong></span> 
     </span>
    </p>
   </div>
   <div class='ocr_carea' id='block_1_115' title="bbox 2197 5446 3826 5528">
    <p class='ocr_par' dir='ltr' id='par_1_115' title="bbox 2197 5446 3826 5528">
     <span class='ocr_line' id='line_1_115' title="bbox 2197 5446 3826 5528; baseline -0.003 -21"><span class='ocrx_word' id='word_1_826' title='bbox 2197 5454 2492 5528; x_wconf 85' lang='grc' dir='ltr'>γνώμηνῆ</span> <span class='ocrx_word' id='word_1_827' title='bbox 2539 5453 2758 5526; x_wconf 88' lang='grc' dir='ltr'>θέλημα</span> <span class='ocrx_word' id='word_1_828' title='bbox 2800 5453 3072 5528; x_wconf 89' lang='grc' dir='ltr'>γνωμικὸν</span> <span class='ocrx_word' id='word_1_829' title='bbox 3121 5452 3288 5508; x_wconf 77' lang='grc' dir='ltr'>εἰπεῖν</span> <span class='ocrx_word' id='word_1_830' title='bbox 3334 5451 3422 5507; x_wconf 76' lang='grc' dir='ltr'>ἐπὶ</span> <span class='ocrx_word' id='word_1_831' title='bbox 3467 5456 3564 5506; x_wconf 89' lang='grc' dir='ltr'>τοῦ</span> <span class='ocrx_word' id='word_1_832' title='bbox 3609 5446 3826 5525; x_wconf 75' lang='grc' dir='ltr'>Χριστοῦ</span> 
     </span>
    </p>
   </div>
   <div class='ocr_carea' id='block_1_116' title="bbox 2194 5532 3825 5616">
    <p class='ocr_par' dir='ltr' id='par_1_116' title="bbox 2194 5532 3825 5616">
     <span class='ocr_line' id='line_1_116' title="bbox 2194 5532 3825 5616; baseline -0.006 -19"><span class='ocrx_word' id='word_1_833' title='bbox 2194 5544 2330 5597; x_wconf 81' lang='grc' dir='ltr'>κατὰ</span> <span class='ocrx_word' id='word_1_834' title='bbox 2374 5544 2436 5597; x_wconf 91' lang='grc' dir='ltr'>τὸ</span> <span class='ocrx_word' id='word_1_835' title='bbox 2481 5544 2582 5612; x_wconf 80' lang='grc' dir='ltr'>τῆς</span> <span class='ocrx_word' id='word_1_836' title='bbox 2622 5543 2848 5616; x_wconf 89' lang='grc' dir='ltr'>γνώμης</span> <span class='ocrx_word' id='word_1_837' title='bbox 2896 5539 3142 5614; x_wconf 80' lang='grc' dir='ltr'>δεύτερον</span> <span class='ocrx_word' id='word_1_838' title='bbox 3183 5541 3604 5614; x_wconf 82' lang='grc' dir='ltr'>σημαινόμενον,</span> <span class='ocrx_word' id='word_1_839' title='bbox 3646 5536 3730 5592; x_wconf 72' lang='grc' dir='ltr'>διὰ</span> <span class='ocrx_word' id='word_1_840' title='bbox 3770 5532 3825 5587; x_wconf 86' lang='grc' dir='ltr'>τὸ</span> 
     </span>
    </p>
   </div>
   <div class='ocr_carea' id='block_1_117' title="bbox 2196 5622 3821 5707">
    <p class='ocr_par' dir='ltr' id='par_1_117' title="bbox 2196 5622 3821 5707">
     <span class='ocr_line' id='line_1_117' title="bbox 2196 5622 3821 5707; baseline -0.004 -23"><span class='ocrx_word' id='word_1_841' title='bbox 2196 5631 2587 5707; x_wconf 80' lang='grc' dir='ltr'>συνεισάγεσθαι</span> <span class='ocrx_word' id='word_1_842' title='bbox 2649 5630 2866 5693; x_wconf 89' lang='grc' dir='ltr'>τούτοις</span> <span class='ocrx_word' id='word_1_843' title='bbox 2913 5632 3014 5698; x_wconf 79' lang='grc' dir='ltr'>τήν</span> <span class='ocrx_word' id='word_1_844' title='bbox 3060 5627 3297 5704; x_wconf 80' lang='grc' dir='ltr'>ἄγνοιαν.</span> <span class='ocrx_word' id='word_1_845' title='bbox 3353 5630 3416 5685; x_wconf 88' lang='grc' dir='ltr'>Εἰ</span> <span class='ocrx_word' id='word_1_846' title='bbox 3458 5631 3558 5706; x_wconf 81' lang='grc' dir='ltr'>γὰρ</span> <span class='ocrx_word' id='word_1_847' title='bbox 3606 5625 3691 5682; x_wconf 84' lang='grc' dir='ltr'>καὶ</span> <span class='ocrx_word' id='word_1_848' title='bbox 3731 5622 3821 5689; x_wconf 82' lang='grc' dir='ltr'>τὴν</span> 
     </span>
    </p>
   </div>
   <div class='ocr_carea' id='block_1_118' title="bbox 2194 5709 3820 5798">
    <p class='ocr_par' dir='ltr' id='par_1_118' title="bbox 2194 5709 3820 5798">
     <span class='ocr_line' id='line_1_118' title="bbox 2194 5709 3820 5798; baseline -0.006 -24"><span class='ocrx_word' id='word_1_849' title='bbox 2194 5719 2488 5794; x_wconf 87' lang='grc' dir='ltr'>ἀγνοοῦσαν</span> <span class='ocrx_word' id='word_1_850' title='bbox 2522 5721 2550 5774; x_wconf 91' lang='grc' dir='ltr'>ὁ</span> <span class='ocrx_word' id='word_1_851' title='bbox 2579 5719 2776 5794; x_wconf 87' lang='grc' dir='ltr'>Κύριος</span> <span class='ocrx_word' id='word_1_852' title='bbox 2825 5718 2979 5797; x_wconf 79' lang='grc' dir='ltr'>φύσιν</span> <span class='ocrx_word' id='word_1_853' title='bbox 3027 5712 3302 5790; x_wconf 76' lang='grc' dir='ltr'>ἀνέλαϐεν,</span> <span class='ocrx_word' id='word_1_854' title='bbox 3334 5716 3480 5776; x_wconf 79' lang='grc' dir='ltr'>ἀλλὰ</span> <span class='ocrx_word' id='word_1_855' title='bbox 3524 5720 3628 5798; x_wconf 79' lang='grc' dir='ltr'>τῶν</span> <span class='ocrx_word' id='word_1_856' title='bbox 3675 5709 3820 5769; x_wconf 82' lang='grc' dir='ltr'>θείων</span> 
     </span>
    </p>
   </div>
   <div class='ocr_carea' id='block_1_119' title="bbox 2193 5798 3818 5884">
    <p class='ocr_par' dir='ltr' id='par_1_119' title="bbox 2193 5798 3818 5884">
     <span class='ocr_line' id='line_1_119' title="bbox 2193 5798 3818 5884; baseline -0.011 -13"><span class='ocrx_word' id='word_1_857' title='bbox 2193 5807 2529 5884; x_wconf 82' lang='grc' dir='ltr'>ςύχημάτων</span> <span class='ocrx_word' id='word_1_858' title='bbox 2591 5807 2759 5882; x_wconf 82' lang='grc' dir='ltr'>ταύτῃ</span> <span class='ocrx_word' id='word_1_859' title='bbox 2823 5804 3111 5882; x_wconf 82' lang='grc' dir='ltr'>μετέδωκε.</span> <span class='ocrx_word' id='word_1_860' title='bbox 3168 5807 3269 5862; x_wconf 81' lang='grc' dir='ltr'>Καὶ</span> <span class='ocrx_word' id='word_1_861' title='bbox 3336 5808 3404 5878; x_wconf 81' lang='grc' dir='ltr'>ἧν</span> <span class='ocrx_word' id='word_1_862' title='bbox 3474 5807 3574 5861; x_wconf 83' lang='grc' dir='ltr'>τοῦ</span> <span class='ocrx_word' id='word_1_863' title='bbox 3633 5798 3818 5877; x_wconf 75' lang='grc' dir='ltr'>Κυρίου</span> 
     </span>
    </p>
   </div>
  </div>
