4154 6490
395 513 513 582 θοι

1532 512 1798 580 SEBMO
1837 509 1942 577 AD
1984 506 2416 577 MONACHOS
2459 511 2684 577 SUOS.

3683 500 3805 567 602

392 650 548 728 ψυχὴ
598 654 771 706 πᾶσαν
821 645 1024 725 ἔχουσα
1070 646 1284 727 σοφίαν,
1335 646 1479 703 θείαν
1530 648 1642 722 ἅμα
1692 645 1757 717 δὴ
1806 646 1895 702 καὶ
1949 645 2040 700 ἆν-

2161 647 2438 704 Dominus
2468 647 2619 703 hanc
2649 646 2862 704 saltem
2911 642 3254 720 participem
3301 639 3557 699 reddidit
3593 637 3802 695 divinas

397 741 710 817 θρωπικὴν,
764 744 935 794 πᾶσαν
980 743 1201 814 γνῶσιν,
1249 742 1355 792 τῶν
1427 737 1754 814 γεγονότων,
1800 740 1907 791 τῶν
1963 731 2050 789 ὄν-

395 850 526 899 των,
557 833 667 884 τῶν
705 827 1001 902 ἐσομένων,
1034 827 1097 881 ού
1146 826 1322 905 φύσει,
1356 826 1417 881 ού
1465 826 1672 903 χάριτι,
1708 823 1796 880 διὰ
1845 823 1904 880 δὲ
1953 825 2054 893 τὴν

395 918 536 994 πρὸς
587 916 747 973 αύτὸν
797 918 889 972 τὸν
945 916 1105 990 μόνον
1168 917 1354 995 σοφὸν,
1405 915 1494 970 καὶ
1560 914 1729 970 πάντα
1790 913 1880 969 καὶ
1945 914 2053 988 πρὸ

391 1014 496 1077 τῆς
547 1006 719 1062 αὐτῶν
770 1006 1032 1080 γενέσεως
1093 1002 1276 1060 εἰδότα
1340 1002 1688 1081 προαιωνίως
1750 1003 1866 1058 καθ’
1916 1001 2049 1057 ὑπό-

394 1116 578 1151 στασιν
629 1090 843 1150 ἕνωσιν.
896 1093 1062 1156 Ποίας
1128 1092 1219 1149 οῦν
1290 1090 1515 1169 ἔχρῃζεν
1591 1092 1724 1162 αὕτη
1800 1090 2047 1168 βουλῆς;

389 1185 542 1247 τίνος
590 1188 699 1238 τῶν
757 1183 891 1257 μετὰ
942 1184 1043 1253 τὴν
1107 1182 1313 1258 βουλὴν
1368 1185 1404 1251 ἡ
1463 1182 1636 1236 πάντα
1689 1181 2045 1258 γινώσκουσα,

390 1274 577 1338 καθὼς
604 1270 807 1351 ἔφαμεν
834 1289 849 1343 ;

2162 737 2358 808 gloriae
2390 737 2742 808 (divinorum
2764 735 3162 808 honorum),et
3190 736 3315 790 erat
3346 730 3573 787 Domini
3606 727 3804 785 anima

2162 842 2394 881 omnem
2429 827 2646 883 habens
2679 826 3049 898 sapientiam,
3096 822 3350 880 divinam
3401 818 3578 876 simul
3610 821 3668 874 et
3694 817 3806 872 hu-

2161 930 2399 970 manam
2425 933 2438 983 ;
2470 933 2704 971 omnem
2739 915 3043 971 scientiam
3075 911 3524 986 praeteritorum,
3556 923 3806 981 praesen-

2160 1003 2307 1058 tium
2340 1009 2398 1059 et
2446 1006 2776 1060 futurorum
2836 1021 2952 1061 non
3011 1007 3246 1069 natura,
3301 1017 3418 1055 non
3464 996 3673 1071 gratia,
3707 994 3809 1051 sed

2160 1093 2379 1148 unione
2429 1095 2752 1149 secundum
2785 1092 3169 1167 hypostasim,
3219 1106 3352 1147 cum
3396 1088 3525 1160 ipso
3558 1085 3682 1142 solo
3714 1100 3809 1140 sa-

2158 1181 2353 1253 piente
2382 1187 2439 1237 et
2472 1183 2672 1238 omnia
2714 1181 2802 1238 vel
2855 1186 3172 1253 antequam
3222 1180 3369 1234 fiant
3397 1178 3807 1249 cognoscente.

2157 1271 2281 1335 Qua
2306 1271 2487 1344 igitur
2536 1271 2952 1327 deliberatione
2978 1270 3101 1326 haec
3129 1266 3435 1343 egeret,vel
3463 1280 3579 1337 quo
3608 1279 3811 1321 eorum

393 1380 526 1437 quas
547 1368 689 1420 sunt
718 1366 850 1435 post
871 1361 1354 1418 deliberationem
1385 1365 1577 1434 egeret
1596 1377 1664 1417 ea
1692 1376 1820 1432 qua
1852 1360 2051 1416 omnia
2089 1360 2409 1434 cognoscit,
2442 1365 2509 1417 ut
2539 1361 2796 1417 diximus
2825 1361 2853 1415 ?

465 1485 530 1540 Εἰ
580 1482 639 1540 δέ
692 1505 827 1541 ποτε
898 1488 1169 1539 πεινῶντα
1230 1484 1322 1539 τὸν
1374 1482 1570 1558 Κύριον
1623 1483 1797 1539 ἐλθεῖν
1856 1483 2052 1559 γέγραι

392 1595 523 1630 πται
554 1573 691 1649 πρὸς
725 1579 894 1643 συκῆν
926 1574 1133 1650 καρπὸν
1166 1572 1265 1628 οὐκ
1303 1571 1554 1649 ἔχουσαν,
1590 1571 1635 1626 εἰ
1687 1572 1789 1646 ἄρα
1837 1571 2052 1648 εὑρήσει

390 1684 446 1719 τι
501 1662 553 1718 ἐν
599 1662 762 1737 αὐτῇ,
794 1660 886 1717 καὶ
935 1661 1045 1738 οὐχ
1074 1661 1247 1736 εὗρεν,
1281 1660 1326 1716 εἰ
1389 1661 1464 1735 μὴ
1516 1659 1720 1739 φύλλα,
1760 1661 1879 1723 καθ’
1927 1659 2055 1714 ὑπό-

392 1771 544 1807 νοιαν
595 1751 624 1805 6
670 1754 921 1813 τοιοῦτος
980 1754 1076 1805 τοῦ
1144 1746 1310 1826 λόγου
1378 1748 1822 1824 σχησματισμὸς,
1876 1748 2053 1810 καθὼς

395 1839 457 1896 ἂν
534 1838 825 1909 ὑπενόησεν
895 1835 1027 1901 ἴσως
1078 1838 1106 1893 6
1151 1839 1252 1908 τὴν
1322 1837 1486 1893 αὐτοῦ
1555 1838 1690 1912 πρὸς
1736 1837 1836 1905 τήν
1886 1844 2051 1907 συκῆν

393 1925 632 1985 κατιδὼν
701 1923 935 2001 ἔλευσιν,
1008 1928 1084 2002 μὴ
1155 1927 1339 2001 μέντοι
1404 1927 1493 1982 τὸν
1560 1932 1663 1996 τῆς
1731 1924 2053 1999 οἰκονομίας

2233 1485 2294 1541 Si
2328 1487 2562 1557 quando
2592 1486 2829 1558 quidem
2860 1486 3144 1558 scriptum
3182 1488 3272 1539 est
3304 1500 3317 1539 :
3344 1479 3654 1537 Dominum
3682 1493 3814 1534 esu-

2164 1573 2409 1630 rientem
2437 1575 2667 1631 venisse
2724 1575 2794 1630 ad
2828 1575 3005 1629 ﬁcum
3038 1590 3151 1629 non
3183 1571 3499 1628 habentem
3531 1569 3809 1635 fructum,

2164 1661 2213 1717 si
2247 1663 2391 1717 forte
2450 1661 2671 1735 aliquid
2732 1663 3019 1718 inveniret
3076 1662 3136 1717 in
3196 1677 3264 1717 ea
3311 1675 3415 1715 nec
3446 1656 3665 1713 invenit
3694 1654 3809 1710 nisi

2164 1750 2652 1822 folia,secundum
2674 1753 3069 1824 conjecturam
3095 1751 3145 1806 is
3169 1754 3261 1806 est
3281 1746 3566 1804 sermonis
3596 1744 3810 1801 modus

2164 1844 2230 1894 ut
2257 1840 2450 1895 forsan
2481 1841 2829 1912 conjecisset
2859 1840 2960 1911 qui
2979 1856 3115 1895 eum
3144 1838 3388 1895 vidisset
3410 1836 3481 1891 ad
3516 1834 3690 1890 ﬁcum
3718 1848 3811 1888 ve-

2164 1927 2423 1984 nientem
2456 1945 2562 1984 nec
2616 1934 2813 1984 tamen
2853 1926 3261 2000 dispositionis
3291 1924 3576 1980 rationem
3609 1919 3810 1977 scivis-

395 2016 563 2092 λόγον
593 2014 775 2080 εἰδώς.
802 2015 917 2072 Τίνι
948 2015 1050 2093 γὰρ
1087 2015 1146 2072 ἂν
1176 2016 1267 2071 καὶ
1317 2020 1423 2071 τῶν
1473 2014 1751 2091 τυχόντων
1798 2016 2049 2090 ἠγνοήθη

2161 2020 2269 2081 set,
2329 2034 2364 2073 a
2417 2034 2532 2089 quo
2587 2018 2744 2073 enim
2791 2021 2849 2074 et
2878 2015 3276 2073 accidentium
3308 2014 3577 2086 ignorata
3604 2009 3810 2065 fuisset

388 2107 454 2162 τὸ
501 2103 823 2177 πρόδηλον;
879 2103 997 2160 ἐπεὶ
1060 2106 1151 2160 καὶ
1192 2105 1379 2182 καιρὸς
1427 2108 1600 2159 συκῶν
1647 2102 1747 2159 οὐκ
1789 2104 1876 2175 ἦν,
1928 2101 2055 2158 ἀλλ’

396 2193 474 2257 ὡς
526 2193 585 2248 ἂν
621 2193 649 2247 ὀ
682 2194 745 2248 τὸ
798 2199 902 2249 πᾶν
956 2191 1163 2270 ἰσχύων
1215 2191 1506 2265 ἐνδείξηται
1554 2193 1691 2253 κατὰ
1734 2193 1919 2268 καιρὸν
1971 2190 2053 2247 ὅτι

402 2283 479 2356 μή
535 2281 698 2356 μόνον
756 2282 1095 2359 εύεργετικήν
1147 2277 1274 2357 ἔχον
1341 2279 1589 2355 δύναμιν,
1642 2279 1786 2336 ἀλλά
1846 2301 1910 2357 γε
1964 2281 2055 2336 καὶ

398 2371 806 2448 τιμωρητικήν,
837 2371 929 2425 καὶ
969 2370 1045 2433 ὡς
1097 2367 1245 2444 εἷ’περ
1298 2365 1479 2433 ἐθέλοι
1529 2368 1682 2443 λόγῳ
1735 2369 1884 2442 μόνῳ
1930 2367 2054 2432 τοὺς

399 2459 813 2534 σταυρώσαντας
863 2458 1216 2534 ἆποξηρανεῖ,
1263 2458 1362 2527 τὴν
1421 2463 1603 2518 πεῖναν
1636 2456 1726 2513 καὶ
1771 2458 1870 2527 τὴν
1917 2457 2052 2531 πρὸς

395 2548 496 2617 τήν
531 2554 697 2618 συκῆν
731 2545 939 2603 ἔλευσιν
989 2545 1382 2624 προηγούμενα
1425 2545 1608 2615 τίθησι
1652 2551 1750 2615 τῆς
1797 2545 2054 2615 τοιαύτης

400 2633 673 2709 ἐνδείξεως
724 2636 752 2690 ὁ
798 2637 962 2714 σοφὸς
1011 2635 1101 2690 καὶ
1165 2633 1571 2713 φιλάνθρωπος·
1621 2632 1709 2689 διά
1758 2656 1850 2689 τοι
1893 2639 2055 2690 τοῦτο

398 2723 491 2781 καὶ
539 2725 686 2802 παρὰ
726 2725 790 2779 τὸ
840 2724 1031 2787 εἷωθὸς
1079 2727 1114 2795 ἡ
1168 2729 1324 2779 πεῖνα
1372 2722 1584 2800 πρωίας
1647 2719 1832 2795 οὔσης,
1878 2724 2055 2785 καθὼς

397 2812 687 2884 τεθέλητο.
757 2817 1052 2890 Τοιγαροῦν
1110 2814 1144 2882 ἠ
1214 2812 1349 2889 πρὸς
1420 2812 1518 2881 τὴν
1599 2818 1765 2881 συκῆν
1852 2811 2050 2890 ἄφιξις,

402 2902 662 2965 ὡσαύτως
708 2901 800 2957 καὶ
839 2904 874 2972 ἡ
917 2903 1043 2978 περὶ
1085 2905 1184 2957 τοῦ
1232 2902 1482 2978 Λαζάρου
1529 2905 1739 2973 πεῦσις,
1793 2899 1920 2955 ὅποι
1962 2900 2053 2955 τέ-

401 3002 548 3056 θειτο
605 2990 778 3046 θανὼν
842 2988 1070 3062 ἐκεῖνος,
1128 2990 1217 3045 καὶ
1278 2987 1332 3045 εἷ’
1380 3011 1431 3044 τι
1488 2988 1898 3066 παραπλήσιον,
1956 2988 2055 3046 οὐκ

397 3077 634 3156 ἀγνοίας,
686 3078 815 3135 ἀλλ’
864 3077 1180 3153 οἰκονομίας
1255 3079 1345 3133 καὶ
1411 3077 1727 3157 προσφόρου
1784 3099 2048 3153 συγκατα-

397 3163 631 3231 ϐάσεως.
665 3170 811 3223 Κατᾶ
851 3168 947 3241 μὲν
985 3166 1077 3222 οὖν
1117 3168 1180 3223 τὸ
1228 3164 1473 3244 δεύτερον
1526 3174 1627 3237 τῆς
1675 3168 1906 3243 γνώμης
1961 3166 2053 3223 καὶ

394 3264 496 3328 τῆς
559 3257 929 3334 προαιρέσεως
979 3255 1378 3331 σημαινόμενον
1447 3253 1570 3311 οὔτε
1628 3256 1878 3332 γνώμην,
1929 3253 2054 3311 οὔτε

394 3344 709 3421 προαίρεσιν
778 3341 1026 3419 εἷ’ποιμεν
1094 3344 1154 3401 ἂν
1206 3343 1293 3400 ἐπὶ
1360 3348 1457 3399 τοῦ
1510 3348 1765 3421 Χριστοῦ·
1815 3345 1951 3400 κατὰ
1994 3341 2053 3400 δὲ

395 3435 458 3489 τὸ
505 3436 724 3510 πρῶτον
775 3434 863 3489 καὶ
911 3433 1047 3490 κατὰ
1109 3435 1339 3509 γνώμην
1402 3437 1536 3488 Θεοῦ
1593 3430 1720 3489 τόδε
1766 3455 1820 3488 τι
1864 3430 2050 3489 διαπε-

395 3522 641 3599 πρᾶχθαί
685 3540 877 3601 φαμενο
909 3523 1156 3578 τουτέστι
1203 3521 1431 3593 θελητὸν
1481 3526 1561 3595 τῷ
1608 3526 1724 3594 Θεῷ
1767 3522 1857 3577 καὶ
1914 3522 2049 3577 ἀπο-

396 3609 581 3669 δεκτὸν
613 3611 676 3665 τὸ
705 3608 966 3687 πραχθέν.
1000 3612 1090 3674 Ὠς
1134 3609 1180 3666 εί
1225 3609 1482 3686 λέγοιμεν
1525 3611 1616 3666 τὸν
1669 3608 1832 3666 Δαυῒδ
1886 3606 2046 3687 βεϐα-

394 3696 702 3756 σιλευκέναι
790 3701 926 3754 κατά
999 3700 1230 3774 γνώμην
1286 3704 1442 3771 Θεοῦ,
1499 3699 1589 3755 καὶ
1668 3701 2049 3777 προαιρετικὸς

397 3788 494 3861 μὲν
540 3788 569 3843 6
618 3791 715 3843 τοῦ
764 3791 898 3842 Θεοῦ
946 3787 1147 3863 Λόγος,
1196 3788 1577 3865 προαιρετικὸν
1646 3785 1705 3843 δὲ
1760 3789 1823 3843 τὸ
1880 3793 2046 3845 Πνεῦ-

398 3898 476 3950 μα
527 3875 593 3932 τὸ
665 3876 819 3952 ἅγιον
900 3873 1132 3953 εἷ’ρηται.
1194 3876 1321 3932 Δέον
1398 3875 1489 3931 οὖν
1567 3877 1877 3953 ἐρευνᾶσθαι
1950 3879 2051 3947 τὴν

392 3963 538 4036 λέξιν
617 3963 670 4019 ἐν
738 3966 956 4035 ἅπασιν,
1013 3964 1063 4020 εἷ’
1114 3964 1293 4021 πλείω
1367 3962 1534 4036 δηλοῖ
1600 3970 1698 4020 τοῦ
1773 3966 1907 4035 ἑνὸς,
1958 3968 2048 4022 καὶ

397 4054 515 4127 μετ’
573 4052 869 4130 εὐκρινείας
922 4052 1050 4116 τοὺς
1116 4051 1315 4130 λόγους
1388 4049 1700 4128 προϐαίνειν
1777 4055 1914 4131 πρὸς
1983 4056 2051 4111 τὰ

391 4138 731 4214 δηλούμενα.
765 4140 961 4211 Πολλὴ
1008 4141 1110 4219 γὰρ
1141 4145 1177 4211 ἡ
1227 4141 1287 4198 ἐκ
1330 4148 1431 4213 τῆς
1485 4142 1806 4216 ὁμωνυμίας
1849 4141 2044 4217 ἀπάτῃ,

389 4228 482 4284 καὶ
542 4234 760 4307 πρῶτος
809 4229 944 4300 αὕτη
1002 4229 1204 4306 τρόπος
1236 4230 1288 4287 έν
1336 4235 1455 4293 τοῖς
1514 4231 1860 4308 σοφίσμασιν.
1894 4230 2048 4285 Οὕτω

383 4337 474 4371 τοι
530 4317 621 4371 καὶ
678 4315 740 4373 τὸ
797 4318 929 4380 Θεὸς
980 4312 1172 4392 ὄνομα,
1203 4319 1295 4373 καὶ
1346 4319 1408 4373 τὸ
1456 4319 1738 4391 ἄνθρωπος
1768 4318 1901 4373 ποτὶ
1951 4319 2046 4392 μὲν

388 4403 547 4484 φύσιν
626 4405 904 4480 σημαίνει,
959 4406 1092 4462 ποτὶ
1147 4404 1192 4463 δ’
1250 4406 1563 4462 ὑπόστασιν.
1624 4408 1687 4462 Ἣ
1745 4404 1804 4462 δὲ
1859 4407 2048 4479 θεότης

385 4492 649 4556 ὡσαύτως
706 4495 797 4549 καὶ
850 4497 885 4564 ἠ
919 4494 1276 4571 ἀνθρωπότης
1335 4495 1490 4573 φύσιν
1548 4495 1629 4551 ἀεὶ
1694 4496 1885 4569 μόνην,
1918 4494 2047 4552 ἀλλ’

383 4576 589 4637 οὔποτε
636 4581 727 4637 καὶ
780 4581 1092 4640 ὑπόστασιν.
1135 4585 1207 4639 Τὸ
1256 4581 1313 4638 δὲ
1359 4584 1592 4658 Χριστὸς
1642 4581 1810 4655 δηλοῖ
1857 4585 2043 4640 σύνθε-

378 4690 479 4726 τον
549 4669 609 4726 ἐκ
686 4669 945 4741 θεότητός
1014 4693 1074 4726 τε
1144 4673 1235 4728 καὶ
1322 4672 1767 4750 ἆνθρωπότητος.
1826 4673 1926 4728 Καὶ
1982 4675 2043 4728 τὸ

2165 2106 2475 2179 evidentia,
2508 2123 2643 2162 cum
2698 2110 2935 2179 tempus
2967 2106 3208 2162 ﬁcorum
3242 2120 3357 2159 non
3390 2103 3625 2158 adesset
3655 2116 3670 2168 ;
3705 2098 3808 2154 sed

2164 2199 2230 2249 ut
2257 2195 2628 2266 omnipotens
2658 2194 2755 2250 ille
2806 2196 3141 2250 ostenderet
3170 2192 3497 2250 secundum
3548 2194 3804 2260 tempus,

2165 2283 2320 2355 quod
2352 2300 2468 2340 non
2500 2282 2693 2340 solum
2725 2284 2938 2340 habeat
2955 2282 3274 2356 potentiam
3302 2297 3430 2353 quae
3458 2275 3805 2345 benefaciat,

2164 2372 2267 2427 sed
2297 2373 2474 2427 etiam
2533 2390 2660 2444 quae
2718 2372 2981 2445 castiget,
3033 2376 3091 2428 et
3143 2372 3320 2444 quod,
3371 2369 3421 2425 si
3462 2366 3602 2423 velit
3628 2365 3803 2422 verbo

2163 2461 2287 2517 solo
2319 2461 2722 2535 cruciﬁgentes
2752 2463 3031 2530 siccabit;
3080 2462 3294 2517 famem
3322 2463 3380 2515 et
3403 2471 3706 2514 accessum
3732 2454 3806 2509 ad

2163 2551 2339 2606 ficum
2373 2550 2638 2623 exempla
2666 2550 2830 2623 ponit
2860 2549 2996 2607 talis
3024 2546 3541 2607 demonstrationis
3570 2543 3807 2617 sapiens

2163 2644 2219 2695 et
2246 2639 2558 2695 hominum
2610 2644 2869 2709 amator;
2903 2640 3032 2696 ideo
3063 2656 3203 2695 sane
3241 2642 3299 2694 et
3344 2640 3547 2692 contra
3575 2648 3800 2689 morem

2166 2728 2276 2784 fuit
2305 2731 2489 2784 fames
2519 2745 2692 2784 mane
2723 2729 2877 2784 sicut
2932 2728 3249 2801 placuerat.
3285 2725 3504 2781 Idcirco
3533 2738 3676 2779 sane
3731 2720 3803 2776 ad

2163 2817 2340 2872 ﬁcum
2373 2832 2665 2883 accessus,
2698 2816 2848 2873 sicut
2889 2821 2947 2872 et
2975 2818 3047 2872 de
3088 2817 3299 2871 Lazaro
3351 2810 3729 2884 interrogatio
3790 2826 3804 2865 :

2165 2906 2263 2961 ubi
2296 2906 2523 2978 positus
2552 2906 2761 2961 fuisset
2791 2910 3060 2961 mortuus
3089 2903 3187 2960 ille
3213 2904 3242 2959 ?
3270 2907 3325 2959 et
3355 2901 3563 2974 siquid
3590 2898 3801 2969 simile,

2161 3010 2275 3049 non
2306 2993 2647 3066 ignorantiae
2700 2998 2839 3050 sunt
2892 2995 2994 3050 sed
3052 2992 3455 3066 dispositionis
3500 2996 3555 3046 et
3592 2988 3804 3044 conde-

2161 3082 2486 3138 scensionis
2517 3083 3028 3155 aptaa.Secundum
3059 3082 3241 3155 igitur
3269 3078 3644 3153 posteriorem
3677 3093 3808 3133 sen-

2160 3170 2353 3226 tentias
2384 3174 2442 3226 et
2478 3171 2831 3243 praelationis
2888 3188 3152 3238 sensum,
3206 3185 3397 3242 neque
3454 3164 3805 3224 sententiam

2162 3274 2348 3331 neque
2380 3259 2775 3332 prwlationem
2808 3260 3138 3315 diceremus
3184 3259 3256 3315 de
3294 3257 3562 3324 Christo;
3595 3270 3808 3311 secun-

2081 3377 2125 3444 α
2163 3347 2304 3403 dum
2336 3365 2471 3405 vero
2502 3348 2777 3420 priorem,
2809 3348 2911 3420 (et)
2942 3348 3269 3403 secundum
3301 3343 3654 3444 sententiam
3705 3341 3808 3444 Dei

2162 3435 2385 3508 aliquid
2418 3436 2633 3492 factum
2666 3436 2846 3493 fuisse
2885 3437 3162 3503 dicimus,
3193 3435 3304 3491 hoc
3349 3438 3457 3501 est,
3489 3431 3695 3498 voluit,
3727 3430 3807 3485 fa-

2160 3529 2320 3580 ctum
2365 3531 2718 3597 gratumque
2747 3525 2954 3581 habuit
2984 3525 3159 3591 Deu,
3196 3528 3261 3580 ut
3289 3523 3340 3579 si
3370 3522 3659 3592 dicamus,
3690 3519 3805 3575 Da-

2157 3612 2352 3668 videm
2380 3630 2655 3686 regnasse
2685 3613 3010 3670 secundum
3036 3612 3388 3669 sententiam
3420 3609 3543 3666 Dei.
3573 3609 3643 3664 Et
3674 3606 3771 3680 qui

2160 3700 2293 3756 dem
2325 3702 2579 3757 Verbum
2641 3702 2741 3758 Dei
2783 3702 3074 3774 (suijuris
3104 3705 3163 3757 et
3219 3700 3311 3757 sui
3362 3700 3517 3772 juris
3546 3697 3803 3770 Spiritus

2160 3794 2400 3846 sanctus
2430 3790 2727 3862 dicuntur)
2757 3790 3113 3862 prselationis
3144 3806 3327 3862 capax
3365 3793 3423 3845 et
3452 3803 3629 3859 capax
3661 3802 3804 3858 prm-

2158 3877 2394 3934 lationis
2443 3879 2696 3950 Spiritus
2742 3884 2980 3936 sanctus
3032 3879 3267 3934 dicitur.
3329 3878 3570 3949 Oportet
3622 3875 3804 3947 igitur

2160 3966 2408 4022 scrutari
2441 3967 2906 4024 enuntiationem
2935 3967 2995 4022 in
3043 3966 3342 4036 omnibus,
3388 3966 3438 4022 si
3486 3964 3656 4037 plura
3686 3980 3803 4019 uno

2160 4054 2473 4128 signiﬁcet,
2522 4060 2581 4112 et
2613 4072 2745 4111 cum
2796 4056 3147 4113 discretione
3174 4056 3351 4112 verba
3380 4054 3692 4126 procedere
3730 4053 3803 4108 ad

2158 4160 2227 4199 ea
2255 4160 2384 4215 quae
2414 4143 2839 4217 signiﬁcantur.
2871 4144 3091 4201 Multus
3139 4144 3298 4201 enim
3326 4161 3396 4200 ex
3425 4141 3805 4215 homonymia

2158 4248 2338 4303 error,
2361 4237 2417 4288 et
2447 4232 2819 4306 prmcipuuus
2848 4251 2916 4290 ea
2944 4251 3074 4290 mos
3102 4238 3193 4290 est
3217 4233 3279 4289 in
3311 4230 3801 4305 sophismatibus.

2158 4319 2252 4377 Sic
2282 4338 2422 4377 sane
2460 4326 2518 4376 et
2547 4339 2758 4378 nomen
2794 4344 2816 4375 ι
2850 4322 3005 4379 Deus
3036 4346 3065 4372 »
3095 4328 3152 4377 et
3181 4338 3395 4378 nomen
3427 4344 3455 4372 «
3488 4320 3664 4376 homo
3698 4336 3712 4383 ;
3770 4339 3797 4372 η

2159 4409 2331 4465 modo
2363 4410 2518 4465 enim
2553 4416 2824 4466 naturam
2856 4411 3169 4483 significat,
3205 4411 3497 4481 modoque
3527 4410 3800 4482 hyposta-

2157 4496 2290 4553 sim.
2324 4498 2609 4555 Divinitas
2641 4515 2873 4571 quoque
2902 4500 3057 4555 sicut
3086 4505 3142 4555 et
3161 4499 3501 4555 humanitas
3531 4502 3804 4554 naturam

2156 4602 2390 4659 semper
2417 4586 2624 4657 solam,
2657 4589 2758 4643 sed
2793 4605 3095 4659 nunquam
3128 4591 3185 4643 et
3214 4587 3612 4660 hypostasim;
3646 4585 3809 4640 Chri-

2156 4679 2286 4731 stus
2318 4681 2513 4731 autem
2573 4678 2790 4749 praebet
2844 4676 3236 4749 compositum
3281 4692 3350 4731 ex
3404 4675 3720 4731 Divinitate
3749 4679 3808 4730 et

384 4757 606 4835 χρίσμα
661 4760 758 4833 μὲν
786 4760 822 4830 ἡ
856 4759 1071 4833 θεότης,
1104 4762 1139 4829 ἡ
1191 4745 1544 4837 ἀνθρωπότης
1589 4759 1648 4816 δὲ
1690 4763 1753 4817 τὸ
1801 4761 2044 4839 χρισθέν.

2161 4764 2541 4823 humanitate.
2573 4745 2948 4838 Unguentum
2980 4745 3218 4837 quidem
3249 4764 3802 4829 Divinitas,unctum

379 4844 576 4924 Χρίσιν
622 4844 682 4903 δὲ
728 4847 954 4919 νοητέον
1000 4850 1100 4918 τὴν
1150 4848 1284 4905 ὅλου
1330 4854 1427 4905 τοῦ
1465 4849 1771 4927 χρίσματος
1805 4849 2043 4913 εἷς’ὅλον

383 4934 451 4990 τὸ
499 4936 721 5012 χρισθὶν
774 4938 1173 5015 περιχώρησιν.
1221 4937 1376 4994 Οῧτω
1433 4940 1535 5014 γὰρ
1588 4937 1648 4993 ἂν
1693 4935 1774 5010 εἴη
1823 4939 1886 4994 τὸ
1940 4941 2041 5010 τὴν

386 5023 573 5101 χρίσιν
634 5022 954 5102 δεδεγμένον
1014 5032 1134 5089 ταῖς
1194 5025 1476 5098 ἀληθείαις
1536 5027 1663 5083 ὅλον
1691 5027 1941 5103 Χριστόν.
1972 5030 2044 5085 Τὸ

379 5111 483 5189 γάρ
541 5112 883 5177 ἐπιπολαίως
958 5108 1178 5191 χρισθέν
1238 5115 1299 5170 ἐκ
1357 5117 1556 5193 μέρους
1608 5116 1860 5190 Χριστὸν,
1917 5115 2042 5174 ἀλλ’

378 5201 494 5278 ούχ
529 5200 685 5273 ὅλον,
717 5200 835 5258 ὅθεν
867 5198 993 5258 οὐδὲ
1020 5202 1223 5276 κυρίως
1260 5203 1509 5279 Χριστόν.
1547 5204 1640 5259 Διὸ
1693 5202 1937 5279 βασιλεῖς
1981 5226 2041 5261 τε

376 5289 469 5345 καὶ
518 5290 795 5368 ἀρχιερεῖς
844 5295 925 5364 τῷ
970 5290 1141 5365 ἐλαίῳ
1187 5291 1498 5369 χριόμενοι,
1547 5291 1636 5348 καὶ
1684 5293 1784 5362 τήν
1850 5291 2037 5349 ἐπιπό-

2154 4851 2514 4922 humanitas,
2556 4853 2893 4910 unctionem
2923 4870 3056 4910 vero
3088 4853 3414 4926 intelligere
3442 4856 3534 4908 cst
3563 4852 3800 4923 (transi-

2150 4941 2393 5021 tionem,
2431 4943 2913 5014 transfusionem)
2973 4941 3586 4999 circumiucessionem
3617 4940 3801 4996 totius

2152 5031 2436 5103 unguenti
2494 5032 2554 5087 in
2603 5036 2725 5087 tota
2754 5037 2969 5100 uncto;
3007 5032 3091 5088 sic
3120 5032 3277 5087 enim
3330 5030 3426 5101 qui
3460 5029 3795 5087 unctionem

2150 5119 2491 5192 accepisset,
2515 5137 2647 5176 vere
2678 5122 2825 5177 foret
2854 5125 3014 5177 totus
3044 5120 3316 5176 Christus
3345 5119 3627 5191 (unctus),
3660 5134 3797 5174 nam

2148 5209 2491 5264 summatim
2550 5214 2779 5265 tantum
2839 5213 3055 5265 unctus
3086 5225 3155 5264 ex
3197 5214 3358 5282 parte
3390 5208 3660 5263 Christus
3688 5212 3797 5280 est,

2148 5313 2265 5353 non
2296 5314 2428 5353 vere
2459 5303 2614 5354 totus
2644 5300 2798 5353 unde
2837 5314 2941 5353 nec
2973 5298 3130 5370 regie
3187 5297 3478 5353 Christus.
3541 5296 3674 5352 ldeo
3705 5313 3800 5352 re-

378 5375 534 5433 λαιον
584 5377 878 5455 δεχόμενοι
919 5378 1127 5457 χρίσιν,
1156 5379 1218 5435 οὐ
1265 5380 1467 5456 κυρίως
1520 5379 1765 5456 Χριστοί.
1799 5380 1863 5436 Εἰ
1910 5379 1968 5437 δὲ
1997 5386 2032 5453 ἡ

2161 5402 2247 5457 ges
2296 5390 2353 5442 et
2402 5387 2770 5443 sacerdotum
2822 5386 3116 5459 principes
3149 5386 3275 5442 oleo
3316 5387 3501 5455 uncti,
3548 5390 3604 5441 et
3634 5401 3799 5440 sum-

374 5468 541 5544 χάρις
571 5466 647 5530 εἷς
680 5466 842 5544 βάθος
876 5464 966 5523 διὰ
1005 5473 1104 5523 τοῦ
1159 5467 1491 5545 χρίσματος,
1525 5468 1587 5523 ού
1644 5468 1849 5546 κυρίως
1905 5475 2033 5549 Χρι-

2161 5475 2347 5530 natim
2398 5476 2734 5531 unctionem
2784 5475 3161 5547 accipientes,
3214 5492 3327 5531 non
3382 5475 3541 5548 regie
3581 5472 3797 5530 Christi

374 5554 513 5629 στοὶ,
573 5557 761 5633 χάριτι
819 5557 923 5632 γὰρ
980 5556 1071 5611 καὶ
1152 5554 1463 5630 ἐπίκληροι.
1523 5557 1700 5619 Μόνος
1763 5557 1944 5613 τοίνυν
2002 5561 2031 5615 6

2161 5567 2361 5633 sunt,et
2390 5562 2436 5618 si
2469 5563 2657 5635 gratia
2687 5563 2745 5617 in
2777 5564 3071 5635 profundo
3129 5581 3232 5635 per
3280 5564 3648 5632 unctionem,
3682 5579 3799 5618 non

376 5642 578 5721 Κύριος
650 5642 851 5721 κυρίως
907 5645 1163 5721 Χριστὸς,
1220 5646 1294 5708 ὡς
1362 5643 1491 5708 ὅλος
1552 5642 1765 5713 διόλου,
1817 5647 1908 5702 καὶ
1966 5647 2028 5703 ού

2161 5652 2294 5724 ’θεῖε
2336 5652 2551 5708 Christi
2607 5657 2765 5720 sunt,
2819 5669 2955 5707 nam
3010 5652 3097 5708 vel
3156 5670 3289 5708 cum
3349 5653 3538 5725 gratia
3566 5652 3795 5709 caduci.

373 5730 581 5806 χάριτι.
639 5736 717 5806 Τῇ
777 5731 837 5787 δὲ
890 5734 1010 5797 καθ’
1067 5732 1352 5789 ὑπόστασιν
1421 5734 1606 5789 ἑνώσει
1676 5734 1765 5789 καὶ
1833 5732 2026 5799 ἀϊδίως

2161 5741 2307 5796 ιοΙυε
2336 5741 2518 5813 igitur
2547 5743 2831 5798 Dominus
2866 5741 3022 5814 regie
3053 5741 3319 5799 Christus
3347 5747 3436 5798 est
3466 5746 3668 5815 utpote
3695 5746 3784 5797 to-

376 5821 631 5897 Χριστός.
691 5821 763 5877 Τὸ
822 5818 881 5878 δὲ
937 5822 1066 5886 Θεὸς
1121 5822 1297 5897 ὅνομα
1348 5823 1603 5898 σημαίνει
1667 5823 1760 5897 μὶν
1818 5825 1909 5879 καὶ
1962 5825 2025 5880 τὸ

2161 5844 2228 5887 us
2250 5829 2525 5899 omnino;
2560 5845 2676 5887 non
2699 5846 2830 5887 vero
2861 5830 3178 5904 gratia,sed
3212 5829 3432 5889 unione
3461 5830 3791 5889 secundum
