4154 6458
417 469 532 534 603

1667 475 2088 541 NICEPHORI
2133 474 2574 540 BLEMMIDE

3724 479 3837 543 θοι

415 604 780 677 hypostasim
806 613 1083 680 perpetuo
1104 609 1618 670 Christus.Nomen
1649 612 1886 684 quidem
1909 611 2062 666 Deus

2178 610 2487 678 ποιητικὸν,
2543 609 2634 665 καὶ
2721 610 2783 666 τὸ
2865 607 3283 688 δημιουργικὸν,
3341 611 3512 668 θεῖναι
3597 613 3702 690 γὰρ
3773 615 3834 670 τὸ

416 692 546 754 Θεὸς
594 695 813 752 indicat
860 699 1095 770 quidem
1147 702 1300 772 quod
1343 703 1573 774 agendi,
1626 701 1781 773 quod
1828 699 2062 755 creandi

417 801 600 856 capax
631 791 757 853 est;
793 787 1000 843 fecisse
1054 790 1210 846 enim
1259 797 1347 847 est
1378 792 1646 862 posuisse
1677 793 1844 852 Οεῖναι
1875 793 1933 844 6t
1963 788 2064 859 qui

417 873 550 928 fecit
581 880 670 930 est
698 876 798 947 qui
850 879 1046 949 posuit
1104 879 1213 940 θείς
1275 880 1781 937 evidentissimum
1833 893 2066 949 quoque

417 967 507 1017 est
541 964 695 1034 quod
721 973 1004 1038 proponat
1039 970 1434 1039 operationem
1459 970 1868 1041 (spectantem)
1897 977 2067 1026 θεατι-

416 1057 518 1119 κῆς
556 1053 694 1124 (qua
727 1057 1036 1126 spectetur)
1060 1060 1376 1128 spectando
1412 1059 1701 1114 idoneam.
1736 1056 1880 1111 Nam
1914 1055 2064 1126 ipso-

419 1156 550 1195 rum
583 1159 710 1213 quaa
743 1146 1003 1200 nondum
1039 1147 1191 1202 facta
1237 1153 1376 1202 sunt
1406 1148 1572 1219 quasi
1606 1147 1716 1201 sub
1768 1142 1953 1199 oculis
1979 1144 2064 1212 ja-

418 1230 674 1286 centium
709 1238 1003 1304 spectator
1032 1240 1120 1290 est
1149 1237 1326 1302 Deus,
1369 1243 1424 1291 et
1455 1237 1750 1307 inspector
1796 1232 2062 1288 omnium

419 1319 759 1375 universim.
794 1322 1187 1396 Omniumque
1236 1326 1542 1380 nominum
1575 1323 1948 1396 aptissimum
2009 1323 2065 1372 et

2175 700 2421 766 ποιῆσαι,
2455 700 2544 753 καὶ
2604 699 2715 762 θεὶς
2773 701 2801 756 6
2858 703 3116 774 ποιήσας,
3177 699 3578 778 ἀριδηλότερον
3640 699 3700 758 δὲ
3741 709 3836 772 τῆς

2173 787 2425 856 θεατικῆς
2513 788 2781 865 ἐνεργείας
2861 789 2974 846 ἐστὶ
3030 789 3442 864 παραστατικόν.
3499 791 3606 846 Καὶ
3663 791 3833 846 αὐτῶν

2171 877 2274 951 γὰρ
2332 880 2439 930 τῶν
2500 880 2668 951 μήπω
2747 878 3053 955 γενομένων
3109 879 3183 941 ὡς
3241 879 3332 934 ὑπ’
3388 875 3514 954 ὄψιν
3574 882 3832 952 κειμένων

2173 965 2367 1035 θεατής
2425 964 2564 1021 ἐστιν
2625 969 2653 1021 6
2713 969 2865 1041 Θεὸς,
2926 964 3119 1047 ἕφορός
3164 989 3224 1024 τε
3266 972 3375 1024 τῶν
3435 967 3585 1024 ὅλων
3645 969 3837 1040 ἁπαξα-

2173 1052 2352 1116 πλῶς.
2415 1057 2638 1111 Πάντων
2697 1054 2755 1112 δὲ
2809 1061 2917 1112 τῶν
2998 1057 3278 1131 ὀνομάτων
3367 1053 3707 1132 οῒκειότερον
3761 1062 3836 1130 τῷ

2173 1141 2396 1219 ἀνάρχῳ
2453 1145 2541 1198 καὶ
2593 1145 2802 1222 ἀπείρῳ
2852 1146 2940 1202 καὶ
3001 1151 3324 1222 παραγωγεῖ
3383 1151 3491 1202 τῶν
3566 1148 3703 1202 ποτὶ
3761 1148 3834 1220 μὴ

2173 1225 2342 1285 ὅντων
2400 1233 2464 1288 τὸ
2524 1230 2620 1288 ὤν·
2654 1234 2736 1290 ὅτι
2794 1257 2854 1290 τε
2897 1235 2978 1291 ἀεί
3027 1235 3139 1290 ἐστι
3191 1235 3356 1308 μόνος
3407 1235 3592 1308 αὐτὸς,
3625 1235 3717 1291 καὶ
3756 1234 3834 1290 ὅτι

2171 1321 2327 1394 πηγὴ
2357 1327 2455 1376 τοῦ
2487 1323 2617 1378 εἶναι
2652 1323 2817 1396 μόνος
2849 1323 3030 1387 αὐτός.

415 1409 517 1481 qui
542 1409 824 1481 principio
852 1429 1075 1482 carens,
1110 1415 1436 1470 immensus
1467 1419 1576 1481 est,
1606 1418 1662 1469 et
1691 1429 1818 1482 qua;
1851 1427 1965 1465 non
1998 1413 2165 1463 erant
2195 1411 2407 1482 educit,
2441 1418 2530 1470 est
2562 1431 2574 1468 :
2609 1415 2756 1487 (ens)
2782 1436 2811 1466 «
2841 1417 2941 1487 qui
2989 1419 3124 1472 est»
3159 1419 3217 1472 et
3245 1415 3385 1488 quia
3414 1432 3654 1488 semper
3675 1415 3834 1472 solus

417 1497 542 1569 ipse
572 1503 678 1566 est,
714 1503 770 1553 et
800 1501 936 1568 quia
960 1503 1074 1572 (τοῦ
1106 1506 1254 1570 esse)
1289 1503 1639 1559 exsistentize
1674 1503 1802 1556 fons
1834 1501 1957 1572 ipse
1988 1497 2170 1554 solus.

488 1588 594 1651 Qui
625 1587 683 1642 in
716 1591 934 1645 sanctis
966 1597 1054 1647 est
1084 1592 1447 1664 Nicephorus
1473 1592 1827 1649 Blemmides
1869 1607 1902 1644 a
1931 1603 2065 1659 rege

415 1675 638 1732 Joanne
665 1677 823 1733 Duca
873 1681 944 1735 de
975 1683 1343 1751 processione
1391 1680 1752 1738 sanctissimi
1810 1678 2063 1750 Spiritus

418 1765 810 1839 interrogatus
842 1785 855 1822 :
889 1769 1094 1826 Utrum
1153 1776 1305 1827 recte
1353 1771 1607 1827 sentiant
1638 1769 1826 1824 Latini
1860 1783 2060 1833 necne,

419 1854 503 1909 sic
537 1857 836 1927 respondit
863 1876 875 1913 :
899 1875 997 1914 eos
1016 1859 1127 1915 etsi
1149 1859 1353 1932 lingua
1377 1861 1526 1916 duas
1548 1876 1756 1915 causas
1787 1857 2064 1912 inducere

2242 1594 2298 1642 Ὁ
2357 1589 2408 1644 ἐν
2471 1590 2652 1666 ἁγίοις
2710 1591 3022 1670 Νικηφόρος
3080 1592 3109 1646 6
3169 1588 3492 1664 Βλεμμίδης
3553 1589 3704 1666 παρὰ
3739 1593 3833 1644 τοῦ

2177 1677 2444 1751 βασιλέως
2503 1681 2749 1735 Ἰωάννου
2828 1685 2926 1735 τοῦ
3002 1679 3178 1735 Δούκα
3234 1679 3358 1754 περὶ
3419 1681 3523 1750 τῆς
3578 1677 3832 1756 ἐκπορεύ-

2173 1787 2308 1828 σεως
2365 1772 2462 1821 τοῦ
2546 1769 2813 1844 παναγίου
2880 1769 3192 1842 Πνεύματος
3249 1767 3570 1844 ἐρωτηθεὶς,
3633 1767 3679 1823 εἰ
3737 1788 3830 1822 κα-

2174 1853 2288 1916 λῶς
2344 1861 2601 1933 φρονοῦσι
2655 1859 2944 1926 Λατῖνοιῆ
2979 1856 3062 1928 οὔ,
3091 1856 3353 1932 ἀπεκρίθη
3418 1855 3620 1919 οὕτως·
3657 1856 3731 1918 ὡς
3787 1855 3831 1911 εἰ

417 1943 502 1998 vel
534 1944 649 2000 duo
681 1946 969 2019 principia
1024 1954 1318 2018 recusent,
1354 1951 1498 2005 dum
1557 1966 1763 2004 rursus
1819 1963 1888 2002 ex
1922 1944 2061 2000 Filio

2174 1942 2355 2017 καὶτῇ
2383 1943 2608 2020 γλώσσῃ
2642 1947 2703 2000 τὸ
2760 1943 2856 2001 δύο
2916 1945 3148 2022 εἰσάγειν
3207 1943 3442 2016 αἷίτια,ἢ
3496 1941 3596 2000 δύο
3657 1943 3830 2020 ἀρχὰς

417 2015 698 2102 Spiritum
751 2015 1060 2107 procedere
1093 2037 1316 2106 dicunt,
1350 2039 1408 2093 in
1453 2055 1519 2093 eo
1554 2037 1840 2110 pracipue
1871 2038 2062 2090 mente

2174 2015 2761 2110 ἀποφεύγουσινξᾶλλὰ
2803 2035 2892 2090 καὶ
2941 2015 3106 2090 πάλιν
3149 2033 3209 2090 ἐκ
3235 2038 3334 2088 τοῦ
3362 2015 3494 2089 Υἱοῦ
3545 2033 3612 2088 τὸ

417 2120 560 2187 falli,
585 2127 642 2178 et
667 2125 822 2195 quod
853 2126 1046 2181 verbis
1075 2127 1376 2200 refugiunt
1402 2129 1462 2182 in
1495 2127 1751 2199 idipsum
1787 2125 2062 2197 operibus

417 2213 693 2279 converti,
738 2214 940 2269 eadem
975 2215 1131 2271 enim
1163 2222 1346 2288 agunt
1402 2233 1469 2272 ac
1528 2216 1577 2271 si
1635 2215 1768 2287 quis
1816 2235 1836 2262 α
1870 2213 2060 2270 homi-

416 2315 548 2353 nem
584 2320 611 2348 »
644 2299 842 2357 dicens
873 2303 1137 2359 intendat
1189 2304 1496 2376 (includat)
1527 2305 1721 2376 ipsum
1754 2308 1811 2359 et
1842 2302 2062 2359 animal

417 2405 545 2443 esse
577 2405 691 2444 non
723 2391 913 2446 dicere
939 2417 953 2459 ;
985 2398 1042 2447 et
1071 2395 1385 2463 quomodo,
1423 2411 1653 2466 quaque
1711 2395 1935 2448 ratione
1963 2409 2061 2449 eos

417 2492 726 2535 conversos
784 2479 1152 2538 inveniamus
1199 2482 1260 2537 in
1292 2483 1348 2537 id
1382 2484 1537 2555 quod
1570 2483 1868 2555 refugiunt
1899 2498 1965 2536 ex
1995 2499 2060 2538 eo

416 2569 613 2636 patere
647 2584 660 2622 :
696 2567 744 2623 si
771 2569 932 2641 gigni
962 2569 1195 2639 Filium,
1221 2576 1279 2627 et
1309 2573 1619 2642 procedere
1650 2572 1936 2644 Spiritum
1973 2571 2058 2625 in-

413 2655 729 2712 veniuntur
773 2658 1006 2730 propria
1055 2660 1393 2715 differentias
1444 2661 1816 2734 hypostaticaa
1849 2661 2061 2716 utrius-

413 2759 545 2814 que,
571 2750 863 2816 quatenus
890 2747 1152 2820 gignitur
1180 2749 1360 2805 Filius
1390 2766 1629 2806 causam
1663 2750 2058 2821 habet,quoad

411 2831 494 2898 id,
543 2833 810 2904 Patrem;
868 2841 1160 2908 quatenus
1218 2838 1479 2910 procedit
1514 2839 1766 2910 Spiritus
1819 2839 1888 2894 de
1919 2838 2060 2894 Filio

413 2937 648 2994 quoque
678 2939 917 2979 causam
949 2925 1143 2998 habet,
1177 2928 1368 2998 quoad
1418 2928 1498 2995 id,
1559 2928 1770 2982 Filium
1804 2945 2057 2999 quoque.

414 3009 474 3066 Si
506 3010 675 3067 Pater
703 3011 950 3085 gignens
1006 3015 1218 3070 Filium
1265 3033 1443 3072 causa
1486 3017 1614 3087 ejus
1645 3020 1753 3085 est,
1785 3017 2060 3073 emittens

411 3099 694 3168 Spiritum
717 3117 896 3158 causa
925 3105 1054 3174 ejus
1084 3109 1172 3160 est
1203 3123 1216 3172 ;
1251 3106 1354 3160 sed
1389 3111 1446 3161 et
1481 3106 1660 3161 Filius
1690 3106 1906 3162 emittit
1930 3105 2058 3178 Spi-

411 3188 616 3244 ritum.
650 3189 904 3262 Spiritus
935 3192 1118 3264 igitur
1170 3210 1349 3250 causa
1377 3199 1465 3250 est
1495 3199 1552 3250 et
1609 3194 1810 3251 Filius.
1857 3195 1936 3263 Si,
1970 3213 2060 3251 se-

410 3277 671 3333 cundum
700 3279 1026 3350 veritatem,
1060 3287 1117 3338 et
1171 3282 1542 3339 traditionem
1577 3285 1832 3356 pietatis,
1865 3290 1923 3340 et
1951 3289 2058 3340 Pa-

2175 2142 2250 2194 μα
2306 2120 2554 2197 λέγοντες
2613 2122 2993 2200 ἐκπορεύεσθαι
3053 2122 3130 2186 εἷς
3186 2119 3354 2178 τοῦτο
3390 2121 3613 2196 μᾶλλον
3647 2125 3727 2194 τῷ
3752 2120 3834 2174 νοῒ

2171 2208 2492 2266 ἐκπίπτουσι
2549 2213 2647 2285 (1).
2711 2213 2810 2266 Καὶ
2861 2211 2890 2268 ’ὀ
2950 2209 3040 2266 διὸ.
3091 2207 3274 2287 λόγων
3334 2207 3828 2287 ἀποδιδράσκουσιν

2173 2297 2248 2360 εἰς
2295 2304 2440 2354 τοῦτ’
2494 2299 2624 2356 αὐτὸ
2683 2299 2772 2356 διὰ
2824 2305 2930 2356 τῶν
2993 2299 3167 2377 ἔργων
3223 2298 3664 2376 περιτρέπονται.
3693 2301 3831 2355 Ταυ-

2168 2387 2259 2442 τὸν
2319 2387 2423 2464 γὰρ
2479 2394 2750 2463 ποιοῦσιν,
2785 2390 2860 2452 ὡς
2918 2385 2972 2444 εἷ’
3013 2409 3096 2451 τις
3157 2386 3442 2464 ἄνθρωπον
3487 2385 3687 2463 λέγων,
3724 2383 3825 2440 ἐνί-

2171 2496 2356 2531 σταται
2413 2477 2503 2532 καὶ
2565 2482 2699 2548 ζῶον
2762 2478 2837 2552 μή
2897 2476 3076 2551 λέγειν
3137 2475 3268 2531 εἶναι
3328 2475 3513 2533 αὐτόν.
3548 2475 3649 2530 Καὶ
3679 2473 3823 2534 ὅπως

2169 2565 2258 2619 καὶ
2316 2565 2420 2620 τίνι
2467 2565 2618 2643 λόγῳ
2684 2565 3175 2644 περιτρεπομένους
3243 2564 3439 2627 αὑτοὺς
3508 2563 3824 2640 εὑρίσκομεν

2173 2654 2248 2708 εἷς
2302 2655 2434 2732 ὅπερ
2485 2656 2904 2732 ἀπαγορεύουσι,
2957 2652 3126 2724 δῆλον
3175 2653 3432 2709 ἐντεῦθεν·
3487 2653 3536 2709 εἰ
3586 2655 3649 2708 τὸ
3701 2672 3818 2727 γεν-

2169 2745 2355 2798 νᾶσθαι
2411 2745 2502 2799 τὸν
2561 2745 2685 2800 Υἱὸν
2744 2743 2834 2799 καὶ
2894 2741 3274 2818 ἐκπορεύεσθαι
3331 2742 3396 2798 τὸ
3455 2746 3684 2815 Πνεῦμα
3723 2745 3820 2808 τῆς

2172 2832 2537 2903 ὑποστατικῆς
2610 2831 2870 2912 διαφορᾶς
2940 2832 3206 2908 ἑκατέρων
3261 2830 3630 2908 τυγχάνουσιν
3690 2826 3821 2896 ἴδια,

2169 2922 2299 2977 καθὸ
2353 2928 2597 2998 γεννᾶται
2659 2923 2687 2979 ὁ
2733 2924 2859 2986 Υἱὸς
2916 2923 3054 2977 κατὰ
3106 2925 3268 2977 τοῦτο
3325 2917 3501 2976 αἷίτιον
3564 2916 3682 2996 ἔχει
3732 2918 3820 2972 τὸν

2169 3011 2401 3084 Πατέρα·
2460 3011 2594 3075 καθὸ
2651 3009 2997 3088 ἐκπορεύεται
3053 3011 3117 3066 τὸ
3176 3012 3397 3082 Πνεῦμα
3464 3009 3557 3065 καὶ
3616 3007 3677 3063 ἐκ
3729 3007 3822 3060 τοῦ

2169 3101 2323 3170 Υἱοῦ,
2370 3099 2508 3156 κατὰ
2563 3105 2726 3156 τοῦτο
2785 3096 2956 3155 αἴτιον
3017 3095 3132 3176 ἔχει
3191 3097 3280 3154 καὶ
3339 3097 3430 3152 τὸν
3488 3097 3638 3154 Υὶόν.
3688 3093 3751 3150 El
3796 3093 3822 3147 6

2170 3190 2357 3266 Πατήρ
2405 3195 2608 3266 γεννῶν
2653 3190 2746 3245 τὸν
2802 3190 2924 3244 Υῖὸν
2983 3185 3157 3250 αἷίτιος
3215 3186 3378 3242 αὐτοῦ
3438 3186 3608 3257 ἐστιν,
3666 3184 3820 3239 ἐκπο-

2172 3277 2340 3354 ρεύων
2397 3276 2456 3334 δὲ
2525 3280 2587 3334 τὸ
2663 3282 2885 3352 Πνεῦμα
2955 3274 3128 3339 αἴτιος
3200 3275 3365 3331 αὐτοῦ
3437 3275 3605 3348 ἐστιν,
3667 3272 3822 3328 ἐκπο-

411 3369 568 3420 trum
628 3367 975 3437 doctrinam,
1027 3370 1132 3443 (τὸ)
1177 3373 1490 3444 procedere
1546 3377 1602 3428 et
1640 3374 1932 3445 processio
1987 3373 2057 3429 de

2174 3366 2315 3443 ρεύει
2367 3366 2424 3423 δὲ
2477 3368 2540 3423 τὸ
2598 3371 2820 3441 Πνεῦμα
2875 3365 2966 3422 καὶ
3015 3366 3043 3420 6
3073 3365 3220 3438 Υἱὸς,
3253 3361 3430 3426 αἶ’τιος
3484 3365 3577 3420 καὶ
3626 3363 3654 3418 6
3702 3360 3819 3420 Υἱὸς

410 3454 629 3526 Spiritu
662 3463 864 3514 sancto
897 3459 1538 3527 dicta,eainveniantur
1568 3479 1696 3534 quas
1728 3463 2061 3534 significent

412 3546 706 3616 quomodo
739 3547 816 3602 sit
869 3548 1120 3618 aPatre,
1179 3554 1235 3605 et
1290 3549 1664 3624 hypostaticss
1723 3551 2059 3607 differentia

412 3649 548 3703 erga
600 3633 811 3690 Filium
871 3637 1191 3693 discretivaa
1225 3640 1525 3712 prOprium
1559 3640 1911 3709 admittitur,
1944 3658 2059 3696 non

412 3725 609 3778 tamen
643 3725 798 3795 quod
859 3725 1079 3781 indicet
1109 3745 1241 3783 cum
1296 3746 1362 3784 eo
1411 3730 1907 3801 conjunctionem,
1941 3730 2061 3786 sive

413 3817 819 3884 connaturam,
852 3832 955 3871 seu
1009 3817 1702 3876 consubstantialitatem.
1736 3821 1927 3890 Hujus
1958 3836 2058 3874 au-

412 3903 529 3955 tem
559 3918 738 3957 causa
779 3906 946 3958 Pater
973 3909 1080 3968 est,
1114 3906 1215 3960 sed
1265 3905 1323 3960 id
1356 3905 1528 3961 habet
1558 3906 1652 3961 ille
1676 3909 1848 3977 juxta
1877 3908 2058 3980 ipsos,

411 3993 470 4043 et
497 4006 566 4044 ex
618 3990 762 4046 Filio
808 3993 948 4063 quid
999 3993 1144 4048 nihil
1204 3994 1362 4050 aliud
1395 3995 1495 4050 dat
1524 3996 1747 4068 (igitur)
1808 3997 1975 4065 illud,
2007 4001 2064 4052 et

414 4078 672 4149 positum
705 4081 775 4135 de
807 4081 967 4149 Filio,
1001 4083 1100 4137 sed
1135 4099 1312 4154 quam
1336 4085 1531 4156 potius
1563 4090 1627 4139 ut
1655 4103 1722 4141 ex
1749 4086 1936 4142 Patre.
1968 4087 2061 4141 Sic

415 4183 556 4223 sane
585 4169 760 4224 etiam
794 4170 865 4224 de
895 4170 1036 4226 Filio
1098 4172 1382 4243 Spiritum
1436 4178 1702 4229 sanctum
1756 4177 2063 4246 procedere

419 4257 784 4328 proponitur.
807 4259 934 4314 Duo
959 4259 1139 4332 igitur
1168 4277 1355 4317 causa
1388 4262 1660 4334 Spiritus,
1686 4264 1904 4320 scilicet
1933 4265 1982 4334 ej
1996 4283 2063 4320 us

419 4362 546 4416 quae
577 4350 628 4402 ei
677 4348 929 4420 obtingit
986 4349 1364 4421 hypostaticaa
1422 4353 1813 4423 proprietatis,
1863 4353 1918 4408 id
1951 4358 2060 4422 est,

421 4436 832 4506 processionis,
893 4439 1053 4493 omni
1087 4439 1258 4494 modo
1318 4441 1750 4497 conducuntur.
1785 4442 1891 4505 Qui
1924 4442 2065 4498 dicit

419 4524 600 4597 igitur
629 4525 841 4581 Filium
875 4544 908 4582 a
939 4527 1106 4583 Patre
1135 4529 1319 4600 gigni,
1377 4547 1490 4585 non
1525 4535 1719 4586 autem
1751 4531 1906 4588 hunc
1937 4535 2065 4602 ejus

419 4629 659 4669 causam
691 4631 819 4670 esse
846 4617 1166 4686 contendit,
1200 4619 1437 4674 omnino
1470 4619 1770 4674 mentitur.
1816 4621 1874 4676 Si
1907 4622 2063 4676 enim

2170 3453 2273 3533 ἄρα
2299 3461 2397 3511 τοῦ
2428 3455 2761 3530 Πνεύματος.
2795 3454 2860 3511 Et
2914 3455 3052 3509 κατὰ
3103 3454 3204 3523 τὴν
3265 3450 3526 3524 ἀλήθειαν
3584 3449 3674 3507 καὶ
3727 3447 3822 3516 τὴν

2167 3546 2269 3615 τῆς
2349 3540 2618 3608 εὐσεϐείας
2675 3541 2971 3620 παράδοσιν
3047 3542 3138 3598 καὶ
3220 3542 3321 3610 τὴν
3403 3545 3516 3596 τῶν
3573 3536 3818 3613 Πατέρων

2171 3631 2520 3690 διδασκαλίαν
2573 3635 2637 3689 τὸ
2689 3631 3074 3709 ἐκπορεύεσθαι
3125 3630 3217 3686 καὶ
3275 3631 3312 3700 ἡ
3366 3630 3686 3705 ἐκπόρευσις
3737 3621 3818 3679 ἐπὶ

2168 3727 2267 3779 τοῦ
2327 3722 2482 3799 ἁγίου
2537 3721 2808 3798 λεγόμενα
2862 3719 3177 3794 Πνεύματος
3235 3723 3333 3773 τοῦ
3389 3721 3512 3781 πῶς
3572 3715 3677 3772 ἀπὸ
3728 3714 3820 3767 τοῦ

2171 3812 2382 3888 Πατρὸς
2434 3811 2569 3866 εἶναι
2623 3809 2958 3887 τυγχάνουσι
3009 3806 3464 3897 δηλωτικὰηκαὶ
3532 3813 3636 3876 τῆς
3696 3803 3820 3897 ὑπο-

2173 3903 2426 3969 στατικῆς
2485 3897 2746 3977 διαφορᾶς
2802 3906 2905 3968 τῆς
2965 3897 3103 3974 πρὸς
3158 3896 3253 3952 τὸν
3287 3896 3412 3950 Υὶὸν
3458 3890 3819 3972 γνωριστικῆς

2172 3987 2310 4044 ἴδιον
2370 3989 2748 4066 ὡμολόγηται,
2793 3987 3050 4062 οὐμενουν
3108 3991 3210 4055 τῆς
3267 3985 3405 4061 πρὸς
3463 3984 3627 4040 αὐτὸν
3675 3998 3820 4066 συνα-

2173 4079 2345 4159 φείας,
2408 4065 2587 4134 εἶδεουν
2643 4075 2914 4155 συμφυΐας
2965 4076 3000 4146 ἢ
3044 4073 3479 4149 ὁμοουσιότητος
3537 4065 3816 4159 δεικτικόν.

2170 4153 2374 4224 ’Ῠούτου
2406 4164 2452 4222 δ’
2485 4164 2656 4228 αἶ’τιος
2706 4167 2735 4221 6
2768 4153 2988 4241 Πατήρ.
3023 4165 3181 4239 Ἔχει
3241 4160 3298 4218 δὲ
3349 4167 3513 4217 τοῦτο
3568 4165 3682 4216 κατ’
3737 4153 3820 4241 αὖ·

2173 4257 2300 4320 τοὺς
2349 4256 2440 4312 καὶ
2493 4255 2553 4311 ἐκ
2595 4260 2691 4311 τοῦ
2739 4256 2889 4311 Υἱοῦ.
2929 4240 3051 4309 Ὅτι
3103 4249 3270 4326 μηδὲν
3303 4249 3446 4307 ἄλλο
3480 4248 3699 4307 δίδωσιν
3732 4240 3815 4300 οὖν

2171 4346 2234 4402 τὸ
2282 4346 2370 4401 καὶ
2419 4344 2697 4418 τιθέμενον
2747 4341 2833 4398 ἐπὶ
2885 4346 2982 4397 τοῦ
3029 4342 3180 4414 Υἱοῦ,
3207 4339 3355 4396 ἀλλὰ
3401 4338 3622 4413 μᾶλλον
3663 4335 3735 4395 ὡς
3765 4330 3819 4386 ἐκ

2172 4439 2271 4493 τοῦ
2331 4433 2562 4511 Πατρός.
2595 4432 2750 4488 Οὕτω
2811 4429 2878 4500 δὴ
2937 4431 3029 4486 καὶ
3085 4429 3146 4486 ἐκ
3201 4433 3299 4485 τοῦ
3349 4429 3482 4483 Υῖοῦ
3517 4428 3580 4483 τὸ
3610 4426 3820 4511 Πνεῦμα

2173 4524 2237 4580 τὸ
2296 4506 2457 4600 ἅγιον.
2508 4521 2889 4590 ἐκπορεύεσθαι
2953 4522 3236 4596 παριστᾷν.
3271 4515 3374 4572 Δύο
3434 4515 3540 4593 ἄρα
3573 4515 3641 4569 τὰ
3683 4506 3818 4600 «iiut!

2175 4617 2272 4668 τοῦ
2329 4597 2666 4684 Πνεύματος,
2729 4606 2901 4666 εἶτουν
2975 4610 3074 4677 τῆς
3133 4605 3627 4680 ἀποκληρωθείσης
3683 4597 3819 4684 αὖτῷ

418 4703 702 4775 gignitur,
735 4722 970 4760 causam
1005 4682 1180 4761 habet
1210 4707 1388 4763 etiam
1420 4708 1477 4762 id
1511 4710 1666 4765 unde
1695 4710 1975 4782 gignitur.
2002 4715 2062 4766 Et

2179 4682 2542 4770 ὑποπατικῆς
2624 4697 2920 4770 ἰδιότητος,
2974 4704 3075 4768 τῆς
3153 4693 3526 4773 ἐκπορεύσεως
3607 4682 3812 4794 δηλαδῆ

420 4793 518 4862 qui
549 4794 690 4848 dieit
720 4794 1003 4865 Spiritum
1037 4796 1348 4868 procedere
1404 4796 1475 4852 de
1534 4797 1722 4864 Patre,
1768 4781 1880 4854 nec
1938 4801 2062 4871 ejus

2175 4791 2314 4848 κατὰ
2368 4791 2543 4845 πάντα
2588 4783 2791 4864 τρόπον
2852 4785 3148 4863 συνάγεται.
3209 4787 3266 4838 Ὁ
3318 4781 3497 4859 λέγων
3552 4781 3816 4857 γεννᾶσθαι

419 4897 658 4938 causam
708 4889 764 4939 et
810 4883 965 4939 hunc
1015 4900 1164 4951 esse,
1206 4885 1531 4954 mentitur,
1600 4903 1736 4942 nam
1785 4905 1888 4959 per
1937 4905 2067 4959 pro-

421 4973 746 5028 cessionem
779 4973 985 5028 indicit
1013 4977 1069 5028 et
1122 4974 1278 5030 hunc
1310 4976 1438 5045 ejus
1482 4991 1719 5031 causam
1751 4993 1898 5042 esse,
1934 4994 2066 5032 cum

2174 4882 2267 4936 τὸν
2321 4880 2444 4935 Υἳὸν
2505 4877 2564 4934 ἐκ
2617 4881 2716 4932 τοῦ
2774 4875 3008 4951 Πατρὸς,
3043 4875 3118 4948 μὴ
3168 4871 3257 4928 καί
3302 4869 3474 4928 αἷίτιον
3508 4868 3566 4927 δὲ
3596 4869 3816 4951 ἀπισχν-

2180 4969 2468 5046 ριζόμενος
2521 4971 2712 5022 τοῦτον
2768 4947 2954 5037 αὐτοῦ,
3007 4947 3260 5038 ψεύδεται
3316 4961 3547 5024 πάντως.
3607 4953 3670 5012 Εἴ
3722 4947 3814 5046 (at?

3494 5054 3522 5066 an
3578 5065 3586 5066 κ
3667 5037 3759 5066 π..)

421 5079 490 5118 ex
523 5061 632 5116 hoc
663 5063 943 5133 procedit.
978 5063 1085 5128 Qui
1138 5063 1279 5118 dicit
1327 5035 1613 5135 Spiritum
1666 5035 1976 5136 procedere
2014 5069 2062 5122 et

2177 5035 2446 5135 γεννίῖται,
2472 5055 2563 5112 καὶ
2619 5051 2789 5110 αἷίτιον
2845 5049 2962 5130 ἔχει
3017 5053 3081 5107 τὸ
3141 5051 3192 5123 ἐξ
3251 5051 3313 5106 οὗ
3371 5054 3636 5127 γεννᾶται.
3667 5035 3814 5136 Καξδ

421 5151 492 5206 de
523 5149 808 5217 Filio,non
837 5155 1029 5206 autem
1053 5157 1110 5207 et
1130 5169 1366 5208 causam
1399 5155 1528 5224 ejus
1559 5153 1716 5207 hunc
1747 5170 1874 5209 esse
1905 5153 2066 5221 dicit,

423 5239 724 5295 mentitur.
749 5240 1168 5296 Concludentes
1202 5241 1380 5314 igitur
1405 5241 1772 5298 declaramus
1803 5242 1885 5298 ita
1915 5244 2068 5314 quod

423 5327 790 5400 naturaliter,
841 5331 900 5384 in
943 5329 1037 5385 his
1088 5348 1213 5401 quae
1268 5331 1494 5398 dicunt,
1545 5331 1959 5403 blasphemant
2014 5337 2071 5387 et

421 5422 658 5488 propter
688 5417 1115 5490 blasphemiam
1149 5421 1592 5491 reprobatorum
1621 5421 2067 5491 judicabuntur.

423 5506 546 5560 Etsi
603 5507 760 5561 enim
819 5508 1038 5563 additio
1069 5510 1505 5575 concederetur,
1538 5510 1693 5581 quod
1727 5511 2073 5566 naturaliter

425 5599 514 5650 est
544 5595 765 5651 malum
801 5585 1047 5664 adest,'et
1071 5597 1180 5652 etsi
1213 5599 1625 5654 admitteretur
1654 5616 1768 5654 non
1799 5615 1928 5655 esse
1947 5616 2068 5654 ma-

2179 5125 2352 5225 λέγων
2413 5125 2792 5221 ἐκπορεύεσθαι
2847 5125 2914 5200 τὸ
2965 5147 3183 5216 Πνεῦμα
3211 5141 3301 5198 καὶ
3353 5125 3414 5196 ἐκ
3439 5142 3536 5194 τοῦ
3593 5125 3811 5225 Πατρός,

2183 5217 2267 5311 μὴ·
2317 5235 2408 5292 καὶ
2494 5217 2665 5290 αἷίτιον
2716 5231 2774 5290 δὲ
2828 5232 2994 5289 αὐτοῦ
3056 5235 3218 5287 τοῦτο
3300 5229 3512 5326 λέγωνζ
3556 5217 3812 5326 ψξῦδξταιῖ

2182 5305 2492 5402 Συνεισάγει
2545 5325 2646 5400 γὰρ
2707 5320 2796 5378 διὰ
2849 5328 2949 5392 τῆς
3009 5319 3377 5395 ἐκπορεύσεως
3426 5317 3517 5372 καὶ
3562 5312 3625 5368 τὸ
3653 5305 3811 5402 αἷίτιον

2179 5416 2344 5472 αὐτοῦ
2424 5396 2627 5469 ἐἶναιί
2702 5412 2922 5488 ἐπείπερ
3027 5409 3077 5484 ἐξ
3177 5409 3340 5464 αὐτοῦ
3464 5396 3810 5491 ἐκπορεύεταὲ-

2178 5512 2232 5561 Ὁ
2290 5504 2462 5582 λέγων
2525 5482 2905 5579 ἐκπορεύεσθαί
2945 5501 3008 5556 τὸ
3055 5482 3277 5573 Πνεῦμα
3321 5499 3413 5554 καὶ
3452 5496 3510 5552 ἐκ
3531 5482 3810 5582 τοῦΛΥἶοῦν

2186 5598 2261 5670 μὴ
2321 5571 2412 5650 καὶ
2468 5591 2638 5649 αἷίτιον
2664 5571 2672 5579 υ
2699 5589 2758 5646 δὲ
2812 5589 2977 5645 αὐτοῦ
3050 5593 3240 5646 τοῦτον
3302 5585 3498 5665 λέγων,
3556 5571 3811 5655 ψεύδεται-

495 5798 574 5868 (1)
603 5796 736 5854 Haec
766 5797 868 5869 qui
899 5796 1111 5869 poterit
1139 5795 1411 5852 conciliet
1440 5811 1575 5853 cum
1604 5795 1679 5853 iis
1709 5811 1837 5867 qua:
1867 5799 2069 5854 extant
2096 5810 2278 5868 supra
2306 5791 2415 5850 col.
2445 5790 2572 5848 534.
