4154 6438
327 498 450 563 605
1292 497 1395 559 DE
1438 490 1679 559 REGIA
1722 492 2051 558 PELLICE
2094 489 2412 553 TEMPLO
2454 483 2772 550 EJECTA.
3626 470 3745 533 606

324 622 948 706 Συμπεριλαμϐάνοντες
1007 625 1065 685 δὲ
1139 628 1550 707 ἀποφαινόμεθα
1618 627 1835 689 οῧτως·
1898 627 1977 680 ὅτι

2096 625 2240 681 lum.
2277 619 2607 678 Additionis
2639 614 2963 692 periculum
2993 629 3109 669 non
3160 606 3419 708 admittit
3464 622 3592 679 quis
3646 621 3745 662 se-

326 724 566 800 φυσικῶς
624 719 701 782 εἷς
761 719 795 773 ἆ
852 718 1069 796 λέγουσι
1137 717 1526 796 βλασφημοῦσι
1586 716 1675 771 καὶ
1737 713 1825 770 διὰ
1879 717 1977 783 τὴν

2091 715 2349 770 cundum
2379 710 2753 767 traditionem
2785 708 2945 771 sunt,
2981 707 3037 758 et
3074 700 3158 758 sic
3189 698 3499 768 utrobique
3528 710 3743 800 conus:

330 782 683 888 βλασφημίαν
757 812 866 863 τῶν
930 782 1304 879 ’ἀποϐλητων’
1343 782 1694 883 κριθήσονται
1732 847 1743 859 .
1817 782 1977 860 Ὅταν

2092 807 2331 859 ctuntur
2374 818 2500 873 quae
2545 802 2684 854 sunt
2727 794 2958 861 malitiae
3005 794 3063 847 et
3109 789 3264 845 sicut
3299 784 3506 841 incerti
3536 782 3742 839 circuli

327 902 434 974 γὰρ
489 901 525 968 ἡ
583 899 869 973 προσθήκη
931 898 1287 972 συγχωρηθῇ,
1346 896 1408 950 τὸ
1465 895 1553 950 καὶ
1603 899 1843 972 φυσικῶς
1881 914 1977 948 κα-

2094 893 2207 948 alia
2239 890 2369 946 aliis
2405 888 2781 960 colliguntur.
2944 968 2991 977 Π
3128 966 3141 977 ‘
3456 966 3479 976 υ
3547 961 3560 976 ἱ
3714 960 3728 977 ε

326 988 421 1043 κὸν
454 986 570 1043 εῖνα
598 986 969 1061 προσίσταται⁸
1001 985 1090 1041 καὶ
1124 984 1248 1040 ὅταν
1284 983 1419 1059 δοθῇ
1465 986 1528 1039 τὸ
1582 986 1655 1057 μὴ
1706 984 1868 1038 κακὸν
1920 982 2074 1050 εἶναι,
2128 980 2192 1035 τὸ
2230 984 2328 1048 τῆς
2378 976 2694 1053 προσθήκης
2743 968 3035 1049 ἐπισφαλὲς
3064 966 3148 1062 ,οὗ
3200 966 3479 1062 ξυγχωρεῖ
3506 966 3570 1015 τά
3598 966 3739 1062 κοιξά

327 1073 619 1151 διαδοχήν*
654 1076 744 1130 καὶ
793 1074 967 1136 οὕτως
1016 1073 1413 1152 ἀμφωτὲρωθεν
1460 1070 1898 1148 ἀλληλουχεῖται
1941 1071 2009 1126 τὰ
2056 1076 2155 1139 τῆς
2203 1066 2525 1137 κακότητος,
2570 1062 2660 1117 καὶ
2709 1062 2845 1116 κατὰ
2889 1058 3016 1119 τοὺς
3062 1048 3579 1128 ἐπεμϐεϐλημένους
3629 1051 3738 1103 τῶν

323 1164 529 1240 κρίκων
552 1163 826 1235 ἀλλήλοις
857 1160 1214 1219 συνδὲδενται.

1613 1339 3746 1370 Μ

1509 1543 2563 1675 ΝΙΚΗΦΟΡΟΥ

825 1800 1187 1854 ΜΟΝΑΣΤΟΥ
1224 1801 1340 1852 ΚΑΙ
1378 1800 1857 1852 ΠΡΕΣΒΥΤΕΡοΥ
1893 1798 2019 1849 ΤΟΥ
2056 1797 2231 1850 ΚΑΤΑ
2275 1798 2357 1846 TA
2402 1793 2670 1847 ΗΜΑΘΙΑ
2710 1786 3235 1844 ΗΣΥΧΑΣΤΗΡΙΟΥ

1032 1988 1507 2161 ΤΟΥ
1641 1976 3040 2157 ΒΛΕΜΜΙΔΟΥ

471 2282 1116 2379 ΕΠΙΣΤΟΛΗ
1198 2282 2193 2380 ΚΑΘΟΛΙΚΩΤΕΡΑ
2271 2280 2488 2375 KAI
2569 2276 2896 2373 ΠΡΟΣ
2979 2270 3596 2369 ΠΟΛΛΟΥΣ.

814 2622 961 2771 Ν
971 2620 1947 2774 IGEPHORI
2075 2596 3248 2772 BLEMMID/E

752 2876 1109 2938 MONACHI
1152 2878 1253 2937 ET
1296 2877 1795 2939 PRESBYTERI
1839 2876 2049 2947 QUOD
2093 2877 2172 2936 IN
2219 2873 2600 2935 EMATHIIS
2646 2872 2791 2932 EST
2835 2866 3323 2933 MONASTERII

632 3045 1260 3133 EPISTOLA
1365 3045 2339 3134 UNIVERSALIOR
2430 3047 2577 3131 ΕΤ
2664 3046 2813 3128 AD
2901 3040 3438 3131 MULTOS

738 3221 830 3284 De
859 3223 1256 3300 Marchesz'na,
1289 3225 1477 3305 z'mpp.
1506 3223 1753 3286 Joannis
1783 3223 1964 3285 Ducas
1983 3223 2215 3304 pellice,
2246 3242 2423 3304 quam
2447 3222 2657 3304 templo
2684 3223 2937 3303 ejecerat
2963 3220 3319 3283 Blemmz’da.

1287 3383 1387 3455 (Ex
1417 3383 1627 3440 Leonis
1656 3382 1851 3439 Allatii
1894 3383 2044 3440 libro
2092 3385 2169 3439 De
2207 3399 2478 3440 consensu
2524 3400 2580 3455 p.
2622 3383 2775 3456 717.)

393 3641 521 3695 Ὅτε
567 3642 603 3710 ἡ
661 3639 993 3716 ἀρχόντισσα
1039 3643 1074 3710 ἡ
1128 3641 1458 3719 Μαρκεσίνα.
1510 3644 1546 3711 ἡ
1597 3641 1804 3718 ἐξόχως
1853 3640 1977 3718 ἐρω-

2166 3642 2491 3715 Principem
2539 3643 2946 3710 Marcesinam,
2981 3642 3220 3699 efﬁctim
3268 3643 3340 3697 ab
3394 3642 3743 3715 imperatore

333 3727 471 3801 μένη
530 3731 613 3800 τῷ
671 3725 923 3804 βασιλεῖ.
981 3729 1072 3784 καὶ
1133 3727 1223 3784 διὰ
1271 3734 1432 3785 τοῦτο
1490 3729 1703 3785 πάντων
1764 3731 1977 3807 ὑπερτε-

2095 3733 2453 3798 adamatam,
2484 3732 2733 3804 ideoque
2764 3731 3022 3803 reliquos
3065 3730 3211 3787 alios
3254 3734 3650 3804 superantem,
3687 3735 3745 3787 et

328 3818 500 3892 ροῦσα
534 3857 551 3882 ,
627 3815 718 3870 καὶ
801 3815 966 3887 αὐτῆς
1043 3824 1143 3887 τῆς
1224 3817 1545 3892 Αὖγούστης
1633 3817 1977 3894 πρωτεύουσα

2094 3820 2205 3891 ipsi
2238 3822 2506 3893 Augustae
2538 3819 2860 3893 praelatam,
2891 3819 3190 3892 tyrannice
3241 3819 3300 3874 in
3344 3819 3740 3874 venerandum

321 3908 690 3981 τυραννικῶς,
740 3903 1052 3983 εῗσέφρησεν
1110 3906 1162 3962 ἐν
1220 3910 1289 3980 τῇ
1348 3907 1461 3961 καθ’
1515 3910 1665 3980 ἡμᾶς
1721 3902 1977 3980 σεϐασμῖς

2094 3910 2293 3965 Sancti
2324 3908 2585 3982 Gregorii
2612 3908 3040 3981 Thaumaturgi
3072 3908 3521 3976 monasterium,
3546 3908 3646 3963 ubi
3677 3924 3743 3963 eo

326 3996 469 4066 μονῇ
522 3996 620 4048 τοῦ
666 3992 852 4069 Ἁγίου
906 3993 1213 4071 Γρηγορίου
1268 4000 1366 4050 τοῦ
1424 3988 1869 4072 Θαυματουργοῢ,
1929 3994 1981 4050 ἐν

325 4080 502 4156 ἐκείνῃ
549 4084 617 4155 τῇ
673 4086 811 4156 μονῇ
857 4087 936 4155 τῷ
975 4083 1100 4138 τότε
1157 4081 1454 4159 διαγόντων
1509 4087 1703 4158 ἡμῶν*
1763 4084 1984 4153 εἰσῆλθε

331 4168 391 4227 δὲ
447 4169 538 4227 καὶ
592 4171 729 4243 πρὸς
795 4172 885 4227 τὸν
941 4172 1067 4228 ναὸν
1124 4178 1222 4229 τοῦ
1278 4178 1430 4246 Θεοῦ,
1489 4172 1826 4247 τελουμένης
1883 4176 1981 4242 τῆς

327 4259 703 4336 λειτουργίας,
751 4260 842 4316 καὶ
894 4260 1220 4332 ἀπεκλείσθη
1282 4263 1409 4337 παρ’
1459 4264 1619 4335 ἡμῶν
1675 4269 1776 4332 τῆς
1835 4263 1981 4338 ἱερᾶς

324 4349 660 4424 ἀκροάσεως,
720 4349 810 4404 καὶ
869 4349 1190 4426 ἀπεδιώχθη
1255 4353 1365 4424 μετ’
1424 4350 1690 4427 αἰσχύνης
1724 4398 1739 4423 ,
1794 4348 1982 4428 ὀδυρο-

328 4437 463 4511 μένη
498 4436 559 4493 τὸ
589 4437 932 4515 γεγονὸςέπὶ
980 4440 1137 4514 αὐτῇ·
1187 4437 1353 4495 πάλιν
1399 4442 1564 4509 ἡμεῖς
1616 4440 1668 4495 ἐν
1716 4439 1980 4514 πνεύματι

320 4524 658 4602 τολμητίας,
706 4527 796 4582 καὶ
840 4526 1008 4583 πάλιν
1053 4531 1189 4602 ἡμῖν
1231 4526 1453 4584 ἀπειλαὶ
1504 4529 1595 4584 καὶ
1642 4528 1979 4606 περιστάσεις

323 4616 415 4671 καὶ
488 4613 734 4671 κίνδυνοι
769 4659 782 4673 .
840 4622 961 4673 ’Έτι
1032 4619 1133 4688 τὴν
1201 4620 1471 4692 κοσμικήν
1550 4616 1705 4691 ἐσμεν
1789 4619 1978 4696 σοφίαν

327 4701 693 4776 ἀπαίδευτοι,
744 4705 834 4761 καὶ
892 4705 1150 4783 στυγητοὶ
1205 4704 1294 4762 διὰ
1347 4711 1509 4762 τοῦτο
1565 4708 1655 4762 καὶ
1715 4706 1921 4783 ἀποτρό
1955 4740 1977 4750 -

321 4813 500 4851 παιοι.
530 4790 702 4849 Πάλιν
746 4793 1145 4873 ἀντιφερόμεθα
1188 4800 1306 4859 ταῖς
1363 4796 1581 4873 ἀρχαῖς,
1613 4794 1703 4850 καὶ
1754 4795 1980 4857 εἰκότως

328 4877 756 4957 ἀπελεγχόμεθα
803 4878 1159 4959 δόσχρηστοι.
1211 4885 1420 4961 Μικρὸν
1466 4886 1567 4954 τῆς
1622 4888 1731 4939 τῶν
1791 4881 1976 4938 δεινῶν

220 5032 225 5037 ,
324 4967 589 5048 ἐπιφορᾶς
622 4970 977 5045 ἀνεψύξαμεν,
1020 4972 1109 5027 καὶ
1156 4973 1185 5027 ὁ
1226 4973 1399 5028 Σατάν
1450 4970 1651 5048 ἤγαγεν
1696 4973 1773 5035 εἰς
1825 4975 1975 5046 ἡμᾶς

319 5058 422 5127 τὴν
485 5059 689 5135 ἀσελγῆ
722 5080 804 5128 τε,
852 5061 943 5115 καὶ
996 5062 1279 5140 φαρμακὸν
1313 5108 1327 5134 ,
1375 5069 1476 5132 τῆς
1535 5061 1861 5135 οἰκουμένης
1916 5063 1979 5117 τὸ

320 5145 660 5222 πρόσκομμα
690 5195 705 5222 ,
762 5149 826 5203 τὸ
888 5150 1227 5226 παγκόσμιον
1285 5148 1582 5207 σκάνδαλον
1614 5197 1627 5221 ,
1694 5149 1827 5224 μετὰ
1881 5155 1978 5205 τοῦ

325 5234 555 5311 αὐχένος
601 5237 691 5292 καὶ
738 5245 839 5307 τῆς
891 5238 1094 5315 ὀφρύος
1132 5239 1222 5294 καὶ
1276 5244 1375 5295 τοῦ
1424 5242 1778 5319 φρυάγματος
1834 5239 1979 5315 τάχα

326 5324 424 5398 μὲν
469 5325 832 5397 καταπλήξων
884 5326 974 5382 καὶ
1017 5327 1436 5384 καταπαλαίσων
1484 5332 1652 5402 ἡμᾶς,
1695 5326 1805 5399 ἤδη
1856 5335 1975 5393 ταῖς

318 5417 429 5469 τῶν
508 5413 776 5489 ἀλγεινῶν
854 5413 1351 5490 ἐκδειματωθὲντας
1425 5418 1515 5473 καὶ
1586 5437 1912 5493 προκατασει
1952 5452 1974 5462 -

314 5500 534 5565 σθέντας
582 5501 915 5580 ἐπαγωγαῖς.
965 5509 1138 5561 Τοῦτο
1183 5506 1285 5583 γὰρ
1334 5507 1516 5579 ᾠήθη,
1567 5506 1829 5582 πτωχοὺς
1872 5509 1972 5576 τὴν

314 5588 551 5646 διάνοιαν
584 5635 603 5663 ,
661 5591 753 5647 καὶ
808 5593 900 5649 τὸν
973 5601 1075 5663 τῆς
1129 5598 1318 5671 ψυχῆς
1399 5595 1553 5651 τόνον
1613 5598 1973 5673 παρειμένους

2091 4003 2355 4071 tempore
2421 4016 2528 4053 nos
2596 3998 2990 4070 degebamus,
3049 3996 3402 4070 irrepsisse;
3468 3996 3744 4053 introisse

2092 4088 2267 4143 etiam
2320 4088 2380 4143 in
2429 4088 2529 4143 Dei
2580 4087 2892 4159 templum,
2944 4103 3080 4141 cum
3138 4084 3487 4142 sacriﬁcium
3547 4085 3740 4142 missae

2093 4177 2275 4244 ﬁeret,
2308 4180 2365 4231 et
2393 4175 2690 4232 exclusam
2732 4175 2913 4231 fuisse
2960 4191 3063 4247 per
3104 4191 3212 4231 nos
3267 4193 3301 4230 ιι
3350 4190 3517 4231 sacra
3572 4175 3742 4231 audi-

2091 4265 2271 4333 tione,
2303 4269 2478 4337 atque
2509 4281 2641 4320 cum
2686 4264 2964 4320 dedecore
2996 4265 3278 4336 fugatam,
3312 4265 3453 4319 dum
3504 4264 3740 4320 interim

2090 4354 2191 4410 illa
2221 4355 2290 4411 de
2322 4354 2430 4410 hoc
2461 4353 2716 4408 facinore
2743 4353 3186 4421 lamentaretur,
3219 4356 3276 4409 et
3322 4351 3587 4408 dolenter
3628 4353 3739 4409 fer-

2090 4448 2214 4512 ret;
2264 4443 2477 4499 iterum
2531 4460 2638 4498 nos
2686 4442 2898 4514 spiritu
2938 4442 3212 4509 audaces,
3244 4441 3604 4497 confidenter
3653 4441 3737 4499 lo-

2090 4532 2352 4604 quimur,
2384 4536 2441 4588 et
2486 4533 2758 4603 agimus;
2802 4546 3157 4600 rursumque
3196 4530 3391 4597 minae,
3426 4530 3733 4603 angustia,

2089 4624 2146 4677 et
2174 4620 2452 4693 pericula.
2479 4621 2685 4676 Adhuc
2716 4638 2824 4676 nos
2850 4620 3212 4675 mundanam
3239 4617 3586 4689 sapientiam
3621 4635 3737 4674 non

2087 4709 2470 4779 edidicimus;
2503 4709 2750 4782 ideoque
2770 4713 2826 4765 et
2857 4708 3042 4764 odiosi
3065 4724 3273 4763 sumus
3293 4711 3351 4762 et
3375 4707 3733 4763 exsecrandi.

2089 4798 2314 4854 Rursus
2346 4799 2733 4870 potestatibus
2755 4798 3124 4861 obsistimus,
3148 4795 3472 4868 meritoque
3493 4794 3735 4852 inutiles

2086 4887 2518 4960 redarguimur.
2554 4888 2715 4943 Haud
2750 4887 2849 4942 diu
2882 4890 2990 4956 est,
3023 4902 3180 4954 cum,
3213 4902 3247 4940 a
3289 4882 3582 4940 malorum
3622 4883 3732 4939 im-

2091 4981 2227 5048 petu
2277 4981 2679 5049 emergentes,
2713 4993 2821 5032 nos
2874 4974 3285 5044 recreavimus,
3329 4977 3383 5029 et
3437 4973 3615 5029 Satan
3664 4975 3733 5029 ad

2091 5082 2200 5120 nos
2228 5065 2487 5121 traduxit
2515 5065 2876 5138 impudicam
2907 5069 2964 5120 et
2996 5066 3336 5131 veneﬁcam,
3369 5062 3529 5118 orbis
3561 5062 3739 5118 offen-

2092 5153 2376 5221 diculum,
2419 5154 2746 5211 universale
2798 5153 3167 5219 scandalum,
3222 5168 3356 5208 cum
3407 5151 3627 5207 cervice
3682 5155 3742 5207 et

2087 5244 2399 5315 supercilio
2438 5261 2505 5301 ac
2556 5244 2706 5299 fastu
2751 5244 2894 5299 forte
2923 5260 3029 5298 nos
3064 5242 3344 5298 attonitos
3374 5240 3732 5310 redditurus,

2085 5350 2150 5389 ac
2180 5337 2606 5405 prostraturus,
2637 5333 3093 5388 infortuniorum
3127 5336 3300 5405 atque
3329 5330 3735 5387 incommodo-

2084 5439 2216 5478 rum
2249 5423 2470 5478 crebris
2500 5422 3008 5479 occursationibus
3043 5422 3172 5494 jam
3220 5421 3557 5494 perterritos
3591 5436 3733 5475 con-

2082 5528 2424 5583 cussosque.
2460 5513 2517 5566 Id
2551 5512 2707 5567 enim
2738 5512 2853 5566 sibi
2884 5514 3290 5584 proposuerat,
3322 5509 3487 5566 facile
3527 5509 3734 5581 inopes

2081 5617 2188 5656 nos
2219 5605 2414 5656 mente
2456 5604 2515 5655 et
2558 5600 2743 5655 animi
2772 5599 2996 5655 viribus
3026 5600 3353 5656 delassatos
3382 5614 3729 5671 agnoscens,

314 5676 479 5744 εἰδὼς
510 5727 527 5755 ,
587 5674 760 5743 ὅντως
832 5679 889 5738 δὲ
944 5687 1022 5756 τῷ
1079 5683 1233 5758 μόνῳ
1291 5690 1442 5764 σοφῷ
1498 5705 1558 5740 τε
1611 5684 1701 5739 καὶ
1762 5684 1973 5763 ἰσχυρῷ

2087 5690 2179 5746 sed
2219 5705 2351 5746 vere
2397 5706 2432 5745 a
2478 5689 2601 5745 solo
2645 5688 2907 5762 sapiente
2945 5694 3002 5746 et
3032 5689 3224 5745 valido
3258 5688 3640 5761 decipiendus
3670 5692 3731 5744 et

312 5769 916 5848 κατασοφισθησόμενός
1011 5793 1070 5829 τε
1167 5774 1257 5830 καὶ
1350 5773 1897 5852 ἐκνευρισθησόμενος
1954 5820 1968 5834 .

2077 5779 2463 5836 enervandus.
2496 5779 2840 5853 Repentina,
2874 5779 3129 5850 effrenis,
3163 5779 3537 5852 projectaque
3583 5794 3723 5837 mae-
