4154 6464
451 471 568 537 εστ

1713 473 2137 542 NICEPHORI
2178 472 2620 541 BLEMMIDA‘J

3753 475 3871 542 608

454 624 561 665 nas
591 608 706 665 ista
745 609 816 666 ad
855 612 1252 669 venerandum
1283 617 1550 671 nostrum
1584 613 1926 686 hospitium,
1961 627 2092 667 cum

2221 609 2446 684 Ἀθρους
2495 609 2789 674 ἀκάθεκτος
2834 609 2870 679 ἠ
2924 612 3116 683 μαινᾶς
3159 611 3242 681 τῷ
3305 602 3582 682 ἡμεδαπῷ
3639 608 3868 684 σεμνείῳ

455 698 617 769 gravi
668 699 1008 773 ingentique
1055 719 1287 776 pompa,
1324 721 1439 760 non
1489 705 1613 760 sine
1661 721 1808 760 caeco
1856 703 2100 774 impetu,

455 788 643 842 instar
693 789 880 860 rapidi
929 791 1204 863 varioque
1253 810 1541 864 aquarum
1592 795 1842 848 decursu
1890 789 2103 846 tumidi

454 877 752 944 torrentis,
787 877 974 934 irruit.
1009 880 1223 945 Nostri,
1259 883 1358 953 qui
1402 884 1550 938 fores
1587 882 2014 947 custodiebant,
2048 883 2105 934 et

453 965 792 1037 quicunque
819 967 917 1022 alii
950 968 1103 1025 intra
1136 970 1416 1042 templum
1443 971 1704 1037 aderant,
1728 969 1921 1025 intuiti
1953 969 2104 1024 obri-

455 1060 750 1126 guerunt;
805 1073 909 1112 nec
963 1075 1080 1114 una
1122 1075 1325 1115 omnes
1357 1061 1646 1115 sententia
1674 1061 1926 1116 tenebat.
1960 1063 2100 1114 Cum

453 1143 611 1197 omni
638 1149 921 1216 apparatu
947 1151 1004 1201 et
1035 1147 1093 1202 in
1120 1148 1314 1219 ipsum
1345 1149 1650 1221 templum,
1674 1149 1814 1203 dum
1840 1147 2101 1202 divinum

456 1248 523 1286 ac
556 1234 869 1304 mysticum
895 1236 1245 1292 sacriﬁcium
1273 1238 1705 1305 conﬁciebatur,
1729 1233 2102 1293 exsecrabilis

458 1319 562 1375 illa
608 1321 859 1377 inﬂuxit.
902 1324 1037 1391 Nos,
1072 1325 1152 1380 rei
1195 1326 1602 1398 inexspectata;
1655 1326 1925 1393 novitate,
1961 1326 2099 1397 quid

462 1425 790 1481 ageremus,
835 1413 1179 1477 nescientes,
1227 1414 1424 1470 statim
1475 1413 1802 1470 adulteram
1855 1432 1888 1469 a
1936 1431 2102 1468 sacra

459 1499 777 1568 auditione,
802 1503 1100 1556 communi
1128 1504 1518 1575 concordique
1550 1503 1810 1558 ﬁdelium
1844 1503 2101 1558 oratione

459 1603 525 1642 ac
557 1587 872 1658 hymnodia
903 1589 1260 1662 repellimus,
1294 1609 1633 1648 aversamur
1673 1592 2098 1664 impudentem,

456 1685 826 1757 maximeque
848 1686 1062 1742 Christi
1094 1687 1320 1760 legibus
1345 1689 1715 1761 injuriosam,
1741 1694 1796 1744 et
1829 1689 2098 1758 injuriam

455 1773 648 1843 palam
683 1775 1048 1844 profitentem
1077 1795 1090 1843 ;
1123 1778 1262 1832 totis
1305 1779 1614 1834 conatibus
1664 1796 1695 1834 e
1744 1777 1926 1834 sacris
1958 1776 2101 1832 locis

456 1861 760 1932 profanam
783 1863 1090 1932 ejicimus;
1122 1865 1462 1920 infirmitate
1485 1866 1679 1922 carnis
1701 1871 2016 1921 trementes
2046 1869 2104 1920 et

453 1949 668 2020 timidi,
693 1951 794 2005 sed
817 1951 916 2007 Dei
948 1952 1299 2010 inconcusso
1328 1955 1538 2010 timore
1571 1954 1866 2009 hominem
1891 1969 2099 2009 exuen-

455 2041 562 2104 tes,
589 2039 985 2112 ducentesque
1016 2046 1262 2097 mortem
1291 2043 1664 2115 improbitate
1684 2042 2100 2114 impietateque

451 2126 582 2198 ipsa
611 2128 796 2184 multo
828 2130 1276 2201 Optabiliorem;
1328 2137 1384 2187 et
1429 2148 1565 2187 cum
1614 2149 1702 2198 ea,
1748 2132 1919 2202 cujus
1965 2147 2100 2186 cum

457 2214 801 2272 Christianis
857 2218 1087 2274 nullum
1136 2221 1499 2276 consortium
1537 2226 1648 2287 est,
1681 2221 1858 2277 simul
1905 2221 1965 2276 in
2015 2237 2102 2275 ec-

456 2303 633 2360 clesia
663 2307 1036 2376 commorari,
1070 2310 1484 2366 exsecrabilius
1512 2310 1889 2375 aestimantes,
1923 2326 2100 2381 quam

457 2394 716 2463 pessima
757 2401 944 2452 morte
993 2415 1060 2452 ex
1111 2398 1218 2453 hoc
1266 2416 1505 2471 corpore
1553 2400 1831 2470 separari,
1863 2399 2105 2454 verbera

457 2481 634 2537 simul
669 2488 726 2537 et
756 2501 1015 2541 carceres
1046 2491 1103 2541 et
1132 2487 1368 2554 famem,
1399 2493 1458 2544 et
1505 2489 1555 2543 si
1604 2488 1746 2558 quid
1794 2487 1885 2542 his
1935 2489 2104 2559 pejus

456 2571 770 2642 excogitari
823 2575 1052 2644 poterit,
1106 2593 1206 2646 per
1256 2581 1435 2631 totam
1488 2577 1665 2631 vitam
1721 2575 2102 2632 sustinentes.

455 2667 840 2725 Praesentium
881 2670 1037 2727 enim
1089 2672 1378 2728 malorum
1409 2672 1900 2728 violentissimum
1933 2675 2107 2742 atque

459 2755 872 2830 longissimum
905 2760 963 2816 in
992 2778 1179 2817 aevum
1207 2763 1554 2833 perdurans,
1577 2779 1691 2818 non
1717 2761 1871 2817 ultra
1890 2759 2106 2815 vinculi

459 2847 807 2919 abruptione
837 2854 1131 2906 extentum
1164 2867 1296 2906 cum
1341 2852 1600 2907 marcida
1645 2851 1755 2906 hac
1800 2850 1920 2906 vita
1968 2865 2105 2905 con-

454 2935 722 3004 volvitur,
756 2937 1148 2995 maximorum
1178 2945 1235 2994 et
1263 2958 1567 3012 nunquam
1598 2940 2104 2996 dissolvendarum

459 3025 832 3096 praemiorum
864 3027 1091 3099 copiam
1126 3029 1472 3085 retribuens.
1505 3032 1574 3085 At
1620 3029 1777 3102 leges
1821 3029 1922 3085 Dei
1963 3045 2104 3085 con-

458 3117 738 3182 temnere,
772 3120 829 3170 et
857 3117 1011 3188 quod
1045 3133 1286 3173 sensum
1318 3117 1584 3188 oblectat,
1619 3119 1937 3174 Dominicis
1968 3135 2103 3174 san-

460 3200 592 3256 citis
625 3205 914 3275 praeferre,
946 3206 1104 3260 trudi
1135 3206 1333 3278 etiam,
1365 3225 1433 3262 ex
1480 3225 1544 3264 se
1589 3224 1897 3264 mmrorem
1938 3207 2107 3262 affert

461 3289 912 3360 intolerabilem,
945 3298 1003 3349 et
1053 3293 1233 3350 nullis
1284 3295 1551 3351 terminis
1598 3296 2103 3368 circumscriptam

463 3377 790 3434 infamiam.
824 3381 1060 3452 Oportet
1087 3382 1284 3455 itaque
1314 3400 1420 3440 nos
1450 3384 1896 3453 invocationem,
1930 3400 2108 3456 quam

465 3466 621 3522 inter
667 3469 952 3524 orandum
1005 3472 1385 3543 effundimus,
1437 3488 1634 3529 veram
1683 3474 2008 3539 ostendere,
2056 3475 2114 3527 et

464 3555 642 3610 veluti
675 3555 834 3612 illius
865 3559 1000 3614 boni
1033 3560 1138 3614 filii
1171 3561 1391 3616 bonum
1423 3562 1688 3634 operari;
1732 3567 1788 3618 et
1817 3561 1952 3618 licet
1981 3560 2109 3632 pul-

461 3644 549 3699 vis
595 3645 924 3714 subtrahat,
978 3647 1199 3704 intente
1247 3651 1642 3723 nosmetipsos
1690 3652 1762 3706 ad
1813 3650 2116 3723 superiora

467 3738 703 3804 propter
731 3751 869 3807 erga
899 3736 1126 3792 Patrem
1161 3737 1519 3794 altissimum
1552 3739 1933 3795 reverentiam
1963 3755 2116 3795 com-

469 3820 700 3892 pellere,
733 3825 790 3878 et
819 3829 1340 3900 conversationem,
1374 3832 1656 3900 tanquam
1699 3829 1759 3883 in
1811 3828 2020 3900 patria,
2056 3828 2116 3882 in

475 3909 635 3964 caelis
692 3910 926 3982 habere,
979 3914 1199 3971 salvere
1248 3918 1439 3987 jusso,
1501 3921 1634 3972 ante
1689 3917 1867 3973 etiam
1925 3917 2117 3988 ipsam

471 3997 848 4070 solutionem,
881 4002 1165 4075 quidquid
1198 4003 1257 4059 in
1289 4005 1458 4060 nobis
1490 4005 1703 4061 terreni
1735 4006 2115 4078 conspicitur.

474 4094 639 4158 Quod
686 4097 736 4151 si
795 4097 864 4152 ad
915 4098 1172 4170 primum
1213 4101 1479 4157 ordinem
1511 4119 1625 4158 non
1659 4103 2116 4173 pervenerimus,

479 4183 674 4240 saltim
724 4187 796 4242 ad
837 4187 1273 4263 delectationes,
1307 4208 1434 4262 quae
1483 4192 1674 4248 verbis
1723 4192 1970 4264 exprimi
2018 4207 2118 4247 ne-

479 4279 722 4343 queunt,
754 4280 812 4330 et
859 4294 986 4348 quae
1037 4279 1216 4334 veluti
1261 4280 1512 4335 victorias
1551 4281 1859 4352 praemium
1889 4281 1984 4350 iis,
2017 4281 2119 4352 qui

475 4360 791 4419 virtutibus
838 4365 1213 4438 insudarunt,
1263 4374 1594 4441 praeparata:
1651 4375 1813 4441 sunt,
1855 4371 2120 4425 animum

475 4450 796 4523 intendere,
837 4459 895 4510 et
937 4461 1174 4528 propter
1226 4459 1643 4530 sempiternam
1693 4459 2120 4514 beatitudinem

475 4539 820 4599 afﬂictiones
849 4561 1054 4602 omnes
1085 4547 1358 4618 perferre.
1392 4547 1591 4620 Neque
1628 4548 1784 4604 enim
1825 4551 1966 4604 sunt
2011 4548 2122 4602 hu-

467 4629 642 4700 jusce
662 4633 942 4704 temporis
970 4634 1294 4706 passiones,
1320 4641 1695 4708 quotcunque
1715 4636 1828 4692 illae
1849 4642 1906 4692 et
1935 4653 2122 4708 quan-

2209 697 2584 773 προσέρῥαξε,
2649 698 2784 771 μετά
2843 698 3059 774 βαρείας
3119 697 3263 770 εἶτα,
3320 697 3412 753 καὶ
3469 694 3713 776 σφοδρᾶς
3771 705 3867 769 τῆς

2210 794 2459 860 πομπῆς,
2515 787 2829 864 ὀξυρῥόπων
2879 785 3036 858 δίκην
3077 786 3386 864 χέιμάρῥου
3434 785 3788 863 πολυμιγοῦς
3814 809 3869 844 τε

2213 875 2510 951 ἑωρακότες
2570 876 2735 945 αὐτὴν
2790 876 2841 930 οἱ
2898 876 3020 950 περὶ
3073 877 3169 938 τὰς
3222 873 3400 938 πύλας
3456 876 3724 951 ἡμέτεροι
3781 877 3867 932 καὶ

2212 963 2328 1020 ὅσοι
2385 969 2492 1019 τῶν
2546 964 2690 1028 ἐντὸς
2737 965 3068 1044 πεφρίκασι,
3121 961 3620 1042 διαπεφωνήκασιν.
3684 965 3865 1042 Εἰσέρ-

2213 1052 2314 1128 ῥύη
2348 1053 2690 1126 πανετοίμως
2721 1055 2811 1109 καὶ
2842 1055 2918 1118 εἷς
2949 1053 3110 1110 αὐτὸν
3138 1054 3229 1108 τὸν
3263 1054 3420 1124 νεὼν,
3449 1059 3553 1122 τῆς
3605 1053 3752 1116 θείας
3781 1054 3866 1109 καὶ

2215 1149 2479 1214 μυστικῆς
2541 1141 2964 1216 ἐπιτελουμένης
3025 1142 3230 1210 θυσίας,
3286 1140 3506 1216 ἐναγής.
3565 1143 3754 1215 Ἡμεῖς
3812 1139 3866 1198 δὲ

2212 1231 2301 1285 καὶ
2349 1232 2497 1285 ταῦτ’
2555 1231 2605 1286 ἐν
2665 1231 2953 1307 ἀμηχανίᾳ
2998 1231 3282 1307 γεγονότες
3324 1235 3404 1302 τῷ
3455 1228 3720 1304 ἀδοκήτῳ
3773 1235 3866 1286 τοῦ

2210 1326 2532 1401 πράγματος
2604 1327 2929 1404 ἀπείργομεν
3005 1328 3159 1393 εὐθὺς
3227 1329 3328 1397 τήν
3405 1325 3718 1403 μοιχαλίδα
3769 1335 3864 1398 τῆς

2212 1417 2358 1491 ἱερᾶς
2417 1416 2723 1491 ἀκροάσεως
2756 1462 2769 1488 ,
2821 1424 2922 1486 τῆς
2998 1420 3185 1487 κοινῆς
3257 1417 3346 1472 καὶ
3403 1417 3711 1494 συμφώνου
3764 1421 3867 1472 τῶν

2210 1510 2415 1560 πιστῶν
2472 1505 2641 1581 εὐχῆς
2697 1526 2757 1560 τε
2818 1505 2906 1560 καὶ
2969 1503 3243 1579 ὑμνῳδίας
3281 1550 3296 1575 ,
3353 1503 3867 1579 ἀποτροπιαζόμεθα

2208 1595 2308 1661 τὴν
2337 1594 2654 1670 ἀσχήμονα,
2682 1596 2782 1663 τὴν
2812 1593 3056 1656 ἐκτόπως
3103 1600 3226 1656 τοῖς
3255 1593 3452 1667 νόμοις
3505 1598 3608 1648 τοῦ
3638 1598 3866 1670 Χριστοῦ

2210 1674 2613 1753 ἐνυϐρίζουσαν,
2659 1681 2750 1736 καὶ
2800 1683 2899 1750 τήν
2951 1677 3104 1757 ὕϐριν
3166 1679 3603 1754 δημοσιεύουσαν
3641 1701 3654 1714 ·
3713 1680 3864 1742 ὅλαις

2211 1769 2409 1842 ὁρμαῖς
2443 1768 2890 1846 ἐξοστρακίζομεν
2937 1776 3044 1825 τῶν
3096 1770 3257 1826 ὁσίων
3305 1769 3492 1826 τόπων
3542 1770 3645 1838 τὴν
3703 1763 3862 1845 βέϐη-

2211 1856 2305 1912 λον
2340 1903 2353 1930 ,
2412 1855 2679 1934 περιδεεῖς
2742 1860 2836 1932 μὲν
2894 1855 3041 1921 ὄντες
3095 1866 3162 1929 τῆ
3219 1859 3462 1932 ἀσθενείᾳ
3509 1865 3614 1928 τῆς
3672 1856 3864 1934 σαρκὸς

2211 1945 2300 2001 καί
2343 1947 2668 2023 ὑπότρομοι,
2726 1952 2805 2020 τῷ
2857 1952 2955 2004 τοῦ
3013 1947 3213 2025 Κυρίου
3269 1945 3329 2004 δὲ
3382 1947 3659 2026 κρατίστῳ
3712 1941 3861 2023 φόϐῳ

2207 2036 2299 2090 τὸν
2350 2034 2631 2112 ἄνθρωπον
2721 2035 3130 2113 ἐκκρουόμενοι,
3179 2036 3269 2092 καὶ
3323 2041 3422 2091 τοῦ
3479 2041 3862 2112 παρανομῆσαι

2208 2124 2270 2179 τὸ
2331 2131 2506 2188 θανεῖν
2569 2124 2782 2198 μᾶλλον
2839 2125 3181 2203 αἱρούμενοι,
3238 2125 3328 2180 καὶ
3385 2129 3466 2198 τῷ
3515 2131 3584 2194 τῆ
3645 2123 3862 2178 ἀκοινω-

2211 2215 2363 2286 νήτῳ
2412 2214 2864 2284 συνεκκλησιάσαι
2911 2219 3020 2269 τῶν
3071 2214 3408 2270 ἀπευκταίων
3469 2213 3644 2270 πλέον
3702 2208 3862 2286 ἡγού-

2216 2324 2366 2376 μενοι
2420 2308 2517 2358 τοῦ
2574 2309 2784 2380 πικρῶς
2840 2302 3228 2380 ἀπαλλαγῆναι
3279 2301 3440 2360 τοῦδε
3487 2307 3587 2358 τοῦ
3619 2302 3858 2372 σκήνους,

2212 2398 2429 2476 πληγὰς
2488 2400 2539 2456 ἐν
2601 2400 2746 2474 αύτῷ
2800 2402 2891 2456 καὶ
2949 2401 3264 2477 καθείρξεις,
3309 2400 3400 2455 καὶ
3451 2399 3738 2474 λιμώξεις,
3776 2395 3860 2450 καὶ

2216 2487 2269 2544 εἷ’
2311 2477 2370 2544 *τι
2428 2487 2598 2546 ἄλλον
2653 2495 2760 2545 τῶν
2839 2488 3252 2564 ἀπειλουμένων
3327 2487 3709 2566 ὑπενεγγόντες
3780 2482 3861 2538 διὰ

2219 2577 2340 2654 βίου
2395 2579 2615 2640 παντός.
2675 2584 2790 2634 Τῶν
2872 2580 2966 2653 μὲν
3026 2580 3128 2656 γὰρ
3204 2578 3486 2655 παρόντων
3564 2575 3738 2653 ἁδρῶν
3801 2572 3860 2627 τὸ

2220 2665 2525 2743 βιαιότατόν
2581 2687 2640 2723 τε
2689 2667 2787 2723 κπὶ
2847 2669 3229 2741 μονιμώτατον
3281 2669 3356 2741 μὴ
3415 2665 3723 2744 περαιτέρω
3766 2668 3857 2732 τῆς

2214 2761 2311 2810 τοῦ
2391 2754 2594 2829 δεσμοῦ
2666 2753 3001 2832 διαῤῥήξεως
3082 2756 3364 2832 ἐξισχύσαν
3400 2802 3415 2829 ,
3474 2763 3544 2826 τῆ
3624 2753 3859 2827 ἐπικήρῳ

2217 2846 2654 2923 συγκατεστράφη
2751 2850 2864 2915 ζωῆ
2902 2889 2916 2916 ,
3003 2845 3266 2922 μεγίστων
3352 2839 3859 2923 ἀντιφιλοτιμησά-

2219 2954 2377 3006 μενον
2435 2933 2524 2988 καὶ
2585 2931 2934 2988 ἀκαταλύτων
2995 2931 3245 2990 ἐπάθλων
3306 2932 3494 3006 ἐσμόν·
3527 2933 3592 2988 τὸ
3649 2928 3695 2986 δ’
3741 2926 3858 2984 ἀλο-

2214 3025 2377 3098 γῆσαι
2425 3022 2609 3097 νόμων
2667 3027 2820 3093 Θεοῦ,
2880 3022 2970 3078 καί
3023 3044 3076 3078 τι
3132 3027 3241 3078 τῶν
3296 3021 3604 3098 θελγόντων
3635 3020 3731 3088 τήν
3783 3013 3856 3071 αἶ’-

2214 3123 2402 3182 σθησιν
2485 3116 2773 3187 προκρῖναι
2853 3114 2963 3166 τῶν
3037 3115 3136 3166 τοῦ
3220 3111 3418 3185 Κυρίου
3508 3112 3718 3182 θεσμῶν
3795 3103 3852 3159 τὸ

2214 3199 2538 3278 ἀπεῤῥίφθαι
2594 3201 2840 3277 προξενεῖ
2895 3199 2946 3270 ἐξ
3003 3197 3168 3255 αὐτοῦ
3222 3199 3440 3274 πικρίαν
3503 3198 3851 3261 ἀνύποιστον,

2217 3287 2480 3365 αἰσχύνην
2541 3288 2832 3363 ἀπέραντον
2869 3331 2883 3345 .
2943 3289 3060 3364 Χρὴ
3139 3289 3232 3362 μὶν
3291 3285 3382 3344 οῦν
3449 3290 3604 3362 ἡμᾶς
3671 3285 3765 3353 τὴν
3815 3279 3862 3336 ἐν

2219 3383 2550 3455 προσευχαῖς
2604 3376 2886 3448 ἀληθίζειν
2941 3376 3252 3448 ἐπίκλησιν,
3309 3376 3399 3432 καὶ
3457 3378 3551 3432 οἶα
3593 3370 3747 3431 τέκνα
3779 3372 3865 3425 τοῦ

2220 3468 2422 3543 ἀγαθοῦ
2470 3467 2533 3522 τὸ
2580 3467 2780 3542 ἀγαθὸν
2813 3465 3070 3543 ἐνεργεῖν,
3103 3465 3269 3522 εἶκαὶ
3325 3467 3354 3521 ὁ
3411 3465 3554 3543 χούς
3601 3459 3860 3537 ὑποσύρει,

2221 3554 2492 3616 συντόνως
2549 3555 2825 3610 ἀνθέλκειν
2883 3553 3104 3618 ἑαυτοὺς
3161 3555 3298 3631 πρὸς
3355 3554 3425 3610 τὰ
3482 3554 3594 3611 ἅνω
3641 3549 3728 3607 διὰ
3774 3548 3862 3616 τὴν

2221 3643 2358 3719 πρὸς
2405 3643 2497 3699 τὸν
2559 3643 2781 3718 ὕψιστον
2839 3645 3052 3718 Πατέρα
3108 3641 3270 3716 αῑδὼ,
3320 3641 3411 3699 καὶ
3459 3643 3525 3700 τὸ
3573 3638 3862 3708 πολίτευμα

2225 3730 2373 3809 ἔχειν
2421 3733 2495 3794 ὡς
2527 3731 2578 3788 ἐν
2623 3731 2842 3809 πατρίδι
2874 3733 2926 3788 ἐν
2972 3732 3251 3809 οὐρανοῖς,
3303 3730 3478 3809 ἔῤῥειν
3519 3731 3740 3810 ἀφέντας
3767 3729 3859 3778 πᾶν

2224 3831 2424 3907 γεηρὸν
2452 3829 2542 3885 καὶ
2594 3831 2700 3907 πρό
2749 3851 2813 3906 γε
2859 3837 2961 3900 τῆς
3010 3827 3341 3892 ἀναλύσεως.
3392 3829 3460 3885 Εἰ
3492 3827 3551 3885 δὲ
3593 3833 3690 3897 τῆς
3721 3820 3858 3907 πρώκ-

2223 3906 2324 3988 της
2383 3919 2483 3974 οὐκ
2539 3906 2901 3997 ἐφικνούμεθα
2955 3917 3158 3992 τάξεως
3184 3965 3201 3992 ,
3249 3917 3385 3994 πρὸς
3465 3919 3560 3980 τὰς
3625 3906 3862 3997 ἀνεκφρᾴ-

2226 4029 2384 4071 στους
2430 3994 2759 4070 ἀπολαύσεις
2812 4007 2952 4070 τέως
2992 4009 3143 4083 ὁρᾳν,
3190 4005 3247 4062 αἳ
3277 4003 3345 4076 δὴ
3401 3997 3629 4084 βραϐεῖα
3666 4004 3776 4060 τοῖς
3814 3994 3859 4050 ἐν

2227 4096 2394 4174 ἀρετῇ
2450 4100 2684 4170 καμοῦσι
2743 4097 3300 4172 προητοιμάσθησαν,
3359 4096 3451 4151 καὶ
3503 4100 3672 4150 πᾶσαν
3729 4084 3811 4142 θλί
3837 4111 3862 4174 τ

2227 4169 2317 4261 ψἰν
2363 4169 2646 4262 ῦποφέρειν
2708 4169 2798 4240 διά
2853 4186 2954 4255 τὴν
2994 4169 3362 4255 ναῖωνίζουσαν
3417 4180 3743 4260 εὐκληρίαν.

2228 4259 2332 4351 γὰρ
2392 4259 2547 4330 ἔστιν.
2592 4272 2739 4337 ὅλως
2794 4279 2893 4329 τοῦ
2940 4278 3032 4328 νῦν
3077 4278 3270 4349 καιροῦ
3311 4275 3380 4328 τὰ
3427 4273 3735 4345 παθήματα,
3773 4259 3858 4318 κᾶν

2230 4364 2422 4436 ὁπόσα,
2455 4364 2549 4419 κᾶν
2589 4365 2753 4418 ὁποῖά
2797 4365 2920 4419 ποτ’
2969 4362 3028 4418 ἂν
3078 4362 3162 4434 εἴη
3207 4362 3347 4438 πρὸς
3375 4363 3478 4432 τὴν
3515 4356 3856 4429 ἐλπιζομένην

2229 4451 2497 4508 ἀντίδοσιν
2556 4450 2694 4524 ἄξια.
2756 4452 2821 4508 Εἰ
2875 4449 2932 4507 δὲ
2985 4452 3074 4508 καὶ
3128 4458 3231 4522 τῆς
3282 4454 3390 4506 τῶν
3432 4451 3712 4526 μισθωτῶν
3757 4439 3858 4495 δια-

2235 4542 2574 4620 μαρτάνομεν
2621 4543 2975 4620 ὁμηγυρεως,
3026 4539 3124 4597 κᾶν
3176 4544 3305 4617 γοῦν
3352 4542 3424 4612 τῇ
3467 4537 3664 4614 ἐσχάτῃ
3713 4527 3858 4605 μοίρᾳ

2228 4635 2336 4686 τῶν
2395 4630 2720 4704 σωζομένων
2779 4629 3248 4706 ἐγκαταλέγεσθαι,
3305 4629 3397 4684 καὶ
3453 4632 3560 4684 τῶν
3618 4622 3857 4706 δεσποτιῌ·

478 4724 785 4792 taecunque
807 4723 946 4791 sint,
971 4723 1151 4792 illius,
1169 4741 1346 4796 quam
1370 4743 1698 4797 speramus,
1727 4725 2110 4781 retributioni:

2233 4725 2343 4774 κῶν
2403 4704 2837 4796 προσταγμάτων
2878 4704 3241 4796 ἀντέχεσθαι,
3297 4715 3607 4777 δεδοικότας
3669 4710 3730 4797 τᾷ
3771 4704 3855 4769 τῆς

475 4810 798 4883 condignae.
832 4811 992 4875 Quod
1026 4813 1075 4867 si
1119 4830 1150 4869 e
1193 4815 1683 4888 mercenariorum
1717 4821 1865 4870 ccetu
1897 4815 2124 4870 excide-

476 4899 684 4966 rimus,
718 4900 914 4956 saltim
965 4901 1024 4956 in
1077 4908 1368 4974 postremo
1409 4920 1634 4972 eorum,
1668 4905 1768 4976 qui
1800 4903 2121 4971 salvantur,

476 4987 679 5042 ordine
702 4991 1097 5058 annumerari,
1115 4997 1171 5048 et
1192 4997 1615 5065 praeceptorum
1630 4993 1860 5050 Domini
1885 5009 2122 5049 causam

476 5076 995 5150 defensionemque
1047 5081 1364 5153 suscipere,
1418 5082 1717 5154 neglectus
1761 5099 2015 5154 poenam,
2063 5083 2121 5136 in

477 5164 744 5236 gebeuna
775 5167 998 5222 scilicet
1027 5169 1598 5235 condemnationem,
1630 5169 1941 5237 timentes;
1992 5185 2122 5240 pro-

475 5258 808 5326 ptereaque,
835 5255 884 5311 si
916 5273 1062 5327 opus
1093 5258 1287 5323 fuerit,
1315 5273 1518 5313 eorum
1552 5274 1728 5313 causa
1757 5257 1885 5312 vitae
1916 5257 2122 5313 discri-

477 5358 611 5398 men
644 5343 1346 5419 adire.‘Quandoquidem
1391 5350 1623 5418 quantae
1675 5347 1980 5403 dementia
2036 5349 2126 5402 est

477 5431 709 5502 pusillis
765 5433 1246 5506 castigationibus
1300 5439 1575 5506 majores,
1619 5441 1676 5491 et
1727 5435 1951 5509 exiguis
2002 5439 2122 5490 tor-

480 5521 695 5575 mentis
728 5523 1071 5592 perenniora
1101 5541 1473 5596 praeponere;
1508 5541 1692 5597 eoque
1723 5524 2122 5595 potissimum,

479 5609 527 5664 si
559 5610 848 5665 breviores
881 5612 1254 5668 sobrietatem
1301 5618 1358 5669 et
1409 5614 1758 5686 sapientiam
1789 5612 2121 5679 conciliant,

479 5707 895 5780 hominemque
949 5715 1277 5784 expurgant
1325 5711 1495 5783 (quis
1552 5712 1743 5778 enim,
1801 5711 2124 5766 dummodo

478 5797 706 5866 vixerit,
729 5813 844 5853 non
877 5798 1169 5870 deliquit?
1198 5803 1255 5856 et
1285 5799 1418 5872 quis
1448 5800 1521 5856 ab
1551 5799 1932 5857 immunditia
1952 5815 2124 5856 mun-

2231 4794 2673 4888 περιφρονήσεως
2731 4794 3055 4882 ἐπιτίμιονπ,
3097 4808 3199 4876 τὴν
3253 4807 3307 4864 ἐν
3368 4809 3550 4884 γεέννῃ
3605 4794 3857 4888 κατάκριξ

2233 4919 2340 4968 σιν,
2395 4899 2485 4953 καὶ
2545 4897 2634 4954 διὰ
2682 4902 2844 4954 τοῦτο
2915 4897 3006 4952 καὶ
3062 4894 3496 4974 προκινδυνεύειν
3554 4890 3721 4948 αὐτῶν
3748 4928 3762 4956 ,
3794 4876 3854 4982 ’,εἶ

2235 4985 2495 5059 δεήσειεν.
2531 4985 2680 5043 Ἐπεὶ
2717 4987 2897 5058 πόσης
2943 4985 3130 5048 ἀνοίας
3180 4985 3291 5042 ἐστὶ
3342 4987 3551 5060 μικρῶν
3598 4983 3851 5051 τιμωριων

2230 5079 2328 5140 τὰς
2391 5076 2628 5151 μείζους,
2689 5077 2780 5132 καὶ
2838 5075 3186 5152 παυροτέρων
3250 5076 3494 5150 βασάνων
3541 5071 3635 5130 τὰς
3669 5062 3854 5152 διαρκεῖ

2235 5139 2425 5241 πέρας
2477 5139 2812 5234 ἀλλάξασθαι
2846 5207 2863 5236 ,
2910 5139 3000 5218 κάὶ
3055 5139 3269 5236 μᾶλλον
3331 5159 3498 5224 εἷίπως
3556 5157 3610 5212 αἱ
3665 5150 3751 5226 μὲν
3803 5139 3852 5241 ξῖ

2237 5231 2490 5330 βραχεῖαι
2550 5231 2943 5330 σωιρρονίζουσι
2977 5296 2992 5323 ,
3042 5231 3133 5307 καὶ
3202 5251 3564 5328 καθαίρουσι,
3620 5241 3696 5330 τίς
3761 5231 3851 5330 γὰρ

2236 5320 2402 5413 trimi:
2461 5341 2569 5418 οὐχ
2623 5320 2914 5418 tuapte;
2964 5320 3071 5397 ἀπὸ
3125 5339 3298 5417 ῥύπου
3357 5320 3418 5396 δὲ
3459 5336 3540 5400 τίς
3595 5320 3846 5402 καθαρόςῖ

2234 5441 2288 5495 αἱ
2345 5437 2402 5495 δὲ
2456 5439 2634 5516 λάχος
2701 5440 2832 5495 εἰσιν
2891 5438 3248 5518 ἀναφαίρετον
3310 5457 3325 5510 ;
3379 5436 3555 5508 ὥσπερ
3608 5425 3719 5518 γγάρ
3776 5433 3848 5474 τις

2234 5530 2484 5584 ὁπωσοῦν
2539 5528 2831 5599 ἐπταικὼς,
2888 5517 3123 5604 ἐκλογῆς
3163 5526 3311 5600 αύτῷ
3365 5517 3716 5616 προκειμένης
3737 5522 3850 5616 ’,κοζ

2236 5616 2466 5690 λάσεων,
2529 5617 2574 5672 εἰ
2621 5621 2730 5672 τῶν
2768 5603 3434 5695 τήμερονίκουφοτάτων,
3493 5603 3710 5695 μετρίων
3737 5603 3849 5695 ἴσος(

2231 5712 2392 5764 τινῶν
2451 5675 2736 5783 ραπισμῶν
2769 5750 2783 5777 ,
2841 5675 3136 5783 πρδέλοιτο
3178 5675 3290 5767 ⁸τὰς
3348 5694 3730 5783 ἐπιποναγτέρας

2233 5795 2295 5850 τὸ
2344 5767 2490 5868 έξὴξ,
2548 5767 2664 5851 οἷον
2708 5767 3097 5872 στρεϐλώσας,
3148 5793 3337 5868 ξέσεις,
3395 5781 3570 5869 μελῶν
3617 5767 3843 5847 Emathii,
