4154 6420
255 344 376 406 609

1135 339 1431 404 ORATIO
1473 338 1577 400 DE
1622 340 1852 404 REGIS
1896 340 2251 406 OFFIGIIS.
2284 376 2362 390 —
2393 343 2789 408 MONlTUM.

3553 350 3677 415 610

257 474 645 556 ἀφρονέστατος
713 471 941 549 κρίνοιτ’
995 471 1055 526 ἂν
1129 470 1337 535 δίκαιος
1405 476 1496 545 καὶ
1553 474 1957 550 ἀλογώτατοςλ

2035 477 2136 532 dus
2196 477 2444 548 fuerit?)
2488 479 2835 552 perenniora
2889 496 3022 536 vero
3078 497 3206 537 sors
3264 487 3404 539 sunt
3459 483 3676 540 auferri

261 565 433 628 οὕτως
481 565 509 620 ὁ
554 567 662 618 τῶν
709 559 829 639 ἄρτι
892 560 1261 638 προελόμενος
1311 561 1589 640 δυσχερῶν
1639 564 1736 627 τὰς
1795 563 1909 619 ἐσο-

267 653 428 728 μὲνας
485 648 798 728 ἀλγηδόνας
854 650 907 706 ἐν
967 650 1120 706 αἰῶνι
1177 657 1257 724 τῷ
1303 659 1404 722 τῆς
1454 651 1727 724 ἐκτίσεως,
1783 651 1907 708 ὅταν

265 743 491 799 ἑκάστου
544 741 608 796 τὸ
657 735 810 817 ἔργον
845 786 860 814 ,
919 739 1106 795 ὁποῖόν
1163 740 1296 814 ἐστι,
1356 738 1624 817 δοκιμάσῃ
1673 743 1734 798 τὸ
1780 745 1908 818 πῦρ·

266 829 628 903 ἀνοητότατός
693 849 755 884 τε
826 827 916 884 καὶ
974 827 1311 892 ἀθλιώτατος
1364 828 1764 903 παραπλησίως
1822 830 1912 886 καὶ

270 923 298 977 ὁ
336 922 435 991 τὴν
493 924 597 974 τῶν
655 918 952 995 ἀνθρώπων
1009 916 1216 989 ἀπάτην
1281 919 1412 995 ὑπὲρ
1470 920 1568 988 τήν
1624 923 1720 974 τοῦ
1778 925 1916 975 Θεοῦ

271 1008 426 1084 δόξαν
463 1007 787 1086 ἠγαπηκώς.
839 1006 939 1061 Καὶ
987 1005 1143 1068 οὗτος
1189 1008 1288 1082 γὰρ
1335 1002 1506 1070 ὅντως
1555 1007 1913 1086 τετύφλωται,

269 1099 359 1156 καὶ
409 1103 562 1160 σκιᾶς
612 1093 1041 1169 ἐπειλημμένος,
1096 1095 1132 1164 ἢ
1182 1097 1315 1166 νηὸς
1364 1095 1550 1173 ίχνους
1595 1097 1646 1152 ἐν
1697 1094 1917 1168 ὕδασιν,

273 1184 441 1244 οἷέταί
477 1207 530 1240 τι
571 1181 718 1262 ἔχειν
769 1181 912 1260 ἔχων
960 1181 1136 1241 οὐδὲν.
1171 1184 1319 1240 Ἐπεί
1343 1185 1429 1240 τοί
1459 1207 1523 1262 γε
1552 1186 1598 1242 εἰ
1629 1184 1917 1266 adﬁcta

273 1275 501 1348 ζητείτω
541 1271 696 1345 δόξαν
744 1273 844 1343 τὴν
898 1270 1078 1343 ἀληθῆ
1129 1292 1188 1328 τε
1231 1273 1322 1328 καὶ
1380 1273 1666 1348 μένουσαν,
1715 1276 1790 1348 μή
1822 1276 1922 1344 τὴν

270 1362 612 1440 ψευδομένην
660 1361 750 1417 καὶ
798 1360 1206 1438 παραῤῥὲουσαν
1233 1405 1248 1433 ,
1298 1363 1604 1440 ἀνθρώποις
1649 1363 1919 1440 προσκεί-

277 1475 459 1529 μενος,
522 1449 614 1508 καῖ
689 1455 824 1507 Θεοῦ
889 1449 1246 1529 ἀφιστάμενος
1280 1495 1293 1508 .
1350 1453 1408 1506 Ὀ
1457 1453 1559 1529 γὰρ
1618 1454 1924 1530 ἀνθρώποις

274 1539 520 1599 σπεύδων
597 1540 840 1618 ἀρέσκειν
911 1539 1011 1595 οὐκ
1067 1537 1178 1594 ἔστι
1242 1537 1441 1603 δοῦλος
1499 1545 1732 1616 Χριστοῦ
1765 1587 1779 1613 ,
1833 1540 1924 1596 καὶ

277 1632 357 1695 οἷς
411 1632 608 1693 πάντες
683 1630 955 1706 ἅνθρωποι
1032 1625 1250 1705 λέγουσι
1327 1627 1509 1692 καλῶς
1559 1675 1572 1702 ,
1623 1627 1839 1692 τούτοις
1897 1630 1926 1684 ὁ

277 1720 488 1792 ἀληθὴς
536 1717 701 1794 λόγος
747 1717 1060 1792 ἀποκληροῖ
1103 1718 1185 1788 τὸ,
1237 1716 1376 1772 οὐαί.
1411 1716 1514 1772 Κᾶν
1551 1718 1658 1794 οὐχ
1704 1719 1755 1772 οἱ
1787 1715 1926 1772 πολ-

280 1809 368 1866 λοὶ
397 1816 497 1879 τῆς
528 1806 652 1878 ἴσης
700 1807 928 1882 γνώμης
977 1808 1135 1879 ἡμῖν,
1167 1803 1315 1861 ἀλλὰ
1368 1808 1497 1878 μήτ’
1543 1805 1593 1862 ἐν
1635 1826 1931 1882 πονηρευο-

289 1897 472 1972 μὲνοις
530 1893 878 1972 παραζηλοῦν
960 1891 1372 1967 διδασκόμεθα,
1435 1897 1575 1968 μήτε
1645 1895 1772 1957 τοὺς
1825 1896 1925 1964 τὴν

281 1985 508 2060 ἀνομίαν
559 1988 848 2046 ποιοῦντας
896 1981 1122 2053 ζηλοῦν.
1171 1983 1278 2038 Κᾶν
1329 1983 1478 2038 οὗτοι
1527 1985 1754 2059 πατέρες
1802 1983 1928 2053 εἶεν,

278 2075 490 2154 ἀφιέναι
565 2080 845 2150 προσῆκον
905 2071 1100 2135 αὐτοὺς
1129 2116 1144 2143 ,
1207 2071 1296 2128 καὶ
1365 2072 1683 2129 ἀκολουθεῖν
1756 2072 1930 2128 ὀπίσω

284 2167 538 2241 Χριστοῦ,
597 2167 706 2218 τῶν
766 2161 938 2238 ἰχνῶν
993 2161 1158 2217 αὐτοῦ
1218 2158 1540 2238 δεδράχθαι,
1601 2167 1708 2218 τῶν
1767 2161 1932 2217 αὐτοῦ

286 2250 663 2327 δικαιωμάτων
718 2251 993 2327 ἐξὲχεσθαι
1027 2292 1040 2306 .
1091 2251 1182 2319 Μὴ
1233 2249 1405 2313 οὕτως
1450 2252 1553 2328 γάρ
1611 2273 1694 2315 τις
1734 2255 1933 2319 ποιῶν,

289 2340 430 2415 ἄξιος
490 2342 588 2398 οὐκ
638 2337 750 2397 ἔστι
799 2343 1055 2416 Χριστοῦ.
1088 2345 1214 2403 Τοῖς
1259 2338 1532 2403 τοιούτοις
1591 2339 1933 2415 ἐπειγόμενοι

291 2430 603 2509 λογισμοῖς,
657 2429 1033 2504 ἀπελαύνομεν
1104 2428 1409 2504 παραυτίκα
1457 2433 1566 2484 τῶν
1631 2429 1788 2494 θείων
1841 2451 1938 2500 ση-

291 2525 396 2576 κῶν
452 2521 552 2589 τὴν
603 2518 839 2590 ἀνόσιον,
888 2515 1012 2575 οὕτε
1054 2519 1146 2574 τὸν
1199 2520 1350 2595 ἅγιον
1396 2515 1555 2595 ἄρτον
1613 2522 1682 2593 τῇ
1732 2515 1940 2574 ἀναιδεῖ

290 2610 379 2665 καὶ
437 2607 724 2686 ἀκαθάρτῳ
780 2605 965 2663 δοῦναι
1021 2605 1425 2682 τολμήσαντες,
1484 2604 1608 2662 οὕτε
1670 2609 1776 2680 μὴν
1837 2603 1940 2681 ἔμ-

293 2700 520 2774 προσθεν
567 2704 672 2768 τῆς
719 2693 1158 2771 καλινδουμένης
1203 2701 1284 2770 τῷ
1329 2703 1430 2766 τῆς
1501 2695 1757 2773 μοιχείας
1811 2697 1939 2773 βορ-

2021 566 2251 622 nescia!
2287 568 2792 632 Quemadmodum
2827 568 2984 624 enim
3019 587 3257 642 quoquo
3291 573 3462 628 modo
3494 572 3674 629 delin-

2021 671 2227 726 quens,
2261 657 2493 728 optione
2524 656 2608 712 illi
2662 657 3036 729 punitionum
3087 660 3409 732 proposita,
3444 661 3490 716 si
3522 678 3669 734 prae-

2023 744 2288 800 sentibus
2318 745 2870 817 levissimis,paucis
2902 763 3112 818 nempe
3142 747 3349 821 alapis,
3370 749 3674 806 molestius

2021 831 2080 886 in
2138 833 2405 888 futurum
2462 839 2696 905 tempus
2755 835 3090 906 aerumnari,
3124 837 3464 905 excruciari,
3509 839 3672 894 dear-

2023 921 2297 992 tuarique
2328 927 2677 994 peroptaret,
2704 924 2839 992 jure
2872 923 3102 979 meritio
3146 923 3673 998 insipientissimus

2027 1026 2094 1066 ac
2151 1011 2634 1066 dementissimus
2693 1011 3054 1080 haberetur;
3106 1014 3230 1084 pari
3285 1015 3527 1083 ratione,
3573 1015 3675 1086 qui

2029 1100 2416 1170 prasentibus
2466 1100 2654 1167 noxis,
2682 1104 2944 1172 tempore
2996 1091 3396 1158 retributionis
3446 1105 3675 1160 futuras

2029 1188 2454 1255 calamnitates,
2489 1206 2654 1255 cum,
2683 1189 3155 1262 uniuscujusque
3196 1209 3345 1263 opus
3377 1192 3548 1264 quale
3579 1193 3677 1264 sit,

2030 1277 2185 1349 ignis
2234 1277 2526 1348 probabit,
2578 1278 2894 1350 praeferret,
2944 1281 3392 1338 amentissimus
3421 1299 3586 1353 aeque
3615 1299 3682 1338 ac

2031 1365 2401 1421 miserrimus
2431 1366 2882 1434 existimaretur,
2900 1371 2957 1422 et
2987 1368 3088 1440 qui
3115 1369 3422 1424 hominum
3448 1371 3684 1428 fraudes

2032 1453 2220 1528 gloria
2249 1454 2445 1509 divina
2475 1454 2729 1510 cariores
2759 1455 2999 1512 haberet
3031 1473 3043 1511 :
3097 1457 3194 1513 hic
3224 1459 3520 1530 siquidem
3550 1476 3683 1517 vere

2034 1542 2221 1599 oculis
2252 1548 2458 1616 captus
2491 1547 2600 1610 est,
2635 1548 2699 1599 ut
2729 1544 2852 1615 qui,
2888 1561 3021 1600 cum
3051 1547 3324 1602 umbram
3356 1549 3682 1620 apprehen-

2035 1631 2205 1698 derit,
2258 1636 2359 1686 aut
2408 1631 2572 1688 navis
2619 1633 2678 1687 in
2731 1633 2903 1705 aquis
2951 1635 3287 1706 vestigium,
3339 1635 3563 1709 aliquid
3622 1655 3686 1694 se

2037 1721 2337 1794 possidere
2367 1721 2660 1793 opinatur,
2695 1738 2828 1777 cum
2862 1723 3009 1778 nihil
3039 1724 3359 1796 possideat.
3408 1727 3682 1791 Quando-

2037 1809 2275 1881 quidem
2333 1809 2383 1865 si
2440 1809 2634 1881 gloriaa
2682 1828 2889 1867 amans
2937 1818 3046 1881 est,
3081 1812 3323 1884 gloriam
3371 1831 3563 1871 verum
3618 1833 3684 1872 ac

2039 1903 2501 1971 permanentem,
2536 1915 2650 1954 non
2683 1899 3068 1970 decipientem
3116 1919 3182 1957 ac
3232 1903 3470 1970 ﬂuxam,
3499 1905 3688 1960 homi-

2039 1987 2216 2043 nibus
2249 1987 2572 2054 adhaarens,
2601 1992 2658 2043 et
2687 2005 2721 2044 a
2746 1988 2861 2044 Deo
2892 1991 3190 2062 recedens,
3223 1992 3547 2064 conquirat.
3581 1994 3690 2057 Qui

2041 2076 2198 2132 enim
2262 2075 2320 2131 id
2391 2077 2607 2144 studet,
2660 2081 2728 2132 ut
2784 2077 3126 2134 hominibus
3185 2079 3431 2151 placeat,
3492 2099 3694 2138 servus

2042 2165 2258 2222 Christi
2314 2181 2430 2221 non
2487 2170 2610 2233 est;
2666 2170 2724 2220 et
2770 2167 2842 2222 de
2893 2167 3110 2238 quibus
3160 2185 3363 2226 omnes
3420 2170 3690 2228 homines

2043 2259 2200 2309 recta
2227 2254 2558 2323 enuntiant,
2600 2253 2716 2310 illis
2747 2271 2918 2311 verus
2967 2273 3158 2311 sermo
3198 2275 3297 2327 vae,
3332 2258 3690 2331 impertitur.

2044 2346 2110 2398 Et
2139 2342 2274 2398 licet
2307 2343 2628 2398 multorum
2667 2359 2784 2398 non
2818 2344 3021 2399 eadem
3070 2349 3162 2400 est
3207 2363 3273 2402 ac
3321 2348 3506 2403 nostri
3553 2364 3693 2403 sen-

2045 2430 2249 2502 tentia,
2309 2436 2714 2488 verumtamen
2789 2449 2979 2504 neque
3056 2434 3344 2492 malitiose
3419 2437 3696 2494 iacientes

2049 2519 2310 2577 aemulari
2332 2521 2612 2576 docemur
2641 2537 2830 2593 neque
2878 2522 3097 2578 imitari
3132 2529 3438 2596 operantes
3476 2526 3693 2598 iniqui-

2052 2614 2255 2666 tatem.
2316 2609 2386 2664 Et
2441 2609 2491 2664 si
2557 2609 2616 2664 hi
2670 2610 2868 2666 Patres
2920 2617 3079 2683 sunt,
3141 2613 3476 2686 negligendi
3538 2620 3699 2685 sunt,

2052 2698 2486 2770 sectandusque
2531 2703 2622 2754 est
2659 2699 2960 2771 Christus,
3009 2700 3169 2758 illius
3213 2703 3475 2776 vestigiis
3518 2703 3698 2760 inhae-

293 2782 442 2865 ϐόρῳ
471 2785 605 2850 τοὺς
637 2783 926 2863 λαμπροὺς
977 2785 1162 2863 βαλεῖν
1190 2786 1280 2842 καὶ
1323 2783 1701 2862 μαργαρώδεις
1741 2783 1942 2862 λόγους

2053 2787 2326 2856 rendum,
2343 2791 2402 2842 et
2416 2803 2484 2842 ex
2503 2785 2664 2842 illius
2677 2788 3203 2858 justiﬁcationibus
3226 2792 3700 2864 dependendum.

289 2884 391 2948 τῆς
443 2877 592 2954 ἱερᾶς
638 2874 885 2945 τελετῆς.
937 2875 1089 2932 Ὅθεν
1140 2873 1194 2930 ἐν
1239 2875 1425 2951 Κυρίῳ
1472 2878 1838 2950 καρτεροῦμεν
1879 2875 1946 2930 τὰ

2054 2877 2319 2947 Namque
2350 2875 2450 2946 qui
2481 2892 2596 2930 non
2629 2881 2908 2948 operatur
2934 2877 3044 2934 hoc
3075 2880 3268 2950 modo,
3302 2881 3518 2953 dignus
3547 2882 3706 2936 Chri-

292 2964 658 3042 ἐπερχόμενα.
2057 2970 2147 3020 sto
2173 2981 2289 3020 non
2317 2968 2424 3019 est.
2449 2963 2550 3018 His
2578 2963 2707 3019 freti
2729 2965 3198 3038 cogitationibus,
3225 2968 3423 3024 statim
3457 2986 3488 3025 e
3518 2969 3703 3026 sacris

287 3057 514 3114 aedibus
567 3055 813 3128 impiam
871 3054 1166 3128 pellimus,
1221 3071 1413 3127 neque
1440 3057 1710 3111 sanctum
1737 3070 1951 3125 panem
2004 3052 2406 3109 inverecundis
2438 3055 2613 3123 atque
2642 3051 2960 3108 immundae
2993 3056 3264 3112 exhibere
3293 3057 3420 3113 ausi
3467 3075 3700 3127 sumus,

289 3163 482 3219 neque
514 3148 652 3201 ante
687 3143 1050 3201 volutantem
1081 3160 1210 3200 sese
1258 3143 1536 3200 continuo
1583 3143 1644 3198 in
1696 3159 1860 3199 coeno
1905 3160 1972 3200 ac
2019 3141 2291 3199 adulterii
2335 3141 2630 3209 sordibus,
2664 3141 2973 3213 splendida
3017 3148 3074 3198 et
3121 3145 3306 3201 instar
3357 3147 3708 3220 margarita-

288 3253 419 3292 rum
446 3234 705 3292 candida
733 3233 1091 3291 sacrosancti
1117 3233 1386 3291 sacriﬁcii
1419 3233 1594 3289 verba
1643 3231 1892 3289 mittere.
1946 3233 2135 3297 Quare
2174 3230 2234 3286 in
2280 3229 2548 3300 Domino,
2581 3246 2707 3302 quae
2755 3232 2928 3290 nobis
2969 3234 3304 3314 inferuntur
3349 3236 3704 3308 danturque,

290 3325 680 3382 sustinemus.

647 3681 912 3843 DE
1021 3677 2130 3848 NICEPHORI
2247 3681 3365 3846 BLEMMID/E

1416 3957 2000 4045 ORATIONE
2078 3957 2607 4047 POLITICA

705 4153 1491 4278 EDITORIS
1582 4153 2260 4277 ROMANI
2348 4138 3301 4282 MONlTUMW.

373 4511 640 4592 Scriptis
691 4509 981 4592 politicis,
1012 4527 1157 4592 quas
1184 4509 1258 4592 in
1305 4507 1621 4592 hocﬂmeo
1678 4510 1998 4571 volumine
2056 4509 2254 4592 multa
2308 4516 2472 4592 sunt,
2518 4509 2750 4592 bonam
2810 4511 3174 4592 mantissam
3231 4511 3385 4571 mihi
3441 4519 3720 4574 attexere

292 4589 539 4667 videor,
566 4589 810 4654 edendo
832 4590 1163 4671 Nicephori
1190 4589 1556 4671 Blemmidae
1585 4591 1663 4651 de
1691 4599 1824 4651 arte
1852 4591 2159 4670 regnandi
2188 4589 2502 4671 luculento
2522 4589 2753 4671 libello,
2779 4609 2963 4669 quem
2989 4590 3292 4650 hactenus
3321 4592 3720 4671 invulgatum

295 4681 432 4733 tum
463 4671 772 4735 Vaticana
801 4670 1184 4751 bibliotheca
1210 4676 1346 4751 tum
1377 4670 1518 4730 alia
1549 4672 1737 4731 etiam
1767 4671 2086 4730 nonnulla:
2116 4670 2533 4749 possidebant.
2567 4670 2700 4751 Quo
2731 4689 2920 4751 super
2951 4671 3177 4749 scripto
3223 4672 3376 4731 illud
3411 4673 3470 4732 in
3503 4670 3721 4751 primis

296 4751 735 4813 adnotandum
766 4758 878 4822 est,
915 4750 1145 4829 duplex
1165 4750 1299 4828 ejus
1331 4768 1462 4809 esse
1481 4751 1819 4828 exemplar,
1846 4752 2111 4811 alterum
2143 4767 2371 4827 purum
2401 4757 2464 4809 et
2492 4749 2819 4828 originale,
2846 4751 3030 4827 quale
3059 4751 3291 4811 scilicet
3321 4771 3354 4812 e
3384 4749 3718 4830 Nicephori

295 4833 558 4910 ingenio
586 4848 903 4910 manuque
934 4830 1205 4908 prodiit;
1237 4830 1504 4890 alterum
1528 4832 1910 4909 metaphrasi
1930 4832 2010 4892 ad
2031 4831 2375 4908 planiorem
2397 4830 2812 4890 elocutionem
2839 4830 3242 4904 translatum;
3268 4851 3456 4909 quam
3488 4833 3718 4894 diserte

298 4931 410 4972 nos
436 4914 621 4974 docet
651 4910 1142 4995 Vindobouensis
1171 4911 1365 4970 codex
1395 4912 1561 4989 apud
1594 4911 1957 4971 Lambecius

2042 4911 2118 4969 ul.
2151 4928 2293 4969 nov.
2327 4917 2481 4969 tom.
2517 4912 2646 4980 νη,
2684 4930 2745 4987 p.
2780 4912 2889 4971 481
2934 4929 2948 4968 ε
3008 4921 3112 4970 Τοῦ
3172 4918 3488 4995 σοφωτάτου
3549 4938 3716 4993 κυρου

300 4997 626 5077 Νικηφόρου
680 5001 778 5077 τοῦ
838 4993 1156 5077 Βλεμμίδου
1216 4995 1378 5077 λόγος
1421 4995 1546 5069 περὶ
1611 4995 1908 5077 βασιλείας,
1972 4995 2388 5077 μεταφρασθεὶς,
2419 4996 2553 5069 πρὸς
2608 4995 2672 5077 to
2718 4995 3042 5077 σαφέστερον
3092 4993 3377 5070 παράτοῦ
3427 4995 3724 5053 σακελλίου

296 5085 397 5148 τῆς
437 5073 705 5154 Μεγάλης
754 5073 1082 5147 Ἐκκλησίας
1132 5073 1384 5130 διακόνου
1430 5079 1598 5151 κυροῦ
1663 5075 1936 5154 Γεωργίου
1993 5073 2499 5154 τοῦ-Γαλησιώτου
2524 5118 2537 5144 ,
2566 5074 2697 5154 ,καί
2727 5079 2822 5129 τοῦ
2870 5075 3188 5154 Οἷναιώτου-
3224 5081 3390 5154 κυροῦ
3428 5077 3725 5154 Γεωργίου,

295 5147 406 5216 τῶν
486 5147 864 5236 λογιωτάτων,
913 5157 1124 5236 ἀνδρῶν
1349 5147 1957 5236 ῥητόρωνῙΔΝίέερζι-ος

2039 5147 2384 5236 Βίεηιηιίᾰω
2412 5149 2605 5236 oratio
2648 5147 2724 5236 de
2767 5149 3086 5236 regno,__ad
3129 5147 3447 5236 clariorem
3497 5147 3725 5232 st'y'lum

301 5229 603 5296 translata
632 5252 671 5294 a
698 5233 936 5294 domino
967 5229 1221 5312 Georgio
1255 5229 1552 5294 Galesz'ol‘a
1582 5229 2145 5312 Magna’Ect-lesiaa
2181 5229 2419 5312 (idiest
2474 5229 3189 5312 Constantinopolitanae)
3251 5229 3518 5302 diacono,
3560 5229 3632 5296 wet
3687 5249 3726 5292 a

299 5313 538 5375 domino
558 5311 814 5395 Georgio
847 5308 1324 5395 (Enzotdmin's
1347 5308 1790 5395 sapientissimis
1818 5321 1870 5373 et
1898 5308 2246 5395 rhetoribus.
2270 5311 2436 5386 Ergo
2451 5311 2659 5395 codex
2688 5308 3185 5395 Yindobouensis
3211 5313 3725 5395 transformatam

300 5395 495 5456 habet
523 5412 650 5455 non
679 5390 1142 5474 primigeniam,
1175 5390 1560 5474 orationem;
1614 5393 1796 5474 sicuti
1844 5393 2047 5474 etiam
2089 5391 2285 5474 codex
2333 5390 2541 5468 regius
2587 5390 2936 5474 Parisiacus
2966 5409 3004 5451 a
3032 5391 3267 5474 Qangio
3299 5392 3616 5474 laudatus,
3649 5397 3722 5453 ut

301 5492 414 5536 nos
441 5475 607 5535 infra
638 5470 918 5535 dicemus
945 5474 1011 5534 in
1052 5473 1302 5534 scholiis
1357 5473 1436 5532 ad
1491 5472 1834 5551 capitulum
1893 5471 2192 5531 orationis
2249 5475 2562 5530 octavum.
2622 5470 2856 5530 Eadem
2914 5471 3112 5532 oratio
3170 5471 3277 5547 sic,
3311 5477 3383 5532 ut
3440 5471 3714 5536 diximus

383 5659 462 5736 (α)
489 5660 643 5734 Aug.
674 5657 810 5718 Maii
841 5657 1036 5736 Smpt.
1072 5661 1196 5719 Vat.
1223 5660 1369 5718 tom.
1400 5657 1474 5732 II,
1505 5674 1566 5734 p.
1591 5657 1720 5719 609.
