4154 6416
459 318 572 376 611
1716 312 2144 374 NICEPHORI
2187 311 2629 375 BLEMMIDE
3733 322 3837 382 612

458 448 907 527 transﬁgurata
936 446 1204 508 occurrit
1235 445 1425 527 etiam
1453 446 1520 506 in
1551 446 1794 505 duobus
1820 446 2133 506 Vaticanus
2163 445 2559 527 bibliothecas
2578 447 2913 519 codicibus,
2933 465 3202 527 quorum
3232 448 3535 510 recentior
3560 450 3636 511 ab
3663 451 3837 514 altero

457 526 797 589 vetustiOre
849 528 1195 604 descriptus
1251 535 1364 598 est,
1396 526 1562 585 bona
1611 528 1867 604 quidem
1926 526 2352 605 calligraphia,
2388 528 2495 586 sed
2529 528 2693 588 mala
2722 529 3043 589 interdum
3077 530 3437 590 Graecurum
3467 548 3727 592 nexuum
3751 533 3837 594 in-

454 610 830 687 telligentia,
851 616 921 667 ut
949 608 1290 667 identidem
1324 606 1645 665 conferens
1676 626 1791 683 ego
1825 608 2074 682 agnovi.

541 685 878 767 Reliquum
922 706 1074 766 ergo
1131 695 1286 759 erat,
1322 694 1390 745 ut
1447 687 1773 768 Nicephori
1820 687 2200 768 primigenia
2282 685 2412 759 illa,
2473 693 2614 747 aute
2673 689 3085 765 Genrgiorum
3159 688 3602 768 metaphrasin,
3661 693 3836 753 oratio

454 772 874 850 vestigaretur
908 788 923 839 ;
986 785 1177 850 quam
1198 768 1380 850 item,
1414 767 1526 825 etsi
1559 768 1676 850 line
1708 767 2155 850 multatam,in
2187 785 2309 826 uno
2338 768 2642 850 Vaticano
2688 769 2917 828 codice.
2950 769 3234 850 feliciter
3260 767 3489 830 offendi
3520 769 3599 850 (l)
3633 769 3836 833 lectam

458 862 695 920 autem,
727 849 917 927 paulo
946 848 1321 907 abstrusiore
1354 856 1540 924 atque
1571 848 1887 905 interdum
1924 848 2161 923 poetico
2190 865 2381 925 prope
2430 848 2591 925 stylo
2639 856 2922 908 constare
2969 848 3169 925 sensi;
3220 848 3308 909 ita
3353 857 3425 909 ut
3450 848 3605 910 bene
3635 852 3706 911 de
3732 851 3835 913 hoc

457 929 668 990 libello
699 930 908 989 meriti
940 930 1059 1009 sint
1090 927 1340 1004 Georgii
1368 927 1457 1009 illi
1489 928 1636 1009 duo,
1662 946 1702 1009 ia
1736 927 1959 1004 quibus
1991 927 2275 986 molliore
2301 929 2546 1009 syntaxi
2578 928 2905 1009 verbisque
2927 929 3459 1009 communioribus
3481 930 3835 1009 Nicephorus

454 1011 833 1071 convestitus
864 1017 977 1067 est.
1011 1008 1161 1079 Quae
1192 1024 1333 1066 cum
1363 1007 1451 1065 ita
1480 1026 1543 1066 se
1576 1007 1905 1078 haberent,
1938 1026 2053 1083 ego
2080 1025 2327 1085 quoque
2359 1008 2434 1066 de
2466 1007 2802 1067 lectoribus
2831 1010 2985 1068 meis
3014 1008 3174 1069 bene
3203 1027 3303 1069 me
3333 1010 3566 1070 credidi
3597 1007 3832 1071 meritu-

452 1109 618 1164 rum,
651 1090 702 1149 si
736 1090 899 1148 hanc
929 1092 1143 1168 potius
1164 1086 1610 1168 metaphrasim
1668 1105 1857 1165 quam
1915 1088 2285 1163 originalem
2342 1088 2541 1165 ipsum
2596 1088 3091 1148 lucubrationem
3150 1089 3212 1148 in
3258 1091 3542 1150 Latinam
3570 1091 3832 1168 linguam

455 1171 879 1242 transferrem,
930 1166 1005 1227 ac
1053 1167 1447 1247 politicorum
1493 1166 1825 1249 hominum
1877 1168 2352 1249 principumque
2403 1169 2831 1228 commoditati
2863 1169 3250 1229 exhiberem.
3287 1173 3376 1230 Ne
3407 1178 3613 1229 tamen
3645 1166 3832 1249 ipsum

451 1250 787 1329 Nicephori
844 1268 1071 1328 purum
1130 1249 1439 1329 scriptum;
1488 1248 1753 1329 ingratis
1809 1247 2082 1306 tenebris
2142 1265 2531 1329 premerem;
2593 1249 2650 1307 id
2713 1266 2962 1327 quoque
3021 1249 3072 1308 si
3146 1267 3268 1309 non
3344 1247 3831 1329 praemittendum

453 1327 858 1410 metaphrasi,
921 1337 1085 1388 certe
1141 1327 1584 1410 adjiciendum,
1617 1328 1679 1410 in
1740 1327 1878 1410 hac
1908 1345 2055 1410 mea
2113 1328 2384 1410 editione
2441 1329 2653 1403 putavi
2694 1348 2743 1410 7:7
2789 1331 3134 1410 praesertim
3195 1327 3362 1408 quia
3417 1348 3539 1391 non
3609 1347 3833 1408 semper

449 1407 906 1490 methaphrasis
935 1411 1138 1469 lucem
1186 1408 1482 1485 originali
1531 1407 1761 1485 scripto
1808 1408 2061 1479 adfert;
2122 1408 2226 1466 sed
2281 1408 2399 1467 hoc
2453 1410 2657 1487 potius
2687 1409 2861 1468 illam
2908 1407 3229 1469 illuminat
3257 1410 3596 1489 aliquando
3624 1418 3687 1471 et
3707 1407 3833 1470 cor-

446 1492 615 1552 riait.

504 1509 861 1648 gl‘litincephori
943 1568 1328 1641 Blemmidee,
1390 1569 1553 1626 inter
1627 1567 1964 1626 monachos
2037 1567 2341 1643 dignitate
2416 1568 2680 1641 abbatis,
2762 1569 2992 1647 scripta
3067 1569 3359 1646 plurima,
3438 1569 3834 1631 eruditionem

449 1653 882 1731 multiplicem,
940 1650 1236 1731 virtutem
1292 1668 1415 1731 non
1474 1648 1815 1731 vulgarem,
1862 1667 1951 1731 ex
2010 1648 2292 1731 historia
2331 1650 2479 1706 satis
2535 1650 2991 1731 cognoscimus.
3038 1652 3211 1709 1Etas
3266 1667 3515 1729 quoque
3568 1650 3834 1731 ejusdem

446 1727 728 1811 apprime
757 1739 1034 1803 constat;
1070 1730 1222 1787 vixit
1253 1729 1419 1787 enim
1452 1727 1568 1786 sub
1601 1728 1825 1811 Graecis
1847 1729 2194 1811 Cassio-ibus
2225 1728 2445 1811 Nicaeae
2476 1727 2884 1811 regnantibus
2906 1740 3157 1811 propter
3176 1727 3541 1811 Byzantium
3564 1727 3833 1790 aLatiuis

444 1808 854 1891 occupatum;
889 1811 1176 1891 circaque
1204 1827 1438 1867 annum
1472 1810 1638 1891 1255A
1659 1808 2323 1891 Gonstantiuopolatini
2357 1808 2813 1891 patriarchatus
2869 1810 3240 1891 dignitatem
3272 1829 3309 1891 a
3336 1810 3662 1872 Theodoro
3691 1813 3829 1870 Las-

444 1888 768 1970 care'imp.
803 1891 921 1950 sibi
952 1890 1221 1949 delatam
1254 1892 1585 1970 recusavit.
1613 1888 1750 1970 Jun:
1786 1908 1981 1965 neque
2009 1889 2503 1970 ‘metaphrastesi
2533 1889 2847 1970 Georgius
2890 1890 3197 1949 Galesiota
3254 1890 3332 1949 ab
3389 1891 3608 1951 eadem
3663 1896 3832 1950 aetate

444 1966 728 2032 multum
748 1972 919 2031 abest
951 1987 964 2028 :
999 1970 1118 2030 fuit
1147 1970 1198 2027 is
1229 1968 1393 2027 enim
1426 1968 1707 2046 Gregorii
1739 1970 1945 2045 Cyprii
1999 1966 2130 2047 (qui
2161 1986 2321 2027 anno
2362 1969 2516 2029 1289
2564 1968 3054 2046 patriarchatum
3101 1970 3830 2042 Gonstantinopolitanum

443 2049 780 2129 abdicavit)
812 2049 1136 2111 familiaris
1168 2048 1274 2129 (ἓ).
1306 2050 1587 2126 Denique
1622 2048 1805 2105 etiam
1843 2051 2201 2129 participem
2241 2049 2705 2127 metaphraseos
2754 2050 3051 2109 faciendae
3099 2051 3435 2128 Georgium
3465 2051 3827 2123 CEuaaotam,

442 2127 770 2211 aequalem
808 2131 1135 2193 Galesiotae
1182 2127 1379 2188 fuisse
1438 2135 1656 2207 patet;
1718 2147 2079 2205 quamquam
2131 2127 2299 2187 hune.
2351 2136 2735 2207 postremum
2791 2130 2952 2189 inter
3009 2127 3308 2209 Georgios
3363 2131 3627 2192 Albitius
3684 2130 3831 2190 obli-

438 2221 539 2274 tus
569 2221 682 2273 est.

520 2294 734 2354 Oratio
763 2292 897 2351 haec
926 2290 1221 2367 inscripta
1251 2289 1372 2348 fuit
1401 2307 1435 2346 a
1468 2287 1814 2366 Nicephoro
1847 2292 2139 2355 Βασιλικὸς
2171 2291 2421 2370 ῘΑνδριάς
2455 2288 2643 2367 Regia
2676 2288 2889 2349 Statua
2910 2307 2937 2364 ,'
2963 2289 3109 2368 quia
3130 2290 3421 2351 videlicet
3441 2291 3605 2369 regis
3628 2289 3833 2370 optimi

438 2374 779 2450 imaginem
810 2372 926 2431 sibi
958 2371 1253 2447 efﬁngere
1284 2374 1543 2450 conatus
1573 2380 1704 2450 est;
1740 2370 1933 2426 veluti
1982 2367 2395 2450 Polycliteum
2422 2370 2706 2450 _aliquod
2764 2367 3008 2445 signum
3066 2372 3239 2430 omni
3299 2379 3433 2432 arte
3491 2367 3830 2433 laboratum

440 2448 626 2533 atque
657 2452 1174 2533 pulcherrimum,
1212 2459 1279 2509 ut
1310 2450 1439 2533 ipse
1470 2449 1748 2533 loquitur
1779 2451 2005 2533 ωυτᾷ
2069 2452 2327 2533 Ιξιβδυθ
2375 2448 2516 2533 hinc
2565 2457 2735 2527 patet
2786 2456 3111 2533 quantum
3143 2451 3421 2512 conferat
3475 2453 3554 2533 ad
3600 2450 3833 2511 civilem

441 2528 900 2612 philosophiam
930 2532 1287 2612 Christiana
1312 2528 1817 2612 doctrinapquaa
1865 2529 1984 2612 nisi
2039 2529 2218 2612 adsit,
2282 2530 2482 2612 omnis
2537 2530 2995 2612 propemodum
3042 2529 3391 2612 disputatio
3433 2532 3833 2612 ppoliticorum

437 2608 642 2674 inanis
668 2608 799 2673 esse
832 2613 1077 2671 videtur
1105 2618 1167 2669 et.
1196 2609 1603 2669 infructuosa.
1641 2610 1994 2690 Ecceenim
2041 2608 2107 2667 in
2155 2626 2280 2667 uno
2332 2608 2673 2690 Christiani
2721 2609 3059 2688 Nicephori
3115 2608 3330 2671 libello
3389 2608 3530 2690 plus
3583 2612 3831 2672 fortasse

440 2695 724 2754 utilitatis
754 2701 844 2753 est
876 2710 1064 2771 quam
1096 2692 1159 2750 in
1192 2690 1406 2749 multis
1439 2698 1718 2771 veterum
1748 2687 2164 2771 ethnicorum.
2197 2690 2431 2748 Auctor
2477 2689 2540 2748 in
2588 2689 2791 2767 priore
2851 2691 3057 2769 operis
3117 2700 3292 2769 parte
3347 2687 3639 2770 capitalia
3688 2691 3830 2749 vitia

437 2774 834 2854 persequitur
864 2769 925 2832 et
958 2773 1217 2854 virtutes
1247 2770 1590 2854 cardinales
1620 2770 2017 2854 commendat
2052 2790 2063 2825 ε
2098 2769 2160 2827 in
2194 2776 2507 2854 postrema
2534 2788 2692 2854 vero
2733 2777 2907 2850 parte
2952 2770 3251 2854 pietatem
3299 2769 3599 2854 adversus
3645 2772 3832 2854 Deum

435 2849 497 2915 et
525 2849 1081 2916 ecclesiasticorum
1115 2851 1482 2928 dogmatum
1515 2850 2003 2925 observantiam,
2038 2849 2353 2929 praposita
2409 2850 2729 2929 praesentis
2790 2869 2862 2910 ac
2918 2850 3116 2910 multo
3173 2854 3371 2931 magis
3419 2853 3649 2913 futura:
3694 2851 3830 2910 vitai

432 2936 755 3007 beatitate,
785 2934 1150 3012 eloquenter
1178 2932 1418 2990 suadet.

508 3124 587 3194 (1)
621 3125 683 3179 In
709 3123 912 3179 eodem
936 3119 1131 3194 codice
1162 3118 1537 3194 praemittitur
1557 3116 1817 3194 orationi.
1838 3116 2082 3194 politiom
2194 3134 2375 3194 canus
2402 3117 2621 3194 auctari
2645 3135 2884 3192 suppar,
2908 3135 3117 3191 nempe
3139 3118 3295 3174 inter
3312 3135 3416 3175 xm
3447 3124 3505 3176 et
3533 3137 3630 3177 xrv
3666 3134 3832 3176 saecu-

508 3135 557 3194 (1
622 3135 683 3179 1n
709 3135 912 3179 eodem
936 3135 1131 3176 couice
1162 3135 1537 3191 prmmiimur
1557 3135 1802 3172 orationi
1877 3135 2082 3172 omicas
2194 3135 2375 3172 canus
2402 3135 2621 3173 aucrori

442 3195 545 3251 illa
570 3135 877 3266 i‘licephori
902 3190 1159 3266 epistola
1178 3193 1248 3245 de
1281 3190 1760 3266 alic_i_argu_mento
1783 3135 1871 3259 (iii)
1887 3194 1986 3266 est
2007 3190 2084 3266 _de
2195 3188 2624 3266 lumscriptus.

436 3267 644 3339 pellice
671 3259 918 3339 Jeannis
939 3259 1115 3339 Ducas
1147 3262 1352 3339 i_mp._a
1370 3260 1703 3339 lficepboro
1721 3259 1938 3339 templo
1969 3261 2084 3339 eje-
2208 3332 2232 3339 Α
2265 3259 2507 3339 (2)]ἱς1ὸ
2530 3261 2801 3339 A_llatiu_m
2822 3262 2893 3316 de
2905 3260 3185 3339 “Georgius,
3213 3278 3339 3333 cap.
3364 3262 3466 3333 51;
3492 3261 3829 3334 Lequinium

437 3331 551 3410 eta)
583 3353 759 3409 quam
794 3335 1028 3407 jamdiu
1077 3331 1336 3404 vulgavit
1381 3333 1489 3387 Leo
1536 3331 1784 3413 Allatius
1823 3331 1880 3385 in
1914 3333 2085 3456 o‘pere
2196 3332 2287 3387 0r.
2325 3332 2526 3387 Christ.
2559 3336 2702 3387 tom.
2738 3335 2781 3400 Ι,
2814 3349 2870 3405 p.
2902 3333 3027 3387 289.

439 3415 517 3456 Dn
535 3424 825 3456 nnmmm-
861 3424 916 3456 ῃ.
944 3406 1051 3456 717
1081 3421 1211 3456 suo.
1246 3405 1349 3456 Est
1375 3409 1568 3456 autem
1601 3403 1695 3456 hic
1724 3402 1903 3456 codex
1982 3406 2087 3456 ati-

434 3415 517 3466 De
534 3402 825 3476 consensu]
861 3424 916 3479 p.
944 3406 1051 3460 717
1081 3402 1211 3475 εᾳᾳῖ
1246 3405 1349 3459 Est
1375 3409 1568 3459 autem
1601 3402 1695 3458 hic
1724 3402 1903 3458 codex
1930 3402 2087 3457 Vati-

1580 3740 1828 3835 ΤΟΥ
1913 3739 2684 3838 ΣΟΦΩΤΑΤΟΥ

661 3933 2066 4113 ΝΙΚΗΦΟΡΟΥ
2200 3935 3604 4110 ΒΛΕΜΜΙΔΟΥ

2015 4183 2235 4233 ΛΟΓΟΣ

606 4334 1312 4468 ΟΠΟΙΟΝ
1422 4332 1702 4459 ΔΕΙ
1810 4329 2238 4457 ΕΙΝΑ

2018 4329 2304 4457 ΝΑΙ
2416 4331 2774 4459 TON
2895 4329 3658 4461 ΒΑΣΙΛΕΑ

1736 4608 2528 4733 SAPlENTISSIMI

952 4818 2064 4987 NICEPHORI
2173 4822 3287 4987 BLEMMID/E

1973 5072 2267 5134 ORATIO

588 5272 595 5277 ί
680 5226 1375 5375 QUALEM
1469 5223 2361 5348 OPORTEAT
2446 5225 2849 5349 ESSE
2937 5224 3560 5350 REGEM.

490 5527 544 5584 1.
576 5530 692 5585 Rex
737 5541 1032 5582 sermonm
1078 5528 1413 5598 sapientium
1461 5525 1677 5582 audiat.
1707 5555 1775 5565 -—
1823 5522 2064 5579 Vetusta

2240 5523 2320 5582 Α’.
2362 5521 2603 5588 Halano;
2645 5546 2729 5588 τις
2773 5525 2944 5599 νόμος
2994 5525 3327 5602 ἐπεκράτησε
3366 5527 3485 5585 τοῖς
3536 5520 3813 5596 πράγμασι

422 5616 696 5695 quedam
723 5613 817 5674 lex
856 5613 977 5674 vim
1028 5614 1305 5688 obtinuit,
1333 5613 1566 5695 publico
1610 5611 1883 5689 regimini
1926 5628 2062 5672 con-

2171 5616 2499 5690 συμφωνῶν,
2558 5611 2697 5671 ὥστε
2742 5614 2871 5683 τοὺς
2921 5612 3159 5679 δῠύλους
3208 5609 3414 5673 διδόναι
3459 5614 3543 5687 τῷ
3588 5603 3811 5695 βασιλεῖ.
