4154 6438
291 343 418 406 613

1459 342 1750 405 ORATIO
1794 341 1897 402 DE
1941 338 2172 403 REGIS
2218 341 2572 404 OFFICIIS.

3603 350 3722 410 6M

289 473 429 550 ὅπερ
489 475 741 550 προξενεῖ
787 471 1008 543 πολλὴν
1052 479 1171 537 τοῖς
1217 472 1490 537 τοιούτοις
1551 472 1775 536 δούλοις
1821 472 1957 550 ὠφέ-

2079 478 2379 540 sentanea,
2411 479 2477 529 ut
2524 473 2745 530 subditi
2777 475 3052 532 mortales
3082 476 3369 532 tributum
3402 479 3522 550 regi
3576 497 3721 552 pen-

291 561 470 619 λειαν·
535 561 710 625 οὕτως
767 563 872 638 γὰρ
943 562 1205 637 μέλλουσι
1268 562 1609 639 πληροῦσθαι
1674 563 1742 618 τά
1797 563 1954 637 πρέ-

291 672 484 707 πονταο
544 653 572 706 6
629 653 734 727 γὰρ
797 651 1172 724 ἐμπιστευθεὶς
1226 654 1326 722 τὴν
1379 657 1486 707 τῶν
1547 653 1755 708 πάντων
1818 649 1955 706 διοί-

292 762 478 812 κησιν,
530 739 729 803 ἐκεῖνος
782 738 898 816 ἔχει
946 743 1044 810 τὴν
1093 743 1466 816 προμήθειαν·
1525 739 1613 796 διὰ
1657 745 1818 796 τοῦτο
1867 740 1955 817 ἀφ’

297 829 490 886 ἐαυτοῦ
535 829 627 884 τὸν
684 827 909 904 βασιλέα
954 827 1122 903 μηδὲν
1176 828 1373 906 ἔχοντα
1420 827 1557 884 ἴδιον
1603 833 1700 903 (1),
1750 830 1956 905 πρέπον

296 917 438 975 ἐστὶν
489 917 550 974 ἐκ
592 921 700 974 τῶν
750 923 947 974 κοινῶν
1003 912 1324 992 λαμϐάνειν,
1375 919 1465 972 καὶ
1514 919 1669 973 κοινά
1724 919 1792 972 τὰ
1846 922 1954 972 τῶν

295 1007 442 1064 ὅλων
519 1011 696 1062 ποιεῖν
731 1025 744 1038 ⁸
807 1007 882 1069 ὡς
955 1005 1014 1062 ἃν
1095 1007 1331 1072 ἐντεῦθεν
1409 1007 1676 1081 οἷκονομῇ
1753 1005 1952 1068 πάντας

295 1095 552 1174 ἀσφαλῶς
607 1093 753 1172 ἔχειν
804 1097 871 1150 τὰ
923 1093 1054 1167 ἴδια,
1108 1101 1540 1172 συγκροτοῦντας
1582 1096 1671 1150 καὶ
1704 1090 1952 1168 συμϐοη-

293 1191 523 1249 θοῦντας
571 1183 869 1258 ἀλλήλοις,
930 1185 1019 1240 καὶ
1079 1183 1168 1240 διὰ
1223 1185 1424 1248 παντὸς
1481 1183 1949 1259 ἐπιμελουμένους

285 1273 383 1329 ’ίνα
449 1271 821 1352 φυλάττωνται
898 1271 1294 1350 ἀδιαχώριστοι
1327 1319 1340 1346 ,
1401 1272 1582 1347 ὥσπερ
1659 1273 1715 1328 ἓν
1791 1278 1952 1346 σῶμα

292 1358 442 1426 ὄντες
475 1381 488 1394 ⁸
553 1362 696 1418 οὕτω
754 1360 813 1418 δὲ
885 1362 975 1418 καὶ
1037 1366 1174 1432 ζῶον
1238 1363 1666 1440 ἀκαταμάχητον
1730 1359 1949 1417 δύναται

295 1451 426 1507 εἶναι
461 1497 475 1524 ,
537 1450 624 1506 ἐὰν
682 1451 857 1506 πάντα
910 1451 979 1506 τὰ
1054 1451 1247 1507 ἑαυτοῦ
1309 1449 1450 1525 μέλη
1509 1472 1596 1506 και
1658 1452 1794 1528 μέρη
1853 1451 1950 1513 τὰς

293 1541 496 1595 ἑαυτῶν
557 1538 824 1616 ἐνεργείας
881 1537 1170 1616 πληρῶσιν
1203 1559 1216 1572 ·
1278 1541 1306 1594 6
1363 1544 1492 1614 γοῦν
1550 1539 1804 1616 βασιλεὺς
1861 1562 1948 1595 κε-

293 1626 443 1706 φαλὴ
496 1629 587 1684 καὶ
637 1633 764 1691 νοῦς
815 1633 924 1683 τῶν
986 1627 1132 1684 ὅλων
1195 1628 1458 1705 ὑπάρχων
1492 1676 1507 1702 ,
1569 1625 1684 1705 ἔχει
1741 1627 1947 1684 δίκαιον

292 1711 595 1790 λαμϐάνειν
651 1717 758 1772 ἀπὸ
813 1718 1032 1772 πάντων
1088 1717 1434 1791 τελέσματα,
1497 1717 1572 1780 εἷς
1621 1720 1719 1787 τήν
1773 1719 1946 1773 αὐτῶν

290 1802 675 1882 κατοχὺρωσιν
736 1804 826 1861 καί
898 1804 1192 1885 ἀσφάλειαν
1232 1828 1243 1841 ·

292 1892 875 1971 πραγματευομένων,
931 1897 1023 1950 καὶ
1078 1893 1472 1971 κερδαινόντων
1533 1895 1757 1972 ἁρμόζει
1820 1895 1958 1970 λαμ-

294 1978 479 2038 ϐάνειν
533 1983 625 2037 τὸν
688 1981 914 2058 βασιλέα
974 1981 1212 2060 μερίδαο
1274 1983 1380 2038 ἀπὸ
1435 1981 1492 2038 δὲ
1545 1988 1652 2038 τῶν
1715 1983 1953 2060 ἐχόντων

294 2071 601 2147 λογιότητα
651 2071 743 2126 καὶ
796 2071 984 2148 σοφίαν
1037 2070 1290 2148 δέχεσθαι
1336 2073 1436 2142 τήν
1479 2069 1568 2127 διὰ
1614 2077 1722 2128 τῶν
1772 2072 1954 2150 λόγων

297 2160 568 2240 εὐφημίαν
629 2159 718 2216 καὶ
765 2161 895 2224 τοὺς
945 2160 1194 2223 ἐπαίνους
1228 2179 1240 2192 ⁸
1293 2159 1424 2236 ὅπερ
1477 2160 1589 2217 ἐστὶ
1640 2163 1953 2238 χρησιμώ-

298 2269 452 2324 τερον
511 2250 713 2312 παντὸς
770 2246 946 2305 ἄλλου
991 2247 1345 2324 τελέσματος,
1403 2249 1561 2306 τόσον
1620 2250 1702 2306 ὅτι
1760 2251 1849 2305 καὶ
1905 2251 1956 2305 οἱ

302 2336 462 2413 λόγοι
511 2341 618 2392 τῶν
674 2335 860 2392 ἄλλων
911 2342 1118 2413 τεχνῶν
1180 2338 1280 2395 εἶσι
1337 2341 1676 2416 τιμιώτεροι·
1741 2340 1785 2394 εἰ
1830 2345 1958 2416 γοῦν

305 2427 550 2480 ἀπάντων
610 2425 905 2502 ἀνθρώπων
975 2425 1313 2503 ὑψηλότερος
1364 2429 1392 2482 ὁ
1452 2427 1740 2503 βασιλεὺς,
1799 2431 1834 2500 ἡ
1900 2427 1958 2484 δὲ

304 2512 599 2593 φιλοσοφία
671 2519 780 2570 τῶν
854 2513 1042 2570 ἄλλων
1118 2520 1326 2592 τεχνῶν
1410 2519 1851 2594 χρησιμωτέρα,
1905 2518 1958 2573 τί

300 2602 444 2658 ἄλλο
477 2600 886 2681 ἁρμοδιώτερον
939 2603 1016 2668 εἷς
1070 2604 1300 2682 βασιλέα
1341 2610 1439 2661 τοῦ
1490 2603 1579 2660 διὰ
1622 2611 1728 2661 τῶν
1779 2607 1958 2683 λόγων

299 2690 519 2747 ἐπαίνου
553 2711 566 2762 ;
601 2691 789 2760 ἐπειδὴ
838 2693 907 2748 τά
959 2691 1168 2770 μεγάλα
1214 2699 1330 2757 τοῖς
1385 2692 1644 2771 μεγάλοις
1692 2695 1954 2770 ἁρμόζει,

295 2780 386 2835 καὶ
417 2782 486 2836 τά
516 2778 705 2852 ὑψηλά
749 2781 962 2837 πάντων
1010 2788 1130 2846 τοῖς
1181 2782 1439 2857 ὑψηλοῖς·
1491 2784 1672 2839 τοίνυν
1723 2787 1758 2854 ἡ
1805 2786 1955 2862 βασι-

300 2866 423 2924 λεία
485 2869 580 2942 μέν
643 2869 826 2925 εἰκόνα
877 2870 968 2925 καὶ
1018 2869 1284 2944 ὁμοίωσιν
1331 2868 1446 2949 ἔχει
1497 2877 1631 2928 Θεοῦ
1685 2876 1781 2948 (2),
1831 2877 1866 2944 ἡ
1900 2872 1957 2929 δὲ

301 2955 599 3038 φιλοσοφία
657 2958 840 3014 εἰκόνα
891 2966 991 3030 τῆς
1045 2964 1142 3016 τοῦ
1181 2965 1316 3016 Θεοῦ
1373 2961 1636 3038 προνοίας
1673 2981 1687 2996 ο
1740 2962 1878 3019 ὥστε
1918 2967 1953 3034 ἡ

309 3045 558 3122 βασιλεία
614 3049 649 3117 ἡ
701 3048 775 3121 μή
851 3049 1114 3124 ἀγαπῶσα
1167 3050 1266 3119 τήν
1342 3049 1530 3129 σοφίαν
1583 3051 1788 3125 μακράν
1845 3051 1954 3108 ἐστι

299 3139 398 3190 τοῦ
429 3139 586 3191 Θεοῦ·
622 3133 712 3192 διά
739 3141 900 3192 τοῦτο
949 3139 1215 3214 πρέπουσι
1265 3143 1344 3212 τῷ
1379 3137 1596 3216 βασιλεῖ
1638 3141 1691 3196 οἱ
1722 3141 1828 3196 ἀπὸ
1855 3144 1954 3212 τῆς

309 3224 501 3304 σοφίας
530 3225 728 3302 καρποί
736 3269 748 3282 .

383 3315 434 3368 B'
463 3359 476 3372 .
537 3313 869 3391 Ἀναγκαίως
943 3315 1122 3371 τοίνυν
1192 3315 1302 3372 ἐστὶ
1357 3323 1574 3394 πρῶτον
1644 3317 1812 3375 εἰπεῖν
1868 3321 1959 3376 τὸν

309 3400 436 3479 ὅρον
494 3405 593 3472 τῆς
639 3402 954 3479 βασιλείας·
1017 3402 1128 3460 ἔστι
1184 3403 1241 3461 δὲ
1289 3405 1422 3478 αὕτη
1477 3407 1612 3464 λαοῦ
1659 3409 1964 3486 στηριγμὸς

308 3491 726 3565 ἀμετακίνητος·
771 3491 870 3548 οὐκ
927 3493 979 3549 ἐν
1034 3494 1310 3570 ὑποκρίσει
1366 3495 1456 3551 καὶ
1515 3496 1694 3572 ἀπάτῃ
1753 3497 1963 3556 ἐναντία

306 3580 375 3636 τὰ
406 3578 534 3658 ἔργα
564 3577 901 3654 δεικνύουσα,
960 3582 1050 3638 καὶ
1109 3588 1189 3656 τῷ
1217 3582 1418 3658 ὑψηλῷ
1478 3585 1704 3660 ὀνόματι
1757 3586 1966 3644 ἀντιλέ-

308 3687 526 3744 γουσα·
583 3673 701 3732 πῶς
760 3667 818 3725 δέ
874 3668 1155 3747 ἑδραίωμα
1223 3673 1311 3727 καὶ
1368 3673 1619 3738 σύστασις
1682 3675 1873 3750 μέλλει
1934 3679 1962 3733 ὁ

313 3756 570 3834 βασιλεύς
647 3756 871 3820 δικαίως
930 3759 1351 3832 ὀνομάζεσθαι,
1406 3760 1493 3818 ἐὰν
1575 3763 1650 3826 είς
1729 3763 1962 3842 ἀλόγους

309 3846 600 3920 ἐπιθυμίας
691 3847 934 3922 ἐμπίπτῃ
1008 3849 1098 3903 καὶ
1186 3849 1390 3922 θυμοὺς
1468 3851 1788 3927 ἀσχήμονας
1872 3853 1962 3910 καὶ

309 3935 571 3998 ἀτάκτους
604 3955 618 4007 ;
653 3934 880 3992 Μᾶλλον
919 3938 1012 4010 μὲν
1071 3937 1163 3992 οῦν
1193 3945 1444 4014 ταραχῆς
1493 3939 1583 3994 καὶ
1617 3939 1962 4016 ἐμποδισμοῦ

309 4024 515 4100 γίνεται
587 4025 847 4102 πρόξενος
893 4072 907 4093 ,
967 4026 1040 4088 ὡς
1114 4024 1462 4104 παράδειγμα
1544 4034 1642 4084 τοῦ
1716 4031 1962 4101 ὑπηκόου

311 4112 448 4169 λαοῦ
481 4159 495 4185 ,
555 4112 996 4190 ἀναγκαζομένου
1067 4115 1154 4170 καὶ
1225 4113 1621 4185 σπουδάζοντος
1683 4121 1961 4192 μιμεῖσθαι

309 4200 470 4258 αὐτόν
502 4223 514 4236 ”
579 4201 718 4258 ὥστε
793 4202 1018 4278 ἁρμόζει
1091 4204 1184 4259 τὸν
1268 4203 1533 4280 βασιλέα,
1585 4205 1676 4261 τίνσι
1745 4213 1959 4281 πρῶτον

311 4290 503 4346 ἑαυτοῦ
585 4290 847 4367 βασιλεύῃ
905 4335 920 4362 ,
977 4293 1067 4347 καὶ
1147 4295 1280 4367 μετὰ
1353 4298 1519 4351 ταῦτα
1589 4297 1788 4359 παντὸς
1863 4303 1962 4354 τοῦ

310 4377 468 4438 λαοῦ.
528 4381 586 4434 Ὁ
641 4377 698 4435 δὲ
760 4381 837 4454 μή
900 4378 1188 4455 δυνάμενος
1247 4387 1374 4456 μιᾶς
1430 4382 1603 4448 οἰκίας
1658 4392 1762 4456 τῆς
1821 4385 1960 4451 ἰδίας

306 4470 601 4545 κατάρχειν
675 4473 793 4531 πῶς
872 4469 1095 4540 ἀληθῶς
1169 4470 1519 4549 αὐτοκράτωρ
1595 4472 1811 4530 πόλεων
1868 4475 1960 4531 καὶ

2069 564 2213 617 dant
2247 582 2259 618 :
2292 581 2418 634 qua:
2473 580 2564 617 res
2593 562 2864 634 ipsismet
2894 565 3146 620 subditis
3195 565 3437 622 multam
3488 569 3724 625 exhibet

2067 651 2405 707 utilitatem.
2438 652 2533 707 Sic
2580 651 2737 706 enim
2771 653 3026 708 ofﬁcium
3063 654 3313 726 quisque
3358 673 3531 712 suum
3563 675 3722 714 exse-

2067 740 2285 811 quitur.
2319 740 2464 794 Nam
2518 756 2633 810 rex,
2667 740 2757 794 cui
2800 741 2998 796 omnia
3049 743 3516 800 administranda
3563 763 3720 801 com-

2067 827 2250 883 missa
2272 828 2894 899 fuerunt,providendo
2921 829 3220 902 invigilat:
3254 833 3499 904 ideoque
3523 835 3718 907 ipsum

2065 916 2212 971 nihil
2269 917 2571 988 proprium
2623 917 2932 974 habentem
2966 919 3131 974 decet
3162 921 3232 976 de
3280 922 3513 993 publico
3567 924 3717 979 acci-

2063 1021 2218 1076 pere,
2266 1009 2324 1060 et
2373 1006 2807 1077 quodammodo
2857 1007 3122 1078 publicas
3173 1010 3401 1065 efﬁcere
3451 1012 3716 1068 omnium

2062 1092 2390 1149 facultates.
2427 1095 2520 1150 Sic
2571 1095 2729 1149 enim
2763 1095 2812 1148 is
2845 1097 3152 1167 curaverit,
3185 1103 3248 1152 ut
3297 1116 3418 1155 rem
3469 1101 3720 1174 quisque

2061 1198 2230 1237 suam
2263 1187 2388 1237 tuto
2441 1183 2758 1254 possideat,
2792 1184 2932 1238 dum
2967 1185 3215 1240 invicem
3265 1187 3531 1245 homines
3581 1208 3718 1247 con-

2062 1271 2288 1342 spirant
2337 1281 2389 1326 et
2447 1272 2747 1341 adjuvant,
2808 1273 3086 1344 omnique
3139 1292 3246 1346 ope
3324 1277 3595 1334 nituntur
3654 1285 3719 1337 ut

2061 1359 2236 1414 unius
2267 1361 2527 1431 corporis
2584 1361 2769 1416 instar
2815 1361 2969 1415 inter
2997 1379 3059 1417 se
3107 1363 3455 1420 cohaereant.
3491 1369 3716 1442 Quippe

2059 1448 2279 1504 animal
2328 1447 2664 1504 inviolabile
2711 1454 2821 1516 est,
2853 1452 3046 1521 quoad
3101 1453 3230 1522 ejus
3261 1456 3528 1511 membra
3577 1475 3711 1529 par-

2062 1542 2264 1609 tesque
2311 1537 2656 1592 muneribus
2688 1555 2931 1610 quaeque
2962 1539 3087 1596 suis
3127 1541 3548 1614 defunguntur.
3579 1547 3710 1604 Jam

2057 1642 2192 1681 vero
2242 1643 2360 1691 rex,
2395 1643 2529 1681 cum
2563 1627 2640 1682 sit
2669 1627 2935 1682 omnium
2971 1628 3183 1684 civium
3236 1637 3412 1703 caput
3442 1640 3496 1690 et
3525 1653 3714 1703 mens,

2059 1714 2282 1769 tributa
2313 1715 2385 1769 ab
2416 1715 2842 1784 omnibusjure
2872 1717 3199 1789 meritoque
3220 1723 3620 1792 capit,quil)us
3642 1728 3714 1782 ad

1308 1807 1412 1861 ἀπὸ
1499 1808 1594 1880 μὲν
1674 1807 1763 1861 οὗν
1841 1811 1948 1862 τῶν

2071 1804 2298 1858 eosdem
2349 1805 2732 1875 protegendos
2782 1807 3328 1879 conservandosque
3375 1817 3593 1868 utatur.
3627 1816 3714 1871 Ab

2067 1892 2140 1947 iis
2172 1892 2351 1962 igitur
2402 1892 2500 1962 qui
2535 1893 2909 1964 negotiantur
2939 1892 3237 1968 lucrisque
3283 1898 3425 1953 dant
3455 1918 3715 1973 operam,

2066 1997 2296 2052 aequum
2349 1986 2439 2036 est
2471 1996 2665 2052 regem
2717 1982 3032 2052 particulas
3064 1984 3322 2056 accipere
3356 2006 3368 2042 :
3403 1991 3475 2044 ab
3506 1990 3578 2048 iis
3609 2010 3716 2048 au-

2069 2074 2183 2124 tem
2237 2070 2336 2140 qui
2386 2069 2733 2141 sapientiam
2785 2070 3127 2144 litterasque
3176 2077 3541 2150 proﬁtentur,
3587 2098 3718 2137 ver-

2067 2159 2277 2214 borum
2324 2158 2512 2230 elogia
2559 2159 2895 2230 famamque
2944 2162 3159 2217 referre
3213 2180 3224 2218 :
3273 2167 3426 2236 quod
3477 2169 3715 2240 quidem

2065 2247 2422 2301 tributorum
2456 2247 2720 2302 omnium
2755 2248 3247 2318 pretiosissimum
3275 2258 3363 2309 est
3388 2273 3400 2323 ;
3427 2264 3718 2327 quatenus

2067 2335 2348 2390 nimirum
2383 2336 2587 2390 litterae
2628 2336 2871 2407 reliquis
2905 2337 3131 2394 artibus
3160 2347 3300 2396 sunt
3347 2348 3719 2415 praestantio-

2069 2441 2178 2480 res.
2213 2425 2398 2497 Igitur
2428 2424 2474 2478 si
2509 2424 2643 2480 aliis
2673 2425 3012 2483 hominibus
3041 2428 3249 2484 celsior
3279 2447 3378 2486 rex
3408 2437 3719 2506 est,philo-

2067 2513 2276 2585 sophia
2306 2518 2499 2569 autem
2525 2515 2747 2569 caeteris
2778 2515 3003 2570 artibus
3033 2517 3716 2593 excellentior,quidnam

2067 2603 2187 2673 regi
2237 2601 2677 2658 convenientius
2721 2607 2828 2670 est,
2881 2621 3058 2676 quam
3113 2604 3440 2664 litterarum
3495 2628 3718 2684 praeco-

2068 2689 2230 2744 nium
2255 2690 2282 2744 ?
2312 2689 2787 2761 quandoquidem
2840 2708 3054 2764 magna
3085 2710 3330 2767 magnos
3361 2697 3584 2767 decent,
3619 2719 3716 2758 su-

2067 2777 2273 2833 blimia
2306 2777 2607 2834 sublimes.
2643 2779 2909 2851 Regnum
2941 2781 3178 2852 quidem
3208 2783 3403 2857 imago
3449 2792 3719 2860 quaedam

2067 2868 2511 2940 similitudoque
2560 2868 2659 2923 Dei
2694 2874 2782 2924 est
2814 2887 2826 2924 :
2860 2870 3234 2943 philosophia
3276 2881 3472 2931 autem
3525 2880 3716 2950 provi-

2067 2957 2278 3012 dentiae
2328 2957 2535 3011 divinae
2585 2959 3062 3029 repraesentatio:
3110 2960 3190 3016 ita
3240 2967 3302 3016 ut
3350 2962 3558 3036 siquod
3609 2967 3716 3022 ali-

2067 3045 2301 3116 quando
2334 3044 2494 3117 regni
2530 3061 2717 3116 genus
2749 3063 2783 3101 a
2810 3047 3100 3119 sapientia
3130 3050 3426 3118 abhorret,
3458 3053 3514 3109 id
3546 3055 3718 3129 longe

2073 3151 2107 3188 a
2158 3135 2268 3188 Deo
2323 3133 2569 3189 recedat.
2613 3134 2796 3206 Igitur
2845 3137 2965 3208 regi
3014 3139 3368 3195 conveniunt
3417 3143 3716 3215 sapientiai

1993 3203 2035 3270 C
2074 3222 2319 3278 fructus.

2143 3311 2208 3366 ΙΙ.
2243 3312 2358 3366 Rex
2386 3313 2515 3368 vitet
2564 3311 2990 3384 impudicitiam.
3025 3347 3091 3356 —
3125 3316 3236 3372 Sed
3281 3318 3436 3374 enim
3469 3321 3609 3393 quid
3643 3324 3722 3380 sit

2072 3416 2318 3473 regnum
2350 3405 2483 3456 ante
2513 3401 2711 3457 omnia
2739 3402 3137 3459 deﬁniendum
3163 3410 3270 3461 est.
3302 3407 3566 3479 Regnum
3600 3427 3721 3468 ser-

2073 3506 2246 3545 mone
2300 3489 2494 3546 Graeco
2527 3489 2816 3563 signiﬁcat
2846 3493 3046 3564 populi
3088 3494 3298 3550 basim.
3332 3497 3432 3553 Est
3462 3513 3598 3570 ergo
3626 3517 3721 3557 res

2073 3582 2370 3644 constans,
2402 3596 2518 3635 non
2565 3595 2692 3650 quae
2724 3596 2827 3652 per
2866 3580 3200 3654 hypocrisin
3231 3588 3406 3656 atque
3453 3587 3720 3646 fraudem

2072 3666 2364 3724 contraria
2417 3685 2593 3740 opera
2642 3668 2930 3734 exhibeat,
2982 3673 3355 3744 nominisque
3401 3676 3722 3734 excelsitati

2072 3762 2376 3829 repugnet.
2411 3756 2527 3812 Cur
2555 3762 2750 3812 autem
2782 3757 2942 3813 basis
2979 3759 3532 3836 ﬁrmamentumque
3555 3766 3721 3838 juste

2074 3845 2400 3920 appelletur
2446 3863 2563 3917 rex,
2597 3846 2697 3918 qui
2748 3847 3022 3902 absurdis
3071 3849 3519 3921 cupiditatibus,
3549 3855 3725 3911 inho-

2072 3937 2256 3992 nestis
2303 3935 2525 3992 scilicet
2565 3934 3033 4008 inordinatisque
3083 3939 3264 3994 animi
3310 3942 3594 4014 motibus,
3627 3945 3726 4000 ob-

2074 4027 2282 4082 noxius
2331 4024 2607 4081 sit?Imo
2652 4042 2786 4081 vero
2836 4025 3096 4082 scandali
3147 4030 3725 4105 perturbationisque

2072 4115 2300 4171 occasio
2376 4113 2460 4181 ﬁt,
2521 4115 2998 4185 quandoquidem
3059 4114 3184 4187 ipse
3254 4119 3592 4190 pr0positus
3650 4122 3723 4177 ad

2071 4203 2401 4274 exemplum
2433 4203 2638 4272 θοι,ουί
2671 4220 2732 4259 se
2752 4204 3117 4259 conformare
3147 4207 3449 4277 subjectus
3470 4207 3724 4282 populus

2070 4293 2158 4348 vel
2201 4292 2420 4348 invitus
2472 4291 2558 4348 vel
2608 4297 2817 4364 sponte
2849 4293 3014 4349 solet.
3069 4299 3187 4350 Rex
3215 4313 3352 4368 ergo
3402 4303 3631 4370 oportet
3659 4314 3722 4355 se

2071 4383 2266 4454 ipsum
2299 4381 2577 4454 primum,
2611 4381 2819 4438 deinde
2849 4383 3133 4455 populum
3165 4384 3722 4460 universum,regat.

2069 4477 2201 4528 Jam
2233 4471 2332 4544 qui
2382 4486 2454 4525 ne
2484 4471 2583 4525 uni
2616 4470 2854 4542 quidem
2903 4473 3148 4545 propriae
3201 4475 3399 4530 domui
3431 4477 3724 4533 moderari

309 4553 456 4612 λαῶν
509 4557 866 4630 ὀνομάζεσθαι
920 4555 1126 4622 δίκαιος
1161 4579 1175 4630 ;
1209 4559 1273 4614 Ei
1331 4559 1388 4615 δὲ
1445 4561 1474 4615 ὑ
1528 4567 1778 4625 τοιοῦτος
1839 4563 1957 4620 λαί-

2071 4565 2280 4634 potest,
2313 4560 2606 4632 quomodo
2639 4560 2710 4627 is,
2731 4559 3365 4634 inquam,populorum
3397 4569 3456 4620 et
3485 4565 3723 4622 urbium

313 4666 520 4723 μαργος
579 4647 814 4724 ὑπάρχει
869 4648 958 4702 καὶ
1010 4645 1207 4710 δοῦλος
1261 4654 1370 4706 τῶν
1432 4650 1672 4726 αἶ’σχρῶν
1722 4651 1960 4726 ἡδονῶν,

310 4735 458 4806 ἄξιός
517 4734 628 4791 ἐστι
691 4739 959 4810 μισεῖσθαι
1018 4738 1109 4792 καὶ
1168 4737 1594 4817 ἀποστρέφεσθαι
1660 4744 1807 4818 παρά
1861 4750 1963 4812 τῆς

311 4824 616 4898 ὑπερτάτης
653 4832 821 4898 τιμῆς
865 4825 956 4879 καὶ
1005 4830 1101 4880 τοῦ
1153 4825 1321 4900 ὕψους
1369 4834 1470 4897 τῆς
1525 4828 1802 4904 βασιλείας
1829 4850 1840 4862 ·
1884 4831 1965 4893 τίς

307 4912 409 4989 γὰρ
462 4912 562 4968 οὐκ
616 4911 675 4967 ἃν
745 4912 1059 4990 αἰσχυνθείη
1108 4914 1197 4969 καὶ
1261 4915 1420 4989 μόνον
1488 4915 1807 4990 ἐνθυμηθεὶς
1867 4921 1963 4996 βα-

309 4999 529 5070 σιλικήν
580 5001 883 5075 σεμνότητα
929 5001 1004 5064 εἷς
1074 5002 1308 5080 αἰσχρὰς
1365 5004 1454 5059 καὶ
1513 5004 1770 5082 ἀπρεπεῖς
1827 5008 1962 5082 πρά-

308 5090 414 5160 ξεις
473 5088 869 5164 ἐμπίπτουσαν,
916 5091 1006 5146 καὶ
1054 5091 1335 5168 παρόμοια
1381 5092 1719 5170 πάσχουσαν,
1783 5094 1962 5173 ὥσπερ

303 5178 445 5242 τινὲς
503 5179 607 5235 ὑπὸ
647 5185 749 5249 τῆς
804 5179 1180 5254 μυθευομένης
1229 5185 1468 5257 μαγικῆς
1517 5183 1721 5260 Κίρκῆς
1754 5183 1964 5256 ἐκείνης

377 5341 453 5410 (1)
484 5340 578 5415 Sic
628 5341 888 5413 optimus
919 5341 1240 5415 imperator
1285 5345 1624 5402 Antoninus
1654 5346 1790 5403 Pius
1837 5348 1957 5404 aie-

307 5410 408 5487 bat
438 5429 468 5487 _:
522 5410 716 5487 Postea
771 5431 952 5487 quam
1001 5410 1071 5470 ad
1117 5417 1413 5487 imperium
1475 5420 1865 5486 transivimus,
1913 5423 1962 5476 et

307 5481 450 5537 illud
493 5484 645 5555 quod
688 5481 982 5541 habuimus
1023 5489 1170 5554 ante,
1197 5481 1593 5558 'perdz'dimus.
1652 5481 1960 5562 Capitolia.

311 5569 436 5617 cap.
471 5554 521 5610 4.
567 5555 783 5612 Contra
832 5557 1188 5614 irridebatur
1238 5559 1636 5617 Vesnasianus
1686 5561 1829 5617 imp.
1864 5563 1966 5617 aui

311 5569 436 5627 cap.
471 5569 521 5610 4.
567 5569 783 5612 uontra
832 5569 1188 5614 Irridebatur
1246 5569 1636 5630 Vespasianus
1686 5569 1829 5634 imp.
1864 5569 1966 5634 qui

309 5624 380 5684 de
431 5642 538 5684 suo
571 5627 874 5702 impensas
905 5629 1096 5690 facere
1130 5627 1451 5690 identidem
1481 5630 1809 5693 dictitabat.
1857 5635 1968 5694 Ea:-

2062 4653 2198 4722 jure
2229 4649 2556 4720 meritoque
2587 4649 2904 4720 imperator
2933 4649 3365 4722 appellabitur?
3397 4655 3558 4720 Quod
3590 4654 3638 4710 si
3669 4655 3721 4710 is

2073 4740 2278 4794 avidus
2353 4753 2673 4808 servusque
2748 4739 3008 4809 turpium
3069 4740 3437 4812 voluptatum
3493 4748 3602 4810 est,
3662 4743 3722 4798 in

2074 4828 2273 4884 odium
2306 4827 2605 4899 publicum
2638 4825 2846 4881 merito
2877 4827 3145 4894 incurrit,
3165 4835 3220 4884 et
3249 4831 3320 4885 de
3349 4848 3584 4888 summa
3615 4848 3727 4888 sua

2073 4917 2357 4990 dignitate
2431 4915 2729 4988 regalique
2805 4917 3036 4988 fastigio
3096 4917 3477 4989 periclitatur.
3539 4923 3722 4986 Quem

2073 5005 2230 5061 enim
2264 5003 2569 5077 paululum
2601 5005 2952 5076 cogitantem
3000 5022 3115 5061 non
3149 5008 3366 5077 pudeat
3396 5008 3724 5078 majestatis

2075 5096 2244 5168 regiae
2277 5094 2345 5150 ad
2378 5093 2684 5149 indecoros
2711 5093 3011 5164 faedosque
3042 5099 3210 5150 actus
3233 5111 3295 5150 se
3315 5095 3721 5167 deprimentis,

2073 5187 2345 5256 idemque
2392 5182 2688 5254 patientis,
2728 5189 2903 5254 atque
2951 5181 3035 5237 illi
3069 5183 3357 5251 homines,
3390 5201 3538 5256 quos
3588 5189 3728 5240 nota

2073 5349 2244 5418 cerpt.
2281 5346 2404 5418 Yat.
2438 5343 2654 5418 p.219.

2145 5413 2220 5490 (εὶ)
2279 5413 2655 5490 Lege—fetri
2725 5414 2986 5486 Magistri
3049 5414 3389 5490 fragmenta
3465 5416 3722 5490 politica,

2075 5485 2427 5635 lib."jv][a'p.
2481 5485 2700 5542 Maium
2749 5485 2908 5541 torno
2963 5485 3400 5562 eodem‘Sm‘pt.
3462 5485 3567 5544 Vat.
3632 5485 3722 5546 se;

2078 5579 2192 5618 cun
2239 5577 2271 5616 o
2305 5601 2316 5614 .
