4154 6422
437 312 555 372 615
1693 304 2054 368 NICEPHO]

2167 304 2598 369 BLEMMIDIE
3715 310 3822 373 616

438 442 498 498 in
531 440 745 498 fabulis
775 456 919 513 saga
944 438 1104 496 Circe
1131 438 1192 495 in
1224 453 1361 494 sues
1392 452 1685 508 canesque
1709 437 2054 493 transforma

2199 435 2277 498 εἰς
2334 435 2561 513 χοίρους
2634 436 2724 492 καὶ
2788 437 2950 500 κύνας
3010 433 3372 511 μετεϐάλοντο
3431 459 3445 509 ;
3495 443 3680 515 χοῖροι
3737 440 3822 513 μέν

440 531 589 587 bat?
618 531 688 585 Et
733 528 820 585 illi
850 528 1089 601 quidem
1120 544 1256 584 sues
1284 524 1472 582 effecti
1519 525 1779 593 fuerunt,
1812 526 1952 598 quia
1997 543 2054 581 vc

2196 523 2491 599 γινόμενοι,
2539 526 2615 588 ὡς
2662 524 2984 600 κυλιόμενοι
3036 526 3088 582 ὲν
3137 530 3218 599 τῷ
3268 521 3523 603 βορϐόρῳ
3557 530 3662 582 τῶν
3704 524 3824 597 ἡδο-

435 620 733 692 luptatum
764 618 824 673 in
877 634 1040 676 caeno
1071 633 1200 673 sese
1229 615 1570 672 volutabant
1600 633 1613 682 ;
1643 631 1814 669 canes
1865 622 2054 670 autem

2195 618 2296 666 νῶν
2329 633 2342 646 ·
2402 613 2552 676 κύνες
2612 611 2670 670 δὲ
2700 661 2716 688 ,
2773 616 2849 677 ὡς
2925 614 3236 679 λυσσῶντες
3311 614 3402 671 καὶ
3469 614 3826 689 ἐκμαινόμενοι

439 708 579 782 quia
608 706 765 763 rabie
795 707 1050 778 quadam
1082 710 1258 778 atque
1284 704 1517 761 insania
1546 703 1754 759 conciti
1787 703 1859 759 ad
1891 704 2054 774 impu

2195 703 2331 775 πρὸς
2388 702 2517 766 τοὺς
2576 703 2827 780 ἀσελγεῖς
2882 700 3109 781 ἔρωταςο
3166 709 3247 777 τῷ
3297 702 3357 760 δὲ
3416 702 3627 781 βασιλεῖ
3678 725 3824 760 κατα-

438 798 602 853 dicos
649 812 878 852 amores
910 795 1176 850 ruebant.
1210 797 1413 865 Itaque
1443 792 1562 864 regi
1610 792 1776 847 valde
1805 791 2054 846 idoneun

2194 788 2340 845 πολύ
2395 790 2532 847 ἐστιν
2592 792 2853 869 εὐπρεπὲς
2908 792 2971 848 τὸ
3024 794 3170 869 παρά
3216 797 3313 848 τοῦ
3365 794 3571 869 Ἑρμοῦ
3599 800 3694 864 τῆς
3739 797 3826 849 τοῦ

437 890 526 941 est
558 882 839 940 rationale
868 883 1150 955 sapientis
1193 881 1469 937 doctrinae
1501 897 1535 936 a
1565 880 1849 935 Mercurio
1884 881 2052 934 inven

2194 877 2360 955 λόγου
2445 880 2634 959 σοφίας
2714 882 2995 958 φάρμακον
3080 881 3303 956 λογικὸν
3340 926 3355 953 ,
3434 880 3823 955 ἐναντιούμενον

429 979 557 1030 tum
588 973 995 1045 pharmacum,
1031 971 1184 1043 quod
1220 970 1549 1043 petulantes
1581 968 1898 1039 voluptatis
1928 969 2047 1023 vire

2191 969 2327 1043 πρὸς
2382 970 2477 1031 τὰς
2535 967 2866 1032 ἀκολάστους
2927 968 3184 1043 δυνάμεις
3238 978 3337 1040 τῆς
3385 967 3609 1041 ἡδονῆς,
3659 969 3824 1046 ὥσπερ

426 1066 780 1134 compescat,
830 1066 1111 1132 tanquam
1163 1059 1264 1114 illa
1310 1059 1370 1113 in
1418 1057 1633 1113 fabulis
1686 1058 1868 1113 herba
1922 1057 2054 1112 dict:

2191 1055 2240 1109 ἐν
2296 1062 2373 1129 τῷ
2424 1058 2579 1131 μύθῳ
2631 1060 2829 1134 βοτάνη
2890 1081 2973 1122 τις
3026 1060 3294 1135 λεγομένη
3359 1058 3645 1133 μῶλυ
3695 1057 3826 1114 ἀλλά

424 1152 594 1223 moly.
628 1151 750 1205 lmo
799 1149 919 1221 regi
951 1166 1099 1221 opus
1128 1152 1218 1203 cst
1270 1146 1461 1219 gladio
1503 1147 1775 1218 ancipite,
1809 1146 1909 1216 qui
1963 1163 2076 1200 non

425 1240 555 1296 sine
586 1239 846 1311 sapiente
868 1237 1109 1293 consilio
1132 1237 1352 1291 bonum
1379 1234 1663 1291 deteriore
1685 1235 2075 1302 discriminet;

424 1329 509 1385 ita
538 1333 603 1384 ut
631 1327 905 1383 virtutem
935 1325 1049 1383 sibi
1087 1325 1343 1380 vindicet
1371 1328 1547 1395 atque
1578 1324 1832 1393 adserat,
1866 1324 2075 1378 vitium

424 1416 670 1490 repellat
714 1419 890 1488 atque
932 1414 1196 1486 castiget.
1245 1414 1340 1469 Sic
1388 1413 1543 1469 enim
1594 1418 1653 1468 et
1702 1413 1908 1484 Ulyxes
1957 1430 2073 1468 non

423 1507 615 1563 solum
670 1505 796 1577 ipse
844 1504 1036 1559 Circes
1091 1502 1531 1558 incantamenta
1596 1501 1818 1571 vitavit,
1870 1517 2074 1556 verum

426 1596 601 1652 etiam
651 1593 861 1665 socios,
892 1592 995 1665 qui
1041 1592 1102 1647 in
1145 1592 1204 1647 id
1236 1590 1459 1647 malum
1508 1591 1897 1659 incurrerant,
1929 1590 2073 1645 libe-

422 1686 592 1742 ravit.
644 1682 926 1740 Similiter
972 1682 1126 1755 regis
1172 1681 1429 1737 officium
1466 1684 1557 1735 est
1605 1696 1721 1735 non
1769 1679 1962 1735 solum
2008 1683 2074 1733 ut

418 1774 546 1847 ipse
574 1774 646 1829 ab
690 1772 967 1829 omnibus
1017 1771 1386 1842 voluptatum
1424 1768 1717 1824 illecebris
1765 1769 1912 1823 liber
1958 1769 2070 1823 im-

420 1862 737 1934 munisque
784 1861 881 1927 sit,
910 1876 1116 1916 verum
1157 1859 1333 1915 etiam
1385 1862 1449 1913 ut
1479 1856 1624 1912 alios
1672 1856 1941 1912 homines
1996 1858 2066 1912 ab

418 1952 511 2008 his
541 1950 809 2024 expediat
860 1954 988 2005 tum
1021 1947 1281 2004 oratione
1332 1964 1439 2002 sua
1468 1951 1594 2001 tum
1644 1945 1905 2016 exemplo
1941 1964 1952 2000 :
1989 1946 2070 2001 ita

416 2044 481 2096 ut
508 2040 691 2097 sacris
720 2038 957 2112 hymnis
988 2041 1268 2110 perpetuo
1298 2035 1575 2091 celebrari
1610 2052 1667 2090 sc
1702 2035 1917 2090 audiat.
1935 2038 2065 2090 Jam

414 2130 466 2185 si
504 2129 724 2185 cordati
774 2127 1209 2200 prudentesque
1258 2124 1530 2180 homines
1576 2140 1927 2195 magnopere
1958 2125 2064 2179 do—

414 2218 560 2287 lent,
612 2233 747 2273 cum
779 2234 813 2272 a
856 2232 990 2288 rege
1041 2214 1314 2271 subditus
1365 2213 1583 2285 aliquis
1630 2212 1689 2267 in
1730 2212 2065 2283 captivitate

418 2307 575 2380 apud
625 2306 824 2361 hostes
853 2305 1123 2359 detentus
1172 2301 1525 2375 negligitur;
1562 2304 1782 2372 quanto
1833 2300 2063 2357 tristius

415 2394 838 2466 molestiusque
865 2398 974 2461 est,
1006 2392 1054 2448 si
1088 2391 1232 2447 forte
1263 2407 1362 2447 rex
1390 2394 1594 2462 sponte
1624 2406 1734 2445 sua
1770 2389 2063 2461 pudendis

409 2482 812 2555 voluptatibus
862 2480 1060 2551 servit,
1109 2496 1290 2552 seque
1350 2479 1495 2535 risui
1544 2483 1723 2551 atque
1787 2478 2062 2535 conviciis

410 2573 803 2646 adpetendum
834 2569 1115 2627 exhibet?
1147 2569 1247 2642 qui
1277 2567 1509 2626 etiamsi
1540 2569 1599 2624 in
1630 2568 1890 2624 tenebris
1921 2567 2059 2624 faci-

410 2680 555 2719 nora
583 2679 693 2718 sua
721 2660 1015 2716 continere
1044 2663 1295 2732 satagat,
1327 2674 1501 2714 verax
1529 2663 1725 2713 tamen
1757 2656 2059 2713 conscien-

406 2752 499 2808 tias
529 2768 648 2808 suae
676 2748 1082 2805 testimonium
1113 2748 1366 2819 effugere
1405 2747 1628 2818 nequit,
1667 2746 1883 2818 Deique
1912 2764 2056 2818 prae-

405 2840 608 2896 sertim
656 2837 1080 2894 omnituentem
1110 2835 1366 2902 oculum,
1401 2835 1501 2908 qui
1542 2840 1775 2891 secretae
1823 2851 2058 2907 quoque

405 2926 795 3000 turpitudinis
821 2942 998 2998 opera
1026 2925 1158 2981 odio
1206 2925 1599 2996 prosequitur.
1635 2924 1846 2979 Praeter
1876 2940 2055 2995 quam

2190 1142 2256 1213 δὴ
2314 1146 2403 1201 καὶ
2464 1145 2723 1220 δίστομον
2782 1147 2932 1226 ξίφος
2991 1148 3052 1204 τὸ
3106 1148 3348 1224 χωρίζον
3427 1148 3562 1221 μετά
3615 1154 3824 1217 omni}:

2187 1235 2440 1308 γνώσεως
2495 1238 2558 1291 τὸ
2613 1236 2780 1293 καλὸν
2845 1237 2905 1292 ἐκ
2958 1241 3054 1291 τοῦ
3112 1237 3363 1314 χείρονος
3399 1256 3413 1271 ⁸
3470 1237 3563 1293 καὶ
3617 1237 3679 1292 τὸ
3736 1237 3822 1309 μὲν

2186 1321 2352 1378 καλὸν
2404 1325 2477 1386 ὡς
2524 1323 2804 1403 ὠφέλιμον
2855 1325 3150 1402 προκρίνον
3199 1325 3290 1381 καὶ
3339 1329 3623 1398 συνιστῶν,
3667 1324 3729 1381 τὸ
3773 1322 3826 1380 δὲ

2187 1410 2447 1479 ἐναντίον,
2499 1411 2807 1469 ἀποδιῶκόν
2848 1434 2907 1469 τε
2948 1411 3040 1469 καί
3087 1413 3439 1493 μεμφόμενον
3476 1432 3489 1445 ⁸
3545 1412 3686 1470 οὕτω
3729 1414 3825 1490 γὰρ

2183 1502 2272 1555 καὶ
2328 1499 2610 1564 Ὀδυσσεὺς
2663 1502 2724 1557 ού
2786 1502 2950 1576 μόνον
3007 1501 3227 1580 ἐξέφυγε
3280 1504 3378 1566 τὰς
3432 1502 3685 1579 γοητείας
3732 1508 3825 1572 τῆς

2184 1588 2390 1665 Κίρκης
2425 1636 2439 1662 ,
2498 1588 2645 1645 ἀλλά
2699 1591 2789 1646 καὶ
2844 1590 2971 1654 τοὺς
3035 1591 3300 1655 παθόντας
3355 1589 3696 1669 ἠλευθέρωτε
3747 1590 3826 1669 φί-

2184 1675 2332 1740 λους·
2392 1679 2482 1733 καὶ
2537 1680 2628 1734 τὸν
2692 1677 2917 1755 βασιλέα
2944 1681 3164 1753 πρέπει,
3205 1678 3299 1736 ’ίνα
3345 1680 3409 1736 οὐ
3464 1680 3625 1755 μόνον
3677 1679 3827 1742 αὐτὸς

2184 1765 2403 1843 ὑπάρχῃ
2468 1765 2783 1831 ἀδούλωτος
2837 1769 2927 1823 καὶ
2992 1766 3410 1847 πεφυλαγμένος
3478 1770 3585 1825 ἀπὸ
3649 1771 3822 1824 πασῶν

2180 1852 2395 1923 ἡδονῶν
2453 1854 2601 1911 ἀλλὰ
2649 1857 2740 1911 καὶ
2795 1857 2923 1919 τοὺς
2980 1856 3189 1921 ἄλλους
3246 1856 3526 1933 ἐλευθεροῖ
3599 1856 3688 1913 καὶ
3744 1853 3826 1912 διὰ

2179 1942 2351 2018 λόγου
2406 1945 2495 1999 καὶ
2556 1943 2979 2021 ὑποδείγματος,
3027 1946 3117 2003 καὶ
3175 1946 3359 2021 ὕμνων
3415 1948 3578 2023 ἱερῶν
3617 1944 3821 2001 ἀκούειν

2177 2031 2203 2087 δ
2241 2038 2437 2102 ηνεκῶς
2492 2037 2584 2108 (4).
2643 2034 2707 2089 Ei:
2762 2040 2891 2112 γοῦν
2942 2035 3188 2111 μεγάλην
3236 2034 3485 2113 προξενεῖ
3531 2034 3708 2108 λύπην
3750 2033 3822 2096 εἷς

2173 2122 2301 2185 τούς
2359 2128 2637 2200 νουνεχεῖς
2689 2126 2779 2179 καὶ
2829 2124 3134 2202 φρονίμους
3190 2125 3510 2201 ἀνθρώπους
3558 2125 3622 2180 τὸ
3665 2143 3822 2200 παρο-

2174 2216 2269 2286 ρᾷν
2325 2212 2415 2266 τὸν
2479 2210 2707 2287 βασιλέα
2763 2211 3123 2289 αἰχμάλωτον
3182 2213 3245 2268 τὸ
3324 2213 3569 2285 ὑπήκοον
3602 2259 3616 2286 ,
3673 2212 3821 2285 πόσῳ

2176 2297 2387 2374 μᾶλλόν
2449 2300 2557 2356 ἐστι
2618 2300 2863 2377 λυπηρὸν
2924 2302 3015 2357 καὶ
3048 2299 3331 2379 ὀδυνηρὸν,
3375 2301 3462 2358 ἐὰν
3495 2303 3526 2357 ὁ
3574 2299 3821 2379 βασιλεὺς

2172 2387 2522 2454 οἰκειοθελῶς
2578 2389 2942 2466 αἰχμάλωτος
2980 2390 3198 2468 γένηται
3251 2390 3355 2447 ὑπὸ
3414 2396 3525 2448 τῶν
3586 2391 3821 2468 αἰσχρῶν

2168 2476 2381 2548 ἡδονῶν
2413 2525 2427 2551 ,
2476 2479 2567 2534 καὶ
2614 2480 2690 2543 εἰς
2738 2474 2943 2543 ὄνειδος
2991 2479 3082 2535 καὶ
3138 2477 3355 2557 γέλωτα
3407 2484 3648 2555 καταστῇ
3682 2478 3819 2551 ;κᾶν

2166 2566 2268 2643 γὰρ
2311 2566 2617 2645 κρύπτηται
2663 2569 2753 2624 καὶ
2795 2565 3073 2643 σπουδάζῃ
3119 2567 3400 2625 λανθάνειν
3432 2611 3448 2639 ,
3495 2567 3645 2626 ἀλλὰ
3698 2565 3821 2624 δια-

2168 2661 2351 2734 φυγεῖν
2405 2656 2467 2712 ού
2526 2655 2743 2713 δύναται
2789 2658 2853 2713 τὸ
2908 2664 3008 2728 τῆς
3060 2657 3424 2730 συνειδήσεως
3473 2657 3699 2731 ἀληθὲς,
3733 2657 3818 2713 καὶ

2171 2743 2407 2819 μάλιστα
2480 2747 2569 2801 τὸν
2656 2747 2724 2801 τὰ
2797 2748 3011 2823 κρυπτά
3088 2745 3361 2824 βλέποντα
3438 2748 3815 2819 παντεπόπτην

2167 2834 2451 2913 ὀφθαλμὸν
2508 2840 2605 2892 τοῦ
2662 2840 2795 2891 Θεοῦ
2829 2882 2845 2910 ,
2902 2837 2993 2892 καὶ
3062 2837 3132 2892 τά
3185 2845 3287 2907 τῆς
3361 2837 3635 2914 αἰσχύνης
3690 2833 3818 2912 ἔργα

2169 2929 2429 2996 μισοῦντα
2462 2944 2475 2957 ⁸
2536 2924 2674 2981 ὅπου
2728 2946 2788 2981 τε
2860 2927 2929 2981 τὰ
3000 2925 3232 2982 πλείονα
3281 2926 3372 2981 καὶ
3429 2927 3484 2981 οἱ
3542 2928 3812 3002 ἄνθρωποι

404 3017 562 3088 quod
594 3014 861 3071 homines
891 3029 1123 3086 quoque
1154 3013 1433 3085 pleraque
1462 3013 1791 3077 observant,
1815 3012 2054 3084 risuque

2169 3011 2459 3088 βλέποντες
2515 3012 2855 3091 καταγελῶσι
2901 3016 2991 3070 καὶ
3045 3013 3379 3090 διασύρουσι,
3428 3017 3523 3071 καὶ
3573 3018 3602 3071 ὁ
3640 3014 3811 3093 γέλως

404 3109 462 3161 et
492 3103 820 3160 maledictis
866 3102 1180 3169 diﬂ'erunt;
1214 3118 1398 3173 eaque
1445 3101 1637 3156 irrisio
1677 3101 1737 3156 in
1788 3102 2051 3157 futurum

2167 3101 2580 3176 παραπέμπεται
2634 3103 2724 3159 καὶ
2782 3104 2858 3167 εἷς
2914 3102 3043 3167 τοὺς
3101 3104 3291 3182 ἐφεξῆς
3350 3104 3628 3181 χρόνουςο
3678 3101 3811 3159 πολ-

405 3209 639 3264 quoque
686 3196 920 3262 tempus
973 3193 1346 3262 propagatur.
1401 3190 1541 3245 Ecce
1606 3190 1764 3245 enim
1830 3189 2049 3246 multos

2167 3174 2294 3253 λούς
2350 3174 2453 3269 γὰρ
2531 3191 2804 3268 βλέπομεν
2881 3192 2932 3248 ἐν
2998 3174 3151 3256 τοῖς·
3191 3174 3494 3270 ἱστορικοῖς
3576 3188 3810 3271 βιϐλίοις

405 3280 676 3337 videmus
722 3279 784 3335 in
812 3278 1108 3335 historicis
1153 3277 1321 3335 libris
1369 3278 1614 3334 infamia
1660 3295 2052 3351 conspersos:

2167 3274 2577 3355 ὑϐριζομένους,
2635 3281 2727 3336 καὶ
2784 3278 3073 3345 πλείστους
3130 3280 3552 3355 ἐπαινουμένους
3607 3280 3698 3338 διὰ
3720 3282 3814 3351 τήν

404 3369 693 3441 plurimos
740 3368 879 3423 item
912 3371 1148 3440 propter
1177 3383 1354 3422 suum
1399 3366 1775 3423 honestorum
1810 3383 2054 3439 operum

2167 3367 2286 3445 περί
2332 3370 2399 3424 τὰ
2445 3367 2589 3424 καλὰ
2634 3367 2874 3440 σπουδὴν
2921 3369 3095 3426 αὐτῶν
3123 3416 3137 3442 ,
3180 3369 3269 3426 καὶ
3319 3370 3397 3434 εἰς
3453 3370 3682 3427 αἰωνίαν
3730 3367 3817 3425 καὶ

405 3457 675 3514 studium
702 3456 876 3512 laude
907 3458 1401 3528 mactatos,atque
1431 3460 1655 3512 aeternas
1688 3462 2054 3527 posterorum

2167 3454 2384 3528 διηνεκῆ
2439 3461 2663 3531 μνήμην
2732 3458 3239 3535 περιλαλουμένους
3292 3459 3384 3515 καὶ
3439 3479 3819 3538 παραπεμπο-

410 3546 706 3603 memorias
754 3545 992 3618 perenni
1025 3561 1160 3601 cum
1189 3544 1345 3600 fama
1380 3545 1647 3601 traditos.
1681 3545 1801 3601 Rex
1829 3545 2052 3601 Graeco-

2167 3544 2360 3619 μένους
2394 3591 2407 3604 .
2467 3546 2725 3610 Βασιλεὺς
2783 3545 3070 3619 Ἐλλήνων
3129 3544 3486 3624 Ἀλέξανδρος
3521 3594 3536 3622 ,
3595 3549 3817 3619 νικήσας

404 3652 539 3691 rum
569 3634 892 3691 Alexander
920 3638 1055 3705 post
1082 3632 1372 3689 devictum
1407 3633 1670 3703 Darium,
1696 3633 1846 3689 filias
1873 3632 2052 3705 hujus

2167 3640 2407 3712 Δαρεῖον,
2459 3636 2549 3691 καὶ
2596 3636 2692 3700 τὰς
2743 3635 2952 3692 ἐκείνου
3002 3637 3297 3714 θυγατέρας
3347 3637 3422 3700 ὡς
3482 3637 3817 3713 προτίμησιν

401 3723 837 3795 pulchritudine
889 3722 1037 3778 mira
1065 3723 1434 3795 conspicuas,
1466 3739 1569 3778 ceu
1613 3722 1937 3778 maximum
1965 3723 2053 3779 vi-

2167 3730 2258 3795 τῆς
2316 3724 2472 3796 νίκης
2517 3720 2607 3780 διὰ
2659 3726 2723 3781 τὸ
2784 3721 3144 3801 ὑπερϐολικὸν
3194 3730 3292 3781 τοῦ
3349 3722 3597 3789 κάλλους
3653 3744 3817 3801 προσ-

402 3815 599 3870 ctorias
628 3811 951 3885 praemium
1001 3811 1114 3868 sibi
1169 3811 1415 3875 oblatas,
1450 3828 1522 3867 ne
1570 3811 1764 3867 videre
1812 3811 2049 3883 quidem

2167 3813 2430 3888 αγομένας
2484 3813 2631 3887 αύτῷ
2663 3858 2676 3884 ,
2738 3811 2864 3870 οὐδὲ
2925 3812 3056 3883 ἰδεῖν
3118 3812 3435 3885 κατεδέξατο
3471 3837 3484 3850 ο
3521 3815 3689 3871 εἰπὼν
3741 3813 3818 3869 αἰ-

401 3918 614 3975 passus
661 3906 788 3969 est;
820 3901 1037 3972 aitque,
1068 3904 1239 3972 turpe
1287 3900 1427 3967 fore,
1461 3900 1511 3955 si
1542 3900 1593 3955 is
1633 3899 1733 3971 qui
1781 3900 1936 3956 viros
1966 3899 2050 3956 vi-

2167 3901 2368 3977 σχύνης
2418 3899 2560 3975 ἄξιον
2618 3903 2751 3958 εἰναι
2804 3909 3019 3972 νικῆσαι
3074 3904 3165 3977 μὲν
3220 3900 3439 3980 ἄνδρας,
3495 3905 3600 3960 ὑπὸ
3631 3922 3810 3979 γυναι-

397 3990 594 4058 cisset,
627 4007 660 4046 a
692 3988 927 4046 feminis
975 3989 1323 4045 vinceretur.
1357 3988 1486 4057 Cyri
1517 3989 1815 4044 Medorum
1852 3992 2050 4045 Persa-

2167 3995 2265 4045 ιιῶν
2295 3988 2353 4045 δὲ
2384 3993 2704 4061 ἡττηθῆναι.
2754 3994 2982 4065 Ὅμοιον
3034 3989 3092 4047 δὲ
3136 3992 3317 4065 τούτῳ
3366 3991 3594 4065 ἐποίησε
3644 3996 3814 4067 Κῦρος

396 4095 649 4150 rumque
678 4078 832 4151 regis
861 4095 967 4150 par
995 4079 1180 4134 virtus
1215 4078 1340 4133 fuit.
1359 4077 1506 4133 Nam
1539 4080 1596 4133 et
1626 4077 1722 4133 hic
1752 4079 2049 4150 superatis

397 4168 519 4225 acie
546 4168 819 4241 Assyriis,
852 4173 1029 4237 atque
1059 4167 1131 4222 ab
1180 4166 1431 4223 exercitu
1466 4182 1595 4233 suo,
1628 4166 2046 4222 manubiarum

397 4257 656 4314 nomine.
708 4256 1013 4313 Susiorum
1064 4255 1264 4327 regina
1309 4255 1586 4321 donatus,
1638 4271 1766 4326 quae
1826 4254 2044 4327 insigni

393 4347 584 4402 forma
615 4344 1161 4417 praestabat,reginae
1186 4343 1237 4398 is
1268 4343 1507 4415 quidem
1534 4359 1807 4415 magnam
1841 4360 2044 4400 curam

391 4433 577 4507 gessit
603 4434 965 4505 ;ceteroquin
998 4432 1188 4504 ipsam
1219 4432 1478 4504 aspicere
1501 4432 2040 4501 recusavit,dicens,

388 4540 541 4596 opus
588 4539 718 4579 esse
746 4526 812 4578 ut
859 4521 1152 4595 pudicitiae
1192 4538 1357 4594 reges
1404 4522 1677 4578 custodes
1729 4521 1889 4587 ﬁant,
1923 4538 2038 4578 non
2072 4546 2120 4610 D

386 4611 796 4679 insidiatores;
827 4616 953 4667 tum
1003 4610 1143 4682 quia
1191 4610 1248 4665 id
1300 4626 1637 4681 supremam
1695 4609 2040 4682 dignitatem

392 4703 576 4769 decet,
626 4705 751 4756 tum
801 4700 941 4772 quia
988 4699 1273 4772 pudicitia
1340 4699 1739 4754 fortitudinem
1791 4699 2041 4770 pruden-

388 4788 653 4860 tiamque
698 4792 1005 4844 conservat
1049 4794 1105 4842 et
1134 4786 1388 4859 copulat.
1421 4789 1636 4863 Revera
1684 4787 1780 4858 qui
1832 4804 1895 4843 se
1947 4804 2039 4844 vo-

383 4876 677 4949 luptatum
709 4876 1001 4932 famulitio
1032 4877 1333 4941 addicunt,
1368 4892 1434 4931 ac
1463 4876 1752 4931 furiosum
1795 4876 2036 4931 lemina-

387 4981 519 5019 rum
552 4980 810 5021 amorem
843 4982 961 5038 pm
993 4980 1057 5020 se
1088 4965 1304 5037 ferunt,
1335 4964 1657 5037 effusisque
1685 4964 1930 5020 habenis
1962 4966 2032 5021 ad

447 5193 527 5266 (3)
560 5192 750 5266 Qdyss.
786 5211 845 5261 x,
860 5195 993 5251 305.

446 5264 525 5335 (4)
556 5264 821 5337 Hymnus
852 5283 1057 5338 reapse
1084 5265 1421 5338 laudativus
1452 5283 1486 5319 a
1515 5265 1719 5338 Photio
1752 5267 2028 5338 scriptus,

377 5340 555 5407 atque
586 5336 683 5391 Ore
734 5336 1004 5409 Ecclesia:
1036 5337 1228 5393 dictus
1278 5338 1347 5393 ad
1380 5336 1662 5393 Basilium
1714 5336 2029 5409 imperato-

378 5424 524 5475 rem,
559 5412 748 5462 exstat
775 5408 833 5462 in
883 5410 1244 5465 melodorum
1280 5409 1635 5464 ineditorum
1667 5408 1863 5465 codice
1897 5411 2027 5466 Bar-

376 5476 602 5552 berino,
635 5479 706 5533 de
754 5480 1133 5552 quoilocutus
1180 5496 1313 5535 sum
1344 5481 1422 5552 in,
1452 5481 1665 5552 prioris
1710 5480 2028 5537 voluminis

2158 4081 2186 4133 ὁ
2242 4083 2348 4135 τῶν
2411 4077 2613 4151 Μήδων
2663 4080 2753 4135 καὶ
2802 4086 3022 4156 Περσῶν
3087 4078 3380 4157 βασιλεύς*
3432 4084 3662 4153 νικήσας
3713 4081 3813 4157 γὰρ

2154 4170 2244 4223 τὸν
2290 4167 2535 4242 πόλεμον
2570 4169 2887 4246 Ἀσσυρίων,
2948 4170 3042 4225 καὶ
3094 4170 3242 4246 παρὰ
3268 4174 3366 4226 τοῦ
3411 4170 3814 4247 στρατεύματος

2152 4257 2251 4326 τήν
2297 4262 2404 4312 τῶν
2452 4257 2693 4312 Σουσίων
2750 4255 3006 4334 βασιλίδα
3052 4260 3129 4333 (5)
3186 4259 3261 4322 ὡς
3330 4256 3577 4337 λάφυρον
3630 4252 3810 4314 λαϐὼν

2154 4342 2245 4400 διὰ
2272 4346 2372 4414 τὴν
2403 4349 2501 4400 τοῦ
2544 4343 2788 4408 κάλλους
2840 4341 3175 4422 ὑπερϐολὴν,
3225 4344 3446 4415 πολλὴν
3504 4349 3601 4422 μὲν
3648 4345 3811 4415 αὐτῆς

2153 4432 2448 4505 ἐποιήσατο
2496 4433 2851 4508 ἐπιμέλειαν,
2916 4432 3048 4489 ἰδεῖν
3109 4432 3167 4489 δὲ
3223 4433 3471 4498 οὐδόλως
3536 4435 3809 4507 ἠξίωσεν,

2152 4523 2573 4601 ἀποφηνάμενος
2640 4521 2884 4602 φύλακας
2934 4523 3066 4579 εἶναι
3116 4525 3230 4601 χρὴ
3288 4531 3393 4595 τῆς
3452 4523 3810 4604 σωφροσύνης

2148 4612 2275 4674 τοὺς
2333 4609 2599 4687 βασιλεῖς,
2648 4610 2776 4666 ἀλλ’
2823 4611 2923 4667 οὐκ
2969 4608 3322 4686 ἐπιϐούλους,
3376 4610 3463 4668 διά
3504 4634 3567 4669 τε
3611 4613 3675 4667 τὸ
3726 4609 3811 4685 μέ-

2147 4711 2303 4776 γεθος
2354 4707 2457 4770 τῆς
2510 4700 2679 4772 ἀξίας,
2737 4698 2827 4755 καί
2885 4700 2969 4757 ὅτι
3027 4700 3350 4779 σωφροσύνη
3412 4697 3663 4774 ἀνδρείαν
3723 4696 3809 4756 καὶ

2148 4788 2408 4866 φρόνησιν
2464 4787 2676 4864 συνέχει
2727 4809 2787 4843 τε
2837 4789 2929 4844 καὶ
2979 4789 3254 4845 συνάπτειο
3311 4789 3373 4844 τὸ
3422 4790 3527 4866 γὰρ
3582 4786 3806 4845 δουλω-

2148 4884 2302 4947 θῆναι
2368 4882 2486 4940 ταῖς
2560 4875 2784 4946 ἡδοναῖς
2853 4878 2945 4933 καὶ
3020 4881 3397 4955 γυναικομανῆ
3473 4878 3803 4957 φαίνεσθαι,

2143 4966 2233 5021 καὶ
2293 4966 2472 5043 ὥσπερ
2532 4963 2620 5021 διὰ
2677 4964 2912 5043 χαλινοῦ
2966 4969 3102 5044 πρὸς
3167 4969 3236 5023 τά
3284 4966 3487 5044 αἰσχρά
3551 4968 3801 5046 φέρεσθαι

2144 5200 2381 5274 hymnis
2414 5199 2948 5274 cel_ebrarent._Nisi
2979 5200 3124 5274 forte
3160 5201 3534 5274 ,Nicephorus
3566 5196 3804 5272 respicit

2142 5269 2341 5344 potius
2374 5272 2444 5327 ad
2494 5272 2747 5344 hymnos
2777 5269 2944 5344 illos.
2967 5272 3039 5328 de
3069 5273 3287 5344 quibus
3310 5269 3504 5328 _Plato
3536 5269 3801 5343 Legfvn,

2140 5343 2198 5416 p.
2230 5345 2337 5416 800
2367 5359 2498 5414 sqq.
2533 5343 2624 5397 ed.
2658 5343 2813 5398 Serr.
2848 5343 2951 5397 Vel
2984 5343 3393 5411 explicandum
3426 5348 3537 5409 est,
3567 5346 3691 5398 tum
3716 5356 3804 5397 sa-

2138 5415 2250 5471 cris
2283 5415 2504 5485 hymnis
2524 5418 2783 5485 perpetuo
2806 5416 3124 5472 audiendis.

2207 5488 2285 5570 (5‘)
2320 5475 2493 5570 Lege
2517 5475 2961 5570 Xenophpntem
3011 5490 3210 5570 Cyrop.
3241 5487 3343 5543 lib.
3375 5503 3431 5553 v,
3568 5483 3793 5570 Addet?

375 5548 736 5635 praefatione,
754 5548 823 5633 ᾖ).
852 5551 947 5635 744.
971 5551 1379 5635 Videturergo
1409 5548 1471 5607 iri
1499 5550 1833 5635 Grzecorum
1862 5569 2028 5635 more
2134 5548 2348 5635 licebat
2375 5548 2907 5635 Kfricani‘maioris
2936 5548 3292 5635 exemplum,
3325 5548 3480 5634 quod
3511 5559 3606 5614 est
3634 5552 3790 5630 apud

377 5619 639 5702 positum
684 5619 889 5699 fuisse,
936 5626 1004 5686 ut
1049 5619 1347 5701 principes
1392 5639 1534 5683 suos
1590 5622 1776 5684 sacris
1822 5623 2023 5699 etiam,
2133 5628 2468 5707 Polybium,
2498 5645 2559 5703 κ,
2591 5626 2683 5689 19.
