4154 6440
456 364 571 421 619

1714 358 2133 420 NIGEPHORI
2180 358 2618 422 BLEMMIDJE

3750 365 3860 429 620

452 492 680 549 stituta.
714 494 849 559 Qua:
881 510 1015 549 cum
1038 493 1119 549 ita
1140 508 1204 547 se
1233 491 1506 558 habeant,
1566 507 1938 563 summopere
1994 507 2094 545 ne-

2213 492 2321 542 τῶν
2374 488 2808 566 ἀναγκαιοτάτων
2877 489 2959 564 τῷ
3032 491 3249 566 βασιλεῖ
3311 498 3526 568 κρατεῖν
3575 493 3667 549 καὶ
3717 495 3860 569 βασι-

451 598 615 639 cesse
663 586 753 639 est
809 586 874 638 ut
902 600 1002 639 rex
1043 583 1415 655 voluptatum
1486 580 1673 637 victor
1728 579 1825 648 sit,
1885 595 2104 651 easque

450 673 632 743 regat.

522 759 599 816 III
632 761 833 816 nexae
860 760 933 815 sit
973 759 1294 815 iracundus.
1323 789 1392 800 —
1423 763 1543 830 Age
1597 774 1733 813 vero
1781 755 2102 812 iracundiae

452 865 686 921 quoque
713 850 1016 905 vesaniam
1046 850 1116 905 ad
1133 848 1389 905 latrones
1419 864 1520 903 rex
1550 844 1926 913 amandabit;
1962 858 2106 917 quo-

452 955 587 996 rum
617 939 778 994 furor
806 938 996 994 instar
1024 937 1388 1010 serpentium
1419 941 1510 993 est
1531 954 1546 1004 ;
1566 934 1883 992 crudelitas
1903 939 2099 990 autem

453 1034 513 1085 et
540 1028 784 1084 immitis
813 1028 1048 1084 animus
1072 1044 1105 1083 a
1136 1026 1427 1083 malorum
1459 1026 1796 1081 daamouum
1819 1025 2101 1080 adversus

452 1118 723 1174 homines
753 1117 885 1174 odio
927 1132 1042 1172 non
1065 1115 1277 1171 dill‘ert.
1309 1119 1455 1170 Poro
1484 1114 1700 1180 virum,
1732 1129 1910 1186 quem
1944 1112 2102 1168 Deus

453 1206 714 1280 legatum
744 1204 921 1262 veluti
954 1220 1132 1261 suum
1171 1202 1297 1260 orbi
1330 1203 1603 1276 pmfecit,
1637 1207 1695 1258 et
1728 1201 1821 1257 cui
1873 1207 2104 1257 creatu-

455 1312 655 1352 rarum
685 1294 1013 1361 suarum,id
1045 1297 1137 1348 est
1165 1292 1537 1348 subditorum
1560 1292 2103 1357 hominum,curam

457 1384 774 1450 commisit,
819 1381 1193 1454 tranquilitas
1244 1382 1428 1452 decet,
1488 1380 1880 1436 mansuetudo
1930 1384 2105 1451 atque

452 1473 761 1531 clementia
791 1491 804 1533 ;
837 1476 1205 1544 reputantem
1264 1470 1506 1536 scilicet,
1538 1474 1804 1542 oportere
1834 1486 1868 1523 a
1896 1485 1959 1524 se
1998 1468 2102 1524 ho-

450 1563 709 1618 minibus
737 1560 991 1617 subditis
1021 1560 1305 1615 eamdem
1341 1574 1541 1614 curam
1591 1557 1875 1629 impendi,
1924 1572 2102 1628 quam

450 1651 716 1724 cognatis
738 1650 1091 1720 suis,quam
1140 1649 1377 1703 sibimet
1429 1647 1542 1719 ipsi
1596 1645 1885 1719 impertiri
1934 1646 2101 1700 solet.

455 1740 783 1797 Incolumes
812 1738 994 1811 igitur
1015 1738 1335 1810 prudenter
1373 1741 1572 1808 reget;
1631 1735 1884 1790 inﬁrmis
1940 1736 2103 1790 omni

449 1846 559 1903 cpe
588 1827 922 1885 consultum
967 1825 1143 1930 volet,
1167 1830 1231 1926 et
1261 1825 1524 1930 quolibet
1570 1823 1955 1930 providentiae.
1981 1828 2104 1879 stu-
2130 1863 2180 1930 Β

452 1919 652 1990 diique
679 1932 890 1989 genere
938 1914 1244 1972 subveniet
1289 1914 1645 1985 eosdemque
1692 1912 1993 1969 beneﬂciis
2045 1916 2102 1968 et

451 2008 725 2065 comitate
756 2005 870 2062 sibi
902 2004 1211 2061 devinciet.
1242 2003 1405 2067 Quod
1439 2003 1487 2058 si
1522 2018 1669 2074 quos
1695 2002 1864 2068 forte,
1888 2018 2098 2073 quam-

452 2096 671 2153 tumvis
712 2093 1031 2151 benefactis
1087 2109 1154 2148 ac
1212 2091 1635 2163 largitionibus
1694 2107 2098 2164 saepenumero

451 2190 710 2242 ornatos.
746 2181 1114 2240 refractarios
1143 2180 1335 2237 adhuc
1382 2180 1745 2253 minimeque
1786 2179 2099 2236 benevolos

449 2274 797 2347 experietur.
829 2287 965 2327 cum
1000 2270 1089 2326 bis
1113 2286 1255 2325 sane
1302 2270 1559 2325 severius
1614 2269 1906 2341 agendum
1956 2273 2046 2325 est
2078 2286 2095 2333 ;

443 2363 527 2418 ita
548 2367 769 2417 tamem
793 2364 859 2416 ut
878 2358 1218 2430 hujusmodi
1275 2374 1509 2430 quoque
1540 2356 2094 2424 bominibus,veluti

446 2450 729 2508 membris
755 2448 973 2505 nostris
1011 2447 1184 2503 mobo
1215 2445 1412 2519 aliquo
1458 2446 1886 2513 laborantibus,
1942 2462 2096 2502 com-

445 2540 768 2614 patiamur.
801 2537 896 2593 Sic
925 2536 1084 2593 enim
1119 2551 1219 2591 rex
1245 2534 1668 2607 benignitatem
1683 2534 1795 2590 sibi
1832 2535 1929 2591 Dei
1960 2552 2093 2590 cen-

447 2629 710 2695 ciliabit;
744 2626 827 2683 sic
840 2627 1081 2681 ﬁrmum
1104 2641 1351 2697 regnum
1374 2625 1912 2696 inconcussumque
1939 2628 2096 2680 tene-

448 2714 719 2782 hit,sicin
734 2713 999 2770 omnium
1033 2728 1231 2767 amore
1252 2711 1565 2783 erit,atque
1584 2712 1656 2767 ab
1687 2712 1965 2767 omnibus
1979 2730 2094 2767 uno

447 2823 547 2863 ore
576 2818 1017 2877 quaquaversus
1039 2801 1471 2874 praedicabitur.
1491 2800 1759 2858 Nimirun
1786 2801 1879 2858 bis
1898 2800 2094 2858 laudi-

445 2896 560 2952 bus
590 2893 863 2950 homines
887 2908 1164 2948 coronam
1185 2890 1306 2963 regi
1336 2894 1665 2959 contexent,
1684 2891 1829 2946 dum
1859 2907 2096 2948 concors

448 2986 506 3043 di
534 2999 674 3040 voce
700 2982 1000 3038 iterabuut
1030 2980 1165 3036 :Hic
1188 2979 2093 3053 temperantissimus,hicmitis-

445 3072 703 3145 mus,hic
720 3072 830 3126 Deo
843 3069 1356 3127 similisest.Secus
1367 3085 1499 3125 vero
1514 3069 1614 3141 qui
1628 3069 1767 3125 levis
1780 3068 2096 3141 cujuslibet

445 3161 641 3220 delicti
655 3160 989 3217 causadure
1002 3158 1593 3231 atqueinhumaniter
1605 3175 1805 3215 servos
1818 3159 2090 3216 homines

2213 573 2389 633 λεύειν
2421 584 2528 635 τῶν
2559 576 2796 650 ἡδονῶν.

2286 758 2351 816 Ι“’.
2410 758 2479 813 Τὸ
2527 756 2586 814 δὲ
2640 757 2860 837 ὀργίλον
2915 758 3007 815 καὶ
3070 760 3295 834 μανικὸν
3350 761 3731 837 παραπέμπειν
3786 761 3857 826 εἷς

2209 845 2339 909 τοὺς
2397 847 2596 921 λῃστάς
2655 851 2785 922 (11)·
2843 848 3050 905 τούτων
3108 850 3214 927 γὰρ
3272 851 3301 905 ὁ
3358 850 3531 924 θυμὸς
3587 852 3722 906 κατά
3763 853 3855 921 τὴν

2213 935 2477 1009 ὁμοίωσίν
2506 936 2615 993 ἐστι
2668 943 2766 993 τοῦ
2819 933 3017 1017 ὄφεωςο
3068 939 3158 993 καὶ
3203 939 3265 995 τὸ
3312 938 3514 1011 ἀπηνὲς
3567 939 3659 996 καὶ
3701 939 3859 1014 ἀσυμ-

2212 1025 2453 1096 πάθητον
2511 1026 2648 1081 κατά
2694 1028 2792 1096 τήν
2835 1032 2944 1083 τῶν
3000 1032 3257 1105 πονηρῶν
3310 1023 3583 1102 δαιμόνων
3667 1050 3854 1103 μισαν-

2215 1114 2453 1189 θρωπίαν
2488 1159 2502 1174 ,
2560 1116 2617 1169 Ὀ
2676 1112 2733 1170 δὲ
2786 1115 3010 1191 ταχθεὶς
3060 1116 3196 1172 κατά
3248 1118 3349 1187 τήν
3410 1117 3717 1191 ὁμοιότητα
3768 1122 3858 1173 τοῦ

2214 1207 2371 1273 Θεοῦ,
2401 1203 2492 1258 καὶ
2538 1208 2637 1259 τοῦ
2684 1201 3008 1279 πλάσματος
3056 1204 3242 1279 αύτοῦ,
3288 1203 3458 1283 ἤγουν
3512 1211 3621 1262 τῶν
3654 1204 3855 1262 δούλων

2212 1292 2311 1360 τήν
2348 1290 2662 1364 ἐπιμέλειαν
2693 1293 3023 1362 πιστευθεὶς,
3071 1294 3134 1349 τὸ
3180 1294 3416 1372 γαληνὸν
3467 1293 3679 1374 ὀφείλει
3719 1293 3855 1371 ἔχειν

2212 1380 2304 1435 καὶ
2361 1379 2569 1457 ἥμερον
2620 1380 2710 1436 καί
2756 1380 3163 1460 φιλάνθρωπον·
3218 1384 3504 1461 γινώσκων
3555 1386 3740 1447 καλῶς
3780 1382 3856 1439 ὅτι

2213 1475 2484 1545 χρεωστεῖ
2528 1469 2803 1547 περιέπειν
2860 1472 2936 1534 ὡς
2985 1472 3237 1548 συγγενὲς
3292 1472 3356 1527 τὸ
3408 1472 3720 1549 ἀρχόμενον
3775 1471 3858 1527 καὶ

2211 1560 2388 1620 καθὼς
2442 1558 2653 1615 ἑαυτόν
2710 1560 2801 1615 καὶ
2853 1564 2964 1616 τῶν
3027 1562 3122 1635 μὲν
3181 1561 3533 1638 ὑγιαινόντων
3598 1566 3859 1625 ποιεῖσθαι

2211 1650 2557 1723 προμήθειαν
2585 1694 2600 1720 ,
2654 1647 3062 1705 ἐπισκέπτεσθαι
3120 1646 3178 1704 δὲ
3240 1650 3515 1713 παντοίως
3573 1650 3702 1713 τοὺς
3755 1650 3860 1727 ἆῤ-

2214 1735 2553 1811 ῥωστοῦντας
2588 1783 2603 1810 ,
2659 1737 2749 1792 καὶ
2809 1738 3117 1816 θεραπεύειν
3185 1740 3322 1794 κατά
3377 1745 3553 1795 πᾶσαν
3611 1739 3858 1816 πρόνοιαν

2210 1825 2300 1879 καὶ
2333 1823 2599 1896 σπουδὴν,
2648 1826 2738 1882 καὶ
2784 1826 3114 1883 οἰκειοῦσθαι
3156 1826 3385 1891 τούτους
3436 1825 3511 1883 δι’
3563 1826 3857 1903 εὐεργεσίας

2208 1913 2298 1968 καὶ
2347 1913 2695 1989 ἱλαρότητος.
2755 1916 2820 1973 Εἰ
2874 1913 2932 1972 δέ
2984 1938 3134 1980 τινας
3190 1914 3299 1973 ἴδοι
3361 1917 3499 1990 μετά
3544 1918 3608 1973 τὸ
3658 1917 3856 1993 έύεργε-

2209 2008 2339 2057 σιῶν
2385 2024 2446 2059 τε
2505 2004 2595 2059 καὶ
2643 2002 2861 2082 δωρεῶν
2926 2005 3222 2061 ἀπολαύειν
3291 2011 3532 2083 συχνῶν,
3599 2003 3856 2061 ἀνυποτά-

2206 2112 2370 2154 κτους
2428 2092 2519 2147 καὶ
2579 2094 2655 2167 μὴ
2717 2091 2926 2150 εὔνοιαν
2986 2091 3214 2171 ἔχοντας
3249 2142 3265 2168 ,
3323 2094 3414 2150 καὶ
3472 2094 3856 2171 αὐστηρότερον

2207 2181 2416 2257 ἀνάγκη
2466 2181 2684 2246 τούτοις
2731 2184 3172 2263 προσφέρεσθαι·
3214 2181 3363 2254 πλὴν
3416 2184 3511 2240 καὶ
3560 2180 3730 2246 οὕτως
3784 2182 3854 2244 ὡς

2208 2270 2430 2332 οἰκείοις
2472 2270 2638 2326 αὐτοῦ
2695 2270 2881 2345 μέλεσι
2932 2270 3332 2329 συλλυπεῖσθαι
3379 2278 3499 2335 τοῖς
3540 2273 3849 2348 πάσχουσιν·

2206 2358 2350 2415 οὕτω
2378 2360 2479 2436 γὰρ
2531 2360 2560 2414 ὁ
2612 2358 2913 2436 βασιλεύων
2964 2361 3040 2425 είς
3087 2362 3271 2417 ἑαυτὸν
3307 2359 3455 2417 ἕλκει
3494 2362 3624 2424 τοὺς
3656 2360 3854 2434 οἰκτιρ-

2209 2448 2345 2521 μοὺς
2391 2453 2494 2504 τοῦ
2541 2454 2696 2505 Θεοῦσ
2750 2450 2895 2506 οὕτω
2948 2451 3048 2520 τήν
3112 2449 3389 2526 βασιλείαν
3452 2449 3571 2527 ἔχει
3629 2446 3848 2524 μόνιμόν

2202 2559 2262 2593 τε
2312 2538 2402 2593 καὶ
2460 2537 2831 2594 ἀκατάλυτον’
2894 2539 3038 2594 οὕτω
3095 2539 3242 2616 παρά
3297 2541 3517 2595 πάντων
3577 2537 3849 2617 φιλεῖται,

2203 2627 2293 2682 καὶ
2334 2628 2481 2704 παρά
2535 2625 2748 2683 πάντων
2811 2629 2887 2691 ὡς
2946 2629 3034 2707 ἀφ’
3087 2628 3205 2691 ένὸς
3262 2628 3540 2702 στόματος
3589 2627 3665 2690 είς
3693 2625 3852 2682 πάντα

2200 2715 2368 2771 τόπον
2425 2714 2806 2795 διαφημίζεται
2841 2737 2854 2750 θ
2912 2717 3185 2781 τοιοότοις
3241 2716 3486 2782 ἐπαίνοις
3551 2715 3848 2774 πλεκόντων

2201 2803 2292 2860 καί
2334 2805 2735 2883 στεφανούντων
2782 2808 2873 2862 τὸν
2930 2806 3175 2884 βασιλέα,
3232 2806 3321 2862 καὶ
3381 2807 3493 2863 ἀπὸ
3546 2802 3848 2883 συμφωνίας

2203 2891 2500 2970 λεγόντων,
2561 2892 2728 2959 Οὗτός
2780 2893 2919 2951 ἐστιν
2980 2896 3009 2950 ὁ
3061 2895 3530 2974 σωφρονέστατος·
3577 2892 3851 2971 ὁπραότα-

2200 3001 2318 3056 τος,
2349 2985 2377 3039 ὁ
2434 2982 2855 3058 ἐξομοιούμενος
2909 2983 2991 3058 τῷ
3046 2989 3180 3057 Θεῷο
3226 2984 3291 3041 τὸ
3350 2982 3409 3041 δὲ
3459 2982 3530 3041 δι’
3581 2982 3761 3059 ὀλίγον
3798 3000 3845 3033 τι

2201 3069 2603 3147 πλημμέλημα
2633 3073 2853 3145 ἀπηνῶς
2893 3073 2985 3129 καὶ
3029 3073 3415 3151 ἀπανθρώπως
3458 3072 3585 3136 τοὺς
3628 3068 3847 3129 δούλους

2203 3159 2455 3231 κολάζειν
2508 3158 2663 3217 οὐδὲν
2710 3160 2951 3241 διαφέρει
2998 3166 3096 3218 τοῦ
3147 3159 3237 3217 διὰ
3292 3162 3483 3236 μανίαν
3536 3157 3846 3234 δαιμονικὴν

444 3252 668 3326 plectit,
698 3250 749 3306 is
781 3249 927 3305 nihil
959 3250 1030 3305 ab
1065 3230 1131 3304 eo
1162 3248 1355 3304 dill'ert
1384 3249 1487 3319 qui
1527 3247 1814 3305 diabolico
1844 3248 2090 3305 instinc-

2206 3249 2299 3312 τάς
2360 3230 2499 3313 ίδίας
2555 3230 2999 3327 κατατρώγοντος
3059 3230 3305 3325 σάρκας;
3363 3251 3457 3306 καὶ
3520 3230 3641 3327 γᾶιρ⁷
3677 3245 3847 3319 ὥσπερ

444 3348 541 3398 ctu
569 3339 829 3413 percitus
861 3355 1064 3394 carnes
1102 3338 1372 3409 proprias
1414 3338 1560 3393 forte
1607 3342 1854 3394 voraret.
1914 3337 2095 3394 Sicuti

443 3431 600 3487 enim
625 3429 688 3485 in
716 3428 846 3501 ejus
877 3427 1035 3482 modi
1066 3426 1296 3482 insania
1350 3426 1531 3481 vincit
1586 3426 1848 3483 dolorem
1909 3427 2090 3498 furor,

445 3521 531 3577 sic
562 3518 848 3575 indomita
878 3517 965 3572 ira
994 3515 1381 3572 inexorabiles
1413 3515 1484 3571 ad
1509 3518 1862 3588 expetendas
1893 3533 2095 3589 pceuas

449 3609 587 3666 facit
616 3623 715 3663 eos
745 3605 847 3678 qui
880 3604 1156 3661 commoti
1215 3608 1392 3673 sunt;
1427 3620 1617 3676 neque
1647 3605 1901 3678 cogitare
1958 3606 2101 3662 sinit

447 3699 707 3772 quantus
736 3694 972 3751 illorum
1000 3694 1167 3755 dolor
1192 3692 1430 3749 futurus
1453 3693 1529 3749 sit
1565 3694 1668 3766 qui
1726 3694 2055 3764 puniuntur
2080 3712 2096 3764 ;

452 3794 511 3845 et
540 3788 696 3860 quod
713 3785 1057 3857 homogenze
1085 3789 1305 3840 natura;
1337 3783 1414 3839 sit
1443 3783 1545 3856 qui
1574 3783 1869 3840 cruciatur
1898 3784 2095 3851 homo,

450 3882 860 3952 quantumque
889 3890 1197 3930 maerorem
1218 3873 1559 3941 contrahat;
1583 3877 1642 3929 et
1669 3873 1825 3945 quod
1855 3873 2097 3930 misera-

449 3977 545 4027 tor
573 3967 775 4023 alienae
807 3964 1163 4021 calamitatis
1225 3964 1377 4018 Deus
1409 3978 1684 4035 magnam
1743 3968 1906 4034 paret
1947 3980 2098 4020 saevo

447 4056 675 4116 homini
700 4070 931 4128 pcenam
963 4057 1138 4125 atque
1185 4051 1524 4106 vindictam.
1586 4051 1802 4107 Acerbe
1857 4051 2095 4124 aliquis,

448 4153 611 4221 puta,
643 4145 896 4217 aliquem
922 4141 1102 4215 virgis
1133 4141 1318 4209 caedit,
1381 4144 1483 4195 aut
1510 4138 1622 4196 alio
1659 4141 1833 4196 modo
1892 4140 2096 4214 plagas

447 4236 702 4310 imponit
728 4234 953 4305 injusta
983 4233 1071 4287 ira
1124 4234 1455 4286 commotus
1487 4245 1501 4285 :
1535 4246 1666 4285 ecce
1696 4230 1851 4285 idem
1900 4247 2094 4302 reper-

359 4332 364 4338 ’
443 4327 665 4383 cutitur
692 4323 1068 4393 vicissimque
1130 4320 1417 4393 pulsatur,
1475 4319 1620 4374 febri
1680 4323 1840 4391 puta,
1898 4319 2094 4375 dolore

442 4415 677 4488 capitis,
710 4412 1027 4486 paroxismi
1059 4410 1318 4479 horrore,
1354 4407 1555 4464 aliisve
1604 4408 1879 4480 gravibus
1928 4408 2093 4464 infir-

444 4505 752 4561 mitatibus
786 4519 799 4557 :
835 4506 893 4557 et
920 4504 1137 4571 quanto
1198 4497 1498 4553 molestior
1552 4495 1685 4552 aliis
1741 4496 1869 4565 fuit,
1932 4502 2092 4554 tanto

2207 3336 2261 3392 έν
2305 3340 2374 3411 τῇ
2420 3338 2645 3412 τοιαύτῃ
2697 3338 2862 3412 μανίᾳ
2906 3340 2943 3409 ἡ
2989 3337 3194 3410 ταύτης
3237 3339 3384 3414 ὁρμὴ
3434 3334 3714 3412 κατισχύει
3751 3335 3850 3387 τῶν

2210 3423 2440 3496 ὀδυνῶν,
2504 3425 2648 3482 οὕτω
2699 3427 2790 3481 καὶ
2842 3428 2907 3483 τὸ
2960 3431 3059 3482 τοῦ
3115 3431 3293 3501 θυμοῦ
3348 3427 3652 3504 ἀκράτητον
3708 3421 3846 3477 ἀναι-

2208 3517 2421 3586 σθητεῖν
2474 3514 2602 3579 τοὺς
2666 3515 3043 3591 βουλομένους
3100 3518 3215 3591 (12)
3274 3517 3667 3593 παρασκευάζει
3722 3509 3848 3586 πρὸς

2207 3604 2300 3666 τάς
2353 3602 2631 3679 κολάσεις,
2688 3604 2780 3660 καὶ
2837 3601 2990 3660 οὐδὲν
3053 3602 3245 3682 ἀφίησι
3301 3610 3446 3659 νοεῖν
3493 3604 3623 3673 ὅσην
3672 3596 3847 3675 ἔχουσι

2207 3690 2389 3764 λύπην
2422 3693 2473 3747 οἱ
2503 3691 2896 3766 κολαζόμενοι·
2926 3692 3018 3748 καὶ
3047 3692 3133 3749 ὅτι
3161 3700 3261 3763 τῆς
3288 3692 3459 3765 αὐτῆς
3491 3693 3601 3749 ἐστι
3650 3689 3846 3769 φύσεως

2207 3783 2235 3836 ὁ
2283 3781 2653 3856 κολαζόμενος
2699 3782 2984 3859 ἄνθρωπος
3019 3825 3035 3851 ,
3082 3781 3173 3837 καὶ
3220 3782 3395 3854 πόσην
3456 3779 3707 3856 ὑπομένει
3754 3774 3843 3841 τήν

2207 3869 2411 3945 λύπην,
2443 3872 2533 3926 καὶ
2581 3871 2731 3935 ὅπως
2780 3873 2808 3927 ὁ
2849 3872 3140 3945 συμπαθὴς
3186 3871 3316 3934 Θεὸς
3367 3869 3617 3948 μεγάλην
3665 3866 3848 3937 ἐπάγοι

2204 3963 2323 4016 κατ’
2381 3959 2545 4016 αὐτοῦ
2600 3962 2701 4030 τὴν
2758 3960 3028 4037 τιμωρίαν
3084 3981 3144 4016 τε
3219 3960 3310 4016 καὶ
3386 3960 3681 4030 έκδίκησιψ
3740 3953 3843 4007 οἷον

2206 4048 2366 4125 ἔτυψέ
2420 4071 2504 4113 τις
2560 4050 2651 4105 καὶ
2710 4047 2882 4127 ἕδειρέ
2914 4035 3058 4105 τινα
3111 4054 3325 4126 πικρῶς
3369 4047 3463 4107 διὰ
3511 4042 3727 4127 ῥάϐδου,
3762 4035 3846 4096 καὶ

2202 4140 2405 4216 τρόπον
2461 4136 2644 4215 ἕτερον
2689 4138 3057 4215 ἐμαστίγωσεν
3114 4139 3217 4194 ὑπὸ
3247 4136 3453 4215 ἀλόγου
3502 4139 3675 4211 θυμοῦ
3710 4150 3844 4196 κινη-

2205 4228 2334 4293 θείς·
2397 4227 2719 4307 ἆντετύφθη,
2780 4226 3093 4305 ἀντεπλήγη
3169 4227 3273 4283 ὑπὸ
3343 4231 3580 4305 πυρετοῦ
3637 4220 3796 4297 τυχὸν
3826 4256 3841 4283 ν

2206 4318 2308 4373 ὑπὸ
2360 4315 2603 4397 κεφαλῆς
2660 4315 2888 4392 ἄλγους,
2952 4317 3056 4372 ὑπὸ
3114 4316 3303 4394 ῥίγους
3348 4317 3441 4372 καὶ
3502 4314 3603 4371 ὑπὸ
3658 4310 3839 4381 ἑτέρων

2207 4406 2458 4484 μεγάλων
2528 4406 2810 4461 ἀσθενειῶν
2836 4424 2849 4436 ·
2907 4404 2997 4461 ὅτε
3038 4402 3097 4461 δὲ
3149 4404 3318 4461 πλέον
3371 4427 3426 4461 τι
3476 4397 3836 4484 ἐκακοποίησεμ,

2201 4496 2290 4551 καὶ
2348 4495 2578 4551 πλείονα
2650 4494 2918 4570 τιμωρίαν
2985 4494 3075 4550 καὶ
3148 4492 3349 4569 ἄμυναν
3415 4486 3680 4551 ἀπέλαϐεν
3740 4480 3837 4538 ἀπὸ

442 4593 767 4666 graviorem
799 4570 1035 4646 talionis
1060 4605 1289 4660 poenam
1315 4605 1348 4642 a
1370 4586 1623 4641 Numine
1671 4587 1866 4641 refert.
1925 4588 2088 4653 Quod

2206 4589 2355 4642 Θεοῦ.
2415 4583 2479 4639 Εἰ
2538 4582 2598 4639 δὲ
2648 4584 2718 4640 τά
2769 4590 2872 4654 τῆς
2924 4581 3082 4654 δίκης
3122 4583 3184 4639 οὐ
3214 4583 3506 4657 παρευθὺς,
3541 4579 3695 4637 δώσει
3747 4570 3836 4669 τὴν

441 4683 490 4738 si
523 4683 720 4737 minus
751 4681 864 4736 cito
881 4678 1197 4734 vindictam
1228 4677 1544 4748 experitur,
1605 4679 1858 4732 attamen
1893 4676 2087 4749 inspe-

439 4776 564 4827 rato
592 4776 850 4841 tempore
880 4783 1083 4840 pmnas
1114 4765 1252 4821 luet.
1279 4765 1503 4836 Quippe
1528 4764 1710 4819 sacris
1753 4763 2089 4837 divinisque

438 4859 692 4916 oraculis
748 4859 1156 4920 admonemur,
1208 4854 1321 4909 alio
1376 4870 1483 4908 nos
1538 4857 1800 4925 tempore
1848 4870 2085 4925 peccare

436 4947 762 5016 solere,alio
794 4946 929 5001 facti
962 4943 1290 4999 mercedem
1321 4942 1594 5013 recipere,
1627 4942 1807 4997 veluti
1850 4947 2086 5015 propter

436 5052 620 5092 caecus
652 5034 1005 5093 Gabaonilas
1037 5034 1250 5087 famem
1281 5029 1824 5102 deincepscoortam
1840 5031 2084 5087 scimus.

434 5124 595 5188 Quod
630 5125 679 5180 si
712 5125 844 5196 quis
904 5123 1049 5178 forte
1106 5136 1209 5193 per
1261 5119 1440 5190 hujus
1507 5119 1791 5191 temporis
1852 5120 2083 5192 lapsum

433 5212 702 5286 impunis
731 5212 924 5283 fuerit,
956 5211 1112 5267 idem
1140 5214 1337 5265 tamen
1372 5208 1431 5262 in
1457 5207 1585 5263 vitae
1616 5208 1867 5265 termino
1900 5208 2085 5267 multo

506 5339 620 5411 (11)
652 5334 1238 5411 Quantoperevirum
1273 5332 1931 5411 principemiracundia
1979 5335 2085 5411 de-

432 5403 954 5480 deceat,sapienter
981 5407 1243 5480 disputat
1269 5403 1463 5465 Cicero
1503 5404 1576 5480 ir_1_
1595 5404 1811 5480 iusigni
1840 5403 2082 5480 illaAepi-

428 5481 577 5536 stola
607 5475 679 5536 ad
710 5475 777 5544 Ο,
833 5475 1095 5549 fratrem,
1128 5479 1154 5532 1
1188 5494 1201 5544 ;
1247 5491 1472 5532 necnon
1531 5475 1749 5532 Tuscul
1789 5492 1864 5542 1v,
1894 5475 2080 5547 22,‘et

428 5552 504 5607 De
528 5568 645 5625 rep.
680 5570 742 5618 II,
775 5553 862 5605 41.

498 5624 611 5696 (12)
642 5624 730 5678 Ita
774 5621 928 5696 cold.
972 5636 1075 5693 pro
1106 5616 1519 5694 ὀργιζομένους,
1599 5619 1715 5676 uod
1746 5618 1923 5676 estin
1987 5634 2081 5693 ge-

428 5693 614 5758 nuina
640 5693 922 5755 oratione.

2199 4672 2469 4750 τιμωρίαν
2542 4674 2658 4728 καθ’
2714 4673 2773 4728 ’ὀν
2836 4672 2899 4729 ού
2954 4673 3209 4749 γινώσκει
3265 4668 3456 4750 καιρόν
3492 4695 3505 4708 ·
3564 4655 3834 4750 ὥσπερέν

2199 4744 2318 4825 τοῖς
2354 4744 2543 4827 ’θείοις
2599 4761 2690 4817 καὶ
2746 4762 2916 4839 ἱεροῖς
2964 4744 3182 4837 λογίοις
3230 4744 3506 4835 ἀκούομεν
3559 4756 3648 4813 καὶ
3704 4744 3838 4839 διδα-

2200 4851 2458 4925 σκόμεθα,
2490 4850 2575 4906 ὅτι
2622 4850 2674 4906 ἐν
2725 4836 2922 4913 ἄλλοις
2969 4836 3231 4924 πταίομεν
3260 4856 3496 4928 καιροῖς,
3545 4847 3596 4903 ἐν
3654 4836 3833 4928 ἄλλρις

2199 4935 2663 5015 ἀπολαμϐάνομεν
2700 4962 2713 4976 ’
2770 4940 2950 5018 ὥσπερ
3002 4937 3224 5014 οἷ’δαμεν
3283 4924 3387 4996 ὑπδ
3435 4939 3605 5014 λιμοῦ
3649 4924 3830 5018 παθόγ·

2196 5052 2292 5094 τας
2322 5010 2412 5085 καὶ
2458 5010 2584 5093 τοὺς
2633 5010 2976 5092 Γαϐαωνίτας
3022 5010 3154 5104 (13)..
3188 5028 3257 5085 Εἴ
3307 5026 3351 5084 δ’
3394 5010 3525 5090 ἴσως
3566 5026 3660 5081 τοῦ
3704 5010 3829 5104 χρέ-

2197 5142 2288 5175 νου
2343 5119 2784 5197 παρατρέχοντος
2839 5098 3193 5195 ἀτιμώρητος
3249 5117 3538 5196 φαίνεται,
3597 5107 3717 5183 ᾁλλ’
3781 5098 3827 5203 ἐξ

2194 5214 2274 5282 τῷ
2300 5207 2446 5264 τέλει
2499 5215 2600 5278 τῆς
2651 5213 2797 5278 ζωῆς
2828 5206 3289 5263 πολλαπλασίονα
3343 5205 3693 5275 ὑποστήσεται
3748 5206 3828 5245 και

2268 5333 2381 5405 (13)
2444 5331 2596 5405 Male
2674 5332 3017 5405 explicavit-
3061 5331 3487 5405 Metaphrastes
3556 5315 3818 5405 Nicepho-

2268 5349 2381 5405 (ιδ)
2446 5349 2596 5388 male
2674 5349 2743 5389 ex
2787 5349 2980 5388 ucavu
3061 5349 3487 5405 metaphrastes
3556 5349 3806 5397 LVluuyLiv'

2195 5404 2457 5478 rum,qui_
2485 5410 2637 5461 recte
2668 5349 2844 5478 haget
2872 5404 2900 5457 6
2935 5402 3067 5478 ὑπὲρ
3082 5406 3189 5457 τῶν
3225 5408 3580 5478 Γαοαωνιτῳγ
3612 5386 3806 5478 λξμόυ,ξ

2196 5450 2572 5533 οοῖιέέιηιίθοε
2646 5474 2922 5531 videlicet
2995 5450 3129 5530 cum
3206 5492 3376 5531 sacra
3455 5450 3815 5533 HistorityII

2196 5526 2569 5620 hégf'iiiijii
2590 5526 2924 5620 magna;
2961 5526 3530 5620 igninterpretatiojne
3559 5526 3821 5604 NicePhO‘

2194 5616 2326 5678 rum
2357 5617 2541 5679 malui
2569 5616 2749 5693 quam
2767 5616 3241 5693 Metaphrastem
3299 5616 3495 5693 sequi.
