4154 6438
280 436 392 497 621

1434 434 1729 494 ORATIO
1772 434 1874 493 DE
1921 429 2152 493 REGIS
2196 433 2547 495 OFFlClIS.

3581 441 3698 502 622

276 563 437 620 δώσει
484 565 585 633 τήν
633 563 929 639 τιμωρίαν.
970 563 1114 624 Τέως
1159 584 1221 639 γε
1272 564 1379 636 μὴν
1430 561 1493 617 οὐ
1544 559 1767 617 δυνατὸν
1814 559 1935 617 δια-

2055 566 2247 635 majus
2278 564 2638 636 supplicium
2670 566 2911 622 subibit.
2945 568 3185 623 [nterim
3210 585 3342 625 vero
3370 570 3521 626 haud
3558 572 3700 628 ell‘u-

276 658 456 732 φυγεῖν
516 652 675 708 αὐτὸν
744 654 807 708 τὸ
864 654 1012 729 παρά
1066 653 1281 707 πάντων
1344 658 1636 724 μισεῖσθαισ
1683 652 1778 706 κᾶν
1840 649 1931 706 διὰ

276 739 480 798 δειλίαν
530 742 583 797 οἱ
634 746 916 816 μισοῦντες
965 741 1027 796 οὐ
1079 738 1378 797 δεικνύουσι
1414 741 1478 795 τὸ
1512 746 1691 814 μῖσος,
1722 738 1847 795 ἀλλ’
1876 739 1926 795 ἐν

273 830 352 905 τῷ
405 834 631 908 κρυπτῷ
686 837 786 900 τῆς
837 831 1025 907 ψυχῆς
1083 830 1173 886 καὶ
1231 829 1282 884 ἐν
1340 834 1456 892 τοῖς
1545 827 1927 906 διαλογισμοῖς

274 914 464 997 ἔχουσι
500 921 617 975 κατ’
666 918 850 977 αὐτοῦ.
898 917 1189 975 Καταπολὺ
1242 916 1300 974 δέ
1367 918 1477 973 ἐστι
1541 917 1788 975 καλλίων
1837 919 1929 974 καὶ

276 1008 705 1086 ὠφελιμώτερος
735 1010 763 1065 6
794 1006 885 1063 διὰ
915 1010 1015 1078 τὴν
1043 1007 1398 1085 χρηστότητα
1425 1014 1526 1077 τῆς
1559 1008 1790 1084 γνώμης
1838 1008 1928 1064 καὶ

274 1099 373 1168 τὴν
408 1097 615 1154 σύνεσιν
646 1097 737 1153 καὶ
772 1098 871 1167 τὴν
921 1097 1118 1173 ἀρετὴν
1163 1096 1268 1152 ἀπὸ
1318 1104 1514 1167 κοινῆς
1560 1097 1792 1173 γνώμης
1844 1099 1929 1152 αἱ-

278 1188 428 1265 ρετὸς
461 1185 717 1264 βασιλεὺς
744 1191 842 1241 τοῦ
892 1183 982 1241 διὰ
1028 1187 1090 1241 τὸ
1134 1185 1457 1241 κολαστικὸν
1504 1186 1594 1240 καὶ
1641 1185 1704 1240 τὸ
1754 1185 1927 1261 βίαιον

275 1271 514 1355 φοϐεροῦ
562 1274 912 1354 φαινομένου·
972 1275 1065 1330 τὸν
1130 1274 1225 1348 μὲν
1296 1274 1397 1351 γὰρ
1481 1274 1587 1329 ἀπὸ
1646 1271 1932 1337 διαθέσεως

274 1363 361 1421 καί
410 1366 646 1441 γνώμης
701 1366 887 1434 κοινῆς
948 1364 1158 1440 αἱρετὸν
1218 1361 1446 1438 βασιλέα
1512 1364 1603 1419 καὶ
1682 1365 1932 1439 ἀγαπῶσι

271 1454 361 1509 καὶ
410 1455 525 1528 μετ’
577 1453 792 1516 εὐνοίας
841 1447 1156 1530 φοϐοῦνταιο
1179 1453 1272 1508 τὸν
1335 1450 1392 1507 δὲ
1438 1451 1762 1508 κολαστικὸν
1814 1451 1930 1507 ἐπι-

274 1545 510 1617 θυμοῦσι
557 1539 764 1621 σφόδρα
811 1541 1110 1621 ἐκφεύγειν.
1162 1546 1291 1604 Πῶς
1363 1539 1411 1597 δ’
1464 1538 1524 1596 ἄν
1582 1563 1665 1604 τις
1718 1539 1930 1597 δύναιτο

273 1629 474 1709 λέγειν,
507 1630 683 1703 πόσην
728 1626 845 1707 ἔχει
889 1631 988 1699 τήν
1041 1629 1437 1706 ἀσχημοσύνην
1470 1631 1498 1684 6
1544 1628 1820 1706 βασιλεὺς,
1854 1630 1931 1686 εἷ’-

269 1742 371 1798 περ
428 1722 693 1795 θυμοῦται
749 1718 1046 1797 ἀκράτητα,
1079 1719 1170 1774 καὶ
1220 1718 1281 1774 οὐ
1341 1721 1546 1791 συνήθη
1578 1722 1800 1791 ποιήσει
1827 1721 1928 1790 τὴν

271 1812 459 1887 ψυχὴν
524 1809 688 1865 αὐτοῦ
749 1807 1034 1883 ὑπομένειν
1098 1808 1190 1863 καὶ
1255 1806 1504 1884 κατέχειν
1554 1810 1617 1864 τὸ
1672 1813 1779 1884 πῦρ
1833 1813 1930 1864 τοῦ

270 1902 487 1973 θυμοῦ;
550 1898 716 1954 ὁπότε
760 1900 795 1968 ἡ
826 1896 1026 1953 τούτου
1079 1894 1217 1976 φλὸξ
1268 1897 1492 1953 ἀνάπτει
1552 1900 1651 1967 τὴν
1703 1895 1927 1975 καρδίαν
1965 1939 2013 2004 Β

342 1988 356 2004 κ
435 1988 450 2004 ,
563 1986 618 2004 κ,
830 1991 861 2002 ..
1015 1986 1029 2004 ε
1125 1988 1138 2004 ς
1338 1984 1386 2004 M
1530 1985 1555 2004 η

270 1988 359 2043 καὶ
424 1986 733 2066 ἀναφλέγει,
763 1991 861 2042 τοῦ
907 1986 1031 2062 περὶ
1078 1988 1178 2056 τήν
1227 1984 1449 2065 καρδίαν
1500 1985 1730 2061 α’ίματος
1774 2008 1933 2065 περι-

273 2076 492 2146 ζέοντος
572 2077 665 2131 καὶ
747 2077 1178 2152 ταρασσομένου.
1246 2076 1297 2131 έν
1355 2077 1460 2153 γὰρ
1515 2082 1634 2141 τοῖς
1690 2076 1935 2155 ἀγγείοις

266 2170 364 2221 τοῦ
423 2164 680 2239 σώματος
742 2164 809 2220 τὸ
866 2165 1004 2238 αἷμα
1059 2164 1592 2242 στενοχωρούμενον,
1652 2165 1743 2221 καὶ
1798 2166 1935 2242 πρὸς

264 2256 362 2326 τὴν
452 2253 554 2328 ἔξω
622 2253 930 2331 ἐπιφάνειαν
1009 2254 1329 2331 βιαζόμενον
1401 2256 1643 2332 τρέχειν,
1693 2255 1757 2310 τὸ
1833 2255 1928 2329 μὲν

264 2344 562 2421 πρόσωπον
616 2342 946 2419 ὠγκωμένον
1004 2347 1172 2412 ποιεῖ,
1202 2343 1293 2397 καὶ
1349 2343 1456 2399 ἀπὸ
1487 2342 1760 2399 ἀναιδείας
1803 2342 1931 2419 ἐρυ-

267 2432 416 2509 θρόν·
448 2430 563 2486 εἶτα
606 2430 697 2486 καὶ
759 2430 955 2505 μέλαν,
983 2435 1080 2486 τοῦ
1129 2428 1330 2486 λοιποῦ
1387 2432 1643 2505 σώματος
1696 2430 1930 2488 κλονου-

272 2521 434 2593 μένου
502 2540 563 2576 τε
625 2520 716 2575 καὶ
781 2520 1205 2594 ταραττομένων
1267 2520 1395 2583 τοὺς
1473 2518 1532 2576 δὲ
1608 2520 1931 2599 ὀφθαλμοὺς

271 2606 583 2686 πυροειδεῖς
633 2607 723 2663 καὶ
773 2605 1106 2687 φλογώδεις,
1136 2608 1227 2664 καὶ
1278 2607 1426 2672 οἵους
1471 2614 1578 2665 τῶν
1622 2607 1928 2686 δρακόντων

272 2698 561 2772 ἀκούομεν,
611 2697 856 2760 ἀτάκτως
902 2696 993 2752 καὶ
1044 2702 1285 2775 συνεχῶς
1335 2700 1687 2773 κινουμένους
1735 2720 1795 2754 τε
1840 2698 1933 2753 καί

275 2784 688 2859 ἀναπηδῶντας,
718 2786 810 2842 καὶ
838 2787 967 2850 τοὺς
1013 2786 1249 2850 οἷ’κείους
1289 2786 1450 2863 ὅρους
1500 2787 1751 2867 ἐκφυγεῖν
1802 2788 1930 2865 βου-

278 2872 565 2948 λομένους·
624 2876 724 2946 τὴν
815 2872 874 2931 δὲ
956 2876 1140 2953 φωνὴν
1225 2875 1314 2931 ἐπὶ
1375 2878 1514 2952 μέγα
1565 2876 1779 2951 ἐξαίρει’
1839 2878 1931 2931 καὶ

277 2961 404 3026 τοὺς
460 2963 666 3038 λόγους
719 2963 983 3026 ἀτάκτους
1040 2963 1130 3019 καὶ
1193 2965 1269 3038 μὴ
1321 2962 1628 3036 δηλοῦντας
1655 2970 1806 3021 ποιεῖ
1836 2987 1930 3021 σα-

281 3055 397 3128 φῶς
424 3053 490 3107 τά
540 3051 828 3129 λεγόμενα,
863 3050 953 3107 διά
978 3054 1042 3108 τὸ
1070 3051 1216 3109 πολὺ
1272 3060 1373 3123 τῆς
1432 3053 1620 3131 ὀργῆς.
1655 3051 1928 3117 Βασιλέως

277 3139 458 3196 τοίνυν
508 3140 648 3197 οὕτω
691 3139 1058 3215 διακειμένου,
1101 3143 1352 3212 ποταπὴν
1401 3141 1642 3214 οἷήοεταί
1691 3164 1772 3206 τις
1824 3143 1927 3213 τὴν

276 3230 594 3285 κατάστασιν
650 3237 751 3301 τῆς
807 3229 1004 3286 τούτου
1061 3233 1281 3307 ψυχῆς;
1341 3233 1431 3295 Ὡς
1489 3231 1766 3308 εὐστόχως
1826 3228 1929 3309 ἄρα

2038 670 2171 724 gere
2195 660 2385 724 potest
2418 654 2743 709 universale
2774 655 2975 709 odium
3006 674 3017 710 :
3053 658 3325 728 quamvis
3377 661 3535 715 enim
3585 660 3700 715 ini-

2041 741 2171 796 mici
2203 742 2332 811 ejus
2365 743 2687 818 retinentur
2718 746 2875 798 metu
2907 744 3227 816 quominus
3257 746 3458 803 odium
3491 748 3686 804 decla-

2040 834 2187 898 rent,
2246 830 2303 884 in
2359 830 2691 887 animorum
2744 835 2936 887 tamen
2990 850 3202 889 arcano
3279 836 3689 909 mentiumque

2038 917 2280 973 latebris
2309 918 2459 974 iram
2490 919 2704 975 fovent.
2740 920 2921 975 Valde
2953 938 3089 993 ergo
3117 928 3355 994 praestat
3405 932 3686 998 opportu-

2038 1005 2286 1079 niorque
2317 1013 2405 1063 est
2436 1008 2554 1065 leni
2584 1010 2779 1065 animo
2810 1009 3088 1081 praeditus
3121 1028 3242 1079 rex,
3274 1013 3375 1084 qui
3407 1015 3482 1069 ob
3512 1032 3683 1070 suam

2038 1096 2415 1167 prudentiam
2464 1101 2638 1170 atque
2700 1099 2981 1154 virtutem
3049 1102 3350 1157 communi
3416 1103 3696 1177 suffragio

2039 1188 2269 1241 creatus
2301 1186 2492 1253 fuerit,
2545 1203 2726 1259 quam
2774 1188 2875 1259 qui
2933 1188 3243 1261 suppliciis
3302 1207 3368 1246 ac
3417 1191 3697 1249 violentia

2037 1276 2411 1331 tremendum
2442 1291 2505 1330 se
2560 1275 2778 1331 fecerit.
2831 1276 3061 1333 Etenim
3121 1294 3322 1351 regem
3380 1297 3450 1337 ex
3511 1282 3695 1338 animi

2039 1364 2331 1419 sententia
2360 1366 2776 1437 communique
2803 1371 2935 1422 voto
2979 1367 3274 1424 delectum
3328 1376 3532 1427 amant
3570 1390 3697 1429 om-

2039 1469 2164 1524 nes,
2195 1457 2252 1509 et
2279 1471 2415 1509 cum
2447 1454 2848 1511 benevolentia
2876 1461 3154 1512 verentur
3182 1476 3195 1526 ;
3227 1476 3448 1515 saevum
3498 1477 3695 1534 regem

2039 1557 2392 1613 magnopere
2421 1548 2767 1599 aversantur
2795 1548 2974 1615 atque
3003 1545 3285 1604 devitant.
3321 1547 3463 1612 Quis
3495 1555 3694 1605 autem

2040 1630 2186 1686 satis
2216 1630 2409 1687 dicere
2456 1637 2651 1703 queat,
2712 1649 2893 1704 quam
2946 1637 3119 1706 turpe
3177 1635 3254 1690 sit
3311 1653 3508 1709 regem
3569 1638 3698 1695 sine

2042 1720 2214 1775 modo
2243 1719 2341 1774 iraa
2372 1720 2698 1793 indulgere,
2731 1737 2925 1794 neque
2954 1722 3221 1780 animum
3253 1742 3432 1782 suum
3463 1727 3535 1781 ad
3592 1744 3697 1799 pa-

2040 1808 2309 1864 tientiam
2332 1809 2739 1865 consuefacere
2765 1814 2941 1882 atque
2962 1813 3034 1867 ad
3062 1813 3422 1870 cohibendas
3451 1814 3696 1872 iracun-

2042 1897 2151 1953 diae
2172 1897 2491 1954 ﬂammas?
2520 1898 2788 1965 videlicet
2824 1916 2960 1955 cum
3011 1900 3195 1972 hujus
3242 1904 3417 1960 ardor
3461 1904 3692 1961 viscera

2043 1986 2306 2043 incendit
2335 1992 2511 2059 atque
2541 1988 2802 2059 perurit;
2836 2005 3095 2061 cumque
3123 1991 3371 2063 sanguis
3401 1996 3557 2049 circa
3594 2011 3695 2049 cor

2045 2077 2221 2132 fervet
2265 2093 2331 2131 ac
2378 2076 2795 2134 tumultuatur.
2847 2078 3071 2150 Quippe
3118 2079 3177 2134 in
3228 2081 3489 2152 corporis
3536 2083 3696 2139 vasis

2044 2180 2419 2237 compressus
2470 2165 2713 2237 sanguis
2762 2170 2937 2238 atque
2985 2167 3056 2222 ad
3104 2168 3258 2224 cutis
3325 2170 3695 2240 superﬁciem

2043 2269 2391 2309 concurrere
2422 2254 2685 2325 adactus,
2717 2253 2948 2309 vultum
2975 2254 3213 2325 quidem
3246 2242 3546 2313 tumidum
3577 2259 3698 2314 efﬁ-

2044 2341 2123 2397 cit
2150 2341 2644 2415 impudenterque
2686 2344 3035 2412 rubentem;
3086 2347 3216 2399 tum
3269 2345 3446 2401 etiam
3496 2347 3698 2420 nigros

2043 2428 2267 2485 colores
2300 2429 2500 2496 trahit,
2533 2435 2589 2485 et
2608 2447 2824 2502 corpus
2852 2431 3146 2503 reliquum
3181 2432 3447 2505 quatitur
3476 2437 3533 2490 et
3580 2438 3695 2491 tre-

2044 2518 2276 2573 miscit:
2311 2517 2460 2573 oculi
2492 2518 2648 2591 ignei
2678 2518 3073 2587 ﬂammeique,
3106 2519 3310 2593 quales
3332 2522 3694 2594 serpentium

2042 2623 2171 2663 esse
2200 2607 2501 2675 audimus,
2532 2608 2916 2680 incomposite
2938 2614 3335 2681 perpetuoque
3357 2616 3687 2683 moventur,

2041 2695 2129 2751 vel
2159 2697 2355 2768 potius
2386 2698 2704 2769 agitantur.
2741 2697 2987 2770 suisque
3041 2697 3281 2754 sedibus
3331 2698 3563 2756 exsilire
3607 2700 3693 2756 vi-

2041 2786 2289 2841 dentur:
2320 2802 2431 2841 vox
2460 2802 2815 2858 magnopere
2838 2786 3200 2843 intenditur:
3253 2803 3448 2844 sermo
3499 2805 3692 2861 neque

2040 2866 2353 2929 verborum
2408 2874 2764 2930 sententiam
2813 2879 3011 2946 aperte
3070 2875 3435 2948 signiﬁcans,
3505 2893 3696 2949 neque

2041 2961 2369 3031 ordinatus,
2416 2962 2505 3018 ira
2552 2963 2738 3020 nimia
2783 2963 3157 3036 impediente.
3210 2965 3354 3021 Cum
3413 2982 3549 3039 ergo
3595 2983 3697 3022 rex

2041 3051 2122 3105 ita
2151 3067 2225 3106 se
2243 3050 2440 3119 habet,
2475 3051 2718 3123 quinam
2749 3052 2858 3107 erit
2888 3052 3071 3108 animi
3101 3054 3229 3124 ejus
3261 3057 3453 3110 status
3473 3056 3501 3110 ‘I
3524 3054 3698 3111 Recte

2038 3138 2222 3212 igitur
2268 3144 2444 3212 atque
2474 3140 2703 3213 egregie
2732 3141 2880 3197 dixit
2899 3141 3206 3209 Salomon,
3236 3143 3426 3199 virum
3458 3143 3694 3199 iracun'I-

2039 3228 2181 3284 dum
2210 3245 2325 3284 non
2351 3245 2481 3285 esse
2501 3235 2838 3286 venustum.
2865 3232 3259 3296 Quamobrem
3280 3231 3379 3287 irae
3397 3233 3700 3304 perturba-

273 3317 365 3372 καὶ
406 3316 589 3381 καλῶς
634 3318 778 3375 εἶπεν
808 3321 837 3375 ὁ
870 3305 1177 3394 Σολομὼν,
1196 3318 1282 3375 ὅτι
1328 3317 1593 3394 θυμώδης
1640 3305 1779 3395 ἀνὴρ
1832 3305 1931 3376 οὐκ

2046 3317 2125 3373 tio
2154 3317 2401 3390 indigna
2449 3334 2694 3391 prorsus
2745 3323 2835 3376 est
2882 3321 3188 3391 majestate
3239 3321 3401 3394 regia
3447 3338 3699 3395 eamque
3739 3398 3745 3405 _

272 3405 573 3483 εὐσχήμων
640 3409 774 3483 (14)·
852 3405 943 3463 διὰ
1008 3412 1170 3464 τοῦτο
1234 3410 1326 3464 καὶ
1392 3408 1627 3487 ἀπρεπὲς
1688 3408 1928 3474 καθόλου

268 3494 361 3549 καὶ
394 3496 607 3567 ἀνάξιον
633 3497 698 3552 τὸ
725 3501 823 3552 τοῦ
871 3499 1046 3571 θυμοῦ
1095 3495 1270 3562 πάθος
1323 3503 1424 3569 τῆς
1485 3496 1777 3573 βασιλικῆς
1835 3520 1928 3554 κο-

271 3583 596 3657 σμιότητος.

341 3675 415 3730 Δ’.
450 3677 612 3728 Λαῶν
661 3676 1003 3751 κοσμήτορες
1063 3675 1115 3729 οἱ
1170 3674 1416 3751 βασιλεῖς
1487 3672 1717 3732 ἔκπαλαι
1786 3676 1932 3754 παρὰ

265 3766 373 3817 τῶν
435 3766 621 3840 σοφῶν
683 3761 1095 3836 ὠνομάσθησαν,
1127 3764 1219 3819 καὶ
1277 3763 1535 3839 ποιμένες
1595 3764 1741 3821 λαῶν
1794 3768 1928 3841 (15).

264 3851 322 3905 Ὁ
354 3848 413 3907 δὲ
440 3852 812 3928 προτιμηθεὶς
852 3852 927 3914 εἰς
983 3850 1382 3926 καλλωπισμὸν
1439 3852 1597 3927 λαοῦ,
1632 3853 1812 3932 ὥσπερ
1878 3854 1929 3910 έν

264 3937 547 4014 πολέμοις
602 3941 632 3996 6
692 3940 1011 4017 στρατηγὸς,
1065 3941 1205 4006 καθὰ
1260 3946 1480 4016 πρῶτος
1534 3942 1786 4019 ἀρχηγὸς
1844 3943 1935 3998 καὶ

264 4025 604 4092 διδάσκαλος
633 4033 741 4084 τῶν
773 4030 948 4101 ἠθῶν,
978 4029 1153 4100 πόσην
1184 4031 1353 4087 πλέον
1396 4036 1504 4087 τῶν
1554 4030 1742 4087 ἄλλων
1791 4030 1937 4110 ὀφεί-

264 4114 348 4173 λει
410 4117 568 4195 ἔχειν
620 4117 781 4182 οὗτος
836 4119 938 4188 τὴν
993 4119 1371 4198 κοσμιότητα;
1421 4120 1594 4191 πόσην
1657 4118 1716 4175 δὲ
1771 4118 1936 4194 ἐπιμέ

262 4204 416 4263 λειαν
479 4206 576 4262 καὶ
628 4206 756 4281 περὶ
812 4207 881 4263 τὰ
932 4202 1181 4284 πρόϐατα
1236 4209 1265 4264 6
1322 4210 1533 4282 ποιμὴν
1567 4206 1934 4278 ἐνδείκνυται;

262 4294 415 4371 ἄγων
484 4295 587 4370 μὲν
643 4295 731 4350 ἐπὶ
787 4297 962 4370 νομὰς
1022 4296 1247 4373 ἀγαθὰς,
1307 4298 1518 4374 τέρπων
1579 4295 1639 4353 δὲ
1693 4298 1783 4353 καὶ
1851 4298 1938 4354 εὐ-

261 4385 519 4462 φραίνων
574 4384 711 4440 αὐτά
771 4386 908 4459 μετὰ
960 4384 1144 4442 αὐλῶν
1197 4387 1289 4442 καὶ
1346 4386 1624 4461 ᾀσμάτων*
1684 4387 1747 4442 οὐ
1777 4408 1940 4442 κατα-

262 4469 582 4549 δεσμεύων,
619 4471 747 4529 οὐδὲ
800 4473 1023 4544 πιέζων,
1084 4471 1211 4530 οὐδὲ
1264 4469 1495 4547 θλίϐων,
1550 4472 1676 4531 οὐδὲ
1730 4473 1941 4548 λυπῶν,

262 4558 356 4618 διὰ
384 4562 673 4641 πρόφασιν
722 4561 933 4618 αἰτιῶν·
976 4566 1145 4618 ταῦτα
1185 4563 1287 4640 γὰρ
1337 4563 1400 4618 οὐ
1445 4563 1619 4620 καλοῦ
1663 4563 1764 4620 εἰσι
1812 4585 1942 4620 ποι-

267 4651 453 4724 μένος,
522 4648 650 4706 οὐδὲ
705 4652 842 4706 κατά
896 4652 987 4706 τὸν
1038 4651 1389 4728 εὐαγγελικὸν
1447 4654 1671 4729 ὁρισμὸν
1739 4655 1941 4708 τιθέναι

258 4740 361 4809 τὴν
423 4741 625 4817 ψυχὴν
676 4740 809 4817 ὑπὲρ
861 4746 964 4810 τῆς
1021 4740 1264 4815 ποίμνης
1294 4739 1752 4816 πεπαιδευμένου.
1787 4742 1857 4797 Τὸ
1889 4740 1947 4797 δὲ

265 4830 345 4902 μὴ
406 4829 709 4885 λυπεῖσθαι
762 4828 851 4884 ἐπὶ
898 4833 968 4904 τῇ
997 4828 1349 4907 ταλαιπωρίᾳ
1408 4830 1499 4886 καὶ
1558 4835 1628 4905 τῇ
1686 4826 1945 4905 συντριϐῇ

262 4922 375 4973 τῶν
426 4918 792 4997 ἀρχομένων,
820 4926 922 4989 τῆς
971 4913 1094 4991 ἴσης
1143 4920 1233 4976 καὶ
1277 4919 1471 4993 ὁμοίας
1528 4919 1737 4998 φύσεως
1787 4921 1951 4991 ἠξιω-

271 5006 458 5080 μένων
526 5008 674 5083 παρά
730 5012 887 5080 Θεοῦ,
920 5005 1067 5063 ἀλλά
1113 5007 1400 5085 τέρπεσθαι
1454 5008 1545 5064 καὶ
1595 5008 1808 5085 χαίρειν
1861 5009 1950 5064 ἐπὶ

266 5101 390 5158 τοῖς
448 5097 654 5173 ἑτέρων
713 5103 925 5167 κακοῖς,
959 5096 1151 5169 ὅμοιόν
1214 5097 1324 5152 ἐστι
1383 5104 1483 5167 τῆς
1515 5098 1808 5171 ὠμότητος
1861 5098 1950 5153 καὶ

271 5183 592 5262 θηριωδίας
629 5190 736 5241 τοῦ
795 5181 1224 5259 διαϐεϐοημένου
1284 5186 1489 5241 ἐκείνου
1548 5185 1775 5262 Ἐχέτου
1815 5188 1949 5261 (16).

270 5275 332 5328 Ὃ
361 5261 685 5351 Σέσωστρις
735 5276 764 5329 ὁ
801 5280 909 5330 τῶν
961 5274 1267 5352 Δί’γυπτίων
1312 5274 1403 5330 καὶ
1448 5261 1746 5352 Ἀσσυρίων
1798 5273 1952 5331 δυνά-

272 5383 439 5435 στης,
500 5361 761 5439 βασιλέας
817 5362 1066 5426 πολλοὺς
1126 5361 1567 5437 δουλωσάμενος,
1599 5361 1792 5441 σχεδὸν
1850 5366 1952 5441 γὰρ

378 5614 475 5684 14)
508 5614 785 5684 Proverb.
817 5632 896 5684 x1,
927 5616 1020 5684 25,
1054 5616 1145 5672 ed.
1169 5615 1271 5672 Gr.

378 5615 449 5668 14
508 5614 785 5670 Proverb.
817 5632 896 5684 x1,
927 5616 1001 5671 25
1054 5616 1145 5672 ed.
1169 5615 1271 5672 Gr.
1740 5614 1743 5615 ⁷

349 5614 799 5760 ξιῦζ-Πιισεᾳυε
858 5661 1172 5759 appellatio
1222 5686 1481 5760 occurrit
1540 5687 1697 5759 apud
1742 5686 1957 5745 Home-

276 5756 643 5817 ru'm.'Tum
672 5756 853 5818 etiam
889 5756 954 5817 iri
997 5760 1168 5820 Creta
1213 5758 1435 5835 publici
1480 5756 1736 5820 rectores
1784 5776 1956 5822 voca-

2039 3407 2371 3462 dedecorat.

2071 3658 2080 3665 .
2114 3673 2205 3729 IV.
2240 3675 2352 3730 Rea:
2378 3675 2452 3729 sit
2478 3673 2740 3731 clemens.
2774 3707 2843 3716 —
2874 3675 3231 3748 Populorum
3273 3678 3694 3751 compositores

2042 3762 2183 3818 dicti
2216 3767 2354 3817 sunt
2375 3763 2513 3818 olim
2545 3781 2578 3819 a
2602 3765 2968 3837 sapientibus
3000 3783 3187 3838 reges,
3220 3767 3479 3838 itemque
3506 3774 3695 3839 pasto-

2042 3869 2134 3908 res
2164 3852 2536 3925 populorum.
2568 3854 2699 3909 Jam
2732 3855 2833 3925 qui
2882 3860 3037 3910 recte
3084 3856 3430 3912 instruendo
3478 3858 3692 3929 populo

2042 3942 2394 4014 praepositus
2424 3947 2514 3997 est
2544 3942 2722 4014 (haud
2754 3942 2921 3998 aliter
2951 3960 3131 4015 quam
3162 3945 3222 3999 in
3271 3947 3555 4001 excercitu
3604 3953 3694 4004 est

2046 4030 2407 4103 imperator),
2442 4036 2507 4087 ut
2527 4048 2759 4087 morum
2791 4032 3013 4088 scilicet
3041 4034 3463 4106 antesignanus
3500 4037 3577 4091 sit
3607 4042 3693 4091 at-

2050 4136 2165 4193 que
2194 4118 2493 4192 magister,
2533 4124 2814 4191 quantam
2872 4121 2925 4176 is
2983 4138 3281 4194 quamque
3338 4123 3696 4195 praecipuam

2047 4207 2231 4265 moris
2261 4208 2480 4281 proprii
2511 4209 2997 4279 compositionem
3027 4227 3144 4281 prae
3175 4228 3238 4266 se
3285 4211 3433 4267 ferre
3481 4213 3699 4268 debet?

2042 4304 2171 4370 'Age
2199 4297 2283 4354 sis
2304 4297 2612 4353 considera
2641 4302 2921 4369 quantam
2943 4299 3136 4371 gregis
3159 4300 3250 4354 sui
3273 4316 3475 4356 curam
3500 4305 3702 4372 pastor

2050 4385 2374 4458 expromit:
2410 4404 2483 4441 au
2516 4387 2813 4458 pastiones
2843 4388 3052 4443 uberes
3083 4388 3265 4457 ducit,
3305 4389 3507 4445 fistula
3558 4407 3700 4446 can-

2052 4481 2234 4547 tuque
2265 4474 2518 4531 oblectat
2547 4481 2604 4530 et
2632 4481 2890 4544 recreat;
2924 4493 3111 4548 neque
3133 4494 3304 4548 porro
3323 4478 3572 4534 vinculis
3591 4478 3703 4533 im-

2056 4565 2231 4637 pedit,
2267 4580 2458 4636 neque
2495 4568 2682 4632 vexat,
2734 4580 2923 4636 neque
2967 4565 3054 4620 illi
3102 4565 3410 4639 culparum
3461 4568 3703 4624 obtentu

2053 4652 2247 4727 gravis
2277 4653 2631 4709 molestusve
2663 4657 2771 4709 est.
2805 4653 2931 4709 Non
2963 4654 3121 4709 enim
3170 4654 3230 4709 id
3274 4655 3411 4711 boni
3454 4655 3707 4729 pastoris

2056 4743 2318 4799 ofﬁcium
2351 4742 2515 4812 foret,
2552 4758 2741 4814 neque
2770 4743 2898 4813 ejus
2927 4742 3031 4814 qui
3062 4760 3131 4798 ex
3147 4744 3479 4815 evangelica
3501 4761 3711 4800 norma

2059 4848 2162 4905 pro
2193 4847 2366 4903 grege
2400 4830 2658 4886 animam
2691 4847 2907 4903 ponere
2938 4832 3180 4887 edoctus
3211 4833 3343 4887 fuit.
3387 4833 3561 4889 Porro
3609 4850 3711 4888 rex

2059 4920 2161 4993 qui
2191 4918 2630 4975 calamitatibus
2661 4921 3098 4992 angoribusque
3125 4921 3497 4978 subditorum
3520 4922 3710 4978 homi-

2061 5026 2202 5064 num
2237 5026 2351 5063 non
2385 5013 2807 5080 commovetur,
2842 5026 2990 5079 quos
3021 5014 3172 5065 Deus
3202 5009 3567 5083 homogenea
3606 5028 3712 5066 na—

2060 5103 2196 5153 tura
2226 5096 2480 5167 donavit,
2516 5097 2697 5152 immo
2740 5099 2913 5152 etiam
2965 5097 3170 5153 alienis
3221 5099 3450 5154 laetatur
3500 5098 3711 5155 malis:

2061 5187 2177 5251 hic,
2197 5186 2462 5258 inquam,
2492 5202 2591 5241 rex
2616 5186 2689 5240 ab
2719 5185 2879 5242 illius
2912 5187 3240 5259 famigerati
3273 5187 3469 5244 Echeti
3496 5188 3717 5244 saevitia

2064 5275 2447 5346 moribusque
2478 5274 2682 5330 ferinis
2713 5292 2829 5330 non
2862 5276 3048 5331 abest.
3081 5277 3485 5349 [Egyptiorum
3540 5280 3719 5350 Assy-

2065 5364 2407 5435 riorumque
2436 5380 2536 5418 rex
2580 5363 2884 5435 Sesostris,
2936 5363 3138 5421 multis
3188 5365 3428 5422 devictis
3480 5366 3718 5438 regibus

2066 5616 2283 5671 bantur
2307 5627 2525 5687 casm.
2553 5611 2795 5669 Aristot.
2818 5614 2892 5669 De
2928 5629 3043 5685 rep.
3078 5615 3270 5687 11,10;
3312 5614 3452 5671 item
3481 5612 3605 5671 Cic.
3642 5614 3726 5671 De

2065 5686 2485 5838 rel(it‘il)l’gg§ss.
2506 5771 2673 5818 xvm.
2704 5754 2796 5819 84.
