4154 6414
465 391 583 448 6:23

1723 383 2150 446 NICEPHORI
2200 380 2637 445 BLEMMIDE

3749 382 3861 444 6“

461 521 804 594 (maximam
837 520 991 575 enim
1027 520 1449 592 propemodum
1501 518 1659 574 orbis
1707 521 1932 589 partem
1984 533 2115 589 per-

2243 515 2291 568 τὸ
2347 513 2608 569 πλεῖστον
2672 512 2833 587 μέρος
2885 516 2983 568 τοῦ
3040 511 3251 586 κόσμου
3319 511 3686 585 ὑπεποιήσατο
3739 515 3860 588 (17).

464 609 716 667 domuit)
747 611 806 664 in
828 614 1060 665 tantum
1086 608 1466 681 impudentiae
1491 607 1917 680 proterviazque
1937 607 2117 672 venit,

463 706 531 756 ut
559 705 762 771 captos
794 700 866 754 ab
899 716 962 754 se
993 715 1157 770 reges
1181 698 1380 754 currui
1401 697 1792 768 subjunxerit,
1818 695 2122 768 multaque

465 789 762 844 dementia
820 788 1107 857 tumidus,
1169 789 1422 860 desuper
1475 785 1752 842 sublimis
1833 785 2117 852 residens,

471 879 782 933 brutorum
845 877 1240 932 animantium
1290 876 1416 932 loco
1468 876 1709 947 regibus
1755 875 2118 940 abuteretur,

468 983 654 1039 eaque
700 983 761 1020 re
809 965 1157 1021 stultissime
1213 965 1604 1022 obiectaretur
1660 981 1725 1019 ac
1772 960 2118 1035 superbiret.

468 1057 620 1110 Tum
649 1071 783 1110 vero
817 1072 950 1109 cum
988 1072 1143 1110 unus
1173 1055 1243 1109 de
1275 1054 1606 1125 subjunctis
1639 1051 1838 1108 currui
1884 1051 2121 1122 regibus

468 1141 694 1198 tardius
753 1143 1062 1212 incederet,
1116 1158 1476 1214 causamque
1515 1159 1549 1196 a
1579 1139 1902 1196 Sesostride
1953 1154 2121 1211 roga-

466 1236 648 1297 retur,
682 1231 900 1286 idcirco
931 1248 994 1286 se
1026 1232 1107 1286 ait
1136 1232 1529 1296 demoratum,
1562 1229 1701 1300 quia
1732 1229 1803 1284 ad
1857 1231 2121 1282 rotarum

470 1319 878 1374 conversiones
912 1324 1168 1375 mentem
1201 1319 1552 1374 intenderet.
1587 1317 1871 1373 Sesostris
1925 1320 2122 1371 autem

471 1409 648 1480 probe
678 1407 1033 1479 intelligens,
1065 1408 1122 1462 id
1155 1409 1230 1463 ab
1257 1425 1322 1463 eo
1357 1406 1468 1462 sibi
1501 1406 1746 1474 dictum,
1783 1410 1847 1460 ut
1877 1405 2123 1459 fortuna:

471 1497 926 1552 inconstantiam
963 1496 1512 1567 volubilitatemque
1529 1495 1906 1567 significaret,
1927 1493 2126 1548 mitior

474 1585 529 1639 in
547 1590 843 1656 posterum
869 1584 1328 1657 clementiorque
1351 1585 1480 1640 fuit.
1506 1584 1676 1639 Hiero
1699 1584 2122 1655 Syracusanus,

473 1691 811 1746 quanquam
867 1673 1063 1728 invitis
1116 1674 1330 1729 Siculis
1391 1673 1704 1746 imperium
1777 1672 2124 1744 arripuerat,

473 1763 822 1818 nullitamen
843 1763 1317 1819 adversariorum
1342 1763 1627 1818 molestus
1656 1761 1782 1828 fuit,
1809 1765 2124 1833 postquam

473 1853 718 1923 imperio
750 1851 971 1922 potitus
1001 1861 1085 1908 est
1115 1871 1128 1919 ;
1166 1852 1303 1923 quia
1354 1851 1536 1906 immo
1567 1849 1866 1923 perpetuis
1895 1865 1992 1905 eos
2026 1849 2125 1904 be-

475 1941 698 1994 neficiis
729 1941 974 2007 ornavit,
1009 1945 1185 2011 atque
1215 1945 1278 1994 ut
1311 1940 1470 1994 mitis
1512 1944 1676 2011 pater
1722 1954 1855 1993 cum
1910 1936 2125 2010 populo

475 2034 738 2084 versatus
768 2036 876 2083 est.
939 2029 1081 2100 Ergo
1140 2030 1456 2100 imperium
1518 2045 1703 2082 annos
1764 2032 2016 2098 quatuor
2070 2031 2128 2080 et

475 2119 908 2190 quinquaginta
939 2118 1198 2183 retinuit,
1251 2135 1452 2190 pacem
1488 2117 1687 2190 patria:
1741 2114 2124 2171 conservavit.

477 2207 589 2261 sibi
619 2223 752 2260 vero
783 2206 1043 2277 quietem
1085 2206 1693 2277 imperturbatamque
1729 2203 2126 2274 securitatem,

475 2295 622 2350 Nam
655 2299 712 2348 et
754 2311 867 2348 non
919 2297 1094 2350 semel
1151 2299 1395 2349 conatus
1445 2294 1761 2365 imperium
1815 2292 2126 2364 deponere,

477 2382 895 2437 communibus
929 2381 1124 2454 populi
1158 2381 1428 2454 precibus
1479 2381 1693 2437 vetitus
1727 2381 1854 2437 fuit.
1905 2381 2128 2435 Tantus

479 2477 604 2525 erat
623 2486 764 2543 erga
781 2487 915 2526 eum
939 2471 1310 2526 subditorum
1326 2472 1589 2526 omnium
1607 2470 1804 2526 amor!
1829 2473 2132 2542 propterea

479 2561 634 2631 quod
666 2560 1245 2631 temperantissimus
1277 2565 1434 2615 esset
1455 2565 1511 2615 et
1533 2559 2130 2629 beneﬁcentissimus,

480 2666 833 2720 summaque
865 2651 1188 2721 praesertim
1222 2648 1536 2704 clementia
1568 2648 1874 2720 praeditus.
1915 2646 2133 2702 Similis

480 2738 618 2793 huic
643 2739 907 2794 Alcimus
945 2739 1139 2810 Lydus
1190 2739 1338 2793 fuit:
1390 2743 1564 2809 atque
1615 2738 1830 2792 idcirco
1881 2736 1940 2791 in
1995 2751 2136 2808 pace

483 2843 797 2897 rerumque
846 2828 1111 2882 omnium
1143 2826 1310 2898 copia
1341 2827 1616 2882 subditus
1647 2825 1728 2880 illi
1759 2825 2011 2898 populus
2049 2825 2135 2877 vi-

483 2920 604 2970 tam
636 2916 917 2970 traduxit.
957 2915 1220 2987 Septimo
1269 2915 1537 2971 videlicet
1584 2916 1747 2988 regni
1781 2915 1909 2985 ejus
1957 2931 2133 2980 anno,

481 3004 788 3059 celebratis
822 3005 893 3060 ab
927 3005 1198 3059 universa
1229 3010 1400 3076 gente
1431 3003 1708 3075 comitiis,
1743 3008 1808 3059 ut
1836 3004 1956 3058 vita
1982 3003 2137 3075 regis

482 3097 898 3164 prorogaretur
929 3110 1132 3149 omnes
1165 3094 1462 3165 conceptis
1507 3093 1656 3148 votis
1702 3091 1922 3166 precati
1974 3096 2133 3148 sunt.

485 3180 667 3253 Igitur
695 3180 792 3234 ille
822 3181 1100 3238 diuturno
1131 3198 1248 3237 alvo
1282 3181 1617 3247 incolumis,
1661 3181 1835 3253 Lydis
1889 3179 2136 3236 felicita-

2158 1893 2206 1958 B

2231 602 2318 658 ἐπὶ
2367 608 2621 658 τοσοῦτον
2689 601 2958 665 ἀναιδείας
3004 603 3093 658 καὶ
3141 602 3527 678 ἀναισχυντίας
3575 601 3862 678 ἐχώρησεν,

2230 691 2368 747 ὥστε
2425 691 2552 754 τοὺς
2611 693 2976 765 κρατηθέντας
3042 692 3128 746 ὑπ’
3197 691 3365 748 αὐτῸῦ
3436 689 3679 767 βασιλεῖς
3742 693 3862 748 ὑπο-

2233 781 2404 852 ζεύξαι
2454 780 2506 835 ἐν
2576 783 2798 856 ἅρματι,
2855 782 2989 853 μετᾶ
3057 778 3280 851 πολλῆς
3349 779 3607 842 ἀπονοίας
3670 800 3727 836 τε
3783 780 3864 836 καὶ

2231 869 2505 946 ἐπάρσεως
2557 869 2734 924 ἐπάνω
2778 871 3003 934 καθίσας
3052 869 3252 939 αὐτῶν,
3297 868 3409 925 ἀντὶ
3468 865 3688 945 ἀλόγων
3730 869 3868 938 ζώων

2233 957 2437 1034 ἐχρῆτο
2485 963 2602 1020 τοῖς
2677 957 2976 1030 βασιλεῦσι,
3025 958 3363 1034 τερπόμενος
3414 957 3718 1035 ἀλογίστως
3787 956 3868 1012 καὶ

2233 1047 2630 1122 θρασυνόμενος
2664 1050 2799 1120 (18).
2831 1048 2980 1109 Ἑνὸς
3025 1043 3083 1102 δὲ
3126 1051 3236 1102 τῶν
3285 1046 3698 1124 ὑποζευγμένων
3749 1047 3868 1122 βρα-

2233 1133 2481 1198 δύνοντος
2537 1137 2673 1210 πρὸς
2721 1137 2820 1204 τήν
2871 1135 3104 1206 κίνησιν,
3157 1136 3256 1204 τήν
3311 1135 3486 1191 αἰτίαν
3539 1134 3870 1212 ἐρωτήσαςὸ

2236 1222 2562 1300 Σέσωστρις,
2626 1221 2829 1293 ἤκουσε
2897 1225 3024 1300 παρ’
3091 1223 3317 1293 ἐκείνου,
3367 1222 3457 1279 διά
3521 1229 3684 1280 τοῦτο
3751 1224 3870 1299 βρα-

2233 1310 2431 1384 δύνειν,
2464 1313 2546 1368 ὅτι
2575 1314 2667 1368 τὸν
2723 1312 2987 1389 λογισμὸν
3038 1313 3155 1389 εἶχε
3205 1311 3480 1388 βλέποντα
3525 1314 3626 1382 τὴν
3677 1311 3870 1383 κίνησιν

2231 1407 2340 1456 τῶν
2407 1407 2648 1478 τροχῶν.
2716 1396 3047 1457 Καταλαϐὼν
3093 1399 3151 1458 δὲ
3194 1404 3223 1456 ὁ
3279 1400 3588 1479 Σέσωστρις
3651 1399 3732 1456 ὅτι
3789 1400 3871 1456 τὸν

2232 1495 2480 1546 τοιοῦτον
2533 1490 2699 1566 λόγον
2748 1491 2890 1546 εἶπεν
2941 1489 3111 1564 αὐτῷ,
3158 1491 3221 1545 τὸ
3285 1498 3388 1560 τῆς
3455 1491 3636 1567 τύχης
3699 1487 3872 1561 δηλῶν

2236 1578 2460 1635 ἅστατόν
2518 1601 2577 1635 τε
2633 1580 2724 1636 καὶ
2774 1575 3098 1654 μετάϐολον,
3148 1579 3450 1657 πραότερος
3502 1580 3578 1642 εἰς
3630 1581 3693 1635 τὸ
3764 1579 3874 1649 ἑξῆς

2233 1668 2322 1722 καὶ
2382 1667 2819 1745 συμπαθέστερος
2858 1669 2947 1738 ἦν.
2975 1670 3156 1744 Ἱέρων
3204 1666 3262 1723 δὲ
3309 1669 3338 1722 6
3381 1668 3767 1744 Συρακούσιος,
3795 1665 3876 1721 καὶ

2233 1762 2402 1812 ταῦτα
2455 1759 2530 1830 μὴ
2587 1756 2941 1833 βουλομένων
3007 1756 3168 1831 ἄρξας
3215 1761 3324 1812 τῶν
3377 1755 3649 1826 Σικελῶν,
3701 1753 3876 1811 οὐδένα

2234 1851 2343 1903 τῶν
2388 1845 2841 1923 ἀντιμαχομένων
2880 1846 2970 1902 καὶ
3015 1845 3299 1920 πολεμίων
3359 1845 3632 1918 ἐλύπησεν
3699 1843 3874 1901 ἐπιλα-

2238 1932 2470 2008 ϐόμενος
2517 1938 2618 2005 τῆς
2649 1937 2852 2012 ἀρχῆς,
2884 1935 3031 1992 ἀλλά
3082 1935 3295 2008 μᾶλλον
3347 1935 3626 2013 εὐηργέτει
3667 1933 3877 1994 τούτους

2239 2022 2328 2078 διὰ
2355 2025 2578 2095 παντὸς,
2603 2025 2693 2079 καὶ
2725 2025 2800 2086 ὡς
2831 2027 3012 2100 πατὴρ
3042 2023 3237 2101 ἱλαρὸς
3267 2025 3403 2101 πρὸς
3450 2026 3589 2081 ἅπαν
3637 2025 3699 2080 τὸ
3743 2021 3876 2091 πλῆ-

2240 2125 2333 2175 θος
2391 2111 2639 2168 διέκειτο·
2703 2111 2865 2190 ἄρξας
2910 2112 3002 2168 οὖν
3045 2110 3138 2184 ἔτη
3207 2116 3446 2185 πεντήκο
3505 2136 3573 2171 τα
3641 2115 3874 2189 τέσσαρα,

2241 2200 2526 2284 διεφύλαξε
2579 2203 2672 2276 μὲν
2721 2206 2790 2276 τῇ
2858 2201 3076 2279 πατρίδι
3144 2204 3243 2273 τὴν
3317 2203 3570 2279 εἰρήνην,
3619 2204 3785 2275 ἑαυτῷ
3827 2197 3879 2256 δὲ

2237 2289 2300 2346 τό
2349 2291 2622 2368 ἀτάραχόν
2666 2313 2724 2346 τε
2775 2291 2863 2346 καὶ
2911 2290 3305 2368 ἀνενόχλητον·
3357 2292 3448 2348 καὶ
3513 2291 3772 2354 τολλάκις
3830 2287 3881 2344 δέ

2245 2379 2538 2456 βουληθεὶς
2593 2382 3024 2457 παραιτήσασθαι
3083 2382 3181 2450 τήν
3246 2381 3450 2457 ἀρχὴν,
3500 2385 3659 2455 κοινῇ
3722 2399 3880 2452 παρα-

2241 2467 2432 2540 κλήσει
2476 2473 2574 2524 τοῦ
2624 2469 2872 2540 πλήθους
2921 2467 3254 2539 διεκωλύθη·
3307 2469 3396 2525 ἐπὶ
3453 2475 3710 2526 τοσοῦτον
3752 2471 3879 2544 ἠγα-

2242 2564 2381 2613 πᾶτο
2429 2559 2575 2635 παρά
2617 2557 2830 2613 πάντων
2904 2563 3011 2613 τῶν
3080 2557 3426 2634 ἀρχομένων,
3479 2558 3880 2637 σωφρονικώταο

2241 2668 2334 2709 τος
2384 2645 2456 2701 ὢν
2505 2648 2595 2702 καὶ
2641 2647 3149 2724 εὐεργετικώτατος,
3200 2647 3290 2703 καὶ
3338 2646 3555 2722 μᾶλλον
3605 2647 3879 2724 ἡμερώτα-

2242 2757 2354 2798 τος.
2406 2739 2635 2810 Ὅμοιος
2699 2737 2846 2810 αὐτῷ
2894 2739 2962 2806 ἦν
3016 2738 3106 2792 καὶ
3155 2736 3431 2810 Ἄλκιμος
3483 2740 3512 2794 6
3566 2735 3754 2800 Λυδός·
3803 2733 3883 2789 διὰ

2245 2830 2404 2880 τοῦτο
2459 2823 2511 2880 ἐν
2558 2828 2769 2901 γαλήνῃ
2835 2826 2924 2880 καὶ
2988 2826 3212 2904 ἀφθονίᾳ
3255 2827 3319 2881 τὸ
3373 2827 3616 2898 ὑπήκοον
3680 2823 3884 2894 ἐποίησε

2250 2919 2366 2988 ζῇν·
2431 2915 2566 2987 μετά
2623 2913 2680 2969 δὲ
2735 2914 3057 2992 παρέλευσιν
3119 2915 3253 2970 ἐπ·τά
3305 2916 3528 2992 χρόνων
3569 2922 3672 2986 τῆς
3719 2914 3884 2990 ἀρχῆς

2247 3003 2412 3058 αὐτοῦ
2461 3003 2808 3080 συναχθέντες
2858 3005 3054 3067 πάντες
3098 3005 3240 3078 ὁμοῦ
3287 3005 3338 3059 οἱ
3389 3003 3520 3061 λαοὶ
3563 3001 3882 3082 παρεκάλουν

2245 3094 2345 3162 τήν
2413 3093 2556 3162 ζωὴν
2617 3097 2716 3148 τοῦ
2781 3091 3050 3169 βασιλέως
3103 3093 3479 3165 αὐξάνεσθαοι·
3504 3094 3789 3170 γενόμενος
3835 3087 3885 3144 δὲ

2247 3181 2642 3259 πολυχρόνιος,
2674 3187 2790 3244 τοῖς
2826 3183 2918 3256 μὲν
2952 3180 3150 3246 Λυδοῖς
3184 3180 3535 3258 εὐδαιμονίαν
3593 3180 3883 3249 κατέλιπεν,

482 3275 622 3336 tem,
659 3270 771 3325 sibi
804 3269 1052 3342 gloriam
1086 3287 1418 3342 nomenque
1471 3269 1699 3324 illustre
1748 3269 1822 3324 ad
1871 3274 2131 3325 nostram

2250 3272 2424 3344 ἑαυτῷ
2472 3268 2529 3326 δὲ
2575 3270 2738 3334 κλέος
2793 3273 2883 3327 καὶ
2929 3267 3102 3346 ὄνομα
3152 3273 3318 3348 μέχρι
3366 3272 3461 3328 καὶ
3509 3277 3608 3329 τοῦ
3644 3276 3732 3327 νῦν
3763 3266 3884 3346 χρό-

485 3375 673 3430 usque
699 3363 926 3413 aetatem
962 3359 1203 3431 peperit.
1243 3364 1429 3414 Lauco
1465 3360 1616 3414 inter
1645 3375 1810 3429 reges
1855 3357 2138 3430 inclytum

485 3448 939 3503 Constantinum
975 3449 1140 3503 illum
1173 3453 1471 3520 Magnum,
1515 3452 1820 3519 propterea
1877 3448 2030 3519 quod
2080 3447 2140 3501 in

488 3537 716 3608 legibus
743 3537 868 3592 suis
898 3536 1023 3592 loco
1049 3537 1199 3592 tituli
1232 3538 1484 3609 Majestas
1516 3553 1635 3592 mea
1683 3537 1959 3604 decernit,
2004 3537 2142 3592 scri-

490 3625 663 3679 bebat
698 3626 1091 3696 Tranquillitas
1115 3643 1234 3680 mea
1264 3627 1500 3681 mandat
1531 3644 1547 3679 :
1582 3643 1698 3697 quo
1738 3625 2020 3681 vocabulo
2071 3626 2144 3680 si-

490 3712 824 3784 gnificabat,
844 3713 1329 3785 tranquillitatem
1355 3715 1990 3787 mansuetudinemque
2020 3714 2142 3770 sin-

493 3802 776 3873 gulariter
819 3820 1022 3875 regum
1074 3820 1201 3859 esse
1243 3804 1561 3876 pr0priam,
1616 3805 1893 3876 ipsosque
1955 3805 2027 3860 ab
2075 3821 2142 3859 ea

495 3891 682 3963 magis
731 3893 924 3947 ornari
977 3910 1153 3963 quam
1191 3911 1223 3947 a
1253 3910 1516 3965 purpura
1563 3898 1740 3962 atquc
1789 3893 2141 3948 diademate.

493 3981 624 4035 Haec
656 3982 835 4046 enim,
871 3985 935 4035 ut
966 3998 1114 4050 reor,
1158 3981 1390 4054 tyranni
1441 3998 1675 4053 quoque
1725 3982 1972 4050 habent;
2021 3981 2144 4037 sola

488 4086 622 4124 vero
685 4070 1078 4141 tranquillitas
1135 4087 1380 4126 securus
1437 4075 1528 4126 est
1587 4071 1890 4142 dignitatis
1973 4072 2144 4142 regia:

485 4159 802 4214 thesaurus
826 4159 1088 4231 nullique
1125 4160 1434 4232 direptioni
1481 4160 1789 4215 obnoxius.
1847 4161 2139 4225 Quamob-

490 4263 611 4301 rem
647 4247 816 4302 multi
856 4248 996 4303 olim
1048 4265 1213 4320 reges
1263 4266 1441 4320 super
1480 4249 1588 4304 hac
1637 4249 1853 4303 virtute
1903 4253 2032 4304 tum
2081 4267 2142 4306 re

489 4341 616 4391 tum
648 4337 842 4391 verbis
875 4337 1270 4409 philosophati
1303 4343 1479 4393 sunt:
1515 4339 1807 4409 Trajanus
1830 4339 1888 4392 in
1908 4338 2139 4410 primis,

489 4425 590 4496 qui
623 4425 773 4496 patri
803 4425 999 4482 Nerva:
1033 4425 1281 4498 principi
1335 4428 1484 4482 bono
1535 4427 1839 4495 successit,
1886 4443 2141 4499 eumque

489 4513 800 4570 armulatus
831 4520 938 4570 est.
974 4520 1028 4570 Is
1054 4515 1196 4570 adeo
1228 4516 1554 4579 modestus.
1587 4515 1844 4572 clemens
1867 4517 2141 4588 atquein-

2249 3382 2341 3416 νου
2384 3364 2517 3435 (19).
2569 3362 2806 3416 Ἐπαινῶ
2857 3363 2948 3416 τὸν
2990 3361 3041 3416 ἐν
3097 3360 3407 3438 βασιλεῦσιν
3455 3360 3709 3436 ἀοίδιμον
3756 3366 3885 3415 Κων-

2253 3457 2528 3506 σταντῖνον
2568 3451 2659 3505 τὸν
2690 3451 2869 3526 Μέγαν
2903 3449 2987 3506 ὅτι
3034 3450 3086 3506 ἐν
3132 3456 3248 3513 τοῖς
3299 3451 3509 3507 ἐκείνου
3553 3450 3885 3530 προστάγμα·

2251 3562 2331 3594 σιν
2391 3539 2506 3594 ἀντὶ
2561 3544 2658 3594 τοῦ
2709 3541 2954 3618 γράφειν,
2995 3541 3057 3596 Ἡ
3118 3541 3367 3616 βασιλεία
3426 3562 3537 3614 μου
3595 3537 3888 3616 διορίζεται,

2251 3630 2314 3682 Ἡ
2399 3627 2710 3704 γαληνότης
2795 3632 2908 3703 (20)
2996 3651 3102 3702 μου
3180 3629 3629 3707 παρακελεύεται,
3685 3626 3884 3704 ἔγραφε·

2255 3715 2439 3788 δηλῶν
2500 3716 2582 3772 ὅτι
2640 3719 2702 3772 τὸ
2734 3717 2976 3794 γαληνὸν
3037 3717 3124 3774 καὶ
3185 3718 3396 3796 ἥμερον
3449 3717 3586 3775 ἴδιον
3623 3716 3887 3793 ἐξαιρέτως

2250 3811 2357 3861 τῶν
2394 3805 2685 3882 βασιλέων,
2717 3805 2886 3863 πλέον
2939 3811 3181 3881 κοσμοῦν
3235 3806 3432 3871 αὐτοὺς
3480 3809 3572 3864 καὶ
3615 3798 3888 3862 καλλωπί-

2258 3901 2348 3964 ζον
2406 3902 2507 3966 τῆς
2566 3893 2893 3974 ἀλουργίδος
2947 3919 3007 3952 τε
3057 3897 3147 3951 καὶ
3205 3901 3302 3952 τοῦ
3359 3894 3719 3972 διαδήματος·
3769 3888 3889 3946 αὐτά

2254 3985 2357 4062 γὰρ
2417 3983 2553 4049 ἴσως
2605 3986 2694 4040 καὶ
2751 3985 3001 4062 τύραννοι
3061 3983 3628 4061 ἔχουσι.1ἀληνότης
3659 3982 3715 4039 δὶ
3759 3978 3883 4053 μόνη

2251 4081 2354 4144 τῆς
2389 4076 2678 4150 βασιλικῆς
2711 4075 2857 4145 ἀξίας
2889 4074 3026 4130 ἐστὶν
3080 4072 3282 4137 ἄσυλος
3333 4076 3605 4153 θησαυρὸς
3650 4072 3736 4128 καὶ
3781 4068 3887 4123 ἆνε-

2251 4159 2636 4226 πιϐούλευτος·
2671 4161 2756 4218 διὸ
2786 4163 2992 4219 πολλοὶ
3029 4168 3137 4219 τῶν
3186 4163 3359 4219 πάλαι
3413 4163 3679 4238 βασιλέων
3728 4157 3890 4234 ἔργοις

2251 4254 2340 4307 καὶ
2399 4252 2585 4329 λόγοις
2643 4251 3043 4332 ἐφιλοσόφησαν
3103 4253 3228 4329 περὶ
3281 4253 3488 4324 ταύτης
3538 4260 3639 4323 τῆς
3689 4249 3887 4326 ἀρετῆς’

2253 4342 2352 4396 οὐκ
2398 4339 2621 4398 ἔλαττον
2673 4340 2730 4398 δὲ
2778 4347 2886 4397 τῶν
2939 4340 3126 4399 ἄλλων
3167 4344 3423 4416 Τραϊανὸς
3455 4344 3483 4397 6
3518 4338 3764 4419 βασιλεὺς
3804 4333 3887 4388 τὸν

2249 4431 2456 4507 πατέρα
2501 4430 2738 4508 Νερούαν
2791 4428 3190 4506 διαδεξάμενος,
3239 4429 3427 4494 καλῶς
3475 4429 3567 4488 καί
3597 4429 3748 4485 αὐτὸν
3800 4423 3886 4499 βα·

2251 4519 2568 4576 σιλεύσαντα
2626 4520 2900 4594 ἐμιμεῖτο·
2955 4527 3217 4576 τοσοῦτον
3276 4522 3381 4597 γὰρ
3443 4520 3564 4596 εἶχε
3615 4518 3678 4573 τὸ
3715 4530 3882 4571 ταπει-

486 4603 867 4676 comparabili
898 4606 1114 4660 virtute
1147 4604 1273 4671 fuit,
1312 4609 1374 4660 ut
1397 4604 1638 4660 cuilibet
1658 4604 1877 4660 dolenti
1904 4622 2131 4677 compa-

2248 4611 2338 4664 νὸν
2388 4608 2479 4664 καὶ
2529 4611 2806 4683 συμπαθὲς
2854 4611 2944 4666 καὶ
2994 4610 3284 4688 ἀπρόσιτον
3335 4610 3411 4672 ὡς
3459 4611 3549 4665 καὶ
3596 4604 3752 4664 παντὶ
3797 4599 3882 4654 λυ·

487 4698 708 4748 teretur
766 4699 941 4765 atque
999 4695 1370 4765 adgemeret:
1415 4695 1668 4749 offensas
1729 4711 1894 4766 aequo
1943 4695 2140 4752 animo

486 4784 681 4849 ferret,
727 4783 949 4848 dicens,
1007 4789 1272 4855 oportere
1331 4800 1523 4854 regem
1585 4783 1701 4838 Deo
1763 4801 1960 4855 parem
2009 4800 2139 4840 esse

484 4877 659 4941 atque
693 4888 830 4942 erga
864 4877 1170 4943 peccantes
1203 4871 1456 4927 famulos
1489 4872 1914 4944 indulgentem.
1950 4874 2138 4946 Igitur

481 4959 608 5030 ipse
665 4977 897 5031 quoque
951 4961 1182 5016 veniam
1215 4978 1248 5016 a
1287 4961 1402 5016 Deo
1457 4967 1813 5017 consecutus
1861 4967 1968 5031 est,
2018 4980 2135 5018 non

483 5053 854 5118 peccatorum
887 5050 1317 5120 tantummodo,
1351 5067 1556 5105 verum
1578 5050 1754 5106 etiam
1779 5051 2134 5124 paganitatis

506 5279 663 5360 “(17)
688 5278 990 5360 Revera-in
1021 5281 1283 5360 obelisco
1324 5284 1578 5360 quodam
1632 5283 1899 5356 Egyptio
1950 5287 2134 5360 sacris

480 5349 713 5427 litteris
751 5355 809 5427 ent
865 5349 1958 5427 hieroglyphicis'inscripturﬁ'erat:
2020 5359 2134 5413 Rea:

477 5423 713 5496 Ai‘gyptz'
738 5423 1111 5496 Sesonchoéz's'
1132 5423 1300 5479 "orbis
1348 5423 1581 5496 potens:
1606 5430 1730 5496 (Est
1773 5434 1970 5482 autem
2025 5430 2134 5484 Se-

479 5493 783 5568 sonchosis
817 5494 1139 5568 Sesostris).
1180 5497 1326 5568 Lege
1348 5493 1624 5552 'Julium'
1647 5497 1942 5558 Valerium
1976 5517 2009 5554 a
2039 5518 2132 5556 me

476 5566 721 5641 editum.
759 5567 830 5618 De
867 5567 1037 5641 rebus
1089 5566 1394 5622 .ellexahdrz'
1443 5569 1642 5624 Maced.
1694 5571 1794 5624 lib.
1846 5587 1885 5637 ι,
1936 5572 2025 5641 31,
2076 5579 2133 5629 et

479 5637 790 5691 Diodorum
822 5654 835 5690 I
864 5637 954 5691 55.

547 5709 658 5783 (18)
686 5707 834 5779 Lege
860 5708 1174 5766 Diodorum
1210 5710 1475 5769 Siculum
1509 5729 1546 5783 ι,
1580 5712 1670 5769 58.

2248 4700 2509 4772 πουμένῳ
2570 4699 2934 4776 συμπάσχειν,
2965 4700 3055 4755 καὶ
3107 4701 3413 4776 συνάλγειν·
3448 4699 3539 4755 καὶ
3586 4696 3719 4773 πρὸς
3768 4685 3882 4747 τοὺς

2248 4787 2536 4850 πταίοντας
2569 4787 2878 4859 ἀνεξίκακον
2913 4789 3068 4859 εἶναι,
3102 4787 3299 4866 λέγων,
3333 4788 3595 4865 Ἀρμόζει
3635 4788 3711 4856 τῷ
3743 4781 3880 4866 βᾳσι·

2249 4874 2338 4931 λεῖ
2370 4875 2666 4946 ἐξισοῦσθαι
2699 4881 2814 4950 Θεῴ
2843 4878 2932 4933 καὶ
2963 4883 3069 4932 τῶν
3102 4877 3474 4934 πταισάνττων
3531 4879 3638 4932 τῶν
3687 4865 3881 4950 δοῦλωγ

2246 4965 2550 5042 ἀνέχεσθαι·
2596 4963 2684 5020 διὰ
2738 4971 2900 5021 τοῦτο
2956 4966 3046 5021 καὶ
3103 4969 3431 5043 συγγνώμης
3488 4963 3696 5038 ἠξιώθη
3751 4949 3882 5043 περὶ

2244 5039 2380 5110 Θεού
2411 5053 2474 5108 οὐ
2508 5054 2671 5128 μόνον
2697 5060 2805 5111 τῶν
2839 5056 3142 5133 ἁμαρτιῶν,
3174 5039 3440 5112 ἀλλὰκαὶ
3498 5060 3599 5124 τῆς
3654 5039 3879 5104 ἀσεϐείας

2316 5288 2429 5361 (19)
2457 5288 2604 5361 Lege
2635 5289 2880 5346 Suidam
2902 5307 3024 5346 voc.
3055 5286 3289 5352 Ξανθός.

2313 5359 2426 5431 (20)
2453 5359 2820 5434 Interpretor
2846 5363 3044 5434 potius
3076 5361 3463 5434 tranquillitas
3512 5369 3695 5434 qua}!
3743 5360 3876 5434 “’3:

2241 5426 2417 5486 nitas.
2442 5426 2728 5488 Caeterum
2762 5426 3115 5502 de'utroque
3146 5426 3256 5489 hoc
3295 5431 3469 5487 titulo
3498 5426 3571 5502 in
3618 5426 3875 5502 Caesareis

2241 5503 2488 5577 decretis
2524 5505 2736 5577 usitato
2768 5504 2982 5577 legesis
3009 5499 3194 5577 Jureti
3227 5499 3874 5577 doctasrobservatioqgs

2242 5575 2311 5701 3d
2333 5557 2696 5701 289%mmach—i
2711 5557 2998 5649 magna
3014 5557 3143 5632 libi
3160 5557 3325 5646 ᾖξε,
3348 5557 3423 5649 ᾗ(
3440 5574 3510 5628 54
3533 5589 3548 5642 ;
3580 5569 3678 5624 lib.
3708 5580 3762 5630 χ,
3790 5557 3872 5627 46,
