4154 6438
338 435 458 498 625

1490 441 1782 504 ORATIO
1825 441 1927 503 DE
1972 441 2202 506 REGIS
2247 444 2608 506 OFFICIIS.

3643 442 3760 507 626

340 566 526 639 αὐτοῦ,
555 564 621 621 τὸ
654 563 908 644 μέγιστον
960 567 1051 623 καὶ
1099 567 1422 647 παράδοξον,
1474 576 1594 634 ταῖς
1643 570 1854 644 δεήσεσι
1898 578 1992 628 τοῦ

2108 579 2260 648 (quae
2293 577 2550 631 maxima
2583 593 2799 648 perque
2833 575 2984 631 mira
3013 592 3104 632 res
3138 574 3269 647 fuit)
3303 575 3576 648 precibus
3610 579 3763 634 scili-

341 661 762 733 θαυματουργοῦ
812 659 926 731 (21)
982 658 1309 735 Γρηγορίου,
1362 657 1424 714 οὐ
1475 662 1503 716 6
1557 659 1816 736 δίαλογος
1860 665 1994 736 (22)·

338 748 438 814 τῆς
494 744 595 822 γάρ
652 745 1066 824 φιλανθρωπίας
1137 748 1225 803 καὶ
1281 749 1616 822 συμπαθείας
1670 754 1736 820 ἧς
1795 750 1996 813 ἐκεῖνος

340 834 622 898 πλουσίως
654 833 938 909 μετεδίδου
978 843 1095 900 τοῖς
1143 837 1446 908 πταίουσιν,
1497 837 1659 916 ἔτυχε
1705 840 1793 894 καὶ
1836 839 1998 902 αὐτὸς

339 923 392 979 ἐν
425 928 504 996 τῷ
531 925 634 993 τής
668 929 812 994 ζωῆς
843 922 990 980 τέλει
1040 927 1187 1000 παρά
1232 932 1388 997 Θεοῦ,
1437 933 1534 982 τοῦ
1582 926 1996 1004 ἀποδεχομένου

345 1015 441 1086 μὶν
486 1013 550 1067 to‘
604 1014 878 1087 συμπαθὲς
920 1014 1010 1069 καὶ
1056 1013 1466 1093 φιλάνθρωπον,
1522 1022 1812 1090 μισοῦντος
1849 1015 1996 1072 δὲτὸ

338 1103 542 1173 ἀπηνὲς
591 1103 681 1158 καὶ
737 1103 1124 1180 ἀπάνθρωπονο
1185 1105 1275 1160 καὶ
1332 1105 1459 1168 τοὺς
1517 1107 1654 1182 πρὸς
1710 1105 1993 1182 ὁμόφυλον

335 1191 609 1264 ἀκαμπεῖς
683 1191 774 1247 xui
853 1194 1192 1267 ἀσυμπαθεῖς
1263 1195 1512 1266 καταξίαν
1590 1194 1923 1266 κολάζοντος
1979 1218 1992 1231 ·

335 1277 504 1351 ἔδειξε
531 1281 633 1356 γὰρ
665 1280 748 1336 ὅτι
771 1282 1137 1358 συνεργούσης
1169 1283 1342 1360 εὐχῆς
1375 1281 1589 1340 δικαίου
1609 1289 1734 1356 νικᾷ
1761 1286 1825 1340 τὸ
1855 1307 1992 1358 συμ-

334 1369 502 1433 παθὲς
531 1369 622 1424 xui
653 1368 820 1438 αὐτὴν
865 1371 964 1440 τήν
998 1366 1264 1428 ἀσέϐειαν.
1298 1374 1415 1426 ’Ότι
1463 1369 1521 1427 δὲ
1566 1371 1655 1427 καὶ
1710 1372 1993 1451 σωφροσύ-

332 1479 433 1528 νην
465 1457 610 1534 εἷχεν
662 1459 691 1513 6
735 1461 854 1534 Τρα
873 1460 1023 1522 ῖανὸς
1071 1460 1100 1514 6
1151 1458 1407 1536 βασιλεὺς
1452 1466 1760 1534 κοσμοῦσαν
1808 1461 1992 1533 αὐτῷ,

333 1543 635 1622 πρόδηλον·
670 1544 856 1617 ἐπειδή
909 1545 1086 1610 οὐδεὶς
1123 1549 1220 1604 κᾶν
1268 1549 1364 1612 τὰς
1397 1547 1595 1612 λοιπὰς
1644 1551 1834 1626 ἀρετὰς
1868 1549 1990 1625 ἔχῃ,

331 1634 513 1712 χωρὶς
543 1633 712 1705 αὐτῆς
767 1635 1126 1714 σωφροσύνης
1172 1637 1266 1692 τὸν
1296 1637 1492 1714 Κύριον
1526 1633 1714 1712 ὄψεται
1737 1641 1868 1713 (23)·
1901 1639 1989 1694 καὶ

329 1723 433 1799 γὰρ
460 1720 720 1779 ἀδύνατον
771 1721 893 1780 ἄνευ
936 1725 1294 1804 σωφροσύνης
1323 1722 1469 1802 ἔχειν
1499 1728 1620 1782 τινὰ
1651 1728 1843 1804 ἀρετὴν
1879 1726 1988 1783 ἑτέ-

333 1832 428 1889 ραν
461 1811 762 1869 ἀνόθευτονο
798 1811 1042 1890 ἀνδρεῖον
1073 1816 1176 1892 γὰρ
1201 1819 1316 1878 πῶς
1366 1813 1425 1871 ἄν
1451 1837 1535 1880 τις
1569 1813 1692 1892 εἷ’πῃ
1721 1818 1857 1872 κατά
1880 1821 1988 1872 τῶν

332 1906 603 1978 σαρκικῶν
660 1905 848 1958 παθῶν
908 1901 1361 1980 ἀνανδριζόμενον
1395 1923 1409 1975 ;
1441 1905 1468 1959 6
1525 1907 1626 1982 γὰρ
1687 1905 1871 1960 ἑαυτόν
1931 1927 1990 1961 τε

327 1991 420 2046 καὶ
468 1993 568 2061 τήν
616 1993 734 2066 μεθ’
774 1995 842 2061 ἧς
892 1991 1192 2070 ἀσελγαίνει
1240 1995 1315 2068 μὴ
1383 1993 1817 2070 παραιτούμενος
1866 1992 1987 2049 ἀδι-

328 2085 442 2134 κεῖν
473 2077 690 2143 πάντως
721 2077 848 2137 οὐδὲ
895 2079 1100 2145 δίκαιός
1152 2081 1290 2138 ἐστιν
1325 2083 1352 2137 6
1399 2086 1670 2155 τοιοῦτος,
1701 2081 1828 2139 ἀλλ’
1860 2081 1986 2139 οὐδὲ

2108 669 2197 720 cet
2228 665 2424 737 magni
2457 666 2740 739 Gregorii,
2774 665 2947 736 cujus
2979 669 3068 721 est
3115 664 3214 720 ille
3246 665 3537 738 dialogus.
3572 668 3759 724 Nimi-

2107 770 2242 809 rum
2292 753 2665 809 clementiam
2711 754 3316 825 misericordiamque,
3391 772 3570 826 quam
3620 774 3761 830 erga
3810 829 3820 837 _

2107 843 2424 898 otl‘ensores
2446 859 2586 899 suos
2617 842 2702 898 vel
2735 842 3107 898 calamitosos
3129 844 3361 913 copiose
3383 860 3757 916 exprompse-

2107 936 2220 994 rat.
2249 931 2508 987 vicissim
2537 932 2662 1004 ipse
2697 937 2827 1003 post
2858 931 3164 987 mortalem
3196 932 3347 986 hanc
3375 934 3555 988 vitam
3587 952 3620 988 a
3649 937 3758 990 Deo

2105 1021 2440 1093 impetravit
2490 1021 2638 1092 ;qui
2691 1026 2755 1076 ut
2811 1021 3238 1093 benignitatem
3290 1021 3760 1096 charitatemque

2106 1109 2383 1181 plectitur
2413 1109 2495 1166 ita
2524 1109 2808 1166 savitia'n
2858 1110 3474 1183 inhumanitatemque
3526 1128 3758 1168 aversa-

2105 1203 2221 1270 tur,
2255 1199 2553 1272 durosque
2583 1203 2641 1255 et
2686 1199 3075 1255 inexorabiles
3137 1215 3276 1272 erga
3334 1201 3759 1273 homogeneam

2107 1292 2376 1344 naturam
2411 1289 2680 1344 homines
2712 1305 2815 1361 pro
2846 1289 3132 1363 dignitate
3163 1307 3229 1344 ac
3270 1290 3480 1346 merito
3513 1291 3756 1347 ulcisci-

2103 1381 2200 1432 tur
2230 1394 2244 1432 :
2278 1378 2817 1450 demonstravitque
2848 1378 3344 1450 aliquando,justi
3377 1379 3635 1436 hominis
3668 1381 3757 1435 in-

2103 1467 2543 1522 tercedentibus
2572 1467 2869 1539 precibus,
2899 1467 3256 1539 paganitatis
3301 1467 3496 1540 ipsum
3532 1469 3754 1524 crimen

2103 1555 2506 1611 misericordia
2536 1572 2708 1628 posse
2740 1557 3026 1627 superari.
3074 1557 3236 1622 Quod
3287 1561 3484 1612 autem
3529 1563 3754 1630 tempe-

2102 1644 2295 1700 rantia
2324 1661 2555 1716 quoque
2585 1645 2878 1716 Trajanus
2928 1646 3206 1716 praeditus
3252 1645 3459 1721 fuerit,
3499 1647 3596 1702 vel
3620 1648 3756 1703 inde

2102 1737 2280 1806 patet,
2314 1735 2469 1806 quod
2503 1750 2674 1789 nemo
2707 1734 2939 1790 etiamsi
2972 1734 3201 1790 caeteris
3232 1740 3475 1791 ornatus
3525 1737 3754 1792 virtuti-

2101 1822 2233 1893 bus,
2266 1823 2488 1894 absque
2516 1826 2713 1878 tamen
2743 1823 3134 1894 temperantia
3165 1823 3350 1879 Deum
3378 1824 3615 1880 visurus
3641 1831 3754 1892 est,

2101 1911 2170 1967 Et
2199 1911 2437 1983 quidem
2468 1911 2592 1966 ﬁeri
2626 1928 2741 1967 non
2774 1916 2970 1983 potest
3011 1915 3074 1967 ut
3126 1912 3300 1968 homo
3353 1912 3754 1985 intemperans

2096 2000 2373 2055 virtutem
2406 1998 2585 2055 ullam
2615 1999 2772 2054 haud
2808 2001 3062 2056 fucatam
3096 2001 3408 2073 possideat.
3447 2004 3750 2068 Quomodo

2096 2088 2256 2143 enim
2287 2087 2454 2144 fortis
2485 2087 2614 2156 erit,
2649 2087 2749 2160 qui
2789 2088 3128 2144 carnalibus
3181 2089 3507 2145 adfectibus
3563 2095 3751 2146 semet

329 2167 600 2246 φρόνιμος
653 2171 682 2223 6
744 2171 821 2244 μὴ
883 2175 1061 2240 ζητῶν
1119 2172 1182 2226 τὸ
1240 2172 1400 2250 φέρον
1457 2169 1643 2244 ὄνησιν
1704 2172 1850 2245 αὐτῷ
1895 2173 1986 2228 καὶ

2104 2177 2363 2233 debilitat
2392 2180 2416 2233 i’
2444 2177 2555 2234 Sed
2586 2193 2659 2232 ne
2691 2178 2915 2248 justus,
2950 2178 3190 2249 quidem
3251 2178 3380 2245 erit,
3437 2179 3538 2250 qui
3596 2197 3658 2234 se
3689 2183 3746 2235 et

327 2257 598 2336 ὠφέλειαν
625 2261 726 2328 τήν
759 2259 1006 2335 ἀρίστην,
1038 2258 1183 2337 λέγω
1215 2257 1282 2330 δὴ
1309 2263 1399 2316 καὶ
1423 2261 1514 2316 τὸν
1548 2261 1989 2338 ἁγιασμόνοάλλά

2104 2265 2281 2337 illam,
2315 2282 2450 2322 cum
2481 2283 2599 2338 qua
2637 2265 2928 2322 luxuriam
2979 2272 3225 2332 exercet,
3271 2267 3489 2337 injuria
3549 2268 3750 2323 afﬁcit.

323 2347 417 2402 xui
445 2347 538 2402 τὸν
571 2347 822 2423 ἡγεμόνα
860 2353 982 2403 νοῦν
1034 2346 1230 2405 δοῦλον
1280 2355 1451 2404 ποιῶν
1502 2350 1818 2426 ἀκαθάρτων
1873 2351 1990 2427 ὀρέ-

2104 2359 2402 2410 Postremo
2431 2353 2483 2410 is
2509 2354 2711 2427 procul
2747 2355 3060 2426 prudentia
3088 2359 3198 2424 est,
3248 2357 3345 2428 qui
3402 2373 3524 2412 rem
3566 2355 3752 2414 multo

325 2439 484 2510 ξεων,
506 2437 598 2491 καὶ
630 2434 720 2492 διὰ
745 2441 846 2506 τὴν
883 2439 1124 2513 μυσαράν
1155 2438 1245 2493 καὶ
1299 2436 1600 2514 βδελυκτήν
1648 2437 1850 2510 ἡδονὴν
1882 2445 1988 2495 τῶν

2104 2443 2215 2500 sibi
2247 2443 2735 2515 pretiosissimam
2770 2448 2827 2500 et
2860 2443 3238 2500 utilissimam
3273 2445 3752 2518 negligit,animae

325 2523 586 2602 ἀῤῥήτων
616 2526 707 2580 καὶ
737 2525 974 2580 αἰωνίων
1009 2526 1216 2604 ἀγαθῶν
1251 2529 1561 2605 ἀποστερῶν
1594 2528 1802 2584 ἑαυτόν.

2106 2531 2330 2588 scilicet
2375 2531 2920 2599 sanctificationem,
2993 2532 3211 2604 quique
3272 2538 3526 2589 mentem
3583 2551 3753 2590 suam

323 2621 541 2674 natura
569 2617 856 2689 reginam,
891 2616 1262 2692 impurarum
1291 2619 1682 2692 cupiditatum
1715 2619 2001 2677 famulam
2032 2622 2208 2691 facit;
2234 2621 2337 2694 qui
2367 2620 2627 2677 scelestae
2656 2621 2910 2693 denique
2932 2621 3406 2694 detestandaeque
3427 2621 3749 2694 voluptatis

325 2720 507 2761 causa
531 2705 789 2762 summis
820 2705 992 2763 bonis
1023 2722 1090 2762 ac
1122 2707 1498 2780 sempiternis
1529 2711 1717 2764 semet
1737 2707 2014 2765 excludit.

399 2799 473 2848 E.
525 2794 679 2848 Ἐστι
730 2790 789 2848 δὲ
829 2793 919 2848 καὶ
965 2795 994 2848 ὁ
1041 2798 1149 2849 τῶν
1199 2796 1504 2871 χρημάτων
1553 2793 1690 2872 ἔρως
1738 2798 1986 2872 ἀπρεπὴς

333 2880 569 2955 μάλιστα
621 2886 702 2954 τῷ
763 2881 980 2957 βασιλεῖ
1032 2882 1124 2937 καὶ
1182 2882 1557 2959 ἀνάρμοστος·
1599 2883 1830 2961 τέσσαρα
1881 2886 1985 2960 γὰρ

329 2970 437 3025 ἀπὸ
485 2977 588 3040 τῆς
643 2970 1095 3049 φιλοχρηματίας
1151 2975 1440 3048 γεννῶνται
1497 2974 1562 3027 τά
1617 2974 1864 3028 κάκισταο
1921 2974 1986 3028 τὸ

333 3059 701 3134 μικροπρεπὲς
748 3059 838 3114 καὶ
893 3056 1164 3137 φειδωλὸν
1217 3059 1268 3114 έν
1312 3066 1433 3123 ταῖς
1481 3058 1681 3116 δόσεσι·
1714 3062 1776 3117 τὸ
1806 3083 1985 3133 καπη-

331 3146 487 3204 λικὸν
535 3149 626 3202 καὶ
669 3146 1054 3204 πλεονεκτικὸν
1105 3149 1156 3203 ἐν
1206 3153 1286 3220 τῷ
1341 3151 1468 3225 παρ’
1520 3149 1713 3227 ἑτέρων
1774 3147 1986 3225 λαμϐά-

329 3256 441 3291 νειν
487 3235 653 3309 αὐτῷ·
698 3236 762 3293 τὸ
820 3238 914 3310 μὲν
963 3237 1066 3314 γὰρ
1115 3234 1380 3308 μηδόλως
1427 3241 1462 3308 ἡ
1527 3239 1662 3312 μετά
1720 3239 1842 3316 βίας
1893 3241 1984 3296 καὶ

331 3323 550 3400 ὀλίγοις
582 3323 872 3403 εὐεργετεῖν
907 3323 1185 3383 δουλικόνο
1219 3323 1420 3390 δοῦλος
1467 3327 1572 3404 γὰρ
1623 3327 1684 3384 οὐ
1736 3326 1980 3384 δίδωσιν·

2166 2799 2236 2855 ν.
2273 2801 2387 2855 Rex
2413 2815 2484 2854 ne
2511 2800 2584 2853 sit
2613 2815 2839 2854 avarus.
2880 2829 2949 2838 —
3000 2798 3247 2870 Insuper
3293 2799 3552 2870 pecuniae
3585 2817 3754 2856 amor

2095 2888 2383 2960 dignitate
2413 2887 2567 2960 regis
2627 2887 2879 2942 maxime
2931 2886 3228 2942 abhorret.
3281 2887 3506 2944 Etenim
3539 2905 3609 2944 ex
3637 2889 3749 2944 hac

2095 2977 2416 3049 cupiditate
2447 2981 2700 3048 quatuor
2729 2975 2989 3048 pessima
3017 2976 3346 3048 gignuntur
3374 2977 3513 3032 vitia
3541 3003 3554 3044 ;
3586 2977 3741 3034 scili-

2095 3070 2186 3121 cet
2213 3066 2273 3120 in
2304 3065 2517 3132 dando,
2553 3065 2811 3120 tenuitas
2842 3067 2900 3119 et
2930 3062 3276 3120 difﬁcultas:
3303 3064 3362 3120 in
3396 3065 3734 3137 accipiendo

2094 3154 2450 3226 cauponium
2482 3157 2541 3209 et
2570 3152 2885 3226 ingluvies.
2917 3154 2986 3208 Et
3015 3153 3161 3207 nihil
3196 3154 3435 3210 omnino
3466 3155 3556 3210 vel
3589 3155 3744 3210 diﬂi-

2092 3244 2279 3300 culter
2309 3260 2558 3315 raroque
2588 3241 2809 3314 largiri,
2842 3241 3047 3299 servile
3090 3247 3178 3297 est
3214 3260 3227 3298 :
3261 3243 3408 3298 nihil
3457 3244 3613 3299 enim
3645 3245 3748 3300 dat

2093 3350 2296 3390 servus
2331 3351 2345 3402 ;
2379 3331 2466 3387 vel
2498 3332 2547 3387 si
2581 3331 2728 3387 forte
2759 3332 2880 3399 dat,
2913 3330 2970 3385 id
3004 3330 3175 3402 plane
3215 3335 3390 3387 tenue
3422 3333 3753 3388 minutum«

326 3411 374 3468 εί
405 3409 454 3468 δ’
483 3409 602 3476 ξ’σος
632 3411 820 3481 δώσει,
867 3413 958 3469 καὶ
1009 3419 1171 3470 τοῦτο
1218 3414 1354 3470 πάνυ
1406 3417 1599 3494 μικρὸν
1645 3418 1734 3472 καὶ
1771 3417 1983 3496 ὀλίγον,

2104 3439 2212 3494 que
2241 3425 2424 3492 est,ac
2455 3421 2526 3476 de
2556 3419 2779 3476 domini
2812 3419 3163 3492 patrimonio
3181 3420 3381 3476 furtim
3399 3422 3750 3477 detractum.

325 3501 415 3557 xui
446 3501 554 3556 ἀπὸ
608 3499 829 3572 κλοπῆς
886 3507 993 3558 τῶν
1048 3508 1146 3558 τοῦ
1196 3501 1459 3558 δεσπότου
1509 3504 1871 3582 πραγμάτων.
1930 3507 1988 3559 '0

325 3593 426 3668 γὰρ
455 3591 546 3646 καὶ
602 3590 735 3647 αὐτὸ
789 3593 853 3646 τὸ
909 3597 1070 3666 σῶμα
1128 3590 1540 3667 δεδουλωμένος
1601 3599 1719 3656 πῶς
1779 3594 1838 3649 ἂν
1889 3592 1991 3670 ἔχῃ

333 3678 541 3736 διδόναι
573 3698 590 3750 ;
619 3681 684 3737 τὸ
733 3679 792 3736 δὲ
821 3681 1059 3745 πολλοῖς
1111 3682 1203 3756 μὲν
1256 3680 1464 3738 διδόναι
1514 3682 1661 3752 πλὴν
1717 3684 1852 3757 μετά
1901 3706 1990 3757 μι-

330 3768 630 3848 κρολογίας
661 3813 676 3838 ,
731 3772 823 3826 καὶ
879 3776 1049 3827 ταῦτα
1102 3770 1242 3848 πρὸς
1295 3771 1424 3834 τοὺς
1473 3772 1655 3844 ἀξίους
1711 3771 1939 3828 πολλῶν
1974 3819 1989 3844 ,

331 3864 492 3914 τοῦτο
524 3859 779 3922 εὐτελοῦς
824 3881 970 3923 τινος
1012 3859 1102 3916 καὶ
1152 3858 1473 3935 οὐδαμινοῦ,
1524 3861 1586 3917 οὐ
1623 3863 1728 3935 μην
1778 3867 1876 3917 τοῦ
1914 3862 1989 3924 εἰς

339 3947 621 4024 βασιλικὸν
679 3949 769 4004 καὶ
829 3949 1039 4024 ὑψηλὸν
1100 3950 1291 4025 θρόνον
1354 3950 1750 4027 ἐγκαθημένου.
1805 3951 1876 4006 Τὸ
1935 3949 1992 4007 δὲ

333 4042 449 4100 τοῖς
492 4043 771 4100 ταπεινοῖς
811 4036 1096 4115 πράγμασι
1148 4039 1668 4114 συναναμίγνυσθαι,
1724 4040 1815 4094 καὶ
1865 4041 1992 4102 τοὺς

332 4131 443 4181 τῶν
486 4131 682 4183 κοινῶν
733 4128 1028 4204 ἀνθρώπων
1077 4127 1385 4204 πορισμοὺς
1441 4127 1808 4205 ἀνελευθέρως
1865 4152 1938 4204 μη
1971 4162 1995 4173 -

332 4218 601 4291 χανᾶσθαι
656 4217 748 4272 καὶ
805 4217 1110 4291 οἰκονομεῖν
1147 4262 1161 4290 ,
1222 4216 1360 4272 ὥστε
1423 4217 1738 4298 μεταφέρειν
1796 4217 1872 4280 εἰς
1929 4219 1993 4272 τὸ

337 4301 603 4380 δημόσιον
660 4306 752 4361 xui
803 4303 1162 4362 ὑποκλέπτειν
1215 4305 1305 4362 καὶ
1365 4307 1697 4383 ὑπαρπάζειν
1752 4307 1851 4375 τὴν
1897 4312 1995 4362 τοῦ

409 4486 522 4559 (21)
551 4485 698 4542 Falli
729 4485 1592 4559 mihivideturMetraphrastes
1614 4487 1877 4544 scribens

409 4561 656 4610 ιτουογοῦ
691 4575 793 4610 nro
828 4553 1116 4610 μεγάλου..
1151 4558 1272 4610 sive
1301 4558 1442 4610 auia
1470 4575 1587 4610 non
1637 4560 1780 4610 satis
1822 4560 1877 4610 in

334 4555 656 4685 Γατούργοῦ
687 4575 793 4631 pro
827 4555 1116 4642 μεγάλου,,
1151 4558 1272 4614 sive
1298 4555 1450 4684 guis.
1470 4575 1587 4615 non
1637 4560 1780 4642 satis
1822 4559 1996 4616 intel-

361 4632 479 4686 exit
504 4645 622 4701 vnn
650 4625 1157 4701 vocabulmolbc”
1177 4645 1293 4701 quo
1369 4634 1558 4686 utitur
1588 4630 1950 4698 Nicephorus
1977 4648 1990 4686 :

335 4701 460 4785 sive
509 4700 650 4785 quia
697 4700 984 4785 cogitavit
1025 4700 1302 4785 incautus
1349 4701 1420 4784 de
1463 4701 1669 4785 Graeco
1717 4701 1996 4785 Gregorio

333 4772 912 4856 Thaumaturgowro
932 4775 1140 4845 Magno
1171 4773 1446 4856 Gregorio
1462 4772 1994 4856 Romanq.Scitnus

2101 3512 2284 3576 Quam
2314 3510 2472 3566 enim
2507 3509 2557 3564 is
2589 3508 2829 3564 habebit
2859 3507 3036 3562 dandi
3069 3507 3323 3580 copiam.
3355 3511 3526 3579 cujus
3557 3510 3755 3582 ipsum

2101 3617 2315 3672 corpus
2350 3599 2410 3654 in
2445 3598 2738 3669 mancipio
2765 3597 2900 3652 est?
2933 3597 3109 3652 Porro
3136 3602 3332 3652 autem
3365 3598 3567 3654 multis
3599 3600 3757 3669 dare,

2102 3690 2202 3744 sed
2233 3688 2510 3754 tenuiter,
2544 3686 2867 3758 praesertim
2903 3684 2950 3740 si
2983 3683 3170 3740 multa
3203 3686 3397 3741 meriti
3450 3691 3613 3757 sunt,
3648 3687 3759 3742 hoc

2098 3778 2233 3834 vilis
2262 3776 2524 3833 hominis
2556 3781 2646 3830 est
2675 3781 2732 3830 et
2772 3773 3256 3845 contemptibilis,
3319 3792 3434 3830 non
3482 3777 3611 3847 ejus
3659 3777 3761 3848 qui

2102 3866 2354 3940 regalem
2386 3865 2825 3935 sublimemque
2855 3863 3134 3918 thronum
3167 3863 3444 3920 insideat.
3470 3866 3621 3920 Tum
3655 3866 3759 3920 hu-

2103 3956 2344 4012 milibus
2375 3953 2624 4027 negotiis
2647 3957 2834 4010 semet
2855 3953 3269 4019 immiscere,et
3297 3952 3629 4025 vulgarium
3653 3954 3758 4010 ho-

2104 4046 2332 4100 minum
2365 4042 2530 4098 lucra
2556 4041 2922 4097 illiberaliter
2953 4043 3164 4096 sectari
3200 4046 3378 4113 atque
3409 4047 3760 4108 tractare,ut

2102 4133 2162 4189 in
2196 4134 2406 4188 fiscum
2437 4131 2760 4186 transferas
2790 4130 3159 4185 subtractum
3208 4135 3594 4202 ereptumque
3625 4132 3762 4187 sub-

2103 4221 2224 4278 dito
2254 4220 2479 4276 homini
2506 4219 2750 4285 victum,
2784 4218 2894 4274 hoc
2925 4219 3348 4291 cauponarium
3379 4226 3487 4275 est.
3519 4221 3760 4294 Exigere

2103 4313 2304 4368 autem
2336 4308 2558 4364 tributa
2586 4306 2828 4363 insolita
2857 4311 3182 4380 praeterque
3213 4308 3587 4364 subditorum
3607 4309 3760 4365 vires

2105 4490 2166 4546 in
2193 4488 2468 4561 paradiso
2501 4487 2984 4561 repositum,ait.
3036 4486 3458 4561 Verumtamen
3509 4487 3762 4561 Maurini

2105 4558 2309 4617 Patres
2337 4561 2398 4615 in
2432 4558 2793 4632 ejusdems.
2841 4558 3103 4630 Gregorii
3151 4559 3301 4632 Vita
3325 4560 3622 4632 copiosius
3655 4560 3764 4615 do-

2106 4634 2377 4704 ctiuque
2409 4629 2650 4702 scripta.
2683 4630 2786 4685 lib.
2818 4647 2904 4711 ιιι,
2955 4646 3081 4755 cap.
3132 4631 3220 4695 49,
3279 4629 3552 4713 fabellam
3609 4631 3762 4686 hanc

2106 4703 2477 4755 evidentibus
2509 4706 2877 4755 argumentis
2910 4718 3018 4755 exn
3046 4701 3250 4755 odunt.
3285 4708 3479 4755 citatis
3512 4719 3757 4755 praeser-

2105 4701 2477 4760 evidentibus
2509 4701 3251 4774 argumentis‘explodunt,
3285 4702 3479 4757 citatis
3512 4719 3757 4774 praeser-

2106 4777 2214 4831 tim
2247 4775 2508 4847 Gregorii
2550 4773 2832 4847 Dialogis,
2889 4772 2945 4826 in
2988 4772 3220 4847 quibus
3270 4775 3436 4847 justa
3488 4772 3761 4847 (ideoque

334 4828 537 4918 tamen
567 4828 916 4917 Gregbrium
947 4828 1181 4918 quique
1212 4828 1540 4918 Romanum
1561 4828 1992 4918 lprodigiisiin?
2025 4828 2068 4891 D
2101 4828 2422 4914 contrariiij
2445 4828 2454 4829 ί
2477 4828 2771 4918 sententia
2800 4828 3038 4914 semper
3060 4828 3295 4918 legitur:
3343 4828 3503 4918 Adeo
3535 4828 3762 4918 fallitur

337 4915 642 4989 claruisse,
673 4915 732 4972 et
758 4915 984 4989 Graecos
1014 4915 1441 4989 Thaumaturgi
1487 4915 1786 4989 epitheton
1833 4917 1991 4972 haud

338 4987 445 5044 uni
474 4987 930 5045 Necessariensi
963 4987 1244 5043 tribuere.

411 5059 529 5140 (22.)
561 5058 845 5140 Fabulam
879 5059 1055 5140 hanc,
1096 5075 1216 5140 qua
1262 5058 1554 5140 Trajanus
1603 5059 1747 5130 imp.
1781 5059 2000 5140 dicitur

338 5129 616 5204 precibus
646 5130 847 5204 magni
880 5129 1141 5204 Gregorii
1173 5145 1242 5204 ex
1270 5129 1594 5204 inferorum
1615 5201 1625 5204 _
1647 5129 1829 5200 poenis
1854 5131 1996 5186 libe-

339 5200 528 5273 ratus,
552 5200 789 5275 jamdiu
821 5200 1155 5275 refutarunt
1186 5201 1343 5275 doc_t_i
1372 5200 1651 5275 theologi,
1685 5219 1834 5275 quqs
1862 5219 2001 5275 enu-

339 5272 822 5331 merat—Carolus
871 5273 1225 5344 Sardagna,_
1270 5273 1512 5344 Theolog.
1562 5272 1718 5344 tom.‘
1759 5273 1850 5340 IV,
1902 5273 1994 5328 ed.

338 5345 603 5418 Rgm,_p.
634 5346 762 5418 253.
793 5344 876 5400 Ea
908 5341 1183 5418 narratur
1211 5341 1270 5397 in
1292 5341 1436 5418 _Vita
1460 5341 1687 5416 'magni
1737 5344 1998 5416 Gregorii

340 5433 378 5473 a
405 5413 586 5472 Paulo
628 5416 896 5484 diacono,
928 5414 1030 5486 Qui
1059 5418 1258 5469 tamen
1291 5413 1399 5470 hac
1428 5413 1616 5486 super
1643 5432 1704 5470 re
1734 5421 1798 5471 ut
1826 5413 1998 5471 υἱεωο

339 5486 625 5544 discutiat
653 5487 884 5544 suadet.
917 5487 1147 5543 Rursus
1192 5486 1397 5542 eadem
1441 5486 1699 5542 narratio
1748 5488 2001 5543 occurrit

339 5559 403 5614 in
433 5558 569 5631 Vita
596 5559 814 5631 pariter
861 5557 1050 5631 sancti
1099 5557 1362 5631 Gregorii
1411 5575 1446 5612 a
1489 5559 1712 5631 Joanne
1755 5559 2000 5613 diacono

344 5628 746 5714 scriptafqui,
795 5629 1124 5714 rem.int_ra
1178 5628 1454 5714 arctiores
1503 5628 1729 5714 limites.
1762 5645 1998 5714 cogens,

341 5699 685 5782 Traianum
727 5719 762 5782 ξ
801 5700 1161 5782 cruciatibus
1217 5699 1482 5782 quidem_
1515 5699 1864 5768 resolutum,
1899 5702 1999 5782 sed

345 5771 542 5848 neque
568 5790 639 5832 ex
665 5773 991 5832 inferorum
1022 5771 1296 5842 clausiris
1315 5773 1615 5842 eductum,
1631 5789 1822 5845 neque
1845 5777 2000 5830 certe

2103 4919 2338 4975 Graecus
2351 4917 2897 4988 Nicephorus,dum_
2911 4916 3126 4988 erroris
3152 4916 3332 4985 huius
3354 4915 3760 4971 testimonium

2107 5007 2139 5046 e
2169 4990 2430 5059 Gregorii
2463 4985 2656 5044 nescio
2686 5005 2802 5059 quo
2843 4985 3077 5059 Dialogo
3108 4988 3372 5050 accersit,
3408 4988 3528 5042 sive
3559 5005 3761 5044 revera

2110 5062 2351 5133 spurius
2385 5059 2780 5133 aliquisiapud
2815 5059 3044 5133 Graecos
3075 5059 3364 5133 exstiterit
3395 5060 3529 5133 Asive‘
3558 5059 3762 5133 lapsus

2111 5129 2395 5188 memoria
2424 5129 2788 5203 Ni’cephorus
2819 5135 2926 5184 est.
2961 5131 3123 5195 Quod
3157 5135 3350 5203 autem
3395 5129 3762 5203 Paulus'dia-

2108 5221 2294 5259 conus
2327 5201 2722 5258 narrationem
2749 5218 2918 5256 suam
2945 5218 3013 5256 ex
3040 5202 3361 5271 Anglorum
3385 5203 3567 5257 sacris
3587 5201 3757 5258 libris

2109 5257 2346 5330 haurire
2376 5257 2448 5330 se?
2469 5257 2573 5342 ait,
2603 5279 2757 5329 recte
2789 5278 2878 5328 est
2911 5291 2928 5325 :
2957 5289 3092 5326 nam
3132 5257 3223 5346 in,
3251 5275 3380 5343 ejus
3431 5274 3622 5346 gentis
3651 5257 3762 5329 fali-

2109 5352 2254 5418 quot
2281 5346 2540 5418 liturgiis
2573 5361 2774 5418 preces
2805 5361 3039 5416 quoque
3069 5362 3172 5418 pro
3197 5345 3613 5418 damnatorum
3649 5346 3760 5418 mi-

2108 5416 2344 5473 nuenda
2402 5416 2591 5489 poena
2630 5417 2906 5489 leguntur
2941 5434 2954 5479 ;
2986 5417 3086 5485 qui
3112 5433 3280 5489 error
3340 5434 3374 5471 a
3418 5416 3617 5472 fabula
3655 5416 3761 5489 illa

2109 5490 2346 5560 Trajani
2383 5487 2713 5544 manavisse
2761 5487 3009 5555 videtur,
3076 5487 3247 5543 sicuti
3298 5505 3332 5542 a
3368 5489 3598 5560 rspuria
3648 5488 3760 5560 Da-

2111 5559 2369 5632 masceni
2400 5561 2654 5632 quadam
2687 5560 2969 5632 oratione,
2995 5575 3120 5632 quae
3143 5559 3377 5630 Trajani
3437 5560 3654 5630 pariter
3685 5559 3764 5632 fa-

2111 5631 2310 5686 bulam
2342 5630 2518 5686 habet
2548 5631 2821 5702 migravit
2850 5630 3114 5698 ejusdcm
3151 5633 3227 5685 rei
3273 5631 3757 5686 commemoratio

2111 5704 2170 5760 in
2203 5704 2533 5759 Graecorum
2562 5701 3008 5773 Euchologium.

2183 5774 2296 5847 (23)
2324 5773 2526 5832 Matth.
2559 5791 2614 5846 v,
2643 5776 2696 5828 8.
