4154 6416
426 292 433 305 ι
454 347 570 410 627

1709 363 2135 428 NICEPHORI
2179 368 2623 440 BLEMMIDIE

3751 389 3869 452 628

456 482 774 555 impudens
805 489 980 559 atque
1010 487 1216 561 iniqua
1263 492 1508 549 avaritia
1554 500 1663 551 est.
1713 499 2103 562 Quamobrem

2223 501 2469 575 ὑπηκόου
2533 511 2700 580 ζωήν,
2761 516 2922 568 τοῦτο
2978 512 3286 586 καπηλικόν
3321 561 3334 575 .
3392 516 3464 572 Τὸ
3520 513 3579 573 δὲ
3635 518 3862 577 ἀπαιτεῖν

460 573 715 629 avaritia:
743 576 984 631 morbus
1015 579 1331 649 pessimus,
1377 584 1477 654 qui
1529 587 1738 642 animas
1792 590 1970 646 decus
2018 591 2109 646 in-

461 662 667 734 fringit
694 667 870 736 atque
892 667 1421 742 obscurat,rcgiam
1452 673 1798 746 dignitatem
1832 679 2112 735 humiliﬁ-

462 755 556 806 cat
589 756 766 824 atque
789 755 1253 828 imminuit,totis
1276 761 1457 817 animi
1486 764 1708 823 viribus
1726 768 2110 828 detestandus

458 842 797 915 est.Quippe
812 844 948 901 huic
961 849 1214 904 avaritia:
1229 868 1327 906 rex
1340 856 1584 911 Perseus
1599 857 2108 932 deditus,regnum

462 945 639 985 suum
673 948 737 986 ac
768 933 1118 1005 dignitatem
1149 941 1712 1016 amisit:captusque
1742 965 1776 1002 a
1806 948 2106 1021 Romanis,

455 1016 708 1075 vinculis
740 1028 991 1080 onustus
1020 1026 1080 1081 in
1110 1028 1410 1103 triumpho
1440 1034 1651 1089 ductus
1682 1041 1770 1092 est
1803 1055 1817 1105 ;
1854 1056 2110 1112 cumque

466 1123 579 1162 sua
614 1111 863 1180 pecunia
894 1112 951 1167 in
985 1130 1197 1175 cazcum
1235 1135 1526 1177 carcerem
1562 1126 1883 1196 conjectus,
1931 1129 2111 1203 vitam

461 1196 677 1252 misere
725 1198 981 1257 clausit:
1017 1220 1371 1279 magnopere
1432 1216 1490 1266 et
1540 1216 1680 1268 tunc
1737 1215 1810 1270 ob
1864 1196 2107 1275 stultam

460 1300 631 1340 suam
663 1289 969 1346 avaritiam
1002 1292 1233 1361 irrisus,
1285 1302 1456 1370 atque
1504 1303 1574 1356 ad
1606 1307 1867 1361 nostram
1920 1325 2109 1381 usque

461 1375 984 1435 aetatemludubrio
1014 1382 1270 1440 habitus.
1303 1390 1373 1441 At
1402 1406 1535 1444 vero
1566 1391 1890 1451 Alexander
1921 1375 2107 1453 admi-

460 1464 682 1519 randus
714 1482 833 1533 rex,
863 1471 1114 1526 avaritias
1144 1474 1347 1545 victor,
1377 1477 1519 1532 dum
1562 1479 1671 1536 hoc
1717 1483 1924 1540 vitium
1976 1487 2108 1544 odio

462 1555 519 1606 et
547 1557 913 1627 contemptui
963 1559 1160 1629 habet,
1215 1565 1471 1621 universi
1518 1586 1699 1642 prope
1747 1573 1906 1629 orbis
1950 1575 2107 1632 brevi

460 1642 722 1713 tempore
755 1645 1082 1704 dominium
1114 1652 1388 1709 obtinuit.
1434 1656 1489 1712 Is
1522 1659 1661 1730 quia
1692 1660 2107 1721 thesaurorum

463 1732 619 1801 apud
650 1749 713 1787 se
741 1732 937 1791 locum
958 1742 1156 1796 tenere
1186 1741 1416 1800 dicebat
1446 1746 1766 1806 familiares
1792 1768 2109 1826 suos,quos

2219 592 2353 661 τέλη
2390 597 2679 674 παράλογα
2724 600 2815 655 καὶ
2866 601 2998 678 ὑπὲρ
3047 604 3148 672 τήν
3192 608 3297 659 τῶν
3350 605 3673 682 ἀρχομένων
3720 605 3867 664 δύνα-

2224 703 2313 754 μιν
2349 682 2733 758 ἀναιδεστάτης
2778 686 3094 761 πλεονεξίας
3138 691 3225 746 xci
3274 691 3485 757 ἀδίκιας
3532 694 3693 754 ἐστίν.
3724 699 3866 753 Ὅθεν

2218 772 2318 840 τήν
2363 780 2464 843 τῆς
2519 773 2971 852 φιλοχρηματίας
3020 778 3280 852 κακίστην
3328 781 3487 837 νόσον
3532 785 3864 862 ἀμαυροῦσαν

2225 860 2321 932 μὲν
2371 862 2462 917 καὶ
2513 864 2866 935 σκοτίζουσαν
2914 868 2977 923 τὸ
3027 875 3127 938 τῆς
3174 872 3360 946 ψυχῆς
3409 868 3641 942 κάλλος,
3686 860 3785 944 τήν
3816 872 3870 930 δὲ

2225 948 2502 1022 βασιλείαν
2582 952 2909 1011 ἐλαττοῦσαν
2987 955 3076 1012 καί
3140 957 3654 1035 ἀκρωτηριάζουσαν
3708 1008 3722 1035 ,
3796 961 3873 1018 δεῖ

2225 1045 2398 1111 μισεῖν
2435 1041 2487 1112 ἐξ
2528 1041 2667 1115 ὅλης
2716 1048 2923 1121 ψυχῆς·
2972 1045 3173 1117 ταύτην
3219 1048 3323 1125 γὰρ
3371 1050 3471 1119 τὴν
3519 1049 3867 1128 φιλοχρημα-

2217 1127 2335 1183 τίαν
2371 1130 2399 1184 6
2435 1132 2528 1203 μὲν
2565 1132 2822 1209 βασιλεὺς
2853 1135 3086 1212 Περσεὺς
3118 1137 3400 1214 ἀγαπήσας
3440 1127 3573 1213 (24),
3607 1135 3862 1212 ἐξεϐλήθη

2219 1217 2308 1271 καὶ
2365 1226 2465 1289 τῆς
2520 1220 2699 1299 ἀρχῆς
2756 1223 2920 1279 αὐτοῦ
2977 1224 3067 1280 καὶ
3128 1232 3320 1299 τιμῆςο
3380 1228 3471 1282 καὶ
3527 1229 3868 1306 κατασχεθεὶς

2220 1305 2325 1361 ὐπὸ
2382 1314 2491 1363 τῶν
2551 1312 2857 1385 Ῥωμαίων,
2918 1310 3082 1390 ἤγετο
3135 1312 3377 1388 δέσμιοςο
3437 1317 3527 1389 καὶ
3588 1319 3722 1391 μετά
3766 1323 3865 1374 τῶν

2218 1398 2526 1471 χρημάτων
2585 1400 2661 1463 εἷς
2714 1402 2959 1457 σκοτικὸν
3023 1402 3224 1458 λάκκον
3284 1400 3577 1478 ἐνεϐλήθη,
3636 1406 3724 1462 καὶ
3777 1410 3871 1478 τὴν

2220 1484 2414 1541 ἑαυτοῦ
2495 1490 2639 1559 ζωὴν
2713 1489 2919 1554 ἀθλίως
2989 1492 3268 1549 ἀπώλεσεν
3306 1514 3318 1526 ⁸
3376 1493 3566 1551 πολλά
3641 1493 3730 1552 διὰ
3776 1497 3867 1566 τὴν

2220 1575 2529 1653 ἀφροσύνην
2600 1578 2691 1633 καὶ
2762 1579 3214 1658 φιλοχρηματίαν
3263 1582 3684 1659 καταγελασθεὶς
3717 1630 3730 1655 ,
3786 1586 3871 1640 καὶ

2223 1662 2388 1740 μέχρι
2446 1670 2544 1720 τοῦ
2603 1667 2873 1743 παρόντος
2929 1669 3132 1746 χρόνου
3183 1670 3572 1746 καταγελᾶται.
3628 1672 3870 1744 Ἀλέξαν-

2220 1749 2348 1828 δρος
2408 1751 2466 1810 δὲ
2523 1757 2552 1810 ὁ
2598 1758 2901 1831 θαυμάσιος
2964 1757 3239 1835 βασιλεὺς,
3287 1761 3387 1830 τὴν
3433 1761 3870 1840 φιλοχρηματίαν

462 1819 796 1878 defensores
829 1825 888 1879 in
920 1828 1081 1882 omni
1112 1829 1265 1886 bello
1296 1837 1469 1905 atque
1512 1839 1825 1897 auxiliares
1856 1843 2103 1900 circum-

464 1908 681 1935 Γλκηιιηι
738 1929 764 1935 ..
801 1915 1029 1935 ..-__:..-
1216 1920 1227 1935 1
1332 1924 1347 1935 ς
1398 1928 1407 1935 .
1624 1927 1684 1935 μ-
1978 1934 1985 1935 ,

2255 1819 2264 1828 .
2705 1819 2716 1831 .
2888 1819 2895 1821 ν
2964 1819 2974 1835 .
3205 1819 3239 1833 -,
3345 1819 3356 1830 -
3444 1819 3455 1840 .
3572 1819 3624 1839 η..
3670 1819 3701 1836 ι.

2222 1845 2473 1917 νικήσας,
2533 1846 2626 1900 καὶ
2669 1847 2732 1902 τὸ
2788 1847 2993 1919 ταύτης
3038 1849 3207 1912 πάθος
3268 1852 3502 1924 μισήσας
3548 1851 3640 1907 καὶ
3693 1849 3873 1928 βδελυ-

462 1908 703 1978 ferebat,
737 1929 771 1966 τι
801 1915 1036 1972 nemine
1066 1935 1179 1973 non
1213 1920 1838 2002 laudatur,multisque
1868 1934 2108 2005 regibus

459 1997 650 2068 major
678 2002 862 2057 evasit
891 2008 1068 2076 atque
1098 2008 1169 2063 ad
1203 2008 1360 2067 hunc
1387 2017 1752 2087 usquezdicm
1802 2024 2109 2092 praeconiis

457 2086 804 2146 celebratur.
838 2094 1051 2151 Eodem
1086 2099 1269 2153 animi
1289 2100 1493 2159 habitu
1507 2086 1691 2179 Cyrus
1721 2086 1956 2182 quoque
1978 2113 2106 2169 fuit:

457 2176 560 2246 qui
590 2194 730 2249 opes
778 2181 1081 2240 universas
1133 2187 1340 2245 amicis
1388 2193 1514 2249 suis
1554 2194 1831 2269 largiens,
1869 2206 2109 2258 cunctas

456 2280 519 2320 se
550 2267 849 2337 possidere
880 2274 1122 2342 putabat
1156 2302 1170 2342 ;
1203 2278 1303 2348 qui
1335 2281 1476 2337 dum
1524 2267 1673 2341 suos
1716 2288 1865 2343 dites
1898 2290 2111 2347 faceret

457 2358 632 2425 atque
674 2365 999 2429 exornaret,
1052 2362 1360 2422 laetabatur
1406 2370 1532 2442 ipse
1570 2379 1745 2446 atque
1794 2379 2105 2449 gestiebat.

456 2442 695 2500 Dicente
718 2452 915 2503 autem
948 2453 1144 2508 nescio
1175 2472 1311 2527 quo,
1344 2458 1429 2514 Tu
1460 2463 1783 2537 vero,Cyre,
1802 2471 2107 2540 ecquando

456 2536 637 2588 temet
687 2537 924 2593 ornabis
953 2539 982 2592 ἱ)
1023 2540 1115 2596 Vel
1168 2547 1443 2614 maxime,
1492 2536 1816 2626 respondit,
1864 2536 2107 2617 ornatus

459 2638 614 2689 sum,
649 2623 789 2679 dum
819 2643 922 2682 vos
954 2645 1157 2687 omnes
1187 2640 1424 2692 ornatos
1454 2641 1697 2711 aspicio.
1733 2644 1961 2702 Rursus
1992 2648 2106 2705 alio

456 2717 721 2784 rogante,
779 2713 1034 2773 Curnam
1065 2720 1170 2775 tibi
1205 2739 1344 2794 opes
1365 2742 1482 2782 non
1514 2730 1704 2786 sumis
1734 2731 1762 2786 ?
1789 2735 1987 2807 Atqui,
2017 2736 2108 2793 in-

456 2800 587 2871 quit
617 2817 751 2857 sum
776 2803 1129 2878 ditissimus,
1163 2812 1303 2883 quia
1336 2832 1496 2872 meos
1527 2835 1730 2876 omnes
1780 2823 1999 2881 divitiis
2021 2828 2106 2882 af~

454 2888 701 2946 ﬂuentes
730 2892 919 2949 video.
951 2898 1253 2966 Ejusmodi
1313 2919 1447 2959 cum
1498 2913 1655 2964 esset
1683 2910 1886 2983 Cyrus,
1920 2915 2106 2985 patris

452 2993 667 3034 nomen
697 2980 770 3036 ob
801 2999 971 3038 suam
1003 2984 1375 3047 clementiam
1408 2995 1685 3065 obtinuit,
1730 2980 1867 3072 quia
1900 3003 2101 3059 videli—

451 3070 543 3122 cet
572 3084 809 3126 omnem
840 3072 1017 3129 dabat
1048 3092 1283 3147 operam
1334 3087 1400 3137 ut
1450 3086 1551 3156 qui
1599 3086 1660 3142 in
1708 3070 1836 3160 ejus
1884 3091 2104 3150 ditione

454 3155 764 3229 degebant,
799 3159 1127 3219 beatissimi
1177 3175 1396 3226 essent.
1446 3174 1520 3229 At
1570 3155 1906 3251 Cambyses,
1958 3182 2100 3253 quia

450 3245 763 3301 contrariis
792 3249 1058 3307 moribus
1083 3257 1365 3324 praeditus
1386 3261 1515 3331 fuit,
1534 3280 1706 3336 asper
1734 3269 2097 3341 acerbusque

450 3332 732 3390 dominus
762 3338 1049 3396 vocitatus
1095 3348 1203 3399 est.
1252 3346 1466 3405 Darius
1516 3370 1749 3427 avarus,
1802 3359 2098 3430 sordidus,

450 3422 765 3494 turpisque
796 3425 943 3481 lucri
975 3431 1417 3508 studiosus,qui
1474 3446 1811 3501 acervandae
1834 3450 2101 3519 pecuniae

451 3526 632 3567 causa
662 3511 892 3570 nullum
924 3515 1179 3588 lapidem
1212 3540 1328 3580 non
1360 3531 1842 3607 movebat,caupo
1874 3537 2101 3594 diceba-

450 3602 569 3655 tur.
600 3601 729 3656 Jam
761 3607 818 3658 et
854 3605 1266 3667 Thebanorum
1308 3616 1426 3671 dux
1474 3601 1912 3692 Epaminondas
1942 3627 2102 3685 hunc

452 3691 752 3760 tantopere
784 3695 1045 3763 pecuniae
1077 3700 1351 3759 morbum
1408 3691 1630 3778 oderat,
1683 3718 1748 3767 ut
1795 3715 2099 3775 observato

450 3775 769 3848 aliquando
802 3782 1008 3853 milite,
1044 3788 1145 3858 qui
1195 3792 1487 3862 captivum
1520 3775 1695 3856 suum
1727 3802 2098 3874 divendebat,

451 3870 686 3922 scutum
720 3868 803 3923 illi
835 3872 1132 3944 eripuerit,
1166 3882 1556 3957 cumdemque
1586 3888 1717 3945 albo
1750 3891 1989 3949 militari
2012 3868 2103 3951 ex;

450 3957 744 4026 punxerit,
780 3959 981 4017 dicens
1014 3980 1025 4016 :
1064 3966 1207 4021 Mihi
1249 3971 1485 4040 quidem
1531 3982 1766 4035 scutum
1806 3985 2048 4039 restitue
2081 4007 2095 4056 ς

448 4049 512 4099 tu
536 4062 669 4100 vero
701 4051 1058 4120 cauponium
1094 4059 1260 4112 tuum
1292 4071 1575 4120 exerceto.
1619 4067 1758 4125 Cato
1804 4071 2098 4129 Romano-

452 4150 584 4189 rum
618 4135 938 4208 imperator
958 4157 1091 4198 cum
1124 4161 1259 4201 eum
1286 4150 1460 4223 legati
1484 4154 1803 4214 Britannici
1828 4163 2099 4219 amicitiae

452 4221 875 4297 charitatisque
906 4228 1173 4287 ineundae
1197 4221 1375 4295 causa
1392 4245 2102 4316 convenissent,multam-

453 4327 568 4382 que
595 4312 717 4368 vim
749 4316 878 4370 auri
909 4318 1206 4390 offerrent,
1238 4325 1507 4387 homines
1549 4334 1785 4405 quidem
1835 4338 2102 4396 hilariter

452 4399 843 4474 benevoleque
872 4406 1132 4482 admisit,
1164 4399 1640 4494 postulatamque
1673 4427 1995 4484 amicitiam
2029 4429 2097 4484 1i-

452 4489 656 4545 benter
676 4491 923 4565 largitus
952 4503 1043 4553 est
1075 4517 1087 4567 ;
1122 4518 1329 4560 aurum
1365 4511 1560 4565 tamen
1592 4515 1840 4581 remisit,
1866 4517 2094 4573 dicens:

2222 1931 2474 2005 ξάμενος.
2544 1932 2739 2011 σχεδὸν
2784 1943 2887 2006 τῆς
2937 1937 3263 2011 οἰκουμένης
3322 1940 3535 2012 ἁπάσης
3583 1939 3635 1995 ἐν
3687 1943 3875 2017 βραχεῖ

2222 2021 2412 2096 χρόνῳ
2468 2022 2655 2099 γέγονε
2711 2024 2989 2099 βασιλεύς’
3047 2026 3351 2102 θησαυροὺς
3395 2030 3499 2106 γάρ
3549 2029 3704 2092 οὗτος
3748 2028 3867 2092 τοὺς

2218 2108 2419 2188 φίλους
2466 2112 2803 2186 ἡγούμενος,
2855 2113 2950 2178 οὓς
3003 2118 3361 2180 συνασπιστᾶς
3419 2117 3497 2181 εἰς
3554 2118 3727 2174 πάντα
3777 2118 3868 2173 πό-

2220 2196 2390 2273 λεμον
2438 2200 2557 2277 εἶχε
2602 2201 2693 2256 καὶ
2750 2202 3010 2278 βοηθοὺς,
3072 2204 3220 2280 παρὰ
3272 2207 3490 2261 πάντων
3546 2206 3866 2279 ἐπαινεῖται,

2218 2286 2447 2344 πολλῶν
2497 2288 2766 2364 βασιλέων
2823 2292 3022 2365 μείζων
3067 2293 3380 2369 γενόμενος,
3427 2296 3521 2350 καὶ
3572 2296 3737 2372 μέχρι
3779 2299 3869 2350 τοῦ

2217 2382 2309 2431 νῦν
2364 2379 2793 2453 θαυμαζόμενος.
2853 2381 3062 2451 Ταύτης
3116 2388 3218 2452 τῆς
3273 2386 3506 2458 γνώμης
3558 2384 3649 2440 καὶ
3706 2389 3866 2460 Κῦρος

2218 2466 2481 2544 ἐτύγχανε
2509 2488 2521 2500 ·
2574 2473 2745 2525 πάντα
2790 2472 2894 2546 γὰρ
2935 2474 3202 2548 χρήματα
3245 2477 3360 2534 τοῖς
3410 2472 3597 2551 φίλοις
3646 2470 3862 2551 δωρού-

2220 2577 2379 2629 μενος
2410 2604 2425 2631 ,
2484 2559 2552 2613 τὰ
2606 2556 2822 2615 πάντων
2880 2558 3025 2637 ἔχειν
3086 2560 3301 2635 ἐνόμίζε
3335 2579 3348 2592 ’
3408 2562 3502 2617 καὶ
3568 2562 3863 2632 πλουτίζων

2213 2644 2343 2708 τοὺς
2396 2647 2561 2701 αὐτοῦ
2618 2648 2707 2703 καὶ
2763 2654 2986 2722 κοσμῶν
3021 2694 3036 2721 ,
3087 2649 3248 2712 αὐτὸς
3324 2650 3608 2725 ἡγάλλετό
3669 2672 3728 2707 τε
3779 2650 3862 2705 καὶ

2216 2733 2579 2812 ἐφαιδρύνετο.
2632 2738 2789 2799 Τινὸς
2833 2735 2891 2792 δὲ
2935 2738 3183 2801 εἰπόντος
3232 2737 3400 2812 αὐτῷ,
3454 2739 3535 2794 Σὺ
3569 2738 3645 2814 δὲ,
3693 2741 3735 2795 ὧ
3765 2743 3860 2793 Κῦ-

2216 2843 2294 2898 ρε,
2347 2824 2480 2880 πότε
2523 2828 2825 2899 κοσμήσεις
2868 2827 3061 2882 σαυτόν
3094 2848 3108 2897 ;
3142 2827 3243 2882 Καὶ
3297 2829 3405 2901 μὴν
3457 2828 3691 2905 ἐξόχως,
3735 2828 3862 2901 εἶπε,

2214 2912 2574 2988 Κεκόσμημαι
2606 2959 2620 2986 ,
2697 2916 2898 2978 πάντας
2960 2915 3098 2989 ὑμὰς
3167 2919 3621 2991 κεκοσμημένους
3680 2918 3813 2991 ὁρῶν
3847 2955 3859 2970 .

2213 3001 2425 3060 ’Ἄλλου
2457 3001 2515 3059 δέ
2542 3025 2689 3067 τινος
2740 3004 3115 3082 ἐρωτήσαντος
3164 3006 3343 3077 αὐτὸν,
3396 3008 3553 3063 Διατί
3603 3007 3664 3062 οὐ
3704 3004 3863 3062 πλου-

2210 3097 2359 3163 τεῖς;
2417 3092 2515 3147 Καὶ
2571 3094 2716 3167 μὴν,
2768 3093 2912 3167 εἷπε,
2959 3100 3121 3151 τοῦτο
3176 3095 3343 3171 μέγας
3392 3095 3638 3160 πλοῦτος
3695 3094 3860 3170 ἐμοὶ,

2212 3179 2297 3234 ὅτι
2354 3180 2543 3257 βλέπω
2589 3181 2963 3246 πλουτοῦντας
3006 3183 3204 3247 πάντας
3253 3182 3383 3247 τοὺς
3426 3184 3729 3262 ἡμετέρους
3755 3228 3768 3241 .
3812 3187 3862 3237 '0

2207 3274 2455 3333 τοιοῦτος
2495 3275 2669 3347 Κῦρος
2716 3273 2896 3347 πατὴρ
2946 3270 3193 3328 ἐκαλεῖτο
3408 3270 3505 3329 διὰ
3548 3274 3613 3329 τὸ
3661 3293 3861 3347 συμπα-

2211 3359 2321 3431 θὲς,
2379 3358 2468 3414 καὶ
2523 3359 2585 3415 τὸ
2640 3361 2777 3415 κατά
2833 3360 3009 3417 πάντα
3062 3361 3263 3438 τρόπον
3318 3361 3725 3436 ἐπιμελεῖσθαι,
3784 3360 3862 3417 ἳνα

2210 3447 2384 3503 πάντα
2439 3449 2507 3504 τὰ
2555 3447 2827 3505 κάλλιστα
2877 3448 3079 3526 ἔχωσιν
3136 3452 3187 3506 o't
3235 3446 3337 3507 ὑπὸ
3389 3452 3494 3521 τὴν
3547 3452 3744 3509 ἐκείνου
3774 3451 3858 3524 ἀρ-

2209 3539 2319 3614 χήν
2353 3581 2368 3595 .
2425 3543 2480 3591 Ὀ
2533 3535 2591 3594 δὲ
2663 3533 2961 3612 Καμϐύσης
3021 3536 3112 3595 διὰ
3162 3541 3226 3596 τὸ
3294 3541 3363 3596 τά
3420 3539 3642 3597 ἐναντία
3694 3538 3859 3611 τούτῳ

2210 3632 2409 3700 ποιεῖν,
2451 3625 2699 3704 χαλεπὸς
2746 3630 2837 3683 καὶ
2882 3629 3077 3705 πικρὸς
3128 3627 3393 3700 δεσπότης
3440 3629 3680 3708 ἐλέγετο.
3724 3631 3778 3683 Ὀ
3807 3623 3860 3681 δὲ

2210 3720 2433 3790 Δαρεῖος
2482 3714 2908 3795 φιλοχρήματος
2958 3715 3032 3772 ὢν
3081 3717 3173 3773 καὶ
3204 3717 3481 3797 φειδωλὸς
3518 3719 3609 3775 καὶ
3640 3719 3854 3794 αἱσχρο-

2209 3801 2411 3880 κερδής
2457 3804 2549 3859 καὶ
2594 3800 2835 3881 τρόπους
2883 3805 3115 3862 ἐπινοῶν
3165 3806 3474 3883 χρημάτων
3530 3813 3854 3885 συναγωγῆς,

2209 3893 2461 3963 κάπηλος
2511 3892 2822 3968 ὠνομάζετο
2875 3897 3012 3970 (26).
3070 3893 3249 3950 Ἃλλὰ
3302 3897 3393 3950 καὶ
3457 3891 3856 3972 Ἐπαμινώνδας

2211 3983 2239 4036 ὁ
2290 3976 2547 4053 Θηϐαίων
2597 3983 2902 4059 στρατηγὸς
2949 3983 3123 4047 οὕτως
3170 3984 3277 4040 ἀπὸ
3328 3988 3523 4085 ψυχῆς
3573 3982 3859 4085 ἐμίσει

2207 4071 2465 4141 τοιαύτην
2538 4070 2695 4126 νόσον
2770 4073 2896 4149 περὶ
2952 4073 3020 4128 τὰ
3077 4075 3382 4149 χρήματα,
3445 4074 3586 4130 ὥστε
3640 4075 3716 4135 ὡς
3760 4068 3859 4125 εἶδέ

2209 4162 2342 4216 ποτέ
2374 4182 2496 4216 τινα
2542 4165 2648 4216 τῶν
2700 4166 3043 4237 στρατιωτῶν
3095 4162 3571 4236 ἀπεμπολήσαντα
3612 4163 3670 4217 ’ὸν
3721 4159 3857 4233 εἶχεν

2209 4248 2594 4327 αἰχμάλωτον,
2646 4249 2982 4329 ἀφελόμενος
3029 4249 3400 4351 τὴνωάσζπίδα,
3444 4257 3560 4351 ’τοῦ
3610 4267 3858 4351 crepa-fw):

2206 4343 2361 4393 τικοῦ
2430 4338 2709 4414 τάγματος
2786 4338 2945 4394 αὐτὸν
3024 4337 3288 4411 ἀπεδίωξε
3339 4385 3355 4410 ,
3412 4341 3582 4396 εἰπὼν
3634 4385 3648 4411 ,
3708 4337 3855 4409 Έμοὶ

2212 4429 2307 4501 μὲν
2352 4428 2698 4503 ἀντίπρεψον
2753 4430 2852 4498 τὴν
2906 4428 3122 4484 ἀσπίδα·
3173 4428 3236 4483 σὺ
3285 4426 3343 4484 δὲ
3389 4428 3457 4531 αὖ
3506 4434 3587 4503 τῷ
3630 4422 3854 4531 καπήλκῳ

2210 4517 2523 4593 εὐτρέπισον
2562 4561 2574 4574 .
2627 4517 2813 4573 Κάτων
2880 4515 2939 4572 δὲ
2987 4519 3015 4572 ὁ
3060 4522 3168 4573 τῶν
3219 4517 3510 4591 Ῥωμαίων
3563 4515 3853 4594 στρατηγὸς

451 4594 648 4635 servos
681 4581 796 4636 emi
843 4584 1049 4654 solere,
1100 4592 1321 4649 amicos
1378 4596 1534 4670 eligi.
1584 4604 1741 4659 Adeo
1789 4606 1881 4660 hic
1922 4608 2101 4663 etiam

2214 4581 2336 4669 me}
2404 4605 2661 4671 ἐλθόντας
2739 4607 2816 4669 εἷς
2874 4606 3034 4662 αὐτὸν
3092 4581 3345 4684 πρέσϐεις
3404 4608 3513 4663 ἀπὸ
3586 4581 3851 4683 βρετανίας

449 4668 708 4738 pecuniae
740 4678 1110 4746 contemptor
1148 4680 1256 4736 fuit
1288 4683 1300 4737 l
1338 4668 1515 4755 quam
1560 4691 1633 4745 ob
1683 4710 1803 4749 rem
1856 4695 1968 4751 lato
2000 4714 2101 4768 per

450 4758 652 4811 orbem
685 4775 864 4832 prope
894 4764 1233 4825 universum
1261 4789 1474 4831 nomen
1505 4779 1633 4848 ejus
1666 4780 2097 4841 inclaruit.Jam

451 4847 795 4944 quaeCyrus
827 4854 885 4905 et
913 4856 1488 4929 Epaminondas,hac
1517 4868 1732 4926 virtute
1763 4889 1829 4927 ac
1852 4875 2103 4944 pruden-

449 4932 534 4987 tia
580 4931 864 5007 insignes,
912 4942 1218 5010 splendide
1272 4956 1671 5023 patraverunt,
1732 4931 2104 5018 alii‘scilicet

451 5024 822 5094 narrent,qui
854 5025 1118 5087 historiis
1148 5033 1382 5093 illorum
1415 5039 1679 5113 legendis
1709 5050 1943 5120 tempus
1963 5065 2098 5105 con-

450 5110 756 5167 triverunt.
807 5114 1037 5173 Etenim
1086 5122 1418 5195 Alexandri,
1471 5110 1599 5203 Cyri
1648 5110 2103 5210 atque.Epami-

453 5199 660 5297 nonda:
684 5217 775 5257 res
795 5205 1068 5274 praeclare
1090 5219 1266 5282 gestae
1288 5199 1653 5288 ingenti'face
1674 5199 2102 5297 splendidiores

455 5284 717 5343 relucent
749 5306 763 5345 :
797 5309 1086 5367 nemoque
1107 5317 1207 5357 eas
1236 5303 1602 5375 ignorat.nisi
1630 5315 1730 5384 qui
1764 5315 1910 5371 forte
1932 5317 2100 5387 plane

453 5390 649 5432 socors
672 5383 762 5434 est
790 5386 967 5452 atque
999 5389 1192 5444 omnis
1223 5390 1551 5454 honestatis
1580 5383 2103 5464 incuriosus.Sunt

455 5621 491 5676 Ρ
527 5537 636 5661 (ἐξὲξ
677 5540 822 5665 ﬁge
849 5542 1085 5603 Diodori
1118 5553 1439 5627 ac;Polybii
1484 5559 1767 5620 Vaticana
1809 5573 2099 5642 excerpta,

528 5682 637 5749 κώ]
680 5688 755 5738 ita
795 5685 1009 5743 diserte
1066 5694 1317 5753 testatur
1370 5702 1659 5764 Diodorus
1715 5708 1948 5766 Siculus
2007 5714 2099 5769 ed.

2208 4692 2384 4750 ἕνεκεν
2421 4693 2746 4773 φιλίας,καὶ
2794 4696 3033 4773 ἀγάπης,
3081 4696 3171 4751 καὶ
3207 4693 3459 4796 πολλοὺέ
3503 4697 3711 4796 χρυσοῦ
3764 4709 3856 4796 x0:

2215 4784 2474 4856 μίσαντας
2528 4784 2874 4860 θησαυροὺς,
2937 4784 3172 4848 ἐκείνους
3227 4785 3320 4858 μὲν
3370 4783 3551 4855 ἡδέως
3599 4783 3687 4838 καὶ
3749 4797 3838 4853 μετ

2214 4872 2551 4950 εὐφροσύνης
2572 4870 2807 4948 ἐδέξατο,
2857 4874 2948 4929 καὶ
2997 4875 3097 4943 τήν
3152 4871 3335 4953 φιλίαν
3376 4875 3439 4945 ἣν
3475 4874 3697 4946 ἐζήτουν
3729 4869 3853 4925 ἀπο-

2214 4959 2500 5035 δεξάμενος
2558 4959 2784 5039 ἔστερξε’
2844 4964 2936 5018 τὸν
2994 4960 3053 5018 δὲ
3107 4964 3312 5041 χρυσὸν
3360 4964 3719 5037 ἀπεπέμψατο
3760 4954 3856 5030 [εἷ-

2211 5052 2349 5124 πών]
2384 5052 2460 5114 ὡς
2489 5052 2541 5106 οἱ
2573 5049 2764 5107 δοῦλοι
2818 5053 2911 5125 μέν
2962 5053 3094 5108 εἶσιν
3148 5053 3371 5126 ὠνητοὶ,
3422 5054 3474 5109 οἱ
3517 5050 3574 5107 δὲ
3604 5049 3754 5153 φίλοί
3778 5043 3851 5098 αἱ-

2213 5141 2381 5215 ρετοί.
2437 5145 2700 5195 Τοσοῦτον
2751 5138 2809 5195 δὲ
2851 5142 2939 5197 καὶ
2998 5141 3154 5204 οὗτος
3200 5142 3616 5221 καταφρονητὴς
3644 5138 3848 5238 ἐγένεξο

2209 5235 2317 5285 τῶν
2351 5231 2679 5306 χρημάτων’
2731 5227 2821 5285 διὰ
2863 5234 3025 5285 τοῦτο
3068 5232 3159 5286 καὶ
3209 5235 3493 5307 πανταχοῦ
3538 5223 3726 5305 σχεδὸν
3754 5225 3848 5289 τῆς

2213 5319 2543 5392 οἰκουμένης
2594 5317 2782 5394 γέγονε
2830 5320 3198 5393 περιώνυμος.
3255 5323 3393 5376 Ὅσα
3451 5317 3510 5376 δὲ
3565 5313 3847 5394 ἀμφότεροι

2213 5408 2364 5462 οὗτοι
2406 5409 2459 5462 οἱ
2508 5407 2806 5483 στρατηγοὶ
2847 5407 2877 5462 ὅ
2915 5428 2975 5462 τε
3019 5412 3193 5484 Κῦρος
3233 5408 3323 5465 καί
3373 5411 3400 5465 6
3448 5395 3848 5479 Ἐπαμινώνδας

2213 5568 2459 5626 Wessel.
2516 5573 2658 5624 tom.
2719 5568 2789 5640 II,
2848 5583 2981 5640 pag.
3035 5569 3161 5625 553.
3213 5570 3389 5627 Confe
3444 5568 3560 5625 Cic.
3616 5565 3693 5619 De
3732 5572 3840 5627 rep-

2211 5662 2251 5714 Ι,
2283 5644 2398 5785 (2:6)
2422 5711 2505 5767 Ex
2532 5711 2821 5769 Herodoto
2854 5728 2941 5779 III,
2971 5711 3062 5766 89.
