4154 6420
299 433 416 498 629

1447 433 1741 496 ORATIO
1783 432 1887 495 DE
1930 430 2160 495 REGIS
2206 431 2563 495 OFFICIIS.

3594 429 3715 492 630

293 569 536 622 τοιοῦτοι
584 563 832 643 φανέντες
879 563 980 633 τήν
1034 563 1229 640 ἀρετὴν
1280 564 1369 619 καὶ
1417 565 1514 634 τὴν
1561 563 1768 619 σύνεσιν
1817 584 1951 617 κατ-

2089 565 2222 620 :nim
2254 582 2346 620 res
2394 565 2706 637 ejusmodi,
2760 581 3012 636 quarum
3046 564 3202 620 fama
3240 579 3540 636 nunquam
3576 579 3713 618 con-

301 656 556 731 ώρθωσαν
613 651 1070 729 μεγαλοπρεπῶς,
1115 650 1419 729 λεγέτωσαν
1470 650 1656 720 ἄλλοι,
1689 651 1808 706 ὅσοι
1859 653 1954 713 τὰς

299 745 423 815 περὶ
502 742 678 799 αύτῶν
763 743 1038 818 ἱστορικὰς
1109 737 1338 818 βίϐλους
1409 741 1730 818 ἀνέγνωσανο
1797 738 1953 795 Ἀλε-

304 831 530 910 ξάνδρου
592 833 696 908 γὰρ
745 831 835 886 καὶ
885 829 1063 906 Κύρου
1125 830 1214 885 καὶ
1281 828 1694 904 Ἐπαμινώνδου
1761 851 1954 905 κατορ-

304 924 534 996 θώματα
583 919 827 997 μεγάλου
883 925 1092 995 πυρσοῦ
1159 919 1332 998 φαίνει
1399 918 1803 996 λαμπρότερονο
1866 919 1955 974 καὶ

305 1012 490 1086 μόνοις
567 1010 698 1066 εἰσὶν
760 1011 1012 1084 ἄγνωστα
1084 1014 1202 1071 τοῖς
1265 1008 1520 1084 ῥᾳθύμως
1575 1009 1664 1064 καὶ
1735 1009 1958 1082 ἀμελῶς

301 1099 494 1178 ἔχουσι
543 1100 666 1176 περὶ
713 1100 782 1154 τά
828 1097 988 1154 καλά·
1043 1097 1133 1152 καὶ
1183 1095 1443 1152 οὐδέποτε
1508 1095 1958 1168 συντελεσθήσον-

300 1212 388 1246 ται
445 1194 633 1260 ταῦτα,
670 1183 869 1264 μέχρις
929 1186 988 1242 ἃν
1023 1187 1050 1241 6
1081 1184 1244 1256 ἥλιος
1301 1186 1633 1262 περιαυγάζῃ
1678 1188 1777 1256 τήν
1827 1193 1954 1262 γῆν·

301 1279 392 1336 καὶ
452 1278 530 1342 εἷς
581 1280 696 1332 οῖον
745 1274 802 1332 δὲ
843 1273 1024 1352 ἕτερον
1072 1276 1142 1331 τὰ
1187 1274 1311 1350 τρία
1354 1279 1521 1330 ταῦτα
1550 1275 1866 1345 συνέλθωσι,
1896 1274 1958 1330 τό

302 1390 361 1424 τε
419 1367 779 1446 σωφρονικὸν,
835 1365 900 1420 τὸ
957 1370 1151 1441 πρᾶον,
1209 1365 1298 1419 xui
1355 1365 1417 1418 τὸ
1471 1362 1789 1442 φιλότιμον,
1851 1363 1961 1419 ἐκεῖ

304 1459 521 1519 πάντως
574 1454 937 1512 ἀκολουθοῦσι
992 1455 1060 1509 τὰ
1121 1451 1578 1530 ἀνδραγαθήματα
1623 1453 1712 1508 καὶ
1744 1457 1779 1523 ἠ
1812 1451 1957 1524 δόξαο

302 1544 628 1624 σωφροσύνη
695 1545 790 1618 μὲν
848 1544 949 1620 γὰρ
1007 1540 1225 1618 ἀνδρίας
1271 1542 1380 1597 ἐστὶ
1431 1540 1706 1615 παίδευμα
1735 1542 1824 1596 καὶ
1861 1563 1960 1616 με-

309 1634 551 1708 λέτημα,
607 1633 901 1708 προξενοῦν
955 1633 1284 1708 τροποῢσθαι
1341 1631 1468 1693 τοὺς
1551 1629 1855 1704 πολεμίους
1902 1651 1962 1685 τε

303 1725 398 1780 xui
457 1723 708 1800 έχθρούς’
740 1721 986 1797 πραότης
1045 1718 1102 1776 δὲ
1157 1723 1248 1776 καὶ
1303 1721 1366 1775 τὸ
1415 1720 1719 1792 ἀνεξίκακον
1753 1719 1962 1796 γυμνά-

308 1812 426 1869 σιόν
474 1812 585 1868 ἐστι
637 1810 1055 1887 μεγαλοψυχίας
1093 1831 1152 1865 τε
1191 1810 1280 1864 καὶ
1331 1809 1635 1883 ὑπομονῆς,
1675 1809 1765 1863 καὶ
1814 1807 1959 1864 ἄντι-

305 1923 440 1980 κρυς
496 1901 755 1978 πρόξενος
809 1904 907 1955 τοῦ
990 1899 1136 1975 παρά
1220 1897 1435 1961 πάντων
1516 1897 1824 1975 στέργεσθαι
1872 1897 1961 1952 xui
1993 1938 2040 2003 B

378 1993 391 2003 .
442 1996 464 2003 η
501 1993 522 2003 -
675 1990 689 2003 .
761 1987 808 2003 ε..
1054 1986 1072 2003 ς
1106 1987 1118 2003 ,
1412 1988 1425 2003 κ
1522 1987 1534 2003 ,
1767 1989 1781 2003 ς
1942 1988 1955 2003 ς

307 1993 604 2070 φιλεῖσθαι’
636 1990 700 2046 τὸ
757 1987 815 2044 δέ
869 2009 933 2064 γε
990 1986 1283 2066 φιλότιμον
1339 1988 1428 2042 καὶ
1485 1987 1820 2064 εὐεργετικὸν
1869 1988 1959 2042 καὶ

304 2081 439 2144 τοὺς
507 2078 834 2154 συμμάχους
900 2078 988 2133 καὶ
1057 2077 1252 2156 φίλους
1310 2075 1620 2150 ἐνδυναμοῖ,
1671 2077 1761 2132 καὶ
1831 2077 1959 2139 τοὺς

310 2168 546 2246 αὐχένας
604 2173 710 2222 τῶν
772 2166 986 2243 ἐχθρῶν
1065 2165 1437 2244 καταστρέφει·
1493 2166 1582 2220 καὶ
1638 2167 1703 2221 τὸ
1763 2165 1960 2221 οἷ’κεῖον

310 2255 784 2335 κατωχυρωμένον
843 2261 1010 2328 ποιεῖ,
1060 2256 1151 2310 καὶ
1209 2253 1272 2310 τὸ
1325 2253 1619 2330 ἀλλότριον
1675 2255 1765 2310 καὶ
1821 2255 1966 2326 ξένον

313 2345 532 2419 δουλοῖ,
562 2347 654 2401 καὶ
683 2345 891 2421 ἀνοίγει
951 2351 1054 2400 πᾶν
1116 2343 1311 2418 στόμα,
1343 2345 1432 2399 καὶ
1488 2350 1660 2399 πᾶσαν
1715 2344 1964 2420 γλῶσσαν

313 2435 596 2512 διερεθίζει
676 2436 812 2511 πρὸς
894 2432 1132 2489 ἔπαινονο
1195 2433 1333 2488 ὥστε
1386 2433 1455 2488 τά
1513 2434 1633 2509 τρία
1685 2438 1852 2488 ταῦτα
1903 2434 1971 2488 τὰ

312 2526 663 2604 προτεθέντα,
693 2523 745 2579 ἐν
800 2521 1055 2596 συντόμῳ
1119 2523 1308 2592 εἰπεῖν,
1351 2521 1508 2594 νίκης
1565 2523 1654 2578 καὶ
1712 2521 1968 2600 λαμπρᾶς

317 2614 477 2689 δόξης
527 2613 631 2670 εἶσὶ
675 2611 907 2690 πρόξενα
951 2617 1032 2684 τῷ
1072 2611 1286 2674 τούτοις
1337 2612 1754 2684 κεκοσμημένῳ.
1791 2611 1970 2676 Μῦθός

327 2705 436 2760 ἐστι
466 2708 574 2760 τῶν
605 2700 922 2772 Ἐλλήνων,
957 2700 1039 2756 ὅτι
1099 2698 1164 2771 δὴ
1221 2698 1374 2774 μῆλα
1429 2707 1608 2776 χρυσᾶ
1640 2703 1668 2756 6
1698 2701 1973 2779 Ἡρακλῆς

326 2793 661 2872 ἀφελόμενος
721 2791 827 2846 ἀπὸ
884 2795 990 2846 τῶν
1042 2790 1349 2866 θυγατέρων
1396 2795 1493 2844 τοῦ
1521 2789 1976 2852 ”ΑτλαντοςἘσ-

327 2879 583 2959 περίδων,
617 2881 708 2937 ὅτε
764 2879 1042 2935 ἀπέκτεινε
1095 2878 1188 2934 καὶ
1247 2880 1336 2934 τὸν
1389 2877 1830 2957 ποικιλόμορφον
1887 2879 1978 2934 καὶ

333 2968 821 3049 έκατοντακέφαλον
883 2966 1167 3044 δράκοντα·
1231 2965 1382 3023 δοκεῖ
1434 2973 1561 3044 γοῦν
1621 2969 1728 3023 ἀπὸ
1806 2966 1980 3038 ἀλλη-

329 3057 508 3136 γορία,
541 3057 622 3114 ὅτι
681 3055 835 3132 μῆλα
895 3057 988 3132 μὲν
1049 3055 1303 3131 λέγονται
1356 3054 1445 3112 διὰ
1493 3059 1593 3127 τὴν
1649 3057 1803 3127 νίκην
1847 3059 1980 3130 (27),

330 3153 511 3224 χρυσᾶ
561 3145 618 3202 δὲ
670 3145 760 3202 διὰ
807 3146 906 3215 τήν
966 3143 1141 3216 δοξαν·
1178 3146 1206 3200 6
1261 3150 1390 3220 γοῦν
1449 3146 1516 3200 τά
1550 3146 1673 3218 τρία
1700 3151 1866 3201 ταῦτα
1900 3168 1985 3219 μι-

329 3233 714 3312 σήσας,ἤγουν
773 3232 1001 3306 ἡδονὴν,
1045 3233 1216 3310 ὀργὴν
1274 3235 1365 3288 καὶ
1422 3232 1728 3311 χρημάτων
1787 3234 1982 3312 ἔρωτα,

2066 655 2321 720 ticescet,
2356 655 2616 725 quandiu
2648 654 2825 709 lebi
2857 655 3058 709 radius
3109 653 3374 709 tellurem
3412 652 3716 708 collustra-

2065 745 2170 798 bit.
2204 745 2464 799 Profecto
2499 744 2832 816 ubicunque
2864 749 2983 799 tres
3014 744 3101 798 hae
3128 744 3375 798 virtutes
3433 758 3714 797 convene-

2069 833 2205 900 rint,
2242 833 2654 904 temperantia,
2709 833 3098 889 mansuetudo
3158 837 3215 887 et
3262 831 3598 896 liberalitas,
3635 831 3712 885 ibi

2069 920 2344 994 praeclara
2377 923 2635 977 facinora
2660 922 3025 995 gloriamque
3043 921 3318 978 exsistere
3340 936 3576 977 necesse
3607 924 3714 975 est.

2067 1012 2299 1067 Etenim
2333 1013 2741 1084 temperantia,
2799 1012 3162 1067 fortitudinis
3194 1011 3596 1083 magisterium
3629 1014 3720 1065 est

2068 1107 2244 1174 atque
2275 1101 2634 1167 exercitatio,
2665 1117 2849 1173 eaque
2872 1102 3023 1157 vires
3056 1101 3394 1173 suppeditat
3424 1099 3494 1155 ad
3527 1099 3716 1172 priva-

2067 1194 2160 1246 tos
2192 1189 2580 1262 publicosque
2611 1189 2809 1245 hostes
2831 1191 3170 1246 vincendos.
3212 1189 3596 1244 Mansuetudo
3654 1205 3720 1242 ac

2070 1277 2352 1352 patientia
2381 1278 2847 1350 magnitudinem
2872 1278 3054 1333 animi
3080 1278 3590 1348 constantiamque
3613 1293 3720 1332 nos

2070 1365 2319 1435 docet,et
2340 1367 2729 1422 universalem
2753 1367 2926 1422 nobis
2947 1366 3219 1423 conciliat
3257 1365 3716 1422 benevolentiam

2071 1460 2244 1526 atque
2277 1455 2621 1510 amicitiam.
2655 1456 2916 1528 Denique
2963 1455 3281 1511 liberalitas
3312 1461 3370 1511 et
3398 1456 3723 1510 beneficen-

2070 1545 2154 1600 tia
2185 1545 2373 1601 socios
2408 1545 2578 1600 nobis
2610 1545 2948 1616 amicosque
2969 1545 3187 1601 arctius
3218 1545 3492 1615 devincit,
3525 1549 3582 1600 et
3610 1544 3720 1598 ini-

2072 1633 2360 1690 micorum
2394 1635 2610 1690 fastum
2643 1634 2994 1689 humilificat
3017 1635 3254 1706 propria
3284 1634 3498 1700 ﬁrmat,
3531 1633 3726 1689 aliena

2071 1728 2246 1796 atque
2307 1729 2542 1780 externa
2600 1725 2905 1796 perdomat
2949 1741 2962 1779 :
3007 1725 3273 1779 omnium
3315 1741 3417 1779 ora
3466 1723 3723 1794 resolvit,

2073 1813 2422 1885 linguasque
2480 1813 2552 1866 ad
2611 1811 2966 1884 praeconium
2998 1813 3229 1868 excitat.
3286 1813 3360 1869 Ut
3415 1814 3594 1874 verba
3651 1813 3723 1867 ad

2073 1901 2487 1973 compendium
2519 1901 2834 1969 conferam,
2864 1901 3059 1956 tribus
3091 1901 3185 1956 his
3214 1901 3530 1956 virtutibus
3553 1919 3724 1957 orna-

2071 1995 2167 2046 tus
2188 1991 2362 2046 homo
2385 1989 2751 2062 splendidam
2778 1989 3023 2062 gloriam
3045 1989 3469 2062 victoriamque
3495 1992 3722 2046 referet.

2071 2080 2403 2136 Graecorum
2436 2078 2644 2135 fabulae
2679 2084 2935 2150 narrant,
2985 2079 3289 2136 Herculem
3339 2095 3515 2136 aurea
3566 2079 3724 2135 mala

2073 2167 2391 2225 abstulisse
2419 2166 2802 2240 Hesperidum
2832 2167 3082 2223 Atlantis
3112 2169 3387 2238 filiarum,
3409 2174 3720 2241 postquam

2077 2260 2390 2313 draconem
2425 2255 2846 2312 multiformem
2877 2256 3384 2328 centicipitemque
3414 2257 3721 2312 interfecit.

2077 2347 2367 2403 Videntur
2415 2351 2610 2401 autem
2642 2345 2756 2400 dici
2800 2363 2901 2418 per
2931 2345 3269 2418 allegoriam
3303 2346 3458 2402 mala
3489 2346 3726 2418 quidem

2081 2442 2318 2509 propter
2346 2435 2675 2502 victoriam,
2709 2451 2884 2489 aureo
2912 2452 3045 2490 vero
3071 2441 3307 2507 propter
3336 2435 3602 2507 gloriam.
3623 2435 3731 2502 Qui

2080 2525 2194 2580 tria
2223 2524 2344 2578 haec
2375 2523 2558 2596 igitur
2611 2523 2750 2578 vitia
2779 2523 3070 2592 devicerit,
3129 2524 3508 2596 voluptatem,
3561 2525 3732 2591 iram,

2084 2613 2410 2678 avaritiam,
2445 2612 2503 2667 in
2539 2629 2666 2684 qua:
2697 2612 3044 2684 plerumque
3100 2613 3370 2669 homines
3404 2613 3735 2681 incurrunt,

2084 2702 2283 2773 ibique
2322 2701 2604 2756 atlantica
2631 2701 2811 2757 veluti
2843 2702 3121 2758 ﬁrmitate
3151 2702 3409 2770 harrent;
3455 2703 3614 2769 talis,
3648 2702 3737 2757 in-

2087 2809 2288 2864 quam,
2338 2791 2544 2859 viator,
2596 2795 2656 2846 et
2705 2792 3000 2862 perfectus
3044 2808 3134 2845 v1r
3179 2797 3270 2847 est
3311 2791 3682 2847 admirabilis
3725 2817 3740 2859 ;

2089 2885 2264 2952 atque
2321 2880 2513 2935 adhuc
2561 2879 2797 2951 juvenis
2857 2879 3035 2951 digna
3091 2880 3380 2936 senilibus
3426 2880 3597 2936 annis
3655 2880 3738 2936 fa-

2091 2969 2289 3024 cinora
2321 2973 2614 3040 perpetrat
2645 2986 2658 3024 :
2692 2968 2966 3040 idemque
2997 2969 3147 3041 pigri
3181 2968 3362 3024 animi
3408 2973 3740 3025 monstrum

2092 3057 2341 3130 impigre
2359 3057 2596 3129 perimit
2621 3075 2634 3126 ;
2667 3058 2816 3130 pigri
2842 3057 3299 3129 inquam,animi
3333 3059 3404 3113 ad
3428 3057 3744 3114 rationales

2095 3147 2422 3218 dignosque
2452 3150 2662 3201 natura
2691 3163 2799 3201 sua
2835 3147 3250 3218 actus,quibus
3271 3145 3444 3202 alieni
3467 3163 3501 3202 a
3522 3147 3746 3203 ratione

2098 3240 2425 3306 naturaque
2458 3239 2653 3290 motus
2683 3234 2994 3290 cohibendi
3027 3240 3185 3290 sunt.
3209 3235 3356 3291 Nam
3388 3252 3584 3291 coram
3615 3235 3748 3291 forti

329 3326 406 3388 εἰς
437 3323 470 3379 ἃ
499 3323 573 3386 ὡς
620 3322 708 3379 ἐπὶ
755 3321 901 3378 πολὺ
949 3322 1363 3398 περιπίπτουσιν
1397 3323 1449 3377 οἱ
1498 3324 1796 3400 ἄνθρωποι,
1831 3322 1979 3400 ἔχον-

2099 3324 2445 3395 excelsaque
2493 3323 2704 3378 mentis
2737 3323 2998 3395 potentia
3049 3325 3366 3380 formidare
3395 3323 3544 3380 solet
3573 3329 3749 3396 atque

324 3436 413 3478 τες
473 3413 562 3470 ἐπὶ
609 3411 851 3486 τούτοιτ,
885 3412 960 3474 ὡς
1009 3410 1305 3482 Ἄτλαντα,
1335 3411 1428 3466 τὸν
1487 3409 1766 3467 ἀνένδοτον
1827 3412 1988 3488 λογι-

331 3505 490 3576 σμὸν,
553 3502 714 3565 οὗτος
775 3501 802 3555 ὁ
858 3505 1025 3556 ταῦτα
1082 3500 1402 3572 νενικηκὼς,
1461 3499 1674 3563 τέλειός
1733 3501 1843 3556 ἐστι
1901 3501 1990 3556 καὶ

332 3591 785 3665 ἀξιοθαύμαστος,
846 3584 1255 3667 προλαμϐάνων
1311 3587 1365 3644 ἐν
1426 3593 1495 3664 τῇ
1552 3589 1768 3660 νεότητι
1823 3589 1890 3644 τὰ
1937 3589 1989 3644 ἐν

332 3685 483 3759 γήρᾳ
511 3680 790 3757 πρέποντα
834 3679 1252 3756 κατορθώματα,
1283 3679 1372 3733 καὶ
1422 3678 1484 3732 τὸ
1531 3685 1631 3748 τῆς
1677 3676 1992 3753 ἀμελούσης

331 3774 522 3848 ψυχῆς
582 3767 772 3841 θηρίον
836 3769 971 3840 μετὰ
1025 3765 1268 3837 σπουδῆς
1325 3762 1707 3840 καταϐάλλων,
1751 3767 1839 3822 xui
1901 3767 1993 3843 ῥᾳ-

334 3859 529 3934 θύμως
600 3855 947 3930 διακειμένης
997 3856 1121 3932 περὶ
1177 3855 1272 3918 τὰς
1333 3854 1558 3932 λογικάς
1625 3856 1762 3911 κατά
1837 3855 1992 3934 φύσιν

331 3949 536 4025 ὁρμὰς,
571 3944 771 4008 αἵτινες
800 3947 896 4008 τὰς
935 3945 1083 4020 παρὰ
1133 3944 1289 4023 φύσιν
1330 3944 1422 3999 καὶ
1470 3942 1708 4021 ἀλόγους
1752 3947 1994 4016 κινήσεις

331 4033 772 4093 καταϐάλλουσιο
804 4036 942 4112 πρὸς
974 4034 1078 4110 γὰρ
1127 4031 1189 4088 τὸ
1237 4032 1464 4108 ἰσχυρόν
1517 4053 1577 4088 τε
1630 4032 1720 4088 καὶ
1783 4031 1992 4106 ὑψηλὸν

328 4131 426 4182 τοῦ
486 4128 828 4201 ἡγεμονικοῦ
881 4120 1062 4194 δειλιᾷ
1106 4121 1197 4177 καὶ
1252 4125 1533 4198 νεκροῦται
1584 4123 1645 4176 τὸ
1701 4120 2230 4198 ἀπηλλοτριωμένον
2299 4124 2390 4177 xui
2465 4124 2611 4197 παρὰ
2683 4121 2860 4199 φύσιν·
2909 4121 3000 4176 xui

2101 3417 2330 3486 torpere
2357 3413 2645 3484 quidquid
2679 3412 2948 3484 spurium
2983 3418 3304 3485 praeterque
3326 3419 3598 3469 naturam
3631 3419 3747 3470 est:

2101 3502 2454 3575 graviusque
2485 3501 2671 3573 timet,
2704 3518 2882 3572 quam
2941 3500 3107 3557 leone
3145 3502 3410 3574 rugiente
3454 3501 3616 3558 feles.
3650 3504 3749 3558 Se-

2103 3608 2208 3646 cus
2239 3596 2438 3646 autem
2469 3607 2539 3645 ex
2584 3591 2837 3662 ignavia,
2898 3590 3148 3659 incuria,
3205 3591 3516 3662 somnique
3548 3607 3752 3662 super-

2104 3679 2207 3734 ﬂui
2266 3680 2486 3751 studio,
2549 3680 3005 3735 corroborantur
3031 3680 3175 3734 vitia
3223 3684 3398 3751 atque
3445 3681 3752 3736 audaciam

2105 3773 2371 3838 sumunt,
2429 3785 2679 3839 moxque
2722 3768 3018 3824 hominem
3069 3768 3360 3824 irretitum
3417 3773 3753 3836 excaecant;

2105 3874 2208 3913 ceu
2243 3856 2633 3912 fortissimum
2665 3855 2833 3910 illum
2893 3857 3280 3929 Sampsonem
3341 3857 3562 3923 Dalida,
3602 3862 3759 3929 post-

2106 3963 2285 4019 quam
2318 3946 2370 4001 ei
2401 3951 2576 4017 caput
2608 3945 2837 4017 capillis
2863 3947 3183 4002 nudaverat
3227 3964 3239 4000 :
3275 3946 3526 4018 denique
3572 3946 3758 4003 oculis

2107 4052 2408 4106 sensuque
2437 4037 2700 4100 orbatus,
2734 4034 2988 4090 ludibrio
3019 4034 3290 4090 habetur.

3085 4124 3286 4197 πάσχει
3353 4119 3525 4176 πλέον
3584 4123 3619 4192 ἢ
3682 4120 3762 4178 ui-

333 4212 541 4291 λουρος
601 4211 918 4286 ὠρυομένου
974 4207 1217 4272 λέοντος·
1280 4208 1461 4284 ὥσπερ
1518 4209 1683 4265 πάλιν
1741 4209 1801 4263 ἐκ
1835 4214 1933 4264 τοῦ
1989 4209 2228 4265 ἐναντίου
2285 4210 2391 4265 ἀπὸ
2444 4215 2542 4265 τοῦ
2602 4209 2858 4286 ῥᾳθυμεῖν
2915 4209 3004 4263 καὶ
3080 4209 3325 4282 ἀμελεῖν,
3385 4211 3474 4264 καὶ
3548 4211 3757 4284 ἀγαπᾷν

332 4302 540 4365 ὕπνους
599 4300 767 4356 πλέον
824 4304 922 4355 τοῦ
981 4297 1219 4372 δέοντος,
1255 4297 1738 4376 ἷσχυροποιοῢνται
1793 4300 1862 4354 τὰ
1908 4298 2052 4370 πάθη
2113 4301 2203 4355 xui
2262 4299 2459 4376 θράσος
2508 4294 2870 4372 λαμϐάνουσι·
2905 4299 2992 4353 καὶ
3023 4294 3410 4374 παραλαϐόντα
3437 4303 3628 4354 τοῦτον
3683 4300 3760 4363 ὡς

328 4390 703 4468 αἰχμάλωτον
742 4389 809 4444 τὰ
863 4392 1087 4444 τοιαῦτα
1139 4389 1310 4460 πάθη,
1344 4387 1749 4465 ἀποτυφλοῦσιν
1812 4386 1995 4466 ὥσπερ
2025 4392 2060 4459 ἡ
2097 4387 2303 4444 Δαλιδά
2356 4390 2446 4444 τὸν
2502 4386 2900 4464 ἀνδρικώτατον
2962 4387 3162 4443 ἐκεῖνον
3226 4390 3487 4462 Σαμψὼν,
3518 4389 3616 4451 τὰς
3672 4389 3761 4444 ἐπὶ

328 4488 435 4551 τῆς
466 4478 720 4558 κεφαλῆς
748 4477 944 4554 τρίχας
975 4475 1266 4552 έκκόψασα·
1299 4476 1389 4532 καὶ
1419 4477 1627 4553 γίνεται
1657 4476 1732 4532 εἷς
1765 4476 2076 4553 ἐμπαιγμὸν
2101 4479 2192 4533 καὶ
2221 4478 2427 4556 τυφλὸς
2454 4477 2544 4532 καὶ
2584 4477 2928 4547 ἀναίσθητος.

407 4571 469 4640 ζ’.
524 4571 711 4624 Ἔστιν
771 4566 861 4622 ὅτε
914 4566 1004 4621 xui
1066 4567 1169 4621 ὑπὸ
1231 4565 1459 4639 ματαίας
1517 4565 1791 4642 έπάρσεως
1842 4564 1979 4637 δόξαε

2181 4569 2279 4625 Vl.
2313 4574 2430 4624 Rex
2460 4578 2652 4625 οαυε·αι
2671 4569 2740 4624 ab
2771 4569 2934 4623 inani
2947 4569 3154 4641 gloria.
3190 4568 3595 4640 —Aliquando
3619 4585 3752 4626 vero

329 4660 433 4727 τὴν
502 4655 779 4733 αἰσχύνην
833 4655 1162 4732 ἡγούμενος·
1197 4654 1258 4710 ἂν
1311 4652 1370 4710 δῖε
1425 4655 1512 4710 καὶ
1552 4653 1784 4717 κόλακες
1835 4654 1993 4710 αὐτὸν

335 4749 389 4802 oi
435 4747 736 4821 κατάρατοι
775 4743 865 4799 xui
915 4743 1220 4820 ἐπίτριπτοι
1270 4743 1360 4798 xui
1409 4749 1630 4822 φθορεῖς
1668 4742 2001 4814 πλησιάζον-

332 4857 426 4898 τες
487 4832 858 4902 κολακεύωσι,
890 4831 980 4887 xui
1032 4831 1100 4888 :ai
1149 4832 1286 4906 πρὸς
1345 4831 1508 4925 χάριν
1538 4833 1629 4887 καὶ
1660 4830 1864 4902 ἡδονὴν
1915 4831 2003 4888 λέ-

333 4945 535 4998 γωσιν,
569 4923 645 4984 ὡς
703 4921 965 4997 γνησίους
1021 4919 1249 4983 τούτους
1305 4919 1500 4998 φίλους
1555 4920 1868 4993 ἀσπάζεται,
1923 4923 1998 4995 μή

337 5009 648 5086 δυνάμενος
680 5007 970 5086 διακρίνειν
1004 5007 1138 5080 ὅσην
1173 5008 1362 5084 ἔχουσι
1389 5011 1489 5080 τὴν
1542 5006 1800 5087 διαφοράν
1849 5008 2001 5087 φίλοι

334 5101 429 5155 καὶ
488 5097 748 5162 κόλακες·
785 5099 836 5152 οἳ
900 5099 995 5172 μὲν
1054 5096 1144 5152 διὰ
1201 5098 1415 5170 παντὸς,
1447 5096 1620 5173 ¹ἤγουν
1667 5099 1719 5153 οὶ
1748 5097 2001 5167 κόλακες,

337 5191 691 5266 ἐπιχειροῦσι
721 5189 789 5244 τὰ
817 5188 956 5265 πρὸς
984 5184 1190 5258 ἡδονὴν
1243 5186 1446 5262 λέγειν,
1478 5187 1566 5243 καὶ
1629 5183 1844 5263 βλάϐης
1902 5187 2005 5242 εἶσὶ

338 5278 621 5356 πρόξενον
657 5276 810 5355 φίλοι
845 5275 904 5332 δὲ
927 5277 1064 5352 πρὸς
1124 5276 1188 5331 τὸ
1237 5273 1518 5338 λυσιτελὲς
1572 5275 1661 5330 καὶ
1721 5275 2003 5353 ὠφέλιμον

347 5367 676 5444 βλέπουσιν,
708 5367 755 5422 εί
812 5368 905 5422 καὶ
960 5367 1097 5443 πρὸς
1123 5366 1219 5434 τήν
1253 5362 1502 5436 αἴσθησιν
1549 5367 1603 5420 oi
1649 5365 1858 5420 τούτων
1909 5363 2005 5420 λό-

338 5479 431 5533 γοι
510 5456 796 5534 φαίνονται
853 5453 1121 5532 λυπηροί·
1181 5455 1234 5509 oi
1294 5456 1387 5527 μὲν
1445 5455 1546 5530 γὰρ
1633 5452 1768 5531 πρὸς
1847 5455 2008 5528 μόνον

341 5543 716 5614 σπουδάζουσι
744 5545 809 5599 τὸ
852 5541 1166 5619 λαμϐάνειν,
1201 5544 1254 5598 οἱ
1293 5541 1351 5598 δὲ
1395 5543 1525 5619 ὑπὲρ
1581 5551 1683 5612 τῆς
1741 5543 2010 5621 ὠφελείας

415 5687 537 5759 (27)
572 5691 750 5745 Poeta
796 5687 1018 5743 nobilis
1075 5687 1157 5743 ait
1189 5703 1203 5742 :
1238 5691 1284 5744 E
1340 5703 1489 5744 come
1539 5688 1666 5758 quel
1705 5689 1891 5757 fantin
1919 5688 2022 5745 che

339 5774 505 5817 corrc
533 5760 593 5814 al
615 5775 790 5833 poma.
825 5759 953 5816 Non
984 5775 1124 5832 ergo
1153 5763 1244 5817 est
1275 5759 1435 5832 aqud
1461 5763 1694 5831 poetam
1722 5775 1882 5832 poma
1910 5778 2013 5832 pro

2107 4659 2414 4731 contingit,
2467 4664 2532 4713 ut
2561 4657 2722 4713 inani
2775 4656 3025 4713 elatione
3055 4658 3332 4730 abreptus
3364 4674 3483 4727 rex,
3515 4657 3759 4730 gloriam

2108 4763 2238 4803 esse
2267 4747 2560 4803 existimet
2591 4763 2718 4819 quae
2750 4762 2954 4817 reapse
3005 4746 3331 4818 ignominia
3379 4752 3470 4802 est
3500 4763 3514 4802 :
3549 4762 3760 4819 nempe

2110 4853 2244 4892 cum
2278 4853 2412 4891 eum
2446 4835 2741 4892 maledicti
2773 4840 2830 4891 et
2857 4835 3089 4890 scelesti
3119 4835 3463 4908 exitiosique
3493 4835 3758 4892 adulato-

2111 4942 2205 4981 res
2255 4925 2661 4996 circumstant,
2722 4924 2823 4996 qui
2855 4924 2927 4979 ad
2988 4925 3238 4996 gratiam
3281 4925 3761 4997 voluptatemque

2113 5013 2345 5070 aurium
2377 5013 2702 5085 loquuntur
2734 5032 2746 5081 ;
2783 5018 2958 5084 atque
2988 5013 3092 5069 hos
3125 5013 3222 5070 ille
3252 5030 3357 5069 ceu
3389 5013 3591 5070 ﬁdeles
3620 5015 3763 5071 ami-

2113 5120 2210 5159 cos
2242 5102 2636 5174 amplectitur,
2669 5119 2860 5173 neque
2891 5103 3044 5174 potis
3075 5106 3164 5158 est
3215 5102 3544 5159 discernere
3574 5120 3764 5175 quan-

2113 5196 2318 5263 topere
2350 5193 2420 5245 ab
2450 5191 2636 5246 amico
2668 5191 2899 5246 differat
2930 5193 3290 5248 adsentator.
3324 5192 3442 5248 Hoc
3471 5209 3607 5264 ergo
3661 5193 3766 5248 bo-

2120 5280 2348 5335 minum
2381 5296 2567 5352 genus
2599 5279 2814 5336 blanda
2844 5297 3076 5353 semper
3106 5281 3278 5336 verba
3297 5282 3607 5349 connectit,
3637 5299 3768 5353 per-

2119 5368 2450 5440 niciemque
2481 5368 2771 5440 propinat.
2819 5371 2891 5424 At
2922 5368 3095 5424 amici
3143 5370 3216 5424 ad
3267 5371 3420 5442 regis
3451 5369 3766 5426 utilitatem

2113 5457 2511 5528 juvamenque
2563 5461 2847 5528 spectant,
2895 5458 3125 5513 etiamsi
3160 5459 3306 5513 forte
3353 5459 3536 5515 oratio
3566 5476 3768 5514 eorum

2124 5545 2370 5602 molesta
2419 5547 2702 5602 videatur.
2742 5549 3159 5604 Adsentatores
3192 5548 3459 5604 habendo
3491 5548 3724 5604 inhiant
3753 5574 3768 5616 ;

2129 5688 2350 5762 Gallico
2400 5705 2612 5760 paume
2652 5690 2740 5762 (tu
2777 5691 3011 5761 palma),
3057 5696 3122 5746 ut
3152 5690 3393 5762 quidam
3424 5690 3770 5762 ingeniosus

2125 5761 2351 5817 amicus
2383 5777 2551 5817 meus
2583 5760 2997 5818 arbitrabatur.
