4154 6460
313 408 429 474 631

1557 408 1980 476 NIGEPHOPJ
2025 407 2463 474 BLEMMIDIE

3619 409 3741 472 632

317 543 493 601 amici
525 542 704 599 vitam
734 559 967 616 quoque
997 557 1167 600 suam
1197 561 1300 618 pro
1332 561 1464 618 rege
1515 545 1817 619 prodigere
1850 562 1966 601 non

2099 545 2180 596 τοῦ
2213 541 2378 620 φίλου
2406 538 2623 614 ’ἐτοιμοι
2655 538 2835 596 δοῦναι
2886 536 2975 595 καὶ
3025 537 3192 609 αὐτὴν
3222 537 3323 610 τήν
3381 539 3589 616 ψυχήνο
3648 539 3740 596 καὶ

317 637 612 690 recusant.
670 632 932 706 Denique
1013 634 1416 691 adsentatores
1496 636 1687 692 corvis
1744 637 1971 709 pejores

320 726 494 789 sunt;
528 722 588 777 hi
619 721 776 778 enim
809 739 1119 794 corporum
1152 724 1353 779 oculos
1382 725 1704 793 effodiunt;
1737 725 1820 780 illi
1853 726 1973 781 ani-

321 828 481 869 mam
511 816 816 867 excaecant.
848 813 952 866 Ast
984 813 1212 868 amicus
1270 813 1442 869 amici
1472 819 1752 886 tanquam
1787 814 1974 871 altera

323 917 571 972 persona
596 904 704 956 est.
739 899 1017 956 Nonnulli
1060 901 1241 973 igitur
1289 918 1689 974 saepenumero
1743 903 1975 960 levitate

325 991 581 1063 quadam
604 989 740 1045 elati
766 990 876 1045 hoc
910 990 1116 1046 morbo
1149 998 1452 1062 urgentur,
1487 997 1662 1064 atque
1692 1011 1726 1048 a
1775 993 1973 1066 palpo-

324 1079 500 1135 nibus
550 1078 984 1150 mancipiorum
1027 1079 1216 1135 instar
1263 1081 1788 1154 circumaguntur:
1825 1100 1974 1138 non-

325 1167 474 1224 nulli
507 1167 684 1222 etiam
714 1168 788 1222 ob
818 1167 1110 1223 insaniam
1144 1169 1359 1225 mentis
1419 1175 1594 1244 atque
1616 1172 1974 1244 superbiam.

324 1258 504 1313 Aiunt
533 1257 908 1330 Hipponoum
931 1257 1301 1314 Corinthium
1333 1260 1678 1332 qui,praater
1703 1261 1978 1318 victorias

326 1351 569 1413 ceteras,
602 1347 673 1402 de
728 1347 1126 1403 Amazonibus
1197 1365 1431 1420 quoque
1491 1349 1975 1423 triumphaverat.

327 1451 462 1492 cum
518 1435 676 1490 inani
727 1434 881 1490 fastu
933 1435 1219 1490 tumidus.
1254 1437 1473 1510 Pegaso
1504 1455 1844 1509 conscenso,
1877 1457 1981 1511 per

329 1539 522 1581 aerem
553 1538 785 1595 quoque
834 1523 969 1579 ferri
1007 1523 1210 1592 voluit,
1243 1524 1609 1595 lacrymabili
1668 1545 1738 1583 ex
1767 1545 1836 1584 ea
1865 1529 1980 1584 cel-

331 1612 504 1668 sitate
533 1627 672 1666 casu
703 1611 893 1668 ruisse
926 1628 938 1666 :
975 1628 1090 1683 quo
1139 1619 1482 1680 excaecatus,
1528 1617 1761 1672 errabat
1789 1618 1981 1674 incer-

328 1702 406 1758 tis
435 1700 757 1773 gressibus,
792 1717 863 1756 ne
913 1701 1016 1754 viae
1068 1701 1309 1772 quidem
1360 1704 1571 1760 ducem
1611 1705 1857 1762 habens.
1892 1707 1980 1764 Si-

331 1788 550 1844 militer
589 1787 854 1844 humana
901 1805 1135 1862 quoque
1179 1807 1368 1857 mens,
1420 1792 1653 1849 etiamsi
1701 1795 1981 1852 adversus

329 1877 690 1949 voluptatem
723 1876 1120 1950 gloriabunda
1175 1879 1482 1936 decertans
1538 1882 1729 1954 primo
1758 1884 1981 1956 vicerit,

334 1966 753 2038 flammamque
809 1966 1021 2022 harum
1052 1967 1378 2041 estinxerit,
1415 1974 1540 2026 tum
1555 1971 1732 2030 etiam
1763 1972 1966 2030 iracun

332 2055 489 2110 diam
550 2054 973 2128 proﬂigaverit,
1019 2060 1078 2111 et
1112 2057 1366 2113 avaritia
1396 2060 1626 2131 pondus
1648 2079 1682 2117 a
1712 2079 1773 2118 se
1801 2064 1984 2136 depu-

333 2142 487 2214 lerit,
521 2141 771 2216 egregiis
803 2143 1123 2216 triumphis
1153 2147 1337 2217 partis
1368 2154 1675 2221 propterea
1712 2153 1868 2223 quod
1893 2170 1986 2209 res

335 2248 539 2289 omnes
595 2231 850 2288 humiles
900 2233 1359 2304 proculcaverit;
1394 2238 1466 2303 si,
1511 2237 1775 2310 inquam,
1810 2240 1985 2297 homo

335 2319 645 2377 elationem
678 2337 846 2376 suam
889 2321 1174 2378 hactenus
1233 2341 1347 2379 non
1391 2325 1626 2394 stiterit,
1659 2329 1759 2383 sed
1795 2328 1986 2384 subli-

334 2408 513 2465 unius
544 2408 736 2464 adhuc
767 2409 928 2465 evehi
959 2409 1226 2482 voluerit,
1261 2412 1639 2486 neglectaque
1659 2416 1985 2472 ofﬁciorum

337 2514 498 2567 cura,
545 2497 926 2568 prudentium
976 2515 1212 2571 quoque
1267 2502 1703 2559 admonitorum
1746 2505 1989 2562 consilia

339 2584 652 2658 respuerit,
684 2601 799 2640 non
832 2585 1022 2642 solum
1062 2587 1230 2660 lapsu
1251 2589 1566 2662 improviso
1607 2599 1857 2660 corruet,
1891 2611 1984 2650 ve-

339 2690 472 2730 rum
503 2673 690 2728 instar
717 2675 971 2730 carentis
1001 2675 1220 2733 lumine
1249 2679 1483 2748 errabit,
1520 2680 1680 2736 nullo
1711 2681 1983 2739 honesta-

338 2762 415 2818 tis
445 2779 621 2818 sensu
671 2766 913 2832 retento,
963 2765 1200 2821 turbine
1248 2767 1426 2822 veluti
1474 2774 1780 2827 ventorum
1811 2777 1988 2846 atque

340 2853 625 2908 ﬂuctuum
675 2851 735 2906 in
782 2852 1248 2925 intemperantia:
1324 2857 1775 2931 petulantiaeque
1828 2878 1988 2918 mare

338 2941 703 2997 submersus.
737 2940 884 2996 Nam
928 2942 1068 3014 quia
1096 2946 1410 3016 superbus,
1456 2947 1568 3002 fuit
1599 2949 1738 3020 quia
1770 2951 1988 3006 medio-

337 3029 564 3086 critatis
590 3029 831 3100 oblitus,
866 3031 1083 3088 idcirco
1115 3033 1231 3089 vim
1264 3035 1447 3091 animi
1471 3037 1787 3110 volatilem,
1820 3040 1986 3096 fabu-

336 3118 448 3174 losi
479 3119 670 3173 instar
699 3118 865 3190 Icari,
898 3121 1116 3177 amisit.
1176 3122 1340 3180 Mitto
1373 3125 1752 3199 Lycaonidas,
1784 3129 1883 3200 qui
1916 3130 1988 3186 ob

337 3223 554 3263 vanum
591 3211 894 3264 tumorum
921 3226 1097 3265 suum
1125 3211 1475 3270 fulminibus
1505 3231 1640 3271 cum
1672 3217 1818 3272 duce
1848 3234 1986 3290 pro-

342 3296 471 3369 prio
500 3295 987 3370 deﬂagraverunt,
1023 3299 1125 3371 qui
1176 3300 1321 3372 ipsis
1360 3303 1736 3373 potissimum
1768 3287 1984 3363 antesi-
2018 3287 2059 3354 Ο

345 3401 577 3458 gnanus
635 3385 925 3458 superbiae
976 3387 1183 3443 fuerat.
1239 3389 1520 3447 Praetereo
1576 3392 1747 3448 illum
1775 3394 1996 3452 Salmo-

346 3489 549 3540 neum,
580 3474 682 3546 qui
712 3490 778 3529 eo
811 3475 1058 3532 vesaniae
1089 3477 1377 3550 prorupit,
1411 3484 1476 3535 ut
1503 3482 1768 3538 tonitrua
1797 3500 1994 3556 quque

347 3561 577 3619 bovinis
613 3562 866 3636 pellibus
893 3564 1225 3622 imitaretur
1254 3585 1268 3624 :
1301 3569 1470 3640 cujus
1501 3572 1786 3643 superbiae
1817 3589 1996 3629 causa

342 3668 480 3708 cum
539 3669 686 3708 nova
743 3654 887 3710 urbe
938 3671 1047 3710 sua
1101 3656 1484 3730 ejusdemque
1528 3659 1736 3716 incolis
1767 3661 1994 3718 deletus

343 3745 454 3797 est.
489 3740 642 3797 Sileo
673 3741 926 3815 denique
955 3743 1252 3802 fabulosos
1283 3745 1415 3803 illos
1432 3747 1741 3821 Haloadas,
1765 3768 1998 3807 eorum-

342 3846 458 3902 que
489 3829 656 3886 humi
687 3831 944 3903 lapsum,
977 3838 1291 3907 postquam
1344 3835 1499 3892 celso
1551 3840 1808 3911 quodam
1857 3858 1995 3896 con-

343 3918 460 3974 nisi
512 3919 746 3976 fuerant
791 3921 947 3978 Pelio
1004 3927 1203 3979 monte
1232 3941 1550 3982 conscenso
1581 3928 1792 3984 coelum
1824 3930 1996 4002 adpe-

344 4011 484 4064 tere.
516 4009 760 4081 Expedit
788 4009 970 4082 igitur
989 4011 1248 4068 tumidas
1279 4014 1582 4087 elatasque
1612 4017 1994 4089 cogitationes

344 4097 543 4153 animo
578 4097 882 4169 expellere,
930 4116 1057 4171 quea
1089 4117 1261 4157 casus
1291 4107 1465 4175 atque
1498 4106 1679 4160 ruina:
1711 4106 1994 4163 ministrae

343 4189 484 4241 sunt
511 4203 530 4255 7;
569 4186 776 4241 sectari
812 4193 1005 4243 autem
1039 4193 1218 4262 atque
1247 4192 1406 4246 omni
1440 4194 1634 4250 studio
1685 4194 1995 4268 complecti

345 4273 724 4340 modestiam,
755 4291 884 4347 quae
931 4294 1143 4350 parens
1181 4280 1476 4336 ﬁrmitatis
1524 4287 1631 4338 est.
1665 4285 1814 4357 Ergo
1847 4303 1995 4359 opus

346 4366 438 4419 est
467 4362 810 4420 inhonestus
833 4366 1015 4421 animi
1048 4370 1512 4439 perturbationes
1543 4371 1695 4428 bello
1727 4376 1996 4447 persequi

345 4456 524 4523 atque
554 4458 880 4524 amputare.
938 4460 1131 4528 Atque
1177 4463 1243 4513 ut
1293 4457 1390 4514 ille
1439 4460 1694 4533 inclytus
1727 4467 1993 4533 Perseus,

345 4546 586 4613 accepta
643 4559 677 4598 a
726 4545 1010 4600 Mercurio
1071 4545 1239 4618 falce,
1299 4548 1412 4604 tria
1465 4549 1752 4623 Gorgonis
1807 4552 2000 4625 capita

2081 629 2164 686 ὅτι
2223 628 2454 692 κόλακες
2517 631 2632 704 μὲν,
2667 629 2755 684 καὶ
2813 635 2921 684 τῶν
2983 629 3230 705 κοράκων
3293 627 3395 684 εἶσὶ
3447 628 3738 704 ’χείρονες;

2083 717 2264 795 ὥσπερ
2324 719 2518 774 ἐκεῖνοι
2576 741 2682 774 των
2745 718 3010 792 σωμάτων
3052 717 3186 780 τοὺς
3249 715 3572 796 ὀφθαλμοὺς
3603 721 3739 792 (28),

2083 809 2225 864 οὕτω
2283 813 2371 862 καί
2431 809 2582 863 οὗτοι
2641 809 2741 878 τήν
2801 809 2984 884 ψυχὴν
3042 805 3458 884 ἐκτυφλοῦντες’
3493 804 3650 885 φίλοι
3684 805 3744 862 δὲ

2081 897 2200 954 ἀντὶ
2253 895 2440 953 ἄλλων
2503 897 2633 952 εἰσὶν
2694 898 2916 953 ἑαυτῶν·
2977 894 3250 958 πολλάκις
3313 897 3407 969 μὲν
3466 898 3570 972 γὰρ
3638 897 3743 951 ὑπὸ

2083 986 2424 1065 χαυνότητος
2482 987 2755 1062 πάσχουσι
2813 986 2974 1042 τοῦτό
3031 1007 3191 1057 τινες,
3243 986 3333 1040 καὶ
3390 987 3609 1062 ἄγονται
3666 986 3743 1047 ὡς

2083 1073 2396 1151 ἀνδράποδα
2455 1075 2558 1129 ὑπὸ
2611 1080 2719 1130 τῶν
2777 1073 3049 1130 κολάκων⁶
3111 1072 3386 1135 πολλάκις
3442 1071 3501 1128 δὲ
3551 1073 3643 1129 καὶ
3691 1073 3744 1144 ἐξ

2084 1163 2344 1226 ἀπονοίας
2401 1185 2459 1218 τε
2533 1163 2623 1219 καὶ
2700 1161 2992 1240 ἐπάρσεως’
3056 1162 3273 1240 λέγουσι
3330 1163 3430 1239 γὰρ
3487 1164 3577 1218 καὶ
3635 1165 3746 1218 Ἱπ-

2085 1253 2279 1309 πόνουν
2313 1254 2403 1307 τὸν
2457 1254 2740 1329 Κορίνθιον
2776 1255 2912 1327 (29),
2944 1251 3162 1315 πολλὰς
3217 1252 3307 1307 καὶ
3366 1250 3542 1314 ἄλλας
3591 1252 3745 1314 νίκας

2084 1344 2399 1414 νικήσαντα,
2460 1342 2549 1398 καὶ
2610 1343 2770 1404 αύτάς
2857 1342 3163 1416 Ἀμαζόνας
3244 1343 3746 1417 κατατροπωσάμε-

2085 1453 2198 1505 νον,
2233 1431 2346 1487 ἐπεὶ
2405 1431 2456 1503 ἐξ
2513 1433 2787 1507 ἐπάρσεως
2833 1427 3108 1501 ἐϐουλήθη
3168 1430 3259 1486 καὶ
3319 1430 3394 1492 εἷς
3438 1430 3597 1486 αὐτὸν
3654 1431 3745 1484 τὸν

2087 1521 2272 1598 αἷθὲρα
2348 1518 2437 1576 διά
2508 1526 2605 1576 τοῦ
2675 1520 2933 1596 Πηγάσου
3006 1518 3183 1574 ’ίππου
3257 1517 3508 1596 δραμεῖν,
3565 1525 3746 1574 πεσεῖν

2086 1615 2289 1683 πτῶμα
2344 1608 2588 1686 δακρύων
2649 1608 2816 1681 ἄξιονο
2876 1609 3003 1672 τοὺς
3063 1606 3385 1687 ὀφθαλμοὺς
3441 1610 3543 1684 γὰρ
3603 1607 3752 1664 ἐκτυ-

2089 1697 2348 1776 φλωθεὶς,
2405 1701 2715 1776 περιεπάτει
2775 1697 3156 1772 πλανώμενος,
3205 1695 3346 1770 μηδὲ
3403 1699 3748 1774 χειραγωγὸν

2091 1783 2236 1864 ἔχων
2263 1789 2354 1843 τὸν
2389 1785 2716 1864 ὁδηγοῦντα.
2749 1786 2988 1860 Ὁμοίως
3046 1787 3136 1841 καὶ
3177 1787 3205 1841 6
3260 1787 3600 1861 ἀνθρώπινος
3652 1785 3750 1841 λο-

2091 1877 2308 1954 γισμὸς,
2367 1877 2411 1932 εἷ
2471 1877 2561 1932 καὶ
2622 1878 2758 1950 μετά
2807 1882 2914 1932 τῶν
2975 1874 3186 1946 ἡδονῶν
3248 1875 3750 1949 ἀλαζονευσάμενος

2093 1969 2300 2037 νικήσει
2349 1965 2634 2042 πρότερον,
2664 1960 2980 2020 κατασϐέσει
3039 1986 3097 2020 τε
3152 1965 3250 2033 την
3304 1964 3479 2020 αὐτῶν
3542 1962 3746 2044 φλόγα,

2095 2057 2183 2111 καὶ
2238 2069 2330 2110 τον
2389 2056 2559 2128 θυμὸν
2615 2055 2856 2125 πατάξει,
2888 2054 2978 2109 καὶ
3034 2055 3097 2109 τὸ
3143 2061 3244 2123 τῆς
3296 2053 3749 2132 φιλοχρηματίας

2099 2146 2267 2221 βάρος
2353 2143 2667 2221 ἀπορῥίψει,
2724 2145 3070 2219 κατορθώσας
3141 2141 3297 2212 νίκην
3358 2143 3607 2218 ἀρίστην,
3667 2142 3746 2198 ὅτι

2097 2233 2268 2295 πάσας
2298 2231 2685 2309 ’χαμαίζήλους
2734 2231 2951 2306 πράξεις
3001 2227 3326 2307 ὑπερανὲϐη,
3361 2231 3448 2286 ἐὰν
3515 2233 3590 2305 μὴ
3655 2231 3747 2304 μὲ-

2094 2342 2193 2399 χρι
2246 2323 2442 2378 τούτου
2498 2324 2668 2395 στήσῃ
2703 2323 2764 2376 τὸ
2797 2322 3176 2394 ὑπεροπτικὸν,
3211 2318 3336 2376 ἀλλ’
3378 2318 3488 2390 ἰί3η
3531 2319 3620 2375 καὶ
3679 2320 3752 2381 εἷς

2093 2412 2162 2465 τὰ
2217 2411 2529 2484 ὑψηλότερα
2584 2412 2918 2486 κατεπαρθῇ,
2962 2408 3241 2481 ἀμελήσας
3297 2413 3393 2463 τοῦ
3451 2409 3750 2486 φροντίζειν

2093 2505 2191 2556 τοῦ
2253 2497 2485 2573 δέοντος,
2517 2499 2606 2554 καὶ
2665 2504 2763 2554 τοῦ
2818 2499 2914 2560 τὰς
2947 2502 3054 2552 τῶν
3112 2497 3392 2576 φρονίμων
3451 2497 3750 2572 ἀνθρώπων

2097 2583 2717 2666 δὲχεσθαισυμϐουλάς,
2756 2588 2818 2643 ού
2875 2587 3038 2660 μόνον
3081 2591 3284 2660 πτῶμα
3339 2586 3528 2642 πίπτει
3584 2587 3755 2664 παρά-

2098 2675 2274 2749 δοξον,
2307 2676 2434 2734 ἀλλ’
2465 2677 2646 2751 ὥσπερ
2676 2677 2881 2754 τυφλὸς
2916 2675 3335 2752 περιπλανᾶται,
3375 2673 3611 2749 μηδενὸς
3658 2697 3750 2730 κα-

2097 2766 2199 2822 λοῦ
2256 2766 2661 2840 αἷ’σθανόμενος’
2695 2766 2936 2841 καθάπερ
2993 2765 3096 2820 ὑπὸ
3148 2772 3400 2840 ταραχῆς
3431 2763 3749 2838 πνευμάτων

2097 2856 2185 2912 καὶ
2215 2858 2470 2931 κυμάτων
2503 2861 2581 2928 τῷ
2631 2862 2730 2925 τῆς
2793 2853 3085 2916 ἀκολασίας
3142 2853 3232 2908 καὶ
3286 2851 3605 2932 ἀδιαφορίας
3663 2875 3754 2909 πε-

2099 2944 2253 3021 λάγει
2283 2944 2826 3018 καταποντιζόμενος,
2859 2943 2918 2999 ἐκ
2954 2948 3052 2999 τοῦ
3105 2943 3400 3017 ἐπαρθῆναι
3448 2943 3538 2999 καὶ
3583 2942 3750 2999 πλέον

2098 3042 2364 3113 φρονῆσαι
2394 3039 2493 3090 τοῦ
2523 3032 2759 3104 δέοντος,
2787 3034 2850 3088 τὸ
2896 3033 3186 3108 ὀξύπτερον
3232 3039 3332 3102 τῆς
3382 3036 3569 3109 ψυχῆς
3618 3033 3752 3089 ἀπο-

2099 3122 2282 3193 λέσας,
2331 3123 2511 3200 ὥσπερ
2569 3125 2598 3178 6
2661 3123 3023 3197 μυθευόμενος
3084 3124 3321 3195 Ἴκαρος·
3383 3123 3456 3177 ὲῶ
3509 3123 3610 3198 γάρ
3669 3121 3756 3178 λέ·

2097 3235 2211 3288 γειν
2237 3212 2364 3275 τοὺς
2393 3210 2754 3282 Λυκαονίδας,
2787 3212 2839 3267 οἳ
2887 3209 2976 3267 διὰ
3028 3209 3120 3266 τόν
3181 3210 3405 3285 μάταιον
3457 3215 3624 3288 τῦφον
3666 3211 3756 3266 αύ-

2096 3307 2204 3358 τῶν
2259 3308 2517 3378 κεραυνοῦ
2571 3301 2821 3379 γεγόνασι
2880 3298 3260 3378 παρανάλωμα
3326 3299 3459 3374 μετά
3512 3301 3603 3354 καὶ
3657 3305 3756 3356 τοῦ

2105 3395 2411 3467 στρατηγοῦ
2445 3391 2642 3464 αὐτῶν,
2675 3391 2734 3453 ὃς
2785 3389 2871 3445 ἐπὶ
2930 3388 3142 3464 μᾶλΛον
3200 3389 3290 3444 καὶ
3344 3391 3443 3458 τῆς
3496 3387 3759 3452 ἀπονοίας

2106 3480 2272 3550 αὐτῆς
2302 3479 2564 3556 ἐτύγχανε
2594 3479 2896 3556 στρατηγός
2928 3482 3065 3552 (30).
3098 3477 3330 3556 ’Δφίημι
3363 3475 3422 3532 δὲ
3466 3477 3558 3532 τὸν
3612 3475 3759 3533 Σαλ-

2109 3569 2291 3642 μωνέα
2348 3572 2460 3644 (31)
2518 3568 2741 3641 ἐκεῖνον,
2776 3569 2834 3631 ὃς
2883 3568 2961 3631 εἰς
2989 3571 3245 3623 τοσοῦτον
3276 3566 3442 3636 ἦλθεν
3471 3566 3756 3639 ἀπονοίας,

2105 3659 2188 3714 ὅτι
2246 3657 2335 3714 καὶ
2392 3660 2620 3735 βροντάς
2677 3657 2918 3728 ἠθέλησε
2971 3662 3146 3712 ποιεῖν
3199 3655 3259 3712 ἐκ
3309 3655 3502 3731 βοείων
3560 3653 3761 3732 δερμά-

2103 3770 2210 3803 των
2269 3751 2401 3822 (32)’
2460 3749 2550 3803 καὶ
2607 3745 2697 3802 διὰ
2751 3748 2850 3816 τὴν
2921 3746 3179 3816 τοιαύτην
3251 3742 3474 3819 ἔπαρσιν
3553 3744 3760 3801 ἐκείνου

2105 3837 2460 3916 ἀφανισθέντα
2516 3837 2609 3892 σὺν
2666 3841 2735 3910 τῇ
2779 3840 2939 3910 καινῇ
3005 3830 3166 3890 πόλει
3235 3834 3325 3889 καὶ
3379 3839 3497 3896 τοῖς
3553 3833 3760 3904 ταύτης

2106 3927 2410 4002 οἶκήτορσι’
2466 3925 2594 3988 τούς
2659 3946 2718 3980 τε
2804 3924 3211 3998 μυθευομένῡυς
3268 3919 3549 3984 Ἀλωάδας
3616 3920 3764 3977 ἐκεί-

2103 4037 2230 4078 νους
2262 4017 2397 4089 (33),
2428 4015 2517 4070 καὶ
2575 4016 2635 4083 ἣν
2693 4011 2880 4070 ἔπεσον
2943 4013 2994 4068 ἐν
3053 4016 3127 4088 γῇ
3185 4017 3413 4082 πτῶσιν,
3457 4010 3574 4066 ἐπεὶ
3631 4013 3760 4086 θρα-

2239 4104 2248 4122 1
2412 4101 2436 4122 ἢ
2479 4106 2489 4120 ι
2704 4105 2716 4122 ρ
2773 4126 2782 4134 ι
2887 4107 2910 4117 «-
2965 4098 2990 4122 ν
3369 4123 3377 4138 ν
3638 4100 3657 4130 ι

2105 4107 2374 4167 συνθεντες
2409 4123 2496 4159 οια
2523 4125 2668 4166 τινος
2699 4102 2912 4178 υψηλου
2962 4122 3124 4178 ορους
3183 4100 3397 4172 Πηλίο)
3458 4098 3762 4177 λεγομενου

2106 4194 2183 4256 εἷς
2215 4193 2437 4270 οὐρανὸν
2494 4191 2850 4268 ἐπεχείρησαν
2910 4185 3232 4246 ἀναϐαίνειν·
3269 4187 3358 4244 διὰ
3411 4193 3572 4244 τοῦτο
3628 4190 3763 4262 πρέ-

2106 4304 2206 4337 πον
2259 4282 2399 4337 ἐστὶν
2461 4281 2715 4356 ἐξορίζειν
2765 4280 2870 4335 ἀπὸ
2927 4283 3112 4354 ψυχῆς
3170 4279 3231 4332 τὸ
3289 4277 3595 4354 ἐπηρμένον
3671 4278 3764 4332 καὶ

2111 4371 2384 4446 μετέωρον
2438 4371 2715 4448 φρόνημα,
2752 4368 2939 4438 ἐπειδή
2996 4368 3391 4429 καταπτώσεως
3448 4367 3540 4421 καὶ
3599 4387 3766 4422 κατα-

2107 4457 2283 4528 ϐολῆς
2375 4459 2485 4514 ἐστι
2573 4460 2850 4536 πρόξενονο
2910 4459 3119 4534 ἀγαπᾷν
3183 4454 3240 4511 δὲ
3295 4456 3386 4511 καὶ
3464 4460 3641 4526 ζητεῖν
3705 4454 3766 4510 ἐκ

2111 4550 2310 4611 παντὸς
2367 4549 2575 4622 τρόπου
2627 4549 2690 4603 τὸ
2753 4547 2970 4624 μέτριον
3025 4546 3113 4601 καὶ
3146 4549 3452 4620 στηριγμοῦ
3481 4544 3759 4621 πρόξενον.

345 4630 610 4697 abstulit,
640 4631 872 4688 nullum
903 4633 1028 4707 ipse
1059 4635 1477 4694 detrimentum
1534 4641 1605 4695 ab
1636 4656 1705 4696 ea
1736 4658 1948 4713 passus
1982 4661 1989 4711 ς

2108 4639 2294 4709 ’Ἄξιον
2352 4637 2443 4692 οὖν
2503 4640 2769 4714 μάχεσθαι
2828 4637 2917 4692 καὶ
2967 4637 3240 4708 ἐκτέμνειν
3296 4635 3365 4688 τά
3421 4633 3623 4709 αἰσχρὰ
3659 4634 3762 4688 πά-

345 4717 434 4775 ita
459 4725 689 4792 oportet
711 4738 906 4795 regem
936 4724 1182 4782 rationis
1203 4743 1310 4798 ope
1340 4727 1554 4784 fretum
1578 4729 1797 4802 primos
1829 4733 2001 4788 subo-

345 4807 600 4866 rientum
662 4811 1052 4884 cupiditatum
1136 4819 1333 4871 motus
1405 4817 1600 4874 animo
1678 4818 1999 4877 deliberato

347 4897 661 4970 praecidere
688 4899 717 4953 ?
743 4904 872 4956 tum
901 4903 1078 4958 etiam
1108 4903 1440 4961 humilitate
1473 4923 1538 4961 ac
1590 4908 1879 4965 modestia
1908 4910 1998 4965 di-

349 5002 652 5044 versorum
682 4989 957 5047 vitiorum
989 4992 1178 5064 capita
1209 4996 1538 5063 amburere,
1553 4997 1711 5052 velut
1739 4997 1835 5052 ille
1857 4999 1996 5054 Her-

350 5075 511 5131 cules
565 5077 842 5134 fabulosas
883 5081 1078 5152 hydrae
1141 5083 1334 5156 capita
1376 5086 1720 5156 amputavit.
1782 5087 1997 5159 Regem

353 5165 577 5238 quippe
599 5166 846 5224 thronus
875 5170 1040 5226 deest
1083 5170 1393 5228 ﬂammeus
1451 5173 1628 5229 simul
1687 5179 1744 5230 et
1770 5175 1998 5248 igneus,

420 5305 534 5379 (28)
591 5307 806 5386 Notum
841 5313 930 5386 est
978 5312 1360 5384 antiquorum
1406 5314 1779 5386 proverbium
1817 5319 2000 5372 corni-

347 5393 474 5460 cum
502 5379 714 5460 occulas
766 5383 1057 5460 conﬁgere,
1086 5379 1274 5460 cujus
1323 5379 1616 5460 egregiam
1649 5387 1998 5460 interpreta-

349 5447 570 5530 tionem
603 5451 785 5530 habes
841 5447 1390 5530 ap'ud__'classicumv
1414 5447 1824 5530 inuterpretem‘
1845 5477 1877 5514 a
1909 5477 2001 5515 me

351 5519 548 5644 Rom;
580 5522 804 5578 editum
864 5519 934 5580 ad
981 5526 1278 5582 Ciceronis
1336 5519 1660 5584 orationem
1683 5546 1783 5601 pro
1815 5531 2000 5585 Flacco

353 5606 447 5644 xx.
525 5637 534 5644 .

353 5606 447 5646 XX.
480 5606 534 5645 Ζ.

426 5663 538 5733 (29)
591 5665 670 5718 lJe
729 5665 993 5739 Hippono
1042 5669 1388 5740 tragoediam
1435 5671 1749 5740 scripserat
1777 5671 2000 5740 Sopho-

426 5689 538 5733 (ωγ)
591 5689 670 5718 ut:
729 5689 993 5739 nippuuo
1047 5689 1388 5740 tragcnulam
1435 5689 1545 5726 SCI‘l
1595 5689 1749 5728 serat
1778 5689 1852 5727 ὓΟ
1898 5689 2000 5728 ΠΟ·

357 5731 494 5802 cles,
534 5743 676 5791 teste
707 5754 822 5795 non
877 5738 1057 5796 semel
1090 5740 1394 5813 Hesychio,
1457 5689 1707 5812 Polluce,
1752 5760 1825 5815 ιν,
1858 5689 1912 5812 ἓ,
1947 5749 2004 5800 et

2111 4740 2201 4797 θηο
2261 4728 2352 4781 καὶ
2413 4726 2593 4802 ὥσπερ
2655 4727 2682 4781 6
2741 4723 2950 4797 ἔνδοξος
3037 4725 3242 4786 ἐκεῖνος
3301 4723 3534 4798 Περσεὺς
3617 4721 3764 4798 παρὰ

2107 4819 2313 4891 Ἐρμοῦ
2346 4814 2606 4893 δρέπανον
2642 4812 2826 4871 λαϐὼν
2861 4813 3073 4888 ἐξέτεμε
3128 4820 3227 4883 τῆς
3280 4810 3559 4886 Γοργόνης
3614 4816 3764 4887 τρεῖς

2107 4905 2366 4985 κεφαλάς,
2399 4912 2569 4961 πᾶσαν
2628 4905 2678 4976 ἐξ
2732 4903 2935 4975 ἐκείνης
2998 4897 3210 4978 βλάϐην
3265 4901 3586 4976 ἀποφυγὼν,
3619 4899 3763 4954 οὕτω

2109 4984 2222 5070 γρῆ
2255 4995 2341 5048 καὶ
2373 4995 2463 5048 τὸν
2502 4992 2728 5069 βασιλέα
2760 4990 2849 5047 διά
2876 4997 2978 5046 τοῦ
3009 4989 3180 5065 λόγου
3211 4991 3304 5052 τὰς
3341 4984 3764 5049 ὑποϐαλλούσας

2106 5085 2174 5137 τὰ
2212 5083 2353 5152 πάθη
2413 5083 2630 5156 πρώτας
2687 5084 2924 5152 κινήσεις
2988 5079 3263 5134 ἐκκόπτειν
3318 5082 3384 5152 τῇ
3436 5085 3536 5146 τῆς
3578 5079 3764 5152 ψυχῆς

2112 5169 2397 5248 διακρίσειι
2432 5173 2503 5226 0-3.
2555 5174 2661 5244 μὴν
2718 5169 2776 5225 δὲ
2832 5168 2978 5224 ἀλλὰ
3025 5169 3223 5240 καὶτῷ
3253 5173 3352 5236 τῆς
3389 5164 3616 5244 ἀτυφίας
3675 5165 3766 5220 καὶ

2109 5316 2407 5388 Stephano
2437 5333 2538 5388 voc
2567 5311 2812 5388 Ὤλενος,

2182 5385 2295 5465 (30)
2321 5387 2710 5465 apollodorub
2741 5385 2887 5465 Bibl.
2923 5402 3008 5465 III_.
3228 5453 3237 5465 Ι
3407 5453 3415 5465 _
3453 5452 3466 5465 ,

2184 5449 2295 5527 (31)
2325 5449 2463 5534 Cod:
2500 5449 2799 5534 στρατηγὸν
2835 5475 2938 5529 pro
2973 5453 3310 5534 Σαλμωνέα,
3333 5453 3421 5510 vel
3451 5449 3645 5534 inutili
3672 5466 3766 5506 va-

2113 5526 2336 5596 rietate,
2370 5529 2456 5585 vel
2491 5526 2802 5584 manifesto
2835 5526 3097 5593 ’1nendo,
3159 5526 3310 5598 quod
3363 5526 3703 5597 coarguitur
3731 5538 3764 5576 a

2103 5603 2366 5672 .gengiino
2397 5601 2704 5672 Nicephori
2739 5605 2921 5672 textu.

2184 5666 2292 5745 (52-)
2323 5666 2752 5745 Appollodorus
2786 5671 2930 5726 Bibl.
2966 5687 3001 5736 ι,
3032 5673 3066 5723 ‘J

2100 5753 2104 5772 τ
2183 5744 2293 5814 (33)
2323 5744 2481 5800 Idem
2514 5761 2554 5815 ι,
2583 5746 2639 5799 7.
