  <div class='ocr_page' id='page_1' title='image "/cluster/home/n/w/nwhite01/storage/ocr_20150623/142/coo.31924054870476/324.png"; bbox 0 0 4154 6434; ppageno 0'>
   <div class='ocr_carea' id='block_1_1' title="bbox 424 448 545 512">
    <p class='ocr_par' dir='ltr' id='par_1_1' title="bbox 424 448 545 512">
     <span class='ocr_line' id='line_1_1' title="bbox 424 448 545 512; baseline -0.008 0"><span class='ocrx_word' id='word_1_1' title='bbox 424 448 545 512; x_wconf 74' lang='lat'>633</span> 
     </span>
    </p>
   </div>
   <div class='ocr_carea' id='block_1_2' title="bbox 1575 442 2687 512">
    <p class='ocr_par' dir='ltr' id='par_1_2' title="bbox 1575 442 2687 512">
     <span class='ocr_line' id='line_1_2' title="bbox 1575 442 2687 512; baseline -0.005 -1"><span class='ocrx_word' id='word_1_2' title='bbox 1575 442 1871 512; x_wconf 82' lang='lat' dir='ltr'>ORATIO</span> <span class='ocrx_word' id='word_1_3' title='bbox 1914 444 2018 507; x_wconf 84' lang='lat' dir='ltr'>DE</span> <span class='ocrx_word' id='word_1_4' title='bbox 2059 444 2288 509; x_wconf 84' lang='lat' dir='ltr'>REGIS</span> <span class='ocrx_word' id='word_1_5' title='bbox 2332 443 2687 508; x_wconf 84' lang='lat' dir='ltr'>OFFICIlS.</span> 
     </span>
    </p>
   </div>
   <div class='ocr_carea' id='block_1_3' title="bbox 3717 436 3837 501">
    <p class='ocr_par' dir='ltr' id='par_1_3' title="bbox 3717 436 3837 501">
     <span class='ocr_line' id='line_1_3' title="bbox 3717 436 3837 501; baseline -0.025 0"><span class='ocrx_word' id='word_1_6' title='bbox 3717 436 3837 501; x_wconf 70' lang='lat'>634</span> 
     </span>
    </p>
   </div>
   <div class='ocr_carea' id='block_1_4' title="bbox 354 572 2082 657">
    <p class='ocr_par' dir='ltr' id='par_1_4' title="bbox 354 575 2074 657">
     <span class='ocr_line' id='line_1_4' title="bbox 354 575 2074 657; baseline -0.005 -18"><span class='ocrx_word' id='word_1_7' title='bbox 354 605 364 614; x_wconf 91' lang='grc'><strong>·</strong></span> <span class='ocrx_word' id='word_1_8' title='bbox 423 579 801 643; x_wconf 81' lang='grc' dir='ltr'>ταπεινώσεως</span> <span class='ocrx_word' id='word_1_9' title='bbox 846 578 972 655; x_wconf 83' lang='grc' dir='ltr'>περὶ</span> <span class='ocrx_word' id='word_1_10' title='bbox 1026 577 1121 641; x_wconf 81' lang='grc' dir='ltr'>τὰς</span> <span class='ocrx_word' id='word_1_11' title='bbox 1168 575 1407 657; x_wconf 77' lang='grc' dir='ltr'>κεφαλὰς</span> <span class='ocrx_word' id='word_1_12' title='bbox 1462 580 1569 632; x_wconf 82' lang='grc' dir='ltr'>τῶν</span> <span class='ocrx_word' id='word_1_13' title='bbox 1637 576 1903 634; x_wconf 72' lang='grc' dir='ltr'>ποικὶλων</span> <span class='ocrx_word' id='word_1_14' title='bbox 1971 599 2074 632; x_wconf 84' lang='grc' dir='ltr'>πα-</span> 
     </span>
    </p>
   </div>
   <div class='ocr_carea' id='block_1_5' title="bbox 2193 572 3833 657">
    <p class='ocr_par' dir='ltr' id='par_1_5' title="bbox 2193 572 3833 652">
     <span class='ocr_line' id='line_1_5' title="bbox 2193 572 3833 652; baseline -0.005 -17"><span class='ocrx_word' id='word_1_15' title='bbox 2193 579 2291 652; x_wconf 87' lang='lat' dir='ltr'>qui</span> <span class='ocrx_word' id='word_1_16' title='bbox 2340 579 2540 635; x_wconf 81' lang='lat' dir='ltr'>hostes</span> <span class='ocrx_word' id='word_1_17' title='bbox 2582 579 2821 652; x_wconf 86' lang='lat' dir='ltr'>quidem</span> <span class='ocrx_word' id='word_1_18' title='bbox 2853 576 3143 646; x_wconf 85' lang='lat' dir='ltr'>amburat,</span> <span class='ocrx_word' id='word_1_19' title='bbox 3177 574 3475 633; x_wconf 83' lang='lat' dir='ltr'>sedentem</span> <span class='ocrx_word' id='word_1_20' title='bbox 3529 575 3725 630; x_wconf 90' lang='lat' dir='ltr'>autem</span> <span class='ocrx_word' id='word_1_21' title='bbox 3775 572 3833 628; x_wconf 92' lang='lat' dir='ltr'>in</span> 
     </span>
    </p>
   </div>
   <div class='ocr_carea' id='block_1_6' title="bbox 425 665 2078 749">
    <p class='ocr_par' dir='ltr' id='par_1_6' title="bbox 425 665 2078 749">
     <span class='ocr_line' id='line_1_6' title="bbox 425 665 2078 749; baseline -0.004 -22"><span class='ocrx_word' id='word_1_22' title='bbox 425 673 533 727; x_wconf 82' lang='grc' dir='ltr'>θῶν</span> <span class='ocrx_word' id='word_1_23' title='bbox 599 666 974 749; x_wconf 72' lang='grc' dir='ltr'>καταφλέγειν,</span> <span class='ocrx_word' id='word_1_24' title='bbox 1041 666 1222 745; x_wconf 87' lang='grc' dir='ltr'>ὥσπερ</span> <span class='ocrx_word' id='word_1_25' title='bbox 1275 669 1303 721; x_wconf 85' lang='grc' dir='ltr'>ὁ</span> <span class='ocrx_word' id='word_1_26' title='bbox 1348 665 1624 743; x_wconf 81' lang='grc' dir='ltr'>Ἡρακλῆς</span> <span class='ocrx_word' id='word_1_27' title='bbox 1685 668 1781 729; x_wconf 78' lang='grc' dir='ltr'>τὰς</span> <span class='ocrx_word' id='word_1_28' title='bbox 1828 673 1929 736; x_wconf 92' lang='grc' dir='ltr'>τῆς</span> <span class='ocrx_word' id='word_1_29' title='bbox 1982 688 2078 740; x_wconf 84' lang='grc' dir='ltr'>μυ-</span> 
     </span>
    </p>
   </div>
   <div class='ocr_carea' id='block_1_7' title="bbox 426 754 2076 834">
    <p class='ocr_par' dir='ltr' id='par_1_7' title="bbox 426 754 2076 834">
     <span class='ocr_line' id='line_1_7' title="bbox 426 754 2076 834; baseline -0.004 -18"><span class='ocrx_word' id='word_1_30' title='bbox 426 758 725 834; x_wconf 87' lang='grc' dir='ltr'>θευομένης</span> <span class='ocrx_word' id='word_1_31' title='bbox 794 758 1002 829; x_wconf 77' lang='grc' dir='ltr'>ἐκείνης</span> <span class='ocrx_word' id='word_1_32' title='bbox 1068 754 1232 833; x_wconf 76' lang='grc' dir='ltr'>ὕδρας</span> <span class='ocrx_word' id='word_1_33' title='bbox 1301 756 1571 811; x_wconf 84' lang='grc' dir='ltr'>ἀπέκοπτε</span> <span class='ocrx_word' id='word_1_34' title='bbox 1634 755 1892 834; x_wconf 87' lang='grc' dir='ltr'>κεφαλάς·</span> <span class='ocrx_word' id='word_1_35' title='bbox 1962 777 2076 810; x_wconf 88' lang='grc' dir='ltr'>τοι-</span> 
     </span>
    </p>
   </div>
   <div class='ocr_carea' id='block_1_8' title="bbox 427 842 2080 926">
    <p class='ocr_par' dir='ltr' id='par_1_8' title="bbox 427 842 2080 926">
     <span class='ocr_line' id='line_1_8' title="bbox 427 842 2080 926; baseline -0.004 -20"><span class='ocrx_word' id='word_1_36' title='bbox 427 854 587 912; x_wconf 89' lang='grc' dir='ltr'>οῦτος</span> <span class='ocrx_word' id='word_1_37' title='bbox 619 847 806 926; x_wconf 83' lang='grc' dir='ltr'>θρόνος</span> <span class='ocrx_word' id='word_1_38' title='bbox 850 847 1044 921; x_wconf 88' lang='grc' dir='ltr'>πρέπει</span> <span class='ocrx_word' id='word_1_39' title='bbox 1091 845 1173 919; x_wconf 77' lang='grc' dir='ltr'>τῷ</span> <span class='ocrx_word' id='word_1_40' title='bbox 1224 843 1439 922; x_wconf 86' lang='grc' dir='ltr'>βασιλεῖ</span> <span class='ocrx_word' id='word_1_41' title='bbox 1484 842 1786 923; x_wconf 81' lang='grc' dir='ltr'>φλογώδης</span> <span class='ocrx_word' id='word_1_42' title='bbox 1833 846 1974 918; x_wconf 87' lang='grc' dir='ltr'>ὁμοῦ</span> <span class='ocrx_word' id='word_1_43' title='bbox 2020 866 2080 900; x_wconf 88' lang='grc' dir='ltr'>τε</span> 
     </span>
    </p>
   </div>
   <div class='ocr_carea' id='block_1_9' title="bbox 424 933 2076 1016">
    <p class='ocr_par' dir='ltr' id='par_1_9' title="bbox 424 933 2076 1016">
     <span class='ocr_line' id='line_1_9' title="bbox 424 933 2076 1016; baseline -0.004 -22"><span class='ocrx_word' id='word_1_44' title='bbox 424 939 516 995; x_wconf 86' lang='grc' dir='ltr'>καὶ</span> <span class='ocrx_word' id='word_1_45' title='bbox 545 937 796 1016; x_wconf 79' lang='grc' dir='ltr'>πύρινος,</span> <span class='ocrx_word' id='word_1_46' title='bbox 827 935 1135 992; x_wconf 79' lang='grc' dir='ltr'>κατακαίων</span> <span class='ocrx_word' id='word_1_47' title='bbox 1190 936 1284 1008; x_wconf 74' lang='grc' dir='ltr'>μέν</span> <span class='ocrx_word' id='word_1_48' title='bbox 1330 933 1458 996; x_wconf 80' lang='grc' dir='ltr'>τοὺς</span> <span class='ocrx_word' id='word_1_49' title='bbox 1508 933 1776 996; x_wconf 78' lang='grc' dir='ltr'>ἐναντίους</span> <span class='ocrx_word' id='word_1_50' title='bbox 1822 933 2076 1010; x_wconf 81' lang='grc' dir='ltr'>ἐχθρούς’</span> 
     </span>
    </p>
   </div>
   <div class='ocr_carea' id='block_1_10' title="bbox 424 1020 2079 1100">
    <p class='ocr_par' dir='ltr' id='par_1_10' title="bbox 424 1020 2079 1100">
     <span class='ocr_line' id='line_1_10' title="bbox 424 1020 2079 1100; baseline -0.004 -17"><span class='ocrx_word' id='word_1_51' title='bbox 424 1028 516 1084; x_wconf 81' lang='grc' dir='ltr'>τὸν</span> <span class='ocrx_word' id='word_1_52' title='bbox 548 1025 596 1082; x_wconf 86' lang='grc' dir='ltr'>δ’</span> <span class='ocrx_word' id='word_1_53' title='bbox 628 1026 711 1083; x_wconf 83' lang='grc' dir='ltr'>ἐπ’</span> <span class='ocrx_word' id='word_1_54' title='bbox 740 1025 904 1081; x_wconf 88' lang='grc' dir='ltr'>αὐτοῦ</span> <span class='ocrx_word' id='word_1_55' title='bbox 942 1029 1038 1080; x_wconf 88' lang='grc' dir='ltr'>τοῦ</span> <span class='ocrx_word' id='word_1_56' title='bbox 1087 1023 1277 1100; x_wconf 82' lang='grc' dir='ltr'>θρόνου</span> <span class='ocrx_word' id='word_1_57' title='bbox 1325 1023 1685 1096; x_wconf 83' lang='grc' dir='ltr'>καθεζόμενον</span> <span class='ocrx_word' id='word_1_58' title='bbox 1744 1020 1969 1099; x_wconf 89' lang='grc' dir='ltr'>βασιλέα</span> <span class='ocrx_word' id='word_1_59' title='bbox 2016 1020 2079 1077; x_wconf 90' lang='grc' dir='ltr'>οὐ</span> 
     </span>
    </p>
   </div>
   <div class='ocr_carea' id='block_1_11' title="bbox 430 1106 2085 1193">
    <p class='ocr_par' dir='ltr' id='par_1_11' title="bbox 430 1106 2085 1193">
     <span class='ocr_line' id='line_1_11' title="bbox 430 1106 2085 1193; baseline -0.004 -21"><span class='ocrx_word' id='word_1_60' title='bbox 430 1117 593 1193; x_wconf 85' lang='grc' dir='ltr'>μόνον</span> <span class='ocrx_word' id='word_1_61' title='bbox 625 1115 688 1171; x_wconf 89' lang='grc' dir='ltr'>οὐ</span> <span class='ocrx_word' id='word_1_62' title='bbox 716 1110 1136 1182; x_wconf 76' lang='grc' dir='ltr'>καταϐλάπτων,</span> <span class='ocrx_word' id='word_1_63' title='bbox 1170 1110 1316 1167; x_wconf 82' lang='grc' dir='ltr'>ἀλλὰ</span> <span class='ocrx_word' id='word_1_64' title='bbox 1345 1112 1434 1167; x_wconf 88' lang='grc' dir='ltr'>καὶ</span> <span class='ocrx_word' id='word_1_65' title='bbox 1466 1112 1601 1188; x_wconf 86' lang='grc' dir='ltr'>πρὸς</span> <span class='ocrx_word' id='word_1_66' title='bbox 1634 1111 1769 1185; x_wconf 78' lang='grc' dir='ltr'>ὕψος</span> <span class='ocrx_word' id='word_1_67' title='bbox 1829 1106 2085 1166; x_wconf 72' lang='grc' dir='ltr'>ἀναϐιϐάο</span> 
     </span>
    </p>
   </div>
   <div class='ocr_carea' id='block_1_12' title="bbox 428 1198 2081 1282">
    <p class='ocr_par' dir='ltr' id='par_1_12' title="bbox 428 1198 2081 1282">
     <span class='ocr_line' id='line_1_12' title="bbox 428 1198 2081 1282; baseline -0.005 -20"><span class='ocrx_word' id='word_1_68' title='bbox 428 1213 532 1277; x_wconf 85' lang='grc' dir='ltr'>ζων</span> <span class='ocrx_word' id='word_1_69' title='bbox 593 1204 859 1282; x_wconf 89' lang='grc' dir='ltr'>οὐράνιον,</span> <span class='ocrx_word' id='word_1_70' title='bbox 889 1203 980 1259; x_wconf 84' lang='grc' dir='ltr'>καὶ</span> <span class='ocrx_word' id='word_1_71' title='bbox 1027 1209 1303 1280; x_wconf 75' lang='grc' dir='ltr'>καταφανῆ</span> <span class='ocrx_word' id='word_1_72' title='bbox 1354 1202 1443 1257; x_wconf 81' lang='grc' dir='ltr'>καὶ</span> <span class='ocrx_word' id='word_1_73' title='bbox 1498 1200 1750 1276; x_wconf 84' lang='grc' dir='ltr'>λαμπρὸν</span> <span class='ocrx_word' id='word_1_74' title='bbox 1795 1200 1884 1255; x_wconf 87' lang='grc' dir='ltr'>καὶ</span> <span class='ocrx_word' id='word_1_75' title='bbox 1931 1198 2081 1276; x_wconf 83' lang='grc' dir='ltr'>περί-</span> 
     </span>
    </p>
   </div>
   <div class='ocr_carea' id='block_1_13' title="bbox 426 1288 2079 1368">
    <p class='ocr_par' dir='ltr' id='par_1_13' title="bbox 426 1288 2079 1368">
     <span class='ocr_line' id='line_1_13' title="bbox 426 1288 2079 1368; baseline -0.005 -16"><span class='ocrx_word' id='word_1_76' title='bbox 426 1294 603 1368; x_wconf 81' lang='grc' dir='ltr'>δοξον,</span> <span class='ocrx_word' id='word_1_77' title='bbox 636 1294 725 1350; x_wconf 83' lang='grc' dir='ltr'>καὶ</span> <span class='ocrx_word' id='word_1_78' title='bbox 772 1290 1036 1362; x_wconf 84' lang='grc' dir='ltr'>διάδηλον</span> <span class='ocrx_word' id='word_1_79' title='bbox 1080 1288 1185 1354; x_wconf 73' lang='grc' dir='ltr'>ἕως</span> <span class='ocrx_word' id='word_1_80' title='bbox 1224 1290 1399 1346; x_wconf 83' lang='grc' dir='ltr'>αὐτῶν</span> <span class='ocrx_word' id='word_1_81' title='bbox 1446 1296 1553 1347; x_wconf 76' lang='grc' dir='ltr'>τῶν</span> <span class='ocrx_word' id='word_1_82' title='bbox 1600 1298 1701 1361; x_wconf 87' lang='grc' dir='ltr'>τῆς</span> <span class='ocrx_word' id='word_1_83' title='bbox 1751 1289 2079 1363; x_wconf 70' lang='grc' dir='ltr'>οἰκουμένης</span> 
     </span>
    </p>
   </div>
   <div class='ocr_carea' id='block_1_14' title="bbox 423 1379 2077 1462">
    <p class='ocr_par' dir='ltr' id='par_1_14' title="bbox 423 1379 2077 1462">
     <span class='ocr_line' id='line_1_14' title="bbox 423 1379 2077 1462; baseline -0.005 -21"><span class='ocrx_word' id='word_1_84' title='bbox 423 1385 670 1462; x_wconf 79' lang='grc' dir='ltr'>περάτων</span> <span class='ocrx_word' id='word_1_85' title='bbox 721 1380 1187 1460; x_wconf 78' lang='grc' dir='ltr'>ἀπεργαζόμενοςο</span> <span class='ocrx_word' id='word_1_86' title='bbox 1241 1379 1381 1435; x_wconf 83' lang='grc' dir='ltr'>ὥστε</span> <span class='ocrx_word' id='word_1_87' title='bbox 1447 1380 1537 1435; x_wconf 82' lang='grc' dir='ltr'>καὶ</span> <span class='ocrx_word' id='word_1_88' title='bbox 1579 1381 1679 1449; x_wconf 73' lang='grc' dir='ltr'>τήν</span> <span class='ocrx_word' id='word_1_89' title='bbox 1731 1380 2077 1458; x_wconf 79' lang='grc' dir='ltr'>προφητικήν</span> 
     </span>
    </p>
   </div>
   <div class='ocr_carea' id='block_1_15' title="bbox 429 1470 2075 1552">
    <p class='ocr_par' dir='ltr' id='par_1_15' title="bbox 429 1470 2075 1552">
     <span class='ocr_line' id='line_1_15' title="bbox 429 1470 2075 1552; baseline -0.003 -21"><span class='ocrx_word' id='word_1_90' title='bbox 429 1471 835 1552; x_wconf 79' lang='grc' dir='ltr'>μεγαληγορίαν</span> <span class='ocrx_word' id='word_1_91' title='bbox 905 1471 1303 1551; x_wconf 83' lang='grc' dir='ltr'>ἐφαρμόζεσθαι</span> <span class='ocrx_word' id='word_1_92' title='bbox 1357 1470 1558 1544; x_wconf 77' lang='grc' dir='ltr'>τούτῳ,</span> <span class='ocrx_word' id='word_1_93' title='bbox 1620 1470 1883 1545; x_wconf 88' lang='grc' dir='ltr'>λέγουσαν</span> <span class='ocrx_word' id='word_1_94' title='bbox 1943 1471 2075 1544; x_wconf 80' lang='grc'>(34)⁶</span> 
     </span>
    </p>
   </div>
   <div class='ocr_carea' id='block_1_16' title="bbox 427 1557 2081 1641">
    <p class='ocr_par' dir='ltr' id='par_1_16' title="bbox 427 1557 2081 1641">
     <span class='ocr_line' id='line_1_16' title="bbox 427 1557 2081 1641; baseline -0.001 -26"><span class='ocrx_word' id='word_1_95' title='bbox 427 1587 457 1616; x_wconf 78' lang='grc' dir='ltr'>ι(</span> <span class='ocrx_word' id='word_1_96' title='bbox 490 1564 725 1641; x_wconf 86' lang='grc' dir='ltr'>Ἕφαναν</span> <span class='ocrx_word' id='word_1_97' title='bbox 793 1562 849 1616; x_wconf 75' lang='grc' dir='ltr'>αἱ</span> <span class='ocrx_word' id='word_1_98' title='bbox 926 1560 1192 1635; x_wconf 87' lang='grc' dir='ltr'>ἆστραπαι</span> <span class='ocrx_word' id='word_1_99' title='bbox 1263 1581 1358 1614; x_wconf 88' lang='grc' dir='ltr'>σου</span> <span class='ocrx_word' id='word_1_100' title='bbox 1408 1562 1478 1633; x_wconf 79' lang='grc' dir='ltr'>τῇ</span> <span class='ocrx_word' id='word_1_101' title='bbox 1527 1557 1839 1633; x_wconf 77' lang='grc' dir='ltr'>οἰκουμένῃ.</span> <span class='ocrx_word' id='word_1_102' title='bbox 1892 1582 1919 1609; x_wconf 85' lang='grc'><strong>››</strong></span> <span class='ocrx_word' id='word_1_103' title='bbox 1969 1564 2081 1621; x_wconf 79' lang='grc' dir='ltr'>Πᾶς</span> 
     </span>
    </p>
   </div>
   <div class='ocr_carea' id='block_1_17' title="bbox 428 1646 2080 1729">
    <p class='ocr_par' dir='ltr' id='par_1_17' title="bbox 428 1646 2080 1729">
     <span class='ocr_line' id='line_1_17' title="bbox 428 1646 2080 1729; baseline -0.004 -21"><span class='ocrx_word' id='word_1_104' title='bbox 428 1650 709 1729; x_wconf 77' lang='grc' dir='ltr'>ἅνθρωπος</span> <span class='ocrx_word' id='word_1_105' title='bbox 767 1650 986 1726; x_wconf 90' lang='grc' dir='ltr'>βλέπων</span> <span class='ocrx_word' id='word_1_106' title='bbox 1046 1654 1222 1725; x_wconf 82' lang='grc' dir='ltr'>χαρᾶς</span> <span class='ocrx_word' id='word_1_107' title='bbox 1282 1646 1594 1724; x_wconf 78' lang='grc' dir='ltr'>πληροῦται</span> <span class='ocrx_word' id='word_1_108' title='bbox 1654 1648 1793 1720; x_wconf 83' lang='grc' dir='ltr'>ὁμοῦ</span> <span class='ocrx_word' id='word_1_109' title='bbox 1851 1646 1940 1702; x_wconf 85' lang='grc' dir='ltr'>καὶ</span> <span class='ocrx_word' id='word_1_110' title='bbox 1994 1646 2080 1702; x_wconf 87' lang='grc' dir='ltr'>ἐκ-</span> 
     </span>
    </p>
   </div>
   <div class='ocr_carea' id='block_1_18' title="bbox 426 1733 2079 1815">
    <p class='ocr_par' dir='ltr' id='par_1_18' title="bbox 426 1733 2079 1815">
     <span class='ocr_line' id='line_1_18' title="bbox 426 1733 2079 1815; baseline -0.005 -19"><span class='ocrx_word' id='word_1_111' title='bbox 426 1738 704 1811; x_wconf 84' lang='grc' dir='ltr'>πλήξεως.</span> <span class='ocrx_word' id='word_1_112' title='bbox 735 1739 796 1793; x_wconf 87' lang='grc' dir='ltr'>Τί</span> <span class='ocrx_word' id='word_1_113' title='bbox 834 1740 949 1815; x_wconf 77' lang='grc' dir='ltr'>χρή</span> <span class='ocrx_word' id='word_1_114' title='bbox 999 1736 1185 1793; x_wconf 85' lang='grc' dir='ltr'>πολλὰ</span> <span class='ocrx_word' id='word_1_115' title='bbox 1232 1736 1447 1814; x_wconf 88' lang='grc' dir='ltr'>λέγειν;</span> <span class='ocrx_word' id='word_1_116' title='bbox 1482 1733 1743 1799; x_wconf 78' lang='grc' dir='ltr'>Βασιλεὺς</span> <span class='ocrx_word' id='word_1_117' title='bbox 1796 1737 1931 1808; x_wconf 84' lang='grc' dir='ltr'>μετὰ</span> <span class='ocrx_word' id='word_1_118' title='bbox 1970 1740 2079 1790; x_wconf 81' lang='grc' dir='ltr'>τῶν</span> 
     </span>
    </p>
   </div>
   <div class='ocr_carea' id='block_1_19' title="bbox 2188 662 3829 742">
    <p class='ocr_par' dir='ltr' id='par_1_19' title="bbox 2188 662 3829 742">
     <span class='ocr_line' id='line_1_19' title="bbox 2188 662 3829 742; baseline -0.004 -17"><span class='ocrx_word' id='word_1_119' title='bbox 2188 670 2317 741; x_wconf 86' lang='lat' dir='ltr'>ipso</span> <span class='ocrx_word' id='word_1_120' title='bbox 2348 685 2544 742; x_wconf 83' lang='lat' dir='ltr'>regem</span> <span class='ocrx_word' id='word_1_121' title='bbox 2570 686 2686 724; x_wconf 94' lang='lat' dir='ltr'>non</span> <span class='ocrx_word' id='word_1_122' title='bbox 2711 668 2903 725; x_wconf 90' lang='lat' dir='ltr'>solum</span> <span class='ocrx_word' id='word_1_123' title='bbox 2929 667 3086 723; x_wconf 86' lang='lat' dir='ltr'><strong>haud</strong></span> <span class='ocrx_word' id='word_1_124' title='bbox 3112 666 3304 734; x_wconf 63' lang='lat' dir='ltr'>ladat,</span> <span class='ocrx_word' id='word_1_125' title='bbox 3327 681 3527 721; x_wconf 88' lang='lat' dir='ltr'>verum</span> <span class='ocrx_word' id='word_1_126' title='bbox 3550 663 3727 721; x_wconf 90' lang='lat' dir='ltr'>etiam</span> <span class='ocrx_word' id='word_1_127' title='bbox 3759 662 3829 718; x_wconf 89' lang='lat' dir='ltr'>ad</span> 
     </span>
    </p>
   </div>
   <div class='ocr_carea' id='block_1_20' title="bbox 2187 752 3835 829">
    <p class='ocr_par' dir='ltr' id='par_1_20' title="bbox 2187 752 3835 829">
     <span class='ocr_line' id='line_1_20' title="bbox 2187 752 3835 829; baseline -0.004 -14"><span class='ocrx_word' id='word_1_128' title='bbox 2187 764 2348 815; x_wconf 87' lang='lat' dir='ltr'>astra</span> <span class='ocrx_word' id='word_1_129' title='bbox 2377 757 2676 825; x_wconf 86' lang='lat' dir='ltr'>sublevet;</span> <span class='ocrx_word' id='word_1_130' title='bbox 2709 758 2981 824; x_wconf 80' lang='lat' dir='ltr'>thronus,</span> <span class='ocrx_word' id='word_1_131' title='bbox 3012 757 3277 829; x_wconf 90' lang='lat' dir='ltr'>inquam,</span> <span class='ocrx_word' id='word_1_132' title='bbox 3310 771 3610 825; x_wconf 88' lang='lat' dir='ltr'>coruscus,</span> <span class='ocrx_word' id='word_1_133' title='bbox 3641 752 3835 826; x_wconf 89' lang='lat' dir='ltr'>splen-</span> 
     </span>
    </p>
   </div>
   <div class='ocr_carea' id='block_1_21' title="bbox 2188 847 3829 920">
    <p class='ocr_par' dir='ltr' id='par_1_21' title="bbox 2188 847 3829 920">
     <span class='ocr_line' id='line_1_21' title="bbox 2188 847 3829 920; baseline -0.004 -17"><span class='ocrx_word' id='word_1_134' title='bbox 2188 848 2382 915; x_wconf 91' lang='lat' dir='ltr'>didus,</span> <span class='ocrx_word' id='word_1_135' title='bbox 2416 847 2687 913; x_wconf 80' lang='lat' dir='ltr'>illustris,</span> <span class='ocrx_word' id='word_1_136' title='bbox 2720 847 2821 920; x_wconf 87' lang='lat' dir='ltr'>qui</span> <span class='ocrx_word' id='word_1_137' title='bbox 2851 862 3045 919; x_wconf 86' lang='lat' dir='ltr'>regem</span> <span class='ocrx_word' id='word_1_138' title='bbox 3078 847 3150 902; x_wconf 88' lang='lat' dir='ltr'>ad</span> <span class='ocrx_word' id='word_1_139' title='bbox 3183 849 3472 901; x_wconf 84' lang='lat' dir='ltr'>extremos</span> <span class='ocrx_word' id='word_1_140' title='bbox 3504 859 3690 915; x_wconf 89' lang='lat' dir='ltr'>usque</span> <span class='ocrx_word' id='word_1_141' title='bbox 3735 859 3829 898; x_wconf 90' lang='lat' dir='ltr'>or-</span> 
     </span>
    </p>
   </div>
   <div class='ocr_carea' id='block_1_22' title="bbox 2187 932 3836 1006">
    <p class='ocr_par' dir='ltr' id='par_1_22' title="bbox 2187 932 3836 1006">
     <span class='ocr_line' id='line_1_22' title="bbox 2187 932 3836 1006; baseline -0.004 -14"><span class='ocrx_word' id='word_1_142' title='bbox 2187 937 2279 992; x_wconf 93' lang='lat' dir='ltr'>bis</span> <span class='ocrx_word' id='word_1_143' title='bbox 2312 937 2456 992; x_wconf 82' lang='lat' dir='ltr'>ﬁnes</span> <span class='ocrx_word' id='word_1_144' title='bbox 2489 937 2644 992; x_wconf 79' lang='lat' dir='ltr'>fama</span> <span class='ocrx_word' id='word_1_145' title='bbox 2674 936 2951 993; x_wconf 84' lang='lat' dir='ltr'>clarificet</span> <span class='ocrx_word' id='word_1_146' title='bbox 2983 954 2995 990; x_wconf 86' lang='lat'><strong>:</strong></span> <span class='ocrx_word' id='word_1_147' title='bbox 3047 935 3130 990; x_wconf 85' lang='lat' dir='ltr'>ita</span> <span class='ocrx_word' id='word_1_148' title='bbox 3174 937 3240 989; x_wconf 91' lang='lat' dir='ltr'>ut</span> <span class='ocrx_word' id='word_1_149' title='bbox 3278 932 3574 1006; x_wconf 73' lang='lat' dir='ltr'>prophetae</span> <span class='ocrx_word' id='word_1_150' title='bbox 3604 947 3836 1004; x_wconf 89' lang='lat' dir='ltr'>quoque</span> 
     </span>
    </p>
   </div>
   <div class='ocr_carea' id='block_1_23' title="bbox 2189 1022 3833 1095">
    <p class='ocr_par' dir='ltr' id='par_1_23' title="bbox 2189 1022 3833 1095">
     <span class='ocr_line' id='line_1_23' title="bbox 2189 1022 3833 1095; baseline -0.004 -15"><span class='ocrx_word' id='word_1_151' title='bbox 2189 1024 2443 1081; x_wconf 83' lang='lat' dir='ltr'>sublime</span> <span class='ocrx_word' id='word_1_152' title='bbox 2472 1026 2712 1081; x_wconf 81' lang='lat' dir='ltr'>effatum</span> <span class='ocrx_word' id='word_1_153' title='bbox 2744 1024 2882 1081; x_wconf 86' lang='lat' dir='ltr'>huic</span> <span class='ocrx_word' id='word_1_154' title='bbox 2913 1023 3238 1087; x_wconf 89' lang='lat' dir='ltr'>conveniat,</span> <span class='ocrx_word' id='word_1_155' title='bbox 3270 1022 3424 1095; x_wconf 89' lang='lat' dir='ltr'>quod</span> <span class='ocrx_word' id='word_1_156' title='bbox 3457 1022 3539 1077; x_wconf 88' lang='lat' dir='ltr'>ait</span> <span class='ocrx_word' id='word_1_157' title='bbox 3570 1036 3584 1075; x_wconf 87' lang='lat'><strong>:</strong></span> <span class='ocrx_word' id='word_1_158' title='bbox 3638 1025 3833 1092; x_wconf 86' lang='lat' dir='ltr'>Appa-</span> 
     </span>
    </p>
   </div>
   <div class='ocr_carea' id='block_1_24' title="bbox 2189 1108 3834 1187">
    <p class='ocr_par' dir='ltr' id='par_1_24' title="bbox 2189 1108 3834 1187">
     <span class='ocr_line' id='line_1_24' title="bbox 2189 1108 3834 1187; baseline -0.002 -19"><span class='ocrx_word' id='word_1_159' title='bbox 2189 1118 2433 1169; x_wconf 90' lang='lat' dir='ltr'>ruerunt</span> <span class='ocrx_word' id='word_1_160' title='bbox 2462 1113 2698 1187; x_wconf 83' lang='lat' dir='ltr'>fulgura</span> <span class='ocrx_word' id='word_1_161' title='bbox 2748 1119 2850 1169; x_wconf 87' lang='lat' dir='ltr'>tua</span> <span class='ocrx_word' id='word_1_162' title='bbox 2900 1113 3024 1170; x_wconf 86' lang='lat' dir='ltr'>orbi</span> <span class='ocrx_word' id='word_1_163' title='bbox 3069 1117 3359 1168; x_wconf 90' lang='lat' dir='ltr'>terrarum</span> <span class='ocrx_word' id='word_1_164' title='bbox 3387 1128 3401 1179; x_wconf 91' lang='lat'><strong>;</strong></span> <span class='ocrx_word' id='word_1_165' title='bbox 3434 1109 3627 1166; x_wconf 90' lang='lat' dir='ltr'>omnis</span> <span class='ocrx_word' id='word_1_166' title='bbox 3658 1108 3834 1165; x_wconf 92' lang='lat' dir='ltr'>homo</span> 
     </span>
    </p>
   </div>
   <div class='ocr_carea' id='block_1_25' title="bbox 2188 1196 3832 1273">
    <p class='ocr_par' dir='ltr' id='par_1_25' title="bbox 2188 1196 3832 1273">
     <span class='ocr_line' id='line_1_25' title="bbox 2188 1196 3832 1273; baseline -0.002 -18"><span class='ocrx_word' id='word_1_167' title='bbox 2188 1201 2411 1264; x_wconf 76' lang='lat' dir='ltr'>videns.</span> <span class='ocrx_word' id='word_1_168' title='bbox 2444 1201 2659 1273; x_wconf 89' lang='lat' dir='ltr'>gaudio</span> <span class='ocrx_word' id='word_1_169' title='bbox 2700 1200 2879 1256; x_wconf 82' lang='lat' dir='ltr'>simul</span> <span class='ocrx_word' id='word_1_170' title='bbox 2928 1218 2994 1257; x_wconf 89' lang='lat' dir='ltr'>ac</span> <span class='ocrx_word' id='word_1_171' title='bbox 3038 1206 3278 1272; x_wconf 90' lang='lat' dir='ltr'>stupore</span> <span class='ocrx_word' id='word_1_172' title='bbox 3307 1197 3649 1271; x_wconf 86' lang='lat' dir='ltr'>completur.</span> <span class='ocrx_word' id='word_1_173' title='bbox 3684 1196 3832 1262; x_wconf 88' lang='lat' dir='ltr'>Quid</span> 
     </span>
    </p>
   </div>
   <div class='ocr_carea' id='block_1_26' title="bbox 2189 1286 3832 1361">
    <p class='ocr_par' dir='ltr' id='par_1_26' title="bbox 2189 1286 3832 1361">
     <span class='ocr_line' id='line_1_26' title="bbox 2189 1286 3832 1361; baseline -0.002 -17"><span class='ocrx_word' id='word_1_174' title='bbox 2189 1289 2357 1361; x_wconf 88' lang='lat' dir='ltr'>plura</span> <span class='ocrx_word' id='word_1_175' title='bbox 2377 1289 2404 1345; x_wconf 90' lang='lat'><strong>?</strong></span> <span class='ocrx_word' id='word_1_176' title='bbox 2436 1291 2574 1355; x_wconf 81' lang='lat' dir='ltr'>Rex,</span> <span class='ocrx_word' id='word_1_177' title='bbox 2597 1290 2645 1346; x_wconf 90' lang='lat' dir='ltr'>si</span> <span class='ocrx_word' id='word_1_178' title='bbox 2678 1290 2749 1345; x_wconf 90' lang='lat' dir='ltr'>ad</span> <span class='ocrx_word' id='word_1_179' title='bbox 2781 1294 3018 1346; x_wconf 66' lang='lat' dir='ltr'>caeteras</span> <span class='ocrx_word' id='word_1_180' title='bbox 3047 1290 3291 1345; x_wconf 82' lang='lat' dir='ltr'>virtutes</span> <span class='ocrx_word' id='word_1_181' title='bbox 3319 1286 3665 1344; x_wconf 79' lang='lat' dir='ltr'>modestiam</span> <span class='ocrx_word' id='word_1_182' title='bbox 3688 1303 3832 1359; x_wconf 90' lang='lat' dir='ltr'>quo-</span> 
     </span>
    </p>
   </div>
   <div class='ocr_carea' id='block_1_27' title="bbox 2188 1376 3830 1452">
    <p class='ocr_par' dir='ltr' id='par_1_27' title="bbox 2188 1376 3830 1452">
     <span class='ocr_line' id='line_1_27' title="bbox 2188 1376 3830 1452; baseline -0.001 -19"><span class='ocrx_word' id='word_1_183' title='bbox 2188 1395 2305 1451; x_wconf 86' lang='lat' dir='ltr'>que</span> <span class='ocrx_word' id='word_1_184' title='bbox 2333 1378 2629 1452; x_wconf 87' lang='lat' dir='ltr'>adjecerit,</span> <span class='ocrx_word' id='word_1_185' title='bbox 2661 1379 2875 1436; x_wconf 88' lang='lat' dir='ltr'>Christi</span> <span class='ocrx_word' id='word_1_186' title='bbox 2906 1379 3094 1450; x_wconf 90' lang='lat' dir='ltr'>ipsius</span> <span class='ocrx_word' id='word_1_187' title='bbox 3123 1378 3241 1435; x_wconf 91' lang='lat' dir='ltr'>veri</span> <span class='ocrx_word' id='word_1_188' title='bbox 3275 1376 3458 1434; x_wconf 86' lang='lat' dir='ltr'>nostri</span> <span class='ocrx_word' id='word_1_189' title='bbox 3490 1376 3592 1433; x_wconf 92' lang='lat' dir='ltr'>Dei</span> <span class='ocrx_word' id='word_1_190' title='bbox 3635 1376 3830 1432; x_wconf 89' lang='lat' dir='ltr'>imita-</span> 
     </span>
    </p>
   </div>
   <div class='ocr_carea' id='block_1_28' title="bbox 2187 1468 3835 1540">
    <p class='ocr_par' dir='ltr' id='par_1_28' title="bbox 2187 1468 3835 1540">
     <span class='ocr_line' id='line_1_28' title="bbox 2187 1468 3835 1540; baseline -0.002 -16"><span class='ocrx_word' id='word_1_191' title='bbox 2187 1472 2280 1524; x_wconf 89' lang='lat' dir='ltr'>tor</span> <span class='ocrx_word' id='word_1_192' title='bbox 2326 1468 2428 1535; x_wconf 84' lang='lat' dir='ltr'>ﬁt;</span> <span class='ocrx_word' id='word_1_193' title='bbox 2480 1468 2577 1538; x_wconf 89' lang='lat' dir='ltr'>qui</span> <span class='ocrx_word' id='word_1_194' title='bbox 2626 1468 2802 1524; x_wconf 77' lang='lat' dir='ltr'>caelos</span> <span class='ocrx_word' id='word_1_195' title='bbox 2843 1468 3157 1535; x_wconf 91' lang='lat' dir='ltr'>inclinans,</span> <span class='ocrx_word' id='word_1_196' title='bbox 3198 1471 3434 1540; x_wconf 88' lang='lat' dir='ltr'>propter</span> <span class='ocrx_word' id='word_1_197' title='bbox 3461 1480 3835 1522; x_wconf 89' lang='lat' dir='ltr'>communem</span> 
     </span>
    </p>
   </div>
   <div class='ocr_carea' id='block_1_29' title="bbox 2188 1555 3838 1631">
    <p class='ocr_par' dir='ltr' id='par_1_29' title="bbox 2188 1555 3838 1631">
     <span class='ocr_line' id='line_1_29' title="bbox 2188 1555 3838 1631; baseline -0.001 -19"><span class='ocrx_word' id='word_1_198' title='bbox 2188 1557 2433 1613; x_wconf 88' lang='lat' dir='ltr'>humani</span> <span class='ocrx_word' id='word_1_199' title='bbox 2463 1557 2693 1631; x_wconf 80' lang='lat' dir='ltr'>generis</span> <span class='ocrx_word' id='word_1_200' title='bbox 2723 1559 2996 1624; x_wconf 87' lang='lat' dir='ltr'>salutem,</span> <span class='ocrx_word' id='word_1_201' title='bbox 3030 1557 3219 1614; x_wconf 86' lang='lat' dir='ltr'>servili</span> <span class='ocrx_word' id='word_1_202' title='bbox 3270 1557 3459 1612; x_wconf 86' lang='lat' dir='ltr'>forma</span> <span class='ocrx_word' id='word_1_203' title='bbox 3509 1555 3838 1611; x_wconf 90' lang='lat' dir='ltr'>circumda-</span> 
     </span>
    </p>
   </div>
   <div class='ocr_carea' id='block_1_30' title="bbox 2191 1643 3838 1720">
    <p class='ocr_par' dir='ltr' id='par_1_30' title="bbox 2191 1643 3838 1720">
     <span class='ocr_line' id='line_1_30' title="bbox 2191 1643 3838 1720; baseline -0.002 -19"><span class='ocrx_word' id='word_1_204' title='bbox 2191 1654 2286 1703; x_wconf 89' lang='lat' dir='ltr'>tus</span> <span class='ocrx_word' id='word_1_205' title='bbox 2314 1647 2387 1703; x_wconf 88' lang='lat' dir='ltr'>ad</span> <span class='ocrx_word' id='word_1_206' title='bbox 2420 1664 2527 1703; x_wconf 89' lang='lat' dir='ltr'>nos</span> <span class='ocrx_word' id='word_1_207' title='bbox 2556 1648 2898 1716; x_wconf 87' lang='lat' dir='ltr'>descendit;</span> <span class='ocrx_word' id='word_1_208' title='bbox 2930 1648 3031 1720; x_wconf 91' lang='lat' dir='ltr'>qui</span> <span class='ocrx_word' id='word_1_209' title='bbox 3063 1664 3197 1703; x_wconf 90' lang='lat' dir='ltr'>cum</span> <span class='ocrx_word' id='word_1_210' title='bbox 3236 1661 3477 1717; x_wconf 91' lang='lat' dir='ltr'>corpore</span> <span class='ocrx_word' id='word_1_211' title='bbox 3515 1643 3691 1701; x_wconf 85' lang='lat' dir='ltr'>ccelos</span> <span class='ocrx_word' id='word_1_212' title='bbox 3739 1644 3838 1698; x_wconf 89' lang='lat' dir='ltr'>de-</span> 
     </span>
    </p>
   </div>
   <div class='ocr_carea' id='block_1_31' title="bbox 2190 1731 3839 1809">
    <p class='ocr_par' dir='ltr' id='par_1_31' title="bbox 2190 1731 3839 1809">
     <span class='ocr_line' id='line_1_31' title="bbox 2190 1731 3839 1809; baseline -0.002 -19"><span class='ocrx_word' id='word_1_213' title='bbox 2190 1753 2307 1792; x_wconf 89' lang='lat' dir='ltr'>nuo</span> <span class='ocrx_word' id='word_1_214' title='bbox 2356 1736 2689 1793; x_wconf 88' lang='lat' dir='ltr'>sublimiter</span> <span class='ocrx_word' id='word_1_215' title='bbox 2738 1737 2989 1809; x_wconf 88' lang='lat' dir='ltr'>repetiit,</span> <span class='ocrx_word' id='word_1_216' title='bbox 3047 1736 3319 1809; x_wconf 91' lang='lat' dir='ltr'>supernis</span> <span class='ocrx_word' id='word_1_217' title='bbox 3367 1733 3454 1789; x_wconf 91' lang='lat' dir='ltr'>illi</span> <span class='ocrx_word' id='word_1_218' title='bbox 3504 1731 3839 1806; x_wconf 86' lang='lat' dir='ltr'>patentibus</span> 
     </span>
    </p>
   </div>
   <div class='ocr_carea' id='block_1_32' title="bbox 427 1821 2082 1904">
    <p class='ocr_par' dir='ltr' id='par_1_32' title="bbox 427 1825 2082 1904">
     <span class='ocr_line' id='line_1_32' title="bbox 427 1825 2082 1904; baseline -0.003 -19"><span class='ocrx_word' id='word_1_219' title='bbox 427 1826 615 1886; x_wconf 82' lang='grc' dir='ltr'>ἄλλων</span> <span class='ocrx_word' id='word_1_220' title='bbox 647 1827 832 1884; x_wconf 81' lang='grc' dir='ltr'>καλῶν</span> <span class='ocrx_word' id='word_1_221' title='bbox 872 1828 963 1884; x_wconf 88' lang='grc' dir='ltr'>καὶ</span> <span class='ocrx_word' id='word_1_222' title='bbox 1010 1826 1380 1904; x_wconf 88' lang='grc' dir='ltr'>ταπεινόφρων</span> <span class='ocrx_word' id='word_1_223' title='bbox 1426 1825 1741 1901; x_wconf 87' lang='grc' dir='ltr'>γενόμενος,</span> <span class='ocrx_word' id='word_1_224' title='bbox 1774 1825 1938 1880; x_wconf 88' lang='grc' dir='ltr'>αὐτοῦ</span> <span class='ocrx_word' id='word_1_225' title='bbox 1983 1829 2082 1880; x_wconf 88' lang='grc' dir='ltr'>τοῦ</span> 
     </span>
    </p>
   </div>
   <div class='ocr_carea' id='block_1_33' title="bbox 2193 1821 3837 1904">
    <p class='ocr_par' dir='ltr' id='par_1_33' title="bbox 2193 1821 3837 1899">
     <span class='ocr_line' id='line_1_33' title="bbox 2193 1821 3837 1899; baseline -0.002 -19"><span class='ocrx_word' id='word_1_226' title='bbox 2193 1825 2406 1897; x_wconf 80' lang='lat' dir='ltr'>ianuis.</span> <span class='ocrx_word' id='word_1_227' title='bbox 2433 1829 2549 1881; x_wconf 85' lang='lat' dir='ltr'>Rex</span> <span class='ocrx_word' id='word_1_228' title='bbox 2575 1826 2756 1899; x_wconf 90' lang='lat' dir='ltr'>igitur</span> <span class='ocrx_word' id='word_1_229' title='bbox 2780 1825 2879 1898; x_wconf 89' lang='lat' dir='ltr'>qui</span> <span class='ocrx_word' id='word_1_230' title='bbox 2902 1825 3246 1899; x_wconf 90' lang='lat' dir='ltr'>dignitatem</span> <span class='ocrx_word' id='word_1_231' title='bbox 3279 1841 3313 1880; x_wconf 91' lang='lat' dir='ltr'>a</span> <span class='ocrx_word' id='word_1_232' title='bbox 3339 1823 3567 1879; x_wconf 85' lang='lat' dir='ltr'>Christo</span> <span class='ocrx_word' id='word_1_233' title='bbox 3593 1821 3837 1893; x_wconf 86' lang='lat' dir='ltr'>accepit,</span> 
     </span>
    </p>
   </div>
   <div class='ocr_carea' id='block_1_34' title="bbox 427 1914 2080 1994">
    <p class='ocr_par' dir='ltr' id='par_1_34' title="bbox 427 1914 2080 1994">
     <span class='ocr_line' id='line_1_34' title="bbox 427 1914 2080 1994; baseline -0.002 -20"><span class='ocrx_word' id='word_1_234' title='bbox 427 1922 664 1994; x_wconf 82' lang='grc' dir='ltr'>Χριστοῦ</span> <span class='ocrx_word' id='word_1_235' title='bbox 701 1922 799 1973; x_wconf 87' lang='grc' dir='ltr'>τοῦ</span> <span class='ocrx_word' id='word_1_236' title='bbox 846 1915 1115 1987; x_wconf 78' lang='grc' dir='ltr'>ἀληθινοῦ</span> <span class='ocrx_word' id='word_1_237' title='bbox 1162 1920 1296 1972; x_wconf 88' lang='grc' dir='ltr'>Θεοῦ</span> <span class='ocrx_word' id='word_1_238' title='bbox 1336 1918 1496 1988; x_wconf 78' lang='grc' dir='ltr'>ἡμῶν</span> <span class='ocrx_word' id='word_1_239' title='bbox 1546 1914 1656 1969; x_wconf 86' lang='grc' dir='ltr'>ἐστι</span> <span class='ocrx_word' id='word_1_240' title='bbox 1705 1916 1973 1988; x_wconf 55' lang='grc' dir='ltr'>μιμητής</span> <span class='ocrx_word' id='word_1_241' title='bbox 2020 1915 2080 1977; x_wconf 85' lang='grc' dir='ltr'>’ὸς</span> 
     </span>
    </p>
   </div>
   <div class='ocr_carea' id='block_1_35' title="bbox 428 2002 2086 2082">
    <p class='ocr_par' dir='ltr' id='par_1_35' title="bbox 428 2002 2086 2082">
     <span class='ocr_line' id='line_1_35' title="bbox 428 2002 2086 2082; baseline -0.003 -20"><span class='ocrx_word' id='word_1_242' title='bbox 428 2004 616 2069; x_wconf 87' lang='grc' dir='ltr'>κλίνας</span> <span class='ocrx_word' id='word_1_243' title='bbox 661 2005 791 2069; x_wconf 75' lang='grc' dir='ltr'>τοὺς</span> <span class='ocrx_word' id='word_1_244' title='bbox 838 2004 1127 2082; x_wconf 75' lang='grc' dir='ltr'>οὐρανοὺς,</span> <span class='ocrx_word' id='word_1_245' title='bbox 1171 2002 1261 2060; x_wconf 78' lang='grc' dir='ltr'>διὰ</span> <span class='ocrx_word' id='word_1_246' title='bbox 1306 2005 1406 2073; x_wconf 73' lang='grc' dir='ltr'>τὴν</span> <span class='ocrx_word' id='word_1_247' title='bbox 1456 2005 1645 2072; x_wconf 76' lang='grc' dir='ltr'>κοινὴν</span> <span class='ocrx_word' id='word_1_248' title='bbox 1695 2005 1856 2076; x_wconf 78' lang='grc' dir='ltr'>ἡμῶν</span> <span class='ocrx_word' id='word_1_249' title='bbox 1910 2025 2086 2075; x_wconf 85' lang='grc' dir='ltr'>σωτη-</span> 
     </span>
    </p>
   </div>
   <div class='ocr_carea' id='block_1_36' title="bbox 430 2086 2083 2173">
    <p class='ocr_par' dir='ltr' id='par_1_36' title="bbox 430 2086 2083 2173">
     <span class='ocr_line' id='line_1_36' title="bbox 430 2086 2083 2173; baseline -0.002 -22"><span class='ocrx_word' id='word_1_250' title='bbox 430 2095 546 2173; x_wconf 84' lang='grc' dir='ltr'>ρίαν</span> <span class='ocrx_word' id='word_1_251' title='bbox 606 2100 703 2150; x_wconf 91' lang='grc' dir='ltr'>τοῦ</span> <span class='ocrx_word' id='word_1_252' title='bbox 766 2098 875 2150; x_wconf 81' lang='grc' dir='ltr'>τῶν</span> <span class='ocrx_word' id='word_1_253' title='bbox 945 2094 1245 2169; x_wconf 84' lang='grc' dir='ltr'>ἀνθρώπων</span> <span class='ocrx_word' id='word_1_254' title='bbox 1308 2092 1520 2168; x_wconf 87' lang='grc' dir='ltr'>γένους,</span> <span class='ocrx_word' id='word_1_255' title='bbox 1586 2086 1950 2163; x_wconf 76' lang='grc' dir='ltr'>καταϐέϐηκεν</span> <span class='ocrx_word' id='word_1_256' title='bbox 2007 2092 2083 2155; x_wconf 80' lang='grc' dir='ltr'>εἷς</span> 
     </span>
    </p>
   </div>
   <div class='ocr_carea' id='block_1_37' title="bbox 428 2178 2086 2259">
    <p class='ocr_par' dir='ltr' id='par_1_37' title="bbox 428 2178 2086 2259">
     <span class='ocr_line' id='line_1_37' title="bbox 428 2178 2086 2259; baseline -0.004 -17"><span class='ocrx_word' id='word_1_257' title='bbox 428 2188 581 2259; x_wconf 75' lang='grc' dir='ltr'>ἡμᾶς</span> <span class='ocrx_word' id='word_1_258' title='bbox 610 2183 700 2240; x_wconf 76' lang='grc' dir='ltr'>καί</span> <span class='ocrx_word' id='word_1_259' title='bbox 730 2182 931 2241; x_wconf 83' lang='grc' dir='ltr'>δούλου</span> <span class='ocrx_word' id='word_1_260' title='bbox 975 2184 1190 2259; x_wconf 74' lang='grc' dir='ltr'>μορφὴν</span> <span class='ocrx_word' id='word_1_261' title='bbox 1240 2178 1542 2253; x_wconf 65' lang='grc' dir='ltr'>ἀνεδέξατο⁸</span> <span class='ocrx_word' id='word_1_262' title='bbox 1595 2182 1655 2244; x_wconf 81' lang='grc' dir='ltr'>ὃς</span> <span class='ocrx_word' id='word_1_263' title='bbox 1700 2181 1901 2252; x_wconf 82' lang='grc' dir='ltr'>ἀνῆλθε</span> <span class='ocrx_word' id='word_1_264' title='bbox 1951 2182 2086 2255; x_wconf 79' lang='grc' dir='ltr'>μετὰ</span> 
     </span>
    </p>
   </div>
   <div class='ocr_carea' id='block_1_38' title="bbox 426 2269 2084 2349">
    <p class='ocr_par' dir='ltr' id='par_1_38' title="bbox 426 2269 2084 2349">
     <span class='ocr_line' id='line_1_38' title="bbox 426 2269 2084 2349; baseline -0.003 -19"><span class='ocrx_word' id='word_1_265' title='bbox 426 2275 684 2349; x_wconf 86' lang='grc' dir='ltr'>σώματος</span> <span class='ocrx_word' id='word_1_266' title='bbox 754 2272 919 2329; x_wconf 71' lang='grc' dir='ltr'>πάλιν</span> <span class='ocrx_word' id='word_1_267' title='bbox 998 2273 1076 2335; x_wconf 82' lang='grc' dir='ltr'>εἷς</span> <span class='ocrx_word' id='word_1_268' title='bbox 1142 2270 1404 2348; x_wconf 79' lang='grc' dir='ltr'>οὐρανοὺς</span> <span class='ocrx_word' id='word_1_269' title='bbox 1481 2269 1879 2346; x_wconf 84' lang='grc' dir='ltr'>ὑπερκοσμίως,</span> <span class='ocrx_word' id='word_1_270' title='bbox 1938 2269 2084 2343; x_wconf 87' lang='grc' dir='ltr'>αὐτῷ</span> 
     </span>
    </p>
   </div>
   <div class='ocr_carea' id='block_1_39' title="bbox 425 2359 2081 2440">
    <p class='ocr_par' dir='ltr' id='par_1_39' title="bbox 425 2359 2081 2440">
     <span class='ocr_line' id='line_1_39' title="bbox 425 2359 2081 2440; baseline -0.002 -21"><span class='ocrx_word' id='word_1_271' title='bbox 425 2367 533 2419; x_wconf 85' lang='grc' dir='ltr'>τῶν</span> <span class='ocrx_word' id='word_1_272' title='bbox 588 2361 853 2440; x_wconf 76' lang='grc' dir='ltr'>οὐρανίων</span> <span class='ocrx_word' id='word_1_273' title='bbox 905 2359 1097 2418; x_wconf 79' lang='grc' dir='ltr'>πυλῶν</span> <span class='ocrx_word' id='word_1_274' title='bbox 1158 2360 1593 2437; x_wconf 82' lang='grc' dir='ltr'>διανοιχθεισῶν.</span> <span class='ocrx_word' id='word_1_275' title='bbox 1645 2362 1702 2414; x_wconf 89' lang='grc' dir='ltr'>Ὁ</span> <span class='ocrx_word' id='word_1_276' title='bbox 1748 2364 1879 2436; x_wconf 87' lang='grc' dir='ltr'>γοῦν</span> <span class='ocrx_word' id='word_1_277' title='bbox 1921 2381 2081 2416; x_wconf 85' lang='grc' dir='ltr'>κεκο-</span> 
     </span>
    </p>
   </div>
   <div class='ocr_carea' id='block_1_40' title="bbox 426 2447 2085 2535">
    <p class='ocr_par' dir='ltr' id='par_1_40' title="bbox 426 2447 2085 2535">
     <span class='ocr_line' id='line_1_40' title="bbox 426 2447 2085 2535; baseline -0.004 -26"><span class='ocrx_word' id='word_1_278' title='bbox 426 2453 712 2535; x_wconf 85' lang='grc' dir='ltr'>σμημένος</span> <span class='ocrx_word' id='word_1_279' title='bbox 746 2453 849 2508; x_wconf 79' lang='grc' dir='ltr'>ὑπὸ</span> <span class='ocrx_word' id='word_1_280' title='bbox 878 2456 1112 2528; x_wconf 84' lang='grc' dir='ltr'>Χριστοῦ</span> <span class='ocrx_word' id='word_1_281' title='bbox 1154 2448 1408 2527; x_wconf 80' lang='grc' dir='ltr'>βασιλεὺς</span> <span class='ocrx_word' id='word_1_282' title='bbox 1439 2450 1531 2504; x_wconf 89' lang='grc' dir='ltr'>καὶ</span> <span class='ocrx_word' id='word_1_283' title='bbox 1573 2447 1663 2505; x_wconf 81' lang='grc' dir='ltr'>διὰ</span> <span class='ocrx_word' id='word_1_284' title='bbox 1707 2454 1867 2505; x_wconf 91' lang='grc' dir='ltr'>τοῦτο</span> <span class='ocrx_word' id='word_1_285' title='bbox 1919 2461 2085 2514; x_wconf 87' lang='grc' dir='ltr'>θεοει-</span> 
     </span>
    </p>
   </div>
   <div class='ocr_carea' id='block_1_41' title="bbox 429 2533 2082 2614">
    <p class='ocr_par' dir='ltr' id='par_1_41' title="bbox 429 2533 2082 2614">
     <span class='ocr_line' id='line_1_41' title="bbox 429 2533 2082 2614; baseline -0.003 -17"><span class='ocrx_word' id='word_1_286' title='bbox 429 2533 710 2610; x_wconf 79' lang='grc' dir='ltr'>δέστατος,</span> <span class='ocrx_word' id='word_1_287' title='bbox 738 2533 815 2596; x_wconf 83' lang='grc' dir='ltr'>⁴ἐν</span> <span class='ocrx_word' id='word_1_288' title='bbox 868 2542 950 2604; x_wconf 80' lang='grc' dir='ltr'>οἷς</span> <span class='ocrx_word' id='word_1_289' title='bbox 1003 2541 1097 2613; x_wconf 75' lang='grc' dir='ltr'>μὲν</span> <span class='ocrx_word' id='word_1_290' title='bbox 1146 2539 1209 2594; x_wconf 88' lang='grc' dir='ltr'>τὸ</span> <span class='ocrx_word' id='word_1_291' title='bbox 1275 2536 1571 2614; x_wconf 85' lang='grc' dir='ltr'>ἀλλότριον</span> <span class='ocrx_word' id='word_1_292' title='bbox 1632 2535 1928 2594; x_wconf 84' lang='grc' dir='ltr'>ἆποδιώκει</span> <span class='ocrx_word' id='word_1_293' title='bbox 1991 2538 2082 2594; x_wconf 89' lang='grc' dir='ltr'>καὶ</span> 
     </span>
    </p>
   </div>
   <div class='ocr_carea' id='block_1_42' title="bbox 427 2622 2079 2704">
    <p class='ocr_par' dir='ltr' id='par_1_42' title="bbox 427 2622 2079 2704">
     <span class='ocr_line' id='line_1_42' title="bbox 427 2622 2079 2704; baseline -0.003 -18"><span class='ocrx_word' id='word_1_294' title='bbox 427 2629 603 2702; x_wconf 83' lang='grc' dir='ltr'>πάντη</span> <span class='ocrx_word' id='word_1_295' title='bbox 654 2629 923 2685; x_wconf 85' lang='grc' dir='ltr'>ἀνοίκειον</span> <span class='ocrx_word' id='word_1_296' title='bbox 993 2626 1142 2702; x_wconf 87' lang='grc' dir='ltr'>αὐτῷ</span> <span class='ocrx_word' id='word_1_297' title='bbox 1210 2627 1425 2704; x_wconf 81' lang='grc' dir='ltr'>αἶσχος,</span> <span class='ocrx_word' id='word_1_298' title='bbox 1493 2625 1740 2703; x_wconf 85' lang='grc' dir='ltr'>μεγάλην</span> <span class='ocrx_word' id='word_1_299' title='bbox 1804 2622 1919 2703; x_wconf 80' lang='grc' dir='ltr'>ἔχει</span> <span class='ocrx_word' id='word_1_300' title='bbox 1980 2628 2079 2697; x_wconf 75' lang='grc' dir='ltr'>τήν</span> 
     </span>
    </p>
   </div>
   <div class='ocr_carea' id='block_1_43' title="bbox 428 2713 2081 2798">
    <p class='ocr_par' dir='ltr' id='par_1_43' title="bbox 428 2713 2081 2798">
     <span class='ocr_line' id='line_1_43' title="bbox 428 2713 2081 2798; baseline -0.002 -24"><span class='ocrx_word' id='word_1_301' title='bbox 428 2717 788 2798; x_wconf 74' lang='grc' dir='ltr'>εὐφροσύνην·</span> <span class='ocrx_word' id='word_1_302' title='bbox 851 2716 903 2774; x_wconf 87' lang='grc' dir='ltr'>ἐν</span> <span class='ocrx_word' id='word_1_303' title='bbox 963 2718 1046 2780; x_wconf 78' lang='grc' dir='ltr'>οἷς</span> <span class='ocrx_word' id='word_1_304' title='bbox 1118 2715 1176 2772; x_wconf 79' lang='grc' dir='ltr'>δὲ</span> <span class='ocrx_word' id='word_1_305' title='bbox 1248 2716 1311 2771; x_wconf 87' lang='grc' dir='ltr'>τὸ</span> <span class='ocrx_word' id='word_1_306' title='bbox 1393 2714 1675 2792; x_wconf 85' lang='grc' dir='ltr'>βασιλικὸν</span> <span class='ocrx_word' id='word_1_307' title='bbox 1753 2713 2081 2771; x_wconf 78' lang='grc' dir='ltr'>ἐνδείκνυται</span> 
     </span>
    </p>
   </div>
   <div class='ocr_carea' id='block_1_44' title="bbox 427 2798 2081 2884">
    <p class='ocr_par' dir='ltr' id='par_1_44' title="bbox 427 2798 2081 2884">
     <span class='ocr_line' id='line_1_44' title="bbox 427 2798 2081 2884; baseline -0.003 -20"><span class='ocrx_word' id='word_1_308' title='bbox 427 2805 659 2876; x_wconf 80' lang='grc' dir='ltr'>κάλλος,</span> <span class='ocrx_word' id='word_1_309' title='bbox 690 2812 870 2884; x_wconf 78' lang='grc' dir='ltr'>χαρᾶς</span> <span class='ocrx_word' id='word_1_310' title='bbox 902 2804 1212 2884; x_wconf 87' lang='grc' dir='ltr'>πληροῦται</span> <span class='ocrx_word' id='word_1_311' title='bbox 1252 2803 1343 2861; x_wconf 79' lang='grc' dir='ltr'>καί</span> <span class='ocrx_word' id='word_1_312' title='bbox 1391 2803 1617 2875; x_wconf 79' lang='grc' dir='ltr'>ἡδονῆς.</span> <span class='ocrx_word' id='word_1_313' title='bbox 1650 2798 1909 2860; x_wconf 77' lang='grc' dir='ltr'>Γινώσκω</span> <span class='ocrx_word' id='word_1_314' title='bbox 1955 2810 2081 2860; x_wconf 87' lang='grc' dir='ltr'>τοῦ·</span> 
     </span>
    </p>
   </div>
   <div class='ocr_carea' id='block_1_45' title="bbox 2190 1910 3840 1987">
    <p class='ocr_par' dir='ltr' id='par_1_45' title="bbox 2190 1910 3840 1987">
     <span class='ocr_line' id='line_1_45' title="bbox 2190 1910 3840 1987; baseline -0.002 -19"><span class='ocrx_word' id='word_1_315' title='bbox 2190 1914 2438 1986; x_wconf 88' lang='lat' dir='ltr'>ideoque</span> <span class='ocrx_word' id='word_1_316' title='bbox 2470 1931 2703 1972; x_wconf 90' lang='lat' dir='ltr'>summe</span> <span class='ocrx_word' id='word_1_317' title='bbox 2731 1915 3097 1972; x_wconf 90' lang='lat' dir='ltr'>venerandus</span> <span class='ocrx_word' id='word_1_318' title='bbox 3135 1918 3246 1980; x_wconf 87' lang='lat' dir='ltr'>est,</span> <span class='ocrx_word' id='word_1_319' title='bbox 3278 1916 3568 1987; x_wconf 88' lang='lat' dir='ltr'>quatenus</span> <span class='ocrx_word' id='word_1_320' title='bbox 3600 1910 3840 1984; x_wconf 88' lang='lat' dir='ltr'>quidem</span> 
     </span>
    </p>
   </div>
   <div class='ocr_carea' id='block_1_46' title="bbox 2193 2000 3842 2076">
    <p class='ocr_par' dir='ltr' id='par_1_46' title="bbox 2193 2000 3842 2076">
     <span class='ocr_line' id='line_1_46' title="bbox 2193 2000 3842 2076; baseline -0.002 -18"><span class='ocrx_word' id='word_1_321' title='bbox 2193 2004 2624 2076; x_wconf 87' lang='lat' dir='ltr'>turpitudinem</span> <span class='ocrx_word' id='word_1_322' title='bbox 2656 2005 2798 2060; x_wconf 87' lang='lat' dir='ltr'>vitat</span> <span class='ocrx_word' id='word_1_323' title='bbox 2845 2022 2973 2076; x_wconf 82' lang='lat' dir='ltr'>quae</span> <span class='ocrx_word' id='word_1_324' title='bbox 3014 2004 3087 2059; x_wconf 88' lang='lat' dir='ltr'>ab</span> <span class='ocrx_word' id='word_1_325' title='bbox 3136 2005 3264 2075; x_wconf 88' lang='lat' dir='ltr'>ejus</span> <span class='ocrx_word' id='word_1_326' title='bbox 3308 2018 3559 2076; x_wconf 87' lang='lat' dir='ltr'>persona</span> <span class='ocrx_word' id='word_1_327' title='bbox 3588 2000 3842 2057; x_wconf 83' lang='lat' dir='ltr'>maxime</span> 
     </span>
    </p>
   </div>
   <div class='ocr_carea' id='block_1_47' title="bbox 2196 2092 3840 2167">
    <p class='ocr_par' dir='ltr' id='par_1_47' title="bbox 2196 2092 3840 2167">
     <span class='ocr_line' id='line_1_47' title="bbox 2196 2092 3840 2167; baseline -0.002 -19"><span class='ocrx_word' id='word_1_328' title='bbox 2196 2092 2492 2161; x_wconf 88' lang='lat' dir='ltr'>abhorret,</span> <span class='ocrx_word' id='word_1_329' title='bbox 2523 2094 2748 2167; x_wconf 90' lang='lat' dir='ltr'>ingenti</span> <span class='ocrx_word' id='word_1_330' title='bbox 2784 2094 3077 2150; x_wconf 89' lang='lat' dir='ltr'>hilaritate</span> <span class='ocrx_word' id='word_1_331' title='bbox 3106 2093 3516 2167; x_wconf 81' lang='lat' dir='ltr'>perfunditur;</span> <span class='ocrx_word' id='word_1_332' title='bbox 3551 2094 3840 2164; x_wconf 86' lang='lat' dir='ltr'>quatenus</span> 
     </span>
    </p>
   </div>
   <div class='ocr_carea' id='block_1_48' title="bbox 2194 2181 3841 2257">
    <p class='ocr_par' dir='ltr' id='par_1_48' title="bbox 2194 2181 3841 2257">
     <span class='ocr_line' id='line_1_48' title="bbox 2194 2181 3841 2257; baseline -0.002 -19"><span class='ocrx_word' id='word_1_333' title='bbox 2194 2191 2390 2239; x_wconf 88' lang='lat' dir='ltr'>autem</span> <span class='ocrx_word' id='word_1_334' title='bbox 2443 2184 2671 2257; x_wconf 90' lang='lat' dir='ltr'>regium</span> <span class='ocrx_word' id='word_1_335' title='bbox 2722 2185 2901 2239; x_wconf 90' lang='lat' dir='ltr'>decus</span> <span class='ocrx_word' id='word_1_336' title='bbox 2948 2186 3222 2251; x_wconf 86' lang='lat' dir='ltr'>ostentat,</span> <span class='ocrx_word' id='word_1_337' title='bbox 3264 2181 3582 2239; x_wconf 83' lang='lat' dir='ltr'>maximam</span> <span class='ocrx_word' id='word_1_338' title='bbox 3633 2195 3841 2236; x_wconf 88' lang='lat' dir='ltr'>rursus</span> 
     </span>
    </p>
   </div>
   <div class='ocr_carea' id='block_1_49' title="bbox 2193 2272 3839 2345">
    <p class='ocr_par' dir='ltr' id='par_1_49' title="bbox 2193 2272 3839 2345">
     <span class='ocr_line' id='line_1_49' title="bbox 2193 2272 3839 2345; baseline -0.003 -17"><span class='ocrx_word' id='word_1_339' title='bbox 2193 2272 2436 2345; x_wconf 81' lang='lat' dir='ltr'>percipit</span> <span class='ocrx_word' id='word_1_340' title='bbox 2468 2272 2848 2345; x_wconf 91' lang='lat' dir='ltr'>voluptatem.</span> <span class='ocrx_word' id='word_1_341' title='bbox 2884 2276 3003 2329; x_wconf 90' lang='lat' dir='ltr'>Hoc</span> <span class='ocrx_word' id='word_1_342' title='bbox 3033 2288 3138 2345; x_wconf 85' lang='lat' dir='ltr'>ego</span> <span class='ocrx_word' id='word_1_343' title='bbox 3178 2272 3445 2345; x_wconf 91' lang='lat' dir='ltr'>apprime</span> <span class='ocrx_word' id='word_1_344' title='bbox 3473 2273 3839 2343; x_wconf 91' lang='lat' dir='ltr'>compertum</span> 
     </span>
    </p>
   </div>
   <div class='ocr_carea' id='block_1_50' title="bbox 2193 2358 3845 2435">
    <p class='ocr_par' dir='ltr' id='par_1_50' title="bbox 2193 2358 3845 2435">
     <span class='ocr_line' id='line_1_50' title="bbox 2193 2358 3845 2435; baseline -0.002 -18"><span class='ocrx_word' id='word_1_345' title='bbox 2193 2360 2379 2418; x_wconf 89' lang='lat' dir='ltr'>babeo</span> <span class='ocrx_word' id='word_1_346' title='bbox 2410 2362 2769 2435; x_wconf 82' lang='lat' dir='ltr'>experientia</span> <span class='ocrx_word' id='word_1_347' title='bbox 2797 2362 2927 2418; x_wconf 74' lang='lat' dir='ltr'>vitae</span> <span class='ocrx_word' id='word_1_348' title='bbox 2957 2379 3023 2419; x_wconf 89' lang='lat' dir='ltr'>ac</span> <span class='ocrx_word' id='word_1_349' title='bbox 3056 2362 3448 2433; x_wconf 88' lang='lat' dir='ltr'>negotiorum.</span> <span class='ocrx_word' id='word_1_350' title='bbox 3480 2361 3616 2424; x_wconf 83' lang='lat' dir='ltr'>Rex,</span> <span class='ocrx_word' id='word_1_351' title='bbox 3660 2359 3710 2416; x_wconf 90' lang='lat' dir='ltr'>si</span> <span class='ocrx_word' id='word_1_352' title='bbox 3762 2358 3845 2414; x_wconf 89' lang='lat' dir='ltr'>ita</span> 
     </span>
    </p>
   </div>
   <div class='ocr_carea' id='block_1_51' title="bbox 2192 2448 3843 2524">
    <p class='ocr_par' dir='ltr' id='par_1_51' title="bbox 2192 2448 3843 2524">
     <span class='ocr_line' id='line_1_51' title="bbox 2192 2448 3843 2524; baseline -0.002 -16"><span class='ocrx_word' id='word_1_353' title='bbox 2192 2468 2256 2508; x_wconf 89' lang='lat' dir='ltr'>se</span> <span class='ocrx_word' id='word_1_354' title='bbox 2298 2453 2531 2518; x_wconf 84' lang='lat' dir='ltr'>habeat,</span> <span class='ocrx_word' id='word_1_355' title='bbox 2566 2453 2760 2509; x_wconf 90' lang='lat' dir='ltr'>omnis</span> <span class='ocrx_word' id='word_1_356' title='bbox 2802 2451 3124 2508; x_wconf 88' lang='lat' dir='ltr'>honestatis</span> <span class='ocrx_word' id='word_1_357' title='bbox 3155 2451 3360 2524; x_wconf 87' lang='lat' dir='ltr'>regula</span> <span class='ocrx_word' id='word_1_358' title='bbox 3388 2448 3843 2522; x_wconf 87' lang='lat' dir='ltr'>exemplumque</span> 
     </span>
    </p>
   </div>
   <div class='ocr_carea' id='block_1_52' title="bbox 2192 2538 3841 2615">
    <p class='ocr_par' dir='ltr' id='par_1_52' title="bbox 2192 2538 3841 2615">
     <span class='ocr_line' id='line_1_52' title="bbox 2192 2538 3841 2615; baseline -0.002 -18"><span class='ocrx_word' id='word_1_359' title='bbox 2192 2542 2282 2608; x_wconf 85' lang='lat' dir='ltr'>fit,</span> <span class='ocrx_word' id='word_1_360' title='bbox 2312 2541 2721 2615; x_wconf 90' lang='lat' dir='ltr'>celebratoque</span> <span class='ocrx_word' id='word_1_361' title='bbox 2772 2541 2872 2597; x_wconf 91' lang='lat' dir='ltr'>illo</span> <span class='ocrx_word' id='word_1_362' title='bbox 2921 2540 3210 2614; x_wconf 84' lang='lat' dir='ltr'>Polycleto</span> <span class='ocrx_word' id='word_1_363' title='bbox 3259 2538 3624 2612; x_wconf 86' lang='lat' dir='ltr'>splendidior</span> <span class='ocrx_word' id='word_1_364' title='bbox 3672 2554 3841 2594; x_wconf 89' lang='lat' dir='ltr'>coru-</span> 
     </span>
    </p>
   </div>
   <div class='ocr_carea' id='block_1_53' title="bbox 2192 2626 3841 2704">
    <p class='ocr_par' dir='ltr' id='par_1_53' title="bbox 2192 2626 3841 2704">
     <span class='ocr_line' id='line_1_53' title="bbox 2192 2626 3841 2704; baseline -0.002 -18"><span class='ocrx_word' id='word_1_365' title='bbox 2192 2634 2336 2698; x_wconf 91' lang='lat' dir='ltr'>scat,</span> <span class='ocrx_word' id='word_1_366' title='bbox 2368 2630 2706 2704; x_wconf 90' lang='lat' dir='ltr'>duplicique</span> <span class='ocrx_word' id='word_1_367' title='bbox 2735 2631 2948 2703; x_wconf 86' lang='lat' dir='ltr'>gaudio</span> <span class='ocrx_word' id='word_1_368' title='bbox 2980 2629 3356 2696; x_wconf 90' lang='lat' dir='ltr'>distenditur,</span> <span class='ocrx_word' id='word_1_369' title='bbox 3388 2634 3515 2685; x_wconf 90' lang='lat' dir='ltr'>tum</span> <span class='ocrx_word' id='word_1_370' title='bbox 3562 2628 3704 2701; x_wconf 90' lang='lat' dir='ltr'>quia</span> <span class='ocrx_word' id='word_1_371' title='bbox 3736 2626 3841 2683; x_wconf 93' lang='lat' dir='ltr'>ho-</span> 
     </span>
    </p>
   </div>
   <div class='ocr_carea' id='block_1_54' title="bbox 2192 2716 3843 2791">
    <p class='ocr_par' dir='ltr' id='par_1_54' title="bbox 2192 2716 3843 2791">
     <span class='ocr_line' id='line_1_54' title="bbox 2192 2716 3843 2791; baseline -0.001 -17"><span class='ocrx_word' id='word_1_372' title='bbox 2192 2722 2479 2775; x_wconf 89' lang='lat' dir='ltr'>nestatem</span> <span class='ocrx_word' id='word_1_373' title='bbox 2509 2719 2772 2776; x_wconf 89' lang='lat' dir='ltr'>studiose</span> <span class='ocrx_word' id='word_1_374' title='bbox 2803 2723 3079 2790; x_wconf 84' lang='lat' dir='ltr'>sectatur,</span> <span class='ocrx_word' id='word_1_375' title='bbox 3111 2722 3238 2773; x_wconf 91' lang='lat' dir='ltr'>tum</span> <span class='ocrx_word' id='word_1_376' title='bbox 3270 2718 3409 2791; x_wconf 92' lang='lat' dir='ltr'>quia</span> <span class='ocrx_word' id='word_1_377' title='bbox 3445 2716 3658 2774; x_wconf 90' lang='lat' dir='ltr'>vitium</span> <span class='ocrx_word' id='word_1_378' title='bbox 3705 2716 3843 2772; x_wconf 92' lang='lat' dir='ltr'>huic</span> 
     </span>
    </p>
   </div>
   <div class='ocr_carea' id='block_1_55' title="bbox 2192 2806 3194 2880">
    <p class='ocr_par' dir='ltr' id='par_1_55' title="bbox 2192 2806 3194 2880">
     <span class='ocr_line' id='line_1_55' title="bbox 2192 2806 3194 2880; baseline 0.001 -17"><span class='ocrx_word' id='word_1_379' title='bbox 2192 2806 2551 2863; x_wconf 89' lang='lat' dir='ltr'>contrarium</span> <span class='ocrx_word' id='word_1_380' title='bbox 2580 2808 2703 2864; x_wconf 89' lang='lat' dir='ltr'>odit</span> <span class='ocrx_word' id='word_1_381' title='bbox 2741 2811 2918 2880; x_wconf 89' lang='lat' dir='ltr'>atque</span> <span class='ocrx_word' id='word_1_382' title='bbox 2947 2807 3194 2880; x_wconf 80' lang='lat' dir='ltr'>repellit.</span> 
     </span>
    </p>
   </div>
   <div class='ocr_carea' id='block_1_56' title="bbox 427 2892 3843 2973">
    <p class='ocr_par' dir='ltr' id='par_1_56' title="bbox 427 2892 3843 2973">
     <span class='ocr_line' id='line_1_56' title="bbox 427 2892 3843 2973; baseline -0.002 -19"><span class='ocrx_word' id='word_1_383' title='bbox 427 2919 491 2954; x_wconf 92' lang='grc' dir='ltr'>το</span> <span class='ocrx_word' id='word_1_384' title='bbox 559 2896 669 2973; x_wconf 85' lang='grc' dir='ltr'>ἐγὼ</span> <span class='ocrx_word' id='word_1_385' title='bbox 735 2892 974 2973; x_wconf 77' lang='grc' dir='ltr'>ἀκριϐῶς</span> <span class='ocrx_word' id='word_1_386' title='bbox 1044 2895 1095 2966; x_wconf 81' lang='grc' dir='ltr'>ἐξ</span> <span class='ocrx_word' id='word_1_387' title='bbox 1144 2894 1312 2964; x_wconf 90' lang='grc' dir='ltr'>αὐτῆς</span> <span class='ocrx_word' id='word_1_388' title='bbox 1359 2898 1459 2964; x_wconf 76' lang='grc' dir='ltr'>τῆς</span> <span class='ocrx_word' id='word_1_389' title='bbox 1510 2893 1698 2969; x_wconf 88' lang='grc' dir='ltr'>πείρας</span> <span class='ocrx_word' id='word_1_390' title='bbox 1743 2894 1832 2949; x_wconf 86' lang='grc' dir='ltr'>καὶ</span> <span class='ocrx_word' id='word_1_391' title='bbox 1877 2898 1984 2949; x_wconf 84' lang='grc' dir='ltr'>τῶν</span> <span class='ocrx_word' id='word_1_392' title='bbox 2034 2895 2391 2970; x_wconf 82' lang='grc' dir='ltr'>πραγμάτων.</span> <span class='ocrx_word' id='word_1_393' title='bbox 2442 2894 2597 2950; x_wconf 77' lang='grc' dir='ltr'>Οὕτω</span> <span class='ocrx_word' id='word_1_394' title='bbox 2643 2897 2690 2950; x_wconf 87' lang='grc' dir='ltr'>θ’</span> <span class='ocrx_word' id='word_1_395' title='bbox 2738 2892 2881 2972; x_wconf 75' lang='grc' dir='ltr'>ἔχων</span> <span class='ocrx_word' id='word_1_396' title='bbox 2928 2896 2956 2951; x_wconf 87' lang='grc' dir='ltr'><strong>ὁ</strong></span> <span class='ocrx_word' id='word_1_397' title='bbox 3015 2894 3288 2971; x_wconf 74' lang='grc' dir='ltr'>βασιλεὺς,</span> <span class='ocrx_word' id='word_1_398' title='bbox 3338 2894 3514 2950; x_wconf 87' lang='grc' dir='ltr'>κανών</span> <span class='ocrx_word' id='word_1_399' title='bbox 3582 2893 3693 2949; x_wconf 86' lang='grc' dir='ltr'>ἐστι</span> <span class='ocrx_word' id='word_1_400' title='bbox 3753 2894 3843 2948; x_wconf 83' lang='grc' dir='ltr'>καὶ</span> 
     </span>
    </p>
   </div>
   <div class='ocr_carea' id='block_1_57' title="bbox 433 2980 3845 3062">
    <p class='ocr_par' dir='ltr' id='par_1_57' title="bbox 433 2980 3845 3062">
     <span class='ocr_line' id='line_1_57' title="bbox 433 2980 3845 3062; baseline -0.001 -20"><span class='ocrx_word' id='word_1_401' title='bbox 433 2984 738 3061; x_wconf 81' lang='grc' dir='ltr'>ὑπόδειγμα</span> <span class='ocrx_word' id='word_1_402' title='bbox 766 2984 969 3048; x_wconf 86' lang='grc' dir='ltr'>παντὸς</span> <span class='ocrx_word' id='word_1_403' title='bbox 999 2984 1219 3062; x_wconf 81' lang='grc' dir='ltr'>ἀγαθοῦ,</span> <span class='ocrx_word' id='word_1_404' title='bbox 1251 2984 1341 3039; x_wconf 79' lang='grc' dir='ltr'>ναὶ</span> <span class='ocrx_word' id='word_1_405' title='bbox 1382 2980 1674 3057; x_wconf 90' lang='grc' dir='ltr'>διαλόμπει</span> <span class='ocrx_word' id='word_1_406' title='bbox 1727 2980 2076 3062; x_wconf 84' lang='grc' dir='ltr'>φαιδρότερον</span> <span class='ocrx_word' id='word_1_407' title='bbox 2120 2987 2218 3039; x_wconf 89' lang='grc' dir='ltr'>τοῦ</span> <span class='ocrx_word' id='word_1_408' title='bbox 2267 2981 2666 3061; x_wconf 80' lang='grc' dir='ltr'>περιᾳδομένου</span> <span class='ocrx_word' id='word_1_409' title='bbox 2714 2982 3088 3040; x_wconf 84' lang='grc' dir='ltr'>Πολυκλείτου</span> <span class='ocrx_word' id='word_1_410' title='bbox 3119 2985 3231 3058; x_wconf 85' lang='grc'>(35)</span> <span class='ocrx_word' id='word_1_411' title='bbox 3288 2982 3514 3039; x_wconf 85' lang='grc' dir='ltr'>ἐκείνου·</span> <span class='ocrx_word' id='word_1_412' title='bbox 3561 2983 3651 3038; x_wconf 86' lang='grc' dir='ltr'>καὶ</span> <span class='ocrx_word' id='word_1_413' title='bbox 3707 2984 3845 3037; x_wconf 78' lang='grc' dir='ltr'>κατὰ</span> 
     </span>
    </p>
   </div>
   <div class='ocr_carea' id='block_1_58' title="bbox 434 3069 3839 3153">
    <p class='ocr_par' dir='ltr' id='par_1_58' title="bbox 434 3069 3839 3153">
     <span class='ocr_line' id='line_1_58' title="bbox 434 3069 3839 3153; baseline -0.001 -23"><span class='ocrx_word' id='word_1_414' title='bbox 434 3071 531 3131; x_wconf 77' lang='grc' dir='ltr'>δύο</span> <span class='ocrx_word' id='word_1_415' title='bbox 586 3070 824 3151; x_wconf 79' lang='grc' dir='ltr'>τρόπους</span> <span class='ocrx_word' id='word_1_416' title='bbox 880 3072 1242 3153; x_wconf 81' lang='grc' dir='ltr'>εὐφραίνεται,</span> <span class='ocrx_word' id='word_1_417' title='bbox 1276 3069 1327 3129; x_wconf 77' lang='grc' dir='ltr'>ἔν</span> <span class='ocrx_word' id='word_1_418' title='bbox 1380 3093 1439 3128; x_wconf 92' lang='grc' dir='ltr'>τε</span> <span class='ocrx_word' id='word_1_419' title='bbox 1491 3070 1572 3145; x_wconf 83' lang='grc' dir='ltr'>τῷ</span> <span class='ocrx_word' id='word_1_420' title='bbox 1634 3072 1768 3146; x_wconf 77' lang='grc' dir='ltr'>μετὰ</span> <span class='ocrx_word' id='word_1_421' title='bbox 1822 3069 2067 3142; x_wconf 83' lang='grc' dir='ltr'>σπουδῆς</span> <span class='ocrx_word' id='word_1_422' title='bbox 2123 3072 2189 3126; x_wconf 76' lang='grc' dir='ltr'>τὰ</span> <span class='ocrx_word' id='word_1_423' title='bbox 2243 3070 2387 3128; x_wconf 80' lang='grc' dir='ltr'>καλὰ</span> <span class='ocrx_word' id='word_1_424' title='bbox 2442 3069 2883 3149; x_wconf 74' lang='grc' dir='ltr'>διαπράττεσθαι,</span> <span class='ocrx_word' id='word_1_425' title='bbox 2911 3072 3000 3127; x_wconf 83' lang='grc' dir='ltr'>καὶ</span> <span class='ocrx_word' id='word_1_426' title='bbox 3048 3072 3116 3128; x_wconf 78' lang='grc' dir='ltr'>τὰ</span> <span class='ocrx_word' id='word_1_427' title='bbox 3160 3071 3366 3128; x_wconf 80' lang='grc' dir='ltr'>ἐναντία</span> <span class='ocrx_word' id='word_1_428' title='bbox 3413 3071 3627 3133; x_wconf 78' lang='grc' dir='ltr'>τούτοις</span> <span class='ocrx_word' id='word_1_429' title='bbox 3663 3077 3839 3145; x_wconf 77' lang='grc' dir='ltr'>μισεῖν</span> 
     </span>
    </p>
   </div>
   <div class='ocr_carea' id='block_1_59' title="bbox 431 3161 1490 3235">
    <p class='ocr_par' dir='ltr' id='par_1_59' title="bbox 431 3161 1490 3235">
     <span class='ocr_line' id='line_1_59' title="bbox 431 3161 1490 3235; baseline -0.001 -14"><span class='ocrx_word' id='word_1_430' title='bbox 431 3165 525 3221; x_wconf 84' lang='grc' dir='ltr'>καὶ</span> <span class='ocrx_word' id='word_1_431' title='bbox 554 3161 882 3220; x_wconf 82' lang='grc' dir='ltr'>ἆποδιώκειν</span> <span class='ocrx_word' id='word_1_432' title='bbox 913 3164 988 3226; x_wconf 87' lang='grc' dir='ltr'>ὡς</span> <span class='ocrx_word' id='word_1_433' title='bbox 1019 3162 1262 3219; x_wconf 86' lang='grc' dir='ltr'>ἀνοίκεια</span> <span class='ocrx_word' id='word_1_434' title='bbox 1289 3162 1490 3235; x_wconf 80' lang='grc' dir='ltr'>τούτῳ.</span> 
     </span>
    </p>
   </div>
   <div class='ocr_carea' id='block_1_60' title="bbox 503 3248 2082 3330">
    <p class='ocr_par' dir='ltr' id='par_1_60' title="bbox 503 3248 2082 3330">
     <span class='ocr_line' id='line_1_60' title="bbox 503 3248 2082 3330; baseline -0.001 -22"><span class='ocrx_word' id='word_1_435' title='bbox 503 3254 573 3308; x_wconf 87' lang='lat' dir='ltr'>Z&#39;.</span> <span class='ocrx_word' id='word_1_436' title='bbox 607 3257 698 3309; x_wconf 86' lang='grc' dir='ltr'>Δεῖ</span> <span class='ocrx_word' id='word_1_437' title='bbox 726 3250 785 3309; x_wconf 74' lang='grc' dir='ltr'>δὲ</span> <span class='ocrx_word' id='word_1_438' title='bbox 813 3254 951 3330; x_wconf 85' lang='grc' dir='ltr'>πρὸς</span> <span class='ocrx_word' id='word_1_439' title='bbox 980 3252 1195 3314; x_wconf 75' lang='grc' dir='ltr'>τούτοις</span> <span class='ocrx_word' id='word_1_440' title='bbox 1238 3253 1330 3307; x_wconf 87' lang='grc' dir='ltr'>τὸν</span> <span class='ocrx_word' id='word_1_441' title='bbox 1384 3250 1611 3327; x_wconf 82' lang='grc' dir='ltr'>βασιλέα</span> <span class='ocrx_word' id='word_1_442' title='bbox 1650 3251 1739 3306; x_wconf 85' lang='grc' dir='ltr'>καὶ</span> <span class='ocrx_word' id='word_1_443' title='bbox 1789 3248 2082 3307; x_wconf 86' lang='grc' dir='ltr'>σπουδαῖον</span> 
     </span>
    </p>
   </div>
   <div class='ocr_carea' id='block_1_61' title="bbox 2193 3248 3847 3330">
    <p class='ocr_par' dir='ltr' id='par_1_61' title="bbox 2265 3254 3847 3326">
     <span class='ocr_line' id='line_1_61' title="bbox 2265 3254 3847 3326; baseline -0.003 -15"><span class='ocrx_word' id='word_1_444' title='bbox 2265 3254 2382 3311; x_wconf 89' lang='lat' dir='ltr'>VII.</span> <span class='ocrx_word' id='word_1_445' title='bbox 2410 3255 2525 3310; x_wconf 77' lang='lat' dir='ltr'>Rea:</span> <span class='ocrx_word' id='word_1_446' title='bbox 2546 3255 2620 3310; x_wconf 78' lang='lat' dir='ltr'>sit</span> <span class='ocrx_word' id='word_1_447' title='bbox 2650 3262 2904 3310; x_wconf 77' lang='lat' dir='ltr'>actuosus</span> <span class='ocrx_word' id='word_1_448' title='bbox 2932 3258 2986 3310; x_wconf 81' lang='lat' dir='ltr'>et</span> <span class='ocrx_word' id='word_1_449' title='bbox 3015 3271 3206 3310; x_wconf 76' lang='lat' dir='ltr'>verax.</span> <span class='ocrx_word' id='word_1_450' title='bbox 3241 3285 3308 3296; x_wconf 91' lang='lat'><em>-</em></span> <span class='ocrx_word' id='word_1_451' title='bbox 3339 3259 3588 3325; x_wconf 88' lang='lat' dir='ltr'>Insuper</span> <span class='ocrx_word' id='word_1_452' title='bbox 3615 3255 3847 3326; x_wconf 89' lang='lat' dir='ltr'>oportet</span> 
     </span>
    </p>
   </div>
   <div class='ocr_carea' id='block_1_62' title="bbox 435 3337 2084 3419">
    <p class='ocr_par' dir='ltr' id='par_1_62' title="bbox 435 3337 2084 3419">
     <span class='ocr_line' id='line_1_62' title="bbox 435 3337 2084 3419; baseline -0.001 -23"><span class='ocrx_word' id='word_1_453' title='bbox 435 3341 592 3397; x_wconf 82' lang='grc' dir='ltr'>εἶναι·</span> <span class='ocrx_word' id='word_1_454' title='bbox 626 3338 777 3396; x_wconf 77' lang='grc' dir='ltr'>οὐδὲν</span> <span class='ocrx_word' id='word_1_455' title='bbox 813 3341 918 3418; x_wconf 77' lang='grc' dir='ltr'>γὰρ</span> <span class='ocrx_word' id='word_1_456' title='bbox 949 3338 1092 3396; x_wconf 83' lang='grc' dir='ltr'>ἄλλο</span> <span class='ocrx_word' id='word_1_457' title='bbox 1125 3337 1265 3396; x_wconf 83' lang='grc' dir='ltr'>οἶδεν</span> <span class='ocrx_word' id='word_1_458' title='bbox 1298 3338 1601 3419; x_wconf 81' lang='grc' dir='ltr'>εὐφραίνειν</span> <span class='ocrx_word' id='word_1_459' title='bbox 1629 3339 1788 3395; x_wconf 89' lang='grc' dir='ltr'>αὐτὸν</span> <span class='ocrx_word' id='word_1_460' title='bbox 1821 3340 1898 3403; x_wconf 87' lang='grc' dir='ltr'>ὡς</span> <span class='ocrx_word' id='word_1_461' title='bbox 1938 3340 2001 3395; x_wconf 88' lang='grc' dir='ltr'>τὸ</span> <span class='ocrx_word' id='word_1_462' title='bbox 2032 3340 2084 3412; x_wconf 82' lang='grc' dir='ltr'>ἐξ</span> 
     </span>
    </p>
   </div>
   <div class='ocr_carea' id='block_1_63' title="bbox 429 3428 2084 3508">
    <p class='ocr_par' dir='ltr' id='par_1_63' title="bbox 429 3428 2084 3508">
     <span class='ocr_line' id='line_1_63' title="bbox 429 3428 2084 3508; baseline -0.002 -21"><span class='ocrx_word' id='word_1_463' title='bbox 429 3428 680 3508; x_wconf 73' lang='grc' dir='ltr'>ἱδρώτων</span> <span class='ocrx_word' id='word_1_464' title='bbox 722 3431 815 3486; x_wconf 87' lang='grc' dir='ltr'>καὶ</span> <span class='ocrx_word' id='word_1_465' title='bbox 863 3430 1045 3485; x_wconf 88' lang='grc' dir='ltr'>πόνων</span> <span class='ocrx_word' id='word_1_466' title='bbox 1095 3429 1244 3493; x_wconf 90' lang='grc' dir='ltr'>νίκας</span> <span class='ocrx_word' id='word_1_467' title='bbox 1293 3430 1384 3485; x_wconf 80' lang='grc' dir='ltr'>καὶ</span> <span class='ocrx_word' id='word_1_468' title='bbox 1431 3428 1701 3506; x_wconf 87' lang='grc' dir='ltr'>ἀριστείας</span> <span class='ocrx_word' id='word_1_469' title='bbox 1758 3433 1957 3500; x_wconf 87' lang='grc' dir='ltr'>ποιεῖν,</span> <span class='ocrx_word' id='word_1_470' title='bbox 1994 3428 2084 3484; x_wconf 83' lang='grc' dir='ltr'>καὶ</span> 
     </span>
    </p>
   </div>
   <div class='ocr_carea' id='block_1_64' title="bbox 425 3516 2085 3597">
    <p class='ocr_par' dir='ltr' id='par_1_64' title="bbox 425 3516 2085 3597">
     <span class='ocr_line' id='line_1_64' title="bbox 425 3516 2085 3597; baseline -0.002 -21"><span class='ocrx_word' id='word_1_471' title='bbox 425 3523 526 3591; x_wconf 73' lang='grc' dir='ltr'>τὴν</span> <span class='ocrx_word' id='word_1_472' title='bbox 579 3517 719 3576; x_wconf 80' lang='grc' dir='ltr'>ῗδίαν</span> <span class='ocrx_word' id='word_1_473' title='bbox 768 3519 1081 3591; x_wconf 82' lang='grc' dir='ltr'>ἐπαυξάνειν</span> <span class='ocrx_word' id='word_1_474' title='bbox 1129 3519 1333 3597; x_wconf 79' lang='grc' dir='ltr'>ἀρχήν·</span> <span class='ocrx_word' id='word_1_475' title='bbox 1383 3516 1531 3574; x_wconf 77' lang='grc' dir='ltr'>ἔσται</span> <span class='ocrx_word' id='word_1_476' title='bbox 1578 3516 1637 3573; x_wconf 75' lang='grc' dir='ltr'>δὲ</span> <span class='ocrx_word' id='word_1_477' title='bbox 1685 3517 1900 3580; x_wconf 89' lang='grc' dir='ltr'>πάντως</span> <span class='ocrx_word' id='word_1_478' title='bbox 1965 3539 2085 3573; x_wconf 89' lang='grc' dir='ltr'>τοι-</span> 
     </span>
    </p>
   </div>
   <div class='ocr_carea' id='block_1_65' title="bbox 426 3604 2084 3686">
    <p class='ocr_par' dir='ltr' id='par_1_65' title="bbox 426 3604 2084 3686">
     <span class='ocr_line' id='line_1_65' title="bbox 426 3604 2084 3686; baseline -0.003 -20"><span class='ocrx_word' id='word_1_479' title='bbox 426 3613 608 3681; x_wconf 89' lang='grc' dir='ltr'>οῦτος,</span> <span class='ocrx_word' id='word_1_480' title='bbox 664 3607 814 3686; x_wconf 77' lang='grc' dir='ltr'>εἷ’περ</span> <span class='ocrx_word' id='word_1_481' title='bbox 876 3608 986 3663; x_wconf 82' lang='grc' dir='ltr'>ἐστὶ</span> <span class='ocrx_word' id='word_1_482' title='bbox 1053 3608 1144 3664; x_wconf 84' lang='grc' dir='ltr'>καὶ</span> <span class='ocrx_word' id='word_1_483' title='bbox 1204 3608 1545 3684; x_wconf 86' lang='grc' dir='ltr'>καρτερικὸς,</span> <span class='ocrx_word' id='word_1_484' title='bbox 1588 3607 1677 3662; x_wconf 83' lang='grc' dir='ltr'>καὶ</span> <span class='ocrx_word' id='word_1_485' title='bbox 1725 3604 2084 3684; x_wconf 85' lang='grc' dir='ltr'>προσδέχεται</span> 
     </span>
    </p>
   </div>
   <div class='ocr_carea' id='block_1_66' title="bbox 425 3695 2084 3772">
    <p class='ocr_par' dir='ltr' id='par_1_66' title="bbox 425 3695 2084 3772">
     <span class='ocr_line' id='line_1_66' title="bbox 425 3695 2084 3772; baseline -0.001 -17"><span class='ocrx_word' id='word_1_486' title='bbox 425 3698 553 3762; x_wconf 76' lang='grc' dir='ltr'>τοὺς</span> <span class='ocrx_word' id='word_1_487' title='bbox 605 3697 658 3770; x_wconf 79' lang='grc' dir='ltr'>ἐξ</span> <span class='ocrx_word' id='word_1_488' title='bbox 689 3695 900 3760; x_wconf 77' lang='grc' dir='ltr'>εὐνοίας</span> <span class='ocrx_word' id='word_1_489' title='bbox 950 3698 1471 3772; x_wconf 77' lang='grc' dir='ltr'>ὑπομιμνήσκοντας</span> <span class='ocrx_word' id='word_1_490' title='bbox 1524 3696 1681 3753; x_wconf 88' lang='grc' dir='ltr'>αὐτόν</span> <span class='ocrx_word' id='word_1_491' title='bbox 1730 3718 1879 3759; x_wconf 91' lang='grc' dir='ltr'>τινος</span> <span class='ocrx_word' id='word_1_492' title='bbox 1926 3695 2084 3753; x_wconf 89' lang='grc' dir='ltr'>ἐλατ-</span> 
     </span>
    </p>
   </div>
   <div class='ocr_carea' id='block_1_67' title="bbox 424 3785 2083 3865">
    <p class='ocr_par' dir='ltr' id='par_1_67' title="bbox 424 3785 2083 3865">
     <span class='ocr_line' id='line_1_67' title="bbox 424 3785 2083 3865; baseline -0.002 -21"><span class='ocrx_word' id='word_1_493' title='bbox 424 3788 702 3862; x_wconf 87' lang='grc' dir='ltr'>τώματος·</span> <span class='ocrx_word' id='word_1_494' title='bbox 737 3785 851 3844; x_wconf 85' lang='grc' dir='ltr'>ἐπεὶ</span> <span class='ocrx_word' id='word_1_495' title='bbox 909 3786 999 3842; x_wconf 87' lang='grc' dir='ltr'>καὶ</span> <span class='ocrx_word' id='word_1_496' title='bbox 1054 3791 1163 3842; x_wconf 80' lang='grc' dir='ltr'>τῶν</span> <span class='ocrx_word' id='word_1_497' title='bbox 1223 3787 1524 3865; x_wconf 81' lang='grc' dir='ltr'>φαρμάκων</span> <span class='ocrx_word' id='word_1_498' title='bbox 1580 3786 1670 3842; x_wconf 85' lang='grc' dir='ltr'>καὶ</span> <span class='ocrx_word' id='word_1_499' title='bbox 1714 3785 2083 3863; x_wconf 89' lang='grc' dir='ltr'>βοηθημάτων</span> 
     </span>
    </p>
   </div>
   <div class='ocr_carea' id='block_1_68' title="bbox 427 3873 2089 3953">
    <p class='ocr_par' dir='ltr' id='par_1_68' title="bbox 427 3873 2089 3953">
     <span class='ocr_line' id='line_1_68' title="bbox 427 3873 2089 3953; baseline -0.002 -21"><span class='ocrx_word' id='word_1_500' title='bbox 427 3877 497 3932; x_wconf 78' lang='grc' dir='ltr'>τὰ</span> <span class='ocrx_word' id='word_1_501' title='bbox 545 3877 887 3953; x_wconf 78' lang='grc' dir='ltr'>καθαρτήρια</span> <span class='ocrx_word' id='word_1_502' title='bbox 942 3874 1156 3951; x_wconf 81' lang='grc' dir='ltr'>ἐπαχθῆ</span> <span class='ocrx_word' id='word_1_503' title='bbox 1229 3876 1323 3949; x_wconf 75' lang='grc' dir='ltr'>μὲν</span> <span class='ocrx_word' id='word_1_504' title='bbox 1404 3873 1623 3930; x_wconf 85' lang='grc' dir='ltr'>δοκοῦσι</span> <span class='ocrx_word' id='word_1_505' title='bbox 1696 3874 1787 3930; x_wconf 81' lang='grc' dir='ltr'>καὶ</span> <span class='ocrx_word' id='word_1_506' title='bbox 1863 3873 2089 3945; x_wconf 82' lang='grc' dir='ltr'>λυπηρὰ</span> 
     </span>
    </p>
   </div>
   <div class='ocr_carea' id='block_1_69' title="bbox 428 3958 2087 4041">
    <p class='ocr_par' dir='ltr' id='par_1_69' title="bbox 428 3958 2087 4041">
     <span class='ocr_line' id='line_1_69' title="bbox 428 3958 2087 4041; baseline -0.001 -22"><span class='ocrx_word' id='word_1_507' title='bbox 428 3966 567 4040; x_wconf 87' lang='grc' dir='ltr'>πρὸς</span> <span class='ocrx_word' id='word_1_508' title='bbox 606 3965 676 4021; x_wconf 75' lang='grc' dir='ltr'>τὰ</span> <span class='ocrx_word' id='word_1_509' title='bbox 721 3966 970 4039; x_wconf 84' lang='grc' dir='ltr'>σώματα·</span> <span class='ocrx_word' id='word_1_510' title='bbox 1014 3965 1113 4033; x_wconf 83' lang='grc' dir='ltr'>τήν</span> <span class='ocrx_word' id='word_1_511' title='bbox 1165 3961 1225 4019; x_wconf 84' lang='grc' dir='ltr'>δέ</span> <span class='ocrx_word' id='word_1_512' title='bbox 1271 3985 1333 4041; x_wconf 88' lang='grc' dir='ltr'>γε</span> <span class='ocrx_word' id='word_1_513' title='bbox 1383 3964 1668 4040; x_wconf 77' lang='grc' dir='ltr'>μοχθηρὰν</span> <span class='ocrx_word' id='word_1_514' title='bbox 1717 3958 2087 4039; x_wconf 75' lang='grc' dir='ltr'>προσλαμϐά-</span> 
     </span>
    </p>
   </div>
   <div class='ocr_carea' id='block_1_70' title="bbox 429 4052 2087 4130">
    <p class='ocr_par' dir='ltr' id='par_1_70' title="bbox 429 4052 2087 4130">
     <span class='ocr_line' id='line_1_70' title="bbox 429 4052 2087 4130; baseline -0.002 -20"><span class='ocrx_word' id='word_1_515' title='bbox 429 4075 587 4110; x_wconf 90' lang='grc' dir='ltr'>νοντα</span> <span class='ocrx_word' id='word_1_516' title='bbox 642 4052 805 4126; x_wconf 79' lang='grc' dir='ltr'>ὕλην,</span> <span class='ocrx_word' id='word_1_517' title='bbox 860 4053 1037 4130; x_wconf 81' lang='grc' dir='ltr'>ὑγείαν</span> <span class='ocrx_word' id='word_1_518' title='bbox 1097 4056 1411 4128; x_wconf 81' lang='grc' dir='ltr'>προξενοῦσι</span> <span class='ocrx_word' id='word_1_519' title='bbox 1476 4058 1592 4115; x_wconf 91' lang='grc' dir='ltr'>τοῖς</span> <span class='ocrx_word' id='word_1_520' title='bbox 1647 4053 1911 4126; x_wconf 86' lang='grc' dir='ltr'>σώμασιν·</span> <span class='ocrx_word' id='word_1_521' title='bbox 1969 4057 2087 4114; x_wconf 91' lang='grc' dir='ltr'>τοῖς</span> 
     </span>
    </p>
   </div>
   <div class='ocr_carea' id='block_1_71' title="bbox 435 4141 2085 4219">
    <p class='ocr_par' dir='ltr' id='par_1_71' title="bbox 435 4141 2085 4219">
     <span class='ocr_line' id='line_1_71' title="bbox 435 4141 2085 4219; baseline -0.002 -19"><span class='ocrx_word' id='word_1_522' title='bbox 435 4143 529 4217; x_wconf 75' lang='grc' dir='ltr'>μὲν</span> <span class='ocrx_word' id='word_1_523' title='bbox 584 4143 692 4199; x_wconf 82' lang='grc' dir='ltr'>ἀπὸ</span> <span class='ocrx_word' id='word_1_524' title='bbox 747 4142 910 4198; x_wconf 89' lang='grc' dir='ltr'>νόσου</span> <span class='ocrx_word' id='word_1_525' title='bbox 971 4144 1262 4219; x_wconf 84' lang='grc' dir='ltr'>βοηθοῦσιν</span> <span class='ocrx_word' id='word_1_526' title='bbox 1317 4141 1590 4197; x_wconf 84' lang='grc' dir='ltr'>ἀντίδοτοι</span> <span class='ocrx_word' id='word_1_527' title='bbox 1655 4141 1745 4197; x_wconf 86' lang='grc' dir='ltr'>καὶ</span> <span class='ocrx_word' id='word_1_528' title='bbox 1802 4144 2085 4218; x_wconf 88' lang='grc' dir='ltr'>καθάρσια,</span> 
     </span>
    </p>
   </div>
   <div class='ocr_carea' id='block_1_72' title="bbox 430 4229 2086 4310">
    <p class='ocr_par' dir='ltr' id='par_1_72' title="bbox 430 4229 2086 4310">
     <span class='ocr_line' id='line_1_72' title="bbox 430 4229 2086 4310; baseline -0.002 -22"><span class='ocrx_word' id='word_1_529' title='bbox 430 4230 516 4288; x_wconf 76' lang='grc' dir='ltr'>ἐὰν</span> <span class='ocrx_word' id='word_1_530' title='bbox 579 4233 738 4306; x_wconf 82' lang='grc' dir='ltr'>μόνον</span> <span class='ocrx_word' id='word_1_531' title='bbox 787 4230 1364 4310; x_wconf 84' lang='grc' dir='ltr'>παρασκευαζομένους</span> <span class='ocrx_word' id='word_1_532' title='bbox 1413 4230 1541 4293; x_wconf 78' lang='grc' dir='ltr'>τοὺς</span> <span class='ocrx_word' id='word_1_533' title='bbox 1613 4229 1833 4306; x_wconf 73' lang='grc' dir='ltr'>ἱατροῦς</span> <span class='ocrx_word' id='word_1_534' title='bbox 1912 4250 2086 4307; x_wconf 88' lang='grc' dir='ltr'>παρα-</span> 
     </span>
    </p>
   </div>
   <div class='ocr_carea' id='block_1_73' title="bbox 433 4317 2086 4398">
    <p class='ocr_par' dir='ltr' id='par_1_73' title="bbox 433 4317 2086 4398">
     <span class='ocr_line' id='line_1_73' title="bbox 433 4317 2086 4398; baseline -0.002 -22"><span class='ocrx_word' id='word_1_535' title='bbox 433 4318 723 4398; x_wconf 81' lang='grc' dir='ltr'>δέχωνται’</span> <span class='ocrx_word' id='word_1_536' title='bbox 773 4324 853 4394; x_wconf 80' lang='grc' dir='ltr'>τῷ</span> <span class='ocrx_word' id='word_1_537' title='bbox 921 4317 979 4376; x_wconf 80' lang='grc' dir='ltr'>δὲ</span> <span class='ocrx_word' id='word_1_538' title='bbox 1043 4319 1181 4376; x_wconf 73' lang='grc' dir='ltr'>κατὰ</span> <span class='ocrx_word' id='word_1_539' title='bbox 1242 4320 1428 4396; x_wconf 73' lang='grc' dir='ltr'>ψυχὴν</span> <span class='ocrx_word' id='word_1_540' title='bbox 1498 4319 1751 4395; x_wconf 71' lang='grc' dir='ltr'>δγιαίνειν</span> <span class='ocrx_word' id='word_1_541' title='bbox 1818 4318 1974 4375; x_wconf 87' lang='grc' dir='ltr'>ἐθέλο</span> <span class='ocrx_word' id='word_1_542' title='bbox 2033 4341 2086 4374; x_wconf 93' lang='grc' dir='ltr'>τι</span> 
     </span>
    </p>
   </div>
   <div class='ocr_carea' id='block_1_74' title="bbox 430 4406 2087 4489">
    <p class='ocr_par' dir='ltr' id='par_1_74' title="bbox 430 4406 2087 4489">
     <span class='ocr_line' id='line_1_74' title="bbox 430 4406 2087 4489; baseline -0.002 -24"><span class='ocrx_word' id='word_1_543' title='bbox 430 4409 548 4465; x_wconf 80' lang='grc' dir='ltr'>ἀντὶ</span> <span class='ocrx_word' id='word_1_544' title='bbox 602 4416 815 4489; x_wconf 89' lang='grc' dir='ltr'>τρυφῆς</span> <span class='ocrx_word' id='word_1_545' title='bbox 869 4410 1049 4479; x_wconf 89' lang='grc' dir='ltr'>πάσης</span> <span class='ocrx_word' id='word_1_546' title='bbox 1104 4407 1198 4466; x_wconf 73' lang='grc' dir='ltr'>καὶ</span> <span class='ocrx_word' id='word_1_547' title='bbox 1252 4406 1581 4482; x_wconf 84' lang='grc' dir='ltr'>ἡδυσμάτων</span> <span class='ocrx_word' id='word_1_548' title='bbox 1641 4406 1770 4463; x_wconf 73' lang='grc' dir='ltr'>εῗσὶν</span> <span class='ocrx_word' id='word_1_549' title='bbox 1829 4409 1883 4462; x_wconf 77' lang='grc' dir='ltr'>αἱ</span> <span class='ocrx_word' id='word_1_550' title='bbox 1923 4407 2087 4464; x_wconf 81' lang='grc' dir='ltr'>καλαὶ</span> 
     </span>
    </p>
   </div>
   <div class='ocr_carea' id='block_1_75' title="bbox 428 4494 2087 4577">
    <p class='ocr_par' dir='ltr' id='par_1_75' title="bbox 428 4494 2087 4577">
     <span class='ocr_line' id='line_1_75' title="bbox 428 4494 2087 4577; baseline -0.002 -22"><span class='ocrx_word' id='word_1_551' title='bbox 428 4500 771 4577; x_wconf 85' lang='grc' dir='ltr'>παραινέσεις</span> <span class='ocrx_word' id='word_1_552' title='bbox 853 4498 943 4554; x_wconf 80' lang='grc' dir='ltr'>καὶ</span> <span class='ocrx_word' id='word_1_553' title='bbox 994 4494 1307 4572; x_wconf 79' lang='grc' dir='ltr'>συμϐουλαὶ</span> <span class='ocrx_word' id='word_1_554' title='bbox 1341 4499 1445 4553; x_wconf 82' lang='grc' dir='ltr'>ἀπὸ</span> <span class='ocrx_word' id='word_1_555' title='bbox 1509 4496 1768 4573; x_wconf 74' lang='grc' dir='ltr'>ἴστορίας·</span> <span class='ocrx_word' id='word_1_556' title='bbox 1819 4498 1894 4551; x_wconf 83' lang='grc' dir='ltr'>ὧν</span> <span class='ocrx_word' id='word_1_557' title='bbox 1964 4495 2087 4552; x_wconf 75' lang='grc' dir='ltr'>ἄνευ</span> 
     </span>
    </p>
   </div>
   <div class='ocr_carea' id='block_1_76' title="bbox 431 4584 2167 4693">
    <p class='ocr_par' dir='ltr' id='par_1_76' title="bbox 431 4584 2167 4693">
     <span class='ocr_line' id='line_1_76' title="bbox 431 4584 2167 4693; baseline -0.003 -50"><span class='ocrx_word' id='word_1_558' title='bbox 431 4586 559 4644; x_wconf 72' lang='grc' dir='ltr'>οὐδὲ</span> <span class='ocrx_word' id='word_1_559' title='bbox 603 4589 668 4693; x_wconf 58' lang='grc' dir='ltr'>τό</span> <span class='ocrx_word' id='word_1_560' title='bbox 719 4590 825 4693; x_wconf 74' lang='grc' dir='ltr'>Ιζῇν</span> <span class='ocrx_word' id='word_1_561' title='bbox 883 4590 1101 4693; x_wconf 66' lang='grc' dir='ltr'>ἡγεῖται</span> <span class='ocrx_word' id='word_1_562' title='bbox 1159 4584 1361 4693; x_wconf 45' lang='grc' dir='ltr'>καλόνέἱ</span> <span class='ocrx_word' id='word_1_563' title='bbox 1379 4586 1557 4693; x_wconf 61' lang='grc' dir='ltr'>νοερίς</span> <span class='ocrx_word' id='word_1_564' title='bbox 1602 4587 1704 4693; x_wconf 68' lang='grc' dir='ltr'>γὰρ</span> <span class='ocrx_word' id='word_1_565' title='bbox 1739 4584 1885 4693; x_wconf 34' lang='grc' dir='ltr'>ὶὸλος</span> <span class='ocrx_word' id='word_1_566' title='bbox 1920 4586 2088 4693; x_wconf 70' lang='grc' dir='ltr'>ὑπάρ-</span> <span class='ocrx_word' id='word_1_567' title='bbox 2120 4628 2167 4693; x_wconf 84' lang='lat' dir='ltr'><strong>D</strong></span> 
     </span>
    </p>
   </div>
   <div class='ocr_carea' id='block_1_77' title="bbox 2196 3340 3844 3416">
    <p class='ocr_par' dir='ltr' id='par_1_77' title="bbox 2196 3340 3844 3416">
     <span class='ocr_line' id='line_1_77' title="bbox 2196 3340 3844 3416; baseline -0.002 -17"><span class='ocrx_word' id='word_1_568' title='bbox 2196 3359 2391 3416; x_wconf 89' lang='lat' dir='ltr'>regem</span> <span class='ocrx_word' id='word_1_569' title='bbox 2423 3344 2553 3400; x_wconf 61' lang='lat' dir='ltr'>vita;</span> <span class='ocrx_word' id='word_1_570' title='bbox 2587 3359 2774 3415; x_wconf 75' lang='lat' dir='ltr'>genus</span> <span class='ocrx_word' id='word_1_571' title='bbox 2817 3347 3129 3399; x_wconf 88' lang='lat' dir='ltr'>actuosum</span> <span class='ocrx_word' id='word_1_572' title='bbox 3177 3343 3386 3400; x_wconf 89' lang='lat' dir='ltr'>sectari</span> <span class='ocrx_word' id='word_1_573' title='bbox 3421 3359 3434 3397; x_wconf 92' lang='lat'><strong>:</strong></span> <span class='ocrx_word' id='word_1_574' title='bbox 3488 3340 3637 3398; x_wconf 92' lang='lat' dir='ltr'>nihil</span> <span class='ocrx_word' id='word_1_575' title='bbox 3685 3341 3844 3397; x_wconf 89' lang='lat' dir='ltr'>enim</span> 
     </span>
    </p>
   </div>
   <div class='ocr_carea' id='block_1_78' title="bbox 2195 3430 3847 3505">
    <p class='ocr_par' dir='ltr' id='par_1_78' title="bbox 2195 3430 3847 3505">
     <span class='ocr_line' id='line_1_78' title="bbox 2195 3430 3847 3505; baseline -0.002 -15"><span class='ocrx_word' id='word_1_576' title='bbox 2195 3448 2332 3490; x_wconf 87' lang='lat' dir='ltr'>eum</span> <span class='ocrx_word' id='word_1_577' title='bbox 2364 3432 2552 3505; x_wconf 89' lang='lat' dir='ltr'>magis</span> <span class='ocrx_word' id='word_1_578' title='bbox 2583 3432 2914 3505; x_wconf 87' lang='lat' dir='ltr'>delectabit,</span> <span class='ocrx_word' id='word_1_579' title='bbox 2949 3449 3128 3505; x_wconf 85' lang='lat' dir='ltr'>quam</span> <span class='ocrx_word' id='word_1_580' title='bbox 3177 3449 3269 3488; x_wconf 89' lang='lat' dir='ltr'>res</span> <span class='ocrx_word' id='word_1_581' title='bbox 3320 3430 3586 3504; x_wconf 85' lang='lat' dir='ltr'>egregias</span> <span class='ocrx_word' id='word_1_582' title='bbox 3633 3430 3847 3487; x_wconf 89' lang='lat' dir='ltr'>sudore</span> 
     </span>
    </p>
   </div>
   <div class='ocr_carea' id='block_1_79' title="bbox 2197 3518 3848 3594">
    <p class='ocr_par' dir='ltr' id='par_1_79' title="bbox 2197 3518 3848 3594">
     <span class='ocr_line' id='line_1_79' title="bbox 2197 3518 3848 3594; baseline -0.001 -18"><span class='ocrx_word' id='word_1_583' title='bbox 2197 3520 2432 3594; x_wconf 91' lang='lat' dir='ltr'>proprio</span> <span class='ocrx_word' id='word_1_584' title='bbox 2455 3536 2520 3577; x_wconf 91' lang='lat' dir='ltr'>ac</span> <span class='ocrx_word' id='word_1_585' title='bbox 2545 3519 2743 3576; x_wconf 92' lang='lat' dir='ltr'>labore</span> <span class='ocrx_word' id='word_1_586' title='bbox 2767 3523 2966 3592; x_wconf 90' lang='lat' dir='ltr'>partas</span> <span class='ocrx_word' id='word_1_587' title='bbox 2988 3520 3293 3588; x_wconf 83' lang='lat' dir='ltr'>conﬁcere,</span> <span class='ocrx_word' id='word_1_588' title='bbox 3322 3534 3616 3592; x_wconf 91' lang='lat' dir='ltr'>suumque</span> <span class='ocrx_word' id='word_1_589' title='bbox 3660 3518 3848 3591; x_wconf 88' lang='lat' dir='ltr'>impe-</span> 
     </span>
    </p>
   </div>
   <div class='ocr_carea' id='block_1_80' title="bbox 2196 3608 3843 3683">
    <p class='ocr_par' dir='ltr' id='par_1_80' title="bbox 2196 3608 3843 3683">
     <span class='ocr_line' id='line_1_80' title="bbox 2196 3608 3843 3683; baseline -0.001 -19"><span class='ocrx_word' id='word_1_590' title='bbox 2196 3609 2351 3665; x_wconf 90' lang='lat' dir='ltr'>rium</span> <span class='ocrx_word' id='word_1_591' title='bbox 2381 3608 2758 3665; x_wconf 88' lang='lat' dir='ltr'>incrementis</span> <span class='ocrx_word' id='word_1_592' title='bbox 2789 3608 3166 3683; x_wconf 87' lang='lat' dir='ltr'>ampliﬁcare.</span> <span class='ocrx_word' id='word_1_593' title='bbox 3190 3611 3243 3666; x_wconf 90' lang='lat' dir='ltr'>Is</span> <span class='ocrx_word' id='word_1_594' title='bbox 3274 3612 3469 3666; x_wconf 88' lang='lat' dir='ltr'>autem</span> <span class='ocrx_word' id='word_1_595' title='bbox 3500 3608 3843 3680; x_wconf 88' lang='lat' dir='ltr'>hujusmodi</span> 
     </span>
    </p>
   </div>
   <div class='ocr_carea' id='block_1_81' title="bbox 2199 3696 3844 3771">
    <p class='ocr_par' dir='ltr' id='par_1_81' title="bbox 2199 3696 3844 3771">
     <span class='ocr_line' id='line_1_81' title="bbox 2199 3696 3844 3771; baseline -0.002 -17"><span class='ocrx_word' id='word_1_596' title='bbox 2199 3698 2436 3754; x_wconf 86' lang='lat' dir='ltr'>futurus</span> <span class='ocrx_word' id='word_1_597' title='bbox 2482 3703 2590 3763; x_wconf 89' lang='lat' dir='ltr'>est,</span> <span class='ocrx_word' id='word_1_598' title='bbox 2635 3698 2683 3754; x_wconf 90' lang='lat' dir='ltr'>si</span> <span class='ocrx_word' id='word_1_599' title='bbox 2734 3698 3077 3771; x_wconf 88' lang='lat' dir='ltr'>patientiam</span> <span class='ocrx_word' id='word_1_600' title='bbox 3126 3715 3241 3755; x_wconf 89' lang='lat' dir='ltr'>non</span> <span class='ocrx_word' id='word_1_601' title='bbox 3292 3696 3655 3766; x_wconf 89' lang='lat' dir='ltr'>detrectabit,</span> <span class='ocrx_word' id='word_1_602' title='bbox 3687 3700 3745 3753; x_wconf 88' lang='lat' dir='ltr'>et</span> <span class='ocrx_word' id='word_1_603' title='bbox 3793 3696 3844 3753; x_wconf 90' lang='lat' dir='ltr'>si</span> 
     </span>
    </p>
   </div>
   <div class='ocr_carea' id='block_1_82' title="bbox 2198 3787 3842 3861">
    <p class='ocr_par' dir='ltr' id='par_1_82' title="bbox 2198 3787 3842 3861">
     <span class='ocr_line' id='line_1_82' title="bbox 2198 3787 3842 3861; baseline -0.002 -16"><span class='ocrx_word' id='word_1_604' title='bbox 2198 3787 2474 3845; x_wconf 89' lang='lat' dir='ltr'>benevole</span> <span class='ocrx_word' id='word_1_605' title='bbox 2506 3789 2707 3844; x_wconf 89' lang='lat' dir='ltr'>audiet</span> <span class='ocrx_word' id='word_1_606' title='bbox 2735 3805 2835 3845; x_wconf 90' lang='lat' dir='ltr'>eos</span> <span class='ocrx_word' id='word_1_607' title='bbox 2879 3806 2913 3844; x_wconf 89' lang='lat' dir='ltr'>a</span> <span class='ocrx_word' id='word_1_608' title='bbox 2956 3789 3196 3861; x_wconf 88' lang='lat' dir='ltr'>quibus,</span> <span class='ocrx_word' id='word_1_609' title='bbox 3229 3787 3280 3845; x_wconf 90' lang='lat' dir='ltr'>si</span> <span class='ocrx_word' id='word_1_610' title='bbox 3309 3804 3426 3861; x_wconf 89' lang='lat' dir='ltr'>qua</span> <span class='ocrx_word' id='word_1_611' title='bbox 3457 3787 3517 3843; x_wconf 90' lang='lat' dir='ltr'>in</span> <span class='ocrx_word' id='word_1_612' title='bbox 3548 3803 3610 3843; x_wconf 88' lang='lat' dir='ltr'>re</span> <span class='ocrx_word' id='word_1_613' title='bbox 3638 3802 3842 3859; x_wconf 87' lang='lat' dir='ltr'>pecca—</span> 
     </span>
    </p>
   </div>
   <div class='ocr_carea' id='block_1_83' title="bbox 2195 3875 3845 3950">
    <p class='ocr_par' dir='ltr' id='par_1_83' title="bbox 2195 3875 3845 3950">
     <span class='ocr_line' id='line_1_83' title="bbox 2195 3875 3845 3950; baseline -0.002 -17"><span class='ocrx_word' id='word_1_614' title='bbox 2195 3877 2363 3948; x_wconf 89' lang='lat' dir='ltr'>verit,</span> <span class='ocrx_word' id='word_1_615' title='bbox 2396 3876 2827 3933; x_wconf 89' lang='lat' dir='ltr'>admonebitur.</span> <span class='ocrx_word' id='word_1_616' title='bbox 2860 3877 3008 3933; x_wconf 89' lang='lat' dir='ltr'>Nam</span> <span class='ocrx_word' id='word_1_617' title='bbox 3038 3877 3357 3950; x_wconf 86' lang='lat' dir='ltr'>pharmaca</span> <span class='ocrx_word' id='word_1_618' title='bbox 3383 3875 3560 3933; x_wconf 88' lang='lat' dir='ltr'>etiam</span> <span class='ocrx_word' id='word_1_619' title='bbox 3603 3880 3663 3931; x_wconf 88' lang='lat' dir='ltr'>et</span> <span class='ocrx_word' id='word_1_620' title='bbox 3705 3892 3845 3948; x_wconf 91' lang='lat' dir='ltr'>pur-</span> 
     </span>
    </p>
   </div>
   <div class='ocr_carea' id='block_1_84' title="bbox 2198 3965 3845 4039">
    <p class='ocr_par' dir='ltr' id='par_1_84' title="bbox 2198 3965 3845 4039">
     <span class='ocr_line' id='line_1_84' title="bbox 2198 3965 3845 4039; baseline -0.002 -17"><span class='ocrx_word' id='word_1_621' title='bbox 2198 3965 2529 4039; x_wconf 88' lang='lat' dir='ltr'>gandorum</span> <span class='ocrx_word' id='word_1_622' title='bbox 2559 3966 2848 4020; x_wconf 90' lang='lat' dir='ltr'>viscerum</span> <span class='ocrx_word' id='word_1_623' title='bbox 2872 3966 3233 4037; x_wconf 89' lang='lat' dir='ltr'>adjumenta,</span> <span class='ocrx_word' id='word_1_624' title='bbox 3254 3966 3533 4022; x_wconf 86' lang='lat' dir='ltr'>videntur</span> <span class='ocrx_word' id='word_1_625' title='bbox 3555 3978 3695 4021; x_wconf 90' lang='lat' dir='ltr'>sane</span> <span class='ocrx_word' id='word_1_626' title='bbox 3725 3980 3845 4019; x_wconf 89' lang='lat' dir='ltr'>mo-</span> 
     </span>
    </p>
   </div>
   <div class='ocr_carea' id='block_1_85' title="bbox 2196 4054 3844 4128">
    <p class='ocr_par' dir='ltr' id='par_1_85' title="bbox 2196 4054 3844 4128">
     <span class='ocr_line' id='line_1_85' title="bbox 2196 4054 3844 4128; baseline -0.001 -19"><span class='ocrx_word' id='word_1_627' title='bbox 2196 4054 2347 4111; x_wconf 88' lang='lat' dir='ltr'>lesta</span> <span class='ocrx_word' id='word_1_628' title='bbox 2376 4054 2719 4126; x_wconf 89' lang='lat' dir='ltr'>corporibus</span> <span class='ocrx_word' id='word_1_629' title='bbox 2766 4059 2824 4111; x_wconf 88' lang='lat' dir='ltr'>et</span> <span class='ocrx_word' id='word_1_630' title='bbox 2870 4054 3141 4128; x_wconf 88' lang='lat' dir='ltr'>ingrata;</span> <span class='ocrx_word' id='word_1_631' title='bbox 3189 4055 3393 4112; x_wconf 90' lang='lat' dir='ltr'>eadem</span> <span class='ocrx_word' id='word_1_632' title='bbox 3426 4059 3626 4110; x_wconf 91' lang='lat' dir='ltr'>tamen</span> <span class='ocrx_word' id='word_1_633' title='bbox 3656 4057 3844 4109; x_wconf 87' lang='lat' dir='ltr'>mate-</span> 
     </span>
    </p>
   </div>
   <div class='ocr_carea' id='block_1_86' title="bbox 2198 4141 3842 4214">
    <p class='ocr_par' dir='ltr' id='par_1_86' title="bbox 2198 4141 3842 4214">
     <span class='ocr_line' id='line_1_86' title="bbox 2198 4141 3842 4214; baseline -0.002 -15"><span class='ocrx_word' id='word_1_634' title='bbox 2198 4142 2347 4199; x_wconf 89' lang='lat' dir='ltr'>riam</span> <span class='ocrx_word' id='word_1_635' title='bbox 2387 4143 2621 4198; x_wconf 89' lang='lat' dir='ltr'>noxiam</span> <span class='ocrx_word' id='word_1_636' title='bbox 2669 4142 3009 4212; x_wconf 90' lang='lat' dir='ltr'>detrahunt,</span> <span class='ocrx_word' id='word_1_637' title='bbox 3041 4143 3475 4214; x_wconf 86' lang='lat' dir='ltr'>sanitatemque</span> <span class='ocrx_word' id='word_1_638' title='bbox 3503 4141 3842 4198; x_wconf 86' lang='lat' dir='ltr'>restituunt.</span> 
     </span>
    </p>
   </div>
   <div class='ocr_carea' id='block_1_87' title="bbox 2197 4229 3848 4305">
    <p class='ocr_par' dir='ltr' id='par_1_87' title="bbox 2197 4229 3848 4305">
     <span class='ocr_line' id='line_1_87' title="bbox 2197 4229 3848 4305; baseline -0.001 -17"><span class='ocrx_word' id='word_1_639' title='bbox 2197 4232 2486 4288; x_wconf 90' lang='lat' dir='ltr'>Morbosis</span> <span class='ocrx_word' id='word_1_640' title='bbox 2516 4231 2798 4288; x_wconf 91' lang='lat' dir='ltr'>nimirum</span> <span class='ocrx_word' id='word_1_641' title='bbox 2824 4232 3165 4305; x_wconf 89' lang='lat' dir='ltr'>corporibus</span> <span class='ocrx_word' id='word_1_642' title='bbox 3192 4231 3557 4304; x_wconf 88' lang='lat' dir='ltr'>opitulantur</span> <span class='ocrx_word' id='word_1_643' title='bbox 3585 4229 3848 4287; x_wconf 89' lang='lat' dir='ltr'>antidota</span> 
     </span>
    </p>
   </div>
   <div class='ocr_carea' id='block_1_88' title="bbox 2199 4319 3845 4394">
    <p class='ocr_par' dir='ltr' id='par_1_88' title="bbox 2199 4319 3845 4394">
     <span class='ocr_line' id='line_1_88' title="bbox 2199 4319 3845 4394; baseline -0.002 -17"><span class='ocrx_word' id='word_1_644' title='bbox 2199 4326 2255 4377; x_wconf 90' lang='lat' dir='ltr'>et</span> <span class='ocrx_word' id='word_1_645' title='bbox 2306 4320 2706 4394; x_wconf 86' lang='lat' dir='ltr'>purgationes,</span> <span class='ocrx_word' id='word_1_646' title='bbox 2740 4321 2791 4376; x_wconf 92' lang='lat' dir='ltr'>si</span> <span class='ocrx_word' id='word_1_647' title='bbox 2842 4325 2998 4377; x_wconf 92' lang='lat' dir='ltr'>certe</span> <span class='ocrx_word' id='word_1_648' title='bbox 3045 4320 3291 4378; x_wconf 90' lang='lat' dir='ltr'>medicis</span> <span class='ocrx_word' id='word_1_649' title='bbox 3333 4338 3367 4377; x_wconf 90' lang='lat' dir='ltr'>a</span> <span class='ocrx_word' id='word_1_650' title='bbox 3413 4320 3631 4392; x_wconf 90' lang='lat' dir='ltr'>quibus</span> <span class='ocrx_word' id='word_1_651' title='bbox 3670 4319 3845 4375; x_wconf 91' lang='lat' dir='ltr'>mini-</span> 
     </span>
    </p>
   </div>
   <div class='ocr_carea' id='block_1_89' title="bbox 2199 4408 3845 4483">
    <p class='ocr_par' dir='ltr' id='par_1_89' title="bbox 2199 4408 3845 4483">
     <span class='ocr_line' id='line_1_89' title="bbox 2199 4408 3845 4483; baseline -0.002 -16"><span class='ocrx_word' id='word_1_652' title='bbox 2199 4413 2490 4479; x_wconf 90' lang='lat' dir='ltr'>strantur,</span> <span class='ocrx_word' id='word_1_653' title='bbox 2559 4410 3056 4483; x_wconf 88' lang='lat' dir='ltr'>obtemperemus.</span> <span class='ocrx_word' id='word_1_654' title='bbox 3125 4412 3226 4467; x_wconf 84' lang='lat' dir='ltr'>Ast</span> <span class='ocrx_word' id='word_1_655' title='bbox 3294 4408 3522 4468; x_wconf 91' lang='lat' dir='ltr'>homini</span> <span class='ocrx_word' id='word_1_656' title='bbox 3601 4408 3845 4465; x_wconf 90' lang='lat' dir='ltr'>curandi</span> 
     </span>
    </p>
   </div>
   <div class='ocr_carea' id='block_1_90' title="bbox 2199 4499 3846 4572">
    <p class='ocr_par' dir='ltr' id='par_1_90' title="bbox 2199 4499 3846 4572">
     <span class='ocr_line' id='line_1_90' title="bbox 2199 4499 3846 4572; baseline -0.001 -16"><span class='ocrx_word' id='word_1_657' title='bbox 2199 4500 2382 4556; x_wconf 90' lang='lat' dir='ltr'>animi</span> <span class='ocrx_word' id='word_1_658' title='bbox 2430 4499 2521 4556; x_wconf 89' lang='lat' dir='ltr'>sui</span> <span class='ocrx_word' id='word_1_659' title='bbox 2570 4499 2853 4567; x_wconf 90' lang='lat' dir='ltr'>studioso,</span> <span class='ocrx_word' id='word_1_660' title='bbox 2889 4502 3098 4572; x_wconf 70' lang='lat' dir='ltr'>praesto</span> <span class='ocrx_word' id='word_1_661' title='bbox 3139 4504 3299 4567; x_wconf 90' lang='lat' dir='ltr'>sunt,</span> <span class='ocrx_word' id='word_1_662' title='bbox 3333 4499 3612 4555; x_wconf 89' lang='lat' dir='ltr'>adversus</span> <span class='ocrx_word' id='word_1_663' title='bbox 3641 4515 3846 4555; x_wconf 89' lang='lat' dir='ltr'>omnes</span> 
     </span>
    </p>
   </div>
   <div class='ocr_carea' id='block_1_91' title="bbox 2198 4586 3847 4661">
    <p class='ocr_par' dir='ltr' id='par_1_91' title="bbox 2198 4586 3847 4661">
     <span class='ocr_line' id='line_1_91' title="bbox 2198 4586 3847 4661; baseline -0.002 -16"><span class='ocrx_word' id='word_1_664' title='bbox 2198 4587 2439 4645; x_wconf 89' lang='lat' dir='ltr'>delicias</span> <span class='ocrx_word' id='word_1_665' title='bbox 2489 4593 2665 4661; x_wconf 89' lang='lat' dir='ltr'>atque</span> <span class='ocrx_word' id='word_1_666' title='bbox 2712 4588 3037 4655; x_wconf 89' lang='lat' dir='ltr'>illecebras,</span> <span class='ocrx_word' id='word_1_667' title='bbox 3080 4587 3367 4661; x_wconf 68' lang='lat' dir='ltr'>praeclarae</span> <span class='ocrx_word' id='word_1_668' title='bbox 3416 4586 3847 4643; x_wconf 83' lang='lat' dir='ltr'>admonitiones</span> 
     </span>
    </p>
   </div>
   <div class='ocr_carea' id='block_1_92' title="bbox 429 4673 2082 4755">
    <p class='ocr_par' dir='ltr' id='par_1_92' title="bbox 429 4673 2082 4755">
     <span class='ocr_line' id='line_1_92' title="bbox 429 4673 2082 4755; baseline -0.001 -22"><span class='ocrx_word' id='word_1_669' title='bbox 429 4697 572 4754; x_wconf 83' lang='grc' dir='ltr'>χων,</span> <span class='ocrx_word' id='word_1_670' title='bbox 619 4676 848 4740; x_wconf 80' lang='grc' dir='ltr'>εἰκότως</span> <span class='ocrx_word' id='word_1_671' title='bbox 920 4675 1130 4755; x_wconf 84' lang='grc' dir='ltr'>ὀφείλει</span> <span class='ocrx_word' id='word_1_672' title='bbox 1191 4673 1508 4746; x_wconf 84' lang='grc' dir='ltr'>σπουδάζειν</span> <span class='ocrx_word' id='word_1_673' title='bbox 1553 4675 1642 4731; x_wconf 82' lang='grc' dir='ltr'>καὶ</span> <span class='ocrx_word' id='word_1_674' title='bbox 1700 4675 1792 4730; x_wconf 85' lang='grc' dir='ltr'>τὸν</span> <span class='ocrx_word' id='word_1_675' title='bbox 1851 4675 2082 4751; x_wconf 79' lang='grc' dir='ltr'>ἡγεμόνα</span> 
     </span>
    </p>
   </div>
   <div class='ocr_carea' id='block_1_93' title="bbox 2193 4673 3848 4755">
    <p class='ocr_par' dir='ltr' id='par_1_93' title="bbox 2199 4676 3848 4749">
     <span class='ocr_line' id='line_1_93' title="bbox 2199 4676 3848 4749; baseline -0.002 -15"><span class='ocrx_word' id='word_1_676' title='bbox 2199 4683 2373 4749; x_wconf 89' lang='lat' dir='ltr'>atque</span> <span class='ocrx_word' id='word_1_677' title='bbox 2416 4677 2800 4745; x_wconf 85' lang='lat' dir='ltr'>hortamenta</span> <span class='ocrx_word' id='word_1_678' title='bbox 2854 4677 3256 4745; x_wconf 90' lang='lat' dir='ltr'>historiarum,</span> <span class='ocrx_word' id='word_1_679' title='bbox 3316 4677 3444 4733; x_wconf 90' lang='lat' dir='ltr'>sine</span> <span class='ocrx_word' id='word_1_680' title='bbox 3500 4676 3717 4749; x_wconf 88' lang='lat' dir='ltr'>quibus</span> <span class='ocrx_word' id='word_1_681' title='bbox 3773 4690 3848 4730; x_wconf 90' lang='lat' dir='ltr'>ne</span> 
     </span>
    </p>
   </div>
   <div class='ocr_carea' id='block_1_94' title="bbox 428 4764 2087 4842">
    <p class='ocr_par' dir='ltr' id='par_1_94' title="bbox 428 4764 2087 4842">
     <span class='ocr_line' id='line_1_94' title="bbox 428 4764 2087 4842; baseline -0.001 -20"><span class='ocrx_word' id='word_1_682' title='bbox 428 4771 557 4823; x_wconf 91' lang='grc' dir='ltr'>νοῦν</span> <span class='ocrx_word' id='word_1_683' title='bbox 618 4771 886 4837; x_wconf 84' lang='grc' dir='ltr'>συνιστᾷν.</span> <span class='ocrx_word' id='word_1_684' title='bbox 933 4771 989 4820; x_wconf 91' lang='grc' dir='ltr'>Ὁ</span> <span class='ocrx_word' id='word_1_685' title='bbox 1038 4764 1095 4821; x_wconf 77' lang='grc' dir='ltr'>δὲ</span> <span class='ocrx_word' id='word_1_686' title='bbox 1156 4765 1325 4842; x_wconf 87' lang='grc' dir='ltr'>λόγος</span> <span class='ocrx_word' id='word_1_687' title='bbox 1374 4764 1740 4839; x_wconf 85' lang='grc' dir='ltr'>ἐπικοσμείτω</span> <span class='ocrx_word' id='word_1_688' title='bbox 1791 4764 1886 4820; x_wconf 83' lang='grc' dir='ltr'>τὸν</span> <span class='ocrx_word' id='word_1_689' title='bbox 1935 4766 2087 4841; x_wconf 81' lang='grc' dir='ltr'>βασι-</span> 
     </span>
    </p>
   </div>
   <div class='ocr_carea' id='block_1_95' title="bbox 432 4850 2085 4931">
    <p class='ocr_par' dir='ltr' id='par_1_95' title="bbox 432 4850 2085 4931">
     <span class='ocr_line' id='line_1_95' title="bbox 432 4850 2085 4931; baseline -0.003 -19"><span class='ocrx_word' id='word_1_690' title='bbox 432 4854 530 4912; x_wconf 86' lang='grc' dir='ltr'>λέα</span> <span class='ocrx_word' id='word_1_691' title='bbox 572 4856 711 4931; x_wconf 87' lang='grc' dir='ltr'>πρὸς</span> <span class='ocrx_word' id='word_1_692' title='bbox 757 4855 820 4910; x_wconf 88' lang='grc' dir='ltr'>τὸ</span> <span class='ocrx_word' id='word_1_693' title='bbox 865 4855 1046 4910; x_wconf 89' lang='grc' dir='ltr'>κοινὸν</span> <span class='ocrx_word' id='word_1_694' title='bbox 1095 4856 1413 4929; x_wconf 86' lang='grc' dir='ltr'>προκεῖσθαι</span> <span class='ocrx_word' id='word_1_695' title='bbox 1457 4859 1573 4921; x_wconf 83' lang='grc' dir='ltr'>τοῖς</span> <span class='ocrx_word' id='word_1_696' title='bbox 1627 4858 1787 4908; x_wconf 78' lang='grc' dir='ltr'>πᾶσιν</span> <span class='ocrx_word' id='word_1_697' title='bbox 1831 4850 2085 4930; x_wconf 78' lang='grc' dir='ltr'>ὑπόδειγ-</span> 
     </span>
    </p>
   </div>
   <div class='ocr_carea' id='block_1_96' title="bbox 437 4941 2085 5018">
    <p class='ocr_par' dir='ltr' id='par_1_96' title="bbox 437 4941 2085 5018">
     <span class='ocr_line' id='line_1_96' title="bbox 437 4941 2085 5018; baseline -0.001 -18"><span class='ocrx_word' id='word_1_698' title='bbox 437 4966 530 5018; x_wconf 84' lang='grc' dir='ltr'>μα.</span> <span class='ocrx_word' id='word_1_699' title='bbox 586 4950 769 5000; x_wconf 82' lang='grc' dir='ltr'>Ἔστω</span> <span class='ocrx_word' id='word_1_700' title='bbox 827 4941 886 4999; x_wconf 73' lang='grc' dir='ltr'>δὲ</span> <span class='ocrx_word' id='word_1_701' title='bbox 942 4942 1090 5016; x_wconf 76' lang='grc' dir='ltr'>αὐτῷ</span> <span class='ocrx_word' id='word_1_702' title='bbox 1144 4943 1234 4998; x_wconf 79' lang='grc' dir='ltr'>καὶ</span> <span class='ocrx_word' id='word_1_703' title='bbox 1292 4942 1500 5015; x_wconf 90' lang='grc' dir='ltr'>κόσμος</span> <span class='ocrx_word' id='word_1_704' title='bbox 1567 4942 1993 5018; x_wconf 82' lang='grc' dir='ltr'>εὐπρεπέστατος</span> <span class='ocrx_word' id='word_1_705' title='bbox 2049 4946 2085 5013; x_wconf 85' lang='grc' dir='ltr'>ἡ</span> 
     </span>
    </p>
   </div>
   <div class='ocr_carea' id='block_1_97' title="bbox 431 5030 2085 5109">
    <p class='ocr_par' dir='ltr' id='par_1_97' title="bbox 431 5030 2085 5109">
     <span class='ocr_line' id='line_1_97' title="bbox 431 5030 2085 5109; baseline 0 -22"><span class='ocrx_word' id='word_1_706' title='bbox 431 5032 684 5105; x_wconf 83' lang='grc' dir='ltr'>ἀλήθεια·</span> <span class='ocrx_word' id='word_1_707' title='bbox 744 5032 914 5107; x_wconf 77' lang='grc' dir='ltr'>ταύτῃ</span> <span class='ocrx_word' id='word_1_708' title='bbox 970 5034 1074 5108; x_wconf 82' lang='grc' dir='ltr'>γὰρ</span> <span class='ocrx_word' id='word_1_709' title='bbox 1142 5030 1594 5109; x_wconf 86' lang='grc' dir='ltr'>λαμπρυνόμενος</span> <span class='ocrx_word' id='word_1_710' title='bbox 1654 5032 1682 5086; x_wconf 76' lang='grc' dir='ltr'>ὁ</span> <span class='ocrx_word' id='word_1_711' title='bbox 1742 5030 2085 5106; x_wconf 78' lang='grc' dir='ltr'>ὑψηλότατος</span> 
     </span>
    </p>
   </div>
   <div class='ocr_carea' id='block_1_98' title="bbox 438 5116 2086 5200">
    <p class='ocr_par' dir='ltr' id='par_1_98' title="bbox 438 5116 2086 5200">
     <span class='ocr_line' id='line_1_98' title="bbox 438 5116 2086 5200; baseline -0.001 -21"><span class='ocrx_word' id='word_1_712' title='bbox 438 5121 714 5198; x_wconf 77' lang='grc' dir='ltr'>βασιλεὺς,</span> <span class='ocrx_word' id='word_1_713' title='bbox 772 5120 940 5178; x_wconf 89' lang='grc' dir='ltr'>πάλιν</span> <span class='ocrx_word' id='word_1_714' title='bbox 1010 5120 1274 5200; x_wconf 74' lang='grc' dir='ltr'>ἐπιφανὴς</span> <span class='ocrx_word' id='word_1_715' title='bbox 1322 5123 1601 5198; x_wconf 75' lang='grc' dir='ltr'>γενήσεται</span> <span class='ocrx_word' id='word_1_716' title='bbox 1659 5120 1750 5175; x_wconf 82' lang='grc' dir='ltr'>καὶ</span> <span class='ocrx_word' id='word_1_717' title='bbox 1833 5116 2086 5197; x_wconf 81' lang='grc' dir='ltr'>περίϐλε-</span> 
     </span>
    </p>
   </div>
   <div class='ocr_carea' id='block_1_99' title="bbox 430 5208 2087 5290">
    <p class='ocr_par' dir='ltr' id='par_1_99' title="bbox 430 5208 2087 5290">
     <span class='ocr_line' id='line_1_99' title="bbox 430 5208 2087 5290; baseline -0.002 -22"><span class='ocrx_word' id='word_1_718' title='bbox 430 5232 582 5275; x_wconf 84' lang='grc' dir='ltr'>πτος·</span> <span class='ocrx_word' id='word_1_719' title='bbox 641 5212 845 5274; x_wconf 87' lang='grc' dir='ltr'>πάντας</span> <span class='ocrx_word' id='word_1_720' title='bbox 922 5212 1027 5288; x_wconf 82' lang='grc' dir='ltr'>γὰρ</span> <span class='ocrx_word' id='word_1_721' title='bbox 1095 5208 1377 5290; x_wconf 79' lang='grc' dir='ltr'>ἐφέλκεται</span> <span class='ocrx_word' id='word_1_722' title='bbox 1448 5211 1538 5266; x_wconf 80' lang='grc' dir='ltr'>καὶ</span> <span class='ocrx_word' id='word_1_723' title='bbox 1596 5209 1885 5267; x_wconf 78' lang='grc' dir='ltr'>ἐπισπᾶται</span> <span class='ocrx_word' id='word_1_724' title='bbox 1948 5211 2087 5287; x_wconf 78' lang='grc' dir='ltr'>πρὸς</span> 
     </span>
    </p>
   </div>
   <div class='ocr_carea' id='block_1_100' title="bbox 430 5296 2085 5374">
    <p class='ocr_par' dir='ltr' id='par_1_100' title="bbox 430 5296 2085 5374">
     <span class='ocr_line' id='line_1_100' title="bbox 430 5296 2085 5374; baseline -0.002 -18"><span class='ocrx_word' id='word_1_725' title='bbox 430 5300 641 5373; x_wconf 65' lang='grc' dir='ltr'>ἑαυτὸν,</span> <span class='ocrx_word' id='word_1_726' title='bbox 674 5300 789 5355; x_wconf 79' lang='grc' dir='ltr'>οἷον</span> <span class='ocrx_word' id='word_1_727' title='bbox 829 5302 885 5373; x_wconf 30' lang='grc' dir='ltr'>ἡ,</span> <span class='ocrx_word' id='word_1_728' title='bbox 920 5301 1207 5374; x_wconf 86' lang='grc' dir='ltr'>μαγνῆτις,</span> <span class='ocrx_word' id='word_1_729' title='bbox 1240 5296 1331 5354; x_wconf 70' lang='grc' dir='ltr'>διὰ</span> <span class='ocrx_word' id='word_1_730' title='bbox 1381 5305 1484 5368; x_wconf 88' lang='grc' dir='ltr'>τῆς</span> <span class='ocrx_word' id='word_1_731' title='bbox 1543 5296 1802 5370; x_wconf 85' lang='grc' dir='ltr'>ἀληθείας</span> <span class='ocrx_word' id='word_1_732' title='bbox 1848 5298 2085 5361; x_wconf 79' lang='grc' dir='ltr'>ἅπαντας</span> 
     </span>
    </p>
   </div>
   <div class='ocr_carea' id='block_1_101' title="bbox 432 5384 2086 5464">
    <p class='ocr_par' dir='ltr' id='par_1_101' title="bbox 432 5384 2086 5464">
     <span class='ocr_line' id='line_1_101' title="bbox 432 5384 2086 5464; baseline -0.002 -18"><span class='ocrx_word' id='word_1_733' title='bbox 432 5388 832 5464; x_wconf 72' lang='grc' dir='ltr'>ἐπισπώμενος.</span> <span class='ocrx_word' id='word_1_734' title='bbox 865 5388 929 5444; x_wconf 76' lang='grc' dir='ltr'>Εἰ</span> <span class='ocrx_word' id='word_1_735' title='bbox 973 5387 1020 5443; x_wconf 86' lang='grc' dir='ltr'>δ’</span> <span class='ocrx_word' id='word_1_736' title='bbox 1051 5384 1185 5451; x_wconf 65' lang='grc' dir='ltr'>’ἴσως</span> <span class='ocrx_word' id='word_1_737' title='bbox 1238 5384 1463 5462; x_wconf 73' lang='grc' dir='ltr'>’έτοιμός</span> <span class='ocrx_word' id='word_1_738' title='bbox 1520 5386 1661 5443; x_wconf 88' lang='grc' dir='ltr'>ἐστιν</span> <span class='ocrx_word' id='word_1_739' title='bbox 1716 5386 1791 5450; x_wconf 75' lang='grc' dir='ltr'>εἷς</span> <span class='ocrx_word' id='word_1_740' title='bbox 1843 5387 1908 5443; x_wconf 88' lang='grc' dir='ltr'>τὸ</span> <span class='ocrx_word' id='word_1_741' title='bbox 1962 5386 2086 5462; x_wconf 75' lang='grc' dir='ltr'>ψεύ-</span> 
     </span>
    </p>
   </div>
   <div class='ocr_carea' id='block_1_102' title="bbox 499 5549 1141 5622">
    <p class='ocr_par' dir='ltr' id='par_1_102' title="bbox 499 5549 1141 5622">
     <span class='ocr_line' id='line_1_102' title="bbox 499 5549 1141 5622; baseline -0.006 -15"><span class='ocrx_word' id='word_1_742' title='bbox 499 5551 615 5622; x_wconf 81' lang='grc'>(34)</span> <span class='ocrx_word' id='word_1_743' title='bbox 645 5549 799 5606; x_wconf 85' lang='lat' dir='ltr'>Psal.</span> <span class='ocrx_word' id='word_1_744' title='bbox 832 5566 1032 5622; x_wconf 72' lang='lat' dir='ltr'>Lxxvr,</span> <span class='ocrx_word' id='word_1_745' title='bbox 1044 5549 1141 5622; x_wconf 53' lang='lat'>19.</span> 
     </span>
    </p>
   </div>
   <div class='ocr_carea' id='block_1_103' title="bbox 499 5619 2075 5692">
    <p class='ocr_par' dir='ltr' id='par_1_103' title="bbox 499 5619 2075 5692">
     <span class='ocr_line' id='line_1_103' title="bbox 499 5619 2075 5692; baseline -0.003 -14"><span class='ocrx_word' id='word_1_746' title='bbox 499 5619 615 5692; x_wconf 82' lang='lat'>(35)</span> <span class='ocrx_word' id='word_1_747' title='bbox 680 5621 807 5678; x_wconf 92' lang='lat' dir='ltr'>Non</span> <span class='ocrx_word' id='word_1_748' title='bbox 892 5619 1183 5677; x_wconf 88' lang='lat' dir='ltr'>intellexit</span> <span class='ocrx_word' id='word_1_749' title='bbox 1267 5620 1690 5692; x_wconf 85' lang='lat' dir='ltr'>Metaphrastes</span> <span class='ocrx_word' id='word_1_750' title='bbox 1778 5619 2075 5673; x_wconf 75' lang='grc' dir='ltr'>Πολυκλεέο</span> 
     </span>
    </p>
   </div>
   <div class='ocr_carea' id='block_1_104' title="bbox 426 5691 2081 5774">
    <p class='ocr_par' dir='ltr' id='par_1_104' title="bbox 426 5691 2081 5774">
     <span class='ocr_line' id='line_1_104' title="bbox 426 5691 2081 5774; baseline 0.002 -28"><span class='ocrx_word' id='word_1_751' title='bbox 426 5714 542 5774; x_wconf 72' lang='grc' dir='ltr'>τιον</span> <span class='ocrx_word' id='word_1_752' title='bbox 573 5692 931 5774; x_wconf 59' lang='lat' dir='ltr'>Nic_ephoyi_:</span> <span class='ocrx_word' id='word_1_753' title='bbox 980 5693 1181 5774; x_wconf 87' lang='lat' dir='ltr'>itaque</span> <span class='ocrx_word' id='word_1_754' title='bbox 1228 5708 1333 5774; x_wconf 83' lang='lat' dir='ltr'>pro</span> <span class='ocrx_word' id='word_1_755' title='bbox 1377 5691 1548 5774; x_wconf 85' lang='lat' dir='ltr'>opere</span> <span class='ocrx_word' id='word_1_756' title='bbox 1577 5691 1852 5765; x_wconf 83' lang='lat' dir='ltr'>Polycleti</span> <span class='ocrx_word' id='word_1_757' title='bbox 1884 5694 2081 5774; x_wconf 79' lang='lat' dir='ltr'>posuit</span> 
     </span>
    </p>
   </div>
   <div class='ocr_carea' id='block_1_105' title="bbox 432 5764 2084 5840">
    <p class='ocr_par' dir='ltr' id='par_1_105' title="bbox 432 5764 2084 5840">
     <span class='ocr_line' id='line_1_105' title="bbox 432 5764 2084 5840; baseline 0 -17"><span class='ocrx_word' id='word_1_758' title='bbox 432 5766 632 5840; x_wconf 85' lang='lat' dir='ltr'>ipsum</span> <span class='ocrx_word' id='word_1_759' title='bbox 662 5764 1040 5838; x_wconf 79' lang='lat' dir='ltr'>Polycletum.</span> <span class='ocrx_word' id='word_1_760' title='bbox 1073 5764 1357 5838; x_wconf 89' lang='lat' dir='ltr'>Loquitur</span> <span class='ocrx_word' id='word_1_761' title='bbox 1384 5768 1582 5822; x_wconf 89' lang='lat' dir='ltr'>autem</span> <span class='ocrx_word' id='word_1_762' title='bbox 1630 5764 1836 5837; x_wconf 82' lang='lat' dir='ltr'>reapse</span> <span class='ocrx_word' id='word_1_763' title='bbox 1878 5764 2084 5823; x_wconf 86' lang='lat' dir='ltr'>auctor</span> 
     </span>
    </p>
   </div>
   <div class='ocr_carea' id='block_1_106' title="bbox 2194 4763 3847 4839">
    <p class='ocr_par' dir='ltr' id='par_1_106' title="bbox 2194 4763 3847 4839">
     <span class='ocr_line' id='line_1_106' title="bbox 2194 4763 3847 4839; baseline -0.001 -17"><span class='ocrx_word' id='word_1_764' title='bbox 2194 4767 2389 4822; x_wconf 87' lang='lat' dir='ltr'>vivere</span> <span class='ocrx_word' id='word_1_765' title='bbox 2438 4767 2675 4837; x_wconf 90' lang='lat' dir='ltr'>quidem</span> <span class='ocrx_word' id='word_1_766' title='bbox 2724 4767 3068 4839; x_wconf 66' lang='lat' dir='ltr'>praeclarum</span> <span class='ocrx_word' id='word_1_767' title='bbox 3111 4765 3363 4822; x_wconf 91' lang='lat' dir='ltr'>videtur.</span> <span class='ocrx_word' id='word_1_768' title='bbox 3394 4764 3624 4823; x_wconf 89' lang='lat' dir='ltr'>Etenim</span> <span class='ocrx_word' id='word_1_769' title='bbox 3670 4763 3847 4820; x_wconf 89' lang='lat' dir='ltr'>homo</span> 
     </span>
    </p>
   </div>
   <div class='ocr_carea' id='block_1_107' title="bbox 2197 4853 3845 4928">
    <p class='ocr_par' dir='ltr' id='par_1_107' title="bbox 2197 4853 3845 4928">
     <span class='ocr_line' id='line_1_107' title="bbox 2197 4853 3845 4928; baseline -0.001 -17"><span class='ocrx_word' id='word_1_770' title='bbox 2197 4871 2331 4911; x_wconf 90' lang='lat' dir='ltr'>cum</span> <span class='ocrx_word' id='word_1_771' title='bbox 2385 4854 2464 4910; x_wconf 86' lang='lat' dir='ltr'>sit</span> <span class='ocrx_word' id='word_1_772' title='bbox 2521 4858 2681 4911; x_wconf 89' lang='lat' dir='ltr'>totus</span> <span class='ocrx_word' id='word_1_773' title='bbox 2738 4854 3098 4928; x_wconf 86' lang='lat' dir='ltr'>intelligens,</span> <span class='ocrx_word' id='word_1_774' title='bbox 3151 4858 3427 4911; x_wconf 86' lang='lat' dir='ltr'>actuosus</span> <span class='ocrx_word' id='word_1_775' title='bbox 3470 4853 3550 4909; x_wconf 89' lang='lat' dir='ltr'>sit</span> <span class='ocrx_word' id='word_1_776' title='bbox 3597 4857 3845 4926; x_wconf 87' lang='lat' dir='ltr'>oportet,</span> 
     </span>
    </p>
   </div>
   <div class='ocr_carea' id='block_1_108' title="bbox 2198 4942 3846 5017">
    <p class='ocr_par' dir='ltr' id='par_1_108' title="bbox 2198 4942 3846 5017">
     <span class='ocr_line' id='line_1_108' title="bbox 2198 4942 3846 5017; baseline -0.001 -17"><span class='ocrx_word' id='word_1_777' title='bbox 2198 4948 2572 5017; x_wconf 86' lang='lat' dir='ltr'>mentemque</span> <span class='ocrx_word' id='word_1_778' title='bbox 2601 4945 2811 5001; x_wconf 90' lang='lat' dir='ltr'>ducem</span> <span class='ocrx_word' id='word_1_779' title='bbox 2840 4962 2902 5001; x_wconf 89' lang='lat' dir='ltr'>se</span> <span class='ocrx_word' id='word_1_780' title='bbox 2932 4945 3146 5000; x_wconf 88' lang='lat' dir='ltr'>habere</span> <span class='ocrx_word' id='word_1_781' title='bbox 3174 4944 3555 5000; x_wconf 88' lang='lat' dir='ltr'>demonstret.</span> <span class='ocrx_word' id='word_1_782' title='bbox 3581 4942 3846 5000; x_wconf 80' lang='lat' dir='ltr'>Rationis</span> 
     </span>
    </p>
   </div>
   <div class='ocr_carea' id='block_1_109' title="bbox 2197 5032 3847 5107">
    <p class='ocr_par' dir='ltr' id='par_1_109' title="bbox 2197 5032 3847 5107">
     <span class='ocr_line' id='line_1_109' title="bbox 2197 5032 3847 5107; baseline 0.001 -19"><span class='ocrx_word' id='word_1_783' title='bbox 2197 5034 2378 5107; x_wconf 89' lang='lat' dir='ltr'>igitur</span> <span class='ocrx_word' id='word_1_784' title='bbox 2405 5033 2605 5089; x_wconf 91' lang='lat' dir='ltr'>lumen</span> <span class='ocrx_word' id='word_1_785' title='bbox 2637 5051 2830 5107; x_wconf 83' lang='lat' dir='ltr'>regem</span> <span class='ocrx_word' id='word_1_786' title='bbox 2864 5038 3048 5101; x_wconf 89' lang='lat' dir='ltr'>ornet,</span> <span class='ocrx_word' id='word_1_787' title='bbox 3081 5034 3167 5090; x_wconf 88' lang='lat' dir='ltr'>ita</span> <span class='ocrx_word' id='word_1_788' title='bbox 3210 5038 3275 5090; x_wconf 88' lang='lat' dir='ltr'>ut</span> <span class='ocrx_word' id='word_1_789' title='bbox 3321 5032 3549 5090; x_wconf 89' lang='lat' dir='ltr'>cunctis</span> <span class='ocrx_word' id='word_1_790' title='bbox 3582 5032 3847 5106; x_wconf 88' lang='lat' dir='ltr'>exemplo</span> 
     </span>
    </p>
   </div>
   <div class='ocr_carea' id='block_1_110' title="bbox 2195 5122 3846 5196">
    <p class='ocr_par' dir='ltr' id='par_1_110' title="bbox 2195 5122 3846 5196">
     <span class='ocr_line' id='line_1_110' title="bbox 2195 5122 3846 5196; baseline 0.001 -19"><span class='ocrx_word' id='word_1_791' title='bbox 2195 5122 2407 5179; x_wconf 90' lang='lat' dir='ltr'>luceat.</span> <span class='ocrx_word' id='word_1_792' title='bbox 2461 5123 2549 5179; x_wconf 91' lang='lat' dir='ltr'>Sit</span> <span class='ocrx_word' id='word_1_793' title='bbox 2593 5126 2788 5179; x_wconf 90' lang='lat' dir='ltr'>autem</span> <span class='ocrx_word' id='word_1_794' title='bbox 2839 5123 3195 5196; x_wconf 68' lang='lat' dir='ltr'>praecipuum</span> <span class='ocrx_word' id='word_1_795' title='bbox 3253 5124 3383 5193; x_wconf 90' lang='lat' dir='ltr'>ejus</span> <span class='ocrx_word' id='word_1_796' title='bbox 3433 5127 3846 5180; x_wconf 89' lang='lat' dir='ltr'>ornamentum</span> 
     </span>
    </p>
   </div>
   <div class='ocr_carea' id='block_1_111' title="bbox 2194 5211 3847 5284">
    <p class='ocr_par' dir='ltr' id='par_1_111' title="bbox 2194 5211 3847 5284">
     <span class='ocr_line' id='line_1_111' title="bbox 2194 5211 3847 5284; baseline -0.001 -16"><span class='ocrx_word' id='word_1_797' title='bbox 2194 5211 2409 5268; x_wconf 85' lang='lat' dir='ltr'>veritas</span> <span class='ocrx_word' id='word_1_798' title='bbox 2445 5229 2458 5267; x_wconf 91' lang='lat'>:</span> <span class='ocrx_word' id='word_1_799' title='bbox 2504 5212 2614 5268; x_wconf 88' lang='lat' dir='ltr'>hac</span> <span class='ocrx_word' id='word_1_800' title='bbox 2645 5211 2803 5267; x_wconf 90' lang='lat' dir='ltr'>enim</span> <span class='ocrx_word' id='word_1_801' title='bbox 2839 5211 3140 5284; x_wconf 80' lang='lat' dir='ltr'>fastigium</span> <span class='ocrx_word' id='word_1_802' title='bbox 3170 5213 3325 5284; x_wconf 82' lang='lat' dir='ltr'>regis</span> <span class='ocrx_word' id='word_1_803' title='bbox 3355 5211 3764 5268; x_wconf 88' lang='lat' dir='ltr'>collustratum</span> <span class='ocrx_word' id='word_1_804' title='bbox 3795 5211 3847 5268; x_wconf 93' lang='lat' dir='ltr'>si</span> 
     </span>
    </p>
   </div>
   <div class='ocr_carea' id='block_1_112' title="bbox 2195 5298 3844 5373">
    <p class='ocr_par' dir='ltr' id='par_1_112' title="bbox 2195 5298 3844 5373">
     <span class='ocr_line' id='line_1_112' title="bbox 2195 5298 3844 5373; baseline 0 -17"><span class='ocrx_word' id='word_1_805' title='bbox 2195 5300 2390 5371; x_wconf 86' lang='lat' dir='ltr'>fuerit,</span> <span class='ocrx_word' id='word_1_806' title='bbox 2422 5299 2680 5356; x_wconf 89' lang='lat' dir='ltr'>vicissim</span> <span class='ocrx_word' id='word_1_807' title='bbox 2728 5299 2854 5372; x_wconf 91' lang='lat' dir='ltr'>ipse</span> <span class='ocrx_word' id='word_1_808' title='bbox 2901 5299 2968 5354; x_wconf 81' lang='lat' dir='ltr'>fit</span> <span class='ocrx_word' id='word_1_809' title='bbox 3016 5298 3209 5357; x_wconf 85' lang='lat' dir='ltr'>clarus</span> <span class='ocrx_word' id='word_1_810' title='bbox 3254 5305 3430 5373; x_wconf 90' lang='lat' dir='ltr'>atque</span> <span class='ocrx_word' id='word_1_811' title='bbox 3469 5299 3844 5373; x_wconf 88' lang='lat' dir='ltr'>conspicuus,</span> 
     </span>
    </p>
   </div>
   <div class='ocr_carea' id='block_1_113' title="bbox 2196 5388 3846 5463">
    <p class='ocr_par' dir='ltr' id='par_1_113' title="bbox 2196 5388 3846 5463">
     <span class='ocr_line' id='line_1_113' title="bbox 2196 5388 3846 5463; baseline 0 -17"><span class='ocrx_word' id='word_1_812' title='bbox 2196 5388 2593 5461; x_wconf 86' lang='lat' dir='ltr'>mortalesque</span> <span class='ocrx_word' id='word_1_813' title='bbox 2623 5405 2829 5444; x_wconf 90' lang='lat' dir='ltr'>omnes</span> <span class='ocrx_word' id='word_1_814' title='bbox 2860 5388 2932 5444; x_wconf 91' lang='lat' dir='ltr'>ad</span> <span class='ocrx_word' id='word_1_815' title='bbox 2977 5405 3039 5445; x_wconf 91' lang='lat' dir='ltr'>se</span> <span class='ocrx_word' id='word_1_816' title='bbox 3076 5388 3389 5458; x_wconf 90' lang='lat' dir='ltr'>contrahit,</span> <span class='ocrx_word' id='word_1_817' title='bbox 3419 5406 3522 5446; x_wconf 89' lang='lat' dir='ltr'>ceu</span> <span class='ocrx_word' id='word_1_818' title='bbox 3554 5388 3846 5463; x_wconf 82' lang='lat' dir='ltr'>magnetis</span> 
     </span>
    </p>
   </div>
   <div class='ocr_carea' id='block_1_114' title="bbox 2195 5547 3838 5622">
    <p class='ocr_par' dir='ltr' id='par_1_114' title="bbox 2195 5547 3838 5622">
     <span class='ocr_line' id='line_1_114' title="bbox 2195 5547 3838 5622; baseline 0.001 -17"><span class='ocrx_word' id='word_1_819' title='bbox 2195 5550 2265 5607; x_wconf 89' lang='lat' dir='ltr'>de</span> <span class='ocrx_word' id='word_1_820' title='bbox 2295 5549 2462 5622; x_wconf 88' lang='lat' dir='ltr'>signo</span> <span class='ocrx_word' id='word_1_821' title='bbox 2494 5549 2765 5622; x_wconf 81' lang='lat' dir='ltr'>statuarii</span> <span class='ocrx_word' id='word_1_822' title='bbox 2797 5547 3071 5622; x_wconf 63' lang='lat' dir='ltr'>Polycleti</span> <span class='ocrx_word' id='word_1_823' title='bbox 3103 5549 3369 5606; x_wconf 87' lang='lat' dir='ltr'>omnium</span> <span class='ocrx_word' id='word_1_824' title='bbox 3401 5549 3707 5622; x_wconf 73' lang='lat' dir='ltr'>praeconiis</span> <span class='ocrx_word' id='word_1_825' title='bbox 3748 5565 3838 5607; x_wconf 88' lang='lat' dir='ltr'>ce-</span> 
     </span>
    </p>
   </div>
   <div class='ocr_carea' id='block_1_115' title="bbox 2192 5620 3843 5695">
    <p class='ocr_par' dir='ltr' id='par_1_115' title="bbox 2192 5620 3843 5695">
     <span class='ocr_line' id='line_1_115' title="bbox 2192 5620 3843 5695; baseline 0.002 -19"><span class='ocrx_word' id='word_1_826' title='bbox 2192 5620 2465 5695; x_wconf 77' lang='lat' dir='ltr'>lebrato;</span> <span class='ocrx_word' id='word_1_827' title='bbox 2524 5620 2616 5695; x_wconf 46' lang='lat' dir='ltr'>cui</span> <span class='ocrx_word' id='word_1_828' title='bbox 2684 5620 3119 5695; x_wconf 15' lang='lat' dir='ltr'>similemgfore</span> <span class='ocrx_word' id='word_1_829' title='bbox 3176 5623 3319 5678; x_wconf 90' lang='lat' dir='ltr'>dicit</span> <span class='ocrx_word' id='word_1_830' title='bbox 3376 5620 3572 5695; x_wconf 77' lang='lat' dir='ltr'>regem</span> <span class='ocrx_word' id='word_1_831' title='bbox 3627 5623 3843 5695; x_wconf 81' lang='lat' dir='ltr'>virtute</span> 
     </span>
    </p>
   </div>
   <div class='ocr_carea' id='block_1_116' title="bbox 2193 5692 3843 5767">
    <p class='ocr_par' dir='ltr' id='par_1_116' title="bbox 2193 5692 3843 5767">
     <span class='ocr_line' id='line_1_116' title="bbox 2193 5692 3843 5767; baseline 0.001 -18"><span class='ocrx_word' id='word_1_832' title='bbox 2193 5694 2538 5767; x_wconf 81' lang='lat' dir='ltr'>perfectum.</span> <span class='ocrx_word' id='word_1_833' title='bbox 2573 5693 2689 5765; x_wconf 87' lang='lat' dir='ltr'>Ego</span> <span class='ocrx_word' id='word_1_834' title='bbox 2738 5692 2920 5767; x_wconf 83' lang='lat' dir='ltr'>igitur</span> <span class='ocrx_word' id='word_1_835' title='bbox 2960 5692 3162 5767; x_wconf 67' lang='lat' dir='ltr'>Latine</span> <span class='ocrx_word' id='word_1_836' title='bbox 3218 5692 3630 5767; x_wconf 79' lang='lat' dir='ltr'>interpretans,</span> <span class='ocrx_word' id='word_1_837' title='bbox 3680 5694 3843 5751; x_wconf 87' lang='lat' dir='ltr'>Nice-</span> 
     </span>
    </p>
   </div>
   <div class='ocr_carea' id='block_1_117' title="bbox 2193 5763 3765 5840">
    <p class='ocr_par' dir='ltr' id='par_1_117' title="bbox 2193 5763 3765 5840">
     <span class='ocr_line' id='line_1_117' title="bbox 2193 5763 3765 5840; baseline 0.001 -18"><span class='ocrx_word' id='word_1_838' title='bbox 2193 5763 2360 5839; x_wconf 78' lang='lat' dir='ltr'>phori</span> <span class='ocrx_word' id='word_1_839' title='bbox 2391 5763 2647 5821; x_wconf 82' lang='lat' dir='ltr'>mentem</span> <span class='ocrx_word' id='word_1_840' title='bbox 2677 5763 2846 5837; x_wconf 84' lang='lat' dir='ltr'>sequi</span> <span class='ocrx_word' id='word_1_841' title='bbox 2882 5764 3086 5838; x_wconf 88' lang='lat' dir='ltr'>malui,</span> <span class='ocrx_word' id='word_1_842' title='bbox 3119 5782 3297 5838; x_wconf 87' lang='lat' dir='ltr'>quam</span> <span class='ocrx_word' id='word_1_843' title='bbox 3336 5763 3765 5840; x_wconf 62' lang='lat' dir='ltr'>Metaphrastaa.</span> 
     </span>
    </p>
   </div>
  </div>
