4154 6464
241 415 364 481 635

250 550 541 624 quaedam,
570 549 831 607 veritatis
862 555 1101 625 cogente
1130 551 1209 610 vi.
1244 553 1406 620 Quod
1453 554 1503 609 si
1553 555 1698 610 forte
1727 571 1824 610 rex
1866 570 1900 608 a

2037 557 2194 616 ἵεσθαι
2258 552 2349 607 καὶ
2422 552 2503 624 τῷ
2573 550 2808 607 ἐντεῦθεν
2883 550 3060 607 σκότει

251 640 557 695 mendacio
614 657 730 696 non
788 640 1119 706 abhorreat,
1167 658 1345 715 seque
1402 643 1582 715 hujus
1645 642 1896 699 tenebris

252 729 657 801 circumtegat,
691 730 791 800 qui
822 729 959 785 licet
990 730 1147 787 hunc
1179 732 1367 803 gloria
1398 734 1710 805 praeditum
1742 733 1897 787 dice-

247 818 359 874 re?
408 819 594 873 Immo
640 834 773 873 vero
819 818 871 873 is
920 820 1292 875 exsecrabilis
1323 826 1412 876 est
1442 826 1619 894 atque
1651 822 1896 889 invisus,

246 911 305 962 et
333 907 625 962 bonorum
651 900 1086 979 comparatione
1105 909 1443 980 damnatur,
1466 927 1573 965 ceu
1606 910 1900 965 solaribus

248 1012 445 1052 coram
499 995 678 1051 radiis
725 997 930 1067 ingens
981 997 1216 1058 nebula.
1251 999 1397 1072 Ergo
1440 999 1667 1054 falsitas
1701 998 1900 1071 procul

249 1089 397 1150 esto,
424 1088 596 1140 acuto
624 1085 887 1141 veritatis
913 1103 1050 1141 ense
1080 1089 1359 1158 praecisa;
1393 1088 1709 1160 nullusque
1741 1089 1790 1143 ei
1826 1090 1903 1143 sit

250 1173 399 1229 liber
443 1173 661 1238 aditus,
695 1175 796 1229 sed
842 1175 913 1230 ad
968 1192 1198 1231 reorum
1249 1193 1539 1232 carcerem
1593 1176 1900 1248 relegetur.

247 1260 598 1333 Triumphet
623 1262 856 1331 veritas,
890 1267 946 1318 et
988 1265 1407 1336 sponsionibus
1438 1270 1613 1337 atque
1645 1266 1899 1337 promis-

249 1350 333 1406 sis
365 1355 586 1413 anteat.
610 1356 737 1406 tum
759 1351 934 1407 etiam
967 1354 1037 1407 ad
1071 1354 1247 1408 finem
1271 1370 1461 1425 usque
1489 1358 1902 1426 prosequatur.

251 1439 400 1494 Nam
434 1441 480 1496 si
517 1440 691 1495 ﬁdem
724 1440 970 1497 liberare
995 1441 1083 1495 vel
1118 1459 1325 1513 parum
1356 1444 1612 1513 differas,
1638 1444 1695 1498 id
1733 1442 1907 1515 pmni-

250 1528 497 1585 tentiam
530 1529 712 1585 animi
751 1529 1139 1586 exilitatemve
1181 1533 1565 1588 demonstrat.
1600 1534 1654 1587 Is
1709 1539 1905 1587 autem

253 1617 365 1672 hoc
416 1633 545 1672 esse
583 1616 787 1673 habitu
828 1618 1043 1674 mentis
1075 1622 1470 1692 cognoscitur,
1503 1620 1604 1692 qui
1638 1638 1753 1676 non
1787 1625 1904 1675 sta-

252 1705 364 1760 tim
395 1704 686 1777 promissa
717 1706 871 1773 facit,
903 1724 1106 1763 verum
1140 1709 1333 1765 differt
1373 1714 1549 1781 atque
1591 1708 1907 1781 procrasti-

253 1799 375 1865 nat,
409 1811 513 1850 ceu
563 1793 953 1868 philosophus
1001 1796 1097 1853 ille
1146 1798 1431 1870 Pyrrhon,
1467 1798 1567 1870 qui
1599 1803 1909 1870 propterea

251 1882 609 1955 epbecticus,
641 1882 699 1937 id
748 1888 837 1939 est
879 1901 1185 1941 assensum
1219 1886 1543 1949 sustinens.
1577 1885 1907 1958 appellatus

250 1972 380 2027 fuit.
408 1972 516 2037 Qui
544 1989 679 2029 vero
711 1978 1142 2047 promissorum
1173 1976 1419 2031 omnino
1452 1976 1632 2031 fidem
1662 1974 1835 2040 fallit,
1856 1974 1908 2029 is

252 2060 392 2116 hinc
437 2059 583 2117 satis
631 2062 996 2118 demonstrat
1028 2064 1245 2119 mentis
1290 2082 1408 2120 suae
1456 2064 1908 2120 fundamentum

263 2165 506 2221 prorsus
535 2165 663 2205 esse
692 2152 994 2222 putridum
1024 2157 1202 2225 atque
1231 2157 1578 2225 quassatum
1608 2171 1621 2209 :
1662 2170 1788 2225 quae
1819 2168 1911 2208 res

263 2238 387 2311 regi
409 2239 674 2311 apprime
694 2240 968 2296 indecora
995 2245 1087 2297 est
1106 2242 1428 2314 eodemque
1449 2242 1713 2315 indigna.
1738 2240 1914 2297 Nulla

260 2326 478 2399 quippe
507 2344 642 2383 eum
672 2330 995 2385 necessitas
1024 2331 1181 2402 cogit
1210 2331 1282 2386 ad
1316 2332 1461 2387 falso
1491 2330 1914 2387 fraudulenter-

258 2433 372 2489 que
400 2414 785 2488 loquendum.
818 2419 926 2483 Qui
974 2420 1130 2475 enim
1186 2420 1242 2475 id
1282 2420 1509 2476 homini
1539 2420 1785 2490 accidat,
1817 2420 1914 2474 cui

255 2520 453 2560 rerum
484 2504 745 2576 potestas
766 2507 1034 2564 omnium
1068 2508 1493 2581 arbitriumque
1523 2509 1911 2564 commissum

254 2592 395 2651 est?
422 2593 545 2649 Nisi
576 2598 771 2651 autem
803 2596 899 2652 hic
933 2615 1047 2670 prae
1069 2598 1291 2654 caeteris
1310 2599 1617 2654 veritatem
1642 2597 1909 2663 coluerit,

256 2683 552 2755 quomodo
576 2684 750 2740 fidem
776 2686 1047 2759 deinceps
1069 2688 1487 2743 nanciscetur?
1519 2689 1746 2743 Rursus
1770 2703 1914 2759 quo-

264 2773 439 2829 modo
486 2773 706 2828 subditi
759 2774 1028 2832 homines
1074 2778 1145 2832 ad
1197 2777 1589 2833 constantiam
1638 2776 1922 2833 orationis

264 2860 658 2918 erudientur?
700 2864 884 2921 Immo
935 2865 1185 2922 invicem
1238 2868 1496 2939 suspecti
1544 2870 1717 2923 erunt
1763 2865 1923 2937 prin-

272 2966 409 3023 ceps
442 2967 508 3007 ac
539 2952 837 3022 subditus,
871 2958 1046 3027 atque
1077 2956 1277 3011 omnia
1306 2956 1745 3028 perturbatione
1774 2953 1933 3009 labo-

286 3041 524 3107 rabunt,
550 3042 876 3097 secundum
906 3043 1272 3115 Empedoclis
1301 3044 1657 3116 opinionem,
1681 3043 1782 3115 qui
1813 3040 1933 3097 exi-

290 3128 572 3185 stimabat
586 3128 876 3187 elementa
891 3133 1091 3188 omnia
1108 3134 1408 3189 mundana
1424 3134 1605 3189 fuisse
1627 3132 1934 3204 permixta,

1496 418 1920 483 NIGEPHORI
1962 417 2398 483 BLEMMIDIE

3538 418 3659 483 636

3145 547 3657 627 περικαλύπτεσθαι,

2010 645 2128 704 πῶς
2180 640 2238 696 ἃν
2292 643 2599 704 ὁτοιοῦτος
2653 638 2867 712 ἔνδοξος
2922 640 3278 714 ὀνομάζεσθαι
3329 636 3573 708 δίκαιος;
3615 638 3660 693 εἰ

2013 730 2089 802 μὴ
2147 728 2358 803 μᾶλλον
2412 730 2674 806 στυγητὸς
2720 729 2809 785 καὶ
2864 728 3259 803 μεμισημένος,
3308 728 3663 805 συγκρινόμε-

2009 840 2102 881 νος
2154 824 2273 881 τοῖς
2334 819 2529 895 ἑτέρων
2584 816 2775 881 καλοῖς
2832 819 2922 873 καὶ
2979 815 3448 894 ἀπελεγχόμενος,
3482 815 3663 894 ὥσπερ

2016 907 2152 985 μέγα
2226 906 2386 986 νέφος
2457 907 2665 963 ἀκτῖσιν
2741 906 3022 978 ἡλιακαῖς.
3079 911 3377 982 Τοιγαροῦν
3426 904 3665 961 ἀποδιω-

2010 996 2187 1060 κέσθω
2216 997 2278 1051 τὸ
2309 994 2506 1071 ψεῦδος
2562 996 2766 1073 μακρὰν
2826 995 3273 1069 ἀποκοπτόμενω
3328 994 3409 1069 τῷ
3462 1016 3664 1069 τμητι-

2011 1085 2236 1141 κωτάτω
2294 1086 2429 1164 ξίφει
2485 1088 2586 1155 τῆς
2645 1085 2924 1157 ἀληθείας,
2961 1081 3234 1158 μηδεμίαν
3273 1082 3403 1161 ἔχον
3459 1083 3668 1161 παῤῥη-

2014 1175 2152 1241 σίαν,
2187 1172 2312 1230 ἀλλ’
2344 1175 2419 1237 εἰς
2476 1175 2566 1229 τὸν
2619 1174 2786 1230 τόπον
2846 1178 2955 1229 τῶν
3008 1170 3311 1229 καταδίκων
3371 1171 3668 1228 ἀπελαυνό-

2017 1285 2194 1338 μενον.
2227 1265 2289 1317 Ἦ
2349 1261 2406 1319 δὲ
2461 1264 2693 1334 ἀλήθεια
2762 1262 3239 1340 παῤῥησιαζέσθω,
3296 1261 3387 1318 καὶ
3446 1261 3498 1317 ἐν
3546 1267 3667 1324 ταῖς

2014 1352 2366 1427 ἐπαγγελίαις
2425 1353 2516 1407 καὶ
2576 1351 2900 1427 ὑποσχέσεσι
2958 1350 3334 1429 προφθανέτω,
3390 1350 3482 1406 καὶ
3537 1349 3669 1405 ἐπα-

2015 1439 2349 1497 κολουθείτω
2389 1442 2452 1496 τὸ
2505 1438 2689 1503 τέλοςο
2737 1441 2801 1494 τὸ
2859 1440 2963 1517 γὰρ
3022 1439 3112 1495 καὶ
3173 1439 3435 1516 ἐπολίγον
3477 1437 3673 1515 βραδύ-

2015 1551 2124 1584 νειν
2178 1532 2267 1584 καὶ
2331 1531 2407 1603 μή
2461 1528 2702 1585 τελειοῦν
2759 1530 2858 1598 τήν
2935 1528 3253 1605 ὑπόσχεσιν,
3313 1528 3674 1602 μεταμέλειαν

2017 1619 2108 1675 καὶ
2136 1616 2431 1698 φειδωλίαν
2465 1615 2652 1690 δηλοῖ.
2683 1621 2799 1688 Τῆς
2836 1616 2890 1673 δὲ
2944 1618 3178 1694 γνώμης
3231 1616 3436 1687 ταύτης
3496 1617 3671 1693 παρά-

2019 1728 2201 1769 στασις
2256 1709 2318 1763 τὸ
2379 1709 2455 1780 μὴ
2513 1707 2816 1782 παραυτίκα
2860 1705 3112 1783 πληροῦν
3168 1706 3235 1762 τά
3296 1706 3672 1782 ὑπεσχημένα,

2020 1795 2148 1851 ἀλλ’
2200 1796 2414 1872 ἐπέχειν
2473 1797 2563 1852 καὶ
2622 1791 3012 1874 ἀμφιϐάλλειν,
3046 1794 3227 1871 ὥσπερ
3286 1796 3314 1849 ὁ
3374 1790 3675 1873 φιλόσοφος

2024 1885 2226 1948 ἐκεῖνος
2274 1884 2500 1962 Πύρρων
2555 1888 2672 1960 (36)
2717 1886 2911 1956 ἐποίει,
2942 1885 3033 1941 καὶ
3095 1882 3185 1940 διὰ
3236 1888 3397 1939 τοῦτο
3457 1882 3676 1957 ὠνομά-

2021 1978 2122 2046 σθη
2184 1975 2483 2053 ἐφεκτικός.
2514 1975 2579 2030 Εἰ
2638 1973 2696 2030 δὲ
2750 1976 2841 2030 καὶ
2890 1974 2966 2038 εἷς
3010 1973 3171 2036 τέλος
3220 1974 3273 2029 οἱ
3301 1981 3404 2044 τῆς
3446 1972 3679 2049 ὑποσχέ-

2019 2085 2154 2126 σεως
2190 2062 2349 2139 λόγοι
2378 2061 2596 2138 ψευδεῖς
2630 2061 3053 2140 ἀπελέγχονται,
3087 2064 3146 2119 ἐκ
3200 2062 3398 2118 τούτου
3455 2059 3677 2131 ἀληθῶς

2022 2151 2310 2225 δείκνυται,
2360 2152 2434 2215 ὡς
2508 2150 2942 2225 διασεσεισμένος
2989 2151 3102 2208 ἐστὶ
3176 2150 3266 2207 καὶ
3329 2151 3521 2223 σαθρὸς
3584 2153 3680 2204 τοῦ

2023 2242 2297 2317 λογισμοῦ
2354 2242 2382 2295 ὁ
2432 2240 2709 2314 θεμέλιος.
2740 2245 2909 2297 Τοῦτο
2969 2238 3028 2296 δὲ
3085 2239 3322 2314 ἀπρεπές
3380 2238 3493 2294 ἐστι
3535 2239 3683 2314 βασι-

2023 2330 2163 2393 λέως
2219 2330 2310 2385 καὶ
2369 2332 2545 2401 πάντη
2607 2329 2840 2402 ἀνάξιον
2900 2328 3028 2385 οὐδὲ
3082 2331 3187 2406 γὰρ
3270 2327 3506 2405 ἀνάγκην
3567 2323 3686 2403 ἔχει

2030 2421 2380 2496 βιαζομένην,
2415 2418 2554 2474 ὥστε
2613 2419 2872 2489 ἀπατηλᾶ
2925 2418 3017 2474 καὶ
3071 2415 3244 2493 ψευδῆ
3307 2417 3509 2492 λέγειν·
3570 2420 3688 2478 πῶς

2028 2510 2170 2586 γάρ;
2204 2510 2250 2580 ᾦ
2280 2506 2426 2563 πολὺ
2480 2508 2545 2563 τὸ
2610 2509 2806 2582 κράτος
2865 2508 2956 2563 καὶ
3012 2510 3152 2563 κατὰ
3201 2506 3418 2562 πάντων
3461 2508 3496 2575 ἡ
3531 2503 3688 2561 δύνα-

2035 2618 2146 2671 μις·
2184 2596 2229 2651 εἰ
2259 2599 2363 2672 γὰρ
2428 2598 2503 2670 μή
2560 2598 2667 2671 πρὸ
2716 2601 2827 2651 τῶν
2886 2595 3074 2652 ἀλλων
3136 2596 3388 2651 ἀπάντων
3422 2595 3580 2656 οὗτος
3604 2615 3688 2648 τι-

2038 2691 2113 2760 μᾷ
2166 2688 2264 2755 τήν
2327 2684 2604 2756 ἀλήθειαν,
2635 2685 2797 2741 πόθεν
2852 2684 2955 2756 ἕξει
3009 2683 3073 2740 τὰ
3126 2684 3478 2757 ἀξιόπιστον;
3511 2684 3547 2752 ἢ
3598 2681 3694 2736 πό-

2034 2778 2118 2830 θεν
2175 2775 2239 2830 τὸ
2292 2774 2594 2851 ἀρχόμενον
2653 2775 2745 2830 καὶ
2817 2774 3060 2845 ὑπήκοον
3142 2770 3513 2842 ἐκπαιδευθείη
3592 2772 3690 2840 τήν

2036 2869 2143 2919 τῶν
2177 2859 2359 2939 λόγων
2415 2862 2747 2942 ἀσφάλειαν;
2781 2859 2992 2919 ἔσονται
3049 2864 3151 2940 γὰρ
3208 2863 3346 2940 πρὸς
3405 2860 3693 2932 ἀλλήλους

2039 2954 2091 3008 ἐν
2139 2952 2345 3027 ὑποψίᾳ
2375 2952 2404 3007 ὅ
2434 2973 2492 3007 τε
2548 2949 2736 3030 ἅρχων
2796 2952 2887 3008 καὶ
2919 2953 2948 3007 ὁ
2978 2952 3311 3030 ἀρχόμενος,
3342 2951 3433 3006 καὶ
3493 2947 3697 3026 συγχύ-

2042 3063 2178 3105 σεως
2228 3042 2297 3097 τὰ
2350 3040 2524 3096 πάντα
2584 3041 2878 3115 μέλλουσιν
2939 3041 3075 3096 εἶναι
3149 3040 3336 3114 μεστὰ,
3394 3038 3532 3095 κατά
3594 3040 3694 3107 τὴν

2041 3135 2139 3187 τοῦ
2193 3128 2632 3205 Ἐμπεδοκλέους
2712 3127 2890 3202 δόξαν.
2949 3131 3009 3193 ’ὸς
3070 3127 3336 3202 ἐδόξαζεν,
3397 3127 3482 3184 ὅτι
3532 3126 3602 3182 τὰ
3647 3125 3699 3182 έν

290 3216 636 3289 priusquam
683 3236 752 3275 ea
792 3219 1181 3278 dissociarent
1220 3223 1344 3278 ri‘xa
1389 3227 1447 3278 et
1497 3220 1849 3295 sympathia,
1881 3227 1922 3275 et

2046 3220 2240 3293 κόσμῳ
2297 3219 2467 3274 πάντα
2521 3221 2819 3296 πράγματα
2867 3220 3003 3289 ἦσαν
3054 3217 3105 3274 ἐν
3139 3218 3401 3294 συγχύσει
3431 3216 3523 3273 καὶ
3572 3217 3695 3271 ἀνα-

290 3322 398 3361 suo
429 3307 704 3378 quodque
726 3307 1083 3366 elementum
1104 3311 1285 3366 adﬁni
1317 3293 1775 3367 adhaeresceret:
1809 3325 1922 3380 qua

2056 3308 2387 3384 μεμιγμένα,
2420 3308 2527 3382 πρὸ
2566 3293 2681 3362 ⁷τοῦ
2737 3309 2801 3363 τὸ
2859 3312 3034 3371 νεῖκος
3090 3306 3181 3363 καὶ
3370 3303 3555 3384 φιλίαν
3589 3301 3702 3359 δια-

291 3395 495 3450 eadem
545 3396 665 3452 fere
712 3397 989 3470 dogmata
1036 3400 1276 3455 fuerunt
1314 3400 1585 3456 Heracliti
1619 3414 1851 3472 quoque
1879 3403 1922 3452 e1

2049 3398 2285 3475 χωρίσαι
2333 3396 2487 3466 αὐτὰ,
2539 3395 2629 3451 καὶ
2687 3393 2911 3451 ἕκαστον
2988 3395 3124 3470 πρὸς
3194 3395 3258 3449 τὸ
3333 3393 3533 3449 οἰκεῖον
3609 3390 3700 3448 καὶ

292 3483 605 3540 Democriti
648 3489 706 3540 et
743 3486 990 3544 Zenonis
1021 3494 1406 3560 cognomento
1436 3489 1688 3557 immoti,
1722 3489 1793 3542 de
1842 3502 1922 3542 co-

2042 3486 2294 3562 ’συγγενὲς
2322 3491 2675 3555 καταστῆσαι·
2728 3482 2875 3540 ἀλλὰ
2904 3484 2971 3555 δὴ
3030 3483 3121 3539 καὶ
3175 3482 3314 3539 κατὰ
3365 3481 3435 3537 τὰ
3490 3478 3702 3556 δόγμα-

292 3570 434 3644 pula
462 3588 661 3629 rerum
692 3579 747 3629 et
777 3575 849 3631 de
879 3578 1287 3650 repugnantia.
1322 3577 1505 3650 Igitur
1532 3576 1762 3633 nullum
1794 3592 1922 3632 con-

2045 3596 2113 3631 τα
2158 3578 2256 3629 τοῦ
2300 3595 2360 3630 τε
2405 3572 2759 3650 Ἡρακλείτου
2806 3573 2897 3629 καὶ
2953 3573 3325 3650 Δημοκρίτου,
3368 3572 3460 3627 καὶ
3519 3572 3704 3642 Ζήνω-

290 3661 623 3718 venientiue
653 3663 776 3736 regi
815 3670 1227 3722 ornamentum
1270 3672 1361 3722 est
1407 3684 1585 3739 quam
1615 3666 1849 3732 veritas,
1883 3673 1922 3720 et

2046 3686 2140 3727 νος
2199 3668 2296 3719 τοῦ
2353 3663 2637 3735 ἀκινήτου,
2696 3663 2820 3737 περὶ
2883 3661 3078 3737 μίξεως
3134 3661 3224 3718 καὶ
3300 3659 3701 3735 ἐναντουμένων

294 3766 535 3823 precum
567 3753 926 3825 supplicum,
958 3772 1084 3827 quae
1117 3756 1352 3828 quidem
1377 3757 1554 3828 justae
1588 3758 1749 3824 sunt,
1781 3770 1939 3809 com-

296 3838 580 3911 pendiosa
616 3841 908 3898 exauditio
951 3843 1130 3899 nullis
1180 3843 1560 3901 dilationibus
1610 3848 1936 3916 prorogata.

298 3928 423 3986 Non
454 3929 610 3984 enim
643 3930 956 3987 sinendum
991 3938 1079 3989 est
1108 3937 1173 3989 ut
1202 3933 1496 4006 supplices
1526 3932 1766 3989 tristitia
1796 3932 1940 3987 adﬁ-

295 4016 546 4086 ciantur,
580 4023 639 4075 et
683 4019 837 4076 diem
891 4022 963 4076 de
1009 4022 1103 4077 die
1149 4027 1591 4094 prospectantes
1628 4025 1941 4094 angantur,

298 4107 440 4163 dum
469 4124 609 4163 suas
640 4124 840 4181 preces
871 4109 1068 4167 irritas
1097 4118 1366 4168 cernunt.
1402 4113 1461 4168 Id
1494 4111 1650 4168 enim
1691 4127 1724 4166 a
1763 4108 1945 4182 regali

294 4196 660 4268 providentia
686 4197 859 4272 longe
887 4200 1122 4256 recedit.

366 4464 517 4522 VIII.
550 4467 666 4522 Rea:
708 4466 922 4522 milites
973 4471 1247 4523 exerceat.
1281 4499 1349 4510 —-
1378 4470 1499 4540 Age
1544 4484 1680 4524 vero
1731 4468 1947 4524 milites

298 4571 532 4628 quoque
561 4555 635 4611 ad
665 4554 937 4610 exercitia
957 4555 1246 4612 excitandi
1276 4562 1436 4628 sunt,
1468 4557 1714 4629 ejusque
1744 4557 1828 4612 rei
1857 4573 1944 4612 re-

2050 3751 2349 3824 ἀλλήλοις,
2380 3750 2827 3829 Ἃρμοδιώτατος
2875 3750 2978 3827 ἄρα
3023 3750 3423 3825 καλλωπισμὸς
3472 3752 3509 3820 ἡ
3560 3747 3701 3819 ἀλή-

2051 3853 2166 3907 θεια
2192 3841 2272 3914 τῷ
2307 3840 2541 3918 βασιλεῖ,
2572 3842 2663 3897 καὶ
2692 3842 2755 3897 τὸ
2800 3843 2936 3916 πρὸς
2981 3841 3078 3903 τὰς
3127 3839 3385 3916 εὐλόγους
3431 3842 3541 3894 τῶν
3584 3834 3701 3892 δευ-

2055 3930 2227 4004 μένων
2282 3930 2524 4001 αἰτήσεις
2576 3929 3036 4007 ἀποπληρωτικὸν
3082 3927 3135 3984 ἐν
3179 3927 3436 4001 συντόμῳ
3482 3927 3572 3982 καὶ
3626 3926 3703 4000 μὴ

2053 4019 2103 4075 ὲν
2146 4014 2443 4083 ἀναϐολαῖς
2472 4040 2533 4075 τε
2568 4019 2660 4075 καὶ
2716 4018 3084 4096 ὑπερθέσεσιν.
3116 4016 3190 4072 Οὐ
3247 4018 3360 4094 χρὴ
3420 4015 3479 4071 δὲ
3532 4034 3706 4091 παρα-

2054 4106 2346 4182 λιμπάνειν
2411 4107 2540 4171 τοὺς
2608 4107 2944 4170 ἱκετεύοντας
3010 4107 3255 4162 ἀνιᾶσθαι
3306 4105 3397 4162 καὶ
3467 4102 3707 4173 ἐκπιέζε-

2053 4199 2174 4254 σθαι
2204 4198 2310 4253 ἀπὸ
2339 4202 2437 4253 τοῦ
2462 4197 2674 4273 ἡμέραν
2725 4197 2777 4269 ἐξ
2807 4196 3018 4271 ἡμέρας
3065 4196 3448 4271 παρατρέχειν,
3479 4195 3570 4250 καὶ
3629 4193 3707 4266 μὴ

2056 4286 2414 4362 ἀποπληροῦν
2472 4288 2569 4349 τὰς
2627 4284 2865 4357 δεήσεις,
2896 4285 3091 4341 αὐτῶνθ
3135 4288 3297 4341 τοῦτο
3355 4284 3461 4361 γὰρ
3516 4280 3709 4360 πόρῥω

2053 4374 2387 4450 κηδεμονίας
2422 4374 2733 4452 βασιλικῆς,

2128 4471 2192 4522 Η.
2227 4465 2343 4541 Χρὴ
2404 4462 2462 4519 δὲ
2517 4465 2608 4519 καὶ
2663 4463 2792 4525 τοὺς
2849 4464 3180 4540 στρατιώτας
3239 4459 3522 4538 διεγείρειν
3571 4461 3708 4534 πρὸς

2054 4554 2123 4610 τὰ
2174 4553 2467 4630 γυμνάσια,
2512 4555 2602 4609 καὶ
2658 4552 2819 4609 αὐτὸν
2877 4552 3012 4608 εἶναι
3058 4552 3151 4608 τὸν
3210 4549 3439 4629 βασιλέα
3490 4549 3581 4604 καὶ
3632 4548 3710 4611 εἷς

299 4661 433 4717 gem
472 4647 701 4717 oportet
749 4659 879 4699 esse
927 4644 1288 4701 incentorem
1343 4651 1521 4717 atque
1572 4646 1922 4718 magistrum

2053 4648 2216 4700 τοῦτο
2265 4641 2529 4715 ἀλείπτην
2574 4644 2664 4698 καὶ
2706 4640 3022 4713 παιδευτήν⁶
3068 4641 3132 4697 τὸ
3183 4641 3284 4718 γὰρ
3344 4640 3707 4717 ἀγύμναστον,

299 4735 721 4791 lnexercitatus
752 4733 909 4789 enim
943 4732 1113 4789 miles
1142 4734 1309 4789 rudis
1340 4741 1430 4790 est
1458 4739 1515 4791 et
1542 4734 1759 4791 laboris
1790 4735 1944 4791 into-

296 4823 492 4881 lerans
528 4841 542 4879 :
578 4822 772 4879 omnis
804 4827 1001 4879 autem
1031 4839 1129 4878 ars
1160 4839 1369 4894 resque
1398 4824 1674 4896 gerenda,
1707 4824 1949 4880 medita-

297 4913 455 4969 tione
482 4916 539 4968 et
567 4929 709 4968 cura
733 4910 940 4967 melior
968 4912 1033 4967 ﬁt
1063 4915 1119 4966 et
1152 4912 1297 4967 bene
1317 4912 1695 4968 constituitur
1719 4929 1731 4969 :
1769 4929 1950 4984 quare

298 5006 433 5074 apte
460 5002 722 5070 omnino,
753 5004 812 5057 et
860 5001 1187 5057 secundum
1227 5001 1310 5057 rei
1347 5001 1672 5072 veritatem,
1704 5018 1949 5058 consue-

296 5091 441 5146 tudo
462 5089 681 5145 dioitnr
707 5089 891 5146 altera
921 5095 1151 5145 natura.
1176 5090 1445 5162 Namque
1476 5091 1705 5147 adsueti
1734 5090 1948 5146 labori-

297 5179 411 5235 bus
441 5183 619 5251 atque
649 5178 956 5249 molestiis,
988 5178 1221 5235 etiamsi
1252 5179 1471 5235 inﬁrmi
1502 5181 1623 5235 sint
1660 5184 1719 5236 et
1755 5195 1947 5246 senes,

299 5271 556 5323 attamen
584 5266 896 5323 validiores
928 5267 1424 5339 patientioresque
1463 5268 1735 5324 videntur
1775 5269 1950 5340 juve-

299 5356 517 5413 nilibus
542 5361 718 5428 atque
740 5356 1019 5424 robustis,
1039 5356 1141 5411 sed
1166 5348 1276 5412 usu
1303 5356 1660 5428 expertibus.
1679 5362 1952 5428 Spectare

298 5444 358 5501 id
390 5445 525 5502 licet
566 5447 627 5500 in
675 5445 944 5517 tignariis
975 5445 1180 5514 fabris,
1213 5445 1274 5499 in
1306 5445 1651 5515 fossoribus,
1684 5445 1947 5500 vinitori-

300 5536 412 5590 bus
442 5539 618 5607 atque
647 5533 865 5606 bajulis
897 5552 911 5590 :
952 5534 1014 5589 hi
1045 5533 1202 5589 enim
1233 5534 1578 5606 quotidiana
1607 5534 1724 5590 haec
1752 5551 1947 5606 opera,

372 5745 489 5821 (36)
517 5747 699 5805 Codd.
730 5744 966 5823 Πὺρρος.

2058 4734 2260 4807 ἀμαθές
2316 4754 2377 4787 τε
2432 4733 2521 4788 καὶ
2597 4731 2985 4809 ἀκαρτέρητον·
3043 4736 3187 4786 πᾶσα
3261 4727 3321 4785 δὲ
3384 4728 3558 4804 τέχνη
3618 4727 3710 4782 καὶ

2056 4822 2249 4900 πρᾶξις
2306 4818 2396 4876 διὰ
2450 4818 2687 4893 μελέτης
2729 4820 2818 4876 καὶ
2876 4818 3192 4893 ἐπιμελείας
3245 4815 3555 4894 βελτιοῦται
3617 4815 3711 4871 καὶ

2057 4910 2244 4973 καλῶς
2311 4909 2636 4982 συνίσταται,
2696 4910 2788 4964 καὶ
2872 4908 3241 4986 ἡρμοσμένως
3319 4910 3538 4968 πάντως
3592 4902 3711 4959 καὶ

2056 5004 2350 5079 προσφυῶς
2408 5000 2483 5061 ὡς
2544 4993 2690 5070 ἄλλη
2751 4996 2906 5077 φύσις
2956 5001 2992 5068 ἡ
3047 4998 3306 5069 συνήθεια
3361 4994 3708 5069 ὀνομάζεται’

2057 5089 2147 5144 καὶ
2206 5089 2310 5166 γὰρ
2368 5090 2422 5144 oi.
2474 5088 2869 5163 συνειθισμένοι
2921 5092 3039 5149 τοῖς
3084 5085 3273 5149 πόνοις
3330 5085 3420 5141 καὶ
3447 5089 3571 5146 ταῖς
3615 5103 3712 5139 κα-

2058 5177 2393 5250 κοπαθείαις,
2425 5179 2521 5233 κᾶν
2578 5177 2818 5239 ἀσθενεῖς
2877 5177 2978 5231 ὦσι
3034 5175 3126 5231 καὶ
3179 5173 3423 5251 γηραιοὶ,
3484 5170 3712 5249 ἰσχυρό-

2056 5287 2203 5344 τεροι
2261 5266 2353 5322 καὶ
2407 5267 2863 5343 καρτερικώτεροι
2919 5264 3195 5343 φαίνονται
3248 5267 3355 5318 τῶν
3435 5262 3572 5317 νέων
3625 5260 3717 5317 καὶ

2060 5351 2327 5427 δυνατῶν,
2372 5355 2651 5426 ἀσυνήθων
2698 5352 2757 5410 δὲ
2812 5349 3005 5410 ὅντων·
3062 5352 3154 5408 καὶ
3213 5348 3384 5424 δῆλον
3443 5350 3549 5406 ἀπὸ
3604 5352 3713 5404 τῶν

2062 5441 2476 5520 διενεργούντων
2521 5445 2618 5507 τὰς
2668 5442 2967 5518 οἰκοδομὰς
3032 5440 3124 5497 καὶ
3188 5440 3285 5504 τὰς
3349 5438 3572 5508 κτίσεις,
3623 5434 3715 5493 καὶ

2062 5534 2170 5588 ἀπὸ
2226 5533 2608 5610 ἐργαζομένων
2666 5535 2766 5604 τήν
2826 5540 2931 5609 γῆν
2986 5531 3297 5587 σκαπανέων
3349 5530 3442 5585 καὶ
3471 5526 3712 5609 φυτηκό-
