4154 6420
441 381 560 443 637

1589 383 1882 447 ORATIO
1925 383 2028 446 DE
2073 382 2306 446 REGIS
2352 386 2709 450 OFFIGIIS.

3739 382 3863 447 638

448 534 565 587 μων
594 513 821 569 καὶτῶν
866 514 1242 590 βασταζόντων
1287 513 1340 570 ἐν
1389 521 1504 577 τοῖς
1554 515 1728 589 ὤμοις
1781 516 1918 592 βάρη
1976 513 2096 570 δυσ-

2219 524 2455 592 propter
2484 520 2831 577 diuturnum
2862 519 3236 587 usum,facile
3265 524 3539 577 exercent
3572 536 3586 575 :
3615 536 3751 576 cum
3773 520 3862 576 in-

438 596 729 658 6άστακτα·
789 602 867 665 ὡς
919 598 1076 678 ἔργον
1132 603 1234 680 γὰρ
1293 602 1512 681 ἔχοντες
1569 606 1637 660 τὰ
1688 610 1951 672 τοιαῦτα,
2008 606 2099 660 καὶ

440 692 544 747 ὑπὸ
583 694 682 761 τῆς
735 697 943 767 μακρᾶς
1000 693 1280 762 συνηθείας
1328 695 1783 769 γεγυμνασμένοι,
1837 695 1950 768 μετ’
2012 694 2097 749 εὐ-

438 779 633 842 κολίας
686 777 1065 850 ἐπιτηδεύουσι
1111 781 1201 836 καὶ
1251 781 1487 839 ἀνύουσι.
1537 784 1680 859 Πρὸς
1727 788 1894 838 ταῦτα
1943 780 2001 839 δὲ
2046 784 2099 838 οἱ

438 868 722 925 καταπολὺ
767 866 1165 944 ἀνδρικώτατοι
1224 868 1473 926 ἀδύνατοι
1534 871 1624 927 καὶ
1673 870 1928 945 ἀδόκιμοι
1978 872 2099 951 φαί-

400 955 641 1013 ’νονταν
676 958 937 1021 ὡσαύτως
986 959 1039 1012 oi
1086 958 1459 1036 προιθίζοντες
1515 960 1738 1024 ἑαυτοὺς
1789 961 1864 1024 εἷς
1918 958 2097 1016 ἷ¹ππων

444 1046 745 1124 ἐποχήσεις
800 1047 891 1103 καὶ
942 1045 1285 1127 ὁπλοφορίας
1339 1050 1430 1104 καὶ
1487 1051 1653 1127 ξιφῶν
1709 1050 1798 1105 καὶ
1856 1048 2097 1128 δοράτων

438 1138 844 1214 μεταχειρίσεις
894 1136 947 1192 έν
997 1144 1210 1212 καιροῖς
1258 1136 1511 1212 πολέμου
1573 1139 1846 1218 φαίνονται
1897 1142 2098 1216 χρήσι-

446 1247 562 1300 μοι,
624 1224 713 1281 καί
773 1231 967 1281 νικῶσι
1023 1224 1275 1289 πολλοὺς
1359 1225 1762 1305 δυνατωτέρους
1840 1226 1930 1284 διά
1999 1231 2099 1299 τὴν

441 1315 659 1372 ἐκείνων
716 1314 962 1393 ἀπειρίαν
999 1361 1012 1374 .
1077 1317 1284 1392 Ἀγνοῶ
1363 1314 1421 1372 δὲ
1490 1316 1579 1372 καὶ
1653 1319 1791 1373 κατά
1843 1317 1895 1372 τί
1953 1315 2102 1373 δοκεῖ

440 1403 720 1467 λυσιτελὲς
752 1403 844 1459 καὶ
874 1402 1156 1483 ὠφέλιμον
1203 1406 1266 1460 τὸ
1314 1406 1688 1481 καταγίνεσθαι
1738 1406 1815 1470 εἷς
1856 1406 2097 1483 παίγνια,

438 1494 527 1548 καὶ
564 1493 1032 1571 μεταχειρίζεσθαι
1080 1495 1215 1549 ποτε
1274 1495 1368 1568 μὲν
1422 1494 1473 1550 ἐν
1525 1499 1596 1570 τῇ
1647 1493 1812 1568 δεξιᾷ,
1861 1498 1994 1550 ποτὲ
2043 1493 2101 1551 δὲ

440 1582 493 1639 ἐν
521 1586 591 1657 τῇ
622 1582 877 1658 ἀριστερᾷ
924 1582 975 1638 ἐν
1023 1588 1105 1656 τῷ
1159 1584 1504 1661 μετεωρίζειν
1558 1584 1634 1647 εἷς
1684 1584 1818 1659 ὕψος
1870 1582 1960 1639 διὰ
2001 1589 2100 1639 τοῦ

441 1669 594 1727 δίνου
634 1672 735 1741 τὴν
786 1678 1037 1749 σφαῖραν,
1088 1673 1118 1727 ὃ
1170 1670 1237 1742 δὴ
1290 1694 1489 1736 κοινως
1541 1673 1862 1747 ὀνομάζεται
1910 1676 2101 1743 τζυκά-

439 1781 554 1815 νιον
587 1763 718 1836 (37).
769 1760 1006 1834 Ὁμοίως
1053 1761 1145 1817 καὶ
1191 1764 1260 1817 τὰ
1308 1760 1455 1819 ἄλλα
1498 1767 1607 1818 τῶν
1653 1762 1914 1838 παιγνίων
1961 1763 2038 1825 εἷς
2065 1761 2099 1817 ’ἀ

440 1851 705 1926 κεχήνασι
762 1848 973 1906 πολλοὶ
1029 1850 1120 1906 καὶ
1176 1848 1567 1922 σπουδάζουσιν
1601 1870 1614 1883 ⁸
1673 1849 1825 1908 οὐδεν
1878 1853 2096 1915 πάντως
2127 1884 2178 1950 Β

442 1936 818 1995 λυσιτελοῦσιν
901 1940 938 2009 ἢ
1022 1935 1436 2014 συμϐάλλονται
1514 1941 1589 2004 εἰς
1664 1940 2100 2017 ἀντιπαρατάξεις

442 2027 752 2102 πολεμικὰς
800 2029 893 2084 καὶ
945 2028 1294 2106 μονομαχίας
1346 2029 1648 2107 ἀνθρώπων
1710 2030 1950 2107 ἰσχυρῶν
2008 2031 2100 2086 καὶ

447 2116 736 2193 μαχίμων
766 2116 828 2172 ἂν
861 2115 919 2173 δέ
963 2138 1047 2181 τις
1100 2117 1349 2194 εὐλογεῖν
1403 2118 1556 2193 θέλῃ,
1590 2117 1682 2174 καὶ
1714 2118 1850 2195 λέγῃ
1899 2119 1983 2175 ὅτι
2013 2118 2104 2175 διὰ

444 2213 548 2276 τῆς
602 2206 862 2276 τοιαύτης
909 2205 1212 2282 γυμνασίας
1271 2206 1514 2282 γίνονται
1576 2209 1628 2263 oi
1686 2205 1963 2285 ἄνθρωποι
2021 2206 2102 2264 εὕ-

446 2315 673 2372 στροφοι
733 2294 824 2350 καὶ
881 2294 1179 2365 εὐκίνητοι,
1236 2294 1409 2358 οὕτως
1457 2295 1516 2352 ἂν
1550 2297 1578 2351 ὁ
1614 2297 1874 2375 μάγειρος
1920 2298 2008 2353 καὶ
2037 2294 2100 2354 τὸ

444 2381 727 2461 χυτρίδιον
779 2382 869 2439 διὰ
914 2383 978 2440 τὰ
1027 2384 1282 2455 ἀκίνητον
1328 2384 1542 2456 ἀξιώσει
1577 2392 1874 2460 μετακινεῖν
1922 2408 1982 2442 τε
2009 2388 2098 2443 καὶ

444 2474 712 2552 στρέφειν,
758 2474 795 2543 ἢ
844 2473 933 2529 καὶ
984 2473 1164 2529 ἐπάνω
1212 2474 1377 2530 ἀσκοῦ
1408 2474 1486 2529 ἑνὶ
1530 2472 1659 2531 ποδὶ
1692 2473 1951 2541 ἅλλεσθαι
2010 2477 2099 2532 καὶ

442 2560 645 2634 πηδᾷν,
695 2562 785 2617 ναὶ
822 2567 1045 2618 τοιαῦτα
1084 2560 1241 2639 ἕτερα
1290 2569 1464 2619 ποιεῖν
1514 2565 1899 2643 καταγνώσεως
1948 2561 2099 2642 ἔργα,

437 2655 509 2727 τῇ
566 2650 832 2729 προφάσει
909 2655 1007 2706 τοῦ
1083 2650 1321 2727 γενέσθαι
1396 2652 1678 2723 εὐκινητος
1711 2695 1725 2708 .
1786 2653 1979 2710 Ὁπότε
2043 2652 2101 2710 δὲ

442 2740 755 2798 κατανεύσει
805 2762 887 2803 τις
937 2740 1071 2796 εἶναί
1113 2762 1233 2797 τινα
1274 2741 1365 2797 καὶ
1416 2740 1475 2797 ἐκ
1522 2742 1729 2798 τούτων
1780 2740 1911 2806 ἴσως
1955 2743 2097 2822 ὠφέ-

446 2828 618 2902 λειαν,
671 2826 801 2885 ἀλλ’
849 2829 925 2892 ὡς
968 2828 1213 2905 εἷεπομεν,
1256 2831 1542 2887 καταπολύ
1590 2831 1700 2887 ἐστι
1756 2831 1986 2889 κάλλιον
2034 2833 2099 2889 τὸ

448 2922 850 2994 στρατιωτικῶς
909 2917 1356 2995 ἐγγυμνάζεσθαι,
1414 2917 1469 2975 εἷ’
1511 2941 1573 2997 γε
1634 2922 1768 2994 μετά
1806 2928 1907 2991 τῆς
1953 2921 2097 2977 εὐκι-

448 3006 637 3077 νησίας
696 3007 1048 3062 κχτεπέκεινα
1103 3003 1220 3084 ἔχει
1286 3009 1376 3064 καὶ
1433 3014 1621 3065 ταῦτα.
1683 3008 1756 3064 Οὐ
1825 3007 1883 3064 δὲ
1936 3010 2097 3066 τοῦτό

447 3094 587 3151 ἐστιν
647 3094 920 3152 ἐπαινετὸν
994 3096 1277 3153 καταπολὺ
1350 3099 1414 3153 τὸ
1472 3097 1525 3153 ἐν
1589 3097 1920 3177 ἀμφοτέραις
1976 3104 2095 3163 ταῖς

439 3185 596 3261 χερσὶ
635 3181 786 3249 λίθον
840 3182 1041 3261 ἔχοντά
1083 3207 1203 3241 τινα
1248 3186 1590 3263 περικλονεῖν
1639 3187 1703 3242 τὸ
1749 3183 1885 3242 ἴδιον
1935 3192 2097 3262 σῶμα

2209 609 2379 665 terim
2409 609 2497 665 vel
2547 610 2897 667 fortissimos
2923 610 3069 667 alios
3096 610 3167 665 ad
3198 626 3266 666 ea
3294 610 3524 682 ineptos
3571 610 3856 666 videmus.

2209 698 2493 754 Similiter
2523 699 2662 770 quia
2691 700 3008 771 equitando
3040 705 3098 755 et
3125 699 3399 772 gerendis
3439 699 3620 755 armis
3650 703 3707 755 et
3737 699 3859 771 gla-

2210 787 2325 843 diis
2355 787 2692 859 lanceisque
2722 789 3042 844 tractandis
3073 792 3259 845 semet
3287 792 3690 851 exercuerunt,
3721 787 3858 843 belli

2208 879 2469 949 tempore
2525 877 2701 933 utiles
2756 882 2913 945 sunt,
2972 882 3030 933 et
3089 877 3425 932 fortioribus
3503 877 3605 933 sed
3664 876 3862 933 minus

2210 965 2542 1022 exercitatis
2585 966 2915 1037 praevalent.
2950 966 3157 1022 Nescio
3206 968 3402 1021 autem
3432 981 3539 1021 cur
3586 963 3749 1021 utilis
3778 965 3864 1021 vi-

2210 1054 2421 1109 deatur
2478 1055 2750 1111 ludorum
2810 1055 3163 1124 exercitatio,
3226 1070 3435 1127 nempe
3492 1069 3627 1109 cum
3684 1054 3866 1110 modo

2210 1143 2413 1198 dextra
2445 1144 2617 1200 modo
2648 1143 2888 1200 sinistra
2920 1160 3099 1199 manu
3144 1142 3365 1214 jacitur
3394 1142 3452 1197 in
3484 1141 3738 1198 sublime
3768 1159 3863 1198 ro-

2208 1235 2367 1287 tante
2418 1234 2653 1288 turbine
2685 1232 2917 1305 sphaera
2949 1250 2962 1288 :
2995 1232 3271 1304 idemque
3299 1230 3392 1287 aio
3424 1232 3494 1287 de
3523 1230 3655 1287 aliis
3702 1230 3861 1287 ludis

2210 1337 2358 1392 quos
2390 1321 2559 1378 multi
2588 1321 2756 1378 valde
2785 1321 3075 1377 mirantur
3102 1326 3159 1377 et
3186 1320 3859 1392 adpetuuntzsiquidem

2210 1409 2271 1465 hi
2299 1410 2444 1466 nihil
2498 1415 2746 1483 prosunt
2798 1411 3006 1466 usibus
3052 1409 3277 1466 bellicis
3321 1424 3508 1481 neque
3556 1410 3865 1465 conferunt

2209 1499 2282 1555 ad
2330 1500 2688 1572 pugnacium
2754 1500 3064 1556 hominum
3115 1498 3546 1555 dimicationcs.
3601 1498 3763 1563 Quod
3814 1499 3866 1554 si

2209 1589 2505 1645 moderate
2533 1588 2897 1661 loquendum
2927 1593 3183 1657 est,sane
3213 1586 3349 1643 licet
3378 1586 3571 1643 dicere
3596 1585 3867 1644 homines

2208 1676 2318 1734 hoc
2368 1678 2641 1734 exercitio
2694 1678 2819 1733 fieri
2867 1677 3049 1750 agiles
3096 1681 3155 1733 et
3200 1676 3519 1748 expeditos.
3562 1676 3657 1733 Sic
3706 1675 3865 1732 enim

2207 1767 2385 1823 etiam
2415 1784 2620 1839 coquo,
2654 1782 2728 1823 ne
2759 1766 2993 1839 quietus
3024 1766 3216 1839 degat,
3248 1764 3425 1820 ollam
3467 1764 3865 1839 circumagere

2208 1854 2364 1927 licet,
2406 1873 2581 1928 super
2635 1862 2762 1911 utre
2810 1872 2927 1911 uno
2974 1855 3120 1927 pede
3168 1854 3442 1909 insistere
3489 1851 3581 1909 vel
3630 1851 3866 1921 saltare,

2209 1949 2382 2017 atque
2438 1945 2584 2001 alios
2631 1944 2976 2014 hujusmodi
3022 1943 3299 2000 ridendos
3349 1946 3545 1998 motus
3602 1942 3863 2013 actitare,

2209 2034 2350 2090 dum
2405 2032 2688 2107 agilitatis
2716 2033 3096 2106 adquirendae
3146 2032 3411 2088 studium
3458 2030 3721 2087 simulat.
3751 2031 3866 2087 Sed

2209 2125 2300 2179 fac
2346 2141 2475 2180 esse
2504 2123 2763 2196 aliquam
2794 2123 3005 2180 horum
3038 2122 3284 2178 fortasse
3325 2119 3599 2176 ludorum
3632 2121 3861 2177 utilita-

2208 2217 2370 2281 tem;
2422 2212 2829 2283 nihilominus,
2880 2217 2944 2267 ut
2992 2210 3273 2278 diximus,
3324 2210 3510 2266 multo
3559 2210 3867 2267 honestius

2209 2307 2299 2358 est
2342 2301 2675 2358 militariter
2701 2318 2765 2358 se
2811 2316 3095 2372 exercere,
3127 2300 3607 2372 quandoquidem
3657 2304 3869 2371 praeter

2210 2391 2531 2464 agilitatem
2562 2390 2709 2447 alios
2758 2406 2993 2463 quoque
3023 2390 3249 2446 fructus
3291 2404 3739 2461 consequemur.
3772 2388 3865 2444 Di-

2210 2485 2301 2537 cet
2349 2480 2563 2553 aliquis
2614 2496 2627 2536 :
2672 2480 2877 2535 Nonne
2925 2478 3134 2535 saltem
3184 2476 3477 2534 laudabile
3525 2481 3617 2533 est
3657 2493 3863 2533 saxum

2209 2575 2458 2642 utraque
2507 2586 2684 2625 manu
2734 2572 3029 2625 tenentem
3095 2567 3491 2639 circumagere
3541 2582 3755 2639 corpus
3805 2570 3864 2623 et

2210 2658 2421 2714 saltare
2440 2657 2468 2713 ?
2497 2658 2692 2729 Atqui,
2718 2658 2830 2725 aio,
2864 2655 3052 2713 multo
3081 2661 3171 2712 est
3201 2654 3537 2727 praeclarius
3567 2659 3859 2711 armatum

2211 2747 2537 2814 decurrere,
2570 2750 2627 2801 et
2654 2746 2875 2800 luctam
2905 2742 2991 2799 vel
3013 2742 3436 2814 jaculationem
3469 2741 3859 2813 frequentare,

2209 2850 2626 2906 armorumque
2657 2834 2889 2905 pondus
2919 2832 2978 2888 in
3007 2832 3191 2898 omni,
3225 2832 3275 2887 si
3309 2830 3433 2887 fieri
3465 2834 3677 2902 potest,
3701 2845 3861 2886 exer-

2208 2922 2346 2979 citio
2376 2928 2622 2996 gestare,
2664 2927 2839 2995 atque
2868 2922 3005 2978 hinc
3023 2921 3261 2977 laudem
3288 2920 3584 2992 insignem
3624 2919 3858 2976 referre.

2208 3014 2505 3069 Romanos
2534 3012 2674 3067 olim
2703 3010 3215 3067 circumdederant
3242 3008 3474 3065 barbari
3501 3026 3514 3077 ;
3538 3024 3738 3064 verum
3771 3008 3859 3063 illi

2206 3117 2276 3158 ex
2304 3100 2540 3172 obliquo
2563 3099 2796 3156 insidiis
2828 3099 3069 3156 structis
3090 3099 3428 3155 obsessores
3457 3113 3596 3153 suos
3624 3102 3859 3169 repente

2207 3190 2565 3246 obsederunt
2618 3193 2676 3245 et
2729 3188 2946 3245 lanceis
3002 3187 3406 3244 confoderunt.
3464 3186 3646 3242 Erant
3697 3185 3855 3241 enim

576 3272 717 3329 οὕτω
763 3250 942 3346 πηδάν
979 3293 993 3332 :
1024 3274 1252 3331 Μᾶλλον
1306 3250 1400 3349 μὲν
1448 3274 1539 3332 οὖν
1594 3275 1705 3331 ἐστι
1755 3274 1984 3333 κάλλιον
2022 3250 2095 3334 ’τὸ

2209 3282 2381 3335 antea
2409 3279 2481 3334 ad
2505 3277 2888 3349 jaculandum
2921 3281 3191 3333 accurate
3221 3274 3557 3343 exerciti,ad
3588 3274 3859 3347 equitan-

441 3363 560 3435 μεθ’
608 3360 797 3418 ὅπλων
848 3358 1066 3440 τρέχειν
1124 3365 1265 3437 τινὰ,
1323 3365 1359 3434 ἢ
1410 3364 1503 3421 καὶ
1546 3363 1729 3436 πάλην
1763 3366 1942 3421 ἀσκεῖν
2002 3368 2093 3423 καὶ

439 3452 918 3526 ἀκοντισμοὺςλτὸ
962 3453 1127 3530 βάρος
1173 3458 1280 3508 τῶν
1330 3452 1519 3509 ὅπλων
1572 3453 1650 3517 είς
1689 3460 1860 3509 πᾶσαν
1892 3477 2095 3532 γυμνα-

437 3539 554 3596 σίαν
610 3541 655 3596 εἰ
687 3538 906 3596 δυνατὸν
956 3543 1336 3621 περιφέροντα,
1385 3543 1476 3598 καὶ
1528 3543 1770 3619 μεγάλην
1831 3541 1985 3616 δόξαν
2035 3544 2097 3601 ἐκ

436 3628 635 3685 τούτου
664 3626 1030 3705 κερδαίνοντα.
1074 3630 1421 3687 Ἐκύκλωσάν
1465 3652 1599 3687 ποτε
1648 3626 1914 3709 βάρϐαροι
1959 3635 2093 3689 *Ρω-

442 3717 659 3791 μαίους’
694 3719 746 3773 oi
778 3715 837 3774 δὲ
866 3718 927 3774 ἐκ
952 3717 1188 3797 πλαγίου
1238 3718 1451 3797 ἐνέδραν
1498 3720 1588 3776 καὶ
1622 3717 1795 3797 λόχον
1828 3723 2093 3793 ποιήσαν-

433 3827 547 3875 τες,
597 3806 851 3886 ἐξαίφνης
898 3806 1026 3871 τοὺς
1072 3808 1406 3872 κυκλοῦντας
1458 3806 1770 3864 ἐκύκλωσαν
1802 3853 1816 3880 ,
1866 3809 1955 3865 καὶ
2007 3808 2097 3866 διὰ

2203 3368 2345 3423 dum
2396 3382 2531 3422 cum
2578 3365 2759 3421 armis
2806 3365 3375 3437 decurrendumque,
3418 3364 3488 3419 ad
3543 3364 3860 3419 circumve-

2203 3456 2449 3513 niendos
2480 3455 2701 3527 hostes,
2734 3455 2807 3511 ad
2840 3453 3124 3527 effugium
3156 3471 3226 3510 ex
3253 3452 3594 3509 obsessione
3624 3457 3862 3525 captan-

2204 3546 2365 3602 dum.
2418 3544 2644 3617 Quippe
2695 3543 3033 3600 exercitatio
3082 3542 3327 3599 meliora
3372 3540 3571 3598 omnia
3619 3541 3757 3597 facit
3803 3547 3862 3598 et

2204 3641 2398 3708 auget.
2430 3634 2580 3707 Ergo
2611 3649 2967 3705 magnopere
3000 3648 3238 3688 necesse
3265 3635 3357 3687 est
3385 3634 3598 3686 cuncta
3626 3646 3751 3701 qua:
3783 3630 3853 3685 ad

2203 3722 2425 3781 bellum
2476 3722 2770 3795 pertinent
2798 3720 3071 3777 exercitio
3116 3734 3518 3792 prazoccupare
3551 3736 3565 3774 :
3600 3734 3716 3773 non
3748 3735 3853 3774 au-

2201 3817 2343 3883 tem,
2374 3812 2627 3867 instante
2653 3809 2828 3878 bello,
2860 3813 2988 3865 tum
3020 3810 3258 3866 demum
3289 3807 3361 3864 de
3388 3808 3462 3863 iis
3493 3805 3768 3879 cogitare.

438 3892 683 3973 δοράτων
740 3896 1076 3952 ἀπέκτεινανο
1136 3898 1273 3967 ἦσαν
1332 3898 1436 3973 γὰρ
1495 3894 1736 3975 ἀκριϐῶς
1818 3898 2080 3976 πρότερον
2154 3897 2529 3963 παιδευθέντες
2583 3896 2898 3967 ἀκοντίζειν,
2950 3897 3042 3952 καὶ
3103 3897 3219 3969 μεθ’
3271 3892 3459 3949 ὅπλων
3525 3895 3852 3963 ἱππάζεσθαι

438 3984 531 4040 καὶ
587 3982 978 4062 ταχυδρομεῖν,
1010 3985 1101 4040 καὶ
1148 3990 1269 4049 πῶς
1316 3989 1428 4063 χρή
1495 3984 1799 4059 πολεμίους
1854 3987 2157 4059 κυκλῶσαι,
2185 3989 2276 4044 καὶ
2329 3992 2446 4050 πῶς
2500 3987 2602 4042 ὑπὸ
2649 3987 2859 4041 τούτων
2913 3984 3288 4047 κυκλωθέντας
3330 3985 3648 4063 ἀποφυγεῖν·
3681 3985 3717 4052 ἡ
3750 3984 3853 4060 γάρ

443 4072 647 4146 μελέτη
705 4081 809 4129 πᾶν
867 4080 1093 4152 πρᾶγμα
1153 4073 1365 4150 βελτιοῖ
1417 4074 1507 4130 καὶ
1566 4074 1774 4146 αὐξάνει

2029 4074 2120 4132 διὰ
2172 4082 2335 4133 τοῦτο
2392 4074 2599 4154 σφόδρα
2668 4074 2779 4131 ἐστὶ
2852 4074 2943 4130 καί
3021 4074 3302 4150 ἀναγκαῖον
3377 4071 3853 4150 προγυμνάζεσθαι

438 4161 515 4225 εἰς
574 4161 748 4218 πάντα
801 4162 870 4218 τὰ
928 4158 1361 4237 συμϐαλλόμενα
1414 4163 1552 4219 κατά
1604 4162 1876 4239 πόλεμον,
1907 4164 1998 4220 καὶ
2034 4168 2110 4240 μὴ
2169 4165 2223 4222 ἐν
2274 4164 2355 4239 τῷ
2408 4163 2584 4241 καιρῷ
2637 4168 2736 4220 τοῦ
2783 4163 3035 4238 πολέμου
3094 4168 3272 4233 ζητεῖν
3310 4163 3409 4233 τήν
3442 4161 3616 4217 αὐτῶν
3666 4159 3855 4232 ἐπιτή-

441 4248 618 4307 δευσιν
650 4253 786 4327 (39).

509 4359 582 4415 Θ’.
619 4358 685 4415 Ei
742 4356 801 4414 δὲ
854 4360 946 4415 καὶ
1001 4360 1104 4430 τῆς
1158 4361 1297 4415 κατὰ
1352 4358 1619 4415 θάλασσαν
1682 4356 2092 4434 εὐδοκιμήσεως

441 4447 825 4524 ἐπιτυγχάνειν
877 4445 1222 4526 καιρὸς,οὐδὲ
1274 4447 1476 4520 ταύτην
1530 4448 1644 4525 χρὴ
1693 4454 2090 4524 παραιτεῖσθαι·

438 4535 562 4593 λίαν
593 4537 695 4616 γάρ
727 4537 839 4594 ἐστι
883 4540 1165 4616 χρήσιμος
1215 4537 1293 4601 εἷς
1336 4538 1401 4593 τὸ
1448 4543 1771 4614 ναυμαχεῖνο
1812 4543 1961 4594 ποιεῖ
1988 4539 2093 4616 γὰρ

437 4628 530 4683 τὸν
591 4626 823 4699 ὁπλίτην
883 4625 1111 4705 ἑδραίως
1158 4628 1249 4683 καὶ
1296 4627 1678 4705 στηριγμένως
1720 4626 1968 4683 ἵστασθαι
2005 4627 2094 4684 ἐπὶ

438 4723 539 4787 τῆς
571 4717 702 4788 νηὸς
750 4716 931 4792 ὥσπερ
990 4716 1078 4773 ἐπὶ
1128 4717 1327 4793 πέτρας
1373 4717 1545 4786 τινὸς,
1592 4716 1772 4779 καθὼς
1820 4718 2096 4794 ἱστοροῦσι

436 4807 528 4863 τὸν
562 4805 827 4883 Εὔφημον
861 4809 972 4882 (40)
1021 4804 1247 4879 ἐκεῖνον,
1302 4802 1471 4880 μηδὲν
1521 4802 1695 4861 δεινὸν
1738 4806 1844 4861 ἀπὸ
1872 4811 1968 4861 τοῦ
1994 4814 2095 4877 τῆς

2274 4363 2369 4420 ΙΧ.
2421 4364 2540 4420 Rex
2578 4362 2869 4418 scientiam
2909 4361 3216 4417 maritimae
3260 4362 3346 4415 rei
3390 4360 3660 4415 militaris
3705 4358 3855 4415 haud

2201 4453 2467 4522 negligat.
2495 4482 2564 4492 —
2595 4450 2757 4523 Qu‘od
2791 4449 2840 4506 si
2885 4449 3291 4523 opportunitas
3322 4450 3470 4504 ferat
3498 4447 3679 4505 maris
3708 4464 3852 4520 quo-

2204 4517 2318 4615 que
2348 4517 2618 4613 peritiam
2666 4517 3051 4611 adipiscendi,
3085 4555 3156 4595 ne
3201 4538 3353 4594 hanc
3382 4537 3620 4610 quidem
3668 4517 3853 4609 negli-

2202 4647 2336 4703 gere
2383 4634 2646 4702 oportet;
2679 4628 2934 4683 multum
2962 4628 3119 4683 enim
3151 4643 3221 4683 ea
3260 4627 3523 4692 interest,
3558 4626 3851 4698 siquando

2206 4718 2501 4775 maritimo
2545 4716 2695 4774 bello
2725 4733 2873 4789 opus
2904 4717 3099 4772 fuerit.
3133 4716 3229 4772 Sic
3257 4715 3413 4773 enim
3466 4713 3633 4771 miles
3664 4712 3853 4770 firmi-

2204 4812 2292 4863 ter
2321 4808 2381 4862 in
2412 4807 2545 4863 navi
2574 4810 3028 4878 constanterque
3054 4804 3235 4861 veluti
3257 4805 3318 4860 in
3348 4810 3513 4877 petra
3535 4808 3691 4860 stare
3721 4819 3857 4859 con-

441 4892 720 4967 θαλάσσης
765 4893 1044 4959 κλύδωνος
1097 4895 1476 4975 ὑφιστάμενον·
1528 4896 1557 4950 ὁ
1604 4892 1660 4950 δὲ
1715 4896 1790 4969 μὴ
1842 4893 1930 4951 διὰ
1977 4895 2093 4951 πεί-

2209 4898 2421 4955 suescit
2446 4895 2712 4973 (qualem
2738 4899 2979 4952 narrant
3020 4895 3389 4968 Euphemum
3427 4893 3640 4967 illum),
3674 4893 3850 4950 nihil-

440 5004 536 5061 ρας
565 4983 980 5063 προπαιδευθεὶς
1010 4985 1070 5041 ἐκ
1107 4986 1334 5059 πρώτης
1374 4980 1695 5060 προσϐολῆς
1744 4984 2088 5055 καταπίπτει,

438 5072 485 5130 ei
532 5073 624 5130 καὶ
675 5072 864 5138 ἄλλως
915 5071 1204 5152 ῥωμαλέος
1255 5073 1365 5129 ἐστι
1416 5074 1508 5129 καὶ
1557 5071 2089 5151 δυσκαταγώνιστος·

513 5290 627 5364 (37)
672 5288 1054 5364 Yocabulum
1091 5287 1204 5364 hoc
1263 5286 1610 5364 explicatur_
1639 5287 1797 5343 ludas
1837 5288 1980 5364 pilae
2035 5304 2095 5364 in

438 5359 575 5434 equo
604 5359 640 5419 a
684 5360 925 5434 Gangio,
957 5360 1058 5434 qui
1101 5360 1174 5415 de
1201 5376 1268 5415 eo
1315 5359 1788 5434 dissertationem
1822 5376 1909 5434 se_
1930 5359 2096 5415 insti-

438 5430 624 5490 fuisse
673 5430 1130 5503 affirfnaLfCitat
1178 5435 1372 5487 autem
1406 5430 1664 5503 Cangius
1689 5430 1847 5503 hunc
1894 5430 2092 5503 ipsum

440 5505 697 5562 auctoris
746 5503 932 5560 nostri
960 5502 1157 5560 locum
1189 5519 1257 5558 ex
1289 5518 1437 5570 ms.;
1477 5502 1578 5557 sed
1628 5502 1923 5558 incautius
1952 5502 2095 5559 dicit

442 5593 573 5658 esse
617 5575 970 5658 vocabulum
1019 5573 1409 5658 Blemmydie;
1442 5577 1533 5656 est
1574 5573 1731 5656 enim
1774 5573 2092 5658 paraphra-

445 5653 590 5720 staa;
624 5647 972 5720 Blemmyda
1016 5649 1213 5720 autem
1245 5644 1305 5720 in
1335 5644 1590 5720 genuino
1619 5644 1838 5720 scripto
1867 5644 2093 5720 id_'_non

444 5715 643 5778 habet.
675 5715 967 5783 Nimirum
997 5717 1252 5791 Cangius
1280 5715 1880 5791 ignoravit,scriptum
1909 5715 2095 5774 Blem-

2201 5004 2314 5060 que
2346 5004 2381 5043 a
2409 4985 2591 5042 maris
2621 4985 3001 5042 ﬂuctuatione
3049 4985 3299 5057 patitur.
3323 4984 3431 5049 Qui
3465 4988 3657 5040 autem
3690 4983 3850 5040 haud

2199 5075 2471 5132 exercitio
2496 5091 2559 5132 se
2589 5073 3044 5148 praemuniverit,
3078 5073 3266 5146 primo
3293 5074 3492 5130 statim
3535 5088 3849 5146 progressu

2201 5289 2390 5361 mydia
2418 5305 2453 5344 a
2496 5286 2791 5344 Galesiota
2819 5286 3001 5343 fuisse
3054 5286 3471 5360 interpolatum
3503 5304 3606 5344 seu
3654 5288 3852 5361 potius

2200 5363 2505 5418 refectum.

2270 5432 2387 5505 (38)
2414 5433 2517 5487 Est
2544 5431 2691 5486 illud
2718 5428 3004 5505 sapientis
3034 5429 3332 5487 Periandri
3354 5432 3593 5488 effatum
3626 5429 3843 5503 Μελέτη

2200 5502 2262 5557 τὸ
2280 5502 2415 5571 πᾶν,
2449 5505 2509 5559 in
2538 5503 2935 5559 exercitatione
2963 5512 3092 5558 sunt
3122 5505 3329 5559 omnia.

2294 5576 2385 5648 39)
2418 5574 2653 5648 Legesis
2679 5572 3014 5648 Ciceronem
3049 5574 3120 5629 De
3147 5590 3259 5645 rep.
3295 5577 3420 5648 1,76.

2295 5645 2384 5718 40)
2414 5645 2524 5722 Διί
2550 5645 2851 5722 Euphemo
2880 5646 3031 5722 Argo
3064 5662 3293 5715 navem,
3321 5645 3607 5705 defuncto
3637 5645 3847 5722 Tiphy,

2200 5715 2383 5776 fuisse
2410 5715 2799 5791 gubernatam
2829 5715 3196 5790 exploratum
3227 5722 3336 5775 est.
3647 5738 3651 5743 ·
