4154 6426
251 404 370 471 639

1514 409 1938 473 MCEPHOBI
1979 409 2420 474 BLEMMlD/E

3551 408 3674 471 640

252 539 494 607 labitur,
514 539 946 611 quantumlibet
974 542 1254 598 robustus
1285 558 1638 615 pugnaxque
1664 543 1895 598 sit.Non

2010 537 2135 594 οὐδὲ
2211 543 2316 616 γὰρ
2378 541 2434 596 ἂν
2512 539 2767 612 δυνηθείη
2836 539 2972 617 πρὸς
3029 537 3156 603 τοὺς
3210 537 3346 596 κατά
3401 537 3670 595 θάλασσαν

252 632 408 685 enim
443 636 630 702 potest
663 631 974 687 maritimis
1004 631 1273 688 hostibus
1305 634 1593 701 resistere,
1628 634 1769 688 dum
1803 649 1897 686 na-

251 719 338 774 vis
368 719 777 785 fluctuat,dum
811 719 936 791 ipse
965 721 1182 775 vomitu
1219 731 1274 775 et
1302 721 1584 792 vertigine
1612 721 1897 792 quatitur,

253 824 442 878 neque
491 808 693 878 pedem
731 808 975 863 firmiter
1021 810 1196 881 ﬁgere
1237 813 1446 881 potest.
1479 809 1676 864 Laudo
1725 810 1897 864 Athe-

253 897 487 951 nienses
535 903 775 964 veteres,
809 898 908 968 qui
941 898 1118 953 vitam
1149 915 1318 954 suam
1369 898 1715 969 eloquentia.
1745 897 1898 967 juris

253 985 586 1057 prudentia,
619 985 787 1041 bellis
817 987 1194 1043 terrestribus
1225 1005 1291 1043 ac
1324 987 1897 1054 maritimis,exerce-

254 1075 439 1128 bant:
491 1075 782 1145 siquidem
832 1075 1163 1147 eloquentia
1210 1083 1464 1132 mentem
1518 1077 1898 1148 linguamque

251 1162 630 1229 erudiebant;
669 1164 798 1232 jure
839 1163 1135 1235 justitiam
1184 1166 1636 1231 condiscebant;
1672 1164 1898 1236 [armis]

251 1251 578 1308 libertatem
610 1254 944 1323 tuebantur,
959 1253 1345 1326 victoriasque
1379 1253 1660 1326 plurimas
1693 1257 1748 1308 et
1776 1259 1895 1308 tro-

252 1339 416 1411 pbaea
447 1339 697 1410 gloriosa
729 1341 840 1395 sibi
893 1343 1331 1412 comparabant.
1366 1343 1511 1397 Nam
1543 1342 1732 1414 primo
1766 1343 1897 1412 qui-

253 1428 384 1482 dem
418 1428 654 1483 Darium
690 1429 890 1484 Xerxis
918 1435 1144 1502 patrem
1189 1433 1440 1502 turpiter
1467 1432 1663 1503 fugere
1695 1445 1896 1500 coege-

251 1521 409 1583 runt,
444 1516 650 1572 deletis
700 1519 852 1588 apud
887 1519 1280 1574 Marathonem
1313 1521 1591 1576 trecentis
1642 1519 1897 1573 militum

250 1605 536 1676 millibus,
569 1624 716 1678 quos
748 1608 910 1663 Datis
941 1614 1114 1680 atque
1148 1609 1535 1681 Artaphernes
1566 1609 1895 1674 ducebant;

248 1711 381 1750 cum
414 1695 525 1767 ipsi
577 1697 961 1753 Athenienses
993 1698 1149 1753 haud
1185 1698 1316 1767 plus
1348 1716 1551 1754 novem
1600 1697 1758 1752 mille
1790 1714 1898 1752 nu-

250 1800 408 1838 mero
439 1791 654 1851 essent,
692 1791 900 1858 praeter
929 1785 1333 1843 Plataeensium
1364 1786 1522 1843 mille
1553 1786 1895 1843 auxiliares:

252 1872 706 1944 imperatoribus
740 1875 1018 1930 nimirum
1054 1875 1333 1932 Militiade
1363 1881 1421 1930 et
1446 1875 1713 1943 Stesilao,
1740 1876 1897 1949 pole-

252 1963 508 2018 marcbis
531 1969 724 2019 autem
749 1963 1102 2020 Callimacho
1126 1969 1182 2020 et
1201 1965 1516 2037 Cynegyro.
1543 1965 1722 2020 Iidem
1748 1970 1899 2037 post-

247 2066 314 2104 ea
360 2051 764 2119 Athenienses,
809 2053 1112 2126 suppetias
1162 2054 1380 2109 ferente
1427 2053 1697 2109 universa
1743 2054 1897 2110 Grae-

244 2140 352 2206 cia,
373 2141 613 2195 Xerxem
646 2157 880 2212 quoque
909 2141 1536 2216 debellaverunt.’Ergo
1566 2143 1616 2199 is
1647 2144 1745 2214 qui
1777 2145 1896 2215 pri-

249 2229 381 2283 dem
415 2230 541 2284 sine
575 2231 745 2286 modo
774 2231 1172 2304 superbiebat,
1191 2231 1480 2288 elementa
1510 2233 1892 2303 pervertebat,

249 2335 406 2374 mare
445 2319 504 2373 in
551 2319 840 2384 tellurem,
875 2319 1141 2376 tellurem
1192 2321 1251 2376 in
1297 2338 1478 2386 mare,
1509 2326 1893 2388 convertens;

247 2409 345 2480 qui
396 2408 571 2464 etiam
606 2426 766 2465 mare
814 2410 1056 2465 saeviens
1103 2410 1284 2483 virgis
1336 2411 1756 2483 castigaverat;
1792 2411 1891 2483 qui

244 2497 560 2552 exercitum
616 2497 996 2554 multitudine
1038 2498 1548 2567 innumerabilem,
1604 2504 1760 2554 meta
1805 2517 1894 2554 ca-

246 2591 502 2642 strorum
545 2592 829 2659 tanquam
880 2587 1076 2644 modio
1123 2589 1377 2661 quodam
1430 2588 1889 2644 dimetiebatur:

243 2677 414 2748 cujus
439 2676 735 2748 equitatus
781 2677 986 2734 fluvios
1015 2677 1360 2746 exsiccabat,
1391 2677 1571 2734 veluti
1604 2679 1661 2733 in
1705 2679 1891 2748 Phry-

242 2768 338 2836 gia
385 2765 826 2833 Scamandrum,
861 2767 920 2821 in
950 2766 1256 2822 Thessalia
1303 2769 1580 2834 Peneum,
1612 2768 1672 2822 in
1705 2767 1894 2822 Attica

242 2853 476 2910 llissum
504 2855 635 2926 ;qui
665 2855 919 2928 denique
940 2855 1119 2912 solem
1145 2856 1521 2912 multitudine
1542 2856 1889 2928 sagittarum

245 2943 596 2999 obscurabat
621 2962 634 3012 ;
669 2941 1316 3017 hic,inquam,magnus
1345 2950 1403 3001 et
1432 2946 1891 3012 immensus,vix

245 3049 363 3088 una
395 3032 524 3088 navi
555 3049 624 3088 ex
647 3033 815 3090 ostiis
862 3035 1188 3106 Strymonis
1220 3033 1378 3089 ﬂuvii
1407 3037 1679 3101 evadens,
1714 3034 1888 3090 saluti

243 3121 561 3192 consuluit,
594 3139 744 3194 aegre
793 3123 1114 3179 admodum
1145 3141 1250 3180 nec
1273 3124 1399 3179 sine
1423 3128 1642 3180 terrore
1666 3125 1890 3196 ingenti

243 3209 517 3266 manibus
559 3211 1004 3267 Atheniensium
1056 3212 1315 3284 elapsus.
1349 3213 1537 3269 Tanta
1579 3217 1776 3269 autem
1806 3213 1889 3268 vi-

2006 627 2310 703 πολεμίους
2367 631 2807 707 ἀντιμάχεσθαι,
2866 639 2966 700 τῆς
3036 631 3170 700 νηὸς
3247 627 3620 700 σαλευομένης
3654 671 3670 697 ,

2007 718 2166 780 αὐτὸς
2221 721 2359 795 πρὸς
2414 719 2638 792 ἐμέτους
2693 719 3064 795 τρεπόμενος,
3122 718 3212 774 καὶ
3269 717 3671 794 ταρασσόμενος

2007 809 2096 862 καὶ
2131 808 2406 884 ἰλιγγιῶν,
2449 810 2538 864 καὶ
2567 810 2666 877 τὴν
2716 813 2827 864 τῶν
2860 806 3044 863 ποδῶν
3098 809 3252 883 βάσιν
3305 803 3448 882 ἔχων
3499 807 3669 876 ἀστήο

2009 919 2211 974 ρικτον.
2263 899 2500 953 Ἐπαινῶ
2546 897 2672 961 τοὺς
2723 898 3041 969 Ἀθηναίους
3101 897 3357 967 ἐκείνους,
3416 897 3676 972 μερίσαν-

2005 1008 2100 1048 τας
2127 987 2220 1041 τὸν
2255 988 2453 1042 ἑαυτῶν
2509 986 2626 1062 βίον
2681 986 2756 1049 εἷς
2811 986 3007 1063 λόγους
3053 986 3144 1041 καὶ
3192 985 3418 1058 νόμους,
3451 985 3543 1039 καὶ
3573 1006 3668 1040 πε-

2010 1076 2280 1151 ζομαχίας
2312 1076 2399 1130 καὶ
2432 1075 2762 1152 ναυμαχίας·
2816 1075 2875 1130 ἐκ
2926 1076 3022 1148 μὲν
3077 1075 3180 1149 γὰρ
3209 1081 3309 1144 τῆς
3343 1078 3450 1129 τῶν
3485 1068 3667 1149 λόγων

2012 1164 2244 1237 μελέτης
2277 1165 2366 1219 καὶ
2397 1169 2518 1219 νοῦν
2546 1165 2637 1219 καὶ
2691 1163 2948 1239 γλῶσσαν
2995 1161 3331 1220 ἐπαίδευσαν⁸
3367 1163 3428 1218 ἐκ
3478 1161 3536 1218 δέ
3563 1167 3670 1217 τῶν

2006 1254 2191 1326 νόμων
2237 1251 2581 1323 δικαιοσύνην
2634 1253 2968 1324 ἐξήσκησαν,
3020 1252 3322 1328 ἐλευθερίαν
3383 1251 3669 1330 ἐφύλαξαν,

2008 1343 2095 1396 καὶ
2153 1342 2326 1404 νίκαις
2386 1343 2475 1397 καὶ
2533 1343 2846 1418 ἀριστείαις.
2883 1340 3121 1404 πολλαῖς
3183 1341 3565 1414 έκοσμήθησάν
3611 1362 3670 1396 τε

2007 1431 2096 1485 καὶ
2129 1429 2483 1504 ἐδοξασθησαν
2519 1451 2532 1499 ;
2567 1430 2832 1507 πρότερον
2883 1431 2978 1504 μὶν
3004 1432 3105 1507 γὰρ
3157 1436 3376 1506 Δαρεῖον
3426 1430 3516 1484 τὸν
3561 1434 3661 1484 τοῦ

2007 1519 2211 1596 πατέρα
2258 1519 2600 1596 κατῄσχυναν
2631 1567 2644 1591 ,
2695 1519 3247 1594 κατατροπωσάμενοι
3295 1519 3387 1574 καὶ
3433 1517 3669 1574 καταλύο

2009 1630 2193 1671 σαντες
2243 1609 2318 1670 εἷς
2379 1611 2684 1684 Μαραθῶνα
2740 1609 2835 1671 τὰς
2885 1611 3179 1686 τριάκοντα
3241 1605 3543 1683 μυριάδας,
3601 1607 3664 1670 ἃς

2010 1698 2166 1759 Δάτις
2223 1698 2311 1752 καὶ
2373 1699 2743 1775 Ἀρταφέρνης
2801 1701 2854 1752 οἳ
2925 1697 3223 1774 στρατηγοῖ
3293 1695 3616 1774 ἐπεφέροντο
3653 1740 3667 1765 ,

2007 1786 2214 1862 Ξέρξου
2261 1785 2480 1862 ἔχοντες
2533 1786 2904 1862 στρατεύματα
2934 1783 3194 1863 χιλιάδας
3227 1784 3484 1858 ἐννέα,καὶ
3517 1783 3666 1840 Πλα-

2007 1875 2200 1930 ταιέων
2235 1874 2458 1951 χιλίους
2509 1877 2856 1952 συμμάχουςο
2899 1875 3347 1951 στρατηγούντων
3393 1876 3487 1948 μὲν
3523 1873 3668 1932 Μιλ-

2005 1961 2195 2019 τιάδου
2251 1986 2309 2018 τε
2365 1963 2452 2019 καὶ
2515 1964 2798 2035 Στησίλεω
2854 1967 2988 2037 (41),
3049 1962 3555 2040 πολεμαρχούντων
3609 1961 3670 2018 δὲ

2007 2051 2376 2129 Καλλιμάχου
2443 2053 2532 2108 καὶ
2586 2053 2971 2129 Κυναιγείρου⁶
3023 2052 3243 2128 ὕστερον
3301 2051 3360 2107 δὲ
3410 2053 3462 2106 οἱ
3510 2051 3666 2106 αὐτοὶ

2004 2144 2308 2214 Ἀθηναῖοι,
2343 2141 2748 2217 συμμαχούσης
2776 2143 2867 2196 καὶ
2897 2149 3000 2212 τῆς
3032 2139 3214 2210 ἄλλης
3242 2138 3533 2208 Ἑλλάδος,
3575 2141 3666 2194 καὶ

2003 2231 2095 2286 τὸν
2153 2232 2362 2308 Ξέρξην
2421 2231 2870 2307 κατηγωνίσαντο
2906 2249 2920 2262 ·
2983 2231 3074 2286 καὶ
3151 2232 3179 2285 6
3253 2230 3381 2306 πρὶν
3460 2231 3669 2303 ἄμετρα

2003 2320 2326 2394 κομπάζων,
2384 2320 2475 2375 καὶ
2532 2326 2781 2396 στοιχεῖα
2842 2324 3138 2392 μετακινῶν
3176 2365 3192 2389 ,
3248 2319 3336 2374 καὶ
3403 2320 3502 2388 την
3569 2320 3663 2392 μὲν

2005 2410 2168 2486 ξηρὰν
2202 2414 2375 2464 ποιῶν
2422 2407 2715 2481 θάλασσαν,
2763 2411 2861 2478 τήν
2917 2407 2975 2464 δὲ
3019 2407 3287 2464 θάλασσαν
3329 2411 3517 2484 ξηρὰν,
3574 2407 3665 2463 καὶ

2006 2498 2372 2575 ἀγριουμένην
2431 2504 2734 2574 μαστιγῶν,
2782 2497 2871 2553 καὶ
2922 2495 3010 2552 διὰ
3038 2498 3100 2553 τὸ
3125 2502 3222 2552 τοῦ
3265 2496 3664 2573 στρατεύματος

2002 2588 2218 2658 πλῆθος
2267 2588 2356 2642 καὶ
2407 2588 2636 2664 ἀριθμὸν
2684 2583 2880 2663 σχεδὸν
2924 2583 3244 2663 ὑπερϐαῖνον
3297 2585 3415 2640 ἀντὶ
3469 2583 3662 2660 μοδίου

1999 2679 2149 2740 τινὸς
2178 2679 2395 2754 κάστρῳ
2435 2678 2726 2754 χρώμενος
2776 2677 2912 2749 πρὸς
2960 2677 3061 2746 τὴν
3117 2675 3396 2750 μέτρησιν,
3438 2675 3528 2730 καὶ
3560 2696 3661 2730 πο-

1999 2767 2208 2840 ταμοὺς
2269 2766 2648 2842 ἀποξηραίνων
2699 2765 2963 2820 πινόντων
3021 2769 3130 2820 τῶν
3191 2761 3415 2836 ἵππων,
3475 2765 3552 2827 ὡς
3611 2763 3663 2819 ἐν

2002 2855 2214 2933 Φρυγίᾳ
2275 2857 2367 2929 μὲν
2424 2856 2518 2910 τὸν
2575 2852 2972 2930 Σκάμανδρον,
3033 2853 3083 2908 έν
3139 2853 3406 2924 Θετταλίᾳ
3461 2851 3519 2909 δὲ
3569 2853 3662 2909 τὸν

2002 2945 2256 3016 Πηνειὸν,
2307 2944 2357 2998 ἐν
2424 2948 2634 3018 Αττικῇ
2685 2941 2744 2998 δὲ
2799 2943 2890 2997 τὸν
2945 2943 3198 3016 Ἰλισσὸν,
3247 2943 3340 2998 τὸν
3391 2940 3450 2998 δὲ
3497 2940 3660 3012 ἥλιον

2001 3033 2365 3111 ἀποκρύπτων
2444 3030 2534 3088 διὰ
2607 3037 2716 3087 τῶν
2779 3031 3128 3105 τοξευμάτων
3207 3035 3306 3102 τῆς
3362 3038 3614 3107 στρατιᾶς
3649 3075 3664 3101 ,

2000 3121 2206 3185 ἐκεῖνος
2236 3124 2265 3178 6
2299 3119 2472 3178 δοκῶν
2505 3121 2680 3184 πολὺς
2716 3121 2850 3176 εἶναι
2881 3121 2972 3177 καὶ
3031 3122 3223 3198 μέγας,
3279 3119 3441 3195 μόλις
3474 3120 3526 3176 ἐν
3567 3127 3666 3195 μιᾷ

1997 3211 2092 3283 νηΐ
2146 3211 2252 3266 ἀπὸ
2299 3216 2396 3266 τοῦ
2452 3215 2705 3285 ποταμοῦ
2766 3210 3085 3285 Στρυμόνος
3141 3209 3469 3284 διεσώζετο,
3531 3210 3668 3283 μετὰ

240 3299 422 3354 ctoria
474 3304 699 3370 patrata
731 3303 838 3364 est,
871 3317 1004 3355 cum
1054 3300 1282 3356 Graecis:
1323 3302 1607 3358 univerSaa
1655 3300 1889 3356 nonnisi

2009 3300 2220 3370 πολλῆς
2277 3300 2510 3376 ἀγωνίας
2569 3299 2659 3355 καὶ
2718 3294 2891 3378 φόϐου
2945 3301 3042 3362 τάς
3103 3297 3402 3370 Ἀθηναίων
3472 3305 3664 3376 χεῖρας

243 3404 418 3444 naves
463 3389 724 3444 ducenta:
757 3387 1129 3461 septuaginta
1159 3394 1216 3445 ct
1258 3407 1377 3444 una
1408 3391 1479 3445 ad
1527 3389 1887 3446 Salaminam

243 3481 506 3543 starent;
534 3477 660 3547 ipse
706 3481 901 3532 autem
935 3481 1151 3533 Xerxes
1191 3478 1280 3533 bis
1311 3477 1472 3534 mille
1501 3482 1558 3532 et
1607 3479 1891 3534 ducentas

243 3569 464 3636 septem
501 3582 672 3621 naves
703 3582 900 3621 secum
933 3567 1190 3622 duceret.
1219 3567 1441 3623 Deinde
1474 3572 1628 3623 terra
1659 3584 1893 3640 quoque

243 3653 540 3709 infinitum
569 3654 913 3710 bellatorum
948 3673 1261 3712 numerum
1283 3656 1722 3728 amisit,partim
1745 3657 1889 3722 acie,

244 3743 455 3814 partim
503 3744 655 3798 fame
703 3749 759 3800 et
808 3745 1021 3817 frigore
1060 3746 1118 3800 in
1165 3746 1305 3818 fuga
1357 3751 1890 3818 consumptorum:

245 3837 419 3903 atque
449 3833 604 3888 haud
636 3833 757 3889 scio
787 3851 861 3888 an
889 3834 980 3889 vix
1023 3833 1203 3906 aliqui
1235 3834 1532 3891 Persidem
1564 3834 1892 3890 reviserint.

246 3921 363 3976 Has
391 3921 669 3977 nimirum
718 3922 1008 3991 victorias,
1043 3923 1162 3980 haec
1193 3924 1456 3997 trophaea
1485 3925 1764 3994 referunt,
1797 3923 1895 3993 qui

245 4025 307 4064 se
339 4010 408 4064 ad
454 4010 732 4081 praeclara
762 4028 938 4084 opera
979 4013 1252 4069 exercitio
1303 4012 1686 4086 diligentique
1717 4013 1900 4068 medi-

244 4097 464 4153 tatione
490 4102 1259 4172 comparaverunt.Eruditio
1288 4102 1445 4159 enim
1477 4101 1739 4174 trophaea
1767 4118 1898 4157 con-

249 4188 361 4244 fert
389 4193 446 4243 et
473 4194 662 4244 ornat.

325 4459 388 4514 Χ.
446 4459 558 4514 Rea:
605 4475 673 4513 ne
719 4461 792 4515 sit
851 4461 1149 4528 cunctator,
1195 4464 1246 4516 et
1293 4460 1576 4532 captanda:
1631 4462 1904 4516 occasioni

250 4548 518 4618 inuigilet.
554 4579 622 4589 —-
673 4549 946 4619 Cujusvis
994 4553 1192 4605 autem
1235 4549 1451 4621 negotii
1503 4553 1680 4620 caput
1729 4554 1820 4605 est
1847 4553 1904 4604 et

2001 3387 2272 3468 διαφυγών
2301 3407 2313 3419 ·
2364 3388 2454 3443 καὶ
2505 3393 2674 3444 ταῦτα
2719 3392 2826 3444 τῶν
2875 3389 3090 3443 πάντων
3144 3385 3427 3459 Ἑλλήνων
3478 3385 3662 3442 διακο-

1998 3478 2114 3541 σίας
2147 3473 2526 3551 έϐδομήκοντα
2574 3477 2665 3532 καὶ
2720 3476 2846 3550 μίαν
2891 3483 3026 3547 νῆας
3081 3473 3322 3554 ἐχόντων
3374 3476 3451 3539 εἰς
3485 3476 3661 3532 Σαλα-

2005 3567 2185 3641 μίνην·
2220 3566 2426 3628 ἐκεῖνος
2479 3563 2761 3642 δισχιλίας
2817 3563 3095 3629 διακοσίας
3147 3565 3280 3622 ἑπτὰ
3327 3565 3666 3640 ἐπαγόμενος

2000 3664 2132 3726 νῆας
2181 3658 2679 3731 κατεναυμαχηθη.
2735 3655 2881 3710 Κατὰ
2929 3653 2988 3710 δὲ
3033 3656 3132 3724 τήν
3185 3653 3349 3731 ξηράν
3401 3654 3622 3730 ὕστερον
3651 3699 3665 3724 ,

2002 3743 2369 3801 πεντακοσίων
2427 3747 2542 3817 (42)
2605 3741 2888 3820 μυριάδων
2946 3741 3154 3820 ἀνδρῶν
3224 3743 3488 3820 μαχίμων
3547 3741 3664 3798 δια-

2005 3838 2326 3912 φθαρεισῶν,
2356 3838 2464 3887 τῶν
2501 3833 2596 3906 μὲν
2647 3832 2904 3906 πολέμῳ,
2956 3837 3062 3889 τῶν
3123 3831 3182 3889 δὲ
3231 3833 3335 3888 ὑπὸ
3373 3829 3545 3906 λιμοῦ
3575 3831 3666 3887 καὶ

2004 3922 2204 3999 κρύους
2259 3922 2310 3976 ἐν
2368 3927 2447 3994 τῷ
2504 3921 2716 4000 φεύγειν
2774 3921 3072 3997 ἐπιχειρεῖν
3108 3964 3123 3990 ,
3183 3919 3283 3976 οὐκ
3334 3919 3457 3976 οἶδα
3523 3920 3666 3982 τίνες

2009 4011 2427 4090 ὑπολειφθέντες
2476 4013 2574 4080 τήν
2625 4008 2864 4088 Περσίδα
2918 4003 3218 4065 κατέλαϐον
3273 4016 3373 4086 γῆν
3411 4053 3425 4066 .
3479 4008 3670 4065 Τοιαύ-

2005 4123 2101 4164 τας
2131 4101 2401 4177 ἀριστείας
2429 4101 2520 4155 καὶ
2548 4099 2783 4177 τρόπαια
2829 4104 3076 4155 ποιοῦσιν
3131 4099 3182 4154 oi
3231 4098 3300 4154 τὰ
3344 4096 3506 4156 καλὰ.
3542 4097 3672 4174 ἔργα

2008 4188 2543 4266 προπαιδευόμενοι,
2593 4190 2684 4244 καὶ
2739 4187 2961 4251 τούτοις
3025 4189 3161 4261 μετὰ
3217 4185 3457 4257 σπουδῆς
3515 4208 3676 4262 προ-

2011 4281 2277 4350 εθίζοντες
2307 4279 2549 4350 ἑαυτοὺς,
2583 4283 2680 4333 τοῦ
2712 4277 2884 4354 λόγου
2920 4280 3261 4351 κοσμοῦντος
3302 4275 3394 4331 καί
3425 4274 3672 4338 διδόντος

2010 4370 2076 4424 τὰ
2102 4369 2358 4443 τρόπαια.

2083 4460 2138 4515 I'.
2172 4459 2234 4511 Ὀ
2287 4455 2347 4512 δὲ
2403 4456 2655 4533 μέγιστόν
2707 4456 2848 4511 ἐστιν
2898 4450 3058 4532 ἔργον
3106 4453 3157 4510 ἐν
3205 4453 3403 4518 πάσαις
3448 4457 3671 4532 πράξεσι

2011 4548 2100 4603 καὶ
2134 4547 2562 4618 ἀνυσιμώτατον,
2593 4546 2658 4600 τὸ
2702 4546 2778 4618 μὴ
2829 4543 3109 4621 βραδύνειν
3156 4543 3249 4600 τὸν
3296 4545 3486 4619 καιρὸν
3516 4543 3569 4600 έν
3600 4548 3671 4619 τῇ

253 4639 450 4708 robur,
505 4655 576 4693 ne
626 4655 724 4693 rex
777 4639 836 4693 in
885 4638 1298 4711 praedictarum
1371 4655 1568 4694 rerum
1620 4643 1897 4710 apparatu

2015 4639 2327 4712 παρασκευῇ
2375 4635 2606 4690 τούτων·
2667 4634 2804 4689 κατά
2858 4635 2948 4688 τὸν
3012 4630 3318 4710 Χαρινάδην
3369 4635 3482 4707 (43)
3540 4632 3676 4689 ἐκεῖ·

253 4732 558 4782 cunctator
604 4727 683 4782 sit
731 4732 833 4782 aut
879 4727 1247 4784 occasionem
1295 4726 1632 4799 praetervehi
1682 4727 1837 4782 sinat
1888 4743 1900 4780 :

253 4832 414 4871 more
462 4816 623 4871 illius
666 4816 1028 4883 Charinadae,
1060 4833 1230 4886 quem
1275 4816 1483 4888 agendi
1535 4815 1802 4872 socordia
1850 4820 1907 4871 et

251 4903 484 4969 ignavia
512 4902 798 4958 celebrem
830 4903 1103 4960 reddidit.
1142 4905 1325 4958 Immo
1355 4921 1488 4959 vero
1521 4905 1591 4960 ab
1623 4907 1902 4976 apparatu

257 5008 370 5044 non
405 4996 492 5046 est
531 4992 941 5058 desinendum,
973 4991 1205 5048 etiamsi
1258 4991 1489 5047 nullum
1539 4997 1907 5064 exspectetur

256 5079 498 5135 bellum.
533 5081 619 5133 Sic
651 5081 806 5135 enim
833 5081 1161 5153 comparati
1193 5081 1448 5136 militum
1483 5082 1904 5152 animi,siquod

257 5168 639 5240 improvisum
689 5171 934 5225 exsistat
970 5169 1215 5236 bellum,
1249 5170 1444 5242 patriae
1495 5171 1667 5226 utiles
1711 5177 1904 5240 erunt,

255 5256 540 5327 hotesque
584 5257 1033 5328 propulsabunt.
1085 5258 1331 5313 Volucre
1371 5265 1606 5331 tempus
1657 5265 1784 5327 est;
1814 5276 1908 5314 ne-

257 5363 369 5417 que
398 5344 455 5400 id
510 5345 824 5418 quisquam
855 5364 890 5403 a
913 5352 1076 5420 tergo
1107 5364 1462 5420 persequens
1507 5349 1784 5420 consequi
1812 5365 1908 5420 po-

329 5524 441 5593 (41)
477 5524 764 5598 Stesilaus
791 5541 928 5598 ergo
960 5542 1112 5598 unus
1143 5531 1268 5581 erat
1307 5544 1336 5582 e
1357 5527 1557 5582 decem
1592 5532 1906 5598 praetorum

329 5541 441 5593 (In;
477 5541 764 5580 atesuaus
791 5541 928 5650 erg?
960 5542 1112 5580 unus
1143 5541 1268 5581 erat
1307 5544 1336 5582 e
1357 5541 1557 5582 decem
1592 5541 1904 5598 praetorum

260 5613 523 5670 numero,
559 5598 656 5665 qui
693 5597 874 5670 Marat
921 5597 1116 5651 oniam
1150 5614 1406 5670 pugnam
1441 5605 1711 5654 rexerunt
1740 5599 1904 5669 (Nep.

259 5685 317 5720 ιη
347 5669 494 5744 Mitt.
549 5685 677 5744 cap.
704 5670 787 5744 ti).
822 5668 1042 5744 Nomen
1073 5668 1307 5744 Stesilai
1356 5671 1678 5744 Thrasylao
1727 5668 1909 5744 geniti

257 5739 448 5820 prodit
497 5741 674 5796 etiam
704 5739 1028 5798 Herodotus
1078 5758 1154 5812 v1,
1189 5743 1313 5808 1H,
1363 5739 1618 5814 eumque
1646 5743 1705 5799 in
1731 5739 1909 5798 "dicta

2014 4747 2123 4793 vov,
2179 4725 2240 4786 ’ὀς
2299 4721 2520 4797 ἀμελῶς
2577 4723 2667 4778 καὶ
2726 4721 2983 4799 ῥᾳθύμως
3043 4720 3094 4776 έν
3143 4726 3223 4794 τῷ
3268 4722 3522 4796 πράττειν
3568 4720 3676 4778 διέ-

2012 4831 2178 4870 κειτο·
2229 4812 2374 4869 ἀλλά
2420 4811 2933 4888 προευτρεπίζεσθαι
2978 4810 3069 4866 καὶ
3121 4812 3197 4884 μή
3240 4831 3386 4873 τινος
3433 4811 3674 4888 ἀνάγκης

2013 4899 2480 4980 προσδοκωμένης
2535 4900 2810 4974 πολέμουο
2870 4901 2945 4963 ὡς
3005 4899 3065 4954 ἂν
3123 4899 3672 4977 προπαρεσκευασμέ-

2014 5015 2106 5055 νας
2135 4993 2232 5055 τὰς
2265 4991 2448 5067 ψυχὰς
2495 4987 2736 5065 ἔχοντες,
2787 4989 2874 5044 ἐὰν
2924 4986 3058 5052 ἴσως
3105 4989 3196 5044 καὶ
3248 4987 3677 5065 ἀπροσδοκήτως

2018 5081 2219 5157 ἐπέλθῃ
2264 5102 2347 5142 τις
2397 5079 2668 5154 πόλεμος,
2717 5078 3051 5158 ὠφελήσωσι
3103 5081 3198 5152 μὶν
3252 5079 3497 5153 ἑαυτοὺς,
3543 5079 3676 5142 τοὺς

2017 5170 2076 5227 δὲ
2123 5171 2464 5246 ἀντιμάχους
2508 5169 3058 5246 κατατροπώσωνταιο
3110 5169 3138 5223 6
3187 5169 3292 5245 γὰρ
3338 5167 3540 5246 χρόνος
3586 5189 3677 5224 τα-

2017 5260 2280 5336 χύτατος,
2334 5259 2424 5314 καὶ
2481 5255 2668 5314 οὐδένα
2722 5257 3002 5334 περιμένει
3057 5261 3165 5312 τῶν
3240 5256 3625 5333 ῥᾳθυμούντων
3658 5304 3674 5330 ,

2018 5346 2149 5404 οὐδὲ
2181 5345 2464 5420 δυνήσεταί
2495 5369 2580 5410 τις
2623 5347 2816 5426 φθάσαι
2861 5345 3020 5402 αὐτὸν
3069 5345 3389 5413 κατόπισθεν
3432 5349 3671 5425 τρέχων·

2019 5543 2221 5600 pugna
2246 5526 2596 5600 occubuisse
2614 5526 2787 5600 dicit.

2092 5597 2205 5666 (712)
2232 5599 2431 5655 Scribe
2456 5597 2814 5667 πεντήκοντα.

2091 5671 2203 5742 (43)
2236 5672 2335 5726 Est
2364 5671 2473 5727 hoc
2522 5685 2735 5728 nomen
2759 5668 3084 5726 tardissimi
3122 5674 3180 5726 et
3207 5670 3469 5727 socordis
3517 5671 3678 5729 senis

2023 5744 2179 5816 apud
2213 5742 2664 5816 Aristophanem
2701 5744 2850 5816 νεαρ.
2881 5759 2937 5813 v,
2965 5742 3097 5813 232,
3128 5745 3186 5799 et
3216 5743 3346 5800 Pac.
3381 5742 3539 5800 1155.
