4154 6416
437 379 550 450 6H

1589 381 1886 444 ORATIO
1929 377 2033 440 DE
2079 372 2306 438 REGIS
2351 375 2703 440 OFFlCIlS.

3735 377 3854 441 642

436 516 562 574 οὐδὲ
592 518 680 572 ἐὰν
726 511 1111 590 παραπλήσιος
1222 514 1322 583 τήν
1367 503 1650 589 ταχύτητα
1695 517 1802 568 τῶν
1847 515 1944 566 τοῦ
1997 509 2090 585 βο-

2221 510 2369 578 :erit;
2417 527 2610 578 nemo,
2643 512 2906 583 inquam,
2939 527 3012 566 ne
3057 509 3106 565 si
3156 510 3340 566 alatos
3371 511 3605 582 quidem
3659 511 3854 568 Boreae

438 605 562 682 ρέου
608 606 902 678 πτερωτῶν
953 601 1107 673 υἱῶν,
1169 601 1245 663 ὡς
1303 601 1356 655 οἱ
1403 599 1674 670 ’Έλληνες
1727 598 2094 672 μυθολογοῦσι

433 698 532 748 τοῦ
584 691 696 761 ’1ζῆ
747 693 861 766 (44)
907 711 967 746 τε
1007 691 1098 747 καὶ
1143 695 1242 746 τοῦ
1290 688 1485 747 Κάλαϊ.
1538 687 1767 764 Κὲγουσί
1817 709 1958 749 τινες
2013 685 2095 740 ὅτι

437 781 530 838 καί
561 779 844 842 Λύσιππος
896 780 925 834 6
977 777 1263 858 ζωγράφος
1311 780 1422 851 (45)
1471 777 1676 840 ἐκεῖνος
1717 779 1745 832 ὁ
1779 775 2097 837 Σικυωνίοις

445 867 735 948 βουληθεὶς
785 871 1130 947 ζωγραφῆσαι
1182 867 1272 923 καὶ
1331 867 1405 929 ὡς
1457 865 1506 920 ἐν
1558 864 1955 943 παραδείγματι
1988 863 2096 918 δεῖ·

441 962 524 1032 ξαι
555 957 746 1015 ὁποίαν
781 953 897 1034 ἔχει
926 958 1026 1027 τὴν
1081 957 1254 1034 φυγὴν
1289 956 1317 1010 6
1363 954 1588 1032 χρόνος,
1639 953 1865 1024 ἐποίησε
1909 958 2098 1007 τοῦτον

443 1050 645 1128 κωφὸν,
693 1045 1192 1125 ὀπισθοφάλακρον,
1235 1041 1583 1119 πτερόποδα,
1635 1044 1726 1099 καὶ
1773 1040 1954 1097 ἐπάνω
2000 1046 2098 1097 τοῦ

439 1142 650 1215 τροχοῦ
704 1131 1018 1214 βεϐηκότα,
1080 1134 1357 1212 μάχαιραν
1419 1131 1638 1189 διδόντα
1685 1134 1921 1188 κατωθεν
1980 1132 2101 1185 ἱστα

446 1227 594 1302 μένῳ
649 1225 776 1281 τινί·
835 1225 1020 1303 κωφὸν
1083 1225 1201 1298 μὲν,
1262 1223 1338 1285 ὡς
1396 1223 1534 1300 πρὸς
1585 1222 1714 1284 τοὺς
1764 1221 1924 1276 αὐτὸν
1984 1242 2095 1299 φω-

441 1320 667 1378 νοῦντας
729 1311 1001 1388 μηδαμῶς
1055 1311 1440 1386 αἰσθανόμενον
1502 1329 1515 1342 ·
1585 1309 1860 1389 φαλακρὸν
1921 1307 1978 1364 δὲ
2034 1309 2102 1363 τὰ

437 1400 678 1478 ὄπισθεν,
739 1404 816 1466 ὡς
874 1399 1138 1458 ἀδυνάτου
1198 1397 1354 1464 ὄντος
1406 1395 1622 1456 ὄπισθεν
1685 1397 1953 1454 διώκοντά
1979 1418 2100 1453 τινα

437 1500 705 1572 κρατῆσαι
765 1490 924 1548 αὐτόν
958 1535 970 1550 .
1031 1495 1157 1554 Πῶς
1215 1488 1272 1545 δέ
1321 1511 1406 1552 τις
1466 1489 1624 1544 αὐτὸν
1679 1485 2101 1565 παραδραμόντα

439 1584 636 1662 φθάσαι
715 1579 956 1657 ἷσχύσειε
1012 1574 1326 1656 πτερόποδα
1399 1572 1524 1634 ὄντα
1579 1577 1670 1633 καὶ
1730 1577 1817 1633 ἐπὶ
1872 1576 2100 1652 σφαίρας

438 1670 726 1746 ἱστάμενον
763 1689 777 1740 ;
812 1666 1029 1724 διδόντα
1078 1665 1136 1723 δὲ
1182 1667 1355 1746 ξίφος,
1387 1664 1525 1723 διότι
1558 1668 1609 1722 οἳ
1646 1669 1785 1740 μήτε
1817 1663 2099 1738 δυνάμενοι

437 1763 538 1830 τῆς
591 1759 773 1832 κόμης
831 1764 1118 1835 κρατῆσαι,
1183 1759 1322 1831 μήτε
1396 1757 1590 1835 φθάσαι
1648 1775 1960 1834 φευγοντα,
2016 1775 2098 1808 τι-

438 1850 777 1926 τρώσκονται
829 1852 908 1920 τῷ
955 1846 1103 1948 βέλει
1149 1853 1247 1916 τῆς
1295 1845 1478 1917 λύπης
1527 1845 1602 1907 ὡς
1638 1853 1740 1915 τῆς
1775 1842 1980 1916 ζημίας
2011 1842 2101 1897 ἐπ·
2134 1885 2181 1948 Β

442 1937 837 2012 αισθανόμενοι.
872 1931 1121 1998 Ἀννίϐας
1170 1937 1198 1990 6
1241 1942 1340 2005 τῆς
1393 1933 1646 1996 Σίκελίας
1693 1935 1782 1988 καὶ
1833 1935 2102 2012 Ἀφρικῆς

443 2027 773 2105 στρατηγὸς,
832 2030 940 2080 τῶν
991 2024 1275 2098 Ῥωμαίων
1325 2025 1459 2079 ποτε
1521 2021 1900 2099 βουληθέντων
1955 2021 2101 2077 ἐπι-

441 2121 767 2194 πραπεῦσαι
825 2115 962 2169 κατά
1015 2121 1115 2184 τῆς
1185 2112 1441 2176 Σικελίας
1477 2159 1490 2184 ,
1551 2107 1930 2188 προλαμϐάνει
2000 2111 2099 2179 τὴν

439 2203 654 2284 ἔφοδον·
715 2203 806 2260 καὶ
861 2204 931 2258 τά
987 2197 1225 2258 δύσϐατα
1280 2207 1385 2256 τῶν
1445 2201 1659 2257 ἀλπίων
1722 2200 1893 2277 ὀρέων
1956 2197 2044 2254 δια
2079 2231 2102 2240 -

439 2294 714 2372 καθάράς,
767 2291 837 2348 δι’
889 2291 1064 2348 αὐτῶν
1109 2294 1244 2368 πρὸς
1293 2289 1524 2347 Ἰταλίαν
1583 2296 1776 2367 χωρεῖ·
1840 2289 1929 2345 καί
1993 2286 2104 2344 δια-

443 2384 628 2464 φόρως
678 2381 873 2444 αὐτοὺς
920 2380 1245 2455 πολεμήσας
1277 2428 1291 2456 ,
1341 2378 1706 2458 πολυτρόπως
1762 2378 1954 2441 αὐτοὺς
2015 2377 2101 2433 ἐκ·

443 2477 584 2545 νικᾷ’
639 2470 801 2534 τέλος
855 2467 912 2525 δὲ
967 2468 1132 2525 πάλιν
1191 2470 1267 2533 εἷς
1323 2467 1470 2525 πολὺ
1514 2468 1731 2540 πλῆθος
1762 2469 2100 2544 συναχθεῖσιν

446 2562 710 2623 ἐπιτεθεὶς
741 2559 818 2623 εἷς
861 2554 1172 2635 Καλαϐρίαν
1217 2561 1352 2634 (46),
1400 2556 1702 2636 παράδοξόν
1749 2579 1865 2613 τινα
1916 2557 2104 2632 ἐπάγει

439 2651 532 2706 τὸν
581 2648 833 2726 ὅλεθρον·
885 2646 1108 2724 λέγουσι
1160 2650 1262 2725 γὰρ
1308 2647 1442 2710 τούς
1492 2651 1732 2724 χρυσοῦς
1780 2644 2103 2707 δακτυλίους

443 2745 552 2796 τῶν
613 2738 1032 2814 πεφονευμένων
1094 2741 1439 2814 στρατιωτῶν
1495 2733 1671 2810 μοδίῳ
1731 2734 1993 2811 μετρῆσαί
2047 2754 2107 2788 τε

446 2829 535 2884 καὶ
594 2825 1005 2904 διαμερίσασθαι
1038 2848 1051 2859 ·
1110 2827 1205 2887 τάς
1265 2824 1322 2880 δέ
1373 2831 1629 2902 γυναῖκας
1686 2823 1958 2898 Ῥωμαίας
2018 2819 2108 2876 διὰ

455 2919 552 2986 τὴν
609 2915 866 2988 τοιαύτην
921 2920 1029 2970 τῶν
1089 2913 1297 2991 ἀνδρῶν
1361 2915 1550 2969 σπάνιν
1609 2911 1967 2990 ἀνδραπόδοις
2016 2911 2107 2966 καὶ

461 3000 755 3084 βαρϐάροις
807 3003 1214 3079 συζεύγνυσθαι.
1249 3000 1404 3058 Ἀλλ’
1459 3004 1488 3056 6
1543 3007 1803 3064 τοσοῦτος
1855 3001 2107 3071 νικητῆς,

454 3095 656 3157 ἐκεῖνος
714 3087 983 3167 Ἀννίϐας,
1045 3092 1262 3170 ἐπάρσει
1320 3093 1411 3148 καὶ
1485 3096 1662 3169 τρυφῇ
1719 3110 2045 3166 καταχαυνω
2078 3122 2109 3132 -

458 3184 591 3258 θεὶς,
641 3184 728 3239 καὶ
780 3180 871 3239 διὰ
911 3187 1072 3238 τοῦτο
1121 3180 1403 3256 ἀμελήσας
1445 3180 1606 3242 τέλος
1656 3178 1869 3256 ἄριστον
1913 3179 2110 3233 ἐπιθεῖ-

2207 597 2379 665 ﬁlios,
2415 603 2479 653 ut
2508 600 2687 655 Graeci
2739 599 3098 668 fabulantur,
3131 599 3287 654 Zetin
3324 605 3381 654 et
3412 599 3609 656 Calain
3661 601 3852 672 perni-

2208 686 2380 742 citate
2412 705 2518 743 sua
2548 688 2872 744 aemuletur.
2904 688 3081 743 Aiunt
3113 688 3428 759 Lysippum
3463 688 3739 759 pictorem
3775 688 3856 742 in-

2209 776 2447 848 clytum,
2501 777 2641 832 dum
2693 777 2978 850 Sicyoniis
3034 782 3268 848 tempus
3312 778 3559 848 ejusque
3607 778 3854 832 celerem

2210 864 2409 937 fugam
2440 865 2763 938 exprimere
2811 865 3002 933 vellet,
3038 872 3485 938 reprzesentasse
3532 865 3676 920 illud
3725 883 3856 921 sur-

2209 955 2349 1010 dum
2381 955 2650 1028 occipitio
2683 954 2866 1011 calvo.
2901 956 3147 1027 pedibus
3179 954 3368 1020 alatis,
3403 961 3538 1009 rotae
3569 955 3856 1020 insidens,

2209 1059 2530 1116 ensemque
2561 1044 2794 1099 cuidam
2833 1045 3057 1099 inferne
3096 1044 3350 1099 adstanti
3380 1043 3702 1116 porrigens.
3725 1049 3859 1099 Sur-

2209 1133 2350 1188 dum
2392 1133 2652 1205 quidem,
2685 1132 2824 1204 quia
2872 1133 3167 1187 neminem
3198 1149 3232 1187 a
3261 1149 3376 1203 quo
3423 1139 3659 1187 vocetur
3688 1148 3862 1188 exau-

2208 1221 2295 1276 dit
2325 1238 2339 1275 ε
2374 1226 2524 1277 retro
2559 1221 2808 1283 calvum.
2833 1221 2970 1292 quia
3001 1237 3174 1276 nemo
3205 1220 3349 1276 illud
3385 1221 3745 1293 praeteritum
3778 1237 3861 1277 re-

2207 1311 2394 1367 tinere
2425 1315 2635 1382 potest.
2663 1310 2804 1375 Quis
2836 1311 2992 1366 enim
3023 1327 3261 1366 cursum
3299 1310 3458 1381 adaeq
3472 1314 3568 1366 uet
3607 1309 3858 1381 alipedis

2208 1405 2266 1455 et
2308 1399 2664 1472 praeterlapsi
2722 1404 2976 1470 rotisque
3015 1399 3387 1454 insistentis?
3421 1399 3677 1470 Denique
3729 1400 3859 1470 gla-

2210 1488 2375 1543 dium
2419 1489 2741 1561 porrigens,
2777 1487 3257 1560 quandoquidem
3305 1487 3362 1542 hi
3397 1489 3496 1559 qui
3545 1504 3728 1559 neque
3760 1505 3858 1543 ca-

2210 1577 2347 1650 pillo
2379 1577 2645 1644 retinere,
2680 1593 2868 1648 neque
2915 1593 3092 1632 cursu
3124 1576 3485 1648 aequiparare
3518 1581 3858 1648 potuerunt,

2213 1666 2476 1722 maeroris
2532 1665 2648 1721 telo
2708 1666 2988 1738 ﬁguntur,
3021 1665 3160 1738 quia
3218 1681 3394 1720 suum
3444 1665 3858 1720 detrimentum

2212 1756 2491 1812 sentiunt.
2527 1755 2812 1810 Hannibal
2853 1771 2955 1827 per
3003 1754 3262 1810 Siciliam
3311 1759 3366 1810 et
3410 1754 3662 1809 Africam
3697 1771 3862 1810 crea-

2212 1850 2306 1900 tus
2368 1845 2703 1916 imperator,
2739 1861 2874 1899 cum
2920 1844 2979 1897 in
3011 1842 3269 1898 Siciliam
3330 1843 3575 1898 Romani
3631 1844 3860 1915 expedi-

2215 1934 2432 1988 tionem
2469 1931 2840 1997 molirentur,
2864 1931 3184 1987 transitum
3212 1933 3335 2003 ipse
3367 1931 3725 2002 anticipavit,
3749 1933 3862 1987 via-

2215 2038 2327 2092 que
2359 2020 2470 2074 sibi
2515 2037 2618 2091 per
2667 2019 2896 2092 alpinos
2926 2025 3153 2074 montes
3185 2020 3494 2090 patelacta,
3526 2019 3580 2072 in
3636 2018 3858 2074 Italiam

2214 2110 2452 2182 irrupit;
2487 2110 2781 2165 Romanos
2829 2109 3077 2164 diversis
3117 2109 3335 2179 praeliis
3367 2109 3629 2181 pulsatos
3662 2111 3859 2183 fregit;

2215 2199 2528 2254 novissime
2557 2215 2689 2254 vero
2725 2215 2997 2270 magnam
3032 2196 3266 2253 illorum
3295 2197 3730 2254 multitudinem
3764 2201 3862 2254 de-

2215 2306 2332 2343 nuo
2362 2293 2720 2343 contractam
2770 2286 3096 2342 incredibili
3145 2286 3308 2343 clade
3342 2287 3399 2342 in
3431 2287 3698 2342 Calabria
3731 2306 3862 2360 pro-

2215 2377 2453 2449 ﬂigavit.
2487 2377 2690 2432 Fertur
2738 2377 2895 2432 enim
2949 2375 3234 2431 Hannibal
3275 2377 3599 2431 occisorum
3652 2378 3859 2432 Roma-

2211 2483 2421 2522 norum
2449 2481 2658 2520 aureos
2681 2463 2932 2520 annulos
2965 2465 3160 2519 modio
3189 2465 3425 2520 metitus
3445 2465 3821 2521 distribuisse
3847 2485 3860 2522 :

2211 2556 2506 2611 Romanas
2523 2560 2717 2609 autem
2740 2558 3039 2609 matronas
3059 2555 3214 2608 fama
3236 2559 3343 2624 est,
3361 2555 3605 2626 penuria
3625 2555 3860 2623 civium,

2213 2644 2394 2700 servis
2425 2649 2481 2698 et
2511 2643 2778 2699 barbaris
2826 2641 3117 2713 nupsisse.
3152 2643 3263 2698 Sed
3316 2643 3469 2697 enim
3521 2648 3720 2699 tantus
3771 2646 3861 2700 hic

2216 2732 2504 2789 Hannibal
2559 2731 2837 2804 superbia
2889 2730 3231 2802 deliciisque
3281 2730 3541 2796 inflatus,
3576 2749 3706 2786 cum
3763 2750 3861 2788 ne-

2215 2822 2494 2896 glexisset
2523 2820 2864 2892 praeclarum
2893 2819 3211 2876 terminum
3235 2819 3590 2876 facinoribus
3613 2822 3737 2876 suis
3762 2823 3865 2876 im-

2217 2927 2453 2984 ponere,
2476 2911 2557 2964 ita
2586 2917 2650 2964 ut
2680 2910 2925 2964 Romam
2957 2907 3250 2964 obsideret
3280 2913 3451 2978 atque
3481 2908 3862 2980 exscinderet,

2218 3005 2419 3072 postea
2451 3016 2484 3054 a
2515 2999 2911 3054 Romanorum
2951 2998 3097 3052 duce
3145 2997 3412 3070 Scipione
3461 3001 3696 3069 fugatus
3727 3004 3816 3053 est
3850 3017 3862 3054 :

2218 3094 2394 3160 atque
2425 3087 2507 3142 ita
2535 3085 2698 3142 exsul
2723 3086 2779 3140 in
2804 3085 3137 3158 Bithyniam
3159 3085 3410 3156 delatus,
3431 3104 3650 3142 veneno
3673 3093 3865 3160 epoto,

2219 3193 2486 3233 amarum
2518 3175 2648 3230 vita:
2680 3175 2856 3230 finem
2891 3179 3098 3230 nactus
3129 3180 3238 3230 est.
3267 3175 3548 3231 Similiter
3578 3175 3674 3231 alii
3705 3175 3873 3232 aliter

459 3293 547 3327 ναι
598 3277 716 3335 ταῖς
773 3271 1051 3334 τοιαύταις
1110 3271 1402 3347 πράξεσιν,
1461 3266 1566 3331 ἕως
1626 3268 1956 3342 ἐκπορθῆσαι
2013 3267 2109 3336 τήν

2225 3264 2469 3347 diversis
2500 3263 2866 3336 temporibus
2895 3263 3019 3335 pari
3050 3262 3404 3336 negligentia
3435 3269 3668 3320 utentes
3701 3282 3872 3337 pares

464 3362 685 3436 Ῥώμην
739 3361 829 3416 καὶ
884 3361 1269 3435 κατασκάψαι,
1329 3359 1547 3434 ὕστερον
1623 3356 1727 3412 ὐπὸ
1795 3353 2118 3427 Σκηπίωνος

464 3455 561 3505 τοῦ
619 3454 960 3526 στρατηγῶν
1015 3448 1302 3523 Ῥωμαίων
1361 3445 1742 3514 κατεδιώκετο,
1788 3445 1877 3500 καὶ
1909 3443 2117 3522 φεύγων

460 3540 563 3610 τήν
621 3538 866 3594 Βιθυνίαν
924 3532 1190 3594 κατέλαϐε
1222 3583 1236 3609 ,
1293 3537 1384 3592 καὶ
1441 3533 1782 3612 δηλητήριον
1836 3535 2117 3612 φάρμακον

462 3630 624 3702 πιὼν,
665 3631 874 3704 πικρῶς
925 3626 1178 3682 ἀπώλεσε
1221 3627 1322 3696 τήν
1379 3628 1545 3696 ζωήνι
1595 3623 1852 3686 ὡσαύτως
1903 3620 1994 3676 καί
2024 3620 2120 3676 ἄλ-

463 3717 579 3780 λως
612 3715 816 3772 ἄλλοτε
842 3716 980 3772 κατά
1027 3713 1320 3794 διαφόρους
1365 3713 1588 3789 καιροὺς
1639 3711 2009 3786 ἀμελήσαντες
2054 3709 2122 3764 τὰ

463 3807 632 3881 ὅμοια
662 3803 881 3871 ἔπαθον.
933 3802 1332 3879 Ἐπιμελητέον
1381 3803 1561 3858 τοίνυν
1615 3803 1868 3875 ἁρπάζειν
1909 3800 2000 3855 τὸν
2031 3801 2120 3876 ἀρ-

468 3893 810 3970 μοδιώτατον
842 3893 1068 3949 ἐλθόντα
1097 3895 1308 3969 καιρὸν,
1351 3892 1442 3947 καὶ
1497 3893 1572 3965 μὴ
1621 3895 1972 3968 παραχωρεῖν
2023 3888 2116 3944 αύ-

462 3986 553 4040 τὸν
592 3985 686 4058 μὲν
713 3984 1104 4060 παρέρχεσθαι,
1137 3982 1213 4044 εἷς
1243 3982 1306 4037 τό
1337 3980 1543 4056 μέλλον
1595 3979 1653 4035 δέ
1703 3978 1941 4048 ἐλπίζειν
1986 3975 2120 4049 ἀδή-

465 4073 578 4136 λως
607 4079 714 4129 τῶν
744 4071 1175 4128 λυσιτελούντων
1210 4070 1510 4147 ἐπιτυχεῖν,
1559 4070 1595 4140 ἢ
1643 4071 1744 4139 τὴν
1792 4069 1970 4145 τυχήν
2000 4067 2123 4122 ἀνα-

469 4163 644 4238 μένειν
692 4164 762 4219 τά
809 4161 1148 4217 συντείνοντα
1207 4159 1499 4216 ἐκτελέσαι·
1559 4157 1705 4215 ἀλλὰ
1755 4159 1832 4231 μὴ
1880 4177 2118 4233 προπαι-

465 4251 715 4324 δευτικὴν
784 4252 1093 4324 ἐπιστήμην
1165 4246 1312 4326 ἔχειν
1390 4251 1754 4322 κατορθοῦσαν
1827 4245 2000 4301 πάντα
2054 4247 2121 4301 τά

464 4345 739 4420 χρήσιμα.
788 4339 887 4396 Καὶ
933 4334 1272 4415 κυϐερνήτης
1319 4337 1422 4412 γὰρ
1478 4333 1696 4413 ἄριστος
1748 4334 1948 4396 ἐκεῖνός
1978 4333 2117 4389 ἐστιν

463 4434 525 4496 ὃς
585 4431 636 4487 ἐν
698 4427 899 4492 εὐδίαις
959 4428 1156 4502 εύθέτῳ
1211 4431 1386 4504 καιρῷ
1432 4427 1522 4481 καὶ
1572 4426 1787 4501 γαλήνῃ
1832 4422 2119 4494 σπουδάζει

463 4521 554 4577 καὶ
603 4519 867 4598 λογισμὸν
912 4514 1030 4594 ἔχει
1076 4518 1166 4574 καὶ
1219 4517 1480 4592 μέριμναν
1508 4561 1521 4581 ,
1570 4513 1899 4590 εὐτρεπίζειν
1952 4515 2118 4568 ἅπαν-

461 4633 529 4667 τα
581 4610 650 4667 τὰ
704 4610 842 4687 πρὸς
883 4607 1222 4685 ἀπαρτισμὸν
1273 4613 1373 4676 τῆς
1432 4604 1585 4676 νηός·
1645 4604 1734 4659 καὶ
1781 4603 2119 4677 ἐπιμελεῖται
2151 4627 2198 4692 D

457 4699 550 4756 τίνα
606 4696 889 4771 ἐπιτήδεια
944 4699 1047 4753 ὦσι
1097 4697 1163 4752 τά
1218 4717 1278 4752 τε
1333 4692 1581 4766 πηδάλια
1637 4693 1726 4749 καὶ
1783 4691 1990 4770 ἄρμενα
2028 4691 2117 4747 καὶ

463 4787 705 4867 σχοινίαο
759 4789 834 4850 ὡς
888 4784 947 4842 ἄν
998 4808 1130 4842 ποτε
1175 4784 1464 4863 τρικυμίας
1514 4783 1603 4839 καὶ
1652 4780 1930 4845 κλύδωνος
1963 4780 2118 4837 ἐπελ-

463 4879 671 4952 θόντος,
728 4871 947 4946 ἀϐλαϐῆ
1001 4875 1093 4931 καὶ
1146 4873 1425 4930 ἀκίνδυνον
1485 4871 1560 4936 εἵς
1627 4869 1826 4946 λιμένα
1882 4869 2118 4946 διασῃσώ

460 4969 562 5038 τὴν
607 4971 758 5023 ναῦν.
801 4967 858 5020 Ὀ
907 4962 965 5021 δὲ
1009 4969 1117 5020 τῶν
1171 4964 1466 5042 ἀναγκαίων
1514 4965 1612 5032 τῆς
1661 4963 1788 5033 νηὸς
1835 4959 2118 5037 χρειωδῶν

465 5055 706 5132 ἀμελῶν,
737 5055 828 5112 καὶ
873 5055 966 5110 τὸν
1020 5050 1277 5109 εὐδιεινὸν
1321 5056 1421 5123 της
1473 5050 1731 5107 εὐπλοίας
1778 5050 1963 5127 καιρὸν
2019 5049 2121 5104 ὑπὸ

468 5144 737 5223 ῥᾳθυμίας
786 5141 1252 5218 καταλιμπάνων,
1300 5141 1392 5197 καὶ
1436 5141 1572 5217 πρὸς
1618 5140 1682 5195 τὸ
1732 5134 1885 5223 ἔργον
1938 5135 2120 5193 δυσκί-

465 5222 628 5305 νητος
673 5229 771 5306 ὢν,
821 5231 1246 5300 καταποντιστὴς
1295 5227 1507 5304 μᾶλλον
1566 5229 1600 5298 ἢ
1652 5222 1988 5304 κυϐερνήτης
2040 5223 2121 5282 δί-

559 5431 772 5486 44Ηί8.
797 5429 968 5486 codd.

559 5432 772 5501 44)‘Ita
797 5432 968 5486 codd.

528 5432 645 5584 ί4ᾧ)
671 5501 850 5584 Atqui
881 5499 1202 5584 Lysippum
1233 5495 1736 5584 ‘Sri‘cx‘oniumld‘icit
1757 5494 2118 5584 statuarium

459 5568 685 5629 Plinius
718 5568 817 5627 lib.
849 5568 1040 5639 xxiuv;
1062 5568 1208 5625 sect.
1232 5568 1646 5624 19.'Consentit
1675 5571 1872 5623 autem
1904 5568 1962 5622 in
1994 5583 2119 5622 ora-

461 5646 620 5719 tione
649 5641 1300 5719 genuina_Nicephorus
1328 5640 1430 5711 qui
1475 5656 1580 5719 nec
1617 5639 1900 5719 pictorem
1930 5643 2118 5719 vocat,

463 5710 1034 5778 immo'statuarium
1064 5710 1128 5776 se
1169 5710 1486 5789 agnoseere
1531 5710 1898 5769 demonstrat
1943 5710 2118 5768 verbo

2230 3345 2608 3411 adversitates
2629 3353 2845 3425 experti
2869 3357 3029 3407 sunt.
3050 3351 3320 3408 Studiose
3342 3353 3522 3425 igitur
3545 3355 3874 3410 curandum

2230 3448 2338 3516 est,
2373 3449 2438 3499 ut
2490 3441 3056 3514 opportunissimum
3092 3442 3367 3514 quodque
3418 3448 3654 3514 tempus
3684 3448 3878 3514 capte—

2231 3551 2385 3600 mus,
2416 3548 2603 3604 neque
2653 3531 2710 3585 id
2756 3531 3020 3586 sinamus
3067 3530 3242 3599 elabi,
3272 3548 3422 3586 caeca
3459 3548 3562 3603 spe
3591 3531 3704 3588 lusi
3759 3534 3879 3588 fore

2230 3631 2296 3680 ut
2324 3624 2479 3695 quod
2515 3621 2653 3676 utile
2697 3625 2787 3676 est
2825 3619 3256 3687 naneiscamur,
3290 3621 3433 3676 dum
3467 3622 3759 3676 fortunam
3790 3621 3879 3692 ip-

2230 3729 2358 3769 sam
2390 3729 2518 3784 quze
2575 3709 2743 3766 nobis
2773 3709 3090 3780 expediunt
3118 3713 3453 3784 curaturam
3505 3710 3880 3777 arbitramur,
3973 3752 3978 3778 ,

2229 3782 2460 3860 etiamsi
2495 3816 2599 3855 nos
2645 3815 2713 3854 ea
2761 3797 3004 3853 minime
3053 3782 3302 3876 scientia
3348 3798 3619 3854 instructi
3671 3800 3881 3868 simus,
3967 3782 3997 3852 ’.λ

2230 3908 2357 3964 quae
2390 3888 2676 3961 quidquid
2708 3886 2857 3959 frugi
2889 3892 2979 3942 est
3011 3891 3303 3958 operatur.
3331 3889 3587 3943 Profecto
3620 3887 3716 3943 ille
3741 3889 3885 3960 opti-

2230 3996 2366 4035 mus
2394 3977 2751 4051 gubernator
2781 3979 2888 4041 est,
2918 3974 3017 4046 qui
3049 3992 3252 4030 sereno
3275 3975 3712 4048 tranquilloque
3742 3981 3883 4031 tem-

2230 4085 2388 4140 pore,
2422 4065 2685 4121 studium
2733 4079 2927 4130 omne,
2961 4065 3395 4136 cogitationem,
3427 4069 3484 4120 et
3533 4082 3734 4120 curam
3767 4065 3884 4120 col-

2230 4159 2382 4214 locat
2429 4155 2488 4210 in
2537 4154 2895 4226 apparandis
2924 4169 3308 4224 quaecumque
3357 4155 3429 4208 ad
3475 4155 3882 4208 instruendam

2230 4262 2434 4302 navem
2475 4243 2769 4316 pertinent
2818 4261 2831 4297 :
2883 4243 3103 4314 quique
3161 4241 3414 4298 consulit
3463 4247 3528 4296 ut
3575 4247 3749 4314 aptus
3806 4243 3887 4297 sit

2232 4334 2445 4404 malus,
2469 4337 2526 4388 et
2552 4331 2699 4402 vela,
2723 4337 2780 4388 et
2811 4332 2996 4398 funes,
3024 4331 3105 4387 ita
3135 4335 3202 4387 ut
3229 4347 3361 4386 cum
3395 4333 3759 4387 decumanus
3782 4331 3887 4385 ﬂu-

2231 4429 2362 4479 ctus
2393 4426 2829 4494 tempestasque
2859 4419 3398 4490 surrexerit,navim
3431 4418 3787 4475 incolumem
3820 4419 3880 4474 in

2230 4516 2462 4585 portum
2522 4509 2753 4566 referat.
2786 4513 2963 4566 Secus
3010 4526 3143 4565 vero
3193 4509 3292 4581 qui
3341 4507 3669 4564 necessaria
3717 4509 3881 4564 navis

2230 4603 2624 4658 instrumenta
2668 4598 2931 4671 negligit,
2965 4599 3361 4670 idoneumque
3411 4614 3683 4670 prospere
3716 4597 3882 4652 navi-

2230 4691 2422 4764 gando
2466 4681 2740 4745 serenum
2789 4693 3024 4760 tempus
3073 4687 3394 4743 socorditer
3422 4687 3661 4756 omittit,
3693 4703 3883 4758 neque

2229 4782 2302 4837 ad
2358 4779 2617 4835 laborem
2668 4777 2936 4832 alacriter
2975 4776 3282 4846 incumbit,
3315 4777 3365 4832 is
3414 4777 3749 4847 navit‘ragus
3778 4792 3881 4847 po-

2230 4871 2350 4925 tius
2379 4885 2554 4941 quam
2607 4852 2963 4940 gubernator
2993 4865 3274 4944 appellari
3312 4866 3501 4922 debet.
3533 4866 3879 4937 Quanquam

2229 4958 2389 5015 enim
2419 4975 2450 5013 e
2478 4960 2827 5028 tempestate
2870 4954 3032 5011 navis
3083 4953 3399 5027 aliquando
3448 4954 3762 5010 incolumis
3792 4971 3881 5010 re-

2230 5048 2384 5110 deat,
2417 5046 2476 5101 id
2510 5047 2750 5100 fortuna
2803 5043 3214 5115 imputandum
3259 5043 3398 5112 erit;
3432 5060 3567 5098 nam
3619 5060 3721 5115 per
3768 5059 3881 5114 gu-

2231 5135 2559 5192 bernatoris
2589 5134 2826 5205 quidem
2871 5132 3160 5189 incuriam
3193 5150 3307 5188 non
3353 5133 3532 5199 stetit,
3567 5131 3883 5205 quominus

2232 5242 2299 5282 ea
2330 5224 2604 5282 ﬂuctibus
2635 5223 3068 5279 absorberatur.
3093 5221 3224 5277 Pari
3255 5237 3392 5295 ergo
3425 5222 3648 5277 ratione
3677 5237 3750 5277 ne
3779 5220 3884 5276 du-

2232 5421 2266 5489 ἡ
2298 5419 2402 5494 γαλ
2413 5419 2674 5494 μάτωσεν.

2326 5491 2421 5566 46)
2449 5494 2673 5548 Leviter
2702 5507 2894 5566 errare
2944 5491 3175 5566 videtur
3224 5491 3606 5566 Nicepho‘rus,
3639 5507 3884 5566 geogra-

2231 5563 2380 5637 phia:
2400 5563 2793 5647 "ceteroquin,
2821 5563 2893 5617 de
2922 5579 3054 5647 qua
3068 5565 3251 5647 etiam
3281 5563 3538 5647 scripsit,
3571 5563 3882 5647 ponnigna-

2232 5633 2354 5705 rus,
2389 5636 2533 5710 dum
2571 5633 2897 5710 Calabriam
2940 5633 3230 5710 dicitpro
3277 5633 3527 5692 ﬁnitima
3556 5633 3787 5710 Apulia,
3820 5634 3883 5694 in

2230 5725 2349 5782 qua
2377 5706 2674 5782 provincia
2702 5710 2842 5766 sunt
3086 5708 3110 5730 '
