4154 6468
222 430 342 490 643

1478 418 1901 485 NIGEPHORI
1949 416 2383 481 BLEMMlD/E

3519 424 3639 484 644

222 578 347 618 cem
379 560 619 633 quidem
645 558 1005 630 imparatum
1034 574 1165 614 esse
1194 552 1424 629 oportet
1450 554 1539 611 vel
1570 553 1871 627 negligen-

1985 571 2138 613 καιος
2191 550 2569 624 ὀνομάζεσθαι·
2614 548 2707 605 καί
2768 551 2855 607 ἐάν
2925 548 3207 615 κλυδωνος
3251 552 3641 630 ἐπιγενομένου

225 655 367 717 tem,
400 649 500 704 sed
534 647 680 703 bene
710 647 912 719 potius
942 646 1257 717 eruditum,
1292 649 1416 701 arte
1450 661 1559 701 sua
1587 648 1878 710 exactum,

227 741 401 809 atque
431 738 492 792 in
524 735 685 792 omni
715 736 807 792 sui
839 735 1103 791 muneris
1145 739 1306 807 parte
1354 734 1699 806 perfectum.
1731 730 1879 787 cele-

230 842 376 894 rem,
419 842 664 893 navum;
714 824 825 881 alis
874 825 933 879 in
984 839 1238 890 summa,
1271 823 1321 879 si
1367 822 1493 877 fieri
1542 825 1752 893 potest,
1786 820 1880 874 in-

229 919 526 972 structum
555 915 675 971 sive
718 915 791 969 ad
829 931 1072 970 suorum
1124 913 1369 968 tutelam
1400 916 1458 967 et
1487 909 1879 966 conservatio-

231 1021 388 1073 nem,
421 1004 543 1061 sive
572 1004 643 1060 ad
687 1004 884 1060 hostes
924 1002 1219 1059 venandos
1249 1000 1876 1073 praeoccupandosque.

229 1094 301 1149 Et
330 1109 474 1149 sane
500 1093 552 1149 is
581 1097 778 1148 caveat
833 1109 908 1148 ne
963 1091 1175 1148 similis
1213 1090 1291 1147 sit
1324 1089 1556 1145 inscitis
1615 1088 1875 1156 medicis,

229 1183 331 1257 qui
363 1198 621 1255 congrua
645 1181 876 1255 azgrotis
902 1181 1218 1253 pharmace
1238 1179 1396 1234 haud
1427 1184 1559 1233 ante
1581 1178 1692 1233 sibi
1724 1193 1879 1232 com-

232 1275 460 1344 parant,
510 1272 612 1327 sed
663 1270 1026 1327 necessitatis
1073 1270 1313 1325 demum
1367 1272 1625 1339 tempore
1674 1284 1741 1321 ea
1787 1283 1876 1322 re-

227 1360 499 1433 quirunt;
535 1377 664 1431 quae
717 1363 860 1415 tunc
908 1360 957 1415 si
1012 1360 1158 1414 forte
1214 1357 1372 1412 haud
1431 1356 1876 1424 nanciscuntur,

226 1449 378 1505 mira
401 1448 606 1504 dicunt
627 1452 684 1504 et
705 1449 952 1519 jactant,
978 1446 1132 1503 illico
1155 1446 1435 1502 nimirum
1458 1462 1492 1501 a
1513 1461 1575 1500 se
1600 1445 1875 1500 morbum

226 1537 461 1609 pulsum
493 1536 584 1606 iri,
617 1536 911 1609 siquidem
959 1535 1169 1592 idonea
1212 1535 1529 1608 pharmaca
1572 1550 1685 1589 non
1721 1533 1874 1588 desi-

225 1627 495 1682 derarent
527 1643 542 1681 :
576 1630 752 1698 atque
778 1625 1011 1681 interim
1046 1624 1369 1697 plurimum
1408 1624 1479 1679 de
1528 1624 1875 1695 pharmaco-

229 1732 360 1771 rum
385 1716 599 1771 virtute
626 1714 938 1771 blaterant.
970 1712 1246 1770 Nonnulli
1291 1717 1493 1769 contra
1521 1728 1587 1768 ex
1621 1712 1715 1767 his
1753 1727 1873 1766 me-

229 1803 376 1860 dicis
405 1804 810 1876 impotentiam
859 1820 1029 1859 suam
1078 1806 1300 1859 naturae
1347 1801 1666 1874 imputant,
1700 1805 1876 1871 atque

225 1890 309 1948 ita
338 1891 572 1948 nonnisi
622 1891 785 1947 oneri
833 1891 1247 1964 aegrotantibus
1276 1894 1437 1946 sunt.
1470 1888 1528 1944 Si
1561 1890 1693 1961 quis
1741 1905 1874 1944 vero

223 1996 323 2037 eos
350 1979 746 2052 reprehendit,
778 1984 999 2036 naturae
1026 1979 1437 2035 tantummodo
1476 1994 1539 2033 se
1571 1976 1875 2033 ministros

220 2085 349 2126 esse
372 2070 558 2136 aiunt,
580 2068 987 2140 librorumque
1009 2068 1305 2124 doctrinas
1329 2071 1681 2139 conspuunt.
1708 2065 1874 2122 Mitto

221 2159 377 2231 quod
407 2158 468 2213 hi
499 2172 899 2231 smpenumero
930 2161 1152 2213 naturae
1181 2155 1295 2227 ipsi
1335 2155 1737 2219 adversantur,
1772 2170 1873 2209 ne-

220 2264 333 2319 que
364 2247 572 2303 medici
606 2252 764 2315 sunt,
793 2247 895 2302 sed
928 2251 1120 2319 pestes
1149 2250 1207 2301 et
1236 2244 1563 2300 homicidae.
1600 2243 1872 2298 Imitandi

224 2342 365 2392 sunt
395 2336 576 2408 igitur
607 2336 762 2391 docti
792 2336 989 2407 potius
1018 2334 1452 2407 prudentesque
1482 2332 1717 2399 medici,
1745 2331 1869 2403 qui,

223 2425 389 2497 gnari
419 2441 596 2497 quam
625 2423 860 2480 volucre
905 2428 1139 2495 tempus
1171 2424 1269 2493 sit,
1302 2427 1485 2477 artem
1535 2438 1703 2477 suam
1735 2438 1870 2475 cum

224 2514 384 2570 omni
414 2514 725 2570 sedulitate
755 2517 1125 2585 expromunt,
1158 2511 1365 2585 primis
1395 2511 1581 2566 morbi
1615 2510 1894 2567 motibus'

220 2604 614 2671 adversantes,
644 2608 710 2658 ut
740 2618 917 2675 quam
947 2601 1221 2658 ocissime
1247 2600 1604 2657 valetudinis
1637 2599 1873 2671 integri-

217 2696 397 2748 tatem
429 2692 763 2748 restituant.

1990 642 2026 710 ἡ
2056 645 2184 703 ναῦς
2243 640 2348 697 ἀπὸ
2406 644 2512 695 τῶν
2570 640 2827 714 κυμάτων
2890 636 3139 710 ἀϐλαϐὴς
3197 639 3594 721 διαφυλαχθείη
3623 690 3639 714 ,

1987 735 2149 785 τοῦτο
2176 737 2279 801 τῆς
2320 730 2501 806 τύχης
2545 727 2703 806 ἔργον
2756 726 2898 785 εἴποι
2946 750 3029 793 τις
3078 731 3233 786 εἴναυ
3280 728 3405 788 ὅσον
3434 735 3539 810 γάρ
3575 734 3640 789 τὸ

1988 815 2095 871 ἀπὸ
2123 818 2222 887 τῆς
2252 815 2511 889 ἀμελείας
2561 816 2766 872 ἐκείνου
2813 816 3028 881 πάντως
3080 818 3140 874 ἂν
3185 822 3220 890 ἡ
3270 825 3396 883 ναῦς
3438 819 3642 877 ἐκινδύ-

1987 927 2139 962 νευσε
2194 907 2680 963 καταποντισθεῖσα
2711 951 2726 963 .
2784 906 2857 961 Οὐ
2925 909 3038 984 χρὴ
3113 908 3290 965 τοίνυν
3348 907 3475 966 οὐδὲ
3542 911 3635 967 τὸν

1988 995 2284 1071 στρατηγὸν
2342 995 2813 1072 ἀπαρασκεύαστον
2874 995 3011 1051 εἶναι
3065 996 3155 1052 καὶ
3215 996 3394 1073 ἀμελῆ
3418 1046 3432 1072 ,
3492 998 3640 1056 ἀλλά

1986 1084 2414 1160 κατηρτισμένον
2463 1084 2553 1138 καὶ
2599 1084 2810 1140 τέλειον
2858 1087 2992 1141 εἶναι
3041 1085 3092 1141 ἐν
3142 1092 3272 1142 πᾶσι
3302 1094 3420 1151 τοῖς
3452 1082 3636 1166 ἔργοις

1982 1176 2083 1242 τῆς
2117 1173 2318 1250 ἀρχῆς,
2367 1171 2539 1248 ἤγουν
2587 1172 2759 1249 ταχὺν
2790 1175 2943 1247 εἶναι,
2990 1172 3304 1249 σπουδαῖον,
3335 1179 3635 1256 πτερωτὸν,

1986 1262 2032 1317 εἰ
2063 1260 2307 1333 δυνατὸν,
2344 1259 2418 1325 aii:
2449 1284 2507 1317 τε
2532 1264 2632 1332 τήν
2686 1268 2794 1320 τῶν
2844 1264 3060 1321 οἰκείων
3110 1263 3357 1344 φυλακὴν
3391 1267 3481 1322 καὶ
3513 1289 3637 1323 συν-

1983 1353 2240 1427 τήρησιν,
2288 1350 2364 1414 εἵς
2410 1373 2468 1407 τε
2515 1353 2613 1421 τὴν
2666 1357 2774 1407 τῶν
2829 1353 3079 1410 ἐναντίων
3131 1357 3300 1432 θήραν
3345 1356 3436 1412 καὶ
3465 1357 3634 1431 πρόσ-

1984 1440 2176 1515 ληψιν·
2247 1441 2337 1496 καὶ
2401 1442 2475 1514 μὴ
2559 1440 2752 1513 ὅμοιον
2830 1442 2961 1497 εἶναι
3028 1449 3148 1507 τοῖς
3222 1444 3451 1519 ἀμαθέσι
3524 1450 3632 1501 τῶν

1985 1528 2203 1607 ἰατρῶν,
2261 1527 2457 1592 οἵτινες
2514 1529 2575 1585 οὐ
2633 1533 3127 1606 παρασκευάζουσιν
3191 1530 3337 1610 ἔχειν
3395 1536 3464 1590 τὰ
3516 1541 3635 1599 τοῖς

1983 1624 2199 1675 νοσοῦσι
2242 1621 2586 1693 προσήκοντα
2632 1619 2907 1698 φάρμακα,
2966 1620 3113 1678 ἀλλὰ
3156 1625 3274 1679 κατ’
3319 1623 3478 1680 αὐτὸν
3530 1632 3634 1696 τῆς

1983 1709 2219 1785 ἀνάγκης
2282 1709 2468 1785 καιρὸν
2544 1709 2861 1781 ἐπιζητοῦσι
2930 1711 3307 1787 πορίζεσθαι·
3384 1713 3475 1768 καὶ
3554 1715 3629 1788 μὴ

1984 1796 2299 1869 δυνηθέντες
2358 1797 2554 1875 εὐρεῖν,
2610 1798 3047 1875 τερατολογοῦσι
3106 1801 3197 1857 καὶ
3256 1801 3632 1880 ἐγκαυχῶνται

1983 1889 2056 1950 ὡς
2086 1884 2234 1959 εἷ’περ
2266 1887 2415 1962 εἶχον
2466 1889 2726 1962 φάρμακα
2771 1890 2838 1943 τὰ
2885 1887 3154 1965 χρειώδη,
3193 1891 3412 1967 ταχέως
3442 1890 3501 1947 ἂν
3532 1893 3665 1965 τήν-η

1981 1976 2139 2033 νόσον
2193 1974 2503 2047 ἀπήλασαν,
2562 1976 2797 2032 πλεῖστα
2840 1978 2966 2054 περὶ
3006 1985 3108 2049 τῆς
3161 1984 3270 2035 τῶν
3329 1982 3632 2059 φαρμάκων

1984 2063 2265 2139 δυνάμεως
2325 2065 2806 2143 φυσιολογοῦντες.
2873 2068 3020 2131 Τινὲς
3092 2066 3150 2123 δὲ
3202 2074 3309 2125 τῶν
3368 2069 3632 2126 τοιούτων

1982 2153 2180 2229 ἷεζτρῶν
2229 2155 2328 2222 τὴν
2379 2154 2579 2209 έαυτῶν
2624 2152 2921 2229 ἀδυναμίαν
2986 2161 3055 2232 τῇ
3106 2156 3258 2236 φύσει
3306 2158 3631 2232 ἀνατιθέασι,

1982 2245 2180 2320 φόρτος
2235 2242 2396 2315 μόνον
2442 2243 2594 2306 κενὸς
2642 2249 2759 2306 τοῖς
2808 2243 3112 2321 ἀρρώστοις
3164 2247 3502 2326 φαινόμενοι·
3543 2249 3633 2304 καὶ

1982 2328 2038 2386 εἴ
2083 2352 2164 2393 τις
2223 2330 2409 2394 αὐτοῖς
2466 2330 2653 2410 ὀφθείη
2711 2333 3061 2412 μεμφόμενος
3096 2381 3110 2408 ,
3172 2335 3382 2414 φύσεως
3461 2337 3632 2412 μόνης

1983 2420 2248 2497 ὑπουργοὶ
2298 2419 2547 2495 λέγουσιν
2601 2423 2754 2494 εἶναι,
2804 2423 2898 2485 τὰς
2945 2423 3051 2479 ἀπὸ
3079 2429 3185 2478 τῶν
3225 2420 3455 2499 βιϐλίων
3512 2427 3631 2482 ἐπι-

1980 2512 2192 2583 στήμας
2231 2511 2717 2585 παραιτησάμενοι·
2766 2509 2837 2565 ἐῶ
2883 2512 2984 2587 γὰρ
3035 2509 3233 2588 λέγειν,
3286 2513 3369 2570 ὅτι
3417 2513 3631 2572 πολλά-

1976 2620 2063 2661 κις
2119 2598 2208 2653 καὶ
2285 2597 2419 2671 αὐτῇ
2494 2602 2562 2671 τῇ
2620 2597 2773 2676 φύσει
2843 2598 3208 2656 ἐναντιοῦνται
3242 2646 3255 2659 .
3314 2604 3630 2678 θεραπευταὶ

1983 2689 2075 2763 μὲν
2120 2687 2220 2743 οὐκ
2265 2682 2432 2759 ὄντες,
2490 2686 2821 2763 βροτολογοὶ
2880 2686 2939 2744 δὲ
2972 2689 3209 2762 μάλιστα
3260 2691 3350 2746 καὶ
3390 2694 3628 2771 φθορεῖς,

219 2778 397 2835 Ἀλλά
430 2781 709 2854 μιμεῖσθαι
740 2777 868 2841 τοὺς
898 2783 1003 2834 τῶν
1040 2778 1235 2852 ἰατρῶν
1270 2777 1638 2850 ἐπιστήμονας
1696 2777 1785 2831 καὶ
1845 2779 2144 2856 φρονίμους
2201 2778 2252 2832 οἱ
2298 2777 2390 2831 τὸν
2443 2777 2629 2850 καιρὸν
2689 2775 2893 2840 εἰδότες
2953 2777 3207 2849 ὀξύτατον
3260 2781 3394 2854 μετά
3449 2781 3629 2852 πάσης

211 2866 457 2923 ’ίστανται
536 2870 635 2938 τῆς
700 2866 964 2941 σπουδῆς,
1044 2867 1110 2943 τῇ

219 2957 399 3033 ὑγείας
428 2955 595 3013 καλὸν
631 2957 957 3015 ιασώσωσιν.

288 3048 382 3103 XI.
414 3049 533 3104 Rex
588 3046 778 3119 dignos
832 3047 1193 3118 magistratus
1247 3046 1437 3113 eligat.
1461 3076 1528 3085 —
1562 3049 1682 3118 Age
1738 3062 1870 3102 vero

220 3134 368 3192 nihil
398 3135 588 3209 magis
636 3152 671 3190 a
716 3150 852 3208 rege
907 3134 1032 3190 ﬁeri
1087 3134 1485 3190 necessarium
1538 3140 1646 3201 est,
1691 3151 1869 3206 quam

215 3224 489 3296 judicum
534 3223 595 3279 in
642 3224 917 3279 universa
945 3222 1164 3279 ditione
1206 3240 1315 3278 sua
1361 3223 1868 3291 constitutionem;

221 3313 482 3386 itemque
511 3313 571 3368 in
602 3313 743 3369 foris
779 3311 1165 3383 mercatoriis,
1199 3315 1566 3379 curatorum;
1601 3312 1702 3383 qui
1729 3328 1868 3367 sane

217 3402 376 3458 haud
426 3407 633 3458 aveant
690 3401 969 3457 humanis
1024 3401 1298 3456 carnibus
1355 3401 1505 3456 vesci
1566 3400 1654 3472 (id
1712 3401 1867 3473 quod

1194 2866 1385 2943 πρώτῃ
1439 2867 1643 2936 κινήσει
1699 2870 1796 2921 τοῦ
1852 2869 2164 2941 νοσήματος
2221 2866 2615 2938 ἀνθιστάμενοι,
2672 2862 2764 2921 ’ίνα
2820 2866 2896 2930 ὡς
2973 2866 3026 2922 ἐν
3087 2868 3341 2943 συντόμῳ
3399 2871 3463 2925 τὸ
3525 2878 3634 2941 τῆς

2051 3046 2156 3101 IA'.
2187 3045 2249 3098 Ὃ
2298 3040 2357 3098 δὲ
2407 3042 2822 3119 ἀναγκαιότατόν
2875 3043 2987 3099 ἐστι
3031 3049 3111 3117 τῷ
3161 3044 3378 3121 βασιλεῖ
3414 3048 3628 3103 πάντων

1983 3131 2218 3205 μάλιστα
2272 3131 2335 3187 τὸ
2391 3132 2467 3195 εἷς
2518 3132 2724 3187 ἅπασαν
2778 3133 2876 3201 τήν
2930 3133 3018 3188 ὑπ’
3068 3133 3226 3190 αὐτὸν
3269 3134 3448 3212 ἀρχὴν
3483 3134 3632 3192 δικα-

1978 3223 2104 3285 στάς
2138 3220 2547 3298 ἐγκαταστῆσαι·
2591 3220 2653 3275 οὐ
2708 3221 2815 3294 μὴν
2873 3218 2931 3276 δὲ
2973 3219 3120 3278 ἀλλά
3164 3224 3255 3279 καὶ
3303 3224 3353 3280 ἐν
3403 3224 3631 3302 ἀγοραῖς

1980 3310 2318 3384 ἐπιμελητὰς
2350 3353 2370 3379 ,
2428 3308 2526 3364 οὐκ
2582 3309 2919 3385 ἀνθρωπίνας
2981 3310 3180 3389 σάρκας
3236 3312 3631 3388 ἐπιθυμοῦντας

1980 3399 2171 3455 ἐσθίειν
2227 3399 2424 3473 (καθὼς
2472 3400 2501 3453 6
2555 3403 2722 3472 μῦθος
2772 3397 2916 3476 λέγει
2963 3400 3056 3455 τὸν
3108 3404 3403 3480 Προμηθέα
3441 3407 3629 3460 παθεῖν

214 3490 560 3547 Prometheo
608 3490 946 3563 contingere
987 3489 1195 3546 fabulae
1243 3495 1502 3559 narrant,
1536 3490 1627 3545 cui
1676 3489 1865 3545 adﬁxo

1982 3487 2030 3543 ἐν
2061 3493 2140 3561 τῷ
2187 3485 2300 3564 ὄρει
2350 3487 2612 3560 Καυκάσῳ
2660 3475 3120 3562 προσηλωμένον,
3159 3475 3326 3547 ’ἀετοῦ
3375 3494 3438 3548 τὸ
3480 3496 3629 3571 ἧπαρ

216 3580 277 3636 in
309 3580 552 3636 Caucasi
603 3579 850 3652 rupibus
894 3580 1060 3650 jecur
1107 3578 1442 3651 depascitur
1484 3577 1724 3650 aquila),
1767 3578 1867 3634 sed

224 3669 324 3742 qui
359 3669 625 3742 apprime
673 3668 925 3725 studiosi
964 3668 1212 3739 justitiae
1240 3669 1377 3735 sint,
1415 3667 1515 3738 qui
1566 3667 1867 3722 avaritiam

218 3764 276 3815 et
304 3759 417 3831 ipsi
449 3775 483 3813 a
513 3774 575 3814 se
604 3757 890 3830 repellant
916 3764 974 3813 et
1001 3757 1061 3811 in
1108 3756 1241 3813 aliis
1290 3761 1734 3830 persequantur,
1770 3756 1869 3828 qui

219 3851 409 3903 tutam
449 3847 903 3919 aequabilitatem
957 3851 1321 3913 conservent,
1373 3860 1560 3918 neque
1611 3843 1869 3917 pecuniae

230 3952 337 4009 per
384 3936 578 3993 scelus
609 3935 946 4009 colligendis
995 3936 1244 4006 inhient,
1275 3935 1691 4008 publicamque
1746 3950 1869 3990 rem

216 4024 557 4098 Compilent,
612 4042 814 4081 verum
868 4025 1139 4097 prudenti
1198 4023 1445 4081 consilio
1495 4025 1598 4095 jus
1651 4023 1870 4095 ubique

216 4115 669 4187 aequitatemque
699 4131 814 4187 praa
850 4131 913 4170 se
947 4115 1157 4185 ferant,
1191 4125 1366 4185 atque
1394 4130 1429 4168 a
1459 4111 1682 4168 caeteris
1713 4129 1867 4168 mor-

217 4200 434 4257 talibus
491 4200 665 4273 longe
711 4201 1002 4256 differant.
1035 4201 1236 4272 Neque
1284 4205 1480 4257 tamen
1532 4200 1596 4255 hi
1644 4199 1869 4256 similes

220 4288 458 4345 Cormbo
486 4289 576 4346 vel
607 4289 866 4362 Margitaa
904 4289 991 4346 vel
1036 4290 1214 4345 etiam
1247 4289 1520 4345 Melitida:
1551 4289 1692 4358 sint,
1725 4306 1868 4361 quo-

220 4395 353 4434 rum
386 4378 615 4451 primus
655 4378 714 4433 in
761 4377 959 4435 littore
1006 4383 1174 4435 stans
1221 4378 1436 4433 ﬂuctus
1486 4378 1866 4447 numerabat;

218 4465 303 4522 ita
342 4472 540 4523 tamen
593 4471 657 4522 ut
704 4472 839 4539 post
893 4467 1133 4523 tertium
1186 4467 1553 4535 subsisteret,
1585 4469 1869 4538 majorem

218 4572 532 4611 numerum
583 4572 925 4628 percensere
955 4556 1245 4613 nesciens.
1274 4556 1435 4611 Alter
1475 4556 1753 4611 dubitans
1783 4572 1872 4611 ro-

214 4644 391 4716 gabat
437 4648 568 4700 uter
614 4650 922 4717 parentum
976 4661 1218 4701 suorum
1270 4661 1333 4700 se
1381 4644 1699 4717 genuisset.
1734 4644 1870 4699 Ter-

212 4733 333 4789 tius
366 4733 621 4805 deniquo
649 4734 847 4790 uxoris
892 4734 1254 4789 consortium
1294 4734 1532 4788 vitabat.
1566 4733 1723 4789 haud
1755 4749 1867 4787 caa-

1980 3578 2144 3632 αὑτοῦ
2196 3576 2610 3650 κατεσθίοντος)·
2673 3575 2817 3632 ἀλλά
2866 3578 2990 3652 περὶ
3054 3578 3311 3635 πλείστου
3363 3582 3629 3656 ποιουμέ-

1977 3687 2102 3727 νους
2156 3666 2223 3720 τὰ
2275 3664 2473 3736 δίκαια,
2534 3664 2847 3736 πλεονεξίας
2909 3669 3319 3743 ἀπεχομένους,
3379 3671 3468 3726 καὶ
3528 3672 3633 3726 ἀπὸ

1976 3759 2085 3809 τῶν
2142 3752 2328 3810 ἄλλων
2381 3753 2579 3825 ταύτην
2640 3752 3069 3829 ἀποδιώκοντας,
3131 3757 3368 3829 εὐταξίαν
3429 3760 3637 3816 οἰκονο-

1983 3848 2217 3917 μοῦντας
2267 3842 2773 3920 παρρησιάζεσθαι·
2837 3844 2897 3899 οὐ
2957 3847 3092 3922 πρὸς
3149 3845 3426 3925 συλλογὴν
3488 3870 3636 3926 χρη..

1983 3932 2162 4006 μάτῳν
2226 3932 2541 4009 παράνομον
2620 3928 3028 3997 ἀποϐλέποντας
3080 3983 3095 4008 ,
3156 3936 3248 3991 καὶ
3329 3934 3637 4016 λῃστρικῶς

1979 4020 2349 4095 διακειμένους
2399 4025 2468 4096 τῇ
2519 4019 2795 4094 πολιτείᾳ,
2840 4022 2987 4079 ἀλλά
3043 4025 3177 4098 μετά
3234 4024 3633 4103 λελογισμένης

1979 4110 2240 4174 συνέσεως
2291 4112 2355 4167 τὸ
2404 4110 2642 4185 νόμιμον
2693 4109 2782 4166 ἐπὶ
2829 4117 2958 4167 πᾶσι
2989 4114 3079 4168 καὶ
3120 4112 3475 4191 διορθωτικὸν
3507 4139 3632 4172 συν-

1979 4201 2345 4279 εισφέροντας,
2392 4200 2483 4255 καὶ
2533 4197 2883 4278 διαφέροντας
2928 4204 3035 4255 τῶν
3084 4198 3271 4258 ἄλλων
3319 4203 3510 4279 πολλῇ

1978 4288 2280 4366 περιουσίᾳ·
2336 4289 2411 4363 μὴ
2461 4286 2878 4363 παραπλησίους
2930 4286 2986 4344 δὲ
3044 4286 3333 4367 Κοροίϐῳ,
3387 4293 3633 4371 Μαργίσῃ

1976 4399 2055 4449 τε,
2085 4379 2175 4433 καὶ
2221 4382 2302 4450 τῷ
2359 4374 2627 4451 Μελιτίδῃ
2684 4379 2817 4452 (47)·
2862 4380 2936 4432 ὧν
2994 4380 3022 4434 ὁ
3082 4381 3177 4453 μὲν
3209 4382 3332 4458 περὶ
3382 4382 3510 4446 τοὺς
3543 4382 3634 4438 αἶ-

1976 4466 2208 4544 γιαλοὺς
2288 4464 2520 4543 βαδίζων
2597 4466 2809 4541 ἐμέτρει
2865 4468 2933 4523 τά
2997 4467 3213 4542 κύματα
3244 4514 3258 4541 ,
3314 4471 3405 4526 καὶ
3465 4471 3635 4550 μέχρι

1976 4561 2143 4633 τριῶν
2193 4550 2540 4633 προϐαίνων,
2584 4553 2772 4611 *ίστατο
2830 4556 2917 4611 ἐπὶ
2974 4555 3141 4613 πλέον
3206 4560 3282 4632 μή
3335 4556 3635 4634 δυνάμενος

1978 4650 2334 4721 προχωρεῖν·
2396 4645 2424 4698 6
2487 4641 2545 4699 δὲ
2602 4642 2876 4722 διαπορῶν
2934 4647 3144 4722 ἠρώτα,
3207 4647 3467 4725 ὁπότερος
3523 4654 3629 4705 τῶν

1977 4734 2178 4811 γονέων
2234 4732 2392 4788 αὐτὸν
2452 4733 2754 4808 ἐγέννησεν·
2817 4735 2845 4788 ὁ
2905 4732 2951 4789 δ’
3006 4732 3189 4813 ἕτερος
3248 4736 3348 4792 οὐκ
3396 4737 3638 4813 ήθέλητε

213 4821 432 4878 libatus
485 4823 856 4895 puriorisque
901 4823 1030 4878 vitae
1080 4823 1440 4888 desiderans,
1475 4822 1576 4877 sed
1624 4838 1658 4876 a
1698 4837 1869 4876 socru

1982 4829 2319 4898 συμμιγῆναι
2366 4825 2435 4896 τῇ
2487 4820 2650 4876 αὐτοῦ
2699 4822 2936 4897 γυναικὶ,
2989 4823 3050 4878 οὗ
3104 4825 3384 4901 παρθενίαν
3433 4833 3632 4902 τιμῶν,

220 4928 329 4966 sua
355 4911 631 4984 vapulare
671 4917 963 4983 metuens,
996 4912 1045 4968 si
1078 4913 1225 4967 forte
1268 4928 1508 4967 uxorem
1540 4909 1868 4983 attingeret.

223 4999 378 5063 Quos
445 5016 649 5056 omnes
717 5000 945 5056 consilii
1009 5004 1272 5073 expertes
1331 5005 1504 5071 atque
1569 5000 1871 5055 dementes

223 5087 406 5144 fuisse
436 5104 610 5144 nemo
640 5105 755 5144 non
787 5090 965 5145 videt.
996 5094 1223 5146 Itursus
1261 5088 1612 5161 populorum
1637 5088 1871 5160 judices

223 5192 296 5232 ne
326 5175 446 5233 sint
475 5177 654 5233 astuti
692 5194 758 5234 ac
809 5179 1084 5250 perversi,
1118 5194 1308 5250 neque
1335 5178 1408 5233 ad
1441 5176 1728 5232 maleﬁcia
1772 5194 1872 5234 so—

218 5265 392 5321 lertes
425 5282 438 5321 :
473 5265 676 5339 quales
707 5272 873 5323 erant
915 5268 1118 5338 Cacus,
1152 5266 1496 5339 Autolycus,
1530 5271 1587 5322 et
1612 5267 1871 5339 Euryba-

215 5358 327 5423 tes,
351 5354 454 5426 qui
484 5354 675 5411 aliena
703 5362 971 5412 armenta
998 5357 1261 5412 furantes
1283 5357 1355 5411 ad
1388 5372 1529 5412 suas
1559 5355 1761 5411 caulas
1791 5360 1873 5411 at-

213 5458 329 5513 que
356 5442 612 5499 latebras
657 5445 876 5501 aversis
906 5444 1249 5518 corporibus
1292 5444 1752 5517 pertrahebant:
1788 5445 1871 5500 ita

216 5535 283 5586 ut
309 5531 410 5603 qui
441 5532 659 5605 pedum
678 5534 924 5606 vestigia
951 5535 1011 5589 in
1034 5534 1330 5590 latronum
1350 5533 1659 5590 vestibulis
1679 5533 1872 5590 obser-

292 5671 405 5744 (47)
425 5673 660 5750 _l_)riores
676 5676 840 5750 duos
855 5681 1158 5750 memorat
1186 5674 1548 5750 Polybiusjn
1584 5676 1872 5733 Vaticanis

218 5746 486 5819 excerptis
508 5762 569 5825 p.
590 5747 717 5816 381,
738 5747 977 5807 tertium
1005 5746 1430 5826 Aristophanes
1456 5748 1596 5809 Han.
1627 5765 1684 5821 v,
1707 5749 1869 5824 1022,

1981 4909 2105 4967 οὐδὲ
2136 4909 2374 4986 ἁγνεύειν
2430 4909 2786 4986 βουλόμενος,
2840 4909 2985 4967 ἀλλά
3034 4911 3206 4990 λέγων
3240 4910 3518 4992 φοϐεῖσθαι
3555 4919 3631 4990 μή

1980 5022 2114 5056 ποτε
2156 4997 2382 5054 κόλασιν
2434 4997 2562 5075 εὕρῃ
2602 5000 2754 5076 ’παρά
2807 5007 2909 5071 τῆς
2958 5003 3215 5076 πενθερᾶς
3259 5002 3425 5059 αὐτοῦ
3472 5006 3636 5082 χάριν

1978 5097 2079 5159 τῆς
2138 5087 2437 5151 συνουσίας·
2493 5086 2711 5166 ἀφελεῖς
2766 5084 2917 5152 ὄντες
2970 5089 3255 5154 παντελῶς
3311 5092 3401 5148 καὶ
3454 5094 3636 5164 ἀνόη-

1978 5199 2084 5234 τοι·
2150 5174 2289 5253 μηδὲ
2343 5174 2509 5232 πάλιν
2584 5177 2903 5254 περιέργους
2956 5178 3044 5234 καί
3114 5181 3488 5257 κακοτρόπους
3542 5183 3635 5239 καὶ

1980 5265 2355 5338 ἐπινοητικοὺς
2416 5266 2490 5328 εἰς
2546 5265 2609 5320 τὸ
2665 5269 3051 5344 πονηρεύεσθαι
3109 5290 3121 5302 ·
3176 5271 3360 5327 ὁποῖοι
3415 5275 3550 5342 ἦσαν
3606 5270 3638 5327 6'

1977 5377 2037 5411 τε
2066 5356 2295 5427 Κάκκος,
2347 5356 2375 5409 6
2430 5353 2763 5429 Αὐτόλυκος,
2811 5359 2902 5412 καὶ
2950 5359 2978 5413 ὁ
3027 5354 3346 5433 Εὐρυϐάτης
3392 5363 3526 5435 (48),
3571 5362 3639 5417 τά

1979 5442 2246 5519 ἀλλότρια
2268 5443 2599 5506 κλέπτοντες
2653 5446 2782 5518 ζῶα,
2831 5446 2921 5501 καὶ
2973 5446 3049 5510 εἷς
3092 5448 3190 5512 τὰς
3222 5449 3426 5513 οἰκείας
3456 5447 3635 5506 αὒτῶν

1980 5532 2347 5611 ἀντιστρόφως
2411 5533 2717 5610 εἱσάγοντες
2792 5533 3109 5601 καταδύσεις
3183 5539 3274 5594 καὶ
3346 5536 3586 5615 μάνδρας
3620 5559 3635 5574 ·

1977 5683 2036 5737 et
2063 5677 2355 5735 Lucianus
2385 5676 2448 5733 in
2477 5678 2770 5736 Amoribus
2799 5679 2959 5738 haud
2990 5683 3195 5741 procul
3225 5683 3363 5741 ﬁne.

2049 5750 2163 5828 (48)
2193 5750 2346 5809 Sunt
2374 5748 2435 5807 hi
2462 5748 2724 5810 latrones
2753 5750 2815 5811 in
2846 5748 3063 5814 fabulis
3094 5753 3329 5815 famosi.
