4154 6434
406 369 529 429 645

1560 370 1855 432 ORATIO
1899 371 2002 430 DE
2047 366 2274 431 REGIS
2318 368 2677 432 OFFICIIS.

3702 374 3821 435 646

405 497 545 554 ὥστε
597 496 728 561 τοὺς
783 488 1300 575 περιεργαζομένους
1361 499 1427 553 τὰ
1476 503 1585 554 τῶν
1640 497 1822 555 ποδῶν
1877 498 2051 555 αὐτῶν

2171 505 2388 565 varent,
2420 501 2583 557 illinc
2614 502 2808 573 potius
2838 507 3106 559 armenta
3134 519 3370 575 egressa
3389 504 3829 561 existimarent.

406 583 537 663 i’xv-q
572 585 624 641 ἐν
654 589 724 660 τῇ
757 585 1048 642 εἷσελεύσει
1085 594 1189 656 τῆς
1239 585 1581 651 καταδύσεως
1628 593 1737 643 τῶν
1791 588 2064 659 κλεπτῶν,

407 670 815 750 ὑπολαμϐάνειν
849 673 932 730 ὅτι
987 672 1200 748 μᾶλλον
1259 673 1484 746 ἐξῆλθον
1539 677 1607 732 τὰ
1662 680 1796 746 ζῶα·
1857 677 1947 733 καὶ
2003 677 2065 733 οὐ

402 768 566 821 τοῦτο
628 763 794 839 μόνον
849 762 1089 836 ἐποίουν,
1126 762 1275 820 ἀλλά
1330 763 1420 820 καί
1486 761 1819 840 μετ-ἤμειϐον
1873 771 2063 837 ταῦτα,

402 853 495 909 καὶ
571 851 1080 930 μετεχρωμάτιζον,
1148 852 1239 908 καὶ
1316 854 1600 917 παντοίαις
1670 860 1946 930 μηχαναῖς
2006 876 2066 911 τε

403 942 494 998 καὶ
545 941 772 1019 τέχναις
827 940 958 1004 τοὺς
1001 937 1230 1018 ἔχοντας
1306 942 1443 998 αύτά
1497 944 1914 1020 παρικρούοντο·
1973 944 2063 999 καὶ

401 1032 529 1094 τοὺς
603 1036 1051 1107 παρατηροῦντας
1126 1028 1479 1095 λανθάνοντες
1550 1029 1850 1110 διέφευγον,
1908 1030 2062 1103 δίκην

402 1124 614 1176 καπνοῦ
642 1118 928 1197 κρημνοὺς
979 1116 1354 1197 διερχόμενοι,
1384 1121 1474 1176 καὶ
1531 1121 1759 1198 τοίχους
1820 1122 2065 1197 ὑπερπη-

404 1208 626 1281 δῶντες,
653 1209 745 1265 καὶ
801 1208 1073 1272 ποικίλως
1134 1207 1617 1285 ἐναλλασσόμενοι·
1652 1212 1726 1275 ὡς
1786 1212 1814 1265 6
1854 1212 2065 1288 Νηρεὺς

401 1298 626 1369 ἐκεῖνος,
712 1299 802 1354 καὶ
884 1296 1291 1374 Περικλύμενος
1345 1300 1483 1374 (49),
1548 1300 1639 1356 καὶ
1726 1299 1979 1377 Πρωτεὺς
2035 1301 2064 1355 6

403 1387 706 1465 Αἰγύπτιος
767 1389 1049 1465 σοφιστής·
1110 1388 1170 1443 ’ὀν
1242 1386 1490 1463 λέγουσιν
1580 1390 1685 1445 ἀπὸ
1772 1388 2065 1461 Παλλήνης

400 1478 502 1548 τῆς
560 1482 833 1551 Θρᾳκικῆς
896 1477 1225 1552 ὑποστρέψαι
1283 1480 1417 1533 ποτὲ
1502 1477 1578 1541 εἰς
1652 1475 1951 1555 Αἰγυπτονο
2013 1477 2065 1533 ἐν

406 1571 609 1644 μυχοῖς
692 1565 784 1621 καὶ
870 1564 1146 1642 χάσμασιν
1207 1564 1427 1630 ἀδύτοις
1479 1587 1540 1622 τε
1588 1567 1677 1621 καὶ
1737 1567 2058 1642 ἀγνώστοις·

406 1654 554 1711 ἀλλά
582 1656 696 1731 χρὴ
757 1653 1069 1731 ἐκλέγεσθαι
1130 1654 1346 1710 πόλεων
1405 1654 1691 1718 ἐπιστάτας
1730 1657 1821 1711 καὶ
1881 1653 2060 1729 δημα-

401 1743 636 1821 γωγοὺς,
667 1741 861 1807 οἵτινες
922 1744 1132 1817 ὁμοίως
1190 1744 1281 1800 καὶ
1336 1744 1590 1823 ἀφέλειαν
1648 1745 1738 1800 καὶ
1796 1743 2060 1821 πονηρίαν

2173 591 2371 662 Neque
2399 592 2458 646 id
2488 590 2681 646 solum
2713 591 2969 648 latrones
2992 592 3702 659 faciebant,verumetiam
3734 595 3818 651 fu-

2175 681 2321 735 catis
2342 679 2635 737 coloribus
2666 687 2928 737 armenta
2958 682 3478 754 transﬁgurabant,
3503 686 3561 737 et
3586 699 3820 739 sexcen-

2173 768 2250 823 tis
2281 768 2431 824 dolis
2461 774 2634 841 atque
2666 769 2928 825 artiﬁciis
2951 772 3148 841 justus
3187 771 3455 826 dominos
3497 770 3779 828 fallebant
3805 790 3818 829 :

2176 874 2313 913 nam
2344 863 2401 913 et
2425 857 2661 914 illorum
2713 860 2987 915 custodes
3038 859 3300 915 latebant
3354 876 3458 931 per
3494 860 3822 929 inaccessa,

2174 945 2322 1000 fumi
2353 947 2561 1016 instar,
2595 947 2946 1018 obrependo,
2980 963 3148 1003 muro
3184 948 3590 1016 transiliendo,
3620 950 3815 1006 varias

2172 1035 2393 1091 formas
2423 1036 2744 1105 induendo,
2774 1035 2950 1091 veluti
3004 1036 3219 1093 Nereus
3276 1035 3396 1104 ille,
3455 1042 3514 1093 et
3578 1038 3828 1111 Pericly-

2175 1139 2405 1192 menus,
2438 1128 2496 1179 et
2529 1124 2767 1179 Proteus
2797 1123 3063 1195 sophista
3083 1124 3383 1197 Egyptius
3411 1143 3423 1193 ;
3449 1142 3624 1199 quem
3658 1127 3826 1183 aiunt

2172 1228 2203 1268 e
2233 1212 2465 1267 Pallene
2494 1213 2776 1268 Thracica
2806 1213 3151 1285 migravisse
3184 1213 3242 1270 in
3283 1215 3823 1288 Egyptumﬁbique

2173 1301 2231 1356 in
2265 1302 2450 1357 antris
2476 1302 2830 1373 quibusdam
2873 1302 3177 1374 adytisque
3219 1301 3535 1373 incognitis
3592 1302 3821 1360 habita-

2170 1390 2346 1446 visse.
2397 1390 2637 1463 Oportet
2704 1390 2885 1462 igitur
2958 1390 3171 1463 eligere
3222 1391 3458 1446 urbium
3519 1392 3817 1463 praefectos

2171 1478 2488 1552 populique
2517 1484 2790 1550 rectores,
2823 1480 2923 1551 qui
2955 1479 3189 1535 inscitia
3236 1497 3350 1535 non
3384 1481 3582 1536 minus
3634 1498 3816 1554 quam

2176 1568 2548 1641 improbitate
2577 1572 2835 1640 careant,
2869 1568 3085 1641 quippe
3138 1569 3451 1640 prudentia
3496 1574 3554 1625 et
3574 1571 3812 1642 justitia

2175 1657 2400 1729 praediti
2432 1658 2570 1713 sint.
2603 1657 2705 1713 His
2735 1657 2892 1713 enim
2926 1661 3082 1713 itase
3102 1657 3453 1714 habentibus
3482 1664 3539 1715 et
3561 1660 3814 1731 populus

2172 1747 2321 1802 bene
2343 1750 2604 1802 moratus
2636 1746 2764 1813 erit,
2797 1750 2854 1801 et
2886 1761 2984 1801 rex
3004 1744 3283 1817 inclytam
3323 1746 3569 1819 gloriam
3612 1749 3825 1806 referet

404 1832 693 1937 ἐξέφυγον,¹
732 1833 823 1888 καὶ
909 1834 1173 1937 ιρρογΙήσει
1236 1832 1326 1937 καὶ
1385 1832 1694 1937 δικαιοσύνῃ
1755 1829 2061 1937 κεκόσμηῖ-

2176 1834 2279 1891 tali
2313 1834 2526 1907 populo
2559 1834 2898 1906 praesidens.
2950 1835 3081 1890 Jam
3137 1839 3202 1890 ut
3256 1835 3329 1890 ad
3362 1836 3512 1892 viros
3570 1854 3828 1911 quoque,

403 1940 513 1976 ται·
545 1919 805 1976 τοιούτων
864 1922 966 1997 γάρ
1023 1916 1192 1977 ὄντων
1252 1921 1448 1994 αὐτῶν,
1479 1922 1543 1978 τό
1596 1944 1656 1979 τε
1713 1920 1929 1992 πλῆθος
1972 1920 2055 1977 εὕ-

405 2030 609 2083 κοσμον
663 2008 808 2065 ἔσται
857 2009 950 2065 σὺν
1005 2010 1234 2083 εὐταξίᾳ,
1293 2011 1384 2066 καὶ
1428 2012 1456 2065 ὁ
1510 2010 1766 2086 βασιλεὺς
1811 2009 1913 2082 ἕξει
1964 2010 2053 2066 δό-

407 2099 495 2170 ξαν
525 2099 614 2154 καὶ
643 2098 804 2161 κλέος
835 2100 1089 2155 τοιούτου
1144 2098 1445 2176 βασιλεύων
1505 2098 1662 2155 λαοῦ.
1695 2101 1810 2158 Ἵνα
1861 2098 1919 2155 δὲ
1963 2099 2053 2155 καὶ

405 2188 538 2262 πρὸς
604 2187 859 2265 ἀρίστους
933 2184 1128 2264 ἄνδρας
1194 2189 1285 2244 τὸν
1363 2188 1531 2264 λόγον
1606 2188 2052 2266 ἐπαναγάγωμεν.

399 2274 684 2339 τοιούτους
743 2276 880 2331 εἶναι
928 2273 1012 2331 δεῖ
1058 2277 1184 2340 τοὸς
1243 2276 1578 2354 στρατηγοὺς
1635 2278 1724 2333 καὶ
1770 2282 1868 2333 τοῦ
1918 2276 2053 2334 λαοῦ

398 2363 682 2437 διαιτητὰς
747 2366 837 2421 καὶ
895 2364 1144 2444 ἐφόρους,
1204 2368 1321 2429 οἷος
1381 2367 1448 2436 ἦν
1509 2367 1538 2421 6
1589 2370 1773 2444 ’Ἄραψ
1849 2366 2053 2430 ἐκεῖνος

398 2453 628 2517 Γουνεὺς
674 2452 922 2530 Κέφαλος
972 2456 1001 2510 6
1053 2454 1104 2526 ἐξ
1154 2454 1376 2512 Ἰταλῶν
1427 2452 1922 2535 πολιτογραφηθεὶς
1976 2455 2052 2519 εἷς

398 2546 653 2616 Ἀθήνας,
713 2540 1055 2618 ’Δριστείδης
1130 2564 1190 2598 τε
1244 2544 1334 2599 καὶ
1392 2545 1747 2625 Ἀριστοφῶν,
1809 2547 2054 2616 συνήθεις

396 2629 548 2696 ὄντες
602 2636 712 2687 τῶν
781 2632 1102 2703 ’Δθηναίων·
1138 2633 1167 2687 6
1219 2633 1313 2706 μὲν
1368 2633 1472 2709 γάρ
1526 2633 1751 2696 Γουνεὺς
1813 2634 2053 2707 ἐννομώ-

394 2742 558 2784 τατος
617 2718 693 2775 ὢν
747 2721 1007 2790 δικαστὴς
1058 2720 1150 2776 καὶ
1223 2720 1532 2792 πλεονεξίαν
1608 2728 1781 2778 πᾶσαν
1859 2727 2049 2796 μισῶν,

398 2811 489 2867 καὶ
517 2810 649 2873 τοὺς
678 2809 1009 2873 πλεονέκτας
1055 2808 1326 2880 κολάζων,
1355 2805 1714 2867 Βαϐυλωνίων
1770 2813 1859 2867 καὶ
1917 2819 2051 2867 Φοιν

403 2898 562 2955 νίκων
606 2896 1005 2954 στασιασάντων
1066 2898 1369 2971 ποτὲ,ἥκει
1421 2899 1560 2976 πρὸς
1618 2900 1810 2963 αὐτοὺς
1864 2900 2054 2957 κελευ-

406 2987 571 3060 σάσης
600 2994 700 3059 τῆς
731 2985 1128 3064 Σεμιράμιδος·
1161 2989 1189 3043 ὁ
1222 2985 1289 3042 δά
1325 2988 1415 3043 καὶ
1475 2988 1637 3062 μόνον
1702 2989 1884 3068 ὀφθεὶς
1943 2988 2056 3047 δια-

408 3076 529 3132 λύει
579 3077 678 3145 τήν
737 3077 940 3132 στάσιν·
998 3076 1091 3131 καὶ
1163 3076 1300 3153 πρὸς
1384 3075 1568 3155 φιλίαν
1654 3080 1906 3135 συνάπτει
1986 3082 2054 3135 τὰ

406 3166 561 3242 γὲνη,
591 3169 670 3239 τῷ
705 3164 895 3242 τρόπῳ
952 3165 1042 3220 καὶ
1097 3168 1166 3239 τῇ
1226 3164 1392 3242 ἀρετῆ
1448 3163 1584 3221 αἶ’δὼ
1638 3167 1727 3222 καὶ
1786 3165 2049 3244 ἐντροπὴν

2176 1923 2490 1996 optimates
2520 1922 2843 1979 orationem
2875 1928 3139 1978 nostram
3167 1929 3596 1993 convertamus,
3654 1926 3827 1997 plane

2163 2030 2311 2085 opus
2341 2018 2432 2068 est
2463 2017 2527 2067 ut
2555 2012 2733 2068 duces
2764 2016 2821 2067 et
2850 2011 3050 2084 populi
3083 2013 3503 2084 compositores
3524 2018 3583 2071 et
3603 2014 3807 2087 ephori

2163 2102 2453 2171 ejusmodi
2484 2101 2620 2168 sint,
2655 2100 2845 2173 qualis
2878 2100 2973 2156 ille
3026 2101 3212 2157 Arabs
3263 2101 3521 2168 Guneus,
3591 2104 3815 2177 Cepha-

2163 2188 2258 2244 lus
2292 2189 2467 2245 ltalus
2493 2190 2592 2262 qui
2618 2191 2691 2244 ad
2721 2189 3167 2245 Atheniensium
3208 2189 3497 2246 civitatem
3543 2193 3812 2250 transiit:

2163 2279 2355 2351 qualis
2386 2280 2523 2334 item
2554 2278 2838 2335 Aristides
2867 2283 2925 2334 et
2954 2277 3300 2350 Aristophon
3334 2279 3434 2351 qui
3494 2280 3812 2339 Athenien-

2162 2369 2318 2423 sium
2349 2367 2776 2423 consuetudine
2831 2371 2889 2422 et
2940 2367 3129 2439 patria
3174 2368 3510 2425 utebantur.
3573 2371 3810 2427 Guneus

2163 2456 2402 2528 quidem
2427 2457 2610 2528 judex
2638 2456 3035 2529 aequissimus,
3085 2456 3382 2527 injustifize
3420 2458 3614 2515 omnis
3675 2477 3812 2517 osor

2160 2550 2335 2617 atque
2366 2545 2593 2616 vindex,
2627 2544 2777 2601 bello
2808 2544 2959 2599 inter
2998 2544 3346 2616 Babylonios
3385 2546 3812 2621 Phoenicesque

2161 2636 2384 2698 oborto,
2433 2634 2682 2705 jubente
2712 2633 3097 2689 Semiramide
3137 2634 3206 2689 ad
3258 2650 3355 2690 eos
3380 2636 3807 2711 venit;vixque

2161 2724 2235 2778 ab
2292 2722 2385 2778 his
2440 2722 2622 2790 visus,
2674 2720 2894 2777 bellum
2961 2723 3256 2786 exstinxit.
3308 2740 3536 2796 suaque
3586 2726 3804 2783 virtute

2162 2813 2460 2868 discordes
2509 2816 2712 2883 gentes
2789 2811 3141 2883 composuit,
3228 2813 3609 2869 reverentiam
3653 2815 3725 2871 iis
3753 2820 3812 2872 et

2163 2902 2445 2973 pudorem
2503 2899 2816 2956 incutiens.
2901 2898 3185 2956 Aristides
3248 2906 3448 2977 autem
3508 2906 3813 2976 tantopere

2160 2990 2399 3062 justitiae
2431 2994 2606 3045 tenax
2634 2992 2779 3055 erat,
2803 2989 3149 3045 utexsilium
3173 3006 3407 3062 quoque
3444 2991 3517 3046 ob
3540 2992 3810 3049 eamdem

2161 3079 2238 3135 sit
2268 3095 2502 3150 passus,
2535 3077 2815 3151 quoniam
2845 3079 2973 3149 ejus
3001 3077 3256 3134 causain
3280 3078 3600 3136 multorum
3631 3081 3816 3139 oﬁ‘en-

2164 3167 2391 3224 sionem
2422 3167 2692 3223 incurrit.
2725 3165 2921 3222 Veluti
2952 3166 3146 3222 Romaa
3196 3167 3448 3224 Marcius
3505 3170 3624 3225 dux
3677 3187 3816 3243 pro-

408 3250 668 3329 ἐμϐαλὼν
724 3254 802 3318 εἰς
843 3253 1061 3317 αὐτούς.
1095 3251 1433 3331 Ἀριστείδης
1489 3254 1576 3310 ἐπὶ
1631 3243 1888 3312 τοσοῦτον
1942 3259 2055 3337 ἐφί-

2171 3261 2299 3329 pter
2327 3272 2498 3312 suam
2522 3254 2820 3327 justitiam
2850 3273 2884 3310 a
2913 3254 3128 3328 popnlo
3158 3254 3369 3328 pulsus
3412 3257 3596 3330 patris
3662 3260 3775 3315 fuit
3801 3276 3816 3317 :

406 3341 491 3400 λει
544 3344 609 3399 τὸ
663 3340 890 3413 δίκαιον,
923 3341 1061 3398 ὥστε
1117 3343 1208 3398 καὶ
1265 3342 1471 3418 ἐξορίαν
1526 3342 1616 3400 διὰ
1655 3351 1818 3402 τοῦτο
1846 3346 2057 3404 κατεδι-

403 3433 600 3505 κάσθη,
633 3436 742 3488 τῶν
773 3431 1044 3489 πλειόνων
1097 3429 1438 3508 δύσχρηστον
1497 3433 1656 3490 αότὸν
1711 3438 2056 3511 ἡγουμένων·

406 3523 588 3598 ὥσπερ
648 3521 701 3577 ἐν
756 3521 943 3596 Ῥώμῃ
998 3521 1133 3577 ποτὲ
1190 3519 1415 3597 λέγουσι
1469 3523 1709 3600 Μάρκιον
1765 3526 1857 3580 τὸν
1898 3547 2057 3604 στρα-

404 3613 575 3688 τηγὸν
610 3609 702 3666 διά
732 3608 1081 3682 δικαιοσύνην
1112 3611 1215 3666 ὑπὸ
1244 3615 1342 3667 τοῦ
1397 3609 1647 3684 πλήθους
1703 3613 2058 3690 ἐξελαυνόμε-

405 3722 496 3757 νον
554 3708 659 3772 τῆς
715 3697 999 3777 πατρίδος·
1057 3700 1146 3755 καὶ
1203 3705 1309 3756 τῶν
1361 3700 1670 3781 ἐχειρρόνων
1722 3704 2058 3769 πενθούντων

409 3790 591 3859 αὐτὸν,
659 3789 865 3852 ἐκεῖνος
949 3790 1087 3865 πρὸς
1166 3787 1320 3844 οὐδὲν
1378 3790 1688 3867 ἐχαυνώθη,
1742 3790 1889 3848 ἀλλά
1959 3797 2060 3864 τήν

410 3879 642 3955 γνώμην
700 3877 818 3954 εἶχε
874 3877 1091 3953 στερεὰν
1162 3878 1250 3933 καὶ
1322 3877 1648 3951 ἀκλόνητον·
1701 3880 1943 3960 Κέφαλος
2007 3881 2065 3939 δὲ

413 3965 610 4045 σχεδὸν
659 3966 940 4029 παντελῶς
1000 3965 1336 4043 ἀνέγκλητος
1382 3965 1588 4042 ἔμεινεν
1635 3969 1719 4043 ἃν,
1760 3971 1806 4026 εἰ
1853 3973 1929 4045 μή
1978 3994 2067 4028 συ-

412 4055 677 4134 κοφαντίᾳ
721 4055 870 4119 τινὸς
917 4049 1363 4132 ἀπροϐούλευτον
1419 4058 1676 4136 ψήφισμα
1729 4059 1913 4135 γέγονε
1948 4063 2064 4117 κατ’

416 4145 605 4218 αὐτοῦ,
652 4144 832 4200 καίτοι
879 4166 942 4220 γε
982 4144 1225 4199 ἀναιτίου
1291 4141 1444 4208 ὄντος
1510 4146 1867 4203 παντάπασιν·
1919 4150 2067 4225 Ἀρι-

416 4238 626 4312 στοφῶν
688 4231 747 4288 δὲ
799 4233 1278 4310 κατηγορούμενος
1335 4231 1426 4290 διὰ
1488 4235 1667 4307 πάσης
1728 4236 1894 4292 αὐτοῦ
1967 4246 2066 4309 τῆς

418 4326 585 4392 ζωῆς,
620 4318 809 4391 ἐπειδή
847 4322 1217 4399 μισοπόνηρος
1247 4323 1313 4393 ἦν
1344 4323 1435 4379 καὶ
1491 4323 1619 4387 τοὺς
1671 4324 1869 4389 κακοὺς
1927 4327 2066 4402 ἀμυ-

413 4411 665 4484 νόμενος,
714 4409 868 4484 ὅμως
924 4412 1061 4467 ἅπαν
1111 4412 1446 4488 κατηγορίας
1505 4411 1850 4490 δικαστήριον
1910 4415 2070 4488 ἐξενί-

412 4521 598 4571 κησεν.
631 4499 697 4555 Εἰ
730 4497 788 4555 δὲ
838 4499 993 4576 λέγοι
1029 4522 1114 4563 τις
1158 4498 1419 4577 δυσχερὲς
1467 4502 1603 4558 εἶναι
1648 4505 1931 4568 τοιούτους
1980 4506 2068 4561 ἄν-

2167 3361 2283 3417 quo
2329 3350 2593 3416 tempore
2679 3343 2932 3400 cordatis
3018 3344 3356 3401 hominibus
3426 3362 3627 3403 casum
3683 3350 3815 3421 ejus

2168 3434 2542 3503 dedentibus,
2575 3433 2703 3505 ipse
2732 3438 2929 3489 tamen
2979 3433 3177 3490 animo
3243 3451 3360 3490 non
3418 3438 3510 3492 est
3567 3437 3812 3508 fractus,

2169 3523 2272 3579 sed
2323 3539 2492 3578 suam
2546 3522 2899 3599 sententiam
2958 3523 3191 3578 ﬁrmam
3240 3523 3815 3599 impertubatamque

2169 3611 2430 3668 retinuit.
2466 3589 2760 3713 Cephiius
2791 3616 2988 3667 autem
3022 3612 3182 3667 omni
3231 3613 3350 3669 fere
3401 3613 3812 3672 criminatione

2170 3702 2319 3756 liber
2345 3700 2574 3767 fuisset,
2634 3700 2769 3767 n‘isi,
2827 3700 2899 3755 ob
2954 3700 3310 3756 calumniam
3367 3702 3563 3759 nescio
3622 3705 3815 3775 cuius,

2170 3789 2498 3862 improvida
2553 3788 2864 3856 sententia,
2920 3805 3260 3861 quanquam
3309 3790 3481 3862 plane
3510 3791 3816 3862 innocens,

2173 3895 2488 3951 percussus
2538 3877 2765 3934 fuisset.
2819 3878 3175 3950 Aristophon
3232 3879 3484 3953 denique
3541 3881 3602 3936 in
3650 3883 3815 3938 omni

2171 3969 2293 4023 vita
2323 3966 2635 4022 calumniis
2664 3966 2979 4038 adpetitus,
3013 3966 3153 4037 quia
3195 3966 3589 4039 improbitatis
3645 3974 3822 4042 atque

2174 4055 2577 4128 improborum
2608 4055 2796 4111 hostis
2824 4059 2968 4125 erat,
3000 4054 3061 4109 in
3092 4054 3321 4112 cunctis
3345 4061 3542 4113 tamen
3574 4058 3820 4129 judiciis

2175 4144 2441 4219 superior
2494 4144 2786 4200 discessit.
2836 4143 3010 4200 Porro
3041 4145 3091 4200 si
3122 4145 3256 4216 quis
3315 4147 3488 4201 dicat.
3551 4146 3820 4204 homines

2174 4232 2519 4305 hujusmodi
2549 4250 2699 4306 aegre
2727 4232 3203 4306 histemporibus
3231 4233 3500 4291 inveniri.
3530 4252 3711 4292 causa
3740 4237 3827 4294 rei

2176 4324 2414 4396 quidem
2443 4322 2601 4378 haud
2633 4321 2749 4377 alia
2785 4328 2893 4388 est,
2953 4339 3129 4394 quam
3175 4323 3314 4395 quia
3371 4324 3510 4381 boni
3562 4329 3830 4381 contem-

2178 4416 2420 4480 nuntur,
2454 4428 2644 4483 neque
2672 4412 3014 4484 praeclarum
3041 4411 3298 4484 aliquem
3331 4414 3586 4469 fructum
3620 4430 3827 4471 conse-

2178 4505 2478 4575 quuntur;
2512 4499 2742 4556 scelesti
2775 4504 2967 4556 autem
3004 4501 3172 4557 bonis
3202 4501 3462 4573 prteclari
3484 4501 3829 4559 subvehun-

414 4588 546 4667 δρας
574 4593 663 4644 νῦν
693 4588 999 4663 εὑρεθῆναι,
1032 4587 1159 4644 ἀλλ’
1189 4589 1288 4644 οὐκ
1336 4589 1566 4655 ἄλλοθέν
1599 4591 1709 4647 ἐστι
1749 4594 1811 4649 τὸ
1864 4590 2061 4668 αἴτιον,

2178 4596 2277 4647 tur
2307 4590 2485 4646 altius
2517 4590 2955 4663 honoribusque
2987 4596 3337 4647 mactantur.
3356 4591 3502 4647 Nam
3534 4606 3628 4648 res
3657 4592 3830 4664 cujus

412 4679 449 4749 ἢ
483 4677 569 4733 ὅτι
594 4682 1041 4757 περιφρονοῦνται
1104 4678 1200 4752 μὲν
1260 4679 1311 4733 οἱ
1365 4678 1548 4752 καλοὶ,
1580 4680 1670 4735 καὶ
1728 4679 1781 4736 ἐν
1839 4679 2070 4755 οὐδεμιᾷ

419 4766 673 4844 βελτίστῃ
726 4766 1001 4843 κρίνονται
1062 4768 1243 4843 μοίρᾳ·
1298 4769 1350 4822 οἱ
1398 4769 1631 4846 πονηροὶ
1684 4767 1741 4825 δὲ
1786 4773 2072 4848 προκρινό-

420 4875 579 4927 μενον
613 4852 916 4911 ἐπιδιδόασι
947 4856 1036 4912 καὶ
1094 4856 1398 4928 αύξάνουσι·
1433 4864 1536 4913 πᾶν
1591 4859 1692 4936 γὰρ
1749 4861 1811 4914 τὸ
1871 4862 2071 4933 ζητού-

421 4964 576 5016 μενοι
633 4943 844 5018 αὐξάνει
897 4967 958 5001 τε
1010 4946 1101 5000 καὶ
1139 4946 1585 5023 παρρησιάζεται·
1618 4949 1681 5004 τὸ
1732 4946 1777 5004 δ’
1839 4949 2073 5023 ἀμελού-

420 5053 581 5107 μενον
669 5032 986 5091 ἐλαττοῦται
1061 5034 1151 5089 mi
1236 5034 1660 5112 ἀποκρύπτεται·
1734 5037 1895 5103 πόθεν
1968 5040 2070 5116 γὰρ

417 5117 649 5176 ἄλλοθεν
684 5120 738 5176 ἐν
765 5127 881 5187 τοῖς
927 5124 1044 5178 καθ’
1072 5126 1221 5198 ἡμᾶς
1264 5123 1481 5187 τούτοις
1539 5124 1764 5201 χρόνοις
1823 5126 2073 5183 ἐσπάνισε

412 5210 483 5264 τὰ
538 5214 647 5265 τῶν
697 5208 883 5287 λόγων
938 5211 1028 5267 καὶ
1080 5211 1420 5286 μαθημάτων
1470 5213 1562 5269 καὶ
1608 5210 1933 5287 ἀπεσϐέσθη,
1982 5215 2072 5271 καὶ

413 5301 453 5369 ἡ
483 5302 593 5355 τῶν
625 5301 777 5370 ἠθῶν
823 5296 1127 5376 κοσμιότης
1183 5299 1412 5379 ἐφθάρη,
1443 5304 1481 5372 ἢ
1529 5303 1747 5367 πάντως
1801 5302 1885 5359 ὅτι
1940 5326 2074 5380 παρ-

415 5383 833 5460 ευδοκιμοῦνται
869 5390 963 5463 μὲν
997 5390 1049 5444 οἱ
1090 5394 1187 5444 τοῦ
1229 5388 1403 5445 καλοῦ
1450 5389 1539 5445 καὶ
1581 5395 1690 5446 τῶν
1744 5389 1949 5468 λόγων,
1982 5392 2073 5448 καὶ

415 5473 471 5530 ἐν
526 5473 703 5532 οὐδενὶ
733 5475 885 5555 λόγῳ
919 5480 1220 5534 τάττονται·
1269 5476 1583 5553 ἐκλέγονται
1633 5477 1690 5535 δὲ
1737 5481 1827 5537 καὶ
1877 5502 2069 5557 προτι-

2182 4697 2326 4737 usus
2357 4680 2664 4751 expetitur,
2700 4678 2868 4734 facile
2899 4679 3107 4735 crescit
3136 4685 3311 4751 atque
3369 4680 3616 4752 emergit
3645 4697 3659 4749 ;
3701 4696 3833 4752 quae

2178 4787 2310 4825 vero
2363 4768 2697 4841 negligitur,
2759 4784 2826 4823 ea
2875 4767 3163 4823 minuitur
3221 4768 3596 4841 latebrasque
3662 4769 3830 4841 petit.

2179 4863 2292 4914 Cur
2321 4857 2477 4914 enim
2511 4862 2682 4913 aetate
2711 4862 2911 4914 nostra
2943 4857 3264 4929 disciplinae
3295 4874 3361 4913 ac
3381 4857 3563 4913 litera;
3584 4874 3833 4930 perrarze

2178 4947 2268 5004 vel
2300 4948 2598 5003 exstinctae
2628 4946 2815 5001 sunt?
2846 4963 2951 5002 cur
2980 4963 3211 5002 morum
3260 4963 3494 5019 quoque
3554 4946 3833 5003 honestas

2181 5035 2469 5093 deﬂoruit.
2505 5035 2618 5091 nisi
2650 5035 2788 5107 quia
2818 5035 2971 5091 docti
3018 5035 3367 5108 honestique
3423 5036 3531 5090 viri
3591 5041 3834 5109 praeter-

2182 5125 2518 5181 mittuntur.
2563 5123 2846 5195 nulloque
2901 5123 2961 5178 in
3025 5124 3212 5196 pretio
3272 5124 3585 5191 habentur,
3620 5140 3834 5196 pravus

2182 5218 2378 5270 autem
2412 5213 2663 5285 quisque
2685 5212 2962 5286 deligitur
2974 5218 3031 5268 et
3054 5214 3397 5284 antefertur,
3420 5218 3547 5268 tum
3567 5212 3627 5269 in
3658 5213 3836 5270 eccle-

2181 5302 2437 5360 siasticis
2467 5300 2856 5375 dignitatibus
2885 5307 3013 5358 tum
3043 5301 3223 5358 etiam
3268 5301 3581 5358 civilibus?
3634 5301 3837 5375 Neque

2183 5391 2350 5465 pensi
2379 5390 2647 5459 habetur,
2684 5407 2862 5463 quam
2903 5391 3200 5447 laudabile
3222 5390 3830 5465 gloriosumque,item

2184 5499 2362 5555 quam
2391 5484 2561 5552 turpe
2580 5479 3261 5553 atqueinfame,summze
3294 5480 3404 5554 ipsi
3464 5480 3827 5555 potestatisit

492 5672 606 5751 (49)
640 5673 722 5735 De
756 5675 867 5735 hoc
902 5676 1031 5754 lege
1067 5676 1511 5755 Apollodorum,
1541 5693 1586 5749 ι,
1613 5678 1670 5739 9.
1700 5678 1932 5759 Reliqui
1971 5679 2296 5740 notissimi.
