4154 6438
340 362 458 426 647

1600 360 2021 427 NICEPHORI
2064 362 2501 426 BLEMMIDAS

3639 362 3761 426 διε

343 500 517 570 prout
545 495 682 552 boni
715 494 804 552 vel
835 495 955 553 nali
991 494 1349 569 deliguntur,
1380 497 1644 570 ﬁuntque
1666 497 1982 571 pontiﬁces,

2110 499 2314 568 μῶνται
2358 496 2411 550 οἱ
2460 492 2659 574 φαῦλοι
2713 492 2764 549 ἓν
2814 514 2871 549 τε
2912 498 3029 557 τοῖς
3076 492 3552 565 ἐηλῆσιαπικοῖς
3603 493 3763 567 ἀξιώ-

340 586 597 659 ρτωΐεοὶί
628 586 1490 658 urbium,praatores,duces,vel
1512 585 1612 643 alii
1649 587 1991 659 hujusmodi

341 675 746 748 magistratus.
779 675 980 748 Neque
1004 675 1146 731 item
1177 675 1550 748 disquiritur,
1584 683 1805 748 quanta
1835 675 1991 732 utili-

339 768 452 833 tas,
483 763 573 820 vel
603 780 775 821 secus
805 770 1093 837 quantum
1122 765 1437 830 damnum,
1498 781 1615 820 non
1675 764 1868 820 solum
1916 765 1989 820 ad

340 854 648 926 populum,
680 854 781 910 sed
811 854 988 910 etiam
1020 854 1090 910 ad
1123 870 1287 927 reges
1310 854 1531 927 ipsos,a
1551 854 1767 927 quibus
1788 854 1989 909 electio

339 944 426 1014 ﬁt,
459 943 768 999 redundet.
796 943 943 999 Nam
978 942 1196 1014 quibus
1238 942 1580 999 hominibus
1627 942 1784 998 haud
1835 942 1990 999 inest

340 1031 549 1088 anima
580 1033 791 1089 rectrix
821 1033 994 1100 ratio,
1026 1032 1085 1087 in
1136 1032 1230 1087 his
1272 1032 1587 1097 dementia,
1646 1031 1881 1088 inscitia
1933 1035 1991 1087 et

338 1137 652 1194 pravorum
711 1137 954 1193 operum
1020 1121 1284 1177 studium
1344 1120 1698 1177 dominatur.
1762 1122 1989 1177 Rursus

339 1210 442 1266 ubi
473 1209 721 1267 honesta
748 1210 978 1266 virtutis
1011 1210 1198 1266 forma
1227 1226 1342 1265 non
1373 1214 1485 1275 est,
1504 1209 1582 1264 ibi
1616 1210 1989 1280 impudenter

338 1299 557 1356 versari
591 1304 648 1355 et
678 1298 1028 1356 debacchari
1057 1298 1197 1355 vitia
1233 1314 1472 1355 necesse
1522 1304 1629 1355 est.
1664 1298 1811 1361 Quid
1851 1314 1987 1372 ergo

340 1387 500 1444 aliud
531 1405 726 1462 regem
775 1389 1119 1459 maximum,
1150 1387 1481 1454 inlustrem,
1539 1387 1883 1460 gloriosum,
1912 1388 1985 1443 ab

337 1476 602 1533 omnium
632 1476 851 1551 linguis
876 1477 1273 1533 collaudatum
1305 1475 1780 1548 celebratumque
1800 1476 1987 1532 reddit

336 1566 452 1622 nisi
482 1566 636 1637 quod
669 1567 719 1623 is
746 1565 1391 1637 honore,benevolentia
1423 1566 1701 1638 omnique
1724 1582 1988 1621 reveren-

336 1655 432 1709 tiae
462 1654 653 1711 ofﬁcio
682 1655 1059 1728 prosequitur
1089 1654 1359 1711 homines
1380 1654 1728 1719 eruditione,
1752 1655 1983 1721 virtute,

337 1742 667 1815 prudentia,
700 1742 985 1800 ornatos?
1014 1743 1161 1808 Quid
1194 1759 1225 1798 e
1254 1742 1544 1799 contrario
1576 1742 1732 1799 aliud
1768 1744 1982 1798 malam

336 1839 459 1911 regi
489 1838 708 1892 famam
740 1832 1030 1898 conciliat,
1063 1832 1180 1887 nisi
1223 1832 1378 1904 quod
1425 1831 1744 1930 familiares
1810 1831 1986 1887 habet
2016 1869 2062 1934 B

335 1923 743 1999 complectitur
780 1926 957 1993 atque
988 1921 1239 1976 honorat
1280 1920 1685 1991 incompositis
1719 1921 1981 1976 moribus

332 2017 623 2083 homines,
658 2011 1003 2083 insipientes
1034 2015 1210 2082 atque
1242 2008 1490 2065 lascivos
1510 2010 1538 2063 *Ρ
1594 2010 1817 2082 Quippe
1846 2026 1980 2064 cum

334 2122 433 2160 rex
462 2105 812 2176 aspernatur
842 2098 1209 2171 despicitque
1238 2097 1510 2153 homines
1542 2096 1751 2153 litteris
1772 2104 1829 2152 et
1850 2116 1984 2153 con-

333 2193 465 2250 silio
522 2194 879 2256 instructos;
930 2188 1107 2243 habet
1131 2191 1327 2242 autem
1385 2186 1443 2241 in
1505 2203 1635 2242 aere
1691 2187 1981 2258 perditum

333 2281 599 2356 quemvis
619 2284 677 2336 et
708 2280 779 2334 ab
811 2278 1121 2333 honestate
1155 2275 1560 2347 modestiaque
1591 2275 1848 2332 alienum
1875 2295 1888 2331 :
1923 2277 1977 2332 id

333 2370 531 2426 hercle
559 2370 908 2425 documento
953 2369 1063 2431 est,
1113 2364 1480 2438 magniﬁcari
1534 2366 1605 2421 ab
1636 2382 1703 2421 eo
1750 2365 1978 2435 vitium,

333 2460 466 2515 odio
497 2456 698 2515 haberi
757 2455 1074 2528 spernique
1120 2454 1448 2522 virtutem;
1504 2455 1562 2509 in
1626 2454 1809 2527 pretio
1852 2471 1981 2511 esse

333 2548 485 2621 apud
518 2563 654 2603 eum
684 2544 1006 2608 inscitiam,
1038 2542 1267 2598 litteras
1298 2542 1705 2614 conspui.Jam
1738 2544 1839 2615 qui
1870 2543 1979 2599 hac

335 2643 529 2693 mente
556 2639 664 2703 est,
698 2636 748 2691 is
781 2634 907 2689 sine
936 2631 1114 2687 dubio
1145 2648 1278 2687 cum
1327 2631 1584 2704 imperiti
1640 2632 1797 2704 vulgi
1848 2650 1979 2688 sen-

336 2726 518 2781 tentia
548 2723 880 2794 animisque
912 2720 1227 2793 conspirat-
1262 2720 1412 2792 Ergo
1440 2721 1605 2775 decet
1654 2726 1827 2792 atque
1882 2739 1980 2794 ap-

334 2814 521 2885 prime
551 2811 950 2868 necessarium
984 2814 1094 2878 est,
1156 2808 1341 2864 bonos
1403 2808 1796 2881 honestosque
1825 2810 1980 2869 viros

332 2901 657 2959 honoribus
685 2905 742 2955 et
769 2898 956 2973 gloria
982 2914 1210 2954 ornare.
1254 2898 1347 2953 Sic
1378 2898 1532 2953 enim
1592 2916 1691 2955 rex
1748 2900 1977 2971 efﬁciet,

336 2996 401 3046 ut
425 2996 481 3047 et
509 2990 796 3046 bonorum
829 3004 1111 3043 numerus
1141 2995 1441 3061 augeatur,
1473 2995 1529 3042 et
1586 2989 1696 3046 sibi
1742 2989 1983 3046 immor.

334 3079 452 3136 tale
481 3094 690 3135 nomen
723 3081 899 3150 atque
929 3076 1001 3132 ab
1032 3077 1306 3133 omnibus
1336 3077 1465 3131 laus
1485 3078 1761 3150 contigat.

2106 606 2256 659 μασι,
2288 586 2377 640 καὶ
2409 584 2460 640 ἐν
2493 583 2676 646 αὐτοῖς
2711 589 2830 647 τοῖς
2877 582 3227 653 πολιτικοῖς;
3276 584 3367 639 καὶ
3412 581 3540 640 οὐδὲ
3588 584 3761 662 κρίνε-

2098 696 2210 742 ται,
2254 674 2419 729 πόσον
2471 674 2548 736 εἰς
2595 671 2835 745 εὐδοξίαν
2884 673 2974 728 καὶ
3018 671 3257 746 ἔπαινον,
3306 674 3343 742 ἢ
3402 670 3618 745 ἀδοξίαν
3666 674 3757 730 καὶ

2100 762 2291 837 ψόγον,
2344 757 2719 835 συμϐάλλεται
2782 761 2858 824 εἷς
2903 762 3003 831 τήν
3068 763 3293 837 πρώτην
3354 761 3445 817 καὶ
3496 762 3754 839 μεγίστην

2101 852 2303 928 ἀρχὴν,
2334 851 2397 906 τὸ
2426 851 2460 920 ἢ
2494 850 2621 913 τοὺς
2651 848 2877 923 καλοὺς,
2910 851 2944 920 ἢ
2986 850 3113 913 τοὺς
3162 849 3361 913 κακοὺς
3420 848 3756 927 ἐκλέγεσθαι,

2097 940 2187 995 καὶ
2243 946 2497 1011 καθιστᾷν
2557 941 2819 1017 ἱεράρχας
2874 940 2965 994 καὶ
3021 937 3390 1016 πολιτάρχας,
3440 939 3756 1017 πραίτωράς

2095 1050 2156 1085 τε
2210 1030 2300 1084 καὶ
2358 1027 2692 1105 στρατηγοὺς
2749 1028 2839 1084 καὶ
2889 1028 3105 1103 ἑτέρους
3154 1022 3593 1105 προϐιϐασμούςο
3666 1029 3759 1084 καὶ

2096 1117 2268 1173 πόσον
2314 1118 2376 1173 τὸ
2425 1116 2705 1196 ὠφέλιμον
2739 1117 2774 1187 ἢ
2809 1118 2870 1172 τὸ
2919 1110 3217 1179 ἐπιϐλαϐές
3263 1116 3596 1193 περιγίνεται
3649 1117 3757 1173 ἀπὸ

2095 1206 2325 1279 τούτων,
2359 1206 2421 1261 οὐ
2456 1205 2621 1280 μόνον
2655 1205 2731 1269 εἷς
2759 1207 2822 1261 τὸ
2852 1210 2950 1260 τοῦ
3002 1204 3141 1261 λαοῦ
3194 1204 3429 1276 πλῆθος,
3462 1204 3611 1263 ἀλλὰ
3663 1207 3757 1262 καὶ

2097 1296 2174 1359 εἷς
2206 1294 2401 1359 αὐτοὺς
2432 1296 2560 1359 τοὺς
2602 1294 2652 1349 έν
2702 1296 3001 1369 ἀξιώμασιν
3042 1290 3223 1359 ὄντας·
3272 1293 3325 1350 ἐν
3372 1296 3456 1358 οἷς
3508 1298 3610 1372 γάρ
3661 1297 3754 1352 ἀν-

2098 1386 2339 1461 θρώποις
2399 1384 2498 1440 οὐκ
2551 1380 2689 1440 ἔστιν
2740 1385 2769 1439 6
2827 1386 3128 1461 κοσμήτωρ
3183 1392 3282 1454 τῆς
3337 1387 3521 1460 ψυχῆς
3555 1382 3748 1461 λόγος,

2096 1474 2147 1529 ἐν
2202 1473 2418 1538 τούτοις
2474 1473 2749 1549 ἐπικρατεῖ
2803 1473 2999 1550 ἀλογία
3055 1474 3145 1529 καὶ
3203 1470 3546 1548 ἀπαιδευσία,
3593 1466 3749 1544 καῖἡ

2094 1567 2201 1619 τῶν
2231 1562 2452 1643 φαύλων
2485 1562 2827 1635 ἐπιτήδευσις
2877 1561 3073 1641 ἔργων·
3110 1562 3162 1619 ἐν
3204 1565 3285 1626 οἷς
3345 1559 3404 1617 δὲ
3460 1562 3624 1618 πάλιν
3687 1562 3752 1618 ού

2094 1654 2317 1730 πάρεστι
2370 1654 2433 1709 τὸ
2490 1660 2589 1723 τῆς
2650 1654 2845 1729 ἀρετῆς
2902 1651 3096 1723 καλὸν,
3151 1652 3202 1726 ἐξ
3261 1651 3502 1728 ἀνάγκης
3560 1653 3751 1729 ἀνερυ-

2094 1744 2358 1819 θριαστως
2388 1742 2477 1797 καὶ
2525 1739 2756 1804 ἀναιδῶς
2800 1741 2867 1798 τὰ
2904 1745 3004 1811 τῆς
3060 1740 3254 1804 κακίας
3311 1737 3568 1817 αἴσχιστα
3622 1737 3755 1816 ἔργα

2092 1829 2382 1909 πράττεται
2432 1831 2523 1886 καὶ
2576 1827 2955 1900 σπουδάζεται.
3013 1830 3074 1885 Τί
3130 1827 3221 1885 οὖν
3278 1827 3420 1885 ἄλλο
3472 1830 3564 1884 τὸν
3624 1830 3752 1903 βασι-

2094 1920 2191 1976 λέα
2262 1921 2511 1996 μέγιστον
2575 1920 2666 1975 καὶ
2734 1927 2999 1999 περιφανῆ
3048 1919 3140 1975 καὶ
3188 1916 3471 1993 περίδοξον
3517 1918 3610 1973 καὶ
3661 1914 3750 1972 διὰ

2090 2009 2266 2080 πάσης
2297 2009 2553 2085 γλώττης
2604 2008 3049 2086 εύφημούμενον,
3076 2007 3168 2063 καὶ
3219 2003 3613 2084 περιᾳδόμενον
3660 2005 3750 2060 καὶ

2094 2100 2455 2173 ἀγαπώμενον
2504 2097 2857 2174 ἀπεργάζεται
2898 2097 2935 2167 ἢ
2983 2098 3047 2152 τὸ
3100 2094 3190 2152 διὰ
3235 2103 3406 2169 τιμῆς
3454 2096 3545 2151 καὶ
3593 2094 3753 2168 εὐμε-

2091 2189 2208 2249 νίςις
2241 2188 2388 2262 ἄγειν
2419 2187 2509 2242 καὶ
2538 2187 2662 2262 περὶ
2693 2184 2910 2242 πολλοῦ
2958 2186 3229 2241 ποιεῖσθαι
3278 2184 3405 2247 τοὺς
3456 2182 3749 2260 λογιότητι

2086 2277 2179 2332 καὶ
2235 2276 2401 2353 ἀρετῇ
2457 2275 2547 2331 καὶ
2604 2276 2811 2331 συνέσει
2856 2275 3344 2350 κεκοσμημένους;
3390 2272 3451 2328 Τί
3508 2270 3554 2327 δ’
3607 2270 3749 2328 ἄλλο

2092 2367 2152 2423 ἐκ
2200 2371 2296 2421 τοῦ
2353 2365 2589 2421 ἐναντίου
2645 2366 2745 2434 τὴν
2801 2362 2988 2435 ἄδοξον
3050 2366 3241 2443 φήμην
3300 2361 3447 2435 αύτῷ
3493 2362 3743 2435 προξενεῖ

2090 2456 2124 2526 ἢ
2184 2456 2247 2511 τὸ
2304 2455 2633 2519 οἰκειοῦσθαι
2680 2454 2771 2510 καὶ
2814 2451 3170 2529 ἀναδέχεσθαι
3237 2453 3328 2508 καὶ
3395 2457 3556 2525 τιμᾷν
3621 2450 3752 2513 τοὺς

2090 2542 2350 2606 ἀτάκτους
2400 2542 2490 2598 καὶ
2540 2541 2777 2617 ἀλόγους
2817 2541 2907 2596 καὶ
2974 2538 3262 2617 ἀσελγεῖς;
3308 2540 3374 2594 τὸ
3436 2538 3542 2615 γὰρ
3590 2536 3746 2613 περι-

2090 2639 2301 2712 φρονεῖν
2358 2632 2450 2706 μὲν
2510 2630 2599 2685 καὶ
2650 2631 2927 2703 ἀτιμάζειν
2984 2628 3114 2691 τοὺς
3174 2627 3323 2705 λόγῳ
3393 2627 3485 2682 καὶ
3537 2625 3742 2681 συνέσει

2088 2720 2573 2794 πεπαιδευμένους,
2649 2716 3000 2795 ἀναδέχεσθαι
3075 2715 3133 2773 δὲ
3199 2717 3317 2772 καὶ·
3377 2720 3540 2789 τιμᾷν
3608 2714 3741 2778 τοὺς

2088 2809 2559 2888 κατεγνωσμένους
2624 2808 2713 2863 καὶ
2786 2806 2991 2882 μακρὰν
3060 2802 3218 2868 ὄντας
3285 2808 3382 2860 τοῦ
3429 2804 3603 2860 καλοῦ
3651 2802 3742 2857 καὶ

2086 2910 2187 2973 τῆς
2247 2899 2501 2956 εὐτάκτου
2559 2895 2863 2973 διαγωγῆς,
2921 2893 3122 2972 δεῖγμα
3198 2894 3359 2973 σαφές
3432 2892 3598 2961 ἐστιν,
3657 2891 3740 2947 ὅτι

2088 2991 2274 3048 κακίαν
2316 2990 2409 3063 μὲν
2457 2986 2649 3063 ἐξαίρει
2698 2985 2787 3041 καὶ
2831 2985 3048 3060 ἀνυψοῖ,
3080 2985 3276 3062 ἀρετὴν
3329 2980 3387 3037 δὲ
3443 2980 3741 3056 ἀποτρέπε-

2085 3104 2173 3138 ται
2231 3079 2319 3136 κσὶ
2381 3082 2543 3152 μισεῖ·
2606 3076 2694 3131 καὶ
2740 3076 2999 3149 θαυμάζει
3065 3074 3159 3149 μὲν
3214 3071 3468 3148 ἀλογίαν,
3510 3070 3640 3133 τοὺς
3686 3066 3744 3124 δὲ

341 3165 539 3244 λόγους
599 3162 964 3242 βδελύττεται.
1022 3165 1092 3218 Τὸ
1152 3160 1196 3218 δ’
1243 3163 1384 3219 οὕτω
1440 3160 1754 3241 κρινόμενον
1816 3170 2279 3248 ὁμολογουμένως
2340 3167 2475 3242 μετᾶ
2526 3170 2626 3221 τοῦ
2689 3162 2936 3234 πλῆθους
3025 3162 3137 3218 ἐστὶ
3217 3162 3307 3217 καὶ
3390 3167 3492 3231 τῆς
3578 3158 3744 3248 αὐτοῦ

338 3254 654 3335 συμφωνίας
717 3252 807 3309 καί
864 3255 1115 3329 γνώμης.
1174 3253 1272 3308 Διά
1327 3258 1493 3308 ταῦτα
1548 3255 1751 3331 πρέπον
1813 3258 1923 3315 ἐστὶ
1980 3246 2069 3317 καὶ
2125 3257 2569 3335 ἀναγκαιότατον,
2628 3249 2871 3325 ἐνδόξους
2927 3253 3018 3309 καὶ
3075 3250 3330 3325 ἐντίμους
3386 3254 3564 3305 ποιεῖν
3614 3246 3743 3309 τοὺς

334 3328 539 3406 καλοὺς
620 3342 711 3399 καὶ
794 3342 1021 3419 ἀγαθοὺς
1100 3339 1312 3419 ἄνδρας
1367 3340 1459 3397 ’ίνα
1512 3344 1541 3398 6
1596 3350 1757 3402 τοῦτο
1816 3356 1989 3406 ποιῶν
2053 3328 2307 3428 βασιλεὺς
2360 3328 2735 3423 παρασκευάζῃ
2793 3344 2886 3416 μὲν
2970 3341 3278 3415 αὐξάνεσθαι
3335 3338 3462 3402 τοὺς
3518 3336 3742 3408 καλοὺς,

337 3435 605 3509 οἷ’κονομῇ
638 3430 697 3488 δὲ
727 3432 801 3495 εἰς
834 3432 1019 3487 ἑαυτὸν
1050 3433 1195 3508 παρὰ
1222 3433 1436 3487 πάντων
1470 3432 1736 3490 ἄπαυστον
1768 3434 1921 3511 δόξαν
1947 3441 2037 3494 καὶ
2066 3439 2248 3502 κλέος.

406 3525 529 3581 XII.
562 3527 677 3582 Rea:
704 3525 960 3596 apprime
985 3524 1061 3578 sit
1090 3523 1401 3595 religiosus.
1437 3555 1505 3564 —
1534 3525 1643 3580 Sed
1672 3528 1828 3584 enim
1860 3547 1980 3586 om-
2009 3533 2053 3599 C

334 3617 429 3673 nis
458 3614 541 3671 rei
565 3615 730 3669 bona;
764 3617 940 3685 caput
962 3616 1071 3680 est,
1104 3617 1161 3668 et
1206 3611 1265 3666 in
1298 3612 1506 3685 primis
1565 3614 1726 3671 decet
1759 3634 1975 3691 regem,

331 3704 392 3759 in
426 3704 633 3775 quovis
664 3718 836 3775 opere
863 3706 1045 3757 Deum
1085 3706 1366 3774 spectare,
1424 3707 1597 3775 atque
1626 3706 1786 3761 omni
1845 3706 1978 3763 nisu

330 3792 674 3865 viribusque
705 3807 929 3859 curare,
963 3795 1029 3845 ut
1059 3808 1093 3846 a
1124 3790 1345 3847 sanctis
1377 3791 1648 3849 Patribus
1703 3794 1979 3852 definitos

332 3883 391 3937 in
427 3897 489 3937 re
519 3879 794 3953 religiosa
848 3879 1133 3935 terminos
1164 3884 1467 3935 conservet
1496 3886 1673 3953 atque
1705 3884 1972 3950 retineat,

330 3971 403 4027 ab
443 3984 764 4041 eorumque
794 3967 981 4023 firmis
1011 3967 1258 4023 decretis
1309 3985 1612 4041 nunquam
1671 3971 1975 4041 discedat;

332 4076 522 4133 neque
541 4075 610 4115 ea
640 4057 782 4113 ulllo
814 4058 987 4113 modo
1018 4055 1311 4129 negligat;
1344 4063 1520 4130 atque
1552 4058 1633 4115 ita
1661 4077 1695 4115 a
1729 4066 1841 4117 Deo
1874 4063 1977 4117 mi-

330 4152 562 4204 serante
592 4147 867 4219 impetret
894 4145 1357 4203 incolumitatem
1398 4148 1739 4205 eorumdem
1774 4168 1978 4223 perpe-

328 4241 496 4293 tuam
528 4240 584 4292 et
612 4234 962 4292 custodiam.
1013 4236 1112 4291 His
1144 4253 1179 4290 a
1210 4252 1342 4308 rege
1372 4236 1681 4309 diligenter
1726 4241 1977 4311 peractis

330 4341 446 4381 non
477 4324 604 4381 sine
633 4324 923 4380 constanti
966 4340 1229 4396 puraque
1287 4341 1426 4397 erga
1470 4330 1653 4382 Deum
1702 4344 1825 4400 spe,
1886 4345 1979 4384 res

329 4429 599 4485 curaeque
626 4414 755 4485 ejus
786 4411 985 4467 laetum
1018 4413 1237 4468 exitum
1279 4414 1713 4486 nanciscentur,
1774 4416 1978 4472 adver-

328 4501 466 4558 sarii
501 4502 819 4575 hostesque
845 4502 1313 4573 proﬂigabuntur
1353 4508 1413 4559 et
1468 4510 1761 4561 corruent.
1798 4506 1885 4561 Ita
1916 4523 1979 4563 se

328 4591 513 4664 gessit
541 4591 773 4647 Ezecias
804 4607 904 4647 rex
934 4607 1049 4663 quo
1078 4595 1340 4663 tempore
1393 4593 1838 4651 Senacherimus
1877 4594 1978 4651 ad-

326 4695 533 4735 versus
572 4677 977 4751 Hierosolyma
990 4680 1188 4752 copias
1210 4680 1472 4736 adduxit.
1496 4681 1726 4737 Etenim
1744 4699 1979 4756 agrum-

326 4767 738 4823 suburbanum
794 4767 1027 4838 lateque
1082 4768 1319 4824 cibariis
1400 4769 1691 4841 spoliavit,
1769 4777 1978 4844 puteos

324 4854 650 4927 excaecavit,
708 4856 896 4913 fossas
919 4857 1190 4928 ingentes
1223 4858 1510 4929 perduxit,
1545 4858 1751 4916 urbem
1784 4866 1974 4919 exter-

2162 3535 2260 3585 IB’.
2294 3524 2516 3606 Κεφαλὴ
2576 3523 2633 3581 δὲ
2690 3524 2903 3578 πάντων
2962 3526 3068 3576 τῶν
3129 3521 3343 3606 ἀγαθῶν
3399 3515 3593 3606 πρέπει
3646 3514 3739 3606 τὸν

2092 3616 2317 3695 βασιλέα
2378 3602 2597 3691 βλέπειν
2650 3611 2739 3669 διὰ
2792 3611 2993 3673 παντὸς
3052 3609 3189 3685 πρὸς
3251 3605 3407 3677 Θεὸν,
3463 3605 3552 3660 καὶ
3608 3602 3744 3659 κατά

2086 3692 2256 3763 πᾶσαν
2318 3703 2473 3781 ἰσχύν
2526 3725 2586 3759 τε
2639 3702 2729 3758 καὶ
2793 3698 3019 3773 δύναμιν
3074 3702 3355 3773 συντηρεῖν
3401 3692 3491 3750 καὶ
3542 3692 3743 3772 φυλάσ-

2088 3818 2197 3851 σειν
2245 3794 2314 3851 τά
2496 3791 2771 3870 θεοφόρων
2806 3788 3057 3864 Πατέρων
3112 3786 3237 3870 περὶ
3287 3777 3561 3845 εὐσεϐείας
3618 3780 3745 3870 ὅρια

2085 3887 2174 3941 καὶ
2233 3882 2570 3956 θεσπίσματα
2604 3869 2907 3940 παντελῶς
2965 3869 3286 3953 ἀπαράϐατα
3336 3873 3430 3928 καὶ
3487 3869 3744 3945 ἀμετακί-

2087 3994 2244 4043 νητα,
2275 3972 2475 4045 καὶμὴ
2508 3971 2646 4026 κατά
2692 3988 2812 4025 τινα
2867 3966 3069 4043 τρόπον
3121 3963 3331 4019 τούτων
3388 3959 3740 4034 καταμελεῖν’

2086 4062 2176 4118 καὶ
2208 4061 2381 4123 οὕτως
2434 4057 2745 4135 ἐνδέχεσθαι
2791 4056 2938 4129 παρὰ
2981 4058 3079 4109 τοῦ
3129 4052 3417 4114 ἐλεοῦντος
3474 4053 3609 4106 Θεοῦ
3640 4049 3738 4118 τήν

2084 4150 2292 4207 τούτων
2354 4150 2679 4225 συντήρησιν
2750 4146 2843 4201 καὶ
2904 4143 3262 4219 κατόρθωσιν’
3331 4140 3421 4196 καὶ
3489 4137 3579 4195 διὰ
3640 4138 3740 4208 τῆς

2087 4241 2221 4316 πρὸς
2276 4238 2434 4294 αὐτὸν
2490 4238 2581 4293 τὸν
2627 4235 2755 4291 θεὸν
2826 4230 3271 4310 ἀπαρασαλεύτου
3339 4230 3431 4286 καὶ
3504 4229 3740 4304 καθαρᾶς

2087 4315 2312 4391 ἐλπίδος
2365 4328 2499 4402 μετά
2557 4326 2619 4381 τὸ
2677 4321 3035 4400 ἀποπληροῦν
3105 4316 3414 4382 σπουδαίως
3457 4316 3632 4373 πάντα
3676 4315 3744 4371 τὰ

2090 4418 2374 4494 εἰρημένα,
2435 4413 2701 4490 μέλλουσι
2762 4410 3169 4469 κατευθύνεσθαι
3225 4408 3294 4464 τὰ
3349 4404 3483 4483 ἔργα
3538 4404 3629 4462 καὶ
3688 4404 3742 4459 οἱ

2086 4492 2248 4562 κόποι
2297 4505 2480 4561 αὐτοῦ·
2538 4503 2630 4559 καὶ
2678 4503 2730 4558 οἱ
2780 4500 3078 4576 ἀντίμαχοι
3130 4498 3295 4555 αὐτοῦ
3342 4495 3434 4551 καὶ
3476 4492 3741 4569 πολέμιοι

2086 4595 2440 4651 καταπίπτειν
2506 4591 2597 4649 καὶ
2651 4585 3110 4648 καταϐάλλεσθαι.
3169 4586 3324 4643 Οὕτω
3379 4584 3472 4640 καὶ
3530 4584 3559 4638 ὁ
3594 4583 3746 4659 βασι-

2087 4684 2214 4748 λεὺς
2271 4685 2512 4754 Ἐζεκίας
2541 4682 2817 4753 ἐποίησεν,
2851 4679 3013 4735 ὁπότε
3043 4679 3072 4733 6
3105 4675 3457 4753 Σεναχαρεὶμ
3485 4673 3739 4751 στρατιὰν

2086 4776 2222 4830 κατά
2277 4780 2378 4843 τῆς
2435 4769 2802 4850 Ἰερουσαλὴμ
2855 4767 3069 4846 ἤγειρεν
3324 4765 3430 4820 ἀπὸ
3499 4762 3593 4839 μὲν
3638 4760 3741 4839 γὰρ

2083 4869 2191 4919 τῶν
2236 4862 2389 4925 ἐκτὸς
2436 4870 2536 4932 τῆς
2606 4859 2823 4922 πόλεως
2886 4857 3133 4935 χωρίων,
3185 4856 3442 4935 ἀφῃρεῖτο
3506 4853 3602 4927 μὶν
3646 4851 3743 4913 τάς

329 4945 422 5001 nis
446 4925 721 5017 operibus
733 4925 1193 5002 circumvallavit
1212 4925 1601 5019 {intraipsam
1616 4965 1749 5006 vero
1769 4951 1976 5024 vigiles

2091 4952 2310 5030 τροφὰς,
2345 4925 2571 5029 ἔφραττε
2602 4946 2660 5004 δῖε
2687 4948 2783 5009 τὰς
2841 4925 3040 5023 πηγάς,
3073 4925 3337 5019 ἐξώρυττε
3394 4938 3471 5030 δὲ⁸
3497 4925 3742 5019 τάφρους

327 5032 650 5101 constituit,
682 5035 1037 5107 sagittarios,
1071 5040 1350 5104 scutatos,
1386 5036 1670 5107 hastatos,
1718 5038 1976 5097 fundito-

329 5137 445 5189 res,
477 5122 747 5191 armavit,
779 5140 1006 5179 necnon
1039 5123 1208 5194 alios,
1251 5124 1352 5197 qui
1392 5125 1671 5182 manibus
1729 5133 1830 5184 aut
1862 5146 1982 5186 ma-

327 5209 517 5267 chinis
546 5210 773 5283 lapides
796 5211 1222 5283 jacularentur.
1253 5219 1394 5270 Cum
1429 5213 1521 5271 his
1552 5215 1854 5273 collocavit
1883 5219 1981 5275 de-

325 5298 508 5356 lectos
535 5300 851 5371 optimates
883 5302 984 5373 qui
1015 5302 1290 5374 vigilibus
1320 5311 1639 5375 praeessent
1665 5322 1731 5361 ac
1779 5308 1977 5363 mode-

326 5392 618 5456 rarentur,
652 5387 798 5446 alios
827 5391 1079 5463 denique
1109 5392 1209 5462 qui
1239 5392 1459 5448 circum
1482 5410 1658 5465 opera
1685 5394 1976 5453 discurre-

329 5482 458 5533 rent
490 5478 756 5551 nihilque
815 5480 1381 5554 praatermisit,quod
1412 5482 1608 5539 tutelae
1642 5483 1975 5541 munitioni-

402 5688 514 5772 (50)
544 5690 595 5749 ΙΙ
624 5689 876 5768 Paralip.
903 5707 1081 5754 χχχιι.

2087 5040 2164 5103 εἰς
2194 5027 2846 5117 βάθος,ίκατησφαλίζετο
2879 5033 2938 5091 δὲ
2964 5035 3064 5104 τήν
3115 5030 3278 5089 πόλιν
3327 5027 3741 5117 οἰκοδομήμασι

2084 5116 2609 5205 προτειχισμάτωνον
2660 5125 2809 5188 ἐντὸς
2888 5122 2947 5180 δὲ
3006 5130 3109 5195 τῆς
3171 5118 3434 5192 τοιαύτης
3523 5116 3741 5180 πόλεως

2087 5218 2346 5273 ἀπέταττε
2422 5216 2688 5296 φύλακας,
2770 5213 2992 5285 τοξότας
3074 5210 3445 5279 καθώπλιζεν’
3518 5206 3598 5264 ἔτι
3682 5227 3742 5296 τε

2086 5306 2388 5370 πελταστάς
2438 5295 2557 5361 καὶ
2635 5302 2971 5383 δορυφόρους
3040 5301 3131 5357 καὶ
3207 5295 3594 5378 σφενδονήτας,
3650 5295 3742 5352 καὶ

2082 5395 2210 5459 τοὺς
2268 5396 2328 5451 ἐκ
2383 5400 2585 5473 χειρῶν
2642 5394 2734 5450 καὶ
2794 5392 3218 5468 μηχανημάτων
3286 5383 3740 5465 πετροπομπούς.

2087 5485 2193 5541 Σὺν
2222 5488 2434 5548 τούτοις
2472 5482 2746 5561 ἐξελέγετο
2803 5482 2931 5544 τοὺς
2988 5480 3239 5556 ἀρίστους
3284 5482 3391 5533 τῶν
3449 5473 3744 5555 φρουρούν-
