2077 3224
158 206 219 237 649

822 206 873 236 DE
896 205 1012 236 REGIS
1035 206 1214 237 OFFlCIlS.

1809 207 1871 238 650

158 274 213 300 τῶν
230 270 374 301 ἐπιστάτας
389 267 434 297 καὶ
454 268 599 308 ἄρχοντας,
616 270 661 297 καὶ
684 269 747 301 τοὺς
772 270 810 300 εἷς
835 269 985 307 διατροχὴν

1050 279 1098 307 με
1113 271 1265 300 conferret.
1281 272 1316 299 Et
1330 274 1430 300 tamen
1452 272 1499 300 his
1526 272 1609 308 actis,
1627 273 1663 300 ab
1677 281 1736 301 uno
1752 272 1810 301 Deo
1824 273 1870 301 a1-

158 315 349 354 ’τεταγμένους⁷
376 314 421 342 καὶ
456 317 541 341 πᾶσαν
571 314 718 353 ἀσφάλειαν
754 314 914 352 ἐμηχανᾶτο
942 314 987 341 καὶ

159 360 359 398 κατοχύρωσιν.
389 360 483 395 Ὅμως
512 358 558 385 καὶ
586 361 670 386 ταῦτα
697 359 784 386 πάντα
806 360 905 393 ποιῶν,
935 359 987 386 ἀπὸ

163 405 247 442 μόνου
271 406 320 431 τοῦ
351 403 462 440 ὑψίστου
492 405 558 430 Θεοῦ
587 402 689 438 ἤλπιζε
712 403 757 430 καὶ
772 402 925 442 προσεδόκα
938 404 987 438 τὴν

160 448 370 487 ἀπολύτρωσιν·
401 447 446 475 καὶ
474 446 559 474 νύκτα
592 447 638 474 καὶ
667 448 771 485 ἡμέραν
802 447 826 475 ἐν
858 445 987 484 συντριϐῇ

159 493 271 532 καρδίας
300 492 389 528 ἐζήτει
417 492 462 519 καὶ
486 491 634 529 παρεκάλει
661 493 710 526 τήν
743 491 906 529 ἀπαλλαγὴν
934 494 987 519 τῶν

161 538 276 566 δεινῶν·
308 536 353 564 ’διὰ
380 539 462 564 τοῦτο
483 535 546 563 οὐδὲ
574 539 626 564 τῶν
655 535 773 564 ἐλπίδων
797 537 929 574 ἀπέτυχεν
944 546 950 552 ·
974 535 989 563 δ

160 584 212 621 γὰρ
244 581 413 620 Σεναχερεὶμ
437 581 451 608 ὁ
476 580 573 619 θρασὺς
606 581 651 608 καὶ
690 582 838 620 ὑπέρογκος
868 582 925 617 ἅμα
950 583 989 616 τῷ

160 624 327 665 προσϐαλεῖν
342 627 377 663 τῇ
394 626 476 663 χώρᾳ
489 627 542 652 τῶν
570 624 718 660 Ἰουδαίων,
741 626 791 653 ὑπὸ
814 624 917 656 δειλίας
942 636 988 661 με-

159 670 282 709 τάμελος
310 670 442 708 γεγονὼς,
461 669 562 708 ἤρξατο
588 669 713 708 φεύγειν·
735 670 799 701 τοὺς
823 668 851 697 δὲ
876 680 990 708 στρατη-

161 716 227 754 γοὺς
243 716 326 743 αὐτοῦ
354 716 421 751 μετα
444 714 551 741 πολλοῦ
577 714 776 752 στρατεύματος
805 714 889 741 ἐκεῖσε
911 714 989 741 κατὲ-

162 761 236 795 λιπε,
251 760 298 788 τὸν
326 758 448 795 πόλεμον
476 759 566 788 αὖτοῖς
591 759 761 794 ἀναθέμενος.
780 758 937 785 ’Δπὲστειλε
962 757 990 784 δὲ

160 807 200 841 τῷ
225 803 334 842 βασιλεῖ
349 803 454 838 Ἐζεκίᾳ
477 803 625 840 γραμμαεα
653 802 827 841 βλασφημίας
849 804 893 829 καὶ
920 803 988 830 ὀνει-

163 848 278 886 δισμοὺς
317 847 424 885 ἔχοντα,
451 848 517 884 ἅπερ
548 848 560 873 ὁ
591 848 671 886 αυτὸς
705 847 831 884 βασιλεὺς
860 847 990 884 ἀναγνοὺς

162 893 209 921 καὶ
233 894 283 927 τὴν
313 891 424 930 καρδίαν
450 890 579 928 πληγεὶς,
599 892 665 927 μετὰ
681 891 810 926 πλείστης
834 891 923 926 λύπης
946 892 990 918 καὶ

164 939 317 975 στεναγμοῦ
345 933 547 972 καταλαμϐάνει
578 936 645 973 πρὸς
673 935 718 962 τὸν
748 936 827 962 ναόν
857 936 900 962 καὶ
931 936 992 962 ἀνα-

165 981 247 1020 γνοὺς
265 981 291 1008 ἐν
307 983 345 1017 τῷ
359 982 425 1019 ἰερῷ
450 981 498 1014 τὴν
525 979 685 1014 ἐπιστολὴν,
700 980 746 1007 τὸν
771 981 834 1007 Θεὸν
859 979 992 1017 προκαλεῖ

165 1025 287 1064 γενέσθαι
315 1028 367 1052 τῶν
400 1024 656 1062 βλασψημουμένων
683 1024 838 1059 ἐκδικητὴν,
865 1024 989 1051 ἱκετεύων

165 1072 276 1098 τοιαῦτα
290 1071 357 1106 (51)’
386 1081 399 1094 (ι
415 1068 478 1105 Ἴδε⁵
497 1069 576 1107 Κύριε
604 1066 729 1104 Σαϐαὼθ,
752 1068 801 1096 ὅσα
824 1069 992 1107 Σεναχερεψ.

166 1115 191 1151 ἐξ
219 1114 349 1145 ἀπονοίας
373 1114 418 1141 καὶ
449 1113 586 1151 ἐπαρσεως
607 1112 742 1140 ὠνείδισεν
774 1113 794 1140 εἶ

167 1162 258 1187 Σῶσον
287 1160 363 1193 ἡμᾶς
387 1158 416 1185 ἐκ
438 1159 530 1195 χειρὸς
551 1157 644 1191 αὒτοῦ,
662 1158 797 1184 Δέσποτα·
828 1158 922 1195 γνώτω
951 1157 991 1184 ὅτι

774 1114 811 1144 εἷς
844 1114 874 1140 τὸ
905 1114 990 1151 ἅγιον.

164 1204 196 1231 σὺ
210 1204 235 1231 εἶ
257 1203 341 1241 μόνος
357 1202 437 1233 Θεός·
469 1215 481 1228 ››
504 1203 529 1229 τί
546 1201 611 1237 οὖν;
637 1204 650 1229 ὁ
677 1205 735 1233 τοῖς
755 1205 916 1241 στεναγμοῖς
938 1204 991 1228 τῶν

163 1249 203 1280 εἰς
218 1248 299 1275 αὐτὸν
316 1247 476 1282 ἠλπικότων
493 1244 614 1283 ἕτοιμος,
632 1248 645 1273 ὁ
662 1244 808 1283 συντρίϐων
839 1247 991 1282 πολέμους,

163 1294 177 1320 ὁ
202 1290 386 1320 καταϐάλλων
415 1291 614 1330 ὑπερηφάνους,
641 1292 654 1318 ὁ
684 1292 803 1318 θανατών
835 1288 953 1326 ἀσεϐεῖς,
979 1291 992 1317 ὁ

163 1338 202 1369 εἷς
228 1335 295 1372 ᾅδου
324 1335 450 1373 κατά-(ων
481 1335 674 1373 ἁμαρτωλοὺς,
692 1335 828 1362 δεκαοκτὼ
860 1334 992 1373 μυριάδας

163 1384 218 1410 τῶν
242 1380 398 1417 πολεμίων,
415 1379 487 1407 ἀλλὰ
513 1380 556 1407 καὶ
588 1379 716 1417 χιλιάδας
744 1380 830 1407 αὐτῶν
860 1380 949 1415 πέντε,
967 1379 991 1406 ἐν

168 1429 217 1463 μ.ιᾷ
239 1426 316 1454 νυκτὶ
344 1425 466 1462 ἀναιρεῖ-
493 1425 537 1451 καὶ
568 1425 593 1451 οἱ
616 1425 665 1458 τὴν
688 1427 736 1451 τοῦ
766 1426 833 1451 Θεοῦ
859 1424 941 1451 πόλιν
967 1423 992 1450 ἐν

168 1470 291 1507 συντόμῳ
314 1469 522 1508 ἐγκαυχώμενοι
549 1467 710 1495 καταϐαλεῖν
729 1468 830 1500 ἀθλίως
857 1469 902 1495 καὶ
931 1469 994 1505 παρ’

168 1513 267 1543 ἐλπίδα
282 1512 470 1542 ἀποϐάλλουσι
485 1514 535 1547 τὴν
553 1514 635 1548 ζωὴν,
653 1514 696 1539 καὶ
713 1513 738 1540 ἐν
762 1516 811 1549 μιᾷ
836 1513 906 1550 ῥοπῇ
933 1513 994 1550 αἰχ-

171 1559 369 1597 μαλωτίζονται
389 1559 436 1588 τας
462 1558 551 1595 ψυχάς
566 1569 571 1575 ’
604 1557 686 1593 μόλις
703 1557 731 1585 δὲ
747 1558 760 1584 ὁ
778 1557 917 1595 Ἀσσύριος
945 1568 994 1592 τη-

166 1605 280 1631 νικαῦτα
311 1604 356 1631 τὸν
393 1601 505 1640 ὄλεθρον
543 1601 675 1640 ἐκφυγὼν,
706 1602 780 1633 ὅπως
812 1602 840 1628 ἂν
872 1602 992 1636 αἴσθησιν

1041 315 1157 343 tissime
1173 317 1298 344 salutem
1314 317 1512 352 exspectabat,
1529 319 1558 344 et
1573 316 1624 344 diu
1640 319 1787 353 noctuque
1800 325 1869 345 cum

1042 360 1139 388 cordis
1165 360 1210 388 sui
1238 361 1412 389 contritione
1441 360 1690 397 propulsationem
1721 360 1869 389 malorum

1042 404 1229 439 implorabat.
1241 406 1336 437 Quare
1360 413 1454 441 neque
1470 414 1537 442 spes
1558 406 1623 441 ejus
1637 405 1703 434 lusa
1718 405 1783 433 fuit.
1802 405 1869 433 Ete-

1043 449 1104 476 nim
1120 449 1214 477 audax
1229 449 1277 477 ille
1289 452 1318 478 et
1333 450 1478 486 superbus
1492 450 1717 478 Senacherimus
1732 449 1823 478 simul
1838 458 1870 478 se

1043 493 1211 521 Judaaorum
1224 494 1373 530 regionem
1391 495 1498 531 attigit,
1505 495 1610 523 timore
1620 495 1743 530 resipuit
1753 494 1869 531 fugam-

1045 546 1101 573 que
1116 538 1286 574 capessivit;
1303 539 1392 567 duces
1411 541 1509 567 tamen
1529 547 1600 567 suos
1615 539 1724 567 ibidem
1740 538 1869 575 reliquit,

1045 582 1154 618 quibus
1178 582 1248 610 belli
1269 592 1417 611 summam
1437 583 1596 611 mandavit.
1612 584 1686 611 Tum
1711 584 1746 611 ad
1771 591 1870 619 regem

1044 627 1197 655 Ezechiam
1213 627 1327 655 litteras
1342 628 1535 664 hlasphemiis
1554 627 1753 664 conviciisque
1768 627 1871 664 plenas

1045 672 1135 706 misit,
1149 672 1257 708 quibus
1280 680 1330 699 rex
1350 675 1433 700 catus
1454 672 1548 706 lectis,
1565 675 1650 700 corde
1662 672 1872 709 ingemiscens,

1045 716 1137 743 multo
1154 725 1219 743 cum
1237 725 1359 744 moerore
1370 719 1456 752 atque
1472 717 1581 751 ejulatu
1593 717 1629 744 ad
1643 716 1787 753 templum
1803 725 1872 744 con-

1047 762 1153 793 tendit;
1172 761 1269 796 ibique
1286 762 1393 788 iterum
1407 763 1480 788 lecta
1492 761 1626 797 epistola,
1640 762 1741 795 Deum,
1754 763 1787 789 ut
1798 761 1873 789 blas-

1046 806 1231 841 phemiarum
1257 806 1334 832 ultor
1356 806 1447 839 ﬁeret,
1465 806 1511 833 his
1531 806 1626 833 verbis
1648 806 1760 842 rogavit
1777 814 1783 833 :
1802 806 1872 833 Res-

1047 850 1119 885 pice,
1139 850 1260 877 Domine
1275 850 1467 885 exercituum,
1484 859 1548 885 quae
1574 850 1704 878 convicia
1729 850 1874 878 Senache-

1046 894 1138 921 rimus
1154 894 1301 921 dementia
1330 895 1467 929 fastuque
1495 894 1590 922 elatus
1618 895 1760 922 adversus
1787 896 1873 922 tuum

1046 938 1247 965 sanctuarium
1265 939 1429 974 conjecerit.
1446 939 1534 966 Serva
1558 947 1610 966 nos
1633 939 1669 966 de
1693 947 1783 966 manu
1796 939 1873 974 ejus,

1047 982 1179 1010 Domine.
1195 983 1305 1009 Sentiat
1325 982 1374 1010 ille
1388 983 1480 1010 Deum
1505 985 1533 1010 te
1558 991 1631 1010 esse.
1644 983 1718 1015 Quid
1731 991 1799 1019 ergo
1815 983 1876 1019 egit

1047 1027 1096 1053 ille
1112 1027 1161 1062 qui
1174 1027 1356 1062 sperantium
1372 1027 1500 1063 gemitus
1513 1027 1577 1054 sine
1589 1036 1669 1055 mora
1683 1027 1812 1062 exaudit,
1824 1027 1874 1063 qui

1048 1071 1123 1099 bella
1139 1072 1309 1107 confringit,
1325 1072 1466 1107 superbos
1483 1072 1633 1107 deprimit,
1650 1072 1757 1108 impios
1773 1071 1875 1099 interi-

1048 1116 1112 1151 mit,
1126 1118 1291 1152 peccatores
1306 1117 1341 1144 ad
1359 1115 1467 1143 inferos
1483 1116 1628 1143 detrahit?
1643 1117 1776 1144 Hostium
1794 1118 1877 1144 octo-

1047 1161 1128 1196 ginta
1144 1160 1274 1196 quinque
1296 1160 1388 1187 millia
1404 1169 1463 1187 una
1487 1162 1571 1188 nocte
1595 1161 1709 1188 occidit.
1725 1162 1821 1197 Atque
1835 1161 1877 1189 ita

1048 1205 1097 1240 qui
1116 1205 1163 1232 Dei
1179 1205 1323 1232 civitatem
1340 1205 1416 1232 brevi
1441 1213 1472 1232 se
1491 1207 1628 1240 capturos
1640 1205 1803 1241 jactabaut,
1821 1205 1877 1233 mi-

1048 1258 1111 1276 sere
1137 1252 1224 1285 atque
1244 1249 1392 1284 insperato
1416 1249 1506 1276 vitam
1536 1249 1711 1283 amiserunt;
1741 1250 1877 1285 horaeque

1050 1296 1198 1320 momento
1210 1302 1276 1321 cum
1294 1293 1450 1321 animabus
1461 1293 1523 1321 suis
1539 1293 1569 1320 in
1585 1294 1783 1330 captivitatem
1799 1294 1877 1322 deci-

1048 1339 1163 1365 derunt.
1178 1338 1237 1365 Rex
1260 1346 1327 1364 vero
1351 1337 1490 1373 Assyrius
1505 1337 1551 1365 vix
1574 1340 1644 1365 tunc
1668 1338 1788 1366 exitium
1803 1337 1878 1366 vita-

1047 1383 1102 1415 vit;
1118 1382 1250 1409 videlicet
1273 1384 1304 1409 ut
1327 1382 1391 1416 eius
1414 1382 1560 1415 Numinis,
1580 1382 1658 1417 quod
1684 1382 1878 1418 blasphemiis

1048 1427 1173 1460 lzeserat,
1194 1427 1253 1452 vim
1281 1428 1466 1461 agnosceret;
1493 1429 1525 1453 ut
1548 1426 1711 1462 ignominia
1734 1429 1877 1463 tanquam

1048 1474 1126 1498 veste
1142 1470 1379 1504 oblimaretur,et
1390 1470 1478 1497 facies
1493 1472 1556 1505 ejus
1571 1471 1683 1506 pudore
1698 1471 1876 1505 rubesceret,

1049 1518 1136 1551 atque
1152 1515 1191 1542 ita
1205 1515 1240 1542 ab
1253 1514 1391 1542 omnibus
1406 1515 1578 1543 exsibilatus
1589 1515 1711 1543 Niniven
1722 1519 1879 1544 revertere-

1050 1563 1107 1587 tur.
1125 1560 1276 1587 Postremo
1291 1561 1390 1586 tamen
1406 1568 1422 1586 a
1442 1559 1504 1587 suis
1520 1559 1620 1587 liberis
1635 1560 1820 1595 interﬁcitur,
1836 1561 1879 1588 di-

1049 1613 1123 1641 gnas
1138 1604 1261 1632 crimine
1277 1612 1377 1639 poenas
1401 1606 1497 1639 luens,
1518 1607 1672 1640 propterea
1696 1605 1774 1640 quod
1798 1605 1879 1633 blas-

166 1646 249 1676 λάϐοι
268 1651 318 1683 τῆς
340 1650 389 1675 τοῦ
417 1647 669 1685 βλασφημουμένου
695 1645 845 1683 δυνάμεως,
862 1646 936 1677 ὅπως
963 1646 991 1673 ἂν

1050 1648 1183 1685 phemias
1198 1648 1337 1676 adversus
1353 1648 1447 1675 Deum
1468 1652 1627 1676 creatorem
1642 1649 1751 1676 furiose
1764 1651 1878 1678 eructa-

164 1693 297 1731 αἰσχύνην
312 1690 491 1731 περιϐάλοιτο
522 1693 558 1723 ὡς
587 1691 698 1728 ἔνδυμα,
714 1692 757 1718 καὶ
789 1691 897 1728 ἀτιμίας
924 1696 994 1726 πλη-

165 1738 264 1776 ρωθείη
295 1738 327 1765 τὸ
355 1737 517 1775 πρόσωπον,
541 1737 584 1763 καὶ
615 1736 836 1773 κατεγνωσμένος
862 1737 911 1770 τὴν
941 1738 993 1762 τῶν

164 1783 312 1809 Νινευϊτῶν
328 1778 480 1808 καταλάϐοι
493 1791 498 1796 ·
525 1780 634 1817 ὕστερον
650 1780 724 1817 παρὰ
744 1782 796 1806 τὼν
822 1779 905 1806 αὐτοῦ
931 1779 993 1805 παί-

166 1825 220 1854 δων
245 1826 476 1864 κατασφάττεται’
503 1825 576 1859 ἀξίαν
606 1824 739 1862 τιμωρίαν
768 1823 841 1859 δοὺς⁷
859 1824 896 1854 ὡς
929 1824 996 1860 μετά

170 1870 348 1910 βλασφημίας
378 1870 503 1906 ἐκμανεὶς
532 1870 599 1896 κατὰ
627 1869 674 1895 τοὺ
704 1868 887 1903 πεποιηκότος
917 1871 994 1895 Θεοῦ.

168 1914 299 1947 Βασιλεὺς
328 1913 460 1945 Ἰουδαίας
487 1915 519 1948 ἦν
546 1915 559 1940 ὁ
590 1914 719 1951 Ἰωσαφὰτ
737 1915 792 1950 (52)
809 1913 921 1940 πολλῶν
951 1913 995 1940 καὶ

169 1959 307 1999 διαφόρων
351 1959 431 1987 ἐθνῶν
475 1958 714 1996 συμφωνησάντων
752 1959 810 1984 κατ’
848 1958 939 1993 αὐτοῦ,
971 1958 996 1992 ἐξ

167 2005 287 2043 ἀνάγκης
317 2003 362 2031 καὶ
389 2003 469 2034 αὐτὸς
506 2002 572 2040 μετὰ
600 2001 718 2037 σπουδῆς
745 2002 899 2038 ἡτοιμάσϐη
929 2003 997 2038 πρὸς

165 2049 363 2088 ἀντιμάχησιν,
382 2047 555 2085 συναθροίσας
583 2048 628 2074 καὶ
658 2045 827 2077 καθοπλίσας
854 2047 892 2077 ὡς
919 2046 997 2083 ἔπρε-

164 2105 201 2122 πε
225 2094 270 2122 τὸν
301 2094 400 2121 οἰκεῖον
426 2092 501 2128 λαὸν,
518 2092 562 2119 καὶ
585 2092 618 2119 τὰ
641 2094 692 2125 τῆς
712 2091 869 2127 πολεμικῆς
883 2091 996 2118 καθόσον

163 2139 199 2174 ἦν
227 2138 339 2166 δυνατὸν
369 2136 585 2176 προδιαθὲμενος
627 2136 732 2173 ἄριστα.
763 2135 840 2169 Πλὴν
871 2134 932 2163 οὔτε
959 2138 998 2171 τῷ

163 2182 268 2219 πλήθει
296 2184 350 2210 τῶν
378 2181 574 2219 πολεμούντων
591 2182 647 2218 (53)
676 2180 833 2218 ἐθάρρησεν,
849 2179 911 2207 οὔτε
940 2183 997 2211 τοῖς

164 2226 277 2262 ὅπλοις,
294 2225 356 2254 οὔτε
378 2228 413 2263 τῇ
438 2226 506 2253 κατά
529 2226 574 2252 τὸν
600 2224 724 2260 πόλεμον
750 2224 897 2262 ἐμπειρίᾳ·
926 2225 1000 2252 ἀλλὰ

166 2273 208 2303 εἰς
227 2272 309 2310 μόνον
326 2271 372 2299 τὸν
397 2270 524 2309 κραταιὸν
553 2269 597 2297 καὶ
630 2270 729 2306 βοηθὸν
758 2270 803 2296 καὶ
832 2268 999 2296 παντοδύνα-

168 2327 221 2354 μον
236 2317 300 2344 Θεὸν
317 2316 480 2355 καταφυγών
493 2327 499 2333 -
526 2315 570 2342 καὶ
595 2313 639 2341 διὰ
653 2314 777 2349 νηστείας
802 2313 846 2341 καὶ
874 2313 997 2352 δακρύων
1015 2328 1039 2361 D

167 2362 183 2390 ὅ
197 2372 228 2389 τε
244 2360 372 2399 βασιλεὺς
388 2361 432 2387 καὶ
449 2360 462 2387 ὁ
489 2360 533 2386 ὑπ’
548 2359 627 2386 αὐτὸν
644 2359 711 2389 ἅπας
743 2358 808 2389 λαὸς
837 2360 1000 2394 ποιήσαντες

168 2406 280 2443 εὐμενῆ,
296 2406 384 2436 οὕτως
403 2404 487 2439 ἦλθεν
514 2404 552 2435 εἷς
575 2403 697 2439 πόλεμον
726 2403 770 2430 καὶ
795 2403 1000 2441 ἀντιπαράταξιν

167 2451 218 2485 τῆς
244 2449 420 2487 πολλαχόθεν
458 2448 637 2486 συναχθείσης
668 2447 772 2482 ἐκείνης
808 2451 942 2485 στρατιᾶς.
974 2451 1004 2482 Τί

167 2495 199 2522 τὸ
229 2494 368 2529 ἐντεῦθεν;
400 2495 428 2520 Ὀ
459 2493 506 2530 μὲν
538 2491 665 2530 βασιλεὺς
695 2492 827 2530 Ἰωσαφὰτ
858 2492 902 2519 ἐπί
931 2502 1004 2522 τινος

169 2539 280 2577 ὑψηλοῦ
317 2538 363 2566 καὶ
404 2538 542 2575 μετεώρου
579 2536 665 2564 τόπου
703 2536 860 2574 συνάγεται·
892 2537 937 2563 καὶ
972 2538 1005 2564 τὰ

165 2586 223 2612 τῶν
265 2583 431 2612 ὑπεναντίων
470 2582 659 2621 στρατεύματα
692 2583 750 2608 κατ’
774 2581 908 2617 ἀλλήλων
948 2583 1005 2619 μεῦν

168 2630 263 2666 ὁρμῆς
289 2629 434 2668 φέρονται·
465 2627 510 2655 καὶ
540 2625 687 2662 Ἰδουμαῖοι
725 2626 771 2662 μὲν
808 2626 859 2653 ὑπὸ
890 2624 1006 2653 Μωαϐι-

167 2676 225 2702 τῶν
237 2673 284 2701 καὶ
303 2674 479 2709 Ἀμμανιτῶν
504 2681 664 2710 φονευονται
688 2670 838 2708 πρότερον·
867 2670 949 2698 πάλιν
978 2670 1007 2698 δὲ

170 2717 271 2756 μικρὸν
295 2716 407 2755 ὕστερον
435 2715 518 2755 ἄμφω
555 2717 640 2742 ταῦτα
667 2715 701 2741 τᾱι
725 2713 789 2751 γένη
817 2715 1008 2742 κατακτείνον-

167 2773 215 2791 ται
231 2762 276 2790 ὑπ’
299 2761 452 2797 ἀλλήλων·
469 2760 514 2788 καὶ
530 2760 544 2787 ὁ
563 2758 689 2797 βασιλεὺς
706 2759 774 2796 μετά
788 2761 837 2787 τοῦ
867 2759 911 2787 ὑπ’
927 2759 1006 2788 αὐτὸν

209 2816 268 2853 (ᾇ1)
281 2816 319 2853 1y
334 2818 487 2853 Reg.__xrx;
505 2816 551 2842 Isa
565 2822 673 2842 xxxvu.

212 2851 271 2891 (52)
287 2851 313 2881 ΙΙ
327 2851 457 2887 Paralip.
472 2859 518 2879 xx.

341 2915 476 2948 Ρλτιιοι..
499 2915 556 2947 Gs.
577 2914 695 2947 CXLII.

1048 1696 1135 1720 verat.
1157 1693 1263 1719 Judzeae
1289 1701 1339 1719 rex
1362 1692 1551 1728 Josaphatus,
1569 1693 1670 1721 multis
1694 1693 1878 1729 diversisque

1050 1738 1165 1773 populis
1182 1737 1320 1764 adversus
1336 1745 1399 1764 eam
1416 1737 1665 1773 conspirantibus,
1682 1738 1745 1774 ipse
1761 1746 1878 1774 quoque

1051 1782 1223 1810 necessitate
1242 1784 1360 1808 coactus
1385 1781 1440 1808 fuit
1463 1782 1498 1809 ad
1524 1782 1685 1817 parandam
1702 1782 1803 1810 sedulo
1827 1783 1876 1810 de-

1051 1827 1223 1858 fensionem,
1241 1825 1382 1861 populum
1401 1834 1488 1852 suum
1504 1826 1712 1854 conscribendo
1728 1827 1878 1862 armisque

1050 1871 1233 1904 instruendo,
1250 1878 1371 1905 remque
1389 1870 1522 1898 bellicam
1548 1879 1599 1906 pro
1627 1870 1710 1906 copia
1724 1873 1753 1898 et
1765 1871 1877 1899 viribus

1052 1915 1244 1951 disponendo.
1266 1915 1293 1941 Is
1313 1916 1409 1941 tamen
1435 1922 1530 1949 neque
1554 1914 1729 1942 bellatorum
1753 1923 1877 1944 numero

1053 1959 1227 1994 conﬁdebat,
1244 1966 1339 1994 neque
1355 1958 1456 1992 armis,
1471 1966 1565 1994 neque
1580 1959 1684 1995 peritia
1698 1959 1817 1996 bellica;
1833 1968 1878 1988 ve-

1052 2013 1118 2032 rum
1135 2004 1219 2031 unice
1235 2004 1270 2030 ad
1290 2004 1394 2030 fortem
1418 2006 1446 2031 et
1468 2003 1669 2031 auxiliatorem
1693 2007 1722 2032 et
1744 2004 1879 2041 omnipo-

1052 2051 1163 2077 tentem
1179 2048 1271 2076 Deum
1288 2048 1487 2083 confugiebat;
1504 2048 1627 2084 ideoque
1637 2049 1778 2084 jejuuans
1789 2051 1818 2077 et
1836 2049 1882 2078 la-

1054 2102 1189 2130 crymans
1200 2095 1264 2120 tum
1277 2101 1325 2120 rex
1337 2096 1397 2120 tum
1409 2094 1532 2121 cunctus
1543 2093 1670 2129 populus
1680 2093 1706 2121 ei
1717 2094 1879 2129 subjectus,

1053 2140 1211 2175 postquam
1227 2140 1319 2165 Deum
1335 2137 1390 2164 sibi
1412 2137 1615 2172 conciliarunt,
1629 2138 1665 2166 ad
1687 2138 1797 2166 bellum
1810 2147 1881 2175 pro-

1053 2182 1147 2219 gressi
1163 2184 1242 2215 sunt,
1254 2184 1282 2209 et
1306 2181 1467 2209 collectitiae
1483 2181 1612 2210 hostium
1637 2182 1820 2210 multitudini
1833 2191 1882 2211 oc-

1054 2229 1219 2255 currerunt.
1232 2226 1306 2258 Quid
1321 2226 1407 2253 inde?
1421 2226 1600 2262 Josaphatus
1615 2235 1665 2254 rex
1679 2226 1793 2256 excelso
1808 2235 1882 2263 quo-

1055 2273 1122 2299 dam
1139 2271 1169 2298 in
1185 2270 1247 2298 loco
1263 2279 1331 2298 cum
1347 2270 1410 2298 suis
1425 2271 1517 2306 copiis
1533 2271 1678 2306 constitit;
1695 2272 1816 2300 Idumaei
1831 2281 1884 2300 au-

1054 2318 1113 2343 tem
1130 2324 1147 2343 a
1162 2315 1299 2342 Moabitis
1321 2317 1408 2350 atque
1423 2315 1602 2343 Ammanitis
1626 2315 1697 2343 caedi
1721 2319 1884 2352 cceperunt.

1058 2360 1163 2388 Deinde
1179 2359 1314 2387 similiter
1337 2359 1367 2386 hi
1395 2359 1451 2386 duo
1472 2360 1615 2395 postremi
1630 2359 1731 2396 populi
1754 2360 1832 2388 inter
1854 2369 1887 2389 se

1058 2403 1209 2440 digladiati
1227 2406 1296 2431 sunt
1320 2406 1408 2439 atque
1427 2403 1606 2431 occiderunt.
1622 2404 1683 2432 Rex
1704 2406 1802 2433 autem
1818 2414 1886 2433 cum

1059 2448 1176 2485 proprio
1192 2448 1320 2476 exercitu
1341 2448 1371 2475 in
1394 2447 1515 2475 sublimi
1540 2448 1660 2483 specula
1675 2457 1706 2476 se
1720 2449 1886 2485 continens,

1060 2493 1146 2521 caedis
1161 2492 1276 2520 hostilis
1292 2492 1404 2520 otiosus
1419 2494 1563 2527 spectator
1578 2496 1651 2529 erat,
1663 2494 1734 2521 dum
1752 2494 1889 2523 universa.

1060 2538 1289 2573 alienigenarum
1318 2536 1476 2564 multitudo
1509 2538 1616 2573 partim
1649 2538 1794 2574 captivata
1821 2539 1888 2574 fuit,

1061 2582 1167 2618 partim
1192 2582 1297 2609 occisa.
1314 2582 1389 2608 Tum
1411 2581 1522 2609 auctori
1536 2582 1737 2618 prodigiorum
1753 2583 1822 2617 Deo,
1839 2583 1891 2620 qui

1061 2627 1148 2654 unica
1163 2626 1323 2654 voluntatis
1336 2626 1362 2653 vi
1388 2626 1487 2653 omnia
1509 2626 1632 2662 peragit,
1644 2627 1753 2663 quique
1776 2629 1890 2656 tantam

1061 2671 1212 2699 victoriam
1243 2670 1488 2706 triumphumque
1514 2671 1700 2699 referendum
1728 2675 1892 2707 curaverat,

1062 2715 1200 2743 concordi
1223 2715 1301 2751 regis
1326 2715 1513 2750 universique
1530 2716 1674 2744 exercitus
1698 2725 1766 2745 voce
1791 2717 1892 2753 gratia

1063 2760 1217 2797 persolutis
1232 2762 1303 2787 sunt
1320 2759 1509 2796 hymnusque
1524 2760 1619 2789 dictus
1636 2769 1643 2789 :
1661 2769 1730 2789 nam
1754 2761 1818 2790 sine
1832 2761 1893 2792 ullo

1098 2814 1154 2853 (53)
1169 2813 1258 2842 Codd.
1275 2811 1430 2851 πολεμίων.

1694 2915 1734 2955 31
