4154 6458
461 390 574 449 651

1721 385 2143 448 NICEPHORI
2188 383 2628 446 BLEMMIDIE

3767 383 3891 456 652

462 518 734 575 conﬂictu
761 516 968 574 bellico
999 522 1121 574 tam
1153 518 1383 590 insigne
1412 517 1741 588 trophaeum
1773 533 1871 572 rex
1901 517 2104 573 consti-

2232 513 2631 590 στρατεύματος
2687 512 2792 568 ἀπὸ
2848 518 3136 589 περιωπῆς
3183 511 3274 567 xui
3331 510 3500 586 ὕψους
3557 512 3658 582 τὴν
3716 512 3891 590 παρά-

461 609 605 675 tuit;
639 607 721 662 ita
751 612 816 662 ut
844 607 1008 662 locus
1038 607 1239 675 etiam,
1265 607 1322 661 in
1357 624 1473 678 quo
1518 611 1637 662 tam
1684 605 1952 662 mirabile
1985 606 2121 660 faci-

425 754 433 761 _
462 713 578 752 nus
599 699 894 769 patratum
924 697 1034 750 fuit
1051 695 1502 750 eucharisticam
1527 696 1848 766 quamdam
1872 694 2124 767 appella-

460 786 683 841 tionem
730 785 1062 840 adsciverit.
1098 789 1229 839 Haec
1278 785 1508 856 egregia
1551 787 1702 840 facta
1740 789 1916 855 atque
1945 783 2122 838 victo-

460 874 582 940 riae,
599 875 821 947 absque
843 875 1018 930 etiam
1046 874 1461 943 decertatione,
1488 873 1841 945 contingunt
1871 873 1991 927 illis
2023 872 2122 945 qui

461 964 693 1018 ﬁrmam
716 963 1265 1035 indeﬁcientemque
1288 963 1346 1017 in
1370 963 1484 1017 Deo
1509 980 1676 1031 spem
1705 963 2121 1017 fundaverant.

462 1053 532 1108 Hi
592 1056 733 1108 sunt
791 1052 1016 1108 fructus
1073 1052 1200 1106 vitae
1251 1055 1463 1106 sancta:
1523 1052 1757 1122 Deoque
1816 1050 2120 1123 placentis.

462 1143 647 1207 Quem
677 1140 835 1196 enim
868 1140 1000 1213 quis
1045 1141 1316 1206 delectat,
1358 1141 1431 1195 ab
1465 1141 1667 1196 eodem
1700 1140 1960 1195 vicissim
1992 1139 2121 1194 dili-

460 1231 640 1304 gitur.
665 1231 734 1286 Et
765 1229 862 1286 ille
893 1230 1131 1302 quidem
1175 1231 1246 1286 ab
1291 1234 1526 1285 amante
1557 1231 1805 1285 ﬁdenter
1834 1229 1996 1301 petit,
2028 1229 2124 1284 hic

459 1325 753 1394 petentem
787 1336 902 1374 non
942 1319 1166 1392 respuit
1195 1335 1384 1390 neque
1413 1320 1642 1374 tristem
1675 1319 1942 1374 dimittit.
1976 1317 2121 1374 Con-

457 1410 656 1466 trariis
688 1409 981 1465 contraria
1032 1409 1325 1464 accidunt.
1354 1408 1540 1479 Igitur
1583 1408 1803 1474 Israeli,
1837 1407 2122 1479 quamdiu

458 1499 665 1553 divina:
705 1497 821 1570 legi
871 1497 1132 1569 parebat,
1166 1497 1585 1569 prosperitates
1614 1495 1985 1568 victoriaeque
2015 1496 2122 1551 ob-

454 1587 799 1655 veniebant;
833 1587 1096 1659 pepoanti
1148 1591 1366 1653 autem,
1399 1585 1706 1641 calamitas
1744 1585 1804 1640 in
1844 1590 2121 1658 promptu

456 1681 600 1732 erat.
661 1677 879 1732 Revera
945 1675 1411 1748 quotiescunque
1468 1675 1651 1730 Deum
1712 1675 1804 1746 pie
1871 1673 2120 1744 colebat,

456 1765 598 1820 ditio
653 1766 782 1835 ejus
831 1766 1095 1836 finesque
1145 1763 1612 1836 protelabantur,
1668 1763 1869 1818 hostes
1920 1763 1970 1817 ei
2022 1763 2120 1818 fie-

455 1854 598 1909 bant
637 1853 894 1923 obnoxii,
929 1853 1148 1908 mmnia
1194 1852 1388 1908 subito
1441 1853 1985 1924 prosternebantur,
2021 1869 2118 1906 ur-

454 1943 558 1998 bes
589 1942 804 2015 raptim
843 1942 1250 2014 capiebantur,
1283 1941 1523 2014 agmina
1565 1941 1900 1997 adversaria
1929 1940 2122 1996 conci-

453 2031 768 2099 debantur,
798 2031 1020 2103 grando
1050 2030 1332 2085 violenter
1380 2028 1592 2102 illapsa
1640 2030 1840 2085 hostes
1872 2034 2120 2085 exterre-

454 2121 575 2184 bat,
599 2120 686 2176 sol
717 2119 1023 2175 restitabat
1053 2119 1328 2192 diemque
1359 2119 1744 2190 producebat,
1768 2123 1832 2173 ut
1862 2118 2120 2174 hostium

461 2207 849 2264 internecioni
880 2208 1255 2264 conficiendis
1287 2208 1603 2278 sufficeret,
1627 2208 1772 2262 duce
1809 2209 1945 2262 Jesu
1979 2208 2122 2270 Navi

455 2298 598 2354 filio.
669 2298 950 2354 Praeterea
1015 2297 1256 2352 trecenti
1325 2296 1424 2368 qui
1483 2296 1811 2352 Gedeonem
1878 2296 2120 2351 comita-

451 2388 672 2443 bantur
725 2387 855 2454 viri,
888 2387 1108 2459 quique
1162 2385 1341 2441 veluti
1400 2383 1776 2457 praelibantes
1834 2401 1900 2440 ac
1959 2400 2120 2440 more

453 2476 779 2533 catulorum
824 2475 1037 2548 raptim
1069 2475 1139 2529 de
1181 2473 1424 2530 flumine
1455 2473 1848 2541 lambuerant,
1871 2474 2117 2529 totidem

449 2565 678 2638 lagenis
709 2583 844 2620 cum
886 2563 1260 2636 lampadibus
1311 2567 1367 2619 et
1414 2562 1575 2617 tubis
1623 2563 1896 2618 instructi
1928 2562 2119 2618 multa

449 2654 711 2710 hostium
781 2653 967 2709 millia
1034 2656 1556 2723 consumpserunt.
1623 2654 1766 2707 Item
1827 2653 1938 2706 sub
1999 2669 2118 2707 una

450 2760 630 2799 manu
663 2747 962 2815 aratrique
988 2741 1300 2798 manubrio
1323 2741 1576 2797 sexcenti
1598 2741 1968 2808 ceciderunt;
1993 2759 2117 2796 rur-

451 2850 676 2905 susque
723 2831 1068 2904 Sampsonis
1117 2849 1298 2887 manu
1347 2831 1616 2902 asiniquc
1670 2829 1907 2885 maxilla
1958 2829 2116 2886 mille

456 2921 728 2978 homines
760 2922 858 2976 icti
892 2921 1210 2994 perierunt.
1243 2921 1352 2976 Sed
1386 2919 1542 2975 enim
1593 2918 1728 2991 quis
1779 2924 2114 2992 temporum

450 3008 688 3064 illorum
747 3009 1164 3080 prosperitates
1224 3025 1463 3063 narrare
1511 3008 1736 3080 queat?
1783 3009 1919 3079 quis
1965 3009 2112 3064 cele-

449 3097 581 3153 bria
638 3098 807 3165 facta,
870 3098 1210 3153 morborum
1263 3101 1320 3152 et
1377 3097 1656 3152 mortium
1714 3097 2111 3169 depulsioncs,

451 3187 932 3258 incrementaque
971 3203 1262 3242 annorum
1324 3187 1393 3242 ad
1453 3185 1582 3241 vitae
1632 3186 2110 3258 propagationem

2234 603 2380 672 ταξιν
2446 601 2615 678 ἔχων,
2648 597 2845 656 ἕϐλεπε
2905 601 3067 674 μόνον
3127 601 3221 656 τὰς
3275 604 3385 656 τῶν
3433 598 3716 674 πολεμίων
3752 623 3888 680 σφα-

2232 693 2351 768 γὰς,
2383 694 2580 754 παντὸς
2626 696 2717 746 νοῦ
2766 689 3013 761 πλήθους
3069 695 3172 744 τῶν
3233 688 3568 768 ἀλλοφύλων
3632 688 3683 745 ἐν
3743 690 3888 764 ἠμέ-

2233 802 2352 856 ραις
2408 781 2581 858 τρισὶν
2669 779 3210 856 αἰχμαλωτισθέντος
3267 779 3357 834 καὶ
3416 778 3786 857 φονευθέντοςι
3833 782 3895 834 Ὀ

2234 868 2292 924 δὲ
2319 874 2425 924 τῶν
2463 871 2750 942 θαυμάτων
2784 870 2937 942 Θεὸς,
2971 871 2998 924 6
3030 869 3203 924 πάντα
3261 867 3413 942 μόνῳ
3460 872 3540 940 τῷ
3593 868 3892 945 βούλεσθαι

2234 959 2573 1032 οἰκονομῶν,
2623 959 2712 1014 καὶ
2753 961 2852 1028 τήν
2903 957 3168 1029 τοσαύτην
3223 957 3622 1033 τροπαιουχίαν
3675 959 3763 1013 καὶ
3813 959 3897 1014 νί-

2233 1070 2332 1117 κην
2367 1046 2756 1118 ἐπευδοκήσας,
2794 1053 2892 1121 μιᾷ
2921 1048 3140 1123 γλώττῃ
3190 1051 3288 1102 τοῦ
3336 1046 3607 1123 βασιλέως
3653 1047 3743 1102 xui
3789 1050 3895 1117 τῆς

2233 1144 2486 1213 στρατιᾶς
2555 1137 2765 1206 ἀπάσης
2840 1138 2939 1206 τήν
3018 1137 3365 1212 εὐχαριστίαν
3435 1131 3599 1191 ἔλαϐε
3653 1137 3745 1191 καὶ
3794 1137 3894 1192 τὸν

2235 1226 2444 1298 ὕμνον·
2507 1223 2631 1281 ἄνευ
2706 1227 2807 1302 γὰρ
2879 1224 3192 1297 πολεμικῆς
3251 1225 3562 1299 συμμίξεως
3620 1226 3686 1281 τὸ
3756 1225 3898 1303 μέγα

2231 1320 2393 1370 τοῦτο
2423 1315 2682 1390 τρόπαιον
2725 1316 2753 1372 6
2806 1313 3061 1390 βασιλεὺς
3112 1313 3328 1386 ἔστησεν
3357 1334 3368 1347 ·
3423 1314 3562 1371 ὥστε
3589 1314 3678 1370 καὶ
3711 1316 3739 1370 ὁ
3769 1316 3902 1392 τρό-

2231 1425 2332 1466 πος
2393 1401 2515 1458 ἔνθα
2590 1404 2651 1458 τὸ
2737 1404 3180 1476 θαυμασιώτατον
3263 1399 3416 1480 ἔργον
3502 1403 3894 1481 πεπλήρωται,

2233 1491 2587 1569 ἐκληρώσατο
2633 1493 2731 1562 τήν
2780 1495 2880 1562 τῆς
2939 1491 3193 1568 εὐλογίας
3247 1491 3556 1565 ἐπωνυμίαν
3603 1495 3736 1567 (54).
3767 1499 3895 1549 Τοι-

2232 1581 2392 1643 αὐτας
2447 1582 2717 1656 ἀριστείας
2747 1582 2836 1636 καὶ
2892 1582 3041 1644 νίκας
3099 1579 3223 1637 ἄνευ
3264 1581 3578 1656 πολεμικῆς
3635 1587 3887 1638 ποιοῦσιν

2233 1671 2284 1725 oi
2333 1665 2552 1746 βεϐαίαν
2610 1668 2808 1726 ἐλπίδα
2854 1671 2942 1725 καὶ
2993 1669 3192 1740 ἀκλινῆ
3234 1671 3372 1747 πρὸς
3420 1673 3513 1726 τὸν
3563 1671 3692 1727 Θεὸν
3727 1667 3892 1747 ἔχον-

2229 1777 2358 1820 τες·
2413 1760 2611 1821 ταύτας
2663 1757 2720 1815 δέ
2767 1763 3016 1836 προξενεῖ
3067 1759 3185 1835 βίος
3229 1758 3424 1833 σεμνὸς
3471 1758 3560 1815 καὶ
3603 1759 3890 1838 θεάρεστος

2231 1847 2453 1924 ἀγωγή·
2504 1849 2562 1903 ὃν
2607 1850 2708 1924 γὰρ
2759 1848 3026 1926 εὐφραίνει
3075 1871 3180 1920 τις,
3239 1849 3329 1904 καὶ
3384 1850 3473 1904 ὑπ’
3530 1850 3696 1905 αὐτοῦ
3754 1849 3888 1906 πάν-

2231 1959 2339 1999 τως
2369 1937 2636 2015 φιλεῖται·
2693 1936 2810 2012 ἔχει
2851 1935 2907 1992 δὲ
2935 1937 3023 1992 καὶ
3055 1937 3252 2012 θάρῥος
3293 1938 3428 2014 πρὸς
3458 1938 3550 1993 τὸν
3580 1938 3845 2016 φιλοῦντα
3869 1961 3882 1974 ·

2233 2027 2260 2079 ὁ
2319 2024 2377 2081 δέ
2425 2025 2524 2080 οὐκ
2589 2025 3000 2104 ἀποστρέφεται,
3056 2025 3183 2081 οὐδέ
3261 2025 3448 2082 λυπῶν
3527 2026 3882 2102 ἀποπέμπει·

2231 2111 2388 2179 εἷ’ωθε
2447 2112 2504 2170 δὲ
2560 2115 2626 2170 τὰ
2681 2114 2890 2170 ἐναντία
2940 2122 3057 2178 τοῖς
3117 2115 3380 2178 ἐναντίοις
3416 2111 3754 2190 συμϐαίνειν.
3789 2118 3893 2172 Διά

2228 2208 2390 2257 τοῦτο
2449 2203 2537 2258 καὶ
2594 2209 2672 2275 τῷ
2723 2202 2937 2278 Ἰσραὴλ
2997 2209 3351 2280 κατορθοῦντι
3412 2205 3505 2277 μὶν
3551 2205 3680 2268 τοὺς
3709 2206 3893 2268 θείους

2229 2293 2434 2364 νόμους
2492 2294 2712 2368 ὑπῆρχε
2759 2294 2822 2348 τὸ
2869 2294 3270 2368 κατορθώματα
3326 2294 3413 2348 καὶ
3467 2293 3620 2356 νίκας
3669 2301 3848 2349 ποιεῖν
3879 2317 3895 2330 ο

2229 2381 2507 2444 ἀθετοῦντι
2555 2379 2612 2436 δὲ
2648 2382 2737 2436 καὶ
2785 2377 3170 2459 παραϐαίνοντι
3206 2382 3456 2454 τούτους,
3499 2384 3562 2439 τὸ
3609 2379 3894 2440 καταϐάλ-

2230 2467 2445 2534 λεσθαι·
2498 2469 2588 2526 ὅτε
2639 2472 2733 2545 μὲν
2783 2471 2883 2547 γὰρ
2949 2471 3040 2526 τὸν
3096 2473 3223 2527 Θεὸν
3276 2472 3532 2546 ἐξεζητει,
3577 2473 3644 2528 τὰ
3687 2474 3895 2531 τούτου

2227 2559 2593 2635 σχοινίσματα
2669 2560 2759 2615 καὶ
2828 2562 2896 2615 τὰ
2968 2560 3091 2637 ὅρια
3149 2560 3501 2634 ἐπλατύνετο,
3557 2564 3894 2639 κατάσχεσις

2225 2652 2333 2702 τῶν
2395 2647 2704 2724 ἀλλοτρίων
2755 2647 2988 2717 ἐδίδοτο,
3035 2650 3198 2728 τείχη
3249 2645 3654 2707 κατεϐάλλοντο
3703 2651 3888 2732 ἐξαίφ-

2225 2758 2340 2807 νης,
2385 2735 2576 2800 πόλεις
2634 2739 2869 2812 ἑτοίμως
2929 2738 3249 2807 ἡλίσκοντο,
3300 2739 3570 2811 συντάξεις
3627 2746 3736 2797 τῶν
3797 2741 3889 2797 ἐθ-

2224 2831 2326 2881 νῶν
2383 2827 2794 2900 συνεκόπτοντο,
2847 2828 3064 2903 χάλαζα
3106 2829 3462 2902 τινασσομένη
3513 2831 3648 2900 μετὰ
3699 2831 3884 2905 βιαίας

2227 2915 2410 2991 ῥύμης
2456 2937 2515 2970 τε
2555 2917 2645 2971 καὶ
2689 2918 2871 2993 ὁρμῆς
2936 2916 3063 2979 τοὺς
3129 2916 3432 2991 πολεμίους
3492 2913 3729 2997 ἐξεφόϐει
3788 2921 3884 2974 καί

2225 3003 2645 3082 συνετάρασσεν·
2706 3006 2868 3076 ἥλιος
2918 3005 3106 3062 ’ίστατο
3161 3011 3260 3061 τοῦ
3337 3006 3544 3083 δρόμου
3621 3008 3710 3063 xui
3774 3010 3880 3078 τὴν

2222 3093 2430 3168 ἡμέραν
2478 3101 2897 3172 παρακατεῖχεν,
2929 3095 3004 3158 εἷς
3054 3095 3300 3164 παντελῆ
3356 3094 3727 3171 ἐξολόθρευσιν
3786 3097 3883 3152 καὶ

2224 3183 2523 3260 ἀφανισμὸν
2577 3189 2684 3238 τῶν
2742 3183 2978 3259 ἐχθρῶν,
3036 3185 3216 3255 Ἰησοῦ
3272 3189 3368 3238 τοῦ
3429 3191 3578 3254 Ναυῆ
3638 3206 3877 3262 στρατη-

452 3275 777 3331 concessa?
831 3277 1210 3331 manifestum
1279 3275 1420 3331 solis
1476 3292 1840 3346 regressum,
1911 3275 1992 3330 ita
2046 3281 2104 3332 ut

2221 3279 2478 3348 γοῦντος·
2518 3275 2850 3350 τριακοσίοις
2882 3271 3105 3352 ἀνδράσι
3149 3279 3266 3336 τοῖς
3325 3272 3558 3345 κυνηδὸν
3617 3276 3722 3330 ἀπὸ
3777 3281 3883 3330 τοῦ

451 3365 817 3421 diuturniore
881 3364 1029 3420 lucis
1086 3366 1394 3436 praesentia
1450 3364 1745 3436 longiores
1815 3365 1942 3420 dies
2001 3366 2106 3422 fie-

450 3453 615 3508 rent?
668 3453 887 3509 ﬂumen
934 3471 1317 3524 suspensum,
1366 3470 1571 3526 rupem
1619 3471 1805 3525 aquas
1855 3455 2103 3510 funden-

444 3545 563 3596 tem
624 3548 1020 3615 stagnumque
1074 3544 1446 3615 gignentem;
1499 3543 1829 3599 coturnices
1873 3543 2104 3600 ccelitus

437 3632 749 3702 projectas,
774 3631 1053 3687 imbrium
1106 3633 1242 3698 ritu,
1278 3648 1350 3687 ne
1398 3631 1719 3688 israelitica
1748 3631 1914 3703 plebs
1945 3632 2102 3688 victu

437 3725 695 3790 careret;
755 3720 1122 3793 Erythraeum
1191 3738 1352 3776 mare
1415 3721 1700 3791 divisum,
1761 3722 2098 3777 Judaaorum

433 3810 659 3882 absque
676 3809 937 3882 periculo
955 3811 1302 3879 transitum;
1324 3811 1726 3882 Egyptiorum
1745 3807 2098 3883 persequen-

431 3900 580 3955 tium
615 3900 1022 3973 naufragium;
1057 3900 1239 3973 igneae
1269 3900 1558 3956 columnas
1591 3901 1885 3972 nubisque
1917 3901 2096 3956 duca-

431 3991 590 4056 tum;
627 3989 856 4061 )Egypti
903 3989 1108 4062 plagas
1143 4005 1156 4044 :
1191 3988 1452 4061 quinque
1484 3994 1540 4044 et
1585 3989 1956 4061 septuaginta
1987 3989 2095 4046 ho-

429 4077 660 4132 minum
713 4078 898 4132 turba:
959 4077 1389 4134 incrementum
1451 4081 1706 4143 tantum,
1737 4086 1798 4133 ut
1847 4077 1908 4132 in
1963 4095 2094 4134 sex-

428 4170 598 4222 centa
628 4167 959 4223 animarum
1007 4165 1213 4233 millia,
1249 4172 1424 4237 atque
1453 4166 1630 4222 etiam
1681 4167 1857 4231 ultra,
1888 4167 2089 4223 Jacobi

426 4253 609 4325 stirps
665 4254 1007 4322 excreverit;
1060 4271 1403 4325 quanquam
1458 4253 1786 4310 innumeris
1833 4255 2090 4327 adpetita

423 4342 681 4409 insidiis,
737 4347 801 4397 ut
853 4342 1092 4398 illorum
1151 4343 1399 4398 historia
1449 4341 1794 4415 singillatim
1844 4345 2084 4400 demon-

421 4433 588 4486 strat.
641 4431 904 4486 Profecto
960 4431 1059 4486 Dei
1114 4431 1419 4498 beneficia,
1451 4448 1590 4504 erga
1647 4431 1778 4488 illos
1811 4433 1911 4504 qui
1970 4433 2084 4506 legi

417 4520 548 4591 ejus
592 4521 1026 4592 obtemperant,
1059 4520 1177 4574 vim
1231 4521 1518 4576 facundiae
1568 4525 1906 4592 naturaeque
1955 4523 2082 4577 vin-

416 4613 580 4664 cunt.
605 4610 645 4664 E
669 4610 962 4665 contrario
993 4609 1032 4662 ii
1054 4610 1155 4680 qui
1187 4609 1474 4665 herilibus
1498 4608 1598 4664 Dei
1622 4610 1917 4666 mandatis
1945 4627 2078 4666 cum
2111 4631 2159 4695 Β
2190 4616 2395 4665 ποιεῖν·

415 4702 755 4770 contemptu
791 4702 1143 4770 repugnant,
1169 4698 1402 4770 magnis
1450 4697 1756 4769 suppliciis
1803 4699 2079 4754 irretiun-

411 4791 528 4858 tur,
557 4787 792 4843 rabidos
819 4786 1044 4844 scilicet
1063 4792 1488 4842 venenatorum
1520 4787 1902 4858 serpentium,
1929 4804 2082 4843 scor-

411 4876 646 4948 piorum
695 4881 752 4932 et
806 4877 1105 4949 aspidum,
1139 4893 1375 4932 morsus
1433 4877 1852 4947 experiuntur;
1913 4881 2077 4932 terras

414 4964 675 5020 hiatibus
709 4963 970 5038 absorpti
1019 4965 1250 5021 aeternis
1290 4964 1542 5020 vinculis
1573 4966 1632 5019 in
1664 4966 1955 5036 profundo
1987 4983 2078 5022 re-

415 5045 704 5116 tinentur;
766 5053 1116 5108 fulminibus
1159 5053 1606 5108 inﬂammantur
1661 5054 1799 5109 Iceni
1859 5055 1973 5110 ritu
2010 5073 2077 5110 ac

414 5141 819 5210 cinerescunt;
850 5143 1045 5198 clades
1078 5143 1366 5214 fugaeque
1406 5142 1668 5214 insignes
1701 5143 1774 5198 ab
1805 5143 2074 5200 hostibus

412 5231 848 5302 perpetiuntur;
887 5232 1060 5287 urbes
1106 5249 1246 5287 suas
1289 5248 1522 5287 eversas
1550 5231 1771 5299 vident,
1805 5249 2072 5288 necessa-

411 5319 528 5374 rios
561 5319 618 5372 in
651 5320 990 5375 servitutem
1025 5320 1284 5389 abactos,
1309 5319 1463 5375 bella
1509 5320 1702 5376 civilia
1732 5326 1787 5375 et
1817 5320 2071 5378 interne-

409 5407 627 5463 ciones.
662 5407 909 5479 Insuper
956 5408 1288 5479 pluviarum
1322 5409 1570 5480 penuria
1617 5414 1982 5476 exarescunt,
2015 5415 2074 5466 et

405 5511 680 5568 agrorum
740 5496 1050 5552 sterilitate
1107 5515 1174 5553 ac
1228 5497 1382 5553 fame
1433 5499 1850 5554 conficiuntur.
1884 5498 2069 5555 Multo

2215 3367 2467 3436 ποταμοῦ
2513 3361 2730 3436 λείψασι
2776 3363 2865 3418 xui
2907 3362 3019 3417 οἷον
3057 3364 3172 3436 μεθ’
3215 3364 3464 3437 ἁρπαγῆς
3517 3361 3762 3418 ἐκπιοῦσι
3807 3365 3878 3418 τὸ

2216 3447 2361 3526 ὕδωρ
2414 3451 2503 3505 καὶ
2557 3452 2691 3526 μετὰ
2736 3457 2833 3507 τοῦ
2883 3449 3087 3507 Γεδεὼν
3139 3452 3566 3527 εὑρισκομένοις,
3605 3453 3696 3507 καὶ
3743 3474 3876 3507 τοσ-

2217 3539 2404 3602 αύταις
2459 3537 2670 3616 ὑδρίαις
2731 3541 2808 3603 ὡς
2873 3540 3112 3617 ἀγγείοις
3184 3540 3522 3617 ὀστρακίνοις
3579 3541 3669 3596 καὶ
3721 3539 3874 3616 λαμ-

2211 3627 2340 3682 πάσι
2370 3628 2460 3684 xui
2494 3628 2771 3706 σάλπιγξι,
2806 3627 3064 3706 μυριάδες
3119 3629 3404 3704 πολεμίων
3467 3629 3833 3709 διεφθείροντο
3855 3653 3870 3664 ·

2211 3714 2432 3790 δυνάμει
2477 3739 2536 3773 τε
2587 3726 2716 3792 μιᾶς
2763 3720 2952 3795 χειρὸς
3000 3718 3051 3774 ἐν
3102 3716 3230 3774 ποδὶ
3282 3719 3517 3795 ἀρότρου
3595 3720 3869 3790 ἑξακόσιοι

2208 3802 2454 3865 ἔπιπτον.
2487 3805 2658 3862 Πάλιν
2693 3805 2751 3862 δὲ
2778 3812 2846 3882 τῇ
2877 3813 2974 3863 τοῦ
3007 3809 3250 3883 Σαμψὼν
3282 3808 3430 3885 χειρὶ
3461 3806 3552 3864 διὰ
3607 3809 3870 3885 σιαγόνος

2205 3896 2295 3950 καὶ
2351 3904 2576 3973 παρειᾶς
2638 3893 2764 3952 ὄνου
2819 3897 3220 3954 κατεκτείνοντο
3291 3896 3490 3974 χίλιοι.
3554 3897 3728 3958 Ἀλλὰ
3777 3899 3867 3963 τίς

2205 3984 2265 4040 ἂν
2317 3986 2482 4042 εἶ’πεῖν
2545 3987 2795 4061 δυνηθείη
2846 3989 2941 4050 τὰς
3009 3985 3262 4049 εὐκολίας
3309 3992 3415 4042 τῶν
3469 3987 3686 4065 χρόνων
3729 3989 3870 4044 ἐκει-

2202 4095 2343 4145 νων;
2393 4077 2488 4138 τὰς
2536 4074 2794 4150 εὐδοξίας,
2844 4078 2936 4138 τὰς
2993 4082 3100 4131 τῶν
3157 4075 3479 4150 νοσημάτων
3547 4078 3638 4134 καὶ
3697 4079 3865 4133 θανά-

2199 4184 2306 4218 των
2365 4165 2670 4243 ἀποφυγὰς,
2716 4167 2811 4228 τὰς
2869 4165 3188 4237 ἐπαυξήσεις
3240 4165 3331 4221 καὶ
3387 4169 3703 4242 προσθήκας
3747 4172 3860 4224 τῶν

2199 4252 2456 4308 ἐνιαυτῶν
2518 4254 2595 4318 είς
2650 4256 2972 4332 παρέκτασιν
3024 4257 3124 4325 τῆς
3194 4257 3378 4326 (mir;
3428 4253 3862 4330 προδηλουμένῃ

2197 4341 2364 4411 ἡλίου
2419 4343 2755 4424 ἀναστροφῇ,
2785 4344 2875 4400 καὶ
2929 4341 3144 4400 πλείονι
3202 4343 3471 4421 παρουσίᾳ
3516 4345 3698 4422 φωτὸς
3753 4366 3856 4417 μα-

2194 4431 2467 4508 κροτέρων
2518 4433 2819 4509 γινομένων
2868 4438 2976 4489 τῶν
3025 4436 3250 4510 ἡμερῶν
3279 4455 3292 4468 ο
3343 4433 3621 4502 ἀνακοπὴν
3678 4455 3850 4490 ποτα-

2198 4525 2323 4594 μοῦ,
2381 4523 2580 4599 πέτραν
2655 4521 2801 4599 ὕδωρ
2880 4518 3246 4592 ἐκϐλύζουσαν
3329 4523 3403 4584 ὡς
3487 4522 3578 4578 καὶ
3651 4520 3856 4596 λίμναν

2483 4611 2902 4688 ὐρτυγομήτραν
2984 4611 3273 4687 οὐρανόθεν
3350 4611 3854 4685 καταπεμπομένην

2191 4699 2264 4760 ὡς
2321 4699 2490 4768 ὑετὸν,
2549 4699 2638 4754 καὶ
2697 4701 2789 4755 τὸν
2851 4697 3246 4776 Ἰσραηλιτικὸν
3322 4697 3453 4755 λαὸν
3509 4699 3846 4778 τρέφουσαν·

2192 4788 2448 4862 Ἐρυθρᾶς
2496 4787 2772 4858 θαλάσσης
2819 4786 3101 4865 διαίρεσιν,
3143 4789 3232 4843 καὶ
3278 4791 3379 4858 τήν
3429 4793 3536 4843 τῶν
3573 4786 3844 4844 Ἰουδαίων

2189 4873 2309 4929 ἄνευ
2365 4873 2616 4931 κινδύνου
2671 4874 3078 4952 διαπεραίωσιν,
3134 4877 3222 4932 καὶ
3292 4878 3391 4946 τὴν
3463 4881 3571 4931 τῶν
3640 4876 3848 4952 Αίγυπτ

2186 4965 2315 5020 τίων
2373 4963 2683 5020 διωκόντων
2741 4965 3190 5020 καταπόντωσιν-
3247 4964 3448 5021 στύλου
3515 4965 3687 5042 πυρὸς
3753 4967 3844 5022 καὶ

2184 5051 2418 5131 νεφέλης
2486 5051 3001 5130 προκαθοδήγησιν·
3085 5052 3362 5128 Αἰγύπτου
3448 5051 3672 5128 πληγὰς
3751 5055 3843 5109 καὶ

2188 5144 2452 5217 μάστιγας
2479 5161 2492 5176 ·
2536 5144 2635 5212 τὴν
2684 5141 2735 5212 ἐξ
2779 5142 3080 5218 ἀνθρώπων
3109 5143 3267 5197 πέντε
3313 5141 3404 5197 καὶ
3461 5136 3841 5215 ἐϐδομήκοντα

2184 5229 2424 5285 ἐπίδοσιν
2455 5233 2543 5285 καί
2575 5228 2840 5306 διαδοχὴν
2896 5231 3030 5304 μετᾶ
3078 5230 3348 5302 πλήθους,
3380 5235 3477 5286 τοῦ
3519 5231 3729 5308 γένους,
3763 5232 3838 5294 ὡς

2182 5320 2259 5381 είς
2315 5320 2588 5390 ἑξακοσίας
2647 5317 2909 5395 χιλιάδας
2976 5318 3066 5375 xui
3142 5320 3389 5376 ἐπέκεινα
3471 5327 3836 5397 προχωρῆσαι

2179 5408 2346 5476 αὐτὴν
2397 5408 2456 5464 ἐκ
2497 5412 2594 5478 τῆς
2642 5409 2798 5486 ῥίζης
2846 5414 2944 5464 τοῦ
2975 5405 3201 5465 Ἰακώϐ·
3252 5410 3342 5465 καὶ
3399 5415 3570 5465 ταῦτα
3620 5409 3838 5487 μυρίαις

2178 5497 2680 5574 περικυκλουμὲνου
2731 5494 3071 5572 ἐπιϐουλαῖς,
3106 5500 3179 5561 ὡς
3225 5500 3363 5556 κατὰ
3413 5498 3577 5576 μέρος
3626 5502 3662 5572 ἡ
3711 5519 3835 5577 περ.

480 5677 591 5754 (54)
623 5676 670 5732 ΙΙ
698 5675 948 5750 Paralip.
979 5693 1069 5748 xx,
1102 5677 1172 5731 26
1198 5692 1208 5733 :
1240 5679 1687 5750 Vocaveruntque
1718 5678 1898 5736 locum
1928 5679 2092 5736 illum
2127 5680 2336 5738 Vallem
2366 5680 2777 5738 Benedictionis
2803 5696 2976 5754 usque
3002 5681 3065 5736 in
3087 5688 3424 5754 praesentem
3455 5680 3624 5740 diem.
