4154 6434
312 386 437 451 653

1580 336 1585 340 ’
1644 386 1749 447 DE
1788 384 2025 447 REGIS
2071 384 2430 449 oramus.

3625 389 3744 451 654

314 517 492 574 αὐτῶν
549 516 763 594 ἱστορία
818 514 1034 588 δηλοῖ.
1094 518 1301 579 Ὄντως
1356 518 1413 571 αἱ
1482 517 1628 593 παρά
1680 520 1779 572 τοῦ
1836 519 1970 571 Θεοῦ

2090 533 2224 573 vero
2255 519 2445 592 magis
2470 519 2690 576 eisdem
2720 523 2889 577 nocet
2935 520 3217 593 pestilens
3266 536 3383 589 aer,
3446 524 3502 578 et
3556 521 3742 579 malo-

315 606 617 685 εὐεργεσίαι
669 606 748 669 εἷς
795 604 925 669 τοὺς
975 603 1344 683 φυλάσσοντας
1387 606 1486 665 τὰς
1545 606 1710 661 αὐτοῦ
1758 604 1981 667 ἐντολὰς

313 699 506 752 νικῶσι
548 696 639 752 xui
691 693 895 771 λόγους
942 695 1034 750 καὶ
1085 695 1295 773 φύσεως
1349 692 1595 768 δύναμιν
1649 693 1830 770 ὥσπερ
1876 695 1980 749 πά-

314 783 404 841 λιν
465 785 517 840 οἳ
597 784 985 862 ἐκτρεπόμενοι
1064 784 1170 839 ἀπὸ
1242 789 1351 839 τῶν
1412 780 1742 839 δεσποτικῶν
1822 783 1979 847 θείων

314 876 659 952 προστάξεων
693 920 708 947 ,
770 872 862 929 xui
917 874 1324 951 καταφρονηταὶ
1394 873 1603 928 τούτων
1658 872 1980 949 γινόμενοι,

320 963 583 1040 μεγάλοις
659 961 859 1025 δεινοῖς
935 962 1291 1039 περιέπιπτον
1324 985 1335 996 ·
1396 960 1658 1039 χολέραις
1720 959 1981 1032 δηλονότι

313 1053 404 1109 καὶ
433 1053 696 1128 τρώσεσιν
730 1047 970 1108 ἰοϐόλων
1017 1048 1218 1130 ὄφεων,
1268 1051 1543 1127 σκορπίων
1592 1072 1652 1107 τε
1695 1051 1785 1106 καὶ
1817 1048 1977 1105 ἀσπί-

312 1141 446 1198 δων·
479 1140 628 1199 ἀλλὰ
663 1141 753 1198 καὶ
801 1141 909 1196 ἀπὸ
960 1144 1198 1215 σεισμῶν
1250 1148 1357 1217 γῆς
1405 1141 1709 1217 συγχώσεις
1756 1138 1848 1194 καὶ
1897 1136 1980 1194 δε-

310 1229 485 1305 σμοὺς
541 1228 805 1309 ἀφίκτους
851 1228 906 1285 ἐν
962 1224 1224 1292 ἀϐύσσοις
1284 1228 1574 1304 ὑπέμενον,
1623 1227 1715 1284 καὶ
1761 1226 1976 1305 ἐμπρη-

309 1318 486 1392 σμοὺς
543 1319 653 1375 ἀπὸ
710 1323 985 1396 κεραυνῶν
1067 1315 1382 1397 φλογώδεις
1455 1318 1546 1373 καὶ
1623 1317 1979 1396 ἐκτεφρώσεις

307 1404 468 1480 δίκην
526 1412 817 1485 κονιορτοῦ
851 1451 866 1477 ,
919 1409 1126 1483 τροπὰς
1186 1407 1238 1479 ἐξ
1292 1406 1544 1484 ἐχθρῶν,
1602 1407 1693 1462 καὶ
1744 1407 1978 1468 πτώσεις

307 1491 768 1570 διαϐεϐοημένας·
824 1492 903 1552 ἔτι
959 1493 1017 1551 δὲ
1047 1494 1264 1551 πόλεων
1319 1494 1697 1571 ἐκπορθήσεις,
1749 1499 1857 1550 τῶν
1892 1496 1975 1550 oi-

304 1586 467 1642 κείων
527 1581 1006 1663 ἀνδραποδισμοὺς
1059 1585 1151 1640 καὶ
1205 1584 1508 1661 ἀπαγωγὰς
1564 1584 1655 1639 καὶ
1709 1580 1976 1640 καταδου-

307 1672 508 1738 λώσεις
544 1720 558 1747 ,
619 1671 924 1752 ἐμφυλίους
1003 1672 1183 1750 μάχας
1248 1694 1309 1728 τε
1376 1675 1467 1728 καὶ
1520 1674 1728 1752 σφαγάς
1761 1695 1775 1708 ⁸
1834 1671 1975 1749 πρὸς

304 1762 528 1825 τούτοις
597 1757 930 1841 ἀνομϐρίαις
1001 1762 1449 1839 κατεξηραίνοντο
1485 1807 1499 1834 ,
1556 1763 1647 1818 xui
1725 1761 1974 1840 ἀφορίαις

2092 623 2223 663 rum
2245 608 2561 680 spirituum
2584 608 2868 666 molestias
2889 609 3063 666 modo
3094 608 3596 682 strangulantium
3618 627 3747 667 mo-

2093 698 2166 753 do
2187 697 2356 755 aliter
2384 698 2881 767 excruciantium;
2916 698 3078 772 lepra.
3104 698 3513 772 paralysisque
3559 716 3782 757 memn

2092 787 2355 854 brorum,
2377 787 2670 845 viscerum
2694 788 3036 861 putredines
3067 804 3134 844 ac
3160 787 3566 859 lacerationes,
3618 804 3751 845 acu-

2090 875 2458 933 tissimorum
2481 876 2737 950 denique
2767 876 3038 933 dolorum
3066 877 3365 933 cumulus.
3397 879 3748 950 Quanquam

2091 964 2226 1036 quis
2257 966 2496 1021 demum
2527 970 2869 1038 percenseat
2894 969 3367 1039 contemptorum
3406 965 3511 1023 Dei
3541 981 3748 1039 poenas

2089 1058 2264 1126 atque
2295 1053 2588 1127 supplicia
2615 1058 2674 1110 et
2701 1054 2948 1112 diversis
2976 1054 3346 1129 temporibus
3390 1052 3615 1112 exitia?
3641 1052 3749 1110 Ge-

2087 1143 2357 1215 teroquin
2390 1160 2517 1216 quae
2549 1147 2683 1216 post
2738 1143 2919 1215 hujus
2972 1143 3102 1199 vitas
3160 1143 3382 1200 exitum
3424 1145 3751 1216 supersunt

2087 1231 2408 1305 ergastula,
2466 1248 2535 1288 ea
2586 1232 2772 1289 multo
2830 1232 3128 1307 praedictis
3184 1232 3376 1305 pmnis
3406 1231 3749 1290 molestiora

2088 1321 2333 1391 scimus,
2367 1325 2660 1395 quatenus
2709 1321 2995 1378 nimirum
3044 1326 3327 1395 perpetua
3384 1325 3526 1379 sunt
3573 1324 3748 1394 atque

2085 1409 2348 1467 immotis
2376 1410 2651 1467 claustris
2700 1411 2998 1468 conclusa.
3043 1411 3192 1467 Nam
3244 1411 3305 1466 in
3361 1409 3478 1468 ista
3506 1411 3746 1467 demum

2085 1500 2410 1556 aeternitate
2453 1516 2759 1556 summum
2817 1500 3043 1556 malum
3097 1503 3386 1557 versatur.
3443 1498 3621 1571 Atqui
3673 1498 3748 1556 ad

2084 1592 2300 1644 aeterna
2328 1587 2466 1645 illuc
2522 1588 2841 1662 ergastula,
2902 1588 2965 1644 hi
3022 1588 3123 1662 qui
3178 1588 3238 1645 in
3292 1591 3581 1662 prasente
3627 1587 3751 1645 vita

2083 1692 2200 1732 non
2231 1675 3042 1749 resipiscunt,amandantur,
3072 1674 3446 1733 intoleranda
3494 1674 3748 1749 ignomi-

2083 1764 2181 1821 nia
2209 1765 2422 1821 obruti.
2455 1765 2670 1821 Contra
2700 1765 2741 1819 ii
2773 1764 2877 1837 qui
2906 1765 2979 1821 ad
3010 1769 3194 1821 Deum
3224 1764 3550 1838 respiciunt
3570 1780 3744 1821 suos-

306 1856 536 1928 καρπῶν
570 1898 585 1926 ,
644 1852 733 1907 καὶ
812 1851 1004 1925 λιμοῖς
1060 1854 1428 1922 κατετήκοντο
1464 1869 1476 1882 ·
1538 1848 1856 1916 συνέθλιϐον
1913 1850 1972 1907 δὲ

2086 1870 2194 1927 que
2219 1857 2386 1911 actus
2414 1858 2474 1911 et
2525 1854 2912 1927 cogitationes
2960 1870 3156 1910 coram
3206 1853 3308 1910 illo
3351 1857 3734 1926 componunt,

316 1939 535 2014 μᾶλλον
580 1940 772 2003 αὐτοὺς
815 1941 906 1996 καὶ
956 1941 1128 2017 ἀέρων
1179 1941 1399 2019 φθοραὶ,
1429 1940 1481 2013 ἐξ
1513 1941 1587 1995 ὧν
1636 1941 1726 1996 xui
1759 1940 1973 2016 λοιμώ-

315 2027 430 2093 δεις
488 2028 867 2086 ἀποτίκτονται
927 2030 1078 2086 νόσοι
1151 2030 1242 2086 καὶ
1303 2024 1583 2105 συντριϐαὶ
1654 2035 1922 2105 σωμάτων
1956 2079 1970 2106 ,

316 2117 616 2194 δαιμονίων
681 2119 772 2175 xui
861 2124 1117 2195 πονηρῶν
1193 2118 1517 2192 πνευμάτων
1595 2116 1977 2196 διενοχλήσεις

313 2208 527 2279 ἐπίεζον
585 2206 778 2272 δεινῶς
826 2208 1244 2285 ἀποπνιγόντων
1291 2229 1351 2264 τε
1386 2208 1477 2264 καὶ
1527 2204 1970 2285 στρεϐλούντωψ

311 2296 508 2376 λέπραι
568 2298 660 2354 καὶ
719 2298 902 2375 ἀργίαι
966 2297 1172 2372 μελῶν,
1232 2295 1563 2374 σπλάγχνων
1633 2299 1825 2373 σήψεις
1883 2300 1974 2355 καὶ

306 2382 633 2465 διαϐρώσεις
666 2433 680 2460 ,
739 2388 829 2443 καὶ
890 2384 1075 2443 ὀδύναι
1156 2387 1292 2460 μετὰ
1358 2385 1579 2457 πολλῆς
1638 2384 1973 2464 δριμύτητος

301 2475 672 2549 πλήττουσαι,
736 2474 918 2551 ὥσπερ
981 2476 1124 2549 ὁμοῦ
1183 2472 1606 2550 συνδραμοῦσαι.
1666 2474 1845 2531 Ἀλλὰ
1888 2476 1972 2539 τίς

302 2564 363 2621 ἂν
394 2562 655 2635 δυνηθείη
692 2564 1020 2638 ἀπαριθμεῖν
1071 2568 1179 2619 τῶν
1228 2570 1654 2643 καταφρονητῶν
1697 2569 1831 2621 Θεοῦ
1879 2566 1974 2627 τὰς

298 2653 497 2717 ποινάς
554 2674 617 2709 τε
677 2653 767 2708 καὶ
822 2652 1094 2727 τιμωρίας
1129 2699 1143 2726 ,
1202 2653 1292 2708 xui
1343 2652 1472 2715 τοὺς
1530 2653 1667 2708 κατὰ
1722 2655 1971 2727 καιρικὰς

301 2741 594 2820 περιόδους
642 2741 979 2821 ἆφανισμούς
1013 2762 1027 2813 ;
1057 2743 1134 2797 Τὰ
1182 2739 1241 2797 δὲ
1294 2743 1429 2816 μετά
1473 2743 1573 2811 τήν
1619 2746 1719 2797 τοῦ
1766 2742 1969 2819 παρόν-

306 2854 402 2896 τος
437 2832 561 2908 βίου
589 2830 854 2901 τελευτὴν
896 2829 1258 2909 δικαιωτήρια
1306 2830 1359 2886 ἐν
1403 2835 1481 2904 τῷ
1521 2828 1785 2904 μέλλοντι
1837 2834 1974 2888 κατὰ

309 2920 456 2976 πολὺ
504 2925 617 2977 τῶν
670 2919 981 2995 εἰρημένων
1034 2920 1139 2976 eici
1196 2918 1562 2996 λυπηρότερον
1622 2919 1735 2994 ὅσῳ
1776 2921 1866 2976 καὶ
1908 2922 1972 2977 τὸ

316 3002 564 3081 διηνεκὲς
619 3010 710 3066 καὶ
773 3008 1003 3085 μόνιμον
1061 3009 1151 3065 καὶ
1205 3009 1476 3064 ἄπαυστον
1538 3004 1750 3085 ἔχουσι’
1808 3014 1971 3066 τοῦτο

2080 1942 2191 1999 hoc
2222 1942 2458 2014 quidem
2492 1942 2553 1997 in
2584 1943 2724 1999 orbe
2742 1942 2978 2015 vitaque
3000 1941 3321 1999 laudantur
3348 1942 3422 2000 ab
3455 1941 3738 1999 omnibus

2084 2048 2150 2089 ac
2181 2031 2601 2104 suspiciuntur,
2624 2046 2915 2103 nemoque
2935 2035 3025 2087 est
3053 2030 3157 2103 qui
3186 2031 3260 2087 de
3308 2030 3427 2087 illis
3456 2030 3741 2088 honoriﬁ-

2085 2137 2214 2178 cam
2271 2121 2892 2179 commemorationem
2947 2136 3067 2176 non
3124 2119 3335 2190 faciat;
3382 2120 3742 2178 conscientia

2084 2210 2339 2283 denique
2371 2214 2526 2267 recte
2554 2210 2843 2266 factorum
2873 2226 3096 2282 speque
3138 2208 3425 2267 mercedis
3473 2209 3741 2267 animum

2083 2304 2343 2357 erectum
2371 2298 2690 2371 laetumque
2719 2302 2953 2371 gerunt.
2984 2298 3133 2355 Nam
3188 2297 3449 2357 coelestia
3501 2298 3745 2371 quidem

2084 2388 2594 2463 supermundialia
2626 2388 2867 2461 praamia
2883 2404 3154 2460 quaenam
3175 2386 3380 2461 lingua
3398 2387 3709 2461 eloquetur
3722 2387 3751 2443 ?

2085 2479 2220 2553 quis
2250 2477 2458 2535 oculus
2488 2476 2680 2533 vidit?
2728 2493 3001 2543 quaenam
3042 2477 3204 2534 auris
3261 2476 3502 2546 audivit,
3557 2476 3649 2534 vel
3685 2477 3748 2532 in

2085 2569 2398 2640 cujusnam
2433 2566 2695 2623 hominis
2727 2582 2828 2623 cor
2857 2566 3269 2622 ascenderunt.
3297 2565 3749 2639 Incomprehen-

2083 2656 2274 2715 sibilis
2300 2661 2391 2713 est
2419 2655 2604 2712 cuivis
2631 2654 2884 2723 homini,
2907 2658 3145 2727 propter
3164 2671 3336 2713 suam
3383 2653 3747 2728 magnitudi-

2084 2762 2241 2813 nem,
2274 2749 2479 2819 parata
2507 2744 2627 2800 illis
2657 2732 2979 2811 beatitudo,
3010 2743 3311 2815 splendor,
3340 2743 3648 2816 gaudium,
3679 2746 3740 2799 et

2082 2835 2289 2910 gloria,
2322 2834 2422 2907 qui
2455 2839 2640 2889 Deum
2686 2836 2807 2889 toto
2855 2848 2926 2889 ex
2980 2832 3177 2889 animo
3225 2831 3502 2906 diligunt.
3542 2831 3740 2905 Siquis

2083 2941 2220 2999 ergo
2251 2927 2478 2981 tantam
2511 2921 2857 2996 dignitatem
2915 2920 3450 2995 excelsitatemque,
3482 2924 3740 2979 tantam-

2082 3031 2196 3087 que
2227 3014 2517 3070 bonorum
2544 3010 2773 3084 copiam
2804 3014 3042 3084 propter
3067 3010 3310 3067 insanas
3332 3011 3621 3083 quasdam
3637 3025 3741 3068 cu-

317 3100 425 3175 γάρ
481 3098 592 3154 ἐστι
647 3099 710 3154 τὸ
763 3099 1060 3155 κάκιστον·
1118 3097 1347 3161 ἐκείνοις
1394 3099 1498 3173 γὰρ
1553 3103 1673 3161 τοῖς
1730 3098 1974 3163 αἰωνίοις

2086 3103 2360 3176 piditates
2394 3100 2802 3172 desideriaque
2824 3098 3029 3171 abjicit
3052 3116 3066 3168 ;
3091 3098 3479 3172 vicissimque
3524 3098 3743 3173 gravis-

308 3184 700 3263 κολαστηρίοις
731 3189 783 3243 οἱ
825 3188 904 3262 μὴ
935 3187 987 3243 ἐν
1036 3190 1106 3261 τῇ
1154 3186 1401 3264 παρούσῃ
1453 3191 1566 3262 ζωῇ
1620 3186 1973 3268 ἐπιστρέφον-

2086 3193 2299 3251 simam
2358 3188 2748 3264 ignominiam
2807 3192 2867 3245 et
2922 3188 3180 3245 dedecus
3235 3204 3373 3247 cum
3428 3186 3745 3246 intoleran-

308 3298 399 3340 τες
469 3276 922 3353 παραπέμπονται
958 3322 974 3349 ,
1033 3277 1451 3350 ἀνυπομόνητον
1527 3280 1628 3349 τήν
1701 3278 1968 3355 αἰσχύνην

2086 3282 2177 3339 dis
2230 3280 2534 3337 doloribus
2590 3277 2704 3334 sibi
2762 3276 3005 3350 deligit;
3063 3293 3260 3334 nonne
3316 3276 3413 3333 hic
3441 3292 3744 3335 summam

308 3365 708 3443 κληρούμενοι·
742 3367 794 3421 οἱ
844 3364 903 3422 δέ
948 3387 1013 3442 γε
1058 3367 1196 3443 πρὸς
1241 3366 1334 3422 τὸν
1366 3366 1566 3444 Κύριον
1621 3363 1971 3425 ἀποϐλέπον-

2086 3387 2251 3429 suam
2282 3368 2598 3427 stultitiam
2630 3365 3108 3438 clementiamque
3136 3366 3551 3424 demonstrat?

303 3476 416 3530 τες,
477 3456 569 3511 καὶ
622 3456 720 3519 τὰς
780 3456 983 3511 ἑαυτῶν
1039 3455 1261 3531 πράξεις
1314 3455 1406 3511 καὶ
1458 3457 1529 3511 τὰ
1584 3453 1929 3533 διανοήματα
1982 3456 2288 3537 ἔμπροσθεν
2340 3455 2579 3520 τιθέντες
2636 3453 2822 3526 αὐτοῦ,
2881 3452 2932 3507 ἐν
2996 3453 3091 3528 μὲν
3149 3457 3229 3526 τῷ
3274 3452 3469 3528 κόσμῳ
3494 3454 3585 3509 καὶ
3631 3458 3741 3527 τῷ·

304 3542 364 3602 δε
388 3549 469 3618 τῷ
524 3545 632 3621 βίῳ
689 3541 879 3620 ἔχουσι
935 3546 1000 3601 τὸ
1054 3545 1201 3622 παρὰ
1256 3545 1473 3601 πάντων
1533 3545 1861 3611 ἐπαινεῖσθαί
1916 3569 1975 3604 τε
2030 3550 2121 3604 καὶ
2178 3546 2563 3621 θαυμάζεσθαι,
2619 3544 2683 3599 τὸ
2735 3542 2787 3598 ἐν
2815 3547 2936 3605 ταῖς
2991 3541 3289 3621 εὐφημίαις
3337 3544 3560 3618 μνήμην
3593 3540 3740 3620 ἔχειν

302 3630 394 3689 διὰ
446 3634 670 3706 παντὸς,
728 3635 793 3689 τὸ
848 3635 985 3689 κατὰ
1035 3638 1163 3689 νοῦν
1222 3634 1554 3713 εὐφροσύνην
1609 3634 1756 3711 ἔχειν
1817 3637 1907 3692 καὶ
1953 3635 2157 3708 ἡδονὴν
2193 3682 2208 3708 ,
2269 3636 2321 3709 ἐξ
2381 3634 2556 3690 αὐτῶν
2612 3636 2721 3688 τῶν
2780 3627 2956 3708 ἔργων
3008 3632 3082 3686 ῶν
3131 3632 3429 3708 πράττουσι
3458 3678 3476 3707 ,
3533 3632 3625 3687 καὶ
3682 3631 3743 3687 ἐκ

296 3725 404 3791 τῆς
461 3720 690 3785 ἐλπίδος
744 3726 850 3777 τῶν
911 3717 1182 3798 αμοιϐῶν.
1244 3722 1391 3778 Δύτὰ
1440 3720 1499 3778 δὲ
1548 3725 1616 3778 τὰ
1674 3723 2015 3799 ὑπερκόσμια
2068 3723 2159 3781 xui
2218 3723 2415 3779 αἰώνια
2465 3717 2675 3776 ἔπαθλα
2728 3719 2859 3775 ποία
2912 3717 3136 3797 γλῶσσα
3203 3719 3418 3797 ίσγύσει
3469 3718 3747 3795 διηγήσα-

301 3813 477 3881 σθαι;
538 3817 709 3875 1Ιοῖος
770 3811 1056 3891 ὀφθαλμὸς
1115 3811 1366 3867 ἐθεάσατο
1417 3832 1431 3882 ;
1490 3818 1657 3868 Ποῖον
1716 3813 1810 3875 οὖς
1862 3811 2092 3883 ἤκουσεν
2146 3834 2159 3884 ;
2221 3812 2310 3868 ἐπὶ
2361 3810 2509 3874 τίνος
2580 3810 2867 3887 ἀνθρώπου
2945 3806 3170 3885 καρδίαν
3227 3803 3392 3878 ἀνέϐη
3441 3828 3455 3878 ;
3513 3808 3744 3866 Ἀκατά-

302 3898 522 3973 ληπτός
578 3900 721 3957 ἐστιν
778 3900 1050 3978 ἀνθρώπῳ
1101 3901 1261 3957 παντὶ
1321 3899 1410 3956 διὰ
1465 3903 1565 3971 τήν
1627 3897 1937 3976 ὑπερϐολὴν
1996 3905 2032 3973 ἡ
2092 3902 2496 3980 εὐτρεπισθεῖσα
2549 3898 2852 3961 ἀπόλαυσις
2900 3903 3021 3961 τοῖς
3092 3898 3144 3969 ἐξ
3203 3897 3342 3968 ὅλης
3405 3900 3592 3974 ψυχῆς
3649 3899 3742 3953 τὸν

303 3989 439 4045 Θεὸν
495 3989 827 4065 ἀγαπήσασι,
883 3990 975 4045 καὶ
1032 3991 1067 4059 ἠ
1130 3988 1480 4066 λαμπρότης,
1535 3990 1625 4045 καὶ
1681 3993 1717 4060 ἡ
1777 3989 2101 4068 ἀγαλλίασις
2156 3992 2248 4047 xui
2297 3993 2333 4061 ἡ
2366 3987 2511 4060 δόξα.
2572 3990 2629 4043 Ὀ
2685 3988 2863 4044 τοίνυν
2919 3986 3189 4056 τοσαύτην
3245 3984 3484 4058 εὐδοξίαν
3530 3986 3623 4042 xui
3652 3986 3744 4042 εῦ-

206 4091 214 4097 ’
301 4077 514 4149 κλειαν,
567 4078 661 4133 καὶ
717 4078 993 4134 τοσούτων
1052 4079 1262 4155 ἀγαθῶν
1319 4077 1533 4148 πλῆθος
1589 4077 1916 4135 ἀποδιώκων
1976 4077 2066 4135 διὰ
2127 4080 2356 4154 ματαίαν
2393 4076 2682 4152 ἐπιθυμίαν
2741 4077 2831 4132 xui
2890 4070 3083 4152 ὄρεξιν,
3114 4076 3215 4145 τήν
3275 4072 3334 4130 δὲ
3383 4072 3585 4145 διπλῆν
3617 4073 3745 4130 ἀδο-

303 4167 425 4239 ξίαν
482 4166 572 4221 καὶ
624 4167 845 4241 ἀτιμίαν
906 4167 1043 4243 μετά
1094 4171 1204 4223 τῶν
1252 4167 1589 4223 ἀνυποίστων
1660 4166 1941 4245 ὀδυνηρῶν
2000 4168 2214 4225 ἐκείνων
2272 4162 2689 4242 ἀντιλαμϐάνων
2728 4210 2742 4238 ,
2800 4163 2979 4237 πόσης
3037 4162 3269 4241 ἀλογίας
3341 4164 3433 4220 καὶ
3507 4164 3746 4243 ἀφροσύ-

297 4275 409 4326 νης
438 4254 676 4332 κρίνεται
708 4252 854 4327 ἄξιος
890 4275 905 4327 ;

384 4345 470 4420 ιγ’.
504 4344 694 4400 Καίτοι
724 4366 786 4422 γε
838 4343 1032 4401 πλεῖον
1091 4345 1307 4423 εὑρήσει
1363 4367 1448 4409 τις
1504 4344 1558 4401 ἐν
1606 4350 1687 4419 τῶ
1744 4345 1972 4423 παρόντι

2151 4348 2301 4406 ΧΙΙΙ.
2336 4349 2451 4404 Rex
2478 4350 2668 4405 caveat
2694 4363 2732 4403 a
2760 4347 2913 4402 mala
2966 4347 3141 4418 fama.
3210 4344 3362 4410 Quin
3417 4344 3563 4401 adeo
3611 4344 3747 4403 vitae

304 4432 423 4510 βίῳ
450 4433 513 4488 τὸ
540 4431 806 4506 ἀνήδονον
829 4438 930 4490 τοῦ
979 4436 1349 4508 νομιζομένου
1397 4432 1583 4509 ἡδέος,
1631 4434 1756 4490 ὅταν
1789 4436 1817 4489 ὁ
1846 4439 1975 4498 νοῦς

2086 4455 2320 4511 quoque
2333 4438 2512 4509 hujus
2528 4435 2710 4492 multo
2727 4434 3218 4492 abundantiorem
3238 4432 3542 4490 tristitiam
3564 4450 3746 4506 quam

302 4522 418 4577 ἀπὸ
460 4527 568 4601 τῶν
627 4524 816 4579 παθῶν
868 4521 1080 4600 ἀχλύος
1128 4523 1431 4601 καθαρεύσῃ
1486 4528 1670 4587 ποσῶς
1699 4526 1831 4600 (55),
1882 4524 1974 4580 καὶ

301 4610 555 4689 γνωρίσῃ
622 4612 814 4669 ἑαυτὸν
873 4611 925 4668 ἐν
973 4617 1094 4676 τοῖς
1152 4611 1458 4690 ῥυπάςμασι
1513 4614 1604 4668 καὶ
1664 4612 1973 4688 μολυσμοῖς

300 4699 776 4776 κατακυλιόμενον
826 4707 929 4771 τῆς
981 4699 1258 4775 ἐμπαθοῦς
1318 4700 1622 4777 ἀσελγείας,
1680 4703 1771 4756 καὶ
1831 4702 1978 4777 παρὰ

300 4791 421 4844 τῶν
471 4786 743 4844 πλειύνων
803 4788 880 4851 εἰς
930 4791 1230 4867 παροιμίαν
1287 4791 1370 4862 τὸ,
1430 4792 1522 4853 Ὗς
1580 4790 1631 4845 ἐν
1695 4786 1975 4868 βορϐόρῳ,

302 4877 742 4955 περισυρόμενον
799 4877 891 4932 xui
948 4876 1397 4955 καταγελώμενον
1440 4923 1454 4936 .
1517 4880 1862 4953 Γινώσκομεν
1919 4878 1979 4935 δὲ

303 4965 407 5021 τὸν
467 4964 871 5044 κεκρατημένον
951 4965 1003 5022 ἐν
1062 4973 1179 5031 τοῖς
1253 4969 1528 5030 τοιούτοις
1606 4968 1979 5024 ὑποπτεύοντα

303 5054 632 5131 προχείρως
661 5054 793 5118 τοὺς
828 5056 904 5128 μὴ
953 5053 1237 5118 τοιούτους
1294 5056 1481 5128 αὐτοῦ,
1537 5057 1628 5112 xui
1680 5056 1824 5112 οὕτω
1879 5058 1979 5125 τήν

301 5145 486 5214 κακὴν
531 5144 734 5217 ταύτην
789 5144 1021 5219 ὑποψίαν
1068 5144 1362 5218 αὐξάνοντα
1395 5167 1407 5181 ·
1461 5146 1596 5201 ποτέ
1646 5146 1740 5219 μὲν
1788 5145 1979 5217 ἐξαπα-

300 5234 556 5308 τώμενον
615 5233 668 5305 ἐξ
724 5234 982 5296 ἀπονοίας
1032 5233 1325 5311 ἀλογίστου
1383 5235 1474 5290 xui
1534 5232 1787 5313 ἀφρονος,
1846 5236 1982 5291 ποτε

302 5321 373 5379 δὲ
400 5323 492 5378 καὶ
524 5324 586 5379 ἐκ
642 5321 858 5394 ψευδῶν
918 5322 1102 5399 λόγων
1158 5322 1210 5393 ἐξ
1262 5322 1517 5387 ὑπονοίας
1572 5328 1737 5380 τινῶν
1787 5324 1979 5401 βασκά-

246 5468 261 5488 ,
301 5433 423 5471 νων
456 5414 855 5490 παρασυρέντα·
908 5409 1063 5467 οὐδὲν
1109 5413 1211 5490 γὰρ
1262 5412 1436 5476 οὕτως
1489 5412 1699 5489 ἀνοίγει
1747 5414 1848 5483 τὴν
1880 5434 1982 5468 πα-

310 5498 589 5583 ρείοδυσιν
644 5500 1184 5581 τῆςρσυκοφαντίας,
1244 5501 1321 5566 ὡς
1379 5504 1415 5573 ἡ
1471 5504 1572 5573 τῆς
1620 5498 1980 5578 συνειδήσεως

397 5681 514 5759 (55)
541 5681 633 5741 Ita
662 5682 793 5742 cod.

2085 4527 2435 4583 suavitatem
2465 4540 2784 4600 agnoscere
2840 4522 3060 4596 licebit,
3123 4523 3173 4579 si
3231 4523 3468 4595 quando
3511 4523 3748 4578 animus

2086 4615 2388 4688 paulisper
2440 4612 2951 4687 perturbationum
3007 4611 3320 4685 caliginem
3379 4611 3747 4680 absterserit,

2086 4720 2267 4776 seque
2288 4704 2347 4759 in
2370 4701 2741 4775 sterquilinio
2772 4700 3166 4772 sordibusque
3214 4705 3546 4757 versantem
3575 4716 3752 4773 agno-

2085 4794 2233 4850 verit
2279 4793 2525 4849 luxurias
2550 4790 3019 4864 intemperantis,
3080 4789 3459 4863 derisumque
3489 4793 3547 4846 et
3574 4805 3749 4863 expo-

2087 4884 2271 4940 situm
2302 4883 2387 4937 illi
2412 4881 2571 4953 vulgi
2603 4880 2929 4953 proverbio,
2962 4879 3076 4936 Sus
3104 4879 3165 4935 in
3223 4895 3410 4935 caeno.
3456 4879 3610 4936 Sane
3639 4896 3751 4935 no-

2086 4973 2281 5028 vimus
2310 4971 2479 5029 facile
2511 4970 2772 5026 accidere
2799 4973 2864 5025 ut
2909 4968 3010 5041 qui
3067 4968 3413 5038 hujusmodi
3455 4967 3753 5025 illecebris

2088 5062 2325 5119 deditus
2356 5061 2552 5127 fuerit,
2588 5060 2659 5116 de
2690 5057 2822 5115 aliis
2854 5074 3089 5130 quoque
3121 5057 3221 5130 qui
3253 5057 3425 5114 aliter
3451 5057 3653 5114 vivunt
3668 5057 3754 5114 in-

2084 5151 2312 5223 juriose
2342 5149 2714 5222 suspicetur;
2749 5151 2927 5219 atque
2957 5146 3041 5202 ita
3096 5145 3317 5202 malam
3366 5145 3758 5207 existimatio-

2092 5256 2226 5296 nem
2251 5237 2595 5311 propagari:
2631 5241 2691 5293 et
2719 5237 2893 5293 modo
2925 5235 3164 5308 quidem
3197 5250 3402 5309 reapse
3450 5235 3755 5292 hominem

2092 5326 2409 5400 fragilitate
2453 5325 2691 5398 propria
2736 5323 3063 5395 vitioseque
3120 5324 3317 5380 animo
3372 5323 3527 5392 labi;
3580 5325 3755 5381 modo

2090 5420 2288 5473 tamen
2321 5415 2486 5472 falsis
2528 5414 2708 5470 etiam
2757 5412 3098 5469 rumoribus
3151 5412 3448 5470 immerito
3503 5413 3756 5471 traduci.

2092 5503 2252 5565 Nihil
2265 5503 2422 5562 enim
2451 5506 2757 5578 tantopere
2784 5501 2942 5559 viam
2976 5500 3288 5561 calumniis
3311 5503 3544 5577 sternit,
3575 5518 3757 5579 quam
