4154 6452
498 411 615 470 655

1757 402 2180 464 NICEPHORI
2225 402 2665 466 BLEMMIDIE

3804 413 3934 474 656

498 540 878 615 praejudicata
906 539 1181 594 vitiorum
1209 537 1582 592 conscientia.
1615 535 1830 590 Verum
1889 534 1987 590 ille
2030 552 2127 590 rex

2265 531 2352 588 έπὶ
2409 541 2524 596 τοῖς
2578 541 2766 600 κακοῖς
2825 537 3287 614 προκατάγνωσις.
3351 537 3507 596 Ἀλλ’
3565 541 3594 596 6
3641 541 3928 618 βασιλεὺς,

499 632 600 703 qui
626 647 807 686 vanas
837 628 1188 701 cupiditates
1233 628 1394 681 freno
1445 630 1685 691 coercet,
1746 629 1925 696 caput
1973 641 2149 680 suum

499 724 833 778 constanter
863 720 921 773 in
953 717 1161 773 coelum
1193 731 1381 788 usque
1413 715 1712 770 sublatum
1771 718 1951 778 tenet,
2003 731 2149 768 suae-

499 827 614 882 que
643 809 946 882 dignitatis
977 810 1034 864 et
1065 806 1263 876 gloriae
1294 803 1704 859 celsitudinem
1749 803 2148 873 splendorem-

500 917 616 972 que
645 896 1070 968 contemplans,
1105 895 1448 949 mendacem
1507 891 1772 964 quemvis
1805 907 2147 946 sermuncu-

499 988 623 1044 lum
645 988 808 1044 ﬂocci
839 986 996 1053 facit,
1029 984 1207 1040 nullis
1256 982 1594 1038 scurrilium
1624 981 1931 1035 hominum
1973 980 2148 1051 nugis

499 1095 701 1135 aurem
751 1077 987 1150 praebet,
1034 1074 1171 1146 quia
1214 1071 1359 1127 nihil
1393 1072 1454 1126 in
1485 1087 1547 1125 se
1578 1069 2029 1142 reprehensione
2060 1069 2150 1123 di-

497 1185 682 1241 gnum
735 1165 1019 1238 agnoscit.
1067 1162 1250 1218 Sicuti
1294 1160 1451 1215 enim
1484 1159 1580 1214 ille
1628 1157 1728 1230 qui
1765 1159 2149 1229 vituperanda

494 1273 673 1330 opera
699 1259 942 1324 exercet,
975 1269 1044 1309 ex
1100 1249 1414 1322 semetipso
1469 1247 1857 1320 ignominiam
1908 1246 2144 1314 haurit;

493 1347 578 1404 ita
602 1345 704 1418 qui
722 1342 1096 1402 laudabiliter
1123 1340 1283 1405 vivit,
1308 1341 1433 1409 jam
1468 1338 1591 1408 ipse
1624 1353 1726 1408 per
1783 1353 1845 1391 se
1893 1335 2144 1390 honora-

496 1437 762 1492 tissimus
783 1438 892 1502 est,
917 1432 1148 1489 etiamsi
1178 1446 1314 1484 eum
1345 1427 1602 1482 sexcenti
1665 1425 1863 1480 stultis
1899 1424 2143 1479 maledi-

493 1526 602 1582 ctis
624 1527 980 1597 oppugnent.
1001 1520 1164 1586 Quod
1195 1520 1244 1573 si
1268 1519 1412 1573 forte
1442 1521 1608 1572 actus
1645 1514 1861 1586 aliquis
1906 1513 2146 1568 damna-

493 1615 629 1672 bilis
660 1613 853 1683 t'uerit,
887 1612 935 1666 is
966 1609 1172 1666 sedulo
1225 1606 1607 1677 corrigendus
1665 1608 1788 1668 est;
1840 1603 2144 1673 multoque

493 1704 821 1776 impensius
851 1717 1030 1773 quam
1064 1695 1312 1770 {Egyptii
1330 1694 1615 1758 solebant,
1650 1693 1805 1764 apud
1839 1708 1985 1763 quos
2015 1691 2142 1746 ani-

491 1809 722 1850 marum
756 1789 1134 1864 purgationes
1171 1786 1231 1840 in
1261 1799 1421 1839 more
1453 1783 1656 1854 positae
1685 1786 1872 1837 erant.
1904 1780 2004 1834 Sin
2039 1779 2142 1833 ali-

491 1888 581 1940 ter
600 1899 693 1939 res
721 1882 818 1948 sit,
851 1877 1230 1935 maledictum
1263 1873 1501 1946 quidem
1551 1888 1655 1927 ceu
1715 1870 2002 1928 furiosum
2036 1868 2141 1923 ali-
2171 1913 2220 1978 B

491 1989 669 2045 quem
718 1968 1162 2041 despiciendum
1208 1980 1357 2030 esse,
1415 1967 1582 2016 vetus
1642 1959 1995 2030 sapiensque
2051 1957 2143 2012 lex

490 2066 708 2118 monet.
742 2060 890 2117 Nam
923 2056 1022 2130 qui
1050 2055 1202 2116 clam
1233 2057 1407 2124 atque
1437 2052 1496 2105 in
1541 2048 1774 2121 angulis
1823 2047 2138 2116 maledicit,

483 2151 630 2207 nihil
657 2151 708 2205 ei
730 2147 962 2204 nocebit
982 2145 1082 2218 qui
1115 2144 1186 2198 ab
1213 2140 1488 2198 omnibus
1541 2156 1658 2193 uno
1711 2155 1808 2192 ore
1839 2136 2136 2191 laudatur.

482 2240 647 2304 Quod
678 2239 727 2294 si
761 2238 906 2293 forte
929 2234 1095 2290 dolor
1113 2232 1326 2302 aliquis
1359 2228 1626 2284 maledici
1660 2226 1921 2296 linguam
1956 2227 2134 2294 acuit,

484 2346 626 2385 sane
655 2326 888 2400 expedit
919 2325 1002 2380 rei
1059 2321 1315 2378 radicem
1374 2317 1754 2373 exscindere:
1817 2333 1931 2386 quo
1980 2315 2133 2369 facto

479 2435 718 2492 germen
743 2430 977 2490 quoque
1007 2426 1340 2469 exarescere
1373 2423 1541 2463 nemo
1595 2423 1710 2460 non
1767 2404 2007 2459 videbit.
2040 2404 2133 2458 Sic

475 2509 634 2565 enim
663 2524 725 2564 se
756 2505 941 2578 gessit
982 2501 1290 2572 Philippus
1332 2514 1451 2552 rex.
1485 2496 1630 2551 Nam
1663 2511 1798 2552 cum
1827 2493 2132 2549 Parmenio

477 2599 630 2670 apud
678 2613 814 2653 eum
875 2596 1178 2650 accusaret
1221 2588 1568 2643 Nicanorem
1628 2583 1747 2654 regi
1784 2582 2132 2638 maledicere

474 2687 736 2754 solitum,
761 2683 1067 2754 Philippus
1089 2680 1168 2735 rei
1201 2693 1440 2733 causam
1483 2677 1754 2730 accurate
1782 2672 2088 2744 vestigavit
2113 2688 2125 2725 :

472 2791 728 2848 cumque
775 2773 1158 2842 comperisset
1186 2767 1530 2822 Nicanorem
1577 2765 1836 2835 egestate
1866 2777 1933 2816 ac
1977 2761 2130 2816 fame

473 2865 682 2938 premi,
716 2864 908 2919 lautas
938 2859 1176 2916 divitias
1203 2857 1264 2911 in
1299 2853 1652 2910 maledicum
1703 2849 1998 2914 contulit;
2026 2849 2128 2922 qui

471 2955 680 3010 deinde
697 2949 978 3009 laudandi
1001 2945 1432 3016 extollendique
1453 2939 1842 2997 benefactoris
1873 2939 1966 2995 sui
1989 2939 2127 2995 nul-

466 3043 594 3100 lum
641 3043 818 3098 ﬁnem
849 3038 1132 3096 faciebat:
1167 3052 1284 3106 qua
1330 3051 1392 3088 re
1423 3031 1658 3103 cognita
1687 3045 1808 3100 rex,
1842 3045 1945 3100 per
1975 3046 2125 3100 prae-

471 3148 677 3189 conem
701 3130 848 3187 edici
871 3127 1104 3202 publice
1123 3125 1184 3180 in
1210 3123 1432 3178 ditione
1455 3137 1563 3178 sua
1581 3118 1764 3190 jussit
1789 3136 1802 3186 ;
1837 3118 2123 3176 nimirum

469 3221 764 3296 principes
794 3223 924 3274 tum
947 3216 1189 3272 laudum
1211 3217 1341 3268 tum
1363 3211 1542 3266 etiam
1573 3207 2020 3264 maledictorum
2043 3207 2120 3264 si-

2260 623 2608 724 αὗτοκράτωρ
2666 631 2773 681 τῶν
2849 625 3158 704 ἀλογίστων
3236 630 3446 705 ὁρμῶν,
3505 631 3605 700 τήν
3673 633 3929 712 κεφαλήν

2260 710 2375 788 ἔχει
2433 712 2828 790 ἐστηριγμένην
2885 717 2938 772 ἐν
2997 716 3230 794 ούρανῷ·
3295 718 3383 774 καὶ
3441 719 3504 774 τὸ
3555 710 3927 794 ὑψηλὸν-τῆς

2261 802 2451 857 ἑαυτοῦ
2533 813 2702 876 τιμῆς
2773 805 2864 860 καὶ
2939 805 3109 879 ἀξίας,
3170 807 3261 862 καὶ
3331 807 3724 884 λαμπρότητος
3787 811 3926 888 βλέ-

2258 912 2414 963 πων,
2467 895 2664 956 παντὸς
2707 892 2878 967 ψευδῆ
2930 896 3020 950 καὶ
3079 895 3278 969 μάταια
3322 896 3604 972 λέγοντος,
3656 897 3924 974 οὐδαμῶς

2258 979 2649 1058 έπιστρέφεταν
2699 983 2877 1054 πάσης
2935 983 3199 1062 φλυαρίας
3251 983 3499 1049 οὐδόλως
3549 987 3754 1062 ἀκούει,
3806 1013 3926 1063 μη-

2258 1069 2613 1145 δὲνέπίψογον
2690 1073 2972 1146 γινώσκων
3049 1073 3125 1135 εἰς
3196 1074 3381 1130 έαυτόν
3420 1097 3433 1110 ο
3489 1075 3638 1153 ὥπερ
3713 1079 3822 1155 γὰρ
3890 1081 3924 1136 6

2254 1160 2321 1213 τὰ
2369 1167 2469 1228 τῆς
2525 1156 2732 1235 ὕϐρεως
2786 1159 2919 1237 ἔργα
2973 1162 3223 1236 πράττων
3285 1164 3373 1242 ἀφ’
3431 1165 3623 1220 ἑαυτοῦ
3679 1163 3797 1244 ἔχει
3853 1170 3926 1226 τὸ

2258 1247 2478 1321 ἄτιμον,
2511 1249 2684 1312 οὕτως
2717 1251 2745 1303 6
2791 1251 2860 1305 τά
2907 1250 3128 1306 ἐπαίνου
3179 1250 3300 1323 ἄξια
3346 1258 3518 1309 ποιῶν
3556 1251 3768 1319 οἴκοθέν
3802 1257 3925 1313 ἐστι

2255 1338 2636 1411 τιμιώτατος,
2693 1339 2790 1394 κᾶν
2846 1340 3032 1417 μυρίοι
3097 1341 3338 1415 ματαίως
3413 1339 3734 1418 ἐξυϐρίζωσι
3797 1349 3924 1402 κατ’

2255 1427 2440 1481 αὐτοῦ.
2499 1427 2560 1481 Εἰ
2625 1428 2720 1500 μὲν
2773 1429 2836 1483 τὸ
2895 1426 3050 1506 ἔργον
3105 1432 3496 1506 καταγνώσεώς
3546 1431 3687 1490 ἐστιν
3743 1435 3920 1510 ἄξιον,

2254 1515 2616 1588 ἐπιμελητέον
2689 1517 2833 1592 πάσῃ
2917 1517 3126 1594 σπουδῇ
3213 1518 3606 1596 διορθώσασθαι
3691 1529 3857 1580 τοῦτο
3903 1546 3919 1560 ·

2253 1602 2452 1676 πολλῷ
2485 1603 2698 1677 μᾶλλον
2752 1608 2880 1683 παρ’
2911 1608 2940 1662 ’ὀ
2973 1608 3286 1684 Αἰγύπτιοι,
3336 1611 3454 1665 καθ’
3484 1610 3579 1674 οὕς
3621 1612 3772 1688 εἶχον
3805 1615 3921 1672 ἀπὸ

2253 1693 2538 1762 συνηθείας
2611 1700 2786 1750 ποιεῖν
2858 1696 3170 1775 καθαρμοὺς
3229 1703 3336 1753 τῶν
3393 1702 3588 1775 ψυχῶν
3866 1703 3919 1759 εἰ

2253 1779 2299 1868 δ’
2331 1781 2444 1853 οὖν,
2490 1781 2617 1838 ἀλλ’
2648 1785 2675 1838 6
2725 1784 2984 1862 φλυαρων
3031 1787 3107 1848 ὡς
3165 1787 3491 1861 μαινόμενος
3539 1789 3688 1860 ἄξιος
3735 1811 3918 1868 παρα-

2253 1867 2566 1934 ϐλέπεσθαι·
2615 1872 2822 1949 ἀρχαία
2865 1873 2956 1930 καὶ
3003 1879 3265 1953 νουνεχής
3316 1876 3429 1932 ἐστι
3475 1883 3637 1934 τνῦτο
3681 1867 3912 1954 νομοθεσ-

2253 1960 2356 2046 σῖα·
2411 1959 2565 2016 οὐδὲν
2609 1963 2712 2038 γὰρ
2756 1961 3010 2038 βλάψειεν
3060 1965 3088 2019 6
3132 1965 3182 2021 ἐν
3227 1962 3558 2041 παραϐύστῳ
3605 1967 3697 2024 καὶ
3742 1971 3916 2046 γωνίᾳ

2254 2043 2492 2123 ὑϐρίζων
2565 2049 2658 2104 τὸν
2737 2050 2841 2104 ὑπὸ
2899 2051 3114 2107 πάντων
3159 2054 3234 2116 ὡς
3312 2055 3400 2132 ἀφ’
3463 2054 3579 2118 ἐνὸς
3635 2043 3912 2130 στόματος

2249 2136 2656 2210 ἐπαινούμενον.
2691 2139 2753 2192 Εἰ
2787 2137 2833 2192 δ⁶
2879 2137 3010 2203 ἴσως
3056 2142 3146 2197 καὶ
3197 2141 3344 2212 λύπη
3397 2165 3477 2206 τις
3527 2146 3628 2214 τήν
3676 2147 3780 2202 ἀπὸ
3811 2151 3916 2203 τοῦ

2251 2222 2566 2301 ὑϐρίζοντος
2616 2225 2896 2304 λοιδορίαν
2953 2229 3206 2304 ἐγέννησε
3239 2278 3252 2302 ,
3329 2231 3476 2306 ἄξιον
3529 2232 3756 2308 ἐκκόψαι
3810 2238 3918 2306 τήν

2248 2315 2417 2390 ῥίζαν.
2476 2317 2564 2370 καὶ
2615 2323 2719 2371 πᾶς
2767 2339 2849 2379 τις
2898 2318 2956 2372 ἂν
3010 2317 3116 2375 ἷ⁷δοι
3174 2320 3387 2396 ταχέως
3441 2326 3916 2398 συναπομαραινό-

2248 2425 2408 2476 μενον
2431 2405 2518 2458 καὶ
2557 2406 2620 2459 τὸ
2659 2404 2970 2480 βλάστημα.
3015 2411 3242 2481 Ὅμοιον
3292 2411 3396 2487 γὰρ
3444 2412 3533 2466 καὶ
3567 2413 3595 2466 6
3650 2412 3912 2488 βασιλεὺς

2244 2493 2466 2566 ἐποίησε
2523 2493 2824 2558 Φίλιππος’
2877 2496 2993 2552 ἐπεὶ
3052 2499 3156 2574 γὰρ
3213 2500 3243 2554 6
3291 2500 3614 2576 Παρμενίων
3661 2505 3912 2580 κατήγο-

2244 2602 2336 2657 ρος
2367 2581 2568 2658 ἐγένετο
2618 2583 2753 2658 πρὸς
2801 2584 2959 2639 αὑτὸν
3011 2585 3086 2647 ὡς
3136 2586 3164 2640 6
3195 2589 3448 2665 Νικάνωρ
3497 2584 3742 2667 ἐξύϐρισε
3786 2595 3912 2649 κατ’

2240 2672 2426 2745 αὐτοῦ,
2459 2667 2700 2749 ἀκριϐῶς
2733 2675 2761 2727 6
2793 2672 3074 2738 Φίλιππος
3125 2675 3519 2756 ἀνεψηλάφησε
3557 2681 3656 2749 τήν
3699 2681 3906 2738 αἰτίαν·

2237 2761 2327 2816 καὶ
2356 2763 2456 2830 τὴν
2503 2766 2602 2817 τοῦ
2659 2761 2973 2840 Νικάνωρος
3013 2763 3120 2819 ἀπὸ
3180 2763 3350 2839 λιμοῦ
3398 2763 3602 2826 ἔνδειαν
3647 2769 3738 2826 καὶ
3781 2773 3906 2829 στέο

2239 2870 2395 2926 ρησιν
2455 2851 2731 2925 εὑρηκὼς,
2789 2849 3018 2927 εὔπορον
3078 2853 3167 2909 καὶ
3221 2853 3487 2912 πλούσιον
3544 2857 3638 2914 τὸν
3698 2857 3908 2940 δυσφη-

2241 2944 2446 3012 μοῦντα
2499 2937 2772 3012 ἀπέδειξεν
2803 2984 2816 2998 .
2871 2942 2928 2994 Ὁ
2981 2939 3040 2996 δὲ
3109 2938 3294 2999 ἔκτοτε
3350 2945 3451 3000 οὑκ
3519 2944 3748 3004 ἐπαύετο
3801 2937 3902 3007 τὸν

2237 3029 2520 3104 εὐεργέτην
2591 3030 2976 3103 ἀποσεμνύνων
3047 3032 3138 3086 καὶ
3219 3033 3510 3104 ἐκθειάζων
3567 3055 3582 3070 ο
3661 3038 3908 3111 μαθόντα

2236 3115 2298 3207 δέ
2347 3123 2512 3173 τοῦτο
2551 3120 2655 3207 τον
2721 3117 2968 3192 βασιλέα,
3029 3123 3242 3198 κήρυκα
3298 3121 3512 3197 πέμψαι
3564 3125 3654 3181 καὶ
3700 3123 3904 3207 διαφη-

2239 3205 2391 3280 μίσαι
2421 3208 2511 3262 καὶ
2545 3205 2714 3278 δῆλον
2767 3216 2994 3279 ποιῆσαι
3035 3210 3174 3287 πρὸς
3222 3213 3460 3276 ἅπαντας
3507 3213 3636 3278 τοὺς
3684 3217 3776 3272 ὑπ’
3805 3205 3903 3275 αὖ·

468 3283 654 3367 bimet
681 3311 949 3365 auctores
979 3305 1124 3360 ﬁeri.
1170 3303 1438 3372 Namque
1492 3297 1837 3353 Nicanorem
1868 3313 2120 3369 egenum

2241 3298 2344 3367 τὸν,
2405 3297 2490 3351 ὃτι
2547 3297 2600 3351 οἱ
2649 3293 2914 3373 ἄρχοντές
2969 3299 3101 3354 εἰσιν
3159 3297 3326 3356 αἴτιοι
3383 3301 3594 3366 ἑαυτοῖς
3641 3305 3732 3361 καὶ
3787 3312 3901 3364 τῶν

470 3404 646 3472 atque
675 3395 1012 3454 famelicum
1043 3391 1343 3449 beneﬁciis
1386 3387 1698 3444 cumulans
1744 3403 1814 3442 ex
1842 3386 2127 3442 obtrecta-

469 3496 596 3546 tore
615 3483 1116 3546 ferventissimum
1136 3480 1502 3536 laudatorem
1525 3476 1618 3532 sui
1649 3476 1939 3531 eﬁ‘ecerat.
1962 3475 2124 3540 Quod

443 3579 520 3652 {si
552 3578 701 3634 forte
729 3573 1067 3648 improbum
1125 3567 1348 3641 aliquid
1407 3567 1479 3622 ad
1519 3565 1676 3637 regis
1733 3581 1905 3620 aures
1953 3565 2124 3620 deve-

473 3669 616 3736 niat,
675 3683 783 3739 par
837 3667 927 3720 est
984 3663 1054 3717 de
1111 3658 1213 3715 illo
1269 3655 1697 3728 diligentiorem
1746 3653 2128 3725 quaestionem

469 3757 739 3825 institui;
796 3768 976 3826 reque
1033 3751 1351 3822 comperta,
1435 3747 1772 3818 peccantem
1841 3743 2129 3815 corrigere

469 3850 697 3920 oportet
723 3862 841 3902 non
871 3841 1273 3907 inclementer,
1305 3838 1372 3891 ut
1399 3850 1472 3891 ne
1504 3849 1678 3906 poena
1724 3831 2000 3888 meritum
2029 3848 2128 3888 ex-

468 3919 654 3994 cedat.
687 3936 750 3992 Id
806 3933 964 3990 enim
1019 3929 1108 3986 vel
1159 3925 1412 3982 maxime
1466 3939 1663 3995 regem
1719 3923 1903 3977 decet.
1955 3919 2126 3976 Multi

467 4027 626 4082 enim
645 4023 927 4098 injuriam
957 4019 1264 4094 patiuntur
1283 4015 1356 4070 ab
1387 4011 1792 4070 accusantium
1816 4009 2125 4066 fraudibus

467 4121 526 4174 et
555 4112 926 4178 commentis,
957 4111 1102 4166 dum
1161 4103 1604 4162 mendaciorum
1660 4101 1901 4156 obtentu
1939 4099 2124 4170 judex

461 4193 1004 4278 decipiturzveluti
1053 4198 1093 4252 ii
1143 4195 1245 4268 qui
1295 4209 1487 4265 neque
1542 4189 1899 4263 explorando
1932 4205 2122 4260 neque

465 4294 624 4368 lydio
655 4292 849 4364 lapide
895 4289 1149 4346 colorem
1191 4301 1349 4340 mneo
1399 4279 1638 4337 metallo
1689 4281 1980 4368 deterunt,
2017 4279 2118 4335 fal-

464 4367 670 4439 luntur
699 4396 852 4453 saepe
894 4383 1070 4451 atque
1125 4372 1517 4430 adulterinam
1579 4368 1887 4425 materiam
1930 4367 2120 4424 instar

463 4472 591 4529 auri
622 4473 930 4544 reputant:
967 4463 1232 4522 nonnulli
1263 4461 1440 4518 etiam
1495 4457 1849 4516 vilissimum
1897 4459 2116 4514 vitrum

462 4577 708 4636 gemmae
766 4557 962 4614 nitida-
1020 4553 1406 4627 pretiosaque
1481 4547 1608 4636 loco
1676 4545 1914 4612 habent,
1975 4545 2117 4618 quia

2236 3384 2465 3440 ἐπαίνων
2514 3385 2603 3440 καὶ
2632 3390 2740 3472 τῷν
2789 3385 3083 3464 λοιδοριῶν
3134 3391 3268 3464 (57)·
3321 3391 3616 3463 εύποιήσας
3665 3394 3770 3472 γὰρ
3809 3397 3906 3453 τὸν

2235 3475 2544 3550 Νικάνωρα,
2606 3471 2803 3538 ἐνδεῶς
2858 3472 3079 3552 ἔχοντα,
3137 3478 3213 3540 ὠς
3271 3476 3505 3556 εἴρηται,
3548 3481 3640 3538 καὶ
3686 3471 3906 3558 λιμώτ-

2234 3584 2396 3618 τοντα
2427 3609 2443 3637 ,
2501 3563 2591 3618 καὶ
2659 3560 2750 3618 διὰ
2815 3570 2974 3621 τοῦτο
3051 3563 3440 3646 δυσφημοῦντα
3485 3613 3501 3642 ,
3563 3573 3904 3649 θερμότατον

2239 3652 2522 3722 ἐπαινέτην
2573 3654 2707 3725 μετὰ
2746 3658 2909 3709 τοῦτο
2966 3655 3264 3726 πεποίηκεν
3327 3659 3540 3718 ἑαυτοῦ.
3571 3661 3637 3716 Εἰ
3683 3658 3734 3716 δ’
3763 3660 3901 3729 ἴσως

2235 3740 2476 3817 πονηρόν
2540 3740 2650 3796 ἐστι
2703 3743 2766 3796 τὸ
2820 3739 3309 3820 διαγγελλόμενον,
3368 3747 3518 3818 ἄξιον
3581 3747 3901 3826 ἐξακριϐοῦ-

2237 3831 2356 3884 σθαι
2423 3830 2513 3885 καὶ
2591 3829 2862 3907 διερευνᾷν
2941 3832 3073 3889 αὐτὸ
3149 3833 3388 3909 μάλιστα
3436 3856 3450 3870 ⁸
3511 3839 3602 3894 καὶ
3659 3848 3903 3920 φανεροῦ

2233 3923 2330 3974 τοῦ
2385 3919 2749 3994 τολμήματος
2787 3920 3098 4008 γινομένου,
3150 3926 3502 4003 σωφρονίζειν
3563 3929 3700 4002 μετᾶ
3757 3950 3907 4008 χρη-

2235 4008 2498 4078 στότητος
2535 4009 2625 4064 καὶ
2658 4009 2758 4064 οὐκ
2787 4007 2888 4083 ἔξω
2911 4015 3010 4066 τοῦ
3057 4011 3360 4088 πρέποντος
3392 4015 3524 4092 ὅρου
3567 4016 3660 4072 τὸν
3709 4007 3910 4095 πλήμ-

2236 4096 2552 4169 μελήσαντα
2584 4119 2597 4133 ·
2657 4097 2775 4153 ἐπεὶ
2830 4103 2993 4155 τοῦτο
3059 4101 3269 4176 κόσμος
3342 4103 3453 4160 ἐστὶ
3529 4101 3908 4185 διαφερόντως

2229 4187 2450 4262 πρέπων
2504 4191 2584 4260 τῷ
2645 4185 2861 4263 βασιλεῖ
2891 4235 2905 4249 .
2965 4187 3182 4246 Πολλοὶ
3239 4189 3298 4248 δὲ
3353 4193 3679 4252 πεπόνθασιν
3732 4194 3904 4256 ἄδικα

2228 4277 2376 4352 παρὰ
2402 4280 2510 4331 τῶν
2545 4271 2972 4333 ὑποϐαλλόντων
3021 4277 3370 4358 ῥᾳδιουργίας
3397 4285 3488 4338 καὶ
3538 4281 3901 4360 δυλιότητας,

2225 4369 2294 4440 τῇ
2323 4370 2420 4421 τοῦ
2458 4363 2689 4439 ψεύδους
2743 4366 3064 4442 ἐπικαλύψει
3112 4369 3474 4446 ἀπατωμένου
3520 4377 3619 4429 τοῦ
3671 4376 3901 4452 κρίνον-

2223 4474 2340 4518 τοςο
2370 4455 2550 4530 ὥσπερ
2583 4457 2636 4510 οἱ
2669 4457 2744 4530 μὴ
2793 4461 2862 4531 τῇ
2917 4459 3132 4533 βασάνῳ
3169 4460 3261 4516 καὶ
3310 4465 3380 4536 τῇ
3431 4459 3594 4536 λυδίᾳ
3640 4463 3782 4538 λίθῳ
3823 4467 3901 4523 τὰ

2227 4544 2330 4600 ὑπὸ
2386 4551 2486 4615 τῆς
2531 4549 2630 4599 τοῦ
2677 4543 2894 4620 χαλκοῦ
2955 4547 3132 4626 βαφῆς
3182 4545 3612 4628 παρατρίϐοντες
3649 4574 3900 4611 κατασο-

461 4633 702 4722 spurius
733 4646 1001 4704 videlicet
1050 4644 1397 4711 fucatusque
1455 4635 1614 4692 color
1653 4635 1844 4690 visum
1877 4639 2112 4706 pertur-

2241 4633 2469 4712 ρίζονται
2503 4633 2797 4706 πολλάκις,
2847 4635 2937 4691 καὶ
2987 4638 3086 4708 τὴν
3135 4641 3528 4714 νενοθευμένην
3576 4640 3715 4715 ὕλην
3757 4665 3900 4722 φαν-

457 4721 580 4806 bat,
611 4736 696 4794 vel
743 4736 1116 4807 inexpertum
1164 4730 1414 4784 fortasse
1467 4725 1557 4781 vel
1610 4723 1976 4779 incuriosum
2021 4721 2113 4778 vel

457 4827 636 4882 etiam
692 4823 1034 4880 inﬁrmitate
1091 4818 1290 4890 aliqua
1366 4815 1752 4871 laborantem.
1833 4810 2117 4868 Similiter

459 4915 830 4972 mendacium
892 4911 1090 4968 dolose
1145 4908 1460 4978 objectum,
1538 4902 1842 4975 perturbat
1890 4899 2113 4972 judicis

456 5008 736 5076 mentem,
769 5001 857 5058 vel
887 5000 1026 5074 quia
1069 4999 1120 5054 is
1167 4995 1480 5068 imperitus
1534 4997 1643 5058 est,
1704 4989 1793 5046 vel
1844 4991 1985 5062 quia
2015 5007 2110 5045 so-

453 5095 707 5150 corditer
759 5088 1204 5164 vestigationem
1253 5083 1490 5150 omittit,
1547 5081 1636 5137 vel
1668 5079 1807 5152 quia
1857 5079 2110 5150 denique

456 5183 542 5238 ira
570 5187 900 5239 commotus
930 5183 1021 5234 est
1067 5178 1138 5232 ob
1191 5172 1368 5230 delati
1425 5170 1690 5226 criminis
1719 5169 2105 5224 atrocitatem.

451 5271 614 5336 Quod
648 5273 698 5328 si
718 5270 838 5340 ille,
872 5268 974 5340 qui
1005 5283 1142 5323 reus
1171 5261 1489 5336 peragitur,
1537 5258 1768 5330 jamdiu
1797 5262 2106 5330 suspectus

451 5449 456 5454 ν
523 5431 636 5500 (56)
667 5430 820 5484 Num
854 5426 1300 5498 intelligendum
1333 5426 1424 5500 est
1452 5419 1787 5500 animarum
1814 5418 2103 5500 judicium

450 5490 631 5574 quod,
667 5501 836 5556 nobis
895 5490 1117 5570 passim
1175 5495 1376 5568 papyri
1453 5491 1776 5548 exhibent?
1833 5490 2107 5614 SCorpora

450 5575 689 5614 nnfﬂnm
731 5571 1021 5614 /F‘.ovntinn
1081 5567 1404 5614 smniaﬂime
1463 5578 1712 5614 nuraare
1766 5577 1829 5614 SO
1860 5561 1992 5614 itOS.
2025 5560 2105 5614 ait

493 5575 692 5650 utdem
723 5560 1021 5650 [Egypttips
1081 5560 1404 5650 saepissime
1461 5578 1712 5650 purgare
1766 5560 2105 5650 selitos‘,‘ait

500 5645 738 5701 iodorus
769 5633 920 5714 178:)
951 5641 1057 5714 De,
1088 5633 1304 5714 animae
1339 5633 1790 5714 purgationibus
1819 5633 2104 5714 legendus

447 5720 537 5775 est
565 5703 920 5789 Porphyrius
950 5715 1009 5769 in
1029 5703 1362 5780 Sententiis,
1393 5703 1524 5764 tum
1555 5707 1732 5764 etiam
1763 5703 1824 5760 in
1855 5703 2104 5778 epistola

2221 4725 2470 4792 τάζονται
2519 4723 2594 4786 ὡς
2644 4724 2868 4800 χρυσόν⁸
2921 4726 3066 4790 τινες
3123 4725 3180 4783 δὲ
3236 4730 3328 4784 καὶ
3385 4727 3686 4806 οὗδαμινὴν
3721 4731 3897 4790 ’ὐελον

2227 4807 2676 4886 ὑπολαμϐάνουσι
2709 4813 2863 4878 λίθον
2906 4815 3093 4888 τιμίαν
3137 4817 3228 4873 καὶ
3267 4820 3528 4895 καθαράν,
3576 4825 3675 4876 τοῦ
3721 4821 3896 4879 νόθου

2221 4901 2311 4955 καὶ
2372 4900 2692 4979 ἐξωτερικοῦ
2757 4904 3058 4978 χρώματος
3133 4907 3232 4976 τὴν
3293 4909 3494 4985 ὁρατήν
3549 4908 3892 4987 συγχέοντος

2223 4988 2471 5064 δύναμιν,
2533 4991 2569 5061 ἢ
2624 4993 2700 5066 μὴ
2759 4993 3180 5070 πεπειραμένην,
3238 4995 3274 5066 ἢ
3331 4998 3408 5071 μὴ
3449 4999 3897 5076 περιεργασαμέ-

2219 5101 2336 5152 νην,
2447 5079 2535 5135 καὶ
2587 5080 2960 5158 ἀσθενεστέραν
3014 5082 3146 5146 ἴσως
3198 5084 3300 5140 ὑπό
3345 5107 3494 5148 τινος
3538 5085 3744 5152 πάθους
3795 5109 3897 5164 γε-

2218 5169 2525 5243 γενημένην
2587 5188 2600 5200 ·
2660 5167 2803 5224 οὕτω
2875 5167 2942 5240 δὴ
3016 5172 3106 5227 καὶ
3182 5169 3378 5246 ψεῦδος
3459 5176 3887 5234 κατασκευασθὲν

2223 5258 2357 5331 μετᾶ
2390 5260 2668 5332 μηχανῆς,
2713 5258 2936 5334 συγχέει
2989 5261 3079 5314 τὸν
3115 5259 3402 5338 λογισμὸν,
3441 5265 3478 5334 ἢ
3507 5261 3578 5319 δι’
3607 5265 3886 5344 ἀπειρίαν,

2215 5421 2289 5476 ad
2317 5417 2651 5475 Marcellam
2684 5437 2718 5474 a
2747 5436 2840 5476 me
2870 5421 3183 5479 Mediolani
3211 5425 3390 5482 edita.

2285 5492 2399 5563 (57)
2427 5491 2575 5568 [iege
2605 5490 2988 5568 Plutarchum
3042 5495 3308 5568 Apophth.
3368 5497 3462 5554 ed.
3496 5498 3695 5556 Reisk.
3728 5502 3883 5558 tom.

2213 5562 2313 5647 Y1,
2343 5562 2399 5635 ρ.
2433 5562 2695 5647 776,“ᾳυί
2749 5567 2947 5647 tamen
3005 5562 3407 5626 accusatorem
3465 5570 3607 5627 dicit
3651 5569 3878 5644 Smicy-

2213 5634 2393 5708 thum,
2424 5649 2540 5690 non
2551 5634 3002 5694 Parmenionem.

3613 6315 3684 6354 ,ιὶὲ
3711 6315 3844 6350 ’⁷”“·ἐιείέ
3863 6315 3878 6346 ἑ
3903 6319 3946 6352 ."~

3617 6355 3630 6376 ἔκ
3701 6341 3940 6376 βάλ’-ἔλεκέ
4023 6365 4030 6368 -

3613 6379 3630 6408 ⁵.
3651 6375 3728 6414 ἐεξῖ
3853 6373 3896 6400 "-
3955 6365 3996 6398 ’κ
4023 6383 4054 6404 ά..
