  <div class='ocr_page' id='page_1' title='image "/cluster/home/n/w/nwhite01/storage/ocr_20150623/142/coo.31924054870476/336.png"; bbox 0 0 4154 6416; ppageno 0'>
   <div class='ocr_carea' id='block_1_1' title="bbox 244 407 360 472">
    <p class='ocr_par' dir='ltr' id='par_1_1' title="bbox 244 407 360 472">
     <span class='ocr_line' id='line_1_1' title="bbox 244 407 360 472; baseline -0.034 0"><span class='ocrx_word' id='word_1_1' title='bbox 244 407 360 472; x_wconf 77' lang='grc'>65⁸7</span> 
     </span>
    </p>
   </div>
   <div class='ocr_carea' id='block_1_2' title="bbox 1100 402 2808 468">
    <p class='ocr_par' dir='ltr' id='par_1_2' title="bbox 1100 402 2808 468">
     <span class='ocr_line' id='line_1_2' title="bbox 1100 402 2808 468; baseline -0.003 0"><span class='ocrx_word' id='word_1_2' title='bbox 1100 407 1206 468; x_wconf 84' lang='lat' dir='ltr'><strong>DE</strong></span> <span class='ocrx_word' id='word_1_3' title='bbox 1249 404 1482 468; x_wconf 83' lang='lat' dir='ltr'><strong>REGIS</strong></span> <span class='ocrx_word' id='word_1_4' title='bbox 1528 402 1884 467; x_wconf 84' lang='lat' dir='ltr'>OFFlCIIS.</span> <span class='ocrx_word' id='word_1_5' title='bbox 1917 437 1994 450; x_wconf 92' lang='lat'>-—</span> <span class='ocrx_word' id='word_1_6' title='bbox 2021 403 2334 466; x_wconf 80' lang='lat' dir='ltr'>TEXTUS</span> <span class='ocrx_word' id='word_1_7' title='bbox 2383 402 2808 466; x_wconf 84' lang='lat' dir='ltr'>GENUINUS.</span> 
     </span>
    </p>
   </div>
   <div class='ocr_carea' id='block_1_3' title="bbox 3551 401 3669 461">
    <p class='ocr_par' dir='ltr' id='par_1_3' title="bbox 3551 401 3669 461">
     <span class='ocr_line' id='line_1_3' title="bbox 3551 401 3669 461; baseline 0 -1"><span class='ocrx_word' id='word_1_8' title='bbox 3551 401 3669 461; x_wconf 84' lang='lat'>658</span> 
     </span>
    </p>
   </div>
   <div class='ocr_carea' id='block_1_4' title="bbox 242 526 1920 614">
    <p class='ocr_par' dir='ltr' id='par_1_4' title="bbox 242 526 1908 614">
     <span class='ocr_line' id='line_1_4' title="bbox 242 526 1908 614; baseline -0.004 -18"><span class='ocrx_word' id='word_1_9' title='bbox 242 541 280 611; x_wconf 70' lang='grc' dir='ltr'><strong>ἢ</strong></span> <span class='ocrx_word' id='word_1_10' title='bbox 340 537 410 596; x_wconf 88' lang='grc' dir='ltr'>δι’</span> <span class='ocrx_word' id='word_1_11' title='bbox 469 535 732 613; x_wconf 87' lang='grc' dir='ltr'>ἀμέλειαν</span> <span class='ocrx_word' id='word_1_12' title='bbox 817 526 920 608; x_wconf 74' lang='grc' dir='ltr'>τῆν</span> <span class='ocrx_word' id='word_1_13' title='bbox 1003 533 1201 614; x_wconf 67' lang='grc' dir='ltr'>ἀκριϐῆ</span> <span class='ocrx_word' id='word_1_14' title='bbox 1292 537 1525 609; x_wconf 79' lang='grc' dir='ltr'>ἐξέτασιν</span> <span class='ocrx_word' id='word_1_15' title='bbox 1613 535 1908 611; x_wconf 86' lang='grc' dir='ltr'>παραιτού-</span> 
     </span>
    </p>
   </div>
   <div class='ocr_carea' id='block_1_5' title="bbox 2008 526 3670 614">
    <p class='ocr_par' dir='ltr' id='par_1_5' title="bbox 2023 534 3670 607">
     <span class='ocr_line' id='line_1_5' title="bbox 2023 534 3670 607; baseline -0.001 -15"><span class='ocrx_word' id='word_1_16' title='bbox 2023 537 2222 606; x_wconf 87' lang='lat' dir='ltr'>fuerit,</span> <span class='ocrx_word' id='word_1_17' title='bbox 2255 541 2430 607; x_wconf 87' lang='lat' dir='ltr'>atque</span> <span class='ocrx_word' id='word_1_18' title='bbox 2480 535 2624 592; x_wconf 87' lang='lat' dir='ltr'>alias</span> <span class='ocrx_word' id='word_1_19' title='bbox 2673 536 2846 592; x_wconf 89' lang='lat' dir='ltr'>etiam</span> <span class='ocrx_word' id='word_1_20' title='bbox 2897 537 2970 592; x_wconf 90' lang='lat' dir='ltr'>de</span> <span class='ocrx_word' id='word_1_21' title='bbox 3016 551 3078 592; x_wconf 92' lang='lat' dir='ltr'>re</span> <span class='ocrx_word' id='word_1_22' title='bbox 3127 534 3309 592; x_wconf 84' lang='lat' dir='ltr'>simili</span> <span class='ocrx_word' id='word_1_23' title='bbox 3339 540 3670 606; x_wconf 81' lang='lat' dir='ltr'>accusatus,</span> 
     </span>
    </p>
   </div>
   <div class='ocr_carea' id='block_1_6' title="bbox 248 622 1902 706">
    <p class='ocr_par' dir='ltr' id='par_1_6' title="bbox 248 622 1902 706">
     <span class='ocr_line' id='line_1_6' title="bbox 248 622 1902 706; baseline -0.004 -22"><span class='ocrx_word' id='word_1_24' title='bbox 248 649 430 704; x_wconf 89' lang='grc' dir='ltr'>μενον,</span> <span class='ocrx_word' id='word_1_25' title='bbox 463 629 499 699; x_wconf 71' lang='grc' dir='ltr'><strong>ἢ</strong></span> <span class='ocrx_word' id='word_1_26' title='bbox 525 628 922 706; x_wconf 69' lang='grc' dir='ltr'>τεταραγμένον</span> <span class='ocrx_word' id='word_1_27' title='bbox 956 627 1058 682; x_wconf 85' lang='grc' dir='ltr'>ὑπὸ</span> <span class='ocrx_word' id='word_1_28' title='bbox 1090 629 1266 700; x_wconf 86' lang='grc' dir='ltr'>θυμοῦ</span> <span class='ocrx_word' id='word_1_29' title='bbox 1297 626 1386 680; x_wconf 82' lang='grc' dir='ltr'>καὶ</span> <span class='ocrx_word' id='word_1_30' title='bbox 1433 625 1607 702; x_wconf 85' lang='grc' dir='ltr'>ὀργῆς</span> <span class='ocrx_word' id='word_1_31' title='bbox 1667 622 1755 679; x_wconf 77' lang='grc' dir='ltr'>διὰ</span> <span class='ocrx_word' id='word_1_32' title='bbox 1807 622 1902 696; x_wconf 89' lang='grc' dir='ltr'>μέ-</span> 
     </span>
    </p>
   </div>
   <div class='ocr_carea' id='block_1_7' title="bbox 243 711 1904 795">
    <p class='ocr_par' dir='ltr' id='par_1_7' title="bbox 243 711 1904 795">
     <span class='ocr_line' id='line_1_7' title="bbox 243 711 1904 795; baseline -0.004 -22"><span class='ocrx_word' id='word_1_33' title='bbox 243 739 452 795; x_wconf 88' lang='grc' dir='ltr'>γιστον,</span> <span class='ocrx_word' id='word_1_34' title='bbox 499 713 780 794; x_wconf 75' lang='grc' dir='ltr'>ἔγκλημα.</span> <span class='ocrx_word' id='word_1_35' title='bbox 832 717 900 772; x_wconf 74' lang='lat' dir='ltr'>Ei</span> <span class='ocrx_word' id='word_1_36' title='bbox 947 713 1008 772; x_wconf 73' lang='grc' dir='ltr'>δὲ</span> <span class='ocrx_word' id='word_1_37' title='bbox 1046 717 1110 771; x_wconf 83' lang='grc' dir='ltr'>τὸ</span> <span class='ocrx_word' id='word_1_38' title='bbox 1144 714 1618 792; x_wconf 84' lang='grc' dir='ltr'>κατηγορούμενόν</span> <span class='ocrx_word' id='word_1_39' title='bbox 1663 713 1803 768; x_wconf 76' lang='grc' dir='ltr'>ἐστιν</span> <span class='ocrx_word' id='word_1_40' title='bbox 1852 711 1904 766; x_wconf 78' lang='grc' dir='ltr'>ἐν</span> 
     </span>
    </p>
   </div>
   <div class='ocr_carea' id='block_1_8' title="bbox 245 802 1905 883">
    <p class='ocr_par' dir='ltr' id='par_1_8' title="bbox 245 802 1905 883">
     <span class='ocr_line' id='line_1_8' title="bbox 245 802 1905 883; baseline -0.006 -19"><span class='ocrx_word' id='word_1_41' title='bbox 245 805 454 883; x_wconf 80' lang='grc' dir='ltr'>ὑποψίᾳ</span> <span class='ocrx_word' id='word_1_42' title='bbox 480 805 571 862; x_wconf 74' lang='grc' dir='ltr'>καί</span> <span class='ocrx_word' id='word_1_43' title='bbox 599 804 802 862; x_wconf 79' lang='grc' dir='ltr'>ἄλλοτέ</span> <span class='ocrx_word' id='word_1_44' title='bbox 829 827 963 862; x_wconf 86' lang='grc' dir='ltr'>ποτε</span> <span class='ocrx_word' id='word_1_45' title='bbox 989 807 1051 860; x_wconf 88' lang='grc' dir='ltr'>τὸ</span> <span class='ocrx_word' id='word_1_46' title='bbox 1079 809 1328 860; x_wconf 90' lang='grc' dir='ltr'>τοιοῦτον</span> <span class='ocrx_word' id='word_1_47' title='bbox 1359 805 1653 881; x_wconf 80' lang='grc' dir='ltr'>πρόσωπον</span> <span class='ocrx_word' id='word_1_48' title='bbox 1679 802 1766 856; x_wconf 79' lang='grc' dir='ltr'>ἐπὶ</span> <span class='ocrx_word' id='word_1_49' title='bbox 1786 807 1905 863; x_wconf 88' lang='grc' dir='ltr'>τοῖς</span> 
     </span>
    </p>
   </div>
   <div class='ocr_carea' id='block_1_9' title="bbox 243 893 1904 975">
    <p class='ocr_par' dir='ltr' id='par_1_9' title="bbox 243 893 1904 975">
     <span class='ocr_line' id='line_1_9' title="bbox 243 893 1904 975; baseline -0.006 -21"><span class='ocrx_word' id='word_1_50' title='bbox 243 897 466 970; x_wconf 79' lang='grc' dir='ltr'>ὁμοίοις</span> <span class='ocrx_word' id='word_1_51' title='bbox 522 893 720 975; x_wconf 80' lang='grc' dir='ltr'>ἔφθασε</span> <span class='ocrx_word' id='word_1_52' title='bbox 773 897 1248 972; x_wconf 79' lang='grc' dir='ltr'>κατηγορηθῆναι,</span> <span class='ocrx_word' id='word_1_53' title='bbox 1301 893 1336 962; x_wconf 73' lang='grc' dir='ltr'><strong>ἢ</strong></span> <span class='ocrx_word' id='word_1_54' title='bbox 1389 893 1478 949; x_wconf 83' lang='grc' dir='ltr'>καὶ</span> <span class='ocrx_word' id='word_1_55' title='bbox 1529 895 1556 947; x_wconf 88' lang='grc' dir='ltr'>ὁ</span> <span class='ocrx_word' id='word_1_56' title='bbox 1598 893 1904 967; x_wconf 77' lang='grc' dir='ltr'>κατήγορος</span> 
     </span>
    </p>
   </div>
   <div class='ocr_carea' id='block_1_10' title="bbox 242 979 1902 1056">
    <p class='ocr_par' dir='ltr' id='par_1_10' title="bbox 242 979 1902 1056">
     <span class='ocr_line' id='line_1_10' title="bbox 242 979 1902 1056; baseline -0.005 -14"><span class='ocrx_word' id='word_1_57' title='bbox 242 986 454 1049; x_wconf 78' lang='grc' dir='ltr'>εὐνοίας</span> <span class='ocrx_word' id='word_1_58' title='bbox 499 986 590 1042; x_wconf 81' lang='grc' dir='ltr'>καὶ</span> <span class='ocrx_word' id='word_1_59' title='bbox 650 983 910 1056; x_wconf 77' lang='grc' dir='ltr'>ἀληθείας</span> <span class='ocrx_word' id='word_1_60' title='bbox 973 983 1232 1055; x_wconf 89' lang='grc' dir='ltr'>κέκτηται</span> <span class='ocrx_word' id='word_1_61' title='bbox 1283 981 1462 1055; x_wconf 81' lang='grc' dir='ltr'>δόξαν,</span> <span class='ocrx_word' id='word_1_62' title='bbox 1514 981 1688 1043; x_wconf 88' lang='grc' dir='ltr'>πολύς</span> <span class='ocrx_word' id='word_1_63' title='bbox 1763 979 1902 1034; x_wconf 82' lang='grc' dir='ltr'>ἐστιν</span> 
     </span>
    </p>
   </div>
   <div class='ocr_carea' id='block_1_11' title="bbox 242 1069 1905 1142">
    <p class='ocr_par' dir='ltr' id='par_1_11' title="bbox 242 1069 1905 1142">
     <span class='ocr_line' id='line_1_11' title="bbox 242 1069 1905 1142; baseline -0.006 -10"><span class='ocrx_word' id='word_1_64' title='bbox 242 1075 481 1132; x_wconf 80' lang='grc' dir='ltr'>ἐντεῦθεν</span> <span class='ocrx_word' id='word_1_65' title='bbox 534 1077 563 1131; x_wconf 85' lang='grc' dir='ltr'>ὁ</span> <span class='ocrx_word' id='word_1_66' title='bbox 619 1071 889 1136; x_wconf 87' lang='grc' dir='ltr'>κίνδυνος.</span> <span class='ocrx_word' id='word_1_67' title='bbox 943 1073 1118 1130; x_wconf 85' lang='grc' dir='ltr'>Ἀλλά</span> <span class='ocrx_word' id='word_1_68' title='bbox 1188 1073 1396 1128; x_wconf 89' lang='grc' dir='ltr'>τούτων</span> <span class='ocrx_word' id='word_1_69' title='bbox 1454 1069 1702 1127; x_wconf 82' lang='grc' dir='ltr'>ἁπάντων</span> <span class='ocrx_word' id='word_1_70' title='bbox 1763 1071 1905 1142; x_wconf 86' lang='grc' dir='ltr'>ὁμοῦ</span> 
     </span>
    </p>
   </div>
   <div class='ocr_carea' id='block_1_12' title="bbox 240 1158 1902 1238">
    <p class='ocr_par' dir='ltr' id='par_1_12' title="bbox 240 1158 1902 1238">
     <span class='ocr_line' id='line_1_12' title="bbox 240 1158 1902 1238; baseline -0.005 -18"><span class='ocrx_word' id='word_1_71' title='bbox 240 1163 609 1229; x_wconf 79' lang='grc' dir='ltr'>συνελθόντων</span> <span class='ocrx_word' id='word_1_72' title='bbox 663 1164 754 1218; x_wconf 82' lang='grc' dir='ltr'>καὶ</span> <span class='ocrx_word' id='word_1_73' title='bbox 819 1165 894 1237; x_wconf 78' lang='grc' dir='ltr'>μὴ</span> <span class='ocrx_word' id='word_1_74' title='bbox 957 1160 1293 1234; x_wconf 77' lang='grc' dir='ltr'>δυνηθέντων</span> <span class='ocrx_word' id='word_1_75' title='bbox 1347 1158 1751 1238; x_wconf 87' lang='grc' dir='ltr'>παρασαλεῦσαι</span> <span class='ocrx_word' id='word_1_76' title='bbox 1801 1164 1902 1226; x_wconf 80' lang='grc' dir='ltr'>τῆς</span> 
     </span>
    </p>
   </div>
   <div class='ocr_carea' id='block_1_13' title="bbox 2014 625 3754 698">
    <p class='ocr_par' dir='ltr' id='par_1_13' title="bbox 2014 625 3754 698">
     <span class='ocr_line' id='line_1_13' title="bbox 2014 625 3754 698; baseline 0 -18"><span class='ocrx_word' id='word_1_77' title='bbox 2014 625 2106 682; x_wconf 87' lang='lat' dir='ltr'>vel</span> <span class='ocrx_word' id='word_1_78' title='bbox 2134 626 2185 681; x_wconf 87' lang='lat' dir='ltr'>si</span> <span class='ocrx_word' id='word_1_79' title='bbox 2220 631 2528 681; x_wconf 81' lang='lat' dir='ltr'>accusator</span> <span class='ocrx_word' id='word_1_80' title='bbox 2557 625 2862 682; x_wconf 89' lang='lat' dir='ltr'>benivolus</span> <span class='ocrx_word' id='word_1_81' title='bbox 2893 642 3184 697; x_wconf 83' lang='lat' dir='ltr'>veraxque</span> <span class='ocrx_word' id='word_1_82' title='bbox 3224 625 3499 697; x_wconf 79' lang='lat' dir='ltr'>creditur,</span> <span class='ocrx_word' id='word_1_83' title='bbox 3530 629 3672 680; x_wconf 89' lang='lat' dir='ltr'>tunc</span> <span class='ocrx_word' id='word_1_84' title='bbox 3749 667 3754 698; x_wconf 54' lang='lat'>,</span> 
     </span>
    </p>
   </div>
   <div class='ocr_carea' id='block_1_14' title="bbox 2017 687 3787 806">
    <p class='ocr_par' dir='ltr' id='par_1_14' title="bbox 2017 687 3787 806">
     <span class='ocr_line' id='line_1_14' title="bbox 2017 687 3787 806; baseline -0.001 -36"><span class='ocrx_word' id='word_1_85' title='bbox 2017 731 2158 770; x_wconf 83' lang='lat' dir='ltr'>sane</span> <span class='ocrx_word' id='word_1_86' title='bbox 2208 715 2512 786; x_wconf 80' lang='lat' dir='ltr'>negotium</span> <span class='ocrx_word' id='word_1_87' title='bbox 2563 714 2952 786; x_wconf 85' lang='lat' dir='ltr'>periculosius</span> <span class='ocrx_word' id='word_1_88' title='bbox 3001 719 3108 770; x_wconf 88' lang='lat' dir='ltr'>est.</span> <span class='ocrx_word' id='word_1_89' title='bbox 3160 703 3579 806; x_wconf 46' lang='lat' dir='ltr'>Nihilominus</span> <span class='ocrx_word' id='word_1_90' title='bbox 3620 714 3670 770; x_wconf 92' lang='lat' dir='ltr'>si</span> 
     </span>
    </p>
   </div>
   <div class='ocr_carea' id='block_1_15' title="bbox 2015 802 3734 875">
    <p class='ocr_par' dir='ltr' id='par_1_15' title="bbox 2015 802 3734 875">
     <span class='ocr_line' id='line_1_15' title="bbox 2015 802 3734 875; baseline 0.001 -17"><span class='ocrx_word' id='word_1_91' title='bbox 2015 802 2226 859; x_wconf 90' lang='lat' dir='ltr'>horum</span> <span class='ocrx_word' id='word_1_92' title='bbox 2259 805 2531 860; x_wconf 88' lang='lat' dir='ltr'>omnium</span> <span class='ocrx_word' id='word_1_93' title='bbox 2579 805 3095 875; x_wconf 77' lang='lat' dir='ltr'>concursu-jadex</span> <span class='ocrx_word' id='word_1_94' title='bbox 3123 821 3158 859; x_wconf 91' lang='lat' dir='ltr'>a</span> <span class='ocrx_word' id='word_1_95' title='bbox 3199 802 3488 860; x_wconf 84' lang='lat' dir='ltr'>sententia</span> <span class='ocrx_word' id='word_1_96' title='bbox 3517 808 3673 860; x_wconf 89' lang='lat' dir='ltr'>recta</span> <span class='ocrx_word' id='word_1_97' title='bbox 3729 811 3734 822; x_wconf 91' lang='lat'><strong>&#39;</strong></span> 
     </span>
    </p>
   </div>
   <div class='ocr_carea' id='block_1_16' title="bbox 2015 891 3668 964">
    <p class='ocr_par' dir='ltr' id='par_1_16' title="bbox 2015 891 3668 964">
     <span class='ocr_line' id='line_1_16' title="bbox 2015 891 3668 964; baseline 0.001 -17"><span class='ocrx_word' id='word_1_98' title='bbox 2015 893 2268 949; x_wconf 84' lang='lat' dir='ltr'>inﬂexus</span> <span class='ocrx_word' id='word_1_99' title='bbox 2299 910 2415 948; x_wconf 91' lang='lat' dir='ltr'>non</span> <span class='ocrx_word' id='word_1_100' title='bbox 2466 895 2662 964; x_wconf 79' lang='lat' dir='ltr'>fuerit,</span> <span class='ocrx_word' id='word_1_101' title='bbox 2714 898 2856 948; x_wconf 86' lang='lat' dir='ltr'>tunc</span> <span class='ocrx_word' id='word_1_102' title='bbox 2911 893 3206 949; x_wconf 86' lang='lat' dir='ltr'>enimvero</span> <span class='ocrx_word' id='word_1_103' title='bbox 3250 891 3443 964; x_wconf 82' lang='lat' dir='ltr'>palam</span> <span class='ocrx_word' id='word_1_104' title='bbox 3474 893 3573 948; x_wconf 85' lang='lat' dir='ltr'>ﬁet</span> <span class='ocrx_word' id='word_1_105' title='bbox 3602 909 3668 949; x_wconf 89' lang='lat' dir='ltr'>ac</span> 
     </span>
    </p>
   </div>
   <div class='ocr_carea' id='block_1_17' title="bbox 2017 981 3669 1054">
    <p class='ocr_par' dir='ltr' id='par_1_17' title="bbox 2017 981 3669 1054">
     <span class='ocr_line' id='line_1_17' title="bbox 2017 981 3669 1054; baseline 0.001 -17"><span class='ocrx_word' id='word_1_106' title='bbox 2017 981 2410 1037; x_wconf 81' lang='lat' dir='ltr'>celebrabitur</span> <span class='ocrx_word' id='word_1_107' title='bbox 2438 985 2654 1038; x_wconf 86' lang='lat' dir='ltr'>mentis</span> <span class='ocrx_word' id='word_1_108' title='bbox 2677 983 2804 1054; x_wconf 87' lang='lat' dir='ltr'>ejus</span> <span class='ocrx_word' id='word_1_109' title='bbox 2827 981 3116 1054; x_wconf 83' lang='lat' dir='ltr'>sapientia</span> <span class='ocrx_word' id='word_1_110' title='bbox 3142 986 3317 1053; x_wconf 89' lang='lat' dir='ltr'>atque</span> <span class='ocrx_word' id='word_1_111' title='bbox 3338 982 3669 1038; x_wconf 83' lang='lat' dir='ltr'>constantia</span> 
     </span>
    </p>
   </div>
   <div class='ocr_carea' id='block_1_18' title="bbox 2017 1069 3665 1141">
    <p class='ocr_par' dir='ltr' id='par_1_18' title="bbox 2017 1069 3665 1141">
     <span class='ocr_line' id='line_1_18' title="bbox 2017 1069 3665 1141; baseline 0 -17"><span class='ocrx_word' id='word_1_112' title='bbox 2017 1069 2271 1125; x_wconf 88' lang='lat' dir='ltr'>summis</span> <span class='ocrx_word' id='word_1_113' title='bbox 2295 1070 2514 1126; x_wconf 78' lang='lat' dir='ltr'>viribus</span> <span class='ocrx_word' id='word_1_114' title='bbox 2537 1071 2706 1136; x_wconf 81' lang='lat' dir='ltr'>fulta,</span> <span class='ocrx_word' id='word_1_115' title='bbox 2729 1069 3108 1141; x_wconf 86' lang='lat' dir='ltr'>veritatisque</span> <span class='ocrx_word' id='word_1_116' title='bbox 3131 1069 3395 1124; x_wconf 89' lang='lat' dir='ltr'>studium</span> <span class='ocrx_word' id='word_1_117' title='bbox 3420 1084 3665 1141; x_wconf 85' lang='lat' dir='ltr'>genero-</span> 
     </span>
    </p>
   </div>
   <div class='ocr_carea' id='block_1_19' title="bbox 2015 1159 2682 1230">
    <p class='ocr_par' dir='ltr' id='par_1_19' title="bbox 2015 1159 2682 1230">
     <span class='ocr_line' id='line_1_19' title="bbox 2015 1159 2682 1230; baseline 0 -16"><span class='ocrx_word' id='word_1_118' title='bbox 2015 1175 2149 1214; x_wconf 89' lang='lat' dir='ltr'>sum</span> <span class='ocrx_word' id='word_1_119' title='bbox 2179 1164 2236 1215; x_wconf 89' lang='lat' dir='ltr'>et</span> <span class='ocrx_word' id='word_1_120' title='bbox 2263 1159 2384 1214; x_wconf 86' lang='lat' dir='ltr'>viro</span> <span class='ocrx_word' id='word_1_121' title='bbox 2415 1160 2682 1230; x_wconf 89' lang='lat' dir='ltr'>dignum.</span> 
     </span>
    </p>
   </div>
   <div class='ocr_carea' id='block_1_20' title="bbox 243 1245 3667 1331">
    <p class='ocr_par' dir='ltr' id='par_1_20' title="bbox 243 1245 3667 1331">
     <span class='ocr_line' id='line_1_20' title="bbox 243 1245 3667 1331; baseline -0.003 -22"><span class='ocrx_word' id='word_1_122' title='bbox 243 1253 411 1331; x_wconf 82' lang='grc' dir='ltr'>ὀρθῆς</span> <span class='ocrx_word' id='word_1_123' title='bbox 467 1253 696 1330; x_wconf 88' lang='grc' dir='ltr'>κρίσεως</span> <span class='ocrx_word' id='word_1_124' title='bbox 735 1253 826 1307; x_wconf 85' lang='grc' dir='ltr'>τὸν</span> <span class='ocrx_word' id='word_1_125' title='bbox 876 1253 1088 1329; x_wconf 78' lang='grc' dir='ltr'>κριτὴν,</span> <span class='ocrx_word' id='word_1_126' title='bbox 1133 1252 1268 1307; x_wconf 85' lang='grc' dir='ltr'>κατά</span> <span class='ocrx_word' id='word_1_127' title='bbox 1311 1256 1504 1306; x_wconf 91' lang='grc' dir='ltr'>τοῦτον</span> <span class='ocrx_word' id='word_1_128' title='bbox 1553 1250 1644 1305; x_wconf 88' lang='grc' dir='ltr'>τὸν</span> <span class='ocrx_word' id='word_1_129' title='bbox 1699 1247 1900 1324; x_wconf 84' lang='grc' dir='ltr'>τρόπον</span> <span class='ocrx_word' id='word_1_130' title='bbox 1951 1245 2154 1320; x_wconf 88' lang='grc' dir='ltr'>γίνεται</span> <span class='ocrx_word' id='word_1_131' title='bbox 2200 1247 2423 1324; x_wconf 85' lang='grc' dir='ltr'>φανερὸν</span> <span class='ocrx_word' id='word_1_132' title='bbox 2473 1247 2562 1301; x_wconf 83' lang='grc' dir='ltr'>καὶ</span> <span class='ocrx_word' id='word_1_133' title='bbox 2614 1247 2940 1320; x_wconf 84' lang='grc' dir='ltr'>θαυμάζεται</span> <span class='ocrx_word' id='word_1_134' title='bbox 2986 1253 3086 1316; x_wconf 76' lang='grc' dir='ltr'>τῆς</span> <span class='ocrx_word' id='word_1_135' title='bbox 3125 1245 3321 1301; x_wconf 89' lang='grc' dir='ltr'>τούτου</span> <span class='ocrx_word' id='word_1_136' title='bbox 3354 1247 3667 1324; x_wconf 74' lang='grc' dir='ltr'>φρονήσεως</span> 
     </span>
    </p>
   </div>
   <div class='ocr_carea' id='block_1_21' title="bbox 237 1333 3180 1418">
    <p class='ocr_par' dir='ltr' id='par_1_21' title="bbox 237 1333 3180 1418">
     <span class='ocr_line' id='line_1_21' title="bbox 237 1333 3180 1418; baseline -0.003 -20"><span class='ocrx_word' id='word_1_137' title='bbox 237 1344 300 1398; x_wconf 87' lang='grc' dir='ltr'>τὸ</span> <span class='ocrx_word' id='word_1_138' title='bbox 332 1343 548 1418; x_wconf 82' lang='grc' dir='ltr'>στερεὸν</span> <span class='ocrx_word' id='word_1_139' title='bbox 571 1342 662 1396; x_wconf 86' lang='grc' dir='ltr'>καὶ</span> <span class='ocrx_word' id='word_1_140' title='bbox 696 1339 909 1416; x_wconf 76' lang='grc' dir='ltr'>ἑδραῖον</span> <span class='ocrx_word' id='word_1_141' title='bbox 936 1341 1028 1396; x_wconf 84' lang='grc' dir='ltr'>καὶ</span> <span class='ocrx_word' id='word_1_142' title='bbox 1049 1341 1525 1417; x_wconf 86' lang='grc' dir='ltr'>κατωχυρωμένον</span> <span class='ocrx_word' id='word_1_143' title='bbox 1553 1338 1642 1394; x_wconf 79' lang='grc' dir='ltr'>καὶ</span> <span class='ocrx_word' id='word_1_144' title='bbox 1679 1333 1914 1414; x_wconf 76' lang='grc' dir='ltr'>βεϐηκὸς</span> <span class='ocrx_word' id='word_1_145' title='bbox 1943 1336 2032 1390; x_wconf 79' lang='grc' dir='ltr'>καὶ</span> <span class='ocrx_word' id='word_1_146' title='bbox 2063 1337 2200 1391; x_wconf 83' lang='grc' dir='ltr'>κατά</span> <span class='ocrx_word' id='word_1_147' title='bbox 2229 1335 2486 1406; x_wconf 71' lang='grc' dir='ltr'>ἀληθειαν</span> <span class='ocrx_word' id='word_1_148' title='bbox 2515 1335 2760 1411; x_wconf 82' lang='grc' dir='ltr'>ἀνδρικὸν</span> <span class='ocrx_word' id='word_1_149' title='bbox 2793 1337 2881 1390; x_wconf 76' lang='grc' dir='ltr'>καὶ</span> <span class='ocrx_word' id='word_1_150' title='bbox 2912 1341 3180 1410; x_wconf 89' lang='grc' dir='ltr'>γενναῖον.</span> 
     </span>
    </p>
   </div>
   <div class='ocr_carea' id='block_1_22' title="bbox 311 1427 1902 1504">
    <p class='ocr_par' dir='ltr' id='par_1_22' title="bbox 311 1427 1902 1504">
     <span class='ocr_line' id='line_1_22' title="bbox 311 1427 1902 1504; baseline -0.003 -20"><span class='ocrx_word' id='word_1_151' title='bbox 311 1427 397 1488; x_wconf 79' lang='grc' dir='ltr'>ιδ’.</span> <span class='ocrx_word' id='word_1_152' title='bbox 427 1435 605 1486; x_wconf 86' lang='grc' dir='ltr'>Ταῦτα</span> <span class='ocrx_word' id='word_1_153' title='bbox 661 1431 690 1486; x_wconf 89' lang='grc' dir='ltr'>ὁ</span> <span class='ocrx_word' id='word_1_154' title='bbox 749 1431 884 1504; x_wconf 88' lang='grc' dir='ltr'>μετά</span> <span class='ocrx_word' id='word_1_155' title='bbox 937 1428 1156 1499; x_wconf 73' lang='grc' dir='ltr'>πολλῆς</span> <span class='ocrx_word' id='word_1_156' title='bbox 1215 1429 1428 1492; x_wconf 81' lang='grc' dir='ltr'>εὐνοίας</span> <span class='ocrx_word' id='word_1_157' title='bbox 1488 1427 1902 1500; x_wconf 72' lang='grc' dir='ltr'>συντεθειμένος</span> 
     </span>
    </p>
   </div>
   <div class='ocr_carea' id='block_1_23' title="bbox 241 1513 1900 1597">
    <p class='ocr_par' dir='ltr' id='par_1_23' title="bbox 241 1513 1900 1597">
     <span class='ocr_line' id='line_1_23' title="bbox 241 1513 1900 1597; baseline -0.004 -22"><span class='ocrx_word' id='word_1_158' title='bbox 241 1521 366 1597; x_wconf 88' lang='grc' dir='ltr'>παρ’</span> <span class='ocrx_word' id='word_1_159' title='bbox 405 1518 542 1594; x_wconf 83' lang='grc' dir='ltr'>ἐμοῦ</span> <span class='ocrx_word' id='word_1_160' title='bbox 599 1517 763 1594; x_wconf 87' lang='grc' dir='ltr'>λόγος</span> <span class='ocrx_word' id='word_1_161' title='bbox 811 1519 972 1582; x_wconf 77' lang='grc' dir='ltr'>οὗτος</span> <span class='ocrx_word' id='word_1_162' title='bbox 1019 1520 1048 1574; x_wconf 87' lang='grc' dir='ltr'>ὁ</span> <span class='ocrx_word' id='word_1_163' title='bbox 1093 1519 1374 1594; x_wconf 87' lang='grc' dir='ltr'>πενιχρὸς,</span> <span class='ocrx_word' id='word_1_164' title='bbox 1409 1517 1591 1594; x_wconf 84' lang='grc' dir='ltr'>ὥσπερ</span> <span class='ocrx_word' id='word_1_165' title='bbox 1651 1513 1792 1570; x_wconf 76' lang='grc' dir='ltr'>ἄλλο</span> <span class='ocrx_word' id='word_1_166' title='bbox 1847 1537 1900 1568; x_wconf 84' lang='grc' dir='ltr'>τι</span> 
     </span>
    </p>
   </div>
   <div class='ocr_carea' id='block_1_24' title="bbox 241 1605 1899 1686">
    <p class='ocr_par' dir='ltr' id='par_1_24' title="bbox 241 1605 1899 1686">
     <span class='ocr_line' id='line_1_24' title="bbox 241 1605 1899 1686; baseline -0.005 -22"><span class='ocrx_word' id='word_1_167' title='bbox 241 1608 427 1685; x_wconf 83' lang='grc' dir='ltr'>χρέος,</span> <span class='ocrx_word' id='word_1_168' title='bbox 503 1607 800 1686; x_wconf 70' lang='grc' dir='ltr'>προσφέρει</span> <span class='ocrx_word' id='word_1_169' title='bbox 881 1613 960 1680; x_wconf 82' lang='grc' dir='ltr'>τῷ</span> <span class='ocrx_word' id='word_1_170' title='bbox 1049 1607 1302 1683; x_wconf 87' lang='grc' dir='ltr'>βασιλεῖ·</span> <span class='ocrx_word' id='word_1_171' title='bbox 1389 1607 1568 1661; x_wconf 87' lang='grc' dir='ltr'>πίστιν</span> <span class='ocrx_word' id='word_1_172' title='bbox 1660 1605 1899 1660; x_wconf 77' lang='grc' dir='ltr'>ἐντεῦθεν</span> 
     </span>
    </p>
   </div>
   <div class='ocr_carea' id='block_1_25' title="bbox 243 1694 1900 1775">
    <p class='ocr_par' dir='ltr' id='par_1_25' title="bbox 243 1694 1900 1775">
     <span class='ocr_line' id='line_1_25' title="bbox 243 1694 1900 1775; baseline -0.002 -23"><span class='ocrx_word' id='word_1_173' title='bbox 243 1694 426 1760; x_wconf 79' lang='grc' dir='ltr'>διδοὺς</span> <span class='ocrx_word' id='word_1_174' title='bbox 481 1697 572 1752; x_wconf 77' lang='grc' dir='ltr'>καὶ</span> <span class='ocrx_word' id='word_1_175' title='bbox 629 1695 1014 1775; x_wconf 75' lang='grc' dir='ltr'>πληροφορίαν</span> <span class='ocrx_word' id='word_1_176' title='bbox 1072 1703 1173 1766; x_wconf 85' lang='grc' dir='ltr'>τῆς</span> <span class='ocrx_word' id='word_1_177' title='bbox 1227 1694 1497 1772; x_wconf 78' lang='grc' dir='ltr'>ἡμετέρας</span> <span class='ocrx_word' id='word_1_178' title='bbox 1573 1695 1900 1773; x_wconf 81' lang='grc' dir='ltr'>ἀκραιφνοῦς</span> 
     </span>
    </p>
   </div>
   <div class='ocr_carea' id='block_1_26' title="bbox 240 1783 1898 1864">
    <p class='ocr_par' dir='ltr' id='par_1_26' title="bbox 240 1783 1898 1864">
     <span class='ocr_line' id='line_1_26' title="bbox 240 1783 1898 1864; baseline -0.002 -23"><span class='ocrx_word' id='word_1_179' title='bbox 240 1787 332 1842; x_wconf 83' lang='grc' dir='ltr'>καὶ</span> <span class='ocrx_word' id='word_1_180' title='bbox 401 1791 640 1864; x_wconf 77' lang='grc' dir='ltr'>καθαρᾶς</span> <span class='ocrx_word' id='word_1_181' title='bbox 718 1787 854 1860; x_wconf 82' lang='grc' dir='ltr'>μετά</span> <span class='ocrx_word' id='word_1_182' title='bbox 925 1787 1297 1864; x_wconf 86' lang='grc' dir='ltr'>προαιρέσεως</span> <span class='ocrx_word' id='word_1_183' title='bbox 1373 1783 1624 1846; x_wconf 80' lang='grc' dir='ltr'>δουλείας</span> <span class='ocrx_word' id='word_1_184' title='bbox 1679 1806 1740 1839; x_wconf 90' lang='grc' dir='ltr'>τε</span> <span class='ocrx_word' id='word_1_185' title='bbox 1807 1783 1898 1838; x_wconf 81' lang='grc' dir='ltr'>καὶ</span> 
     </span>
    </p>
   </div>
   <div class='ocr_carea' id='block_1_27' title="bbox 245 1871 1898 1952">
    <p class='ocr_par' dir='ltr' id='par_1_27' title="bbox 245 1871 1898 1952">
     <span class='ocr_line' id='line_1_27' title="bbox 245 1871 1898 1952; baseline -0.002 -22"><span class='ocrx_word' id='word_1_186' title='bbox 245 1876 561 1952; x_wconf 79' lang='grc' dir='ltr'>ὑποταγῆς·</span> <span class='ocrx_word' id='word_1_187' title='bbox 608 1877 698 1931; x_wconf 81' lang='grc' dir='ltr'>καὶ</span> <span class='ocrx_word' id='word_1_188' title='bbox 750 1877 778 1931; x_wconf 85' lang='grc' dir='ltr'>ὁ</span> <span class='ocrx_word' id='word_1_189' title='bbox 835 1875 1092 1952; x_wconf 77' lang='grc' dir='ltr'>βασιλεὺς</span> <span class='ocrx_word' id='word_1_190' title='bbox 1149 1873 1328 1945; x_wconf 83' lang='grc' dir='ltr'>ἡδέως</span> <span class='ocrx_word' id='word_1_191' title='bbox 1393 1875 1484 1930; x_wconf 89' lang='grc' dir='ltr'>καὶ</span> <span class='ocrx_word' id='word_1_192' title='bbox 1551 1871 1760 1950; x_wconf 72' lang='grc' dir='ltr'>ἱλαρῶς</span> <span class='ocrx_word' id='word_1_193' title='bbox 1807 1872 1898 1927; x_wconf 78' lang='grc' dir='ltr'>καὶ</span> 
     </span>
    </p>
   </div>
   <div class='ocr_carea' id='block_1_28' title="bbox 247 1959 1896 2042">
    <p class='ocr_par' dir='ltr' id='par_1_28' title="bbox 247 1959 1896 2042">
     <span class='ocr_line' id='line_1_28' title="bbox 247 1959 1896 2042; baseline -0.003 -22"><span class='ocrx_word' id='word_1_194' title='bbox 247 1964 486 2038; x_wconf 80' lang='grc' dir='ltr'>εὐμενῶς</span> <span class='ocrx_word' id='word_1_195' title='bbox 543 1963 698 2020; x_wconf 78' lang='grc' dir='ltr'>αὑτὸν</span> <span class='ocrx_word' id='word_1_196' title='bbox 757 1962 1212 2042; x_wconf 79' lang='grc' dir='ltr'>προσδεξάμενος,</span> <span class='ocrx_word' id='word_1_197' title='bbox 1245 1965 1313 2020; x_wconf 85' lang='grc' dir='ltr'>τά</span> <span class='ocrx_word' id='word_1_198' title='bbox 1367 1963 1646 2040; x_wconf 88' lang='grc' dir='ltr'>κρείττονα</span> <span class='ocrx_word' id='word_1_199' title='bbox 1705 1959 1762 2016; x_wconf 74' lang='grc' dir='ltr'>δὲ</span> <span class='ocrx_word' id='word_1_200' title='bbox 1806 1961 1896 2016; x_wconf 84' lang='grc' dir='ltr'>καὶ</span> 
     </span>
    </p>
   </div>
   <div class='ocr_carea' id='block_1_29' title="bbox 2084 1425 3665 1499">
    <p class='ocr_par' dir='ltr' id='par_1_29' title="bbox 2084 1425 3665 1499">
     <span class='ocr_line' id='line_1_29' title="bbox 2084 1425 3665 1499; baseline -0.001 -17"><span class='ocrx_word' id='word_1_201' title='bbox 2084 1427 2227 1482; x_wconf 83' lang='grc' dir='ltr'>Χιν.</span> <span class='ocrx_word' id='word_1_202' title='bbox 2265 1428 2570 1483; x_wconf 76' lang='lat' dir='ltr'>Conclusio.</span> <span class='ocrx_word' id='word_1_203' title='bbox 2596 1429 2757 1483; x_wconf 86' lang='lat' dir='ltr'>Hanc</span> <span class='ocrx_word' id='word_1_204' title='bbox 2777 1443 2882 1498; x_wconf 80' lang='lat' dir='ltr'>ego</span> <span class='ocrx_word' id='word_1_205' title='bbox 2900 1426 3318 1499; x_wconf 86' lang='lat' dir='ltr'>pauperculam</span> <span class='ocrx_word' id='word_1_206' title='bbox 3343 1425 3665 1482; x_wconf 87' lang='lat' dir='ltr'>orationem</span> 
     </span>
    </p>
   </div>
   <div class='ocr_carea' id='block_1_30' title="bbox 2011 1515 3668 1588">
    <p class='ocr_par' dir='ltr' id='par_1_30' title="bbox 2011 1515 3668 1588">
     <span class='ocr_line' id='line_1_30' title="bbox 2011 1515 3668 1588; baseline -0.001 -17"><span class='ocrx_word' id='word_1_207' title='bbox 2011 1533 2146 1572; x_wconf 88' lang='lat' dir='ltr'>cum</span> <span class='ocrx_word' id='word_1_208' title='bbox 2180 1516 2367 1572; x_wconf 88' lang='lat' dir='ltr'>multa</span> <span class='ocrx_word' id='word_1_209' title='bbox 2400 1517 2583 1572; x_wconf 90' lang='lat' dir='ltr'>animi</span> <span class='ocrx_word' id='word_1_210' title='bbox 2613 1517 3014 1572; x_wconf 87' lang='lat' dir='ltr'>benivolenria</span> <span class='ocrx_word' id='word_1_211' title='bbox 3040 1515 3452 1588; x_wconf 79' lang='lat' dir='ltr'>compositam,</span> <span class='ocrx_word' id='word_1_212' title='bbox 3478 1515 3668 1571; x_wconf 88' lang='lat' dir='ltr'>instar</span> 
     </span>
    </p>
   </div>
   <div class='ocr_carea' id='block_1_31' title="bbox 2011 1605 3664 1678">
    <p class='ocr_par' dir='ltr' id='par_1_31' title="bbox 2011 1605 3664 1678">
     <span class='ocr_line' id='line_1_31' title="bbox 2011 1605 3664 1678; baseline -0.001 -18"><span class='ocrx_word' id='word_1_213' title='bbox 2011 1605 2191 1660; x_wconf 87' lang='lat' dir='ltr'>debiti</span> <span class='ocrx_word' id='word_1_214' title='bbox 2220 1605 2449 1673; x_wconf 87' lang='lat' dir='ltr'>tributi,</span> <span class='ocrx_word' id='word_1_215' title='bbox 2503 1606 2623 1678; x_wconf 90' lang='lat' dir='ltr'>regi</span> <span class='ocrx_word' id='word_1_216' title='bbox 2679 1607 2878 1671; x_wconf 72' lang='lat' dir='ltr'>offero,</span> <span class='ocrx_word' id='word_1_217' title='bbox 2937 1610 3004 1660; x_wconf 89' lang='lat' dir='ltr'>ut</span> <span class='ocrx_word' id='word_1_218' title='bbox 3055 1605 3226 1660; x_wconf 82' lang='lat' dir='ltr'>ﬁdele</span> <span class='ocrx_word' id='word_1_219' title='bbox 3255 1605 3664 1661; x_wconf 88' lang='lat' dir='ltr'>testimonium</span> 
     </span>
    </p>
   </div>
   <div class='ocr_carea' id='block_1_32' title="bbox 2009 1693 3662 1768">
    <p class='ocr_par' dir='ltr' id='par_1_32' title="bbox 2009 1693 3662 1768">
     <span class='ocr_line' id='line_1_32' title="bbox 2009 1693 3662 1768; baseline 0 -18"><span class='ocrx_word' id='word_1_220' title='bbox 2009 1694 2086 1750; x_wconf 85' lang='lat' dir='ltr'>sit</span> <span class='ocrx_word' id='word_1_221' title='bbox 2119 1695 2328 1750; x_wconf 74' lang='lat' dir='ltr'>sinceae</span> <span class='ocrx_word' id='word_1_222' title='bbox 2359 1712 2500 1751; x_wconf 80' lang='lat' dir='ltr'>meae</span> <span class='ocrx_word' id='word_1_223' title='bbox 2526 1712 2804 1768; x_wconf 85' lang='lat' dir='ltr'>puraeque</span> <span class='ocrx_word' id='word_1_224' title='bbox 2850 1695 3079 1750; x_wconf 90' lang='lat' dir='ltr'>volente</span> <span class='ocrx_word' id='word_1_225' title='bbox 3111 1695 3308 1750; x_wconf 88' lang='lat' dir='ltr'>animo</span> <span class='ocrx_word' id='word_1_226' title='bbox 3337 1693 3662 1750; x_wconf 88' lang='lat' dir='ltr'>devotionis</span> 
     </span>
    </p>
   </div>
   <div class='ocr_carea' id='block_1_33' title="bbox 2009 1781 3658 1850">
    <p class='ocr_par' dir='ltr' id='par_1_33' title="bbox 2009 1781 3658 1850">
     <span class='ocr_line' id='line_1_33' title="bbox 2009 1781 3658 1850; baseline 0 -12"><span class='ocrx_word' id='word_1_227' title='bbox 2009 1799 2077 1839; x_wconf 87' lang='lat' dir='ltr'>ac</span> <span class='ocrx_word' id='word_1_228' title='bbox 2109 1783 2430 1840; x_wconf 86' lang='lat' dir='ltr'>servitutis.</span> <span class='ocrx_word' id='word_1_229' title='bbox 2493 1787 2678 1850; x_wconf 87' lang='lat' dir='ltr'>Quam</span> <span class='ocrx_word' id='word_1_230' title='bbox 2728 1784 2828 1840; x_wconf 92' lang='lat' dir='ltr'>ubi</span> <span class='ocrx_word' id='word_1_231' title='bbox 2887 1801 2987 1840; x_wconf 83' lang='lat' dir='ltr'>rex</span> <span class='ocrx_word' id='word_1_232' title='bbox 3029 1783 3280 1839; x_wconf 89' lang='lat' dir='ltr'>libenter</span> <span class='ocrx_word' id='word_1_233' title='bbox 3334 1781 3464 1839; x_wconf 65' lang='lat' dir='ltr'>laeto</span> <span class='ocrx_word' id='word_1_234' title='bbox 3493 1781 3658 1838; x_wconf 89' lang='lat' dir='ltr'>vultu</span> 
     </span>
    </p>
   </div>
   <div class='ocr_carea' id='block_1_34' title="bbox 2008 1870 3664 1946">
    <p class='ocr_par' dir='ltr' id='par_1_34' title="bbox 2008 1870 3664 1946">
     <span class='ocr_line' id='line_1_34' title="bbox 2008 1870 3664 1946; baseline 0 -18"><span class='ocrx_word' id='word_1_235' title='bbox 2008 1872 2396 1944; x_wconf 86' lang='lat' dir='ltr'>benivoloque</span> <span class='ocrx_word' id='word_1_236' title='bbox 2456 1874 2653 1929; x_wconf 87' lang='lat' dir='ltr'>animo</span> <span class='ocrx_word' id='word_1_237' title='bbox 2713 1874 3023 1946; x_wconf 85' lang='lat' dir='ltr'>exceperit,</span> <span class='ocrx_word' id='word_1_238' title='bbox 3071 1877 3198 1928; x_wconf 91' lang='lat' dir='ltr'>tum</span> <span class='ocrx_word' id='word_1_239' title='bbox 3257 1871 3374 1928; x_wconf 90' lang='lat' dir='ltr'>alia</span> <span class='ocrx_word' id='word_1_240' title='bbox 3421 1870 3664 1928; x_wconf 88' lang='lat' dir='ltr'>meliora</span> 
     </span>
    </p>
   </div>
   <div class='ocr_carea' id='block_1_35' title="bbox 2008 1961 3659 2035">
    <p class='ocr_par' dir='ltr' id='par_1_35' title="bbox 2008 1961 3659 2035">
     <span class='ocr_line' id='line_1_35' title="bbox 2008 1961 3659 2035; baseline -0.001 -17"><span class='ocrx_word' id='word_1_241' title='bbox 2008 1966 2064 2018; x_wconf 92' lang='lat' dir='ltr'>et</span> <span class='ocrx_word' id='word_1_242' title='bbox 2093 1963 2264 2035; x_wconf 89' lang='lat' dir='ltr'>plura</span> <span class='ocrx_word' id='word_1_243' title='bbox 2293 1963 2368 2018; x_wconf 89' lang='lat' dir='ltr'>ab</span> <span class='ocrx_word' id='word_1_244' title='bbox 2399 1963 2816 2019; x_wconf 90' lang='lat' dir='ltr'>eruditioribus</span> <span class='ocrx_word' id='word_1_245' title='bbox 2840 1961 3434 2034; x_wconf 89' lang='lat' dir='ltr'>prudentioribusque</span> <span class='ocrx_word' id='word_1_246' title='bbox 3457 1961 3659 2033; x_wconf 81' lang='lat' dir='ltr'>exqui-</span> 
     </span>
    </p>
   </div>
   <div class='ocr_carea' id='block_1_36' title="bbox 245 2049 1920 2132">
    <p class='ocr_par' dir='ltr' id='par_1_36' title="bbox 245 2050 1899 2132">
     <span class='ocr_line' id='line_1_36' title="bbox 245 2050 1899 2132; baseline -0.002 -24"><span class='ocrx_word' id='word_1_247' title='bbox 245 2051 470 2131; x_wconf 85' lang='grc' dir='ltr'>πλείονα</span> <span class='ocrx_word' id='word_1_248' title='bbox 523 2056 668 2132; x_wconf 78' lang='grc' dir='ltr'>παρὰ</span> <span class='ocrx_word' id='word_1_249' title='bbox 719 2059 826 2110; x_wconf 89' lang='grc' dir='ltr'>τῶν</span> <span class='ocrx_word' id='word_1_250' title='bbox 907 2052 1367 2130; x_wconf 74' lang='grc' dir='ltr'>ἐλλογιμιιγτέρων</span> <span class='ocrx_word' id='word_1_251' title='bbox 1426 2053 1516 2108; x_wconf 83' lang='grc' dir='ltr'>καὶ</span> <span class='ocrx_word' id='word_1_252' title='bbox 1575 2050 1899 2130; x_wconf 71' lang='grc' dir='ltr'>σοφωτέρων</span> 
     </span>
    </p>
   </div>
   <div class='ocr_carea' id='block_1_37' title="bbox 2008 2049 3656 2132">
    <p class='ocr_par' dir='ltr' id='par_1_37' title="bbox 2008 2049 3656 2124">
     <span class='ocr_line' id='line_1_37' title="bbox 2008 2049 3656 2124; baseline -0.002 -16"><span class='ocrx_word' id='word_1_253' title='bbox 2008 2052 2245 2120; x_wconf 88' lang='lat' dir='ltr'>siverit;</span> <span class='ocrx_word' id='word_1_254' title='bbox 2293 2051 2481 2108; x_wconf 86' lang='lat' dir='ltr'>facere</span> <span class='ocrx_word' id='word_1_255' title='bbox 2529 2069 2643 2108; x_wconf 91' lang='lat' dir='ltr'>non</span> <span class='ocrx_word' id='word_1_256' title='bbox 2704 2052 2942 2124; x_wconf 87' lang='lat' dir='ltr'>poterit,</span> <span class='ocrx_word' id='word_1_257' title='bbox 2999 2052 3140 2124; x_wconf 90' lang='lat' dir='ltr'>quid</span> <span class='ocrx_word' id='word_1_258' title='bbox 3191 2069 3259 2106; x_wconf 88' lang='lat' dir='ltr'>ea</span> <span class='ocrx_word' id='word_1_259' title='bbox 3303 2055 3550 2124; x_wconf 86' lang='lat' dir='ltr'>reponat</span> <span class='ocrx_word' id='word_1_260' title='bbox 3595 2049 3656 2105; x_wconf 89' lang='lat' dir='ltr'>in</span> 
     </span>
    </p>
   </div>
   <div class='ocr_carea' id='block_1_38' title="bbox 248 2139 1890 2217">
    <p class='ocr_par' dir='ltr' id='par_1_38' title="bbox 248 2139 1890 2217">
     <span class='ocr_line' id='line_1_38' title="bbox 248 2139 1890 2217; baseline -0.002 -21"><span class='ocrx_word' id='word_1_261' title='bbox 248 2141 564 2214; x_wconf 74' lang='grc' dir='ltr'>ἀπαιτήσας,</span> <span class='ocrx_word' id='word_1_262' title='bbox 628 2140 832 2198; x_wconf 88' lang='grc' dir='ltr'>δίκαιον</span> <span class='ocrx_word' id='word_1_263' title='bbox 896 2143 1260 2216; x_wconf 88' lang='grc' dir='ltr'>ἀπαραίτητον</span> <span class='ocrx_word' id='word_1_264' title='bbox 1322 2139 1438 2217; x_wconf 79' lang='grc' dir='ltr'>ἔχει</span> <span class='ocrx_word' id='word_1_265' title='bbox 1507 2141 1734 2196; x_wconf 77' lang='grc' dir='ltr'>ἐνθεῖναι</span> <span class='ocrx_word' id='word_1_266' title='bbox 1801 2140 1890 2194; x_wconf 83' lang='grc' dir='ltr'>καὶ</span> 
     </span>
    </p>
   </div>
   <div class='ocr_carea' id='block_1_39' title="bbox 249 2229 1894 2309">
    <p class='ocr_par' dir='ltr' id='par_1_39' title="bbox 249 2229 1894 2309">
     <span class='ocr_line' id='line_1_39' title="bbox 249 2229 1894 2309; baseline -0.002 -23"><span class='ocrx_word' id='word_1_267' title='bbox 249 2229 470 2309; x_wconf 82' lang='grc' dir='ltr'>φυλάξαι</span> <span class='ocrx_word' id='word_1_268' title='bbox 501 2231 636 2287; x_wconf 76' lang='grc' dir='ltr'>αὑτὰ</span> <span class='ocrx_word' id='word_1_269' title='bbox 665 2231 718 2286; x_wconf 83' lang='grc' dir='ltr'>ἐν</span> <span class='ocrx_word' id='word_1_270' title='bbox 747 2235 828 2304; x_wconf 80' lang='grc' dir='ltr'>τῷ</span> <span class='ocrx_word' id='word_1_271' title='bbox 865 2231 1078 2306; x_wconf 84' lang='grc' dir='ltr'>ταμείῳ</span> <span class='ocrx_word' id='word_1_272' title='bbox 1127 2239 1227 2302; x_wconf 80' lang='grc' dir='ltr'>νῆς</span> <span class='ocrx_word' id='word_1_273' title='bbox 1270 2235 1478 2306; x_wconf 82' lang='grc' dir='ltr'>ψυχῆς,</span> <span class='ocrx_word' id='word_1_274' title='bbox 1505 2231 1597 2286; x_wconf 81' lang='grc' dir='ltr'>καὶ</span> <span class='ocrx_word' id='word_1_275' title='bbox 1645 2229 1894 2304; x_wconf 90' lang='grc' dir='ltr'>κατέχειν</span> 
     </span>
    </p>
   </div>
   <div class='ocr_carea' id='block_1_40' title="bbox 243 2317 1894 2398">
    <p class='ocr_par' dir='ltr' id='par_1_40' title="bbox 243 2317 1894 2398">
     <span class='ocr_line' id='line_1_40' title="bbox 243 2317 1894 2398; baseline -0.002 -22"><span class='ocrx_word' id='word_1_276' title='bbox 243 2320 332 2376; x_wconf 83' lang='grc' dir='ltr'>καὶ</span> <span class='ocrx_word' id='word_1_277' title='bbox 409 2327 690 2398; x_wconf 81' lang='grc' dir='ltr'>συντηρεῖν</span> <span class='ocrx_word' id='word_1_278' title='bbox 768 2319 941 2376; x_wconf 75' lang='grc' dir='ltr'>ἄσυλα</span> <span class='ocrx_word' id='word_1_279' title='bbox 1019 2322 1109 2376; x_wconf 88' lang='grc' dir='ltr'>καὶ</span> <span class='ocrx_word' id='word_1_280' title='bbox 1183 2321 1568 2394; x_wconf 87' lang='grc' dir='ltr'>ἆμετακίνητα,</span> <span class='ocrx_word' id='word_1_281' title='bbox 1638 2317 1894 2397; x_wconf 82' lang='grc' dir='ltr'>ἀσφαλῶς</span> 
     </span>
    </p>
   </div>
   <div class='ocr_carea' id='block_1_41' title="bbox 241 2408 1894 2486">
    <p class='ocr_par' dir='ltr' id='par_1_41' title="bbox 241 2408 1894 2486">
     <span class='ocr_line' id='line_1_41' title="bbox 241 2408 1894 2486; baseline -0.002 -21"><span class='ocrx_word' id='word_1_282' title='bbox 241 2409 331 2465; x_wconf 88' lang='grc' dir='ltr'>καὶ</span> <span class='ocrx_word' id='word_1_283' title='bbox 377 2409 559 2474; x_wconf 88' lang='grc' dir='ltr'>καλῶς</span> <span class='ocrx_word' id='word_1_284' title='bbox 618 2409 938 2486; x_wconf 78' lang='grc' dir='ltr'>συγκλείσας</span> <span class='ocrx_word' id='word_1_285' title='bbox 992 2411 1084 2465; x_wconf 87' lang='grc' dir='ltr'>καὶ</span> <span class='ocrx_word' id='word_1_286' title='bbox 1141 2410 1517 2486; x_wconf 83' lang='grc' dir='ltr'>ἁρμοσάμενος</span> <span class='ocrx_word' id='word_1_287' title='bbox 1572 2409 1667 2472; x_wconf 77' lang='grc' dir='ltr'>τὰς</span> <span class='ocrx_word' id='word_1_288' title='bbox 1729 2408 1894 2484; x_wconf 85' lang='grc' dir='ltr'>θύρας</span> 
     </span>
    </p>
   </div>
   <div class='ocr_carea' id='block_1_42' title="bbox 243 2497 1894 2576">
    <p class='ocr_par' dir='ltr' id='par_1_42' title="bbox 243 2497 1894 2576">
     <span class='ocr_line' id='line_1_42' title="bbox 243 2497 1894 2576; baseline -0.001 -22"><span class='ocrx_word' id='word_1_289' title='bbox 243 2497 428 2571; x_wconf 76' lang='grc' dir='ltr'>αὐτῆς,</span> <span class='ocrx_word' id='word_1_290' title='bbox 460 2499 553 2554; x_wconf 86' lang='grc' dir='ltr'>καὶ</span> <span class='ocrx_word' id='word_1_291' title='bbox 591 2497 868 2575; x_wconf 82' lang='grc' dir='ltr'>κλείθροις</span> <span class='ocrx_word' id='word_1_292' title='bbox 916 2499 1006 2554; x_wconf 77' lang='grc' dir='ltr'>καὶ</span> <span class='ocrx_word' id='word_1_293' title='bbox 1058 2499 1296 2575; x_wconf 81' lang='grc' dir='ltr'>μοχλοῖς</span> <span class='ocrx_word' id='word_1_294' title='bbox 1341 2499 1589 2576; x_wconf 78' lang='grc' dir='ltr'>ἰσχυροῖς</span> <span class='ocrx_word' id='word_1_295' title='bbox 1644 2497 1894 2574; x_wconf 79' lang='grc' dir='ltr'>στηρίξας</span> 
     </span>
    </p>
   </div>
   <div class='ocr_carea' id='block_1_43' title="bbox 247 2586 1891 2668">
    <p class='ocr_par' dir='ltr' id='par_1_43' title="bbox 247 2586 1891 2668">
     <span class='ocr_line' id='line_1_43' title="bbox 247 2586 1891 2668; baseline -0.001 -25"><span class='ocrx_word' id='word_1_296' title='bbox 247 2589 358 2662; x_wconf 85' lang='grc' dir='ltr'>μετ’</span> <span class='ocrx_word' id='word_1_297' title='bbox 414 2586 735 2665; x_wconf 76' lang='grc' dir='ltr'>ἀσφαλείας,</span> <span class='ocrx_word' id='word_1_298' title='bbox 791 2589 881 2643; x_wconf 76' lang='grc' dir='ltr'>καὶ</span> <span class='ocrx_word' id='word_1_299' title='bbox 965 2587 1208 2668; x_wconf 85' lang='grc' dir='ltr'>φύλακας</span> <span class='ocrx_word' id='word_1_300' title='bbox 1264 2587 1624 2650; x_wconf 85' lang='grc' dir='ltr'>ἀνυστάκτους</span> <span class='ocrx_word' id='word_1_301' title='bbox 1680 2608 1740 2642; x_wconf 88' lang='grc' dir='ltr'>τε</span> <span class='ocrx_word' id='word_1_302' title='bbox 1801 2586 1891 2641; x_wconf 86' lang='grc' dir='ltr'>καὶ</span> 
     </span>
    </p>
   </div>
   <div class='ocr_carea' id='block_1_44' title="bbox 249 2675 1889 2753">
    <p class='ocr_par' dir='ltr' id='par_1_44' title="bbox 249 2675 1889 2753">
     <span class='ocr_line' id='line_1_44' title="bbox 249 2675 1889 2753; baseline -0.001 -22"><span class='ocrx_word' id='word_1_303' title='bbox 249 2676 554 2753; x_wconf 76' lang='grc' dir='ltr'>ἀγρύπνους</span> <span class='ocrx_word' id='word_1_304' title='bbox 644 2677 938 2748; x_wconf 74' lang='grc' dir='ltr'>ἐπιστήσας</span> <span class='ocrx_word' id='word_1_305' title='bbox 1017 2677 1240 2741; x_wconf 79' lang='grc' dir='ltr'>αὐτοῖς’</span> <span class='ocrx_word' id='word_1_306' title='bbox 1312 2678 1402 2733; x_wconf 85' lang='grc' dir='ltr'>καὶ</span> <span class='ocrx_word' id='word_1_307' title='bbox 1477 2677 1622 2732; x_wconf 75' lang='grc' dir='ltr'>οὕτω</span> <span class='ocrx_word' id='word_1_308' title='bbox 1696 2675 1889 2731; x_wconf 87' lang='grc' dir='ltr'>λοιπὸν</span> 
     </span>
    </p>
   </div>
   <div class='ocr_carea' id='block_1_45' title="bbox 244 2765 1888 2844">
    <p class='ocr_par' dir='ltr' id='par_1_45' title="bbox 244 2765 1888 2844">
     <span class='ocr_line' id='line_1_45' title="bbox 244 2765 1888 2844; baseline -0.001 -23"><span class='ocrx_word' id='word_1_309' title='bbox 244 2765 568 2844; x_wconf 88' lang='grc' dir='ltr'>θησαυρίσας</span> <span class='ocrx_word' id='word_1_310' title='bbox 616 2765 856 2823; x_wconf 83' lang='grc' dir='ltr'>πλοῦτον</span> <span class='ocrx_word' id='word_1_311' title='bbox 912 2765 1200 2844; x_wconf 81' lang='grc' dir='ltr'>βασιλικῆς</span> <span class='ocrx_word' id='word_1_312' title='bbox 1253 2767 1677 2842; x_wconf 79' lang='grc' dir='ltr'>μεγαλειότητος</span> <span class='ocrx_word' id='word_1_313' title='bbox 1722 2765 1888 2839; x_wconf 81' lang='grc' dir='ltr'>ἄξιον,</span> 
     </span>
    </p>
   </div>
   <div class='ocr_carea' id='block_1_46' title="bbox 245 2855 1888 2934">
    <p class='ocr_par' dir='ltr' id='par_1_46' title="bbox 245 2855 1888 2934">
     <span class='ocr_line' id='line_1_46' title="bbox 245 2855 1888 2934; baseline -0.001 -24"><span class='ocrx_word' id='word_1_314' title='bbox 245 2855 333 2910; x_wconf 87' lang='grc' dir='ltr'>καὶ</span> <span class='ocrx_word' id='word_1_315' title='bbox 405 2855 838 2934; x_wconf 81' lang='grc' dir='ltr'>μεγαλοπρεπῶς</span> <span class='ocrx_word' id='word_1_316' title='bbox 901 2857 992 2911; x_wconf 85' lang='grc' dir='ltr'>καὶ</span> <span class='ocrx_word' id='word_1_317' title='bbox 1061 2855 1534 2934; x_wconf 76' lang='grc' dir='ltr'>αὐτοκρατορικῶς</span> <span class='ocrx_word' id='word_1_318' title='bbox 1597 2855 1888 2912; x_wconf 83' lang='grc' dir='ltr'>ἀπολαύων</span> 
     </span>
    </p>
   </div>
   <div class='ocr_carea' id='block_1_47' title="bbox 248 2942 1904 3023">
    <p class='ocr_par' dir='ltr' id='par_1_47' title="bbox 248 2942 1904 3023">
     <span class='ocr_line' id='line_1_47' title="bbox 248 2942 1904 3023; baseline 0 -25"><span class='ocrx_word' id='word_1_319' title='bbox 248 2943 425 3016; x_wconf 81' lang='grc' dir='ltr'>αὐτοῦ,</span> <span class='ocrx_word' id='word_1_320' title='bbox 477 2944 686 3023; x_wconf 77' lang='grc' dir='ltr'>ὀφείλει</span> <span class='ocrx_word' id='word_1_321' title='bbox 743 2942 1090 3018; x_wconf 83' lang='grc' dir='ltr'>μεταδιδόναι</span> <span class='ocrx_word' id='word_1_322' title='bbox 1143 2943 1456 3021; x_wconf 81' lang='grc' dir='ltr'>φιλοτίμως</span> <span class='ocrx_word' id='word_1_323' title='bbox 1507 2947 1597 3000; x_wconf 81' lang='grc' dir='ltr'>καὶ</span> <span class='ocrx_word' id='word_1_324' title='bbox 1647 2943 1904 3018; x_wconf 78' lang='grc' dir='ltr'>δαψιλῶς</span> 
     </span>
    </p>
   </div>
   <div class='ocr_carea' id='block_1_48' title="bbox 247 3029 1894 3110">
    <p class='ocr_par' dir='ltr' id='par_1_48' title="bbox 247 3029 1894 3110">
     <span class='ocr_line' id='line_1_48' title="bbox 247 3029 1894 3110; baseline 0.001 -24"><span class='ocrx_word' id='word_1_325' title='bbox 247 3029 533 3096; x_wconf 75' lang='grc' dir='ltr'>πᾶσιτοῖς</span> <span class='ocrx_word' id='word_1_326' title='bbox 595 3035 960 3110; x_wconf 82' lang='grc' dir='ltr'>ἀρχομένοις·</span> <span class='ocrx_word' id='word_1_327' title='bbox 997 3032 1067 3088; x_wconf 68' lang='grc' dir='ltr'>ἵν’</span> <span class='ocrx_word' id='word_1_328' title='bbox 1114 3034 1287 3097; x_wconf 80' lang='grc' dir='ltr'>οὕτως</span> <span class='ocrx_word' id='word_1_329' title='bbox 1335 3034 1598 3105; x_wconf 82' lang='grc' dir='ltr'>αὐξάνωσι</span> <span class='ocrx_word' id='word_1_330' title='bbox 1645 3037 1713 3089; x_wconf 77' lang='grc' dir='ltr'>τὰ</span> <span class='ocrx_word' id='word_1_331' title='bbox 1749 3032 1894 3089; x_wconf 80' lang='grc' dir='ltr'>καλὰ</span> 
     </span>
    </p>
   </div>
   <div class='ocr_carea' id='block_1_49' title="bbox 247 3119 1893 3202">
    <p class='ocr_par' dir='ltr' id='par_1_49' title="bbox 247 3119 1893 3202">
     <span class='ocr_line' id='line_1_49' title="bbox 247 3119 1893 3202; baseline 0.001 -26"><span class='ocrx_word' id='word_1_332' title='bbox 247 3119 338 3176; x_wconf 88' lang='grc' dir='ltr'>καὶ</span> <span class='ocrx_word' id='word_1_333' title='bbox 366 3121 765 3195; x_wconf 82' lang='grc' dir='ltr'>πληθύνωνται,</span> <span class='ocrx_word' id='word_1_334' title='bbox 795 3123 886 3178; x_wconf 77' lang='grc' dir='ltr'>καὶ</span> <span class='ocrx_word' id='word_1_335' title='bbox 944 3123 1034 3202; x_wconf 87' lang='grc' dir='ltr'>ἀφ’</span> <span class='ocrx_word' id='word_1_336' title='bbox 1059 3122 1242 3196; x_wconf 68' lang='grc' dir='ltr'>ἑτέρου</span> <span class='ocrx_word' id='word_1_337' title='bbox 1292 3124 1367 3186; x_wconf 78' lang='grc' dir='ltr'>εἷς</span> <span class='ocrx_word' id='word_1_338' title='bbox 1412 3120 1594 3200; x_wconf 72' lang='grc' dir='ltr'>ἕτερον</span> <span class='ocrx_word' id='word_1_339' title='bbox 1647 3121 1893 3179; x_wconf 77' lang='grc' dir='ltr'>διαδόσι-</span> 
     </span>
    </p>
   </div>
   <div class='ocr_carea' id='block_1_50' title="bbox 251 3209 1891 3289">
    <p class='ocr_par' dir='ltr' id='par_1_50' title="bbox 251 3209 1891 3289">
     <span class='ocr_line' id='line_1_50' title="bbox 251 3209 1891 3289; baseline 0.001 -24"><span class='ocrx_word' id='word_1_340' title='bbox 251 3230 326 3282; x_wconf 83' lang='grc' dir='ltr'>μα</span> <span class='ocrx_word' id='word_1_341' title='bbox 371 3211 663 3287; x_wconf 84' lang='grc' dir='ltr'>γίνωνται·</span> <span class='ocrx_word' id='word_1_342' title='bbox 720 3211 935 3275; x_wconf 85' lang='grc' dir='ltr'>πάντως</span> <span class='ocrx_word' id='word_1_343' title='bbox 983 3211 1061 3276; x_wconf 83' lang='grc' dir='ltr'>εἷς</span> <span class='ocrx_word' id='word_1_344' title='bbox 1107 3209 1454 3289; x_wconf 85' lang='grc' dir='ltr'>παράδειγμα</span> <span class='ocrx_word' id='word_1_345' title='bbox 1517 3213 1607 3268; x_wconf 84' lang='grc' dir='ltr'>καὶ</span> <span class='ocrx_word' id='word_1_346' title='bbox 1661 3211 1891 3289; x_wconf 83' lang='grc' dir='ltr'>ἀρχέτυ-</span> 
     </span>
    </p>
   </div>
   <div class='ocr_carea' id='block_1_51' title="bbox 245 3299 1890 3376">
    <p class='ocr_par' dir='ltr' id='par_1_51' title="bbox 245 3299 1890 3376">
     <span class='ocr_line' id='line_1_51' title="bbox 245 3299 1890 3376; baseline 0.002 -23"><span class='ocrx_word' id='word_1_347' title='bbox 245 3319 344 3354; x_wconf 88' lang='grc' dir='ltr'>πον</span> <span class='ocrx_word' id='word_1_348' title='bbox 404 3299 716 3376; x_wconf 85' lang='grc' dir='ltr'>βλεπόντων</span> <span class='ocrx_word' id='word_1_349' title='bbox 785 3303 878 3356; x_wconf 89' lang='grc' dir='ltr'>τὸν</span> <span class='ocrx_word' id='word_1_350' title='bbox 961 3299 1186 3376; x_wconf 87' lang='grc' dir='ltr'>βασιλέα</span> <span class='ocrx_word' id='word_1_351' title='bbox 1256 3301 1400 3356; x_wconf 61' lang='grc' dir='ltr'>οὕτω</span> <span class='ocrx_word' id='word_1_352' title='bbox 1453 3303 1890 3375; x_wconf 69' lang='grc' dir='ltr'>κεκοσμημένον,</span> 
     </span>
    </p>
   </div>
   <div class='ocr_carea' id='block_1_52' title="bbox 242 3385 1893 3468">
    <p class='ocr_par' dir='ltr' id='par_1_52' title="bbox 242 3385 1893 3468">
     <span class='ocr_line' id='line_1_52' title="bbox 242 3385 1893 3468; baseline 0 -24"><span class='ocrx_word' id='word_1_353' title='bbox 242 3388 329 3444; x_wconf 80' lang='grc' dir='ltr'>καὶ</span> <span class='ocrx_word' id='word_1_354' title='bbox 383 3385 528 3468; x_wconf 76' lang='grc' dir='ltr'>ἔργῳ</span> <span class='ocrx_word' id='word_1_355' title='bbox 599 3389 689 3446; x_wconf 82' lang='grc' dir='ltr'>καὶ</span> <span class='ocrx_word' id='word_1_356' title='bbox 771 3388 922 3466; x_wconf 82' lang='grc' dir='ltr'>λόγῳ</span> <span class='ocrx_word' id='word_1_357' title='bbox 997 3395 1345 3464; x_wconf 88' lang='grc' dir='ltr'>παριστῶντα</span> <span class='ocrx_word' id='word_1_358' title='bbox 1415 3391 1506 3445; x_wconf 82' lang='grc' dir='ltr'>καὶ</span> <span class='ocrx_word' id='word_1_359' title='bbox 1580 3389 1893 3446; x_wconf 80' lang='grc' dir='ltr'>δεικνύοντα</span> 
     </span>
    </p>
   </div>
   <div class='ocr_carea' id='block_1_53' title="bbox 236 3478 1889 3557">
    <p class='ocr_par' dir='ltr' id='par_1_53' title="bbox 236 3478 1889 3557">
     <span class='ocr_line' id='line_1_53' title="bbox 236 3478 1889 3557; baseline -0.001 -23"><span class='ocrx_word' id='word_1_360' title='bbox 236 3479 418 3536; x_wconf 74' lang='grc' dir='ltr'>ἑαυτὸν</span> <span class='ocrx_word' id='word_1_361' title='bbox 473 3481 774 3557; x_wconf 80' lang='grc' dir='ltr'>εὑράμενον</span> <span class='ocrx_word' id='word_1_362' title='bbox 827 3481 928 3550; x_wconf 78' lang='grc' dir='ltr'>τὴν</span> <span class='ocrx_word' id='word_1_363' title='bbox 999 3479 1290 3557; x_wconf 84' lang='grc' dir='ltr'>κρατίστην</span> <span class='ocrx_word' id='word_1_364' title='bbox 1350 3480 1440 3536; x_wconf 87' lang='grc' dir='ltr'>καὶ</span> <span class='ocrx_word' id='word_1_365' title='bbox 1516 3478 1889 3550; x_wconf 81' lang='grc' dir='ltr'>ἀληθεστάτην</span> 
     </span>
    </p>
   </div>
   <div class='ocr_carea' id='block_1_54' title="bbox 230 3566 1890 3644">
    <p class='ocr_par' dir='ltr' id='par_1_54' title="bbox 230 3566 1890 3644">
     <span class='ocr_line' id='line_1_54' title="bbox 230 3566 1890 3644; baseline -0.001 -20"><span class='ocrx_word' id='word_1_366' title='bbox 230 3566 606 3644; x_wconf 71' lang='grc' dir='ltr'>εὐδαιμονίαν,</span> <span class='ocrx_word' id='word_1_367' title='bbox 634 3569 728 3625; x_wconf 84' lang='grc' dir='ltr'>καὶ</span> <span class='ocrx_word' id='word_1_368' title='bbox 782 3569 882 3638; x_wconf 78' lang='grc' dir='ltr'>τὴν</span> <span class='ocrx_word' id='word_1_369' title='bbox 936 3568 1302 3642; x_wconf 72' lang='grc' dir='ltr'>ἀποκειμένην</span> <span class='ocrx_word' id='word_1_370' title='bbox 1361 3568 1468 3624; x_wconf 88' lang='grc' dir='ltr'>ἀπὸ</span> <span class='ocrx_word' id='word_1_371' title='bbox 1523 3567 1724 3638; x_wconf 88' lang='grc' dir='ltr'>ταύτης</span> <span class='ocrx_word' id='word_1_372' title='bbox 1772 3569 1890 3623; x_wconf 85' lang='grc' dir='ltr'>ἀτε-</span> 
     </span>
    </p>
   </div>
   <div class='ocr_carea' id='block_1_55' title="bbox 227 3655 1306 3733">
    <p class='ocr_par' dir='ltr' id='par_1_55' title="bbox 227 3655 1306 3733">
     <span class='ocr_line' id='line_1_55' title="bbox 227 3655 1306 3733; baseline 0.002 -19"><span class='ocrx_word' id='word_1_373' title='bbox 227 3655 488 3731; x_wconf 83' lang='grc' dir='ltr'>λεύτητον</span> <span class='ocrx_word' id='word_1_374' title='bbox 523 3658 620 3715; x_wconf 81' lang='grc' dir='ltr'>καὶ</span> <span class='ocrx_word' id='word_1_375' title='bbox 650 3655 870 3714; x_wconf 86' lang='grc' dir='ltr'>αἰωνίαν</span> <span class='ocrx_word' id='word_1_376' title='bbox 907 3657 1306 3733; x_wconf 83' lang='grc' dir='ltr'>μακαριότητα.</span> 
     </span>
    </p>
   </div>
   <div class='ocr_carea' id='block_1_56' title="bbox 2005 2140 3658 2214">
    <p class='ocr_par' dir='ltr' id='par_1_56' title="bbox 2005 2140 3658 2214">
     <span class='ocr_line' id='line_1_56' title="bbox 2005 2140 3658 2214; baseline -0.002 -17"><span class='ocrx_word' id='word_1_377' title='bbox 2005 2141 2190 2197; x_wconf 86' lang='lat' dir='ltr'>animi</span> <span class='ocrx_word' id='word_1_378' title='bbox 2221 2157 2358 2197; x_wconf 89' lang='lat' dir='ltr'>arca</span> <span class='ocrx_word' id='word_1_379' title='bbox 2389 2145 2566 2214; x_wconf 89' lang='lat' dir='ltr'>atque</span> <span class='ocrx_word' id='word_1_380' title='bbox 2597 2141 2914 2210; x_wconf 87' lang='lat' dir='ltr'>custodiat,</span> <span class='ocrx_word' id='word_1_381' title='bbox 2963 2145 3137 2214; x_wconf 86' lang='lat' dir='ltr'>atque</span> <span class='ocrx_word' id='word_1_382' title='bbox 3167 2141 3239 2197; x_wconf 89' lang='lat' dir='ltr'>ab</span> <span class='ocrx_word' id='word_1_383' title='bbox 3272 2140 3428 2196; x_wconf 91' lang='lat' dir='ltr'>omni</span> <span class='ocrx_word' id='word_1_384' title='bbox 3458 2140 3658 2211; x_wconf 91' lang='lat' dir='ltr'>direp-</span> 
     </span>
    </p>
   </div>
   <div class='ocr_carea' id='block_1_57' title="bbox 1975 2229 3655 2304">
    <p class='ocr_par' dir='ltr' id='par_1_57' title="bbox 1975 2229 3655 2304">
     <span class='ocr_line' id='line_1_57' title="bbox 1975 2229 3655 2304; baseline -0.001 -19"><span class='ocrx_word' id='word_1_385' title='bbox 1975 2231 2158 2285; x_wconf 73' lang='lat' dir='ltr'>tione</span> <span class='ocrx_word' id='word_1_386' title='bbox 2197 2235 2487 2304; x_wconf 84' lang='lat' dir='ltr'>protegat,</span> <span class='ocrx_word' id='word_1_387' title='bbox 2507 2230 2782 2286; x_wconf 89' lang='lat' dir='ltr'>claustris</span> <span class='ocrx_word' id='word_1_388' title='bbox 2812 2233 2941 2301; x_wconf 86' lang='lat' dir='ltr'>ejus</span> <span class='ocrx_word' id='word_1_389' title='bbox 2971 2229 3200 2302; x_wconf 82' lang='lat' dir='ltr'>egregie</span> <span class='ocrx_word' id='word_1_390' title='bbox 3231 2229 3538 2296; x_wconf 83' lang='lat' dir='ltr'>obseratis,</span> <span class='ocrx_word' id='word_1_391' title='bbox 3565 2245 3655 2284; x_wconf 87' lang='lat' dir='ltr'>se-</span> 
     </span>
    </p>
   </div>
   <div class='ocr_carea' id='block_1_58' title="bbox 2001 2317 3646 2390">
    <p class='ocr_par' dir='ltr' id='par_1_58' title="bbox 2001 2317 3646 2390">
     <span class='ocr_line' id='line_1_58' title="bbox 2001 2317 3646 2390; baseline 0 -18"><span class='ocrx_word' id='word_1_392' title='bbox 2001 2319 2084 2374; x_wconf 88' lang='lat' dir='ltr'>ris</span> <span class='ocrx_word' id='word_1_393' title='bbox 2112 2319 2437 2390; x_wconf 88' lang='lat' dir='ltr'>validisque</span> <span class='ocrx_word' id='word_1_394' title='bbox 2483 2319 2746 2374; x_wconf 87' lang='lat' dir='ltr'>vectibus</span> <span class='ocrx_word' id='word_1_395' title='bbox 2779 2321 2849 2375; x_wconf 90' lang='lat' dir='ltr'>ad</span> <span class='ocrx_word' id='word_1_396' title='bbox 2895 2319 3181 2375; x_wconf 89' lang='lat' dir='ltr'>cautelam</span> <span class='ocrx_word' id='word_1_397' title='bbox 3222 2319 3523 2386; x_wconf 85' lang='lat' dir='ltr'>adhibitis,</span> <span class='ocrx_word' id='word_1_398' title='bbox 3556 2317 3646 2372; x_wconf 92' lang='lat' dir='ltr'>vi-</span> 
     </span>
    </p>
   </div>
   <div class='ocr_carea' id='block_1_59' title="bbox 2001 2408 3648 2482">
    <p class='ocr_par' dir='ltr' id='par_1_59' title="bbox 2001 2408 3648 2482">
     <span class='ocr_line' id='line_1_59' title="bbox 2001 2408 3648 2482; baseline 0.001 -19"><span class='ocrx_word' id='word_1_399' title='bbox 2001 2409 2220 2480; x_wconf 87' lang='lat' dir='ltr'>gilibus</span> <span class='ocrx_word' id='word_1_400' title='bbox 2251 2411 2503 2482; x_wconf 89' lang='lat' dir='ltr'>denique</span> <span class='ocrx_word' id='word_1_401' title='bbox 2526 2410 2875 2466; x_wconf 88' lang='lat' dir='ltr'>custodibus</span> <span class='ocrx_word' id='word_1_402' title='bbox 2897 2411 3065 2481; x_wconf 85' lang='lat' dir='ltr'>juxta</span> <span class='ocrx_word' id='word_1_403' title='bbox 3094 2408 3532 2482; x_wconf 88' lang='lat' dir='ltr'>positis.Atque</span> <span class='ocrx_word' id='word_1_404' title='bbox 3564 2409 3648 2464; x_wconf 89' lang='lat' dir='ltr'>ita</span> 
     </span>
    </p>
   </div>
   <div class='ocr_carea' id='block_1_60' title="bbox 2001 2493 3648 2574">
    <p class='ocr_par' dir='ltr' id='par_1_60' title="bbox 2001 2493 3648 2574">
     <span class='ocr_line' id='line_1_60' title="bbox 2001 2493 3648 2574; baseline -0.001 -20"><span class='ocrx_word' id='word_1_405' title='bbox 2001 2516 2174 2554; x_wconf 89' lang='lat' dir='ltr'>omne</span> <span class='ocrx_word' id='word_1_406' title='bbox 2205 2517 2382 2573; x_wconf 91' lang='lat' dir='ltr'>opum</span> <span class='ocrx_word' id='word_1_407' title='bbox 2414 2516 2598 2572; x_wconf 87' lang='lat' dir='ltr'>genus</span> <span class='ocrx_word' id='word_1_408' title='bbox 2629 2499 2789 2574; x_wconf 90' lang='lat' dir='ltr'>regia</span> <span class='ocrx_word' id='word_1_409' title='bbox 2813 2493 3220 2573; x_wconf 80' lang='lat' dir='ltr'>magnitudine</span> <span class='ocrx_word' id='word_1_410' title='bbox 3239 2497 3484 2570; x_wconf 88' lang='lat' dir='ltr'>dignum</span> <span class='ocrx_word' id='word_1_411' title='bbox 3517 2513 3648 2553; x_wconf 92' lang='lat' dir='ltr'>con-</span> 
     </span>
    </p>
   </div>
   <div class='ocr_carea' id='block_1_61' title="bbox 2001 2587 3648 2663">
    <p class='ocr_par' dir='ltr' id='par_1_61' title="bbox 2001 2587 3648 2663">
     <span class='ocr_line' id='line_1_61' title="bbox 2001 2587 3648 2663; baseline -0.001 -19"><span class='ocrx_word' id='word_1_412' title='bbox 2001 2605 2229 2662; x_wconf 87' lang='lat' dir='ltr'>gerens,</span> <span class='ocrx_word' id='word_1_413' title='bbox 2264 2605 2447 2662; x_wconf 90' lang='lat' dir='ltr'>eoque</span> <span class='ocrx_word' id='word_1_414' title='bbox 2479 2590 2782 2663; x_wconf 75' lang='lat' dir='ltr'>Splendida</span> <span class='ocrx_word' id='word_1_415' title='bbox 2812 2593 2871 2644; x_wconf 92' lang='lat' dir='ltr'>et</span> <span class='ocrx_word' id='word_1_416' title='bbox 2923 2587 3195 2660; x_wconf 84' lang='lat' dir='ltr'>regaliter</span> <span class='ocrx_word' id='word_1_417' title='bbox 3233 2591 3425 2658; x_wconf 86' lang='lat' dir='ltr'>utens,</span> <span class='ocrx_word' id='word_1_418' title='bbox 3453 2591 3648 2659; x_wconf 87' lang='lat' dir='ltr'>partes</span> 
     </span>
    </p>
   </div>
   <div class='ocr_carea' id='block_1_62' title="bbox 2001 2675 3648 2750">
    <p class='ocr_par' dir='ltr' id='par_1_62' title="bbox 2001 2675 3648 2750">
     <span class='ocr_line' id='line_1_62' title="bbox 2001 2675 3648 2750; baseline 0.001 -18"><span class='ocrx_word' id='word_1_419' title='bbox 2001 2679 2131 2750; x_wconf 88' lang='lat' dir='ltr'>ejus</span> <span class='ocrx_word' id='word_1_420' title='bbox 2161 2678 2484 2736; x_wconf 88' lang='lat' dir='ltr'>liberaliter</span> <span class='ocrx_word' id='word_1_421' title='bbox 2516 2684 2689 2750; x_wconf 88' lang='lat' dir='ltr'>atque</span> <span class='ocrx_word' id='word_1_422' title='bbox 2720 2678 2950 2750; x_wconf 88' lang='lat' dir='ltr'>c0piose</span> <span class='ocrx_word' id='word_1_423' title='bbox 2979 2677 3040 2732; x_wconf 90' lang='lat' dir='ltr'>in</span> <span class='ocrx_word' id='word_1_424' title='bbox 3073 2677 3368 2748; x_wconf 89' lang='lat' dir='ltr'>subjectos</span> <span class='ocrx_word' id='word_1_425' title='bbox 3399 2675 3648 2749; x_wconf 90' lang='lat' dir='ltr'>populos</span> 
     </span>
    </p>
   </div>
   <div class='ocr_carea' id='block_1_63' title="bbox 2001 2765 3647 2839">
    <p class='ocr_par' dir='ltr' id='par_1_63' title="bbox 2001 2765 3647 2839">
     <span class='ocr_line' id='line_1_63' title="bbox 2001 2765 3647 2839; baseline -0.002 -17"><span class='ocrx_word' id='word_1_426' title='bbox 2001 2767 2300 2834; x_wconf 80' lang='lat' dir='ltr'>eﬁ&#39;undet;</span> <span class='ocrx_word' id='word_1_427' title='bbox 2335 2771 2401 2822; x_wconf 91' lang='lat' dir='ltr'>ut</span> <span class='ocrx_word' id='word_1_428' title='bbox 2429 2768 2514 2824; x_wconf 88' lang='lat' dir='ltr'>sic</span> <span class='ocrx_word' id='word_1_429' title='bbox 2563 2768 2718 2823; x_wconf 88' lang='lat' dir='ltr'>bona</span> <span class='ocrx_word' id='word_1_430' title='bbox 2747 2783 2960 2839; x_wconf 89' lang='lat' dir='ltr'>magno</span> <span class='ocrx_word' id='word_1_431' title='bbox 3004 2782 3251 2821; x_wconf 89' lang='lat' dir='ltr'>numero</span> <span class='ocrx_word' id='word_1_432' title='bbox 3283 2765 3647 2837; x_wconf 80' lang='lat' dir='ltr'>proveniant,</span> 
     </span>
    </p>
   </div>
   <div class='ocr_carea' id='block_1_64' title="bbox 1999 2855 3648 2928">
    <p class='ocr_par' dir='ltr' id='par_1_64' title="bbox 1999 2855 3648 2928">
     <span class='ocr_line' id='line_1_64' title="bbox 1999 2855 3648 2928; baseline -0.001 -17"><span class='ocrx_word' id='word_1_433' title='bbox 1999 2855 2378 2927; x_wconf 85' lang='lat' dir='ltr'>vicissimque</span> <span class='ocrx_word' id='word_1_434' title='bbox 2407 2862 2464 2912; x_wconf 85' lang='lat' dir='ltr'>et</span> <span class='ocrx_word' id='word_1_435' title='bbox 2483 2873 2551 2912; x_wconf 86' lang='lat' dir='ltr'>ex</span> <span class='ocrx_word' id='word_1_436' title='bbox 2581 2857 2785 2912; x_wconf 88' lang='lat' dir='ltr'>ordine</span> <span class='ocrx_word' id='word_1_437' title='bbox 2807 2858 3242 2928; x_wconf 78' lang='lat' dir='ltr'>propagentur;</span> <span class='ocrx_word' id='word_1_438' title='bbox 3272 2855 3416 2910; x_wconf 88' lang='lat' dir='ltr'>dum</span> <span class='ocrx_word' id='word_1_439' title='bbox 3445 2871 3648 2910; x_wconf 88' lang='lat' dir='ltr'>omnes</span> 
     </span>
    </p>
   </div>
   <div class='ocr_carea' id='block_1_65' title="bbox 2001 2944 3652 3016">
    <p class='ocr_par' dir='ltr' id='par_1_65' title="bbox 2001 2944 3652 3016">
     <span class='ocr_line' id='line_1_65' title="bbox 2001 2944 3652 3016; baseline -0.002 -14"><span class='ocrx_word' id='word_1_440' title='bbox 2001 2945 2222 3002; x_wconf 89' lang='lat' dir='ltr'>scilicet</span> <span class='ocrx_word' id='word_1_441' title='bbox 2253 2947 2324 3000; x_wconf 88' lang='lat' dir='ltr'>ad</span> <span class='ocrx_word' id='word_1_442' title='bbox 2358 2947 2442 3001; x_wconf 89' lang='lat' dir='ltr'>sic</span> <span class='ocrx_word' id='word_1_443' title='bbox 2471 2949 2816 3001; x_wconf 87' lang='lat' dir='ltr'>exornatum</span> <span class='ocrx_word' id='word_1_444' title='bbox 2864 2959 3082 3016; x_wconf 89' lang='lat' dir='ltr'>regem,</span> <span class='ocrx_word' id='word_1_445' title='bbox 3131 2947 3415 3015; x_wconf 85' lang='lat' dir='ltr'>tanquam</span> <span class='ocrx_word' id='word_1_446' title='bbox 3457 2944 3530 2998; x_wconf 92' lang='lat' dir='ltr'>ad</span> <span class='ocrx_word' id='word_1_447' title='bbox 3561 2959 3652 2999; x_wconf 86' lang='lat' dir='ltr'>ex-</span> 
     </span>
    </p>
   </div>
   <div class='ocr_carea' id='block_1_66' title="bbox 2001 3032 3650 3107">
    <p class='ocr_par' dir='ltr' id='par_1_66' title="bbox 2001 3032 3650 3107">
     <span class='ocr_line' id='line_1_66' title="bbox 2001 3032 3650 3107; baseline -0.002 -16"><span class='ocrx_word' id='word_1_448' title='bbox 2001 3034 2228 3106; x_wconf 88' lang='lat' dir='ltr'>emplar</span> <span class='ocrx_word' id='word_1_449' title='bbox 2258 3034 2777 3107; x_wconf 81' lang='lat' dir='ltr'>archetypumque,</span> <span class='ocrx_word' id='word_1_450' title='bbox 2811 3036 3180 3106; x_wconf 81' lang='lat' dir='ltr'>respectant;</span> <span class='ocrx_word' id='word_1_451' title='bbox 3213 3033 3286 3088; x_wconf 91' lang='lat' dir='ltr'>ad</span> <span class='ocrx_word' id='word_1_452' title='bbox 3307 3048 3522 3104; x_wconf 85' lang='lat' dir='ltr'>regem,</span> <span class='ocrx_word' id='word_1_453' title='bbox 3555 3032 3650 3086; x_wconf 84' lang='lat' dir='ltr'>in-</span> 
     </span>
    </p>
   </div>
   <div class='ocr_carea' id='block_1_67' title="bbox 2003 3123 3650 3196">
    <p class='ocr_par' dir='ltr' id='par_1_67' title="bbox 2003 3123 3650 3196">
     <span class='ocr_line' id='line_1_67' title="bbox 2003 3123 3650 3196; baseline -0.001 -18"><span class='ocrx_word' id='word_1_454' title='bbox 2003 3123 2312 3196; x_wconf 79' lang='lat' dir='ltr'>quam,qui</span> <span class='ocrx_word' id='word_1_455' title='bbox 2343 3125 2514 3179; x_wconf 84' lang='lat' dir='ltr'>iactis</span> <span class='ocrx_word' id='word_1_456' title='bbox 2567 3125 2880 3195; x_wconf 89' lang='lat' dir='ltr'>verbisque</span> <span class='ocrx_word' id='word_1_457' title='bbox 2927 3123 3308 3191; x_wconf 89' lang='lat' dir='ltr'>demonstret,</span> <span class='ocrx_word' id='word_1_458' title='bbox 3352 3137 3650 3177; x_wconf 88' lang='lat' dir='ltr'>summam</span> 
     </span>
    </p>
   </div>
   <div class='ocr_carea' id='block_1_68' title="bbox 2002 3209 3650 3284">
    <p class='ocr_par' dir='ltr' id='par_1_68' title="bbox 2002 3209 3650 3284">
     <span class='ocr_line' id='line_1_68' title="bbox 2002 3209 3650 3284; baseline -0.002 -16"><span class='ocrx_word' id='word_1_459' title='bbox 2002 3229 2065 3268; x_wconf 89' lang='lat' dir='ltr'>se</span> <span class='ocrx_word' id='word_1_460' title='bbox 2111 3213 2601 3284; x_wconf 88' lang='lat' dir='ltr'>verissimamque</span> <span class='ocrx_word' id='word_1_461' title='bbox 2656 3216 2782 3267; x_wconf 88' lang='lat' dir='ltr'>tum</span> <span class='ocrx_word' id='word_1_462' title='bbox 2834 3209 3140 3284; x_wconf 73' lang='lat' dir='ltr'>praesentis</span> <span class='ocrx_word' id='word_1_463' title='bbox 3196 3209 3480 3282; x_wconf 86' lang='lat' dir='ltr'>temporis</span> <span class='ocrx_word' id='word_1_464' title='bbox 3524 3209 3650 3266; x_wconf 87' lang='lat' dir='ltr'>feli-</span> 
     </span>
    </p>
   </div>
   <div class='ocr_carea' id='block_1_69' title="bbox 2003 3297 3652 3372">
    <p class='ocr_par' dir='ltr' id='par_1_69' title="bbox 2003 3297 3652 3372">
     <span class='ocr_line' id='line_1_69' title="bbox 2003 3297 3652 3372; baseline -0.002 -15"><span class='ocrx_word' id='word_1_465' title='bbox 2003 3302 2240 3357; x_wconf 90' lang='lat' dir='ltr'>citatem</span> <span class='ocrx_word' id='word_1_466' title='bbox 2299 3317 2428 3356; x_wconf 87' lang='lat' dir='ltr'>esse</span> <span class='ocrx_word' id='word_1_467' title='bbox 2485 3301 2805 3372; x_wconf 89' lang='lat' dir='ltr'>adeptum;</span> <span class='ocrx_word' id='word_1_468' title='bbox 2865 3305 2994 3356; x_wconf 89' lang='lat' dir='ltr'>tum</span> <span class='ocrx_word' id='word_1_469' title='bbox 3051 3298 3230 3354; x_wconf 89' lang='lat' dir='ltr'>etiam</span> <span class='ocrx_word' id='word_1_470' title='bbox 3286 3297 3470 3370; x_wconf 87' lang='lat' dir='ltr'>illam,</span> <span class='ocrx_word' id='word_1_471' title='bbox 3525 3315 3652 3371; x_wconf 85' lang='lat' dir='ltr'>quae</span> 
     </span>
    </p>
   </div>
   <div class='ocr_carea' id='block_1_70' title="bbox 2003 3387 3652 3461">
    <p class='ocr_par' dir='ltr' id='par_1_70' title="bbox 2003 3387 3652 3461">
     <span class='ocr_line' id='line_1_70' title="bbox 2003 3387 3652 3461; baseline -0.001 -17"><span class='ocrx_word' id='word_1_472' title='bbox 2003 3407 2111 3446; x_wconf 91' lang='lat' dir='ltr'>nos</span> <span class='ocrx_word' id='word_1_473' title='bbox 2140 3389 2350 3446; x_wconf 88' lang='lat' dir='ltr'>deinde</span> <span class='ocrx_word' id='word_1_474' title='bbox 2407 3394 2624 3461; x_wconf 82' lang='lat' dir='ltr'>manet,</span> <span class='ocrx_word' id='word_1_475' title='bbox 2684 3403 2998 3460; x_wconf 77' lang='lat' dir='ltr'>perennem</span> <span class='ocrx_word' id='word_1_476' title='bbox 3057 3387 3184 3444; x_wconf 91' lang='lat' dir='ltr'>sine</span> <span class='ocrx_word' id='word_1_477' title='bbox 3243 3388 3358 3442; x_wconf 85' lang='lat' dir='ltr'>ﬁne</span> <span class='ocrx_word' id='word_1_478' title='bbox 3399 3387 3652 3443; x_wconf 90' lang='lat' dir='ltr'>beatitu-</span> 
     </span>
    </p>
   </div>
   <div class='ocr_carea' id='block_1_71' title="bbox 2003 3481 2226 3536">
    <p class='ocr_par' dir='ltr' id='par_1_71' title="bbox 2003 3481 2226 3536">
     <span class='ocr_line' id='line_1_71' title="bbox 2003 3481 2226 3536; baseline -0.009 0"><span class='ocrx_word' id='word_1_479' title='bbox 2003 3481 2226 3536; x_wconf 88' lang='lat' dir='ltr'>dinem.</span> 
     </span>
    </p>
   </div>
   <div class='ocr_carea' id='block_1_72' title="bbox 751 3861 3640 3893">
    <p class='ocr_par' dir='ltr' id='par_1_72' title="bbox 751 3861 3640 3893">
     <span class='ocr_line' id='line_1_72' title="bbox 751 3861 3640 3893; baseline -0.002 0"><span class='ocrx_word' id='word_1_480' title='bbox 751 3861 3640 3893; x_wconf 47' lang='grc' dir='ltr'>Μ</span> 
     </span>
    </p>
   </div>
   <div class='ocr_carea' id='block_1_73' title="bbox 771 4052 1864 4196">
    <p class='ocr_par' dir='ltr' id='par_1_73' title="bbox 771 4052 1864 4196">
     <span class='ocr_line' id='line_1_73' title="bbox 771 4052 1864 4196; baseline -0.014 -3"><span class='ocrx_word' id='word_1_481' title='bbox 771 4052 1864 4196; x_wconf 81' lang='grc' dir='ltr'>,ΝΙΚΗΦΟΡΟΥ</span> 
     </span>
    </p>
   </div>
   <div class='ocr_carea' id='block_1_74' title="bbox 2001 4047 3090 4177">
    <p class='ocr_par' dir='ltr' id='par_1_74' title="bbox 2001 4047 3090 4177">
     <span class='ocr_line' id='line_1_74' title="bbox 2001 4047 3090 4177; baseline -0.003 0"><span class='ocrx_word' id='word_1_482' title='bbox 2001 4047 3090 4177; x_wconf 85' lang='grc' dir='ltr'>ΒΛΕΜΜΥΔΟΥ</span> 
     </span>
    </p>
   </div>
   <div class='ocr_carea' id='block_1_75' title="bbox 1338 4282 2542 4360">
    <p class='ocr_par' dir='ltr' id='par_1_75' title="bbox 1338 4282 2542 4360">
     <span class='ocr_line' id='line_1_75' title="bbox 1338 4282 2542 4360; baseline -0.002 -22"><span class='ocrx_word' id='word_1_483' title='bbox 1338 4287 1558 4338; x_wconf 88' lang='grc' dir='ltr'>ΛΟΓΟΣ</span> <span class='ocrx_word' id='word_1_484' title='bbox 1600 4288 1685 4336; x_wconf 92' lang='grc' dir='ltr'>ΟΣ</span> <span class='ocrx_word' id='word_1_485' title='bbox 1727 4284 2103 4340; x_wconf 86' lang='grc' dir='ltr'>ΕΙΙΕΣΤΑΛΗ</span> <span class='ocrx_word' id='word_1_486' title='bbox 2140 4288 2225 4360; x_wconf 83' lang='grc' dir='ltr'>Τῼ</span> <span class='ocrx_word' id='word_1_487' title='bbox 2262 4282 2542 4338; x_wconf 84' lang='grc' dir='ltr'>ΒΑΣΙΛΕΙ</span> 
     </span>
    </p>
   </div>
   <div class='ocr_carea' id='block_1_76' title="bbox 933 4441 2963 4558">
    <p class='ocr_par' dir='ltr' id='par_1_76' title="bbox 933 4441 2963 4558">
     <span class='ocr_line' id='line_1_76' title="bbox 933 4441 2963 4558; baseline -0.003 -2"><span class='ocrx_word' id='word_1_488' title='bbox 933 4461 1602 4558; x_wconf 86' lang='grc' dir='ltr'>ΒΑΣΙΛΙΚΟΣ</span> <span class='ocrx_word' id='word_1_489' title='bbox 1685 4459 2235 4556; x_wconf 80' lang='grc' dir='ltr'>ΚΛΗΘΕΙΣ</span> <span class='ocrx_word' id='word_1_490' title='bbox 2319 4457 2864 4553; x_wconf 81' lang='grc' dir='ltr'>ΑΝΔΡΙΑΣ</span> <span class='ocrx_word' id='word_1_491' title='bbox 2901 4441 2963 4549; x_wconf 52' lang='grc' dir='ltr'>ἶ</span> 
     </span>
    </p>
   </div>
   <div class='ocr_carea' id='block_1_77' title="bbox 291 4739 3660 4844">
    <p class='ocr_par' dir='ltr' id='par_1_77' title="bbox 291 4739 3660 4844">
     <span class='ocr_line' id='line_1_77' title="bbox 291 4739 3660 4844; baseline -0.004 -20"><span class='ocrx_word' id='word_1_492' title='bbox 291 4771 355 4824; x_wconf 88' lang='grc' dir='ltr'>α’.</span> <span class='ocrx_word' id='word_1_493' title='bbox 390 4769 583 4844; x_wconf 82' lang='grc' dir='ltr'>Νόμος</span> <span class='ocrx_word' id='word_1_494' title='bbox 624 4767 862 4844; x_wconf 82' lang='grc' dir='ltr'>ἀρχῆθεν</span> <span class='ocrx_word' id='word_1_495' title='bbox 895 4761 1212 4840; x_wconf 78' lang='grc' dir='ltr'>συμϐαίνων</span> <span class='ocrx_word' id='word_1_496' title='bbox 1260 4770 1377 4826; x_wconf 90' lang='grc' dir='ltr'>τοῖς</span> <span class='ocrx_word' id='word_1_497' title='bbox 1425 4763 1705 4841; x_wconf 83' lang='grc' dir='ltr'>πράγμασι</span> <span class='ocrx_word' id='word_1_498' title='bbox 1763 4763 1892 4826; x_wconf 72' lang='grc' dir='ltr'>τοὺς</span> <span class='ocrx_word' id='word_1_499' title='bbox 1923 4768 1970 4832; x_wconf 88' lang='lat' dir='ltr'><strong>D</strong></span> <span class='ocrx_word' id='word_1_500' title='bbox 2009 4739 2429 4840; x_wconf 79' lang='grc' dir='ltr'>παρασκευάζειν</span> <span class='ocrx_word' id='word_1_501' title='bbox 2520 4759 2778 4839; x_wconf 81' lang='grc' dir='ltr'>ἀσφαλῶς</span> <span class='ocrx_word' id='word_1_502' title='bbox 2859 4766 3149 4828; x_wconf 79' lang='grc' dir='ltr'>κεκτῆσθαι</span> <span class='ocrx_word' id='word_1_503' title='bbox 3232 4759 3300 4814; x_wconf 72' lang='grc' dir='ltr'>τὰ</span> <span class='ocrx_word' id='word_1_504' title='bbox 3375 4755 3506 4830; x_wconf 70' lang='grc' dir='ltr'>ἴδια,</span> <span class='ocrx_word' id='word_1_505' title='bbox 3579 4763 3660 4831; x_wconf 83' lang='grc' dir='ltr'>τῷ</span> 
     </span>
    </p>
   </div>
   <div class='ocr_carea' id='block_1_78' title="bbox 227 4854 1902 4934">
    <p class='ocr_par' dir='ltr' id='par_1_78' title="bbox 227 4854 1902 4934">
     <span class='ocr_line' id='line_1_78' title="bbox 227 4854 1902 4934; baseline -0.005 -19"><span class='ocrx_word' id='word_1_506' title='bbox 227 4857 506 4930; x_wconf 72' lang='grc' dir='ltr'>ὑπηκόους</span> <span class='ocrx_word' id='word_1_507' title='bbox 569 4854 842 4934; x_wconf 75' lang='grc' dir='ltr'>εἰσφέρειν</span> <span class='ocrx_word' id='word_1_508' title='bbox 894 4859 976 4927; x_wconf 79' lang='grc' dir='ltr'>τῷ</span> <span class='ocrx_word' id='word_1_509' title='bbox 1059 4854 1313 4930; x_wconf 85' lang='grc' dir='ltr'>βασιλεῖ·</span> <span class='ocrx_word' id='word_1_510' title='bbox 1373 4855 1462 4909; x_wconf 79' lang='grc' dir='ltr'>καὶ</span> <span class='ocrx_word' id='word_1_511' title='bbox 1518 4858 1680 4908; x_wconf 88' lang='grc' dir='ltr'>τοῦτο</span> <span class='ocrx_word' id='word_1_512' title='bbox 1726 4854 1902 4932; x_wconf 86' lang='grc' dir='ltr'>σφίσιν</span> 
     </span>
    </p>
   </div>
   <div class='ocr_carea' id='block_1_79' title="bbox 227 4940 1902 5021">
    <p class='ocr_par' dir='ltr' id='par_1_79' title="bbox 227 4940 1902 5021">
     <span class='ocr_line' id='line_1_79' title="bbox 227 4940 1902 5021; baseline -0.002 -19"><span class='ocrx_word' id='word_1_513' title='bbox 227 4947 410 5010; x_wconf 75' lang='grc' dir='ltr'>αὐτοῖς</span> <span class='ocrx_word' id='word_1_514' title='bbox 455 4947 528 5003; x_wconf 78' lang='grc' dir='ltr'>τά</span> <span class='ocrx_word' id='word_1_515' title='bbox 584 4942 828 5021; x_wconf 85' lang='grc' dir='ltr'>μάλιστα</span> <span class='ocrx_word' id='word_1_516' title='bbox 873 4942 1120 5000; x_wconf 87' lang='grc' dir='ltr'>συντελεῖ</span> <span class='ocrx_word' id='word_1_517' title='bbox 1147 4963 1159 4977; x_wconf 95' lang='grc'><strong>·</strong></span> <span class='ocrx_word' id='word_1_518' title='bbox 1209 4943 1300 4998; x_wconf 83' lang='grc' dir='ltr'>καὶ</span> <span class='ocrx_word' id='word_1_519' title='bbox 1351 4943 1414 4998; x_wconf 82' lang='grc' dir='ltr'>οὐ</span> <span class='ocrx_word' id='word_1_520' title='bbox 1461 4944 1567 5015; x_wconf 74' lang='grc' dir='ltr'>μὴν</span> <span class='ocrx_word' id='word_1_521' title='bbox 1601 4940 1787 5004; x_wconf 78' lang='grc' dir='ltr'>ἄλλως</span> <span class='ocrx_word' id='word_1_522' title='bbox 1819 4941 1902 4998; x_wconf 82' lang='grc' dir='ltr'>έκ-</span> 
     </span>
    </p>
   </div>
   <div class='ocr_carea' id='block_1_80' title="bbox 228 5030 1902 5111">
    <p class='ocr_par' dir='ltr' id='par_1_80' title="bbox 228 5030 1902 5111">
     <span class='ocr_line' id='line_1_80' title="bbox 228 5030 1902 5111; baseline -0.004 -19"><span class='ocrx_word' id='word_1_523' title='bbox 228 5034 478 5092; x_wconf 89' lang='grc' dir='ltr'>τελοῖντο</span> <span class='ocrx_word' id='word_1_524' title='bbox 509 5036 584 5111; x_wconf 76' lang='grc' dir='ltr'>τὰ</span> <span class='ocrx_word' id='word_1_525' title='bbox 616 5030 809 5088; x_wconf 82' lang='grc' dir='ltr'>δέοντα</span> <span class='ocrx_word' id='word_1_526' title='bbox 832 5052 844 5066; x_wconf 83' lang='grc'><em>’</em></span> <span class='ocrx_word' id='word_1_527' title='bbox 895 5037 975 5106; x_wconf 77' lang='grc' dir='ltr'>τῷ</span> <span class='ocrx_word' id='word_1_528' title='bbox 1017 5033 1112 5105; x_wconf 72' lang='grc' dir='ltr'>μὲν</span> <span class='ocrx_word' id='word_1_529' title='bbox 1141 5033 1242 5109; x_wconf 77' lang='grc' dir='ltr'>γὰρ</span> <span class='ocrx_word' id='word_1_530' title='bbox 1274 5035 1309 5102; x_wconf 80' lang='grc' dir='ltr'><strong>ἡ</strong></span> <span class='ocrx_word' id='word_1_531' title='bbox 1339 5037 1446 5086; x_wconf 83' lang='grc' dir='ltr'>τῶν</span> <span class='ocrx_word' id='word_1_532' title='bbox 1493 5030 1638 5086; x_wconf 76' lang='grc' dir='ltr'>ὅλων</span> <span class='ocrx_word' id='word_1_533' title='bbox 1687 5031 1902 5104; x_wconf 80' lang='grc' dir='ltr'>ἐπιτρο-</span> 
     </span>
    </p>
   </div>
   <div class='ocr_carea' id='block_1_81' title="bbox 233 5118 1898 5198">
    <p class='ocr_par' dir='ltr' id='par_1_81' title="bbox 233 5118 1898 5198">
     <span class='ocr_line' id='line_1_81' title="bbox 233 5118 1898 5198; baseline -0.003 -17"><span class='ocrx_word' id='word_1_534' title='bbox 233 5127 334 5198; x_wconf 76' lang='grc' dir='ltr'>πὴ,</span> <span class='ocrx_word' id='word_1_535' title='bbox 365 5125 553 5198; x_wconf 85' lang='grc' dir='ltr'>τούτῳ</span> <span class='ocrx_word' id='word_1_536' title='bbox 623 5119 693 5192; x_wconf 74' lang='grc' dir='ltr'>δὴ</span> <span class='ocrx_word' id='word_1_537' title='bbox 751 5121 904 5192; x_wconf 82' lang='grc' dir='ltr'>καὶὴ</span> <span class='ocrx_word' id='word_1_538' title='bbox 937 5121 1205 5198; x_wconf 84' lang='grc' dir='ltr'>πρόνοια’</span> <span class='ocrx_word' id='word_1_539' title='bbox 1264 5122 1355 5176; x_wconf 88' lang='grc' dir='ltr'>τὸν</span> <span class='ocrx_word' id='word_1_540' title='bbox 1408 5119 1466 5176; x_wconf 72' lang='grc' dir='ltr'>δὲ</span> <span class='ocrx_word' id='word_1_541' title='bbox 1516 5119 1709 5193; x_wconf 87' lang='grc' dir='ltr'>μηκέτι</span> <span class='ocrx_word' id='word_1_542' title='bbox 1763 5118 1898 5176; x_wconf 71' lang='grc' dir='ltr'>ἴδιον</span> 
     </span>
    </p>
   </div>
   <div class='ocr_carea' id='block_1_82' title="bbox 227 5206 1899 5292">
    <p class='ocr_par' dir='ltr' id='par_1_82' title="bbox 227 5206 1899 5292">
     <span class='ocr_line' id='line_1_82' title="bbox 227 5206 1899 5292; baseline -0.004 -23"><span class='ocrx_word' id='word_1_543' title='bbox 227 5209 452 5292; x_wconf 65' lang='grc' dir='ltr'>ἔχοντα,</span> <span class='ocrx_word' id='word_1_544' title='bbox 486 5217 600 5268; x_wconf 89' lang='grc' dir='ltr'>τῶν</span> <span class='ocrx_word' id='word_1_545' title='bbox 655 5208 910 5284; x_wconf 81' lang='grc' dir='ltr'>ἰδιωτῶν,</span> <span class='ocrx_word' id='word_1_546' title='bbox 944 5210 1162 5287; x_wconf 80' lang='grc' dir='ltr'>ἐπείπερ</span> <span class='ocrx_word' id='word_1_547' title='bbox 1213 5209 1492 5288; x_wconf 79' lang='grc' dir='ltr'>ἐξῄρηται,</span> <span class='ocrx_word' id='word_1_548' title='bbox 1524 5211 1703 5285; x_wconf 85' lang='grc' dir='ltr'>χρεὼν</span> <span class='ocrx_word' id='word_1_549' title='bbox 1754 5206 1899 5286; x_wconf 81' lang='grc' dir='ltr'>ἔχειν</span> 
     </span>
    </p>
   </div>
   <div class='ocr_carea' id='block_1_83' title="bbox 229 5297 1902 5376">
    <p class='ocr_par' dir='ltr' id='par_1_83' title="bbox 229 5297 1902 5376">
     <span class='ocr_line' id='line_1_83' title="bbox 229 5297 1902 5376; baseline -0.005 -16"><span class='ocrx_word' id='word_1_550' title='bbox 229 5303 290 5359; x_wconf 73' lang='grc' dir='ltr'>ἐκ</span> <span class='ocrx_word' id='word_1_551' title='bbox 333 5307 445 5359; x_wconf 88' lang='grc' dir='ltr'>τῶν</span> <span class='ocrx_word' id='word_1_552' title='bbox 500 5305 709 5358; x_wconf 89' lang='grc' dir='ltr'>κοινῶν</span> <span class='ocrx_word' id='word_1_553' title='bbox 766 5299 900 5376; x_wconf 68' lang='grc' dir='ltr'>ὑπὲρ</span> <span class='ocrx_word' id='word_1_554' title='bbox 945 5304 1044 5355; x_wconf 88' lang='grc' dir='ltr'>τοῦ</span> <span class='ocrx_word' id='word_1_555' title='bbox 1091 5304 1298 5371; x_wconf 86' lang='grc' dir='ltr'>κοινοῦ,</span> <span class='ocrx_word' id='word_1_556' title='bbox 1329 5299 1421 5376; x_wconf 86' lang='grc' dir='ltr'>καὶ</span> <span class='ocrx_word' id='word_1_557' title='bbox 1458 5299 1527 5353; x_wconf 77' lang='grc' dir='ltr'>τὰ</span> <span class='ocrx_word' id='word_1_558' title='bbox 1575 5297 1787 5353; x_wconf 87' lang='grc' dir='ltr'>πάντων</span> <span class='ocrx_word' id='word_1_559' title='bbox 1821 5298 1902 5354; x_wconf 79' lang='grc' dir='ltr'>οἷ-</span> 
     </span>
    </p>
   </div>
   <div class='ocr_carea' id='block_1_84' title="bbox 233 5385 1903 5464">
    <p class='ocr_par' dir='ltr' id='par_1_84' title="bbox 233 5385 1903 5464">
     <span class='ocr_line' id='line_1_84' title="bbox 233 5385 1903 5464; baseline -0.003 -15"><span class='ocrx_word' id='word_1_560' title='bbox 233 5397 514 5458; x_wconf 86' lang='grc' dir='ltr'>κειοῦσθαι</span> <span class='ocrx_word' id='word_1_561' title='bbox 572 5391 713 5464; x_wconf 87' lang='grc' dir='ltr'>μετά</span> <span class='ocrx_word' id='word_1_562' title='bbox 757 5393 864 5445; x_wconf 89' lang='grc' dir='ltr'>τῶν</span> <span class='ocrx_word' id='word_1_563' title='bbox 913 5387 1125 5445; x_wconf 85' lang='grc' dir='ltr'>πάντων</span> <span class='ocrx_word' id='word_1_564' title='bbox 1153 5411 1166 5423; x_wconf 76' lang='grc' dir='ltr'><strong><em>ο</em></strong></span> <span class='ocrx_word' id='word_1_565' title='bbox 1227 5387 1316 5444; x_wconf 78' lang='grc' dir='ltr'>καὶ</span> <span class='ocrx_word' id='word_1_566' title='bbox 1369 5386 1512 5443; x_wconf 75' lang='grc' dir='ltr'>οὕτω</span> <span class='ocrx_word' id='word_1_567' title='bbox 1557 5385 1684 5450; x_wconf 76' lang='grc' dir='ltr'>τοὺς</span> <span class='ocrx_word' id='word_1_568' title='bbox 1735 5385 1903 5450; x_wconf 78' lang='grc' dir='ltr'>ἰδίους</span> 
     </span>
    </p>
   </div>
   <div class='ocr_carea' id='block_1_85' title="bbox 303 5543 943 5626">
    <p class='ocr_par' dir='ltr' id='par_1_85' title="bbox 303 5543 943 5626">
     <span class='ocr_line' id='line_1_85' title="bbox 303 5543 943 5626; baseline -0.002 -23"><span class='ocrx_word' id='word_1_569' title='bbox 303 5555 386 5626; x_wconf 82' lang='grc'>(1)</span> <span class='ocrx_word' id='word_1_570' title='bbox 412 5552 559 5610; x_wconf 81' lang='lat' dir='ltr'>Cod.</span> <span class='ocrx_word' id='word_1_571' title='bbox 590 5543 943 5622; x_wconf 79' lang='grc' dir='ltr'>συνεισάγων.</span> 
     </span>
    </p>
   </div>
   <div class='ocr_carea' id='block_1_86' title="bbox 2015 4845 3656 4926">
    <p class='ocr_par' dir='ltr' id='par_1_86' title="bbox 2015 4845 3656 4926">
     <span class='ocr_line' id='line_1_86' title="bbox 2015 4845 3656 4926; baseline -0.003 -19"><span class='ocrx_word' id='word_1_572' title='bbox 2015 4847 2318 4907; x_wconf 83' lang='grc' dir='ltr'>συνδιδόναι</span> <span class='ocrx_word' id='word_1_573' title='bbox 2383 4851 2472 4906; x_wconf 82' lang='grc' dir='ltr'>καὶ</span> <span class='ocrx_word' id='word_1_574' title='bbox 2536 4851 2856 4926; x_wconf 75' lang='grc' dir='ltr'>συναρήγειν</span> <span class='ocrx_word' id='word_1_575' title='bbox 2928 4845 3225 4919; x_wconf 81' lang='grc' dir='ltr'>ἀλλήλοις,</span> <span class='ocrx_word' id='word_1_576' title='bbox 3273 4845 3363 4901; x_wconf 85' lang='grc' dir='ltr'>καὶ</span> <span class='ocrx_word' id='word_1_577' title='bbox 3407 4847 3470 4902; x_wconf 87' lang='grc' dir='ltr'>τὸ</span> <span class='ocrx_word' id='word_1_578' title='bbox 3519 4867 3656 4921; x_wconf 88' lang='grc' dir='ltr'>συμ-</span> 
     </span>
    </p>
   </div>
   <div class='ocr_carea' id='block_1_87' title="bbox 2009 4935 3657 5019">
    <p class='ocr_par' dir='ltr' id='par_1_87' title="bbox 2009 4935 3657 5019">
     <span class='ocr_line' id='line_1_87' title="bbox 2009 4935 3657 5019; baseline -0.001 -25"><span class='ocrx_word' id='word_1_579' title='bbox 2009 4942 2138 5019; x_wconf 74' lang='grc' dir='ltr'>φυὲς</span> <span class='ocrx_word' id='word_1_580' title='bbox 2187 4940 2246 4995; x_wconf 80' lang='grc' dir='ltr'>ἐκ</span> <span class='ocrx_word' id='word_1_581' title='bbox 2292 4941 2488 5002; x_wconf 83' lang='grc' dir='ltr'>παντὸς</span> <span class='ocrx_word' id='word_1_582' title='bbox 2527 4939 2734 5016; x_wconf 83' lang='grc' dir='ltr'>τρόπου</span> <span class='ocrx_word' id='word_1_583' title='bbox 2780 4943 2966 5014; x_wconf 82' lang='grc' dir='ltr'>τηρεῖν</span> <span class='ocrx_word' id='word_1_584' title='bbox 3013 4937 3087 4998; x_wconf 88' lang='grc' dir='ltr'>ὡς</span> <span class='ocrx_word' id='word_1_585' title='bbox 3132 4935 3186 4991; x_wconf 83' lang='grc' dir='ltr'>ἐν</span> <span class='ocrx_word' id='word_1_586' title='bbox 3218 4935 3535 5010; x_wconf 80' lang='grc' dir='ltr'>ὁλομελείᾳ,</span> <span class='ocrx_word' id='word_1_587' title='bbox 3565 4937 3657 4992; x_wconf 85' lang='grc' dir='ltr'>καὶ</span> 
     </span>
    </p>
   </div>
   <div class='ocr_carea' id='block_1_88' title="bbox 2013 5021 3660 5102">
    <p class='ocr_par' dir='ltr' id='par_1_88' title="bbox 2013 5021 3660 5102">
     <span class='ocr_line' id='line_1_88' title="bbox 2013 5021 3660 5102; baseline -0.004 -17"><span class='ocrx_word' id='word_1_588' title='bbox 2013 5027 2369 5085; x_wconf 84' lang='grc' dir='ltr'>ἀδιάσπαστοι</span> <span class='ocrx_word' id='word_1_589' title='bbox 2404 5051 2416 5064; x_wconf 78' lang='grc' dir='ltr'><strong>ο</strong></span> <span class='ocrx_word' id='word_1_590' title='bbox 2477 5024 2620 5083; x_wconf 70' lang='grc' dir='ltr'>οὕτω</span> <span class='ocrx_word' id='word_1_591' title='bbox 2653 5025 2720 5097; x_wconf 74' lang='grc' dir='ltr'>δὴ</span> <span class='ocrx_word' id='word_1_592' title='bbox 2752 5028 2840 5081; x_wconf 79' lang='grc' dir='ltr'>καὶ</span> <span class='ocrx_word' id='word_1_593' title='bbox 2898 5028 3038 5096; x_wconf 87' lang='grc' dir='ltr'>ζώου</span> <span class='ocrx_word' id='word_1_594' title='bbox 3097 5030 3257 5098; x_wconf 88' lang='grc' dir='ltr'>σῶμα</span> <span class='ocrx_word' id='word_1_595' title='bbox 3313 5021 3660 5102; x_wconf 86' lang='grc' dir='ltr'>δυσκαταγώ-</span> 
     </span>
    </p>
   </div>
   <div class='ocr_carea' id='block_1_89' title="bbox 2010 5113 3657 5193">
    <p class='ocr_par' dir='ltr' id='par_1_89' title="bbox 2010 5113 3657 5193">
     <span class='ocr_line' id='line_1_89' title="bbox 2010 5113 3657 5193; baseline -0.002 -20"><span class='ocrx_word' id='word_1_596' title='bbox 2010 5141 2214 5186; x_wconf 91' lang='grc' dir='ltr'>νιστον,</span> <span class='ocrx_word' id='word_1_597' title='bbox 2263 5118 2478 5173; x_wconf 85' lang='grc' dir='ltr'>πάντων</span> <span class='ocrx_word' id='word_1_598' title='bbox 2533 5116 2713 5190; x_wconf 87' lang='grc' dir='ltr'>μελῶν</span> <span class='ocrx_word' id='word_1_599' title='bbox 2761 5115 2851 5170; x_wconf 78' lang='grc' dir='ltr'>καὶ</span> <span class='ocrx_word' id='word_1_600' title='bbox 2901 5119 3078 5191; x_wconf 87' lang='grc' dir='ltr'>μερῶν</span> <span class='ocrx_word' id='word_1_601' title='bbox 3127 5113 3394 5193; x_wconf 81' lang='grc' dir='ltr'>ἀκραιφνῆ</span> <span class='ocrx_word' id='word_1_602' title='bbox 3445 5135 3657 5170; x_wconf 88' lang='grc' dir='ltr'>συνεισ-</span> 
     </span>
    </p>
   </div>
   <div class='ocr_carea' id='block_1_90' title="bbox 2012 5203 3656 5284">
    <p class='ocr_par' dir='ltr' id='par_1_90' title="bbox 2012 5203 3656 5284">
     <span class='ocr_line' id='line_1_90' title="bbox 2012 5203 3656 5284; baseline -0.002 -22"><span class='ocrx_word' id='word_1_603' title='bbox 2012 5208 2256 5283; x_wconf 85' lang='grc' dir='ltr'>αγόντων</span> <span class='ocrx_word' id='word_1_604' title='bbox 2317 5209 2392 5281; x_wconf 87' lang='grc'>(1)</span> <span class='ocrx_word' id='word_1_605' title='bbox 2447 5207 2514 5261; x_wconf 81' lang='grc' dir='ltr'>τὰ</span> <span class='ocrx_word' id='word_1_606' title='bbox 2571 5211 2716 5284; x_wconf 79' lang='grc' dir='ltr'>σφῶν</span> <span class='ocrx_word' id='word_1_607' title='bbox 2774 5205 2948 5260; x_wconf 79' lang='grc' dir='ltr'>αὐτῶν</span> <span class='ocrx_word' id='word_1_608' title='bbox 3009 5203 3380 5280; x_wconf 77' lang='grc' dir='ltr'>ἐνεργήματα·</span> <span class='ocrx_word' id='word_1_609' title='bbox 3441 5207 3520 5276; x_wconf 78' lang='grc' dir='ltr'>τῷ</span> <span class='ocrx_word' id='word_1_610' title='bbox 3571 5225 3656 5260; x_wconf 90' lang='grc' dir='ltr'>τοι</span> 
     </span>
    </p>
   </div>
   <div class='ocr_carea' id='block_1_91' title="bbox 2011 5293 3659 5374">
    <p class='ocr_par' dir='ltr' id='par_1_91' title="bbox 2011 5293 3659 5374">
     <span class='ocr_line' id='line_1_91' title="bbox 2011 5293 3659 5374; baseline -0.002 -22"><span class='ocrx_word' id='word_1_611' title='bbox 2011 5297 2102 5353; x_wconf 82' lang='grc' dir='ltr'>καὶ</span> <span class='ocrx_word' id='word_1_612' title='bbox 2137 5295 2390 5372; x_wconf 74' lang='grc' dir='ltr'>βασιλεὺς</span> <span class='ocrx_word' id='word_1_613' title='bbox 2419 5293 2630 5374; x_wconf 83' lang='grc' dir='ltr'>κεφαλή</span> <span class='ocrx_word' id='word_1_614' title='bbox 2669 5298 2777 5349; x_wconf 87' lang='grc' dir='ltr'>τῶν</span> <span class='ocrx_word' id='word_1_615' title='bbox 2829 5293 3086 5363; x_wconf 83' lang='grc' dir='ltr'>ὑπηκόων</span> <span class='ocrx_word' id='word_1_616' title='bbox 3116 5294 3152 5361; x_wconf 67' lang='grc' dir='ltr'>ἢ</span> <span class='ocrx_word' id='word_1_617' title='bbox 3185 5297 3310 5356; x_wconf 90' lang='grc' dir='ltr'>νοῦς</span> <span class='ocrx_word' id='word_1_618' title='bbox 3365 5294 3659 5366; x_wconf 86' lang='grc' dir='ltr'>καθεστὼς,</span> 
     </span>
    </p>
   </div>
   <div class='ocr_carea' id='block_1_92' title="bbox 2014 5379 3660 5463">
    <p class='ocr_par' dir='ltr' id='par_1_92' title="bbox 2014 5379 3660 5463">
     <span class='ocr_line' id='line_1_92' title="bbox 2014 5379 3660 5463; baseline -0.002 -21"><span class='ocrx_word' id='word_1_619' title='bbox 2014 5385 2134 5463; x_wconf 77' lang='grc' dir='ltr'>ἔχοι</span> <span class='ocrx_word' id='word_1_620' title='bbox 2182 5385 2240 5441; x_wconf 70' lang='grc' dir='ltr'>ἂν</span> <span class='ocrx_word' id='word_1_621' title='bbox 2297 5383 2523 5447; x_wconf 87' lang='grc' dir='ltr'>δικαίως</span> <span class='ocrx_word' id='word_1_622' title='bbox 2571 5383 2811 5439; x_wconf 71' lang='grc' dir='ltr'>ἀπαιτεῖν</span> <span class='ocrx_word' id='word_1_623' title='bbox 2863 5382 2914 5452; x_wconf 78' lang='grc' dir='ltr'>ἐξ</span> <span class='ocrx_word' id='word_1_624' title='bbox 2972 5379 3219 5437; x_wconf 77' lang='grc' dir='ltr'>ἁπάντων</span> <span class='ocrx_word' id='word_1_625' title='bbox 3273 5379 3660 5452; x_wconf 77' lang='grc' dir='ltr'>καταλλήλους</span> 
     </span>
    </p>
   </div>
   <div class='ocr_carea' id='block_1_93' title="bbox 307 5683 2264 5762">
    <p class='ocr_par' dir='ltr' id='par_1_93' title="bbox 307 5683 2264 5762">
     <span class='ocr_line' id='line_1_93' title="bbox 307 5683 2264 5762; baseline -0.007 -10"><span class='ocrx_word' id='word_1_626' title='bbox 307 5697 334 5722; x_wconf 84' lang='lat'>*</span> <span class='ocrx_word' id='word_1_627' title='bbox 363 5693 564 5752; x_wconf 83' lang='lat' dir='ltr'>Recole</span> <span class='ocrx_word' id='word_1_628' title='bbox 591 5689 872 5748; x_wconf 74' lang='lat' dir='ltr'>monitum</span> <span class='ocrx_word' id='word_1_629' title='bbox 894 5687 1077 5762; x_wconf 81' lang='lat' dir='ltr'>priori</span> <span class='ocrx_word' id='word_1_630' title='bbox 1105 5683 1276 5760; x_wconf 78' lang='lat' dir='ltr'>hujus</span> <span class='ocrx_word' id='word_1_631' title='bbox 1302 5686 1578 5746; x_wconf 77' lang='lat' dir='ltr'>orationis</span> <span class='ocrx_word' id='word_1_632' title='bbox 1603 5685 1920 5759; x_wconf 73' lang='lat' dir='ltr'>exemplari</span> <span class='ocrx_word' id='word_1_633' title='bbox 1940 5685 2264 5759; x_wconf 69' lang='lat' dir='ltr'>praefixum.</span> 
     </span>
    </p>
   </div>
  </div>
