4154 6428
417 429 539 494 659

1668 426 2096 494 NICEPHORI
2138 426 2585 492 BLEMMIDIE

3718 425 3848 491 660

413 564 513 626 τὰς
566 559 848 642 εἰσφοράς·
894 560 989 618 καὶ
1051 566 1212 618 τοῦτο
1280 559 1409 640 δρᾷν
1469 561 1550 625 εἰς
1599 563 1926 639 συντήρησιν
1974 566 2075 631 τῆς
2103 561 2159 628 Α
2189 559 2686 637 αἰχμαλωτεύσας·
2747 558 2864 617 ἐπεί
2918 558 3007 616 τοί
3060 580 3122 638 γε
3179 558 3317 637 μέγα
3369 557 3564 622 πένθος
3611 564 3734 623 τοῖς
3779 580 3849 637 γε

428 650 704 723 ὁλότητος
732 672 745 685 °
776 650 906 715 τοὺς
942 652 1036 726 μὶν
1070 650 1162 707 οὗν
1186 653 1310 728 περὶ
1338 650 1435 714 τὰς
1460 651 1594 713 ὕλας
1643 651 1865 728 ἠσχολη
1879 651 2074 724 μένους
2181 653 2307 704 νοῦν
2336 646 2525 726 ἔχουσι
2563 655 2920 727 περιορᾶσθαι
2983 647 3199 724 βασιλεῖ
3245 648 3345 717 τὴν
3394 647 3563 716 αὐτὴν
3607 646 3852 723 κληρου-

418 739 477 797 εῦ
530 741 590 797 ἂν
651 740 775 819 ἔχοι
830 743 1214 817 προσήκουσαν
1274 745 1383 797 τῶν
1448 741 1705 818 ἐργασιῶν
1770 740 2075 818 εἰσπράττε-

2184 737 2312 813 χίαν
2364 737 2750 815 αἰχμάλωτον.
2783 738 2848 793 Εἰ
2897 734 2955 792 δέ
3004 757 3088 792 τοι
3132 736 3223 792 καὶ
3253 736 3413 800 αὐτὸς
3459 736 3624 791 πάθοι
3659 741 3849 792 τοιοῦ-

422 831 545 887 σθαι
598 830 698 899 τὴν
729 830 1078 906 ἀπόμοιραν’
1137 831 1174 900 ἢ
1219 832 1325 905 μὴν
1389 829 1929 905 ἀπαλλαττομένους
1984 830 2075 886 καὶ
2182 848 2298 899 τον,
2348 828 2507 884 ποίαν
2559 827 2666 905 οὐχ
2716 821 3026 903 ὑπερϐαίνει
3098 824 3384 903 βαρυαλγῆ
3429 827 3753 904 συμφοράν;
3804 825 3847 895 ἢ

423 919 867 996 καθαρμόζοντας
923 920 1060 997 πρὸς
1117 921 1216 989 τὴν
1270 920 1447 996 κρίσιν
1505 924 1603 975 τοῦ
1674 919 2072 997 ὑπερέχοντος’

424 1008 554 1065 τοὺς
588 1006 646 1064 δὶ
688 1008 814 1084 περὶ
864 1007 1030 1086 λόγον
1080 1007 1475 1073 ἐσπουδακότας
1518 1010 1607 1064 καὶ
1662 1011 1760 1079 τήν
1817 1008 2077 1081 ἀλήθειαν

426 1100 520 1154 τὸν
553 1097 736 1169 ἀληθῆ
771 1096 941 1174 λόγον
974 1098 1261 1177 εἰσφέρειν,
1293 1098 1462 1178 φόρου
1502 1099 1701 1161 παντὸς
1748 1098 1929 1176 ἑτέρου
1980 1096 2078 1153 λυ-

427 1187 819 1264 σιτελέστερον,
879 1186 992 1261 ὅσῳ
1072 1189 1162 1243 καὶ
1216 1188 1280 1242 τὸ
1331 1186 1656 1262 σπούδασμα
1725 1193 1831 1243 τῶν
1893 1186 2078 1244 ἄλλων

426 1276 617 1339 ἁπλῶς
694 1277 1026 1354 ὑπερέκεινα.
1083 1281 1382 1354 Τοιγαροῦν
1457 1277 1502 1332 εἰ
1577 1278 1793 1333 πάντων
1869 1278 2084 1351 ἀνθρώ-

424 1386 542 1421 πων
625 1365 906 1443 ὑπερτερεῖ
979 1363 1255 1441 βασιλεὺς,
1314 1369 1349 1435 ἡ
1410 1363 1708 1445 φιλοσοφία
1786 1364 1845 1422 δὲ
1900 1370 2086 1421 πασῶν

428 1453 746 1528 ἐπιστημῶν
805 1455 947 1527 ὁμοῦ
1003 1454 1093 1510 καὶ
1147 1458 1381 1530 τεχνῶν,
1407 1454 1460 1509 τί
1510 1453 1570 1510 ἂν
1624 1452 1707 1526 εἷίη
1759 1453 2086 1534 φιλοσοφίας

432 1541 614 1619 δώρου
650 1546 730 1615 τῷ
781 1540 1001 1617 βασιλεῖ
1053 1539 1500 1618 πρεπωδέστερον
1530 1561 1545 1613 ;
1580 1542 1634 1598 εἰ¹
1679 1564 1743 1618 γε
1787 1545 1854 1598 τὰ
1903 1541 2092 1620 ὑπερέ-

431 1652 604 1710 χοντα
660 1636 780 1695 τοῖς
850 1630 1199 1709 ὑπερέχουσι,
1247 1632 1336 1686 καὶ
1383 1632 1437 1686 αἱ
1486 1631 1731 1709 ἀπαρχαὶ
1776 1637 1894 1695 τοῖς
1943 1631 2090 1708 ἐξάρ-

441 1740 604 1798 χουσι
632 1739 646 1754 ·
709 1720 958 1798 βασιλεία
1016 1722 1111 1795 μὲν
1165 1718 1258 1776 οὗν
1333 1720 1582 1791 εἰκονίζει
1657 1720 1856 1798 κράτος
1930 1725 2086 1793 Θεοῦ,

440 1809 738 1890 φιλοσοφία
781 1807 840 1866 δὲ
881 1809 1069 1889 σοφίαν
1117 1811 1208 1865 καὶ
1258 1809 1512 1886 πρόνοιαν
1557 1814 1728 1866 Θεοῦ’
1781 1808 1981 1889 ἄσοφον
2032 1808 2091 1866 δὲ

2186 922 2343 971 ποῖον
2379 918 2535 980 οὗτος
2565 917 2628 972 τὸ
2658 922 2903 992 γενναῖον
2937 912 3228 987 ἐνδείξαιτο
3257 915 3396 991 πρὸς
3427 914 3719 971 ἀντίπαλον
3752 912 3854 970 καὶ

2189 1003 2437 1079 ἀνδρικὸν
2471 1008 2499 1061 6
2535 1008 2609 1080 μὴ
2660 1006 2797 1081 πρὸς
2845 1005 3197 1060 ἐπανάστασιν
3241 1002 3368 1080 ἄτερ
3416 1002 3683 1081 δοράτων,
3717 1005 3850 1081 ἄτερ

2189 1097 2354 1171 ξιφῶν
2388 1095 2502 1151 ὠκὺ
2530 1096 2847 1170 παυομένην
2880 1094 3261 1165 ἀνθεστηκώς;
3295 1092 3441 1150 ἀλλά
3474 1092 3853 1167 μαλακιζόμε-

2189 1185 2281 1265 νός
2306 1207 2366 1240 τε
2412 1185 2502 1240 καὶ
2550 1184 2945 1258 θηλυνόμενος,
2975 1183 3065 1240 καὶ
3114 1182 3457 1260 αὐθαιρέτοις
3508 1182 3854 1259 ἐμπαιγμοῖς

2191 1271 2627 1349 προδιδόμενος;
2677 1273 2783 1329 Κᾶν
2833 1274 2908 1346 μή
2961 1292 3043 1334 τις
3087 1272 3261 1347 ὁρῴη,
3305 1272 3405 1341 τήν
3456 1269 3719 1342 ἀλήθειαν
3785 1271 3854 1328 οὗ

2195 1361 2543 1442 διαφυγγάνει
2587 1363 2677 1419 καὶ
2710 1364 2809 1433 τὴν
2843 1359 3181 1433 συνείδησιν·
3231 1360 3325 1416 καὶ
3369 1360 3478 1437 πρό
3527 1381 3592 1436 γε
3635 1361 3851 1417 τούτων

2192 1452 2257 1509 τὸ
2306 1452 2648 1524 τηλεσκόπω
2708 1448 2865 1527 όμμα
2911 1451 2999 1506 καὶ
3046 1449 3358 1529 πανδερκὶς,
3415 1450 3480 1506 τὸ
3523 1452 3592 1506 τὰ
3638 1450 3855 1528 λαθρη-

2197 1540 2287 1598 δὺν
2343 1542 2701 1617 τολμώμενα,
2752 1541 2843 1597 καὶ
2887 1545 3219 1597 κατοπτεῦον
3268 1535 3512 1616 ἀκριϐῶς
3559 1537 3673 1595 οὐδ’
3723 1539 3856 1596 ὅσον

2199 1631 2388 1703 εἰπεῖν,
2439 1629 2530 1685 καὶ
2578 1632 2647 1685 τὰ
2702 1633 2801 1699 τῆς
2833 1628 3099 1706 αἰσχύνης
3156 1628 3393 1685 ἐναντίον
3439 1628 3605 1684 αὐτοῦ
3652 1627 3860 1684 τελού-

2202 1741 2336 1794 μενα
2412 1719 2854 1794 μυσαττόμενον”
2910 1716 3048 1772 ὅπου
3096 1739 3156 1793 γε
3211 1717 3302 1773 καὶ
3375 1717 3688 1793 ἀνθρώποις
3755 1718 3863 1773 οὐκ

2200 1806 2380 1879 ἄδηλα
2423 1808 2492 1863 τὰ
2534 1806 2740 1879 πολλὰ,
2791 1808 2882 1862 καὶ
2928 1810 3363 1879 καταμωκῶνται
3420 1807 3511 1861 καὶ
3558 1802 3860 1879 διακωμῳ-

433 1898 637 1977 κράτος
675 1897 765 1956 καί
813 1898 1073 1977 προνοίας
1120 1897 1241 1954 ἄνευ
1288 1897 1479 1976 πόῤῥω
1527 1904 1698 1955 Θεοῦ’
1751 1897 1833 1956 διὸ
1878 1900 1947 1955 τά
1989 1906 2090 1970 τῆς
2118 1934 2168 2000 Β
2200 1895 2353 1953 δοῦσι
2400 1897 2489 1952 καὶ
2537 1893 3027 2000 ἐκθειάζουσι,“καί
3076 1894 3154 1957 εἰς
3215 1892 3571 1964 αἶ’ωνίζουσαν
3625 1895 3856 1968 μνήμην

436 1988 763 2069 φιλοσοφίας
832 1988 1086 2064 νοήματά
1137 2009 1197 2044 τε
1250 1987 1340 2043 καὶ
1406 1990 1701 2065 πράγματα
1743 1993 1824 2063 τῷ
1874 1990 2090 2066 βασιλεῖ
2120 1982 2168 2000 υ
2195 1988 2295 2057 τήν
2326 1986 2451 2063 περὶ
2480 1986 2549 2042 τὰ
2572 1986 2717 2043 καλά
2762 1982 3004 2053 σπουδὴν
3051 1983 3227 2038 αὐτῶν
3278 1985 3725 2057 παραπέμπουσι.
3756 1986 3862 2042 Βα-

430 2077 757 2149 καθέστηκεν
788 2077 1111 2155 οῗκειότερα.

506 2169 576 2243 β’.
608 2170 836 2243 Πρῶτον
917 2166 1014 2240 μὲν
1085 2163 1177 2222 οὖν
1239 2164 1295 2221 εἴ
1331 2187 1393 2243 γε
1447 2168 1886 2243 συνεπτυγμένος
1960 2166 2089 2243 ὅρος

428 2254 696 2331 τοῦνομα,
723 2260 869 2312 τοῦτ’
926 2252 1151 2331 εὔλογον
1214 2256 1529 2331 ἀναπτύξαι,
1577 2257 1859 2321 κάντεῦθεν
1915 2254 2089 2326 δῆλον

428 2346 613 2404 θέσθαι
665 2365 719 2400 τι
779 2344 1059 2422 βασιλεύς.
1114 2347 1266 2401 Ἔστι
1342 2345 1523 2400 τοίνυν
1600 2345 1855 2421 βασιλεὺς
1937 2344 2091 2421 βάσις

435 2436 615 2494 λαοῦ·
669 2434 734 2490 16
787 2435 889 2511 γὰρ
939 2433 1118 2497 ἀσινὲς
1176 2433 1239 2489 ού
1296 2435 1412 2489 κατ’
1465 2431 1751 2510 ἄνθρωπον
1828 2435 1964 2510 πρὸς
2029 2436 2092 2490 τὸ

439 2523 645 2581 δεῖσθαι
693 2524 1017 2600 προσθήκης
1060 2543 1120 2578 τε
1166 2522 1256 2578 καὶ
1300 2529 1513 2596 τροπῆς
1542 2545 1554 2558 ο
1613 2525 1649 2593 ἡ
1708 2521 1766 2579 δέ
1822 2545 1886 2599 γε
1940 2523 2094 2599 βάσις

441 2611 773 2690 στερροτάτη
803 2611 1035 2690 πέφυκεν
1082 2611 1215 2667 εἶναι
1266 2616 1375 2667 τῶν
1427 2611 1509 2667 ἐπ’
1562 2611 1755 2683 αὐτῆς,
1792 2615 1866 2685 μὴ
1920 2634 2096 2668 κατει-

444 2702 816 2779 ρωνευομένην
910 2698 1041 2774 μηδ’
1127 2701 1628 2779 ἀντιπεφρασμένην
1710 2703 1812 2771 τήν
1893 2701 2092 2772 κλῆσιν

446 2793 704 2871 φέρουσα.
733 2794 861 2852 Πῶς
892 2787 984 2845 οὖν
1032 2809 1117 2853 τις
1166 2789 1480 2864 ἐπιθυμίαις
1522 2790 1774 2853 ἐκτόποις
1814 2792 1852 2861 ἢ
1902 2793 2095 2865 θυμοῖς

446 2879 676 2957 ἀλόγοις
726 2878 1226 2955 περικλονούμενος
1282 2877 1434 2955 βάσις
1481 2877 1541 2934 ἂν
1594 2877 1676 2951 εἴη
1741 2877 1916 2949 λαοῦ;
1971 2902 2094 2953 μεν-

444 2974 600 3047 οῦνγε
666 2966 932 3046 τάραχος,
999 2970 1305 3044 περιτροπή
1332 2986 1345 2999 '
1404 2966 1635 3037 κάπειδῆ
1705 2969 1796 3023 καὶ
1873 2971 2094 3042 σκοπὸς»

445 3055 756 3134 ὑπόδειγμα
782 3056 1021 3132 πονηρὸν
1052 3061 1151 3112 τοῦ
1181 3054 1441 3133 ἄρχεσθαι
1489 3055 1762 3133 λαχόντος
1817 3059 1953 3132 πρὸς
1997 3060 2099 3128 τήν

442 3146 767 3220 ἐξομοίωσιν
815 3143 1259 3215 ἐπισπεύδοντος,
1308 3147 1421 3221 χρή
1472 3143 1665 3201 λοιπὸν
1716 3147 1810 3202 τὸν
1872 3146 2099 3223 βασιλέα

442 3231 862 3313 προϐασιλεύειν
907 3238 1017 3290 τῶν
1067 3234 1119 3290 ἐν
1166 3234 1331 3307 αὐτῷ,
1366 3235 1456 3290 καὶ
1507 3234 1650 3291 οὕτω
1701 3233 1767 3306 δὴ
1814 3240 1922 3291 τῶν
1972 3236 2097 3312 περὶ

439 3301 620 3381 αὑτῶν
644 3344 705 3380 τε
731 3322 824 3380 καί
863 3328 972 3379 τῶν
1025 3322 1197 3387 ἐκτός.
1381 3322 1438 3379 δέ
1478 3345 1543 3400 γε
1594 3331 1722 3399 μιᾶς
1757 3301 1950 3388 ⁷οἰκίας
1999 3301 2099 3381 οὑκ
2128 3301 2173 3371 c

442 3412 743 3490 ἰσχύσαντα
794 3419 897 3483 τῆς
967 3409 1113 3468 ἔνδον
1172 3418 1525 3490 κατακρατεῖν
1582 3413 1801 3469 πολλοῦ
1862 3413 1923 3469 ἂν
1985 3412 2096 3470 δέοι

441 3500 672 3559 πολλῶν
721 3500 1137 3579 ἀναγορεύεσθαι
1192 3500 1409 3558 πόλεων
1475 3500 1726 3577 ἀψευδῶς
1768 3502 2099 3580 αὐτοκράτο-

444 3612 530 3669 ρα.
563 3590 634 3646 Τὸ
695 3590 789 3665 μὲν
850 3589 942 3645 οὖν
998 3587 1413 3665 ἀνδραποδῶδες
1460 3592 1552 3646 καὶ
1602 3590 1794 3668 λίχνον
1840 3593 1965 3669 περὶ
2003 3594 2101 3657 τὰς

447 3679 734 3756 αἰσχίστας
791 3682 898 3735 τῶν
944 3675 1154 3749 ἡδονῶν
1214 3678 1351 3750 ὅσης
1410 3680 1708 3757 ὑπεροψίας
1758 3677 1928 3751 ἄξιον,
1958 3681 2097 3737 ὅσων

440 3769 933 3846 ἀποτροπιασμῶν,
999 3768 1137 3845 πρὸς
1212 3768 1481 3839 τοσαύτης
1551 3765 1888 3839 δεσποτείας,
1963 3772 2100 3847 πρὸς

438 3854 776 3929 τηλικαύτης
804 3864 1009 3931 τιμῆς;
1040 3857 1122 3919 τίς
1171 3858 1275 3933 γὰρ
1329 3856 1428 3912 οὐκ
1478 3857 1539 3913 ἂν
1590 3856 1981 3933 ἐγκαλύψαιτο,
2011 3859 2102 3914 καὶ

443 3946 608 4021 μόνον
697 3943 1121 4019 διανοησάμενος
1221 3945 1511 4022 βασιλικῆς
1596 3946 1927 4021 σεμνότητος
2013 3949 2102 4003 καὶ

441 4036 722 4108 θειότητος
778 4030 996 4091 ὄλισθον
1056 4036 1135 4099 εἰς
1192 4034 1570 4113 αἰσχρότατα;
1627 4036 1836 4091 τούτων
1888 4035 1954 4106 δή
2007 4058 2107 4092 πα-

442 4124 711 4201 σχόντων,
757 4125 811 4180 οἱ
855 4125 995 4202 πρὸς
1042 4131 1143 4195 τῆς
1196 4124 1403 4199 Κίρκης
1456 4124 1777 4200 ἠλόγωνται
1823 4126 1888 4181 τὸ
1936 4127 2107 4188 πάθος

443 4215 509 4270 τὸ
563 4214 913 4289 ἀτιμότατον,
968 4214 1022 4269 οἳ
1072 4213 1271 4291 κάπροι
1328 4215 1421 4269 καὶ
1477 4213 1634 4277 κύνες
1691 4214 1743 4285 ἐξ
1801 4215 2103 4291 ἀνθρώπων

444 4301 792 4380 γεγένηνται*
834 4301 898 4358 τι)
952 4303 1048 4377 μὲν
1091 4302 1166 4365 ὡς
1207 4307 1288 4374 τῷ
1338 4297 1594 4378 βορϐόρῳ
1621 4307 1720 4373 τῆς
1780 4301 2109 4373 ἡδυπαθείας

450 4389 960 4467 ἐγκαλινδούμενοι,
1014 4389 1078 4446 τὰ
1136 4388 1183 4446 δ’
1241 4391 1316 4453 ὡς
1375 4388 1678 4453 λυσσῶντες
1748 4397 1829 4464 τῷ
1904 4390 2104 4469 ἔρωτι·

454 4477 673 4558 βασιλεῖ
722 4478 769 4535 δ’
818 4478 879 4535 ἂν
931 4479 1249 4554 ἐπιπρεπὲς,
1303 4479 1562 4555 ἐρμαῖκὸν
1613 4477 1791 4553 μῶλυ,
1822 4482 2106 4558 φάρμακον

451 4568 697 4646 λογικὸν,
730 4566 869 4644 πρός
913 4569 1011 4631 τὰς
1053 4575 1154 4638 τῆς
1213 4565 1418 4638 ἡδονῆς
1474 4567 1731 4642 γοητείας
1792 4570 2104 4633 ἀντιπαθέςτ

2199 2075 2382 2138 σιλεὺς
2408 2075 2692 2146 Ἐλλήνων
2726 2071 3081 2151 Ἀλέξανδρος
3113 2074 3443 2143 ἡττηθέντος
3492 2074 3718 2149 Δαρείου
3764 2073 3859 2129 καὶ

2196 2170 2306 2222 τῶν
2368 2164 2572 2221 ἐκείνου
2622 2164 2928 2241 θυγατέρων
2996 2163 3396 2239 προσηγμένων
3467 2163 3614 2236 αὖτῷ
3694 2162 3860 2239 γέρας

2200 2252 2502 2310 ἀπόλεκτον
2580 2252 2671 2309 διά
2743 2251 2988 2315 κάλλους
3066 2251 3347 2328 ὑπεροχὴν
3416 2252 3479 2308 ού
3538 2249 3860 2325 κατεδέξατο

2199 2344 2419 2406 ταύταις
2478 2346 2555 2417 (2)
2611 2340 2679 2411 δὴ
2738 2341 3053 2418 προσιδεῖν’
3111 2342 3340 2419 αἰσχρὸν
3417 2342 3554 2397 εἶναι
3620 2342 3864 2419 φάμενος

2202 2430 2399 2510 ἄνδρας
2463 2434 2788 2503 νικήσαντας
2840 2433 2943 2488 ὑπὸ
2998 2439 3261 2511 γυναικῶν
3311 2432 3656 2502 ἡττηθῆναι·
3699 2432 3763 2485 τὸ
3815 2428 3865 2486 δ’

2203 2522 2334 2577 αὐτὸ
2380 2522 2469 2575 καὶ
2520 2525 2696 2597 Κῦρος
2753 2522 2968 2598 πρώην,
3003 2523 3030 2578 ὁ
3084 2526 3304 2599 Περσῶν
3364 2516 3718 2596 αὐτοκράτωρ
3764 2521 3865 2575 καὶ

2204 2608 2444 2682 Μήδων·
2477 2609 2592 2665 ἐπεὶ
2622 2611 2727 2685 γὰρ
2757 2611 3075 2687 ’Δσσυρίους
3125 2612 3216 2668 καὶ
3272 2609 3402 2672 τοὺς
3448 2608 3667 2664 ἐκείνων
3720 2629 3863 2683 συμ-

2208 2700 2422 2776 μάχους
2470 2700 2945 2774 κατετροπώσατο,
2977 2702 3068 2756 καὶ
3108 2704 3143 2772 ἡ
3173 2701 3409 2764 Πάνθεια
3452 2702 3564 2754 τῶν
3613 2695 3861 2752 Σουσίων

2203 2791 2239 2858 ἡ
2276 2786 2494 2864 βασιλὶς
2521 2787 2735 2844 πάντων
2787 2789 2935 2862 αὐτῷ
2984 2789 3239 2869 λαφύρων
3288 2787 3521 2862 ἐξῄρητο
3568 2786 3718 2863 παρὰ
3759 2791 3863 2842 τοῦ

2205 2881 2457 2952 στρατοῦ,
2505 2876 2594 2931 καὶ
2643 2878 2711 2947 iv
2763 2872 3168 2951 διαϐεϐοημένη
3227 2878 3289 2932 τὸ
3332 2873 3477 2939 εἶδος
3522 2877 3598 2938 ὡς
3646 2873 3860 2951 ἀπαρά-

2210 2964 2413 3039 μιλλος
2468 2969 2568 3036 τῆς
2626 2966 2806 3029 Ἀσίας
2888 2967 3197 3044 ἀπανταχῆ,
3256 2965 3477 3035 πολλῆς
3539 2966 3635 3039 μὲν
3689 2964 3861 3034 αὐτὴν

2208 3053 2527 3128 ἐπιμελείας
2582 3054 2830 3128 ἠξίωσεν,
2873 3057 3167 3134 ἑωρακέναι
3217 3055 3265 3112 δ’
3312 3053 3461 3117 ὅλως
3510 3054 3620 3131 οὐχ
3673 3052 3863 3130 ᾑρετί-

2208 3162 2371 3200 σατο’
2430 3144 2673 3219 φύλακας
2742 3144 3122 3224 σωφροσύνης,
3175 3145 3276 3201 οὐκ
3336 3139 3691 3215 ἐπιϐούλους,
3744 3141 3870 3218 κρί-

2206 3253 2301 3296 νας
2334 3233 2466 3289 είναι
2487 3233 2616 3296 τοὺς
2652 3233 2915 3309 βασιλεῖς,
2950 3233 3040 3289 διά
3066 3255 3125 3290 τε
3154 3236 3217 3290 τὸ
3245 3235 3348 3304 τῆς
3399 3231 3549 3304 ἀξίας
3607 3230 3867 3304 θεοειδές,

2208 3322 2299 3378 καὶ
2329 3321 2412 3377 ὅτι
2464 3322 2785 3400 σωφροσύνη
2834 3325 2924 3378 καὶ
2972 3321 3195 3401 ἀνδρίας
3239 3323 3331 3378 καὶ
3380 3324 3697 3401 φρονήσεως
3742 3343 3871 3376 συν-

2208 3413 2355 3487 οχή·
2404 3413 2467 3466 τὸ
2514 3413 2615 3488 γὰρ
2648 3409 2957 3468 ἐκδεδόσθαι
3005 3412 3148 3489 πρὸς
3194 3410 3398 3489 ἔρωτας
3444 3411 3536 3466 καὶ
3582 3412 3721 3486 πρὸς
3771 3430 3873 3487 γυ-

2207 3506 2395 3563 ναῖκας
2449 3500 2758 3577 κεχηνέναι,
2822 3502 2914 3557 καὶ
2972 3502 3049 3564 ὡς
3125 3499 3216 3557 διὰ
3290 3495 3549 3580 φορϐειᾶς
3618 3496 3879 3555 ἕλκεσθαι

2207 3591 2344 3666 πρὸς
2391 3590 2461 3644 τά
2506 3586 2783 3666 αἴσχιστα,
2814 3590 2906 3645 καὶ
2953 3587 3171 3652 δειλοὺς
3222 3589 3313 3645 καὶ
3362 3586 3599 3668 ἄφρονας
3647 3588 3884 3665 ἀπεργά-

2213 3683 2390 3748 ζεται’
2435 3678 2531 3733 κᾶν
2584 3680 2613 3734 6
2663 3678 2807 3734 οὕτω
2864 3674 3009 3755 ἔχων
3063 3679 3319 3757 σφριγῴη
3366 3679 3431 3733 τὸ
3478 3681 3660 3750 σῶμα,
3697 3679 3880 3755 ψοφο-

2211 3764 2341 3836 δεὴς
2395 3766 2486 3821 καὶ
2542 3768 2742 3829 παντὸς
2796 3765 3198 3843 κάχεκτοῦντος
3267 3765 3623 3843 ἀλλοιότερον
3674 3763 3884 3822 διακεί-

2217 3876 2392 3929 μενος,
2446 3852 2634 3925 ἐπειδὴ
2686 3855 2781 3911 τὸν
2839 3855 2997 3911 τόνον
3054 3864 3159 3927 τῆς
3217 3859 3407 3932 ψυχῆς
3456 3853 3835 3932 παραλέλυται
3862 3877 3880 3892 ο

2210 3943 2301 3999 καὶ
2332 3942 2487 4006 εἷ’τις
2515 3942 2576 3999 ἂν
2606 3945 2705 4013 τήν
2744 3948 2850 3998 τῶν
2904 3942 3336 4019 θρυλλουμένων
3384 3945 3701 4019 ἡγεμονιῶν
3752 3964 3885 3999 σκο-

2213 4031 2346 4102 ποίη
2406 4030 2722 4105 κατάλυσιν,
2770 4033 2874 4089 ὑπὸ
2929 4040 3033 4103 τῆς
3092 4034 3359 4104 συνούσης
3416 4032 3604 4095 αὐταῖς
3656 4032 3884 4108 εὑρήσει

2216 4121 2466 4198 λαγνείας
2547 4120 3005 4199 ἐξειργασμένην·
3077 4120 3272 4177 αὐτίκα
3339 4120 3441 4197 γὰρ
3500 4122 3529 4174 6
3587 4119 3887 4196 Ἀσσύριος

2218 4207 2653 4286 Σαρδανάπαλος
2703 4210 2863 4265 πόθεν
2909 4207 3102 4286 εὕρατο
3147 4211 3247 4278 τήν
3297 4210 3494 4286 πυρὰν,
3526 4209 3618 4265 καὶ
3658 4208 3734 4270 εἰς
3784 4208 3886 4263 τὸν

2217 4296 2403 4367 Μῆδον
2461 4299 2731 4374 ’Δρσάκην
2784 4300 2885 4368 τὴν
2963 4296 3273 4353 δυναστείαν
3336 4298 3731 4369 ἀπετινάξατος
3789 4297 3887 4352 καὶ

2214 4392 2382 4442 ταῦτα
2450 4387 2605 4459 πόσῳ
2679 4386 2909 4459 πλούτῳ
2988 4387 3232 4463 βρίθων;
3298 4387 3467 4443 πόσον
3541 4386 3887 4463 ἐπαγόμενος

2217 4477 2567 4553 στράτευμα;
2628 4477 2849 4538 πάντως
2908 4474 2969 4531 ἐκ
3017 4481 3117 4531 τοῦ
3176 4480 3495 4541 ἐκκεκαῦθαι
3546 4481 3667 4537 ταῖς
3696 4475 3891 4540 ἐπιθυ-

2223 4564 2373 4636 μίαις
2422 4564 2590 4619 αὐτοῦ
2629 4566 2833 4627 πάντας
2866 4563 2927 4619 ἐκ
2953 4567 3053 4633 τῆς
3102 4564 3305 4627 οἰκείας
3357 4563 3695 4636 θηλύτητος,
3724 4564 3762 4633 ἢ
3789 4563 3888 4619 καὶ

453 4655 564 4729 ἤδη
599 4655 659 4713 δὲ
685 4657 779 4713 καὶ
810 4657 962 4735 ξίφος
996 4656 1364 4735 ἀμφίστομον,
1397 4656 1542 4730 ὀξεῖα
1569 4658 1718 4731 τομή
1767 4655 2108 4733 διακρίσεως,
2136 4670 2187 4736 D
2218 4653 2311 4708 τὸν
2404 4653 2628 4728 στρατὸν
2702 4650 2981 4729 ἐξήνδρισε
3055 4653 3335 4724 παθούσης
3411 4653 3518 4729 γὰρ
3593 4650 3885 4726 κατάκρως

451 4744 744 4824 διαιροῦσα
773 4745 837 4802 τὰ
866 4751 1111 4823 κρεῖττον
1143 4745 1296 4808 εὐθὺς
1338 4745 1399 4801 ἐκ
1444 4750 1543 4801 τοῦ
1591 4746 1844 4822 χείρονος
1869 4770 1881 4782 υ
1915 4741 2007 4803 καῖ
2050 4749 2114 4804 τὸ

460 4836 555 4911 μὲν
587 4835 893 4912 αἱρουμένη
934 4833 1027 4891 καὶ
1078 4838 1397 4904 συνιστῶσα,
1427 4838 1525 4889 τοῦ
1575 4832 1634 4890 δὲ
1678 4837 2108 4913 κατατρέχουσα.

447 4921 663 4987 τούτοις
695 4925 801 5000 γὰρ
831 4924 923 4979 καὶ
977 4924 1068 4979 τὸν
1122 4922 1388 4999 Λαερτίου
1432 4923 1561 4999 φασὶ
1612 4924 1688 4997 μὴ
1741 4923 1900 4997 μόνον
1948 4923 2107 4980 αὐτὸν

454 5010 876 5090 διατετηρῆσθαι
935 5018 1058 5075 ταῖς
1100 5018 1200 5083 τῆς
1246 5012 1451 5089 Κίρκης
1507 5012 1849 5090 μαγγανείαις
1894 5011 2109 5068 ἀνάλω-

452 5122 569 5173 τον,
597 5099 744 5158 ἀλλά
796 5101 887 5157 καὶ
935 5100 1063 5164 τοὺς
1115 5099 1425 5164 ἑαλωκότας
1469 5106 1578 5156 τῶν
1636 5102 1859 5177 ἑταίρων
1912 5101 2108 5157 ἐπανα-

456 5190 713 5250 σώσαθαι.
770 5189 924 5247 Οὕτω
980 5191 1071 5246 καὶ
1132 5188 1361 5267 βασιλέα
1418 5192 1530 5267 χρὴ
1596 5192 1670 5264 μή
1732 5190 1896 5263 μόνον
1952 5191 2111 5246 αὐτὸν

459 5276 774 5336 ἀδούλωτον
847 5276 1288 5358 διαπεφύλάχθαι
1343 5283 1464 5340 ταῖς
1517 5276 1766 5350 ἡδοναῖς,
1819 5276 1966 5333 ἀλλὰ
2019 5278 2109 5334 καὶ

453 5365 582 5429 τοὺς
611 5364 1054 5442 δεδουλωμένους
1083 5366 1394 5443 ἐλευθεροῦν
1425 5367 1515 5421 καὶ
1546 5365 1701 5442 λόγῳ
1733 5366 1823 5421 καὶ
1856 5365 2108 5443 ὑποδείγ-

463 5476 612 5529 ματι,
671 5455 762 5510 καὶ
818 5454 1060 5511 παιάνων
1128 5457 1288 5532 ἰερῶν
1348 5453 1551 5510 ἐπαΐειν
1617 5453 1902 5516 διαπαντός
1927 5477 1938 5490 ⁸
1990 5456 2111 5510 ἀνέ-

461 5538 563 5611 ϐης
624 5543 700 5602 εἷς
754 5542 889 5616 ὕψος
947 5544 1301 5622 σωφροσύνης
1358 5542 1747 5619 αἰχμαλωσίαν
1797 5548 1878 5615 τῷ
1926 5544 2111 5619 ἀγαθῷ

538 5721 618 5795 (2)
654 5721 741 5779 Ita
767 5723 907 5781 God.

2218 4750 2323 4812 τῆς
2373 4740 2639 4820 κεφαλῆς,
2682 4742 2746 4796 τὸ
2800 4743 3147 4816 συνημμένον
3191 4746 3353 4816 σῶμα
3395 4742 3483 4803 τίς
3535 4741 3760 4818 μηχανὴ
3798 4741 3880 4812 μή

2220 4831 2400 4902 πάθῃ;
2438 4834 2583 4893 Ἕως
2647 4830 2743 4903 μὶν
2803 4828 2896 4886 οὖν
2944 4831 3266 4910 σωφροσύνῃ
3312 4827 3696 4903 καλώπλιστο,
3742 4848 3884 4903 κρα-

2218 4919 2370 4980 ταιὸς
2425 4919 2518 4988 iv,
2568 4914 2922 4993 ἀπρόϐλητος
2972 4918 3064 4991 iv,
3113 4918 3308 4980 πάντες
3365 4915 3527 4973 αὐτὰν
3583 4913 3881 4989 ἐδεδίεσαν,

2219 5008 2415 5070 πάντες
2468 5007 2628 5062 αὐτὸν
2688 5007 3040 5085 ἐπεφρίκεσαν
3073 5029 3085 5042 ·
3135 5007 3223 5086 ἀφ’
3269 5007 3333 5061 οὗ
3391 5004 3450 5062 δὲ
3494 5004 3697 5075 ταύτην
3747 5004 3884 5061 ἀπε-

2221 5095 2536 5167 σκευάσατο,
2586 5095 2678 5151 καὶ
2734 5102 2855 5158 ταῖς
2909 5093 3135 5165 ἡδοναῖς
3186 5095 3407 5150 ἀνέπεσε
3458 5094 3550 5150 καὶ
3605 5092 3883 5166 ὑπτίασεν,

2222 5183 2330 5240 ἔδει
2384 5186 2530 5249 τίνος
2592 5186 2714 5256 ἑξῆς
2766 5185 2908 5240 ὥστε
2953 5185 3045 5240 καὶ
3101 5189 3523 5249 καταπατεῖσθαι
3574 5182 3884 5254 λοιπόνςῆ

2220 5273 2484 5336 Βελεσῦος
2536 5272 3063 5351 χρησμολογοῦντος
3114 5274 3202 5329 καὶ
3248 5278 3347 5329 τοῦ
3397 5272 3787 5343 λακτίζοντος;
3821 5273 3885 5330 Ὁ

2221 5360 2266 5417 δ’
2314 5362 2647 5437 Ἀστυάγους
2698 5368 2924 5439 Δαρεῖος
2972 5362 3173 5426 ὁπόσος
3222 5363 3312 5435 iv,
3360 5363 3422 5424 ὃς
3467 5363 3568 5431 τὴν
3618 5356 3886 5418 Βαϐυλω-

2217 5451 2345 5506 νίων
2409 5453 2483 5513 ὡς
2538 5451 2590 5506 ἐν
2652 5451 2971 5529 ἀθυρματίῳ
3038 5451 3143 5506 τινὶ
3200 5450 3292 5506 καὶ
3350 5448 3542 5522 παιδιᾷ
3597 5450 3887 5524 σύμπασαν
4000 5452 4003 5453 ν

2221 5538 2556 5612 ἐξηλάπαξε;
2613 5538 2769 5609 Πλὴν
2841 5538 2989 5595 ἀλλὰ
3060 5538 3151 5594 καὶ
3233 5538 3395 5601 οὗτος
3450 5539 3557 5595 καὶ¹
3602 5537 3885 5615 βασιλείας
