4154 6462
202 6338 213 6343 ,.
242 6324 283 6337 *πμ
320 6324 325 6333 ⁸
370 6336 375 6339 ι
402 6320 423 6339 Ϋ⁴¹

365 444 481 508 661

1227 446 1332 509 DE
1374 446 1604 510 REGIS
1647 444 2003 508 OFFICIIS.
2040 472 2115 489 -
2146 442 2460 509 TEXTUS
2508 442 2933 508 GENUINUS.

3671 445 3791 510 662

370 575 719 655 ἀπεστέρητο·
745 575 836 633 καὶ
884 581 1032 648 ζωῆς
1088 574 1179 634 διὰ
1233 580 1332 649 τήν
1393 577 1801 655 έπεισαχθεῖσαν
1860 576 2020 633 ἀσέλ-
2049 580 2106 646 Α
2137 581 2383 651 πυγμαῖς
2413 573 2661 649 ἕπληξεν,
2694 575 2884 652 ἀλόγῳ
2914 576 3073 649 θυμῷ
3123 573 3488 653 χαριζόμενος
3514 594 3527 610 ⁶
3581 572 3787 634 ἀντιτέ-

366 688 537 742 γειαν,
586 663 681 721 τὸν
740 667 953 744 Πέρσην
1015 670 1186 744 Κῦρον
1260 666 1369 744 οὐχ
1428 668 1720 741 ὑπομείνας
1771 668 1863 723 τὸν
1921 667 2025 722 σώ-

366 775 556 834 φρονα.
618 755 681 810 Τί
740 752 798 810 δὲ
854 754 1071 813 καθεῖλε
1138 757 1230 811 τὸν
1286 758 1564 831 ’Δρσάμου
1633 760 1875 832 Δαρεῖον,
1932 755 2021 810 καὶ

362 849 536 900 πᾶσαν
569 849 789 921 Περσῶν
836 842 1099 900 κατέλυσε
1146 847 1246 915 τήν
1296 845 1517 921 ἀρχήν;
1551 845 1658 921 οὐχ
1686 848 1721 915 ἠ
1752 844 1876 920 περὶ
1922 845 2018 907 τὰς

362 931 573 1012 φαύλας
633 932 837 1009 ὀρέξεις
885 932 1028 1009 ῥοπὴ
1077 934 1168 989 καὶ
1215 937 1279 989 τὸ
1326 934 1714 1010 ἀκρατέςςκαὶ
1766 932 1860 989 τίνα
1911 938 2019 989 τῶν

358 1020 553 1100 πόρῥω
602 1019 692 1077 διὰ
727 1022 791 1078 τὸ
821 1022 1034 1092 πλῆθος
1086 1022 1364 1101 ἀφέμενοι,
1396 1028 1503 1078 τῶν
1555 1022 1835 1099 ἐγγυτάτω
1881 1044 2019 1096 μνη-

357 1110 636 1184 σθείημεν,
692 1111 745 1167 τί
798 1111 862 1167 τὸ
917 1111 1184 1187 ἡμέτερον
1252 1112 1541 1188 ἀνάκτορον
1616 1115 2012 1189 παρεστήσατο,

355 1200 457 1268 τὴν
515 1200 735 1255 ἀπασῶν
786 1203 895 1255 τῶν
962 1199 1178 1256 πόλεων
1238 1202 1710 1277 κρατιστεύουσαν,
1766 1202 1856 1258 καὶ
1903 1206 2010 1257 τῶν

354 1287 609 1365 ἀρρήτων
688 1286 872 1344 δεινῶν
938 1290 1038 1358 τὴν
1116 1289 1442 1364 οἰκουμένην
1524 1290 1866 1361 ἀνέπλησεν;
1927 1290 2013 1367 ἆρ’

353 1376 463 1452 οὐχ
491 1380 527 1447 ἡ
555 1381 667 1432 τῶν
715 1377 1025 1455 προμάχων
1075 1378 1368 1455 έπίῤῥητος
1425 1381 1623 1455 βιοτή;
1673 1380 1736 1434 τὸ
1784 1380 2007 1451 ἀξιοζή-

352 1464 529 1521 λωτον
590 1463 933 1541 σπούδασμα,
983 1468 1073 1523 καὶ
1128 1469 1191 1523 τὸ
1248 1468 1488 1532 ἐντεῦθεν
1545 1467 2024 1546 διακεχαυνῶσθαι·

349 1555 488 1630 πρὸς
519 1560 694 1610 πᾶσαν
745 1554 1026 1625 ἕνστασιν;
1060 1554 1187 1611 οὐδὲ
1227 1558 1331 1633 γὰρ
1379 1553 1560 1631 ἕτερον
1609 1556 1764 1613 οὐδὲν
1809 1555 2005 1634 ἄνδρας

350 1643 429 1706 είς
477 1650 737 1720 γυναῖκας
784 1640 1033 1719 ἀμείϐειν
1089 1644 1253 1720 οἶδεν,
1286 1647 1360 1709 ὡς
1411 1650 1446 1716 ἡ
1492 1647 1629 1723 πρὸς
1684 1647 1845 1710 αύτάς
1907 1647 2004 1721 έμ-

346 1734 531 1803 παθής
580 1734 771 1810 σχέσις
822 1734 911 1789 καὶ
970 1733 1249 1808 ἐμμανής·
1307 1733 1458 1791 οὐδὲν
1503 1733 1684 1813 ἕτερον
1741 1734 2004 1800 δυσαλέας

351 1826 501 1892 ζωῆς
532 1824 621 1879 καὶ
657 1823 1014 1900 μαχλοσύνης
1054 1824 1144 1880 καὶ
1193 1829 1353 1898 σῶμα
1411 1828 1602 1902 σαθροῖ
1653 1826 1743 1880 καὶ
1777 1829 1963 1901 ψυχήν
1986 1848 2000 1860 ·

2131 685 2347 737 τυπται,
2399 664 2855 737 ἀντιπέπληκται,
2905 664 3041 741 ῥίγει
3089 665 3279 741 τυχὸν,
3335 670 3565 742 πυρετῷ,
3617 687 3783 746 κεφα-

2134 754 2238 825 λῆς
2305 753 2479 830 ἄλγει,
2523 752 2926 831 καρδιωγμοῖς,
2975 760 3294 827 τηνεσμοῖς,
3355 754 3556 832 ἑτέροις
3630 756 3782 811 ἀνια-

2132 850 2275 921 ροῖς·
2331 844 2409 899 ὅτ’
2458 843 2558 899 οὐκ
2605 840 2827 918 ἔμελλε,
2856 841 3045 897 πλεῖόν
3098 863 3150 897 τι
3214 840 3456 918 δέδρακε,
3491 844 3684 901 πλεῖόν
3728 867 3784 901 τι

2127 933 2419 990 πεπόνθει·
2471 934 2517 989 εί
2568 931 2614 988 δ’
2667 932 2728 987 οὐ
2774 934 2923 1008 παρὰ
2971 930 3143 995 πόδας
3200 933 3360 987 παντὶ
3406 935 3589 1007 ποινὰ,
3647 936 3785 990 κατὰ

2125 1023 2350 1100 καιροὺς
2409 1022 2502 1086 οὓς
2562 1020 2660 1077 οὒκ
2725 1019 2961 1076 εἷ’σεται’
3029 1027 3292 1099 μαρτυρεῖ
3362 1024 3498 1099 πρὸς
3576 1023 3780 1100 ἑτέροις

2124 1112 2360 1175 πολλοῖς
2392 1114 2419 1167 ὁ
2454 1114 2584 1188 ὑπὲρ
2614 1117 2722 1167 τῶν
2755 1106 3113 1166 Γαϐαωνιτῶν
3144 1110 3330 1185 λιμὸς,
3365 1112 3443 1175 ὡς
3481 1112 3532 1166 έν
3583 1112 3779 1177 ἄλλοις

2123 1202 2404 1263 πταίοντες
2450 1206 2685 1277 καιροῖς,
2743 1199 2796 1255 έν
2849 1197 3042 1261 ἄλλοις
3096 1194 3579 1273 ἀπολαμϐάνομεν.
3628 1206 3682 1254 Ὁ
3733 1193 3780 1257 δ’

2123 1290 2372 1347 ἐνταυθοῖ
2416 1292 2483 1345 τά
2528 1290 2703 1345 πάντα
2767 1286 3138 1365 παραδραμὼν
3209 1289 3537 1366 βιαιοτέρως
3587 1289 3646 1344 ἂν
3700 1289 3783 1366 έγ-

2118 1379 2309 1457 κύρσοι
2341 1378 2430 1434 καὶ
2474 1376 2872 1452 μονιμωτέροις
2923 1375 2974 1430 έν
3023 1381 3103 1449 τῷ
3143 1376 3288 1432 τέλει
3339 1374 3559 1439 δεινοῖς.
3594 1377 3665 1432 Τὸ
3723 1375 3782 1433 δέ

2118 1491 2183 1545 γε
2238 1474 2509 1543 μισεῖσθαι
2540 1467 2628 1522 καὶ
2678 1467 3000 1527 ἀπευκταῖος
3058 1465 3191 1520 εἶναι
3251 1465 3341 1520 καὶ
3399 1465 3772 1543 ἀποτρόπαιος

2116 1560 2467 1635 καρπώσαιτο
2516 1557 2608 1611 καὶ
2660 1554 2737 1610 ἔτι
2788 1556 2991 1632 περιών
3020 1573 3031 1584 ·
3063 1554 3160 1609 κᾶν
3203 1554 3303 1609 οὐκ
3346 1554 3425 1617 είς
3475 1555 3780 1634 τούμφανὲς

2117 1646 2207 1704 διά
2238 1645 2378 1717 δέος,
2409 1645 2532 1703 ἀλλ’
2563 1644 2614 1701 ἐν
2649 1643 2883 1700 διαθέσει
2935 1647 3122 1720 ψυχῆς
3176 1642 3298 1719 ῥίζῃ
3346 1649 3604 1719 πονηρῶν
3656 1643 3773 1700 δια-

2117 1737 2437 1815 λογισμῶνο
2481 1733 2593 1809 ὅσῳ
2625 1732 2682 1789 δὲ
2731 1733 2991 1809 κρείττων
3042 1732 3253 1807 αἱρετὸς
3304 1734 3527 1809 ἡγεμὼν
3582 1731 3671 1788 διὰ
3712 1734 3776 1790 τὸ

2112 1828 2381 1903 χρηστὸν,
2410 1830 2508 1880 τοῦ
2540 1820 2777 1903 φοϐεροῦ
2835 1820 2925 1878 διὰ
2959 1823 3024 1877 τὸ
3071 1820 3394 1878 κολαστικόν
3423 1844 3436 1855 ο
3488 1822 3621 1897 ὑπὲρ
3671 1823 3766 1896 μὲν

347 1910 671 1989 σωφροσύνη
724 1912 955 1989 ῥώννυσι
1006 1917 1185 1987 σῶμα,
1235 1914 1555 1992 σωφροσύνη
1604 1920 1856 1992 κραταιοῖ
1900 1917 2000 1985 τήν
2034 1952 2084 2018 Β
2112 1916 2213 1993 γάρ
2242 1920 2340 1971 τοῦ
2370 1914 2638 1991 προτέρου
2670 1908 2841 1992 φόϐος
2870 1911 3069 1984 πολὺς,
3102 1912 3291 1988 αἱρετὴ
3325 1909 3383 1966 δὲ
3411 1911 3501 1966 καὶ
3555 1910 3770 1985 μᾶλλον

347 2002 568 2077 ψυχήν·
617 2000 886 2058 ἀκολασία
933 1999 991 2057 δὲ
1036 2002 1127 2057 καὶ
1179 1999 1347 2081 ἄμφω
1405 2001 1854 2079 διαλυμαίνεται·
1906 2005 2002 2060 κᾶν

350 2087 508 2164 ὑγεία
547 2110 633 2152 τις
683 2088 734 2161 ἐξ
782 2087 987 2161 ἡδονῆς
1038 2095 1118 2164 τῷ
1163 2086 1746 2167 καταϐεϐλακευμένῳ,
1775 2093 1872 2149 κᾶν
1916 2093 2009 2148 εὐ-

345 2178 540 2254 σαρκία
593 2178 904 2253 νομίζοιτο,
962 2184 1070 2234 τῶν
1132 2178 1429 2245 Ἀδώνιδος
1487 2183 1679 2252 κήπων
1740 2180 1895 2238 οὐδέν
1953 2203 2007 2237 τι

344 2263 762 2345 διενηνόχατον,
822 2266 979 2345 οτίπερ
1030 2268 1113 2324 ἐπ’
1166 2267 1443 2346 ὀστράκων
1488 2269 1807 2343 τεθηλότες,
1839 2271 2008 2328 πλέον

340 2356 436 2412 τὸν
490 2354 672 2432 γέλων
733 2357 994 2414 συνίστων
1053 2363 1172 2422 τοῖς
1229 2358 1507 2436 ἐνορῶσιν,
1563 2361 1598 2429 ἢ
1654 2360 1719 2415 τὸ
1771 2359 2005 2432 τεθηλὸς

342 2446 581 2508 ἑαυτοῖς.
614 2447 717 2502 Οἴα
746 2444 806 2502 δὲ
842 2452 952 2502 τῶν
995 2450 1095 2516 τῆς
1143 2445 1419 2524 Κύπριδος
1475 2449 1546 2504 τά
1595 2447 2006 2524 σπουδάσματα,

336 2540 464 2591 τοῖα
512 2535 605 2590 καὶ
655 2534 725 2591 τά
769 2542 871 2606 τῆς
929 2536 1133 2607 εὐεξίας
1179 2536 1395 2601 αὐτοῖς’
1460 2538 1684 2613 ὀνείρων
1743 2540 2004 2595 ἀποσκιά-

348 2642 567 2699 σματα·
617 2625 681 2680 τὸ
708 2631 811 2695 τῆς
847 2628 992 2695 ζωῆς
1022 2627 1124 2702 γὰρ
1170 2614 1463 2705 κεφάλαιον
1512 2634 1615 2698 τῆς
1663 2627 2005 2702 ἀνθρωπίνης

348 2710 653 2791 διέφθορεν,
712 2715 742 2769 6
790 2717 890 2783 τῆς
963 2713 1180 2791 ἀνδρίας
1254 2714 1518 2789 θέμεθλος
1593 2716 2004 2794 ἀνατέτραπται,

348 2801 610 2879 φρόνησις
671 2803 750 2866 εἷς
796 2805 860 2859 τὸ
910 2801 1080 2876 μηδὲν
1133 2802 1353 2874 εἰδέναι,
1390 2803 1520 2878 μηδ’
1565 2806 1640 2868 ὡς
1692 2805 1791 2862 οὐκ
1838 2804 2003 2878 ἴσασι,

347 2893 669 2968 περιέστηκε
692 2911 706 2924 ·
746 2893 814 2947 τά
843 2890 902 2947 δὲ
929 2900 1032 2963 τῆς
1063 2892 1362 2970 εύκληρίας
1394 2892 1499 2965 ὕλη
1555 2895 1719 2968 μόνη,
1750 2895 2004 2971 τεχνίτου

350 2977 657 3044 λείποντος.
709 2981 829 3051 εἰκῆ
881 2983 1175 3060 φερομένη,
1208 2983 1299 3038 καὶ
1350 2983 1692 3039 ἀποτελοῦσα
1726 2985 1790 3039 τὸ
1826 2986 2003 3048 καθὼς

347 3065 545 3145 έτυχε’
605 3066 695 3125 διὰ
745 3076 915 3126 ταῦτα
978 3076 1085 3127 τῶν
1159 3071 1598 3148 ἀναγκαιοτάτων
1653 3078 1733 3145 τῷ
1793 3074 2006 3149 βασιλεῖ

354 3156 659 3232 βασιλεύειν
683 3164 790 3215 τῶν
822 3156 1037 3229 ἡδονῶν
1049 3205 1062 3217 .

418 3253 485 3323 γ’.
516 3248 586 3302 T6
618 3245 665 3302 δ’
695 3248 917 3325 ὀργίλον
949 3249 1040 3304 καὶ
1097 3250 1339 3323 μεμηνὸς
1387 3249 1705 3330 ἀπερῥίφθω
1755 3251 2002 3326 λῃσταῖς,

2116 2010 2214 2060 τοῦ
2272 2003 2526 2078 δευτέρου
2586 2002 2901 2078 ἀπαλλαγή.
2930 2001 2990 2056 Τί
3047 1999 3105 2057 δὲ
3160 2002 3273 2078 χρὴ
3334 1999 3509 2077 λέγειν
3558 2002 3626 2056 τὰ
3672 2004 3775 2071 τῆς

2117 2094 2538 2171 ἀσχημοσύνης,
2582 2090 2635 2148 εἷ’
2677 2094 2798 2147 ποτ’
2856 2090 2915 2146 ἂν
2974 2087 3103 2153 ἴσως
3161 2091 3223 2146 ἐκ
3275 2095 3372 2145 τοῦ
3419 2092 3495 2163 μή
3550 2090 3778 2156 συνειθί-

2117 2186 2237 2240 σθαι
2292 2185 2390 2254 τήν
2447 2181 2659 2259 ἐποχὴν
2715 2184 2815 2237 τοῦ
2873 2184 3049 2254 θυμοῦ
3107 2179 3313 2257 μακρὸν
3349 2174 3614 2257 ὑπερϐαίη
3645 2180 3775 2243 τοὺς

2118 2272 2281 2350 ὅρους
2337 2272 2498 2335 αὐτὸς
2558 2273 2706 2345 παρά
2747 2272 2847 2341 τὴν
2917 2273 3016 2325 τοῦ
3089 2268 3394 2344 πάσχοντος
3459 2267 3724 2344 βούλησιν
3758 2291 3771 2304 θ

2116 2362 2245 2417 ἐπὰν
2275 2361 2338 2416 τὸ
2370 2360 2496 2437 περὶ
2524 2361 2624 2430 τήν
2655 2358 2821 2433 κάραν
2863 2360 3003 2432 αἷμα
3045 2355 3327 2434 παφλάζον
3374 2356 3623 2436 σφοδρῶς
3679 2359 3770 2414 καὶ

2114 2451 2557 2523 ἀνακυκώμενον,
2600 2449 2738 2504 κατά
2808 2446 3028 2518 πολλὴν
3089 2447 3320 2524 ἐρημίαν
3377 2452 3476 2503 τοῦ
3526 2449 3776 2503 κατευνά-

2119 2546 2303 2611 ζοντος
2357 2540 2448 2595 καὶ
2494 2536 2960 2600 καταστέλλοντος
3012 2537 3304 2613 λογισμοῦ,
3363 2536 3458 2591 κάν
3509 2542 3626 2599 τοῖς
3674 2536 3771 2614 ἀγ-

2116 2630 2285 2706 γείοις
2316 2628 2721 2701 συνωθούμενον
2782 2626 2927 2682 οὕτω
2981 2624 3046 2695 δὴ
3109 2626 3199 2681 καὶ
3253 2625 3769 2703 στενοχωρούμενον

2112 2721 2370 2795 ταράττοι
2426 2718 2515 2773 καὶ
2576 2715 2904 2794 παρακινοίη
2963 2716 3055 2770 τὸν
3121 2714 3495 2791 ὀργιζόμενον,
3538 2715 3676 2792 πρός
3715 2736 3773 2771 τε

2112 2810 2212 2878 τήν
2246 2807 2550 2886 ἐπιφάνειαν
2605 2805 2771 2874 αὐτὴν
2829 2803 3170 2881 βιαζόμενον,
3199 2804 3264 2858 τὸ
3325 2805 3419 2877 μὲν
3477 2803 3773 2880 πρόσωπον

2116 2895 2386 2971 διῳδηκὸς
2418 2895 2664 2966 έκτελοίη
2705 2894 2839 2967 μετά
2882 2914 3030 2955 τινος
3092 2890 3341 2955 ἂναιδοῦς
3399 2892 3619 2970 έρύθους
3678 2893 3770 2949 καὶ

2114 2985 2504 3056 πελιδνότητος
2560 2985 2652 3040 καὶ
2704 2982 2965 3053 ποικίλης
3021 2980 3504 3057 περικλονήσεως·
3562 2981 3692 3045 τοὺς
3724 2981 3773 3038 δ’

2117 3074 2434 3154 ὀφθαλμοὺς
2464 3071 2710 3150 ἄντικρυς
2763 3070 3025 3148 ἄνθρακας
3074 3072 3435 3147 ἀπεργάζοιτο
3479 3072 3568 3127 καὶ
3618 3070 3768 3134 θ’ίους

2111 3164 2240 3227 τοὺς
2314 3162 2622 3241 δρακόντων
2699 3160 2993 3235 ἀκούομεν,
3053 3161 3228 3215 πυκνά
3301 3155 3765 3237 περιστροϐουμέ·

2112 3276 2237 3317 νους
2311 3253 2401 3308 καὶ
2477 3249 2886 3312 ἀναπάλλοντας
2948 3250 3039 3304 καὶ
3085 3249 3180 3312 τὰς
3239 3248 3441 3312 οἰκείας
3493 3246 3654 3326 ἕδρας
3704 3249 3767 3304 ού

348 3322 594 3393 ὧνκατά
626 3322 737 3407 τὴν
768 3322 868 3393 τοῦ
911 3322 1106 3416 ὄφεως
1132 3338 1399 3412 ὁμοίωσιν
1432 3342 1460 3395 6
1744 3322 1818 3396 ὧν
1867 3322 2003 3398 κατά
2033 3322 2076 3389 C
2114 3345 2424 3420 στέγοντας·
2476 3344 2510 3411 ἡ
2561 3341 2711 3416 φωνὴ
2747 3337 2792 3394 δ’
2844 3337 3231 3415 ὑπερτείνοιτο,
3265 3337 3356 3393 καὶ
3392 3338 3420 3392 6
3455 3322 3621 3413 λόγος
3670 3337 3772 3393 οὐκ

343 3425 444 3494 τὴν
505 3422 829 3499 δαιμονικὴν
895 3427 1299 3502 μισανθρωπίαν
1356 3428 1420 3483 τὸ
1473 3428 1715 3500 ἀπηνές·
1760 3435 1841 3502 τῷ
1886 3433 2003 3487 καθ’

342 3513 609 3587 ὁμοίωσιν
638 3516 952 3593 τεταγμένῳ
999 3521 1133 3573 Θεοῦ
1176 3516 1268 3572 καὶ
1315 3522 1413 3573 τοῦ
1460 3516 1784 3592 πλάσματος
1835 3518 2001 3575 αὐτοῦ

341 3603 759 3678 πεπιστευμένῳ
803 3607 903 3674 τὴν
954 3603 1295 3678 ἐπιμέλειαν,
1337 3607 1401 3661 τὸ
1450 3606 1693 3682 γαληνὸν
1750 3629 2000 3686 προσηρ-

345 3691 532 3766 μόσθω
578 3693 672 3748 καὶ
719 3693 952 3770 ἥμερον,
999 3694 1062 3748 τὸ
1121 3694 1355 3758 ἐπιεικὲς
1420 3696 1509 3751 καὶ
1571 3695 1957 3774 φιλάνθρωπον
1985 3722 1997 3733 ·

339 3779 512 3838 εἰδότι
566 3780 756 3846 καλῶς
810 3782 895 3838 ὅτι
950 3785 1014 3839 τὸ
1069 3782 1378 3860 ἀρχόμενον
1447 3787 1717 3862 συγγενὲς,
1772 3788 1861 3842 καὶ
1922 3789 1999 3852 ὡς

338 3871 531 3927 ἑαυτὸν
579 3870 915 3948 περιέποντι,
963 3876 1073 3927 τῶν
1126 3873 1477 3949 ὑγιαινόντων
1525 3875 1996 3951 προμηθουμένῳ,

334 3958 466 4022 τοὺς
522 3958 947 4038 ιάῥρωστοῦντας
1017 3960 1485 4035 έπισκεπτομένῳ,
1542 3962 1632 4018 καὶ
1713 3966 1996 4042 θεραπείας

336 4049 577 4120 ἀξιοῦντι
626 4052 726 4119 τῆς
782 4050 1110 4127 κρείττονος,
1149 4047 1470 4126 μαλάγματι
1528 4052 1623 4124 μὲν
1673 4054 1750 4115 ὡς
1801 4053 1993 4110 ἐπίπαν

333 4137 425 4194 καὶ
454 4136 818 4213 καταδέσμοις
845 4157 858 4170 ·
907 4140 1044 4195 ποτε
1074 4137 1134 4194 δὲ
1180 4138 1269 4194 καὶ
1315 4140 1453 4196 κατά
1491 4138 1712 4212 πολλὴν
1763 4141 1997 4221 ἀνάγκην

333 4227 769 4307 προσ-φερομένῳ
845 4228 936 4284 καὶ
993 4227 1414 4305 αὐστηρότερον,
1473 4225 1622 4306 εἰπερ
1699 4234 1835 4304 μετά
1898 4255 1996 4288 συ-

332 4318 475 4391 χνὴν
505 4316 597 4373 καὶ
627 4319 943 4395 παρήγορον
976 4317 1198 4393 ἀγωγὴν
1249 4317 1401 4394 ὁρῴη
1432 4319 1532 4387 τὴν
1590 4318 1746 4374 νόσον
1807 4321 1995 4398 ἀγρίαν

330 4425 395 4460 τε
444 4404 533 4460 καὶ
593 4403 987 4461 δυσκάθεκτονι
1048 4406 1125 4468 ὡς
1211 4406 1394 4479 μέντοι
1474 4406 1661 4472 μέλεσι
1743 4411 1991 4485 γνησίοις

333 4490 768 4568 συνοδυνωμένῳ
794 4498 916 4557 τοῖς
953 4493 1258 4570 πάσχουσιν
1285 4513 1297 4526 ⁸
1350 4494 1494 4551 οὕτω
1540 4517 1622 4559 τις
1675 4497 1753 4561 εἷς
1804 4499 1989 4556 ἑαυτὸν

330 4580 488 4638 ἕλκει
542 4582 672 4645 τοὺς
738 4582 1058 4658 οὶκτιρμοὺς
1112 4588 1210 4639 τοῦ
1276 4589 1444 4640 Θεοῦ·
1509 4584 1654 4641 οὕτω
1715 4588 1991 4663 βασιλείαν

2114 3430 2354 3505 εὔσημος
2424 3425 2687 3505 ἀκριϐῶς,
2747 3428 2883 3483 ἅπαν
2943 3448 3001 3482 τε
3050 3425 3113 3481 τὸ
3184 3431 3345 3500 σῶμα
3406 3426 3766 3503 σπαράττοιτο

2111 3521 2201 3577 καὶ
2258 3520 2502 3581 ἀτάκτως
2558 3517 2706 3589 ᾅττοι
2753 3517 2842 3572 καὶ
2913 3517 3306 3595 παραφέροιτο,
3363 3521 3445 3589 τῷ
3496 3516 3763 3591 πνεύματι

2108 3618 2209 3681 τῆς
2252 3610 2420 3687 ὀργῆς
2474 3607 2860 3684 ένεργούμενον
2889 3628 2901 3641 ·
2955 3606 3116 3660 ὁποία
3160 3605 3285 3661 τότε
3336 3607 3522 3681 ψυχῆς
3572 3606 3761 3683 φανείη

2109 3701 2470 3769 κατάστασις;
2532 3694 2702 3758 ὅντως
2763 3696 2897 3773 ἀνὴρ
2966 3693 3228 3768 θυμώδης
3284 3692 3384 3749 οὐκ
3440 3694 3761 3770 εὐσχήμων,

2112 3789 2390 3865 εὐστόχως
2448 3784 2696 3864 εἷ’ρηται·
2751 3783 2837 3839 διὸ
2886 3785 2975 3839 καὶ
3036 3782 3157 3839 λίαν
3218 3780 3425 3854 ἀπᾷδον
3478 3787 3641 3838 τοῦτο
3696 3784 3760 3838 τὸ

2108 3868 2279 3942 πάθος
2306 3882 2375 3952 τῇ
2412 3876 2672 3953 βασιλικῇ
2703 3872 3051 3946 κοσμιότητι.

2182 3966 2245 4026 δ’.
2280 3971 2438 4023 Λαῶν
2468 3967 2812 4040 κοσμήτορες
2847 3964 2898 4017 οἱ
2952 3961 3195 4037 βασιλεῖς
3252 3959 3485 4017 ἔκπαλαι
3531 3958 3763 4030 κέκλην-

2104 4080 2191 4115 ται
2222 4057 2312 4113 καὶ
2356 4054 2610 4129 ποιμένες
2641 4053 2788 4108 λαῶν
2813 4074 2824 4086 ο
2876 4052 2904 4105 6
2950 4050 3125 4106 τοίνυν
3179 4049 3344 4111 λαοὺς
3373 4044 3762 4126 προϐεϐλημὲ-

2104 4170 2192 4211 νος
2236 4151 2484 4220 κοσμεῖν,
2543 4144 2619 4206 ὡς
2669 4140 2937 4217 στατηγὸς
2987 4139 3039 4195 έν
3089 4145 3205 4201 ταῖς
3261 4136 3637 4216 παρατάξεσιν,
3685 4140 3760 4202 ὡς
3827 4210 3833 4216 1

2103 4242 2322 4314 πρῶτος
2377 4233 2605 4308 ἡγεμὼν
2650 4231 2739 4286 καὶ
2786 4227 3084 4297 παιδευτὴς
3128 4229 3180 4283 έν
3222 4233 3339 4291 τοῖς
3388 4225 3596 4299 ἤθεσιν,
3630 4226 3758 4282 ὅσον

2104 4323 2251 4402 ἔχειν
2299 4323 2460 4385 αὐτὸς
2509 4320 2715 4400 ὀφείλει
2768 4319 2832 4374 τὸ
2889 4317 3159 4392 κόσμιον;
3210 4316 3333 4372 ὅσον
3383 4314 3441 4372 δὲ
3497 4315 3633 4392 πρὸς
3690 4317 3759 4371 τὰ

2101 4416 2332 4489 ποίμνια
2396 4413 2460 4467 τὸ
2523 4408 2888 4482 κηδεμονικὸν
2936 4409 2964 4461 6
3012 4410 3247 4481 ποιμὴν,
3307 4403 3449 4483 ἄγων
3512 4406 3607 4478 μὲν
3668 4404 3756 4460 ἐπὶ

2100 4505 2273 4578 νομάς
2331 4501 2552 4577 ἀγαθὰς,
2611 4497 2767 4569 αὐλῷ
2817 4494 2875 4551 δὲ
2935 4494 3148 4571 τέρπων
3218 4495 3307 4550 καὶ
3376 4494 3588 4571 σύριγγι
3664 4494 3755 4549 καὶ

2102 4591 2302 4668 ᾠδαῖς·
2363 4588 2426 4644 οὐ
2497 4585 2733 4660 δεσμῶν,
2795 4584 2857 4640 οὐ
2937 4579 3234 4659 στρεϐλῶν,
3292 4582 3354 4638 οὐ
3426 4582 3752 4651 καταικίζων

333 4671 683 4728 ὀκατάλυτον-
735 4673 910 4746 ἑαυτῷ
970 4673 1473 4750 πρσμνηστεύεταιο
1523 4673 1667 4730 οὕτω
1722 4677 2065 4758 κάνταῦθαΠ
2100 4687 2319 4759 μικραῖς
2385 4676 2728 4755 προφάσεσι·
2784 4678 2953 4729 ταῦτα
2997 4674 3104 4749 γάρ
3152 4672 3214 4728 οὐ
3262 4670 3436 4727 καλοῦ
3465 4670 3751 4746 ποιμένος,

330 4766 466 4817 πᾶσι
525 4759 788 4840 φιλεῖται,
834 4767 995 4817 πᾶσιν
1072 4763 1349 4839 ἑκασταχῆ
1422 4763 1754 4841 περιᾴδεται,
1814 4764 1990 4824 διακε-

326 4847 587 4925 κραγόσιν
621 4867 637 4919 ;
669 4850 728 4903 Ὁ
785 4848 1241 4928 σωφρονέσνατος,
1297 4851 1326 4905 6
1382 4851 1709 4926 πραότατος,
1765 4855 1794 4908 ὁ
1854 4856 1987 4934 ἀφο-

332 4937 629 5011 μοιότατος
689 4942 824 5012 Θεῷ.
880 4938 951 4993 Τὸ
1009 4935 1067 4993 δὲ
1121 4938 1320 5017 σάρκας
1387 4941 1683 5018 ἀνθρώπων
1740 4944 1987 5016 καταξαί-

323 5046 440 5082 νειν
469 5022 540 5082 δι’
571 5022 813 5102 ἀμυδρόν
862 5048 918 5082 τι
947 5024 1347 5102 πλημμέλημα
1398 5035 1499 5086 τοῦ
1554 5033 1848 5098 κατεσθίειν
1896 5031 1987 5090 διὰ

327 5114 529 5190 μανίαν
560 5114 785 5178 ἑαυτοὺς
816 5115 880 5172 οὐ
922 5114 1192 5190 πάμπολυ
1242 5114 1559 5195 διενήνοχεν
1585 5143 1598 5155 ·
1650 5121 1830 5199 ὥσπερ
1878 5124 1982 5202 γὰρ

322 5206 443 5262 ἐκεῖ
495 5208 595 5275 τῆς
637 5209 749 5261 τῶν
800 5202 1008 5261 ὀδυνῶν
1059 5205 1362 5276 αἰσθήσεως
1402 5210 1438 5278 ἡ
1488 5211 1629 5287 φορά
1673 5218 1773 5281 τῆς
1819 5212 1982 5269 νόσου

319 5300 672 5371 κατακρατεῖ,
722 5292 1123 5371 παραπλησίως
1190 5294 1459 5352 κάνταῦθα
1506 5297 1635 5361 τοὺς
1691 5300 1979 5377 ὀργιζομέ-

317 5405 455 5447 νους
494 5384 562 5440 τὸ
603 5387 704 5440 τοῦ
746 5386 924 5457 θυμοῦ
982 5380 1286 5455 διατίθησιν
1338 5386 1726 5464 ἀκατάσχετον,
1778 5392 1867 5447 καὶ
1916 5392 1979 5447 ού

325 5472 581 5548 μεθίησιν
615 5473 837 5545 ἐννοεῖν,
871 5472 995 5529 ὅσον
1054 5472 1115 5528 ἂν
1164 5474 1400 5543 ἠνιῶντο
1448 5470 1752 5554 πάσχοντες
1792 5481 1976 5536 οὗτοι·

321 5562 419 5618 καὶ
448 5561 533 5619 ὅτι
581 5569 686 5635 τῆς
733 5561 902 5632 αὐτῆς
953 5561 1137 5624 οὐσίας
1187 5564 1217 5617 6
1262 5566 1698 5642 τιμωρούμενος,
1730 5569 1819 5623 καὶ
1863 5571 1977 5625 οἷον

324 5650 480 5728 φέρει
536 5651 602 5707 τὸ
663 5649 863 5728 ἄλγος*
921 5649 1011 5704 καὶ
1087 5648 1203 5705 οἵαν
1261 5653 1290 5706 ὁ
1340 5656 1629 5729 συμπαθὴς
1711 5654 1980 5731 δεσπότης

329 5737 525 5817 ἐπάγει
584 5742 685 5811 τὴν
763 5736 1012 5813 ἄμυναν·
1070 5737 1231 5816 ἔτυψέ
1282 5763 1368 5806 τις
1423 5742 1687 5821 ῥοπάλοις
1744 5753 1976 5824 πικρῶς,

2100 4770 2227 4828 οὐδὲ
2278 4769 2486 4833 τιθέναι
2536 4765 2636 4834 τὴν
2696 4764 2881 4839 ψυχὴν
2943 4763 3075 4840 ὑπὲρ
3118 4769 3219 4832 τῆς
3266 4760 3509 4834 ποίμνης
3554 4780 3753 4835 πεπαι-

2101 4860 2379 4935 δευμένου.
2411 4856 2482 4911 Τό
2540 4875 2605 4930 γε
2664 4854 2773 4926 μὴν
2826 4852 2961 4907 κάπὶ
3016 4855 3085 4926 τῇ
3144 4856 3250 4906 τῶν
3299 4849 3580 4927 ἀγομένων
3629 4848 3752 4926 τέρ-

2096 4952 2285 5007 πεσθαι
2348 4939 2607 5020 συντριϐῇ
2658 4946 2766 4997 τῶν
2817 4948 2918 5011 τῆς
2959 4940 3125 5009 αὐτῆς
3166 4940 3376 5019 φύσεως
3406 4937 3750 5013 ἠξιωμένων,

2093 5040 2183 5095 καὶ
2242 5043 2360 5099 τοῖς
2419 5034 2614 5111 ἑτέρων
2668 5030 2942 5107 ἀλγεινοῖς
3003 5025 3311 5107 ἐφήδεσθαι,
3369 5032 3470 5096 τῆς
3522 5024 3751 5102 Ἐχέτου

2093 5125 2392 5205 θηριωδίας
2465 5121 2556 5178 καὶ
2633 5118 2984 5193 ἰταμότητος.
3058 5118 3362 5193 Σέσωστρις
3425 5114 3751 5205 ΔΑἰγυπτίων

2092 5202 2182 5271 καί
2242 5211 2536 5289 Ἀσσυρίων
2607 5206 2891 5281 δυνάστης,
2955 5204 3210 5283 βασιλέας
3270 5202 3536 5276 ὑποτάξας
3603 5202 3747 5260 πολ-

2092 5302 2244 5377 λοὺς,
2295 5302 2506 5375 κόσμου
2558 5298 2662 5374 γὰρ
2719 5298 2999 5373 κατῆρξεν,
3041 5294 3086 5350 εἰ
3148 5296 3224 5369 μὴ
3282 5293 3503 5365 παντὸς,
3532 5296 3632 5347 τοῦ
3685 5312 3749 5369 γε

2089 5392 2364 5462 πλείονος,
2427 5391 2627 5462 ἅρματι
2709 5386 2802 5460 μὶν
2862 5385 3056 5448 αὐτοὺς
3129 5383 3418 5461 ὑπεζεύγνυ
3478 5381 3743 5458 λαμπρῷ,

2092 5482 2161 5539 δι’
2196 5481 2371 5538 αὐτῶν
2425 5477 2471 5534 δ’
2504 5472 2793 5532 ἐπιϐαίνων
2854 5472 3436 5553 πεφρονηματισμένος
3494 5470 3583 5526 καὶ
3640 5493 3742 5547 γη-

2089 5572 2348 5634 θόσυνοςσ
2399 5568 2488 5623 καὶ
2547 5565 2697 5627 τινός
2742 5585 2877 5619 ποτε
2921 5567 3030 5618 τῶν
3085 5560 3497 5638 ὑπεζευγμένων
3557 5558 3745 5637 βράδι-

2090 5683 2212 5717 στον
2261 5660 2351 5716 καὶ
2406 5654 2846 5727 ἀνακεκομμένον
2919 5650 3255 5729 βαδίσαντος,
3299 5651 3361 5705 Τί
3408 5648 3547 5719 δῆτα
3608 5647 3740 5722 μέλ-

2092 5751 2229 5825 λεις,
2264 5752 2491 5826 ἀνήρετο
2517 5765 2531 5815 ;
2561 5743 2651 5800 καὶ
2682 5744 2764 5817 ὃς,
2796 5745 2916 5797 ’Ότι
2943 5744 3039 5806 τὰς
3068 5746 3177 5799 τῶν
3205 5744 3450 5818 τροχῶν,
3473 5737 3736 5816 ἐπήγαγε,
