4154 6466
345 403 470 468 663

1607 399 2032 463 NICEPHORI
2075 399 2518 463 BLEMMIDE

3648 404 3770 466 664

351 532 594 613 στροφὰς
662 535 922 610 καθορῶ·
973 529 1150 596 συνεὶς
1218 529 1309 588 οὖν
1361 531 1391 586 6
1436 530 1733 608 Αἰγύπτιος
1789 532 1854 587 τὸ
1908 538 2008 601 τῆς
2036 527 2249 607 Αᾶγαν
2321 536 2400 604 τῷ
2474 530 2688 608 βασιλεῖ
2768 532 2857 587 καὶ
2941 530 3315 607 ἀνάρμοστος’
3369 529 3600 610 τέτταρα
3668 534 3769 611 γὰρ

349 623 530 701 τύχης
587 624 816 678 ἄστατον
876 619 1255 695 ὑποδηλωθέν,
1304 621 1603 698 πραότερος
1660 626 1756 675 τοῦ
1807 621 2006 678 λοιποῦ

344 711 440 770 καὶ
492 711 929 788 συμπαθέστερος
976 712 1069 781 ἦν.
1117 712 1299 787 Ἱέρων
1348 709 1406 766 δὲ
1468 711 1836 787 Συρακούσιος
1903 710 2009 787 οὐχ

348 801 584 860 ἑκόντων
635 798 1007 877 ἡγεμονεύσας
1054 804 1161 855 τῶν
1200 797 1463 872 Σικελῶν,
1499 796 1683 855 οὔτινα
1724 805 1831 854 τῶν
1882 800 2007 875 πρὶν

352 890 882 964 ἀντικαθισταμένων
948 889 1085 963 μετά
1136 890 1236 958 τήν
1310 888 1611 965 ἦγητορίαν
1690 888 2004 959 λελύπηκε-

356 978 571 1056 μᾶλλον
617 979 712 1053 μὲν
739 978 829 1033 οὖν
860 975 916 1034 εὖ
947 976 1121 1033 ἐποίει
1152 984 1255 1033 πᾶν
1285 978 1347 1032 τὸ
1388 978 1604 1047 πλῆθος
1650 975 1738 1032 διὰ
1784 979 2006 1047 παντὸς,

353 1072 444 1126 οἷα
499 1070 682 1145 πατὴρ
745 1066 935 1140 ἰλαρὸς
994 1065 1203 1140 έκάστῳ
1246 1064 1313 1135 δὴ
1366 1067 1796 1144 προφερόμενος.
1830 1069 2008 1124 Ἔτεσι

353 1156 413 1215 δὲ
458 1157 723 1235 κατάρξας
769 1155 1018 1232 τέσσαρσι
1068 1156 1206 1232 πρὸς
1254 1158 1608 1227 πεντήκοντα,
1662 1160 1730 1230 τῇ
1789 1154 2007 1231 πατρίδι

356 1249 454 1323 μὲν
506 1249 607 1316 τὴν
655 1247 902 1323 εἰρήνην,
946 1247 1119 1318 έαυτῶ
1175 1242 1234 1300 δὲ
1279 1247 1380 1314 τὴν
1426 1246 1606 1322 ἀρχὴν
1660 1245 2007 1301 ἀστασίαστον

354 1339 526 1409 πάντη
610 1333 1018 1411 διατετήρηκεν.
1080 1329 1552 1407 Ἐπιϐαλλόμενος
1625 1332 1682 1390 δὲ
1737 1333 2009 1398 πολλάκις

357 1426 648 1490 ἀποθέσθαι
690 1424 792 1492 τὴν
844 1420 1174 1495 δυναστείαν,
1216 1427 1372 1496 κοινῇ
1420 1428 1517 1478 τοῦ
1565 1421 1811 1494 πλήθους
1864 1425 2009 1478 ἀντι-

358 1509 585 1586 ϐολήσει
650 1510 1081 1569 διακεκώλυταιο
1135 1516 1392 1567 τοσοῦτον
1454 1512 1711 1589 ἐράσμιος
1774 1513 2009 1589 ἐγεγόνει

354 1609 474 1667 τοῖς
540 1601 894 1679 ἀρχομένοις,
945 1603 1434 1680 σωφρονικώτατος
1497 1599 1588 1674 ὣν,
1658 1603 2010 1679 εὐεργετικώ-

354 1713 541 1761 τατος,
574 1688 652 1747 ἔτι
690 1690 903 1766 μᾶλλον
949 1692 1329 1768 ἡμερώτατος.
1361 1696 1467 1746 Τοῦ
1499 1689 1545 1746 δ’
1586 1692 1749 1747 αὐτοῦ
1805 1693 2011 1769 τρόπου

354 1781 447 1838 καὶ
505 1780 781 1854 Ἄλκιμος
854 1781 922 1850 ἦν
983 1781 1011 1835 6
1070 1778 1281 1843 Λυδός·
1343 1780 1459 1835 ὅθεν
1522 1781 1572 1836 έν
1630 1780 1847 1857 γαλήνῃ
1922 1784 2011 1838 καὶ

2116 618 2352 675 ἐντεῦθεν
2410 619 2793 676 ἀποκυ”ίσκεται
2850 622 3067 698 τέρατα,
3127 623 3189 676 τὸ
3244 619 3617 698 ἀνελεύθερον,
3679 624 3771 678 καὶ

2114 710 2178 765 τὸ
2268 711 2632 787 μικροπρεπὲς
2715 710 2765 765 ἐν
2851 716 2971 772 ταῖς
3054 707 3255 779 δόσεσι,
3310 711 3372 765 τὸ
3437 708 3768 785 καπηλικὸν,

2117 801 2209 854 καὶ
2292 800 2356 855 τὸ
2437 800 2821 856 πλεονεκτικὸν
2897 800 2948 855 ἐν
3027 806 3147 863 ταῖς
3225 800 3458 875 λήψεσι·
3535 803 3598 857 τὸ
3677 802 3771 876 μὲν

2118 890 2219 965 γάρ
2282 886 2411 963 μηδ’
2472 888 2618 952 ὅλως
2668 890 2702 958 ἢ
2755 888 2976 967 ὀλίγους
3037 890 3125 945 καὶ
3189 886 3564 967 βεϐιασμένως
3618 891 3773 967 εὐερ-

2118 984 2289 1053 γετεῖν
2352 976 2636 1035 δουλικὸν·
2684 977 2881 1041 δοῦλος
2937 979 3041 1055 γὰρ
3099 979 3160 1034 οὐ
3211 977 3454 1053 δίδωσιν,
3486 982 3523 1049 ἢ
3561 979 3775 1057 ὀλίγοις

2120 1064 2267 1142 εἴπερ
2353 1063 2682 1139 ἐκϐιασθείη,
2743 1069 2833 1123 καὶ
2906 1069 3121 1130 τούτοις
3206 1068 3455 1124 κλέπτων
3535 1070 3604 1125 τὰ
3677 1075 3777 1125 τοῦ

2121 1154 2415 1212 δεσπότου·
2478 1162 2596 1219 πῶς
2643 1158 2747 1233 γὰρ
2795 1153 2983 1219 ἄλλως
3015 1159 3043 1212 ὁ
3081 1155 3249 1230 μηδὲν
3299 1155 3467 1233 ἔχων,
3502 1158 3591 1211 καί
3644 1158 3777 1214 αὐτὸ

2116 1246 2180 1300 τὸ
2257 1250 2418 1318 σῶμα
2493 1243 3023 1322 δεδιαπεπραμένος;
3084 1246 3163 1304 Τὸ
3240 1243 3299 1301 δὲ
3361 1245 3599 1309 πολλοῖς
3679 1248 3775 1320 μὲν

2120 1332 2429 1412 δωρεῖσθαι,
2490 1337 2867 1413 πεφεισμένως
2927 1333 2984 1390 δέ
3050 1356 3114 1411 γε
3176 1335 3266 1389 καὶ
3324 1341 3624 1411 πενιχρῶς,
3685 1338 3777 1391 καὶ

2124 1423 2361 1497 μάλιστα
2414 1430 2532 1487 τοῖς
2600 1425 2768 1496 ἀξίοις
2822 1422 3059 1495 πολλοῦ,
3112 1425 3261 1479 τοῦτ’
3317 1424 3571 1486 εὐτελοῦς
3616 1420 3777 1487 τινος

2119 1513 2210 1569 καὶ
2267 1519 2486 1590 μικροῦ,
2526 1515 2602 1586 μὴ
2669 1513 2874 1587 μέντοι,
2930 1517 3028 1568 τοῦ
3075 1514 3288 1567 πάντων
3353 1514 3778 1589 ὑπερτεροῦντος

2120 1602 2209 1658 καὶ
2262 1602 2661 1679 ὑπερέχοντος·
2695 1603 2758 1657 τὸ
2812 1600 2858 1656 δ’
2907 1602 3093 1664 αὐτοῖς
3151 1602 3528 1678 χαμαιζήλοις
3572 1603 3781 1679 συμφέ-

2124 1693 2304 1767 ρεσθαι
2364 1691 2677 1769 πφάγμασι,
2732 1692 2822 1746 καὶ
2885 1690 3011 1753 τοὺς
3090 1688 3397 1752 ἰδιωτικοὺς
3470 1687 3780 1767 πορισμοὺς

2128 1776 2507 1854 μεταδιδάξειν
2583 1781 2658 1843 εἰς
2732 1781 2795 1835 τὸ
2872 1777 3163 1853 δημόσιον,
3222 1784 3499 1855 μηχαναῖς
3560 1779 3619 1834 τέ
3668 1800 3779 1834 τισι

359 1870 590 1950 ἀφθονίᾳ
642 1870 705 1925 τὸ
765 1869 1005 1941 ὑπήκοον
1070 1870 1221 1945 βιοῦν
1281 1870 1706 1946 παρεσκεύασεν·
1767 1872 1899 1927 έπτᾶ
1954 1870 2011 1927 δὲ
2043 1900 2090 1966 Β
2122 1870 2572 1948 κατασοφίζεσθαι
2642 1870 2731 1925 καὶ
2809 1867 3104 1945 περιωλᾷν
3170 1870 3233 1923 τὸ
3292 1869 3559 1939 ὑπήκοον,
3617 1873 3781 1923 τοῦτο

359 1957 765 2030 διεληλυθότων
841 1958 976 2014 ἐτῶν
1054 1958 1407 2015 ἐθεοκλύτουν
1467 1960 1520 2014 οἱ
1588 1959 1713 2015 λαοὶ
1769 1964 2010 2037 παγγενῆ

360 2047 629 2111 συνιόντες
659 2048 750 2103 καὶ
796 2044 1075 2121 πανδημεὶ
1126 2047 1219 2102 τὸν
1276 2047 1458 2124 βίοτον
1509 2048 1897 2122 έπεκτείνεσθαι
1939 2054 2020 2121 τῷ

363 2141 511 2215 σφῶν
543 2135 719 2192 αὐτῶν
758 2134 975 2213 βασιλεῖ
997 2155 1010 2168 ·
1065 2136 1156 2191 καὶ
1186 2137 1253 2206 ἦν
1302 2141 1468 2191 τοῦτο
1494 2157 1507 2170 ο
1562 2137 1653 2192 καὶ
1685 2137 1959 2208 πολυετὴς
1993 2141 2021 2193 6

362 2225 641 2300 ’Ἄλκιμος
698 2226 961 2301 γεγονὼς,
996 2224 1287 2299 εὐημερίαν
1341 2226 1436 2298 μὶν
1488 2230 1568 2299 τῷ
1621 2226 1744 2283 τότε
1802 2226 2022 2300 Λυδοῖς,

367 2316 543 2387 ἑαυτῷ
599 2312 646 2371 δ’
704 2312 879 2388 ὄνομα
933 2313 1023 2369 καὶ
1075 2310 1181 2377 ἕως
1243 2311 1401 2391 δεῦρο
1458 2313 1602 2369 πολὺ
1666 2316 1756 2371 καὶ
1808 2315 2022 2372 κλεινὸν

376 2403 791 2461 καταλέλοιπεν.
852 2404 1087 2458 Ἐπαινῶ
1157 2403 1285 2459 τοὺς
1361 2404 1780 2481 προγενέστερον
1863 2401 2023 2482 βεϐα-

378 2490 700 2555 σιλευκότας
746 2491 1058 2565 Ῥωμαίων,
1089 2490 1171 2547 ὅτι
1219 2493 1303 2565 τὸ,
1353 2494 1417 2548 Ἡ
1466 2491 1783 2568 γαληνότης
1840 2497 2024 2568 ἡμῶν,

375 2587 538 2637 πᾶσιν
595 2580 767 2636 αὐτῶν
825 2580 1092 2644 ἐνετίθουν
1152 2586 1268 2642 τοῖς
1326 2579 1701 2659 διατάγμασιν,
1757 2584 1874 2638 ἀντὶ
1930 2589 2028 2639 τοῦ

375 2669 624 2749 γράφειν,
655 2671 718 2726 Ἡ
752 2667 1002 2747 βασιλεία
1035 2691 1139 2743 μου
1164 2688 1177 2701 ·
1229 2668 1525 2741 δηλοῦντες
1555 2671 1637 2727 ὅτι
1676 2673 1740 2727 τὸ
1787 2672 2025 2748 γαληνόν

372 2760 552 2816 τεκαὶ
582 2759 789 2836 ¹ἥμερον
839 2759 1230 2838 ἀφωσιωμένον
1280 2764 1361 2832 τῷ
1413 2759 1629 2836 βασιλεῖ
1685 2762 1775 2817 καὶ
1825 2762 2026 2839 ἐξαίρε-

373 2869 491 2920 τον,
516 2849 607 2904 καὶ
639 2848 772 2924 ὑπὲρ
802 2847 971 2917 αὐτὴν
1003 2849 1102 2917 τήν
1136 2845 1440 2923 ἁλουργίδα
1485 2850 1576 2905 καὶ
1623 2850 1686 2906 τὸ
1744 2848 1989 2925 διάδημα
2011 2870 2024 2882 ·

371 2938 443 2994 τὰ
502 2939 596 3012 μὲν
648 2938 752 3014 γὰρ
794 2936 885 2991 καὶ
930 2935 1182 3013 τύραννοι
1230 2938 1630 3016 σφετερίζονται
1658 2959 1671 2972 ·
1714 2938 2027 3016 γαληνότης

375 3023 434 3082 δὲ
468 3024 759 3103 βασιλικῆς
790 3025 936 3097 ἀξίας
976 3025 1067 3081 καὶ
1120 3026 1292 3100 μόνης
1351 3026 1546 3083 ἄσυλόν
1590 3049 1643 3082 τι
1687 3036 1884 3105 χρῆμα
1938 3030 2028 3085 καὶ

375 3115 728 3194 ἀναφαίρετον
755 3133 768 3145 ·
821 3112 906 3170 διὸ
936 3112 1143 3171 πολλοὶ
1171 3120 1278 3171 τῶν
1310 3116 1480 3172 πάλαι
1533 3116 1800 3194 βασιλέων
1846 3118 2028 3196 ἔργοις

370 3226 435 3261 τε
483 3203 574 3260 καὶ
623 3201 815 3279 λόγοις
864 3203 1266 3282 ἐφιλοσόφησαν
1316 3206 1441 3282 περὶ
1486 3206 1688 3278 ταύτης
1744 3215 1845 3278 τῆς
1905 3210 2027 3284 ἀρε-

370 3300 473 3364 τῆς
496 3315 509 3329 ο
550 3292 653 3348 οὐκ
694 3260 917 3350 ἕλαττού
951 3291 1010 3348 δὲ
1031 3260 1139 3349 τῶν
1172 3292 1358 3350 ἄλλων
1388 3260 1429 3350 |6
1473 3297 1608 3368 μετά
1651 3260 1889 3373 Νερούαν
1933 3260 2025 3353 16v
2060 3260 2103 3327 Ο

372 3384 562 3458 πράως
621 3381 711 3438 καὶ
769 3387 949 3461 σοφῶς
1013 3382 1104 3438 καὶ
1178 3383 1336 3438 αὐτὸν
1425 3379 1869 3459 βεϐασιλευκότα,
1926 3389 2026 3456 τὴν

372 3470 795 3548 αὐτοκρατορίαν
854 3472 1328 3548 περιζωσάμενοςο
1391 3473 1548 3536 οὗτος
1612 3477 1714 3551 γάρ
1769 3481 2026 3531 τοσοῦτον

373 3559 580 3638 ἔσχηκε
608 3561 671 3616 τὸ
714 3566 887 3638 πρᾶον
938 3561 1028 3615 καὶ
1080 3560 1383 3639 φίλοικτον,
1416 3563 1493 3625 ὡς
1541 3565 1632 3619 καὶ
1681 3564 2026 3639 συγκάμπτε-

371 3651 493 3705 σθαι
546 3648 702 3704 παντὶ
762 3647 1095 3722 λυπουμένῳ
1152 3650 1243 3705 καὶ
1302 3650 1618 3726 συναλγεῖν
1661 3652 1797 3728 πρὸς
1831 3650 1888 3707 δὲ
1939 3655 2027 3708 καὶ

369 3736 695 3812 τωθασμοὺς
754 3739 932 3815 φέρειν
988 3738 1079 3793 καὶ
1136 3738 1498 3809 ἀνεξικακεῖν·
1559 3738 1667 3795 δεῖν
1728 3742 2030 3812 ἐξισοῦσθαι

374 3826 553 3903 λέγων
588 3826 680 3881 τὸν
738 3824 964 3903 βασιλέα
1024 3832 1103 3900 τῷ
1151 3832 1286 3900 Θεῷ,
1341 3828 1431 3884 καὶ
1474 3827 1879 3903 πλημμελειῶν
1938 3832 2028 3886 καὶ

372 3914 722 3990 σκωμμάτων
782 3914 1118 3991 ἀντέχεσθαι.
1180 3917 1241 3971 Τί
1299 3915 1390 3971 οὗν
1451 3918 1626 3995 ἀπῆγε
1681 3927 1780 3990 τῆς
1835 3921 2029 3976 τοσαύ-

370 4027 473 4077 της
558 4004 981 4081 χρηστότητος;
1062 4007 1393 4082 συγγνώμην
1477 4011 1586 4062 τῶν
1671 4009 2031 4085 ἠγνοημένων

374 4089 567 4169 εὕρατο
614 4092 705 4147 καὶ
754 4088 1137 4167 ἠσεϐημένων,
1166 4095 1230 4149 τὸ
1292 4094 1570 4171 μέγιστον,
1607 4098 1708 4153 ὑπὸ
1766 4094 2029 4174 πρεσϐευ-

370 4186 442 4256 τῇ
495 4186 575 4255 τῷ
627 4178 828 4254 πολλῷ
889 4182 1207 4260 Γρηγορίῳ,
1241 4183 1304 4237 οὗ
1357 4185 1385 4238 6
1446 4182 1745 4261 διάλογος⁶
1808 4188 1872 4242 οὗ
1925 4188 2030 4264 γὰρ

373 4272 581 4345 ἑτέροις
633 4270 903 4345 μετέδωκε
951 4269 1217 4346 δαψιλῶς,
1246 4273 1444 4328 τούτου
1498 4276 1634 4347 μετὰ
1680 4273 1840 4338 τέλος
1885 4277 2028 4347 ἀπή-

373 4357 568 4416 λαυσεν
646 4357 1069 4434 δαψιλέστερον⁸
1122 4358 1296 4432 δείξας
1371 4364 1434 4417 τὸ
1500 4366 1796 4437 συμπαθὲς,
1858 4366 2028 4442 εὐχῆς

374 4445 587 4504 δικαίου
670 4449 1082 4526 συναρηγούσης
1116 4495 1130 4522 ,
1214 4446 1458 4514 ἀσεϐείας
1537 4452 1977 4531 ἐπικρατέστερον
2014 4499 2028 4512 .

373 4540 495 4593 ’Ότι
525 4535 584 4594 δὲ
612 4538 703 4592 καὶ
743 4536 1066 4616 σωφροσύνῃ
1111 4538 1448 4615 κεκόσμητο,
1481 4539 1795 4617 πρόδηλον·
1852 4544 2029 4620 χωρὶς

2127 1957 2468 2030 καπηλικόν*
2500 1960 2565 2014 τὸ
2614 1957 2942 2036 φορολογεῖν
2993 1956 3051 2013 δὲ
3098 1959 3237 2032 πέρα
3281 1963 3379 2013 τοῦ
3425 1956 3641 2020 δέοντος
3687 1958 3782 2012 καὶ

2128 2048 2461 2124 παραλόγως
2510 2046 2898 2124 δασμολογεῖν,
2929 2049 2965 2120 ἢ
2996 2048 3087 2103 καὶ
3132 2048 3292 2102 παντὶ
3334 2046 3526 2123 τρόπῳ
3573 2045 3790 2117 νηλεῶς

2133 2137 2456 2207 έκλωπίζειν
2485 2136 2615 2200 τοὺς
2649 2138 2753 2193 ὑπὸ
2800 2143 2961 2213 χεῖρα
3016 2137 3106 2192 καὶ
3160 2135 3514 2213 τραχηλίζειν
3576 2136 3790 2211 ἀπηρυ-

2135 2226 2464 2302 θριασμένης
2519 2225 2834 2297 πλεονεξίας
2895 2225 3061 2281 ἐστίν·
3125 2224 3240 2280 ὅθεν
3294 2226 3395 2295 τήν
3455 2227 3557 2294 τῆς
3624 2222 3788 2301 φιλο-

2135 2316 2450 2393 χρηματίας
2534 2316 2794 2386 κακίστην
2874 2315 3051 2385 νόσον,
3110 2315 3188 2377 ὡς
3267 2315 3331 2369 τὸ
3413 2321 3513 2384 τῆς
3600 2317 3788 2389 ψυχῆς

2136 2407 2459 2482 ἀχρειοῦσαν
2515 2403 2747 2475 κάλλος,
2789 2404 2863 2467 ὡς
2918 2404 3083 2473 αὐτὴν
3140 2405 3238 2472 τὴν
3297 2403 3477 2479 ἀρχὴν
3537 2404 3792 2479 ἀκρωτη-

2139 2498 2448 2573 ριάζουσαν,
2536 2493 2936 2569 ἀποστυγητέον
3026 2493 3129 2567 ὅλῃ
3213 2490 3453 2567 σπουδῇ’
3529 2492 3792 2562 τοιαύτην

2135 2586 2236 2661 γὰρ
2327 2583 2603 2660 ὀλέτειραν
2692 2582 2851 2637 οὖσαν
2926 2588 3034 2638 τῶν
3113 2584 3322 2657 ἀγαθῶν
3396 2581 3633 2658 Περσεὺς
3699 2580 3793 2636 καὶ

2138 2671 2494 2750 Ἀλέξσνδρος
2555 2671 2798 2749 βασιλεῖς
2855 2670 3206 2744 Μακεδόνων,
3263 2673 3289 2726 6
3352 2672 3445 2744 μὲν
3506 2670 3791 2747 προσηκά-

2143 2783 2324 2836 μενος,
2354 2760 2445 2816 καὶ
2502 2761 2824 2836 συμμαχίας
2880 2762 3151 2835 ἠρήμωτο
3204 2760 3295 2815 καὶ
3341 2764 3543 2832 τιμῶν,
3574 2760 3665 2814 καὶ
3701 2779 3796 2813 κα-

2138 2850 2445 2927 θῃρημένος
2520 2851 2624 2905 ὑπὸ
2690 2849 3000 2924 Ῥωμαίων,
3057 2850 3148 2904 καὶ
3228 2846 3451 2923 δέσμιος
3531 2847 3791 2925 ἠγμένος,

2139 2938 2329 3013 λάκκῳ
2411 2937 2643 3017 ζοφώδει
2707 2939 2843 3012 μετά
2889 2944 2998 2992 τῶν
3053 2938 3358 3015 χρημάτων
3419 2938 3788 3015 ἐγκαθεῖρκτο,

2138 3030 2227 3086 καὶ
2288 3030 2388 3099 τήν
2463 3030 2654 3083 ἑαυτοῦ
2731 3029 2876 3097 ζωὴν
2926 3027 3134 3092 ἀθλίως
3194 3027 3339 3082 οὕτω
3396 3028 3748 3104 κατέστρεψεν
3778 3048 3790 3061 ·

2140 3120 2336 3180 ἱκανῶς
2381 3140 2441 3173 τε
2486 3125 2588 3187 τῆς
2639 3111 3062 3195 φρενοϐλαϐείας
3108 3121 3189 3188 τῷ
3230 3116 3354 3171 τότε
3388 3116 3792 3189 μυκτηρισθεὶς,

2139 3208 2230 3264 καὶ
2262 3209 2337 3270 εἷς
2369 3206 2445 3263 ἔτι
2487 3205 2812 3282 χλευάζεται
2861 3208 3009 3282 παρὰ
3052 3209 3159 3260 τῶν
3212 3203 3434 3260 εἰδότων
3483 3206 3574 3259 καὶ
3622 3205 3797 3261 ταλα-

2140 3299 2371 3367 νίζεται·
2431 3297 2689 3372 κρείττων
2748 3293 2807 3350 δὲ
2860 3300 2959 3349 τοῦ
3015 3296 3222 3357 πάθους
3288 3292 3640 3371 Ἀλέξανδρος
3698 3313 3794 3369 γε·-

2139 3389 2340 3463 γονὼς,
2392 3386 2483 3442 καὶ
2541 3380 2890 3455 ἀποσοϐήσας
2944 3384 3034 3439 καὶ
3091 3381 3593 3457 ἀποδιοπομπήσας
3644 3384 3797 3453 αὐτὸ,

2144 3481 2342 3551 μικροῦ
2401 3473 2510 3529 δεῖν
2564 3475 2775 3545 ἀπάσης
2834 3471 3166 3547 οἰκουμένης
3200 3472 3251 3526 ἐν
3289 3474 3488 3549 βραχεῖ
3541 3472 3797 3547 κατεκρά-

2138 3582 2329 3635 τησεν⁶
2371 3562 2679 3639 θησαυροὺς
2736 3563 2839 3638 γὰρ
2898 3562 3060 3624 οὗτος
3116 3560 3244 3623 τοὺς
3301 3559 3499 3638 φίλους
3551 3561 3796 3636 ἡγούμε-

2138 3674 2250 3725 νος,
2311 3653 2396 3730 ὑφ’
2463 3653 2537 3706 ὧν
2594 3651 2687 3706 καὶ
2754 3651 3139 3719 συνασπίζοιτο
3195 3650 3285 3704 καὶ
3340 3648 3640 3720 δοξάζοιτο,
3695 3653 3798 3719 τῆς

2142 3743 2365 3817 ἀρίστης
2411 3741 2633 3813 ἀπηύρα
2686 3740 2936 3816 κρίσεως,
2990 3739 3123 3815 ὑπὲρ
3182 3738 3342 3800 ὅσους
3395 3738 3648 3814 βασιλέας
3701 3760 3796 3811 με·

2138 3830 2443 3908 γαλυνθείς.
2476 3828 2685 3899 Ταύτης
2741 3836 2843 3898 τῆς
2895 3829 3126 3903 γνώμης
3178 3827 3268 3882 καὶ
3325 3831 3500 3903 Κῦρος
3564 3826 3798 3903 ἐτύγχα-

2139 3942 2216 3989 νε,
2247 3920 2337 3975 καὶ
2394 3919 2568 3974 πάντα
2629 3915 2811 3979 διδοὺς
2871 3923 2986 3979 τοῖς
3048 3914 3353 3994 φίλοις,τά
3398 3918 3615 3971 πάντων
3648 3911 3797 3992 ἔχειν

2141 4009 2394 4083 ἐνόμιζε·
2449 4008 2539 4062 καὶ
2617 4006 2924 4075 πλουτίζων
2994 4004 3120 4066 νοῦς
3186 4004 3350 4059 αὐτοῦ
3405 4005 3497 4060 καὶ
3552 4010 3797 4078 κοσμῶν,

2139 4098 2301 4160 αὐτὸς
2351 4095 2627 4173 ἠγάλλετό
2678 4117 2737 4150 τε
2778 4094 2867 4150 καί
2914 4092 3300 4173 ἐφαιδρύνετο’
3360 4094 3449 4149 καί
3491 4114 3625 4149 ποτε
3673 4101 3800 4169 παρ’

2140 4187 2315 4242 αὐτῶν
2377 4184 2764 4261 ἠρωτημένος,
2826 4183 2903 4238 Σὺ
2963 4181 3040 4256 δὲ,
3101 4188 3259 4258 Κῦρε,
3318 4182 3451 4237 πότε
3498 4184 3801 4256 κοσμήσεις

2139 4276 2331 4332 σαυτόν
2359 4296 2372 4345 ;
2404 4276 2527 4352 Ἆρ’
2553 4274 2653 4329 οὐκ
2708 4273 2939 4350 ἐξόχως,
2997 4269 3123 4351 ἔφη,
3167 4272 3543 4345 κεκόσμημαι,
3596 4270 3801 4334 πάντας

2142 4367 2283 4439 ὑμᾶς
2341 4364 2791 4438 κεκοσμημένους
2845 4364 2986 4439 ὁρῶν
3018 4382 3030 4431 ;
3065 4363 3199 4437 Παρ³
3246 4359 3433 4417 ἄλλων
3488 4357 3566 4431 δὲ,
3601 4361 3699 4414 Διά
3744 4361 3801 4415 τί

2140 4454 2202 4508 οὐ
2276 4453 2574 4521 πλουτεῖς;
2631 4452 2685 4507 τί
2760 4449 2805 4506 δ’
2868 4449 3119 4527 εἷ’ρηκεν;
3183 4449 3303 4525 Οὐχ
3379 4444 3803 4526 ὑπερϐαλόντως

2141 4541 2383 4613 πλουτῶ,
2443 4541 2571 4604 τοὺς
2643 4540 2812 4615 ἐμοὺς
2884 4539 3086 4601 πάντας
3161 4537 3536 4600 πλουτοῦντας
3591 4536 3803 4608 εἰδώς;

372 4626 475 4703 γὰρ
530 4623 735 4696 ταύτης
794 4624 972 4688 οὐδεὶς
1031 4626 1122 4681 τὸν
1180 4627 1403 4703 Κύριον,
1436 4628 1531 4684 κᾶν
1565 4626 1837 4703 εὐσεϐοίη,
1869 4632 2029 4687 κατό-
2062 4635 2109 4699 D
2141 4631 2310 4693 Οὗτος
2380 4632 2560 4706 πατὴρ
2637 4629 2884 4686 ἐκαλεῖτο
2959 4626 3048 4684 διὰ
3102 4629 3165 4682 τὸ
3222 4628 3523 4700 συμπαθὲς,
3578 4625 3669 4681 καὶ
3735 4626 3802 4681 τὸ

373 4717 557 4790 ψαιτο,
590 4713 686 4770 κᾶν
734 4720 856 4777 ταῖς
903 4713 1103 4779 ἄλλαις
1150 4715 1370 4792 λέγοιτο
1418 4724 1592 4792 κομᾷν
1642 4720 1854 4795 ἀρεταῖς
1883 4740 1895 4750 ·
1941 4721 2029 4775 καὶ

372 4805 479 4881 γάρ
521 4799 693 4866 ὅντως
737 4801 851 4859 οὐδ’
896 4800 1037 4859 ἔστιν
1084 4804 1282 4881 ἀρετὴν
1335 4803 1591 4880 οὐδεμίαν
1643 4806 1767 4863 ἄνευ
1821 4831 2031 4887 σωφρο-

375 4891 543 4961 σύνης
603 4893 776 4967 εὑρεῖν
835 4892 1160 4948 ἀνόθευτον·
1220 4891 1466 4971 ἀνδρεῖος
1524 4897 1626 4971 γὰρ
1685 4902 1803 4959 πῶς
1863 4900 1890 4952 ὁ
1953 4900 2028 4972 μὴ

371 4981 512 5036 κατὰ
574 4980 838 5058 σαρκίνων
908 4983 1097 5057 ὁρμων
1175 4980 1601 5060 ἀνδριζόμενος;
1662 4987 1718 5039 Ὀ
1769 4983 1815 5040 δ’
1869 4987 2028 5042 αὐτὸν

375 5067 576 5125 ἀδικῶν
629 5070 720 5125 καὶ
773 5071 892 5145 μεθ’
943 5073 1010 5140 ἧς
1095 5072 1419 5149 ἀσελγαίνει,
1479 5078 1596 5136 πῶς
1657 5072 1903 5144 δίκαιος;
1962 5078 2031 5131 Ἢ

371 5158 532 5214 ποίαν
620 5158 822 5236 αὐχοίη
908 5160 1168 5238 φρόνησιν
1226 5162 1253 5215 ὁ
1314 5163 1390 5235 μή
1460 5163 1523 5218 τὸ
1601 5165 1760 5242 φέρον
1844 5161 2027 5236 ὄνησιν

375 5247 552 5319 ἑαυτῷ
605 5249 705 5318 τήν
753 5248 1055 5325 ὑπερτάτην
1107 5248 1367 5313 συνειδώς
1396 5273 1455 5307 τε
1490 5252 1579 5306 καὶ
1630 5251 2025 5330 ἐκλεγόμενος

375 5334 522 5412 λέγω
583 5333 642 5391 δὲ
696 5337 788 5392 τὸν
848 5338 1144 5413 ἀγιασμόν·
1202 5338 1348 5395 ἀλλά
1407 5341 1499 5395 τὸν
1556 5342 1807 5417 ἡγεμόνα
1861 5364 2024 5398 κατα-

375 5422 744 5502 δουλαγωγῶν
827 5432 946 5489 ταῖς
1050 5427 1367 5505 ἀκαθάρτοις
1451 5430 1677 5507 ὀρέξεσι,
1760 5433 1850 5486 καὶ
1930 5438 2026 5487 τοῦ

375 5512 678 5588 ἀκροτάτου
733 5520 840 5569 τῶν
902 5513 1099 5592 ἐφετῶν
1162 5518 1473 5591 ἀποστερῶν
1528 5518 1738 5588 έαυτὸν,
1792 5518 1880 5574 διὰ
1924 5521 2024 5589 τὴν

378 5599 655 5676 ἐξάγιστον
690 5602 916 5675 ἡδονήν.

447 5692 524 5746 E'.
554 5690 706 5744 Ἐστι
762 5689 820 5745 δὲ
864 5690 954 5746 καί
994 5693 1022 5747 6
1051 5696 1157 5747 τῶν
1218 5695 1522 5770 χρημάτων
1583 5696 1721 5773 ἔρως
1779 5697 2023 5774 ἀπρεπὴς

2144 4719 2316 4774 πάντα
2371 4720 2580 4794 τάγαθά
2639 4720 2985 4793 μηχανᾶσθαι
3040 4722 3159 4779 τοῖς
3210 4717 3299 4771 ὑπ’
3357 4715 3562 4771 αὐτύν·
3615 4714 3800 4791 ὥσπερ

2139 4806 2203 4863 αὖ
2236 4809 2264 4862 6
2296 4804 2591 4881 Καμϐύσης
2624 4807 2715 4862 διὰ
2741 4808 2804 4862 τὸ
2833 4806 3079 4883 χαλεπὸν
3127 4805 3218 4859 καὶ
3278 4804 3547 4880 ὀλίγωρον
3607 4802 3803 4859 δεσπό-

2139 4919 2240 4968 της
2290 4897 2505 4972 πικρός.
2567 4898 2624 4950 Ὀ
2678 4894 2736 4951 δέ
2790 4917 2854 4970 γε
2912 4899 3157 4970 Δαρεῖος,
3189 4891 3281 4948 διὰ
3333 4895 3397 4948 τὸ
3455 4890 3798 4971 φιλοκερδὲς,

2143 4982 2322 5041 διὰτὸ
2365 4984 2793 5062 χυδαιότροπον,
2829 4983 2918 5039 διὰ
2963 4984 3024 5038 τὸ
3086 4987 3388 5056 μετακινεῖν
3447 4982 3540 5036 καὶ
3600 4983 3799 5037 ὑπονο-

2143 5075 2313 5139 θεύειν
2367 5077 2433 5130 τὰ
2484 5077 2800 5151 πράγματα,
2861 5070 3136 5143 κάπηλος.
3171 5069 3325 5129 Ἀλλ’
3388 5069 3800 5146 Ἐπαμινώνδας

2141 5159 2392 5234 Θηϐαίων
2445 5164 2751 5240 στρατηγὺς
2802 5162 2975 5224 οὕτως
3030 5162 3189 5225 ἐτίθει
3236 5162 3337 5229 τὴν
3384 5159 3642 5232 τοιαύτην
3685 5159 3800 5215 λώ-

2141 5247 2244 5322 ϐην
2294 5252 2347 5307 ἐν
2404 5251 2745 5329 βδελυκτοῖς,
2807 5251 2937 5307 ὥστ’
2995 5247 3182 5318 ἐπειδὴ
3223 5269 3357 5303 ποτε
3409 5246 3624 5304 κατεῖδέ
3678 5268 3801 5304 τινα

2137 5347 2247 5398 τῶν
2312 5343 2660 5398 ὑπασπιστῶν
2735 5337 3109 5418 αἰχμαλώτων
3193 5336 3515 5414 δεδεγμένον
3605 5338 3796 5415 λύτρα,

2138 5432 2237 5499 τήν
2271 5430 2472 5487 ἀσπίδα
2518 5427 2703 5487 λαϐὼν
2763 5430 3021 5486 ἀπώσατο
3072 5432 3263 5483 τοῦτον
3321 5433 3418 5483 τοῦ
3473 5428 3794 5502 τάγματος’

2138 5521 2321 5594 Ἐμοὶ,
2380 5523 2639 5599 φάμενος,
2698 5518 2902 5581 ἀπόδος
2959 5520 3059 5587 τήν
3120 5516 3335 5590 ἀσπίδα,
3382 5518 3442 5571 σὸ
3501 5515 3559 5571 δὲ
3614 5537 3793 5588 γαπη-

2140 5615 2289 5665 Λεῖον
2368 5609 2654 5681 ἐξώνησαι.
2715 5610 2859 5687 Πρὸς
2932 5605 2989 5664 δέ
3064 5628 3127 5682 γε
3201 5607 3428 5663 Κάτωνα
3503 5604 3790 5679 Ῥωμαίων

2136 5700 2441 5776 στρατηγὸν
2501 5701 2553 5754 οἱ
2602 5704 2710 5756 τῶν
2770 5701 3045 5777 Βρετανῶν
3108 5696 3239 5773 ὑπὲρ
3327 5695 3519 5775 φιλίας
3569 5693 3791 5772 διαπρε-
