4154 6422
399 400 522 467 665

1257 392 1362 455 DE
1405 388 1640 453 REGIS
1683 383 2039 452 OFFICIIS.
2071 412 2152 430 -
2179 381 2488 448 TEXTUS
2536 383 2964 450 GENUINUS.

3695 377 3815 445 666

403 527 758 604 σϐευσάμενοι
812 523 1078 604 βααιλεῖς,
1118 521 1225 588 ἓως
1271 524 1376 599 γὰρ
1422 521 1682 577 κάκείνων
1739 523 1774 590 ἡ
1817 523 1916 573 τοῦ
1965 517 2055 572 ἀν-
2085 522 2140 585 Α
2167 518 2304 594 πρὸς
2355 514 2499 574 ἄλλα
2544 521 2650 572 τῶν
2709 515 2942 594 γελοίων
3000 514 3352 582 καθέλκονταο
3411 514 3474 572 τὸ
3522 513 3568 573 δ’
3613 515 3818 582 ἀθλιώ-

407 617 536 698 δρὸς
595 613 884 696 ἐπεφθάκει
944 617 1129 695 φήμη,
1187 612 1276 668 καὶ
1324 615 1531 688 χρυσοῦ
1595 609 1774 684 μακρὰ
1827 607 2061 698 τάλαννα

405 695 846 785 διαπεπόμφασιν
909 705 985 768 εἷς
1040 709 1234 759 τοῦτο·
1297 701 1386 757 καὶ
1445 702 1505 763 ’ὸς
1562 701 1658 769 τὴν
1726 698 1818 772 μὲν
1875 695 2058 776 φιλίαν

405 797 741 874 ὡμολόγησε
805 797 896 851 καὶ
971 793 1236 870 ἐκύρωσεν
1281 809 1307 827 ί·
1381 791 1472 846 τὸν
1535 787 1592 844 δὲ
1665 788 1867 864 χρυσὸν
1929 787 2058 840 ἀπε-

403 889 681 962 πέμψατο·
733 884 862 947 τοὺς
923 881 1153 945 δούλους
1213 881 1378 936 εἰπὼν
1439 880 1571 934 εἶναι
1625 882 1733 933 τῶν
1794 877 2058 946 ὠνητῶν·

403 977 534 1040 τοὺς
595 974 652 1032 δέ
708 996 774 1051 γε
829 972 1029 1051 φίλους
1085 975 1193 1026 τῶν
1250 971 1498 1045 αἱρετῶν·
1549 971 1808 1022 τοσοῦτον
1855 963 1921 1034 δὴ
1971 963 2061 1019 καὶ

405 1066 565 1128 οὗτος
621 1070 720 1120 τοῦ
775 1068 881 1118 τῶν
938 1061 1244 1138 χρημάτων
1292 1059 1792 1131 κατεστρατήγησεν
1840 1050 2059 1131 ἔρωνος.

403 1154 612 1212 Ὁπόσα
659 1152 704 1208 δ’
753 1149 920 1230 ἄμφω
963 1150 1054 1205 καὶ
1109 1147 1196 1204 διὰ
1239 1147 1440 1216 ταύτην
1489 1147 1590 1215 τὴν
1629 1143 1736 1216 ἕξιν
1780 1145 2064 1220 κατωρθω-

403 1245 588 1316 κείτην
639 1243 718 1298 τὼ
771 1241 1078 1317 στρατηγὼ,
1133 1236 1453 1294 δεικνύντων
1503 1233 1714 1304 ἄλλοι,
1760 1236 1860 1302 τῆς
1919 1232 2064 1287 ἷστο-

411 1333 532 1410 ρίας
616 1325 1102 1403 ἀπολαμϐάνοντες
1151 1346 1164 1360 ·
1222 1327 1291 1381 τά
1367 1327 1469 1402 γὰρ
1555 1320 1898 1398 Ἀλεξάνδρῳ
1954 1320 2064 1410 ⁸καὶ

409 1406 572 1496 Κύρῳ
627 1417 718 1474 καὶ
775 1419 913 1492 πρὸς
961 1415 1164 1486 ταύτης
1221 1412 1638 1491 ἐξειργασμένα,
1689 1415 1896 1487 πυρσοῦ
1949 1406 2066 1464 δια-

409 1509 586 1588 φαίνει
634 1506 1040 1584 λαμπρότερον,
1103 1507 1184 1568 οἷς
1240 1505 1314 1578 μὴ
1371 1507 1450 1575 τῷ
1493 1505 1593 1572 τῆς
1643 1499 1882 1562 διανοίας
1915 1499 2069 1553 ὀπτι-

551 1597 836 1674 ῥᾳσιώνης
914 1595 1230 1672 ἀμαύρωσις
1297 1593 1615 1668 έπικέχυται
1649 1612 1662 1624 ·
1719 1590 1810 1644 καὶ
1881 1586 2068 1643 οὔποτ’

410 1686 474 1744 ἂν
528 1681 805 1757 ἀποσϐαίη
843 1731 856 1756 ,
916 1689 1013 1740 τοῦ
1087 1683 1252 1754 ἡλίου
1321 1681 1496 1758 χθόνα
1559 1677 2016 1754 περιαυγάζοντος
2051 1695 2064 1709 ·

412 1775 504 1832 καὶ
535 1773 645 1846 ὅπη
678 1773 724 1830 δ’
779 1772 924 1850 ἄλλῃ
972 1775 1040 1830 τά
1093 1773 1219 1850 τρία
1264 1777 1430 1826 ταῦτα
1487 1767 1811 1841 συνέλθοιεν,
1854 1767 1918 1822 τὸ
1963 1770 2066 1821 σῶ-

2165 628 2320 682 τερον
2355 605 2469 663 οὐδ’
2499 605 2638 664 οἶδεν
2673 610 2700 664 ὁ
2746 607 3210 681 κατειλημμένος,
3263 609 3318 662 οἴ
3361 612 3530 663 κακοῦ
3578 607 3813 684 γέγονεν·

2169 696 2314 753 ἀλλὰ
2343 695 2750 772 πεπωρωμένος
2781 697 2988 776 πέφηνε
3016 697 3104 752 καὶ
3136 695 3478 767 ἀναίσθητος.

2242 794 2304 851 ς’.
2337 787 2488 842 Ἔστι
2541 784 2588 842 δ’
2638 786 2810 842 ἐνίοτε
2853 787 2944 842 καὶ
2990 791 3059 861 τῇ
3108 791 3362 865 συμφορᾷ
3403 786 3815 863 βρενθυόμενος,

2167 876 2258 931 καὶ
2291 873 2446 947 δόξαν
2475 878 2576 946 τὴν
2613 876 2877 952 αἰσχύνην
2927 875 3254 952 ἡγούμενος.
3300 876 3365 931 El
3416 873 3473 931 δὲ
3507 875 3598 930 καὶ
3651 873 3816 930 κόλα-

2171 986 2258 1028 κες
2331 965 2641 1042 ἐπίτριπτοι
2708 964 3039 1028 θωπεύοντες
3107 963 3328 1040 τύχοιεν
3397 965 3487 1020 καὶ
3543 967 3823 1038 καταψῶν-

2171 1076 2258 1117 τες
2315 1055 2472 1110 αὐτὸν
2531 1053 2622 1110 καί
2677 1055 2966 1120 σαίνοντες,
3026 1053 3354 1128 ένασμενίζει
3413 1053 3628 1116 τούτοις
3676 1054 3712 1123 ἢ

2173 1142 2382 1222 φίλοις,
2419 1145 2492 1216 μὴ
2549 1144 2783 1220 ξυνορῶν
2833 1142 2896 1198 τὸ
2945 1141 3222 1223 διάφορον·
3275 1143 3357 1199 ὅτι
3404 1142 3570 1214 κόλαξ
3623 1142 3716 1217 μὲν
3762 1141 3824 1198 ἐκ

2172 1233 2370 1296 παντὸς
2425 1233 2630 1309 τρόπου
2685 1235 2747 1288 τὸ
2802 1231 2908 1303 ἡδὺ
2955 1233 3258 1311 καρυκεύει,
3307 1233 3402 1288 κᾶν
3454 1230 3818 1310 δηλητήριον·

2175 1321 2335 1402 φίλος
2368 1320 2425 1378 δὲ
2452 1323 2515 1378 τὸ
2545 1323 2822 1402 ἐπωφελὲς
2871 1322 3212 1398 ἀγωνίζεται,
3259 1322 3354 1378 κᾶν
3405 1323 3540 1400 πρὸς
3582 1320 3818 1398 ἀνάγκην

2176 1413 2346 1486 ἀνιῴη
2403 1414 2502 1482 τήν
2562 1410 2832 1484 αἴσθησιν·
2889 1414 2980 1468 καὶ
3032 1414 3060 1466 ὁ
3097 1413 3191 1486 μὲν
3244 1409 3398 1475 ὅλαις
3452 1412 3631 1482 ἡνίαις
3685 1412 3824 1488 πρὸς

2181 1501 2343 1574 μόνον
2401 1501 2618 1579 φέρεται
2663 1502 2726 1557 τὸ
2773 1497 2982 1557 λαϐεῖν·
3035 1503 3062 1558 ὁ
3095 1499 3140 1556 δ’
3189 1501 3321 1578 ὑπὲρ
3367 1505 3465 1556 τοῦ
3517 1505 3596 1574 τῷ
3633 1497 3828 1578 πεφιλ-

2181 1589 2328 1662 μένῳ
2383 1589 2745 1662 συνοίσοντος,
2803 1589 2893 1644 καὶ
2950 1588 3118 1658 αὐτὴν
3175 1585 3420 1664 προίεται
3475 1588 3576 1656 τήν
3634 1589 3778 1658 ζωήν
3809 1605 3822 1618 ·

2177 1677 2266 1734 καὶ
2306 1677 2388 1734 ὅτι
2444 1677 2674 1741 κόλακες
2737 1679 2829 1752 μὲν
2887 1679 3108 1754 χείρους
3162 1678 3434 1752 κοράκων·
3485 1679 3513 1732 ὁ
3563 1673 3622 1732 δὲ
3668 1675 3828 1754 φίλος

2178 1765 2348 1831 ἄλλος
2394 1767 2575 1831 αὐτός.
2619 1774 2772 1823 ’Ἐστι
2836 1769 2928 1842 μὲν
2981 1768 3072 1824 οὖν
3099 1767 3164 1822 τὸ
3216 1765 3577 1841 ἐκλελυμένον
3619 1766 3826 1820 τούτων

417 1885 574 1944 φρον,
603 1865 666 1920 τὸ
694 1860 885 1934 ἤπιον,
913 1865 975 1919 τὸ
1023 1862 1340 1942 φιλότιμον,
1383 1860 1494 1916 ἐκεῖ
1540 1858 1630 1914 καὶ
1677 1859 1738 1914 τὸ
1771 1855 2066 1935 ἀριστεύειν
2098 1888 2149 1954 Β
2177 1857 2462 1936 παραίτιον
2502 1861 2609 1912 τῶν
2661 1855 2872 1912 δεινῶν·
2923 1855 3086 1912 αὐτοῦ
3137 1853 3195 1911 δὲ
3240 1854 3512 1918 πολλάκις
3557 1855 3620 1910 τὸ
3669 1855 3830 1930 ὑπερ-

418 1942 508 2009 καὶ
575 1953 640 2008 τὸ
693 1951 1034 2022 κλεῖζεσθαι.
1096 1949 1433 2030 Σωφροσύνη
1513 1948 1609 2022 μὲν
1681 1947 1784 2024 γὰρ
1853 1942 2070 2022 ἀνδρίας

429 2039 700 2115 παίδευμα
756 2042 846 2098 καὶ
901 2040 1188 2115 μελέτημα
1217 2087 1232 2114 ,
1287 2040 1378 2093 καὶ
1423 2041 1520 2093 τοῦ
1589 2041 1696 2091 τῶν
1760 2033 2077 2106 ἀνθισταμέ-

425 2151 532 2186 νων
588 2124 1034 2204 κατεπεμϐαίνειν
1076 2129 1166 2184 καὶ
1219 2131 1384 2199 ἡττᾷν
1445 2125 1642 2188 αὐτοὺς
1689 2125 1778 2180 καὶ
1814 2127 2074 2198 τροποῦν·

422 2219 670 2296 πραότης
713 2217 770 2274 δὲ
823 2218 914 2274 καὶ
971 2217 1034 2272 τὸ
1089 2215 1393 2288 ἀνεξίκακον
1439 2214 1726 2292 καρτερίας
1765 2213 1855 2269 καὶ
1909 2233 2073 2287 μεγα-

423 2307 699 2386 λοψυχίας
750 2308 1050 2384 γυμνάσιον
1099 2305 1190 2361 καὶ
1238 2303 1551 2381 στερρότης·
1597 2303 1712 2376 ἅμα
1761 2299 1818 2357 δὲ
1857 2301 1949 2357 καὶ
1977 2307 2077 2370 τῆς

419 2399 569 2474 παρὰ
623 2397 840 2452 πάντων
900 2402 1133 2472 στοργῆς
1210 2395 1357 2470 ἀρχὴ
1432 2393 1522 2448 καὶ
1592 2392 1817 2468 κρηπίς·
1895 2393 1958 2446 τὸ
2031 2389 2080 2446 δ’

417 2486 754 2563 εὐεργετικὸν
813 2485 905 2541 καὶ
962 2485 1059 2546 τὰς
1114 2488 1221 2538 τῶν
1273 2481 1582 2558 συμμάχων
1639 2486 1828 2558 χεῖρας
1873 2487 2077 2558 νευροῖ,

417 2575 548 2648 καὶ,
607 2573 738 2638 τοὺς
785 2578 894 2630 τῶν
955 2574 1274 2648 ἀντιμάχων
1331 2571 1562 2648 αὐχένας
1619 2569 1814 2642 κλίνει,
1870 2570 1960 2626 καὶ
2015 2572 2078 2626 τὸ

417 2667 622 2723 οἰκεῖον
683 2663 876 2742 ἐχυροῖ
909 2708 924 2733 ,
982 2663 1073 2718 καὶ
1127 2661 1192 2718 τὸ
1250 2659 1542 2737 ἀλλότριον
1602 2660 1886 2715 ὑποτάττει
1922 2705 1936 2727 ,
1988 2660 2080 2715 καῖ

418 2756 638 2810 πάντων
694 2751 897 2828 ἀνοίγεϊ
943 2751 1122 2824 στόμα
1155 2793 1169 2818 ,
1217 2755 1388 2804 πᾶσαν
1445 2747 1693 2825 γλῶσσαν
1730 2750 1884 2825 θήγει
1939 2749 2078 2826 πρὸς

423 2839 662 2900 ἔπαινον·
725 2840 866 2896 ὥστε
920 2839 1011 2894 καὶ
1067 2838 1225 2909 νίκης
1279 2837 1370 2892 καί
1429 2837 1590 2909 δόξης
1649 2839 1790 2910 ὁμοῦ
1843 2839 1912 2893 τά
1953 2836 2080 2894 διει-

426 2929 690 3006 λημμένα
729 2929 1170 3002 ποριπικώτατα
1202 2945 1216 2960 ·
1279 2926 1432 3006 φύσει
1488 2929 1590 3003 γὰρ
1647 2928 1872 2998 νικητὴν
1927 2923 2078 2982 ἔνδο-

429 3020 514 3092 ξόν
590 3041 651 3076 τε
725 3019 880 3098 φύσει
957 3017 1050 3073 τὸν
1125 3015 1528 3093 κατωρθωκότα
1607 3015 2032 3090 προαπετέλεσεν
2064 3039 2077 3053 ν

433 3109 638 3183 μήποτ’
693 3108 785 3164 οὗν
847 3107 1023 3184 ὀρθῶς
1079 3106 1227 3161 ταῦτ’
1284 3104 1344 3160 ἂν
1407 3104 1623 3181 λέγοιτο
1678 3103 1832 3178 μῆλα
1876 3105 2082 3182 χρύσεα

429 3197 568 3274 πρὸς
629 3194 960 3274 ἭρκποΛέους
1035 3193 1357 3273 ἀφῃρημένα
1424 3198 1530 3248 τῶν
1604 3191 1933 3271 Ἑσπερίδων
1993 3194 2080 3250 ἐπὶ

427 3291 526 3342 τοῦ
558 3285 876 3358 Ἄτλαντος,
924 3285 1016 3340 τὸν
1065 3282 1496 3361 έκατογκέφαλον
1549 3281 1640 3338 ὅτε
1684 3281 1750 3352 δὴ
1796 3283 1964 3362 πέφνε
1990 3283 2080 3340 καὶ
2113 3257 2157 3324 C

427 3373 841 3454 ποικιλόφωνον
869 3371 1136 3448 δράκοντα
1185 3377 1283 3428 τοῦ
1327 3369 1684 3444 Ἀθύμαντος’
1711 3373 1788 3446 (3)
1820 3391 1834 3442 ;
1885 3373 1942 3426 εὗ
1981 3373 2086 3449 γὰρ

428 3463 489 3519 ἂν
538 3459 662 3540 ἔχοι
715 3467 794 3536 τῷ
832 3466 1024 3540 χρυσῷ
1066 3461 1166 3530 τὴν
1217 3458 1374 3531 δόξαν
1421 3459 1850 3533 έξεικονίζεσθαι·
1900 3461 1991 3516 τὸν
2041 3459 2088 3516 δ’

427 3551 730 3610 ἀλλόκοτον
782 3549 1048 3628 δράκοντα
1089 3550 1179 3606 καὶ
1225 3547 1505 3627 τερατώδη
1556 3550 1694 3623 πρὸς
1732 3550 1796 3604 τὸ
1823 3557 1926 3620 τῆς
1958 3550 2088 3629 φαύ-

427 3643 533 3714 λης
609 3641 837 3716 ὀρέξεως
899 3639 1253 3717 πολύτροπον
1317 3635 1745 3712 ἐκλαμϐάνεσθαι
1781 3683 1794 3697 .
1861 3647 2087 3718 Τοιγαρ-

428 3735 520 3788 οὖν
552 3731 581 3786 ὁ
611 3735 775 3787 τοῦτο
825 3730 1188 3806 κατηργηκὼς
1235 3728 1326 3785 καὶ
1374 3730 1490 3784 οἷον
1537 3728 1868 3799 ἀπεκτονὼς,
1913 3727 2088 3804 ἤρατο

429 3819 590 3882 κλέος
645 3813 916 3896 βραϐείων
955 3824 1144 3896 τριῶν,
1193 3816 1394 3888 ἡδονὴν
1422 3864 1436 3891 ,
1490 3818 1682 3894 ὀργὴν,
1723 3817 1899 3895 ἔρωτα
1944 3839 2088 3896 χρη-

433 3908 619 3982 μάτων
645 3907 965 3976 νενικηκώς.
1020 3909 1205 3962 Ταῦτα
1249 3903 1296 3960 δ’
1338 3905 1413 3968 ὡς
1459 3906 1528 3960 τὰ
1570 3903 1758 3961 πολλά
1793 3911 1910 3968 ταῖς
1941 3907 2092 3961 ἐσπε-

429 3997 540 4074 ρίσι
576 3995 902 4075 φυλάττεται
959 3996 1190 4071 βιοταῖς,
1253 3993 1304 4049 έν
1364 3995 1449 4056 αἷς
1495 3994 1525 4049 ὅ
1571 3993 1776 4057 Ἀτλας
1822 3993 2089 4072 λογισμὸς

426 4085 520 4141 καὶ
571 4082 874 4146 ἀνένδοτος·
927 4086 956 4140 ὁ
1008 4082 1054 4138 δ’
1097 4085 1164 4138 αὖ
1194 4084 1258 4138 τὸ
1303 4082 1513 4139 τέλειον
1554 4082 1909 4162 προειληφὼς
1955 4085 2088 4162 χρό-

425 4195 555 4238 νους
614 4173 666 4230 ἐν
727 4172 904 4251 ὀλίγῳ
961 4171 1318 4249 πεπληρώκει
1383 4173 1652 4250 μακρούς·
1711 4173 1802 4228 καὶ
1853 4195 2092 4251 τρισαρι-

427 4263 584 4328 στεὺς
637 4263 1068 4338 ἀξιοθαύμαστος
1145 4259 1512 4318 ἀναδέδεικται
1589 4262 1658 4317 τὰ
1713 4264 1901 4339 γήρως
1961 4285 2088 4318 κατ-

429 4353 728 4430 ορθώματα
809 4353 1185 4430 προηρπακὼς
1260 4351 1312 4406 ἐν
1381 4351 1596 4422 νεότητι
1629 4369 1640 4382 ·
1693 4351 1784 4406 καὶ
1857 4353 1920 4407 τὸ
1991 4361 2092 4424 τῆς

428 4443 715 4520 ναρκώσης
811 4445 997 4519 ψυχῆς
1063 4439 1316 4496 ποικίλον
1411 4440 1600 4517 θηρίον
1676 4440 1962 4516 ἀνῃρηκὼς
2036 4443 2088 4498 ἐν

431 4528 645 4605 σπουδῇ
671 4537 773 4600 τῆς
821 4528 1156 4607 παρειμένης
1204 4529 1330 4606 περὶ
1376 4528 1472 4591 τὰς
1523 4525 1787 4604 ἐλλόγους
1837 4531 2092 4586 καὶκατά

2184 1950 2390 2026 ήφανον
2429 1991 2440 2006 .
2494 1947 2588 2002 Διὸ
2626 1947 2716 2002 καὶ
2765 1947 2854 2002 τὸν
2904 1945 3184 2022 Κορίνθιον
3232 1945 3515 2001 Ἱππόνουν
3569 1944 3702 2018 μετά
3747 1943 3830 1999 νί-

2184 2059 2284 2101 κας
2315 2036 2441 2100 ὅσας
2482 2036 2788 2114 ἱστόρηται,
2846 2037 2945 2106 τὴν
3001 2039 3109 2092 τῶν
3164 2033 3376 2113 ἀρκύων
3435 2041 3536 2105 τῆς
3594 2032 3832 2098 Ἀντείας

2187 2127 2452 2201 ἐξάλυξιν,
2502 2130 2609 2181 τῶν
2669 2123 2866 2180 ἀδίκων
2927 2124 3146 2202 ἐρώτων
3202 2125 3292 2180 καὶ
3341 2123 3682 2199 ἀδικωτέρων
3723 2123 3836 2178 ἐπι-

2186 2213 2424 2288 ϐουλῶν,
2455 2217 2555 2284 τήν
2583 2219 2690 2271 τῶν
2724 2213 3019 2289 Σολύμων,
3059 2219 3166 2270 τῶν
3219 2213 3532 2288 Ἀμαζόνων
3577 2217 3679 2284 τῆς
3723 2217 3832 2269 τῶν

2186 2304 2560 2382 ἀκμαιοτέρων
2611 2303 2826 2378 ἐνέδρας
2882 2304 3093 2360 Λυκίων
3153 2302 3600 2377 καταπολέμησιν
3645 2346 3660 2372 ,
3718 2301 3833 2358 ἐπεὶ

2185 2394 2276 2450 καὶ
2315 2395 2405 2450 τὸν
2455 2393 2642 2469 αἰθέρα
2690 2390 2978 2464 διαπτῆναι
3018 2398 3096 2466 τῷ
3153 2395 3395 2468 Πηγάσῳ
3453 2393 3832 2465 νεανιεύσοιτο,

2185 2483 2576 2559 κατενηνέχθαι
2619 2478 2906 2559 κύμϐαχον
2939 2529 2953 2554 ,
3003 2482 3092 2538 καὶ
3149 2486 3507 2559 πεπηρῶσθαι
3588 2483 3681 2556 μὲν
3737 2480 3834 2544 τὰς

2189 2569 2364 2648 ὄψεις,
2415 2573 2639 2628 ἀλᾶσθαι
2689 2569 2747 2628 δὲ
2787 2571 2923 2626 κατά
2964 2569 3148 2628 πεδίον
3199 2569 3420 2642 ἀλήϊον,
3476 2572 3550 2644 μή
3602 2591 3836 2648 τετυχη-

2187 2661 2321 2718 κότα
2372 2661 2507 2723 τέως
2555 2665 2922 2738 χειραγωγοῦ·
2981 2658 3383 2738 παραπλησίως
3439 2657 3543 2735 ἄρα
3594 2659 3684 2716 καὶ
3711 2664 3839 2736 γαῦ-

2191 2773 2284 2828 ρος
2339 2751 2428 2806 καὶ
2483 2749 2695 2820 ἀλαζὼν
2746 2749 3034 2825 λογισμὸς,
3093 2749 3140 2804 εἰ
3198 2751 3289 2804 καὶ
3345 2752 3445 2819 τῆς
3493 2751 3740 2820 ἀντώσης
3782 2748 3834 2804 έν

2190 2843 2388 2917 ἀρχαῖς
2461 2837 2754 2914 μαλθακῶς
2829 2836 3030 2909 ἡδονῆς
3104 2837 3438 2915 περιγένοιτο
3515 2837 3777 2915 πρότερον
3821 2885 3836 2912 ,

2189 2925 2374 2984 ἔπειτα
2414 2927 2473 2984 δὲ
2513 2927 2602 2982 καὶ
2645 2926 2812 2998 αὐτὴν
2857 2929 2954 2998 τήν
3002 2928 3327 3000 μεσαιτάτην
3369 2927 3572 2999 ταύτης
3620 2927 3840 3006 φλόγω-

2191 3040 2270 3074 σιν
2303 3015 2666 3086 κατασϐέσειε,
2696 3019 2796 3088 τήν
2839 3037 2900 3072 τε
2938 3021 3036 3071 τοῦ
3087 3021 3262 3090 θυμοῦ
3307 3018 3595 3091 προτομὴν
3637 3015 3840 3090 ἀνέλοι,

2189 3107 2280 3162 καὶ
2333 3107 2426 3160 τὸν
2480 3113 2580 3176 τῆς
2635 3104 3094 3181 χρηματομανίας
3152 3103 3316 3161 ὁλκὸν
3377 3105 3696 3179 ἀποτάμοι,
3754 3105 3844 3160 σύ-

2192 3217 2374 3252 στασιν
2433 3197 2522 3250 καὶ
2581 3193 2816 3270 λόχησιν
2876 3193 3090 3268 ἐμπαθῆ
3159 3198 3240 3266 τῷ
3298 3193 3596 3271 ὑπερῆρθαι
3665 3194 3843 3263 πάσης

2195 3284 2553 3362 χαμαιζήλου
2612 3283 2849 3359 σχέσεως
2919 3283 3342 3361 τροπωσάμενσς
3374 3327 3390 3354 ,
3449 3283 3495 3338 εἰ
3555 3284 3631 3356 μὴ
3707 3283 3846 3358 πρὸς

2201 3373 2436 3447 μόνατά
2463 3369 2644 3450 φαῦλα
2697 3371 2848 3450 φέροι
2879 3370 2942 3426 τὸ
2996 3371 3376 3446 ὑπεροπτικὸν,
3427 3367 3554 3426 ἀλλ’
3601 3367 3710 3442 ἤδη
3759 3370 3848 3426 καὶ

2197 3461 2334 3537 πρὸς
2383 3460 2452 3516 τὰ
2504 3459 2734 3538 κρείττω
2791 3459 2881 3515 καὶ
2936 3457 3268 3534 ὑψηλότερα,
3319 3463 3415 3514 τοῦ
3462 3479 3522 3514 τε
3559 3459 3846 3516 συντείνειν

2199 3552 2385 3607 ἑαυτὸν
2430 3550 2506 3613 εἷς
2537 3551 2600 3605 τὸ
2651 3547 2766 3605 δέον
2809 3550 3322 3628 καταπεφρονηκὼς,
3370 3548 3461 3604 καὶ
3511 3543 3849 3622 συμϐουλίας

2197 3644 2495 3716 νουνεχοῦς
2547 3640 2734 3716 ἑτέρου
2787 3637 3111 3712 καταμελῶν
3139 3684 3154 3706 ,
3201 3638 3336 3714 πρὸς
3376 3638 3438 3693 τὸ
3481 3643 3696 3716 πρῶτον
3749 3660 3846 3694 κα-

2197 3725 2530 3786 ταϐάλλεται
2587 3732 2806 3800 πτῶμα·
2864 3729 2956 3782 καὶ
3007 3729 3070 3782 τὸ
3124 3724 3454 3804 διακριτικὸν
3510 3725 3848 3807 ἐκτετυφλω-

2205 3819 2405 3893 μένος,
2459 3814 2666 3892 ἕρημος
2723 3817 2986 3872 πλανᾶται
3043 3814 3244 3878 παντὸς
3301 3813 3506 3893 ὁδηγοῦ
3540 3863 3553 3888 ,
3615 3814 3850 3890 μηδενὸς

2201 3906 2402 3964 ἐπαίων
2452 3905 2756 3984 χρησίμου·
2804 3907 3124 3979 πνευμάτων
3161 3903 3218 3960 δὲ
3245 3904 3335 3960 καὶ
3375 3906 3630 3979 κυμάτων
3665 3901 3847 3981 ὄχλῳ,

2202 3995 2468 4058 διακένοις
2499 3995 2765 4072 ταράχοις
2813 3989 3348 4070 περιϐομϐούμενος,
3388 3994 3424 4064 ἢ
3473 3998 3553 4066 τῷ
3578 4000 3680 4064 τῆς
3727 3993 3850 4048 ἀτα-

2200 4084 2420 4148 σθαλίας
2517 4084 2740 4160 πελάγει
2840 4087 3268 4138 καταποντοῦται
3330 4128 3344 4154 ,
3441 4081 3848 4160 πτερορρυήσας

2203 4173 2383 4248 ὥσπερ
2441 4176 2657 4250 Ἴκαρος
2714 4175 2811 4248 (5),
2869 4177 2948 4245 τῷ
3003 4172 3141 4249 πέρα
3187 4177 3284 4228 τοῦ
3345 4171 3546 4248 μέτρου
3593 4171 3850 4249 πτερύξα-

2201 4265 2341 4336 σθαι,
2399 4262 2489 4318 καὶ
2562 4267 2670 4316 τῶν
2745 4260 2992 4332 ἡλιακῶν
3051 4258 3460 4338 ἀμαρυγμάτων
3516 4261 3850 4336 κατεπαρθῆ-

2199 4373 2308 4408 ναι·
2365 4351 2492 4416 τοὺς
2552 4352 2655 4427 γὰρ
2737 4349 3069 4414 Δυκαονίτας
3145 4350 3436 4426 παρίημι,
3485 4350 3849 4428 κεραυνουμέα

2200 4464 2326 4506 νοιυς
2383 4441 2476 4498 σὸν
2527 4447 2608 4514 τῷ
2664 4445 2808 4518 σφῶν
2867 4439 3040 4496 αὐτῶν
3099 4439 3377 4517 ἀρχηγέτῃ
3431 4441 3521 4495 καὶ
3577 4446 3677 4510 τῆς
3716 4439 3851 4494 ἀπο-

2199 4533 2347 4595 νοίας
2393 4532 2482 4586 καὶ
2528 4533 2628 4600 τῆς
2684 4529 2966 4606 γενέσεως·
3018 4529 3109 4584 καὶ
3138 4529 3231 4584 τὸν
3281 4528 3387 4584 ἀπὸ
3449 4527 3653 4606 βύρσης
3693 4529 3851 4604 βρον-

429 4621 592 4700 φύσιν
645 4620 848 4696 ὁρμάς·
909 4616 980 4674 δι’
1038 4621 1112 4673 ὧν
1173 4615 1275 4696 ἄρα
1331 4616 1575 4696 λοφῶσιν
1630 4619 1687 4673 αἱ
1740 4620 1888 4696 παρά
1935 4620 2088 4698 φύσιν
2122 4627 2169 4694 D
2200 4627 2379 4680 τῶντα
2436 4619 2740 4694 Σαλμωνέα
2793 4619 2956 4674 ταυτὸ
3011 4617 3312 4695 πάσχοντα·
3371 4617 3462 4672 καὶ
3515 4617 3616 4686 τήν
3663 4619 3852 4686 καινήν

428 4709 522 4767 καὶ
553 4709 772 4785 ἄλογοι·
819 4713 902 4780 τῷ
951 4710 1058 4784 γὰρ
1108 4706 1408 4782 ἀνημμένῳ
1455 4707 1546 4762 καὶ
1577 4707 1812 4781 συντόνῳ
1861 4713 1957 4764 τοῦ
1987 4731 2089 4765 κα-

433 4797 740 4874 θηγεμόνος
795 4795 1114 4876 διαπέφρικε
1153 4798 1216 4853 τὸ
1273 4792 1590 4876 ἀλλόφυλον
1647 4797 1738 4852 καὶ
1786 4797 2032 4874 ἀπέψυχε
2065 4845 2079 4858 .

431 4887 520 4946 καὶ
579 4887 782 4962 πάσχει
838 4884 1008 4942 πλέον
1059 4886 1096 4956 ἢ
1144 4883 1422 4942 κνώδαλον
1484 4885 1543 4941 ἐκ
1575 4883 1792 4950 λέοντος
1841 4887 2084 4965 ὠρυγῆς·

429 4975 614 5054 ὥσπερ
682 4981 764 5050 τῷ
837 4973 1300 5052 διακεχαυνῶσθαι
1373 4975 1461 5032 καὶ
1539 4979 1754 5050 πνεῦμα
1804 4977 2085 5033 πεπτωκέ-

427 5086 515 5122 ναι
567 5066 660 5122 καὶ
716 5067 978 5142 νήγρετον
1027 5063 1434 5120 καθυπνωκέναι
1481 5065 1572 5120 τὸν
1633 5064 1898 5142 ἰσχυρὸν,
1959 5067 2086 5122 ἀνα-

430 5159 776 5232 ζωπυροῦται
831 5155 900 5209 τά
958 5155 1126 5224 πάθη,
1184 5154 1274 5208 καὶ
1328 5153 1780 5230 ἄποθρασύνεται,
1839 5155 1928 5210 καὶ
1984 5177 2086 5210 πα-

431 5242 738 5322 ρειληφότα
816 5247 1009 5298 τοῦτον
1091 5241 1194 5298 ὑπὸ
1270 5239 1478 5297 Δαλιδᾶ
1549 5249 1650 5312 τῆς
1726 5241 2088 5320 ᾐρετισμένης

425 5334 680 5390 συνοίκου
763 5329 1038 5410 νωχελίας
1088 5378 1102 5406 ,
1175 5329 1612 5406 ἀποκεκαρμὲνον
1697 5333 1796 5400 τὴν
1874 5332 2082 5389 σύνεσιν

427 5422 689 5503 ἐκτυφλοῖ
719 5467 734 5493 ,
787 5421 880 5479 καὶ
938 5420 1084 5476 οὕτω
1143 5418 1409 5490 διαπαίζει
1465 5417 1774 5483 πολυειδῶς
1810 5467 1826 5494 ,
1879 5419 2082 5479 ἄλλοτε

525 5623 583 5696 3)
610 5623 698 5680 Ita
727 5622 856 5696 cod.
889 5621 1049 5696 Fort:
1079 5619 1440 5694 Ἀθάμαντος.

525 5623 583 5696 3)
610 5623 698 5680 Ita
727 5623 856 5678 cod.
889 5623 1045 5678 Fort.
1079 5623 1133 5678 Ἀ

502 5623 586 5768 ίίι)
609 5698 702 5754 Ita
719 5693 848 5752 cod.
883 5710 989 5768 pro
1019 5691 1133 5782 (by

2199 4709 2362 4766 πόλιν
2417 4708 2870 4788 ἐξαφανιζομένην
2931 4707 3023 4762 σὸν
3081 4712 3199 4768 τοῖς
3245 4707 3548 4783 οἰκήτορσι·
3597 4706 3688 4762 καὶ
3724 4705 3852 4769 τοὺς

2195 4797 2500 4870 ’Δλωάδας,
2559 4798 2650 4853 καὶ
2699 4799 2799 4867 τήν
2861 4797 2948 4851 ὑπ’
3006 4793 3274 4866 ἀλλήλων
3331 4800 3536 4850 πτῶσιν
3583 4794 3756 4851 αὐτῶν
3803 4795 3854 4851 ἐν

2193 4893 2264 4964 τῇ
2321 4892 2418 4964 γῇ,
2477 4869 2604 4964 πρὶν
2661 4888 2858 4941 Ὄσσαν
2920 4884 3002 4940 ἐπ’
3061 4883 3346 4958 Ὄλυμπον
3407 4883 3614 4954 θέντας,
3668 4883 3755 4939 ἐπὶ
3805 4869 3855 4939 δ’

2197 4981 2390 5032 Ὄσσαν
2447 4977 2510 5031 τὸ
2569 4973 2781 5046 Πήλιον
2841 4973 3192 5052 ἀναφοιτῆσαι
3250 4973 3385 5050 πρὸς
3443 4971 3702 5050 οὐρανόν.
3761 4974 3852 5029 καὶ

2193 5069 2289 5132 τὰς
2348 5065 2521 5128 ἄλλας
2577 5067 2678 5134 τῆς
2755 5062 3120 5142 ὑπερηφανίας
3183 5063 3360 5139 ὁρμάς
3415 5063 3504 5118 καὶ
3561 5083 3854 5139 καταστρο-

2198 5157 2316 5236 φάς.
2379 5153 2724 5232 Πορῥωτάτω
2774 5153 2951 5208 τοίνυν
3009 5151 3342 5228 ἐξοριστέον,
3401 5150 3515 5208 ἐπεὶ
3570 5147 3850 5224 καταϐλη-

2196 5247 2366 5318 τικὸν,
2419 5246 2481 5299 τὸ
2531 5242 2802 5318 μετέωρον
2850 5243 3126 5321 φρόνημα·
3177 5241 3629 5318 προσοικειωτέον
3685 5239 3744 5296 δὲ
3790 5243 3852 5297 τὸ

2202 5334 2442 5413 μέτριον,
2501 5333 2585 5388 ὅτι
2651 5327 2885 5407 βεϐηκὸς
2941 5331 3030 5386 καὶ
3091 5327 3386 5408 ὑπερείδειν
3448 5327 3612 5394 εἶδός·
3660 5329 3750 5386 καὶ
3782 5327 3850 5400 δὴ

2234 5428 2262 5440 ω

2197 5428 2266 5499 τῇ
2323 5428 2420 5480 τοῦ
2481 5421 2649 5498 λόγου
2696 5419 3097 5496 συναρμοπέον
3134 5424 3294 5495 τιμῇ,
3343 5419 3435 5476 καὶ
3484 5421 3586 5490 τήν
3625 5420 3847 5496 ἀρίστην

2269 5619 2348 5693 (5)
2377 5620 2514 5676 Cod.
2541 5615 2770 5694 Ἰκάριος
