4154 6426
277 396 398 462 667

1532 395 1956 463 NIGEPIIORI
1998 395 2440 465 BLEM-MIDE

3569 401 3693 469 668

275 530 477 603 ταύτην
552 528 805 607 συζυγίαν
879 528 918 602 ἤ
994 530 1264 612 συμφυΐαν
1298 578 1313 605 ,
1388 535 1488 603 τὴν
1561 530 1927 606 ἀδαμαντίνην
1955 531 2014 601 Α
2042 537 2196 605 σμῶν
2227 532 2633 609 ἀλλοιουμένου
2660 539 2759 592 τοῦ
2805 531 3074 591 δεκτικοῦ.
3116 537 3198 607 τῷ
3241 529 3300 589 δὲ
3327 532 3485 607 καλῷ
3527 534 3699 611 κάγα-

280 618 457 698 ἄρπην
516 620 902 699 παραληπτέον
957 624 1058 691 τήν
1113 625 1433 697 Ἑρμαϊκήν·
1495 620 1565 679 δι’
1619 625 1685 693 ἧς
1734 624 1763 679 6
1813 620 1928 686 δῖος

279 710 536 787 Περσεὺς,
587 713 615 767 6
654 712 840 787 νοερὸς
888 713 1025 787 ἀνὴρ
1081 714 1171 768 καὶ
1218 713 1353 768 κατά
1396 716 1495 782 τῆς
1553 712 1778 789 ἀλογίας
1826 734 1928 768 πο-

2040 626 2118 694 θῷ
2173 624 2241 677 τὰ
2326 621 2581 698 βέλτιστα
2664 624 2753 679 καὶ
2809 621 3210 698 προσαρμάτων
3284 624 3375 678 καὶ
3448 622 3696 698 ἡδυσμά-

2035 733 2167 784 των,
2201 713 2286 775 οἴς
2318 712 2524 789 χαίρει,
2556 715 2637 776 οἷς
2693 713 2915 784 εὑεκτεῖ,
2969 713 3044 767 ὧν
3086 714 3211 767 ἄνευ
3239 712 3329 768 καὶ
3379 713 3444 768 τὸ
3475 714 3609 768 εἶναι
3639 715 3694 770 οἱ

278 800 526 873 λεμικὸς,
560 799 621 855 οὑ
669 798 805 870 δῆτα
862 802 987 875 μίαν
1038 800 1097 857 ἐκ
1139 806 1246 867 τῶν
1293 806 1480 876 τριῶν,
1512 799 1639 856 ἀλλ’
1670 801 1802 864 ὅλας
1832 803 1927 865 τὰς
2042 803 2117 875 μή
2170 801 2305 856 εἶναι
2354 802 2688 878 λεγόγισται·
2736 801 2923 876 νοερὸς
2992 802 3096 878 γὰρ
3148 798 3281 865 ὅλος
3323 804 3689 877 καθεστηκὼς,

272 890 564 964 εἰρημένας
607 895 754 965 τρεῖς
804 890 1156 967 Γοργονείους
1209 898 1310 960 τῆς
1356 898 1647 967 μοχθηρᾶς
1698 891 1924 968 ὀρέξεως

274 977 623 1052 ἐκτετμηκὼς
681 977 920 1058 κεφαλὰς
950 1026 963 1051 ,
1021 982 1190 1042 πάθος
1258 982 1395 1035 ἅπαν
1450 981 1878 1056 καταγωνίσοιτο
1908 1027 1922 1051 ,

272 1072 350 1141 τῷ
406 1067 699 1144 ἑωρακέναι
754 1070 850 1132 τὰς
907 1069 1201 1147 κορυφαίας
1258 1069 1491 1142 ἐκτομὰς
1544 1070 1921 1142 ἀπολιθωθέν,

264 1157 353 1212 καὶ
398 1155 543 1220 ὅλως
597 1163 781 1230 μεῖναν
828 1156 1099 1233 ἄπρακτον
1152 1159 1242 1213 καὶ
1301 1158 1582 1228 ἀκίνητον.
1637 1164 1806 1214 Τοῦτο
1856 1157 1915 1215 δὲ

269 1246 329 1300 τὸ
382 1245 707 1324 μετριόφρον
755 1245 843 1302 καί
891 1249 1108 1324 ἄτυφον,
1158 1248 1247 1303 καὶ
1294 1253 1401 1325 πῦρ
1453 1246 1593 1303 οἶδεν
1642 1250 1669 1302 ὁ
1719 1248 1909 1323 λόγος,

266 1334 354 1388 τὸν
391 1331 703 1408 ἐπηρμένην
738 1332 858 1414 ὅφιν
907 1343 1328 1413 καταπιμπρῶν,
1366 1337 1455 1392 καὶ
1504 1339 1604 1406 τήν
1655 1337 1705 1408 ἐξ
1756 1338 1919 1393 αὖτοῦ

265 1424 631 1498 γεγενημένην
665 1422 849 1501 ὕδραν,
882 1426 981 1495 τὴν
1038 1424 1396 1502 πολύμορφον
1454 1426 1666 1495 κακίαν,
1715 1426 1923 1490 τελέως

267 1510 595 1587 ἐξαναιροῦν,
659 1515 794 1587 μετά
847 1522 949 1584 τῆς
1009 1515 1174 1591 ὀρθῆς
1228 1515 1515 1591 γενόμενον
1573 1517 1825 1593 κρίσεως·
1879 1520 1915 1586 ἡ

271 1602 498 1677 μὲνγὰρ
552 1602 795 1676 ἐκτέμνει
848 1605 947 1672 τήν
1006 1605 1350 1681 μοχθηρίαν,
1408 1607 1471 1659 τὸ
1528 1603 1586 1660 δὲ
1640 1607 1734 1667 τὰς
1783 1607 1918 1660 ἀπο-

265 1689 450 1768 φύσεις
482 1690 544 1745 οὑ
593 1698 886 1768 συγχωρεῖ·
935 1697 1097 1748 τοῦτο
1145 1694 1236 1748 καὶ
1286 1693 1538 1769 λαμπρὸν
1590 1693 1784 1770 ὄχημα
1830 1696 1919 1749 καὶ

266 1776 432 1843 ὅντως
484 1780 765 1856 βασιλικόν
793 1801 807 1814 ·
853 1783 928 1844 ὡς
979 1782 1114 1861 φλὸξ
1170 1783 1263 1857 μὲν
1311 1784 1631 1852 ὑπαντιάζον
1668 1790 1785 1847 τοῖς
1838 1785 1922 1839 ἀν-

2037 896 2161 945 νοῦν
2193 892 2403 969 τρέφειν
2437 892 2526 947 καὶ
2579 890 2729 962 ἥδειν
2780 891 3098 963 ἐσπούδακε,
3149 891 3238 946 καὶ
3286 891 3429 946 οὕτω
3476 893 3694 970 κέκρικε

2042 984 2160 1053 ζῇν,
2186 980 2275 1034 καὶ
2324 979 2580 1057 ὑπέρευγε
2614 985 2726 1054 ζῇν.
2761 981 2817 1034 Ὁ
2866 977 2924 1036 δὲ
2971 979 3136 1057 λόγος
3182 980 3548 1053 ἐπικοσμείτω
3594 982 3689 1037 τὸν

2043 1068 2323 1141 βασιλικὸν
2381 1068 2671 1145 ἀνδριάντα
2744 1071 2881 1145 πρὸς
2928 1071 3029 1139 τήν
3101 1074 3200 1124 τοῦ
3249 1068 3692 1147 παραδείγματος

2039 1157 2421 1231 ἐπικόσμησιν.
2484 1159 2974 1235 ’Δριπρεπέστατος
3034 1156 3091 1214 δὲ
3145 1159 3354 1230 κόσμος
3407 1158 3641 1229 ἀλήθεια
3673 1178 3688 1191 ·

2033 1246 2232 1317 ταύτην
2282 1242 2756 1323 περιϐεϐλημένος
2802 1249 2830 1302 6
2881 1246 3246 1321 ὑψηλότατος,
3298 1244 3411 1303 ἔπεὶ
3442 1252 3555 1324 φῶς
3584 1252 3688 1302 πᾶ-

2031 1357 2113 1389 σιν
2173 1334 2439 1414 ἐπιφανὴς
2494 1336 2582 1391 καὶ
2641 1332 3005 1412 περίϐλεπτος
3040 1356 3052 1367 ·
3114 1338 3318 1399 πάντας
3392 1338 3493 1412 γὰρ
3571 1335 3688 1391 ἐπι-

2031 1423 2248 1502 στρέφει
2302 1426 2437 1500 πρὸς
2494 1425 2699 1480 ἑαυτόν·
2761 1423 2815 1479 εἷ’
2862 1447 2923 1502 γε
2983 1427 3091 1497 μὴν
3146 1425 3238 1481 τὸν
3302 1429 3399 1479 τοῦ
3456 1422 3689 1499 ψεύδους

2031 1512 2324 1569 ὑποδύοιτο
2379 1513 2591 1586 σκότον,
2643 1511 2765 1589 ἔχοι
2814 1514 2873 1569 ἂν
2929 1513 3017 1568 ἐπὶ
3067 1536 3129 1569 το
3159 1514 3477 1590 περίοπτον·
3531 1513 3583 1568 εἶ’
3611 1514 3689 1586 μὴ

2031 1602 2217 1658 καθότι
2291 1604 2502 1680 ζοφόεις
2582 1603 2889 1679 ὑπέρκειται
2963 1609 3081 1666 τοῖς
3160 1602 3354 1679 ἐτέρων
3425 1604 3692 1680 ἀγασμοῖς

2029 1693 2572 1768 παραθεωρούμενος,
2631 1692 2812 1768 ὥσπερ
2870 1692 2958 1747 καὶ
3012 1692 3179 1766 μέλαν
3229 1694 3391 1771 νέφος
3449 1694 3688 1767 ἑτερογε-

2029 1786 2156 1844 νοῦς
2211 1803 2362 1844 τινος
2411 1781 2656 1859 φαύσεως
2705 1782 3161 1858 προσκεχυμένης
3226 1786 3305 1853 τῷ
3350 1780 3687 1857 περιέχοντι·

260 1863 614 1923 τιϐαίνυυσιν·
676 1870 833 1925 αὐτὸν
907 1868 965 1926 δὲ
1037 1872 1127 1926 τὸν
1199 1866 1471 1942 ἀναϐάτην
1536 1872 1636 1928 οὑκ
1692 1872 1917 1949 ἀπορῥι-
1949 1875 2313 1972 Βτοιγαροῦν
2376 1869 2693 1935 ἐπισειέσθω
2763 1875 2840 1943 τῷ
2891 1867 3076 1944 ψεύδει
3133 1868 3377 1933 Τενέδιος
3431 1870 3688 1941 πέλεκυς,

261 1961 428 2012 πτοῦν
487 1956 560 2019 ὡς
619 1957 896 2015 Φαέθοντα
953 1957 1042 2015 διὰ
1091 1959 1155 2016 τὸ
1200 1958 1542 2037 ἀνέδραστον,
1594 1959 1741 2017 ἀλλά
1786 1963 1920 2034 μετὰ

262 2044 481 2115 πολλῆς
532 2053 633 2116 τῆς
692 2046 987 2125 ἀσφαλείας
1053 2049 1315 2127 ἀναφέρον
1370 2050 1507 2126 πρὸς
1566 2049 1699 2124 ὕψος
1760 2051 1919 2127 οὐρα-

259 2155 395 2205 νιον,
424 2136 514 2190 καὶ
573 2133 836 2206 διάδηλον
875 2134 981 2199 ἕως
1039 2137 1215 2193 αὐτῶν
1270 2144 1379 2194 τῶν
1438 2146 1541 2209 τῆς
1586 2140 1919 2213 οἷκουμενης

260 2224 508 2300 περάτων
561 2225 1021 2302 ἀπεργαζόμενον·
1069 2228 1207 2300 πρὸς
1266 2229 1326 2284 ὃν
1384 2228 1473 2284 καὶ
1534 2227 1917 2305 μεγαληγορία

260 2316 577 2392 προφητική
634 2311 979 2392 διακέκραγεν
1015 2359 1029 2383 ,
1079 2323 1316 2394 ’Έφαναν
1378 2320 1433 2372 αἱ
1489 2318 1757 2395 ἀστραπαί
1815 2340 1915 2374 σου

256 2406 331 2477 τῇ
373 2402 687 2478 οἰκουμένῃ·
746 2410 852 2467 πᾶς
903 2406 1182 2481 ἄνθρωπος
1236 2405 1428 2482 ἱλαρὸς
1486 2404 1595 2462 εἶδε
1644 2408 1735 2462 καὶ
1795 2406 1915 2463 ἐσα-

259 2490 423 2562 λεύθη
504 2492 596 2547 καὶ
664 2492 1111 2565 καταπέπληκται
1168 2514 1180 2526 ·
1262 2495 1520 2571 βασιλεὺς
1595 2497 1697 2571 γὰρ
1782 2499 1915 2571 μετὰ

259 2584 368 2635 τῶν
431 2577 619 2636 ἄλλων
672 2580 967 2657 βασιλικῶν
1015 2582 1198 2639 καλῶν
1263 2590 1667 2663 μετριοφρονῶν
1726 2585 1799 2662 (τί
1848 2587 1917 2641 τὰ

257 2667 445 2725 πολλᾶ
469 2672 580 2746 χρὴ
615 2668 795 2745 λέγειν
828 2691 841 2741 ;
875 2674 893 2745 )
924 2671 1084 2727 αὑτὸν
1136 2674 1436 2750 ὑπογράφει
1486 2676 1579 2729 τὸν
1624 2674 1916 2731 κεκλικότα

255 2757 386 2821 τοὺς
412 2758 695 2835 οὐρανοὺς,
726 2761 817 2814 καὶ
863 2754 1277 2833 καταϐεϐηκότα
1327 2764 1495 2839 μέχρι
1542 2760 1745 2818 δούλου
1780 2784 1915 2839 μορ-

261 2850 392 2926 φῆς,
419 2850 511 2903 τὸν
561 2847 789 2924 βασιλέα
832 2853 934 2918 τῆς
974 2847 1155 2921 δόξης·
1208 2853 1255 2923 ᾧ
1300 2856 1409 2907 τῶν
1460 2852 1694 2907 αἰωνίων
1723 2850 1914 2907 πυλῶν

259 2937 517 3012 ἀρθεισῶν
576 2936 825 3013 ὑπεράνω
879 2939 1057 3009 πάσης
1114 2939 1298 3015 ἀρχῆς
1352 2941 1720 3017 ὑπερκοσμίου
1783 2942 1917 3014 μετὰ

259 3027 512 3099 σώματος
565 3028 602 3096 ἡ
663 3021 938 3090 ἀνάϐασις·
995 3026 1120 3084 ἀλλ’
1177 3028 1207 3083 6'
1262 3050 1325 3104 γε
1375 3031 1475 3098 τὴν
1526 3030 1690 3085 αὑτοῦ
1719 3030 1916 3108 ξφέρων

261 3115 542 3194 μόρφωσιν
601 3113 997 3180 θεοειδέστατος
1062 3115 1337 3192 βασιλεὺς,
1396 3120 1480 3181 οἷς
1515 3119 1578 3174 τὸ
1630 3118 1911 3195 βασιλικὸν

257 3202 615 3261 διαδείκνυται
657 3203 866 3268 κάλλος
900 3252 914 3277 ,
976 3206 1298 3285 ἐπεντρυφᾷ.
1355 3208 1439 3270 οἷς
1493 3208 1559 3263 τὸ
1615 3206 1910 3280 ἀλλότριον

256 3294 453 3371 αἶσχος
512 3292 937 3370 ἀπορῥαπίζεται
972 3342 987 3369 ,
1303 3318 1315 3331 ·
1376 3294 1434 3352 εὖ
1510 3294 1632 3352 οἶδα
1700 3277 1862 3352 τοὺτο
1894 3343 1909 3369 ,
1944 3277 1987 3344 C

258 3384 407 3460 παρὰ
478 3390 579 3452 τῆς
658 3382 928 3459 ἐναργείας
1006 3381 1392 3460 δεδιδαγμένος
1427 3406 1438 3418 ·
1500 3384 1582 3441 ὅτι
1659 3388 1761 3462 γὰρ
1816 3384 1913 3441 κᾶν

260 3473 456 3547 ἀρετῆς
503 3471 595 3527 καὶ
644 3471 777 3548 ὑπὲρ
824 3473 917 3527 τὸν
966 3467 1229 3546 ᾀδόμενον
1276 3472 1694 3530 Πολυκλείτειον
1735 3476 1912 3554 πέφη-

258 3582 341 3616 νεν
392 3560 749 3637 ὡραιότατος,
798 3559 1092 3637 ἀγάλλεται
1144 3561 1282 3632 δῆτα
1331 3564 1422 3618 καὶ
1480 3564 1861 3642 ἀμφοτέρωθεν
1896 3611 1911 3637 ,

259 3650 321 3706 ἔκ
349 3670 410 3705 τε
436 3653 534 3719 τῆς
570 3654 679 3705 τῶν
730 3649 946 3705 οἰκείων
993 3650 1363 3728 προσλήψεως
1404 3653 1495 3707 καὶ
1544 3652 1913 3729 ἀναρρήσεως,

262 3735 322 3794 ἔκ
349 3759 409 3794 τε
436 3746 539 3809 τῆς
585 3744 693 3794 τῶν
747 3738 1028 3795 ἀνοικείων
1073 3740 1380 3804 ἀποθέσεως
1425 3742 1515 3797 καὶ
1565 3741 1870 3819 φαυλίσεως
1899 3764 1913 3778 ·

262 3826 451 3904 ὥσπερ
496 3828 601 3905 γὰρ
646 3829 711 3884 τὸ
772 3827 998 3907 φίλτρον
1044 3828 1134 3885 καὶ
1181 3831 1457 3907 προσφυὲς
1507 3830 1919 3908 ἐγκωμιαζόμε-

260 3938 352 3972 νον
402 3919 670 3993 γάννυσιν,
725 3917 870 3973 οὕτω
919 3917 1404 3992 στηλιτευόμενον,
1461 3921 1525 3975 τὸ
1582 3918 1777 3996 ἐχθρὸν
1825 3921 1917 3976 καὶ

274 4002 582 4080 ἀξύμϐατον
627 4006 688 4063 ἐκ
734 4011 843 4063 τῶν
894 4006 1143 4063 ἐναντίων
1188 4006 1278 4064 διὰ
1318 4013 1426 4064 τῶν
1471 4007 1745 4079 ἐναντίων,
1796 4031 1916 4064 συν-

267 4095 540 4172 αγομένης
576 4102 702 4170 μιᾶς
734 4095 1096 4168 οἰκειότητος.

337 4186 399 4254 ζ’.
433 4182 586 4241 Ἀλλ’
634 4181 789 4240 οὐδὲν
836 4190 917 4257 τῷ
965 4184 1243 4260 σπουδαίῳ
1281 4194 1383 4257 τῆς
1433 4182 1604 4250 ὅντως
1648 4186 1921 4258 ἡδύτητος

266 4273 635 4351 οἱκειότερον·
689 4270 725 4343 ἤ
789 4271 1003 4346 μᾶλλον
1062 4273 1441 4351 ἐξαναιρέσεως
1497 4279 1597 4345 τῆς
1651 4274 1921 4348 δοκούσης

269 4361 329 4417 ἐκ
384 4362 587 4435 πόνων,
647 4361 699 4433 ἐξ
756 4354 1005 4439 ἱδρώτων
1039 4407 1054 4434 ,
1113 4362 1173 4417 ἐκ
1231 4362 1354 4439 βίας
1407 4364 1611 4443 πέφυκε
1666 4364 1924 4433 γίνεσθαι⁶

267 4455 365 4507 τοῦ
439 4456 717 4528 καρτερεῖν
791 4448 1079 4507 συνειδέναι
1153 4452 1254 4521 τὴν
1325 4457 1433 4506 τῶν
1518 4453 1927 4529 καρτερούντων

269 4540 488 4618 πικρίαν
568 4540 873 4616 ἐξαίροντος
925 4559 938 4573 ·
993 4540 1081 4595 καὶ
1161 4545 1260 4596 τοῦ
1333 4543 1743 4618 καθυπερτερεῖν
1826 4544 1925 4613 τὴν

258 4633 759 4707 καθυπερτεροῦσαν
848 4630 1136 4705 χαρμονήν
1222 4629 1654 4709 συνεισφέροντος
1708 4650 1721 4665 ·

264 4742 362 4790 την
421 4720 556 4775 ποτε
609 4718 699 4774 καὶ
764 4720 1158 4793 καταγνώσεως
1238 4717 1386 4790 λύπη
1458 4718 1813 4797 προὺξένησεν
1884 4721 1921 4793 ἤ

264 4807 390 4871 τοὺς
449 4808 611 4885 ὅρους
670 4806 777 4883 οὑχ
835 4802 1235 4883 ὑπερϐέϐηκεν,
1296 4806 1423 4864 οὐδὲ
1476 4810 1612 4883 πρὸς
1670 4810 1915 4884 κρημνὸν

264 4896 546 4968 ἐξώκειλεν
602 4896 984 4972 ἀπογνώσεως·
1041 4895 1156 4951 ἐπεὶ
1199 4897 1289 4951 καὶ
1337 4898 1403 4952 τά
1458 4899 1754 4969 καθαρτικά
1806 4903 1915 4954 τῶν

266 4985 565 5064 φαρμάκων
621 4983 906 5060 πολεμίως
962 4986 1058 5058 μὲν
1119 4984 1234 5062 ἔχει
1294 4987 1433 5063 πρὸς
1485 4988 1550 5042 τὸ
1606 4992 1766 5060 σῶμα
1820 4992 1919 5043 τοῦ

270 5076 412 5145 ζώου
444 5094 459 5107 ·
514 5075 615 5145 τὴν
688 5071 747 5129 δέ
821 5095 884 5151 γε
952 5076 1242 5150 μοχθηρὰν
1309 5075 1664 5149 ἐπισπώμενα
1727 5075 1866 5147 ὕλην
1901 5120 1916 5147 ,

269 5164 451 5239 ὑγείας
508 5163 769 5237 παραίτια
821 5164 1076 5239 γίνεται,
1137 5162 1261 5219 ὅταν
1322 5164 1430 5239 οὑχ
1478 5160 1742 5241 ὑπερϐαίη
1790 5165 1921 5229 τοὺς

267 5252 430 5327 ὅρους
486 5254 522 5321 ἡ
579 5253 858 5327 κάθαρσις,
918 5252 1044 5308 οὐδέ
1096 5252 1464 5329 συνεκκριθείη
1517 5255 1579 5309 τὸ
1635 5255 1918 5332 ἀναγκαῖον

270 5339 346 5403 εἲίς
379 5340 650 5395 σύστασιν·
703 5338 899 5402 αλλοις
955 5341 1049 5414 μὲν
1099 5342 1190 5395 οὖν
1249 5343 1403 5396 ταυτὶ
1443 5344 1706 5419 καθάρσια
1753 5344 1924 5419 τυχὸν

269 5426 305 5497 ἤ
339 5427 429 5482 καὶ
462 5426 753 5501 ἀντίδοτοι,
784 5434 900 5492 τοῖς
956 5431 1031 5503 μὴ
1082 5431 1217 5507 πρὸς
1248 5432 1311 5486 τὸ
1359 5429 1589 5507 ἔσχατον
1623 5430 1923 5503 ἐληλακόσι

269 5524 371 5586 τῆς
401 5517 563 5572 νόσου
609 5517 697 5572 καὶ
741 5515 1045 5573 πάνδεινον·
1097 5518 1235 5575 ὥστε
1283 5517 1424 5593 μηδὲ
1460 5520 1776 5593 προσίεσθαι
1820 5528 1921 5592 τῆς

273 5603 632 5675 πολιότητος
691 5605 1239 5683 ἀπορριπνουμένης,
1299 5606 1388 5662 διὰ
1441 5613 1558 5664 τῶκ
1613 5630 1925 5685 κατηγορη-

278 5694 461 5769 μάτων
496 5692 685 5763 αὑτῆς·
743 5694 833 5749 καὶ
890 5696 1027 5772 πρὸς
1083 5696 1146 5751 τὸ
1204 5696 1355 5762 εύθές
1411 5694 1501 5752 διὰ
1543 5702 1648 5755 τῶν
1694 5699 1926 5780 εὐφημισ-

2024 1958 2099 2014 ⁹ίν’
2184 1957 2660 2034 ἐκδειμαινόμενον
2742 1957 3135 2015 ὑποστέλλοιτο
3166 2003 3184 2031 ,
3243 1960 3342 2029 τὴν
3418 1958 3687 2034 ἀναίρεσιν

2032 2051 2400 2127 ὑφορώμενον·
2458 2048 2495 2118 ἤ
2562 2050 2742 2125 μακρά
2799 2050 3037 2125 γραμμὴ
3089 2048 3179 2104 καὶ
3234 2048 3471 2123 μέλαινα
3510 2052 3694 2126 ψῆφος

2028 2138 2381 2215 κληρούσθων
2439 2136 2476 2207 ἤ
2532 2140 2638 2211 μὴν
2696 2137 3009 2216 ἐκφοίτησις
3065 2137 3117 2201 ἐς
3176 2137 3535 2214 Κυνόσαργες,
3572 2139 3687 2195 οἷον

2030 2227 2088 2284 δὲ
2134 2226 2592 2303 πεπαρῥησιάσθω
2632 2226 2696 2281 τὸ
2748 2222 2997 2299 ἀψευδές·
3053 2223 3172 2294 ἤτω
3222 2222 3282 2279 δὲ
3327 2222 3698 2300 περισπούδασ-

2029 2338 2174 2389 στον,
2234 2316 2324 2372 καὶ
2374 2314 2437 2371 τὸ
2494 2317 2686 2370 θᾶττον
2745 2313 2984 2370 ἀνύττειν
3041 2315 3110 2369 τὰ
3160 2313 3563 2389 ἐπηγγελμένα,
3594 2319 3693 2369 τοῦ

2029 2403 2481 2481 ἐπαγγέλλεσθαι·
2543 2405 2607 2459 τὸ
2666 2404 2761 2477 μὲν
2820 2404 2924 2479 γὰρ
2992 2400 3197 2476 μέλλον
3249 2401 3339 2458 ἐπὶ
3403 2401 3582 2478 βραχὺ
3631 2402 3697 2457 τὸ

2025 2495 2483 2571 περιεσκεμμένον
2549 2490 2750 2563 δηδοοῖ
2780 2511 2793 2524 ·
2872 2492 3051 2553 καθὼς
3128 2492 3194 2547 αὗ
3272 2490 3362 2546 ἐπὶ
3431 2493 3697 2563 μήκιστον

2027 2583 2375 2660 Πυῤῥωνείου
2427 2582 2619 2659 μόριον
2662 2581 2894 2657 ἐποχῆς.
2939 2580 3004 2635 Εἰ
3056 2578 3103 2636 δ’
3143 2578 3298 2644 αὖθις
3349 2581 3549 2651 ὑπέστη
3604 2582 3681 2653 μὴ

2024 2679 2371 2749 παραχρῆμα
2424 2670 2755 2747 περαίνοιτο,
2812 2667 2931 2731 πῶς
2991 2668 3090 2723 οὑκ
3142 2668 3201 2723 ἂν
3259 2669 3572 2747 ὑπεμφήναι
3617 2669 3681 2725 τὸ

2023 2769 2124 2831 τῆς
2179 2762 2412 2838 γνώμης
2463 2766 2565 2829 τῆς
2625 2760 2761 2831 μετὰ
2812 2760 2912 2827 τήν
2967 2758 3142 2832 κρίσιν
3195 2757 3535 2836 ἀμφιρῥεπές
3570 2777 3585 2826 ;
3617 2757 3685 2823 EI

2026 2849 2085 2907 δὲ
2112 2852 2201 2907 καὶ
2235 2849 2573 2906 διαπίπτοιεν
2624 2849 2699 2909 είς
2744 2847 2921 2920 τέλος,
2973 2843 3147 2909 ὄντως
3194 2847 3326 2902 αὑνὸ
3361 2848 3426 2902 τὸ
3453 2852 3551 2903 τοῦ
3584 2847 3686 2905 λο-

2025 2944 2229 3017 γισμοῦ
2280 2941 2476 3017 βάθρον
2524 2938 2979 3013 ὑποσεσάθρωται·
3030 2940 3196 2991 τοῦτο
3244 2933 3304 2991 δὲ
3344 2941 3440 2991 τοῦ
3487 2957 3684 3013 προκε-

2024 3031 2282 3106 κριμένου
2330 3030 2545 3084 πάντων
2590 3026 2715 3081 ὅσον
2764 3027 2999 3099 ἀνάξιον·
3029 3026 3077 3098 ᾧ
3134 3022 3303 3099 μηδὲν
3349 3027 3465 3081 κατ’
3514 3026 3681 3101 ἀνάγ-

2022 3141 2123 3190 κην
2173 3119 2236 3173 τὸ
2284 3116 2653 3193 παλινάγρετα
2701 3115 2881 3191 λέγειν
2916 3133 2930 3147 ·
2984 3115 3030 3187 ᾧ
3077 3111 3223 3168 πολὺ
3270 3113 3333 3169 τό
3380 3113 3581 3191 κράτος
3622 3114 3686 3173 τὸ

2024 3206 2308 3282 ἀνεμώλια
2360 3207 2561 3283 βάζειν.
2614 3204 2781 3260 Πόθεν
2833 3202 2892 3259 δὲ
2940 3207 3019 3276 τῷ
3067 3203 3394 3279 ὑπερέχοντι
3435 3204 3499 3258 τὸ
3535 3202 3685 3274 ἀξιό-

2024 3318 2215 3353 πιστον
2269 3316 2282 3366 ;
2335 3293 2371 3364 ἥ
2416 3296 2577 3359 πόθεν
2630 3295 2693 3349 τὸ
2729 3298 2839 3349 τῶν
2889 3292 3067 3369 λόγων
3118 3289 3356 3371 ἀσφαλὲς
3401 3290 3686 3348 ἐκπαιδευ-

2023 3387 2140 3457 θείη
2189 3387 2251 3442 τὸ
2304 3379 2676 3461 ὑπερϐεϐηκός
2709 3402 2721 3453 ;
2757 3383 2842 3437 Ἐν
2893 3380 3101 3455 ὑποψίᾳ
3151 3382 3289 3456 πρὸς
3348 3379 3637 3453 ἀλλήλους
3670 3426 3685 3454 ,

2026 3474 2213 3552 ἄρχων
2264 3495 2322 3529 τε
2378 3474 2469 3529 καὶ
2518 3473 2848 3549 ἀρχόμενος,
2909 3470 2961 3525 ἐν
3012 3470 3273 3546 συγχύσει
3319 3470 3382 3525 τὸ
3410 3476 3515 3525 πᾶν
3550 3471 3689 3526 κατὰ

2022 3567 2086 3621 τὸ
2120 3558 2545 3638 Ἐμπεδόκλειον
2580 3565 2829 3639 σφαῖρον,
2870 3560 2962 3615 καὶ
3007 3560 3109 3628 τὴν
3138 3564 3237 3615 τοῦ
3273 3558 3487 3622 νείκους
3521 3561 3690 3630 ἡττη-

2030 3654 2196 3729 μένην
2256 3650 2464 3731 φιλίαν.
2529 3648 2599 3705 δι’
2653 3648 2720 3719 ἤν
2775 3650 2804 3704 6
2852 3650 3026 3725 πκρὸς
3082 3648 3370 3722 ἐκθέμενος
3428 3646 3549 3720 ἄξια
3602 3653 3684 3721 τῷ

2025 3743 2158 3819 πυρὶ
2191 3740 2489 3813 πεσιλωτο,
2517 3738 2590 3794 ’ίν’
2636 3740 2778 3812 ὁμοῦ
2823 3739 3043 3814 γένηται
3091 3739 3356 3813 χρήματα
3401 3737 3577 3793 πάντα
3622 3737 3686 3794 τό

2024 3854 2086 3909 γε
2125 3831 2254 3886 αὑτὸ
2308 3828 2397 3885 διὰ
2424 3836 2526 3899 τῆς
2572 3827 2884 3890 ἀναλύσεως
2933 3826 2985 3882 ἐν
3038 3828 3245 3897 κινήσει
3283 3826 3349 3880 τὸ
3375 3831 3505 3899 πᾶν,
3551 3829 3690 3883 κατὰ

2026 3922 2118 3976 τὸν
2167 3917 2526 3995 Ἡρακλείτου
2557 3916 2727 3993 λόγον
2771 3917 2864 3971 τὸν
2911 3914 3157 3971 ἄστατον·
3209 3916 3256 3987 ᾦ
3301 3916 3401 3983 τὴν
3442 3914 3684 3971 ἐναντίαν

2030 4010 2059 4065 6
2088 4008 2346 4079 ἀκίνητος
2394 4006 2654 4082 ἐτράπετο
2701 4006 2907 4076 Ζήνων·
2955 4003 3047 4059 καὶ
3092 4007 3213 4066 πῶς
3261 4002 3341 4065 εἷς
3386 4008 3548 4059 τοῦτο
3596 4024 3689 4059 κε-

2028 4099 2268 4169 κίνηται,
2327 4101 2447 4158 πῶς
2505 4093 2552 4150 δ’
2610 4093 2806 4163 ἐκεῖνο,
2862 4091 3058 4163 ἔστησε
3103 4093 3168 4148 τὸ
3218 4089 3419 4168 δόγμα,
3469 4093 3559 4149 καί
3589 4094 3688 4162 τήν

2033 4186 2311 4261 ὑπόληψιν
2343 4185 2393 4240 ἐν
2428 4182 2649 4255 δοκήσει
2688 4183 2751 4238 τὸ
2797 4188 2921 4253 πᾶν,
2976 4182 3052 4244 ὡς
3100 4175 3443 4257 Δημόκριτος
3493 4183 3523 4237 ὁ
3557 4182 3695 4255 μετᾶ

2032 4277 2207 4332 αὐτῶν
2266 4274 2605 4352 ληρημάτων
2657 4271 2757 4328 οὐκ
2789 4266 2881 4326 ὤν·
2928 4270 2981 4341 ἐξ
3037 4272 3113 4326 ὧν
3167 4269 3541 4343 κατεσκεύαζε,
3599 4269 3692 4327 καὶ

2032 4366 2200 4422 πάλιν
2231 4364 2389 4437 νόμῳ
2427 4364 2619 4439 χροιὴ,
2670 4360 2882 4435 μᾶλλον
2930 4358 2988 4415 δὲ
3030 4362 3228 4435 γνῶσις
3273 4360 3365 4414 καὶ
3404 4358 3573 4434 λόγος
3598 4359 3691 4415 καὶ

2036 4454 2339 4528 ἄνθρωπος·
2403 4453 2524 4526 ἐτεῇ
2580 4449 2638 4507 δὲ
2692 4449 2843 4506 κενόν
2874 4469 2886 4481 ·
2947 4445 3361 4522 ἁρμοδιώτατον
3440 4447 3545 4526 ἄρα
3596 4448 3692 4504 κό-

2037 4567 2148 4618 σμη
2163 4564 2238 4618 μα
2264 4546 2342 4615 τῷ
2370 4545 2658 4618 κρατοῦντι
2703 4540 2767 4595 τὸ
2812 4537 3188 4609 ἆληθευτικόν·
3234 4537 3372 4614 πρὸς
3405 4535 3464 4594 δὲ
3507 4538 3597 4593 καὶ
3626 4538 3690 4594 τὸ

1789 4633 2004 4711 ταύ-Β
2032 4639 2143 4689 τῶν
2200 4633 2463 4702 αἰτήσεων
2532 4628 2779 4705 εὐλόγως
2853 4627 3108 4704 ἧγμένων
3173 4626 3637 4701 ἀποπληρωτικόν
3674 4647 3689 4662 ο

2034 4721 2215 4797 ὥσπερ
2274 4718 2339 4775 αὖ
2394 4721 2458 4774 τὸ
2512 4722 2622 4774 τῶν
2674 4715 2865 4778 ἄλλως
2926 4715 3169 4793 ἐχουσῶν
3239 4715 3634 4792 ἀποτρεπτικόν
3670 4734 3687 4748 ·

2026 4807 2116 4864 καί
2165 4812 2335 4863 ταῦτα
2385 4807 2485 4874 τήν
2541 4805 2830 4881 ταχίστην,
2880 4803 2969 4859 καὶ
3034 4804 3151 4877 μετ’
3206 4801 3559 4880 ἐπειγωλῆς·
3622 4801 3686 4859 οὗ

2033 4900 2140 4972 μὴν
2182 4894 2361 4951 ἐατέον
2412 4893 2543 4957 τοὺς
2594 4891 3139 4971 προσπεφοιτηκότας
3190 4888 3689 4969 χρονοτριϐοῦντας

2026 4986 2304 5056 πιέζεσθαι
2341 5004 2353 5019 ·
2411 4989 2575 5040 τοῦτο
2656 4983 2757 5060 γὰρ
2814 4981 3006 5059 πόρῥω
3075 4979 3407 5055 κηδεμονίας
3470 4980 3687 5058 βασιλι-

2025 5097 2152 5146 κης.

2101 5165 2174 5234 η’.
2208 5163 2368 5219 Ἰτέον
2405 5164 2470 5218 τὸ
2515 5159 2711 5216 λοιπὸν
2760 5159 2849 5216 ἐπὶ
2889 5161 2959 5214 τὰ
3007 5161 3279 5236 γυμνάσια
3315 5160 3380 5215 τὸ
3425 5180 3689 5239 στρατιω-

2030 5252 2203 5308 τικόν·
2257 5251 2526 5322 ἀλείπτης
2573 5247 2632 5306 δὶ
2676 5250 2768 5306 καὶ
2816 5246 3113 5319 παιδευτὴς
3161 5250 3514 5323 προηγείσθω
3554 5251 3694 5307 κατά

2031 5341 2197 5418 λόγον
2249 5343 2277 5396 6
2322 5341 2574 5417 ἡγεμών·
2623 5339 2685 5395 τὸ
2732 5340 2836 5415 γὰρ
2880 5337 3217 5415 ἀγύμναστον
3266 5336 3425 5402 ἀδαές
3481 5360 3543 5394 τε
3595 5338 3687 5395 καὶ

2032 5430 2397 5508 ἀκαρτέρητον
2437 5452 2449 5465 ·
2513 5428 2712 5504 μελέτῃ
2785 5426 2844 5484 δὲ
2914 5428 3005 5483 καὶ
3064 5427 3286 5499 ἀσκήσει
3350 5428 3440 5483 καὶ
3497 5429 3692 5505 πρᾶξις

2030 5520 2123 5578 καὶ
2182 5519 2349 5597 τέχνη
2402 5519 2717 5596 κρατύνεται
2751 5535 2766 5549 ·
2822 5516 2914 5572 καὶ
2969 5514 3152 5579 καλῶς
3207 5513 3420 5594 εἷ’ρηται
3450 5563 3465 5591 ,
3516 5516 3689 5580 Φύσις

2033 5606 2180 5680 ἄλλη
2239 5610 2301 5664 τὸ
2352 5606 2510 5671 ἔθος·
2571 5607 2789 5684 ἐπείπερ
2846 5606 2898 5660 οἱ
2958 5606 3183 5681 μοχθεῖν
3242 5605 3539 5680 εἰθισμένοι
3592 5605 3685 5661 καὶ

2029 5698 2356 5775 τληπαθεῖν,
2385 5698 2482 5756 κᾶν
2530 5697 2762 5776 γεραιοὶ,
2816 5698 2929 5752 τῶν
2970 5693 3221 5770 ἀκμαίων
3266 5699 3388 5754 τῶν·
3421 5695 3686 5754 ὠσθενῶν
