4154 6420
496 417 616 481 669

1349 419 1452 482 DE
1495 418 1730 482 REGIS
1775 416 2133 482 OFFICIIS.
2165 449 2245 461 —
2270 416 2586 483 TEXTUS
2629 418 3056 484 GENUINUS.

3791 415 3914 481 670

497 549 778 620 ἀσυνήθων
837 549 1292 626 φερεπονώτεροι.
1334 550 1434 604 Καὶ
1497 555 1858 627 μαρτυροῦσιν
1916 550 1971 603 οἱ
2023 547 2148 622 περὶ
2177 548 2232 616 Α
2265 546 2441 624 λόγων
2522 551 2612 605 καὶ
2703 550 2890 623 νόμων
2978 548 3178 623 μελέτῃ
3267 546 3610 623 πεζομαχίας
3691 568 3750 604 τε
3821 546 3911 604 καὶ

495 638 592 700 τὰς
651 635 971 711 οἰκοδομίας
1023 638 1113 694 καὶ
1172 639 1514 716 φυτηκομίας
1565 639 2034 716 ἐξυπουργοῦντες,
2068 639 2149 700 οἷς

499 725 652 802 ἔργον
681 727 745 782 τὸ
776 726 1029 782 σκάπτειν
1078 729 1167 783 καὶ
1205 729 1269 782 τὸ
1313 729 1642 806 ἀχθοφορεῖν
1671 748 1683 760 ·
1747 727 1890 782 οὕτω
1933 727 2023 782 καὶ
2065 728 2154 781 ἰπ-

498 817 756 885 πάζεσθαι
789 816 1203 892 προειθισμένος
1258 839 1341 878 τις
1391 819 1504 891 ἅμα
1550 816 1608 872 δὲ
1659 817 1748 872 καὶ
1792 816 2149 894 ὁπλοφορεὶν,

503 904 741 981 στεῤῥῶς
771 926 831 960 τε
886 906 1133 982 κατέχειν
1191 907 1404 982 αἰχμήν
1434 907 1469 976 ἢ
1503 909 1796 985 φάσγανον,
1827 906 1914 961 καὶ
1973 904 2150 975 πλήτ-

499 1015 608 1048 τειν
641 995 868 1068 καιρίως
898 996 989 1050 καὶ
1019 1001 1279 1058 νεανικῶς
1313 996 1402 1050 καὶ
1468 997 1575 1071 βῶν
1633 993 1868 1064 ἀζάλέην
1928 992 2016 1063 ἡδ’
2066 993 2154 1048 ἐπὶ

503 1081 647 1155 δεξιά
701 1090 888 1156 νωμᾷν
948 1081 1036 1152 ἠδ’
1093 1083 1176 1138 ἐπ’
1231 1084 1486 1160 ἀριστερά
1544 1084 1869 1162 προσφόρως
1918 1083 2007 1138 καὶ
2059 1084 2154 1137 ἀσ-

501 1170 715 1249 φαλῶς,
767 1169 957 1226 οὔποτ’
1013 1171 1071 1227 ἂν
1127 1171 1394 1245 ἀδόκιμος
1446 1173 1496 1228 έν
1545 1178 1664 1236 ταῖς
1715 1173 1850 1226 κατά
1904 1170 2152 1244 πόλεμον

501 1255 832 1333 ξυμϐολαῖς·
867 1259 1041 1316 ,ἀλλά
1089 1260 1178 1316 καὶ
1249 1260 1475 1316 πολλῶν
1554 1260 1958 1337 σθεναρωτέρων
2023 1260 2156 1334 μετά

493 1356 596 1419 τῆς
629 1349 876 1426 ἀπειρίας
909 1348 1351 1426 ἐπικρατέστερος
1379 1368 1391 1380 ·
1441 1349 1504 1404 τό
1559 1371 1622 1424 γε
1682 1351 1790 1422 μὴν
1821 1351 1920 1418 τήν
1958 1351 2151 1425 μικρὰν

497 1437 826 1516 ὑφαρπάζειν
904 1443 1132 1516 σφαῖραν
1204 1437 1294 1493 διὰ
1345 1443 1442 1493 τοῦ
1501 1437 1672 1508 δίνου,
1732 1439 1820 1493 καὶ
1875 1437 2150 1513 περιάγειν

493 1527 583 1582 καὶ
663 1528 1007 1601 μετεωρίζειν
1083 1548 1173 1582 και
1251 1522 1661 1600 ἀπολαμϐάνειν
1735 1527 1786 1582 ἐν
1845 1525 2008 1599 δεξιᾷ,
2061 1527 2152 1581 καὶ

492 1613 674 1672 τᾶλλα
727 1621 834 1670 τῶν
895 1615 1243 1692 ἀθυρμάτων,
1304 1617 1405 1672 οὐκ
1481 1615 1584 1671 οἷδ’
1641 1616 1838 1671 ὁπόσον
1899 1615 1958 1670 ἂν
2016 1617 2152 1691 πρὸς

498 1704 850 1783 ὁπλομαχίαν
887 1701 1281 1779 συμϐάλοιντο,
1313 1707 1403 1760 καὶ
1434 1703 1863 1778 ἀντιπολέμησιν
1912 1705 2155 1781 γενναίαν

495 1797 586 1850 καὶ
617 1793 874 1871 ἀνδρικήν
899 1817 912 1829 ·
965 1795 1011 1849 εἰ
1040 1795 1129 1849 καὶ
1161 1793 1460 1865 τηνάλλως
1519 1794 1753 1850 ἐντεῦθεν
1809 1795 2150 1870 αἰτιολογοίη

2262 638 2572 713 ναυμαχίας
2653 640 2744 693 τὸν
2835 638 2952 715 βίον
3037 635 3401 714 διῃρηκότας·
3498 637 3550 709 ἐξ
3631 639 3703 692 ῶν
3793 635 3911 692 διά-

2263 746 2410 779 νοιαν
2499 725 2824 798 ἐσύνετισαν,
2905 723 3156 802 γλῶσσαν
3245 722 3579 798 ἐπαίδευσαν,
3658 723 3914 798 εὐνομίαν

2265 813 2582 888 ἐξήσκησαν,
2659 814 2958 892 ἐλευθερίαν
3054 813 3342 892 ἐφύλαξαν,
3418 813 3591 876 νίκαις
3687 818 3912 877 πυκναῖς

2265 901 2739 978 ἐλαμπρύνθησαν,
2826 904 3118 977 ἀριστείαις
3204 902 3443 966 πολλαῖς
3522 902 3914 974 ἐκλεῖσθησαν·

2265 998 2486 1067 Δαρεῖον
2578 994 2671 1066 μὲν
2757 992 3018 1069 πρότερον
3094 994 3186 1048 τὸν
3263 993 3559 1048 Ὑστάσπου
3634 991 3749 1048 υἱέα
3828 993 3918 1047 καὶ

2263 1080 2469 1154 Ξέρξου
2515 1083 2733 1158 γενέτην
2787 1082 3133 1158 κατῄσχυναν
3193 1083 3357 1137 ὁπότε
3403 1089 3518 1137 κατ’
3565 1083 3740 1138 αὐτῶν
3793 1081 3914 1136 ἐπε-

2263 1169 2469 1248 πόμφει
2503 1172 2658 1225 Δάτιν
2709 1172 2798 1226 καὶ
2855 1172 3249 1248 ’Δρταφέρνην,
3308 1171 3571 1248 μυριάδας
3626 1173 3922 1248 τριάκοντα

2265 1265 2495 1336 στρατοῦ
2566 1265 2832 1336 Περσικοῦ
2892 1260 3307 1338 τροπωσάμενοι
3387 1262 3512 1337 περὶ
3597 1262 3918 1336 Μαραθῶνα,

2265 1348 2510 1424 χιλιάσιν
2593 1349 2744 1405 ἐννέα
2820 1350 2908 1404 καὶ
2969 1349 3259 1406 Πλαταιέσι
3321 1349 3556 1425 χιλίοις,
3617 1348 3921 1406 Μιλτιάδου
4016 1385 4019 1388 -

2269 1439 2363 1510 μὲν
2415 1439 2502 1492 καὶ
2555 1438 2840 1509 Στησίλεω
2887 1438 3360 1516 στρατηγούντων,
3404 1438 3494 1494 καί
3552 1439 3919 1515 Καλλιμάχου

2266 1523 2324 1580 δὲ
2393 1526 2482 1581 καὶ
2555 1527 2905 1604 Κυναιγείρου
2980 1525 3524 1602 πολεμαρχούντων·
3584 1526 3802 1602 ὕστερον
3863 1525 3920 1582 δὲ

2263 1615 2354 1670 καὶ
2401 1622 2502 1684 τῆς
2557 1613 2736 1686 ἄλλης
2792 1615 3196 1691 συμμαχούσης
3245 1613 3535 1682 Ἑλλάδος,
3567 1617 3657 1670 τὸν
3707 1616 3915 1691 Ξέρξην

2263 1704 2743 1780 κατηγωνίσαντο·
2793 1705 2883 1759 καὶ
2929 1706 2956 1759 6
3007 1703 3131 1780 πρὶν
3198 1702 3404 1780 ἄμετρα
3455 1701 3777 1778 κομπάζων,
3829 1704 3918 1760 καὶ

2266 1798 2515 1868 στοιχεῖα
2550 1799 2870 1866 μετακινῶν,
2898 1792 3126 1868 ἤπειρον
3171 1793 3451 1858 θαλαττῶν
3505 1795 3594 1848 καί
3655 1794 3920 1858 θάλατταν

493 1905 576 1946 τις
601 1885 667 1939 τὸ
699 1883 751 1939 ἐν
803 1881 1076 1957 πολέμοις
1128 1883 1449 1955 εὐκίνητον·
1509 1885 1665 1947 οὗτος
1699 1881 1746 1938 δ’
1796 1885 1856 1939 ἂν
1911 1883 2004 1938 καὶ
2051 1885 2149 1952 τὴν
2186 1923 2232 1987 Β
2267 1884 2532 1958 ἠπειρῶν,
2574 1882 2664 1936 καὶ
2728 1884 2803 1955 μή
2863 1881 3192 1956 πειθομένην
3256 1881 3528 1955 μαστίζων
3582 1903 3642 1938 τε
3689 1884 3778 1937 καὶ
3835 1880 3920 1937 δε-

649 1969 693 1987 ...
931 1972 1032 1987 ς..
1340 1971 1518 1987 ..η
1711 1970 2128 1987 μιε,.
2349 1975 2376 1985 η
2535 1970 3130 1987 -,ς.,..
3338 1972 3349 1987 ,
3720 1971 3882 1987 -.

497 1969 730 2050 χυτρίδα
784 1972 1205 2049 προσλήψαιτο·
1267 1973 1356 2026 καὶ
1421 1971 1659 2045 μάλιστα
1707 1970 1797 2028 διὰ
1841 1973 1941 2041 τήν
1987 1973 2153 2050 ἀμφί-

496 2058 646 2117 ϐασιν
679 2062 715 2132 ἢ
775 2062 865 2116 καὶ
912 2062 977 2116 τὸ
1034 2061 1414 2131 ἀσκωλιάζειν,
1469 2061 1608 2117 ὥστε
1662 2063 1798 2116 κατά
1837 2061 1966 2124 τοὺς
2026 2061 2152 2139 δρό-

499 2152 830 2225 μουςῆτάς
886 2150 1068 2212 ἅλσεις
1133 2152 1208 2224 μὴ
1271 2149 1629 2206 ὀλισθαίνειν’
1679 2153 1948 2206 κάνταῦθα
2007 2149 2156 2222 δοίη-

499 2261 618 2313 μεν,
653 2238 776 2295 ἀλλ’
805 2240 835 2294 ’ὀ
867 2240 1283 2315 προεὸρήκαμεν
1323 2240 1773 2319 προφερέστερον,
1808 2238 1861 2295 εἴ
1902 2261 1963 2317 γε
2020 2242 2156 2313 μετά

491 2333 590 2399 τῆς
635 2328 939 2399 εὐκινησίας
993 2328 1084 2382 καὶ
1131 2335 1302 2383 πᾶσαν
1365 2326 1543 2399 ἄλλην
1606 2327 1939 2384 έκπαιδεύσει
1991 2330 2154 2402 μέθο-

496 2416 587 2474 δον
649 2419 791 2490 ὁμοδ
847 2417 937 2471 καὶ
993 2417 1277 2494 καρτερίαν
1316 2417 1653 2490 πολεμικήν.
1687 2415 1825 2473 Οὐδέ
1868 2420 1931 2474 τὸ
1989 2417 2153 2474 διττὼ

500 2506 641 2570 λίθω
689 2511 879 2582 χεροῖν
938 2506 1143 2584 ἀμφοῖν
1202 2504 1681 2580 διαμερισάμενον,
1739 2507 1829 2561 καὶ
1887 2508 2151 2584 πρότερον

496 2595 679 2672 ὥσπερ
733 2595 822 2650 ἐπὶ
873 2598 1143 2671 τρυτάνης
1203 2596 1350 2651 αὐτὼ
1406 2595 1837 2652 ταλαντεύσαντα
1874 2598 1964 2652 καὶ
2000 2603 2155 2672 ζυγο-

495 2683 836 2755 στατήσαντα
892 2685 982 2739 καὶ
1043 2685 1136 2739 σὺν
1187 2685 1370 2740 αὐτοῖν
1430 2686 1509 2740 τὼ
1569 2687 1701 2762 χέρε
1748 2681 1939 2763 πρόσω
1976 2709 2034 2742 τε
2062 2688 2152 2742 καὶ

501 2774 677 2828 ὀπίσω
731 2776 1082 2847 νωμήσαντα,
1115 2775 1206 2829 καὶ
1251 2776 1315 2829 τὸ
1365 2772 1560 2830 λοιπὸν
1617 2778 2011 2852 συγκινήσαντα
2063 2776 2151 2831 καί

497 2865 971 2939 περικλονήσαντα
1054 2868 1232 2936 σῶμα,
1297 2865 1431 2936 μετά
1503 2865 1773 2935 τοσαύτης
1830 2863 2153 2938 μελλήσεως

499 2950 760 3014 ἅλλεσθαι
817 2951 908 3006 καὶ
957 2950 1308 3030 ἐφάλλεσθαι,
1340 2955 1621 3028 χρήσιμον
1671 2953 1726 3015 ἐς
1779 2953 1962 3010 πολύ·
2019 2953 2154 3028 μᾶλ-

504 3039 596 3095 λον
642 3040 734 3113 μὲν
782 3041 874 3094 οὖν
920 3040 1048 3102 τοὺς
1104 3042 1218 3112 μεθ’
1264 3039 1450 3094 ὅπλων
1514 3038 1755 3115 δρόμους
1813 3043 1902 3096 καὶ
1961 3046 2056 3106 τὰς
2101 3043 2152 3114 ἐξ

501 3129 674 3183 αὐτῶν
719 3129 808 3183 καὶ
870 3129 984 3202 μετ’
1013 3128 1188 3184 αὐτῶν
1248 3128 1432 3192 ἅλσεις
1483 3132 1858 3207 προαιρετέον,
1907 3133 1995 3187 καὶ
2051 3134 2150 3201 τήν

498 3215 678 3286 πάλην
736 3216 826 3272 καί
879 3217 1008 3279 τοὺς
1057 3218 1440 3291 ἀκοντισμοὺς,
1472 3219 1536 3274 τὸ
1582 3224 1690 3274 τῶν
1740 3220 1927 3276 ὅπλων
1955 3218 2152 3303 ,ἄχθος

2265 1975 2444 2044 σμῶν,
2495 1977 2598 2040 τῆς
2657 1970 2988 2043 ἐκπληξίαςί
3042 1970 3132 2026 καὶ
3203 1972 3433 2046 τειχέων
3513 1975 3752 2046 περιοχῇ
3827 1971 3920 2028 τὸν

2265 2061 2488 2136 στρατὸν
2543 2060 2617 2122 ὡς
2678 2058 2924 2134 μεδίμνῳ
2979 2064 3186 2136 μετρῶν
3239 2057 3327 2114 διὰ
3355 2061 3418 2115 τὸ
3449 2057 3797 2134 δυσάριθμον,
3832 2081 3900 2115 κα

2263 2148 2545 2223 ποταμοὺς
2632 2149 3012 2225 ἀποξηραίνων
3073 2147 3124 2204 ἐν
3181 2153 3261 2222 τῷ
3316 2149 3443 2211 τοὺς
3491 2147 3699 2211 ’ίππους
3755 2148 3919 2204 αὐτοῦ

2265 2236 2628 2316 διερχομένου
2703 2240 2977 2313 κύψαντας
3045 2236 3192 2314 ὕδωρ
3245 2243 3411 2308 πιεῖν,
3466 2238 3541 2300 ὡς
3601 2237 3651 2294 ἐν
3703 2239 3922 2315 Φρυγίᾳ

2261 2329 2353 2382 τὸν
2402 2325 2782 2404 Σκάμανδρον,
2835 2327 2886 2382 ἐν
2939 2327 3204 2399 Θετταλίᾳ
3249 2328 3344 2390 τὸς
3393 2328 3640 2398 Πηνειὸν,
3693 2328 3744 2382 ἐν
3796 2329 3917 2384 Ἀτ-

2261 2422 2388 2492 τικῇ
2442 2418 2535 2472 τὸν
2598 2416 2851 2487 Ἰλισσὸν,
2900 2419 3006 2472 κάκ
3057 2425 3160 2488 τῆς
3205 2422 3313 2473 τῶν
3374 2416 3548 2494 βελῶν
3610 2417 3920 2494 ἐπαφέσεως

2264 2507 2630 2582 ἀποκρύπτων
2678 2507 2772 2561 τὸν
2831 2504 3016 2578 ἥλιον,
3055 2506 3217 2580 μόλις
3274 2505 3334 2561 ἐκ
3382 2505 3695 2582 Στρυμόνος
3728 2506 3780 2562 έν
3821 2508 3920 2576 νηῒ

2269 2601 2366 2669 μιᾷ
2418 2594 2730 2665 διεσώζετο,
2781 2598 2878 2658 τάς
2937 2601 3043 2650 τῶν
3103 2596 3408 2666 Ἀθηναίων
3469 2602 3660 2672 χεῖρας
3711 2595 3922 2672 ἀγωνίᾳ

2267 2684 2480 2760 μεγάλῃ
2536 2685 2625 2739 καὶ
2681 2683 2882 2758 πολλῷ
2931 2686 3162 2757 καμάτῳ
3221 2682 3521 2763 διεκφυγών
3549 2684 3647 2740 -ἐν
3680 2684 3922 2759 θαλάσοῃ

2262 2774 2324 2828 τὸ
2373 2779 2592 2850 πρῶτον
2643 2775 2766 2850 περὶ
2797 2776 3060 2829 Ἀττικῶν
3106 2773 3318 2830 πλοίων
3369 2776 3512 2847 ὁμοῦ
3558 2773 3650 2829 καὶ
3699 2794 3922 2848 συμμα-

2264 2868 2436 2938 χικῶν
2476 2865 2574 2936 (6),
2635 2863 2769 2917 έπτά
2825 2860 2882 2916 δὲ
2938 2864 3074 2939 πρὸς
3129 2860 3423 2924 διακοσίοις
3483 2863 3572 2938 κρὶ
3619 2861 3919 2939 δισχιλίοις

2261 2957 2367 3007 τῶν
2429 2956 2748 3027 Περσικῶν⁶
2810 2949 2996 3007 ἔπειτα
3063 2952 3200 3006 κατά
3261 2954 3363 3022 τὴν
3435 2950 3662 3028 ἤπειρον
3731 2951 3920 3008 τέλεον

2263 3040 2541 3114 ἡττηθεὶς,
2603 3041 2692 3095 καὶ
2768 3040 2862 3101 τάς
2936 3041 3285 3103 πεντακοσίας
3360 3046 3460 3096 τοῦ
3521 3041 3772 3118 μαχίμου
3829 3039 3920 3096 καὶ

2263 3129 2559 3204 ἀπομάχου
2592 3128 2729 3185 λαοῦ
2774 3129 3102 3202 μυριοστύας
3153 3125 3471 3202 ἀποϐαλὼν,
3502 3133 3610 3184 τῶν
3665 3130 3760 3203 μὶν
3812 3151 3920 3185 πο·-

2263 3215 2421 3291 λέμῳ
2470 3214 2894 3295 διαφθαρέντων,
2940 3222 3053 3272 ’τῶν
3106 3215 3163 3272 δὲ
3221 3216 3374 3292 λιμῷ
3429 3219 3520 3272 καὶ
3574 3216 3724 3294 κρύει
3784 3220 3920 3274 κατά

499 3308 545 3362 εἱ
595 3307 710 3362 οἷόν
749 3328 809 3361 τε
851 3307 1187 3384 πανταχόθεν
1249 3309 1742 3387 συμπεριφέροντα,
1789 3310 1882 3365 τόν
1941 3291 2151 3385 γε’-κο·
2183 3291 2228 3359 C
2262 3309 2361 3376 τήν
2412 3291 2588 3384 φυγήν
2619 3325 2631 3338 '
2672 3291 2792 3361 νοῦκ
2848 3304 2968 3361 οἶδα
3025 3305 3186 3362 τίνων
3245 3291 3346 3376 την
3387 3291 3623 3382 Περσίδα
3681 3307 3920 3384 ἑωρακό-

495 3393 762 3472 διάνειραν
828 3395 918 3474 ἀφ’
976 3397 1168 3451 ἑαυτοῦ
1234 3398 1422 3472 μάχην
1483 3397 1852 3472 γνωσόμενον,
1911 3401 2000 3454 καὶ
2046 3404 2152 3454 τῶν

496 3484 631 3563 ἀμφ’
662 3483 845 3540 αὐτόν.
881 3485 1228 3541 Ἐκύκλωσάν
1284 3506 1416 3541 ποτε
1473 3482 1748 3563 Βάρϐαροι
1806 3488 2152 3561 Ῥωμαίους·

495 3574 549 3629 οἳ
604 3572 664 3629 δὶ
718 3574 782 3628 τὸ
838 3573 1093 3630 πλαίσιον
1155 3573 1412 3637 λύσαντες
1472 3575 1526 3638 ἐς
1582 3575 1810 3652 λόχους,
1862 3577 2154 3653 περιέσχον

496 3661 818 3736 ἐξαπιναίως
891 3662 1018 3725 τοὺς
1094 3663 1488 3739 περιέχοντας·
1548 3666 1638 3719 καὶ
1722 3663 2154 3741 συγκλείσαντες,

499 3753 852 3825 ἀκοντισμοῖς
885 3749 1246 3828 διεχρήσαντο
1266 3773 1278 3785 ·
1335 3752 1793 3829 προμεμελέτητο
1823 3754 1924 3829 γὰρ
1971 3754 2157 3810 αὐτοῖς

497 3839 589 3896 καί
615 3841 680 3896 τὸ
709 3840 1001 3910 ἀκοντίζειν
1033 3841 1125 3896 καὶ
1171 3841 1235 3895 τὸ
1291 3843 1403 3914 μεθ’
1433 3840 1621 3896 ὅπλων
1682 3844 2006 3912 ἱππάζεσθαι
2067 3844 2158 3898 καὶ

495 3929 891 4006 ταχυδρομεῖν,
942 3930 1032 3985 καὶ
1086 3931 1150 3985 τὸ
1204 3929 1644 4010 εὐπερίστροφον,
1693 3931 1782 3986 καὶ
1836 3931 1986 3994 ὅπως
2043 3934 2156 4008 χρὴ

500 4016 908 4095 διαπεφευγέναι
991 4017 1285 4087 κύκλωσιν,
1339 4019 1431 4072 καὶ
1519 4018 1667 4080 ὅπως
1752 4018 2156 4077 κυκλώσασθαι.

500 4106 716 4178 Μελέτη
777 4105 835 4162 δέ
877 4129 964 4162 τοι
1023 4113 1128 4162 πᾶν
1185 4105 1338 4184 ἔργον
1399 4105 1625 4185 ὀφέλλει
1665 4108 1755 4162 καὶ
1791 4108 2038 4184 βελτιοῖ·
2075 4106 2160 4164 διὸ

497 4201 606 4252 τῶν
641 4196 1074 4274 ἀναγκαιοτάτων
1134 4196 1620 4272 προγεγυμνάσθαι
1675 4203 1804 4251 πᾶσι
1855 4203 1971 4260 τοῖς
2025 4199 2162 4252 κατά

498 4285 772 4359 πόλεμον,
822 4285 927 4340 καῖ’
973 4286 1048 4358 μὴ
1105 4287 1352 4360 συνάγειν
1413 4284 1496 4339 ἐπ’
1544 4284 1674 4339 αὐτὸ
1728 4284 1874 4356 τάξιν
1937 4285 2158 4362 ἀρεϊκήν

498 4374 591 4430 καὶ
651 4373 1079 4449 προπαίδευσιν·
1141 4372 1266 4428 ἀλλ’
1324 4373 1504 4449 ὥσπερ
1586 4372 1958 4451 κεφαλισμούς
2015 4395 2163 4436 τινας

501 4464 601 4525 τὰς
678 4465 1045 4538 προασκήσεις
1127 4462 1358 4536 ἀρίστως
1433 4460 1950 4536 προεκδιδάσκεσθαι
2023 4465 2159 4539 πρὸς

509 4552 613 4628 εὐχ
646 4551 895 4628 ρεστέραν
921 4557 1030 4606 τῶν
1067 4551 1330 4625 μειζόνων
1363 4550 1718 4624 κατόρθωσιν.

2264 3418 2411 3452 των·
2469 3400 2694 3450 τοιαῦτα
2747 3400 2925 3450 ποιεῖν
2976 3393 3091 3451 οἶδε
3145 3395 3554 3474 προμελέτησις
3612 3396 3701 3452 καὶ
3756 3417 3921 3472 προε-

2266 3485 2458 3558 θισμὸς
2492 3479 2666 3560 ἔργων
2718 3484 2972 3561 ἀρεϊκῶν,
3002 3490 3100 3540 τοῦ
3156 3482 3330 3561 λόγου
3390 3489 3774 3562 συνεργοῦντος
3830 3486 3922 3541 καὶ

2267 3577 2623 3635 συνιστῶντος
2650 3574 2718 3628 τά
2745 3574 2997 3650 τρόπαια.

2342 3663 2391 3718 ι’.
2424 3662 2496 3716 Τὸ
2536 3663 2748 3718 πάντων
2812 3664 3064 3739 μέγιστον
3125 3662 3177 3718 ἐν
3221 3668 3340 3724 ταῖς
3387 3662 3606 3740 πράξεσι
3660 3663 3751 3718 καὶ
3799 3664 3922 3718 ἀνυ-

2269 3752 2576 3823 σιμώτατον
2632 3753 2706 3824 μὴ
2763 3751 2970 3806 τούτων
3027 3751 3204 3807 αὐτῶν
3275 3751 3326 3806 ἐν
3385 3756 3466 3824 τῷ
3519 3753 3918 3827 παρασκευάζε-

2269 3842 2387 3894 σθαι
2445 3835 2792 3916 κατατρίϐειν
2850 3839 2944 3895 τόν
2993 3840 3180 3918 καιρὸν
3241 3841 3331 3896 καὶ
3381 3842 3732 3915 ἀναισιμοῦν·
3797 3838 3926 3914 μηδ’

2268 3929 2321 3984 ἐν
2378 3935 2494 3991 τοῖς
2556 3928 2951 4006 ἐπιχειρήμασι
3016 3928 3396 4003 μελλονικιᾷν,
3428 3931 3463 4000 ἢ
3513 3931 3602 3986 καὶ
3657 3929 3925 4006 σχολαιό-

2267 4037 2420 4090 τερον
2480 4017 2681 4093 βαίνειν
2740 4017 2876 4094 πρὸς
2907 4019 2971 4073 τὸ
3000 4018 3225 4087 καλοῦν,
3255 4019 3292 4088 ἢ
3323 4019 3415 4074 καὶ
3466 4016 3768 4094 Χαρινάδου
3813 4039 3922 4073 νω-

2269 4109 2554 4184 θέστερον·
2616 4105 2762 4163 ἀλλά
2837 4108 3276 4183 προητοιμάσθαι
3357 4109 3452 4181 μὲν
3510 4108 3586 4170 είς
3641 4109 3779 4163 ἅπαν
3845 4109 3920 4182 μὴ

2269 4192 2729 4272 προσδοκώμενον
2763 4244 2778 4269 ,
2862 4197 3078 4250 πάντων
3188 4196 3573 4274 φυλακτήρίων
3607 4245 3624 4271 ,
3708 4197 3922 4252 πάντων

2269 4284 2618 4360 ἀμυντηρίων
2675 4286 3258 4362 προηυτρεπισμένων,
3316 4286 3539 4358 εἰρήνης
3599 4283 3788 4356 οὔσης,
3850 4285 3925 4340 εἷ-

2272 4376 2443 4449 ρήνης
2475 4373 2843 4447 ἐλπιζομένης
2867 4397 2878 4407 ·
2924 4373 3053 4428 ἐπὰν
3087 4371 3144 4430 δέ
3171 4394 3224 4428 τι
3267 4375 3457 4453 φανείη
3506 4380 3614 4429 τῶν
3669 4374 3924 4448 δεόντων,

2268 4463 2304 4532 ἢ
2352 4462 2491 4536 πρὸς
2550 4464 2751 4518 ἑαυτῶν
2815 4462 3152 4519 λυσιτέλειαν
3302 4464 3437 4537 πρὸς
3489 4463 3735 4519 ἐναντίων
3796 4463 3927 4535 ἐπή-

2272 4572 2438 4629 ρειαν,
2473 4549 2669 4630 αἶ’φνης
2711 4553 2801 4607 καὶ
2851 4553 3173 4615 ἀνυπόπτως
3217 4553 3420 4609 ἐπιέναι
3469 4554 3647 4629 χρεὼν
3694 4553 3818 4608 ὅσον
3863 4554 3925 4608 τὸ

581 4644 646 4699 θ’,
677 4641 743 4696 Εἰ
775 4639 833 4696 δὲ
860 4641 964 4696 καῖ’
997 4643 1095 4710 τῆς
1146 4642 1282 4695 κατά
1339 4639 1605 4695 θάλατταν
1665 4640 1950 4716 ἐμπειριας
2007 4661 2158 4696 τετο-
2190 4661 2236 4727 D
2267 4644 2366 4710 τῆς
2427 4641 2649 4716 ἰσχύος·
2709 4641 2832 4712 ὀξὺς
2875 4643 2976 4718 γὰρ
3011 4643 3038 4696 ὁ
3069 4642 3270 4718 χρόνος
3328 4642 3417 4697 καὶ
3474 4641 3574 4697 οὐκ
3627 4639 3686 4696 ἃν
3742 4640 3922 4696 οὐδενὶ

505 4729 742 4808 χηκέναι
798 4729 1007 4806 καιρὸς,
1074 4728 1218 4803 μηδὲ
1269 4729 1471 4801 ταύτην
1531 4731 1930 4806 παραιτητέον·
1988 4731 2159 4807 κάρτα

501 4821 605 4896 γὰρ
665 4815 974 4896 εὔχρηστος
1021 4819 1157 4896 πρὸ)
1212 4820 1276 4873 τὸ
1332 4824 1633 4893 ναυμαχεῖν
1695 4819 1769 4879 ὡς
1823 4817 1910 4872 ἐπὶ
1959 4819 2158 4894 πέτρας

499 4897 602 4978 τῆς
655 4909 792 4971 νεὼς
850 4907 1040 4982 ἷστόιξσα
1067 4909 1158 4962 τὸν
1192 4906 1427 4978 ὁπλίτην
1485 4904 1840 4980 ἀκράδαντον,
1871 4909 1986 4961 οἷον
2043 4904 2157 4962 ἓτε-

502 5017 595 5074 ρον
649 4993 938 5076 Εὕφημον,
984 4998 1267 5072 πάσχοντα
1324 4993 1492 5070 μηδὲν
1551 4996 1611 5050 ἐκ
1665 5000 1774 5050 τῶν
1827 4993 2156 5070 κλυδασμῶν

509 5083 711 5157 ἀηδές·
775 5085 929 5159 ὅμως
979 5085 1065 5140 τοί
1114 5107 1178 5160 γε
1239 5087 1314 5159 μὴ
1371 5084 1790 5160 πεπειραμένος,
1822 5083 1917 5139 κᾶν
1969 5083 2158 5148 ἄλλως

499 5175 938 5250 ἀκαταγώνιστος
994 5175 1276 5250 μαχητὴς,
1323 5173 1383 5229 ἐκ
1427 5175 1652 5247 πρώτης
1715 5174 2022 5247 ἡττημένος
2073 5175 2159 5229 εὑ-

505 5266 743 5341 ρίσκεται
771 5259 1131 5340 προσϐολῆς·
1191 5262 1252 5317 οὐ
1299 5265 1403 5339 γὰρ
1449 5263 1564 5326 οἷός
1612 5263 1671 5318 τέ
1720 5261 1830 5317 ἐστι
1873 5269 1989 5325 τοῖς
2042 5262 2157 5317 ἐνα-

500 5351 644 5415 λίοις
693 5355 1024 5429 ἀντιμάχοις
1070 5352 1562 5424 ἀντικαθίστασθαι,
1593 5357 1695 5420 τῆς
1748 5354 2008 5427 τριήρους
2061 5373 2155 5406 σα-

501 5439 830 5515 λευομένης,
888 5446 1140 5510 ναυτιῶν,
1199 5438 1548 5515 σκοτοδινῶν,
1602 5442 1696 5502 τὰς
1765 5441 1946 5516 βάσεις
2000 5461 2155 5517 περι-

496 5525 869 5606 τρεπόμενον·
931 5529 1128 5607 ἐξαίρω
1209 5534 1318 5584 τῶν
1396 5529 1697 5600 ’Δθηναίων
1773 5528 1903 5592 τοὺς
1980 5528 2153 5585 πάλαι

2219 4779 2224 4784 .
2267 4727 2644 4808 καταληφθείη
2707 4728 3103 4806 παραδραμὼν,
3139 4729 3253 4786 οὐδ’
3298 4731 3344 4786 εἶ
3393 4737 3552 4800 Ζῆτις
3594 4730 3682 4786 οιαὶ
3714 4730 3920 4793 Κάλαϊς

2271 4818 2630 4895 ἐπετρεχέτην
2685 4820 2766 4874 τὼ
2823 4821 2924 4874 υἱὼ
2974 4819 3173 4897 Βορέου
3219 4841 3299 4875 τω
3346 4820 3648 4894 πτερωτώ·
3711 4819 3918 4874 Λύσιπ-

2266 4928 2370 4968 πος
2399 4907 2515 4962 ὅθεν
2546 4909 2574 4962 6
2607 4909 2908 4970 Σικυώνιος
2937 4911 2968 4962 δ
2994 4929 3046 4962 τι
3077 4910 3209 4963 ποτέ
3240 4909 3379 4963 ἐστιν
3415 4909 3443 4962 ὁ
3486 4907 3687 4984 χρόνος
3735 4908 3924 4970 καλῶς

2269 4991 2766 5075 συμϐολογραφῶν,
2798 4998 2982 5076 γωφὸν
3026 4997 3186 5052 αὐτὸν
3245 4996 3669 5074 ήγαλμάτωσεν,
3705 4997 3927 5062 ὀπισθο-

2269 5084 2546 5164 φάλακρον
2632 5083 2946 5162 πτερόποδά
2993 5107 3071 5159 τε,
3130 5087 3262 5141 κάπὶ
3338 5087 3566 5165 σφαίρας
3628 5082 3925 5162 βεϐηκότα,

2273 5174 2546 5250 μάχαιράν
2603 5195 2712 5229 τινι
2769 5174 2906 5251 πρὸς
2965 5176 3028 5230 τὸ
3089 5175 3314 5230 κατόπιν
3389 5176 3680 5251 ὀρέγοντα·
3745 5173 3930 5244 δηλῶν

2267 5263 2506 5318 ἐντεῦθεν
2561 5263 2638 5326 ὡς
2696 5262 2798 5318 οὐκ
2851 5264 2911 5317 ἃν
2971 5263 3322 5343 έπιστραφείη
3382 5263 3746 5338 καλούμενος,
3785 5262 3928 5320 διότι

2265 5354 2639 5431 κεκώφευκεν·
2693 5349 2817 5407 οὕτε
2842 5373 2924 5414 τις
2953 5352 3113 5409 αὐτὸν
3167 5353 3226 5408 ἐκ
3279 5358 3388 5408 τῶν
3448 5353 3623 5408 ὀπίσω
3678 5373 3924 5429 παρακα-

2265 5442 2460 5519 τάσχοι
2515 5439 2878 5518 δεδραγμένος
2935 5448 3036 5512 τῆς
3089 5442 3305 5516 κόμης·
3337 5444 3398 5498 τὸ
3426 5444 3527 5520 γὰρ
3589 5441 3922 5519 ὀπισθόκρα-

2263 5552 2356 5586 νον
2410 5528 2793 5605 κατεψίλωτο·
2852 5533 2973 5592 πῶς
3033 5527 3091 5585 δὲ
3145 5532 3235 5585 καὶ
3293 5529 3441 5595 ὅλως
3499 5528 3960 5609 παραδραμόνταμ-

567 5712 648 5786 (6)
674 5711 1001 5771 Numarum
1027 5712 1267 5770 navium
1297 5711 1632 5771 Graecarum
1661 5709 1852 5769 habes-
1872 5710 1934 5768 in
1965 5711 2344 5785 metaphrasi.

3982 4829 4034 4898 \
