4154 6434
221 368 336 433 671

216 523 302 566 τις
344 501 742 578 καταλήψαιτο,
780 504 873 562 τὸν
921 505 1257 580 ὀξυκινησίαν
1314 509 1581 581 τοσαύτην
1638 511 1870 588 φέροντα
1900 516 1953 579 Α
1984 508 2255 581 ἐξελόντες

218 593 321 647 κάκ
375 597 481 648 τῶν
540 591 724 649 ποδῶν
785 596 888 651 κάκ
943 604 1043 666 τῆς
1104 598 1349 675 βάσεως;
1411 600 1681 678 ῥομφαίαν
1744 603 1875 656 σπά-

221 702 371 736 σαιτο
430 682 632 757 λύπης,
694 683 833 740 ὥστε
893 687 1061 760 Θυμὸν
1117 688 1374 761 ἀμύσσειν
1430 691 1457 744 6
1512 697 1611 758 τῆς
1674 690 1873 762 ζημίας

220 769 560 843 αἰσθόμενος.
594 768 842 837 ’Δννίϐας
892 776 1155 854 Ἀφρικῆς
1206 779 1297 832 καὶ
1356 777 1649 849 Σικελικῆς
1712 801 1871 855 στρα-

219 865 338 921 τιᾶς
424 861 698 937 ἀρχηγὸς,
787 862 974 934 ἐπειδή
1062 867 1327 939 Ῥωμαῖοι
1414 871 1548 923 κατὰ
1629 867 1869 923 Σικελῶν

221 947 598 1025 ἐξορμήσειαν,
653 954 951 1030 προφθάνει
1003 955 1103 1024 τὴν
1166 954 1382 1033 ἔφοδον,
1442 957 1531 1012 καὶ
1595 959 1691 1020 τὰς
1766 961 1873 1012 τῶν

221 1036 466 1093 Ἀλπίων
503 1039 671 1116 ὀρέων
714 1038 1040 1119 διακαθάρας
1092 1038 1345 1115 ἀϐάτους,
1382 1042 1451 1100 δι’
1506 1046 1679 1101 αὐτῶν
1735 1049 1871 1123 πρὸς

220 1126 450 1183 Ἰταλίαν
507 1137 701 1204 χωρεῖ,
756 1130 846 1186 καὶ
907 1129 1178 1210 διαφόρως
1232 1134 1525 1207 Ῥωμαίοις
1600 1135 1870 1206 ἀντιταξά-

224 1238 402 1289 μενος,
437 1215 711 1297 διαφόρως
740 1220 935 1283 αὐτοὺς
983 1220 1199 1294 ἐκνικᾷ·
1252 1223 1409 1285 τέλος
1456 1223 1577 1278 ὅσον
1636 1224 1753 1279 οἷόν
1814 1246 1873 1279 τε

219 1304 436 1375 πλῆθος
506 1309 786 1383 ἡθροικόσι
866 1308 955 1365 καί
1027 1307 1512 1386 παρεμϐεϐληκόσι
1581 1316 1718 1368 κατὰ
1772 1322 1871 1369 Κα-

221 1393 445 1473 λαυρίαν
476 1396 794 1470 ἐπεισρυεὶς,
829 1400 1049 1454 ἄπιστον
1096 1400 1282 1477 ἐπάγει
1321 1403 1412 1457 τὸν
1464 1400 1688 1478 ὄλεθρον
1712 1425 1723 1437 ·
1779 1401 1868 1458 λέ-

219 1505 370 1559 γεται
428 1487 529 1563 γάρ
577 1486 704 1550 τοὺς
758 1494 865 1543 τῶν
925 1489 1277 1565 ἀνῃρημένων
1339 1489 1661 1554 δακτυλίους
1724 1490 1870 1566 μεδί-

223 1594 380 1645 μνοις
438 1573 893 1652 ἐκμεμετρῆσθαι,
938 1579 1034 1639 τάς
1090 1599 1150 1633 τε
1206 1579 1476 1653 Ῥωμαίας
1533 1580 1592 1634 ἐκ
1648 1580 1867 1635 λειπαν-

219 1659 369 1736 δρίας
451 1659 751 1741 Βαρϐάροις
854 1668 1223 1739 συνῳκηκέναι
1307 1669 1396 1724 καὶ
1483 1667 1866 1741 ἀνδραπόδοις.

218 1751 375 1808 Ἀλλ’
406 1753 724 1817 ὁτοσοῦτος
779 1758 1009 1827 νικητής
1062 1756 1280 1833 ἐπάρσει
1340 1758 1429 1813 καὶ
1474 1763 1653 1837 τρυφῇ
1709 1780 1871 1814 κατα-

1476 376 1906 441 NIGEPHORI
1946 376 2389 443 BLEMMIDAE

3521 385 3642 447 672

2352 508 2561 586 βίϐλωι
2650 512 2714 567 τὸ
2793 510 2985 568 λοιπὸν
3074 517 3175 583 τῆς
3271 513 3635 595 ὑπογραφῆς·

1986 600 2056 654 ἐῶ
2089 602 2192 676 γὰρ
2227 601 2395 657 εἰπεῖν
2429 602 2502 664 ὡς
2548 606 2617 676 τῇ
2669 602 2822 681 φύσει
2879 599 3153 665 πολλάκις
3209 604 3300 659 καὶ
3354 605 3641 681 ἀντιπράτ-

1981 710 2183 759 τουσιν,
2241 692 2530 766 ἀκέστορες
2593 692 2686 765 μὲν
2743 689 3022 764 οὐδαμῶς,
3070 692 3355 768 ἀναιρέταιι
3390 691 3448 748 δὲ
3497 694 3635 768 μᾶλ-

1985 777 2079 834 λον
2115 779 2488 854 εὑρισκόμενοι
2521 780 2610 835 καὶ
2644 779 3020 856 βροτολοιγοί·
3070 780 3198 843 τοὺς
3250 779 3295 835 δ’
3338 781 3639 858 ἐπιστήμο-

1982 888 2074 929 νας
2136 868 2479 941 ἐκμιμεῖσθαι
2536 869 2626 923 καὶ
2681 875 2982 945 νουνεχεῖς,
3016 869 3097 925 δτι
3152 869 3432 934 λυσιτελές
3460 893 3520 926 τε
3546 873 3635 928 καὶ

1980 956 2194 1030 τίμιον·
2256 959 2308 1011 οἱ
2365 959 2455 1013 τὸν
2513 960 2701 1033 καιρὸν
2780 956 2983 1025 εἷδάτες
3067 958 3189 1030 ὀξὺν
3263 962 3399 1033 μετά
3456 964 3636 1033 πάσης

1974 1043 2216 1101 ’ίστανται
2264 1054 2366 1116 τῆς
2413 1046 2725 1121 ἑτοιμασίας
2774 1046 2863 1102 ἐπὶ
2925 1054 3028 1118 τῆς
3093 1048 3391 1127 ἀφετηρίας
3436 1050 3633 1120 αὐτῆςο

1982 1134 2058 1196 ὡς
2108 1134 2158 1189 ἐν
2218 1135 2407 1212 ἀκαρεῖ
2464 1138 2527 1191 τὸ
2583 1134 2753 1213 παρόν
2813 1136 3010 1213 ἀγαθὸν
3068 1134 3410 1211 διασώσειαν,
3441 1139 3637 1195 ἀνακα-

1981 1221 2229 1279 λέσοιντό
2261 1245 2320 1279 τε
2347 1227 2410 1280 τὸ
2455 1226 2530 1298 μή
2583 1226 2781 1302 παρόν·
2835 1225 2897 1280 οὐ
2943 1227 3006 1281 τὸ
3057 1224 3303 1301 εὐκαιρον
3353 1229 3639 1305 παραπέμ-

1980 1334 2195 1382 ποντες,
2230 1312 2355 1368 ἀλλ’
2388 1314 2438 1385 ἐξ
2472 1316 2545 1369 ὧν
2600 1315 2912 1391 ἐργάζοντες
2964 1315 3464 1393 παρακαλούμενοι,
3501 1318 3639 1392 μᾶλ-

1982 1401 2076 1458 λον
2112 1400 2158 1456 δ’
2186 1400 2437 1465 ἕλκοντες
2457 1426 2469 1438 ·
2500 1401 2595 1459 εἶτ’
2625 1404 2941 1482 ἐφεστηκότι
2973 1406 3110 1481 πρὸς
3143 1404 3390 1483 ἐργασίαν
3434 1404 3636 1482 βελτίῳ

1980 1493 2304 1567 χρώμενοι·
2356 1494 2583 1566 πάμπαν
2617 1492 2917 1566 ἀμελλητὶ,
2956 1496 3074 1567 μεθ’
3104 1493 3238 1564 ὅσης
3294 1496 3635 1572 ἠπειγμένης

1982 1582 2160 1657 ὁρμῆς
2195 1581 2317 1637 εἷεν.

2054 1671 2154 1726 IA'.
2192 1670 2566 1733 Δικασπόλους
2598 1668 2655 1727 δὲ
2675 1672 2765 1727 καὶ
2797 1670 3174 1746 ἀγορανόμους
3225 1669 3428 1745 δήμοις
3482 1673 3638 1749 ἐγκα-

1978 1758 2264 1814 ταστατέον
2296 1760 2387 1814 καὶ
2418 1759 2642 1814 πόλεσιν
2672 1760 2779 1836 οὐχ
2808 1761 3031 1830 ἡπάτων
3093 1756 3409 1837 ἀνδρομέων
3469 1761 3638 1841 ἐμφο-

218 1844 538 1915 χαυνωθεὶς,
586 1844 678 1897 καὶ
733 1849 830 1899 τοῦ
886 1844 1045 1909 τέλος
1100 1846 1357 1911 ἐπιθεῖναι
1414 1852 1482 1922 τῇ
1534 1848 1718 1923 πράξει
1776 1848 1867 1903 καὶ
1897 1883 1945 1948 Β
1984 1848 2275 1924 ρουμένους
2333 1849 2409 1911 ὡς
2457 1853 2564 1903 τῶν
2607 1849 2949 1924 Προμηθέως
2997 1848 3246 1925 λέγουσιν
3287 1850 3444 1923 ἐντῷ
3502 1858 3639 1907 Σκυ-

216 1928 636 2005 παραλήψεσθαι
691 1934 790 2003 τήν
823 1935 1043 2007 Ῥώμην
1097 1936 1187 1990 καὶ
1230 1936 1565 2011 κατασκάψαι
1613 1938 1712 2006 τὴν
1748 1934 1865 1991 ἅνε-

217 2039 298 2073 σιν
351 2018 726 2094 ἀνθελόμενος,
788 2020 1006 2097 ὕστερον
1068 2025 1171 2079 ὑπὸ
1230 2025 1555 2095 Σκηπίωνος
1639 2047 1868 2103 στρατη-

216 2112 318 2183 γοῦ
373 2109 657 2181 Ῥωμαίων
706 2108 1065 2169 κατεδιώκετο
1087 2135 1098 2148 ·
1160 2114 1249 2169 καὶ
1282 2116 1455 2191 φυγάς
1485 2117 1583 2185 τὴν
1618 2116 1865 2173 Βιθυνίαν

215 2196 584 2276 κατειληφὼς,
658 2196 989 2277 δηλητηρίῳ
1070 2204 1160 2257 τὸν
1248 2204 1363 2281 βίον
1452 2203 1865 2279 μετήλλαττεν’

216 2283 378 2343 ἄλλοι
416 2309 475 2342 τε
532 2285 719 2350 ἄλλως
769 2295 866 2345 τοῦ
913 2297 1106 2367 καιροῦ
1162 2292 1660 2367 καταμελήσαντες,
1712 2292 1864 2350 ἐδυσ-

215 2375 481 2454 φόρησαν.
515 2377 813 2433 Σπευστέον
857 2380 948 2435 οὗν
978 2381 1069 2435 τὸν
1123 2378 1331 2446 εὔθετον
1380 2383 1633 2459 ἁρπάζειν
1693 2385 1867 2455 ἀπην-

214 2464 422 2535 τηκότα
476 2466 688 2540 καιρὸν,
746 2468 835 2522 καὶ
906 2470 981 2541 μή
1057 2471 1306 2546 προϊέναι
1357 2478 1731 2549 παραχωρεῖν,
1788 2478 1868 2546 τῷ

213 2559 511 2624 τηνικαῦτα
563 2561 741 2626 ζητεῖν
800 2557 1133 2614 συντείνοντα
1187 2560 1275 2615 καὶ
1336 2561 1645 2635 οἰκονομεῖν
1703 2563 1738 2631 ἢ
1788 2567 1868 2634 τῷ

215 2641 573 2717 νωθρεύεσθαί
627 2667 686 2700 τε
739 2647 829 2700 καὶ
887 2643 1306 2723 ἀναϐάλλεσθαι,
1364 2650 1454 2705 καὶ
1512 2651 1689 2728 τύχην
1744 2651 1868 2706 ἀνα-

221 2734 398 2805 μένειν
449 2732 748 2810 αὐτουργὸν
777 2740 883 2790 τῶν
926 2737 1402 2811 ἀποτελεσμάτων,
1434 2738 1559 2796 ἀλλ’
1607 2741 1706 2795 οὐκ
1756 2740 1868 2795 ἐπι-

216 2821 433 2893 στήμην
491 2824 900 2899 κατορθωτικήν
928 2830 1036 2879 τῶν
1082 2826 1375 2901 χρησίμων
1424 2823 1864 2904 προϐάλλεσθαν

216 2910 304 2964 καὶ
360 2906 700 2986 κυϐερνήτης
763 2914 865 2989 γὰρ
925 2914 1143 2991 ἄριστος
1200 2916 1401 2979 ἐκεῖνός
1436 2917 1622 2989 ἐστιν,
1684 2918 1743 2981 ὃς
1805 2917 1868 2972 οὐ

210 3003 391 3061 κακῶς
445 3001 538 3054 τὸν
621 2998 985 3075 διαπλοῖσμὸν
1068 3005 1483 3081 παραπόλλυσιν
1575 3004 1822 3081 εὐκαιρον
1853 3030 1865 3042 ·

214 3089 363 3166 ᾧπερ
397 3087 453 3142 εὖ
495 3084 612 3165 ἔχει
661 3090 728 3145 τά
755 3089 1023 3165 πηδάλια,
1046 3097 1115 3149 τὰ
1173 3094 1332 3167 ίστία,
1363 3096 1432 3150 τά
1487 3095 1745 3171 πρότονα,
1777 3097 1867 3151 καὶ

214 3174 268 3232 εἷ’
289 3199 343 3232 τι
374 3175 516 3232 ἄλλο
545 3179 685 3254 πρὸς
725 3183 1090 3256 καταρτισμὸν
1140 3190 1242 3254 τῆς
1289 3184 1445 3257 νεὼς,
1474 3184 1723 3258 γαλήνης
1778 3182 1867 3240 ού-

1979 1942 2113 2010 θικῷ
2155 1938 2424 2011 Καυκάσῳ
2471 1939 2564 1992 τὸν
2616 1937 2789 2010 ἀετὸν,
2822 1936 3158 2017 κεκλοφότος
3215 1939 3279 1994 τὸ
3305 1944 3445 2015 πῦρ⁶
3489 1939 3637 1997 ἀλλὰ

1975 2028 2075 2096 τὴν
2147 2027 2434 2103 ἀλόγιστον
2518 2027 2806 2100 ἐπιθυμίαν
2882 2026 3261 2100 ἐκκόπτοντας,
3318 2027 3635 2101 πλεονεξίαν

1977 2115 2305 2193 ἐξαίροντας,
2367 2114 2716 2185 δικαιοσύνην
2777 2116 3139 2193 εἰσφέροντας,
3200 2116 3437 2189 εὐταξίαν
3514 2139 3638 2173 παι-

1977 2202 2247 2278 δεύοντας,
2278 2212 2449 2261 πᾶσαν
2511 2207 2712 2261 ἄτοπον
2768 2207 2957 2283 πρᾶξιν
3011 2205 3367 2280 κολάζοντας,
3401 2208 3538 2283 πρὸς
3572 2210 3634 2264 τὸ

1977 2293 2203 2368 ἔννομον
2278 2295 2722 2357 ἀποσκοποῦντας
2787 2295 2877 2350 καὶ
2935 2292 3313 2370 διορθωτικὸν,
3375 2296 3439 2351 οὐ
3493 2299 3632 2372 πρὸς

1975 2383 2281 2460 χρημάτων
2347 2384 2662 2461 παράνομον
2721 2384 3019 2461 ἀθροισμὸν
3068 2385 3159 2439 καὶ
3228 2384 3476 2460 λῃστείαν
3533 2391 3631 2441 τοῦ

1975 2472 2377 2546 πολιτεύματος
2405 2492 2417 2503 ⁶
2479 2472 2674 2549 ἄνδρας
2735 2475 2938 2528 συνέσει
2969 2478 3076 2528 τῶν
3110 2472 3337 2530 πολλῶν
3402 2474 3631 2554 ὑπερφέ-

1978 2583 2195 2638 ροντας·
2254 2562 2316 2616 οὐ
2365 2564 2502 2617 κατὰ
2543 2557 2808 2638 Κόροιϐον
2856 2558 3010 2626 ὄντας
3060 2563 3152 2617 καὶ
3204 2563 3509 2640 Μαργίτην,
3541 2565 3633 2619 καὶ

1976 2650 2310 2722 Μελιτίδην’
2371 2653 2445 2706 ὧν
2506 2652 2534 2705 ὁ
2597 2652 2690 2725 μὲν
2748 2652 2877 2714 τοὺς
2940 2651 3215 2728 ῥηγμῖνας
3276 2657 3631 2728 περινοστῶν,

1976 2740 2200 2817 ἠρίθμει
2258 2742 2325 2796 τά
2382 2739 2618 2812 κύματα,
2678 2740 2769 2795 καὶ
2831 2741 2999 2816 μέχρι
3073 2745 3239 2817 τριῶν
3296 2735 3630 2816 προϐαίνων,

1980 2831 2280 2900 ὑπενόστει,
2336 2830 2580 2905 προϊέναι
2648 2831 2951 2905 περαιτέρω
3012 2830 3087 2903 μή
3147 2829 3434 2905 ἐγνωκώς·
3497 2831 3525 2885 6
3588 2827 3636 2884 δ’

1978 2920 2228 2993 ἐκμαθεῖν
2282 2920 2539 2995 ἀνηρώτα
2567 2918 2652 2981 τίς
2684 2918 2736 2989 ἐξ
2788 2918 2991 2997 ἀμφοῖν
3040 2923 3157 2973 τοῖν
3217 2918 3424 2992 γονέοιν
3486 2918 3637 2994 ἐγκυ-

1982 3012 2225 3083 μονήσας
2256 3008 2414 3064 αὐτὸν
2448 3008 2731 3063 ἀπέτεκενο
2789 3009 2816 3062 6
2858 3005 2905 3062 δ’
2958 3006 3202 3079 ὕστατος,
3237 3006 3298 3061 οὐ
3347 3007 3637 3082 παρθενίαν

1974 3102 2175 3173 τιμῶν,
2208 3097 2317 3174 οὐχ
2349 3098 2587 3174 ἁγνεύειν
2620 3098 3028 3173 προῃρημένος,
3060 3100 3130 3171 τῇ
3182 3100 3393 3172 γαμετῇ
3445 3095 3635 3152 συνελ-

1978 3190 2086 3242 θεῖν
2121 3187 2220 3242 οὐκ
2251 3187 2515 3257 ἐπείθετο,
2543 3183 2773 3241 δεδιέναι
2807 3184 2985 3262 λέγων
3022 3186 3099 3260 μὴ
3130 3187 3266 3261 πρὸς
3308 3192 3411 3255 τῆς
3460 3206 3636 3262 γεινα-

212 3287 334 3338 σης,
367 3251 776 3344 αἰθρίας-οὔσης
807 3291 819 3304 ο
946 3251 1005 3326 τε
1050 3251 1215 3346 νῆψις
1247 3251 1507 3347 ἔμμονος,
1539 3251 1629 3329 καί
1678 3251 1740 3329 τὸ
1772 3273 1867 3349 ἐμ-
1896 3251 1939 3317 CI
1982 3277 2145 3351 μένης
2193 3277 2361 3345 αὐτὴν
2410 3251 2697 3349 ἐγκληθεὶς
2730 3251 2905 3352 ὑφέξεί
2933 3251 3082 3337 δίκας
3110 3251 3212 3343 της
3241 3251 3600 3335 συνελεύσεως
3621 3294 3635 3308 ·

215 3357 478 3431 μέριμνον
512 3352 782 3413 ἄπαυστον
810 3380 823 3393 ’
883 3358 1033 3423 ὅπως
1064 3359 1122 3416 ἂν
1157 3362 1203 3416 εί
1251 3362 1548 3439 προκύψειε
1597 3366 1866 3441 καταιγῖς,

215 3445 261 3500 εί
319 3442 536 3501 κλύδων
598 3445 885 3523 ἐγείροιτο,
918 3451 1247 3527 παραυτόθεν
1302 3452 1715 3524 ἆντικατασταίη
1778 3456 1869 3509 καὶ

216 3533 580 3611 περιγένοιτο,
612 3536 703 3591 καὶ
750 3539 887 3613 πρὸς
933 3538 1170 3614 ἀγαθοὺς
1227 3542 1427 3618 ἀγάγοι
1485 3543 1712 3616 λιμένας
1767 3546 1867 3614 τήν

213 3628 368 3678 ναῦν·
403 3622 435 3678 6'
463 3645 525 3700 γε
559 3626 667 3698 μήν
695 3630 800 3681 τῶν
827 3634 931 3697 τῆς
960 3630 1094 3691 νεὼς
1142 3628 1463 3700 ἐπιτηδείων
1523 3633 1866 3707 καταμελῶν,

214 3713 251 3782 ἢ
277 3713 369 3768 τὸν
400 3720 504 3783 τῆς
534 3713 794 3778 εὐπλοίας
824 3719 1011 3793 καιρὸν
1046 3717 1163 3789 εἰκῆ
1197 3720 1542 3796 προϊέμενος,
1573 3722 1662 3777 καὶ
1722 3722 1869 3786 ὅλως

217 3799 277 3856 ἐκ
307 3801 591 3878 ῥᾳστώνης
625 3804 945 3875 ὑποσκάζων
974 3807 1111 3883 πρὸς
1155 3809 1217 3863 τὸ
1265 3806 1424 3885 ἔργον
1471 3810 1563 3865 καὶ
1614 3809 1868 3882 δυσκινη-

213 3894 346 3961 τῶν,
378 3894 809 3963 καταποντιστὴς
870 3892 1084 3967 μᾶλλον
1124 3896 1159 3966 ἢ
1191 3892 1526 3975 κυϐερνήτης
1573 3899 1720 3955 ἐστί·
1779 3894 1871 3955 καὶ

215 3978 262 4034 εἰ
294 3976 583 4051 διασωθείη
615 3986 712 4037 τοῦ
742 3982 1013 4060 πελάγους
1057 3987 1146 4041 καὶ
1193 3986 1452 4063 κρείττων
1507 3987 1697 4066 ὀφθείη
1760 3994 1867 4051 τῶν

126 4090 127 4093 η
213 4068 471 4142 κυμάτων
529 4073 565 4141 ἡ
623 4076 771 4138 ναῦς,
814 4076 961 4128 τοῦθ’
1020 4075 1098 4137 ὡς
1148 4072 1344 4153 ἔτυχε*
1394 4077 1484 4132 καὶ
1557 4079 1755 4133 τούτου
1815 4075 1873 4132 δὲ

214 4159 278 4213 τὸ
311 4157 366 4213 εὖ
396 4161 431 4230 ἡ
481 4164 579 4215 τοῦ
637 4168 1041 4238 ναυαρχοῦντος
1100 4165 1475 4242 εἰκαιοτροπία
1526 4167 1664 4243 πρὸς
1718 4168 1873 4223 τούν-

216 4248 396 4303 αντίον
457 4250 862 4323 μετεσκεύασεν.
920 4252 993 4307 Οὐ
1050 4255 1162 4330 χρή
1219 4255 1400 4310 τοίνυν
1464 4254 1587 4311 οὐδὲ
1631 4258 1722 4312 τὸν
1784 4257 1875 4334 ἀρ-

217 4338 397 4413 χηγὸν
426 4338 813 4416 ἀπαρασκεύως
862 4338 1006 4417 ἔχειν
1061 4344 1097 4412 ἢ
1146 4342 1434 4420 νωχελῶς,
1467 4343 1614 4401 ἀλλά
1667 4366 1870 4421 κατηρ-

216 4429 471 4501 τισμένον
506 4428 557 4484 ἐν
587 4434 705 4492 τοῖς
759 4428 938 4508 ἔργοις
994 4433 1159 4487 ἅπασι
1213 4441 1314 4503 τῆς
1368 4433 1573 4511 ἀρχῆς,
1606 4434 1748 4491 ὠκὺν
1804 4436 1873 4490 εἶ-

218 4537 327 4588 ναι,
377 4518 581 4587 πτηνὸν
643 4518 803 4589 εἶναι,
853 4519 1067 4598 φθάνειν
1115 4520 1312 4598 ἀερίως
1370 4520 1447 4585 εἷ¹ς
1502 4544 1563 4578 τε
1614 4525 1714 4592 τὴν
1764 4528 1873 4579 τῶν

1978 3362 2098 3420 εὐτε
2158 3366 2265 3439 μὴν
2319 3364 2378 3420 ἐκ
2420 3362 2716 3441 διαμέορου
2770 3365 3031 3437 Κάκκους,
3063 3361 3437 3435 Αὐτολύκους,
3470 3362 3640 3439 Εὐρυ-

1978 3449 2197 3525 ϐάτους,
2232 3452 2296 3508 ἐκ
2321 3457 2428 3508 τῶν
2463 3451 2639 3507 ὀπίσω
2669 3450 3035 3526 ποιουμένους
3068 3451 3119 3506 ἐν
3164 3456 3285 3514 ταῖς
3337 3455 3485 3528 σφῶν
3543 3450 3638 3506 αὐ-

1975 3548 2084 3598 τῶν
2118 3540 2439 3604 καταδύσεις
2467 3543 2566 3611 τήν
2598 3545 2707 3596 τῶν
2755 3539 3196 3614 κλωπευομένων
3251 3542 3403 3609 ζώων
3458 3540 3641 3595 ὑπείσ-

1980 3631 2151 3702 δυσιν,
2200 3631 2338 3686 ὥστε
2388 3629 2565 3686 δοκεῖν
2625 3630 2817 3704 ἐξιέναι
2882 3628 3096 3703 μᾶλλον
3142 3630 3210 3685 τὰ
3266 3628 3633 3704 εἷσαγόμενα’

1984 3719 2464 3798 μεταχρωννύντας
2491 3741 2552 3775 τε
2579 3719 2670 3774 καὶ
2733 3714 3183 3793 μεταμείϐοντας,
3215 3718 3307 3774 καὶ
3363 3718 3640 3783 ποικίλως

1978 3810 2500 3888 παρακρουομένους
2555 3808 2683 3871 τοὺς
2739 3804 2994 3884 ἔχοντας·
3050 3806 3531 3885 ἀναῤῥιχωμένους
3581 3829 3639 3863 τε

1977 3900 2069 3956 καὶ
2122 3894 2641 3976 κρημνοϐατοῦντας
2692 3897 2775 3953 ἐπ’
2824 3892 2978 3972 ὄψεσι
3025 3900 3134 3952 τῶν
3180 3896 3517 3973 τηρούντων,
3549 3895 3639 3952 καὶ

1982 3987 2136 4061 δίκην
2188 3986 2398 4059 ἀέλλης
2449 3985 2957 4065 ἐκδραπετεύοντας,
2990 3984 3444 4051 διαλανθάνοντας
3471 3985 3640 4064 ἀφαν-

1978 4078 2302 4152 τουμένους,
2351 4074 2660 4138 πολυειδῶς
2707 4073 2772 4131 αὖ
2818 4073 3351 4149 ἐξαλλαττομένους·
3411 4075 3488 4137 ὡς
3534 4081 3641 4144 Νη-

1984 4167 2105 4243 ρεύς
2153 4188 2237 4231 τις
2268 4167 2303 4236 ἢ
2337 4167 2743 4243 Περικλύμενος
2771 4165 2808 4235 ἢ
2841 4164 3097 4239 Πρωτεὺς
3129 4165 3158 4219 6
3204 4161 3504 4240 Αἰγύπτιος
3553 4184 3641 4218 σο-

1982 4258 2176 4337 φιστής
2202 4274 2215 4287 ⁶
2266 4256 2329 4311 οὗ
2359 4256 2450 4311 καὶ
2478 4256 2577 4324 τὴν
2605 4256 2741 4332 πρὸς
2772 4250 3046 4330 Αἷίγυπτον
3078 4252 3138 4309 ἐκ
3184 4251 3489 4324 Παλλήνης
3538 4254 3638 4321 τῆς

1983 4352 2254 4421 Θρᾳκικῆς
2275 4343 2720 4416 παλιννόστησιν,
2754 4342 2805 4399 ἐν
2839 4343 3086 4419 χάσμασι
3118 4342 3209 4396 καὶ
3256 4345 3461 4416 μυχοῖς
3513 4341 3643 4396 ὑπο-

1981 4434 2224 4496 ποντίοις
2271 4430 2823 4511 παραδοξοποιοῦσιν,
2876 4431 2952 4493 ὡς
3028 4427 3436 4505 ἀδιάγνωστον·
3494 4428 3643 4484 ἀλΛὰ

1980 4525 2044 4580 τὸ
2071 4519 2258 4595 εὔηθες
2294 4521 2678 4584 ἐκκεκλικότας
2712 4519 2802 4576 καὶ
2860 4519 3102 4595 πονηρὸν
3163 4518 3215 4574 ἐν
3274 4521 3474 4592 ταυτῷ,
3506 4538 3645 4596 φρο-

218 4605 532 4681 προσόντων
586 4606 971 4683 ὑπερμάχησιν
1031 4611 1122 4665 καὶ
1180 4613 1531 4685 συντήρησιν,
1564 4609 1639 4675 εἵς
1669 4634 1728 4668 τε
1772 4614 1871 4682 τὴν
1903 4619 1951 4685 D
1980 4615 2130 4684 νήσει
2173 4613 2544 4685 κεκοσμῆσθαι
2578 4608 2786 4665 δίκαιον
2818 4608 2946 4671 τοὺς
3003 4612 3111 4663 τῶν
3167 4604 3355 4664 ἄλλων
3415 4605 3640 4678 ἐπισκη-

218 4698 324 4749 τῶν
388 4698 464 4768 μή
519 4696 835 4771 προσόντων
890 4700 1060 4774 θήραν
1118 4701 1208 4754 καὶ
1270 4700 1607 4776 πρόσληψιν,
1645 4701 1735 4756 καὶ
1794 4705 1868 4775 μὴ

217 4788 335 4845 τοῖς
398 4788 505 4839 τῶν
592 4783 1014 4855 ’Δσκληπιαδῶν
1098 4786 1391 4862 ἀμεθόδοις
1478 4789 1730 4862 ἐοικέναι,
1783 4792 1874 4845 καὶ

220 4871 656 4949 φρενολήπτοις’
690 4875 764 4929 ὧν
818 4875 870 4930 οἱ
922 4873 1161 4952 δεύτεροι
1217 4879 1334 4932 κατ’
1390 4877 1556 4948 αὐτὴν
1616 4880 1715 4949 τὴν
1774 4886 1874 4949 τῆς

220 4960 459 5035 ἀνάγκης
521 4962 702 5035 ἀκμήν
758 4964 827 5018 τὰ
882 4963 1141 5043 φάρμακα
1188 4967 1505 5042 πορίζεσθαι
1540 4968 1869 5044 βούλονται·

220 5050 311 5105 καὶ
348 5052 423 5122 μὴ
458 5050 791 5125 εὑρίσκοντες
841 5050 995 5125 ἴσως,
1030 5054 1311 5133 ὑφαίνουσι
1348 5054 1556 5133 λήρους
1609 5056 1869 5131 μακροὺς,

220 5136 389 5215 Εἷίπερ
437 5140 504 5208 ἦν
554 5142 691 5213 ἡμῖν
734 5140 854 5196 τοδὶ
903 5143 964 5197 τὸ
1013 5142 1377 5221 ἀλεξιτήριον,
1410 5144 1680 5221 λέγοντες,
1713 5147 1781 5216 ἦν
1814 5146 1872 5201 ἂν

224 5230 359 5301 ἡμῖν
417 5229 675 5303 κάρτιστα
726 5232 861 5306 πρὸς
926 5233 1024 5301 τὴν
1102 5238 1293 5288 νοῦσον
1382 5235 1869 5311 ἀνταγωνίσασθαι·

220 5317 284 5371 τὸ
321 5317 415 5389 μὲν
467 5318 572 5393 γὰρ
633 5315 911 5393 δυνάμεως
963 5322 1115 5385 τοίας
1163 5322 1485 5400 τετύχηκεν,
1518 5326 1552 5394 ἡ
1613 5322 1671 5379 δῖε
1726 5324 1875 5387 τοίας

227 5402 548 5482 δυσκρασίας
655 5406 929 5486 ἐξέθορεν-
1016 5412 1068 5465 οἱ
1160 5411 1348 5468 λοιποὶ
1431 5417 1500 5488 τῇ
1576 5414 1729 5493 φύσει
1812 5415 1875 5469 τὸ

227 5498 331 5547 πᾶν
407 5494 806 5571 ἐπιῤῥιπτοῦσι,
866 5499 1089 5556 ἐτώσιον
1168 5500 1339 5577 ἄχθος
1415 5502 1930 5585 ἐπῖπεφορτισμέ-.

226 5602 309 5669 νοι
362 5587 480 5645 τοῖς
537 5586 869 5658 κάμνουσιν’
905 5588 950 5643 εἰ
1000 5590 1089 5645 καί
1127 5612 1213 5653 τις
1270 5592 1491 5666 αἰτιῷτο
1545 5600 1648 5664 τῆς
1705 5593 1875 5669 ἀπρα-

227 5668 364 5742 ξίας,
424 5673 632 5751 φύσεως
681 5675 812 5732 εἶναί
885 5699 1041 5758 φασιν
1118 5681 1408 5760 ὑπουργοὶ,
1465 5687 1572 5740 τῶν
1659 5668 1875 5740 οἰκείων

1982 4709 2228 4777 πτῆρας⁶
2276 4700 2420 4755 οὕτω
2448 4702 2553 4777 γὰρ
2601 4705 2710 4755 τῶν
2751 4705 2856 4769 τῆς
2905 4696 3214 4775 ἀφροσύνης
3262 4692 3432 4773 ἔργων
3476 4695 3642 4752 ἐλαυ-

1947 4781 2248 4864 ’νομένων,
2310 4788 2575 4862 εὐκοσμία
2650 4792 2730 4860 τῷ
2806 4785 3010 4859 πλήθει
3076 4784 3326 4861 προσείη,
3367 4784 3457 4840 καὶ
3515 4783 3641 4856 δόξα

1989 4878 2219 4955 μεγίστη
2262 4883 2341 4951 τῷ
2386 4876 2639 4933 τοιούτου
2689 4874 2825 4931 λαοῦ
2877 4872 3217 4952 βασιλεύοντι
3245 4891 3258 4905 ’
3315 4873 3597 4936 τοιούτους
3623 4894 3637 4907 ’

1986 4969 2121 5024 εἶναι
2177 4969 2443 5044 προσήκει
2501 4965 2630 5028 τοὺς
2685 4964 2965 5035 διαιτητὰς
3022 4963 3112 5019 καὶ
3187 4963 3317 5025 τοὺς
3386 4962 3639 5042 ἐφόρους,

1986 5059 2100 5120 οἶος
2160 5057 2189 5110 ὁ
2242 5056 2423 5133 ’Δραψ
2500 5055 2745 5125 Γουνεὺς,
2802 5051 3047 5131 Κέφαλος
3103 5052 3131 5107 6
3179 5052 3232 5123 ἐξ
3276 5051 3497 5107 Ἰταλῶν
3564 5050 3640 5113 εἷς

1985 5147 2212 5216 Ἀθήνας
2271 5144 2789 5223 πολιτογραφηθεὶς,
2839 5139 3198 5220 Ἀριστείδης,
3251 5142 3342 5197 καὶ
3393 5143 3638 5218 Ἀριστο-

1988 5241 2125 5314 φῶν,
2161 5235 2464 5305 Ἀθηναίων
2498 5234 2794 5310 ἰθαγενεῖς·
2843 5231 3071 5293 Γουνεὺς
3106 5231 3202 5305 μὲν
3248 5231 3350 5308 γὰρ
3401 5229 3640 5304 ἐννομώ-

1983 5347 2142 5387 τατος
2199 5323 2272 5380 ὢν
2330 5322 2585 5393 δικαστὴς
2640 5322 2731 5379 καὶ
2786 5320 3100 5392 πλεονεξίαν
3172 5324 3345 5375 πᾶσαν
3402 5320 3637 5377 ἀποστυ-

1984 5419 2116 5490 γῶν,
2146 5413 2236 5469 καὶ
2288 5412 2417 5476 τοὺς
2468 5415 2817 5490 ἁρπακτῆρας
2875 5410 3145 5486 αἰσχύνων
3196 5410 3636 5485 τιμωρούμενος,

1985 5501 2171 5575 ἐπειδή
2233 5523 2365 5559 ποτε
2416 5497 2757 5558 Βαϐυλώνιοι
2806 5498 2896 5556 καὶ
2969 5499 3217 5562 Φοίνικες
3274 5498 3634 5571 στασιάσειαν,

1983 5590 2107 5663 ἥκει
2153 5593 2289 5669 πρὸς
2343 5590 2539 5653 αὐτοὺς
2592 5589 2947 5668 ἐγκέλευστος
2996 5589 3101 5644 ὑπὸ
3144 5585 3552 5665 Σεμιράμιδος⁶
3604 5590 3633 5644 6

1985 5680 2044 5739 δὲ
2093 5680 2212 5740 λύει
2260 5682 2361 5752 τὴν
2411 5683 2592 5737 στάσιν
2642 5678 2849 5760 ὀφθεὶς,
2894 5678 2986 5735 καὶ
3040 5676 3510 5737 ἇποκαταλλάττει
3566 5679 3634 5734 τὰ
