4154 6428
176 351 178 356 ’
267 347 384 409 675
1525 342 1953 408 NICEPHORI
1999 345 2440 408 BLEMMIDxE
3563 355 3686 416 676

515 637 1920 810 ΝΙΚΗΦΟΡΟΥ
2037 640 3439 814 ΒΛΕΜΜΙΔΟΥ

871 935 2037 1065 ΕΙΣΑΓΩΓΙΚΗΣ
2139 939 3078 1068 ΕΠΙΤΟΜΗΣ

1750 1178 2065 1237 ΒΙΒΛΙΟΝ
2115 1152 2185 1238 A'.

692 1311 3242 1607 EHITOMH—AOPIKHX.

545 1687 3382 1950 NICEPHOBI—BLEMMID/E

1030 2038 1860 2138 EPITOMES
1969 2041 2894 2137 ISAGOGICzE

1446 2215 1841 2300 LIBER
1940 2216 2480 2303 PRIMUS.

868 2371 3036 2714 EPITOMELOGICA.

565 2815 1288 2920 JOANNIS
1380 2819 2256 2920 WEGELINI
2344 2817 3335 2920 AUGUSTANI

1437 3016 1818 3078 EPISTULA
1864 3016 2480 3079 NUNCUPATOBIA

268 479 2720 510 Μ

854 3173 1072 3235 Τρωιω·
1096 3173 1320 3252 Graeco,
1355 3195 1510 3236 anno
1543 3177 1696 3238 1605
1729 3177 2008 3255 Augusta
2056 3175 2488 3238 Vz'ndeh'corum
2514 3174 2688 3249 edito,
2719 3176 3046 3255 praemissa.

323 3335 724 3398 Nobilissimo
767 3341 830 3394 et
870 3335 1258 3414 amplissimo
1302 3336 1457 3410 viro,
1503 3337 1759 3414 pietate,
1809 3336 2144 3415 prudentia
2188 3341 2248 3395 et
2291 3335 2580 3396 doctrina
2621 3335 3101 3414 spectatissimo,
3147 3338 3221 3396 D.
3258 3337 3651 3398 WOLFCANGO

244 3421 382 3479 Duo
425 3418 491 3476 in
540 3415 824 3475 Hammel
865 3423 929 3475 et
969 3415 1306 3490 Ainhofeu,
1352 3417 1680 3495 reipublic.
1726 3420 2110 3494 Augustanae
2175 3417 2430 3494 patritio
2492 3422 2555 3476 et
2614 3416 2911 3489 senatori,
2979 3434 3052 3477 ac
3094 3417 3371 3477 ecclesiae
3414 3417 3651 3479 ibidem

241 3496 622 3575 evangelicae
667 3495 964 3570 curatori,
1013 3497 1283 3576 novique
1325 3498 2129 3575 collegiiadministratori,
2177 3497 2444 3557 Domino
2507 3515 2621 3556 suo
2683 3496 3026 3575 plurimum
3069 3496 3465 3574 honorando,
3512 3517 3653 3577 gra-

248 3580 403 3639 tiam
450 3595 488 3637 a
528 3577 681 3636 Deo.
2851 3623 2857 3628 _

327 3657 636 3719 Omnibus
679 3655 1041 3737 hominibus
1101 3675 1257 3737 sana
1329 3663 1535 3717 mente
1598 3657 1899 3737 praeditis,
1961 3655 2348 3716 nobilissime
2409 3661 2472 3716 et
2531 3654 2916 3737 amplissime
2977 3657 3094 3727 vir,
3159 3656 3413 3717 domine
3456 3656 3654 3736 pluri-

251 3757 426 3798 mum
472 3735 866 3807 honorande,
911 3738 975 3796 in
1023 3735 1223 3816 primo
1267 3745 1409 3797 ortu
1452 3735 1712 3798 insitum
1776 3743 1868 3797 est
1929 3755 1968 3796 a
2029 3737 2354 3797 conditore
2413 3738 2541 3796 Deo
2604 3735 2846 3814 optimo
2912 3737 3186 3796 maximo
3232 3745 3301 3798 ut
3344 3735 3476 3797 non
3513 3742 3656 3798 tan-

250 3825 385 3878 tum
428 3835 612 3878 voces
653 3817 968 3896 simplices
1026 3836 1138 3896 pro
1201 3836 1409 3878 rerum
1475 3818 1970 3897 signiﬁcatarum
2032 3824 2262 3877 natura
2305 3835 2350 3897 a7
2404 3835 2469 3877 se
2529 3816 2797 3876 invicem
2860 3816 3234 3890 discernere,
3299 3817 3657 3878 deﬁniendo

244 3897 588 3969 declarare,
637 3897 974 3958 dividendo
1017 3897 1331 3977 explicare
1375 3918 1389 3973 ;
1453 3896 1561 3958 sed
1612 3900 1800 3959 etiam
1863 3899 2027 3957 inter
2087 3915 2152 3957 se
2216 3896 2601 3975 conjungere
2661 3897 3038 3958 afﬁrmando
3093 3904 3154 3958 et
3197 3917 3234 3958 a
3277 3917 3343 3958 se
3382 3898 3654 3959 invicem

245 3979 608 4058 disjungere
654 3978 956 4058 negando
1007 3995 1020 4050 ;
1085 3984 1218 4038 tum
1264 3979 1344 4038 ab
1408 3997 1535 4038 una
1597 3978 2028 4038 enuntiatione
2091 3978 2169 4037 ad
2232 3978 2419 4036 aliam
2469 3977 2916 4058 ratiocinando
2983 3978 3298 4056 progredi,
3362 3986 3424 4039 et
3489 3980 3656 4039 ultro

245 4057 531 4138 citroque
573 4057 769 4118 veluti
831 4059 1201 4130 discurrere,
1267 4059 1666 4138 syllogismos
1736 4065 1799 4119 et
1842 4060 1998 4118 alias
2058 4057 2678 4136 argumentationum
2743 4059 2978 4117 formas
3040 4059 3350 4118 conﬁcere
3407 4076 3481 4118 ac
3543 4059 3654 4119 de-

244 4137 446 4218 nique
508 4139 624 4198 has
681 4139 761 4197 ad
818 4139 1012 4198 totius
1072 4137 1340 4217 alicujus
1397 4139 1753 4217 systematis
1815 4140 1944 4198 sive
2005 4140 2286 4217 corporis
2347 4137 2880 4198 constructionem
2952 4145 3125 4198 certa
3197 4138 3473 4216 quadam
3532 4157 3657 4200 me-

247 4219 829 4302 thododispone‘re
879 4225 942 4280 et
999 4226 1442 4302 coagmentare
1509 4221 1771 4302 possint.
1819 4222 1969 4290 Quae
2030 4219 2338 4302 naturalis
2386 4226 2481 4278 est
2522 4218 3063 4302 logica_omnibus
3106 4218 3469 4280 hominibus
3512 4237 3653 4302 cum

245 4299 509 4359 rationis
569 4298 873 4358 beneﬁcio
937 4301 1337 4372 communis;
1404 4318 1531 4378 qua
1591 4298 1781 4360 etiam
1845 4318 1883 4359 a
1942 4316 2007 4358 se
2067 4299 2335 4359 invicem
2396 4305 2642 4358 tantum
2704 4298 3028 4371 differunt,
3073 4306 3384 4378 quantum
3430 4300 3658 4360 mentis

247 4380 556 4451 acumine,
626 4379 1072 4458 perspicientia
1151 4386 1214 4440 et
1275 4381 1620 4456 sagacitate
1693 4379 1800 4438 alii
1869 4378 2009 4439 aliis
2079 4379 2487 4440 antecellunt.
2561 4381 2792 4440 Verum
2865 4379 3187 4440 enimvero
3259 4399 3399 4440 cum
3473 4380 3656 4458 lapsu

245 4461 780 4539 protoplastorum
841 4459 952 4519 illa
1003 4461 1232 4520 mentis
1293 4466 1629 4520 concreata
1692 4459 2041 4519 acrimonia
2084 4466 2145 4520 et
2188 4459 2659 4538 perspicacitas,
2705 4459 2992 4519 celeritas
3035 4465 3098 4519 et
3144 4460 3484 4521 dexteritas
3529 4479 3657 4522 non

243 4548 492 4600 tantum
537 4540 600 4598 in
647 4539 832 4599 rebus
875 4539 1309 4618 spiritualibus
1364 4541 1575 4617 quoad
1644 4558 1861 4599 verum
1926 4545 1988 4599 et
2047 4541 2390 4600 salutarem
2436 4540 2545 4600 Dei
2608 4547 2671 4599 et
2714 4541 3156 4618 mysteriorum
3201 4541 3397 4618 ipsius
3441 4540 3658 4617 cogni-

242 4621 479 4687 tionem
552 4637 810 4698 prorsus
871 4623 952 4679 sit
1012 4621 1264 4692 amissa,
1325 4621 1434 4680 sed
1497 4621 1685 4680 etiam
1749 4621 1814 4679 in
1876 4621 2270 4680 naturalibus
2329 4627 2392 4680 et
2453 4620 2740 4679 civilibus
2799 4621 3067 4680 multum
3135 4621 3537 4693 labefactata,
3589 4632 3661 4681 ut

237 4702 373 4778 jam
449 4699 767 4781 homines
809 4699 1039 4778 partim
1113 4700 1667 4781 apprehendendo,
1743 4699 2099 4781 deﬁniendo
2169 4708 2232 4761 et
2301 4699 2636 4781 dividendo
2707 4700 3038 4779 simplicia,
3118 4702 3347 4780 partim
3392 4701 3657 4780 conjun-

241 4781 452 4859 gendo
523 4786 586 4840 et
657 4779 1073 4858 disjungendo
1145 4779 1386 4852 eadem,
1463 4781 1690 4859 partim
1765 4780 2200 4841 ratiocinando
2271 4789 2334 4841 et
2401 4780 2847 4853 discurrendo,
2920 4779 3151 4860 partim
3223 4779 3655 4842 connectendo

243 4868 305 4920 et
375 4861 992 4941 disponendoisaape
1052 4867 1115 4922 et
1176 4861 1388 4921 multis
1453 4861 1654 4920 modis
1715 4861 2064 4922 aberrent:
2132 4861 2279 4921 hinc
2339 4861 2499 4922 adeo
2560 4860 2819 4939 quidam
2881 4862 3021 4922 aliis
3077 4861 3534 4941 ingeniosiores
3595 4866 3658 4922 et

246 4940 738 5022 perspicaciores
791 4940 982 5020 longo
1045 4961 1159 5002 usu
1224 4947 1285 5003 et
1340 4941 1778 5022 observatione
1810 4959 1978 5022 cum
2041 4942 2298 5021 pr0pria
2358 4947 2494 5001 tum
2558 4941 2825 5001 aliorum
2863 4949 3086 5022 ‘certas
3153 4940 3459 5022 quasdam
3503 4941 3652 5002 sim-

294 5021 506 5101 licium
567 5039 792 5081 vocum
855 5023 1083 5082 classes
1144 5028 1207 5082 et
1267 5021 1630 5082 earumdem
1692 5021 1930 5100 logicas
1989 5020 2423 5082 distinctiones
2485 5022 2665 5100 (quas
2711 5020 3201 5100 praedicamenta
3242 5029 3305 5085 et
3349 5022 3654 5101 praedica-

246 5041 506 5159 pucmm
567 5041 792 5081 vocum
855 5041 1083 5082 classes
1144 5041 1207 5082 et
1267 5041 1630 5082 earumdem
1692 5041 1930 5100 logicas
1989 5041 2423 5082 uisuncuones
2485 5041 2665 5100 «quas
2711 5041 3201 5100 prwulcamenta
3242 5041 3305 5085 et
3349 5041 3653 5101 praedica-

291 5100 399 5160 ilia
468 5101 1253 5182 vocant)ﬂdeﬁnitionum,
1329 5101 1779 5182 divisionum,
1823 5103 2329 5182 propositionum
2401 5107 2489 5182 eti
2532 5101 3083 5181 praedicationum,
3156 5112 3289 5164 tum
3362 5102 3653 5182 syllogis-

245 5199 493 5240 morum
561 5198 634 5240 ac
695 5181 960 5264 aliarum
1028 5183 1647 5264 argumentationum
1711 5181 2266 5244 adbtec’locorum
2325 5181 2529 5264 omnis
2591 5182 2837 5264 generis
2898 5189 2961 5243 et
3003 5183 3276 5264 denique
3302 5181 3655 5264 _methodo-

244 5279 382 5320 rum
427 5279 683 5337 genera,
730 5263 987 5334 formas,
1034 5261 1418 5323 differentias
1481 5266 1916 5340 exceptarunt,
1982 5265 2292 5341 certisque
2353 5261 2597 5340 legibus
2655 5263 3101 5323 astrinxerant.
3169 5261 3244 5325 Et
3300 5262 3439 5323 haec
3500 5261 3655 5324 arti-

242 5341 465 5423 ﬁcialis
512 5341 1008 5423 Iogicagdicitur,
1055 5343 1224 5422 quod
1270 5342 1455 5403 certis
1499 5341 1874 5420 quibusdam
1925 5345 2250 5423 praeceptis
2291 5343 2369 5403 ad
2416 5360 2612 5402 unum
2659 5343 2847 5402 finem
2906 5343 3186 5406 humano
3249 5343 3465 5423 generi
3524 5343 3652 5403 uti-

243 5422 366 5481 lem
425 5421 872 5503 _spectantibus
940 5425 1004 5483 in
1078 5421 1345 5484 l‘ormam
1414 5425 1568 5482 artis
1637 5423 1891 5483 redacta
1951 5425 2052 5484 sit.
2125 5421 2500 5503 Quanquam
2567 5429 2782 5503 autem
2853 5423 3050 5501 aliqui
3122 5421 3312 5486 etiam
3355 5424 3488 5484 sine
3532 5424 3651 5484 hac

245 5508 380 5584 arte
424 5501 630 5584 logica
692 5503 920 5584 eruditi
982 5509 1045 5564 et
1101 5505 1163 5564 in
1228 5522 1342 5584 sua
1403 5504 1702 5584 facultate
1763 5510 2136 5582 praestantes
2197 5501 2836 5584 viri‘reperianturiz
2904 5503 2998 5564 illi
3067 5509 3281 5566 tamen
3345 5503 3658 5584 quidquid

248 5581 486 5662 habent
536 5582 871 5662 doctrinae,
935 5584 1270 5662 singularis
1328 5583 1565 5660 ingenii
1624 5581 1930 5645 beneﬂcio
2000 5585 2320 5647 consecuti
2396 5581 2600 5644 sunt:
2667 5583 2854 5662 quale
2913 5601 3056 5645 cum
3119 5581 3414 5647 omnibus
3475 5581 3654 5646 haud

245 5661 603 5742 contigerit,
649 5663 890 5725 caeteris
949 5661 1085 5726 haec
1125 5683 1228 5726 ars
1268 5663 1476 5744 logica
1534 5663 1834 5728 discenda
1875 5671 1938 5728 et
1980 5665 2354 5740 exercenda,
2399 5682 2473 5726 ac
2514 5665 2605 5726 ita
2644 5661 2874 5726 natura
2915 5665 3281 5746 adjuvanda
3320 5671 3440 5729 est.
3488 5667 3647 5729 Cum
