  <div class='ocr_page' id='page_1' title='image "/cluster/home/n/w/nwhite01/storage/ocr_20150623/142/coo.31924054870476/346.png"; bbox 0 0 4154 6430; ppageno 0'>
   <div class='ocr_carea' id='block_1_1' title="bbox 442 372 3853 438">
    <p class='ocr_par' dir='ltr' id='par_1_1' title="bbox 442 372 3853 438">
     <span class='ocr_line' id='line_1_1' title="bbox 442 372 3853 438; baseline 0.001 -2"><span class='ocrx_word' id='word_1_1' title='bbox 442 377 562 436; x_wconf 80' lang='lat'><strong>677</strong></span> <span class='ocrx_word' id='word_1_2' title='bbox 1145 373 1494 437; x_wconf 90' lang='lat' dir='ltr'><strong>EPITOME</strong></span> <span class='ocrx_word' id='word_1_3' title='bbox 1538 375 1847 437; x_wconf 84' lang='lat' dir='ltr'><strong>LOGIGA.</strong></span> <span class='ocrx_word' id='word_1_4' title='bbox 1880 406 1960 420; x_wconf 92' lang='lat'><strong>-—</strong></span> <span class='ocrx_word' id='word_1_5' title='bbox 1987 373 2209 436; x_wconf 83' lang='lat' dir='ltr'><strong>JOAN.</strong></span> <span class='ocrx_word' id='word_1_6' title='bbox 2256 372 2649 436; x_wconf 80' lang='lat' dir='ltr'><strong>WEGELINI</strong></span> <span class='ocrx_word' id='word_1_7' title='bbox 2697 373 3144 437; x_wconf 66' lang='lat' dir='ltr'><strong>PREFATIO.</strong></span> <span class='ocrx_word' id='word_1_8' title='bbox 3735 376 3853 438; x_wconf 83' lang='lat'><strong>678</strong></span> 
     </span>
    </p>
   </div>
   <div class='ocr_carea' id='block_1_2' title="bbox 447 505 3851 587">
    <p class='ocr_par' dir='ltr' id='par_1_2' title="bbox 447 505 3851 587">
     <span class='ocr_line' id='line_1_2' title="bbox 447 505 3851 587; baseline 0 -18"><span class='ocrx_word' id='word_1_9' title='bbox 447 506 762 587; x_wconf 85' lang='lat' dir='ltr'><strong>imprimis</strong></span> <span class='ocrx_word' id='word_1_10' title='bbox 817 506 926 587; x_wconf 85' lang='lat' dir='ltr'><strong>illi</strong></span> <span class='ocrx_word' id='word_1_11' title='bbox 970 506 1079 586; x_wconf 85' lang='lat' dir='ltr'><strong>qui</strong></span> <span class='ocrx_word' id='word_1_12' title='bbox 1137 525 1236 568; x_wconf 91' lang='lat' dir='ltr'><strong>res</strong></span> <span class='ocrx_word' id='word_1_13' title='bbox 1291 508 1424 568; x_wconf 85' lang='lat' dir='ltr'><strong>sine</strong></span> <span class='ocrx_word' id='word_1_14' title='bbox 1482 508 1689 587; x_wconf 88' lang='lat' dir='ltr'><strong>logica</strong></span> <span class='ocrx_word' id='word_1_15' title='bbox 1747 507 1974 576; x_wconf 86' lang='lat' dir='ltr'><strong>sciunt,</strong></span> <span class='ocrx_word' id='word_1_16' title='bbox 2042 511 2111 568; x_wconf 90' lang='lat' dir='ltr'><strong>ut</strong></span> <span class='ocrx_word' id='word_1_17' title='bbox 2152 505 2494 585; x_wconf 89' lang='lat' dir='ltr'><strong>plurimum</strong></span> <span class='ocrx_word' id='word_1_18' title='bbox 2549 506 2628 566; x_wconf 94' lang='lat' dir='ltr'><strong>de</strong></span> <span class='ocrx_word' id='word_1_19' title='bbox 2689 505 2811 566; x_wconf 85' lang='lat' dir='ltr'><strong>illis</strong></span> <span class='ocrx_word' id='word_1_20' title='bbox 2871 507 3181 568; x_wconf 74' lang='lat' dir='ltr'><strong>duntaxat</strong></span> <span class='ocrx_word' id='word_1_21' title='bbox 3240 509 3496 568; x_wconf 86' lang='lat' dir='ltr'><strong>confuse</strong></span> <span class='ocrx_word' id='word_1_22' title='bbox 3548 509 3718 587; x_wconf 91' lang='lat' dir='ltr'><strong>quod</strong></span> <span class='ocrx_word' id='word_1_23' title='bbox 3763 510 3851 572; x_wconf 79' lang='lat' dir='ltr'><strong>ita</strong></span> 
     </span>
    </p>
   </div>
   <div class='ocr_carea' id='block_1_3' title="bbox 447 586 3848 668">
    <p class='ocr_par' dir='ltr' id='par_1_3' title="bbox 447 586 3848 668">
     <span class='ocr_line' id='line_1_3' title="bbox 447 586 3848 668; baseline 0.001 -19"><span class='ocrx_word' id='word_1_24' title='bbox 447 586 596 664; x_wconf 80' lang='lat' dir='ltr'><strong>sint,</strong></span> <span class='ocrx_word' id='word_1_25' title='bbox 659 606 788 648; x_wconf 92' lang='lat' dir='ltr'><strong>non</strong></span> <span class='ocrx_word' id='word_1_26' title='bbox 851 586 1040 648; x_wconf 91' lang='lat' dir='ltr'><strong>etiam</strong></span> <span class='ocrx_word' id='word_1_27' title='bbox 1103 587 1392 648; x_wconf 84' lang='lat' dir='ltr'><strong>distincte</strong></span> <span class='ocrx_word' id='word_1_28' title='bbox 1453 586 1572 648; x_wconf 85' lang='lat' dir='ltr'><strong>cur</strong></span> <span class='ocrx_word' id='word_1_29' title='bbox 1623 589 1711 648; x_wconf 93' lang='lat' dir='ltr'><strong>ita</strong></span> <span class='ocrx_word' id='word_1_30' title='bbox 1769 589 1893 649; x_wconf 90' lang='lat' dir='ltr'><strong>sint</strong></span> <span class='ocrx_word' id='word_1_31' title='bbox 1953 587 2276 666; x_wconf 89' lang='lat' dir='ltr'><strong>cognitum</strong></span> <span class='ocrx_word' id='word_1_32' title='bbox 2320 588 2665 668; x_wconf 76' lang='lat' dir='ltr'><strong>habeant;</strong></span> <span class='ocrx_word' id='word_1_33' title='bbox 2721 592 2814 668; x_wconf 11' lang='lat' dir='ltr'><strong>et,</strong></span> <span class='ocrx_word' id='word_1_34' title='bbox 2852 587 3116 665; x_wconf 83' lang='lat' dir='ltr'><strong>proinde</strong></span> <span class='ocrx_word' id='word_1_35' title='bbox 3158 588 3222 646; x_wconf 90' lang='lat' dir='ltr'><strong>in</strong></span> <span class='ocrx_word' id='word_1_36' title='bbox 3267 607 3380 648; x_wconf 88' lang='lat' dir='ltr'><strong>sua</strong></span> <span class='ocrx_word' id='word_1_37' title='bbox 3421 586 3848 668; x_wconf 86' lang='lat' dir='ltr'><strong>qualicunque</strong></span> 
     </span>
    </p>
   </div>
   <div class='ocr_carea' id='block_1_4' title="bbox 451 667 3851 748">
    <p class='ocr_par' dir='ltr' id='par_1_4' title="bbox 451 667 3851 748">
     <span class='ocr_line' id='line_1_4' title="bbox 451 667 3851 748; baseline 0 -18"><span class='ocrx_word' id='word_1_38' title='bbox 451 669 714 730; x_wconf 91' lang='lat' dir='ltr'><strong>scientia</strong></span> <span class='ocrx_word' id='word_1_39' title='bbox 765 686 1198 745; x_wconf 87' lang='lat' dir='ltr'><strong>sapenumero</strong></span> <span class='ocrx_word' id='word_1_40' title='bbox 1260 668 1692 730; x_wconf 85' lang='lat' dir='ltr'><strong>inconstantes</strong></span> <span class='ocrx_word' id='word_1_41' title='bbox 1754 670 1898 740; x_wconf 89' lang='lat' dir='ltr'><strong>sint,</strong></span> <span class='ocrx_word' id='word_1_42' title='bbox 1965 674 2028 727; x_wconf 91' lang='lat' dir='ltr'><strong>et</strong></span> <span class='ocrx_word' id='word_1_43' title='bbox 2087 668 2254 727; x_wconf 88' lang='lat' dir='ltr'><strong>facili</strong></span> <span class='ocrx_word' id='word_1_44' title='bbox 2290 667 2532 748; x_wconf 83' lang='lat' dir='ltr'><strong>labore</strong></span> <span class='ocrx_word' id='word_1_45' title='bbox 2592 667 2674 727; x_wconf 89' lang='lat' dir='ltr'><strong>ad</strong></span> <span class='ocrx_word' id='word_1_46' title='bbox 2737 667 2892 728; x_wconf 88' lang='lat' dir='ltr'><strong>alias</strong></span> <span class='ocrx_word' id='word_1_47' title='bbox 2945 667 3274 746; x_wconf 89' lang='lat' dir='ltr'><strong>opiniones</strong></span> <span class='ocrx_word' id='word_1_48' title='bbox 3318 669 3544 729; x_wconf 88' lang='lat' dir='ltr'><strong>adduci</strong></span> <span class='ocrx_word' id='word_1_49' title='bbox 3588 667 3851 748; x_wconf 78' lang='lat' dir='ltr'><strong>queant.</strong></span> 
     </span>
    </p>
   </div>
   <div class='ocr_carea' id='block_1_5' title="bbox 455 747 3854 828">
    <p class='ocr_par' dir='ltr' id='par_1_5' title="bbox 455 747 3854 828">
     <span class='ocr_line' id='line_1_5' title="bbox 455 747 3854 828; baseline 0.001 -20"><span class='ocrx_word' id='word_1_50' title='bbox 455 749 616 822; x_wconf 90' lang='lat' dir='ltr'><strong>Quin</strong></span> <span class='ocrx_word' id='word_1_51' title='bbox 679 753 743 809; x_wconf 93' lang='lat' dir='ltr'><strong>et</strong></span> <span class='ocrx_word' id='word_1_52' title='bbox 804 749 924 809; x_wconf 92' lang='lat' dir='ltr'><strong>hoc</strong></span> <span class='ocrx_word' id='word_1_53' title='bbox 979 749 1188 827; x_wconf 87' lang='lat' dir='ltr'><strong>ipsum</strong></span> <span class='ocrx_word' id='word_1_54' title='bbox 1253 750 1514 822; x_wconf 87' lang='lat' dir='ltr'><strong>scilicet,</strong></span> <span class='ocrx_word' id='word_1_55' title='bbox 1580 749 1748 828; x_wconf 87' lang='lat' dir='ltr'><strong>quod</strong></span> <span class='ocrx_word' id='word_1_56' title='bbox 1813 751 2014 810; x_wconf 86' lang='lat' dir='ltr'><strong>sciant</strong></span> <span class='ocrx_word' id='word_1_57' title='bbox 2068 747 2328 827; x_wconf 89' lang='lat' dir='ltr'><strong>aliquid,</strong></span> <span class='ocrx_word' id='word_1_58' title='bbox 2392 752 2548 808; x_wconf 87' lang='lat' dir='ltr'><strong>scire</strong></span> <span class='ocrx_word' id='word_1_59' title='bbox 2621 767 2748 808; x_wconf 89' lang='lat' dir='ltr'><strong>non</strong></span> <span class='ocrx_word' id='word_1_60' title='bbox 2793 754 3054 826; x_wconf 91' lang='lat' dir='ltr'><strong>possunt</strong></span> <span class='ocrx_word' id='word_1_61' title='bbox 3097 748 3230 808; x_wconf 88' lang='lat' dir='ltr'><strong>sine</strong></span> <span class='ocrx_word' id='word_1_62' title='bbox 3272 749 3501 827; x_wconf 89' lang='lat' dir='ltr'><strong>logica,</strong></span> <span class='ocrx_word' id='word_1_63' title='bbox 3549 747 3677 827; x_wconf 82' lang='lat' dir='ltr'><strong>qua</strong></span> <span class='ocrx_word' id='word_1_64' title='bbox 3719 753 3854 811; x_wconf 89' lang='lat' dir='ltr'><strong>sola</strong></span> 
     </span>
    </p>
   </div>
   <div class='ocr_carea' id='block_1_6' title="bbox 451 828 3849 909">
    <p class='ocr_par' dir='ltr' id='par_1_6' title="bbox 451 828 3849 909">
     <span class='ocr_line' id='line_1_6' title="bbox 451 828 3849 909; baseline 0 -19"><span class='ocrx_word' id='word_1_65' title='bbox 451 848 566 909; x_wconf 93' lang='lat' dir='ltr'><strong>per</strong></span> <span class='ocrx_word' id='word_1_66' title='bbox 608 829 1013 889; x_wconf 76' lang='lat' dir='ltr'><strong>reflexionem</strong></span> <span class='ocrx_word' id='word_1_67' title='bbox 1070 831 1410 907; x_wconf 87' lang='lat' dir='ltr'><strong>quamdam</strong></span> <span class='ocrx_word' id='word_1_68' title='bbox 1470 832 1696 890; x_wconf 90' lang='lat' dir='ltr'><strong>mentis</strong></span> <span class='ocrx_word' id='word_1_69' title='bbox 1756 830 1837 889; x_wconf 90' lang='lat' dir='ltr'><strong>ad</strong></span> <span class='ocrx_word' id='word_1_70' title='bbox 1895 847 2149 888; x_wconf 89' lang='lat' dir='ltr'><strong>normas</strong></span> <span class='ocrx_word' id='word_1_71' title='bbox 2211 829 2447 906; x_wconf 89' lang='lat' dir='ltr'><strong>logicas</strong></span> <span class='ocrx_word' id='word_1_72' title='bbox 2508 846 2650 890; x_wconf 85' lang='lat' dir='ltr'><strong>vere</strong></span> <span class='ocrx_word' id='word_1_73' title='bbox 2711 828 2951 906; x_wconf 82' lang='lat' dir='ltr'><strong>aliquid</strong></span> <span class='ocrx_word' id='word_1_74' title='bbox 3014 847 3128 888; x_wconf 89' lang='lat' dir='ltr'><strong>nos</strong></span> <span class='ocrx_word' id='word_1_75' title='bbox 3188 829 3344 889; x_wconf 92' lang='lat' dir='ltr'><strong>scire</strong></span> <span class='ocrx_word' id='word_1_76' title='bbox 3387 830 3640 890; x_wconf 87' lang='lat' dir='ltr'><strong>scimus.</strong></span> <span class='ocrx_word' id='word_1_77' title='bbox 3674 832 3849 892; x_wconf 86' lang='lat' dir='ltr'><strong>Sicut</strong></span> 
     </span>
    </p>
   </div>
   <div class='ocr_carea' id='block_1_7' title="bbox 456 909 3852 990">
    <p class='ocr_par' dir='ltr' id='par_1_7' title="bbox 456 909 3852 990">
     <span class='ocr_line' id='line_1_7' title="bbox 456 909 3852 990; baseline 0 -20"><span class='ocrx_word' id='word_1_78' title='bbox 456 909 622 990; x_wconf 87' lang='lat' dir='ltr'><strong>enim</strong></span> <span class='ocrx_word' id='word_1_79' title='bbox 669 910 822 969; x_wconf 88' lang='lat' dir='ltr'><strong>artis</strong></span> <span class='ocrx_word' id='word_1_80' title='bbox 869 909 1138 969; x_wconf 85' lang='lat' dir='ltr'><strong>nautica</strong></span> <span class='ocrx_word' id='word_1_81' title='bbox 1178 910 1479 988; x_wconf 85' lang='lat' dir='ltr'><strong>imperiti,</strong></span> <span class='ocrx_word' id='word_1_82' title='bbox 1522 911 1638 970; x_wconf 90' lang='lat' dir='ltr'><strong>etsi</strong></span> <span class='ocrx_word' id='word_1_83' title='bbox 1677 909 1995 970; x_wconf 87' lang='lat' dir='ltr'><strong>interdum</strong></span> <span class='ocrx_word' id='word_1_84' title='bbox 2041 915 2207 969; x_wconf 85' lang='lat' dir='ltr'><strong>recte</strong></span> <span class='ocrx_word' id='word_1_85' title='bbox 2241 909 2566 990; x_wconf 75' lang='lat' dir='ltr'><strong>navigant,</strong></span> <span class='ocrx_word' id='word_1_86' title='bbox 2612 912 2735 990; x_wconf 90' lang='lat' dir='ltr'><strong>hoc</strong></span> <span class='ocrx_word' id='word_1_87' title='bbox 2776 909 2983 986; x_wconf 90' lang='lat' dir='ltr'><strong>ipsum</strong></span> <span class='ocrx_word' id='word_1_88' title='bbox 3047 915 3257 968; x_wconf 89' lang='lat' dir='ltr'><strong>tamen</strong></span> <span class='ocrx_word' id='word_1_89' title='bbox 3319 911 3635 988; x_wconf 89' lang='lat' dir='ltr'><strong>ignorant,</strong></span> <span class='ocrx_word' id='word_1_90' title='bbox 3701 912 3852 990; x_wconf 89' lang='lat' dir='ltr'><strong>quia</strong></span> 
     </span>
    </p>
   </div>
   <div class='ocr_carea' id='block_1_8' title="bbox 455 989 3850 1069">
    <p class='ocr_par' dir='ltr' id='par_1_8' title="bbox 455 989 3850 1069">
     <span class='ocr_line' id='line_1_8' title="bbox 455 989 3850 1069; baseline 0 -18"><span class='ocrx_word' id='word_1_91' title='bbox 455 989 738 1051; x_wconf 89' lang='lat' dir='ltr'><strong>tabulam</strong></span> <span class='ocrx_word' id='word_1_92' title='bbox 783 990 876 1049; x_wconf 90' lang='lat' dir='ltr'><strong>uti</strong></span> <span class='ocrx_word' id='word_1_93' title='bbox 918 1008 1187 1050; x_wconf 89' lang='lat' dir='ltr'><strong>norman</strong></span> <span class='ocrx_word' id='word_1_94' title='bbox 1233 1009 1361 1050; x_wconf 90' lang='lat' dir='ltr'><strong>non</strong></span> <span class='ocrx_word' id='word_1_95' title='bbox 1404 990 1792 1069; x_wconf 88' lang='lat' dir='ltr'><strong>respiciunt:</strong></span> <span class='ocrx_word' id='word_1_96' title='bbox 1841 990 2062 1050; x_wconf 91' lang='lat' dir='ltr'><strong>eodem</strong></span> <span class='ocrx_word' id='word_1_97' title='bbox 2108 989 2296 1069; x_wconf 86' lang='lat' dir='ltr'><strong>modo</strong></span> <span class='ocrx_word' id='word_1_98' title='bbox 2355 990 2631 1068; x_wconf 88' lang='lat' dir='ltr'><strong>imperiti</strong></span> <span class='ocrx_word' id='word_1_99' title='bbox 2691 989 2911 1067; x_wconf 87' lang='lat' dir='ltr'><strong>logica</strong></span> <span class='ocrx_word' id='word_1_100' title='bbox 2959 990 3130 1061; x_wconf 89' lang='lat' dir='ltr'><strong>artis,</strong></span> <span class='ocrx_word' id='word_1_101' title='bbox 3199 991 3449 1050; x_wconf 89' lang='lat' dir='ltr'><strong>tametsi</strong></span> <span class='ocrx_word' id='word_1_102' title='bbox 3492 991 3694 1050; x_wconf 90' lang='lat' dir='ltr'><strong>sciant</strong></span> <span class='ocrx_word' id='word_1_103' title='bbox 3722 989 3850 1052; x_wconf 18' lang='lat' dir='ltr'><strong>fali-</strong></span> 
     </span>
    </p>
   </div>
   <div class='ocr_carea' id='block_1_9' title="bbox 457 1068 3858 1150">
    <p class='ocr_par' dir='ltr' id='par_1_9' title="bbox 457 1068 3858 1150">
     <span class='ocr_line' id='line_1_9' title="bbox 457 1068 3858 1150; baseline 0.001 -20"><span class='ocrx_word' id='word_1_104' title='bbox 457 1070 631 1150; x_wconf 89' lang='lat' dir='ltr'><strong>quid,</strong></span> <span class='ocrx_word' id='word_1_105' title='bbox 680 1069 803 1129; x_wconf 90' lang='lat' dir='ltr'><strong>hoc</strong></span> <span class='ocrx_word' id='word_1_106' title='bbox 844 1070 1050 1148; x_wconf 89' lang='lat' dir='ltr'><strong>ipsum</strong></span> <span class='ocrx_word' id='word_1_107' title='bbox 1096 1076 1308 1130; x_wconf 88' lang='lat' dir='ltr'><strong>tamen</strong></span> <span class='ocrx_word' id='word_1_108' title='bbox 1351 1089 1416 1131; x_wconf 90' lang='lat' dir='ltr'><strong>se</strong></span> <span class='ocrx_word' id='word_1_109' title='bbox 1460 1068 1615 1132; x_wconf 91' lang='lat' dir='ltr'><strong>scire</strong></span> <span class='ocrx_word' id='word_1_110' title='bbox 1658 1089 1825 1150; x_wconf 84' lang='lat' dir='ltr'><strong>saepe</strong></span> <span class='ocrx_word' id='word_1_111' title='bbox 1869 1089 1995 1131; x_wconf 89' lang='lat' dir='ltr'><strong>non</strong></span> <span class='ocrx_word' id='word_1_112' title='bbox 2041 1068 2295 1142; x_wconf 89' lang='lat' dir='ltr'><strong>sciunt;</strong></span> <span class='ocrx_word' id='word_1_113' title='bbox 2360 1075 2695 1149; x_wconf 87' lang='lat' dir='ltr'><strong>propterea</strong></span> <span class='ocrx_word' id='word_1_114' title='bbox 2755 1069 2923 1148; x_wconf 91' lang='lat' dir='ltr'><strong>quod</strong></span> <span class='ocrx_word' id='word_1_115' title='bbox 2983 1070 3308 1130; x_wconf 88' lang='lat' dir='ltr'><strong>scientiam</strong></span> <span class='ocrx_word' id='word_1_116' title='bbox 3352 1089 3532 1131; x_wconf 90' lang='lat' dir='ltr'><strong>suam</strong></span> <span class='ocrx_word' id='word_1_117' title='bbox 3577 1077 3712 1132; x_wconf 90' lang='lat' dir='ltr'><strong>arte</strong></span> <span class='ocrx_word' id='word_1_118' title='bbox 3771 1072 3858 1133; x_wconf 94' lang='lat' dir='ltr'><strong>lo-</strong></span> 
     </span>
    </p>
   </div>
   <div class='ocr_carea' id='block_1_10' title="bbox 455 1150 1465 1232">
    <p class='ocr_par' dir='ltr' id='par_1_10' title="bbox 455 1150 1465 1232">
     <span class='ocr_line' id='line_1_10' title="bbox 455 1150 1465 1232; baseline -0.001 -21"><span class='ocrx_word' id='word_1_119' title='bbox 455 1152 596 1232; x_wconf 88' lang='lat' dir='ltr'><strong>gica</strong></span> <span class='ocrx_word' id='word_1_120' title='bbox 637 1150 968 1232; x_wconf 81' lang='lat' dir='ltr'><strong>explorare</strong></span> <span class='ocrx_word' id='word_1_121' title='bbox 1010 1168 1157 1232; x_wconf 92' lang='lat' dir='ltr'><strong>non_</strong></span> <span class='ocrx_word' id='word_1_122' title='bbox 1183 1156 1465 1229; x_wconf 91' lang='lat' dir='ltr'><strong>possunt.</strong></span> 
     </span>
    </p>
   </div>
   <div class='ocr_carea' id='block_1_11' title="bbox 540 1229 3854 1309">
    <p class='ocr_par' dir='ltr' id='par_1_11' title="bbox 540 1229 3854 1309">
     <span class='ocr_line' id='line_1_11' title="bbox 540 1229 3854 1309; baseline 0.001 -19"><span class='ocrx_word' id='word_1_123' title='bbox 540 1232 692 1302; x_wconf 88' lang='lat' dir='ltr'><strong>Qua</strong></span> <span class='ocrx_word' id='word_1_124' title='bbox 735 1249 876 1290; x_wconf 86' lang='lat' dir='ltr'><strong>cum</strong></span> <span class='ocrx_word' id='word_1_125' title='bbox 906 1230 995 1290; x_wconf 92' lang='lat' dir='ltr'><strong>ita</strong></span> <span class='ocrx_word' id='word_1_126' title='bbox 1037 1250 1100 1291; x_wconf 92' lang='lat' dir='ltr'><strong>se</strong></span> <span class='ocrx_word' id='word_1_127' title='bbox 1145 1230 1446 1304; x_wconf 87' lang='lat' dir='ltr'><strong>habeant,</strong></span> <span class='ocrx_word' id='word_1_128' title='bbox 1495 1237 1556 1292; x_wconf 92' lang='lat' dir='ltr'><strong>et</strong></span> <span class='ocrx_word' id='word_1_129' title='bbox 1598 1231 1733 1291; x_wconf 91' lang='lat' dir='ltr'><strong>hac</strong></span> <span class='ocrx_word' id='word_1_130' title='bbox 1775 1229 2127 1290; x_wconf 88' lang='lat' dir='ltr'><strong>artiﬁcialis</strong></span> <span class='ocrx_word' id='word_1_131' title='bbox 2164 1229 2368 1307; x_wconf 90' lang='lat' dir='ltr'><strong>logica</strong></span> <span class='ocrx_word' id='word_1_132' title='bbox 2411 1249 2525 1308; x_wconf 93' lang='lat' dir='ltr'><strong>pro</strong></span> <span class='ocrx_word' id='word_1_133' title='bbox 2568 1229 2874 1309; x_wconf 82' lang='lat' dir='ltr'><strong>singulari</strong></span> <span class='ocrx_word' id='word_1_134' title='bbox 2916 1229 3028 1290; x_wconf 88' lang='lat' dir='ltr'><strong>Dei</strong></span> <span class='ocrx_word' id='word_1_135' title='bbox 3069 1230 3373 1290; x_wconf 88' lang='lat' dir='ltr'><strong>beneﬁcio</strong></span> <span class='ocrx_word' id='word_1_136' title='bbox 3431 1232 3854 1308; x_wconf 91' lang='lat' dir='ltr'><strong>agnoscenda,</strong></span> 
     </span>
    </p>
   </div>
   <div class='ocr_carea' id='block_1_12' title="bbox 458 1309 3865 1390">
    <p class='ocr_par' dir='ltr' id='par_1_12' title="bbox 458 1309 3865 1390">
     <span class='ocr_line' id='line_1_12' title="bbox 458 1309 3865 1390; baseline 0 -19"><span class='ocrx_word' id='word_1_137' title='bbox 458 1315 521 1372; x_wconf 88' lang='lat' dir='ltr'><strong>et</strong></span> <span class='ocrx_word' id='word_1_138' title='bbox 560 1310 827 1390; x_wconf 91' lang='lat' dir='ltr'><strong>proinde</strong></span> <span class='ocrx_word' id='word_1_139' title='bbox 871 1329 1000 1371; x_wconf 90' lang='lat' dir='ltr'><strong>non</strong></span> <span class='ocrx_word' id='word_1_140' title='bbox 1061 1311 1521 1372; x_wconf 89' lang='lat' dir='ltr'><strong>contemnenda</strong></span> <span class='ocrx_word' id='word_1_141' title='bbox 1577 1320 1687 1372; x_wconf 90' lang='lat' dir='ltr'><strong>aut</strong></span> <span class='ocrx_word' id='word_1_142' title='bbox 1741 1309 2237 1382; x_wconf 85' lang='lat' dir='ltr'><strong>intermittenda,</strong></span> <span class='ocrx_word' id='word_1_143' title='bbox 2298 1309 2407 1370; x_wconf 90' lang='lat' dir='ltr'><strong>sed</strong></span> <span class='ocrx_word' id='word_1_144' title='bbox 2458 1311 2674 1389; x_wconf 82' lang='lat' dir='ltr'><strong>magni</strong></span> <span class='ocrx_word' id='word_1_145' title='bbox 2738 1311 3024 1370; x_wconf 81' lang='lat' dir='ltr'><strong>iacienda</strong></span> <span class='ocrx_word' id='word_1_146' title='bbox 3079 1317 3141 1370; x_wconf 89' lang='lat' dir='ltr'><strong>et</strong></span> <span class='ocrx_word' id='word_1_147' title='bbox 3183 1311 3248 1370; x_wconf 91' lang='lat' dir='ltr'><strong>in</strong></span> <span class='ocrx_word' id='word_1_148' title='bbox 3291 1312 3522 1371; x_wconf 85' lang='lat' dir='ltr'><strong>scholis</strong></span> <span class='ocrx_word' id='word_1_149' title='bbox 3565 1312 3865 1372; x_wconf 90' lang='lat' dir='ltr'><strong>discenda</strong></span> 
     </span>
    </p>
   </div>
   <div class='ocr_carea' id='block_1_13' title="bbox 461 1390 3862 1472">
    <p class='ocr_par' dir='ltr' id='par_1_13' title="bbox 461 1390 3862 1472">
     <span class='ocr_line' id='line_1_13' title="bbox 461 1390 3862 1472; baseline 0 -20"><span class='ocrx_word' id='word_1_150' title='bbox 461 1396 556 1453; x_wconf 89' lang='lat' dir='ltr'><strong>est</strong></span> <span class='ocrx_word' id='word_1_151' title='bbox 586 1391 730 1472; x_wconf 10' lang='lat' dir='ltr'><strong>;Vab</strong></span> <span class='ocrx_word' id='word_1_152' title='bbox 772 1391 883 1451; x_wconf 91' lang='lat' dir='ltr'><strong>illo</strong></span> <span class='ocrx_word' id='word_1_153' title='bbox 945 1392 1256 1470; x_wconf 88' lang='lat' dir='ltr'><strong>imprimis</strong></span> <span class='ocrx_word' id='word_1_154' title='bbox 1327 1393 1435 1472; x_wconf 92' lang='lat' dir='ltr'><strong>qui</strong></span> <span class='ocrx_word' id='word_1_155' title='bbox 1495 1410 1635 1453; x_wconf 90' lang='lat' dir='ltr'><strong>eam</strong></span> <span class='ocrx_word' id='word_1_156' title='bbox 1699 1392 1935 1470; x_wconf 91' lang='lat' dir='ltr'><strong>optime</strong></span> <span class='ocrx_word' id='word_1_157' title='bbox 1998 1390 2292 1472; x_wconf 68' lang='lat' dir='ltr'><strong>tradidit.</strong></span> <span class='ocrx_word' id='word_1_158' title='bbox 2337 1390 2478 1472; x_wconf 88' lang='lat' dir='ltr'><strong>Qui</strong></span> <span class='ocrx_word' id='word_1_159' title='bbox 2515 1393 2769 1469; x_wconf 91' lang='lat' dir='ltr'><strong>quidem</strong></span> <span class='ocrx_word' id='word_1_160' title='bbox 2813 1398 2926 1462; x_wconf 90' lang='lat' dir='ltr'><strong>est,</strong></span> <span class='ocrx_word' id='word_1_161' title='bbox 2980 1391 3299 1451; x_wconf 91' lang='lat' dir='ltr'><strong>communi</strong></span> <span class='ocrx_word' id='word_1_162' title='bbox 3341 1391 3532 1452; x_wconf 89' lang='lat' dir='ltr'><strong>etiam</strong></span> <span class='ocrx_word' id='word_1_163' title='bbox 3575 1393 3862 1452; x_wconf 82' lang='lat' dir='ltr'><strong>omnium</strong></span> 
     </span>
    </p>
   </div>
   <div class='ocr_carea' id='block_1_14' title="bbox 505 1470 3870 1552">
    <p class='ocr_par' dir='ltr' id='par_1_14' title="bbox 505 1470 3870 1552">
     <span class='ocr_line' id='line_1_14' title="bbox 505 1470 3870 1552; baseline 0 -20"><span class='ocrx_word' id='word_1_164' title='bbox 505 1471 747 1532; x_wconf 90' lang='lat' dir='ltr'><strong>entium</strong></span> <span class='ocrx_word' id='word_1_165' title='bbox 810 1490 1139 1545; x_wconf 90' lang='lat' dir='ltr'><strong>consensu,</strong></span> <span class='ocrx_word' id='word_1_166' title='bbox 1208 1470 1580 1533; x_wconf 79' lang='lat' dir='ltr'><strong>miraculum</strong></span> <span class='ocrx_word' id='word_1_167' title='bbox 1641 1472 1800 1531; x_wconf 89' lang='lat' dir='ltr'><strong>illud</strong></span> <span class='ocrx_word' id='word_1_168' title='bbox 1862 1476 2127 1541; x_wconf 89' lang='lat' dir='ltr'><strong>natura,</strong></span> <span class='ocrx_word' id='word_1_169' title='bbox 2172 1470 2600 1552; x_wconf 61' lang='lat' dir='ltr'><strong>Aristoteles:</strong></span> <span class='ocrx_word' id='word_1_170' title='bbox 2671 1472 2780 1550; x_wconf 91' lang='lat' dir='ltr'><strong>qui</strong></span> <span class='ocrx_word' id='word_1_171' title='bbox 2841 1472 3032 1531; x_wconf 91' lang='lat' dir='ltr'><strong>etiam</strong></span> <span class='ocrx_word' id='word_1_172' title='bbox 3098 1472 3335 1549; x_wconf 89' lang='lat' dir='ltr'><strong>primus</strong></span> <span class='ocrx_word' id='word_1_173' title='bbox 3392 1473 3677 1533; x_wconf 91' lang='lat' dir='ltr'><strong>omnium</strong></span> <span class='ocrx_word' id='word_1_174' title='bbox 3732 1473 3870 1552; x_wconf 88' lang='lat' dir='ltr'><strong>phi-</strong></span> 
     </span>
    </p>
   </div>
   <div class='ocr_carea' id='block_1_15' title="bbox 490 1550 3866 1632">
    <p class='ocr_par' dir='ltr' id='par_1_15' title="bbox 490 1550 3866 1632">
     <span class='ocr_line' id='line_1_15' title="bbox 490 1550 3866 1632; baseline 0 -19"><span class='ocrx_word' id='word_1_175' title='bbox 490 1552 875 1632; x_wconf 89' lang='lat' dir='ltr'><strong>osophorum</strong></span> <span class='ocrx_word' id='word_1_176' title='bbox 949 1559 1149 1613; x_wconf 88' lang='lat' dir='ltr'><strong>artem</strong></span> <span class='ocrx_word' id='word_1_177' title='bbox 1219 1552 1386 1612; x_wconf 89' lang='lat' dir='ltr'><strong>hanc</strong></span> <span class='ocrx_word' id='word_1_178' title='bbox 1455 1553 1906 1631; x_wconf 89' lang='lat' dir='ltr'><strong>perfectissime</strong></span> <span class='ocrx_word' id='word_1_179' title='bbox 1976 1550 2238 1627; x_wconf 88' lang='lat' dir='ltr'><strong>invenit,</strong></span> <span class='ocrx_word' id='word_1_180' title='bbox 2311 1551 2722 1630; x_wconf 88' lang='lat' dir='ltr'><strong>conscripsit,</strong></span> <span class='ocrx_word' id='word_1_181' title='bbox 2795 1553 3030 1632; x_wconf 84' lang='lat' dir='ltr'><strong>docuit.</strong></span> <span class='ocrx_word' id='word_1_182' title='bbox 3064 1553 3256 1632; x_wconf 17' lang='lat' dir='ltr'><strong>iGum</strong></span> <span class='ocrx_word' id='word_1_183' title='bbox 3325 1553 3520 1629; x_wconf 89' lang='lat' dir='ltr'><strong>enim,</strong></span> <span class='ocrx_word' id='word_1_184' title='bbox 3593 1561 3664 1614; x_wconf 91' lang='lat' dir='ltr'><strong>ut</strong></span> <span class='ocrx_word' id='word_1_185' title='bbox 3730 1550 3866 1632; x_wconf 88' lang='lat' dir='ltr'><strong>ipse</strong></span> 
     </span>
    </p>
   </div>
   <div class='ocr_carea' id='block_1_16' title="bbox 457 1631 3863 1711">
    <p class='ocr_par' dir='ltr' id='par_1_16' title="bbox 457 1631 3863 1711">
     <span class='ocr_line' id='line_1_16' title="bbox 457 1631 3863 1711; baseline 0 -18"><span class='ocrx_word' id='word_1_186' title='bbox 457 1633 667 1710; x_wconf 91' lang='lat' dir='ltr'><strong>inquit</strong></span> <span class='ocrx_word' id='word_1_187' title='bbox 723 1631 1162 1711; x_wconf 87' lang='lat' dir='ltr'><strong>philosophus,</strong></span> <span class='ocrx_word' id='word_1_188' title='bbox 1226 1634 1366 1694; x_wconf 89' lang='lat' dir='ltr'><strong>alia</strong></span> <span class='ocrx_word' id='word_1_189' title='bbox 1423 1638 1589 1693; x_wconf 87' lang='lat' dir='ltr'><strong>artes</strong></span> <span class='ocrx_word' id='word_1_190' title='bbox 1649 1633 2001 1710; x_wconf 90' lang='lat' dir='ltr'><strong>antiquitus</strong></span> <span class='ocrx_word' id='word_1_191' title='bbox 2067 1633 2341 1691; x_wconf 91' lang='lat' dir='ltr'><strong>inventa</strong></span> <span class='ocrx_word' id='word_1_192' title='bbox 2401 1632 2698 1710; x_wconf 88' lang='lat' dir='ltr'><strong>primum,</strong></span> <span class='ocrx_word' id='word_1_193' title='bbox 2763 1637 2826 1691; x_wconf 87' lang='lat' dir='ltr'><strong>et</strong></span> <span class='ocrx_word' id='word_1_194' title='bbox 2893 1631 3122 1692; x_wconf 92' lang='lat' dir='ltr'><strong>deinde</strong></span> <span class='ocrx_word' id='word_1_195' title='bbox 3183 1639 3541 1711; x_wconf 88' lang='lat' dir='ltr'><strong>temporum</strong></span> <span class='ocrx_word' id='word_1_196' title='bbox 3594 1631 3863 1694; x_wconf 83' lang='lat' dir='ltr'><strong>decursu</strong></span> 
     </span>
    </p>
   </div>
   <div class='ocr_carea' id='block_1_17' title="bbox 463 1712 3866 1794">
    <p class='ocr_par' dir='ltr' id='par_1_17' title="bbox 463 1712 3866 1794">
     <span class='ocr_line' id='line_1_17' title="bbox 463 1712 3866 1794; baseline 0.001 -22"><span class='ocrx_word' id='word_1_197' title='bbox 463 1713 768 1794; x_wconf 89' lang='lat' dir='ltr'><strong>paulatim</strong></span> <span class='ocrx_word' id='word_1_198' title='bbox 811 1720 1014 1773; x_wconf 87' lang='lat' dir='ltr'><strong>aucta</strong></span> <span class='ocrx_word' id='word_1_199' title='bbox 1057 1716 1455 1794; x_wconf 81' lang='lat' dir='ltr'><strong>etperfecta</strong></span> <span class='ocrx_word' id='word_1_200' title='bbox 1499 1714 1782 1786; x_wconf 88' lang='lat' dir='ltr'><strong>fuerint;</strong></span> <span class='ocrx_word' id='word_1_201' title='bbox 1829 1713 1969 1772; x_wconf 87' lang='lat' dir='ltr'><strong>alia</strong></span> <span class='ocrx_word' id='word_1_202' title='bbox 2013 1729 2407 1794; x_wconf 9' lang='lat' dir='ltr'><strong>verognuper</strong></span> <span class='ocrx_word' id='word_1_203' title='bbox 2446 1712 2721 1773; x_wconf 90' lang='lat' dir='ltr'><strong>inventa</strong></span> <span class='ocrx_word' id='word_1_204' title='bbox 2765 1712 3148 1794; x_wconf 30' lang='lat' dir='ltr'><strong>necuadhuc</strong></span> <span class='ocrx_word' id='word_1_205' title='bbox 3190 1720 3404 1794; x_wconf 13' lang='lat' dir='ltr'><strong>aucta,</strong></span> <span class='ocrx_word' id='word_1_206' title='bbox 3454 1713 3613 1774; x_wconf 88' lang='lat' dir='ltr'><strong>adeo</strong></span> <span class='ocrx_word' id='word_1_207' title='bbox 3675 1720 3866 1793; x_wconf 90' lang='lat' dir='ltr'><strong>atque</strong></span> 
     </span>
    </p>
   </div>
   <div class='ocr_carea' id='block_1_18' title="bbox 466 1791 3866 1873">
    <p class='ocr_par' dir='ltr' id='par_1_18' title="bbox 466 1791 3866 1873">
     <span class='ocr_line' id='line_1_18' title="bbox 466 1791 3866 1873; baseline 0.001 -21"><span class='ocrx_word' id='word_1_208' title='bbox 466 1791 762 1873; x_wconf 78' lang='lat' dir='ltr'><strong>perfecta</strong></span> <span class='ocrx_word' id='word_1_209' title='bbox 833 1794 978 1867; x_wconf 89' lang='lat' dir='ltr'><strong>sint,</strong></span> <span class='ocrx_word' id='word_1_210' title='bbox 1043 1791 1179 1854; x_wconf 13' lang='lat' dir='ltr'><strong>sed,</strong></span> <span class='ocrx_word' id='word_1_211' title='bbox 1214 1794 1615 1854; x_wconf 87' lang='lat' dir='ltr'><strong>absolvenda</strong></span> <span class='ocrx_word' id='word_1_212' title='bbox 1677 1799 1914 1853; x_wconf 89' lang='lat' dir='ltr'><strong>restent</strong></span> <span class='ocrx_word' id='word_1_213' title='bbox 1946 1810 1983 1873; x_wconf 16' lang='lat' dir='ltr'><strong>:A</strong></span> <span class='ocrx_word' id='word_1_214' title='bbox 2017 1810 2118 1852; x_wconf 91' lang='lat' dir='ltr'><strong>ars</strong></span> <span class='ocrx_word' id='word_1_215' title='bbox 2177 1792 2384 1873; x_wconf 83' lang='lat' dir='ltr'><strong>logica</strong></span> <span class='ocrx_word' id='word_1_216' title='bbox 2443 1810 2558 1853; x_wconf 88' lang='lat' dir='ltr'><strong>nec</strong></span> <span class='ocrx_word' id='word_1_217' title='bbox 2619 1811 2656 1852; x_wconf 88' lang='lat' dir='ltr'><strong>a</strong></span> <span class='ocrx_word' id='word_1_218' title='bbox 2716 1792 3032 1854; x_wconf 87' lang='lat' dir='ltr'><strong>veteribus</strong></span> <span class='ocrx_word' id='word_1_219' title='bbox 3095 1791 3488 1872; x_wconf 86' lang='lat' dir='ltr'><strong>philosophis</strong></span> <span class='ocrx_word' id='word_1_220' title='bbox 3547 1795 3697 1854; x_wconf 91' lang='lat' dir='ltr'><strong>olim</strong></span> <span class='ocrx_word' id='word_1_221' title='bbox 3755 1791 3866 1854; x_wconf 79' lang='lat' dir='ltr'><strong>nec</strong></span> 
     </span>
    </p>
   </div>
   <div class='ocr_carea' id='block_1_19' title="bbox 464 1871 3863 1952">
    <p class='ocr_par' dir='ltr' id='par_1_19' title="bbox 464 1871 3863 1952">
     <span class='ocr_line' id='line_1_19' title="bbox 464 1871 3863 1952; baseline 0 -18"><span class='ocrx_word' id='word_1_222' title='bbox 464 1871 668 1952; x_wconf 82' lang='lat' dir='ltr'><strong>nuper</strong></span> <span class='ocrx_word' id='word_1_223' title='bbox 710 1873 790 1933; x_wconf 89' lang='lat' dir='ltr'><strong>ab</strong></span> <span class='ocrx_word' id='word_1_224' title='bbox 833 1873 909 1934; x_wconf 90' lang='lat' dir='ltr'><strong>iis</strong></span> <span class='ocrx_word' id='word_1_225' title='bbox 952 1874 1062 1952; x_wconf 91' lang='lat' dir='ltr'><strong>qui</strong></span> <span class='ocrx_word' id='word_1_226' title='bbox 1103 1874 1270 1936; x_wconf 89' lang='lat' dir='ltr'><strong>circa</strong></span> <span class='ocrx_word' id='word_1_227' title='bbox 1306 1874 1592 1936; x_wconf 86' lang='lat' dir='ltr'><strong>Aristolis</strong></span> <span class='ocrx_word' id='word_1_228' title='bbox 1634 1879 1885 1933; x_wconf 88' lang='lat' dir='ltr'><strong>atatem</strong></span> <span class='ocrx_word' id='word_1_229' title='bbox 1929 1871 2243 1944; x_wconf 85' lang='lat' dir='ltr'><strong>vixerunt,</strong></span> <span class='ocrx_word' id='word_1_230' title='bbox 2289 1872 2566 1945; x_wconf 89' lang='lat' dir='ltr'><strong>inventa,</strong></span> <span class='ocrx_word' id='word_1_231' title='bbox 2615 1873 2847 1933; x_wconf 89' lang='lat' dir='ltr'><strong>nedum</strong></span> <span class='ocrx_word' id='word_1_232' title='bbox 2902 1873 3179 1951; x_wconf 87' lang='lat' dir='ltr'><strong>perfecta</strong></span> <span class='ocrx_word' id='word_1_233' title='bbox 3243 1880 3307 1934; x_wconf 89' lang='lat' dir='ltr'><strong>et</strong></span> <span class='ocrx_word' id='word_1_234' title='bbox 3350 1871 3660 1935; x_wconf 75' lang='lat' dir='ltr'><strong>absoluta</strong></span> <span class='ocrx_word' id='word_1_235' title='bbox 3725 1876 3863 1934; x_wconf 80' lang='lat' dir='ltr'><strong>fuit.</strong></span> 
     </span>
    </p>
   </div>
   <div class='ocr_carea' id='block_1_20' title="bbox 463 1952 3867 2046">
    <p class='ocr_par' dir='ltr' id='par_1_20' title="bbox 463 1952 3867 2046">
     <span class='ocr_line' id='line_1_20' title="bbox 463 1952 3867 2046; baseline 0 -32"><span class='ocrx_word' id='word_1_236' title='bbox 463 1956 841 2046; x_wconf 73' lang='lat' dir='ltr'><strong>Quanquam</strong></span> <span class='ocrx_word' id='word_1_237' title='bbox 880 1954 1080 2046; x_wconf 47' lang='lat' dir='ltr'><strong>‘enim</strong></span> <span class='ocrx_word' id='word_1_238' title='bbox 1151 1955 1368 2046; x_wconf 72' lang='lat' dir='ltr'><strong>negari</strong></span> <span class='ocrx_word' id='word_1_239' title='bbox 1408 1973 1581 2046; x_wconf 73' lang='lat' dir='ltr'><strong>non</strong></span> <span class='ocrx_word' id='word_1_240' title='bbox 1628 1959 1854 2046; x_wconf 74' lang='lat' dir='ltr'><strong>potest,</strong></span> <span class='ocrx_word' id='word_1_241' title='bbox 1892 1953 2083 2046; x_wconf 43' lang='lat' dir='ltr'><strong>.qu‘in</strong></span> <span class='ocrx_word' id='word_1_242' title='bbox 2153 1952 2572 2046; x_wconf 59' lang='lat' dir='ltr'><strong>Pythagoras,</strong></span> <span class='ocrx_word' id='word_1_243' title='bbox 2620 1956 2825 2046; x_wconf 40' lang='grc' dir='ltr'><strong>,Ζοροη</strong></span> <span class='ocrx_word' id='word_1_244' title='bbox 2879 1953 3172 2046; x_wconf 40' lang='lat' dir='ltr'><strong>Eleates,‘</strong></span> <span class='ocrx_word' id='word_1_245' title='bbox 3213 1958 3514 2046; x_wconf 77' lang='lat' dir='ltr'><strong>Socrates</strong></span> <span class='ocrx_word' id='word_1_246' title='bbox 3542 1961 3633 2046; x_wconf 80' lang='lat' dir='ltr'><strong>_et_</strong></span> <span class='ocrx_word' id='word_1_247' title='bbox 3668 1955 3867 2046; x_wconf 82' lang='lat' dir='ltr'><strong>Plato,</strong></span> 
     </span>
    </p>
   </div>
   <div class='ocr_carea' id='block_1_21' title="bbox 465 2033 3874 2113">
    <p class='ocr_par' dir='ltr' id='par_1_21' title="bbox 465 2033 3874 2113">
     <span class='ocr_line' id='line_1_21' title="bbox 465 2033 3874 2113; baseline 0 -19"><span class='ocrx_word' id='word_1_248' title='bbox 465 2034 673 2113; x_wconf 88' lang='lat' dir='ltr'><strong>logica</strong></span> <span class='ocrx_word' id='word_1_249' title='bbox 715 2034 1007 2113; x_wconf 86' lang='lat' dir='ltr'><strong>quadam</strong></span> <span class='ocrx_word' id='word_1_250' title='bbox 1052 2035 1428 2095; x_wconf 87' lang='lat' dir='ltr'><strong>tradiderint</strong></span> <span class='ocrx_word' id='word_1_251' title='bbox 1459 2053 1473 2107; x_wconf 94' lang='lat'><strong>;</strong></span> <span class='ocrx_word' id='word_1_252' title='bbox 1521 2039 1591 2094; x_wconf 90' lang='lat' dir='ltr'><strong>ut</strong></span> <span class='ocrx_word' id='word_1_253' title='bbox 1631 2033 1940 2113; x_wconf 87' lang='lat' dir='ltr'><strong>imprimis</strong></span> <span class='ocrx_word' id='word_1_254' title='bbox 1982 2035 2270 2093; x_wconf 89' lang='lat' dir='ltr'><strong>Socrates</strong></span> <span class='ocrx_word' id='word_1_255' title='bbox 2300 2033 2379 2092; x_wconf 89' lang='lat' dir='ltr'><strong>ab</strong></span> <span class='ocrx_word' id='word_1_256' title='bbox 2411 2033 2677 2094; x_wconf 82' lang='lat' dir='ltr'><strong>artificio</strong></span> <span class='ocrx_word' id='word_1_257' title='bbox 2709 2033 3090 2094; x_wconf 83' lang='lat' dir='ltr'><strong>definitionis</strong></span> <span class='ocrx_word' id='word_1_258' title='bbox 3119 2039 3182 2094; x_wconf 88' lang='lat' dir='ltr'><strong>et</strong></span> <span class='ocrx_word' id='word_1_259' title='bbox 3209 2033 3591 2096; x_wconf 90' lang='lat' dir='ltr'><strong>inductionis</strong></span> <span class='ocrx_word' id='word_1_260' title='bbox 3619 2035 3874 2096; x_wconf 88' lang='lat' dir='ltr'><strong>invento</strong></span> 
     </span>
    </p>
   </div>
   <div class='ocr_carea' id='block_1_22' title="bbox 466 2113 3878 2194">
    <p class='ocr_par' dir='ltr' id='par_1_22' title="bbox 466 2113 3878 2194">
     <span class='ocr_line' id='line_1_22' title="bbox 466 2113 3878 2194; baseline -0 -18"><span class='ocrx_word' id='word_1_261' title='bbox 466 2113 1001 2186; x_wconf 87' lang='lat' dir='ltr'><strong>commendatur;</strong></span> <span class='ocrx_word' id='word_1_262' title='bbox 1049 2115 1260 2176; x_wconf 90' lang='lat' dir='ltr'><strong>nullus</strong></span> <span class='ocrx_word' id='word_1_263' title='bbox 1302 2122 1514 2175; x_wconf 89' lang='lat' dir='ltr'><strong>tamen</strong></span> <span class='ocrx_word' id='word_1_264' title='bbox 1558 2133 1776 2174; x_wconf 91' lang='lat' dir='ltr'><strong>eorum</strong></span> <span class='ocrx_word' id='word_1_265' title='bbox 1823 2119 2018 2174; x_wconf 89' lang='lat' dir='ltr'><strong>totam</strong></span> <span class='ocrx_word' id='word_1_266' title='bbox 2049 2113 2564 2194; x_wconf 86' lang='lat' dir='ltr'><strong>artemlogicam</strong></span> <span class='ocrx_word' id='word_1_267' title='bbox 2611 2115 2794 2174; x_wconf 89' lang='lat' dir='ltr'><strong>certis</strong></span> <span class='ocrx_word' id='word_1_268' title='bbox 2824 2115 3172 2174; x_wconf 89' lang='lat' dir='ltr'><strong>canonibus</strong></span> <span class='ocrx_word' id='word_1_269' title='bbox 3215 2116 3581 2194; x_wconf 87' lang='lat' dir='ltr'><strong>complexus</strong></span> <span class='ocrx_word' id='word_1_270' title='bbox 3624 2121 3740 2176; x_wconf 88' lang='lat' dir='ltr'><strong>est.</strong></span> <span class='ocrx_word' id='word_1_271' title='bbox 3787 2116 3878 2178; x_wconf 91' lang='lat' dir='ltr'><strong>Si-</strong></span> 
     </span>
    </p>
   </div>
   <div class='ocr_carea' id='block_1_23' title="bbox 471 2193 3878 2274">
    <p class='ocr_par' dir='ltr' id='par_1_23' title="bbox 471 2193 3878 2274">
     <span class='ocr_line' id='line_1_23' title="bbox 471 2193 3878 2274; baseline 0 -19"><span class='ocrx_word' id='word_1_272' title='bbox 471 2199 578 2256; x_wconf 90' lang='lat' dir='ltr'><strong>cut</strong></span> <span class='ocrx_word' id='word_1_273' title='bbox 619 2200 832 2255; x_wconf 89' lang='lat' dir='ltr'><strong>autem</strong></span> <span class='ocrx_word' id='word_1_274' title='bbox 882 2195 991 2274; x_wconf 91' lang='lat' dir='ltr'><strong>qui</strong></span> <span class='ocrx_word' id='word_1_275' title='bbox 1033 2196 1111 2255; x_wconf 91' lang='lat' dir='ltr'><strong>ad</strong></span> <span class='ocrx_word' id='word_1_276' title='bbox 1155 2196 1413 2256; x_wconf 87' lang='lat' dir='ltr'><strong>domum</strong></span> <span class='ocrx_word' id='word_1_277' title='bbox 1458 2195 1736 2274; x_wconf 88' lang='lat' dir='ltr'><strong>aliquam</strong></span> <span class='ocrx_word' id='word_1_278' title='bbox 1781 2193 2193 2254; x_wconf 83' lang='lat' dir='ltr'><strong>extruendam</strong></span> <span class='ocrx_word' id='word_1_279' title='bbox 2239 2193 2411 2270; x_wconf 89' lang='lat' dir='ltr'><strong>ligna</strong></span> <span class='ocrx_word' id='word_1_280' title='bbox 2452 2195 2712 2272; x_wconf 88' lang='lat' dir='ltr'><strong>aliquot,</strong></span> <span class='ocrx_word' id='word_1_281' title='bbox 2762 2201 2875 2255; x_wconf 91' lang='lat' dir='ltr'><strong>aut</strong></span> <span class='ocrx_word' id='word_1_282' title='bbox 2917 2195 3180 2272; x_wconf 85' lang='lat' dir='ltr'><strong>lapides,</strong></span> <span class='ocrx_word' id='word_1_283' title='bbox 3229 2199 3340 2255; x_wconf 88' lang='lat' dir='ltr'><strong>aut</strong></span> <span class='ocrx_word' id='word_1_284' title='bbox 3372 2193 3691 2257; x_wconf 35' lang='lat' dir='ltr'><strong>&#39;camenta</strong></span> <span class='ocrx_word' id='word_1_285' title='bbox 3717 2206 3878 2256; x_wconf 85' lang='lat' dir='ltr'><strong>&#39;con-</strong></span> 
     </span>
    </p>
   </div>
   <div class='ocr_carea' id='block_1_24' title="bbox 467 2275 3873 2355">
    <p class='ocr_par' dir='ltr' id='par_1_24' title="bbox 467 2275 3873 2355">
     <span class='ocr_line' id='line_1_24' title="bbox 467 2275 3873 2355; baseline -0 -19"><span class='ocrx_word' id='word_1_286' title='bbox 467 2276 700 2344; x_wconf 82' lang='lat' dir='ltr'><strong>ferunt,</strong></span> <span class='ocrx_word' id='word_1_287' title='bbox 750 2293 878 2335; x_wconf 89' lang='lat' dir='ltr'><strong>non</strong></span> <span class='ocrx_word' id='word_1_288' title='bbox 922 2279 1258 2355; x_wconf 88' lang='lat' dir='ltr'><strong>propterea</strong></span> <span class='ocrx_word' id='word_1_289' title='bbox 1299 2277 1555 2336; x_wconf 90' lang='lat' dir='ltr'><strong>domum</strong></span> <span class='ocrx_word' id='word_1_290' title='bbox 1599 2279 1982 2355; x_wconf 81' lang='lat' dir='ltr'><strong>construere,</strong></span> <span class='ocrx_word' id='word_1_291' title='bbox 2018 2275 2469 2355; x_wconf 72' lang='lat' dir='ltr'><strong>multominus</strong></span> <span class='ocrx_word' id='word_1_292' title='bbox 2511 2280 2708 2335; x_wconf 89' lang='lat' dir='ltr'><strong>totam</strong></span> <span class='ocrx_word' id='word_1_293' title='bbox 2754 2275 3092 2337; x_wconf 87' lang='lat' dir='ltr'><strong>absolvisse</strong></span> <span class='ocrx_word' id='word_1_294' title='bbox 3133 2275 3380 2336; x_wconf 90' lang='lat' dir='ltr'><strong>dicendi</strong></span> <span class='ocrx_word' id='word_1_295' title='bbox 3422 2283 3590 2348; x_wconf 89' lang='lat' dir='ltr'><strong>sunt,</strong></span> <span class='ocrx_word' id='word_1_296' title='bbox 3638 2276 3726 2336; x_wconf 91' lang='lat' dir='ltr'><strong>sic</strong></span> <span class='ocrx_word' id='word_1_297' title='bbox 3755 2292 3873 2336; x_wconf 92' lang='lat' dir='ltr'><strong>nec</strong></span> 
     </span>
    </p>
   </div>
   <div class='ocr_carea' id='block_1_25' title="bbox 466 2353 3874 2434">
    <p class='ocr_par' dir='ltr' id='par_1_25' title="bbox 466 2353 3874 2434">
     <span class='ocr_line' id='line_1_25' title="bbox 466 2353 3874 2434; baseline 0.001 -19"><span class='ocrx_word' id='word_1_298' title='bbox 466 2355 583 2428; x_wconf 90' lang='lat' dir='ltr'><strong>illi,</strong></span> <span class='ocrx_word' id='word_1_299' title='bbox 633 2355 749 2416; x_wconf 88' lang='lat' dir='ltr'><strong>etsi</strong></span> <span class='ocrx_word' id='word_1_300' title='bbox 790 2353 971 2418; x_wconf 81' lang='lat' dir='ltr'><strong>utilia</strong></span> <span class='ocrx_word' id='word_1_301' title='bbox 1013 2353 1302 2434; x_wconf 79' lang='lat' dir='ltr'><strong>quadam</strong></span> <span class='ocrx_word' id='word_1_302' title='bbox 1348 2361 1664 2434; x_wconf 90' lang='lat' dir='ltr'><strong>pracepta</strong></span> <span class='ocrx_word' id='word_1_303' title='bbox 1701 2355 1909 2432; x_wconf 90' lang='lat' dir='ltr'><strong>logica</strong></span> <span class='ocrx_word' id='word_1_304' title='bbox 1951 2354 2098 2413; x_wconf 90' lang='lat' dir='ltr'><strong>hinc</strong></span> <span class='ocrx_word' id='word_1_305' title='bbox 2147 2353 2294 2434; x_wconf 84' lang='lat' dir='ltr'><strong>inde</strong></span> <span class='ocrx_word' id='word_1_306' title='bbox 2350 2353 2772 2426; x_wconf 87' lang='lat' dir='ltr'><strong>inculcarnnt,</strong></span> <span class='ocrx_word' id='word_1_307' title='bbox 2836 2361 3033 2414; x_wconf 88' lang='lat' dir='ltr'><strong>artem</strong></span> <span class='ocrx_word' id='word_1_308' title='bbox 3099 2355 3368 2433; x_wconf 91' lang='lat' dir='ltr'><strong>logicam</strong></span> <span class='ocrx_word' id='word_1_309' title='bbox 3430 2357 3874 2434; x_wconf 87' lang='lat' dir='ltr'><strong>conscripsisse</strong></span> 
     </span>
    </p>
   </div>
   <div class='ocr_carea' id='block_1_26' title="bbox 472 2433 3874 2516">
    <p class='ocr_par' dir='ltr' id='par_1_26' title="bbox 472 2433 3874 2516">
     <span class='ocr_line' id='line_1_26' title="bbox 472 2433 3874 2516; baseline 0 -20"><span class='ocrx_word' id='word_1_310' title='bbox 472 2441 536 2496; x_wconf 90' lang='lat' dir='ltr'><strong>et</strong></span> <span class='ocrx_word' id='word_1_311' title='bbox 581 2435 910 2513; x_wconf 86' lang='lat' dir='ltr'><strong>perfecisse</strong></span> <span class='ocrx_word' id='word_1_312' title='bbox 951 2433 1218 2515; x_wconf 78' lang='lat' dir='ltr'><strong>putandi</strong></span> <span class='ocrx_word' id='word_1_313' title='bbox 1259 2433 1426 2497; x_wconf 81' lang='lat' dir='ltr'><strong>sunt.</strong></span> <span class='ocrx_word' id='word_1_314' title='bbox 1476 2433 1600 2497; x_wconf 94' lang='lat' dir='ltr'><strong>Sed</strong></span> <span class='ocrx_word' id='word_1_315' title='bbox 1643 2441 1706 2496; x_wconf 90' lang='lat' dir='ltr'><strong>et</strong></span> <span class='ocrx_word' id='word_1_316' title='bbox 1746 2433 2346 2516; x_wconf 15' lang='lat' dir='ltr'><strong>ipseiPhilosophus</strong></span> <span class='ocrx_word' id='word_1_317' title='bbox 2377 2435 2649 2516; x_wconf 89' lang='lat' dir='ltr'><strong>allegato</strong></span> <span class='ocrx_word' id='word_1_318' title='bbox 2683 2436 2818 2497; x_wconf 92' lang='lat' dir='ltr'><strong>loco</strong></span> <span class='ocrx_word' id='word_1_319' title='bbox 2847 2437 3080 2496; x_wconf 89' lang='lat' dir='ltr'><strong>fatetur</strong></span> <span class='ocrx_word' id='word_1_320' title='bbox 3108 2441 3235 2513; x_wconf 83' lang='lat' dir='ltr'><strong>jam</strong></span> <span class='ocrx_word' id='word_1_321' title='bbox 3268 2443 3412 2496; x_wconf 91' lang='lat' dir='ltr'><strong>ante</strong></span> <span class='ocrx_word' id='word_1_322' title='bbox 3445 2456 3558 2497; x_wconf 89' lang='lat' dir='ltr'><strong>sua</strong></span> <span class='ocrx_word' id='word_1_323' title='bbox 3588 2433 3874 2516; x_wconf 85' lang='lat' dir='ltr'><strong>tempora</strong></span> 
     </span>
    </p>
   </div>
   <div class='ocr_carea' id='block_1_27' title="bbox 473 2515 3874 2597">
    <p class='ocr_par' dir='ltr' id='par_1_27' title="bbox 473 2515 3874 2597">
     <span class='ocr_line' id='line_1_27' title="bbox 473 2515 3874 2597; baseline 0 -20"><span class='ocrx_word' id='word_1_324' title='bbox 473 2515 809 2597; x_wconf 78' lang='lat' dir='ltr'><strong>exstitisse,</strong></span> <span class='ocrx_word' id='word_1_325' title='bbox 853 2517 964 2594; x_wconf 92' lang='lat' dir='ltr'><strong>qui</strong></span> <span class='ocrx_word' id='word_1_326' title='bbox 1005 2517 1321 2577; x_wconf 89' lang='lat' dir='ltr'><strong>orationes</strong></span> <span class='ocrx_word' id='word_1_327' title='bbox 1381 2517 1463 2577; x_wconf 89' lang='lat' dir='ltr'><strong>ad</strong></span> <span class='ocrx_word' id='word_1_328' title='bbox 1504 2515 2022 2594; x_wconf 87' lang='lat' dir='ltr'><strong>interrogandum</strong></span> <span class='ocrx_word' id='word_1_329' title='bbox 2085 2522 2266 2592; x_wconf 87' lang='lat' dir='ltr'><strong>aptas</strong></span> <span class='ocrx_word' id='word_1_330' title='bbox 2329 2515 2722 2597; x_wconf 82' lang='lat' dir='ltr'><strong>tradiderunt</strong></span> <span class='ocrx_word' id='word_1_331' title='bbox 2778 2516 3187 2590; x_wconf 89' lang='lat' dir='ltr'><strong>ediscendas;</strong></span> <span class='ocrx_word' id='word_1_332' title='bbox 3255 2535 3362 2576; x_wconf 91' lang='lat' dir='ltr'><strong>eos</strong></span> <span class='ocrx_word' id='word_1_333' title='bbox 3423 2515 3874 2597; x_wconf 31' lang='lat' dir='ltr'><strong>nimirum&#39;qui</strong></span> 
     </span>
    </p>
   </div>
   <div class='ocr_carea' id='block_1_28' title="bbox 475 2595 3876 2676">
    <p class='ocr_par' dir='ltr' id='par_1_28' title="bbox 475 2595 3876 2676">
     <span class='ocr_line' id='line_1_28' title="bbox 475 2595 3876 2676; baseline 0 -18"><span class='ocrx_word' id='word_1_334' title='bbox 475 2615 552 2658; x_wconf 85' lang='lat' dir='ltr'><strong>ex</strong></span> <span class='ocrx_word' id='word_1_335' title='bbox 622 2595 908 2674; x_wconf 87' lang='lat' dir='ltr'><strong>litigiosis</strong></span> <span class='ocrx_word' id='word_1_336' title='bbox 969 2597 1500 2676; x_wconf 87' lang='lat' dir='ltr'><strong>disputationibus</strong></span> <span class='ocrx_word' id='word_1_337' title='bbox 1559 2603 1872 2675; x_wconf 88' lang='lat' dir='ltr'><strong>quastum</strong></span> <span class='ocrx_word' id='word_1_338' title='bbox 1941 2597 2281 2676; x_wconf 85' lang='lat' dir='ltr'><strong>fecerunt:</strong></span> <span class='ocrx_word' id='word_1_339' title='bbox 2356 2614 2574 2676; x_wconf 89' lang='lat' dir='ltr'><strong>verum</strong></span> <span class='ocrx_word' id='word_1_340' title='bbox 2636 2595 2824 2656; x_wconf 89' lang='lat' dir='ltr'><strong>etiam</strong></span> <span class='ocrx_word' id='word_1_341' title='bbox 2898 2597 3086 2656; x_wconf 91' lang='lat' dir='ltr'><strong>simul</strong></span> <span class='ocrx_word' id='word_1_342' title='bbox 3175 2597 3475 2670; x_wconf 85' lang='lat' dir='ltr'><strong>afﬁrmat,</strong></span> <span class='ocrx_word' id='word_1_343' title='bbox 3538 2595 3876 2659; x_wconf 88' lang='lat' dir='ltr'><strong>institutio-</strong></span> 
     </span>
    </p>
   </div>
   <div class='ocr_carea' id='block_1_29' title="bbox 472 2675 3875 2758">
    <p class='ocr_par' dir='ltr' id='par_1_29' title="bbox 472 2675 3875 2758">
     <span class='ocr_line' id='line_1_29' title="bbox 472 2675 3875 2758; baseline 0 -21"><span class='ocrx_word' id='word_1_344' title='bbox 472 2694 618 2758; x_wconf 86' lang='lat' dir='ltr'><strong>nem</strong></span> <span class='ocrx_word' id='word_1_345' title='bbox 663 2694 881 2737; x_wconf 89' lang='lat' dir='ltr'><strong>earum</strong></span> <span class='ocrx_word' id='word_1_346' title='bbox 924 2675 1170 2758; x_wconf 82' lang='lat' dir='ltr'><strong>Gorgia</strong></span> <span class='ocrx_word' id='word_1_347' title='bbox 1211 2677 1482 2738; x_wconf 90' lang='lat' dir='ltr'><strong>similem</strong></span> <span class='ocrx_word' id='word_1_348' title='bbox 1527 2677 1736 2750; x_wconf 88' lang='lat' dir='ltr'><strong>fuisse,</strong></span> <span class='ocrx_word' id='word_1_349' title='bbox 1785 2682 1854 2758; x_wconf 86' lang='lat' dir='ltr'><strong>ut</strong></span> <span class='ocrx_word' id='word_1_350' title='bbox 1895 2675 2004 2754; x_wconf 90' lang='lat' dir='ltr'><strong>qui</strong></span> <span class='ocrx_word' id='word_1_351' title='bbox 2044 2675 2569 2758; x_wconf 85' lang='lat' dir='ltr'><strong>interrogationes</strong></span> <span class='ocrx_word' id='word_1_352' title='bbox 2610 2677 2688 2736; x_wconf 93' lang='lat' dir='ltr'><strong>de</strong></span> <span class='ocrx_word' id='word_1_353' title='bbox 2737 2676 2812 2736; x_wconf 91' lang='lat' dir='ltr'><strong>iis</strong></span> <span class='ocrx_word' id='word_1_354' title='bbox 2873 2677 3060 2738; x_wconf 86' lang='lat' dir='ltr'><strong>rebus</strong></span> <span class='ocrx_word' id='word_1_355' title='bbox 3122 2695 3264 2758; x_wconf 88' lang='lat' dir='ltr'><strong>qua</strong></span> <span class='ocrx_word' id='word_1_356' title='bbox 3308 2696 3475 2756; x_wconf 88' lang='lat' dir='ltr'><strong>sape</strong></span> <span class='ocrx_word' id='word_1_357' title='bbox 3529 2678 3595 2738; x_wconf 92' lang='lat' dir='ltr'><strong>in</strong></span> <span class='ocrx_word' id='word_1_358' title='bbox 3656 2678 3875 2758; x_wconf 85' lang='lat' dir='ltr'><strong>dispu-</strong></span> 
     </span>
    </p>
   </div>
   <div class='ocr_carea' id='block_1_30' title="bbox 473 2757 3876 2837">
    <p class='ocr_par' dir='ltr' id='par_1_30' title="bbox 473 2757 3876 2837">
     <span class='ocr_line' id='line_1_30' title="bbox 473 2757 3876 2837; baseline 0 -19"><span class='ocrx_word' id='word_1_359' title='bbox 473 2757 780 2818; x_wconf 88' lang='lat' dir='ltr'><strong>tationem</strong></span> <span class='ocrx_word' id='word_1_360' title='bbox 824 2757 1086 2818; x_wconf 90' lang='lat' dir='ltr'><strong>veniunt</strong></span> <span class='ocrx_word' id='word_1_361' title='bbox 1127 2758 1562 2837; x_wconf 89' lang='lat' dir='ltr'><strong>proponendo,</strong></span> <span class='ocrx_word' id='word_1_362' title='bbox 1610 2775 1738 2817; x_wconf 89' lang='lat' dir='ltr'><strong>non</strong></span> <span class='ocrx_word' id='word_1_363' title='bbox 1779 2757 1983 2836; x_wconf 92' lang='lat' dir='ltr'><strong>ipsam</strong></span> <span class='ocrx_word' id='word_1_364' title='bbox 2027 2761 2250 2829; x_wconf 89' lang='lat' dir='ltr'><strong>artem,</strong></span> <span class='ocrx_word' id='word_1_365' title='bbox 2315 2757 2423 2816; x_wconf 87' lang='lat' dir='ltr'><strong>sed</strong></span> <span class='ocrx_word' id='word_1_366' title='bbox 2481 2762 2728 2816; x_wconf 90' lang='lat' dir='ltr'><strong>tantum</strong></span> <span class='ocrx_word' id='word_1_367' title='bbox 2799 2775 2874 2817; x_wconf 90' lang='lat' dir='ltr'><strong>ea</strong></span> <span class='ocrx_word' id='word_1_368' title='bbox 2934 2775 3075 2835; x_wconf 90' lang='lat' dir='ltr'><strong>qua</strong></span> <span class='ocrx_word' id='word_1_369' title='bbox 3136 2757 3217 2816; x_wconf 90' lang='lat' dir='ltr'><strong>ab</strong></span> <span class='ocrx_word' id='word_1_370' title='bbox 3279 2763 3412 2818; x_wconf 88' lang='lat' dir='ltr'><strong>arte</strong></span> <span class='ocrx_word' id='word_1_371' title='bbox 3476 2758 3876 2836; x_wconf 80' lang='lat' dir='ltr'><strong>proficiscun-</strong></span> 
     </span>
    </p>
   </div>
   <div class='ocr_carea' id='block_1_31' title="bbox 475 2837 3873 2917">
    <p class='ocr_par' dir='ltr' id='par_1_31' title="bbox 475 2837 3873 2917">
     <span class='ocr_line' id='line_1_31' title="bbox 475 2837 3873 2917; baseline -0 -19"><span class='ocrx_word' id='word_1_372' title='bbox 475 2843 579 2898; x_wconf 91' lang='lat' dir='ltr'><strong>tur</strong></span> <span class='ocrx_word' id='word_1_373' title='bbox 621 2837 1046 2911; x_wconf 88' lang='lat' dir='ltr'><strong>tradiderint;</strong></span> <span class='ocrx_word' id='word_1_374' title='bbox 1095 2838 1354 2916; x_wconf 90' lang='lat' dir='ltr'><strong>perinde</strong></span> <span class='ocrx_word' id='word_1_375' title='bbox 1396 2856 1470 2899; x_wconf 90' lang='lat' dir='ltr'><strong>ac</strong></span> <span class='ocrx_word' id='word_1_376' title='bbox 1512 2838 1564 2897; x_wconf 90' lang='lat' dir='ltr'><strong>si</strong></span> <span class='ocrx_word' id='word_1_377' title='bbox 1605 2837 1748 2916; x_wconf 89' lang='lat' dir='ltr'><strong>quis</strong></span> <span class='ocrx_word' id='word_1_378' title='bbox 1789 2837 1994 2896; x_wconf 90' lang='lat' dir='ltr'><strong>omnis</strong></span> <span class='ocrx_word' id='word_1_379' title='bbox 2023 2837 2270 2913; x_wconf 89' lang='lat' dir='ltr'><strong>generis</strong></span> <span class='ocrx_word' id='word_1_380' title='bbox 2312 2839 2882 2898; x_wconf 88' lang='lat' dir='ltr'><strong>calceamentorum</strong></span> <span class='ocrx_word' id='word_1_381' title='bbox 2943 2837 3187 2917; x_wconf 91' lang='lat' dir='ltr'><strong>copiam</strong></span> <span class='ocrx_word' id='word_1_382' title='bbox 3245 2839 3701 2917; x_wconf 87' lang='lat' dir='ltr'><strong>suppeditaret,</strong></span> <span class='ocrx_word' id='word_1_383' title='bbox 3765 2839 3873 2898; x_wconf 89' lang='lat' dir='ltr'><strong>sed</strong></span> 
     </span>
    </p>
   </div>
   <div class='ocr_carea' id='block_1_32' title="bbox 475 2917 3874 2995">
    <p class='ocr_par' dir='ltr' id='par_1_32' title="bbox 475 2917 3874 2995">
     <span class='ocr_line' id='line_1_32' title="bbox 475 2917 3874 2995; baseline 0 -17"><span class='ocrx_word' id='word_1_384' title='bbox 475 2917 784 2978; x_wconf 88' lang='lat' dir='ltr'><strong>rationem</strong></span> <span class='ocrx_word' id='word_1_385' title='bbox 849 2917 1384 2979; x_wconf 88' lang='lat' dir='ltr'><strong>conﬁciendorum</strong></span> <span class='ocrx_word' id='word_1_386' title='bbox 1441 2936 1569 2979; x_wconf 90' lang='lat' dir='ltr'><strong>non</strong></span> <span class='ocrx_word' id='word_1_387' title='bbox 1629 2918 1928 2989; x_wconf 88' lang='lat' dir='ltr'><strong>doceret;</strong></span> <span class='ocrx_word' id='word_1_388' title='bbox 1996 2917 2105 2994; x_wconf 89' lang='lat' dir='ltr'><strong>qui</strong></span> <span class='ocrx_word' id='word_1_389' title='bbox 2163 2917 2485 2994; x_wconf 88' lang='lat' dir='ltr'><strong>prodesset</strong></span> <span class='ocrx_word' id='word_1_390' title='bbox 2545 2917 2824 2995; x_wconf 90' lang='lat' dir='ltr'><strong>quidem,</strong></span> <span class='ocrx_word' id='word_1_391' title='bbox 2888 2918 2996 2978; x_wconf 91' lang='lat' dir='ltr'><strong>sed</strong></span> <span class='ocrx_word' id='word_1_392' title='bbox 3041 2924 3250 2978; x_wconf 88' lang='lat' dir='ltr'><strong>tamen</strong></span> <span class='ocrx_word' id='word_1_393' title='bbox 3314 2925 3513 2979; x_wconf 89' lang='lat' dir='ltr'><strong>artem</strong></span> <span class='ocrx_word' id='word_1_394' title='bbox 3571 2919 3874 2979; x_wconf 88' lang='lat' dir='ltr'><strong>sutoriam</strong></span> 
     </span>
    </p>
   </div>
   <div class='ocr_carea' id='block_1_33' title="bbox 478 2997 3872 3078">
    <p class='ocr_par' dir='ltr' id='par_1_33' title="bbox 478 2997 3872 3078">
     <span class='ocr_line' id='line_1_33' title="bbox 478 2997 3872 3078; baseline 0 -20"><span class='ocrx_word' id='word_1_395' title='bbox 478 2998 761 3058; x_wconf 90' lang='lat' dir='ltr'><strong>docuisse</strong></span> <span class='ocrx_word' id='word_1_396' title='bbox 822 2998 946 3058; x_wconf 90' lang='lat' dir='ltr'><strong>dici</strong></span> <span class='ocrx_word' id='word_1_397' title='bbox 1013 3017 1142 3059; x_wconf 91' lang='lat' dir='ltr'><strong>non</strong></span> <span class='ocrx_word' id='word_1_398' title='bbox 1200 3004 1429 3078; x_wconf 90' lang='lat' dir='ltr'><strong>posset.</strong></span> <span class='ocrx_word' id='word_1_399' title='bbox 1493 2997 1856 3058; x_wconf 86' lang='lat' dir='ltr'><strong>Aristoteles</strong></span> <span class='ocrx_word' id='word_1_400' title='bbox 1914 2997 2128 3078; x_wconf 16' lang='lat' dir='ltr'><strong>igitur,</strong></span> <span class='ocrx_word' id='word_1_401' title='bbox 2166 2998 2316 3058; x_wconf 90' lang='lat' dir='ltr'><strong>artis</strong></span> <span class='ocrx_word' id='word_1_402' title='bbox 2374 2997 2597 3075; x_wconf 90' lang='lat' dir='ltr'><strong>logica</strong></span> <span class='ocrx_word' id='word_1_403' title='bbox 2660 2999 2899 3078; x_wconf 89' lang='lat' dir='ltr'><strong>primus</strong></span> <span class='ocrx_word' id='word_1_404' title='bbox 2959 2997 3125 3058; x_wconf 91' lang='lat' dir='ltr'><strong>inter</strong></span> <span class='ocrx_word' id='word_1_405' title='bbox 3185 2997 3596 3078; x_wconf 89' lang='lat' dir='ltr'><strong>philosophos</strong></span> <span class='ocrx_word' id='word_1_406' title='bbox 3650 2999 3872 3059; x_wconf 89' lang='lat' dir='ltr'><strong>inven-</strong></span> 
     </span>
    </p>
   </div>
   <div class='ocr_carea' id='block_1_34' title="bbox 479 3077 3872 3158">
    <p class='ocr_par' dir='ltr' id='par_1_34' title="bbox 479 3077 3872 3158">
     <span class='ocr_line' id='line_1_34' title="bbox 479 3077 3872 3158; baseline 0 -20"><span class='ocrx_word' id='word_1_407' title='bbox 479 3083 600 3149; x_wconf 87' lang='lat' dir='ltr'><strong>tor,</strong></span> <span class='ocrx_word' id='word_1_408' title='bbox 644 3078 928 3139; x_wconf 86' lang='lat' dir='ltr'><strong>excultor</strong></span> <span class='ocrx_word' id='word_1_409' title='bbox 969 3085 1032 3140; x_wconf 89' lang='lat' dir='ltr'><strong>et</strong></span> <span class='ocrx_word' id='word_1_410' title='bbox 1074 3077 1374 3157; x_wconf 86' lang='lat' dir='ltr'><strong>magister</strong></span> <span class='ocrx_word' id='word_1_411' title='bbox 1406 3078 1552 3158; x_wconf 88' lang='lat' dir='ltr'><strong>jure</strong></span> <span class='ocrx_word' id='word_1_412' title='bbox 1593 3079 1834 3157; x_wconf 92' lang='lat' dir='ltr'><strong>optimo</strong></span> <span class='ocrx_word' id='word_1_413' title='bbox 1878 3077 2240 3155; x_wconf 86' lang='lat' dir='ltr'><strong>agnoscitur</strong></span> <span class='ocrx_word' id='word_1_414' title='bbox 2282 3083 2358 3137; x_wconf 87' lang='lat' dir='ltr'><strong>et</strong></span> <span class='ocrx_word' id='word_1_415' title='bbox 2409 3079 2807 3156; x_wconf 83' lang='lat' dir='ltr'><strong>praedicatur.</strong></span> <span class='ocrx_word' id='word_1_416' title='bbox 2873 3078 3002 3138; x_wconf 84' lang='lat' dir='ltr'><strong>Etsi</strong></span> <span class='ocrx_word' id='word_1_417' title='bbox 3048 3083 3260 3138; x_wconf 90' lang='lat' dir='ltr'><strong>autem</strong></span> <span class='ocrx_word' id='word_1_418' title='bbox 3320 3077 3628 3156; x_wconf 82' lang='lat' dir='ltr'><strong>Diogenes</strong></span> <span class='ocrx_word' id='word_1_419' title='bbox 3684 3083 3872 3140; x_wconf 86' lang='lat' dir='ltr'><strong>Laer-</strong></span> 
     </span>
    </p>
   </div>
   <div class='ocr_carea' id='block_1_35' title="bbox 482 3158 3877 3239">
    <p class='ocr_par' dir='ltr' id='par_1_35' title="bbox 482 3158 3877 3239">
     <span class='ocr_line' id='line_1_35' title="bbox 482 3158 3877 3239; baseline 0.001 -22"><span class='ocrx_word' id='word_1_420' title='bbox 482 3159 629 3239; x_wconf 16' lang='lat' dir='ltr'><strong>tius,</strong></span> <span class='ocrx_word' id='word_1_421' title='bbox 664 3160 875 3239; x_wconf 90' lang='lat' dir='ltr'><strong>plures</strong></span> <span class='ocrx_word' id='word_1_422' title='bbox 936 3158 1016 3218; x_wconf 90' lang='lat' dir='ltr'><strong>ab</strong></span> <span class='ocrx_word' id='word_1_423' title='bbox 1076 3159 1213 3238; x_wconf 93' lang='lat' dir='ltr'><strong>ipso</strong></span> <span class='ocrx_word' id='word_1_424' title='bbox 1274 3160 1470 3220; x_wconf 89' lang='lat' dir='ltr'><strong>libros</strong></span> <span class='ocrx_word' id='word_1_425' title='bbox 1524 3159 1760 3237; x_wconf 90' lang='lat' dir='ltr'><strong>logicos</strong></span> <span class='ocrx_word' id='word_1_426' title='bbox 1823 3160 2140 3239; x_wconf 88' lang='lat' dir='ltr'><strong>confectos</strong></span> <span class='ocrx_word' id='word_1_427' title='bbox 2200 3163 2279 3239; x_wconf 16' lang='lat' dir='ltr'><strong>et,</strong></span> <span class='ocrx_word' id='word_1_428' title='bbox 2322 3158 2524 3218; x_wconf 90' lang='lat' dir='ltr'><strong>editos</strong></span> <span class='ocrx_word' id='word_1_429' title='bbox 2585 3163 3038 3220; x_wconf 90' lang='lat' dir='ltr'><strong>commemorat</strong></span> <span class='ocrx_word' id='word_1_430' title='bbox 3107 3177 3312 3238; x_wconf 86' lang='lat' dir='ltr'><strong>quam</strong></span> <span class='ocrx_word' id='word_1_431' title='bbox 3341 3159 3530 3220; x_wconf 91' lang='lat' dir='ltr'><strong>hodie</strong></span> <span class='ocrx_word' id='word_1_432' title='bbox 3571 3160 3636 3219; x_wconf 90' lang='lat' dir='ltr'><strong>in</strong></span> <span class='ocrx_word' id='word_1_433' title='bbox 3678 3159 3877 3238; x_wconf 90' lang='lat' dir='ltr'><strong>ipsius</strong></span> 
     </span>
    </p>
   </div>
   <div class='ocr_carea' id='block_1_36' title="bbox 485 3238 3874 3319">
    <p class='ocr_par' dir='ltr' id='par_1_36' title="bbox 485 3238 3874 3319">
     <span class='ocr_line' id='line_1_36' title="bbox 485 3238 3874 3319; baseline 0 -21"><span class='ocrx_word' id='word_1_434' title='bbox 485 3238 709 3316; x_wconf 88' lang='lat' dir='ltr'><strong>Logica</strong></span> <span class='ocrx_word' id='word_1_435' title='bbox 750 3239 880 3301; x_wconf 88' lang='lat' dir='ltr'><strong>sive</strong></span> <span class='ocrx_word' id='word_1_436' title='bbox 923 3241 1174 3318; x_wconf 88' lang='lat' dir='ltr'><strong>Organo</strong></span> <span class='ocrx_word' id='word_1_437' title='bbox 1217 3241 1587 3319; x_wconf 89' lang='lat' dir='ltr'><strong>reperimus,</strong></span> <span class='ocrx_word' id='word_1_438' title='bbox 1634 3239 1701 3300; x_wconf 89' lang='lat' dir='ltr'><strong>hi</strong></span> <span class='ocrx_word' id='word_1_439' title='bbox 1747 3244 1960 3300; x_wconf 88' lang='lat' dir='ltr'><strong>tamen</strong></span> <span class='ocrx_word' id='word_1_440' title='bbox 1990 3238 2131 3316; x_wconf 90' lang='lat' dir='ltr'><strong>ipsi,</strong></span> <span class='ocrx_word' id='word_1_441' title='bbox 2179 3238 2287 3316; x_wconf 91' lang='lat' dir='ltr'><strong>qui</strong></span> <span class='ocrx_word' id='word_1_442' title='bbox 2329 3239 2541 3300; x_wconf 91' lang='lat' dir='ltr'><strong>divino</strong></span> <span class='ocrx_word' id='word_1_443' title='bbox 2586 3239 2889 3300; x_wconf 84' lang='lat' dir='ltr'><strong>beneﬁcio</strong></span> <span class='ocrx_word' id='word_1_444' title='bbox 2933 3239 3236 3300; x_wconf 88' lang='lat' dir='ltr'><strong>hactenus</strong></span> <span class='ocrx_word' id='word_1_445' title='bbox 3291 3240 3643 3301; x_wconf 86' lang='lat' dir='ltr'><strong>conservati</strong></span> <span class='ocrx_word' id='word_1_446' title='bbox 3703 3246 3874 3316; x_wconf 89' lang='lat' dir='ltr'><strong>sunt,</strong></span> 
     </span>
    </p>
   </div>
   <div class='ocr_carea' id='block_1_37' title="bbox 479 3319 3877 3400">
    <p class='ocr_par' dir='ltr' id='par_1_37' title="bbox 479 3319 3877 3400">
     <span class='ocr_line' id='line_1_37' title="bbox 479 3319 3877 3400; baseline 0.001 -22"><span class='ocrx_word' id='word_1_447' title='bbox 479 3321 671 3380; x_wconf 91' lang='lat' dir='ltr'><strong>totius</strong></span> <span class='ocrx_word' id='word_1_448' title='bbox 739 3320 892 3380; x_wconf 88' lang='lat' dir='ltr'><strong>artis</strong></span> <span class='ocrx_word' id='word_1_449' title='bbox 972 3319 1194 3397; x_wconf 89' lang='lat' dir='ltr'><strong>logica</strong></span> <span class='ocrx_word' id='word_1_450' title='bbox 1280 3321 1619 3381; x_wconf 83' lang='lat' dir='ltr'><strong>maximam</strong></span> <span class='ocrx_word' id='word_1_451' title='bbox 1705 3325 1949 3398; x_wconf 88' lang='lat' dir='ltr'><strong>partem</strong></span> <span class='ocrx_word' id='word_1_452' title='bbox 2033 3319 2461 3379; x_wconf 89' lang='lat' dir='ltr'><strong>saluberrimis</strong></span> <span class='ocrx_word' id='word_1_453' title='bbox 2559 3319 2890 3398; x_wconf 77' lang='lat' dir='ltr'><strong>praeceptis</strong></span> <span class='ocrx_word' id='word_1_454' title='bbox 2982 3319 3503 3400; x_wconf 88' lang='lat' dir='ltr'><strong>comprehensam</strong></span> <span class='ocrx_word' id='word_1_455' title='bbox 3601 3320 3877 3398; x_wconf 86' lang='lat' dir='ltr'><strong>optimo-</strong></span> 
     </span>
    </p>
   </div>
   <div class='ocr_carea' id='block_1_38' title="bbox 476 3400 3876 3479">
    <p class='ocr_par' dir='ltr' id='par_1_38' title="bbox 476 3400 3876 3479">
     <span class='ocr_line' id='line_1_38' title="bbox 476 3400 3876 3479; baseline 0 -20"><span class='ocrx_word' id='word_1_456' title='bbox 476 3418 599 3477; x_wconf 89' lang='lat' dir='ltr'><strong>que</strong></span> <span class='ocrx_word' id='word_1_457' title='bbox 667 3400 886 3460; x_wconf 90' lang='lat' dir='ltr'><strong>ordine</strong></span> <span class='ocrx_word' id='word_1_458' title='bbox 955 3400 1262 3477; x_wconf 88' lang='lat' dir='ltr'><strong>digestam</strong></span> <span class='ocrx_word' id='word_1_459' title='bbox 1334 3400 1677 3461; x_wconf 89' lang='lat' dir='ltr'><strong>continent.</strong></span> <span class='ocrx_word' id='word_1_460' title='bbox 1767 3400 1945 3471; x_wconf 86' lang='lat' dir='ltr'><strong>Quod</strong></span> <span class='ocrx_word' id='word_1_461' title='bbox 2016 3418 2166 3459; x_wconf 87' lang='lat' dir='ltr'><strong>vero</strong></span> <span class='ocrx_word' id='word_1_462' title='bbox 2240 3417 2278 3459; x_wconf 92' lang='lat' dir='ltr'><strong>a</strong></span> <span class='ocrx_word' id='word_1_463' title='bbox 2358 3400 2734 3477; x_wconf 90' lang='lat' dir='ltr'><strong>quibusdam</strong></span> <span class='ocrx_word' id='word_1_464' title='bbox 2805 3401 2870 3460; x_wconf 94' lang='lat' dir='ltr'><strong>in</strong></span> <span class='ocrx_word' id='word_1_465' title='bbox 2952 3400 3124 3460; x_wconf 91' lang='lat' dir='ltr'><strong>hisce</strong></span> <span class='ocrx_word' id='word_1_466' title='bbox 3194 3401 3544 3462; x_wconf 88' lang='lat' dir='ltr'><strong>Aristotelis</strong></span> <span class='ocrx_word' id='word_1_467' title='bbox 3615 3401 3876 3479; x_wconf 88' lang='lat' dir='ltr'><strong>reliquis</strong></span> 
     </span>
    </p>
   </div>
   <div class='ocr_carea' id='block_1_39' title="bbox 472 3479 3872 3560">
    <p class='ocr_par' dir='ltr' id='par_1_39' title="bbox 472 3479 3872 3560">
     <span class='ocr_line' id='line_1_39' title="bbox 472 3479 3872 3560; baseline 0 -21"><span class='ocrx_word' id='word_1_468' title='bbox 472 3479 650 3539; x_wconf 88' lang='lat' dir='ltr'><strong>libris</strong></span> <span class='ocrx_word' id='word_1_469' title='bbox 705 3481 925 3559; x_wconf 90' lang='lat' dir='ltr'><strong>logicis</strong></span> <span class='ocrx_word' id='word_1_470' title='bbox 986 3481 1239 3542; x_wconf 90' lang='lat' dir='ltr'><strong>uberior</strong></span> <span class='ocrx_word' id='word_1_471' title='bbox 1297 3480 1850 3560; x_wconf 88' lang='lat' dir='ltr'><strong>hypotheticorum</strong></span> <span class='ocrx_word' id='word_1_472' title='bbox 1922 3479 2428 3558; x_wconf 88' lang='lat' dir='ltr'><strong>syllogismorum</strong></span> <span class='ocrx_word' id='word_1_473' title='bbox 2495 3486 2558 3540; x_wconf 91' lang='lat' dir='ltr'><strong>et</strong></span> <span class='ocrx_word' id='word_1_474' title='bbox 2626 3481 2892 3540; x_wconf 90' lang='lat' dir='ltr'><strong>aliarum</strong></span> <span class='ocrx_word' id='word_1_475' title='bbox 2963 3481 3458 3560; x_wconf 87' lang='lat' dir='ltr'><strong>compositarum</strong></span> <span class='ocrx_word' id='word_1_476' title='bbox 3529 3500 3872 3559; x_wconf 88' lang='lat' dir='ltr'><strong>argumen-</strong></span> 
     </span>
    </p>
   </div>
   <div class='ocr_carea' id='block_1_40' title="bbox 473 3561 3870 3639">
    <p class='ocr_par' dir='ltr' id='par_1_40' title="bbox 473 3561 3870 3639">
     <span class='ocr_line' id='line_1_40' title="bbox 473 3561 3870 3639; baseline 0.001 -19"><span class='ocrx_word' id='word_1_477' title='bbox 473 3561 810 3631; x_wconf 90' lang='lat' dir='ltr'><strong>tationum,</strong></span> <span class='ocrx_word' id='word_1_478' title='bbox 885 3561 1203 3622; x_wconf 89' lang='lat' dir='ltr'><strong>divisionis</strong></span> <span class='ocrx_word' id='word_1_479' title='bbox 1272 3561 1422 3622; x_wconf 91' lang='lat' dir='ltr'><strong>item</strong></span> <span class='ocrx_word' id='word_1_480' title='bbox 1485 3580 1558 3622; x_wconf 92' lang='lat' dir='ltr'><strong>ac</strong></span> <span class='ocrx_word' id='word_1_481' title='bbox 1627 3561 1898 3639; x_wconf 79' lang='lat' dir='ltr'><strong>denique</strong></span> <span class='ocrx_word' id='word_1_482' title='bbox 1967 3561 2411 3621; x_wconf 87' lang='lat' dir='ltr'><strong>methodorum</strong></span> <span class='ocrx_word' id='word_1_483' title='bbox 2481 3561 2770 3620; x_wconf 91' lang='lat' dir='ltr'><strong>doctrina</strong></span> <span class='ocrx_word' id='word_1_484' title='bbox 2839 3561 3252 3634; x_wconf 90' lang='lat' dir='ltr'><strong>desideratur,</strong></span> <span class='ocrx_word' id='word_1_485' title='bbox 3321 3562 3602 3622; x_wconf 88' lang='lat' dir='ltr'><strong>defectus</strong></span> <span class='ocrx_word' id='word_1_486' title='bbox 3642 3562 3748 3622; x_wconf 91' lang='lat' dir='ltr'><strong>ille</strong></span> <span class='ocrx_word' id='word_1_487' title='bbox 3793 3581 3870 3622; x_wconf 84' lang='lat' dir='ltr'><strong>ex</strong></span> 
     </span>
    </p>
   </div>
   <div class='ocr_carea' id='block_1_41' title="bbox 472 3639 3872 3721">
    <p class='ocr_par' dir='ltr' id='par_1_41' title="bbox 472 3639 3872 3721">
     <span class='ocr_line' id='line_1_41' title="bbox 472 3639 3872 3721; baseline 0.001 -21"><span class='ocrx_word' id='word_1_488' title='bbox 472 3641 612 3700; x_wconf 88' lang='lat' dir='ltr'><strong>aliis</strong></span> <span class='ocrx_word' id='word_1_489' title='bbox 671 3641 737 3700; x_wconf 91' lang='lat' dir='ltr'><strong>in</strong></span> <span class='ocrx_word' id='word_1_490' title='bbox 798 3641 921 3702; x_wconf 91' lang='lat' dir='ltr'><strong>hoc</strong></span> <span class='ocrx_word' id='word_1_491' title='bbox 981 3660 1210 3719; x_wconf 89' lang='lat' dir='ltr'><strong>genere</strong></span> <span class='ocrx_word' id='word_1_492' title='bbox 1260 3641 1706 3720; x_wconf 87' lang='lat' dir='ltr'><strong>prastantibus</strong></span> <span class='ocrx_word' id='word_1_493' title='bbox 1765 3641 2003 3718; x_wconf 92' lang='lat' dir='ltr'><strong>logicis,</strong></span> <span class='ocrx_word' id='word_1_494' title='bbox 2070 3641 2179 3718; x_wconf 91' lang='lat' dir='ltr'><strong>qui</strong></span> <span class='ocrx_word' id='word_1_495' title='bbox 2246 3639 2518 3701; x_wconf 87' lang='lat' dir='ltr'><strong>inventis</strong></span> <span class='ocrx_word' id='word_1_496' title='bbox 2577 3642 2981 3702; x_wconf 72' lang='lat' dir='ltr'><strong>Aristotelicis</strong></span> <span class='ocrx_word' id='word_1_497' title='bbox 3049 3642 3230 3702; x_wconf 88' lang='lat' dir='ltr'><strong>facile</strong></span> <span class='ocrx_word' id='word_1_498' title='bbox 3291 3643 3528 3720; x_wconf 89' lang='lat' dir='ltr'><strong>aliquid</strong></span> <span class='ocrx_word' id='word_1_499' title='bbox 3599 3642 3872 3721; x_wconf 89' lang='lat' dir='ltr'><strong>amplius</strong></span> 
     </span>
    </p>
   </div>
   <div class='ocr_carea' id='block_1_42' title="bbox 472 3721 3872 3802">
    <p class='ocr_par' dir='ltr' id='par_1_42' title="bbox 472 3721 3872 3802">
     <span class='ocr_line' id='line_1_42' title="bbox 472 3721 3872 3802; baseline 0.001 -21"><span class='ocrx_word' id='word_1_500' title='bbox 472 3721 707 3802; x_wconf 84' lang='lat' dir='ltr'><strong>addere</strong></span> <span class='ocrx_word' id='word_1_501' title='bbox 769 3727 1132 3801; x_wconf 90' lang='lat' dir='ltr'><strong>potuerunt,</strong></span> <span class='ocrx_word' id='word_1_502' title='bbox 1199 3722 1593 3801; x_wconf 86' lang='lat' dir='ltr'><strong>compensari</strong></span> <span class='ocrx_word' id='word_1_503' title='bbox 1654 3727 1881 3800; x_wconf 89' lang='lat' dir='ltr'><strong>potest.</strong></span> <span class='ocrx_word' id='word_1_504' title='bbox 1945 3721 2342 3799; x_wconf 88' lang='lat' dir='ltr'><strong>Quapropter</strong></span> <span class='ocrx_word' id='word_1_505' title='bbox 2402 3723 2575 3782; x_wconf 92' lang='lat' dir='ltr'><strong>omni</strong></span> <span class='ocrx_word' id='word_1_506' title='bbox 2637 3721 2821 3782; x_wconf 88' lang='lat' dir='ltr'><strong>laude</strong></span> <span class='ocrx_word' id='word_1_507' title='bbox 2883 3722 3234 3800; x_wconf 88' lang='lat' dir='ltr'><strong>dignissimi</strong></span> <span class='ocrx_word' id='word_1_508' title='bbox 3294 3731 3438 3784; x_wconf 91' lang='lat' dir='ltr'><strong>sunt</strong></span> <span class='ocrx_word' id='word_1_509' title='bbox 3497 3723 3872 3802; x_wconf 89' lang='lat' dir='ltr'><strong>interpretes</strong></span> 
     </span>
    </p>
   </div>
   <div class='ocr_carea' id='block_1_43' title="bbox 472 3800 3872 3882">
    <p class='ocr_par' dir='ltr' id='par_1_43' title="bbox 472 3800 3872 3882">
     <span class='ocr_line' id='line_1_43' title="bbox 472 3800 3872 3882; baseline 0 -20"><span class='ocrx_word' id='word_1_510' title='bbox 472 3800 732 3882; x_wconf 80' lang='lat' dir='ltr'><strong>Arabes,</strong></span> <span class='ocrx_word' id='word_1_511' title='bbox 777 3800 1032 3875; x_wconf 33' lang='lat' dir='ltr'><strong>&#39;Graci,</strong></span> <span class='ocrx_word' id='word_1_512' title='bbox 1106 3800 1360 3874; x_wconf 43' lang='lat' dir='ltr'><strong>Latini,</strong></span> <span class='ocrx_word' id='word_1_513' title='bbox 1402 3803 1512 3881; x_wconf 89' lang='lat' dir='ltr'><strong>qui</strong></span> <span class='ocrx_word' id='word_1_514' title='bbox 1581 3820 1723 3862; x_wconf 90' lang='lat' dir='ltr'><strong>cum</strong></span> <span class='ocrx_word' id='word_1_515' title='bbox 1794 3803 1918 3862; x_wconf 91' lang='lat' dir='ltr'><strong>alia</strong></span> <span class='ocrx_word' id='word_1_516' title='bbox 1987 3802 2340 3882; x_wconf 87' lang='lat' dir='ltr'><strong>Aristotelis</strong></span> <span class='ocrx_word' id='word_1_517' title='bbox 2409 3804 2664 3880; x_wconf 80' lang='lat' dir='ltr'><strong>scripta,</strong></span> <span class='ocrx_word' id='word_1_518' title='bbox 2722 3811 2854 3861; x_wconf 90' lang='lat' dir='ltr'><strong>tum</strong></span> <span class='ocrx_word' id='word_1_519' title='bbox 2901 3805 3088 3862; x_wconf 88' lang='lat' dir='ltr'><strong>etiam</strong></span> <span class='ocrx_word' id='word_1_520' title='bbox 3134 3802 3358 3880; x_wconf 90' lang='lat' dir='ltr'><strong>logica,</strong></span> <span class='ocrx_word' id='word_1_521' title='bbox 3409 3804 3639 3882; x_wconf 89' lang='lat' dir='ltr'><strong>partim</strong></span> <span class='ocrx_word' id='word_1_522' title='bbox 3667 3800 3872 3881; x_wconf 48' lang='lat' dir='ltr'><strong>&#39;para-</strong></span> 
     </span>
    </p>
   </div>
   <div class='ocr_carea' id='block_1_44' title="bbox 471 3881 3869 3962">
    <p class='ocr_par' dir='ltr' id='par_1_44' title="bbox 471 3881 3869 3962">
     <span class='ocr_line' id='line_1_44' title="bbox 471 3881 3869 3962; baseline 0.001 -23"><span class='ocrx_word' id='word_1_523' title='bbox 471 3881 712 3959; x_wconf 90' lang='lat' dir='ltr'><strong>phrasi,</strong></span> <span class='ocrx_word' id='word_1_524' title='bbox 786 3883 1016 3962; x_wconf 91' lang='lat' dir='ltr'><strong>partim</strong></span> <span class='ocrx_word' id='word_1_525' title='bbox 1078 3883 1325 3960; x_wconf 85' lang='lat' dir='ltr'><strong>exegesi</strong></span> <span class='ocrx_word' id='word_1_526' title='bbox 1387 3891 1450 3944; x_wconf 91' lang='lat' dir='ltr'><strong>et</strong></span> <span class='ocrx_word' id='word_1_527' title='bbox 1503 3882 1735 3942; x_wconf 90' lang='lat' dir='ltr'><strong>fusiore</strong></span> <span class='ocrx_word' id='word_1_528' title='bbox 1797 3881 2251 3944; x_wconf 89' lang='lat' dir='ltr'><strong>commentario</strong></span> <span class='ocrx_word' id='word_1_529' title='bbox 2313 3883 2606 3942; x_wconf 90' lang='lat' dir='ltr'><strong>omnibus</strong></span> <span class='ocrx_word' id='word_1_530' title='bbox 2656 3883 3045 3960; x_wconf 89' lang='lat' dir='ltr'><strong>temporibus</strong></span> <span class='ocrx_word' id='word_1_531' title='bbox 3087 3881 3657 3961; x_wconf 25' lang='lat' dir='ltr'><strong>explicare’conati</strong></span> <span class='ocrx_word' id='word_1_532' title='bbox 3700 3889 3869 3943; x_wconf 88' lang='lat' dir='ltr'><strong>sunt.</strong></span> 
     </span>
    </p>
   </div>
   <div class='ocr_carea' id='block_1_45' title="bbox 474 3961 3867 4041">
    <p class='ocr_par' dir='ltr' id='par_1_45' title="bbox 474 3961 3867 4041">
     <span class='ocr_line' id='line_1_45' title="bbox 474 3961 3867 4041; baseline 0.001 -21"><span class='ocrx_word' id='word_1_533' title='bbox 474 3962 600 4021; x_wconf 91' lang='lat' dir='ltr'><strong>Sed</strong></span> <span class='ocrx_word' id='word_1_534' title='bbox 645 3961 793 4021; x_wconf 91' lang='lat' dir='ltr'><strong>non</strong></span> <span class='ocrx_word' id='word_1_535' title='bbox 833 3963 1041 4022; x_wconf 90' lang='lat' dir='ltr'><strong>minus</strong></span> <span class='ocrx_word' id='word_1_536' title='bbox 1101 3964 1291 4022; x_wconf 88' lang='lat' dir='ltr'><strong>etiam</strong></span> <span class='ocrx_word' id='word_1_537' title='bbox 1335 3981 1512 4023; x_wconf 89' lang='lat' dir='ltr'><strong>suam</strong></span> <span class='ocrx_word' id='word_1_538' title='bbox 1574 3961 1830 4023; x_wconf 91' lang='lat' dir='ltr'><strong>laudem</strong></span> <span class='ocrx_word' id='word_1_539' title='bbox 1881 3969 2223 4034; x_wconf 89' lang='lat' dir='ltr'><strong>merentur,</strong></span> <span class='ocrx_word' id='word_1_540' title='bbox 2283 3963 2390 4041; x_wconf 86' lang='lat' dir='ltr'><strong>qui</strong></span> <span class='ocrx_word' id='word_1_541' title='bbox 2461 3981 2534 4022; x_wconf 86' lang='lat' dir='ltr'><strong>ex</strong></span> <span class='ocrx_word' id='word_1_542' title='bbox 2607 3963 2825 4041; x_wconf 89' lang='lat' dir='ltr'><strong>logicis</strong></span> <span class='ocrx_word' id='word_1_543' title='bbox 2882 3965 3228 4022; x_wconf 87' lang='lat' dir='ltr'><strong>Aristotelis</strong></span> <span class='ocrx_word' id='word_1_544' title='bbox 3274 3964 3448 4022; x_wconf 91' lang='lat' dir='ltr'><strong>libris</strong></span> <span class='ocrx_word' id='word_1_545' title='bbox 3490 3965 3552 4023; x_wconf 90' lang='lat' dir='ltr'><strong>in</strong></span> <span class='ocrx_word' id='word_1_546' title='bbox 3599 3964 3867 4041; x_wconf 90' lang='lat' dir='ltr'><strong>gratiam</strong></span> 
     </span>
    </p>
   </div>
   <div class='ocr_carea' id='block_1_46' title="bbox 469 4041 3876 4122">
    <p class='ocr_par' dir='ltr' id='par_1_46' title="bbox 469 4041 3876 4122">
     <span class='ocr_line' id='line_1_46' title="bbox 469 4041 3876 4122; baseline 0.001 -22"><span class='ocrx_word' id='word_1_547' title='bbox 469 4041 843 4122; x_wconf 84' lang='lat' dir='ltr'><strong>discentium</strong></span> <span class='ocrx_word' id='word_1_548' title='bbox 915 4043 1222 4122; x_wconf 89' lang='lat' dir='ltr'><strong>epitomas</strong></span> <span class='ocrx_word' id='word_1_549' title='bbox 1293 4049 1356 4104; x_wconf 89' lang='lat' dir='ltr'><strong>et</strong></span> <span class='ocrx_word' id='word_1_550' title='bbox 1423 4061 1725 4122; x_wconf 88' lang='lat' dir='ltr'><strong>synopses</strong></span> <span class='ocrx_word' id='word_1_551' title='bbox 1793 4047 2225 4115; x_wconf 86' lang='lat' dir='ltr'><strong>extraxerunt,</strong></span> <span class='ocrx_word' id='word_1_552' title='bbox 2300 4061 2530 4120; x_wconf 91' lang='lat' dir='ltr'><strong>easque</strong></span> <span class='ocrx_word' id='word_1_553' title='bbox 2601 4045 2698 4102; x_wconf 91' lang='lat' dir='ltr'><strong>vel</strong></span> <span class='ocrx_word' id='word_1_554' title='bbox 2768 4043 3067 4103; x_wconf 90' lang='lat' dir='ltr'><strong>continuo</strong></span> <span class='ocrx_word' id='word_1_555' title='bbox 3137 4043 3442 4103; x_wconf 90' lang='lat' dir='ltr'><strong>orationis</strong></span> <span class='ocrx_word' id='word_1_556' title='bbox 3503 4061 3732 4120; x_wconf 90' lang='lat' dir='ltr'><strong>genere</strong></span> <span class='ocrx_word' id='word_1_557' title='bbox 3776 4043 3876 4103; x_wconf 90' lang='lat' dir='ltr'><strong>vel</strong></span> 
     </span>
    </p>
   </div>
   <div class='ocr_carea' id='block_1_47' title="bbox 469 4121 3873 4202">
    <p class='ocr_par' dir='ltr' id='par_1_47' title="bbox 469 4121 3873 4202">
     <span class='ocr_line' id='line_1_47' title="bbox 469 4121 3873 4202; baseline 0.001 -22"><span class='ocrx_word' id='word_1_558' title='bbox 469 4121 862 4202; x_wconf 88' lang='lat' dir='ltr'><strong>dialogistico</strong></span> <span class='ocrx_word' id='word_1_559' title='bbox 935 4124 1033 4184; x_wconf 86' lang='lat' dir='ltr'><strong>vel</strong></span> <span class='ocrx_word' id='word_1_560' title='bbox 1103 4124 1294 4184; x_wconf 88' lang='lat' dir='ltr'><strong>etiam</strong></span> <span class='ocrx_word' id='word_1_561' title='bbox 1353 4121 1773 4202; x_wconf 87' lang='lat' dir='ltr'><strong>quastionum</strong></span> <span class='ocrx_word' id='word_1_562' title='bbox 1844 4129 1907 4183; x_wconf 87' lang='lat' dir='ltr'><strong>et</strong></span> <span class='ocrx_word' id='word_1_563' title='bbox 1974 4122 2454 4201; x_wconf 85' lang='lat' dir='ltr'><strong>responsionum</strong></span> <span class='ocrx_word' id='word_1_564' title='bbox 2527 4125 2730 4183; x_wconf 82' lang='lat' dir='ltr'><strong>forma</strong></span> <span class='ocrx_word' id='word_1_565' title='bbox 2789 4123 3202 4182; x_wconf 89' lang='lat' dir='ltr'><strong>adornarunt.</strong></span> <span class='ocrx_word' id='word_1_566' title='bbox 3277 4124 3554 4194; x_wconf 90' lang='lat' dir='ltr'><strong>Quarum</strong></span> <span class='ocrx_word' id='word_1_567' title='bbox 3617 4122 3873 4201; x_wconf 88' lang='lat' dir='ltr'><strong>quidem</strong></span> 
     </span>
    </p>
   </div>
   <div class='ocr_carea' id='block_1_48' title="bbox 468 4201 3874 4282">
    <p class='ocr_par' dir='ltr' id='par_1_48' title="bbox 468 4201 3874 4282">
     <span class='ocr_line' id='line_1_48' title="bbox 468 4201 3874 4282; baseline 0.001 -20"><span class='ocrx_word' id='word_1_568' title='bbox 468 4201 608 4282; x_wconf 87' lang='lat' dir='ltr'><strong>aliis</strong></span> <span class='ocrx_word' id='word_1_569' title='bbox 651 4202 896 4262; x_wconf 90' lang='lat' dir='ltr'><strong>saculis</strong></span> <span class='ocrx_word' id='word_1_570' title='bbox 939 4203 1163 4282; x_wconf 88' lang='lat' dir='ltr'><strong>major,</strong></span> <span class='ocrx_word' id='word_1_571' title='bbox 1211 4201 1609 4264; x_wconf 29' lang='lat' dir='ltr'><strong>aliis’minor</strong></span> <span class='ocrx_word' id='word_1_572' title='bbox 1636 4224 1651 4276; x_wconf 90' lang='lat'><strong>;</strong></span> <span class='ocrx_word' id='word_1_573' title='bbox 1699 4203 1806 4263; x_wconf 92' lang='lat' dir='ltr'><strong>sed</strong></span> <span class='ocrx_word' id='word_1_574' title='bbox 1853 4209 2104 4282; x_wconf 90' lang='lat' dir='ltr'><strong>patrum</strong></span> <span class='ocrx_word' id='word_1_575' title='bbox 2147 4209 2209 4263; x_wconf 91' lang='lat' dir='ltr'><strong>et</strong></span> <span class='ocrx_word' id='word_1_576' title='bbox 2260 4221 2520 4263; x_wconf 87' lang='lat' dir='ltr'><strong>avorum</strong></span> <span class='ocrx_word' id='word_1_577' title='bbox 2584 4202 2866 4282; x_wconf 83' lang='lat' dir='ltr'><strong>proxime</strong></span> <span class='ocrx_word' id='word_1_578' title='bbox 2913 4203 3231 4282; x_wconf 88' lang='lat' dir='ltr'><strong>praterito</strong></span> <span class='ocrx_word' id='word_1_579' title='bbox 3296 4203 3570 4264; x_wconf 83' lang='lat' dir='ltr'><strong>maxima</strong></span> <span class='ocrx_word' id='word_1_580' title='bbox 3631 4204 3748 4263; x_wconf 87' lang='lat' dir='ltr'><strong>fuit</strong></span> <span class='ocrx_word' id='word_1_581' title='bbox 3810 4208 3874 4264; x_wconf 88' lang='lat' dir='ltr'><strong>et</strong></span> 
     </span>
    </p>
   </div>
   <div class='ocr_carea' id='block_1_49' title="bbox 469 4281 3871 4362">
    <p class='ocr_par' dir='ltr' id='par_1_49' title="bbox 469 4281 3871 4362">
     <span class='ocr_line' id='line_1_49' title="bbox 469 4281 3871 4362; baseline 0.001 -21"><span class='ocrx_word' id='word_1_582' title='bbox 469 4281 661 4342; x_wconf 91' lang='lat' dir='ltr'><strong>etiam</strong></span> <span class='ocrx_word' id='word_1_583' title='bbox 733 4301 898 4343; x_wconf 88' lang='lat' dir='ltr'><strong>nunc</strong></span> <span class='ocrx_word' id='word_1_584' title='bbox 969 4281 1063 4344; x_wconf 87' lang='lat' dir='ltr'><strong>est</strong></span> <span class='ocrx_word' id='word_1_585' title='bbox 1134 4285 1364 4362; x_wconf 91' lang='lat' dir='ltr'><strong>copia;</strong></span> <span class='ocrx_word' id='word_1_586' title='bbox 1437 4283 1515 4344; x_wconf 89' lang='lat' dir='ltr'><strong>de</strong></span> <span class='ocrx_word' id='word_1_587' title='bbox 1584 4283 1813 4360; x_wconf 91' lang='lat' dir='ltr'><strong>quibus</strong></span> <span class='ocrx_word' id='word_1_588' title='bbox 1856 4281 2152 4342; x_wconf 85' lang='lat' dir='ltr'><strong>aliorum</strong></span> <span class='ocrx_word' id='word_1_589' title='bbox 2224 4290 2355 4344; x_wconf 88' lang='lat' dir='ltr'><strong>esto</strong></span> <span class='ocrx_word' id='word_1_590' title='bbox 2392 4281 2724 4362; x_wconf 85' lang='lat' dir='ltr'><strong>judicium.</strong></span> <span class='ocrx_word' id='word_1_591' title='bbox 2772 4284 2850 4343; x_wconf 90' lang='lat' dir='ltr'><strong>Et</strong></span> <span class='ocrx_word' id='word_1_592' title='bbox 2901 4281 3070 4343; x_wconf 79' lang='lat' dir='ltr'><strong>Certo</strong></span> <span class='ocrx_word' id='word_1_593' title='bbox 3118 4302 3243 4344; x_wconf 92' lang='lat' dir='ltr'><strong>non</strong></span> <span class='ocrx_word' id='word_1_594' title='bbox 3286 4284 3372 4344; x_wconf 91' lang='lat' dir='ltr'><strong>ita</strong></span> <span class='ocrx_word' id='word_1_595' title='bbox 3421 4284 3574 4343; x_wconf 90' lang='lat' dir='ltr'><strong>mihi</strong></span> <span class='ocrx_word' id='word_1_596' title='bbox 3616 4283 3871 4344; x_wconf 82' lang='lat' dir='ltr'><strong>difﬁcile</strong></span> 
     </span>
    </p>
   </div>
   <div class='ocr_carea' id='block_1_50' title="bbox 469 4363 3868 4442">
    <p class='ocr_par' dir='ltr' id='par_1_50' title="bbox 469 4363 3868 4442">
     <span class='ocr_line' id='line_1_50' title="bbox 469 4363 3868 4442; baseline 0 -21"><span class='ocrx_word' id='word_1_597' title='bbox 469 4363 855 4442; x_wconf 87' lang='lat' dir='ltr'><strong>fuissetvel</strong></span> <span class='ocrx_word' id='word_1_598' title='bbox 926 4381 1002 4423; x_wconf 81' lang='lat' dir='ltr'><strong>ex</strong></span> <span class='ocrx_word' id='word_1_599' title='bbox 1071 4366 1323 4442; x_wconf 88' lang='lat' dir='ltr'><strong>Organo</strong></span> <span class='ocrx_word' id='word_1_600' title='bbox 1395 4364 1743 4424; x_wconf 88' lang='lat' dir='ltr'><strong>Aristotelis</strong></span> <span class='ocrx_word' id='word_1_601' title='bbox 1813 4363 1911 4424; x_wconf 87' lang='lat' dir='ltr'><strong>vel</strong></span> <span class='ocrx_word' id='word_1_602' title='bbox 1981 4363 2336 4424; x_wconf 88' lang='lat' dir='ltr'><strong>liberiorem</strong></span> <span class='ocrx_word' id='word_1_603' title='bbox 2404 4363 2771 4423; x_wconf 89' lang='lat' dir='ltr'><strong>methodum</strong></span> <span class='ocrx_word' id='word_1_604' title='bbox 2829 4365 3118 4442; x_wconf 88' lang='lat' dir='ltr'><strong>sequenti</strong></span> <span class='ocrx_word' id='word_1_605' title='bbox 3159 4383 3286 4425; x_wconf 93' lang='lat' dir='ltr'><strong>non</strong></span> <span class='ocrx_word' id='word_1_606' title='bbox 3332 4384 3404 4424; x_wconf 89' lang='lat' dir='ltr'><strong>ex</strong></span> <span class='ocrx_word' id='word_1_607' title='bbox 3477 4383 3550 4425; x_wconf 93' lang='lat' dir='ltr'><strong>eo</strong></span> <span class='ocrx_word' id='word_1_608' title='bbox 3596 4369 3868 4437; x_wconf 90' lang='lat' dir='ltr'><strong>tantum,</strong></span> 
     </span>
    </p>
   </div>
   <div class='ocr_carea' id='block_1_51' title="bbox 472 4441 3866 4524">
    <p class='ocr_par' dir='ltr' id='par_1_51' title="bbox 472 4441 3866 4524">
     <span class='ocr_line' id='line_1_51' title="bbox 472 4441 3866 4524; baseline 0.001 -22"><span class='ocrx_word' id='word_1_609' title='bbox 472 4443 586 4524; x_wconf 82' lang='lat' dir='ltr'><strong>sed</strong></span> <span class='ocrx_word' id='word_1_610' title='bbox 653 4441 988 4524; x_wconf 13' lang='lat' dir='ltr'><strong>etiamrex</strong></span> <span class='ocrx_word' id='word_1_611' title='bbox 1055 4441 1502 4524; x_wconf 87' lang='lat' dir='ltr'><strong>interpretibus</strong></span> <span class='ocrx_word' id='word_1_612' title='bbox 1573 4452 1648 4524; x_wconf 18' lang='lat' dir='ltr'><strong>et,</strong></span> <span class='ocrx_word' id='word_1_613' title='bbox 1690 4443 1830 4503; x_wconf 90' lang='lat' dir='ltr'><strong>aliis</strong></span> <span class='ocrx_word' id='word_1_614' title='bbox 1888 4444 2248 4524; x_wconf 89' lang='lat' dir='ltr'><strong>auctoribus</strong></span> <span class='ocrx_word' id='word_1_615' title='bbox 2305 4444 2523 4522; x_wconf 90' lang='lat' dir='ltr'><strong>logicis</strong></span> <span class='ocrx_word' id='word_1_616' title='bbox 2576 4445 2766 4504; x_wconf 89' lang='lat' dir='ltr'><strong>talem</strong></span> <span class='ocrx_word' id='word_1_617' title='bbox 2827 4444 3104 4522; x_wconf 86' lang='lat' dir='ltr'><strong>aliquam</strong></span> <span class='ocrx_word' id='word_1_618' title='bbox 3162 4447 3481 4524; x_wconf 77' lang='lat' dir='ltr'><strong>synopsim</strong></span> <span class='ocrx_word' id='word_1_619' title='bbox 3549 4444 3866 4515; x_wconf 79' lang='lat' dir='ltr'><strong>colligere.</strong></span> 
     </span>
    </p>
   </div>
   <div class='ocr_carea' id='block_1_52' title="bbox 468 4523 3865 4603">
    <p class='ocr_par' dir='ltr' id='par_1_52' title="bbox 468 4523 3865 4603">
     <span class='ocr_line' id='line_1_52' title="bbox 468 4523 3865 4603; baseline 0.001 -21"><span class='ocrx_word' id='word_1_620' title='bbox 468 4523 593 4583; x_wconf 92' lang='lat' dir='ltr'><strong>Sed</strong></span> <span class='ocrx_word' id='word_1_621' title='bbox 655 4542 797 4582; x_wconf 90' lang='lat' dir='ltr'><strong>cum</strong></span> <span class='ocrx_word' id='word_1_622' title='bbox 861 4523 926 4583; x_wconf 92' lang='lat' dir='ltr'><strong>in</strong></span> <span class='ocrx_word' id='word_1_623' title='bbox 991 4530 1168 4584; x_wconf 89' lang='lat' dir='ltr'><strong>tanta</strong></span> <span class='ocrx_word' id='word_1_624' title='bbox 1229 4523 1535 4585; x_wconf 90' lang='lat' dir='ltr'><strong>librorum</strong></span> <span class='ocrx_word' id='word_1_625' title='bbox 1599 4523 1982 4602; x_wconf 90' lang='lat' dir='ltr'><strong>ejuscemodi</strong></span> <span class='ocrx_word' id='word_1_626' title='bbox 2046 4524 2466 4584; x_wconf 89' lang='lat' dir='ltr'><strong>recentiorum</strong></span> <span class='ocrx_word' id='word_1_627' title='bbox 2538 4525 2719 4597; x_wconf 89' lang='lat' dir='ltr'><strong>copia</strong></span> <span class='ocrx_word' id='word_1_628' title='bbox 2789 4523 3337 4600; x_wconf 86' lang='lat' dir='ltr'><strong>supervacaneam</strong></span> <span class='ocrx_word' id='word_1_629' title='bbox 3391 4523 3865 4603; x_wconf 89' lang='lat' dir='ltr'><strong>quodammodo</strong></span> 
     </span>
    </p>
   </div>
   <div class='ocr_carea' id='block_1_53' title="bbox 467 4604 3869 4684">
    <p class='ocr_par' dir='ltr' id='par_1_53' title="bbox 467 4604 3869 4684">
     <span class='ocr_line' id='line_1_53' title="bbox 467 4604 3869 4684; baseline 0.001 -22"><span class='ocrx_word' id='word_1_630' title='bbox 467 4620 674 4664; x_wconf 88' lang='lat' dir='ltr'><strong>meam</strong></span> <span class='ocrx_word' id='word_1_631' title='bbox 749 4623 1011 4684; x_wconf 89' lang='lat' dir='ltr'><strong>operam</strong></span> <span class='ocrx_word' id='word_1_632' title='bbox 1081 4605 1360 4664; x_wconf 89' lang='lat' dir='ltr'><strong>futuram</strong></span> <span class='ocrx_word' id='word_1_633' title='bbox 1430 4604 1933 4676; x_wconf 87' lang='lat' dir='ltr'><strong>existimassem;</strong></span> <span class='ocrx_word' id='word_1_634' title='bbox 2016 4610 2078 4664; x_wconf 91' lang='lat' dir='ltr'><strong>et</strong></span> <span class='ocrx_word' id='word_1_635' title='bbox 2148 4623 2294 4664; x_wconf 87' lang='lat' dir='ltr'><strong>vero</strong></span> <span class='ocrx_word' id='word_1_636' title='bbox 2387 4605 2955 4682; x_wconf 90' lang='lat' dir='ltr'><strong>manuscriptorum</strong></span> <span class='ocrx_word' id='word_1_637' title='bbox 3053 4605 3474 4682; x_wconf 90' lang='lat' dir='ltr'><strong>quorumdam</strong></span> <span class='ocrx_word' id='word_1_638' title='bbox 3564 4605 3869 4664; x_wconf 90' lang='lat' dir='ltr'><strong>librorum</strong></span> 
     </span>
    </p>
   </div>
   <div class='ocr_carea' id='block_1_54' title="bbox 469 4684 3870 4764">
    <p class='ocr_par' dir='ltr' id='par_1_54' title="bbox 469 4684 3870 4764">
     <span class='ocr_line' id='line_1_54' title="bbox 469 4684 3870 4764; baseline -0 -20"><span class='ocrx_word' id='word_1_639' title='bbox 469 4689 751 4764; x_wconf 82' lang='lat' dir='ltr'><strong>veterum</strong></span> <span class='ocrx_word' id='word_1_640' title='bbox 842 4686 1006 4764; x_wconf 90' lang='lat' dir='ltr'><strong>typis</strong></span> <span class='ocrx_word' id='word_1_641' title='bbox 1095 4702 1421 4763; x_wconf 90' lang='lat' dir='ltr'><strong>nunquam</strong></span> <span class='ocrx_word' id='word_1_642' title='bbox 1509 4702 1882 4745; x_wconf 88' lang='lat' dir='ltr'><strong>excusorum</strong></span> <span class='ocrx_word' id='word_1_643' title='bbox 1976 4686 2369 4745; x_wconf 91' lang='lat' dir='ltr'><strong>occasionem</strong></span> <span class='ocrx_word' id='word_1_644' title='bbox 2468 4687 2532 4744; x_wconf 91' lang='lat' dir='ltr'><strong>in</strong></span> <span class='ocrx_word' id='word_1_645' title='bbox 2619 4684 3106 4745; x_wconf 89' lang='lat' dir='ltr'><strong>instructissima</strong></span> <span class='ocrx_word' id='word_1_646' title='bbox 3191 4687 3554 4764; x_wconf 71' lang='lat' dir='ltr'><strong>reipublicae</strong></span> <span class='ocrx_word' id='word_1_647' title='bbox 3643 4691 3870 4744; x_wconf 87' lang='lat' dir='ltr'><strong>nostra</strong></span> 
     </span>
    </p>
   </div>
   <div class='ocr_carea' id='block_1_55' title="bbox 463 4763 3871 4844">
    <p class='ocr_par' dir='ltr' id='par_1_55' title="bbox 463 4763 3871 4844">
     <span class='ocr_line' id='line_1_55' title="bbox 463 4763 3871 4844; baseline 0 -20"><span class='ocrx_word' id='word_1_648' title='bbox 463 4763 1052 4825; x_wconf 88' lang='lat' dir='ltr'><strong>bibliothecamihi</strong></span> <span class='ocrx_word' id='word_1_649' title='bbox 1095 4766 1375 4826; x_wconf 91' lang='lat' dir='ltr'><strong>oblatam</strong></span> <span class='ocrx_word' id='word_1_650' title='bbox 1422 4765 1695 4826; x_wconf 91' lang='lat' dir='ltr'><strong>viderem</strong></span> <span class='ocrx_word' id='word_1_651' title='bbox 1731 4782 1744 4823; x_wconf 91' lang='lat'><strong>:</strong></span> <span class='ocrx_word' id='word_1_652' title='bbox 1795 4764 1918 4824; x_wconf 90' lang='lat' dir='ltr'><strong>huc</strong></span> <span class='ocrx_word' id='word_1_653' title='bbox 1961 4766 2242 4825; x_wconf 90' lang='lat' dir='ltr'><strong>animum</strong></span> <span class='ocrx_word' id='word_1_654' title='bbox 2291 4765 2498 4844; x_wconf 90' lang='lat' dir='ltr'><strong>potius</strong></span> <span class='ocrx_word' id='word_1_655' title='bbox 2541 4765 2818 4844; x_wconf 89' lang='lat' dir='ltr'><strong>applicui</strong></span> <span class='ocrx_word' id='word_1_656' title='bbox 2863 4771 2931 4824; x_wconf 90' lang='lat' dir='ltr'><strong>ut</strong></span> <span class='ocrx_word' id='word_1_657' title='bbox 2973 4784 3047 4825; x_wconf 90' lang='lat' dir='ltr'><strong>ex</strong></span> <span class='ocrx_word' id='word_1_658' title='bbox 3091 4783 3166 4825; x_wconf 90' lang='lat' dir='ltr'><strong>ea</strong></span> <span class='ocrx_word' id='word_1_659' title='bbox 3226 4763 3382 4826; x_wconf 91' lang='lat' dir='ltr'><strong>tales</strong></span> <span class='ocrx_word' id='word_1_660' title='bbox 3423 4767 3668 4844; x_wconf 89' lang='lat' dir='ltr'><strong>aliquot</strong></span> <span class='ocrx_word' id='word_1_661' title='bbox 3727 4783 3871 4825; x_wconf 92' lang='lat' dir='ltr'><strong>cum</strong></span> 
     </span>
    </p>
   </div>
   <div class='ocr_carea' id='block_1_56' title="bbox 468 4844 3866 4924">
    <p class='ocr_par' dir='ltr' id='par_1_56' title="bbox 468 4844 3866 4924">
     <span class='ocr_line' id='line_1_56' title="bbox 468 4844 3866 4924; baseline 0.001 -20"><span class='ocrx_word' id='word_1_662' title='bbox 468 4844 866 4922; x_wconf 89' lang='lat' dir='ltr'><strong>antiquitatis</strong></span> <span class='ocrx_word' id='word_1_663' title='bbox 908 4851 972 4906; x_wconf 88' lang='lat' dir='ltr'><strong>et</strong></span> <span class='ocrx_word' id='word_1_664' title='bbox 1013 4846 1316 4906; x_wconf 89' lang='lat' dir='ltr'><strong>doctrina</strong></span> <span class='ocrx_word' id='word_1_665' title='bbox 1359 4865 1549 4907; x_wconf 91' lang='lat' dir='ltr'><strong>causa</strong></span> <span class='ocrx_word' id='word_1_666' title='bbox 1591 4846 1914 4924; x_wconf 87' lang='lat' dir='ltr'><strong>gratiores,</strong></span> <span class='ocrx_word' id='word_1_667' title='bbox 1983 4852 2117 4905; x_wconf 91' lang='lat' dir='ltr'><strong>tum</strong></span> <span class='ocrx_word' id='word_1_668' title='bbox 2180 4845 2502 4924; x_wconf 91' lang='lat' dir='ltr'><strong>juventuti</strong></span> <span class='ocrx_word' id='word_1_669' title='bbox 2557 4846 2945 4906; x_wconf 86' lang='lat' dir='ltr'><strong>scholastica</strong></span> <span class='ocrx_word' id='word_1_670' title='bbox 3010 4846 3166 4905; x_wconf 89' lang='lat' dir='ltr'><strong>mihi</strong></span> <span class='ocrx_word' id='word_1_671' title='bbox 3223 4847 3576 4906; x_wconf 89' lang='lat' dir='ltr'><strong>commissa</strong></span> <span class='ocrx_word' id='word_1_672' title='bbox 3637 4863 3866 4906; x_wconf 87' lang='lat' dir='ltr'><strong>conve-</strong></span> 
     </span>
    </p>
   </div>
   <div class='ocr_carea' id='block_1_57' title="bbox 468 4924 3870 5004">
    <p class='ocr_par' dir='ltr' id='par_1_57' title="bbox 468 4924 3870 5004">
     <span class='ocr_line' id='line_1_57' title="bbox 468 4924 3870 5004; baseline 0 -20"><span class='ocrx_word' id='word_1_673' title='bbox 468 4924 814 4985; x_wconf 88' lang='lat' dir='ltr'><strong>nientiores</strong></span> <span class='ocrx_word' id='word_1_674' title='bbox 874 4931 938 4986; x_wconf 89' lang='lat' dir='ltr'><strong>et</strong></span> <span class='ocrx_word' id='word_1_675' title='bbox 1001 4927 1279 4987; x_wconf 90' lang='lat' dir='ltr'><strong>utiliores</strong></span> <span class='ocrx_word' id='word_1_676' title='bbox 1347 4944 1631 4988; x_wconf 90' lang='lat' dir='ltr'><strong>eruerem</strong></span> <span class='ocrx_word' id='word_1_677' title='bbox 1694 4932 1758 4986; x_wconf 91' lang='lat' dir='ltr'><strong>et</strong></span> <span class='ocrx_word' id='word_1_678' title='bbox 1819 4926 2186 5004; x_wconf 86' lang='lat' dir='ltr'><strong>proferrem,</strong></span> <span class='ocrx_word' id='word_1_679' title='bbox 2250 4927 2312 4986; x_wconf 91' lang='lat' dir='ltr'><strong>in</strong></span> <span class='ocrx_word' id='word_1_680' title='bbox 2389 4926 2672 4986; x_wconf 87' lang='lat' dir='ltr'><strong>Latinam</strong></span> <span class='ocrx_word' id='word_1_681' title='bbox 2744 4926 3025 5003; x_wconf 89' lang='lat' dir='ltr'><strong>linguam</strong></span> <span class='ocrx_word' id='word_1_682' title='bbox 3094 4934 3524 4988; x_wconf 90' lang='lat' dir='ltr'><strong>converterem</strong></span> <span class='ocrx_word' id='word_1_683' title='bbox 3595 4931 3659 4985; x_wconf 90' lang='lat' dir='ltr'><strong>et</strong></span> <span class='ocrx_word' id='word_1_684' title='bbox 3699 4944 3870 4986; x_wconf 87' lang='lat' dir='ltr'><strong>com-</strong></span> 
     </span>
    </p>
   </div>
   <div class='ocr_carea' id='block_1_58' title="bbox 470 5005 3870 5085">
    <p class='ocr_par' dir='ltr' id='par_1_58' title="bbox 470 5005 3870 5085">
     <span class='ocr_line' id='line_1_58' title="bbox 470 5005 3870 5085; baseline 0.001 -21"><span class='ocrx_word' id='word_1_685' title='bbox 470 5005 796 5066; x_wconf 88' lang='lat' dir='ltr'><strong>mentariis</strong></span> <span class='ocrx_word' id='word_1_686' title='bbox 838 5005 903 5066; x_wconf 90' lang='lat' dir='ltr'><strong>in</strong></span> <span class='ocrx_word' id='word_1_687' title='bbox 965 5006 1241 5068; x_wconf 90' lang='lat' dir='ltr'><strong>tironum</strong></span> <span class='ocrx_word' id='word_1_688' title='bbox 1306 5025 1487 5068; x_wconf 91' lang='lat' dir='ltr'><strong>usum</strong></span> <span class='ocrx_word' id='word_1_689' title='bbox 1551 5007 1960 5067; x_wconf 88' lang='lat' dir='ltr'><strong>declararem.</strong></span> <span class='ocrx_word' id='word_1_690' title='bbox 2024 5007 2237 5076; x_wconf 91' lang='lat' dir='ltr'><strong>Qualis</strong></span> <span class='ocrx_word' id='word_1_691' title='bbox 2299 5007 2488 5067; x_wconf 87' lang='lat' dir='ltr'><strong>etiam</strong></span> <span class='ocrx_word' id='word_1_692' title='bbox 2552 5013 2646 5066; x_wconf 91' lang='lat' dir='ltr'><strong>est</strong></span> <span class='ocrx_word' id='word_1_693' title='bbox 2707 5006 2842 5065; x_wconf 88' lang='lat' dir='ltr'><strong>hac</strong></span> <span class='ocrx_word' id='word_1_694' title='bbox 2904 5005 3240 5085; x_wconf 88' lang='lat' dir='ltr'><strong>Nicephori</strong></span> <span class='ocrx_word' id='word_1_695' title='bbox 3295 5005 3657 5067; x_wconf 88' lang='lat' dir='ltr'><strong>Biemmida</strong></span> <span class='ocrx_word' id='word_1_696' title='bbox 3721 5007 3870 5085; x_wconf 89' lang='lat' dir='ltr'><strong>Epi-</strong></span> 
     </span>
    </p>
   </div>
   <div class='ocr_carea' id='block_1_59' title="bbox 468 5085 3870 5167">
    <p class='ocr_par' dir='ltr' id='par_1_59' title="bbox 468 5085 3870 5167">
     <span class='ocr_line' id='line_1_59' title="bbox 468 5085 3870 5167; baseline 0.001 -22"><span class='ocrx_word' id='word_1_697' title='bbox 468 5089 638 5167; x_wconf 75' lang='lat' dir='ltr'><strong>tome</strong></span> <span class='ocrx_word' id='word_1_698' title='bbox 671 5085 908 5167; x_wconf 85' lang='lat' dir='ltr'><strong>logica,</strong></span> <span class='ocrx_word' id='word_1_699' title='bbox 957 5105 1145 5166; x_wconf 89' lang='lat' dir='ltr'><strong>quam</strong></span> <span class='ocrx_word' id='word_1_700' title='bbox 1193 5107 1272 5148; x_wconf 88' lang='lat' dir='ltr'><strong>ex</strong></span> <span class='ocrx_word' id='word_1_701' title='bbox 1314 5095 1588 5167; x_wconf 89' lang='lat' dir='ltr'><strong>quatuor</strong></span> <span class='ocrx_word' id='word_1_702' title='bbox 1633 5087 2074 5164; x_wconf 86' lang='lat' dir='ltr'><strong>manuscriptis</strong></span> <span class='ocrx_word' id='word_1_703' title='bbox 2117 5087 2436 5147; x_wconf 90' lang='lat' dir='ltr'><strong>codicibus</strong></span> <span class='ocrx_word' id='word_1_704' title='bbox 2496 5087 2896 5147; x_wconf 87' lang='lat' dir='ltr'><strong>bibliotheca</strong></span> <span class='ocrx_word' id='word_1_705' title='bbox 2958 5094 3189 5147; x_wconf 90' lang='lat' dir='ltr'><strong>nostra</strong></span> <span class='ocrx_word' id='word_1_706' title='bbox 3251 5088 3519 5165; x_wconf 85' lang='lat' dir='ltr'><strong>publica</strong></span> <span class='ocrx_word' id='word_1_707' title='bbox 3577 5087 3744 5146; x_wconf 88' lang='lat' dir='ltr'><strong>inter</strong></span> <span class='ocrx_word' id='word_1_708' title='bbox 3805 5105 3870 5148; x_wconf 87' lang='lat' dir='ltr'><strong>se</strong></span> 
     </span>
    </p>
   </div>
   <div class='ocr_carea' id='block_1_60' title="bbox 467 5165 3869 5247">
    <p class='ocr_par' dir='ltr' id='par_1_60' title="bbox 467 5165 3869 5247">
     <span class='ocr_line' id='line_1_60' title="bbox 467 5165 3869 5247; baseline 0.001 -22"><span class='ocrx_word' id='word_1_709' title='bbox 467 5165 718 5247; x_wconf 83' lang='lat' dir='ltr'><strong>collatis</strong></span> <span class='ocrx_word' id='word_1_710' title='bbox 761 5165 1002 5246; x_wconf 90' lang='lat' dir='ltr'><strong>optima</strong></span> <span class='ocrx_word' id='word_1_711' title='bbox 1045 5168 1169 5229; x_wconf 87' lang='lat' dir='ltr'><strong>ﬁde</strong></span> <span class='ocrx_word' id='word_1_712' title='bbox 1211 5165 1532 5247; x_wconf 80' lang='lat' dir='ltr'><strong>descripsi,</strong></span> <span class='ocrx_word' id='word_1_713' title='bbox 1579 5167 1865 5228; x_wconf 90' lang='lat' dir='ltr'><strong>Latinam</strong></span> <span class='ocrx_word' id='word_1_714' title='bbox 1911 5167 2051 5240; x_wconf 90' lang='lat' dir='ltr'><strong>feci,</strong></span> <span class='ocrx_word' id='word_1_715' title='bbox 2098 5174 2160 5227; x_wconf 91' lang='lat' dir='ltr'><strong>et</strong></span> <span class='ocrx_word' id='word_1_716' title='bbox 2201 5167 2455 5228; x_wconf 89' lang='lat' dir='ltr'><strong>scholiis</strong></span> <span class='ocrx_word' id='word_1_717' title='bbox 2499 5185 2639 5227; x_wconf 91' lang='lat' dir='ltr'><strong>cum</strong></span> <span class='ocrx_word' id='word_1_718' title='bbox 2686 5167 3012 5245; x_wconf 72' lang='lat' dir='ltr'><strong>analytiris</strong></span> <span class='ocrx_word' id='word_1_719' title='bbox 3065 5174 3197 5227; x_wconf 91' lang='lat' dir='ltr'><strong>tum</strong></span> <span class='ocrx_word' id='word_1_720' title='bbox 3260 5167 3593 5245; x_wconf 89' lang='lat' dir='ltr'><strong>exegeticis</strong></span> <span class='ocrx_word' id='word_1_721' title='bbox 3657 5167 3869 5244; x_wconf 84' lang='lat' dir='ltr'><strong>priva-</strong></span> 
     </span>
    </p>
   </div>
   <div class='ocr_carea' id='block_1_61' title="bbox 469 5245 3873 5327">
    <p class='ocr_par' dir='ltr' id='par_1_61' title="bbox 469 5245 3873 5327">
     <span class='ocr_line' id='line_1_61' title="bbox 469 5245 3873 5327; baseline 0 -21"><span class='ocrx_word' id='word_1_722' title='bbox 469 5245 581 5306; x_wconf 88' lang='lat' dir='ltr'><strong>tim</strong></span> <span class='ocrx_word' id='word_1_723' title='bbox 653 5245 989 5316; x_wconf 83' lang='lat' dir='ltr'><strong>declaravi,</strong></span> <span class='ocrx_word' id='word_1_724' title='bbox 1065 5253 1127 5308; x_wconf 89' lang='lat' dir='ltr'><strong>et</strong></span> <span class='ocrx_word' id='word_1_725' title='bbox 1183 5248 1318 5327; x_wconf 90' lang='lat' dir='ltr'><strong>jam</strong></span> <span class='ocrx_word' id='word_1_726' title='bbox 1390 5245 1578 5308; x_wconf 85' lang='lat' dir='ltr'><strong>etiam</strong></span> <span class='ocrx_word' id='word_1_727' title='bbox 1649 5247 1729 5307; x_wconf 90' lang='lat' dir='ltr'><strong>ad</strong></span> <span class='ocrx_word' id='word_1_728' title='bbox 1790 5265 2191 5308; x_wconf 87' lang='lat' dir='ltr'><strong>communem</strong></span> <span class='ocrx_word' id='word_1_729' title='bbox 2244 5249 2527 5308; x_wconf 89' lang='lat' dir='ltr'><strong>omnium</strong></span> <span class='ocrx_word' id='word_1_730' title='bbox 2573 5247 2681 5326; x_wconf 91' lang='lat' dir='ltr'><strong>qui</strong></span> <span class='ocrx_word' id='word_1_731' title='bbox 2727 5248 2817 5307; x_wconf 90' lang='lat' dir='ltr'><strong>uti</strong></span> <span class='ocrx_word' id='word_1_732' title='bbox 2859 5248 3081 5308; x_wconf 92' lang='lat' dir='ltr'><strong>volunt</strong></span> <span class='ocrx_word' id='word_1_733' title='bbox 3122 5255 3186 5308; x_wconf 93' lang='lat' dir='ltr'><strong>et</strong></span> <span class='ocrx_word' id='word_1_734' title='bbox 3228 5255 3492 5327; x_wconf 88' lang='lat' dir='ltr'><strong>possunt</strong></span> <span class='ocrx_word' id='word_1_735' title='bbox 3535 5247 3873 5307; x_wconf 89' lang='lat' dir='ltr'><strong>utilitatem</strong></span> 
     </span>
    </p>
   </div>
   <div class='ocr_carea' id='block_1_62' title="bbox 463 5327 3868 5408">
    <p class='ocr_par' dir='ltr' id='par_1_62' title="bbox 463 5327 3868 5408">
     <span class='ocr_line' id='line_1_62' title="bbox 463 5327 3868 5408; baseline 0 -22"><span class='ocrx_word' id='word_1_736' title='bbox 463 5328 677 5408; x_wconf 80' lang='lat' dir='ltr'><strong>Grace</strong></span> <span class='ocrx_word' id='word_1_737' title='bbox 721 5329 962 5408; x_wconf 89' lang='lat' dir='ltr'><strong>primus</strong></span> <span class='ocrx_word' id='word_1_738' title='bbox 1004 5328 1144 5388; x_wconf 92' lang='lat' dir='ltr'><strong>edo.</strong></span> <span class='ocrx_word' id='word_1_739' title='bbox 1193 5332 1343 5401; x_wconf 83' lang='lat' dir='ltr'><strong>Quae</strong></span> <span class='ocrx_word' id='word_1_740' title='bbox 1388 5347 1538 5388; x_wconf 91' lang='lat' dir='ltr'><strong>sane</strong></span> <span class='ocrx_word' id='word_1_741' title='bbox 1581 5327 1780 5388; x_wconf 88' lang='lat' dir='ltr'><strong>tribus</strong></span> <span class='ocrx_word' id='word_1_742' title='bbox 1823 5329 2138 5406; x_wconf 85' lang='lat' dir='ltr'><strong>pracipue</strong></span> <span class='ocrx_word' id='word_1_743' title='bbox 2181 5328 2260 5388; x_wconf 92' lang='lat' dir='ltr'><strong>de</strong></span> <span class='ocrx_word' id='word_1_744' title='bbox 2303 5329 2506 5388; x_wconf 88' lang='lat' dir='ltr'><strong>causis</strong></span> <span class='ocrx_word' id='word_1_745' title='bbox 2550 5328 2734 5387; x_wconf 91' lang='lat' dir='ltr'><strong>debet</strong></span> <span class='ocrx_word' id='word_1_746' title='bbox 2777 5327 3067 5388; x_wconf 90' lang='lat' dir='ltr'><strong>omnibus</strong></span> <span class='ocrx_word' id='word_1_747' title='bbox 3110 5329 3574 5408; x_wconf 88' lang='lat' dir='ltr'><strong>antiquioribus</strong></span> <span class='ocrx_word' id='word_1_748' title='bbox 3617 5333 3678 5388; x_wconf 91' lang='lat' dir='ltr'><strong>et</strong></span> <span class='ocrx_word' id='word_1_749' title='bbox 3719 5328 3868 5387; x_wconf 88' lang='lat' dir='ltr'><strong>soli-</strong></span> 
     </span>
    </p>
   </div>
   <div class='ocr_carea' id='block_1_63' title="bbox 465 5406 3872 5488">
    <p class='ocr_par' dir='ltr' id='par_1_63' title="bbox 465 5406 3872 5488">
     <span class='ocr_line' id='line_1_63' title="bbox 465 5406 3872 5488; baseline 0.001 -22"><span class='ocrx_word' id='word_1_750' title='bbox 465 5406 660 5466; x_wconf 87' lang='lat' dir='ltr'><strong>dioris</strong></span> <span class='ocrx_word' id='word_1_751' title='bbox 724 5406 792 5468; x_wconf 83' lang='lat' dir='ltr'><strong>et</strong></span> <span class='ocrx_word' id='word_1_752' title='bbox 861 5409 1214 5470; x_wconf 90' lang='lat' dir='ltr'><strong>sincerioris</strong></span> <span class='ocrx_word' id='word_1_753' title='bbox 1283 5407 1702 5488; x_wconf 90' lang='lat' dir='ltr'><strong>philosophia</strong></span> <span class='ocrx_word' id='word_1_754' title='bbox 1792 5409 2084 5468; x_wconf 88' lang='lat' dir='ltr'><strong>studiosis</strong></span> <span class='ocrx_word' id='word_1_755' title='bbox 2171 5427 2304 5469; x_wconf 92' lang='lat' dir='ltr'><strong>esse</strong></span> <span class='ocrx_word' id='word_1_756' title='bbox 2385 5408 3022 5468; x_wconf 89' lang='lat' dir='ltr'><strong>commendatissima.</strong></span> <span class='ocrx_word' id='word_1_757' title='bbox 3116 5406 3395 5470; x_wconf 85' lang='lat' dir='ltr'><strong>Primum</strong></span> <span class='ocrx_word' id='word_1_758' title='bbox 3485 5409 3653 5468; x_wconf 90' lang='lat' dir='ltr'><strong>enim</strong></span> <span class='ocrx_word' id='word_1_759' title='bbox 3743 5426 3872 5468; x_wconf 90' lang='lat' dir='ltr'><strong>non</strong></span> 
     </span>
    </p>
   </div>
   <div class='ocr_carea' id='block_1_64' title="bbox 465 5488 3869 5570">
    <p class='ocr_par' dir='ltr' id='par_1_64' title="bbox 465 5488 3869 5570">
     <span class='ocr_line' id='line_1_64' title="bbox 465 5488 3869 5570; baseline 0 -24"><span class='ocrx_word' id='word_1_760' title='bbox 465 5491 715 5570; x_wconf 85' lang='lat' dir='ltr'><strong>tantum</strong></span> <span class='ocrx_word' id='word_1_761' title='bbox 759 5506 1199 5570; x_wconf 79' lang='lat' dir='ltr'><strong>communem</strong></span> <span class='ocrx_word' id='word_1_762' title='bbox 1244 5489 1460 5568; x_wconf 89' lang='lat' dir='ltr'><strong>logica</strong></span> <span class='ocrx_word' id='word_1_763' title='bbox 1531 5496 1774 5570; x_wconf 88' lang='lat' dir='ltr'><strong>partem</strong></span> <span class='ocrx_word' id='word_1_764' title='bbox 1827 5489 2215 5570; x_wconf 81' lang='lat' dir='ltr'><strong>universam,</strong></span> <span class='ocrx_word' id='word_1_765' title='bbox 2280 5509 2421 5568; x_wconf 89' lang='lat' dir='ltr'><strong>qua</strong></span> <span class='ocrx_word' id='word_1_766' title='bbox 2466 5495 2576 5570; x_wconf 80' lang='lat' dir='ltr'><strong>est</strong></span> <span class='ocrx_word' id='word_1_767' title='bbox 2618 5489 2713 5570; x_wconf 79' lang='lat' dir='ltr'><strong>de</strong></span> <span class='ocrx_word' id='word_1_768' title='bbox 2760 5488 3303 5570; x_wconf 81' lang='lat' dir='ltr'><strong>pradicahilibus,</strong></span> <span class='ocrx_word' id='word_1_769' title='bbox 3337 5489 3869 5570; x_wconf 76' lang='lat' dir='ltr'><strong>pradicamentis,</strong></span> 
     </span>
    </p>
   </div>
   <div class='ocr_carea' id='block_1_65' title="bbox 459 5567 3864 5649">
    <p class='ocr_par' dir='ltr' id='par_1_65' title="bbox 459 5567 3864 5649">
     <span class='ocr_line' id='line_1_65' title="bbox 459 5567 3864 5649; baseline 0.001 -22"><span class='ocrx_word' id='word_1_770' title='bbox 459 5568 1025 5649; x_wconf 84' lang='lat' dir='ltr'><strong>prOpositionibus,</strong></span> <span class='ocrx_word' id='word_1_771' title='bbox 1087 5567 1537 5649; x_wconf 84' lang='lat' dir='ltr'><strong>syllogismis;</strong></span> <span class='ocrx_word' id='word_1_772' title='bbox 1589 5569 1700 5630; x_wconf 91' lang='lat' dir='ltr'><strong>sed</strong></span> <span class='ocrx_word' id='word_1_773' title='bbox 1759 5568 1947 5629; x_wconf 91' lang='lat' dir='ltr'><strong>etiam</strong></span> <span class='ocrx_word' id='word_1_774' title='bbox 2017 5567 2370 5630; x_wconf 83' lang='lat' dir='ltr'><strong>doctrinam</strong></span> <span class='ocrx_word' id='word_1_775' title='bbox 2442 5568 2824 5630; x_wconf 87' lang='lat' dir='ltr'><strong>deﬁnitionis</strong></span> <span class='ocrx_word' id='word_1_776' title='bbox 2892 5575 2956 5628; x_wconf 91' lang='lat' dir='ltr'><strong>et</strong></span> <span class='ocrx_word' id='word_1_777' title='bbox 2987 5567 3367 5649; x_wconf 70' lang='lat' dir='ltr'><strong>divisionis,</strong></span> <span class='ocrx_word' id='word_1_778' title='bbox 3439 5575 3716 5649; x_wconf 80' lang='lat' dir='ltr'><strong>itemque</strong></span> <span class='ocrx_word' id='word_1_779' title='bbox 3786 5567 3864 5630; x_wconf 90' lang='lat' dir='ltr'><strong>de</strong></span> 
     </span>
    </p>
   </div>
   <div class='ocr_carea' id='block_1_66' title="bbox 462 5647 3867 5732">
    <p class='ocr_par' dir='ltr' id='par_1_66' title="bbox 462 5647 3867 5732">
     <span class='ocr_line' id='line_1_66' title="bbox 462 5647 3867 5732; baseline 0.001 -23"><span class='ocrx_word' id='word_1_780' title='bbox 462 5647 1142 5732; x_wconf 67' lang='lat' dir='ltr'><strong>sophisticiselenchis</strong></span> <span class='ocrx_word' id='word_1_781' title='bbox 1184 5647 1280 5732; x_wconf 75' lang='lat' dir='ltr'><strong>(ut</strong></span> <span class='ocrx_word' id='word_1_782' title='bbox 1320 5655 1597 5732; x_wconf 83' lang='lat' dir='ltr'><strong>taceam_</strong></span> <span class='ocrx_word' id='word_1_783' title='bbox 1625 5649 1987 5732; x_wconf 86' lang='lat' dir='ltr'><strong>doctissima</strong></span> <span class='ocrx_word' id='word_1_784' title='bbox 2045 5650 2522 5732; x_wconf 81' lang='lat' dir='ltr'><strong>prolegomene)</strong></span> <span class='ocrx_word' id='word_1_785' title='bbox 2589 5667 2668 5710; x_wconf 87' lang='lat' dir='ltr'><strong>ex</strong></span> <span class='ocrx_word' id='word_1_786' title='bbox 2728 5648 3044 5732; x_wconf 84' lang='lat' dir='ltr'><strong>sententia</strong></span> <span class='ocrx_word' id='word_1_787' title='bbox 3099 5650 3453 5732; x_wconf 51' lang='lat' dir='ltr'><strong>Aristotelis</strong></span> <span class='ocrx_word' id='word_1_788' title='bbox 3511 5647 3867 5732; x_wconf 82' lang='lat' dir='ltr'><strong>perspicere</strong></span> 
     </span>
    </p>
   </div>
   <div class='ocr_carea' id='block_1_67' title="bbox 460 5728 3869 5814">
    <p class='ocr_par' dir='ltr' id='par_1_67' title="bbox 460 5728 3869 5814">
     <span class='ocr_line' id='line_1_67' title="bbox 460 5728 3869 5814; baseline 0.001 -22"><span class='ocrx_word' id='word_1_789' title='bbox 460 5728 558 5792; x_wconf 42' lang='lat' dir='ltr'><strong>et“</strong></span> <span class='ocrx_word' id='word_1_790' title='bbox 595 5728 952 5795; x_wconf 88' lang='lat' dir='ltr'><strong>methodice</strong></span> <span class='ocrx_word' id='word_1_791' title='bbox 1018 5728 1250 5813; x_wconf 84' lang='lat' dir='ltr'><strong>genere</strong></span> <span class='ocrx_word' id='word_1_792' title='bbox 1330 5729 1634 5795; x_wconf 90' lang='lat' dir='ltr'><strong>orationis</strong></span> <span class='ocrx_word' id='word_1_793' title='bbox 1701 5730 1942 5812; x_wconf 87' lang='lat' dir='ltr'><strong>optimo</strong></span> <span class='ocrx_word' id='word_1_794' title='bbox 2010 5728 2309 5813; x_wconf 71' lang='lat' dir='ltr'><strong>explicat,</strong></span> <span class='ocrx_word' id='word_1_795' title='bbox 2380 5728 2724 5812; x_wconf 84' lang='lat' dir='ltr'><strong>omnesque</strong></span> <span class='ocrx_word' id='word_1_796' title='bbox 2792 5729 3028 5813; x_wconf 79' lang='lat' dir='ltr'><strong>passim</strong></span> <span class='ocrx_word' id='word_1_797' title='bbox 3096 5731 3435 5796; x_wconf 86' lang='lat' dir='ltr'><strong>divisiones</strong></span> <span class='ocrx_word' id='word_1_798' title='bbox 3503 5728 3869 5814; x_wconf 66' lang='lat' dir='ltr'><strong>propositas</strong></span> 
     </span>
    </p>
   </div>
  </div>
