4154 6428
343 369 460 432 679
1592 364 2017 427 NICEPHORI
2061 365 2498 430 BLEMMIDJE
3633 372 3761 435 680

340 502 697 584 synopticis
749 498 984 584 tabuiis
1053 516 1178 558 uno
1244 497 1720 584 quasi__i_ntuitu
1791 498 2265 584 conspiciendas
2332 500 2619 584 exhibet._
2686 501 2945 584 Deinde,
2992 519 3141 584 vero
3215 501 3406 564 etiam
3471 502 3752 583 impera-

343 577 599 659 tori,'ut
640 582 869 642 diserte
910 581 975 639 in
1018 583 1327 658 procemio
1411 577 1638 638 dicitur
1680 586 1741 639 et
1786 577 2016 658 pagina
2058 581 2247 640 etiam
2316 585 2433 642 182
2494 582 2829 657 indicatur,
2889 583 3185 643 nimirum
3231 590 3302 644 ut
3346 602 3422 644 ex
3467 577 3749 648 historiis

338 685 463 725 non
508 663 696 724 dubie
722 661 1077 744 colligitur,
1124 659 1354 744 Joanni
1387 662 1607 744 Ducas,
1673 662 2028 744 Graecorum
2094 662 2345 721 Nicaeno
2405 663 2699 744 (Orientis
2761 663 2927 722 enim
2988 664 3326 744 imperium
3390 672 3524 724 tum
3587 665 3752 727 divi—

333 764 472 806 sum
516 740 743 821 fuerat)
786 740 1151 823 imperatori
1192 747 1255 799 et
1296 739 1547 816 quidem
1577 740 1786 823 ipsius
1823 740 2002 817 jussu
2047 748 2191 823 ante
2224 760 2435 823 annos
2477 745 2595 803 373
2639 743 2885 803 circiter
2915 739 3117 821 logica
3147 746 3420 823 epitome
3450 747 3746 807 confecta

334 827 473 886 fuit.
520 824 699 896 Quod
726 818 922 904 enim
956 818 1152 904 aliqui
1184 827 1513 904 auctorem
1577 821 1764 897 hujus
1806 823 2111 904 epitomes
2154 822 2445 904 Michaeli
2508 823 2710 904 Psello
2774 818 3163 884 coaetaneum
3190 818 3486 896 'faciunt,
3552 844 3744 904 quem

331 923 498 967 anno
542 904 773 964 Christi
816 903 968 962 1057
1015 902 1607 984 ﬂoruisseconstat,
1653 902 1971 978 quomodo
2014 902 2152 979 ipsa
2195 903 2468 981 epitome
2514 903 2716 981 logica
2758 906 2837 963 ab
2882 906 3063 965 annis
3124 907 3243 966 550
3304 908 3539 984 scripta
3573 902 3743 967 ffuis-

332 993 447 1059 set,
495 1004 638 1046 cum
682 983 959 1043 historiis
1001 1000 1117 1059 ego
1160 980 1492 1044 conciliare
1565 997 2033 1063 nonrpossum,
2094 1001 2246 1063 equm
2318 980 2636 1044 auctorem
2706 985 2902 1063 ipsius
2971 986 3034 1044 in
3105 992 3391 1063 tempore
3428 980 3745 1048 “Joannis

331 1070 519 1129 Ducas
589 1065 925 1146 collocant,
983 1065 1093 1146 qui
1150 1064 1608 1146 circaanunm
1646 1062 1898 1146 _Chri_st_i
1960 1062 2116 1146 i230
2178 1080 2391 1146 rerum
2450 1064 2804 1124 Graecarum
2870 1066 3105 1143 potitus
3166 1062 3279 1125 est.
3318 1068 3416 1146 VAc
3459 1067 3740 1146 denique

331 1153 653 1207 auctorem
726 1144 917 1204 habet
988 1140 1272 1221 Epitome
1342 1142 1476 1200 hzec
1535 1140 1742 1217 logica
1811 1141 2233 1221 Nicephorum
2328 1143 2765 1214 Blemmidem,
2860 1140 3059 1205 virum
3148 1151 3209 1205 et
3294 1140 3737 1207 doctissimum

330 1234 394 1288 et
461 1225 1057 1305 religiosissimum,
1095 1224 1274 1301 cujus
1342 1222 1511 1300 apud
1558 1221 1910 1305 _historicos
1981 1222 2076 1305 sui
2146 1224 2445 1302 temporis
2517 1224 2954 1285 honestissima
3044 1226 3237 1305 passit
3325 1226 3396 1285 ﬁt
3468 1229 3738 1289 mentio.

328 1309 441 1368 Hic
482 1300 649 1367 enim
693 1323 836 1366 cum
879 1304 994 1363 sub
1035 1300 1282 1364 Joanne
1326 1305 1499 1383 Duca
1537 1300 1612 1360 de
1657 1320 1964 1362 consensu
2009 1304 2239 1363 Graecae
2278 1300 2362 1363 'et
2424 1306 2657 1366 Latinas
2726 1307 3015 1366 Ecclesiae
3045 1300 3390 1383 'ageretur,
3453 1310 3654 1369 multa
3707 1326 3743 1371 e

330 1388 523 1448 sacris
584 1387 807 1446 litteris
864 1384 1224 1467 testimonia
1283 1382 1558 1460 collegit,
1624 1400 1765 1460 quae
1825 1383 2193 1467 Latinorum
2251 1383 2487 1467 dogma
2547 1382 3204 1467 confirmaruntaHic
3266 1389 3583 1449 Germano
3629 1406 3740 1467 pa-

331 1467 609 1528 triarcha
650 1467 956 1526 exstincto
1003 1465 1241 1547 Nicaeae,
1293 1481 1418 1547 quo
1466 1467 1624 1547 post_
1646 1468 1898 1547 captam
1943 1463 2552 1547 Constantinopolim
2598 1483 2635 1525 a
2676 1467 2911 1526 Latinis
2965 1466 3142 1526 sedes
3184 1467 3296 1526 illa
3358 1463 3737 1547 aliquandiu

333 1548 638 1609 translata
680 1547 819 1619 fuit,
868 1549 1123 1627 propter
1165 1544 1545 1621 singularem
1589 1542 1940 1627 doctrinam
1999 1549 2062 1603 et
2123 1542 2421 1627 pietatem
2488 1564 2808 1605 successor
2851 1547 3295 1608 denominatus
3338 1542 3487 1621 esti
3529 1567 3736 1627 quan-

332 1646 523 1709 quam
594 1627 738 1709 vitae
799 1626 1121 1709 quietioris
1180 1641 1398 1709 arnore
1461 1641 1688 1683 munus
1750 1623 2033 1683 oblatum
2088 1626 2429 1709 recusavit.
2512 1628 2624 1687 Hic
2685 1627 3095 1709 Marcesinam
3167 1628 3477 1706 pellicem,
3548 1623 3739 1707 cujus

332 1703 784 1770 consuetudine
820 1703 1195 1784 'imperator
1262 1707 1467 1765 Ducas
1532 1722 1681 1763 usus
1748 1710 1863 1776 est,
1938 1703 2303 1781 posthabita
2374 1724 2567 1767 uxore
2650 1707 3023 1781 Alemanna,
3114 1703 3424 1768 Mhnfredi
3462 1703 3467 1704 ί
3509 1703 3740 1770 Siciliae

331 1790 497 1867 regis
535 1805 769 1861 sorore,
822 1788 1027 1858 Anna,
1073 1803 1287 1866 quam,
1336 1785 1543 1861 priore
1604 1784 1871 1867 conjuge
1934 1786 2115 1867 lrene
2180 1784 2517 1867 Theodosii
2577 1788 2861 1847 Lascaris
2903 1787 3034 1848 ﬁlia
3075 1788 3391 1862 defuncta,
3440 1787 3737 1865 duxerat,

332 1865 569 1948 templo
614 1887 652 1928 a
694 1887 759 1929 se
802 1871 1117 1948 exstructo
1160 1870 1611 1948 ingressuram‘
1649 1866 1932 1948 exclusit.
1999 1866 2184 1925 Nefas
2246 1865 2411 1924 enim
2474 1865 2807 1945 judicabat
2871 1867 3178 1929 nefariam
3243 1875 3306 1929 et
3347 1869 3738 1947 impudicam

332 1943 658 2009 mulierem
731 1947 1011 2027 profanis
1077 1952 1139 2006 et
1208 1943 1648 2027 consceleratis
1718 1944 1981 2027 pedibus
2049 1962 2333 2027 sacrumA
2370 1943 2800 2024 pavimentum
2874 1948 3115 2009 calcare
3186 1966 3329 2009 cum
3381 1943 3555 2027 prius
3597 1967 3737 2011 eam

333 2037 460 2091 tam
506 2024 957 2107 lingua—quam
997 2027 1242 2108 calamo
1286 2025 1708 2108 redarguisset
1750 2025 2028 2108 saepius;
2084 2026 2223 2108 qui
2254 2024 2445 2086 etiam
2507 2027 2664 2086 nihil
2724 2027 2984 2095 de.hoc
3044 2028 3125 2088 ab
3184 2024 3569 2108 imperatore
3614 2030 3733 2091 sibi

333 2104 830 2187 metuitfquem
902 2106 1109 2186 pellex
1180 2112 1485 2185 prastextu
1562 2105 1723 2189 laesae
1798 2104 2141 2189 majestalis
2208 2105 2631 2189 imperatoriae
2695 2108 2776 2167 ad
2837 2108 3179 2169 vindictam
3244 2104 3465 2169 contra
3526 2110 3735 2189 ipsum

329 2186 720 2263 incitaverat,
796 2189 1027 2268 frustra
1088 2193 1359 2246 tamen:
1444 2187 1613 2268 quod
1673 2186 2231 2268 ipsegimperalor
2279 2187 2533 2246 tandem
2606 2195 2930 2267 peccatum
2998 2207 3181 2248 suum
3254 2186 3602 2268 agnoscens
3674 2198 3737 2250 et

330 2271 636 2331 confitens
678 2270 744 2329 in
807 2267 1124 2328 hominem
1162 2268 1406 2344 justum
1475 2271 1539 2326 et
1597 2265 1755 2326 bene
1816 2265 1893 2324 de
1954 2285 2020 2325 se
2083 2266 2374 2326 meritum
2436 2265 2622 2328 salva
2672 2268 3054 2329 conscientia
3116 2268 3271 2328 nihil
3302 2265 3537 2330 'moliri
3581 2271 3734 2331 mali

333 2370 538 2430 neque
582 2356 790 2430 posset
832 2366 1037 2425 neque
1060 2348 1287 2430 _vellet.
1335 2346 1445 2430 His
1487 2345 1785 2430 nimirum
1830 2347 1908 2406 de
1951 2347 2154 2406 causis
2196 2346 2534 2430 Nicephori
2596 2349 2959 2430 Blemmidae
3004 2350 3125 2430 ista
3186 2349 3392 2427 logica
3446 2350 3735 2430 Epitome

338 2426 603 2492 charior—
644 2436 707 2491 et
748 2427 1245 2489 commendatior
1286 2426 1470 2486 nobis
1513 2445 1647 2487 esse
1689 2426 1897 2499 debet,
1943 2433 2017 2486 ut
2057 2433 2120 2486 et
2161 2426 2288 2487 alia
2330 2430 2466 2504 ejus
2508 2428 2741 2507 scripta
2805 2448 2946 2507 quae
3002 2429 3213 2489 adhuc
3260 2426 3332 2489 in
3393 2426 3733 2491 bibliothe-

331 2512 420 2572 cis
462 2511 657 2572 Italiaa
702 2508 1072 2588 praesertim,
1121 2512 1522 2589 asservantur
1557 2523 1571 2578 ;
1619 2508 2127 2589 exuquibusego
2169 2508 2357 2589 etiam
2402 2509 2726 2586 physicam
2783 2510 2952 2569 illius
2994 2510 3329 2589 Epitomen
3371 2510 3632 2589 triginta
3672 2516 3735 2573 et

332 2586 1399 2680 uniusgravissimorumncapitum
1441 2587 1507 2646 in
1553 2586 1845 2680 manibus
1890 2586 2093 2679 habeo
2136 2594 2200 2647 et
2233 2588 2642 2680 interpretor.

411 2667 855 2742 Tibi'autem,
929 2667 1315 2729 nobilissime
1350 2673 1447 2750 “et
1516 2667 1944 2745 acceptissime
2014 2667 2131 2750 vir,
2213 2668 2487 2750 domine»
2552 2668 2932 2750 plurimum;
2980 2669 3374 2743 honorande,
3466 2669 3733 2750 logicam

329 2753 494 2814 hanc
560 2751 707 2812 ilius
773 2748 1471 2830 Epitomenjinscribo,
1547 2753 1883 2830 propterea
1952 2748 2123 2827 quod
2194 2749 2383 2809 etiam
2454 2748 2531 2830 de
2578 2749 2792 2830 _libris
2883 2748 3192 2827 ejusmodi
3260 2748 3718 2830 philosophicis

330 2838 392 2895 et
460 2832 782 2894 laboribus
828 2827 1241 2891 scholasticis
1308 2828 1537 2888 rectius
1597 2827 1884 2905 judicare
1957 2834 2181 2908 potes;
2257 2833 2326 2888 ut
2394 2829 2503 2908 qui
2565 2828 2700 2907 jam
2772 2847 2811 2889 a
2879 2831 3093 2891 multis
3163 2827 3347 2890 annis
3400 2831 3463 2890 in
3517 2827 3734 2892 nostra

329 2913 655 2993 republica
722 2930 852 2993 non
921 2915 1170 2993 tantum
1241 2915 1494 2993 senator
1560 2908 1671 2968 sed
1740 2910 1929 2969 etiam
2000 2908 2371 2969 scholarcha
2433 2910 2644 2993 fueris.
2721 2910 2978 2971 Accedit
3031 2911 3189 2993 _huc,
3249 2910 3419 2989 quod
3463 2928 3605 2993 cum
3651 2911 3733 2973 ab

329 2988 490 3067 aliis,
539 2999 673 3053 tum
716 2992 782 3052 in
864 2990 1087 3070 primis
1169 3008 1232 3070 ar
1288 2988 1545 3050 domino
1636 3006 1773 3070 meo
1862 3007 2076 3050 socero
2154 2995 2299 3049 tuus
2370 3007 2521 3070 erga
2588 2990 2829 3050 litteras
2900 2996 2961 3051 et
3030 2988 3379 3051 litterarum
3453 2992 3728 3052 cultores

328 3073 666 3152 singularis
694 3069 882 3152 amor
903 3071 1060 3131 mihi
1089 3069 1318 3149 saepius
1340 3069 1823 3152 commendatus
1853 3070 1991 3131 fuit.
2027 3075 2289 3152 Accum
2319 3088 2446 3130 non
2494 3069 2585 3152 ita
2628 3070 2872 3149 pridem
2904 3070 2982 3152 in
3022 3071 3310 3152 ecclesiae
3352 3072 3733 3151 evangelica;

332 3149 719 3225 cur‘atorum,
757 3151 1130 3230 collegiique
1159 3149 1357 3210 nostri
1404 3149 1987 3209 administratorum
2035 3150 2321 3211 ordinem
2364 3151 2650 3211 omnium
2699 3150 3159 3230 approbatione
3205 3152 3439 3213 electus
3488 3149 3728 3213 fueris:

331 3235 452 3295 hac
483 3252 625 3295 mea
652 3232 1123 3313 nuncupatione
1153 3248 1280 3290 non
1314 3231 1664 3313 laDle‘de
1697 3248 1954 3291 munere
2000 3230 2371 3313 gravissimo
2418 3231 2654 3313 oblato,
2711 3233 2813 3310 pie
2861 3232 3193 3309 gratulari,
3218 3311 3229 3313 _
3253 3232 3363 3293 sed
3409 3232 3474 3292 in
3514 3232 3734 3313 primis

331 3315 521 3376 etiam
555 3331 759 3374 meam
783 3311 1297 3391 obedientiamet
1325 3310 1778 3391 subjectionem
1810 3311 2029 3371 testari
2053 3311 2247 3371 volui.
2280 3313 2484 3371 Tanta
2529 3311 2719 3371 etiam
2766 3316 2877 3391 tua
2923 3311 3276 3391 amplitudo
3332 3317 3449 3387 est,
3503 3310 3575 3374 ut
3617 3314 3731 3374 ad-

328 3413 546 3457 versus
573 3391 1104 3465 obtrectatores,si
1125 3390 1235 3470 qui
1262 3391 1705 3473 erun_t,librum
1736 3390 1905 3451 hunc
1934 3391 2084 3473 satis
2113 3391 2275 3473 tueri
2303 3392 2522 3473 possit.
2556 3393 2714 3452 Eum
2757 3390 2950 3469 igitur
2996 3390 3067 3453 ut
3094 3393 3159 3452 in
3209 3393 3531 3454 meliorem
3581 3412 3730 3473 par-

327 3481 455 3567 tem
485 3474 788 3567 benevole
819 3473 1106 3567 accipiat,
1141 3479 1205 3532 et
1248 3489 1346 3567 me
1376 3471 1491 3567 sibi
1523 3473 2032 3567 commendatum
2063 3472 2307 3567 habere.
2329 3472 3089 3567 dignetur,_majoremnin
3116 3473 3372 3533 modum
3405 3491 3580 3551 rogo.

404 3556 629 3617 Datum
660 3555 727 3615 in
754 3552 1039 3632 collegio,
1075 3557 1372 3631 Augustae
1405 3552 1889 3629 Vindelicorum,
1939 3555 2013 3612 25
2063 3552 2442 3625 Decembris,
2466 3571 2601 3632 quo
2633 3553 2731 3612 die
2762 3552 2954 3613 Filius
2984 3554 3095 3613 Dei
3124 3559 3269 3614 ante
3323 3572 3524 3614 annos
3569 3555 3725 3614 1604

321 3642 582 3715 propter
612 3654 727 3697 nos
755 3644 818 3695 et
845 3631 1124 3695 nostram
1155 3632 1647 3715 salutembomo
1678 3638 1863 3692 natus
1890 3639 2003 3705 est,
2039 3632 2148 3715 qui
2173 3637 2435 3715 propter
2464 3631 2630 3715 hanc
2660 3633 2861 3711 ipsam
2893 3651 3070 3693 suam
3122 3634 3513 3715 nativitatem
3570 3640 3724 3696 Am~

320 3712 616 3796 ptitudini
655 3719 829 3790 Tuae,
860 3716 1101 3794 totique
1131 3714 1265 3792 ejus
1294 3712 1546 3773 familiae
1576 3731 1814 3774 annum
1844 3731 2078 3774 novum
2108 3713 2353 3773 felicem
2382 3730 2516 3773 esse
2545 3713 2885 3774 clementer
2914 3713 3239 3775 concedat.
3290 3715 3515 3776 Amen.

1438 3898 1779 3981 Amplz‘tud.
1819 3900 1960 3961 Tum
1986 3900 2396 3962 observantiss.
2429 3899 2519 3961 Μ.
2550 3900 2648 3961 .Ιο.
2680 3902 3075 3975 WsGsLmUS,
3117 3901 3523 3981 Augustarum.

1022 4344 1570 4444 LECTORI
1631 4344 2319 4443 BENEVOLO
2391 4344 3024 4442 SALUTEM.

395 4737 559 4799 Usus
588 4753 754 4808 sum,
786 4733 985 4795 amice
1015 4734 1236 4806 lector,
1269 4738 1543 4811 quatuor
1572 4732 2017 4813 manuscriptis
2045 4732 2365 4794 codicibus
2406 4732 2806 4793 bibliothecae
2860 4736 3245 4810 Augustanas
3273 4731 3340 4813 in
3370 4730 3492 4813 hac
3522 4730 3732 4810 logica

315 4816 653 4896 Nicephori
693 4815 1059 4875 Blemmidae
1100 4814 1392 4896 Epitome
1422 4813 1834 4896 describenda
1865 4811 1925 4874 et
1954 4815 2355 4896 conferenda.
2380 4814 2661 4896 Proinde
2692 4831 2830 4896 eam
2861 4831 2937 4873 ex
2967 4811 3555 4896 mutuacollatione
3583 4828 3730 4896 per:

312 4891 636 4957 fectiorem
669 4896 810 4967 edo,
859 4913 1049 4975 quam
1093 4891 1367 4955 innullo
1393 4900 1488 4953 est
1517 4894 1905 4971 singulorum
1956 4894 2233 4954 illorum.
2287 4893 2566 4954 Subinde
2613 4894 2778 4975 enim
2827 4913 2989 4953 unus
3035 4893 3219 4954 alteri
3249 4893 3580 4975 succurrit,
3625 4891 3729 4952 vel

321 4976 555 5038 omissa
583 4972 995 5048 restituendo,
1030 4975 1129 5034 vel
1160 4992 1491 5053 perperam
1523 4976 1755 5052 scripta
1784 4975 2178 5053 corrigendo.
2216 4976 2366 5047 Quas
2398 4981 2607 5034 autem
2657 4973 2720 5033 in
2755 4992 2880 5035 uno
2927 4975 3209 5046 deerant,
3250 4973 3367 5053 sed
3416 4974 3481 5031 in
3526 4972 3726 5033 altero

312 5055 810 5134 reperiebantur,
846 5058 897 5117 si
928 5052 1182 5135 quidem
1214 5052 1294 5115 ad
1326 5055 1652 5115 sententiae
1682 5052 2105 5132 integritatem
2141 5056 2452 5134 pertinere
2483 5055 2611 5113 visa
2643 5062 2811 5126 sunt,
2847 5055 3216 5133 simpliciter
3245 5052 3310 5135 in
3338 5058 3727 5135 contextum

311 5133 623 5215 asSumpsi
655 5153 668 5195 :
705 5155 843 5215 quae
872 5133 1022 5198 vero
1052 5136 1203 5197 talia
1231 5140 1430 5205 erant,
1465 5140 1535 5194 ut
1565 5136 1660 5194 vel
1689 5136 1876 5194 etiam
1910 5136 2126 5195 abesse
2152 5133 2342 5212 posse
2372 5135 2756 5206 viderentur,
2788 5136 2966 5195 uncis
2997 5133 3292 5215 quadrati
3324 5134 3595 5215 formam
3626 5150 3726 5193 re-

312 5213 843 5296 praesentantibus
870 5217 1119 5277 inclusi.
1142 5216 1417 5296 Tabulas
1446 5216 1807 5296 synopticas
1839 5234 1981 5293 quae
2009 5216 2074 5275 in
2106 5216 2353 5275 duobus
2377 5215 2819 5294 manuscriptis
2840 5213 3160 5275 codicibus
3180 5214 3265 5296 ad
3280 5213 3518 5296 calcem
3541 5217 3731 5296 erant

312 5293 530 5357 omnes
559 5296 746 5357 simul
774 5297 1061 5376 adjectae,
1095 5314 1215 5375 ego
1246 5295 1373 5355 suis
1401 5295 1711 5376 capitibus
1742 5295 1822 5376 ad
1853 5315 1994 5373 qua:
2025 5296 2448 5374 pertinebant,
2483 5293 2765 5356 seorsum
2797 5296 3058 5374 adjunxi
3085 5314 3099 5368 ;
3139 5301 3206 5355 ut
3250 5293 3317 5353 in
3363 5293 3491 5353 illis
3541 5293 3725 5376 quasi

311 5394 441 5457 uno
470 5377 755 5438 contuitu
785 5373 1117 5457 principum
1147 5373 1496 5436 divisiones
1514 5375 1577 5435 in
1609 5375 1876 5454 singulis
1922 5373 2233 5455 capitibus
2286 5377 2826 5457 conSpicerentur.
2880 5373 2985 5438 Sic
3033 5394 3184 5454 ergo
3230 5380 3467 5457 tecum,
3518 5373 3721 5434 amice

314 5456 534 5537 lector,
564 5455 897 5536 Epitomen
929 5455 1096 5517 hanc
1124 5457 1392 5535 logicam
1423 5456 1931 5530 eruditissimam,
1964 5467 2047 5529 et,
2080 5463 2151 5517 ut
2179 5474 2385 5537 spero,
2438 5455 2566 5517 non
2613 5456 2929 5536 ingratam
2978 5455 3377 5537 communico
3406 5472 3421 5527 ;
3473 5472 3550 5514 ex
3598 5468 3728 5532 qua

314 5536 463 5617 quid
490 5537 856 5616 promittere
885 5537 1000 5597 tibi
1027 5537 1280 5612 debeas,
1314 5556 1392 5597 en
1422 5537 1696 5617 breviter
1720 5537 2120 5617 singulorum
2151 5536 2451 5617 capitum,
2488 5556 2629 5616 quae
2662 5544 2809 5598 sunt
2856 5536 3299 5617 quadraginta,
3347 5539 3727 5614 argumenta

314 5616 562 5709 accipe;
581 5617 795 5709 Prima
818 5618 944 5678 duo
974 5619 1182 5709 capita
1210 5624 1357 5709 sunt
1384 5618 1462 5709 de
1490 5616 1858 5709 definitione
1888 5623 1951 5709 et
1980 5616 2284 5709 divisione
2310 5636 2325 5693 ;
2372 5617 2788 5709 nobilissima_
2811 5618 3093 5709 profecto
3140 5616 3381 5709 capita,
3423 5619 3514 5709 θε-
3534 5620 3720 5709 tanto

311 5693 510 5783 pluris
532 5696 821 5762 facienda
869 5693 1108 5779 quanto
1167 5699 1377 5762 minus
1418 5697 1496 5762 de
1540 5697 1687 5775 illis,
1736 5699 1817 5761 de
1870 5698 2176 5765 divisione
2221 5699 2289 5763 in
2336 5699 2555 5783 primis
2601 5697 2704 5784 (de
2751 5693 3116 5763 deﬁnitione
3166 5693 3338 5761 enim
3362 5697 3433 5759 in
3462 5694 3723 5777 Topicis
