4154 6430
365 360 483 420 683
1623 360 2005 420 NlCEPHOH

2149 358 2530 420 LEMMIDJE
3666 359 3789 420 684

365 494 662 557 deﬁnitas
692 492 955 562 accedit,
986 510 1129 552 mox
1153 492 1332 569 signa
1361 500 1713 562 enumerat,
1772 492 2011 562 deﬁnit,
2046 490 2311 551 dividit:
2346 493 2426 552 ad
2457 492 2593 552 hrec
2650 491 2939 553 deﬁnitae
2978 491 3041 551 in
3076 490 3463 553 universales
3495 498 3557 553 et
3587 492 3785 571 parti-

366 578 610 636 culares
638 573 1021 645 subdividit;
1055 580 1245 651 atque
1278 571 1423 633 inde
1452 573 1816 646 contrarias,
1871 572 2360 643 subcontrarias,
2396 573 2937 643 contradictorias,
2972 572 3370 632 subalternas
3404 573 3785 652 propositio-

365 675 477 716 nes
506 656 905 724 determinat,
939 662 1001 713 et
1030 653 1349 731 quomodo
1382 654 1590 730 quoad
1617 671 1834 714 verum
1866 660 1929 713 et
1961 653 2186 712 falsum
2235 653 2301 712 in
2333 654 2507 713 omni
2542 654 2805 714 materia
2836 671 2901 713 se
2930 653 3224 725 habeant,
3260 652 3497 713 indicat
3529 675 3544 714 :
3580 654 3785 714 donec

362 736 621 797 tandem
659 734 1159 815 propositionum
1194 736 1435 815 modos,
1471 735 1915 815 necessarium,
1941 733 2328 815 impossibile
2360 741 2422 793 et
2452 735 2824 812 contingens
2856 734 3101 815 dividit.
3135 766 3215 815 -_-
3243 736 3528 815 Cap.29,
3567 733 3786 794 indeﬁ-

364 818 528 877 nitas
559 813 1017 895 propositiones
1046 814 1361 886 describit,
1394 821 1456 873 et
1484 814 1894 874 aiﬁrmativas
1926 814 2429 895 particularibus,
2467 816 2791 892 negativae
2819 814 3007 895 modo
3038 813 3549 893 particularibus,
3586 816 3783 875 modo

364 894 823 957 universalibus
855 897 1065 975 (idque
1096 895 1346 973 saepius)
1378 896 1784 973 aaquipollere
1816 894 2123 954 ostendit:
2160 894 2360 975 sedet
2390 895 2703 969 definitae,
2739 894 3099 954 indeﬁnitas
3146 899 3209 955 et
3256 895 3608 973 singulares
3640 914 3787 974 pro-

364 978 705 1058 positiones
735 974 1055 1058 quomodo
1083 976 1148 1034 in
1181 975 1576 1058 oppositione
1632 982 1920 1058 respectu
1955 976 2175 1058 veriet
2208 974 2347 1034 falsi
2378 994 2443 1035 se
2470 976 3115 1058 _habeant,jdeclarat
3141 992 3155 1038 :
3179 975 3443 1058 interim
3478 975 3667 1058 etiam
3704 976 3785 1037 de

362 1054 425 1119 vi
454 1064 517 1119 et
547 1077 661 1118 usu
693 1054 942 1117 articuli
992 1058 1349 1117 Graecorum
1382 1056 1673 1133 quaedam
1729 1056 1934 1116 obiter
1981 1055 2313 1133 inijiciens.
2345 1090 2422 1099 ——
2452 1056 2599 1133 Cap.
2638 1059 2737 1126 30,
2786 1056 2863 1115 de
2895 1054 3319 1115 afﬁrmatione
3349 1063 3411 1115 et
3442 1055 3784 1133 negatione

363 1140 518 1217 agit,
549 1138 614 1197 in
644 1138 849 1216 specie
878 1136 1213 1197 ostendens
1266 1136 1584 1217 quomodo
1616 1136 1678 1195 in
1718 1138 1952 1217 omnis,
1970 1137 2219 1217 generis
2277 1136 2813 1217 propositionibus
2870 1136 3121 1217 negatio
3155 1136 3444 1217 facienda
3471 1137 3590 1209 sit;
3622 1136 3781 1215 quid

362 1215 512 1280 item
545 1220 625 1280 sit
653 1215 993 1279 affirmatio
1024 1235 1099 1276 ex
1140 1216 1646 1295 transpositione,
1682 1222 1745 1276 et
1773 1234 1885 1276 cur
1939 1216 2029 1274 ita
2058 1215 2351 1296 dictasit,
2388 1223 2450 1276 et
2505 1216 2825 1294 quomodo
2856 1216 2967 1276 fiat
2994 1238 3009 1293 ;
3042 1222 3354 1295 quatenus
3382 1216 3643 1296 insuper
3673 1237 3785 1278 no-

363 1300 538 1360 mina
566 1305 629 1360 et
657 1298 872 1367 verba,
897 1297 1206 1377 particula
1240 1296 1513 1375 negandi
1542 1302 1605 1356 et
1634 1296 1809 1374 signa
1844 1296 1907 1356 in
1940 1295 2475 1377 propositionibus
2513 1297 2897 1377 transposita
2924 1298 3091 1357 idem
3120 1296 3475 1377 significent
3499 1295 3786 1377 {quibus

362 1380 659 1441 omnibus
687 1376 971 1457 regulam
1004 1377 1274 1454 subjicit,
1311 1394 1439 1455 qua
1469 1383 1921 1455 consequentes
1954 1376 2415 1455 propositiones
2444 1376 2823 1438 efﬁciantur.
2855 1412 2931 1421 —
2961 1378 3111 1455 Cap.
3144 1378 3247 1457 3t,
3279 1376 3561 1437 deﬁnitio
3580 1376 3787 1457 syllo-

361 1460 567 1539 gismi,
606 1479 752 1520 mox
768 1456 1009 1539 divisio
1034 1458 1096 1539 in
1129 1457 1478 1539 simplicem
1538 1462 1599 1516 et
1628 1458 2073 1539 compositum,
2109 1457 2433 1539 utriusque
2481 1457 2649 1539 item
2692 1457 2963 1539 majores
2993 1462 3055 1517 et
3087 1456 3371 1539 minores
3389 1456 3781 1539 propositio-

361 1536 494 1615 nes,
526 1542 804 1619 itemque
832 1538 1085 1600 termini
1115 1544 1179 1619 et
1207 1538 1574 1619 eorumdem
1607 1536 1856 1619 affectio
1882 1537 2081 1619 ;_hinc
2103 1537 2411 1616 principia
2432 1538 2757 1619 canonica,
2782 1537 2847 1619 in
2869 1544 3189 1619 totoresse,
3223 1543 3286 1619 et
3313 1537 3439 1597 dici
3469 1536 3546 1598 de
3578 1539 3782 1615 omni,

361 1628 509 1696 etc.,
540 1626 603 1682 et
634 1617 865 1699 regula:
896 1618 1219 1697 generales
1248 1619 1326 1678 de
1358 1618 1529 1697 puris
1562 1617 2049 1697 particularibus
2079 1625 2141 1677 et
2170 1617 2478 1696 negativis
2510 1619 2598 1677 nil
2629 1618 3148 1679 concludentibus
3176 1635 3190 1691 ;
3225 1618 3301 1678 de
3332 1619 3780 1681 consecutione

360 1702 509 1763 item
545 1698 965 1762 conclusionis
994 1699 1075 1759 ad
1132 1699 1504 1759 deteriorem
1539 1704 1781 1777 partem
1844 1704 2285 1777 proponuntur
2316 1705 2378 1757 et
2434 1698 2865 1777 explicantur:
2902 1698 3131 1779 quibus
3187 1699 3481 1760 omnibus
3513 1702 3774 1760 tandem

360 1783 666 1855 doctrina,
704 1782 781 1841 de
838 1779 1244 1840 conversione
1294 1778 1824 1857 propositionum,
1855 1780 2284 1856 contingente,
2317 1779 2611 1860 simplici,
2639 1798 2751 1857 per
2806 1778 3427 1860 contrapositionem,
3472 1780 3784 1860 exemplis

360 1863 677 1922 illustrata
706 1860 1055 1939 subjicitur.
1083 1894 1161 1903 —
1190 1861 1343 1938 Cap.
1378 1861 1477 1931 32,
1512 1859 1795 1939 docetur,
1829 1861 2150 1937 quomodo
2198 1859 2384 1919 medii
2442 1861 2695 1919 termini
2752 1861 2995 1920 variata
3025 1859 3354 1938 dispositio
3386 1866 3511 1920 tres
3543 1859 3783 1938 ﬁguras

359 1943 777 2021 syllogisticas
805 1938 1038 2002 efﬁciat
1068 1946 1131 2000 et
1191 1945 1371 2021 quot_
1403 1938 1668 2017 singulae
1702 1940 1943 2010 modos,
2000 1941 2319 2021 qnaeitem
2381 1958 2522 1998 cum
2554 1940 2694 2000 aliis
2748 1941 3109 2000 communia
3136 1940 3346 2021 etsibi
3377 1942 3635 2019 propria
3665 1941 3782 2002 ha-

358 2019 553 2084 beant
581 2022 978 2101 adjacentia;
1012 2026 1076 2082 et
1106 2039 1233 2098 quo
1264 2019 1485 2080 ordine
1516 2038 1766 2101 quaque
1796 2038 1871 2079 ex
1903 2037 2091 2079 causa
2122 2020 2208 2079 sic
2237 2026 2666 2080 numerentur.
2701 2054 2778 2063 —
2809 2023 2958 2099 Cap.
2992 2021 3093 2092 33,
3128 2020 3349 2099 primas
3381 2021 3601 2099 figurae
3635 2040 3774 2082 m0-

358 2104 474 2164 dos
502 2100 778 2183 quatuor
808 2101 1224 2183 syllogisticos
1272 2101 1575 2177 exemplis
1606 2100 1885 2183 declarat
1915 2108 1977 2160 et
2006 2100 2193 2183 unius
2224 2101 2571 2183 asyllogisti
2629 2101 3148 2183 inconsequentia
3176 2108 3548 2183 caaterorum
3580 2103 3775 2183 etiam

356 2181 768 2245 vitiositatem
825 2181 1121 2243 Ostendit.
1156 2215 1233 2224 —
1264 2184 1419 2261 Cap.
1450 2184 1550 2253 34,
1584 2181 1875 2240 secundae
1904 2187 1967 2240 et
1998 2181 2197 2241 tertia
2230 2181 2451 2259 figuras
2503 2181 2723 2241 modos
2767 2182 3183 2260 syllogisticos
3238 2181 3545 2261 exemplis
3593 2182 3774 2243 illus-

354 2270 503 2337 trat,
536 2270 599 2325 et
629 2283 754 2325 uno
786 2264 1111 2340 alteroque
1133 2260 1527 2339 assyllogisto
1558 2261 1761 2331 docet,
1788 2260 1940 2340 quid
1969 2261 2157 2321 etiam
2189 2261 2265 2321 de
2296 2261 2537 2322 caeteris
2560 2262 2973 2340 judicandum
3008 2262 3109 2324 sit.
3144 2298 3222 2306 —
3252 2263 3405 2341 Cap.
3438 2264 3539 2335 35,
3573 2262 3772 2342 sylloo

350 2346 589 2424 gismos
616 2344 839 2405 dividit
866 2344 929 2403 in
963 2344 1272 2424 perfectos
1301 2352 1362 2424 et
1393 2342 1813 2424 imperfectos,
1846 2342 2155 2420 docetque
2185 2342 2525 2424 quomodo
2562 2344 2853 2424 secundae
2900 2349 2961 2403 et
2991 2343 3446 2424 tertizeﬁgurse
3471 2342 3767 2422 syllogis-

352 2422 439 2486 ini
468 2432 539 2486 ut
568 2424 922 2504 imperfecti
943 2424 1020 2483 ad
1054 2423 1271 2501 primae
1302 2422 1521 2499 ﬁguras
1553 2422 1796 2504 modos,
1831 2427 1901 2504 ut
1958 2424 2269 2504 perfectos
2316 2422 2555 2504 reduci,
2590 2423 2687 2482 vel
2740 2423 2927 2483 etiam
2960 2422 3338 2484 abductione
3374 2423 3454 2483 ad
3475 2424 3772 2503 impossi-

346 2505 476 2567 bile
508 2502 868 2566 conﬁrmari
899 2504 1163 2583 possint.
1196 2538 1276 2584 έέ
1322 2504 1471 2581 Cap.
1510 2503 1609 2575 36,
1642 2502 2153 2584 syllogismorum
2211 2502 2767 2581 bypotheticorum
2828 2510 3039 2582 partes
3070 2510 3131 2564 et
3170 2504 3409 2583 species
3441 2502 3769 2584 persequi-

346 2592 473 2646 tur.
509 2621 579 2631 —
614 2588 764 2661 Cap.
800 2582 1043 2657 37,'sex
1100 2582 1491 2661 sophismata
1546 2583 1610 2642 in
1656 2582 1952 2643 dictione.
1986 2617 2064 2626 —
2096 2584 2249 2661 Cap.
2281 2585 2381 2655 38,
2442 2590 2680 2661 septem
2736 2590 2915 2644 extra
2965 2582 3302 2644 dictionem
3356 2582 3660 2645 declarat.
3690 2619 3771 2629 —

347 2605 473 2646 tur.
509 2621 579 2631 —
614 2605 699 2647 ua
751 2633 764 2645 .
800 2605 902 2657 di,
934 2605 1043 2645 sex
1100 2605 1491 2661 sopnismara
1546 2605 1610 2642 ιη
1656 2605 1952 2643 uicuone.
1986 2617 2064 2626 ——
2096 2605 2249 2661 Cap.
2281 2605 2381 2655 ob,
2442 2605 2680 2661 septem
2736 2605 2915 2644 exua
2965 2605 3302 2644 uicuonem
3356 2605 3660 2645 declarat.
3690 2619 3771 2629 —

347 2667 498 2747 Cap.
529 2668 631 2739 39,
666 2605 1255 2747 efenchumdefinit
1292 2669 1354 2723 et
1383 2662 1679 2747 explicat,
1724 2664 2061 2747 ostendens
2107 2663 2367 2747 insuper
2396 2664 2715 2747 quomodo
2747 2663 3098 2747 ad‘eienchi
3128 2664 3595 2747 ignorationem
3629 2683 3771 2747 om-

346 2744 457 2807 nes
486 2745 895 2827 paralogismi
925 2744 1139 2827 reduci
1180 2749 1436 2827 queant.
1470 2778 1544 2786 —-
1573 2745 1721 2827 Cap.
1758 2748 1858 2827 40,
1892 2745 1968 2803 de
2026 2744 2565 2827 pr0positionibus
2624 2744 2951 2827 privativis
2980 2752 3061 2827 et_
3106 2746 3502 2824 transpositis
3522 2746 3773 2827 erudita

346 2825 639 2906 quaadam
670 2825 958 2897 annotat,
990 2843 1063 2886 ac
1092 2825 1363 2902 denique
1392 2843 1535 2883 cum
1567 2825 2076 2906 syllogismorum
2109 2825 2605 2903 categoricorum
2638 2830 2699 2885 et
2732 2825 3290 2904 hypotheticorum
3326 2832 3459 2886 tum
3516 2826 3770 2906 scphis-

346 2905 615 2969 ticorum
646 2907 1054 2969 elenchorum
1089 2922 1422 2964 numerum
1456 2905 1716 2983 colligit.

432 2989 656 3061 Habes,
688 2989 888 3048 amice
919 2988 1133 3059 lector,
1170 2985 1447 3064 capitum
1479 2985 1876 3062 singulorum
1909 2991 2305 3064 argumenta,
2342 3004 2483 3065 quae
2513 2990 2808 3046 accurate
2838 2992 2902 3046 et
2931 2984 3261 3065 perspicue
3291 2992 3355 3047 et
3383 2985 3773 3047 sufﬁcienter

347 3069 413 3130 in
463 3071 603 3149 ipso
632 3069 796 3129 libro
852 3066 1271 3149 explicantur.
1312 3065 1490 3149 Quod
1521 3066 1573 3125 si
1602 3084 1805 3126 meam
1838 3084 2097 3144 operam
2129 3066 2262 3149 tibi
2299 3072 2545 3145 gratam
2577 3067 2710 3149 fore
2767 3065 3164 3149 intellexero,
3197 3066 3353 3127 alias
3416 3068 3605 3128 etiam
3636 3084 3771 3128 ver-

348 3145 590 3212 sionem
623 3167 829 3211 meam
862 3145 1151 3208 LaItinam
1183 3146 1572 3224 recognitam
1602 3152 1810 3208 tecum
1844 3145 2351 3208 communicabo.
2390 3149 2555 3207 Bene
2582 3147 2721 3207 vale
2750 3153 2813 3207 et
2840 3146 3004 3208 fave.

1202 3360 3768 3391 ω

654 3572 1393 3673 ,ποΔΝΝιε
1480 3567 2361 3670 πεθειιωι
2461 3562 3452 3668 AUGUSTANI

1532 3821 1916 3882 EPISTOLA
1959 3819 2581 3882 NUNCUPATORIA

922 4039 1159 4102 'Textuz'
1184 4037 1398 4100 Latino
1426 4034 1685 4115 Logz'ca’,
1719 4054 1874 4096 anno
1910 4035 2087 4102 1607,
2119 4032 2406 4113 Augustae
2447 4030 2671 4093 Vindel.
2707 4029 2862 4091 edito
2889 4030 3171 4112 praeﬁxa.

421 4417 835 4483 Nobilissimis
864 4422 927 4477 et
954 4413 1357 4494 amplissimis
1405 4411 1552 4472 viris
1581 4412 1791 4494 Marco
1822 4410 2076 4494 Yelsero
2099 4415 2170 4494 et
2197 4409 2431 4494 Joanni
2473 4408 2712 4494 Jacobo
2745 4407 3118 4494 liembgdo,
3150 4408 3316 4487 Aug.
3351 4407 3601 4469 Vindel.
3635 4411 3767 4470 Du-

340 4502 601 4565 umviris
631 4501 909 4579 praefect.
943 4490 1520 4579 septemvirumque
1541 4492 1829 4579 collegio.
1863 4490 2147 4579 Dominis
2178 4491 2260 4579 pl.
2294 4490 2722 4579 observandis.
2756 4492 2821 4579 S:
2955 4491 3029 4549 D.

424 4568 762 4660 Nicephori
789 4568 1180 4660 Blemmidae,
1215 4575 1324 4653 qui
1358 4568 1541 4652 plura
1570 4568 1729 4660 cem,
1770 4572 1836 4631 in
1868 4571 2191 4660 theologia
2221 4576 2353 4660 tum
2403 4570 2473 4660 in
2509 4570 2913 4660 philosophia
2941 4568 3193 4647 scripsit
3224 4574 3374 4660 ante
3402 4586 3606 4660 annos
3637 4569 3764 4629 cir-

341 4663 496 4724 citer
523 4649 837 4723 trecentos
866 4649 1272 4736 septuaginta
1302 4649 1563 4736 septem,
1600 4653 1932 4730 Epitomen
1959 4651 2227 4736 logieam
2261 4658 2325 4710 et
2358 4650 2703 4736 physieam,
2727 4651 2939 4736 Greece
2952 4667 2999 4736 _e
3031 4649 3479 4736 manuscriptis
3501 4650 3678 4736 inter
3697 4667 3766 4710 se

340 4744 588 4804 collatis
619 4757 894 4821 quatuor
924 4730 1246 4821 codicibus
1275 4730 1674 4794 bibliothecae
1707 4739 1927 4821 vestrae
1960 4731 2252 4821 publica},
2285 4731 2659 4821 nobilissimi
2690 4737 2752 4790 et
2773 4730 3143 4821 amplissimi
3172 4730 3312 4803 viri,
3346 4730 3589 4821 domini
3619 4730 3764 4821 plu-

340 4826 569 4884 rimum
603 4810 1003 4890 observandi,
1070 4818 1309 4895 primus
1359 4834 1474 4893 ego
1533 4832 1700 4874 anno
1752 4820 1892 4891 post
1933 4812 2266 4895 Christum
2303 4818 2541 4895 natum
2600 4830 2791 4889 supra
2842 4810 3761 4895 millesimumeexcentesimo

339 4906 561 4983 quinto
592 4904 756 4981 typis
788 4901 890 4959 hic
921 4889 1351 4983 excutiendam
1385 4889 1633 4983 ῥαγείνίἰ
1656 4900 1717 4953 et
1747 4889 1809 4952 in
1843 4892 2397 4983 publicumemisi.
2436 4894 2632 4983 _Anno
2659 4898 2958 4983 sequente
2992 4891 3195 4968 primo
3223 4889 3627 4983 Physicama
3658 4909 3761 4983 me

342 4971 558 5045 [latine
587 4971 831 5043 versam
865 4992 928 5039 et
953 4979 1125 5038 brevi
1158 4977 1399 5054 anaiysi
1431 4976 1825 5051 singulorum
1859 4974 2137 5050 capitum
2168 4971 2230 5031 in
2267 4974 2548 5032 membra
2613 4973 3166 5054 membrorumque
3217 4972 3632 5054 argumentis,
3665 4971 3762 5031 al-

337 5065 759 5142 legationibus
788 5063 936 5121 item
974 5052 1440 5142 marginaiibus
1458 5063 1519 5115 et
1550 5056 1714 5113 notis
1773 5054 2003 5142 alicubi
2031 5058 2280 5112 auctam
2314 5060 2374 5113 et
2397 5054 2777 5142 il_lustratam
2811 5052 3011 5142 edidi;
3033 5054 3208 5111 Hanc
3238 5052 3427 5111 etiam
3461 5052 3762 5142 Logicam

338 5133 589 5223 profero
620 5144 840 5204 eadem
873 5160 997 5220 qua
1028 5133 1588 5223 antea-Physicam
1620 5134 2368 5223 opera‘studioquemeo:
2403 5137 2560 5193 Nam
2593 5140 2655 5193 et
2684 5152 2820 5223 eam
2862 5151 2947 5223 ex
2970 5135 3185 5193 Graeco
3219 5150 3508 5223 sermone
3538 5133 3602 5192 in
3636 5135 3762 5193 La-
3850 5188 3855 5189 ,

336 5212 539 5285 linum
572 5212 983 5295 transtuli,'et
1038 5220 1287 5297 singula
1320 5212 1527 5295 capita
1545 5217 1604 5275 in
1642 5215 1925 5274 membra
1968 5214 2216 5297 resolvi,
2251 5214 2598 5297 eademque
2654 5214 2985 5297 succinctis
3036 5212 3426 5297 argumentis
3457 5232 3749 5291 compre-

333 5305 527 5366 hendi
558 5311 619 5365 et
648 5302 1020 5373 Aristotelis,
1054 5294 1470 5378 interpretum
1523 5298 1680 5374 ejus,
1714 5298 1993 5378 itemque
2040 5295 2310 5378 aliorum
2370 5294 2895 5378 philosophorum
2928 5294 3440 5378 probatorumet
3470 5311 3761 5378 meorum

333 5387 398 5445 in
431 5384 799 5463 Gregorium
832 5373 1316 5461 Aneponymum
1356 5373 1738 5438 scholiorum
1796 5375 2229 5436 notationibus
2257 5375 2321 5434 in
2379 5375 2729 5513 marginem
2781 5373 3052 5453 rejectis,
3087 5374 3317 5453 passim
3350 5373 3760 5454 locupletavi.

334 5466 867 5513 Cnmmenlnrinm
916 5464 1103 5513 etiam
1171 5460 1670 5513 lncnlenliorem.
1708 5474 1895 5513 auem
1958 5455 2083 5513 iam
2118 5456 2476 5513 confectum
2585 5456 2765 5513 abeo.
2799 5454 3203 5513 addidissem.
3237 5453 3357 5513 nisi
3387 5454 3515 5513 iam
3574 5460 3760 5513 antea

334 5453 869 5527 Comméntarium
916 5453 1117 5522 etiam
1168 5460 1670 5531 luculentiorem,
1708 5474 1895 5535 quem
1949 5455 2083 5534 jam
2118 5456 2476 5515 confectum
2538 5453 2765 5523 habeo,
2799 5454 3203 5527 addidissem,
3237 5453 3357 5535 nisi
3378 5453 3545 5535 jam?
3574 5460 3765 5516 antea

332 5546 398 5606 in
429 5547 549 5604 hac
583 5545 843 5603 materia
874 5542 1112 5621 aliquid
1142 5542 1308 5600 foras
1340 5540 1670 5599 dedissem.
1704 5534 1765 5597 et
1791 5556 1999 5616 operae
2028 5536 2501 5621 typographicee
2533 5537 2759 5621 partim
2797 5535 2951 5621 mihi
2983 5534 3578 5621 sumptusiacienti,
3614 5552 3761 5621 par-

332 5628 447 5686 tim
478 5625 750 5702 emptori
779 5614 1365 5703 pluris'constiturze
1425 5622 1707 5703 fuissent,
1740 5625 1807 5703 et_
1837 5614 1967 5703 'per
1993 5614 2063 5703 se
2086 5617 2274 5703 etiam
2308 5616 2769 5703 ipsametuhaec
2803 5616 3032 5703 Logica
3061 5616 3149 5703 sic
3180 5615 3383 5703 facilis
3401 5621 3476 5703 et
3504 5614 3752 5703 perspi—

334 5723 455 5771 cua
482 5695 666 5782 foret,
700 5695 877 5767 ut'ab
908 5702 983 5764 iis
1014 5703 1125 5784 qui
1154 5702 1477 5786 aliquanto
1525 5695 1889 5783 diligentius
1914 5698 1981 5759 in
2016 5697 2391 5777 Logicorum
2433 5696 2664 5759 scholis
2719 5697 2954 5759 versati
2983 5701 3154 5776 sunt,
3185 5696 3346 5759 citra
3401 5695 3757 5777 longiorem
