2077 3222
159 203 220 242 685
637 209 812 240 EPITOME
835 210 988 240 LOGICA.
1006 226 1044 232 —
1059 210 1253 242 CAPITULA
1274 211 1392 241 LIBRI.
1807 211 1868 242 686

156 276 432 314 commentarium,
446 276 603 317 inquisitis
617 276 729 307 saltem
744 277 820 307 locis
836 286 907 316 quae
923 277 1059 316 allegata
1082 280 1165 313 sunt,
1183 278 1237 307 ubi
1252 287 1416 308 occurrere
1442 277 1599 308 videbitur
1614 277 1794 315 difﬁcultas,
1810 279 1859 309 in-

157 318 255 357 telligi
269 321 385 358 posset.
403 318 503 354 Quam
519 317 640 347 erudite
656 321 761 347 autem
778 321 809 347 et
823 318 862 347 ad
890 321 1028 347 mentem
1057 319 1231 347 Aristotelis
1261 318 1498 348 accommodate
1514 319 1632 357 scripta
1647 319 1698 354 sit,
1716 320 1789 349 nolo
1812 319 1866 349 hic

157 358 310 398 prolixius
324 357 426 388 dicere
439 367 446 394 ;
464 367 547 394 cum,
561 360 599 398 rut
613 360 660 387 est
674 358 704 387 in
735 358 896 387 communi
911 358 1021 395 verbo,
1039 358 1112 387 vino
1142 358 1293 388 vendibili
1308 368 1459 397 suspensa
1490 359 1606 388 hedera
1620 358 1700 388 nihil
1715 360 1755 389 sit
1771 368 1863 398 opus.

155 397 219 439 ipsi
233 398 510 439 lectorijudicium
524 397 684 436 relinquo.
701 398 766 427 Hoc
797 401 900 439 tamen
916 398 1039 439 silentio
1067 399 1227 437 praeterire
1244 408 1306 428 non
1336 408 1475 438 possum,
1489 398 1601 437 quanti
1615 399 1764 429 nimirum
1783 397 1864 429 hanc

157 438 306 478 Logicam
322 438 382 477 ipsi
411 438 509 469 Grmci
536 438 678 474 fecerint,
692 447 728 467 ex
745 447 781 468 eo
810 438 901 468 facile
931 438 1037 477 colligi
1052 448 1154 477 posse,
1172 439 1257 478 quod
1287 448 1348 468 non
1366 442 1489 468 tantum
1517 440 1550 468 in
1566 439 1759 469 bibliotheca
1773 441 1808 470 A.
1826 440 1864 470 V.

157 483 272 519 quater
286 479 318 508 in
334 479 465 509 diversis
480 478 580 517 iisque
610 479 739 508 vetustis
753 478 925 513 codicibus,
942 479 997 508 sed
1025 479 1118 508 etiam
1136 478 1182 518 (ut
1197 488 1235 508 ex
1265 480 1417 518 eatalogis
1437 478 1651 518 deprehendo)
1667 479 1699 508 in
1714 480 1865 509 Vaticana

157 518 206 550 bis
221 520 261 550 ad
277 518 455 552 minimum.
472 519 504 548 in
520 519 686 548 Viennensi
704 522 750 547 ter
763 519 812 548 vel
827 522 949 557 quater,
966 519 998 548 in
1013 519 1157 548 Palatina
1170 519 1227 553 bis,
1246 519 1278 548 in
1290 519 1469 549 Monacensi
1484 520 1575 549 toties
1590 520 1805 558 manuscripta
1820 529 1866 550 re-

156 560 290 600 peritur.
302 560 369 600 Nec
384 559 515 600 dubium
534 563 602 600 est,
621 559 696 600 quin
710 559 819 600 etiam
848 559 922 600 alibi
938 559 1057 600 saepius
1080 559 1246 595 habeatur,
1262 568 1333 589 cum
1363 560 1516 589 Gesnerus
1531 560 1564 589 in
1580 559 1665 589 edita
1679 559 1865 590 Bibliotheca

155 598 283 636 scribat,
298 599 388 629 illam
402 600 435 628 in
451 598 558 628 multis
573 599 671 628 Italiae
688 598 886 628 bibliothecis
902 599 1149 637 manuscriptam
1175 600 1279 629 Graece
1296 602 1428 629 exstare.
1447 600 1507 630 Sed
1533 599 1592 630 nisi
1606 600 1704 630 Graeci
1719 600 1779 639 ipsi
1794 609 1864 630 eam

156 640 264 680 magni
279 640 433 675 fecissent,
450 639 483 668 in
499 642 546 680 tot
557 639 699 680 profecto
715 639 908 678 exemplaria
923 642 1011 668 tanto
1027 639 1134 669 labore
1150 648 1213 669 non
1229 640 1474 679 descripsissent.
1492 640 1556 669 Hac
1570 641 1678 679 itaque
1693 649 1752 679 ego
1768 641 1862 670 etiam

156 680 195 711 de
210 679 306 711 causa
321 688 426 719 operm
442 679 578 718 pretium
594 688 644 709 me
659 679 816 709 facturum
840 679 959 719 putavi,
977 679 1002 709 si
1017 689 1080 709 non
1098 682 1220 709 tantum
1248 689 1317 710 eam
1333 689 1350 709 e
1366 680 1588 719 manuscriptis
1603 680 1762 710 codicibus
1773 689 1864 711 erne-

155 729 234 758 rem,
253 723 284 751 et
298 729 337 750 ex
354 722 464 749 mutua
487 719 654 749 collatione
684 719 878 758 perﬁcerem,
894 720 948 749 sed
962 719 1132 749 Latinitate
1159 720 1288 759 insuper
1316 720 1467 750 donarem
1493 723 1524 750 et
1537 720 1581 750 sic
1609 724 1645 750 ut
1661 719 1730 759 jam
1745 721 1861 760 prodit,

159 770 231 792 meo
246 760 460 800 qualicunque
476 760 595 800 laborer
613 760 833 789 concinnatam
851 759 1057 799 publicarem.
1088 760 1176 794 Quod
1204 764 1308 790 autem
1325 770 1393 790 eam
1418 760 1604 790 nobilissimi
1619 764 1651 790 et
1678 759 1865 800 amplissimi

154 801 226 838 viri,
244 799 366 831 domini
380 800 552 839 plurimum
568 799 767 835 observandi,
779 802 815 829 A.
832 800 867 829 V.
885 799 1022 830 inscribo
1037 802 1068 830 et
1083 800 1202 835 dedico,
1221 801 1323 830 causis
1338 810 1408 830 meo
1420 800 1541 839 judicio
1554 800 1630 830 satis
1642 799 1782 840 justis’et
1796 810 1864 840 gra-

153 841 246 871 vibus
259 840 414 871 adductus
429 841 521 870 facio.
539 840 679 869 Primum
695 840 779 870 enim
795 848 866 869 cum
892 849 931 870 ex
946 841 981 870 Α.
998 840 1043 880 V.
1066 840 1285 878 manuscriptis
1308 840 1468 870 codicibus
1481 841 1570 871 illam
1586 840 1816 880 descripserim,
1833 844 1865 872 et

154 881 269 912 deinde
285 881 394 911 Latine
406 880 553 911 verterim
570 880 677 919 sicque
691 880 732 910 ad
747 880 869 919 prelum
899 879 1079 910 adornarim
1094 889 1101 916 ;
1118 881 1203 919 quod
1231 881 1350 919 absque
1365 881 1427 910 illis
1441 881 1562 918 fuisset,
1574 881 1677 911 facere
1688 879 1782 918 mihi,
1799 890 1863 911 non

154 922 306 957 licuisset,
321 922 432 952 decere
446 921 576 951 omnino
587 920 738 959 judicavi,
752 923 787 950 ut
802 921 886 950 unde
896 920 928 950 in
940 922 1049 951 Graeca
1064 921 1172 959 lingua
1187 920 1305 951 habere
1316 922 1415 959 ipsam
1433 921 1576 960 contigit,
1588 922 1712 958 eodem,
1729 921 1789 952 hoc
1803 924 1862 957 est,

153 962 195 992 ad
211 964 248 992 A.
265 963 303 993 ν.
317 961 389 1000 jure
405 961 495 1000 quasi
509 960 697 1000 postliminii
713 963 936 990 reverteretur.
958 961 1100 999 Cumque
1116 961 1211 990 etiam
1228 961 1267 990 ad
1284 961 1346 991 alia
1356 962 1502 1000 quaedam
1518 962 1671 1001 opuscula
1685 971 1756 1001 quia
1773 965 1863 992 ante-

153 1002 215 1032 hac
230 1001 389 1042 publicavi
404 1005 435 1031 et
450 1001 489 1031 ad
504 1001 627 1042 reliqua
642 1001 823 1042 etiamrmea
832 1001 942 1042 studia
966 1001 1122 1042 hactenus
1135 1011 1190 1040 per
1207 1002 1311 1040 plures
1327 1011 1427 1032 annos
1443 1002 1635 1032 bibliotheca
1649 1004 1686 1032 A.
1704 1003 1740 1032 V.
1757 1011 1829 1042 cum
1844 1011 1864 1032 a
1886 1036 1889 1037 ν

154 1041 390 1081 manuscriptis,
407 1045 472 1071 tum
489 1041 529 1071 ab
544 1041 704 1080 impressis
720 1041 806 1071 libris
829 1041 1080 1076 instructissima,
1099 1041 1270 1071 clementer
1299 1042 1375 1071 mihi
1391 1043 1547 1081 patuerit:
1566 1052 1623 1081 pro
1639 1052 1676 1072 eo
1691 1043 1786 1072 etiam
1803 1041 1863 1073 hac

155 1091 228 1113 mea
241 1082 438 1113 dedicatione
452 1081 654 1121 gratitudinis
668 1081 797 1120 aliquod
820 1081 943 1120 signum
960 1081 1034 1111 dare
1050 1081 1144 1111 volui.
1171 1083 1213 1111 Ac
1229 1082 1366 1120 denique
1390 1091 1461 1111 cum
1477 1084 1512 1112 A.
1529 1083 1565 1112 V.
1578 1092 1641 1113 non
1665 1085 1789 1112 tantum
1803 1082 1862 1112 bo-

153 1132 212 1154 nas
226 1122 358 1158 litteras,
371 1125 454 1152 artes
467 1125 498 1151 et
511 1122 656 1152 scientias
670 1121 837 1161 intelligat,
854 1122 908 1152 sed
923 1121 1018 1152 etiam
1033 1125 1127 1157 amet,
1141 1125 1232 1152 ornet
1247 1125 1277 1151 et
1294 1122 1448 1161 provehat
1461 1131 1467 1157 ;
1485 1122 1536 1152 cui
1564 1123 1609 1153 rei
1624 1123 1699 1153 satis
1714 1126 1762 1153 est
1776 1123 1859 1152 indi—

154 1163 217 1201 cio,
232 1163 319 1203 quod
329 1171 401 1193 eum
416 1162 639 1192 bibliothecam
655 1162 755 1203 illam”
768 1162 932 1203 publicam
947 1171 966 1191 a
979 1161 1155 1203 majoribus
1176 1162 1359 1203 collectam,
1377 1163 1547 1201 quotannis
1562 1163 1666 1193 adhuc
1681 1172 1799 1202 magna
1823 1163 1861 1192 li-

153 1202 286 1234 brorum
297 1211 452 1233 novorum
469 1203 645 1243 accessione
660 1202 844 1241 ampliﬁcat,
860 1206 927 1243 tum
942 1202 1085 1243 scholam
1101 1202 1129 1232 ei
1144 1202 1339 1241 adjunctam,
1358 1203 1448 1242 cujus
1462 1212 1521 1242 ego
1541 1213 1667 1242 quoque
1683 1213 1739 1242 per
1753 1204 1861 1243 plures

153 1252 256 1275 annos
270 1243 444 1283 discipulus
457 1242 532 1272 olim
547 1243 602 1278 fui,
618 1242 788 1272 clementer
817 1242 919 1272 adhuc
935 1242 1021 1272 fovet
1036 1245 1067 1272 et
1080 1245 1255 1279 sustentat;
1272 1243 1397 1273 confido
1413 1243 1508 1273 etiam
1534 1243 1615 1273 hanc
1632 1242 1799 1283 Epitomen
1814 1252 1862 1273 ar-

152 1284 194 1315 tis
204 1283 315 1323 logica:
330 1292 394 1323 qua
409 1283 497 1313 nulla
512 1283 612 1321 magis
626 1283 666 1313 ad
679 1292 787 1313 omnes
802 1283 880 1313 alias
892 1286 984 1319 artes,
1003 1283 1148 1312 scientias
1162 1286 1192 1312 et
1208 1284 1373 1313 facultates
1389 1283 1506 1313 utiliter
1520 1286 1551 1313 et
1566 1284 1726 1314 docendas
1750 1288 1781 1314 et
1803 1283 1865 1313 dis-

152 1324 270 1355 cendas
281 1327 329 1354 est
343 1323 531 1359 necessaria,
548 1325 584 1352 Α.
599 1324 637 1354 V.
654 1332 718 1352 non
734 1332 800 1353 esse
812 1323 905 1362 plane
921 1323 1160 1361 displicituram.
1181 1324 1293 1353 Parum
1310 1333 1382 1353 sene
1398 1333 1453 1362 per
1463 1333 1506 1359 se,
1525 1324 1637 1359 fateor,
1654 1325 1691 1354 A.
1708 1324 1744 1352 V.
1763 1323 1866 1353 humi-

151 1365 226 1395 litas
241 1364 336 1404 hujus
364 1364 473 1402 logicaa
502 1363 682 1402 respondet.
712 1363 870 1404 Sedream,
885 1366 920 1393 ut
948 1364 1073 1402 opinor,
1090 1363 1321 1402 aliquantulum
1343 1364 1506 1394 sublevare
1536 1367 1567 1394 et
1587 1365 1732 1394 attollere
1747 1364 1864 1403 poterit

152 1403 391 1436 JoannisDucie
408 1405 588 1434 Graecorum
603 1403 803 1442 imperatoris
827 1403 985 1442 majestas,
1017 1404 1107 1441 cujus
1136 1404 1285 1433 mandato
1301 1404 1341 1433 ab
1366 1407 1494 1434 auctore
1522 1405 1697 1434 Blemmide
1726 1404 1863 1443 primum

156 1445 336 1484 conscripta
349 1445 420 1474 fuit.
438 1445 513 1474 Eam
529 1444 626 1482 igitur
640 1447 675 1473 ut
689 1445 726 1473 A.
751 1445 786 1473 V.
805 1443 976 1473 clementer
1004 1443 1155 1482 suscipiat
1170 1447 1200 1473 et
1217 1453 1265 1474 me
1282 1453 1376 1483 porro
1401 1445 1496 1474 etiam
1521 1444 1581 1474 sibi
1606 1444 1865 1475 commendatum

155 1484 273 1516 habere
286 1485 443 1524 dignetur,
456 1484 608 1523 majorem
623 1484 655 1513 in
672 1484 801 1514 modum
817 1484 970 1514 submisse
994 1493 1070 1522 rogo
1087 1492 1094 1512 :
1112 1493 1207 1523 quam
1223 1484 1350 1523 quidem
1365 1493 1424 1523 ego
1438 1494 1458 1514 a
1485 1484 1591 1514 divina
1607 1485 1775 1515 clementia
1798 1485 1860 1515 rei-

155 1524 292 1566 publicae
305 1525 456 1556 ornandae
469 1528 500 1554 et
514 1525 640 1555 tuendae
654 1524 775 1554 salvam
791 1527 823 1554 et
836 1524 1019 1554 incolumen
1035 1533 1102 1554 esse
1118 1533 1240 1563 precor.

196 1607 346 1645 Augusta:
361 1605 596 1638 Vindelicorum
612 1614 628 1635 e
644 1614 765 1641 museo,
786 1604 823 1634 16
839 1604 982 1644 Augusti,
998 1614 1082 1635 anno
1098 1604 1223 1634 Domini
1240 1605 1328 1635 1607.

757 1654 795 1684 Α.
820 1653 853 1683 ν.
869 1653 1138 1684 observantissimus
1155 1653 1198 1684 Μ.
1215 1653 1261 1683 .Ιο.
1279 1655 1465 1685 WaGsLINUS
1479 1654 1682 1695 Augustanus.

560 1873 1028 1938 ΕΠΙΤΟΜΗΣ
1077 1872 1468 1937 ΛΟΓΙΚΗΣ

893 2018 935 2043 ΤΔ
956 2018 1134 2045 ΚΕΦΛΛΑΙΑ

481 2198 827 2242 EPITOMES
870 2199 1146 2242 LOGICfE
1190 2199 1435 2242 (IAPI'I‘U
1451 2199 1544 2241 LA.

162 2381 199 2419 si-
215 2379 282 2419 Περὶ
297 2379 385 2419 ἔρουι.
1005 2387 1030 2419 Α

299 2415 469 2455 δὶᾳιρὲσεῳς.

162 2451 402 2494 '7'.’ﬂspi‘1tsi_paqlz
419 2451 576 2494 ἐμπειρίαςΖ
588 2452 687 2494 τέχνηξ
702 2452 746 2480 καὶ
762 2452 916 2489 ἐπιστήμης
931 2462 937 2468 ”
965 2453 990 2480 ἐν

201 2487 224 2522 ᾧ
238 2487 301 2532 ῖῑέρὶ
315 2487 370 2533 156)“;
388 2487 594 2533 pripadw‘tﬁc
610 2487 715 2533 ιξὺχῆς.

215 2525 235 2533 .-
449 2526 463 2531 ..
683 2525 689 2533 ι

166 2522 200 2551 δ’.
215 2522 291 2554 Τίνές
307 2523 373 2550 εἰσὶν
389 2523 416 2550 οὶ
429 2522 480 2558 τῆς
497 2522 669 2562 (pilaque—tae.
679 2524 801 2560 ὁρισμοί.

165 2559 196 2586 ε’.
214 2558 280 2586 Περὶ
296 2558 426 2586 ἐπινοίας.

165 2569 196 2586 ε.
214 2568 280 2596 Περι
296 2568 426 2589 επινοιας.

164 2594 296 2635 ς’.”Περὶ
335 2594 484 2632 αἱρέσεως·
517 2594 559 2625 τίς
592 2596 609 2629 ἡ
648 2595 716 2622 κατὰ
747 2596 796 2629 τήν
831 2594 993 2635 φιλοσοφίαν

1097 2382 1134 2408 De
1148 2381 1314 2416 deﬁnitione.

1098 2418 1133 2444 De
1148 2417 1294 2444 divisione.

1095 2454 1132 2480 Do
1146 2454 1343 2488 experimento,
1368 2453 1549 2487 experientia,
1565 2456 1624 2480 arte
1644 2454 1669 2480 et
1691 2454 1821 2483 scientia:
1843 2454 1872 2481 in

1103 2497 1153 2524 quo
1167 2490 1250 2516 eliam
1266 2488 1297 2515 de
1312 2488 1414 2515 animos
1429 2489 1557 2523 poleniizs
1570 2489 1674 2523 agitur.

1097 2527 1166 2559 Quae
1180 2526 1236 2551 sint
1250 2523 1431 2559 philosophia:
1445 2524 1629 2559 deﬁnitiones.

1096 2561 1132 2588 De
1147 2563 1276 2595 conceptu
1290 2560 1401 2591 mentis,
1416 2568 1464 2587 seu
1478 2561 1597 2587 notione.

1097 2597 1133 2624 De
1147 2600 1218 2624 secta
1234 2605 1243 2622 :
1260 2603 1322 2631 qua:
1335 2596 1370 2622 sit
1386 2596 1415 2622 in
1429 2595 1602 2631 philosophia
1613 2598 1698 2623 socia.

1049 2382 1074 2408 1.

1047 2418 1074 2444 2.

1047 2454 1073 2480 3.

1049 2525 1076 2552 4.

1048 2561 1075 2587 5.

1049 2597 1076 2623 6.

1049 2668 1076 2694 7.

1050 2704 1077 2731 8.

202 2627 314 2661 «ipsete.

165 2639 360 2704 (filiaiam
375 2664 540 2704 φιλοᾳοφίας
556 2664 697 2704 διαζρεσις.
710 2702 714 2704 _
872 2702 877 2704 Α
905 2702 909 2704 _

872 2702 877 2704 Α
905 2702 909 2704 _
1049 2668 1076 2694 7.
1098 2669 1168 2702 Quae
1180 2668 1215 2694 sit
1228 2666 1412 2703 philosophiae
1428 2666 1536 2704 divisio.

163 2701 297 2740 η¹.-,Ῑ]ιιρὶΔ
318 2716 320 2718 -
352 2701 516 2740 σόνωνύμὼγ
537 2724 544 2737 ,
603 2701 803 2740 ξὲερῳνύμων,
840 2737 845 2740 Δ
871 2702 969 2740 ἐτέρων

1056 2704 1077 2731 3.
1096 2704 1134 2731 De
1166 2701 1310 2740 unioocis,
1343 2703 1530 2740 diversivocis,
1565 2702 1696 2735 diversis,
1728 2704 1876 2740 aequiuom's

202 2736 362 2783 bpuivz'apmv
399 2739 430 2764 τέ
460 2736 517 2764 Ἲκαὶ
537 2736 541 2737 ⁷
563 2736 752 2773 πολυώνύμὼν
797 2736 848 2765 ’καὶ
900 2736 995 2776 11'1me

202 2783 307 2801 vuuwv.

1103 2740 1170 2801 ileﬁl
1184 2739 1389 2801 etnmuttivocis,
1413 2740 1439 2765 et
1462 2738 1673 2766 denominativis
1689 2741 1734 2774 (ut
1748 2736 1808 2767 haec
1823 2748 1877 2776 ap-

1107 2783 1139 2801 ne
1164 2783 1200 2801 an
1231 2797 1236 2801 .

201 2773 307 2802 νῦμων.
940 2773 944 2776 ’

940 2773 944 2776 ’
1107 2774 1235 2802 pellant).

201 2777 234 2800 νύ
258 2783 307 2801 ων.

163 2809 197 2847 θί.
215 2783 280 2847 Πΐρξ.
294 2810 349 2847 ea)?
364 2807 444 2836 πέντε
458 2811 568 2847 τξῃιυνίῦγζ
663 2844 669 2847 _
724 2846 729 2847 γ
804 2845 808 2847 _
895 2845 899 2847 _
974 2845 977 2847 Δ

1107 2777 1236 2809 pellant).

663 2844 669 2847 _
724 2846 729 2847 γ
804 2845 808 2847 _
895 2845 899 2847 _
974 2845 977 2847 Δ
1097 2811 1134 2838 De
1150 2811 1271 2846 quinque
1287 2809 1403 2837 vocibus.

165 2845 192 2873 ι’.
211 2843 280 2884 napi
318 2843 411 2882 γένους
444 2843 489 2873 uati
531 2843 630 2880 εἴδους,
661 2844 686 2872 ἐν
716 2846 738 2882 ᾧ
767 2845 811 2872 καὶ
840 2845 902 2885 περὶ
931 2845 981 2883 σχὲ

1057 2846 1095 2873 [0.
1116 2843 1264 2885 Πέρσηᾴνα
1278 2849 1310 2885 et
1327 2847 1426 2881 specie,
1442 2846 1540 2885 inquo
1555 2846 1639 2873 etiam
1660 2845 1693 2874 de
1715 2847 1812 2881 schesi,
1828 2845 1877 2874 hoc

201 2881 282 2913 πώς.
326 2881 330 2882 ⁷
725 2881 729 2882 ⁷
877 2881 881 2885 ’
949 2881 968 2883 ’ἡ
1104 2885 1153 2915 est,
1170 2881 1331 2910 habitudine
1345 2889 1393 2909 seu
1408 2881 1550 2911 relatione.
