2077 3212
170 210 231 249 689

868 217 1043 250 EPITOME
1063 218 1219 250 LOGIGA.

1821 219 1881 251 690

169 282 226 311 νέοι
264 279 303 311 ἔτι
332 279 409 314 ὅντες
440 281 486 311 καί
521 283 589 321 πρὸς
625 283 786 323 φιλοσοφίαν
824 284 998 323 είσαγωγικοὶ

1063 285 1142 314 1οηίΙὶ
1157 289 1249 321 aetate,
1266 295 1333 315 cum
1350 287 1447 315 adhuc
1462 287 1498 316 ad
1515 287 1732 324 philosophiam
1748 288 1881 316 introdu-

170 327 216 355 καὶ
243 327 459 365 ἀνεπιστήμονες
482 328 585 366 (ὁποῖοι
610 329 654 356 καὶ
680 329 719 360 εἱς
743 329 775 357 τὸ
804 329 865 366 ἑξῆς
893 329 923 356 ἐκ
950 333 999 364 τῆς

170 372 321 411 συντρόφου
350 372 481 411 ῥᾳθυμίας
506 372 550 400 καὶ
581 373 714 411 ῥυπαρίας
747 372 930 411 διεμείναμεν)
958 374 1000 401 ἐκ·

171 415 337 454 δεδώκαμεν,
354 416 425 445 οὕτω
440 418 696 456 προοιμιασάμενοι.

208 462 234 499 β.
251 460 393 493 Βασιλείας
420 462 465 489 καὶ
491 461 656 501 φιλοσοφίας
681 462 754 491 πολὺ
777 464 809 491 τὸ
832 464 955 502 συγγενὲς
970 474 1000 491 τε

169 505 215 533 καί
244 506 438 545 ὁμοιότροπον.
467 507 517 534 Καὶ
544 505 626 546 ἄμφω
654 508 704 546 γὰρ
732 508 764 535 τὸ
787 509 932 546 μεγαλεῖον
948 511 998 543 τῆς

171 551 301 589 θεαρχίας
330 551 517 587 ἐξεικονίζουσι
539 575 547 588 ,
575 552 621 580 καὶ
657 552 702 580 τὸν
737 552 794 580 ἷ¹σον
830 553 998 591 προτίθενται

170 596 270 623 σκοπὸν
301 595 418 627 Emeruit:
448 597 465 631 ἡ
498 597 546 633 μὲν
573 599 628 624 τῶν
652 597 732 632 ἂξιῶν
758 598 939 635 ὑπερέχουσα,
954 598 999 625 καὶ

169 642 231 671 ταῖς
255 640 356 678 ἀρχαῖς
381 640 575 668 ἐπιτάττουσα·
642 640 671 668 δὲ
709 644 761 669 τῶν
791 645 896 680 τεχνῶν
927 643 1000 679 ἐξάρ-

172 695 261 723 χουσα
283 685 328 712 καὶ
354 687 408 712 τῶν
425 685 596 722 ἐπιστημῶν,
619 686 663 713 καὶ
687 689 872 723 νομοθετοῦσα
890 687 998 718 ταύταις

173 731 299 766 ἁπάσαις,
324 730 368 757 καὶ
406 730 564 767 καλουμένη
596 730 640 758 διὰ
668 734 751 758 ταῦτα
779 732 863 769 τέχνη
898 735 1000 770 τεχνῶν

170 774 216 801 καὶ
245 774 383 810 ἐπιστήμη
415 774 592 811 ἐπιστημῶν-
621 775 711 813 ὥσπερ
791 775 914 812 βασιλεία
946 779 999 803 τῶν

172 818 252 854 ἀξιῶν
268 818 328 853 ἀξία
341 819 386 846 καί
401 819 523 857 ὑπεροχή
539 821 592 845 τῶν
610 819 762 857 ὑπεροχῶν.

207 908 240 945 γ’.
257 906 399 938 Βασιλείας
424 906 469 934 οῦν
495 908 539 935 καὶ
566 907 729 948 φιλοσοφίας
755 908 940 941 συνελθουσῶν
957 911 999 937 τέ-

1053 339 1187 359 ceremur
1201 333 1230 359 et
1245 332 1339 368 ignari
1355 340 1488 360 essemus
1502 332 1617 368 (quales
1632 333 1720 361 etiam
1742 333 1880 369 deinceps

1055 383 1089 403 ex
1103 376 1189 404 solita
1209 376 1380 405 remissione
1395 379 1423 405 et
1438 377 1573 413 squalore
1595 377 1823 413 permansimus)
1838 378 1880 406 sic

1054 420 1166 456 praefati
1181 421 1339 449 edidimus.

1092 468 1119 493 2.
1137 465 1229 502 Regni
1251 468 1280 494 et
1304 466 1494 503 philosophia
1517 466 1612 495 multa
1638 468 1684 495 est
1705 466 1841 503 cognatio
1854 468 1883 494 et

1054 510 1266 538 convenientia.
1290 511 1383 538 Ambo
1406 511 1485 539 enim
1505 511 1595 538 divini
1611 511 1727 547 imperii
1742 512 1881 547 majesta-

1054 556 1113 581 tem
1135 554 1218 590 quasi
1243 554 1274 582 in
1298 555 1393 591 effigie
1417 557 1639 591 repraesentant,
1654 557 1682 583 et
1697 563 1798 591 parem
1822 554 1879 583 sibi

1054 606 1176 634 scopum
1192 601 1377 635 proponunt;
1394 607 1461 627 cum
1472 599 1545 627 illud
1558 598 1677 635 quidem
1688 599 1882 635 dignitatibus

1055 644 1209 670 antecedat
1225 645 1252 671 et
1268 644 1462 679 potestatibus
1479 644 1605 680 imperet
1621 652 1628 673 :
1644 644 1704 671 haec
1720 646 1818 671 autem
1835 652 1883 672 ar-

1054 687 1134 715 tibus
1149 690 1177 715 et
1192 688 1322 716 scientiis
1339 697 1405 715 cum
1423 688 1545 724 imperio
1563 689 1671 724 prasit,
1688 688 1794 724 hisque
1818 697 1881 716 om-

1056 732 1143 759 nibus
1171 732 1250 767 leges
1277 733 1463 767 praescribat;
1491 741 1524 760 ac
1553 733 1590 760 ob
1616 733 1645 760 id
1668 741 1716 760 ars
1732 732 1839 760 artium
1856 734 1884 760 et

1055 776 1179 803 scientia
1194 776 1383 804 scientiarum
1396 779 1529 810 vocetur;
1542 779 1570 805 et
1581 777 1830 813 quemadmodum
1842 786 1884 804 re.

1055 829 1148 856 gnum
1164 821 1292 857 dignitas
1305 822 1483 858 dignitatum
1505 824 1533 849 et
1556 821 1784 850 eminentiarum
1808 822 1883 850 emi-

1056 866 1165 893 nentia.

1091 911 1117 937 3.
1134 911 1255 942 Quando
1269 911 1390 946 proinde
1407 919 1530 947 regnum
1555 913 1583 938 et
1607 910 1793 947 philosophia
1807 910 1882 939 coie-

172 950 246 979 λειον
275 952 306 979 τὸ
333 953 392 979 κατ’
416 952 506 979 εἶ’κόνα
530 953 601 979 θείαν
632 954 861 991 χαρακτηρίζεται
885 955 929 981 καὶ
956 956 999 982 ἀν-

204 994 216 1006 δ
231 996 239 1005 \
295 996 302 1006 ξ
353 996 388 1006 ἳνῖ
443 997 450 1006 Ὗ
469 998 481 1006 Λ
514 997 519 1003 ¹
625 998 630 1005 ι
667 998 672 1005 π
750 999 755 1006 π
806 999 812 1004 η
858 998 869 1006 '\
890 998 894 1006 Ι

1063 955 1126 987 τίοι,
1152 957 1215 982 tum
1242 955 1380 991 imaginis
1405 955 1508 983 divinse
1534 955 1672 991 perfectio
1697 955 1882 991 exprimitur,

173 994 270 1030 ενδεὶς,
288 996 325 1028 ὡς
352 996 407 1031 ἐξὸν
438 997 579 1035 ἀνθρώπῳ,
604 998 635 1024 τὸ
661 998 775 1035 ἀρχικὸν
800 998 999 1028 ἀποδείκνυται.

173 1040 315 1068 κάντεῦθεν
353 1040 453 1075 εὐζωία
490 1042 534 1068 καὶ
572 1041 705 1079 εὐπραγία
739 1046 797 1073 τοῖς
836 1043 1002 1081 ἀρχομένοις

171 1084 287 1120 πολλή’
313 1086 402 1116 καθώς
425 1096 477 1112 που
502 1085 547 1113 καί
570 1097 611 1117 τις
639 1088 721 1124 μέγας
746 1086 896 1126 φιλόσοφος
923 1089 1004 1125 ἐγνω-

174 1130 304 1166 μάτευσεν
321 1128 426 1167 ἄριστα,
453 1130 512 1157 τότε
536 1141 599 1162 τους
626 1131 762 1166 ὑπηκόους
786 1133 813 1159 εὗ
841 1131 913 1170 ἔχειν
935 1133 1002 1160 ἀπο-

174 1174 341 1213 φηνάμενος,
372 1174 416 1202 ὅτε
447 1174 583 1211 βασιλεύει
614 1175 786 1215 φιλόσοφος,
860 1177 1004 1217 φιλοσοφεῖ

175 1218 315 1256 βασιλεύς.

208 1352 240 1381 δ’.
256 1353 307 1381 Καὶ
333 1352 368 1380 ’ἶν’
398 1352 466 1381 εἶίπω
499 1354 641 1391 συντόμως
667 1356 697 1382 τὸ
724 1359 787 1391 πᾶν,
819 1356 868 1383 οὐκ
892 1356 961 1384 ἄλλο
977 1369 1003 1384 τι

175 1397 231 1426 ἐστὶ
250 1398 282 1426 τὸ
308 1398 461 1436 βασιλεύειν
488 1398 708 1436 ἐπιστημονικῶς
773 1404 823 1435 τῆς
852 1405 1002 1438 πρακτικῆς

176 1441 340 1482 φιλοσοφίας
367 1442 432 1470 αὐτὸ
460 1443 491 1470 τὸ
522 1443 681 1481 ἀκρότατον.
714 1445 753 1471 Ἑν
776 1445 847 1481 αὐτῴ
871 1446 922 1483 γὰρ
936 1447 1004 1473 ἅπαν

176 1486 207 1514 τὸ
234 1488 407 1524 νομοθετικόν
437 1498 466 1515 τε
495 1488 539 1515 καὶ
569 1487 743 1516 δικαστικόν.
774 1490 805 1516 Εἰ
836 1489 864 1517 δὲ

179 1531 248 1567 μετὰ
260 1534 309 1560 τοῦ
337 1535 506 1570 θεωρητικοῦ
534 1543 564 1560 τε
589 1534 635 1560 καὶ
664 1532 777 1571 λογικοῦ
801 1535 845 1561 καὶ

180 1586 245 1612 μασι
273 1576 317 1604 καὶ
345 1576 464 1615 δόγμασι
495 1577 644 1614 βασιλικῶς
686 1578 857 1614 ἐπιστατήσει
886 1580 900 1606 ὁ
931 1581 1005 1617 βασι-

178 1620 255 1652 λεύς·
283 1620 327 1648 καί
350 1622 382 1649 τὸ
409 1622 589 1658 προνοητικὸν
620 1623 664 1649 καὶ
695 1621 930 1660 διακυϐερνητικὸν
958 1625 1002 1651 κα)

898 1493 978 1518 τοῦτο
995 1515 1003 1522 ,

872 1535 897 1562 ἐν
918 1537 1003 1573 πράγ-

1058 999 1213 1034 omnisque
1229 999 1396 1035 indigentiae
1412 1001 1676 1035 expers,quantum
1693 1001 1720 1026 et
1736 1002 1883 1035 quatenus

1059 1043 1171 1070 homini
1200 1044 1367 1079 contingere
1391 1045 1415 1071 3
1443 1046 1546 1079 potest,
1576 1044 1733 1079 imperium
1762 1044 1884 1071 demon-

1059 1090 1180 1121 stretur,
1198 1090 1285 1123 atque
1307 1088 1375 1115 hinc
1400 1089 1487 1115 etiam
1513 1089 1548 1116 ad
1575 1088 1709 1116 subditos
1732 1088 1884 1116 beatitudo

1059 1133 1122 1160 vitae
1143 1136 1171 1160 et
1187 1141 1282 1160 rerum
1299 1133 1494 1168 regendarum
1520 1133 1700 1169 prosperitas
1725 1133 1884 1161 derivatur.

1059 1178 1313 1210 Quemadmodum
1330 1178 1417 1205 etiam
1436 1177 1543 1205 alicubi
1556 1185 1681 1213 magnus
1693 1177 1813 1213 quidam
1824 1177 1887 1213 phi-

1059 1221 1200 1257 losophus
1225 1222 1335 1258 optime
1359 1222 1482 1254 censuit,
1509 1222 1560 1257 qui
1585 1221 1796 1257 pronuntiavit,
1816 1223 1886 1249 tunc

1059 1267 1132 1293 bene
1147 1275 1215 1294 cum
1230 1266 1357 1294 subditis
1374 1269 1471 1294 actum
1497 1266 1543 1301 iri,
1566 1275 1634 1294 cum
1659 1266 1733 1302 regit
1757 1265 1886 1302 philoso—

1060 1311 1138 1347 phus
1155 1313 1206 1338 aut
1223 1319 1272 1338 rex
1288 1311 1521 1347 philosophatur.

1099 1358 1124 1383 4.
1141 1357 1244 1391 Atque,
1262 1358 1294 1382 ut
1309 1356 1435 1383 breviter
1450 1363 1511 1382 rem
1527 1363 1643 1382 omnem
1666 1355 1773 1389 dicam,
1791 1354 1885 1382 scien-

1058 1403 1104 1427 ter
1119 1408 1217 1436 regere
1233 1400 1305 1427 nihil
1321 1402 1365 1427 est
1380 1400 1457 1426 aliud
1476 1408 1565 1435 quam
1581 1399 1678 1427 activae
1695 1398 1886 1435 philosophia

1059 1453 1211 1472 summum
1229 1444 1389 1480 fastigium.
1416 1446 1448 1470 lu
1471 1444 1536 1479 ipsa
1561 1444 1639 1471 enim
1665 1443 1762 1471 omnis
1787 1443 1885 1480 legum

1060 1489 1245 1517 ferendarum
1272 1491 1300 1515 et
1325 1488 1506 1523 judiciorum
1538 1489 1610 1516 ratio
1634 1488 1777 1516 consistit.
1804 1488 1886 1521 Quod

1059 1543 1126 1562 cum
1144 1534 1184 1561 ita
1199 1534 1245 1568 sit,
1258 1536 1426 1568 comparata
1441 1533 1562 1568 insuper
1572 1535 1601 1560 et
1616 1532 1847 1568 contemplativa:
1859 1535 1888 1560 et

1060 1578 1213 1606 rationalis
1240 1577 1431 1613 philosophiae
1454 1577 1629 1613 cognitione,
1647 1584 1696 1604 rex
1712 1579 1744 1604 ut
1759 1584 1826 1612 rege
1841 1576 1885 1604 di—

1060 1631 1150 1659 gnum
1168 1624 1211 1650 est
1226 1625 1254 1649 et
1269 1622 1380 1657 agendo
1396 1624 1425 1649 et
1439 1621 1620 1648 decernendo
1645 1620 1760 1657 praeerit
1774 1623 1803 1648 et
1817 1629 1886 1656 pro-

174 1664 251 1696 ὅλως
274 1665 304 1693 τὸ
325 1665 497 1693 παιδευτικὸν
524 1665 665 1702 ἐνδείξεται
691 1671 844 1706 πανταχοῦ,
875 1669 917 1695 καὶ
944 1670 1001 1701 θεός

1063 1658 1217 1694 iidentiam
1240 1675 1272 1693 ac
1299 1666 1482 1702 gubernandi
1498 1666 1697 1693 dexteritatem
1715 1667 1744 1693 et
1757 1673 1808 1701 per
1823 1673 1884 1693 om-

170 1720 214 1741 τις
230 1709 317 1741 ἄλλος
331 1710 376 1738 ἐπὶ
397 1714 448 1749 γῆς
472 1711 657 1749 εὑρεθήσεται,
675 1713 741 1749 μετὰ
764 1717 813 1747 τῆς
836 1716 890 1740 τῶν
917 1712 1000 1741 ἱέντων

170 1755 298 1793 γνώσεως
329 1755 479 1787 ἀκωλύτως
505 1758 559 1783 τῶν
583 1756 796 1794 καταδεεστέρων
818 1757 1001 1795 ἐπιμελούμε-

167 1810 225 1831 νος.

207 1902 237 1931 ε’.
252 1902 331 1929 Ταῦτ’
347 1900 394 1929 οῦν
407 1902 421 1929 ὁ
437 1901 503 1938 ἐμὸς
527 1902 701 1941 αὐτοκράτωρ
723 1902 814 1938 εἰδὼς,
836 1903 876 1931 ὅτι
892 1903 1000 1938 πολλήν

169 1946 235 1984 περὶ
274 1945 438 1986 φιλοσοφίαν
478 1947 578 1985 εἰσάγει
609 1947 752 1982 σπουδὴν,
781 1952 839 1980 τοῖς
878 1953 1001 1988 φυσικοῖς

169 1990 393 2027 πλεονεκτήμασι
417 1992 467 2026 τὴν
491 1992 553 2029 περί
586 1993 619 2019 τὰ
643 1991 777 2021 κάλλιστα
802 1993 918 2029 μελέτην
944 1994 1001 2021 ἐπι-

169 2036 327 2070 συνάπτων,
357 2036 382 2071 ἐξ
410 2037 447 2063 ὧν
471 2037 542 2073 ὁμοῦ
570 2037 686 2076 πέφυκεν
719 2038 834 2069 ἐντελῶς
857 2041 1003 2077 κατορθοῦ-

169 2081 232 2109 σθαι
246 2083 299 2108 πᾶν
316 2078 394 2119 ἔργον
407 2081 512 2118 τίμιον.

224 2186 230 2194 ι
265 2183 272 2193 ι
331 2182 339 2193 κ
415 2193 421 2199 .
452 2183 459 2193 κ
530 2186 542 2191 -
619 2183 625 2201 ι
760 2183 765 2192 π
853 2195 858 2200 .
896 2184 900 2193 '
945 2195 959 2201 μ

206 2193 240 2215 ς.
273 2186 340 2211 Επει
365 2181 394 2210 δὲ
416 2193 460 2210 και
485 2184 559 2220 ἡμας
584 2194 647 2214 τοδς
674 2194 789 2221 μικρους
820 2195 917 2222 μικραν
951 2195 1004 2211 »ινα

168 2227 218 2256 καὶ
242 2227 392 2265 πρόχειρον
418 2227 491 2264 αὐτῷ
516 2231 723 2265 συνεισενεγκεῖν
751 2231 798 2255 τοῦ
828 2227 1001 2265 σπουδάσμα-

166 2283 220 2304 τος
246 2271 386 2300 ἐκέλευσεν
410 2272 549 2311 ἀφορμὴν,
577 2271 801 2310 ἀποπληροῦντες
829 2274 878 2307 τήν
909 2274 1002 2301 κελευ-

167 2327 214 2345 σιν
242 2315 307 2348 τοὺς
336 2316 570 2354 ὑποτεταγμένους
607 2316 770 2355 εἰσαγωγοὺς
801 2317 826 2345 ἐν
853 2318 1002 2357 φιλοσοφίᾳ

166 2361 232 2390 κατ’
261 2360 396 2398 ἐπιτομὴν
429 2360 604 2397 συνετάξαμεν
644 2361 756 2399 ὀλίγους
792 2362 1002 2399 ὑπομνηματισ-

171 2405 256 2443 μούς.

212 2466 243 2499 ζ.
258 2464 337 2496 Ὅθεν
353 2462 382 2491 εἶ’
401 2474 443 2495 τις
468 2465 524 2491 τῶν
548 2463 737 2501 ἐπιστημόνων
761 2465 792 2492 τὸ
817 2466 902 2504 παρὸν
926 2465 1003 2504 ἐπερ-

172 2509 259 2548 χοιτο
286 2507 485 2545 συνταγμάτων
510 2509 547 2545 μὴ
574 2509 642 2547 πρὸς
671 2510 702 2536 τὸ
733 2513 783 2543 τῆς
811 2510 1003 2547 ὑπομνηματί-

169 2563 244 2584 σεως
271 2551 454 2590 ἄμεθόδευτον
477 2553 522 2580 καὶ
559 2554 589 2580 τὸ
614 2556 668 2580 τῶν
706 2553 867 2581 ἐπιστασιῶν
897 2556 1006 2582 ἀκατίο-

170 2597 312 2636 στόχητον
342 2597 451 2636 ἀφορῶν
479 2597 638 2635 ὀργιζὲσθω.
669 2599 718 2625 Καὶ
748 2600 799 2637 γὰρ
828 2599 842 2626 ’ὁ
873 2598 978 2627 δέδοται
998 2623 1004 2635 ,

207 2643 221 2649 -
308 2641 316 2652 ι
347 2640 360 2652 ν
500 2642 507 2649 ι
542 2642 549 2652 ι
598 2641 640 2669 ηδ
736 2644 748 2653 να
791 2642 816 2660 M.
906 2644 912 2653 ι
959 2655 965 2660 .

168 2652 256 2673 τουτο
271 2652 317 2670 και
333 2652 440 2680 ειρηται
463 2652 508 2668 και
534 2653 571 2672 ως
597 2652 625 2669 οε
644 2653 712 2671 οται.
749 2647 768 2670 0
789 2653 817 2671 οε.
842 2645 859 2678 ἡ
884 2655 1005 2675 συνοιιος

171 2686 294 2723 ἀμέλεια
335 2686 380 2715 καὶ
428 2687 446 2721 ἡ
493 2686 639 2723 ἀκαθαρσία
681 2688 777 2725 φθάσαι
820 2688 1005 2716 κεκωλύκασιν

173 2732 264 2767 ἡμᾶς,
293 2731 325 2758 ἐκ
349 2734 401 2765 τῆς
427 2729 644 2762 πλουτοδότιδος
671 2731 834 2771 φιλοσοφίας
861 2733 1007 2771 είσφερέτω

174 2776 243 2814 παρ’
268 2775 366 2803 ἑαυτοῦ
390 2775 404 2802 ὁ
426 2775 580 2811 ἠξιωμένος
605 2774 709 2811 λαϐεῖν,
734 2780 783 2811 τῆς
812 2788 842 2804 τε
865 2777 1008 2812 ἀνεπιστη-

178 2820 301 2859 μοσύνης
317 2820 525 2858 συγγινωσκὲτω
539 2821 616 2857 ἡμῖν.

1060 1711 1107 1739 nia
1123 1711 1317 1738 eruditionem
1334 1711 1443 1746 ubique
1460 1711 1605 1743 ostendet,
1630 1712 1659 1737 et
1677 1709 1751 1737 alter
1765 1709 1887 1745 quidam

1059 1756 1087 1783 in
1113 1759 1190 1783 terra
1215 1756 1287 1783 deus
1313 1755 1558 1790 deprehendetur,
1575 1757 1607 1782 ut
1623 1754 1673 1790 qui
1690 1763 1757 1782 cum
1773 1754 1886 1782 entium

1059 1800 1224 1836 cognitione
1238 1800 1312 1827 citra
1333 1799 1580 1835 impedimentum
1605 1799 1693 1826 etiam
1713 1798 1886 1826 inferiorum

1058 1852 1157 1872 rerum
1173 1853 1273 1871 curam
1289 1843 1441 1880 suscipiat.

1093 1898 1119 1925 5.
1138 1897 1202 1925 Haec
1215 1897 1306 1932 igitur
1321 1905 1388 1924 cum
1405 1896 1494 1924 sciret
1508 1896 1666 1932 imperator
1681 1903 1776 1930 meus,
1793 1895 1885 1923 maxi—

1059 1950 1107 1969 ma
1122 1942 1157 1969 ad
1175 1941 1391 1977 philosophiam
1417 1941 1561 1968 incumbit
1589 1940 1751 1976 diligentia,
1768 1942 1797 1968 et
1817 1948 1885 1967 cum

1058 1986 1267 2014 excellentibus
1283 1988 1393 2013 natura:
1408 1985 1521 2012 notitiis
1532 1984 1708 2020 optimorum
1720 1985 1885 2012 studiorum

1058 2030 1294 2059 exercitationem
1326 2029 1488 2065 conjungit,
1520 2029 1627 2065 quibus
1658 2028 1747 2056 simul
1773 2028 1886 2064 junctis

1059 2084 1145 2103 omne
1161 2075 1317 2103 honestum
1343 2082 1416 2110 opus
1442 2076 1466 2101 ,ι
1491 2076 1520 2101 et
1544 2073 1694 2110 negotium
1717 2073 1843 2109 perfecte
1857 2074 1887 2101 et

1058 2128 1126 2147 cum
1142 2119 1230 2148 laude
1245 2118 1446 2147 administrari
1461 2118 1621 2146 consuevit.

1094 2178 1121 2204 6.
1138 2176 1281 2209 Quoniam
1309 2178 1407 2204 autem
1432 2176 1520 2203 etiam
1544 2184 1597 2203 nos
1621 2175 1761 2203 tenuitate
1785 2177 1887 2204 nostra

1060 2222 1197 2258 exiguum
1215 2221 1334 2257 aliquod
1351 2223 1379 2248 et
1394 2220 1478 2248 facile
1494 2220 1551 2248 sibi
1562 2220 1655 2256 jussit
1669 2220 1771 2248 afferre
1797 2228 1885 2256 opus-

1058 2267 1116 2294 culi
1133 2266 1316 2299 subsidium;
1331 2268 1363 2293 ut
1378 2266 1516 2293 mandato
1530 2266 1594 2300 ejus
1611 2272 1792 2301 pararemus,
1815 2264 1885 2292 sub-

1056 2312 1151 2347 jectae
1167 2311 1197 2338 in
1213 2310 1431 2347 philosophiam
1447 2309 1681 2345 compendiarias
1696 2308 1886 2337 introductio-

1062 2364 1124 2391 nes,
1139 2356 1259 2391 exiguos
1275 2354 1513 2387 commentarios,
1530 2353 1762 2390 composuimus.

1094 2469 1121 2495 7.
1139 2468 1233 2500 Quare
1254 2467 1278 2494 si
1301 2467 1366 2503 quis
1392 2467 1544 2494 doctorum
1568 2466 1598 2493 in
1624 2473 1753 2502 praesens
1777 2465 1887 2494 incidet

1060 2513 1248 2548 opusculum,
1260 2520 1296 2539 ne
1307 2512 1342 2538 ad
1360 2510 1615 2538 commentationis
1629 2509 1885 2546 indispositionem

1061 2559 1090 2584 et
1118 2559 1327 2592 praeceptorum
1366 2555 1464 2582 minus
1497 2557 1664 2583 accuratam
1691 2554 1888 2591 solertemque

1063 2600 1263 2628 dexteritatem
1282 2599 1441 2635 respiciens
1456 2599 1610 2626 irascatur.
1626 2599 1708 2632 Quod
1732 2599 1810 2627 enim
1837 2600 1887 2628 da-

1060 2647 1124 2672 tum
1150 2647 1203 2678 est,
1221 2645 1249 2671 id
1272 2644 1360 2672 etiam
1385 2644 1495 2671 dictum
1521 2646 1574 2679 est,
1600 2646 1629 2671 et
1653 2646 1686 2671 ut
1709 2644 1811 2672 datum
1832 2647 1887 2672 est.

1064 2690 1143 2723 Quod
1162 2693 1260 2717 autem
1287 2688 1464 2725 negligentia
1485 2688 1569 2716 nobis
1594 2688 1748 2716 familiaris
1764 2691 1792 2716 et
1806 2688 1888 2717 inex-

1064 2734 1181 2771 purgati
1199 2734 1290 2761 animi
1305 2734 1455 2761 crassities
1478 2733 1594 2769 assequi
1617 2733 1840 2769 prohibuerunt,
1855 2742 1890 2762 ex

1062 2778 1272 2807 liberalissimo
1296 2777 1487 2814 philosophiae
1505 2785 1582 2813 penu
1598 2777 1674 2805 ultro
1690 2777 1758 2811 huc,
1774 2777 1824 2813 qui
1840 2786 1889 2806 cu-

1065 2824 1107 2860 pit
1122 2823 1381 2857 auferre,aﬂ'erat,e
1392 2824 1511 2850 tnostrte
1527 2821 1698 2858 ignorantiae
1711 2822 1827 2850 veniam
1837 2821 1891 2851 im-

1063 2867 1180 2904 pertint.
