4154 6446
1631 407 2056 471 NIGEPHORI
2100 405 2539 469 BLEMMIDE

1576 542 1954 605 SYNOPSIS
2001 541 2306 603 CAPITIS
2350 540 2601 602 PBIMI.

1640 640 1795 694 QUOD
1841 641 1947 685 EST
1987 640 2064 684 DE
2108 637 2530 684 DEFINITIONE.

375 733 434 793 1.
463 731 868 814 Homonymia
899 731 1181 795 vocabuli
1206 730 1404 814 Graeci
1425 736 1555 813 ὅρου
1594 730 2150 814 ριίείρηίῇεαίονυηι
2180 729 2568 814 enumeratio.
2591 763 2667 814 1—
2686 732 2760 814 ‘2.
2800 728 2933 814 Quo
2952 728 3290 814 significato
3317 727 3413 814 hic
3438 730 3794 814 accipiatur.

453 848 533 859 —-
562 816 621 875 3.
655 808 944 894 Definitio
973 812 1333 892 deﬁnitionis
1363 808 1494 873 cum
1523 808 1915 894 explicatione
1944 809 2205 889 ejusdem
2236 809 2450 894 logica.
2490 843 2566 894 --_
2666 809 2864 894 Quare
2891 808 3393 894 deﬁnitio__oratio
3426 808 3791 894 deﬁniatur.

453 899 516 956 5.
556 888 755 970 Quare
776 888 1129 955 concisa.'—-
1158 896 1220 952 6.
1255 893 1451 967 Quare
1478 888 1827 973 adjiciatur,
1861 888 2149 973 naturam
2168 889 2446 973 subjecta:
2475 891 2567 973 rei
2592 888 2921 973 declarans.
2940 924 3017 935 —-
3046 893 3108 949 '7.
3156 888 3353 951 Virtus
3384 888 3788 973 deﬁnitionis,

454 969 617 1057 quod
630 994 761 1035 cum
782 974 1022 1057 deﬁnito
1044 982 1445 1048 convertatur;
1471 969 1601 1052 quae
1625 975 1802 1034 etiam
1822 971 2467 1057 exemplodeﬁmtzonzs
2496 970 2747 1057 hominis
2775 970 3137 1057 declaratur,
3148 989 3329 1057 quam
3362 969 3561 1057 Graeci
3575 982 3796 1057 veteres

455 1051 648 1117 adhuc
675 1051 920 1134 gentiles
951 1063 1350 1135 usurparunt;
1378 1073 1509 1133 quae
1535 1074 1607 1114 ex
1635 1073 1835 1113 eorum
1866 1052 2146 1135 sententia
2187 1071 2298 1132 per
2334 1051 2622 1135 singulas
2637 1051 2967 1131 particulas
2993 1051 3436 1135 capticatur.——_
3575 1052 3796 1135 Vitium

460 1131 843 1215 deﬁnitionis,
878 1131 1113 1215 quando
1142 1154 1260 1193 non
1291 1131 1658 1215 convertitur
1705 1154 1836 1215 cum
1884 1132 2150 1215 deﬁnito,
2186 1131 2347 1212 quod
2372 1131 2448 1210 ﬁt
2473 1131 2701 1191 duabus
2748 1151 2824 1192 ea:
2868 1134 3103 1207 causis;
3133 1131 3227 1191 vel
3252 1150 3328 1215 ex:
3353 1132 3658 1215 additione
3709 1133 3803 1194 vel

454 1211 851 1277 subtractione
879 1211 1222 1285 dictionum,
1253 1232 1509 1294 quarum
1541 1214 1647 1273 illa
1676 1211 1980 1291 defectum,
2015 1212 2137 1272 haec
2164 1211 2471 1294 accessum
2499 1231 2699 1272 rerum
2746 1222 3048 1272 causatur.
3085 1245 3160 1255 —
3189 1215 3249 1272 9.
3287 1211 3626 1294 Occupatio,
3673 1233 3797 1294 qua

454 1297 617 1357 docet
645 1316 778 1377 quae
806 1296 1034 1377 additio
1064 1291 1426 1376 definitionis
1455 1295 1884 1353 conversionem
1910 1294 2202 1377 impediat
2228 1303 2286 1352 et
2306 1291 2472 1377 _quod
2491 1294 2880 1377 propriorum
2912 1310 2983 1353 ac
3013 1291 3800 1377 inseparabiltu'mocciden-

456 1379 600 1437 tium
628 1372 852 1438 ddditzo
882 1372 1239 1453 deﬁnitionis
1266 1380 1698 1435 conversionem
1735 1394 1852 1433 non
1882 1372 2173 1447 destruat,
2217 1374 2320 1433 sed
2364 1372 2613 1454 tantum
2643 1372 2980 1454 brevitatem
3028 1374 3215 1454 vitiat,
3265 1382 3326 1454 et
3363 1373 3527 1454 quod
3569 1375 3681 1435 hac
3721 1375 3799 1435 de

450 1476 628 1538 causa
656 1458 721 1538 in
751 1451 1117 1538 deﬁnitiones
1150 1464 1378 1538 tantum
1406 1454 1826 1538 descriptorias
1854 1463 2368 1538 assumantur.__—
2400 1456 2496 1515 10.
2529 1452 2790 1538 Proprie
2817 1452 2976 1538 dicta
3004 1462 3060 1538 et
3086 1451 3797 1538 deﬁnitio—descriptam

451 1536 600 1618 quid
629 1532 935 1618 differant.
969 1571 1048 1581 —
1078 1539 1175 1598 11.
1210 1535 1498 1614 Deﬁnitio
1544 1532 1941 1618 descriptoria
1970 1554 2079 1618 cur
2108 1534 2193 1618 ita
2224 1533 2405 1618 dicta.
2441 1567 2516 1579 —-
2549 1537 2647 1595 12.
2686 1533 2834 1618 Usus
2865 1532 3529 1618 descriptionisn—AH.
3567 1532 3799 1618 Deﬁni-

454 1611 631 1678 tionis
658 1611 1059 1699 descriptoriae
1087 1635 1244 1678 usus.
1279 1611 1486 1699 é—_l4.
1518 1611 1939 1699 Definitionem
1970 1614 2422 1699 descriptoriam
2450 1612 2797 1699 noneodem
2825 1611 3252 1699 semper'modo
3280 1613 3439 1694 fieri.
3470 1649 3550 1699 τ-
3582 1611 3798 1677 151':-

448 1699 631 1779 scitiae
659 1718 796 1769 esse,
830 1692 960 1759 cum
988 1704 1308 1779 suppetunt
1336 1692 2056 1779 different'iaaessentiales,
2090 1692 2382 1779 usurpare
2410 1692 2828 1779 occidentales,
2878 1692 2951 1756 et
2972 1692 3301 1755 describere
3330 1696 3496 1779 quod
3531 1698 3803 1776 potuerit

452 1778 713 1857 deﬁniri,
742 1779 864 1838 nisi
887 1775 1363 1858 imperfectorum
1391 1775 1549 1858 ratio
1572 1778 1651 1838 sit
1678 1775 1968 1858 habenda.
2002 1811 2079 1820 —
2103 1778 2215 1858 16.
2234 1775 2629 1858 Deﬁnitiones
2657 1776 2833 1858 etiam
2886 1783 3028 1836 sunt
3060 1794 3145 1858 θέο
3171 1775 3436 1858 materia
3459 1775 3684 1858 forma.
3718 1811 3800 1823 -

455 1855 553 1918 17.
588 1859 769 1920 Sunii
794 1860 929 1919 item
958 1855 1032 1919 ex
1059 1855 1322 1937 subjecto
1351 1867 1409 1917 et
1434 1857 1575 1936 ﬁne.
1606 1891 1682 1904 —
1712 1858 1832 1916 18*.
1870 1856 2053 1917 Sumi
2076 1855 2324 1937 denique
2342 1855 2707 1937 exsubjecto
2736 1856 2877 1926 solo,
2913 1865 3072 1937 etes:
3099 1855 3219 1937 ﬁne
3245 1856 3389 1937 solo,
3413 1855 3545 1918 cum
3577 1856 3802 1937 alteru-

453 1949 612 1999 trum
638 1939 891 2020 sufﬁcit,
920 1934 1268 2020 plerumiIue
1293 1934 1487 1999 tamen
1518 1958 1646 1999 cum
1677 1955 1908 2020 genere.
1941 1938 2159 2020 -_-_-‘_19.
2210 1935 2281 2020 In
2328 1934 2893 2020 huiusmodi__etiam
2943 1934 3386 2020 deﬁnitionibus
3439 1936 3594 2019 (qua:
3643 1936 3801 2020 alias

453 2015 716 2100 causates
740 2015 1043 2099 dicuntur)
1072 2015 1336 2097 reperiri
1358 2038 1489 2100 qua?
1515 2015 1829 2100 generibus
1853 2026 1912 2077 et
1937 2016 2292 2100 differentiis
2320 2016 2797 2100 constituentibus
2817 2018 2945 2100 sint
2962 2015 3246 2100 anatoga,
3272 2019 3392 2078 sive
3412 2015 3802 2100 praportione

451 2099 821 2179 respondeat.
857 2134 936 2146 —
960 2095 1061 2161 20.
1096 2095 1225 2162 Cur
1254 2095 1476 2179 ὁριᾱμοὶ
1516 2095 1658 2179 auos
1691 2098 1913 2179 Latine
1925 2097 2294 2179 deﬁnitiones
2320 2095 2643 2179 reddimus,
2672 2098 2758 2157 ita
2795 2097 3011 2179 Gracis
3037 2095 3202 2156 dicti.
3231 2132 3308 2143 —
3336 2095 3437 2179 21)
3465 2095 3609 2160 ΑΖιά
3638 2107 3797 2160 ratio

450 2175 562 2264 cur
588 2190 644 2264 et
674 2187 895 2263 ὁρισμοὶ
933 2192 988 2264 e_t
1016 2186 1156 2264 ὅροι,
1191 2181 1256 2242 id
1283 2175 1761 2264 est'deﬁnitz'ones
1789 2189 1843 2237 et
1870 2178 2017 2264 ﬁnes

2162 2175 2381 2264 Graecis
2410 2176 2681 2264 dicti._—
2711 2177 3161 2264 22._'rwgoypaceﬁ
3204 2197 3336 2264 quae
3378 2178 3807 2264 Latitinisest

451 2257 762 2341 descriptio
794 2257 900 2321 cur
931 2257 1139 2323 Gracis
1166 2264 1255 2323 ita
1284 2257 1471 2333 dicta,
1502 2260 1609 2341 ubi
1629 2260 1806 2319 etiam
1838 2263 2106 2341 ἀναλογία
2135 2257 2517 2341 deﬁnitionis,
2552 2257 2965 2341 descriptionis
2993 2257 3056 2341 et
3078 2257 3475 2341 descriptorzae
3502 2258 3805 2341 deﬁnitio-

452 2342 548 2431 nis
575 2336 939 2431 enucleatum
973 2377 1051 2431 —_-
1080 2345 1180 2402 ‘23.
1214 2342 1537 2431 Annotatio
1567 2339 1639 2401 de
1663 2339 1913 2431 proprio
1945 2336 2105 2419 quod
2132 2336 2755 2431 z'n‘deﬁnz'tz'onibusft
2777 2336 3280 2431 descriptionibus
3293 2336 3646 2421 differentiae
3689 2360 3802 2402 ra-

369 406 482 470 691
972 446 975 449 -
1631 407 2028 471 NIGEPHOR

2154 405 2312 468 LEM
2321 405 2539 469 MIDE
3677 404 3796 479 692

454 2424 666 2484 tionem
697 2422 935 2496 habent,
970 2425 1087 2483 sive
1110 2421 1435 2483 essentialis
1461 2423 1582 2481 sive
1610 2419 1966 2492 adventitiae,
1996 2427 2178 2497 prout
2204 2419 2489 2479 nimirum
2517 2419 2706 2499 fuerit
2728 2420 3070 2499 prOprium.

954 2585 1087 2641 5-6
1128 2582 1360 2639 CAPUT
1400 2583 1443 2636 Ι.

970 2674 1048 2728 De
1071 2672 1419 2743 deﬁnitione.

454 2761 497 2814 ί.
531 2759 692 2824 Quod
724 2759 939 2815 Grecis
970 2757 1102 2834 ὅρος
1137 2763 1245 2823 est,
1292 2758 1513 2814 dicitur
1560 2758 1799 2830 quidem
1849 2757 2026 2812 etiam

371 2847 565 2904 limes.
599 2849 710 2904 Sed
744 2853 803 2904 et
833 2864 967 2904 cum
1001 2848 1541 2921 principiumﬁtum
1592 2847 1718 2920 ipse
1764 2846 1902 2902 ﬁnis
1946 2845 2027 2900 rei

370 2936 707 2993 dicitur.Sic
738 2936 898 2992 enim
929 2938 1269 2993 universum
1301 2936 1456 3008 quod
1491 2936 1885 2991 extremitates
1924 2935 2027 2990 ha-

368 3027 487 3095 bet,
520 3025 848 3101 ὡρισμένον,
890 3025 949 3081 id
987 3032 1078 3081 est
1117 3025 1502 3081 terminatum
1535 3029 1793 3092 vocatur,
1827 3028 2029 3096 quate-

368 3132 481 3171 nus
521 3114 920 3171 extremitates
969 3114 1165 3170 habet.
1220 3114 1419 3178 Quoad
1472 3114 1580 3169 hoc
1628 3113 2027 3186 signiﬁcatum

372 3204 553 3260 etiam
584 3202 930 3260 Aristoteles
971 3200 1119 3277 ὅρον,
1171 3203 1231 3258 id
1284 3209 1393 3271 est,
1427 3202 1750 3257 terminum
1781 3201 2025 3271 vocavit,

369 3293 431 3348 in
456 3310 631 3365 quem
654 3292 972 3365 propositio
1003 3291 1536 3348 resolvitur.Veluti
1559 3291 1635 3346 sit
1667 3290 1987 3363 propositio
2011 3307 2024 3345 :

371 3381 492 3438 Rex
539 3380 1032 3454 philosophatur:
1067 3378 1209 3455 ὅροι,
1250 3380 1309 3436 id
1340 3385 1430 3436 est
1466 3379 1703 3435 termini
1753 3382 1793 3435 7
1849 3380 2030 3451 hujus

372 3470 793 3543 propositionis
824 3475 983 3541 sunt,
1016 3468 1079 3523 τὸ
1128 3487 1225 3525 rex
1266 3474 1323 3525 et
1359 3468 1423 3522 τὸ
1456 3468 1921 3542 phi1050pbatur.
1965 3470 2028 3524 In

375 3560 500 3615 haec
528 3559 705 3630 enim,
757 3565 822 3615 ut
868 3558 929 3615 in
979 3559 1216 3616 ultimas
1261 3560 1659 3616 extremitates
1708 3558 2032 3630 propositio

379 3646 822 3717 resolviturmec
852 3649 976 3704 ﬁeri
1008 3655 1201 3722 potest
1230 3652 1295 3704 ut
1323 3648 1604 3719 resolutio
1636 3647 1882 3703 ulterius
1907 3664 2033 3720 pro-

381 3738 571 3794 cedat.
604 3739 1111 3804 Quemadmodum
1142 3738 1301 3794 enim
1332 3738 1452 3793 haec
1482 3736 1925 3809 compositionis
1973 3736 2033 3790 in

380 3826 778 3900 propositione
800 3827 1198 3900 principia,sic
1221 3832 1277 3882 et
1301 3825 1676 3883 resolutionis
1700 3826 1846 3882 lines
1873 3830 2032 3882 sunt.

379 3917 449 3971 Et
479 3933 614 3974 vero
645 3933 780 3972 cum
815 3916 1167 3988 principium
1218 3921 1346 3971 tum
1400 3916 1555 3987 ﬁnis,
1589 3914 1815 3990 πέρατα,
1849 3915 1906 3970 id
1947 3918 2037 3971 est

2061 2580 2118 2645 A

2788 2581 3045 2633 ΚΕΦΑΛ.
3081 2579 3162 2634 A'.

2814 2666 2945 2742 Περὶ
2978 2664 3129 2742 ὅρου.

2212 2755 2256 2808 α’
2308 2756 2470 2829 Ὅρος
2527 2751 2745 2829 λέγεται
2810 2752 2902 2829 μέν
2958 2754 3047 2810 καὶ
3101 2757 3164 2811 τὸ
3231 2757 3533 2834 ὁροθέσιον·
3587 2755 3805 2833 λέγεται

2141 2839 2199 2897 δὲ
2244 2843 2333 2896 καὶ
2384 2844 2420 2913 ἡ
2470 2843 2619 2919 ἀρχὴ
2676 2848 2773 2898 τοῦ
2830 2842 3151 2920 πράγματος
3208 2846 3297 2901 καὶ
3355 2848 3418 2902 τὸ
3455 2844 3614 2909 τέλος
3644 2844 3804 2903 αυτό.

2140 2931 2295 2987 Οὕτω
2354 2931 2457 3008 γάρ
2509 2932 2574 2986 τὸ
2632 2937 2734 2986 πᾶν
2782 2932 2847 2988 τὸ
2894 2933 3299 3009 πεπερασμένον
3351 2935 3654 3012 ὡρισμένον
3707 2956 3806 2991 κα.-

2141 3018 2338 3093 λεῖται,
2370 3021 2501 3075 καθὸ
2552 3022 2901 3098 πεπέρασται.
2957 3022 3102 3077 Κατὰ
3145 3028 3307 3079 τοῦτο
3352 3025 3415 3079 τὸ
3456 3023 3804 3098 σημαινόμε-

2139 3132 2225 3165 νον
2259 3111 2349 3164 mi
2400 3109 2785 3184 Ἀριστοτέλης
2836 3110 2963 3188 ὅρον
3015 3111 3293 3184 ὲκᾶλεσενί
3342 3113 3417 3176 εἷς
3464 3111 3523 3168 ὃν
3570 3113 3803 3175 ἀναλύε-

2138 3220 2225 3253 ται
2274 3201 2309 3269 ἡ
2362 3198 2643 3276 πρότασις.
2696 3202 2821 3254 Οἴον
2871 3196 3011 3255 ἕστῶ
3061 3201 3340 3278 πρότασις,
3392 3199 3653 3266 Βασιλεὺς
3714 3224 3805 3280 φι-

2143 3288 2373 3366 λοσοφεῖ
2404 3307 2418 3320 ·
2479 3287 2599 3364 ὅροι
2671 3294 2772 3358 τῆς
2850 3290 3165 3364 προτάσεως
3236 3290 3441 3362 ταύτης
3518 3290 3619 3346 εἰσὶ
3652 3336 3669 3362 ,
3736 3293 3805 3348 τὸ

2148 3376 2424 3454 βασιλεὺς,
2454 3378 2544 3431 καὶ
2586 3377 2649 3432 τὸ
2697 3375 3009 3457 φιλοσοφεῖ.
3060 3379 3156 3441 Εἰς
3203 3383 3373 3435 ταῦτα
3418 3380 3523 3456 γὰρ
3572 3377 3807 3453 ἀναλύε-

2140 3489 2230 3521 ται
2285 3469 2320 3537 ἡ
2380 3465 2667 3540 πρότασις,
2716 3465 2897 3544 ὥσπερ
2950 3467 3027 3530 εἰς
3081 3467 3371 3525 τελευταῖα
3424 3469 3653 3547 πέρατα,
3711 3469 3807 3533 καὶ

2144 3555 2243 3610 οὐκ
2297 3551 2407 3611 ἔστι
2463 3553 2684 3610 δυνατὺν
2732 3557 3037 3633 περαιτέρω
3106 3558 3390 3635 προελθεῖν
3449 3560 3549 3629 τὴν
3602 3557 3806 3615 ἀνάλυ-

2146 3666 2248 3698 σιν.
2301 3647 2505 3720 ’Ὠσπερ
2553 3645 2655 3721 γὰρ
2707 3645 2875 3722 ἀρχαὶ
2921 3651 3090 3701 ταῦτα
3133 3654 3237 3717 τῆς
3286 3646 3337 3702 έν
3387 3649 3644 3724 προτάσει
3684 3669 3813 3703 συν-

2144 3735 2363 3802 θέσεως,
2406 3732 2549 3788 οὕτω
2578 3734 2670 3788 καὶ
2697 3733 2831 3805 τέλη
2879 3736 3141 3811 τυγχάνει
3179 3743 3280 3806 τῆς
3332 3735 3662 3799 ἀναλύσεως.
3702 3738 3809 3793 Καὶ

2145 3825 2180 3892 ἡ
2242 3823 2388 3900 ἀρχὴ
2451 3819 2509 3877 3‘s
2570 3822 2661 3877 καὶ
2714 3823 2777 3879 τὸ
2828 3821 2988 3888 τέλος
3041 3825 3246 3902 πέρατα
3304 3824 3574 3901 λέγονται.
3629 3825 3807 3903 Πέρας

2146 3912 2250 3989 γάρ
2310 3911 2418 3966 ἐστι
2476 3912 2539 3966 τὸ
2597 3911 2916 3986 κατάντημα
2949 3956 2962 3970 .
3021 3915 3175 3969 Ὅθεν
3235 3920 3351 3977 τοῖς
3427 3915 3522 3988 μὲν
3593 3914 3652 3971 ἐκ
3704 3916 3810 3986 τῆς

379 4004 772 4061 extremitates
802 4005 1100 4062 dicuntur.
1122 4007 1185 4061 1n
1217 4005 1372 4077 quod
1404 4005 1562 4060 enim
1594 4003 1817 4076 aliquid
1846 4002 2030 4058 evadit

2150 4002 2324 4078 ἀρχῆς
2355 4002 2492 4077 πρὸς
2534 4002 2598 4056 τὸ
2639 4001 2799 4064 τέλος
2851 4002 2991 4057 ἰοῦσι
3041 4004 3106 4058 τὸ
3153 4001 3314 4066 τέλος
3359 4004 3527 4082 πέρας
3563 4005 3808 4079 εὑρίσκε-

379 4098 438 4151 et
465 4093 702 4162 desinit,
736 4095 1075 4150 extremitas
1106 4099 1214 4150 est.
1248 4094 1412 4150 Unde
1452 4093 1570 4149 illis
1595 4094 1837 4165 quidem
1869 4092 1969 4164 qui
2003 4110 2030 4146 a

2150 4111 2251 4161 ται,
2283 4095 2401 4152 τοῖς
2432 4087 2479 4144 δ’
2511 4090 2570 4144 ἐκ
2614 4094 2709 4144 τοῦ
2756 4089 2952 4153 τέλους
3000 4092 3136 4168 πρὸς
3182 4093 3282 4162 τὴν
3333 4092 3514 4170 ἀρχὴν
3543 4095 3579 4164 ἡ
3629 4093 3807 4171 ἀρχή.

378 4182 667 4255 principio
698 4184 768 4239 ad
800 4184 979 4239 ﬁnem
1012 4187 1175 4255 eunt,
1210 4182 1377 4252 ﬁnis;
1410 4183 1511 4254 qui
1543 4201 1577 4238 a
1609 4182 1724 4237 ﬁne
1768 4183 1839 4237 ad
1872 4180 2030 4254 prin-

2150 4178 2242 4232 Καὶ
2277 4176 2443 4254 ἄμφω
2482 4177 2541 4234 δὲ
2585 4180 2652 4234 τὰ
2698 4179 2924 4256 πέρατα,
2980 4177 3071 4236 διὰ
3116 4181 3180 4236 τὸ
3227 4183 3344 4237 κατ’
3392 4181 3529 4237 αὐτὰ
3578 4180 3811 4259 ὡρίσθαι

379 4271 986 4344 cipium,principium
1019 4273 1356 4328 extremitas
1398 4272 1874 4343 deprehenditur.
1922 4272 2030 4327 Sed

2150 4267 2205 4322 τὸ
2255 4274 2514 4344 πρᾶγμα,
2572 4267 2691 4343 ὅροι
2739 4271 3224 4342 κατονομάζονται.
3273 4272 3493 4348 Λέγεται
3540 4271 3669 4349 ὅρος
3715 4272 3810 4327 καὶ

378 4366 437 4416 et
463 4361 647 4417 ambas
680 4362 1077 4417 extremitates
1110 4362 1264 4433 quod
1310 4361 1636 4417 secundum
1669 4377 1767 4415 eas
1799 4378 1888 4416 res
1918 4364 2030 4416 ter-

2150 4360 2327 4419 στάσις
2388 4356 2679 4434 ῥητορικὴ,
2731 4358 2819 4413 καὶ
2866 4358 3162 4438 κεφαλαιον
3225 4364 3295 4435 τῇ
3350 4360 3529 4416 στάσει
3588 4362 3811 4435 ὁμωνυ-

379 4449 604 4506 minata
652 4449 747 4515 sit,
799 4450 1035 4505 termini
1096 4449 1572 4506 denominantur.
1625 4449 1850 4505 Dicitur
1906 4448 2030 4522 ὅρος

2150 4451 2305 4519 μοῦν,
2339 4448 2428 4501 καὶ
2487 4444 2775 4523 δογμάτων
2833 4446 3156 4524 περίληψις.
3206 4450 3306 4504 Καὶ
3343 4455 3449 4511 πᾶς
3502 4446 3669 4525 λόγος
3714 4471 3809 4505 κε-

380 4539 557 4594 etiam
589 4542 779 4595 status
810 4538 1137 4594 rhetoricus
1167 4543 1224 4593 et
1253 4542 1446 4610 caput,
1472 4538 1629 4610 quod
1661 4538 1865 4593 eodem
1897 4555 2030 4593 cum

2150 4533 2466 4613 φαλαιώδης
2516 4536 2607 4591 καὶ
2658 4535 2984 4599 εὐσύνοπτος
3041 4537 3169 4612 ὅρος
3225 4536 3492 4594 καλεῖται.
3551 4540 3815 4595 Τάττεται

385 4633 548 4685 statu
578 4627 1073 4694 venitnomine,et
1094 4628 1439 4700 dogmatum
1472 4644 1572 4683 seu
1600 4627 2030 4683 sententiarum

2150 4622 2203 4679 δὲ
2246 4624 2373 4700 ὅρος
2432 4624 2520 4679 καὶ
2571 4626 2633 4680 τὸ
2690 4624 2889 4701 ὁρίζειν
2948 4626 3039 4681 καὶ
3096 4625 3184 4681 ἐπὶ
3233 4626 3529 4706 ἀσφαλείας
3576 4627 3668 4684 καὶ
3715 4629 3810 4705 βε-

376 4717 853 4791 comprehensio;
905 4724 962 4772 et
1010 4717 1205 4772 omnis
1265 4717 1326 4771 in
1384 4733 1682 4773 summam
1735 4721 2035 4773 contracta
2145 4709 2450 4776 ϐαιώσεως.

377 4805 681 4877 oculisque
707 4806 976 4876 subjecta
1023 4802 1374 4880 oratio,6'poc
1397 4808 1673 4875 'yocatur.
1697 4805 1808 4861 Sed
1855 4810 1911 4860 et
1955 4804 2268 4862 adhibetur
2313 4804 2490 4860 etiam
2522 4800 2650 4878 ὅρος
2679 4808 2736 4859 et
2765 4804 2997 4879 ὁρισζειν
3048 4823 3152 4878 pro
3201 4807 3514 4865 securitate
3561 4812 3622 4865 et
3666 4824 3812 4864 cau-

378 4894 537 4951 tione
562 4911 697 4953 cum
728 4894 984 4950 indicem
1017 4894 1099 4950 rei
1128 4894 1388 4949 obnoxiae
1415 4898 1473 4950 et
1501 4893 1897 4967 oppignoratze
1929 4895 2162 4950 damus.

448 4986 504 5037 2.
558 4986 805 5057 Insuper
858 4989 1055 5040 autem
1104 4987 1314 5055 printer
1364 4983 1486 5039 haec
1538 4984 1755 5039 dicitur
1800 4980 1927 5057 ὅρος
1979 4988 2030 5039 et

2223 4982 2288 5057 β’.
2322 4983 2438 5037 Ἔτι
2472 4978 2530 5036 δὲ
2578 4984 2725 5058 παρὰ
2772 4987 2940 5038 ταῦτα
2988 4980 3205 5058 λέγεται
3254 4982 3381 5058 ὅρος
3426 4985 3517 5039 καὶ
3575 4983 3813 5057 ὁρισμὸς

381 5070 580 5149 ὁρίζειν
614 5073 673 5128 id
714 5073 869 5144 quod
923 5072 1147 5128 Latinis
1173 5080 1264 5128 est
1289 5073 1425 5128 ﬁnis
1456 5077 1513 5128 et
1541 5073 1729 5128 ﬁnitio
1780 5090 1881 5128 seu
1932 5074 2030 5128 de-

2150 5071 2175 5124 ὁ
2207 5070 2265 5125 ἐκ
2293 5070 2481 5146 γένους
2512 5069 2603 5124 καὶ
2651 5077 2980 5126 συστατικῶν
3036 5069 3336 5150 διαφορῶν,
3383 5073 3419 5142 ἢ
3449 5077 3558 5128 τῶν
3605 5070 3812 5129 ἀναλο-

380 5162 881 5229 ﬁnitio,nimirum
913 5179 981 5217 ex
1011 5178 1220 5233 genere
1250 5167 1307 5217 et
1334 5162 1832 5218 constituentibus
1866 5163 2030 5217 diﬁ'e-

2150 5159 2389 5234 γοόντων
2446 5161 2632 5223 αὐτοῖς
2711 5159 3058 5236 συγκείμενος
3134 5158 3303 5235 λόγος
3367 5160 3458 5216 καὶ
3518 5161 3809 5235 σημαίνων

380 5251 585 5307 rentiis
613 5256 715 5306 aut
742 5249 962 5306 talibus
985 5268 1110 5321 quae
1143 5250 1236 5306 bis
1267 5249 1510 5321 analoga
1540 5254 1679 5305 sunt
1708 5251 1755 5306 8
1786 5250 2038 5306 conﬂata

379 5339 651 5403 oratio,et
678 5355 805 5410 quae
836 5339 919 5393 rei
943 5339 1339 5394 substantiam
1373 5339 1577 5411 paucis
1608 5340 1901 5410 Signiﬁcat
1925 5357 1937 5394 :
1964 5340 2035 5394 de

379 5445 497 5501 qua
530 5444 687 5483 nunc
717 5427 906 5483 dicere
938 5427 1108 5483 nobis
1140 5433 1229 5483 est
1261 5428 1812 5499 propositum.Nam
1845 5433 1901 5484 et
1932 5444 2034 5483 no-

378 5535 509 5572 men
546 5517 782 5587 quidem
822 5516 1000 5571 ctiam
1048 5533 1129 5571 1‘61
1180 5516 1597 5583 substantiam,
1632 5518 1733 5572 sed
1764 5517 2032 5588 obscure,

377 5607 640 5661 deﬁnitin
674 5609 890 5675 autem,
924 5610 1121 5677 aperte
1152 5604 1465 5677 signiﬁcat,
1495 5622 1674 5677 quam
1720 5605 1898 5661 etiam
1948 5605 2032 5661 sic

376 5694 692 5765 explicant.

445 5783 498 5837 3.
534 5781 807 5837 Deﬁnitio
838 5786 927 5836 est
957 5781 1140 5835 oratio
1171 5782 1427 5850 concisa,
1462 5786 1731 5838 naturam
1764 5782 1842 5838 rei
1887 5783 2027 5839 sub-

368 5872 539 5944 jecta
568 5870 903 5940 declarans;
935 5869 997 5925 τὸ
1029 5869 1215 5927 oratio
1242 5871 1409 5942 proin
1441 5876 1506 5928 ut
1535 5888 1720 5946 genus
1753 5889 2031 5946 assump-

2147 5247 2330 5303 οὐσίαν
2392 5248 2718 5325 πράγματος
2780 5247 2832 5303 ἐν
2888 5247 3083 5325 ὀλίγῳ·
3144 5247 3269 5325 περὶ
3327 5249 3389 5304 οὗ
3446 5253 3539 5305 νῦν
3588 5249 3811 5328 πρόκει-

2142 5358 2230 5391 ται
2294 5336 2469 5413 λέγειν
2529 5339 2697 5410 ἡμᾶς.
2744 5337 3013 5411 Σημαίνει
3079 5337 3174 5412 μὲν
3230 5337 3336 5414 γὰρ
3390 5339 3481 5393 καὶ
3524 5339 3586 5394 τὸ
3634 5334 3812 5412 ὄνομα

2144 5427 2469 5501 πράγματος
2500 5425 2705 5497 οὐσίαν⁷
2757 5425 2905 5483 ἀλλὰ
2956 5424 3226 5490 σκιωδῶς·
3262 5428 3290 5482 ὁ
3335 5425 3394 5483 δὲ
3442 5429 3673 5505 ὁρισμὸς
3704 5450 3809 5507 φα-

2142 5521 2335 5592 νερῶς·
2372 5517 2430 5571 ’ὸν
2462 5518 2551 5571 καὶ
2583 5514 2934 5572 ἀποδιδόασιν
2964 5517 3158 5580 οὕτως.

2212 5784 2280 5858 γ’.
2314 5785 2475 5858 Ὃρος
2507 5781 2617 5838 ἐστὶ
2665 5781 2831 5859 λόγος
2883 5783 3174 5859 σύντομος,
3228 5781 3538 5857 δηλωτικὸς
3566 5793 3670 5857 τῆς
3700 5787 3799 5866 φύ-

2140 5893 2275 5935 σεως
2304 5877 2403 5929 τοῦ
2436 5872 2796 5949 ὑποκειμένου
2839 5875 3184 5952 πράγματος.
3234 5875 3308 5932 Τὸ
3357 5876 3453 5952 μὲν
3494 5875 3587 5932 οὗν
3629 5872 3802 5955 λόγος
