4154 6420
394 422 512 487 693

1796 415 2148 480 ΕΡῙΤΟΜΕ
2189 414 2496 478 LOGICA.

3691 414 3808 476 694

394 555 472 619 ὡς
513 553 666 634 γένος
712 552 1007 626 εἴληπται·
1063 553 1129 612 τὸ
1173 550 1230 610 δὲ
1277 551 1562 629 σύντομος,
1595 551 1682 608 καὶ
1739 551 1803 606 τὸ
1852 549 2038 621 δηλω-

2157 557 2279 609 tum
2307 559 2396 611 est
2427 571 2440 610 :
2477 557 2536 610 at
2561 551 2623 608 16
2655 553 2887 611 concisa
2908 555 2966 610 et
2991 549 3055 608 16
3087 551 3391 610 declarans
3421 554 3693 610 naturam
3725 552 3808 612 rei

389 644 542 708 τικὸς
595 651 696 715 τῆς
752 645 962 724 φύσεως
1027 649 1125 699 τοῦ
1186 645 1538 718 ὑποκειμένου
1595 644 1936 720 πράγματος,
1969 640 2042 702 ὡς

395 732 652 814 διαφοραέ
684 733 1014 791 συστατικαί.

467 821 531 882 δ’.
577 823 754 901 Λόγος
799 823 979 879 τοίνυν
1031 821 1242 898 εἴρηται
1273 825 1300 878 6
1351 823 1576 901 ὁρισμὸς
1622 823 1759 899 πρὸς
1809 818 2044 876 ἀντιδια-

396 911 598 982 στολήν
646 917 745 967 τοῦ
795 913 1092 986 ὀνόματος·
1145 912 1227 967 ὅτι
1273 913 1338 967 τὸ
1390 914 1483 986 μὲν
1532 906 1707 984 ὄνομα
1748 909 1842 965 κᾶν
1896 911 2042 965 ὁπω-

393 1006 518 1057 σοῦν
564 1003 803 1077 σημαίνῃ
857 1002 1012 1081 φύσιν
1065 1001 1385 1078 πράγματος
1443 1003 1532 1057 καὶ
1589 1001 1738 1072 αὐτὸ,
1770 999 1898 1055 ἀλλ’
1955 997 2045 1054 οὖν

395 1090 455 1146 ἐκ
488 1096 612 1164 μιᾶς
643 1090 934 1162 συνέστηκε
959 1090 1155 1162 λέξεως
1177 1113 1189 1126 ο
1224 1093 1252 1146 ὁ
1285 1089 1341 1146 δὲ
1367 1091 1531 1168 λόγος
1588 1091 1646 1146 ἐκ
1693 1089 1787 1146 δύο
1847 1087 2041 1160 λέξεων

390 1181 454 1237 τὸ
481 1179 792 1257 ἐλάχιστον.

464 1272 522 1328 ε’.
559 1271 840 1345 Σύντομος
872 1268 950 1343 δὲ,
983 1269 1072 1326 διά
1115 1293 1174 1326 τε
1220 1269 1346 1333 τοὺς
1406 1269 1610 1332 ἄλλους
1675 1269 1911 1344 μακροὺς
1953 1270 2040 1325 καὶ

387 1358 518 1423 τοὺς
565 1358 877 1431 διεξοδικῶς
927 1360 1051 1437 περὶ
1101 1360 1312 1438 φύσεως
1351 1361 1682 1436 πραγμάτων
1741 1355 2044 1434 διαλαμϐά-

387 1469 578 1512 νοντας
588 1493 600 1505 .

462 1540 527 1602 ς’.
561 1537 708 1593 Ἐπεὶ
741 1535 798 1593 δέ
851 1537 951 1593 εἰσι
1004 1537 1159 1615 λόγοι
1217 1537 1473 1612 σόντομοι
1521 1539 1609 1594 καὶ
1661 1539 1760 1594 οὐκ
1808 1539 1938 1594 εἰσὶν
1985 1540 2041 1593 οἱ

387 1631 624 1682 τοιοῦτοι
686 1627 930 1703 ὁρισμοὶ,
991 1626 1147 1706 φύσιν
1198 1626 1520 1704 πράγματος
1584 1629 1660 1702 μὴ
1720 1625 2037 1700 δηλοῦντες,

389 1718 482 1771 οἷα
511 1717 601 1772 καὶ
638 1717 708 1771 τὰ
758 1715 1150 1795 ἀποφθέγματα
1173 1736 1186 1750 ⁸
1217 1717 1301 1789 τὸ,
1335 1719 1505 1772 Γνῶθι
1555 1719 1766 1789 σαυτὸν,
1795 1719 1880 1790 τὸ,
1915 1721 2041 1790 Μη-

389 1803 476 1860 δὲν
501 1805 654 1881 ἄγαν,
686 1804 778 1859 καὶ
807 1805 874 1859 τὰ
900 1809 1150 1859 τοιαῦτα·
1203 1802 1292 1859 διὰ
1319 1808 1480 1860 τοῦτο
1510 1806 1806 1879 προσετέθη
1849 1807 1913 1861 τὸ
1945 1804 2041 1876 δη-

388 1893 626 1956 λωτικὸς
651 1901 752 1964 τῆς
782 1893 995 1972 φύσεως
1023 1898 1121 1948 τοῦ
1153 1893 1514 1966 ὑποκειμένου
1554 1895 1895 1971 πράγματος.

462 1988 510 2053 ζ.
571 1983 768 2061 Ἀρετὴ
830 1979 888 2038 δὲ
941 1987 1038 2038 τοῦ
1097 1983 1329 2058 ὁρισμοῦ
1389 1983 1499 2038 ἐστι
1553 1984 1618 2038 τὸ
1675 1983 2037 2062 ἀντιστρέφειν

386 2072 522 2147 πρὸς
581 2072 642 2127 τὸ
701 2072 931 2148 ὁριστὸν,
967 2073 1078 2126 οἷον
1135 2072 1212 2134 ὡς
1260 2072 1312 2127 έν
1352 2069 1741 2149 ὑποδείγματιο
1797 2073 1886 2128 τὸν
1949 2070 2040 2128 ἄν·

386 2163 601 2239 θρωπον
635 2160 906 2238 ὁρίζονται
958 2165 1092 2230 ζῶον
1145 2159 1370 2236 λογικὸν
1407 2163 1600 2233 θνητὸν
1637 2167 1734 2218 νοῦ
1783 2164 1873 2218 καὶ
1923 2163 2038 2218 ἐπι-

385 2253 605 2324 στήμης
663 2245 924 2308 δεκτικόν.
989 2248 1087 2305 Καὶ
1164 2255 1302 2320 ζῶον
1384 2251 1478 2324 μὲν
1555 2251 1802 2328 λέγουσιν
1881 2252 2036 2307 αὐτὸν

381 2339 718 2417 ’χωρίζοντες
748 2339 853 2394 ἀπό
881 2361 940 2394 τε
966 2345 1074 2394 τῶν
1130 2340 1378 2416 ἀψύχων,
1409 2342 1499 2394 καὶ
1548 2341 1654 2396 ἀπὸ
1700 2345 1807 2396 τῶν
1858 2346 2036 2419 φυτῶν

381 2431 472 2485 καὶ
499 2434 609 2484 τῶν
645 2428 960 2508 ζωοφύτων.
995 2429 1144 2484 Ἐπεὶ
1178 2427 1236 2484 δὲ
1261 2430 1325 2484 τὸ
1367 2433 1503 2499 ζῶον
1549 2430 1707 2504 γένος
1766 2429 1875 2485 ἐστὶ
1931 2436 2040 2485 τῶν

383 2517 621 2595 λογικῶν
650 2538 708 2573 τε
737 2518 890 2587 ζώων
941 2539 999 2572 τε
1046 2518 1135 2572 καὶ
1184 2517 1427 2593 ἀλόγων,
1460 2515 1549 2572 διδ.
1603 2522 1762 2573 τοῦτο
1815 2539 2039 2594 προστι-

382 2607 530 2663 θέασι
582 2607 671 2662 καὶ
715 2608 776 2662 τὸ
822 2605 1071 2682 λογικὸν,
1123 2605 1428 2670 διιστῶντες
1474 2608 1564 2662 τὸν
1619 2605 1900 2684 ἄνθρωπον
1931 2613 2036 2663 τῶν

380 2693 600 2771 ἀλόγων
637 2696 813 2765 ζώων.
849 2695 1000 2750 Ἐπεὶ
1053 2693 1111 2750 δὲ
1156 2695 1247 2750 καὶ
1294 2695 1422 2758 τοὺς
1474 2695 1739 2772 ἀγγέλους
1791 2702 1901 2766 ζῶα
1947 2696 2039 2752 λέ-

382 2805 539 2859 γουσι
599 2783 819 2859 λογικὰ,
879 2784 1018 2861 πρὸς
1076 2781 1134 2839 δὲ
1183 2784 1273 2839 καὶ
1303 2785 1369 2838 τὰ
1399 2785 1621 2860 οὐράνια
1648 2786 1896 2859 σώματα,
1930 2790 2041 2855 ζῶα

385 2873 584 2948 λογικὰ
627 2873 1002 2951 τερατεόονται
1030 2892 1044 2906 ·
1100 2871 1190 2928 διὰ
1236 2879 1396 2928 τοῦτο
1447 2873 1792 2945 προστιθέασι
1838 2875 1928 2929 καὶ
1978 2875 2039 2930 τὸ

354 2962 599 3044 ,θνητὸν,
650 2963 758 3018 ἀπὸ
806 2967 912 3018 τῶν
965 2962 1270 3040 εἰρημένων
1314 2964 1405 3018 τὸν
1448 2960 1728 3038 ἄνθρωπον
1797 2962 2040 3020 διαστέλ-

385 3048 593 3113 λοντες.
627 3050 801 3109 Ἀλλὰ
844 3051 936 3106 καὶ
992 3050 1204 3127 νύμφας
1265 3050 1610 3128 μακραίωνας
1659 3052 1791 3107 εἶναι
1844 3052 2037 3127 μυθεό-

388 3156 536 3194 ονται
612 3143 719 3210 ζῶα
798 3137 1000 3215 λογικὰ
1076 3139 1165 3194 καὶ
1246 3136 1538 3216 μακρόϐια,
1614 3139 1766 3215 ὅμως
1856 3141 2039 3215 μέντοι

379 3227 566 3302 θνητὰ,
624 3227 682 3283 ἐκ
741 3227 972 3307 φύσεως,
1029 3227 1156 3284 ἀλλ’
1214 3228 1313 3284 οὐκ
1387 3229 1446 3285 ἐκ
1520 3233 1806 3305 μαθήσεως
1870 3233 2037 3308 γινώ-

379 3296 574 3372 σκοντα
622 3296 764 3379 τοὺς⁸
795 3296 1084 3392 τεχνικούς
1140 3339 1199 3373 τε
1256 3316 1456 3394 λόγους
1506 3296 1658 3381 τοὺς·
1692 3296 2038 3394 ἐπιστημονι-
2069 3296 2112 3364 C

377 3404 531 3468 κούς.
583 3405 800 3461 Τούτων
852 3402 944 3460 οῦν
996 3407 1325 3485 ἀφιστῶντες
1381 3405 1476 3462 τόν
1542 3404 1824 3483 ἄνθρωπον
1870 3430 2040 3486 προσ-

376 3494 583 3550 τιθέασι
643 3499 724 3567 τῷ
781 3491 895 3570 ὅρῳ
953 3493 1118 3549 αὐτοῦ
1173 3496 1263 3550 καὶ
1309 3495 1372 3550 τὸ
1429 3500 1526 3550 νοῦ
1580 3497 1670 3552 καὶ
1729 3496 2039 3572 ἐπιστήμης

379 3580 651 3640 δεκτικόν.
703 3584 885 3638 Ἔστιν
946 3580 1036 3638 οὖν
1098 3583 1258 3646 οὗτος
1316 3585 1344 3640 6
1405 3583 1533 3660 ὅρος
1593 3587 1653 3641 ἐκ
1707 3588 1896 3663 γένους
1948 3589 2042 3661 μὲν

375 3678 476 3728 τοῦ
521 3673 687 3746 ζώου,
720 3672 779 3728 ἐκ
830 3669 888 3727 δὲ
939 3677 1270 3728 συστατικῶν
1317 3671 1590 3754 διαφορῶν
1633 3680 1729 3730 τοῦ
1775 3698 1833 3732 τε
1881 3674 2038 3752 λογι-

377 3767 480 3818 κοῦ
538 3762 631 3817 καὶ
683 3765 783 3816 τοῦ
836 3767 1069 3832 θνητοῦο
1101 3763 1190 3817 καὶ
1240 3763 1304 3817 τὸ
1348 3768 1444 3818 νοῦ
1486 3756 1560 3819 τέ’
1589 3764 1680 3819 καὶ
1730 3765 2038 3839 ἐπιστήμης

382 3850 630 3908 δεκτικὸν
708 3848 847 3906 ἴδιον
907 3851 966 3906 ὃν
1017 3856 1115 3906 τοῦ
1174 3851 1495 3928 ἆνθρώπου’
1555 3858 1845 3929 συστατικῇ
1899 3852 2041 3911 ἔοικε

381 3939 620 4020 διαφορᾷ
651 3937 741 3995 διὰ
778 3941 842 3995 τὸ
896 3937 1177 4003 οὐσιωδῶς
1227 3947 1506 4018 προσεῖναι
1565 3942 1730 4015 αὐτῷ.
1761 3943 1880 3997 Εἰσὶ
1936 3944 2038 4019 γὰρ

377 4029 472 4085 καὶ
524 4025 766 4099 οὖσιώδη
800 4025 934 4102 ἴδια,
966 4028 1001 4083 ἅ
1043 4049 1183 4092 τινες
1243 4027 1505 4108 διαφορὰς
1566 4029 1865 4104 μονοειδεῖς
1917 4032 2040 4088 ὀνο-

387 4121 670 4193 μάζουσιν.
730 4118 1096 4195 Ἀντιστρέφει
1171 4117 1350 4174 τοίνυν
1407 4120 1435 4174 6
1481 4117 1752 4190 δηλωθεὶς
1811 4122 2040 4197 ὁρισμὸς

374 4209 518 4284 πρὸς
575 4205 638 4262 16
696 4205 928 4284 ὁριστόν.
989 4207 1089 4261 Καὶ
1141 4206 1243 4284 γὰρ
1303 4204 1358 4263 εἷ’
1405 4229 1458 4262 τι
1514 4206 1814 4285 ἅνθρωπος,
1871 4215 2032 4266 τοῦτο

382 4302 523 4367 ζῶον
566 4293 792 4372 λογικὸν
847 4296 1039 4368 θνητὸν
1095 4300 1188 4351 νοῦ
1245 4297 1335 4351 καὶ
1394 4297 1703 4371 ἐπιστήμης
1767 4295 2031 4374 δεκτικὸν,

376 4385 470 4441 καὶ
520 4381 576 4440 εἷ’
633 4406 686 4440 τι
744 4389 887 4454 ζῶον
943 4382 1168 4461 λογικὸν
1229 4386 1424 4457 θνητὸν
1455 4390 1550 4440 νοῦ
1604 4387 1694 4441 καὶ
1730 4386 2040 4462 ἐπιστήμης

381 4473 651 4547 δεκτικὸν,
706 4477 869 4529 τοῦτο
930 4469 1212 4549 ἄνθρωπός
1281 4473 1442 4529 ἐστιν.
1499 4476 1692 4551 Ἀρετή
1775 4478 1868 4550 μὲν
1947 4476 2038 4532 οῦν

378 4567 478 4618 τοῦ
535 4564 770 4640 ὁρισμοῦ
820 4562 882 4616 τὸ
943 4562 1304 4642 ἀντιστρέφειν
1355 4563 1490 4639 πρὸς
1547 4564 1608 4619 τὸ
1669 4565 1918 4642 ὁριστόνο
1951 4589 2042 4623 κα-

373 4652 468 4709 κία
501 4650 562 4709 δὲ
589 4651 652 4707 τὸ
688 4652 764 4726 μὴ
791 4650 1184 4730 ἀντίστρέφειν.

451 4832 525 4903 η’.
556 4829 767 4886 Γίνεται
825 4827 885 4884 δὲ
934 4829 999 4885 τὸ
1057 4831 1134 4904 μὴ
1197 4829 1624 4910 ἀντιστρέφεινῆ
1658 4829 1748 4887 διὰ
1801 4834 2038 4907 προσθή-

379 4941 488 4990 κην
544 4918 764 4992 λέξεων,
797 4916 835 4988 ἤ
880 4917 951 4973 δι’
1000 4917 1298 4998 ἀφαίρεσιν.
1333 4919 1432 4974 Καὶ
1481 4921 1510 4974 ὁ
1558 4921 1650 4994 μὲν
1691 4926 1798 4976 τῶν
1845 4919 2040 4993 λέξεων

382 5007 733 5082 πλεονασμὸς
804 5003 1052 5082 ἔλλειψιν
1104 5013 1212 5064 τῶν
1269 5011 1605 5086 πραγμάτων
1653 5008 1954 5086 ἐργάζεται,
2005 5015 2040 5083 ἡ

381 5096 442 5155 δὲ
473 5094 720 5173 ἔλλειψις
749 5101 857 5152 τῶν
887 5093 1084 5168 λέξεων
1129 5101 1238 5152 τῶν
1287 5098 1623 5174 πραγμάτων
1673 5096 2038 5174 πλεονασμόν,

381 5187 482 5244 Καὶ
533 5186 707 5249 οὕτως
762 5185 1146 5264 ἀμφοτέρωθεν
1179 5182 1240 5241 ἔκ
1292 5207 1351 5241 τε
1405 5191 1502 5242 τοῦ
1547 5185 1895 5261 πλεονασμοῦ
1950 5180 2040 5244 καὶ

379 5283 480 5348 τῆς
527 5274 825 5350 ἐλλείψεως
874 5272 1073 5344 ἀτελὴς
1122 5276 1150 5330 6
1201 5275 1328 5352 ὅρος
1362 5273 1522 5333 ἐστίν.
1555 5275 1748 5353 Εἷγὰρ
1804 5276 1891 5332 ἐπὶ
1942 5282 2040 5333 τοῦ

379 5365 520 5423 κατὰ
564 5365 658 5420 τὸν
711 5361 997 5442 ἄνθρωπον
1043 5365 1276 5441 ὁρισμοῦ
1331 5362 1634 5426 πλεονάσας
1681 5386 1762 5427 τις
1800 5371 1916 5428 ταῖς
1949 5365 2039 5421 λέ-

381 5455 522 5528 ξεσιν
557 5451 688 5529 ἐρεῖ,
721 5451 1044 5529 ’Ἄνθρωπός
1097 5451 1205 5508 ἐστι
1254 5457 1388 5523 ζῶον
1435 5453 1654 5530 λογικὸν
1701 5455 1894 5526 θνητὸν
1945 5459 2040 5509 νοῦ

375 5543 470 5600 καὶ
503 5542 815 5616 ἐπιστήμης
856 5539 1100 5598 δεκτικὸν
1153 5543 1535 5620 γραμματικόν
1563 5561 1576 5574 °
1638 5540 1885 5617 ἔλλειψιν
1933 5548 2036 5598 τῶν

379 5631 715 5708 πραγμάτων
771 5631 1040 5702 ἐποίησεν.
1103 5631 1177 5686 Οὐ
1234 5634 1433 5694 πάντας
1489 5632 1593 5708 γὰρ
1652 5631 1781 5694 τοὺς
1837 5632 2041 5707 ἀνθρώ-

377 5742 516 5784 πους
543 5725 624 5793 τῷ
653 5719 768 5797 ὅρῳ
801 5715 1217 5796 ἐμπεριέλαϐεν,
1249 5718 1396 5777 ἀλλᾶ
1447 5720 1645 5795 μόνους
1689 5719 1816 5783 τοὺς
1864 5741 2038 5797 γραμ-

2071 1927 2119 1990 Β

2157 645 2457 717 subjecta,
2489 649 2554 700 ut
2582 644 2921 701 differentia
2951 643 3392 700 constituentes.

2226 826 2278 880 4.
2311 823 2580 881 Deﬁnitio
2639 824 2821 898 igitur
2851 823 3036 881 oratio
3066 824 3223 880 dicta
3253 827 3360 895 est,
3393 827 3458 880 ut
3489 841 3521 879 a
3571 824 3810 881 nomine

2155 915 2822 988 contradistingueretur
2847 933 2860 984 ;
2889 915 3043 987 quod
3077 932 3192 970 non
3223 913 3584 970 licetnomen
3610 914 3806 985 ipsum

2155 1004 2333 1060 etiam
2366 1020 2602 1076 quoquo
2635 1004 2807 1058 modo
2839 1010 3110 1059 naturam
3145 1003 3225 1060 rei
3253 1003 3562 1075 signiﬁcet,
3592 1019 3661 1058 ex
3690 1021 3809 1059 una

2157 1096 2348 1148 tamen
2381 1093 2633 1149 dictione
2655 1096 2885 1149 constat
2910 1110 2922 1146 :
2947 1093 3132 1148 oratio
3153 1097 3350 1148 autem
3382 1109 3450 1148 ex
3481 1092 3711 1148 duabus
3733 1092 3805 1148 ad

2154 1182 2470 1237 minimum
2504 1182 2860 1238 dictionibus
2891 1182 3221 1238 conﬁcitur.

2222 1273 2277 1326 5.
2331 1271 2575 1328 Concisa
2605 1289 2776 1343 porro
2807 1275 2864 1326 et
2893 1275 3130 1344 propter
3169 1271 3315 1327 alias
3353 1270 3560 1344 longas
3589 1271 3808 1328 oratio-

2154 1377 2278 1428 nes,
2311 1366 2368 1416 et
2397 1377 2495 1417 eas
2527 1378 2654 1432 qua
2705 1362 2845 1416 fusa
2893 1359 3281 1433 pluribusque
3328 1361 3678 1433 ambagibus
3737 1361 3808 1417 de

2153 1466 2349 1506 rerum
2381 1456 2590 1506 natura
2619 1449 2968 1522 disceptant.

2221 1541 2275 1594 6.
2311 1539 2795 1612 Quandoquidem
2826 1544 3023 1595 autem
3053 1539 3296 1595 concisa
3319 1543 3460 1595 sunt
3489 1539 3804 1611 orationes,

2152 1633 2210 1684 et
2239 1645 2354 1684 non
2385 1633 2584 1685 tamen
2633 1628 3013 1697 diﬁnitiones,
3068 1629 3283 1700 quippe
3331 1644 3460 1699 qua
3491 1628 3575 1685 rei
3631 1633 3804 1684 natu-

2152 1735 2276 1773 ram
2310 1735 2425 1774 non
2450 1717 2838 1785 declarant,ut
2855 1722 2994 1773 sunt
3014 1717 3598 1792 apophthegmata,16
3621 1719 3807 1774 Nosce

2151 1806 2495 1878 teipsum.16
2518 1807 2600 1864 Ne
2621 1806 2762 1880 quid
2785 1806 3047 1874 nimis,et
3069 1806 3478 1878 hujuscemodi
3500 1825 3514 1864 :
3540 1811 3806 1880 propter-

2151 1912 2219 1952 ea
2249 1897 2545 1968 adjectum
2571 1894 2746 1968 est,16
2770 1901 3042 1951 naturam
3067 1897 3341 1968 subjecta
3367 1897 3448 1952 rei
3472 1895 3801 1952 declarans.

2217 1985 2646 2041 9.Deﬁnitionis
2677 2002 2849 2057 porro
2879 1985 3066 2043 virtus
3096 1989 3186 2040 est
3215 1984 3472 2041 converti
3502 2001 3636 2040 cum
3659 1985 3804 2041 deﬁ-

2151 2074 2293 2140 nito,
2327 2075 2484 2131 velut
2504 2075 2564 2129 in
2595 2074 2859 2146 exemplo
2894 2091 2906 2130 :
2940 2075 2988 2131 9
3021 2074 3321 2131 hominem
3350 2074 3642 2130 deﬁniunt
3671 2075 3802 2130 ani-

2150 2163 2267 2219 mal
2299 2163 2582 2220 rationale
2613 2163 3281 2235 mortale,intelligentia
3315 2167 3372 2219 et
3427 2163 3682 2219 scientia
3705 2180 3801 2220 ca-

2151 2270 2281 2326 pax.
2315 2254 2385 2309 Et
2416 2253 2633 2308 animal
2665 2252 2902 2325 quidem
2933 2253 3136 2308 dicunt
3164 2269 3298 2309 eum
3341 2269 3476 2308 cum
3506 2253 3580 2308 ab
3610 2253 3802 2308 inani-

2152 2343 2420 2408 mis,tum
2452 2360 2487 2397 a
2517 2341 2733 2414 plantis
2759 2345 2813 2398 et
2835 2341 3404 2414 plantanimantibus
3434 2345 3796 2414 separantes.

2150 2431 2435 2495 Quoniam
2468 2435 2664 2487 autem
2687 2430 2905 2487 animal
2930 2435 2988 2486 et
3016 2431 3477 2500 rationalium,et
3499 2430 3804 2487 irrationa-

2150 2519 2294 2575 lium
2327 2520 2674 2576 animalium
2705 2537 2890 2592 genus
2921 2523 3028 2586 est,
3078 2526 3386 2593 propterea
3413 2520 3588 2576 etiam
3622 2519 3800 2576 ratio-

2151 2609 2282 2665 nale
2313 2615 2638 2682 apponunt,
2669 2609 2970 2665 hominem
3002 2611 3075 2664 ab
3108 2607 3546 2666 irrationalibus
3575 2609 3802 2666 anima-

2148 2699 2306 2754 libus
2336 2700 2699 2756 dirimentes.
2731 2699 2801 2754 Et
2829 2699 2968 2771 quia
2997 2698 3235 2770 angelos
3285 2698 3564 2756 animalia
3600 2699 3807 2756 dicunt

2151 2789 2496 2858 rationalia,
2555 2793 2612 2844 et
2673 2789 2918 2861 insuper
2987 2789 3164 2844 etiam
3245 2805 3490 2862 corpora
3546 2788 3805 2846 calestia

2151 2877 2430 2934 animalia
2486 2895 2614 2934 esse
2673 2877 2986 2933 rationalia
3044 2877 3319 2950 ﬁngunt;
3382 2879 3689 2949 propterea
3747 2879 3805 2932 et

2147 2965 2210 3020 τὸ
2269 2966 2512 3023 mortale
2564 2985 2598 3022 a
2627 2966 2801 3022 dictis
2850 2965 3151 3022 hominem
3193 2965 3622 3039 distinguentes
3652 2966 3802 3038 adji-

2150 3056 2330 3112 ciunt.
2363 3056 2473 3112 Sed
2506 3060 2564 3112 et
2616 3056 2908 3127 longavas
2966 3054 3258 3128 nymphas
3305 3071 3434 3111 esse
3463 3054 3805 3112 fabulantur

2150 3144 2430 3202 animalia
2460 3143 2769 3201 rationalia
2796 3150 2854 3201 et
2880 3143 3115 3218 longam
3145 3143 3322 3200 vitam
3356 3143 3608 3217 agentia,
3640 3161 3802 3201 mor-

2149 3234 2291 3291 talia
2311 3238 2508 3291 tamen
2533 3233 2918 3290 nihilominus
2939 3251 2953 3303 ;
2973 3237 3328 3300 natura,non
3350 3232 3801 3290 exinstitutione

2150 3340 2355 3380 omnes
2377 3322 2590 3380 artium
2613 3328 2670 3379 et
2689 3321 3070 3379 scientiarum
3098 3321 3351 3379 rationes
3367 3323 3798 3396 cognoscentia.

2149 3412 2230 3468 Ab
2251 3411 2346 3468 his
2366 3411 2549 3484 igitur
2568 3413 2946 3485 sejungentes
2988 3410 3288 3467 hominem
3325 3410 3650 3468 deﬁnitioni
3672 3411 3802 3481 ejus

2151 3499 2438 3572 adjiciunt
2459 3499 2636 3556 etiam
2667 3497 2729 3553 τὸ
2759 3498 3156 3572 intelligentia
3188 3503 3247 3555 et
3289 3498 3545 3555 scientia
3594 3515 3799 3573 capax.

2150 3589 2422 3645 Deﬁnitio
2446 3605 2582 3662 ergo
2612 3589 2736 3644 hac
2766 3606 2835 3644 ex
2863 3605 3074 3662 genere
3103 3588 3366 3661 quidem,
3418 3587 3661 3645 animali
3686 3607 3700 3659 ;
3732 3606 3802 3645 ex

2148 3677 2489 3733 diﬂerentiis
2520 3681 2714 3734 autem
2746 3676 3242 3734 constituentibus
3273 3675 3536 3733 rationali
3558 3680 3616 3734 et
3643 3693 3801 3734 mor-

2149 3765 2252 3821 tali
2283 3771 2532 3823 constat.
2561 3767 2671 3822 Sed
2694 3770 2751 3822 et
2787 3764 2850 3820 τὸ
2909 3765 3305 3839 intelligentia
3335 3769 3393 3822 et
3421 3765 3679 3822 scientia
3710 3784 3802 3824 ca-

2150 3857 2445 3928 pax,quod
2469 3855 2728 3911 hominis
2749 3859 2838 3912 est
2859 3855 3183 3928 proprium,
3208 3855 3587 3911 constituenti
3609 3855 3804 3913 simile

2150 3949 2241 4000 est
2271 3943 2632 4009 differentia,
2667 3949 2973 4016 propterea
3002 3943 3158 4014 quod
3210 3943 3600 4000 essentialiter
3636 3945 3805 4001 adest

2149 4033 2224 4088 ei.
2259 4034 2361 4088 10
2386 4033 2537 4088 Sunt
2569 4032 2726 4088 enim
2775 4032 2950 4088 etiam
2999 4030 3336 4087 essentialia
3366 4031 3621 4104 propria,
3671 4049 3801 4105 qua

2152 4121 2330 4193 aliqui
2386 4120 2747 4177 differentias
2782 4119 3108 4186 monoides,
3132 4120 3189 4174 id
3222 4122 3330 4190 est,
3379 4119 3560 4176 unius
3588 4121 3801 4192 speciei

2154 4211 2483 4266 nominant.
2502 4209 2869 4267 Convertitur
2897 4225 3034 4282 ergo
3062 4207 3356 4264 declarata
3380 4208 3644 4266 deﬁnitio
3663 4226 3801 4266 cum

2149 4299 2408 4356 deﬁnito.
2439 4299 2499 4356 Si
2530 4299 2672 4372 quid
2703 4299 2862 4355 enim
2893 4298 3067 4354 homo
3098 4301 3208 4367 est,
3234 4297 3345 4353 hoc
3375 4297 3594 4354 animal
3620 4297 3800 4355 ratio-

2154 4387 2286 4444 nale
2317 4388 2583 4455 mortale,
2617 4386 3014 4460 intelligentia
3045 4390 3102 4442 et
3152 4386 3409 4442 scientia
3453 4403 3634 4459 capax
3661 4391 3752 4444 est
3783 4406 3799 4458 ;

2154 4477 2374 4532 animal
2404 4477 2712 4543 rationale,
2739 4475 3005 4543 mortale,
3029 4474 3431 4546 intelligentia
3460 4479 3517 4531 et
3545 4475 3803 4534 scientia

2154 4582 2358 4638 capax,
2412 4565 2522 4622 hoc
2577 4566 2755 4621 homo
2813 4571 2922 4620 est.
2983 4563 3353 4620 Deﬁnitionis
3411 4563 3592 4637 igitur
3616 4564 3804 4622 virtus

2069 4668 2117 4732 D
2153 4659 2244 4711 est
2273 4671 2408 4710 cum
2435 4655 2676 4711 deﬁnito
2707 4654 2964 4711 converti
2996 4671 3010 4721 ;
3057 4653 3266 4708 vitium
3286 4669 3422 4709 vero
3453 4657 3543 4710 est
3572 4652 3801 4726 (deﬁni-

2145 4743 2348 4815 tionis)
2380 4760 2496 4800 non
2523 4743 2781 4799 converti
2811 4743 2968 4815 (cum
3000 4741 3283 4809 deﬁnito).

2217 4834 2272 4887 8.
2325 4833 2525 4888 Evenit
2580 4836 2777 4888 autem
2839 4836 2905 4887 ut
2963 4847 3079 4887 non
3127 4833 3497 4887 convertatur
3533 4835 3638 4887 aut
3669 4847 3802 4904 pro-

2155 4925 2283 4993 pter
2313 4921 2633 4977 dictionum
2669 4919 3028 4976 additionem
3088 4923 3191 4974 aut
3239 4921 3475 4990 propter
3505 4919 3804 4976 substrac-

2153 5009 2394 5066 tionem.
2429 5011 2499 5066 Et
2528 5010 2857 5065 dictionum
2914 5007 3150 5080 quidem
3196 5006 3606 5076 redundantia,
3639 5007 3804 5064 defe-

2153 5103 2314 5154 ctum
2347 5115 2543 5154 rerum
2577 5097 2774 5166 efﬁcit,
2807 5101 2866 5154 et
2894 5097 2979 5153 sic
3009 5099 3258 5168 utraque
3287 5111 3358 5150 ex
3385 5099 3712 5169 parte,cum
3735 5113 3806 5154 ex

2152 5188 2542 5244 redundantia
2561 5191 2686 5242 tum
2709 5204 2778 5242 ex
2798 5187 3028 5242 defectu
3054 5184 3394 5258 imperfecta
3410 5188 3500 5241 est
3519 5185 3802 5242 deﬁnitio.

2152 5277 2210 5332 Si
2245 5276 2378 5349 quis
2409 5276 2565 5332 enim
2594 5275 2656 5331 in
2679 5274 3018 5331 deﬁnitione
3050 5274 3310 5331 hominis
3339 5274 3679 5330 redundans
3721 5274 3806 5329 di-

2152 5365 2444 5421 ctionibus
2476 5365 2703 5437 inquiat
2735 5365 2951 5420 :Homo
2974 5367 3065 5420 est
3095 5361 3312 5419 animal
3344 5362 3805 5432 rationale,mor-

2150 5453 2284 5523 tale,
2319 5453 2718 5527 intelligentia
2741 5457 2798 5508 et
2829 5451 3087 5508 scientia
3120 5452 3802 5524 capax,grammaticum:

2150 5543 2443 5598 defectum
2477 5559 2672 5598 rerum
2696 5541 3163 5613 admisit.Neque
3185 5541 3339 5595 enim
3373 5540 3423 5596 si
3455 5539 3596 5613 quid
3627 5540 3804 5598 homo

2150 5637 2258 5703 est,
2292 5633 2400 5688 hoc
2450 5631 2668 5687 animal
2723 5629 3026 5695 rationale,
3078 5629 3346 5699 mortale,
3404 5629 3808 5702 intelligentia

2149 5726 2206 5777 et
2239 5721 2492 5778 scientia
2549 5737 2753 5794 capax,
2804 5717 3258 5793 grammaticum
3302 5721 3412 5775 est.
3474 5717 3577 5775 Sin
3608 5721 3804 5776 autem
