4154 6430
407 442 526 505 695

1667 450 2094 513 NlCEPHORI
2136 448 2578 512 BLEMMIDE

3706 436 3828 515 698

412 593 621 634 rursus
652 578 1011 637 dictionibus
1042 581 1256 655 aliquis
1285 583 1563 642 deﬁciens
1586 584 1850 658 inquiat:
1875 585 2056 642 Homo

2179 584 2462 656 ματικούς.
2514 581 2611 639 Καὶ
2665 581 2718 638 εἴ
2755 603 2810 638 τι
2861 581 2957 656 μὲν
3010 585 3147 653 ζῶον
3198 578 3422 660 λογικὸν
3476 578 3670 653 θνητὸν
3728 586 3819 637 νοῦ

405 672 495 722 est
526 668 742 724 animal
773 670 1078 737 rationale,
1112 673 1377 745 mortale,
1410 677 1507 730 ‘ll
1546 676 1870 731 secundum
1908 678 2063 729 Grae-

408 756 647 812 canicas
678 776 867 833 nugas
896 762 1074 817 rebus
1104 762 1444 819 abundavit.
1468 763 1625 827 Quas
1655 765 1810 820 enim
1835 763 1922 819 has
1943 764 2067 820 lon-

415 861 604 918 gaevas
635 848 928 920 nymphas
958 851 1358 919 introducunt,
1392 870 1512 908 una
1559 870 1692 908 cum
1724 852 2063 909 hominibus

411 935 750 1007 complexus
780 943 887 994 est.
948 940 1018 994 Et
1069 940 1265 1012 siquid
1294 941 1568 1013 equidem
1609 940 1785 998 homo
1815 945 1926 1007 est,
1956 940 2064 996 hoc

408 1023 629 1080 animal
674 1026 962 1084 rationale
1002 1029 1246 1086 mortale
1291 1035 1381 1086 est
1428 1047 1442 1085 :
1491 1047 1607 1087 non
1639 1034 1837 1086 autem
1866 1030 2061 1102 siquid

407 1113 627 1170 animal
660 1115 944 1173 rationale
968 1118 1214 1175 mortale
1245 1124 1353 1191 est,
1386 1119 1497 1177 hoc
1520 1121 1648 1191 jam
1678 1119 1854 1175 etiam
1887 1118 2063 1174 homo

410 1208 521 1258 est.

2172 672 2262 726 καὶ
2335 671 2645 745 ἐπιστήμης
2713 670 2954 727 δεκτικὸν
3029 672 3432 748 γραμματικὸν,
3498 675 3662 727 τοῦτο
3732 671 3831 726 καί

2173 758 2477 838 ἄνθρωπος.
2512 761 2585 815 Οὐ
2619 763 2716 839 ρην
2748 759 2806 818 δὲ
2852 762 2944 817 καὶ
2998 762 3338 838 ἀντιστρέφει
3363 782 3377 794 ·
3439 758 3569 816 οὐδὲ
3621 756 3736 837 γὰρ⁴
3776 757 3827 816 εἴ

2170 872 2223 906 τι
2282 848 2589 926 ἅνθρωπος,
2637 856 2799 906 τοῦτο
2854 855 2993 921 ζῶον
3050 848 3277 927 λογικὸν
3336 851 3529 922 θνητὸν
3586 854 3683 906 νοῦ
3736 849 3821 905 καὶ

2174 939 2485 1012 ἐπιστήμης
2544 937 2785 995 δεκτικὸν
2852 940 3256 1016 γραμματικόν.
3317 939 3381 995 Εἰ
3432 937 3492 995 δέ
3547 960 3614 1015 γε
3661 938 3820 995 πάλιν

2173 1025 2431 1103 έλλείψας
2459 1034 2581 1091 ταῖς
2613 1027 2816 1103 λέξεσιν
2849 1026 2995 1084 εἰιποι
3022 1050 3127 1102 τις,
3161 1028 3487 1107 ’Δνθρωπός
3523 1028 3638 1086 ἐστι
3691 1032 3820 1096 ζῶον

2173 1113 2394 1192 λογικὸν
2472 1118 2692 1188 θνητὸν,
2751 1117 3047 1174 έπλέονασε
3123 1120 3261 1173 κατᾶ
3329 1119 3422 1174 τὸν
3502 1116 3825 1188 Ἑλληνικὸν

2162 1203 2338 1269 ὕθλον
2397 1211 2514 1268 τοῖς
2568 1208 2873 1283 πράγμασι.
2931 1207 3032 1261 Καὶ
3089 1227 3153 1269 ας
3210 1207 3314 1284 γὰρ
3385 1206 3545 1271 οὗτος
3618 1206 3828 1284 νύμφας

404 1288 607 1365 εἰσάγει
672 1292 1034 1368 μακραίωνας,
1067 1299 1182 1357 τοῖς
1231 1294 1537 1372 ἀνθρώποις
1595 1289 2016 1370 συμπεριέλαϐε.
2052 1293 2153 1348 Καὶ
2210 1291 2264 1348 εἶ’
2303 1315 2356 1349 τι
2414 1295 2508 1367 μὲν
2566 1291 2873 1371 ἅνθρωπος,
2920 1299 3084 1351 τοῦτο
3144 1300 3280 1365 ζῶον
3326 1294 3555 1372 λογικὸν
3613 1296 3822 1365 θνητὸν,

407 1377 506 1433 οὐκ
535 1379 581 1433 εἰ
608 1401 663 1435 τι
693 1378 751 1435 δὲ
783 1386 916 1450 ζῶον
952 1382 1169 1459 λογικὸν
1204 1386 1421 1455 θνητὸν,
1452 1390 1615 1440 τοῦτο
1644 1382 1753 1455 ἤδη
1787 1384 1875 1439 καὶ
1909 1385 2219 1459 ἄνθρωπος.

472 1510 529 1563 9.
557 1510 845 1565 Caeterum
876 1514 934 1566 et
954 1510 1063 1566 hoc
1095 1511 1399 1567 sciendum
1419 1515 1509 1567 est
1533 1511 1689 1583 quod
1718 1510 1820 1567 illa
1840 1510 2060 1583 (modo)

406 1597 626 1654 additio
657 1600 1093 1655 conversionem
1152 1600 1507 1657 deﬁnitionis
1565 1600 1890 1673 prohibeat,
1932 1616 2061 1671 quae

405 1687 607 1758 adjicit
635 1687 747 1759 ipsi
779 1705 849 1743 ea
878 1705 1008 1759 quae
1049 1688 1109 1744 in
1139 1686 1416 1745 omnibus
1470 1688 1731 1745 deﬁnitis
1780 1706 1895 1744 non
1929 1706 2058 1760 spe-

407 1776 954 1843 ctantur.Quoniam
985 1777 1266 1833 nimirum
1291 1784 1349 1834 et
1368 1779 1739 1851 propriorum
1772 1783 1829 1834 et
1857 1794 2060 1834 eorum

411 1865 826 1935 accidentium,
873 1884 999 1938 que
1029 1867 1089 1922 in
1122 1868 1397 1923 omnibus
1436 1867 1758 1923 individuis
1787 1871 2061 1939 spectan-

2245 1508 2306 1561 θ’.
2338 1508 2529 1564 Ἰστέον
2566 1505 2623 1563 δὲ
2652 1506 2735 1563 δτί
2765 1507 2941 1581 ἐκείνη
2974 1513 3011 1579 ἡ
3052 1512 3336 1587 προσθήκη
3386 1511 3488 1579 τὴν
3546 1513 3646 1565 τοῦ
3703 1506 3827 1586 ὅρου

2173 1593 2376 1651 κωλύει
2452 1597 2836 1676 ἀντιστροφὴν,
2895 1601 2931 1668 ἡ
2991 1601 3339 1674 προστιθεῖσα
3421 1598 3593 1672 αὐτῷ,
3648 1596 3683 1653 ’ἆ
3754 1598 3825 1671 μὴ

2172 1687 2501 1762 θεωροῦνται
2534 1685 2586 1742 έν
2632 1693 2763 1742 πᾶσι
2807 1693 2926 1750 τοῖς
2983 1688 3244 1762 ὁριστοῖς.
3281 1688 3429 1743 Ἐπεί
3488 1687 3579 1743 τοί
3635 1707 3699 1763 γε
3742 1676 3825 1741 καῖ

2168 1780 2277 1830 τῶν
2337 1773 2490 1830 ἰδίων
2549 1776 2641 1831 καὶ
2686 1781 2793 1831 τῶν
2845 1776 2896 1832 έν
2949 1783 3078 1832 πᾶσι
3125 1782 3245 1839 τοῖς
3297 1777 3399 1832 ὑπὸ
3429 1776 3497 1832 τὸ
3524 1775 3657 1833 αὐτὸ
3687 1772 3828 1836 εἶδος

2171 1864 2400 1937 ἀτόμοις
2454 1866 2844 1943 θεωρουμένων
2897 1860 3327 1940 συμϐεϐηκότων
3376 1867 3671 1942 προσθήκη
3724 1865 3819 1933 τήν

407 1958 525 2025 tur,
557 1955 776 2011 additio
836 1956 1272 2012 conversionem
1333 1973 1449 2012 non
1490 1957 1780 2029 prohibet,
1812 1957 1913 2011 sed
1947 1972 2056 2011 non

2175 1954 2534 2031 ἀντιστροφὴν
2565 1939 2574 1943 ’
2608 1953 2671 2008 οὐ
2747 1939 2989 2009 κωλύειν·
3048 1939 3467 2031 περιττολογίαν
3539 1951 3598 2009 δὲ
3661 1951 3826 2027 μόνην

407 2043 799 2099 necessariam
847 2045 1135 2100 duntaxat
1177 2044 1458 2101 orationis
1490 2045 1719 2118 copiam
1753 2046 1920 2101 affert
1953 2063 1965 2100 :
2009 2052 2064 2100 et

406 2132 617 2187 exinde
668 2132 1026 2189 definitionis
1056 2134 1399 2190 brevitatem
1431 2133 1602 2189 tollit.
1650 2134 1712 2190 Si
1740 2134 1873 2206 quis
1904 2134 2062 2189 enim

403 2218 665 2276 hominis
695 2220 1022 2277 deﬁnitioni
1046 2220 1111 2275 τὸ
1159 2222 1379 2279 risibile
1408 2228 1465 2279 et
1493 2228 1752 2279 erectum
1784 2224 2064 2279 incedens

402 2308 1045 2382 adjiciat,nequaquam
1074 2310 1319 2368 violabit
1346 2312 1807 2368 conversionem.
1836 2312 1894 2368 Si
1920 2312 2062 2384 quid

407 2397 569 2454 enim
628 2398 849 2454 animal
907 2399 1210 2467 rationale,
1252 2401 1518 2471 mortale,
1578 2400 1952 2473 inteligentiaa
2009 2405 2067 2456 et

404 2485 661 2542 scientiae
713 2503 915 2560 capax,
975 2488 1220 2555 risibile,
1273 2495 1532 2545 erectum
1589 2489 1915 2545 incedens:
1953 2489 2065 2545 hoc

404 2574 584 2631 etiam
632 2576 809 2633 homo
857 2582 966 2633 est.
1000 2579 1068 2633 Et
1098 2578 1146 2633 si
1179 2577 1321 2650 quid
1352 2578 1547 2645 homo,
1580 2578 1691 2634 hoc
1719 2577 1938 2634 animal
1970 2595 2062 2633 ra-

414 2663 654 2733 tionale,
702 2665 967 2734 mortale,
1026 2666 1423 2740 intelligentiae
1454 2672 1513 2724 et
1566 2667 1821 2723 scientias
1861 2683 2063 2739 capax,

417 2752 658 2821 risibile,
692 2758 952 2811 erectum
998 2754 1275 2812 incedens
1308 2761 1415 2812 est.
1446 2757 1519 2812 At
1554 2756 1791 2829 propria
1818 2760 1874 2811 et
1904 2758 2065 2812 inse-

414 2842 703 2915 parabilia
723 2844 1048 2901 accidentia
1067 2845 1128 2900 in
1153 2846 1524 2902 deﬁnitiones
1546 2845 1958 2918 descriptorias
1975 2863 2065 2901 as-

413 2936 754 2988 sumuntur.

483 3057 585 3114 ‘12
618 3058 704 3113 10.
763 3058 969 3114 Differt
1023 3063 1219 3116 autem
1280 3059 1514 3133 proprie
1552 3060 1708 3116 dicta
1737 3059 2001 3116 deﬁnitio
2032 3076 2067 3115 a

410 3145 752 3202 deﬁnitione
782 3147 1166 3219 descriptoria
1191 3166 1206 3216 ;
1238 3150 1392 3220 quod
1424 3149 1657 3221 proprie
1678 3149 1838 3205 dicta
1857 3148 2063 3206 deﬁni-

2174 2042 2412 2115 ἐμποιεῖ,
2463 2042 2745 2098 κάντεῦθεν
2794 2043 2894 2112 τὴν
2947 2042 3240 2117 συντομίαν
3286 2047 3382 2098 τοῦ
3440 2041 3574 2120 ὅρου
3623 2062 3826 2118 περιαι-

2175 2137 2274 2208 ρεῖ.
2310 2132 2409 2186 Καὶ
2437 2132 2538 2208 γὰρ
2570 2129 2728 2195 εἷ’-τις
2778 2136 2859 2205 τῷ
2905 2137 3003 2187 τοῦ
3052 2132 3342 2208 ἀνθρώπου
3397 2131 3517 2209 ὅρῳ
3562 2131 3627 2187 τὸ
3672 2129 3825 2208 γελα-

2174 2221 2352 2276 στικὸν
2401 2223 2696 2299 προσθήσει
2748 2221 2838 2277 καὶ
2884 2220 2947 2277 τὸ
2999 2222 3589 2298 ὀρθοπεριπατητικὸν,
3622 2220 3685 2277 οὐ
3729 2240 3827 2275 πα-

2174 2306 2444 2385 ραϐλάψει
2518 2313 2618 2381 τὴν
2695 2311 3053 2390 ἀντιστροφὴν
3134 2308 3417 2385 οὐδαμῶς.
3474 2311 3545 2366 Εἴ
3615 2332 3668 2365 τι
3729 2310 3828 2385 γὰρ

2176 2404 2314 2470 ζῶον
2373 2398 2598 2477 λογικὸν
2658 2402 2853 2472 θνητὸν
2922 2406 3017 2457 νοῦ
3072 2400 3162 2456 καὶ
3220 2400 3535 2475 ἐπιστήμης
3592 2396 3825 2455 δεκτικὸν

2172 2488 2491 2565 γελαστικὸν
2595 2489 3180 2566 ὀρθοπεριπατητικὸν,
3255 2494 3420 2545 τοῦτο
3508 2485 3822 2565 ἄνθρωπος·

2172 2577 2263 2632 καὶ
2292 2576 2345 2632 εἷ’
2383 2600 2434 2633 τι
2476 2576 2780 2656 ἄνθρωπος,
2811 2584 2973 2634 τοῦτο
3027 2583 3164 2649 ζῶον
3216 2579 3443 2655 λογικὸν
3493 2577 3688 2648 θνητόν
3737 2577 3827 2629 νοῦ

2172 2666 2262 2721 καὶ
2335 2665 2645 2741 ἐπιστήμης
2725 2665 2993 2735 δεκτικὸν,
3050 2665 3396 2743 γελαστικὸν,
3470 2667 3823 2742 ὀρθοπεριπα-

2171 2755 2416 2826 τητικόν.
2494 2751 3017 2833 Παραλαμϐάνονται
3107 2754 3165 2812 δὲ
3237 2758 3305 2812 τὰ
3400 2752 3516 2811 ἴδια
3609 2754 3697 2810 καὶ
3766 2751 3829 2806 τὰ

2176 2844 2461 2921 ἀχώριστοι
2503 2840 2890 2919 συμϐεϐηκότα
2938 2846 3015 2909 εἰς
3066 2844 3194 2908 τοὺς
3261 2842 3673 2926 ὑπογραφικοῦς
3718 2842 3827 2919 ὅρι’

2175 2954 2369 3008 σμους.

2248 3060 2300 3116 ι’.
2334 3061 2582 3138 Διαφέρει
2640 3058 2699 3116 δὲ
2758 3060 2787 3115 6
2843 3060 3048 3137 κυρίως
3096 3060 3326 3135 ὁρισμὸς
3391 3063 3496 3115 τοῦ
3538 3032 3869 3133 ὑπογραφιέ

2174 3153 2274 3202 κοῦ
2327 3149 2599 3224 ὁρισμοῦ·
2661 3148 2744 3205 ὅτι
2773 3149 2803 3204 6
2854 3150 2950 3222 μὲν
2995 3148 3200 3225 κυρίως
3249 3146 3486 3224 ὁρισμὸς
3545 3147 3606 3204 ἑκ
3649 3145 3830 3221 γένους

410 3234 493 3290 tio
524 3251 594 3291 ex
650 3251 861 3308 genere
900 3241 959 3292 et
1006 3237 1354 3293 differentiis
1383 3238 1622 3294 omnino
1651 3237 2056 3295 essentialibus

2176 3236 2448 3313 σύγκειται
2504 3238 2595 3293 καὶ
2654 3236 2926 3316 διαφορῶν
2977 3242 3086 3293 τῶν
3141 3235 3288 3293 ὅλων
3321 3233 3648 3292 οὐσιωδῶν’
3699 3230 3725 3288 6
3778 3229 3833 3287 δὲ

409 3327 660 3390 constat,
711 3326 1093 3397 descriptoria
1140 3332 1335 3383 autem
1366 3344 1435 3382 ex
1472 3344 1680 3400 genere
1712 3332 1767 3383 et
1797 3328 2056 3384 differen-

2178 3325 2544 3403 ὑπογραφικὸς
2575 3327 2635 3381 ἰκ
2681 3324 2873 3401 γένους
2923 3325 3012 3381 καὶ
3061 3322 3361 3404 διαφορῶν,
3390 3329 3561 3381 τινῶν
3610 3323 3703 3398 μὲν
3747 3317 3831 3375 οὗ·

410 3412 512 3469 tiis
544 3412 676 3470 aliis
704 3415 1145 3484 essentialibus,
1176 3416 1307 3473 aliis
1337 3416 1817 3474 accidentalibus.

442 3554 445 3559 '
485 3546 572 3601 11.
607 3547 693 3602 Ob
714 3547 823 3604 hoc
852 3548 1010 3604 enim
1031 3548 1225 3622 ipsum
1250 3549 1429 3606 etiam
1457 3551 1841 3624 descriptoria
1863 3552 2067 3608 defini-

409 3634 492 3689 tio
523 3635 919 3710 dicitur,quod
943 3654 1008 3694 ex
1030 3644 1196 3711 porte
1215 3641 1453 3711 quidem
1477 3657 1611 3696 cum
1630 3641 2066 3710 deﬁnitione,ex

410 3729 576 3795 parte
594 3741 726 3781 vero
747 3742 880 3782 cum
903 3727 1294 3801 descriptione
1313 3729 2063 3804 communicat.Descriptio

410 3814 568 3871 enim
599 3819 657 3870 et
676 3831 743 3870 ex
772 3831 983 3889 genere
1013 3821 1071 3873 et
1091 3818 1342 3890 propriis
1373 3823 1430 3874 et
1457 3819 1952 3891 inseparabilibus
1974 3838 2065 3877 ac-

408 3902 741 3959 cidentibus
772 3909 1092 3974 constat,ut
1133 3906 1322 3978 siquis
1370 3907 1527 3979 dicat
1555 3925 1568 3962 :
1602 3908 1786 3964 Homo
1816 3914 1907 3964 est
1935 3910 2061 3965 ani-

406 3992 524 4047 mal
556 3992 1064 4062 risibile,erectum
1094 3995 1393 4067 incedens,
1426 3995 1560 4052 latis
1588 3997 1886 4069 unguibus
1914 4015 2058 4070 prae-

403 4081 617 4154 ditum,
652 4088 823 4138 utens
881 4084 1174 4140 manibus.
1239 4084 1575 4157 Composita
1602 4086 1760 4142 enim
1817 4090 1903 4143 est
1934 4087 2059 4144 haec

402 4170 716 4243 descriptio
789 4189 860 4228 ex
931 4189 1142 4245 genere
1219 4174 1511 4243 animalis,
1587 4180 1644 4231 et
1712 4176 2057 4233 differentiis

399 4259 718 4316 essentiam
777 4262 1296 4333 consequentibus,
1341 4263 1585 4321 risibilis
1616 4265 1772 4337 quod
1804 4269 1895 4321 est
1922 4282 2056 4336 pro-

399 4348 618 4421 prium,
649 4353 778 4405 tum
810 4349 941 4407 aliis
970 4367 1095 4421 quae
1153 4356 1295 4407 sunt
1341 4352 1760 4425 inseparabilia
1788 4353 2057 4410 acciden-

397 4437 502 4493 tia.

471 4553 561 4607 12.
588 4552 767 4609 Usum
791 4557 988 4610 autem
1012 4553 1190 4610 habet
1218 4555 1797 4629 descriptio,quando
1820 4573 1914 4613 res
1935 4574 2050 4613 non

397 4642 576 4698 habet
603 4642 948 4700 essentiales
977 4643 1353 4701 differentias.

471 4769 556 4824 13.
608 4768 719 4824 Sed
778 4772 837 4824 et
866 4767 1250 4841 descriptoria
1278 4770 1541 4827 deﬁnitio
1586 4771 1750 4828 utilis
1779 4775 1870 4828 est
1914 4789 2048 4828 cum

394 4874 488 4915 res
525 4856 705 4913 habet
732 4856 1074 4914 essentiales
1104 4857 1343 4930 quidem
1375 4859 1756 4927 differentias,
1779 4862 1881 4917 sed
1934 4879 2051 4918 non

389 4951 590 5003 tamen
622 4948 1139 5019 sufﬁcientes,quaa
1158 4948 1347 5018 ipsam
1368 4950 1684 5020 perfectam
1712 4951 2043 5021 exhibeant,

389 5039 456 5090 ut
484 5034 544 5090 in
571 5035 908 5092 definitione
929 5034 1352 5107 equi.l)icimus
1374 5036 1553 5104 enim,
1579 5042 1778 5110 Equus
1806 5043 1894 5094 est
1916 5039 2044 5095 ani-

387 5124 507 5180 mal
540 5124 897 5180 irrationale.
930 5125 997 5179 Et
1026 5122 1090 5178 τὸ
1122 5124 1459 5181 irrationale
1507 5126 1743 5199 quidem
1796 5129 1898 5183 13
1956 5133 2043 5184 est

384 5213 717 5269 differentia
746 5214 1121 5281 essentialis;
1173 5215 1274 5270 sed
1324 5215 1463 5286 quia
1508 5218 1578 5272 ab
1610 5218 1886 5274 omnibus
1915 5218 2040 5272 ani-

383 5301 640 5359 malibus
657 5318 877 5373 equum
901 5319 1175 5374 separare
1191 5320 1305 5358 non
1322 5306 1717 5376 potest,etiam
1740 5305 2037 5378 proprium

382 5392 720 5463 adjicimus,
753 5392 907 5463 quod
939 5397 1029 5447 est
1055 5392 1360 5448 hinniendi
1393 5393 1669 5449 facultate
1705 5395 2035 5467 praeditum.

380 5483 491 5540 Sed
524 5487 583 5538 et
612 5482 795 5552 aliqui
844 5483 1085 5553 majoris
1116 5483 1551 5555 perspicuitatis
1583 5486 1770 5556 gratia
1798 5482 1862 5537 τὸ
1893 5502 2036 5556 qua-

379 5575 619 5644 drupes,
654 5572 810 5641 quod
843 5575 933 5625 est
975 5572 1367 5644 inseparabile
1397 5573 1690 5638 accidens,
1721 5573 2031 5645 adjiciunt.

380 5665 465 5721 sic
495 5664 756 5719 dicentes
784 5675 795 5713 :
831 5659 1028 5729 Equus
1059 5665 1147 5716 est
1166 5661 1384 5716 animal
1407 5661 1744 5718 irrationale
1776 5663 2034 5735 quadru-

380 5768 482 5826 pes
512 5746 821 5807 hinniendi
851 5748 1123 5807 facultate
1153 5750 1481 5823 praeditum.

2173 3413 2409 3488 σιωδῶν,
2438 3420 2598 3471 τινῶν
2627 3413 2684 3471 δὲ
2714 3412 3087 3471 έπουσιωδῶν.

2258 3551 2342 3604 ια’.
2379 3548 2477 3604 Διά
2511 3553 2672 3605 τοῦτο
2732 3549 2837 3625 γὰρ
2886 3548 2975 3604 καὶ
3028 3546 3407 3627 ὑπογραφικὸς
3463 3546 3693 3625 ὁρισμὸς
3740 3540 3825 3597 λέ-

2169 3663 2343 3720 γεται,
2394 3640 2478 3695 ὅτι
2538 3640 2673 3694 κατὰ
2732 3639 2785 3694 τὶ
2838 3638 2931 3711 μὲν
2984 3641 3239 3692 κοινωνεῖ
3281 3640 3363 3709 τῷ
3415 3637 3657 3714 ὁρισμῷ,
3702 3627 3831 3687 κατᾶ

2168 3717 2238 3787 τὰ
2283 3730 2335 3786 τί
2386 3727 2445 3784 δὲ
2483 3732 2553 3803 τῇ
2605 3728 2913 3806 ὑπογραφῇ.
2946 3726 3047 3781 Καὶ
3103 3726 3208 3802 γὰρ
3247 3727 3283 3796 ἡ
3316 3724 3609 3803 ὑπογραφὴ
3665 3717 3725 3776 ἔκ
3772 3734 3829 3770 τε

2169 3816 2361 3897 γένους
2392 3817 2482 3873 καὶ
2515 3815 2666 3872 ἰδίων
2706 3816 2799 3872 καὶ
2848 3810 3276 3890 συμϐεϐηκότων
3327 3812 3659 3891 ἀχωρίστων
3708 3824 3824 3863 συν-

2175 3910 2411 3965 ίσταται·
2463 3908 2537 3968 ὡς
2585 3906 2710 3961 ὅταν
2772 3902 2918 3960 εἰίποι
2971 3925 3078 3975 τις,
3139 3901 3475 3980 ’Ἄνθρωπός
3536 3901 3646 3957 ἐστι
3694 3898 3822 3980 ζῶον

2170 3996 2511 4075 γελαστικὸν,
2563 3993 3148 4072 ὀρθοπεριπατητικὸν,
3194 3978 3624 4067 πλατυώνυχον,
3674 3978 3825 4075 χερσὶ

2168 4068 2500 4166 χρώμενον..
2543 4068 2780 4154 Συνέστη
2860 4083 2965 4159 γὰρ
3022 4085 3058 4152 ἡ
3113 4081 3346 4152 τοιαύτη
3412 4075 3721 4166 ὑπογραφὴν
3771 4068 3826 4123 ἐκ

2168 4179 2362 4255 γένους
2409 4180 2508 4231 τοῦ
2560 4175 2724 4246 ζώου,
2754 4174 2846 4228 καὶ
2897 4170 3169 4250 διαφορῶν
3223 4167 3611 4239 έπουσιωδῶν,
3633 4165 3730 4255 τοῖξ
3769 4177 3826 4215 τε

2167 4249 2494 4344 γελαστικοῦ
2553 4264 2686 4339 ὅπερ
2740 4263 2879 4318 ἐστὶν
2939 4249 3102 4334 ἴδιον,
3137 4260 3227 4315 καὶ
3287 4262 3399 4315 τῶν
3465 4255 3650 4314 ἄλλων
3698 4249 3823 4321 ἅπερ

2165 4353 2269 4410 εἰσὶ
2295 4346 2684 4427 συμϐεϐηκότα
2714 4350 3014 4427 ἀχώριστα.

2239 4558 2327 4633 ιβ’.
2361 4558 2520 4632 Ἔχει
2571 4552 2630 4611 δὲ
2671 4554 2736 4611 τὸ
2783 4555 3067 4631 χρήσιμον
3116 4554 3152 4622 ἡ
3206 4549 3521 4628 ὑπογραφὴ,
3561 4544 3686 4601 ὅταν
3731 4535 3824 4594 οὐκ

2082 4675 2131 4740 D
2162 4644 2266 4723 ἔχῃ
2293 4647 2357 4701 τὸ
2388 4651 2615 4723 πρᾶγμα
2642 4641 2928 4705 οὐσιὼδεις
2957 4640 3240 4720 διαφοράς.

2237 4772 2322 4845 ιγ’.
2371 4771 2656 4845 Χρήσιμος
2732 4766 2792 4823 δὲ
2860 4767 2951 4822 καὶ
3029 4768 3057 4822 6
3129 4766 3499 4843 ὑπογραφικὸς
3575 4759 3814 4845 ὁρισμὸς)

2163 4841 2289 4915 ὅταν
2514 4841 2608 4932 μέν
2666 4858 2729 4912 τὸ
2788 4862 3013 4933 πρᾶγμα
3088 4841 3373 4917 οὐσιῶδεις
3432 4849 3708 4930 διαφορὰς,
3756 4841 3814 4900 οὗ

2161 4949 2269 5021 μὴν
2372 4946 2642 5024 ἀρκούσας
2734 4947 2812 5008 εἷς
2902 4947 2966 5002 τὸ
3067 4943 3380 5007 ἀνελλιπῶς
3480 4938 3812 5016 παραστῆσαι

2154 5036 2316 5093 αὖτόο
2369 5023 2445 5099 ὡς
2506 5036 2593 5092 ἐπὶ
2653 5041 2752 5091 τοῦ
2805 5034 2936 5112 ὅρου
2992 5040 3090 5090 τοῦ
3143 5032 3339 5091 ἵππου.
3401 5033 3645 5108 Λέγομεν
3695 5023 3810 5112 γὰρ,

2152 5129 2348 5189 Ἵππος
2380 5126 2488 5181 ἐστὶ
2524 5131 2660 5195 ζῶον
2693 5111 2892 5201 ἄλογον
2920 5147 2933 5159 ·
2992 5124 3084 5179 καὶ
3142 5125 3205 5178 τὸ
3250 5124 3346 5198 μὲν
3382 5120 3584 5195 ἄλογον
3619 5111 3812 5170 οὗσιὼ-

2153 5213 2254 5287 δης
2286 5213 2518 5294 διαφορά
2550 5215 2690 5269 ἐστιν
2717 5235 2729 5247 ·
2776 5212 2905 5270 ἀλλ’
2936 5211 3124 5283 ἐπειδὴ
3154 5217 3262 5268 τῶν
3295 5211 3443 5268 ὅλων
3492 5208 3645 5278 ζώων
3670 5217 3809 5294 Δχως-

2154 5305 2297 5381 ρίσαι
2351 5305 2445 5358 τὸν
2491 5301 2662 5358 ’ίππον
2719 5303 2781 5358 οὗ
2851 5300 3094 5370 δύναται,
3152 5299 3549 5377 προστιθέαμεν
3590 5289 3686 5381 γ’(ᾲῖ
3736 5284 3796 5339 τὸ

2151 5379 2312 5461 ἰ’διον,
2346 5392 2478 5469 ὅπερ
2539 5393 2651 5448 ἐστὶ
2689 5393 2752 5447 τὸ
2800 5391 3241 5469 χρεμετιστικὸν.
3269 5391 3419 5453 Τινὲς
3465 5379 3676 5481 Δδὶ-διδξ
3707 5391 3815 5481 στί

2148 5485 2370 5562 φήνειαν
2402 5465 2634 5537 πλείονα
2677 5482 2767 5537 καὶ
2814 5482 2877 5537 τὸ
2921 5479 3239 5559 τετράπουν,
3273 5480 3408 5556 ὅπερ
3462 5465 3803 5562 ἔστὶν-ςῖχώ’

2147 5555 2328 5649 istam"
2414 5566 2800 5645 συμϐεϐηκὸς,
2894 5555 3293 5646 προστιθέασιν,
3383 5555 3529 5623 οὕτω
3614 5555 3805 5648 λέγον·

2142 5683 2268 5725 τες·
2320 5665 2517 5723 Ἵππος
2566 5660 2677 5715 ἐστὶ
2728 5665 2866 5730 ζῶον
2934 5660 3133 5737 ἄλογον
3189 5659 3498 5737 τετράπουν
3552 5654 3800 5724 χρείων

2143 5751 2324 5807 στικόν
2336 5797 2348 5809 .
