4154 6450
384 449 504 512 697

1741 449 2092 514 EPITOME
2136 447 2409 515 LOGIGA
2422 493 2438 513 .

3680 443 3800 508 698

463 579 547 640 ιδ’.
586 581 660 637 Οὐ
715 579 946 639 πάντοτε
1000 579 1058 639 δὲ
1105 582 1134 637 ὁ
1193 581 1558 661 ὑπογραφικὸς
1621 582 1848 659 ὁρισμὸς
1908 588 2033 638 πᾶσι

2227 586 2313 640 14.
2371 585 2497 641 Non
2556 601 2790 657 semper
2841 587 3040 640 autem
3095 579 3478 654 descriptoria
3533 578 3796 636 deﬁnitio

387 677 590 749 χρᾶται
617 677 736 735 τοῖς
766 669 1050 728 οὖσιώδεσι
1090 672 1180 727 καὶ
1229 667 1411 727 ἔκτοτε
1455 678 1570 734 τοῖς
1631 669 2034 742 ἐπουσιώδεσιν,

386 759 534 817 ἀλλά
582 760 673 816 καὶ
733 767 832 835 μιᾷ
882 760 1020 835 μόνῃ
1074 759 1346 823 πολλάκις
1417 759 1752 836 ἀρκούμενος
1839 761 2035 816 οὐσιώ-

388 847 469 906 δει
555 849 833 929 διαφορᾷ,
910 850 975 904 τὸ
1060 849 1251 904 λοιπὸν
1339 849 1390 920 ἐξ
1474 848 1819 905 ἐπουσιωδῶν
1907 871 2040 923 συμ-

386 937 624 1016 πληροῖ.

464 1057 539 1110 ιε’.
582 1059 864 1134 Διαφορῶν
895 1053 954 1111 δὲ
984 1056 1156 1110 οὐσῶν
1190 1053 1469 1110 οὖσιωδῶν
1497 1056 1773 1131 ἀρκουσῶν
1824 1054 1901 1117 είς
1949 1055 2041 1109 τὸν

387 1145 654 1220 ὁρισμὸν,
708 1145 774 1200 τὸ
841 1139 1285 1221 παραλαμϐάνειν
1361 1143 1710 1206 ἐπουσιώδεις
1787 1144 2039 1220 ἀτεχνίας

387 1233 547 1289 ἐστίν.
577 1234 850 1297 Ὡσαύτως
907 1233 998 1289 καὶ
1051 1234 1116 1288 τὸ
1173 1230 1242 1288 δι’
1294 1234 1616 1312 ὑπογραφῆς
1664 1232 1922 1288 δεικνύειν
1979 1234 2041 1288 τὸ

385 1325 624 1401 πεφυκὸς
684 1321 963 1399 δειχθῆναι
1025 1320 1095 1377 δι’
1151 1323 1412 1398 ὁρισμοῦ·
1471 1321 1618 1391 πλὴν
1679 1322 1724 1377 εἰ
1791 1325 1865 1396 μή
1921 1342 2040 1385 πως

386 1413 523 1483 πρὸς
551 1411 764 1474 ἀτελεῖς
809 1412 902 1466 τὸν
960 1409 1126 1486 λόγον
1185 1410 1514 1484 ποιούμενός
1568 1432 1670 1482 τις,
1705 1411 1766 1466 οὐ
1825 1409 2040 1466 δύναται

385 1502 448 1557 τὸ
487 1507 713 1578 πρᾶγμα
770 1505 954 1580 σαφῶς
985 1501 1169 1563 αὐτοῖς
1203 1499 1262 1556 ἐκ
1296 1506 1403 1556 τῶν
1456 1499 1737 1556 οὐσιωδῶν
1793 1502 1882 1554 καὶ
1945 1500 2042 1574 μό-

387 1611 488 1646 νων
540 1597 880 1664 παραστῆσαι
940 1588 1236 1669 διαφορῶν.
1288 1590 1418 1645 Τότε
1476 1591 1579 1667 γὰρ
1639 1591 1726 1646 καὶ
1783 1589 2042 1668 διαφορᾶς

389 1677 765 1752 ἐπουσιώδεις,
809 1677 898 1735 διὰ
926 1678 1054 1742 τοὺς
1083 1680 1220 1756 πρὸς
1253 1679 1346 1742 οὓς
1379 1681 1406 1735 ὁ
1440 1679 1629 1755 λόγος,
1663 1679 1738 1742 εἷς
1772 1677 2041 1758 διασάφη-

390 1791 470 1824 σιν
501 1767 733 1824 πλείονα
761 1769 1166 1845 παραλήψεται.

463 1886 548 1948 ις’.
581 1879 1050 1958 Λαμϐάνονταιοὶ
1107 1883 1328 1960 ὁρισμοὶ
1386 1884 1477 1938 καὶ
1535 1884 1586 1957 ἐξ
1646 1883 1786 1954 ὕλης
1843 1883 1933 1939 καὶ
1989 1883 2039 1956 ἐξ

386 1971 585 2036 εἴδους.
620 1975 766 2046 Οἴον,
797 1971 1041 2050 Ἀνδριάς
1094 1973 1232 2028 ἐστιν
1282 1972 1342 2028 ὲκ
1398 1972 1613 2048 χαλκοῦ
1669 1973 2041 2047 πεποιημένος

385 2061 580 2139 ἀνδρὸς
631 2061 772 2125 εἶδος
818 2062 1114 2142 ἐμφαίνων.
1142 2061 1280 2132 Ὕλη
1337 2063 1429 2135 μὲν
1467 2061 1559 2117 οὖν
1589 2062 1728 2117 ἐστιν
1771 2063 1800 2116 ὁ
1831 2061 2040 2137 χαλκὸς

384 2151 477 2208 καὶ
525 2152 789 2227 ἀναλογεῖ
832 2157 911 2224 τῷ
956 2152 1139 2227 γένει’
1197 2151 1260 2205 τὸ
1309 2148 1368 2206 δὲ
1405 2148 1597 2228 ἀνδρὸς
1648 2149 1790 2213 εἶδος
1841 2150 2037 2228 ἐμφαί-

383 2263 514 2313 νων,
541 2238 684 2304 εἶδος
737 2239 814 2314 ὃν,
863 2246 981 2303 ταῖς
1032 2237 1315 2319 διαφοραῖς
1365 2239 1623 2317 ἀναλογεῖ
1672 2245 1791 2303 ταῖς
1846 2261 2037 2294 συστα-

382 2351 508 2387 τικα
519 2352 582 2392 ις.

461 2449 541 2516 ιζ’.
574 2441 956 2520 Λαμϐάνονται
1002 2445 1094 2500 καὶ
1147 2445 1199 2516 ἐξ
1249 2445 1609 2519 ὑποκειμένου
1673 2447 1764 2500 καὶ
1819 2443 2036 2507 τέλους.

382 2534 766 2609 Ὑποκείμενον
829 2535 923 2607 μὲν
983 2531 1075 2589 οὖν
1133 2534 1266 2605 ἐστι,
1317 2535 1440 2609 περὶ
1489 2535 1518 2589 ὃ
1559 2534 1623 2589 τὸ
1680 2534 1892 2608 ὁριστὸν
1940 2554 2036 2588 κα-

381 2626 688 2701 ταγίνεταιο
746 2622 907 2688 τέλος
966 2622 1044 2695 δὲ,
1104 2624 1166 2679 οὗ
1224 2624 1564 2700 στοχάζεται.
1627 2625 1752 2678 Οἴον
1800 2625 2034 2700 Ἰατρική

385 2714 498 2772 ἐστι
552 2713 724 2790 τέχνη
784 2714 908 2789 περὶ
965 2715 1034 2768 τὰ
1089 2713 1393 2789 ἀνθρώπεια
1465 2714 1694 2787 σώματα
1751 2733 2035 2790 καταγινο-

392 2804 550 2878 μένη,
627 2802 805 2880 ὑγείας
887 2805 1301 2879 περιποιητική.
1359 2801 1715 2876 Ὑποκείμενα
1788 2803 1893 2877 γὰρ
1968 2804 2036 2876 τῇ

390 2893 606 2970 ἰατρικῇ
669 2892 739 2948 τὰ
785 2893 1094 2968 ἀνθρώπεια
1141 2893 1367 2964 σώματα
1398 2907 1416 2926 ⁸
1464 2891 1624 2954 τέλος
1677 2889 1736 2946 δὲ
1779 2892 1842 2946 τὸ
1891 2912 2039 2968 περι-

390 2985 660 3038 ποιεῖσθαι
717 2981 902 3043 αὐτοῖς
958 2982 1057 3049 τὴν
1106 2981 1305 3057 ὑγίειαν
1357 2981 1446 3036 καὶ
1478 2983 1512 3051 ἢ
1545 2985 1819 3057 παροῦσαν
1853 2977 2039 3060 διαφυ-

389 3067 623 3141 λάττειν,
649 3073 684 3140 ἢ
721 3073 957 3125 ἀποῦσαν
990 3067 1392 3125 ἀνακαλεῖσθαι.

465 3187 554 3256 ιη’.
602 3181 983 3260 Λαμϐάνονται
1040 3186 1131 3239 καὶ
1189 3184 1240 3256 ἐξ
1299 3185 1656 3259 ὑποκειμένου
1722 3185 1889 3259 μόνου
1946 3186 2036 3242 καὶ

385 3274 445 3331 ἐκ
473 3275 662 3337 τέλους
697 3275 889 3350 μόνου,
921 3274 1047 3330 ὅταν
1093 3273 1152 3329 ἐκ
1207 3275 1432 3350 θατέρου
1486 3275 1694 3330 τούτων
1746 3272 1966 3331 δυνατὸν

2149 674 2422 730 omnibus
2450 675 2637 730 utitur
2660 673 3074 731 essentialibus
3103 670 3494 744 (differentiis)
3547 673 3603 726 et
3659 667 3794 724 hinc

2148 764 2466 820 essentiam
2493 765 2899 836 sequentibus,
2931 764 3051 820 sive
3083 761 3416 818 adventitiis
3442 779 3455 829 ;
3491 760 3592 816 sed
3644 773 3796 830 saepe

2146 854 2323 909 etiam
2354 870 2472 909 una
2499 853 2624 909 sola
2671 854 3046 924 acquiescens
3096 849 3396 908 essentiali
3445 847 3795 914 differentia,

2149 942 2304 1014 quod
2337 941 2629 1013 reliquum
2659 946 2747 998 est
2767 959 2837 997 ex
2866 940 3203 997 adventitiis
3234 937 3506 1012 complet.

2222 1057 2308 1113 15.
2356 1058 2599 1122 Quando
2654 1075 2790 1114 vero
2842 1056 3188 1114 essentiales
3241 1052 3577 1110 differentiae
3628 1051 3795 1109 suffi-

2149 1145 2313 1201 ciunt
2343 1147 2415 1202 ad
2447 1146 2868 1214 definitionem,
2901 1145 3146 1202 inscitiae
3179 1148 3268 1200 est
3313 1140 3661 1199 adventitias
3710 1156 3799 1194 as-

2149 1252 2420 1305 sumere;
2469 1238 2673 1292 eodem
2720 1237 2892 1292 modo
2949 1239 3006 1292 et
3052 1233 3446 1306 descriptione
3492 1230 3798 1287 ostendere

2149 1324 2305 1395 quod
2336 1324 2674 1380 definitione
2704 1324 2933 1381 ostendi
2963 1327 3192 1396 potest;
3227 1320 3344 1377 nisi
3376 1319 3512 1392 quis
3561 1319 3633 1374 ad
3687 1318 3796 1374 im-

2149 1413 2438 1485 perfectos
2468 1430 2799 1470 sermonem
2831 1413 3051 1468 faciens
3081 1429 3196 1468 non
3239 1409 3426 1483 possit
3465 1408 3582 1464 illis
3611 1424 3680 1464 ex
3708 1424 3799 1464 es-

2150 1501 2500 1558 sentialibus
2531 1506 2588 1559 et
2617 1501 2758 1559 solis
2788 1501 3129 1558 differentiis
3192 1499 3503 1556 manifesto
3553 1513 3675 1552 rem
3724 1495 3798 1551 ob

2151 1589 2350 1646 oculos
2380 1609 2613 1663 ponere.
2648 1593 2811 1646 Tunc
2840 1590 2997 1646 enim
3029 1590 3204 1646 etiam
3238 1586 3584 1643 adventitias
3641 1585 3800 1640 dill'e-

2150 1678 2368 1735 rentias
2416 1685 2652 1752 propter
2681 1697 2780 1737 eos
2811 1681 2882 1736 ad
2929 1697 3078 1752 quos
3123 1694 3314 1734 sermo
3365 1677 3456 1740 ﬁt,
3505 1673 3793 1732 uberioris

2150 1765 2579 1840 explanationis
2608 1770 2798 1842 gratia
2828 1772 3111 1826 assumet.
3389 1773 3395 1781 '

2224 1885 2310 1938 16.
2345 1885 2676 1942 Sumuntur
2703 1884 3076 1941 deﬁnitiones
3104 1887 3162 1940 et
3210 1899 3279 1938 ex
3326 1881 3573 1938 materia
3618 1883 3678 1936 et
3725 1896 3794 1934 ex

2069 1957 2117 2022 Β
2146 1973 2354 2045 forma,
2387 1974 2595 2031 veluti:
2631 1977 2838 2032 Statua
2865 1980 2956 2030 est
2984 1990 3054 2030 ex
3083 1990 3192 2028 aere
3213 1973 3366 2028 facta
3393 1970 3501 2026 viri
3542 1968 3798 2042 speciem

2147 2065 2252 2120 14
2283 2069 2729 2137 repraesentans.
2762 2064 3000 2120 Materia
3028 2061 3271 2135 proinde
3299 2060 3540 2133 quidem
3579 2062 3668 2115 est
3697 2075 3801 2126 aes,

2148 2157 2206 2209 et
2233 2154 2433 2226 generi
2482 2153 2854 2227 proportione
2901 2152 3234 2225 respondet.
3277 2155 3355 2205 At
3396 2145 3459 2202 τὸ
3506 2149 3615 2203 viri
3665 2163 3800 2220 spe-

2148 2241 2297 2299 ciem
2353 2248 2799 2315 reprazsentans,
2863 2260 2996 2298 cum
3054 2243 3244 2297 forma
3300 2239 3396 2306 sit,
3455 2237 3799 2294 differentiis

2149 2332 2642 2389 constituentibus
2671 2337 2761 2389 est
2793 2332 3130 2405 analogum.

2159 2450 2162 2453 ’
2221 2448 2307 2501 17.
2341 2447 2676 2502 Sumuntur
2702 2447 2876 2502 etiam
2909 2463 2977 2502 ex
3006 2446 3271 2517 subjecto
3301 2449 3357 2501 et
3404 2445 3539 2501 ﬁne.
3587 2443 3794 2516 Subje-

2148 2539 2310 2590 ctum
2341 2536 2580 2607 quidem
2610 2540 2718 2604 est,
2753 2535 2907 2591 circa
2931 2537 3086 2607 quod
3107 2534 3415 2590 deﬁnitum
3434 2537 3792 2606 occupatur;

2149 2624 2284 2691 ﬁnis
2313 2629 2510 2680 autem
2543 2641 2658 2697 quo
2685 2624 2955 2680 collineat
2985 2640 3089 2680 seu
3111 2623 3366 2696 respicit,
3393 2627 3483 2678 ut:
3508 2621 3797 2678 Medicina

2146 2718 2238 2769 est
2267 2731 2362 2770 ars
2395 2730 2523 2784 quae
2553 2714 2705 2770 circa
2737 2714 2999 2769 humana
3026 2730 3270 2785 corpora
3285 2716 3624 2784 occupatur,
3649 2727 3794 2783 quo-

2147 2820 2278 2858 rum
2329 2805 2640 2859 sanitatem
2697 2804 2928 2859 asserit.
2980 2803 3275 2858 Medicina:
3324 2804 3482 2858 enim
3531 2801 3796 2872 subjecta

2146 2895 2287 2948 sunt
2315 2892 2576 2948 humana
2604 2908 2848 2965 corpora
2874 2917 2887 2959 ;
2921 2893 3056 2947 finis
3086 2896 3284 2946 autem
3315 2895 3426 2958 est,
3480 2890 3793 2946 sanitatem

2143 2981 2291 3054 ipsis
2321 2998 2602 3049 asserere,
2625 2986 2684 3038 et
2703 2981 2790 3037 vel
2815 2985 3160 3054 praesentem
3182 2996 3544 3049 conservare,
3565 2978 3654 3036 vel
3685 2979 3794 3036 ab-

2145 3073 2371 3127 sentem
2403 3087 2688 3126 revocare.

2217 3187 2302 3241 18.
2328 3187 2660 3242 Sumuntur
2689 3185 2866 3242 etiam
2897 3201 2966 3240 ex
2989 3185 3248 3254 subjecto
3271 3183 3396 3240 salo
3417 3188 3475 3240 et
3494 3185 3611 3240 ﬁne
3641 3185 3792 3253 solo,

2146 3292 2280 3332 cum
2311 3293 2381 3331 ex
2403 3275 2612 3331 horum
2640 3274 2823 3331 altero
2849 3291 2941 3330 res
2979 3273 3262 3330 declarari
3283 3278 3493 3347 potest.
3526 3274 3795 3330 Deﬁnitio

381 3329 778 3436 δηλοῦσθαιίτὸ
833 3329 1082 3440 πρᾶγμα.
1127 3329 1233 3434 Ἐξ*
1272 3329 1628 3437 ὑποκειμένου
1691 3329 2032 3440 μόνουήὸριῗ

2153 3329 2673 3436 sitsubjecto—solo
2698 3329 2811 3432 est,
2843 3329 2908 3418 ut
2926 3329 3071 3420 cum
3103 3329 3246 3418 dicit
3273 3329 3508 3436 dliquis,
3532 3329 3796 3420 initraria

377 3456 534 3528 σμὸς,
567 3455 644 3516 ὡς
674 3451 765 3509 ὅτε
794 3453 939 3529 λέγει
971 3473 1077 3524 τις,
1126 3451 1488 3528 Ὑαλουργική
1552 3451 1662 3508 ἐστι
1718 3453 1886 3530 τέχνη
1943 3475 2036 3509 κα-

375 3544 702 3619 ταγινομένη
756 3542 881 3616 περὶ
930 3543 1030 3610 τὴν
1079 3539 1273 3597 ὕαλον·
1331 3541 1391 3596 ἐκ
1443 3539 1500 3596 δὲ
1547 3547 1645 3597 τοῦ
1693 3539 1886 3606 τέλους
1931 3542 2031 3616 μό-

373 3653 496 3705 νου,
551 3632 627 3694 ὡς
686 3631 772 3704 τὸ,
816 3633 1116 3708 Μαγειρική
1179 3629 1288 3685 ἐστι
1354 3629 1524 3706 τέχνη
1575 3628 1881 3705 ἐδεσμάτων
1941 3653 2034 3687 κα-

377 3722 770 3791 τασκευαστική
780 3761 793 3774 .

453 3839 542 3902 ιθ’.
572 3841 906 3914 Θεωρτῦνται
963 3833 1022 3892 δὲ
1075 3835 1166 3891 καὶ
1225 3835 1278 3892 ἐν
1335 3841 1451 3899 τοῖς
1501 3838 1776 3900 τοιούτοις
1837 3837 2028 3893 ἅπασιν

376 3928 634 4001 ὁρισμοῖς
658 3925 726 3981 τά
770 3924 974 4002 γένεσιν
1025 3924 1396 4002 ἀναλογοῦντα
1441 3927 1531 3980 καὶ
1582 3923 1867 4005 διαφοραῖς
1911 3933 2032 3990 ταῖς

373 4020 745 4076 συστατικαῖς·
805 4014 986 4089 ὥσπερ
1045 4013 1141 4069 κάν
1196 4014 1314 4076 τοῖς
1369 4020 1658 4090 προσεχῶς
1718 4015 2030 4090 εἰρημένοις

372 4105 410 4174 ἠ
443 4105 613 4179 τέχνη
671 4104 766 4176 μὲν
826 4103 900 4164 ὡς
947 4102 1100 4178 γένος
1149 4101 1312 4175 ἐστὶν,
1346 4103 1420 4166 ὡς
1463 4101 1714 4181 διαφοραὶ
1749 4101 1806 4159 δὲ
1836 4125 2026 4159 συστα-

370 4192 517 4248 τικαὶ
546 4194 615 4249 τὰ
645 4190 835 4250 λοιπά.

441 4389 510 4443 κ’.
541 4387 652 4456 Τήν
678 4385 875 4456 κλῆσιν
915 4383 962 4441 δ’
1001 4382 1219 4461 ἔχουσιν
1253 4387 1304 4441 οἱ
1337 4386 1559 4463 ὁρισμοὶ
1614 4387 1674 4443 ἐκ
1725 4394 2030 4466 μεταφορᾶς

368 4479 477 4530 τῶν
504 4482 609 4546 τῆς
636 4482 741 4552 γῆς
789 4475 1079 4552 ὁροθεσίων
1103 4497 1116 4510 ’
1162 4475 1239 4538 ὡς
1280 4476 1384 4551 γὰρ
1418 4473 1486 4531 δι’
1523 4474 1738 4532 ἐκείνων
1791 4477 2026 4554 χωρίζε-

367 4585 462 4620 ται
487 4565 557 4620 τὰ
585 4562 771 4640 χωρία
793 4564 886 4619 ἀπ’
914 4562 1205 4636 ἀλλήλων,
1237 4563 1380 4620 οὕτω
1436 4565 1525 4620 καὶ
1584 4563 1674 4620 διὰ
1715 4571 1824 4622 τῶν
1884 4568 2029 4644 ὁρισ-

375 4657 494 4729 μῶν
528 4654 618 4709 ἀπ’
649 4651 917 4724 ἀλλήλων
943 4655 1011 4708 τὰ
1037 4654 1334 4729 πράγματα
1365 4651 1718 4728 διακρίνεται.

441 4861 542 4917 κα’.
581 4859 848 4935 Λέγονται
905 4855 964 4913 δὲ
1017 4858 1108 4913 καὶ
1166 4859 1391 4935 ὁρισμοὶ
1435 4857 1527 4914 καὶ
1579 4857 1701 4935 ὅροι
1747 4857 1836 4915 διά
1880 4883 1940 4916 τε
1967 4862 2030 4916 τὸ

369 4949 705 5025 περιορίζειν
780 4948 872 5003 καὶ
936 4945 1289 5022 περικλείειν,
1336 4947 1426 5003 καὶ
1472 4947 1617 5004 οὕτω
1683 4945 2033 5026 διαχωρίζειν

369 5038 425 5112 ἐξ
457 5036 736 5109 ἀλλήλων
767 5037 835 5092 τὰ
864 5037 1070 5114 ὁριστὰ,
1100 5037 1190 5091 καὶ
1221 5034 1312 5091 διὰ
1339 5037 1402 5091 τὸ
1433 5037 1663 5113 εὐόρατα
1709 5039 1800 5093 καὶ
1852 5038 2034 5094 εὐσύν-

373 5149 514 5184 οπτα
569 5128 665 5183 καὶ
713 5130 859 5205 σαφῆ
915 5131 1092 5182 ποιεῖν
1150 5127 1218 5180 τὰ
1273 5127 1586 5203 πράγματα.
1640 5125 1879 5197 Δηλοῦσι
1933 5131 2028 5202 μὲν

363 5217 474 5294 γὰρ
530 5217 623 5272 καὶ
672 5219 743 5272 τὰ
790 5216 1035 5290 ὀνόματα
1082 5214 1264 5292 φύσεις
1291 5217 1648 5292 πραγμάτων,
1681 5217 1756 5280 ὡς
1799 5217 2025 5296 ἔφημεν.

363 5307 460 5363 Διὸ
506 5306 601 5362 καί
644 5326 788 5369 τινες
818 5305 981 5382 ὅρους
1034 5302 1492 5378 συνεσταλμένους
1537 5310 1706 5360 ταῦτα
1756 5305 2022 5378 κεκλήκα-

363 5417 472 5464 σιν,
509 5394 691 5472 ὥσπερ
726 5393 818 5450 οῦν
855 5393 1100 5468 ὀνόματα
1128 5392 1496 5467 ἐξηπλωμένα
1539 5393 1666 5456 τοὺς
1721 5395 1983 5471 ὁρισμούς
2011 5418 2024 5431 ’

359 5487 511 5554 πλὴν
558 5485 587 5540 ὃ
637 5482 870 5554 δηλοῦσι
913 5485 982 5539 τὰ
1042 5483 1306 5556 ὀνόματα,
1335 5487 1624 5545 σκοτεινῶς
1663 5504 1722 5539 τε
1767 5485 1859 5540 καὶ
1904 5485 2027 5540 ἀσα-

362 5578 478 5654 φῶς
527 5574 619 5630 καὶ
669 5571 996 5649 ἀδιακρίτως
1029 5570 1238 5643 δηλοῦν
1272 5571 1573 5649 πεφύκασιν
1603 5591 1616 5604 ⁸
1679 5574 1732 5627 οἱ
1793 5571 1850 5627 δὲ
1905 5573 2023 5649 ὅροι

359 5666 609 5741 καθαρῶς
665 5665 756 5718 καὶ
809 5667 991 5742 σαφῶς
1037 5661 1126 5718 καὶ
1178 5659 1629 5738 διακεκριμένως,
1665 5659 1755 5717 διὰ
1790 5663 1854 5718 τὸ
1884 5670 2025 5740 χρῆ-

361 5755 483 5808 σθαι
559 5751 846 5831 διαφοραῖς
915 5753 1006 5808 καὶ
1079 5750 1303 5813 ταύταις
1378 5748 1686 5825 ούσιώδεσι,
1746 5753 2023 5809 τουτέστιν

2144 3457 2234 3510 est
2262 3471 2358 3510 ars
2379 3471 2508 3525 quae
2538 3454 2694 3509 circa
2719 3453 2937 3509 vitrum
2968 3456 3307 3525 occupatur.
3341 3454 3424 3508 Ex
3457 3453 3570 3508 ﬁne
3599 3456 3795 3509 autem

2143 3541 2289 3614 solo,
2315 3547 2376 3599 ut
2408 3542 2687 3599 Culiniari
2719 3558 2824 3600 seu
2851 3541 3198 3614 coquinaria
3227 3544 3318 3598 est
3351 3559 3447 3598 ars
3473 3558 3601 3614 quae
3632 3541 3793 3600 cibos

2142 3636 2406 3705 apparat.

2216 3838 2303 3893 19.
2336 3837 2684 3910 Spectantur
2711 3853 2846 3893 vero
2875 3837 3053 3893 etiam
3094 3837 3154 3891 in
3207 3837 3617 3909 hujuscemodi
3668 3855 3793 3896 om-

2141 3927 2317 3983 nibus
2346 3927 2806 3998 deﬁnitionibus,
2837 3943 2962 3999 quae
2993 3926 3306 3998 generibus
3349 3932 3407 3984 et
3451 3928 3794 3985 differentiis

2141 4014 2639 4072 constituentibus
2661 4019 2801 4070 sunt
2817 4013 3600 4086 analogaa,quemadmodum
3615 4016 3791 4072 etiam

2145 4104 2203 4160 in
2235 4103 2353 4160 illis
2381 4121 2511 4176 quae
2543 4105 2716 4160 modo
2741 4107 2874 4159 ante
2906 4102 3073 4158 dictas
3103 4108 3265 4172 sunt,
3295 4121 3393 4160 ars
3436 4105 3676 4175 quidem
3726 4111 3793 4161 ut

2140 4210 2328 4267 genus
2355 4212 2368 4262 ;
2401 4197 2608 4250 cetera
2653 4197 2849 4249 autem
2882 4196 3043 4260 sunt,
3075 4196 3141 4247 ut
3169 4193 3591 4250 constituentes
3625 4194 3789 4251 diﬂ'e-

2139 4283 2361 4339 rentiae.

2212 4391 2303 4445 20.
2334 4389 2804 4464 Appellationem
2833 4388 3024 4446 sortiti
3082 4392 3224 4446 sunt
3269 4388 3512 4465 ὁρισμοὶ,
3570 4390 3630 4446 id
3677 4396 3789 4461 est,

2141 4479 2510 4535 deﬁnitiones
2541 4479 2638 4536 15
2691 4496 2761 4534 ex
2817 4477 3201 4534 translatione
3256 4483 3424 4534 terrae
3472 4477 3788 4553 ὁροθεσίων,

2137 4569 2197 4624 id
2217 4573 2308 4624 est
2337 4568 2618 4624 limitum.
2652 4567 3159 4634 Quemadmodum
3190 4567 3347 4624 enim
3379 4585 3482 4639 per
3496 4567 3603 4624 hos
3627 4569 3792 4624 fundi

2056 4699 2104 4764 Β
2141 4675 2177 4714 a
2205 4675 2267 4714 se
2291 4657 2536 4713 invicem
2563 4661 2934 4729 separantur,
2967 4656 3054 4712 sic
3075 4656 3252 4712 etiam
3276 4673 3370 4713 res
3394 4673 3427 4712 a
3457 4674 3520 4714 se
3539 4658 3789 4714 invicem

2139 4745 2536 4802 mediantibus
2565 4746 3008 4802 deﬁnitionibus
3038 4745 3474 4802 discernuntur.

2211 4863 2302 4918 21.
2337 4861 2620 4917 Dicuntur
2657 4865 2855 4918 autem
2912 4861 3089 4917 etiam
3135 4860 3357 4934 ὁρισμοὶ
3401 4860 3493 4916 καὶ
3538 4859 3679 4937 ὅροι,
3731 4863 3790 4919 id

2142 4955 2232 5006 est
2261 4950 2633 5006 deﬁnitiones
2662 4954 2721 5006 et
2775 4951 2943 5018 ﬁnes,
3003 4951 3158 5022 quod
3209 4951 3672 5024 circumquaque
3721 4953 3791 5006 ﬁ-

2143 5040 2314 5096 niant
2344 5042 2400 5096 et
2429 5039 2690 5111 undique
2719 5039 3014 5107 claudant,
3051 5057 3118 5095 ac
3149 5040 3232 5096 sic
3264 5057 3299 5096 a
3328 5057 3390 5096 se
3420 5041 3668 5097 invicem
3700 5043 3794 5098 de-

2139 5129 2308 5185 ﬁnita
2338 5130 2724 5202 disseparent,
2774 5130 3049 5203 quodque
3079 5146 3171 5185 res
3200 5131 3461 5202 aspectui
3493 5131 3694 5188 obvias
3735 5137 3792 5189 et

2138 5219 2487 5291 perspicuas
2519 5218 2980 5290 manifestasque
3013 5219 3250 5275 faciant.
3284 5220 3430 5275 Nam
3461 5225 3521 5277 et
3552 5222 3794 5279 nomina

2138 5308 2378 5379 quidem
2411 5307 2587 5364 etiam
2619 5312 2862 5364 naturas
2892 5325 3109 5376 rerum,
3172 5313 3238 5364 ut
3279 5309 3558 5377 diximus,
3607 5311 3790 5384 expli-

2139 5401 2277 5452 cant
2309 5413 2321 5452 :
2365 5402 2724 5470 quaprOpter
2754 5397 2932 5453 etiam
2964 5397 3095 5469 ipsa
3124 5397 3308 5469 aliqui
3329 5403 3661 5456 contractas
3691 5402 3790 5456 de-

2136 5485 2433 5542 ﬁnitiones
2462 5490 2784 5554 vocarunt;
2837 5488 3338 5559 quemadmodum
3396 5488 3786 5556 deﬁnitiones,

2136 5573 2424 5647 explicata
2453 5575 2711 5632 nomina.
2745 5575 3163 5632 Verumtamen
3199 5577 3255 5632 id
3290 5579 3446 5650 quod
3489 5577 3790 5637 declarant

2133 5664 2394 5733 nomine,
2428 5665 2674 5721 obscure
2703 5669 2761 5721 et
2789 5665 3152 5721 inevidenter
3196 5666 3636 5741 indiscretoque
3680 5671 3786 5726 de-

2134 5753 2356 5812 clarare
2385 5753 2577 5811 solent
2606 5772 2620 5812 :
2653 5754 3023 5813 deﬁnitiones
3052 5760 3256 5813 contra
3285 5771 3430 5830 pure
3464 5761 3522 5816 et
3551 5759 3784 5818 eviden-
