4154 6462
309 407 428 490 703

1560 437 1986 503 NICEPHORI
2029 435 2478 508 BLEMMIDIE

3609 429 3726 517 σοι

311 577 538 619 canem.
577 559 774 622 Partes
826 570 1022 624 autem
1079 571 1145 625 ut
1203 585 1336 627 cum
1397 568 1654 645 γλώσσης
1702 574 1961 647 (linguae)

2096 581 2229 630 raiov
2257 577 2346 632 καὶ
2376 580 2466 633 τὸν
2498 576 2786 642 θαλάσσιον
2813 598 2826 613 ο
2884 584 3051 636 ταῦτα
3081 581 3184 660 γὰρ
3247 579 3352 639 ὅλα
3401 581 3521 639 ιίσί.
3573 585 3726 662 Μέρη

311 667 526 708 nomen
563 655 634 709 de
667 657 1112 730 extremitate,id
1139 665 1247 727 est,
1282 661 1526 732 lingula,
1585 663 1963 720 calceamenti

309 745 368 796 et
394 742 465 796 de
493 745 945 810 extremitate,id
977 751 1086 818 est,
1117 747 1344 820 lingula
1373 751 1526 806 tibiae
1558 770 1570 820 ;
1617 757 1675 808 et
1735 755 1806 808 de
1863 770 1964 825 gu-

2075 660 2132 717 δὲ
2164 665 2239 727 ὡς
2271 664 2394 721 ὅταν
2426 669 2487 722 τὸ
2518 670 2617 736 τῆς
2647 666 2901 742 γλώττης
2934 665 3111 744 ὄνομα
3159 673 3388 749 φέρηται
3435 674 3572 728 κατὰ
3630 679 3727 730 τοῦ

2075 749 2242 829 ἄκρου
2298 760 2394 810 τοῦ
2457 754 2831 831 ὑποδήματος,
2861 764 2958 813 τοῦ
3015 757 3182 835 ἄκρου
3239 766 3338 816 τοῦ
3395 761 3588 835 αὐλοῦ,
3638 763 3727 819 καί

311 830 555 887 statoria
587 833 937 891 animalium
969 837 1255 908 particula
1285 840 1545 908 effertur,
1581 858 1709 913 quas
1769 847 1964 914 partes

2096 847 2170 896 ῖοῦ
2227 851 2512 919 γευστικοῦ
2575 847 2770 923 μορίου
2824 852 2932 903 τῶν
2990 850 3184 919 ζώωνο
3249 852 3404 906 ἅτινα
3449 853 3589 930 μέρη
3623 853 3727 908 εἷ’σὶ

309 935 427 974 non
456 925 578 976 tota
609 927 768 978 sunt.

381 1009 436 1064 8.
467 1010 514 1064 A
543 1011 877 1069 substantia
904 1013 963 1069 in
996 1016 1412 1085 accidentia,ut
1441 1035 1575 1074 cum
1601 1019 1924 1076 dixerimus
1949 1037 1961 1076 :

316 1096 634 1155 Hominum
667 1101 764 1157 alii
797 1103 936 1171 albi,
977 1104 1073 1160 alii
1107 1105 1257 1178 nigri
1289 1111 1445 1162 sunt.

384 1277 484 1335 22
514 1279 568 1334 9.
591 1281 676 1335 Ab
707 1281 1108 1340 accidentibus
1137 1285 1196 1340 in
1250 1285 1632 1353 substantias,
1685 1291 1750 1342 ut
1791 1287 1963 1343 Albo-

315 1381 446 1421 rum
476 1367 590 1422 alia
611 1369 892 1437 animata,
925 1371 1041 1428 alia
1074 1373 1399 1430 inanimata
1421 1381 1577 1430 sunt.

387 1457 472 1510 10.
505 1458 592 1512 Ab
623 1459 1023 1516 accidentibus
1055 1461 1114 1516 in
1161 1463 1502 1529 accidentia,
1567 1469 1628 1519 ut
1682 1465 1963 1521 Alborum

313 1543 430 1600 alia
473 1545 681 1611 calida,
715 1548 830 1604 alia
864 1549 1073 1622 frigida
1104 1557 1263 1622 sunt,
1297 1553 1485 1609 calida
1515 1553 1777 1626 quidem,
1811 1559 1875 1609 ut
1904 1555 1962 1609 in

311 1634 468 1690 calce
500 1634 628 1691 viva
655 1655 680 1701 ;
719 1637 928 1710 frigida
961 1655 1110 1710 vero,
1156 1645 1219 1696 ut
1249 1642 1308 1696 in
1341 1641 1470 1698 nive
1503 1644 1721 1714 (videre
1752 1644 1884 1714 est).

386 1805 810 1862 11.Sciendum
842 1811 1038 1864 autem
1087 1811 1242 1882 quod
1302 1812 1460 1866 modi
1507 1812 1768 1868 divisorii
1829 1831 1962 1885 pro-

313 1892 438 1964 prie
468 1893 588 1949 sint
607 1899 726 1950 tres
759 1913 772 1952 :
808 1913 842 1951 a
871 1913 1082 1969 genere
1113 1898 1172 1954 in
1203 1901 1448 1971 species,
1484 1917 1518 1956 a
1546 1901 1686 1956 totis
1716 1901 1775 1956 in
1837 1919 1963 1973 paro

312 1985 420 2047 tes,
454 1987 512 2038 et
541 2001 576 2039 a
611 2001 749 2040 voce
778 1984 1135 2058 homonyma
1191 1989 1250 2043 in
1299 1989 1527 2046 diversa
1584 1990 1916 2063 significata
1949 2008 1962 2048 :

313 2071 502 2129 caeteri
537 2077 730 2130 autem
768 2075 926 2130 modi
959 2077 1150 2149 magis
1181 2078 1420 2133 abusive
1479 2079 1740 2135 divisorii
1773 2081 1964 2136 nomi-

315 2166 554 2218 nantur.

387 2250 474 2305 12.
497 2256 545 2304 Α
576 2251 883 2323 speciebus
912 2254 1069 2310 enim
1092 2253 1151 2309 in
1183 2254 1487 2311 individua
1514 2273 1631 2311 non
1680 2260 1770 2312 est
1825 2257 1968 2312 divi-

311 2337 423 2408 sio,
455 2339 557 2395 sed
584 2343 969 2398 enumeratio.
1007 2343 1313 2400 Individua
1340 2345 1498 2400 enim
1542 2361 1678 2401 cum
1734 2347 1967 2403 inﬁnita

313 2427 452 2494 int,
487 2429 760 2485 divisioni
783 2431 994 2502 subjici
1021 2449 1135 2488 non
1168 2438 1436 2504 possunt.

385 2520 472 2573 13.
505 2519 616 2575 Sed
668 2536 774 2576 nec
821 2521 895 2576 ab
943 2523 1344 2579 accidentibus
1383 2524 1444 2578 in
1489 2523 1852 2581 substantias
1901 2527 1968 2582 ﬁt

312 2607 539 2664 divisio.
575 2610 722 2675 Quid
756 2609 914 2666 enim
946 2611 1086 2668 dicit
1123 2610 1392 2668 alborum
1423 2612 1538 2668 alia
1566 2613 1967 2677 animata,alia

311 2695 636 2754 inanimata
656 2715 806 2764 esse,
849 2701 1014 2771 quasi
1045 2718 1079 2755 a
1108 2702 1451 2773 corporibus
1473 2719 1602 2774 quae
1632 2701 1963 2758 albedinem

310 2794 675 2859 receperunt,
696 2806 823 2860 quae
853 2790 1197 2846 substantiae
1228 2794 1386 2861 sunt,
1435 2791 1779 2848 divisionem
1833 2791 1966 2848 effi-

309 2875 412 2932 oit.
443 2876 642 2948 Neque
689 2878 845 2933 enim
914 2879 1187 2935 accidens
1245 2879 1304 2934 in
1360 2879 1724 2935 substantias
1781 2879 1964 2935 dividi

311 2969 524 3036 potest,
557 2965 700 3038 quia
727 2967 883 3039 quod
906 2972 1080 3023 utres
1111 2967 1412 3034 dividitur,
1452 2967 1512 3022 in
1571 2967 1792 3024 similia
1839 2967 1966 3024 vult

311 3052 512 3125 dividi,
545 3071 660 3110 non
690 3055 750 3110 in
777 3055 1114 3112 dissimilia.

385 3144 476 3198 14.
518 3142 718 3215 Neque
745 3161 879 3200 vero
909 3145 1086 3200 etiam
1120 3161 1154 3200 a
1183 3144 1511 3200 substantia
1541 3145 1602 3200 in
1643 3145 1966 3200 accidentia

311 3231 378 3287 ﬁt
408 3231 841 3288 divisio.Dicere
869 3233 1047 3301 enim,
1080 3233 1388 3289 hominum
1410 3233 1556 3290 alios
1598 3251 1727 3290 esse
1775 3234 1961 3303 albos,

2075 932 2165 987 καὶ
2197 934 2306 1009 οὐχ
2344 933 2468 992 ὅλα.

2144 1023 2216 1092 η’.
2251 1024 2308 1076 Ὀ
2341 1024 2446 1078 ἀπὸ
2476 1022 2661 1087 οὐσίας
2693 1025 2768 1088 εἷς
2801 1021 3207 1100 συμϐεϐηκότα,
3239 1028 3316 1091 ὡς
3375 1028 3500 1085 ὅταν
3563 1029 3730 1086 εἷ’πω-

2078 1130 2203 1184 μεν·
2253 1117 2366 1167 Τῶν
2419 1114 2715 1189 ἀνθρώπων
2765 1117 2817 1169 οἱ
2873 1116 2967 1189 μέν
3019 1116 3120 1170 εἰσι
3181 1115 3388 1189 λευκοὶ,
3421 1120 3476 1173 οἱ
3523 1117 3580 1174 δὲ
3643 1121 3731 1194 μέ-

2075 1199 2254 1263 λανες.

2144 1291 2206 1343 θ’.
2241 1290 2298 1344 Ὀ
2326 1289 2432 1345 ἀπὸ
2463 1287 2889 1365 συμϐεϐηκότων
2942 1294 3017 1356 εἷς
3065 1293 3270 1366 οὐσίας,
3303 1295 3380 1359 ὡς
3431 1301 3548 1351 Τῶν
3611 1296 3733 1353 λευ-

2073 1384 2183 1433 κῶν
2215 1379 2281 1433 τὰ
2306 1380 2400 1452 μὲν
2435 1378 2677 1457 ἔμψυχα,
2709 1382 2775 1436 τὰ
2805 1379 2862 1437 δὲ
2897 1379 3100 1459 ἄψυχα.

2149 1469 2198 1524 ι’.
2232 1469 2288 1521 Ὀ
2339 1469 2443 1523 ἀπὸ
2501 1465 2929 1544 συμϐεϐηκότων
2987 1471 3064 1534 εἷς
3123 1468 3530 1545 συμϐεϐηκότα,
3591 1477 3731 1547 οἷον,

2073 1561 2189 1611 Τῶν
2224 1555 2430 1613 λευκῶν
2461 1560 2528 1614 τὰ
2561 1559 2653 1632 μὲν
2686 1561 2878 1635 θερμὰ,
2907 1561 2974 1615 τὰ
3027 1558 3084 1616 δὲ
3133 1565 3329 1638 ψυχρά
3353 1581 3364 1594 ’
3398 1563 3572 1638 θερμὰ
3635 1565 3732 1636 μὲν

2075 1647 2150 1708 ὡς
2209 1646 2296 1702 ἐπὶ
2352 1650 2452 1717 τῆς
2509 1644 2790 1720 ἀσϐέστου,
2823 1651 3011 1725 ψυχρὰ
3067 1647 3124 1705 δὲ
3182 1651 3258 1714 ὡς
3311 1649 3399 1706 ἐπὶ
3447 1659 3547 1721 τῆς
3605 1653 3732 1728 χιό-

2071 1757 2187 1798 νος.

2148 1825 2234 1880 ια’.
2269 1826 2464 1882 Ἰστέον
2503 1823 2551 1881 δ’
2589 1825 2672 1881 ὅτι
2717 1828 2924 1904 κυρίως
2974 1825 3294 1904 διαιρετικοὶ
3337 1829 3533 1906 τρόποι
3582 1836 3732 1906 τρεῖς

1997 1949 2046 2014 Β
2075 1914 2244 2014 εἶσινα·
2340 1915 2445 2014 ἅιπὸ
2476 1915 2669 2014 γένους
2701 1914 2773 1979 εἷς
2824 1913 2964 1988 εἴδη,
2999 1919 3026 1972 ὁ
3059 1917 3165 1972 ἀπὸ
3196 1917 3369 2014 Δὅλων
3425 1919 3502 1982 εἷς
3565 1921 3731 1997 μέρη,

2075 2005 2164 2058 καὶ
2199 2005 2227 2059 ὁ
2283 2004 2389 2059 ἀπὸ
2449 2005 2750 2078 ὁμωνύμου
2809 2013 2996 2084 φωνῆς
3057 2007 3134 2068 εἰς
3193 2004 3424 2086 διάφορα
3463 2009 3732 2082 σημαινό-

2079 2114 2239 2165 μενα·
2293 2094 2344 2148 οἱ
2386 2091 2444 2148 δὲ
2475 2091 2860 2170 ἄλλοιτρόποι
2907 2097 3489 2174 καταχρηστικώτερον
3536 2094 3736 2173 διαιρε-

2072 2181 2217 2236 τικοὶ
2247 2181 2628 2255 ὀνομάζονται.

2149 2273 2239 2347 ιβ’.
2275 2272 2411 2326 Ἀπὸ
2441 2273 2544 2348 γὰρ
2577 2270 2733 2327 εἰδῶν
2767 2271 2843 2334 εἷς
2875 2271 3054 2347 ἄτομα
3102 2271 3359 2350 διαίρεσις
3420 2275 3520 2330 οὐκ
3570 2273 3736 2349 ἔστιν,

2078 2357 2204 2416 ἀλλ’
2237 2361 2629 2434 ἀπαρίθμησις.
2673 2363 2904 2436 Ἀπειρα
2930 2363 3034 2438 γὰρ
3078 2357 3206 2417 ὄντα
3249 2363 3318 2417 τὰ
3365 2360 3546 2437 ἄτομα
3593 2361 3735 2418 διαι-

2076 2449 2216 2523 ρέσει
2247 2445 2735 2520 καθυποϐληθῆναι
2769 2449 2831 2505 οὐ
2865 2448 3099 2506 δύναται.

2151 2539 2237 2614 ιγ’.
2302 2536 2461 2595 Ἀλλ’
2518 2536 2644 2594 οὐδὲ
2709 2537 2814 2594 ἀπὸ
2891 2535 3322 2613 συμϐεϐηκότων
3394 2540 3471 2604 εἰς
3549 2540 3736 2604 οὐσίας

2073 2625 2281 2703 γίνεται
2317 2627 2594 2702 διαίρεσις.
2629 2630 2685 2682 Ὁ
2715 2629 2820 2705 γὰρ
2853 2627 3053 2704 λέγων,
3086 2628 3171 2684 ὅτι
3223 2633 3333 2685 τῶν
3397 2628 3602 2686 λευκῶν
3665 2631 3741 2685 τὰ

2079 2717 2174 2789 μὲν
2228 2712 2470 2794 ἔμψυχα,
2509 2718 2576 2772 τὰ
2625 2714 2683 2772 δὲ
2729 2717 2936 2794 ἄψυχα,
2964 2719 3040 2781 ὡς
3093 2718 3198 2773 ἀπὸ
3257 2720 3526 2793 σωμάτων
3561 2716 3739 2774 ἐπιδε-

2077 2802 2350 2880 δεγμένων
2424 2805 2728 2877 λευκότητα
2783 2812 3019 2861 ποιεῖται
3077 2809 3178 2877 τήν
3241 2805 3520 2884 διαίρεσιν,
3580 2809 3738 2862 ἅτινα.

2075 2892 2252 2948 οὐσίαι
2313 2894 2466 2952 εἰσίν.
2500 2891 2636 2950 Οὐδὲ
2693 2895 2798 2971 γὰρ
2859 2893 3077 2950 δύναται
3134 2897 3197 2950 τὸ
3247 2891 3594 2970 συμϐεϐηκὸς
3655 2897 3733 2960 εἰς

2075 2982 2260 3046 οὐσίας
2323 2981 2681 3060 διαιρεθῆναι,
2708 2983 2791 3039 ὅτι
2849 2984 2914 3040 τὸ
2971 2981 3351 3060 διαιρούμενον
3399 2986 3474 3048 ὡς
3505 2990 3736 3062 πρᾶγμα

2075 3073 2152 3136 εἷς
2186 3072 2356 3147 ὅμοια
2385 3071 2530 3128 θέλει
2563 3071 2908 3150 διαιρεῖσθαι,
2941 3073 3003 3129 οὐ
3039 3075 3146 3148 μὴν
3171 3074 3250 3137 εἷς
3279 3074 3533 3149 ἀνόμοια.

2151 3160 2232 3217 ιδ’.
2267 3158 2402 3218 Οὔτε
2459 3161 2516 3218 δὲ
2573 3164 2678 3218 ἀπὸ
2737 3163 2923 3226 οὐσίας
2978 3163 3053 3226 εἷς
3087 3159 3475 3238 συμϐεϐηκότα
3531 3165 3737 3242 γίνεται

2075 3250 2358 3328 διαίρεσις.
2403 3253 2474 3307 Τὸ
2521 3253 2623 3328 γὰρ
2673 3250 2854 3327 λέγειν
2905 3251 2988 3308 ὅτι
3035 3257 3144 3307 τῶν
3197 3254 3494 3328 ἀνθρώπων
3543 3255 3596 3309 οἳ
3641 3253 3739 3327 μέν

313 3320 460 3377 alios
482 3322 703 3394 nigros,
736 3339 849 3377 non
883 3326 974 3378 est
997 3322 1210 3378 divisio
1237 3340 1270 3378 a
1321 3323 1658 3379 substantia
1703 3324 1764 3378 in
1809 3324 1961 3380 acci-

2096 3341 2180 3394 ;ἷσι
2237 3339 2442 3412 λευκοὶ,
2477 3342 2529 3395 οἱ
2589 3339 2647 3395 δὲ
2708 3339 2955 3414 μέλανες,
3007 3340 3106 3396 οὐκ
3146 3337 3257 3396 ἔστι
3311 3338 3573 3418 διαίρεσις
3632 3343 3742 3398 ἀπὸ

312 3409 531 3478 dentia,
563 3411 664 3466 sed
714 3427 748 3466 a
774 3411 1110 3467 substantia
1138 3413 1198 3467 in
1235 3412 1609 3468 substantias
1640 3429 1766 3486 quae
1798 3413 1970 3469 vicis-

313 3500 427 3556 sim
460 3500 679 3556 habent
727 3501 1072 3557 accidentia.
1126 3503 1190 3556 In
1249 3501 1518 3559 homines
1565 3503 1722 3559 enim
1769 3503 1972 3576 nigros

313 3592 372 3644 et
403 3588 504 3646 28
527 3588 693 3646 albos
722 3589 876 3646 facta
903 3594 992 3646 est
1021 3589 1252 3659 divisio,
1287 3591 1388 3663 qui
1412 3595 1551 3648 sunt
1601 3591 1968 3649 substantiis.

392 3767 480 3824 15.
513 3768 626 3824 Sed
666 3783 772 3824 nec
830 3768 902 3824 ab
962 3769 1365 3826 accidentibus
1408 3769 1469 3824 in
1529 3770 1856 3827 accidentia
1904 3771 1972 3827 fit

318 3856 552 3912 divisio.
574 3856 722 3913 Nam
739 3857 827 3913 vel
849 3874 884 3913 a
912 3873 1122 3930 genere
1150 3857 1210 3913 in
1233 3858 1459 3931 species
1490 3863 1581 3914 est
1607 3861 1743 3916 talis
1763 3859 1972 3916 divisio

318 3949 386 4000 ut
445 3961 578 4000 cum
635 3945 888 4002 colorem
946 3946 1007 4001 in
1059 3945 1259 4002 album
1306 3951 1363 4002 et
1409 3947 1646 4020 nigrum
1723 3948 1973 4004 divisero

320 4033 503 4105 (color
529 4033 687 4090 enim
716 4034 831 4090 albi
863 4038 922 4090 et
951 4034 1102 4107 nigri
1130 4052 1318 4108 genus
1339 4036 1469 4108 est),
1505 4035 1592 4092 vel
1623 4054 1658 4092 a
1697 4038 1973 4094 substan-

318 4124 405 4179 tia
435 4123 494 4178 in
536 4123 918 4180 substantias.
949 4124 1144 4180 Dicere
1167 4125 1324 4180 enim
1346 4125 1614 4181 alborum
1629 4125 1745 4181 alia
1765 4125 1973 4196 calida,

317 4211 437 4268 alia
466 4211 677 4286 frigida
707 4213 1008 4281 esse,nihil
1053 4213 1210 4269 aliud
1244 4218 1540 4287 est,quam
1571 4214 1728 4286 quod
1770 4231 1974 4286 corpo-

316 4318 456 4358 rum
485 4301 756 4358 albedine
776 4302 1154 4374 praeditorum
1213 4301 1327 4358 alia
1383 4302 1634 4359 calorem
1693 4302 1970 4370 habeant,

319 4390 438 4446 alia
467 4391 673 4464 frigus.
708 4392 842 4463 Ipsa
861 4390 1018 4446 enim
1039 4408 1143 4464 per
1169 4408 1231 4447 se
1261 4391 1465 4448 albedo
1527 4408 1655 4464 quas
1703 4392 1975 4446 accidens

317 4484 628 4553 est,neque
644 4479 833 4536 calida
857 4496 1046 4552 neque
1078 4480 1290 4553 frigida
1320 4480 1711 4552 est,quoniam
1745 4479 1976 4535 nullum

2081 3429 2266 3492 οὐσίας
2300 3430 2375 3492 εἰς
2409 3425 2816 3504 συμϐεϐηκότα,
2849 3428 2996 3485 ἀλλὰ
3035 3430 3139 3486 ἀπὸ
3171 3429 3357 3493 οὐσίας
3415 3430 3493 3494 εἷς
3555 3431 3743 3496 οὐσίας

2079 3515 2246 3573 πάλιν
2311 3518 2546 3593 ἐχούσας
2615 3514 3021 3592 συμϐεϐηκότα.
3073 3519 3168 3583 Εἰς
3243 3520 3561 3597 ἀνθρώπους
3641 3522 3750 3598 γὰρ

2087 3605 2327 3683 μέλανας
2392 3607 2483 3662 καὶ
2541 3604 2769 3670 λευκοὺς
2839 3608 3050 3685 ἐγένετο
3106 3611 3141 3680 ἡ
3204 3607 3487 3686 διαίρεσις,
3550 3608 3752 3674 οἷ’τινες

2084 3696 2262 3752 οὐσίαι
2295 3694 2449 3754 εἰσίν.

2161 3786 2237 3842 ιε’.
2271 3782 2431 3840 Ἀλλ’
2461 3781 2576 3840 οὐδ’
2605 3784 2712 3840 ἀπὸ
2753 3780 3184 3859 συμϐεϐηκότων
3235 3785 3310 3850 εἷς
3361 3783 3754 3861 συμϐεϐηκότα

2084 3874 2286 3952 γίνεται
2321 3872 2601 3950 διαίρεσις.
2636 3876 2705 3930 Ἤ
2735 3876 2839 3952 γὰρ
2872 3876 2977 3930 ἀπο
3007 3877 3196 3952 γένους
3237 3875 3314 3939 εἷς
3363 3873 3481 3947 εἷ’ὂη
3535 3875 3675 3932 ἐστὶν
3711 3879 3747 3947 ἡ

2081 3962 2308 4034 τοιαύτη
2343 3961 2628 4039 διαίρεσιςο
2663 3964 2739 4026 ὡς
2771 3963 2896 4019 ὅταν
2929 3963 3005 4027 εἷς
3041 3962 3234 4020 λευκὸν
3265 3963 3357 4020 καί
3404 3965 3576 4038 μέλαν
3610 3963 3748 4020 διαι-

2087 4053 2239 4129 ρήσω
2269 4053 2331 4107 τὸ
2363 4056 2596 4129 χρῶμα·
2627 4052 2781 4128 γένος
2812 4053 2913 4130 γάρ
2948 4051 3060 4107 ἐστι
3087 4053 3150 4108 τὸ
3181 4057 3392 4130 χρῶμα
3419 4058 3519 4108 τοῦ
3551 4052 3748 4110 λευκοῦ

2085 4141 2174 4196 καὶ
2203 4145 2300 4196 τοῦ
2336 4139 2568 4215 μέλανος
2594 4163 2606 4175 ·
2633 4141 2668 4210 ἢ
2704 4141 2808 4196 ἀπὸ
2837 4140 3021 4203 οὐσίας
3056 4142 3133 4204 εὶς
3163 4140 3371 4204 οὐσίας.
3405 4141 3480 4196 Τὸ
3527 4143 3630 4220 γὰρ
3663 4142 3751 4198 λέ-

2086 4251 2225 4305 γειν,
2258 4229 2341 4285 ὅτι
2397 4235 2505 4284 τῶν
2562 4228 2770 4285 λευκῶν
2824 4230 2894 4285 τὰ
2937 4229 3031 4305 μέν
3064 4229 3168 4286 εἶσι
3197 4231 3393 4308 θερμὰ,
3423 4231 3492 4285 τὰ
3541 4228 3600 4286 δὲ
3645 4234 3748 4306 ψυ-

2088 4319 2219 4394 χρὰ,
2249 4317 2402 4373 οὐδὲν
2436 4316 2578 4374 ἄλλο
2606 4318 2770 4388 ἐστὶν,
2802 4319 2838 4389 ἢ
2871 4317 2954 4374 ὅτι
2996 4323 3102 4373 τῶν
3154 4317 3423 4393 σωμάτων
3472 4323 3579 4374 τῶν
3633 4319 3751 4376 ἐπι-

2090 4405 2428 4483 δεδεγμένων
2461 4405 2763 4477 λευκότητα
2787 4409 2856 4463 τὰ
2899 4407 2993 4480 μὲν
3047 4403 3162 4484 ἔχει
3223 4407 3556 4484 Θερμότητα,
3585 4408 3654 4463 τὰ
3694 4406 3752 4464 δὲ

2090 4497 2436 4573 ψυχρότητα.
2469 4498 2569 4550 Καὶ
2627 4497 2730 4572 γὰρ
2791 4496 2924 4566 αὐτή
2986 4498 3104 4551 καθ’
3157 4497 3350 4567 ἑαυτήν
3381 4499 3418 4566 ἡ
3451 4494 3744 4570 λευκότης,

316 4570 588 4627 accidens
621 4569 721 4626 alii
744 4568 1032 4625 accidenti
1065 4569 1136 4625 ad
1180 4569 1579 4625 exsistentiam
1643 4569 1965 4640 subjectum

2247 4585 2357 4642 ἐστὶ
2387 4568 2761 4658 συμϐεϐηκός,
2797 4583 2921 4641 οὔτε
2948 4587 3122 4663 θερμή
3176 4585 3339 4660 ἐστιν,
3365 4582 3490 4642 οὔτε
3537 4568 3744 4663 ψυχρά.

316 4664 407 4716 est
439 4661 573 4727 ;sed
595 4659 720 4716 sola
752 4659 1085 4714 substantia
1122 4659 1398 4715 omnibus
1447 4657 1868 4725 accidentibus,
1914 4662 1965 4712 ut

2096 4676 2240 4731 Ἐπεὶ
2301 4675 2401 4730 οὐκ
2462 4657 2574 4730 ἔστι
2633 4695 2688 4729 τι
2743 4657 3091 4748 συμϐεϐηκός
3150 4657 3332 4752 ἑτέρῳ,
3375 4657 3751 4748 συμϐεϐηκότι

319 4749 445 4805 haec
477 4749 618 4818 sint,
669 4748 1006 4820 subjicitur.

393 5037 476 5090 16.
503 5035 703 5107 Neque
724 5050 858 5090 vero
892 5032 951 5088 in
974 5031 1092 5088 illis
1117 5049 1246 5105 quae
1277 5032 1348 5088 ab
1381 5049 1498 5089 uno
1549 5035 1606 5088 et
1656 5033 1728 5088 ad
1785 5048 1971 5088 unum

316 5127 457 5180 sunt
488 5122 694 5178 divisio
726 5122 1151 5194 spectatur,sed
1185 5120 1725 5178 enumeratio.Nam
1755 5124 1812 5176 et
1850 5120 1972 5176 haec

316 5211 550 5268 infinita
580 5216 720 5268 sunt
756 5215 812 5266 et
840 5210 1256 5282 comprehendi
1289 5227 1405 5265 non
1447 5214 1718 5281 possunt,
1767 5226 1970 5282 quem-

322 5301 644 5358 admodum
676 5315 818 5355 sane
859 5300 1036 5354 etiam
1073 5299 1399 5354 individua.
1426 5300 1626 5355 Dicere
1655 5299 1810 5354 enim
1869 5315 1971 5370 po-

313 5394 432 5446 test
456 5389 692 5460 aliquis,
726 5387 943 5443 librum
969 5388 1260 5444 medicum
1305 5393 1363 5444 et
1408 5405 1510 5443 vas
1561 5387 1856 5443 medicum
1914 5391 1974 5442 et

316 5478 702 5551 emplastrum
735 5476 1114 5543 medicum,et
1144 5478 1375 5533 inﬁnita
1398 5477 1759 5534 alia.Eodem
1793 5478 1969 5533 modo

318 5567 556 5624 salubre
582 5565 806 5637 vinum,
840 5567 1134 5622 salubrem
1158 5565 1413 5637 diaetam,
1447 5567 1744 5622 salubrem
1776 5581 1968 5622 aerem

319 5661 376 5711 et
404 5653 767 5726 hujusmodi.

394 5745 482 5802 i7.
517 5742 833 5798 Sciendum
865 5747 1058 5799 autem
1090 5744 1245 5816 quod
1279 5743 1506 5816 divisio,
1521 5743 1806 5801 addivisio
1863 5759 1968 5801 seu

2084 4763 2224 4841 πρός
2283 4764 2506 4841 ὕπαρξιν
2568 4764 2968 4838 ὑποκείμενονο
3028 4763 3167 4840 μόνη
3233 4761 3354 4834 δὶὴ
3406 4763 3564 4820 οὐσία
3617 4770 3751 4820 πᾶσι

2080 4860 2200 4917 τοῖς
2282 4849 2656 4928 συμϐεϐηκόσι
2729 4854 2868 4931 πρὸς
2942 4855 3006 4910 τὸ
3078 4853 3216 4910 εἶναι
3279 4857 3450 4910 ταῦτα
3525 4853 3746 4910 ὑπόκει-

2081 4965 2192 5000 ται.

2158 5035 2240 5097 ις’.
2274 5028 2409 5087 Οὔτε
2439 5030 2498 5088 δὲ
2526 5033 2579 5088 ἐν
2605 5036 2724 5095 τοῖς
2757 5031 2845 5110 ἀφ’
2877 5031 2994 5095 ἑνὸς
3021 5031 3112 5087 καὶ
3158 5031 3297 5109 πρὸς
3349 5031 3404 5087 ἓν
3460 5035 3744 5108 θεωρεῖται

2083 5120 2364 5196 διαίρεσις,
2443 5120 2570 5177 ἀλλ’
2648 5121 3039 5198 ἆπαρίθμησις.
3131 5121 3387 5196 Ἀόριστα
3461 5122 3567 5197 γὰρ
3652 5121 3745 5175 καὶ

2078 5215 2247 5266 ταῦτα
2304 5209 2394 5264 καὶ
2454 5207 2822 5285 ἀπερίληπτα,
2856 5207 3038 5285 ὥσπερ
3071 5205 3138 5277 δὴ
3197 5207 3289 5263 καὶ
3347 5204 3548 5280 ἄτομα.
3584 5206 3748 5262 Δύνα-

2078 5321 2167 5354 ται
2217 5298 2318 5375 γὰρ
2379 5299 2546 5354 εἰπεῖν
2594 5320 2678 5361 τις
2738 5298 2975 5373 ἰατρικὸν
3051 5292 3290 5373 βιϐλίον,
3348 5295 3440 5351 καὶ
3499 5296 3740 5372 ἰατρικὸν

2081 5393 2291 5459 σκεῦος,
2326 5388 2567 5464 ἰατρικὸν
2601 5383 2982 5462 ἕμπλαστρον,
3004 5386 3094 5440 καὶ
3130 5383 3278 5441 ἄλλα
3319 5383 3516 5459 poeta“
3567 5383 3744 5440 ὡσαύ-

2079 5497 2187 5539 τως
2240 5476 2474 5551 ὑγιεινὸν
2527 5476 2696 5549 οἶνον,
2731 5475 2971 5550 ὑγιεινὴν
3028 5472 3261 5547 δίαιταν,
3290 5472 3525 5549 ὑγιεινὸν
3584 5473 3736 5551 ἀέρα,

2077 5566 2168 5620 καὶ
2195 5567 2263 5620 τὰ
2287 5569 2534 5624 τοιαῦτα.

2155 5744 2236 5812 ιζ’.
2297 5744 2492 5798 ’ἰστέον
2555 5740 2613 5798 δὲ
2679 5741 2762 5799 ὅτι
2822 5740 3102 5819 διαίρεσις,
3161 5717 3541 5819 έπιδιαίρεσις,
3599 5737 3736 5796 κατᾶ
