4154 6416
368 364 488 458 ms

1720 359 2070 422 EPITOME
2114 361 2394 422 LOGICA
2408 404 2424 420 .

3665 363 3784 424 706

366 502 528 553 τοῦτο
569 495 911 577 διαφέρουσιν
960 497 1249 570 ἀλλήλων,
1298 495 1482 552 καθότι
1531 495 1566 563 ἡ
1624 493 1717 567 μὲν
1769 489 2056 569 διαίρεσις,

2175 493 2524 565 uperdivisio
2554 498 2613 550 et
2644 494 2968 551 subdivisio
2998 495 3324 552 secundum
3346 495 3454 551 hoc
3479 495 3780 552 differunt.

370 587 604 663 πρώτως
643 589 830 662 τέμνει
877 589 940 643 τὸ
993 593 1239 663 πρᾶγμα·
1289 589 1325 655 ἡ
1378 583 1436 640 δὲ
1485 580 1838 658 έπιδιαίρεσις
1888 579 2025 635 κατᾶ

372 674 621 750 δευτέραν
654 672 922 748 ἐπιϐολὴν
962 678 1147 752 τέμνει
1184 677 1247 731 τὸ
1295 674 1426 730 αὐτὸ
1468 676 1715 749 πρᾶγμα·
1767 673 1803 740 ἡ
1859 667 1916 724 δέ
1963 689 2028 744 γε

375 763 741 844 ὑποδιαίρεσις
783 764 838 822 ἓν
883 770 991 822 τῶν
1042 765 1350 840 τμημάτων
1400 757 1794 838 παραλαϐοῦσα
1841 761 2027 833 τέμνει

374 855 547 910 αύτόο
611 857 731 910 οἷον
783 857 843 909 Ὁ
901 853 1184 930 ἄνθρωπος
1245 851 1529 930 διαιρεῖται
1591 850 1666 912 εἷς
1724 847 1879 926 ἄρσεν
1938 848 2027 904 καὶ

374 942 536 1014 θῆλυ·
567 948 729 999 τοῦτο
787 941 1066 1020 διαίρεσις·
1120 942 1212 997 καὶ
1258 941 1422 997 πάλιν
1473 941 1529 993 Ὀ
1561 935 1843 1014 ἅνθρωπος
1888 935 2028 993 διαι-

379 1037 547 1110 ρεῖται
610 1031 686 1094 εἷς
745 1034 931 1108 ψυχὴν
985 1031 1076 1086 καὶ
1145 1035 1348 1104 σῶμα’
1407 1033 1568 1084 τοῦτο
1627 1025 2030 1104 έπιδιαίρεσις,

376 1121 500 1190 ἥτις
548 1119 671 1174 τότε
727 1119 889 1193 μόνον
942 1116 1148 1193 ὀφείλει
1196 1117 1454 1194 γίνεσθαι,
1507 1116 1596 1171 ὅτε
1642 1116 1760 1170 καθ’
1806 1111 2028 1170 ἕκαστον

377 1213 488 1264 τῶν
519 1209 828 1283 τμημάτων
859 1215 960 1279 τῆς
1007 1208 1232 1283 πρώτης
1278 1204 1611 1282 διαιρέσεως,
1657 1206 1726 1260 τὰ
1771 1211 1871 1273 τῆς
1914 1201 2032 1258 δευ-

373 1300 536 1374 τέρας
585 1295 940 1372 διαιρέσεως,
987 1295 1160 1352 εἷίιεουν
1208 1293 1614 1371 έπιδιαιρέσεως
1642 1340 1656 1366 ,
1705 1295 2032 1368 θεωροῦνται

377 1387 446 1440 τὰ
496 1387 765 1460 τμήματα
799 1431 812 1443 .
871 1382 1014 1443 Ἰδοὺ
1071 1385 1175 1460 γὰρ
1238 1383 1289 1439 έν
1345 1388 1425 1456 τῷ
1483 1379 1665 1459 ἅῤῥενι
1717 1381 1807 1436 καὶ
1867 1382 1918 1436 ἐν
1954 1385 2034 1454 τῷ

380 1473 538 1548 θήλει
566 1477 848 1552 θεωρεῖται
891 1475 1046 1550 ψυχὴ
1099 1473 1189 1528 καὶ
1237 1476 1415 1547 σῶμα.
1447 1475 1606 1527 Ὅταν
1659 1468 1717 1526 δέ
1757 1471 1922 1526 εἰπὼν
1951 1469 2034 1525 ὅτι

381 1567 416 1634 ἡ
478 1564 634 1620 οὐσία
692 1561 977 1640 διαιρείται
1039 1563 1117 1625 εἷς
1174 1566 1335 1636 σῶμα
1392 1561 1483 1616 καὶ
1539 1561 1852 1634 ἀσώματον,
1901 1557 2035 1614 εἷίπω

381 1652 572 1724 πάλιν,
601 1652 683 1708 ὅτι
713 1652 777 1708 τὰ
809 1657 969 1726 σῶμα
999 1649 1284 1728 διαιρεῖται
1337 1651 1414 1714 εἷς
1464 1646 1710 1727 ἔμψυχον
1760 1654 1851 1705 καί
1900 1651 2036 1724 ἄψυ-

384 1764 510 1819 χον,
544 1741 776 1813 ἐποίησα
797 1739 1190 1818 ὑποδιαίρεσιν.

459 1860 552 1930 ιη’.
586 1859 848 1934 Λέγονται
870 1927 874 1930 .
898 1855 956 1912 δὲ
996 1856 1064 1912 τὰ
1093 1855 1154 1911 ἐκ
1195 1859 1294 1910 τοῦ
1343 1853 1505 1910 αὐτοῦ
1552 1855 1737 1930 γένους
1766 1854 2040 1928 τμηθέντα
2069 1867 2119 1932 Β

389 1941 504 2017 εἷ’δη
539 1943 985 2022 ἀτιδιαιρούμενα
1034 1945 1108 2007 ὡς
1159 1943 1424 2008 ἆντίθεσίν
1473 1964 1596 1999 τινα
1637 1943 1774 2017 πρὸς
1819 1940 2046 2012 ἄλληλα

390 2034 640 2114 φέροντα,
699 2035 795 2090 κᾶν
853 2034 914 2090 ἐκ
956 2039 1057 2089 τοῦ
1113 2033 1278 2088 αὐτοῦ
1337 2032 1438 2088 εἶεν
1494 2032 1585 2087 καὶ
1637 2032 1775 2094 ἑνός’
1828 2033 1942 2087 οἷον
1981 2031 2044 2086 τὸ

391 2129 554 2199 σῶμα
603 2123 694 2179 καὶ
755 2124 820 2179 τὸ
865 2123 1154 2196 ἀσώματον
1208 2121 1268 2177 ἐκ
1307 2124 1410 2191 τῆς
1461 2121 1646 2183 οὐσίας
1690 2119 2042 2197 διαιρεθέντα,

390 2214 482 2270 καὶ
517 2214 817 2289 μετέχοντα
861 2219 964 2282 τῆς
1018 2211 1200 2272 οὐσίας
1251 2209 1467 2281 ἐπίσης,
1519 2210 1843 2266 ἀντίκεινται
1892 2210 2045 2264 θάτε-

394 2323 486 2380 ρον
544 2300 754 2378 θατέρῳ
810 2301 946 2356 κατᾶ
998 2301 1095 2362 τὰς
1151 2297 1435 2361 οὐσιώδεις
1493 2297 1790 2376 διαφοράς’
1836 2299 1899 2354 τὸ
1951 2299 2044 2372 μὲν

397 2392 502 2468 γὰρ
557 2397 728 2466 τριχῆ
789 2386 1091 2446 διαστατόν.
1149 2389 1212 2445 τὸ
1270 2386 1329 2444 δὲ
1384 2392 1482 2444 τοῦ
1535 2395 1705 2465 τριχῆ
1767 2385 2046 2443 διαστατὸν

397 2479 534 2534 εἶναι
585 2477 779 2556 πόῤῥω
835 2479 1134 2549 καθέστηκε
1166 2520 1179 2532 .
1239 2477 1338 2532 Καὶ
1417 2477 1504 2532 έπὶ
1559 2482 1666 2532 τῶν
1746 2475 1932 2533 ἄλλων
1993 2478 2050 2532 ὁ·

402 2568 598 2643 μοίως.

472 2855 553 2908 ιθ’.
587 2851 852 2929 Λέγοιντο
902 2849 948 2906 δ’
997 2852 1057 2907 ἂν
1110 2849 1604 2928 ἀντιδιαιρούμενα,
1654 2851 1744 2906 καὶ
1794 2852 1868 2913 ὡς
1921 2853 2055 2926 ὁμο-

400 2943 577 3016 τίμως
613 2942 912 3018 μετέχοντα
955 2946 1053 2996 τοῦ
1106 2939 1298 3014 μένους
1344 2941 1394 3014 ἐξ
1426 2941 1488 2995 οὗ
1539 2938 1816 3016 διῄρηται,
1858 2940 1948 2995 καὶ
1980 2942 2056 3004 ὡς

409 3029 467 3084 ἂν
510 3027 650 3085 εἴποι
704 3051 790 3092 τις
848 3025 974 3084 ὄντα
1031 3027 1474 3105 ἷσυδιαιρούμενα
1527 3031 1618 3083 καὶ
1666 3029 1783 3083 ἀντὶ
1831 3030 2058 3106 θατέρου

409 3119 628 3195 θάτερον
684 3120 823 3174 κατὰ
873 3119 937 3173 τὸ
987 3115 1348 3194 ΐσοδιαίρετον
1402 3115 1749 3194 λογιζόμενα.
1810 3118 1909 3172 Καὶ
1955 3121 2058 3194 γὰρ

409 3208 462 3263 ἐν
515 3207 729 3271 τούτοις
776 3208 878 3263 οὐκ
924 3206 1034 3262 ἔστι
1082 3207 1145 3262 τὸ
1208 3204 1420 3281 μᾶλλον
1461 3207 1552 3262 καὶ
1601 3210 1762 3275 ἧττον
1827 3207 2056 3283 μετέχον
2089 3234 2132 3301 C

403 3302 502 3353 τοῦ
531 3296 736 3374 γένους·
797 3293 927 3352 οὔτε
970 3298 1073 3374 γὰρ
1120 3297 1181 3350 τὸ
1230 3300 1392 3370 σῶμα
1433 3293 1687 3372 τυγχάνει
1730 3295 1885 3352 οὐσία
1918 3296 2056 3370 μᾶλ-

407 3386 503 3442 λον
528 3391 628 3442 τοῦ
657 3387 972 3461 ἀσωμάτου,
1018 3381 1142 3441 οὕτε
1185 3386 1248 3440 τὸ
1297 3385 1586 3460 ἀσώματον
1639 3385 1794 3440 ούσία
1845 3383 2056 3460 μᾶλλον

403 3480 502 3532 τοῦ
559 3477 836 3552 σώματος·
893 3476 984 3532 καὶ
1043 3474 1132 3530 έπὶ
1187 3479 1296 3530 τῶν
1353 3472 1540 3530 ἄλλων
1592 3475 1873 3537 ὡσαύτως.
1927 3471 2063 3530 Οῧτε

407 3562 464 3620 δὲ
517 3566 581 3620 τὸ
653 3564 806 3640 φύσει
881 3561 1145 3641 πρότερον
1207 3563 1259 3620 έν
1339 3570 1457 3627 τοῖς
1530 3562 2061 3641 ἀντιδιαιρουμένοις

407 3653 755 3730 εὑρίσκεται·
816 3654 954 3709 κατὰ
1009 3653 1211 3716 πάντας
1297 3655 1400 3729 γὰρ
1456 3653 1584 3717 τοὺς
1658 3653 1895 3730 τρόπους
1951 3659 2058 3710 τῶν

408 3741 721 3819 διαιρέσεων
773 3740 988 3798 ἄπεστιν
1043 3741 1101 3798 ἐκ
1155 3747 1260 3796 τῶν
1310 3741 1616 3816 τμημάτων
1663 3743 1726 3798 τό
1755 3765 1817 3800 τε
1847 3741 2059 3817 μᾶλλον

408 3832 498 3887 καὶ
529 3835 690 3902 ἧττον
727 3832 817 3887 καὶ
858 3831 923 3886 τὸ
961 3831 1113 3909 φύσει
1160 3830 1446 3908 πρότερον,
1496 3831 1642 3902 πλὴν
1675 3836 1782 3888 τῶν
1828 3833 1917 3911 ἀφ’
1948 3833 2060 3896 ἑνὸς

409 3921 501 3977 καὶ
529 3919 668 4000 πρὸς
697 3916 776 3976 ἓν.

2137 587 2424 653 quatenus
2456 583 2664 639 divisio
2696 583 2936 655 quidem
2969 600 3092 639 rem
3152 583 3431 656 primario
3456 585 3558 640 24
3591 590 3784 647 secat;

2135 671 2419 727 addivisio
2433 671 2611 727 altero
2624 688 2902 744 aggressa
2919 673 3183 729 eamdem
3199 689 3320 728 rem
3339 673 3544 729 dividit
3560 699 3575 743 ;
3589 674 3788 730 subdi-

2137 759 2282 816 visio
2295 761 2546 832 denique
2560 779 2741 816 unum
2761 762 3089 817 membrum
3104 779 3240 819 assu
3252 766 3480 834 mptum
3496 764 3784 836 partitur:

2140 850 2298 904 velut
2326 850 2509 905 Homo
2567 850 2852 905 dividitur
2878 851 2938 905 in
2971 867 3194 907 marem
3227 858 3284 908 et
3316 852 3617 908 feminam.
3663 858 3784 908 Hoc

2139 937 2346 994 divisio
2391 943 2498 994 est.
2532 939 2600 994 Et
2628 956 2833 994 rursus
2871 941 3048 996 Homo
3100 939 3382 997 dividitur
3421 941 3480 996 in
3517 941 3783 998 animam

2140 1032 2196 1082 et
2226 1044 2438 1099 corpus
2464 1045 2477 1095 ;
2510 1027 2619 1082 hoc
2649 1027 2930 1084 addivisio
2961 1033 3069 1096 est,
3103 1046 3230 1102 quae
3261 1034 3388 1084 tum
3433 1031 3608 1085 modo
3667 1031 3792 1087 ﬁeri

2142 1116 2334 1184 debet,
2365 1133 2500 1172 cum
2530 1117 2589 1171 in
2620 1116 2881 1187 quolibet
2912 1117 3112 1188 prima}
3143 1118 3449 1174 divisionis
3500 1119 3789 1187 membro,

2144 1205 2411 1260 membra
2440 1205 2796 1260 secundarize
2823 1205 3148 1272 divisionis,
3213 1206 3334 1262 sive
3404 1207 3796 1265 addivisionis

2145 1294 2666 1350 consideranturet
2694 1298 3054 1366 spectantur.
3113 1295 3256 1351 Ecce
3301 1296 3458 1352 enim
3517 1297 3576 1353 in
3635 1315 3797 1354 mare

2143 1387 2201 1438 et
2228 1383 2288 1437 in
2319 1383 2538 1439 femina
2565 1400 2700 1440 cum
2733 1384 2932 1439 anima
2961 1389 3089 1440 tum
3132 1401 3344 1456 corpus
3390 1387 3801 1442 consideratur

2145 1474 2387 1536 Quando
2418 1476 2614 1528 autem
2646 1473 2901 1544 primum
2929 1473 3126 1529 dixero
3158 1474 3555 1530 substantiam
3618 1476 3801 1532 dividi

2144 1561 2205 1617 in
2237 1578 2448 1634 corpus
2470 1565 2527 1617 et
2553 1562 2610 1617 in
2645 1561 3052 1633 incorporeum
3082 1563 3345 1619 etdenuo
3372 1564 3559 1621 dicam
3585 1582 3799 1638 corpus

2147 1650 2208 1706 in
2239 1655 2563 1706 animatum
2597 1656 2654 1706 et
2683 1651 3075 1707 inanimatum
3100 1651 3298 1724 dividi,
3331 1653 3797 1712 subdivisionem

2151 1739 2336 1796 effeci.

2220 1855 2306 1910 18.
2340 1855 2628 1911 Dicuntur
2657 1872 2829 1928 porro
2859 1855 3084 1927 species
3116 1873 3246 1928 quae
3279 1874 3348 1913 ex
3379 1859 3580 1914 eodem
3627 1876 3797 1927 gene-

2151 1961 2213 2000 re
2243 1948 2413 2000 sextae
2444 1949 2584 2000 sunt
2611 1940 2751 2016 (εῖδη
2786 1941 3301 2020 ἀντιδιαιρούμενα),
3338 1947 3396 2002 id
3429 1953 3517 2002 est
3577 1949 3802 2020 species

2153 2033 2555 2089 contradivisaa
2579 2038 2645 2088 ut
2673 2050 2800 2105 quas
2834 2039 3101 2090 mutuam
3130 2035 3566 2106 'oppositionem
3601 2054 3802 2094 secum

2153 2122 2410 2194 trahant,
2470 2122 2706 2178 tametsi
2766 2140 2835 2178 ex
2891 2140 3008 2178 uno
3065 2128 3123 2178 et
3159 2125 3362 2179 eodem
3405 2125 3565 2180 sint:
3600 2127 3803 2197 veluti,

2156 2228 2368 2283 corpus
2423 2216 2482 2267 et
2535 2211 2942 2284 incorporeum
3001 2211 3188 2267 divisa
3241 2229 3310 2267 ex
3365 2214 3696 2271 substantia
3751 2221 3809 2272 et

2158 2300 2520 2357 subtantiam
2551 2316 2620 2354 ex
2641 2316 2804 2372 aequo
2826 2298 3240 2371 participantia
3273 2303 3463 2373 quoad
3523 2305 3806 2361 essentia-

2159 2390 2245 2446 les
2275 2389 2634 2445 differentias
2679 2388 2791 2446 sibi
2848 2393 3250 2460 opponuntur,
3309 2389 3557 2446 alterum
3617 2393 3806 2451 alteri.

2161 2479 2310 2535 Illud
2341 2479 2499 2534 enim
2528 2478 2642 2534 tria
2696 2477 3066 2534 dimensione
3115 2483 3392 2546 constat;
3445 2480 3554 2537 hoc
3612 2487 3809 2540 autem

2163 2569 2236 2624 ab
2266 2584 2334 2624 eo
2365 2572 2431 2622 ut
2459 2567 2747 2623 trifariam
2799 2566 2857 2620 in
2911 2566 3308 2623 dimensiones
3364 2574 3577 2640 pateat.
3638 2570 3810 2644 longe

2164 2659 2456 2712 remotum
2487 2659 2594 2711 est.
2624 2655 2695 2711 Et
2727 2654 2787 2709 in
2818 2654 2948 2711 aliis
2979 2655 3237 2711 similem
3268 2656 3326 2710 in
3360 2658 3601 2714 modum
3629 2677 3722 2716 res
3749 2678 3812 2718 se

2164 2745 2358 2800 habeL

2237 2852 2334 2908 25
2366 2853 2452 2908 19.
2487 2851 2595 2906 Sed
2625 2855 2682 2906 et
2711 2850 2826 2906 dici
2885 2856 3105 2922 queant
3158 2847 3276 2921 εἷ’δη
3339 2849 3815 2930 ἀντιδιαιρούμενα

2166 2944 2224 2996 et
2253 2941 2406 3011 quod
2431 2939 2558 3012 pari
2588 2939 2827 2995 honoris
2883 2941 3071 3011 gradu
3124 2941 3474 3014 participent
3529 2960 3717 3016 genus
3747 2963 3816 3002 ex

2169 3047 2286 3102 quo
2317 3029 2513 3084 divise
2544 3033 2684 3084 sunt
2713 3035 2771 3084 et
2796 3029 2952 3101 quod
2985 3029 3124 3097 sint,
3157 3031 3327 3101 quasi
3361 3031 3516 3088 dicat
3571 3033 3807 3107 aliquis.

2172 3113 2630 3190 ἷσοδιαιρούμενα,
2691 3117 2750 3171 id
2807 3122 2916 3187 est,
2977 3117 3280 3190 aequaliter
3350 3119 3410 3176 in
3469 3121 3815 3181 divisionem

2168 3207 2469 3264 venientes
2498 3211 2556 3262 et
2585 3204 2732 3261 tales
2765 3205 3029 3277 qualium
3059 3205 3242 3263 altera
3281 3212 3346 3263 ut
3394 3209 3576 3268 altera
3621 3215 3816 3284 quoad

2173 3295 2483 3353 divisionis
2512 3293 2907 3369 mqualitatem
2940 3299 3261 3368 reputetur.
3295 3298 3361 3352 In
3395 3297 3485 3354 his
3511 3300 3669 3356 enim
3699 3320 3817 3359 non

2169 3389 2259 3441 est
2297 3385 2475 3457 quod,
2521 3400 2708 3456 genus
2756 3383 3065 3455 participat
3116 3386 3305 3458 magis
3334 3390 3392 3442 et
3431 3389 3650 3445 minus.
3702 3394 3819 3447 Nec

2169 3474 2327 3531 enim
2346 3490 2558 3545 corpus
2573 3472 2760 3547 magis
2773 3477 2864 3529 est
2877 3473 3208 3530 substantia
3223 3477 3818 3552 quamincorporeum

2171 3581 2277 3620 nec
2295 3564 2702 3635 incorporeum
2717 3563 2905 3634 magis
2917 3563 3349 3622 estsubstantia
3375 3583 3554 3638 quam
3584 3585 3819 3642 corpus.

2173 3653 2239 3709 Et
2266 3653 2327 3708 in
2380 3652 2511 3709 aliis
2565 3652 2770 3708 eodem
2814 3652 2988 3707 modo
3015 3669 3109 3709 res
3138 3670 3201 3710 se
3223 3653 3418 3711 habet.
3456 3657 3658 3730 Neque
3688 3675 3823 3716 vero

2171 3743 2348 3800 etiam
2403 3741 2559 3813 quod
2609 3746 2819 3796 natura
2849 3741 3013 3813 prius
3038 3745 3127 3798 est
3157 3741 3208 3796 έν
3237 3747 3353 3805 τοῖς
3386 3741 3822 3822 ἀντιδιαιρουμέ-

2169 3851 2308 3898 νοις,
2340 3831 2399 3886 id
2422 3833 2513 3887 est
2540 3829 2600 3884 in
2631 3829 2705 3886 iis
2734 3846 2862 3901 quae
2891 3847 2923 3886 e
2951 3830 3206 3904 regione,
3225 3833 3658 3906 siveaaqualiter
3687 3837 3829 3893 divi-

2173 3919 2795 3991 dantur,reperitur.1n
2807 3920 3084 3976 omnibus
3099 3920 3254 3976 enim
3267 3922 3620 3981 divisionum
3635 3927 3829 3982 modis

412 4028 553 4072 cum
603 4010 666 4066 τὸ
717 4011 907 4084 magis
928 4013 986 4067 et
1015 4009 1212 4066 minu
1240 4014 1370 4067 tum
1391 4008 1456 4064 τὰ
1489 4014 1701 4066 natura
1731 4010 1897 4083 prius
1927 4027 1962 4066 a
1991 4009 2295 4077 membris,
2329 4008 2584 4080 exceptis
2613 4023 2816 4063 eorum
2847 4023 2976 4080 quae
3012 4009 3082 4064 ab
3115 4025 3232 4066 uno
3263 4015 3321 4066 et
3344 4012 3415 4068 ad
3448 4029 3635 4070 unum
3665 4015 3831 4087 (sunt

415 4101 833 4173 dicunturque)
863 4099 1036 4172 longe
1065 4103 1363 4156 remotum
1397 4102 1507 4157 est.

487 4216 554 4270 κ’.
589 4213 756 4269 Φύσει
788 4211 846 4269 δὲ
891 4213 1156 4292 πρότερον
1209 4211 1424 4290 λέγεται
1462 4215 1526 4269 τὸ
1577 4218 1925 4286 συναναιροῦν
1977 4213 2068 4270 καὶ

421 4305 497 4377 μή
556 4302 1042 4381 συναναιρούμενον
1075 4325 1088 4337 ο
1149 4303 1240 4358 καὶ
1299 4301 1777 4381 συνεισφερόμενον
1845 4303 1936 4357 καὶ
1994 4303 2071 4375 μὴ

415 4393 784 4471 συνεισφέρον,
844 4393 959 4448 οἷον
1015 4392 1078 4448 τὸ
1110 4395 1248 4461 ζῶον
1309 4391 1460 4469 φύσει
1517 4383 1779 4468 πρότερον
1840 4397 1937 4446 τοῦ
1990 4392 2077 4446 ἀν-

416 4483 659 4557 θρώπου,
718 4479 856 4536 διότι
914 4480 1300 4555 ἀναιρούμενον
1361 4485 1668 4556 συναναιρεῖ
1718 4479 1811 4534 τόν
1870 4481 2077 4555 ἅνθρω-

415 4593 518 4626 πον
555 4613 567 4626 ι

415 4659 898 4738 συνεισφερόμενον
959 4656 1017 4714 δὲ
1063 4657 1125 4714 ού
1185 4659 1513 4736 συνεισφέρει
1559 4677 1572 4692 ⁸
1634 4658 1749 4712 ἐπεὶ
1807 4657 2080 4735 συνεισφέ-

417 4769 567 4824 ρεται
626 4749 720 4822 μὶν
774 4753 855 4821 τῷ
910 4748 1180 4824 ἀνθρώπῳ
1235 4749 1548 4824 (ἀνθρώπου
1615 4749 1717 4826 γὰρ
1771 4744 1924 4810 ὄντος
1990 4747 2080 4802 καὶ

421 4837 559 4908 ζῶόν
615 4836 757 4893 ἐστιν
815 4837 867 4908 έξ
933 4838 1216 4914 ἀνάγκης),
1277 4837 1339 4892 ού
1397 4837 1691 4916 συνειφέρει
1742 4835 1800 4892 δὲ
1845 4837 1936 4892 τὸν
1990 4835 2076 4891 ἅν-

418 4929 640 5004 θρωπον
676 4971 689 4984 .
739 4928 892 4982 Ζώου
949 4929 1050 5004 γὰρ
1105 4923 1261 4990 ὄντος
1322 4925 1422 4981 ούκ
1474 4924 1584 4997 ἤδη
1643 4928 1733 4982 καὶ
1792 4928 2078 5003 ἅνθρωπος

421 5012 592 5089 ἔσται,
625 5017 753 5074 ἀλλ’
783 5015 950 5081 ἵππος
997 5017 1187 5092 τοχὸν,
1234 5013 1273 5086 ἤ
1327 5017 1456 5092 βοῦς
1502 5013 1538 5085 ἤ
1584 5015 1753 5087 κύων,
1783 5013 1820 5085 ἤ
1855 5012 1995 5070 ἄλλο
2026 5036 2077 5069 τι

425 5112 589 5177 ζῶον.
623 5106 788 5161 Φύσει
837 5111 969 5182 γοῦν
1017 5105 1279 5183 πρότερόν
1325 5105 1432 5160 ἐστι
1482 5105 1546 5159 τὸ
1575 5103 1730 5181 γένος
1753 5109 1852 5160 τοῦ
1881 5101 2076 5175 εἴδους,

420 5197 513 5252 καὶ
541 5197 608 5252 τὸ
639 5192 782 5258 εἶδος
805 5200 913 5251 τῶν
943 5195 1188 5269 ἀτόμων.

494 5483 597 5540 κα’.
630 5483 715 5537 Ἐν
750 5479 807 5536 δὲ
849 5486 967 5544 τοῖς
1001 5478 1195 5536 εἷ’δεσιν
1225 5477 1261 5550 ἤ
1307 5483 1424 5542 τοῖς
1475 5477 1703 5552 ἀτόμοις
1754 5476 1815 5531 ού
1864 5477 2080 5552 θεωρεῖ-

418 5593 508 5628 ται
541 5572 604 5626 τὸ
634 5571 789 5650 φύσει
818 5572 1104 5648 πρότερον.
1139 5571 1211 5625 Ού
1243 5571 1346 5646 γὰρ
1376 5574 1438 5622 τὸ
1470 5567 1692 5642 λογικὸν
1743 5565 1895 5644 φύσει
1941 5567 2076 5642 πρό-

418 5681 576 5738 τερον
607 5665 706 5716 τοῦ
749 5659 952 5739 ἀλόγου
999 5660 1137 5736 (ἐπεὶ
1186 5657 1310 5715 οὐδὲ
1353 5661 1669 5734 σνναναιρεῖ,
1716 5652 1841 5710 οὐδὲ
1878 5675 2081 5711 συνεισ-

2249 4215 2340 4269 20.
2377 4213 2597 4272 Natura
2628 4215 2823 4268 autem
2854 4213 3019 4286 prius
3049 4213 3284 4285 dicitur,
3319 4233 3452 4273 cum
3475 4219 3629 4290 quod
3653 4218 3832 4275 simul

2184 4303 2435 4358 alterum
2459 4300 2589 4357 tolit
2617 4316 2722 4356 nec
2747 4302 2818 4357 ab
2848 4300 2947 4358 illo
2978 4301 3156 4359 simul
3202 4303 3461 4375 tollitur;
3519 4311 3646 4362 tum
3677 4307 3834 4380 quod

2187 4391 2360 4448 simul
2395 4391 2645 4446 infertur
2675 4391 2745 4445 ab
2768 4390 2970 4458 altero,
3005 4408 3110 4447 nec
3142 4392 3319 4450 infert
3340 4395 3588 4451 alterum
3615 4413 3628 4450 :
3652 4395 3834 4453 veluti

2191 4479 2410 4536 animal
2443 4484 2655 4535 natura
2679 4479 2839 4550 prius
2888 4485 2978 4536 est
3007 4480 3265 4553 homine,
3322 4488 3630 4556 propterea
3680 4485 3834 4557 quod

631 4541 772 4640 έώου
819 4571 920 4647 γὰρ
981 4541 1057 4644 μη
1114 4541 1270 4632 ὄντος
1306 4615 1320 4643 ,
1380 4567 1510 4624 οὐδὲ
1567 4541 1856 4644 ἀνθρωπος
1911 4541 2055 4625 ἔσται

2192 4584 2328 4624 cum
2373 4567 2618 4637 tollitur,
2664 4541 2966 4632 hominem
3035 4541 3264 4626 secum,
3294 4541 3450 4628 tollit
3497 4541 3738 4646 (quipp‘e
3787 4573 3838 4630 si

2192 4675 2308 4714 non
2340 4662 2428 4713 est
2457 4656 2696 4728 animal,
2720 4674 2910 4729 neque
2939 4657 3114 4715 homo
3133 4659 3262 4732 erit)
3287 4679 3300 4729 ;
3323 4661 3424 4717 26
3474 4679 3609 4717 cum
3641 4667 3838 4719 autem

2192 4746 2369 4804 simul
2401 4747 2670 4817 infertur,
2701 4763 2816 4802 non
2858 4745 3036 4802 simul
3086 4747 3296 4818 infert;
3360 4751 3839 4823 quandoquidem

2191 4834 2369 4891 simul
2401 4835 2640 4907 quidem
2668 4852 2801 4890 cum
2835 4835 3071 4893 homine
3102 4837 3353 4894 infertur
3391 4839 3651 4911 (homine
3682 4841 3842 4897 enim

2189 4925 2506 4983 exsistente
2535 4928 2594 4980 et
2647 4925 2866 4980 animal
2914 4931 3003 4981 est
3058 4927 3435 5000 necessario),
3488 4945 3604 4985 non
3646 4933 3842 4986 tamen

2191 5014 2367 5070 simul
2392 5014 2568 5069 infert
2587 5013 2907 5070 hominem.
2921 5013 3183 5084 ,‘Animali
3207 5017 3364 5072 enim
3384 5017 3700 5075 exsistente
3729 5035 3844 5074 non

2189 5104 2459 5176 protinus
2517 5102 2694 5158 etiam
2746 5103 2921 5159 homo
2951 5105 3082 5173 erit,
3105 5105 3206 5160 sed
3238 5121 3428 5178 equus
3457 5107 3707 5164 fortasse
3743 5110 3848 5163 aut

2190 5194 2317 5261 bos,
2351 5197 2452 5249 aut
2483 5191 2666 5261 canis,
2699 5196 2801 5247 aut
2829 5192 2987 5248 aliud
3038 5193 3276 5266 aliquod
3328 5195 3571 5261 animal,
3626 5197 3849 5254 Natura

2191 5282 2433 5354 proinde
2464 5280 2624 5351 prius
2654 5283 2743 5336 est
2771 5296 2956 5353 genus
2986 5282 3202 5354 specie,
3233 5288 3292 5340 et
3347 5285 3570 5358 species
3637 5284 3846 5342 indivi-

2189 5371 2345 5427 duis.

2257 5479 2347 5532 21.
2407 5478 2462 5532 [n
2509 5477 2815 5548 speciebus
2863 5483 3056 5534 autem
3112 5479 3196 5536 vel
3239 5482 3552 5539 individuis
3585 5483 3638 5538 id
3694 5484 3849 5555 quod

2190 5577 2401 5623 natura
2430 5567 2594 5638 prius
2626 5573 2733 5622 est.
2768 5585 2882 5621 non
2915 5574 3231 5639 spectatur.
3283 5573 3408 5630 Non
3465 5574 3622 5629 enim
3674 5574 3850 5628 ratio-

2188 5657 2318 5714 nale
2351 5661 2562 5713 natura
2589 5655 2753 5728 prius
2785 5661 2875 5712 est
2904 5673 3084 5731 quam
3105 5659 3441 5720 irrationale
3462 5679 3565 5722 seu
3609 5663 3851 5722 brutum
