4154 6452
316 388 432 450 709

315 606 446 682 Περῖ
471 604 691 694 πείραςι
719 602 1277 694 ἐμπειρίαςλτέχνης,
1309 601 1402 689 καί
1431 603 1744 694 ἐπιστήμης
1767 619 1779 632 ·
1835 599 1886 656 ἐν
1921 601 1966 673 ᾧ

601 676 692 731 καὶ
721 673 845 750 περὶ
876 673 983 730 τῶν
1012 673 1298 749 δυνᾶμεων
1330 677 1432 745 τῆς
1463 673 1674 749 ψυχῆς.

390 785 455 842 α’.
483 784 546 840 Ἥ
590 785 790 858 γνῶσις
837 782 873 852 ἢ
926 783 1050 837 ἄνευ
1099 779 1270 858 λόγου
1318 781 1480 854 ἐστιν,
1509 780 1546 850 ἢ
1595 780 1729 854 μετᾶ
1762 778 1928 855 Λόγου
1955 799 1967 812 ’

316 873 407 930 καὶ
438 873 474 943 ἢ
510 873 706 950 μερική
740 871 905 940 ἐστιν,
935 871 972 942 ἢ
1004 869 1270 934 καθόλου.

397 963 463 1039 β’.
496 963 559 1016 Ἣ
607 961 701 1034 μὲν
753 959 844 1016 οὗν
894 961 1012 1015 ἄνευ
1061 958 1228 1036 λόγου
1278 963 1478 1035 γνῶσις
1508 961 1544 1028 ἠ
1581 958 1777 1034 μερικὴ
1825 960 1975 1011 ποιεῖ

319 1053 419 1122 τήν
454 1055 643 1127 πεῖραν
669 1069 682 1083 ⁸
727 1049 819 1104 καὶ
849 1045 988 1104 ἔστιν
1022 1051 1058 1120 ἡ
1091 1054 1254 1125 πεῖρα
1301 1048 1419 1111 ἐνὸς
1468 1047 1790 1124 πράγματος
1840 1043 1974 1101 ἅλο-

320 1162 417 1219 γος
444 1144 680 1218 γνῶσις·
728 1140 848 1194 οἷον
888 1137 1012 1194 ὅταν
1057 1159 1140 1202 τις
1188 1137 1244 1194 ἓν
1299 1137 1464 1212 μόνον
1515 1138 1778 1213 γινώσκοι
1840 1135 1976 1211 βοή-

324 1243 495 1304 θημα,
526 1230 619 1284 καὶ
663 1227 844 1302 τούτῳ
892 1232 1101 1306 χρῷτο,
1128 1228 1229 1298 τὴν
1279 1226 1452 1283 αἰτίαν
1500 1227 1706 1304 ἀγνοῶν
1763 1225 1881 1280 καθ’
1911 1224 1978 1293 ἣν

324 1319 530 1399 ὠφελεῖ
557 1318 621 1374 τὸ
647 1321 898 1373 τοιοῦτον
935 1318 1218 1393 βοήθημα.

397 1415 465 1485 γ’.
495 1409 559 1464 Ἥ
591 1404 650 1462 δὲ
697 1407 822 1463 ἄνευ
869 1405 1036 1484 λόγου
1077 1410 1275 1483 γνῶσις
1315 1407 1350 1476 ἡ
1398 1403 1637 1469 καθόλου
1684 1407 1834 1458 ποιεῖ
1876 1402 1977 1470 τὴν

328 1497 648 1573 ἐμπειρίανο
701 1495 791 1551 καὶ
839 1491 979 1550 ἔστιν
1030 1493 1285 1570 ἐμπειρία
1330 1496 1366 1565 ἡ
1396 1497 1506 1549 τῶν
1555 1491 1794 1558 καθόλου
1841 1494 1980 1566 γνῶ-

328 1609 410 1651 σις
466 1583 709 1662 ἄλογος·
771 1583 952 1662 ὥσπερ
1011 1583 1100 1640 ἐπὶ
1155 1588 1262 1639 τῶν
1325 1583 1656 1660 ἐμπειρικῶν
1739 1579 1978 1656 ἰατρῶν·

329 1677 478 1732 οὗτοι
535 1675 642 1751 γὰρ
693 1671 882 1729 πολλὰ
942 1673 1036 1747 μὲν
1095 1672 1421 1750 γινώσκουσι
1484 1672 1835 1748 βοηθήματα,
1881 1669 1979 1736 τὴν

328 1765 502 1821 αἰτίαν
555 1761 613 1819 δὲ
657 1765 757 1833 τῆς
810 1761 1066 1838 βοηθείας
1112 1762 1288 1817 αὐτῶν
1338 1760 1404 1817 οὐ
1436 1761 1815 1836 γινώσκουσιν.
1851 1759 1982 1830 Ἐμ-

1677 380 2025 444 EPITOME
2066 381 2373 445 LOGICA.

949 518 1207 572 ΚΕΦΑΛ.
1248 515 1321 571 I".
1993 517 2046 584 Α

3606 384 3729 448 710

2708 512 2939 572 CAPUT
2998 515 3094 572 III.

2083 610 2154 661 Dc
2203 613 2597 676 expmmento,
2628 607 2993 733 excpwienn‘a,
3039 611 3158 662 arte
3204 610 3255 663 et
3299 609 3583 675 scientia;
3634 610 3732 666 ubi

2467 679 2635 733 etiam
2721 695 2749 732 ε
2791 680 3005 733 animae
3051 681 3333 733 notentiz‘s.

2467 679 2635 733 etiam
2683 679 2749 733 de
2791 680 3005 735 animae
3046 681 3333 750 potentias.

2151 784 2254 839 80
2284 785 2334 839 1.
2369 783 2585 840 Notitia
2613 783 2701 840 vel
2747 785 2873 840 sine
2915 785 3139 840 ratione
3192 791 3281 842 est
3325 785 3411 842 vel
3463 805 3598 844 cum
3643 806 3732 846 ra-

2082 873 2258 939 tione,
2291 878 2496 945 estque
2527 873 2614 928 vel
2646 873 3016 945 particularis
3047 875 3134 930 vel
3182 875 3552 932 universalis.

2152 962 2206 1016 2.
2241 963 2378 1026 Quae
2409 962 2646 1033 quidem
2675 961 2856 1034 igitur
2893 963 3019 1018 sine
3066 964 3290 1020 ratione
3337 971 3426 1020 est
3471 967 3732 1038 particu-

2084 1049 2225 1105 laris
2266 1049 2493 1117 notitia,
2524 1051 2986 1123 experimentum
3041 1053 3214 1122 facit;
3266 1060 3324 1110 et
3371 1059 3463 1111 est
3506 1056 3731 1128 experi-

2085 1142 2352 1194 mentum
2384 1138 2560 1195 unius
2610 1139 2693 1194 rei
2738 1141 2944 1196 notitia
2975 1143 3217 1199 rationis
3245 1160 3469 1216 expers,
3505 1149 3570 1200 ut
3600 1162 3734 1201 cum

2087 1227 2218 1299 quis
2238 1244 2422 1283 unum
2441 1227 2631 1284 solum
2654 1228 2814 1284 novit
2835 1231 3162 1287 remedium
3180 1248 3364 1305 eoque
3383 1235 3592 1306 utitur,
3606 1252 3740 1292 cau-

2088 1333 2217 1374 sam
2234 1316 2512 1390 ignorans
2535 1322 2771 1390 propter
2790 1335 2970 1390 quam
2985 1319 3100 1376 tale
3122 1322 3448 1379 remedium
3472 1323 3550 1380 sit
3570 1325 3735 1382 utile.

2161 1407 2214 1461 3.
2250 1406 2386 1470 Quae
2417 1410 2613 1463 autem
2647 1407 2774 1463 sine
2804 1408 3027 1464 ratione
3073 1415 3162 1465 est
3211 1411 3558 1470 universalis
3587 1415 3737 1471 noti-

2088 1497 2192 1564 tia,
2243 1495 2661 1568 experientiam
2718 1497 3042 1553 constituit.
3093 1499 3313 1571 Estque
3358 1502 3740 1574 experientia,

2091 1575 2514 1632 universalium
2543 1577 2753 1633 notitia
2781 1578 3026 1634 rationis
3058 1595 3283 1651 expers,
3310 1587 3376 1636 ut
3405 1581 3464 1636 in
3497 1583 3742 1640 medicis

2093 1665 2193 1738 qui
2242 1665 2506 1737 empirici
2555 1666 2852 1736 dicuntur,
2898 1673 3204 1741 propterea
3250 1671 3535 1728 nimirum
3585 1675 3736 1745 quod

2093 1753 2450 1826 experientia
2495 1755 2780 1828 nitantur,
2830 1758 3023 1814 videre
3071 1764 3180 1815 est.
3230 1761 3301 1815 Hi
3348 1761 3507 1818 enim
3556 1762 3744 1820 multa

329 1854 514 1931 πειρία
567 1852 748 1909 τοίνυν
807 1851 917 1907 ἐστὶ
980 1853 1172 1926 μνήμη
1233 1851 1323 1907 καὶ
1367 1853 1604 1950 τήρησις
1635 1847 1840 1950 ἄλογος
1869 1852 1977 1950 τῶν

2126 1843 2333 1915 [υἰάοω
2365 1848 2583 1900 norunt
2613 1847 2890 1918 remedia,
2922 1848 3021 1903 sed
3059 1865 3297 1906 causam
3335 1867 3514 1922 quare
3535 1853 3746 1921 juvent

330 1941 601 2005 πολλάκις
655 1941 746 1997 καὶ
791 1938 1050 2003 ὡσαύτως
1081 1939 1374 2016 ὀφθέντων.
1407 1941 1464 1992 Ὁ
1503 1938 1606 2014 γὰρ
1664 1936 1982 2012 ἐμπειρικὸς

2126 1949 2222 2005 psa
2252 1937 2308 1988 et
2339 1932 2506 1988 utilia
2535 1935 2674 2006 sint,
2709 1935 2997 2007 ignorant.
3034 1937 3135 1993 Est
3177 1937 3359 2010 igitur
3387 1941 3744 2013 experientia

333 2033 516 2108 ἰατρὸς
566 2030 618 2086 ἐν
673 2032 866 2104 μνήμῃ
924 2027 1171 2105 κατέχων
1220 2028 1309 2084 καὶ
1351 2031 1535 2105 τηρῶν
1591 2027 1660 2081 τὰ
1713 2022 1988 2086 πολλάκις

331 2121 423 2178 καὶ
454 2119 712 2182 ὡσαύτως
747 2117 978 2196 ὀφθέντα
1027 2117 1228 2192 ἰάματα
1276 2118 1546 2194 κέχρηται
1593 2115 1848 2176 τούτοιςο
1897 2113 1990 2168 τὸν

333 2213 438 2288 γὰρ
470 2209 637 2286 λόγον
666 2210 768 2278 τῆς
801 2207 992 2269 ἰάσεως
1021 2206 1127 2262 οὐκ
1153 2203 1336 2269 εἰδώς.

2097 2023 2382 2078 memoria
2409 2027 2466 2078 et
2495 2024 2820 2080 observatio
2851 2043 3055 2082 eorum
3087 2044 3215 2099 quae
3242 2045 3396 2101 saepe
3438 2035 3496 2085 et
3537 2031 3742 2086 eodem

2097 2112 2272 2168 modo
2300 2112 2426 2167 visa
2455 2116 2616 2168 sunt.
2649 2113 2796 2169 Nam
2847 2115 3111 2172 medicus
3151 2117 3491 2189 empiricus,
3525 2119 3583 2174 id
3634 2124 3743 2192 est,

2099 2200 2200 2274 qui
2229 2201 2584 2273 experientia
2614 2203 2842 2270 nititur,
2865 2221 2999 2260 cum
3031 2207 3316 2263 memoria
3336 2212 3531 2265 teneat
3559 2213 3617 2265 et
3644 2210 3746 2266 ob-

336 2306 528 2359 servet
556 2300 989 2356 medicamenta
1017 2315 1145 2370 quae
1183 2297 1296 2353 sibi
1339 2312 1493 2370 saepe
1540 2300 1600 2352 et
1643 2295 1848 2352 eodem
1891 2292 2065 2348 modo
2107 2289 2515 2346 animadversa
2561 2296 2724 2358 sunt,
2777 2292 2962 2349 utitur
3008 2293 3146 2366 illis,
3177 2298 3413 2355 tametsi
3459 2299 3748 2356 rationem

335 2406 519 2466 quare
554 2392 788 2457 sanent,
819 2404 936 2444 non
984 2386 1295 2460 intelligat.

406 2475 470 2535 δ’.
519 2477 584 2532 Ἡ
636 2473 695 2532 δὲ
745 2475 879 2549 μετὰ
935 2473 1108 2551 λόγου
1185 2474 1381 2551 μερικὴ
1438 2476 1639 2549 γνῶσις
1696 2471 1899 2546 τέχνης
1951 2468 1987 2538 ἢ

334 2566 647 2641 ἐπιστήμης
699 2563 862 2642 μέρος
910 2568 1092 2619 ποιεῖ·
1143 2564 1350 2641 τέχνης
1403 2563 1523 2637 μὲν,
1573 2561 1619 2617 εί
1666 2561 1729 2616 τὸ
1780 2559 1993 2614 ὑποκεί-

2172 2469 2224 2524 4.
2259 2473 2435 2525 Porro
2465 2469 2838 2542 particularis
2886 2489 3020 2528 cum
3072 2475 3295 2532 ratione
3343 2477 3572 2545 notitia,
3604 2479 3750 2534 artis

2101 2556 2189 2612 vel
2219 2558 2473 2613 scientiae
2505 2563 2729 2631 partem
2760 2561 2938 2618 efﬁcit
2968 2579 2982 2618 :
3035 2563 3178 2619 artis
3219 2565 3482 2638 quidem,
3513 2567 3562 2622 si
3609 2569 3750 2623 sub-

336 2677 499 2732 μενον
582 2653 838 2730 τρεπτὸν,
900 2652 1211 2728 ἐπιστήμης
1271 2649 1349 2726 δὲ,
1413 2651 1459 2707 εὶ
1513 2651 1576 2707 τὸ
1637 2648 1991 2724 ὑποκείμενον

2128 2649 2324 2702 ectum
2378 2647 2457 2703 sit
2502 2649 2804 2723 mutabile,
2836 2651 3091 2708 scientias
3135 2670 3288 2723 vero,
3321 2655 3368 2711 si
3419 2657 3751 2728 subjectum

333 2742 603 2823 ἄτρεπτον
614 2788 628 2801 .

411 2841 465 2893 ε’.
499 2835 564 2890 Ἡ
613 2831 672 2888 δὲ
717 2829 958 2888 καθόλου
999 2831 1134 2906 μετᾶ
1179 2829 1351 2907 λόγου
1397 2834 1599 2908 γνῶσις
1644 2826 1854 2884 τελείαν
1902 2827 1997 2882 τέ·-

342 2944 483 3001 χνην
514 2924 551 2994 ἢ
590 2921 802 2979 τελείαν
855 2921 1163 2996 ἐπιστήμην
1208 2926 1388 2976 ποιεῖ’
1441 2921 1643 2997 τέχνην
1693 2918 1811 2992 μὲν,
1845 2913 1996 2994 εἷ’περ

348 3013 465 3091 ἔχει
529 3013 597 3068 τὰ
668 3010 998 3086 ὑποκείμενα
1068 3010 1273 3086 τρεπτά
1325 3030 1385 3064 τε
1437 3008 1528 3064 καὶ
1587 3006 1893 3078 ἀλλοιωτὰ,
1951 3004 1997 3061 εἶ

353 3099 398 3156 δ’
430 3099 662 3178 ἄτρεπτα
687 3099 779 3158 καί
809 3098 1176 3173 ἀναλλοίωτα,
1207 3099 1539 3173 ἐπιστήμην.

423 3371 486 3435 ς’.
519 3369 696 3447 Τέχνη
728 3369 831 3447 γὰρ
882 3368 973 3425 καὶ
1033 3367 1310 3442 ἐπιστήμη
1369 3366 1506 3422 κατᾶ
1547 3365 1617 3422 τὰ
1673 3363 2005 3440 ὑποκείμενα

350 3457 718 3537 διαφέρουσιν.
748 3460 900 3514 Ἔστι
954 3459 1050 3534 μὲν
1096 3457 1189 3513 οὖν
1219 3459 1256 3527 ἡ
1284 3456 1456 3532 τέχνη
1505 3459 1707 3532 γνῶσις
1754 3459 1864 3510 τῶν
1913 3475 2007 3510 κα-

349 3548 520 3615 θόλου
553 3548 689 3622 μετὰ
717 3547 886 3625 λόγου
912 3547 1116 3624 τρεπτὰ
1141 3546 1210 3602 τὰ
1241 3545 1573 3620 ὑποκείμενα
1599 3540 1822 3622 ἔχουσα.

427 3640 489 3708 ζ’.
523 3639 594 3694 Ἢ
639 3635 830 3707 πάλιν,
858 3637 1028 3712 τέχνη
1078 3635 1190 3691 ἐστὶ
1240 3633 1493 3709 σύστημα
1540 3633 1601 3690 ἐκ
1642 3634 2002 3708 καταλήψεων

350 3725 874 3805 ἐγγεγυμνασμένων
918 3725 1058 3804 πρός
1110 3746 1164 3780 τι
1214 3723 1376 3788 τέλος
1432 3720 1734 3801 εὔχρηστον
1790 3728 1896 3779 τῶν
1952 3722 2004 3778 ἐν

347 3823 433 3892 τῷ
464 3815 593 3894 βίῳ.
627 3815 892 3890 Σῦστημα
922 3815 1015 3880 μὲν
1062 3812 1154 3870 οὖν
1209 3813 1270 3870 ἐκ
1317 3813 1703 3889 καταλήψεων,
1731 3815 2005 3869 τουτέστιν

355 3906 632 3984 ἄθροισμα
687 3905 738 3977 ἐξ
797 3905 1146 3984 ἐφευρέσεων,
1190 3901 1424 3980 εἴρηται,
1481 3904 1620 3978 πρὸς
1667 3899 2011 3959 ἀντιδιαστο-

357 3995 467 4067 λήν
541 3996 642 4066 τῆς
715 3994 906 4073 πείρας
988 3992 1341 4070 ὑπαρχούσης
1420 3992 1676 4069 γνώσεως
1757 3999 2008 4069 μερικῆς,

361 4084 874 4164 ἐγγεγυμνασμένων
963 4080 1064 4156 δὲ,
1146 4079 1272 4152 ἤτοι
1366 4079 1864 4156 δεδοκμασμένων,
1924 4079 2016 4137 διὰ

359 4177 462 4247 τὴν
523 4173 807 4251 ἐμπειρίαν
867 4170 1130 4247 ἀδόκιμον
1182 4169 1342 4228 οὖσαν
1393 4166 1615 4249 τριϐήν.
1646 4171 1718 4226 Τὸ
1775 4169 1852 4244 δέ,
1875 4171 2013 4246 πρός

358 4287 414 4322 τι
437 4263 600 4328 τέλος
638 4260 941 4342 εὔχρηστον
983 4266 1093 4319 τῶν
1144 4260 1196 4317 ἐν
1228 4265 1310 4334 τῷ
1354 4260 1482 4337 βίῳ,
1504 4261 1877 4337 προστέθειται
1929 4259 2019 4316 διὰ

359 4357 460 4419 τὰς
533 4352 952 4431 ματαιοτεχνίας
1022 4350 1112 4408 καὶ
1178 4349 1556 4426 κακοτεχνίας,
1613 4347 1811 4412 α’ίτινες
1893 4346 2020 4405 οὐδὲ

363 4446 553 4521 τέχναι
612 4442 768 4500 εἰσίν.
826 4443 890 4497 Ἦ
943 4442 1048 4520 γὰρ
1110 4439 1499 4515 ματαιοτεχνία
1554 4434 1678 4495 οὔτε
1753 4438 2018 4517 ὠφέλειαν

365 4531 492 4591 οὔτε
553 4527 768 4611 βλάϐην
824 4530 1058 4610 εἰσφέρει
1107 4535 1187 4604 τῷ
1239 4529 1364 4607 βίῳ,
1418 4528 1495 4592 ὡς
1553 4531 1588 4598 ἡ
1638 4524 2021 4604 νευροϐατική,

2103 2735 2492 2792 immutabile.

2177 2826 2273 2881 31
2325 2826 2380 2880 5.
2432 2825 2786 2885 Universalis
2843 2847 2974 2888 vero
3028 2850 3164 2890 cum
3230 2836 3456 2892 ratione
3514 2836 3752 2907 notitia,

2106 2915 2417 2986 perfectam
2447 2921 2633 2972 artem
2663 2922 2765 2973 aut
2805 2921 3119 2992 perfectam
3167 2925 3475 2982 scientiam
3526 2926 3704 2982 efﬁcit
3733 2943 3748 2983 :

2108 3007 2294 3059 artem
2326 3004 2587 3076 quidem,
2620 3007 2912 3078 siquidem
2945 3011 3210 3083 subjecta
3237 3014 3415 3070 habet
3445 3014 3758 3071 mutationi

2110 3095 2167 3147 et
2213 3091 2540 3150 alterationi
2591 3096 2878 3168 obnoxia;
2930 3100 3237 3159 scientiam
3275 3121 3433 3173 vero,
3467 3105 3517 3161 si
3561 3110 3756 3161 muta-

2034 3221 2079 3290 Ο
2113 3180 2397 3284 ΐρὶοῐιίερι
2441 3182 2806 3244 alterationis
2860 3191 3237 3262 experientia.
3287 3193 3511 3267 Quippe
3557 3211 3654 3252 ars
3702 3199 3762 3252 et

2116 3270 2363 3328 scientia
2392 3274 2584 3346 quoad
2627 3277 2894 3348 subjecta
2923 3279 3220 3338 differunt.

2181 3361 2235 3416 6.
2271 3359 2459 3425 Quare
2507 3380 2602 3420 ars
2651 3366 2888 3438 quidem
2937 3373 3027 3425 est
3073 3371 3281 3428 notitia
3337 3373 3758 3430 universalium

2113 3466 2248 3506 cum
2279 3452 2502 3508 ratione
2531 3456 2865 3526 conjuncta,
2889 3456 3112 3516 habens
3141 3461 3408 3533 subjecta
3428 3463 3757 3520 mutabilia.

2183 3630 2239 3685 7.
2270 3630 2390 3693 Vel
2415 3649 2651 3689 rursum
2686 3651 2700 3690 :
2751 3652 2848 3692 ars
2893 3643 2983 3694 est
3024 3640 3362 3697 constitutio
3392 3658 3462 3699 ex
3489 3643 3765 3700 observa-

2119 3719 2378 3776 tionibus
2408 3727 2464 3776 et
2487 3724 2978 3796 praeceptionibus
3008 3730 3418 3788 exercitatione
3437 3732 3765 3805 deprehen-

2117 3809 2201 3866 sis
2245 3811 2319 3866 ad
2368 3810 2573 3868 utilem
2622 3812 2881 3886 aliquam
2919 3833 3116 3873 rerum
3156 3817 3552 3876 humanarum
3585 3822 3765 3878 ﬁnem

2118 3899 2552 3972 pertinentibus
2609 3903 2881 3962 conﬂata.
2936 3907 3283 3964 Constitutio
3341 3910 3584 3982 proinde
3643 3911 3770 3984 qui-

2119 3985 2256 4042 dem
2285 4003 2354 4043 ex
2377 3989 2882 4048 observationibus
2904 3999 2962 4050 et
2989 3997 3499 4071 praeceptionibus,
3523 3999 3634 4056 hoc
3655 4005 3768 4068 est,

2123 4075 2389 4133 collectio
2412 4094 2514 4134 seu
2539 4081 2841 4153 congeries
2861 4099 2931 4138 ex
2950 4083 3463 4144 adinventionibus
3485 4087 3641 4144 dicta
3658 4094 3768 4160 est,

2123 4169 2190 4221 ut
2219 4166 2291 4222 ab
2321 4167 2716 4240 experimento
2747 4173 3431 4247 contradistingueretur,
3456 4178 3611 4251 quod
3641 4196 3772 4252 par-

2124 4255 2394 4314 ticularis
2422 4258 2631 4314 notitia
2657 4263 2787 4330 est;
2827 4263 2928 4318 sed
2958 4265 3365 4324 exercitatione
3392 4267 3776 4340 deprehensis

2128 4345 2250 4402 sive
2277 4347 2558 4420 probatis,
2590 4355 2827 4422 propter
2855 4354 3296 4427 experientiam,
3320 4373 3447 4428 quae
3477 4357 3776 4430 probatio-

2133 4435 2225 4491 nis
2255 4453 2461 4508 expers
2493 4442 2582 4493 est
2610 4440 2945 4498 exercitatio
2977 4460 3080 4499 seu
3113 4461 3278 4501 usus.
3313 4445 3572 4520 Denique
3598 4446 3662 4501 τὸ
3703 4448 3779 4504 ad

2133 4525 2338 4582 utilem
2361 4525 2616 4600 aliquem
2648 4545 2841 4585 rerum
2867 4531 3263 4590 humanarum
3285 4535 3462 4591 ﬁnem
3493 4537 3784 4608 pertinen-

363 4624 457 4680 καὶ
488 4625 524 4694 ἡ
554 4603 979 4692 κοντοπαικτική
1004 4642 1016 4656 ·
1075 4623 1111 4691 ἡ
1163 4617 1222 4674 δέ
1268 4640 1334 4696 γε
1381 4617 1709 4694 κακοτεχνία
1762 4618 1897 4695 πρὸς
1946 4622 2004 4691 τῆ

2133 4615 2289 4671 tibus
2321 4617 2637 4689 (conﬂata),
2670 4619 2960 4691 adjectum
3007 4627 3098 4680 est
3143 4629 3380 4697 propter
3411 4603 3597 4682 malas
3628 4630 3783 4683 artes

372 4710 543 4790 μηδὲν
573 4709 804 4791 ὠφελεῖν
849 4710 940 4765 καὶ
987 4707 1214 4786 βλάπτει
1263 4708 1356 4764 τὸν
1418 4707 1559 4785 βίον,
1592 4706 1668 4770 ὡς
1698 4709 1734 4777 ἡ
1764 4709 2019 4784 γοητική.

443 4809 514 4874 η’.
561 4802 740 4879 Τέχνη
798 4799 964 4856 πάλιν
1024 4797 1163 4854 ἐστὶν
1222 4795 1330 4872 ἕξις
1390 4794 1501 4870 ὁδῷ
1552 4793 1842 4873 βαδίζουσα
1893 4801 2027 4870 μετά

370 4889 687 4973 φαντασίας.
738 4889 1060 4966 Πρόσκειται
1108 4887 1172 4943 τὸ
1234 4887 1368 4962 μετὰ
1437 4884 1746 4973 φαντασίας
1787 4882 1876 4940 διὰ
1924 4887 2023 4954 τήν

372 4971 562 5061 φύσιν·
595 4978 702 5054 ἕξις
757 4976 861 5056 γάρ
913 4979 998 5042 τίς
1047 4977 1160 5034 ἐστι
1205 4977 1357 5046 καὶὴ
1391 4976 1570 5054 φύσις,
1605 4976 1681 5038 ὡς
1720 4971 1923 5052 ἔχουσα
1965 4975 2028 5029 τὸ

371 5068 596 5126 εἶναι-ἐν
654 5069 736 5130 οἷς
789 5067 970 5123 ἐστιν’
1024 5069 1139 5122 οἶον
1198 5065 1251 5120 ἐν
1303 5065 1450 5138 ζώῳ,
1482 5063 1533 5120 ἐν
1580 5069 1750 5142 φυτῷ,
1779 5063 1829 5119 ἐν
1889 5062 2030 5135 λίθῳ

369 5159 467 5217 καὶ
494 5164 610 5222 τοῖς
644 5157 864 5220 λοιποῖς
894 5179 906 5191 ·
964 5153 1168 5233 βαδίζει
1201 5152 1261 5210 δὲ
1284 5155 1374 5209 καὶ
1422 5151 1555 5226 ὁδῷ,
1602 5152 1848 5209 τουτέστι
1896 5152 2032 5207 κατὰ

365 5250 520 5324 τάξιν
597 5247 954 5325 προέρχεται,
1010 5245 1103 5300 καὶ
1173 5243 1348 5299 πάντα
1419 5244 1555 5298 κατὰ
1629 5240 1792 5319 λόγον
1861 5245 2029 5314 ποιεῖ,

367 5337 502 5396 ἀλλ’
535 5337 600 5393 οὐ
663 5337 797 5411 μετὰ
853 5334 1168 5415 φαντασίας,
1216 5331 1396 5409 ὥσπερ
1454 5334 1490 5402 ἡ
1537 5331 1730 5407 τέχνη.
1766 5329 1902 5386 Οὐδὲ
1929 5331 2031 5408 γὰρ

366 5425 745 5507 προδιατυποῖ
809 5425 860 5480 ἐν
942 5425 1106 5498 ἑαυτῇ
1179 5423 1208 5478 ὃ
1283 5420 1539 5498 βούλεται
1618 5422 2032 5477 κατασκευάσαι.

369 5517 614 5594 Ἀλογος
678 5514 783 5592 γάρ
860 5514 1024 5570 ἐστιν.
1083 5509 1224 5568 Αλλ’
1279 5512 1307 5566 ὁ
1362 5510 1615 5587 τεχνίτης
1690 5509 2036 5588 κεχρημένος

368 5609 456 5681 τῷ
489 5604 666 5682 λόγῳ,
701 5605 859 5675 ἡνίκα
896 5625 949 5659 τι
985 5602 1240 5680 βούλεται
1273 5607 1522 5671 ποιῆσαι,
1553 5599 1818 5678 πρότερον
1853 5597 2034 5655 διατυ-

374 5702 480 5758 ποῖ
522 5695 586 5751 τὸ
634 5697 880 5751 τοιοῦτον
927 5691 980 5749 ἐν
1027 5693 1223 5768 ἐαυτῷ,
1253 5690 1342 5747 καὶ
1399 5690 1496 5758 εἶθ’
1527 5688 1703 5754 οὕτως
1759 5688 2036 5749 ἀποτελεί.

2135 4709 2191 4760 et
2229 4722 2410 4761 vanas
2454 4711 2626 4774 artes,
2661 4724 2787 4780 quae
2837 4726 2910 4765 ne
2960 4712 3198 4783 quidem
3230 4719 3385 4770 artes
3415 4714 3787 4787 (simpliciter

2135 4793 2218 4849 ita
2247 4795 2436 4867 dictae)
2467 4800 2628 4851 sunt.
2659 4797 2804 4852 Nam
2836 4800 2938 4856 32
2969 4817 3117 4856 vana
3147 4789 3243 4858 ars
3286 4820 3392 4859 nec
3422 4804 3787 4861 emolumen-

2138 4887 2287 4955 tum,
2312 4901 2418 4940 nec
2449 4885 2871 4943 dotrimentum
2898 4890 3060 4946 affert
3087 4890 3238 4958 vitae,
3261 4896 3326 4958 ut
3356 4893 3790 4950 funambulato-

2138 4973 2224 5028 ria
2255 4978 2310 5029 et
2338 4973 2752 5031 contolusoria.
2791 4984 2859 5033 At
2895 4978 3049 5034 mala
3080 4998 3176 5037 ars
3207 4987 3597 5054 praeterquam
3628 4984 3785 5056 quod

2141 5063 2288 5119 nihil
2319 5066 2673 5134 commodat,
2697 5067 2864 5123 obest
2891 5069 3068 5124 etiam
3098 5070 3251 5138 vitae,
3285 5076 3350 5126 ut
3378 5073 3788 5129 incantatoria.

2211 5155 2266 5208 8.
2303 5154 2528 5210 Rursus
2561 5171 2657 5210 ars
2697 5160 2786 5211 est
2831 5156 3069 5214 habitus
3099 5160 3302 5232 (certa)
3331 5160 3424 5216 via
3472 5162 3795 5233 procedens

2143 5259 2276 5298 cum
2309 5243 2749 5316 imaginatione.
2781 5245 3086 5316 Adjectum
3120 5252 3210 5304 est
3236 5246 3298 5301 τὸ
3343 5265 3477 5304 cum
3511 5251 3795 5323 imagina-

2142 5333 2300 5390 tione
2332 5338 2568 5406 propter
2596 5340 2892 5391 naturam.
2911 5336 3058 5392 Nam
3088 5342 3144 5393 et
3173 5343 3405 5408 natura,
3429 5339 3669 5412 quidam
3699 5339 3800 5396 ha-

2145 5423 2308 5478 bitus
2337 5427 2444 5492 est,
2470 5428 2531 5479 ut
2563 5440 2693 5495 quae
2724 5424 2938 5482 habeat
2966 5425 3086 5481 sive
3117 5427 3407 5484 contineat
3439 5445 3568 5485 esse
3599 5446 3798 5485 rerum

2145 5512 2206 5568 in
2229 5512 2446 5584 quibus
2477 5517 2600 5570 est:
2641 5518 2704 5568 ut
2731 5513 2786 5568 in
2812 5515 3078 5584 animali,
3101 5517 3159 5572 in
3193 5516 3413 5588 planta,
3437 5518 3497 5573 in
3530 5518 3724 5591 lapide
3745 5525 3803 5575 et

2148 5604 2393 5660 caeteris.
2427 5604 2696 5659 Procedit
2723 5609 2916 5660 autem
2959 5605 3132 5662 etiam
3183 5613 3341 5663 certa
3386 5608 3501 5678 via,
3533 5608 3642 5663 hoc
3691 5613 3800 5678 est,

2148 5692 2352 5749 ordine
2384 5692 2776 5776 progreditur,
2807 5699 2866 5751 et
2910 5695 3110 5751 omnia
3152 5697 3482 5754 secundum
3512 5695 3802 5758 rationem
