4154 6438
382 375 494 433 711

1639 356 2063 420 NICEPHOBI
2105 353 2541 414 BLEMMIDzE

3677 353 3802 413 ’112

379 507 540 573 facit,
595 503 696 559 sed
754 516 870 557 non
927 503 1126 554 tamen
1172 512 1307 551 cum
1356 492 1773 565 imaginatione
1823 486 2322 561 quemadmodum
2376 501 2492 540 ars.
2547 484 2746 556 Neque
2797 483 2956 539 enim
3006 482 3170 554 prius
3219 482 3417 538 animo
3476 483 3536 538 in
3595 483 3800 556 seipsa

379 571 633 666 concipit
677 592 828 663 quod
877 587 1002 642 vult
1055 590 1408 647 construere,
1468 582 1683 653 quippe
1731 577 1975 635 rationis
2023 591 2229 648 expers
2280 577 2404 637 est;
2456 574 2556 629 sed
2607 573 2812 628 artifex
2857 571 2958 644 qui
3018 572 3240 628 ratione
3299 573 3506 641 utitur,
3557 573 3801 646 quando

382 661 604 757 aliquid
653 661 880 736 efficere
925 676 1071 744 vult,
1125 675 1287 747 prius
1336 674 1393 728 id
1445 673 1598 744 apud
1655 670 1916 741 seipsum
1966 667 2163 722 animo
2213 663 2488 735 concipit,
2539 668 2596 719 et
2644 664 2728 719 sic
2776 662 2987 717 deinde
3037 661 3283 734 perﬁcit.

451 756 507 828 9.
539 777 670 828 Jam
701 786 833 824 vero
855 766 1102 823 scientia
1122 769 1213 820 est
1242 761 1572 819 infallibilis
1603 766 1661 816 et
1692 756 2030 814 immutabi-
2061 759 2116 825 Α

381 864 457 920 lis
488 858 904 918 universalium
938 854 1162 911 notitia.
1198 854 1276 908 Ea
1312 851 1468 908 enim
1509 867 1637 921 quae
1669 863 2032 920 cognoscun-

384 957 482 1008 tur
511 945 899 1006 infallibiliter
927 942 1244 1015 cognoscit,
1279 943 1587 1012 propterea
1616 936 1773 1008 quod
1823 938 2033 989 natura

383 1055 587 1098 eorum
614 1037 807 1092 ﬂuxus
827 1039 883 1090 et
904 1029 1270 1088 alterationis
1290 1044 1496 1100 expers
1525 1029 1634 1082 est.
1656 1024 1852 1095 Neque
1873 1021 2032 1078 enim

384 1126 829 1204 particularium
868 1122 1460 1192 temperamentorum
1506 1113 1888 1187 proprietates
1935 1127 2031 1166 ex-

385 1217 587 1290 quirit,
618 1219 685 1269 ut
731 1209 1041 1276 medicina,
1075 1209 1177 1262 sed
1217 1207 1287 1261 de
1319 1202 1631 1260 universali
1663 1203 1764 1258 33
1796 1198 2035 1254 homine

386 1289 442 1364 et
479 1306 550 1361 de
596 1299 912 1359 universali
957 1313 1107 1370 equo
1151 1300 1207 1352 et
1252 1293 1548 1350 similibus
1579 1307 1706 1364 quae
1737 1289 1941 1345 eodem
1973 1303 2036 1343 se

385 1410 620 1468 semper
666 1391 840 1447 modo
889 1387 1129 1453 habent,
1181 1385 1485 1454 disceptat.
1537 1383 1644 1436 Ars
1690 1395 1824 1434 vero
1883 1379 2036 1432 circa

388 1466 543 1541 fluxa
569 1487 626 1538 et
655 1498 770 1536 non
801 1479 1004 1534 eodem
1035 1475 1209 1530 modo
1239 1489 1472 1544 semper
1513 1486 1574 1525 se
1604 1466 1883 1524 habentia
1908 1481 2036 1520 ver-

386 1578 569 1629 satur.
603 1573 740 1636 Quae
770 1567 927 1624 enim
958 1563 1093 1619 huic
1125 1563 1388 1632 subjecta
1418 1563 1559 1615 sunt
1590 1563 1744 1613 ﬂuxa
1792 1561 1851 1610 et
1898 1553 2036 1610 alte-

386 1659 595 1719 rationi
645 1657 896 1714 obnoxia
942 1657 1127 1709 sunt:
1181 1648 1683 1723 quemadmodum
1733 1642 2036 1700 medicinas

386 1751 648 1808 humana
694 1761 953 1814 corpora.
1010 1741 1178 1796 Unde
1225 1740 1402 1795 etiam
1461 1735 1674 1792 medici
1732 1738 1842 1801 est,
1901 1747 2036 1786 cum

387 1838 558 1895 alicui
591 1833 999 1908 purgationem
1032 1833 1361 1902 opportuno
1404 1825 1566 1881 dedit
1614 1829 1898 1896 tempore,
1933 1840 2037 1878 su-

387 1929 510 1985 bito
540 1930 736 1983 autem
768 1927 896 1978 tum
928 1919 1167 1978 habitus
1196 1915 1457 1988 corporis
1489 1918 1750 1969 mutatus
1797 1917 1854 1967 et
1899 1911 2038 1966 hinc

387 2018 721 2089 subjectum
752 2013 1062 2068 alteratum
1097 2011 1208 2074 est,
1240 2006 1397 2078 quod
1442 2003 1886 2066 detrimentum,
1921 2016 2036 2055 non

387 2105 853 2162 emolumentum
940 2098 1348 2172 purgationem
1435 2094 1513 2149 sit
1597 2096 1904 2159 secutum,
1982 2092 2038 2143 et

385 2193 709 2253 sanationis
740 2188 1039 2246 frustratio
1085 2203 1199 2241 non
1248 2201 1318 2240 ex
1370 2182 1511 2239 artis
1558 2181 1803 2246 ratione,
1836 2178 1936 2234 sed
1968 2192 2038 2232 ex

383 2282 654 2342 mutabili
705 2285 762 2338 et
809 2274 1097 2335 alterabili
1151 2273 1396 2344 subjecti
1448 2276 1659 2326 natura
1707 2266 2032 2338 contigerit.

385 2376 517 2430 Haec
566 2375 762 2427 autem
813 2366 1214 2436 subjectorum
1248 2359 1605 2417 instabilitas
1647 2357 1707 2412 in
1756 2355 2034 2411 omnibus

385 2464 566 2520 etiam
599 2459 825 2516 artibus
859 2455 1284 2511 consideratur.

458 2552 544 2606 10.
578 2549 743 2606 Unde
789 2546 967 2602 etiam
1017 2539 1318 2611 ἐπιστήμη,
1373 2555 1500 2611 qua;
1549 2537 1816 2606 subjecta
1862 2533 2037 2588 habet

383 2639 640 2709 stabilia,
688 2637 775 2692 sic
823 2632 1128 2690 nominata
1179 2634 1268 2685 est
1314 2627 1525 2684 Gracis
1577 2624 1733 2697 quod
1787 2639 1891 2678 nos
1945 2619 2034 2674 ἐπὶ

381 2729 583 2800 στάσιν,
616 2727 724 2783 hoc
755 2731 845 2781 est
873 2723 944 2779 ad
987 2726 1207 2778 statum
1249 2720 1536 2784 deducat;
1588 2716 1728 2770 dum
1779 2713 1852 2768 ab
1900 2712 2032 2766 infi-

381 2819 602 2875 nitione
665 2819 724 2873 et
789 2811 1184 2869 mutabilitate
1249 2804 1696 2880 particularium
1773 2801 2032 2858 abducit.

382 2909 608 2980 Quippe
638 2902 827 2972 έπιστή
843 2922 940 2974 μη,
971 2901 1081 2956 hoc
1127 2902 1218 2954 est
1247 2895 1514 2958 scientia,
1547 2893 1702 2948 circa
1733 2891 2033 2946 universa-

378 2999 460 3054 lia
488 3001 546 3052 et
575 3011 821 3051 casuum
852 2989 1153 3047 varietatis
1185 2985 1445 3060 expertia
1472 2986 1757 3038 versatur.

457 3087 542 3140 11.
575 3088 857 3139 Caterum
906 3083 964 3135 et
1007 3078 1116 3133 hoc
1163 3073 1637 3148 cognoscendum
1685 3073 1795 3136 est,
1829 3071 2033 3140 poten-

381 3175 598 3230 tiarum
631 3172 842 3228 animm
872 3169 1017 3224 alias
1051 3165 1290 3238 quidem
1322 3179 1452 3219 esse
1480 3157 1853 3232 vegetativas,
1889 3156 2036 3211 alias

380 3279 516 3319 vero
563 3260 770 3317 vitales
819 3262 878 3314 et
925 3254 1291 3329 appetitivas,
1324 3251 1470 3308 alias
1524 3247 1774 3318 denique
1822 3261 2034 3317 cogno-

382 3356 631 3409 scentes.

455 3409 559 3496 34
590 3441 679 3494 12.
714 3438 782 3492 Et
811 3435 1050 3508 quidem
1080 3429 1415 3504 vegetativae
1447 3432 1608 3495 sunt,
1641 3430 1698 3482 et
1741 3424 1942 3480 nutrix
1979 3427 2037 3478 et

2217 753 2279 806 θ’.
2312 753 2620 824 Ἐπιστήμη
2675 747 2732 804 δέ
2785 749 2924 805 ἐστιν
2957 751 2992 818 ἡ
3043 753 3150 803 τῶν
3209 744 3446 803 καθόλου
3503 746 3804 811 ἄπταιστος

2141 845 2337 916 γνῶσις
2398 840 2488 894 καὶ
2564 838 2980 912 ἀμετακίνητος.
3043 834 3379 898 Ἀπταίστως
3449 837 3552 913 γὰρ
3631 837 3801 912 γινώ-

2143 951 2254 984 σκει
2285 931 2353 984 τὰ
2384 927 2782 1004 γινωσκόμενα,
2817 924 2907 981 διὰ
2932 926 2996 980 τὸ
3040 925 3216 981 αὐτῶν
3265 922 3554 1002 ἄῤῥευστόν
3601 946 3662 981 τε
3706 925 3803 980 καὶ

2143 1016 2542 1074 ἀναλλοίωτον.
2574 1013 2710 1070 Οὐδὲ
2737 1017 2838 1092 γὰρ
2872 1013 3098 1086 ἐξετάζει
3127 1017 3234 1069 τῶν
3286 1013 3374 1068 ἐπὶ
3422 1014 3624 1090 μέρους
3667 1014 3806 1090 κρά-

2144 1127 2278 1161 σεων
2310 1107 2406 1168 τὰς
2451 1103 2726 1175 ἰδιότητας
2778 1103 2960 1179 ὥσπερ
2990 1105 3025 1172 ἡ
3060 1103 3299 1180 ἷατρική,
3333 1101 3479 1158 ἀλλά
3529 1101 3655 1179 περῖ
3703 1108 3807 1158 τοῦ

2142 1194 2380 1252 καθόλου
2445 1194 2732 1270 ἀνθρώπου
2807 1187 3167 1266 διαλαμϐάνει
3235 1192 3326 1246 καί
3387 1195 3486 1246 τοῦ
3559 1191 3807 1255 καθόλου

2139 1283 2316 1339 ’ίππυυ
2372 1283 2462 1338 καὶ
2506 1287 2612 1338 τῶν
2664 1282 2897 1356 ὁμοίων,
2930 1283 3084 1337 ἅτινα
3131 1281 3215 1336 ἀεὶ
3249 1279 3509 1342 ὡσαύτως
3542 1275 3761 1356 ἔχουσιν
3789 1302 3804 1315 ·

2145 1377 2179 1444 ἡ
2215 1372 2272 1429 δὲ
2323 1372 2489 1450 τέχνη
2542 1373 2666 1449 περὶ
2711 1373 2779 1427 τὰ
2829 1371 3042 1448 ῥευστὰ,
3074 1369 3163 1424 καὶ
3209 1369 3278 1424 τὰ
3321 1370 3397 1441 μὴ
3426 1369 3509 1422 ἀεὶ
3540 1369 3807 1432 ὡσαύτως

2147 1459 2347 1538 ἔχοντα
2423 1461 2782 1538 καταγίνεται.
2865 1461 2941 1514 Τὰ
3015 1460 3120 1534 γὰρ
3214 1457 3548 1530 ὑποκείμενα
3640 1456 3812 1530 ταύτῃ

2148 1551 2340 1628 ῥευστά
2396 1550 2497 1605 εἰσι
2555 1551 2646 1606 καὶ
2723 1547 3038 1604 ἀλλοιωτά’
3099 1547 3278 1612 καθὼς
3332 1550 3402 1620 τῇ
3465 1546 3680 1620 ἰατρικῇ
3740 1546 3812 1601 τὰ

2149 1641 2458 1716 ἀνθρώπεια
2523 1640 2769 1713 σώματα.
2821 1641 2976 1702 Ὅθεν
3035 1636 3127 1692 καὶ
3203 1640 3302 1691 τοῦ
3379 1635 3568 1711 ἰατροῦ
3639 1633 3808 1710 ἐστιν,

2147 1727 2237 1784 ὅτε
2293 1724 2481 1791 δόντος
2527 1729 2635 1783 τινὶ
2679 1728 2970 1800 καθάρσιον
3025 1723 3076 1780 ἐν
3135 1729 3312 1799 καιρῷ
3371 1721 3571 1793 δέοντι,
3605 1721 3806 1801 αἴφνης

2148 1816 2207 1873 δὲ
2250 1818 2548 1894 τραπέντος
2603 1820 2901 1887 τηνικαῦτα
2953 1819 3048 1869 τοῦ
3104 1814 3546 1886 καταστήματος,
3578 1812 3807 1868 κάντεῦ-

2148 1908 2232 1961 θεν
2293 1904 2696 1966 ἀλλοιωθέντος
2751 1909 2846 1958 τοῦ
2903 1902 3285 1976 ὑποκειμένου,
3322 1897 3503 1978 βλάϐη
3555 1903 3646 1956 καὶ
3706 1901 3812 1956 οὐκ

2149 1994 2386 2074 ὠφέλεια
2440 1999 2520 2066 τῷ
2563 1994 2839 2068 καθαρσίῳ
2888 1991 3324 2064 ἐπηκολούθησε,
3372 1991 3464 2046 καὶ
3512 1991 3736 2067 γέγονεν
3769 1993 3808 2061 ἡ

2150 2083 2422 2159 ἀποτυχία
2447 2090 2547 2153 τῆς
2583 2083 2774 2144 ἰάσεως
2806 2080 2868 2136 οὐ
2899 2081 3048 2158 παρὰ
3075 2081 3168 2136 τὸν
3204 2079 3366 2156 λόγον
3415 2087 3517 2150 τῆς
3572 2079 3809 2155 τέχνης,

2147 2173 2294 2228 ἀλλᾶ
2321 2174 2466 2249 παρά
2494 2173 2557 2226 τὸ
2585 2173 2812 2245 τρεπτὸν
2845 2175 2944 2226 τοῦ
3006 2169 3366 2244 ὑποκειμένου
3423 2169 3516 2224 καὶ
3567 2167 3816 2224 ἀλλοιω-

2142 2261 2260 2318 τόν.
2289 2266 2458 2316 Τοῦτο
2502 2258 2562 2315 δὲ
2607 2261 2670 2315 τὸ
2719 2261 2944 2315 ἄστατον
2988 2263 3095 2314 τῶν
3153 2257 3528 2332 ὑποκειμένων
3574 2257 3664 2313 καὶ
3719 2257 3813 2312 ἐπὶ

2145 2354 2330 2405 πασῶν
2363 2353 2642 2426 θεωρεῖται
2672 2352 2882 2425 τεχνῶν
2893 2391 2906 2404 .

2220 2531 2270 2585 ι’.
2303 2529 2455 2583 Ὅθεν
2513 2530 2549 2598 ἡ
2605 2527 2672 2582 τὰ
2729 2525 3055 2599 ὑποκείμενα
3121 2521 3324 2601 ἔχουσα
3391 2525 3626 2597 στάσιμα
3684 2522 3808 2578 ἐπι-

2145 2621 2328 2692 στήμη
2391 2616 2724 2690 ὠνόμασται,
2759 2613 2849 2670 διὰ
2902 2616 2965 2670 τὸ
3017 2613 3106 2669 ἐπὶ
3155 2615 3338 2668 στάσιν
3387 2613 3477 2668 καὶ
3520 2612 3648 2690 ὅρον
3697 2617 3810 2668 τῶν

2145 2706 2480 2783 πραγμάτων
2542 2702 2686 2782 ἄγειν
2746 2708 2920 2778 ἡμᾶς,
2975 2710 3076 2774 τῆς
3133 2703 3412 2779 ἀοριστίας
3473 2703 3564 2757 καὶ
3649 2722 3814 2775 μετα-

2146 2791 2324 2866 ϐολῆς
2352 2799 2460 2849 τῶν
2511 2793 2598 2849 ἐπὶ
2653 2792 2856 2869 μέρους
2907 2793 3209 2868 ἀπάγουσα.
3244 2794 3306 2846 Ἡ
3364 2793 3468 2868 γὰρ
3527 2791 3808 2866 ἐπιστήμη

2144 2883 2267 2962 περὶ
2297 2883 2365 2938 τὰ
2390 2881 2630 2947 καθόλου
2658 2883 2747 2937 καὶ
2781 2882 3144 2956 ἀμετάπτωτα
3171 2880 3531 2957 καταγίνεται.

2221 3070 2304 3118 ια’.
2335 3068 2425 3118 Δεῖ
2465 3060 2522 3117 δὲ
2571 3063 2660 3116 καὶ
2708 3065 2868 3116 τοῦτο
2921 3058 3330 3137 γινώςκειν,ὅτι
3380 3063 3489 3114 τῶν
3548 3061 3804 3134 ψυχικῶν

2147 3151 2425 3226 δυνάμεων
2461 3151 2514 3205 αἱ
2556 3151 2649 3224 μέν
2683 3149 2782 3205 εἶσι
2817 3149 3034 3228 φυτικαὶ
3080 3150 3135 3203 αἱ
3167 3147 3224 3203 δὲ
3277 3147 3498 3218 ζωτικαὶ
3546 3146 3636 3203 καὶ
3689 3147 3810 3223 ὀρε-

2146 3242 2349 3312 κτικαὶ,
2377 3242 2433 3294 αἱ
2464 3237 2522 3295 δὲ
2554 3239 2871 3315 γνωστικαί.

2223 3421 2311 3496 ιβ’.
2348 3418 2444 3474 Καὶ
2494 3419 2712 3497 φυτικαὶ
2763 3417 2856 3493 μέν
2902 3417 3034 3472 εἰσιν
3067 3414 3102 3486 ἤ
3153 3436 3212 3471 τε
3259 3416 3524 3491 θρεπτικῆ
3574 3415 3665 3470 καὶ
3714 3414 3814 3469 αὐ-

384 3530 614 3588 auctrix
642 3533 701 3583 et
730 3497 1082 3598 generatrix,
1114 3497 1321 3577 vitales
1353 3522 1569 3584 autem,
1602 3520 1660 3571 et
1688 3513 2036 3587 appetitivae,

2163 3512 2345 3582 ξητικη
2421 3508 2512 3563 καὶ
2591 3508 2904 3584 γεννητική,
2970 3504 3192 3575 ζωτικαὶ
3269 3501 3327 3559 δὲ
3381 3505 3472 3559 καὶ
3536 3503 3818 3580 ὀρεκτικαὶ

385 3620 658 3676 voluntas
708 3619 766 3672 et
814 3611 1044 3677 electio,
1074 3610 1164 3666 ira
1205 3625 1308 3664 seu
1351 3605 1640 3662 irascendi
1673 3602 1952 3676 potentia,
1985 3605 2043 3656 et

386 3708 703 3781 cupiditas,
737 3719 839 3760 seu
889 3699 1164 3773 cupiendi
1197 3695 1467 3752 facultas.

457 3799 543 3853 13.
595 3795 665 3850 Et
728 3791 1000 3848 voluntas
1066 3787 1306 3859 quidem
1374 3787 1493 3854 est,
1563 3781 1868 3838 rationalis
1937 3797 2041 3852 po-

389 3888 576 3944 tentia
631 3898 644 3938 :
696 3881 939 3938 rationis
993 3883 1187 3934 autem
1237 3878 1500 3946 expertes
1552 3871 1821 3944 potentiae
1879 3873 2038 3938 sunt,

387 3974 682 4049 cupiditas
728 3976 786 4026 et
831 3970 938 4025 ira.
974 3966 1187 4023 Electio
1237 3962 1487 4035 denique
1531 3960 1799 4032 utrisque
1853 3957 2041 4013 ambi-

390 4046 494 4138 git,
563 4061 686 4119 sive
749 4077 884 4115 cum
953 4055 1219 4126 utrisque
1281 4050 1697 4107 communicat.
1756 4046 2040 4102 Voluntas

389 4155 546 4210 enim
575 4151 814 4224 quidem
836 4147 1044 4203 animae
1070 4141 1374 4200 rationalis
1400 4145 1488 4195 est
1511 4138 1723 4210 ipsius,
1751 4139 2042 4208 quatenus

390 4260 492 4317 per
542 4257 603 4297 se
653 4237 1060 4295 consideratur
1104 4239 1161 4290 et
1207 4233 1279 4287 ad
1330 4229 1522 4285 solum
1572 4228 1791 4282 bonum
1845 4228 2041 4279 exten-

391 4333 596 4389 ditur:
648 4327 852 4384 electio
911 4329 1107 4380 autem
1166 4320 1354 4394 ipsius
1406 4323 1514 4386 est,
1567 4321 1856 4388 quatenus
1908 4329 2043 4368 cum

392 4417 717 4476 irrationali
749 4419 961 4472 natura
1000 4411 1276 4485 copulata
1324 4413 1454 4475 est;
1506 4410 1563 4461 et
1610 4404 1756 4460 alias
1805 4403 2044 4474 quidem

2155 3597 2421 3674 βούλησις
2451 3595 2542 3652 καὶ
2563 3596 2902 3672 προαίρεσις,
2938 3593 3111 3668 θυμὸς
3141 3593 3231 3649 καὶ
3265 3592 3547 3667 ἐπιθυμία.

2228 3783 2309 3851 ιγ’.
2341 3775 2441 3829 Καὶ
2471 3777 2506 3845 ἡ
2543 3775 2634 3848 μὶν
2674 3771 2940 3850 βούλησις
2971 3769 3203 3846 δύναμίς
3225 3772 3335 3826 ἐστι
3359 3770 3555 3848 λογική
3575 3792 3589 3806 ·
3619 3769 3816 3848 ἄλογοι

2153 3862 2210 3919 δὲ
2271 3863 2587 3937 δυνάμειςὴ
2624 3861 2884 3936 ἐπιθυμία
2940 3861 3031 3916 καὶ
3083 3861 3110 3915 ὁ
3165 3859 3358 3934 θυμός.
3394 3862 3457 3916 Ἡ
3513 3858 3575 3916 δὲ
3621 3861 3819 3936 προαί-

2154 3975 2297 4031 ρεσις
2359 3951 2802 4030 ἐπαμφοτερίζει.
2861 3953 2924 4006 Ἡ
2998 3951 3092 4024 μὲν
3160 3952 3262 4027 γὰρ
3326 3948 3594 4026 βούλησις
3645 3949 3817 4020 αὐτῆς

2151 4045 2268 4108 καθ’
2303 4043 2467 4114 αὑτήν
2498 4042 2608 4097 ἐστι
2639 4048 2739 4111 τῆς
2791 4039 3024 4116 λογικῆς
3069 4043 3279 4116 ψυχῆς,
3310 4038 3402 4094 καὶ
3453 4039 3593 4115 πρὸς
3651 4039 3820 4112 μόνον

2149 4134 2213 4188 τὸ
2243 4131 2436 4208 ἀγαθὸν
2479 4129 2819 4186 ἀποτείνεται
2845 4149 2858 4162 °
2907 4132 2942 4200 ἡ
2989 4127 3049 4185 δὲ
3097 4128 3413 4206 προαίρεσις
3459 4135 3564 4199 τῆς
3606 4149 3818 4202 συμπε,

2153 4221 2471 4296 πλεγμένης
2516 4219 2624 4274 ἐστὶ
2671 4223 2740 4292 τῇ
2793 4217 2997 4294 ἀλόγῳ.
3060 4218 3159 4273 Καὶ
3203 4219 3337 4272 ποτε
3388 4219 3482 4294 μὲν
3533 4218 3673 4294 πρὸς
3718 4221 3821 4272 τοῦ

2155 4311 2328 4384 λόγου
2357 4309 2586 4385 γίνεται,
2619 4309 2752 4363 ποτε
2785 4305 2842 4362 δὲ
2871 4307 3007 4382 πρὸς
3058 4313 3160 4376 τῆς
3215 4305 3468 4381 ἀλογίας,
3499 4307 3591 4362 καὶ
3646 4307 3820 4384 αἱρεῖ-

2153 4421 2242 4455 ται
2271 4396 2397 4454 τόδε
2427 4398 2534 4474 πρὸ
2564 4395 2742 4468 τοῦδε,
2777 4394 2860 4452 διὸ
2889 4397 2980 4450 καὶ
3009 4395 3329 4472 προαίρεσις
3361 4395 3597 4472 λέγεται.

390 4511 460 4567 ad
494 4509 803 4576 rationem,
836 4504 982 4560 alias
1013 4507 1208 4558 autem
1250 4499 1318 4554 ad
1361 4499 1598 4553 brutam
1648 4499 1920 4549 naturam
1972 4509 2036 4549 se
2081 4491 2352 4564 explicat,
2403 4494 2460 4543 et
2506 4489 2614 4576 hoc
2665 4505 2778 4560 pra
2828 4487 2928 4543 illo
2978 4486 3232 4560 αἱρεῖται,
3287 4487 3398 4543 hoc
3449 4491 3540 4543 est
3591 4487 3825 4559 ample-

388 4600 566 4656 ctitur
611 4613 710 4653 seu
761 4575 844 4667 (si
889 4594 972 4648 ita
1021 4592 1213 4645 dicere
1264 4587 1463 4658 liceat)
1517 4584 1676 4657 legit,
1728 4587 2084 4655 quapropter
2131 4581 2309 4637 etiam
2357 4575 2672 4653 προαίρεσις
2721 4576 2832 4632 hoc
2881 4581 2970 4632 est
3017 4576 3221 4632 electio
3269 4576 3505 4632 dicitur.

465 4689 552 4744 14.
584 4687 1014 4758 Cognoscentes
1045 4678 1296 4750 denique
1335 4675 1542 4730 anima:
1576 4677 1715 4727 sunt
1745 4671 2037 4743 potentiae,
2067 4673 2115 4738 D

391 4794 583 4844 mens,
629 4774 873 4837 dianaaa,
925 4769 1142 4841 opinio,
1190 4763 1533 4837 imaginatio
1583 4765 1638 4816 et
1688 4777 1938 4827 sensus;
1991 4765 2047 4815 et

393 4895 463 4934 ex
509 4875 604 4930 his
654 4870 894 4945 quidem
941 4864 1254 4922 rationales
1294 4865 1453 4930 sunt,
1487 4876 1655 4915 mens
1704 4863 1761 4914 et
1798 4857 2046 4926 dianma,

395 4963 641 5023 rationis
661 4965 857 5017 autem
886 4961 1152 5030 expertes
1175 4957 1331 5020 sunt,
1356 4948 1699 5022 imaginatio
1730 4951 1788 5004 et
1818 4963 2047 5003 sensus.

469 5099 554 5154 15.
616 5095 825 5169 Opinio
881 5090 1135 5163 denique
1195 5087 1398 5144 mediae
1459 5088 1680 5141 natura;
1736 5087 1844 5138 est.
1903 5080 2050 5135 Nam

398 5201 454 5253 et
501 5213 636 5252 cum
689 5193 913 5249 ratione
969 5195 1026 5245 et
1074 5189 1202 5243 sine
1250 5185 1474 5241 ratione
1517 5186 1626 5237 est.
1657 5183 1738 5238 Ac
1785 5181 1911 5236 sine
1955 5196 2052 5234 ra-

400 5289 556 5341 tione
578 5283 815 5355 quidem
841 5283 1074 5352 quando
1104 5294 1196 5332 res
1225 5276 1351 5331 sine
1374 5289 1551 5328 causa
1573 5269 1880 5341 opinatur:
1916 5284 2050 5323 cum

405 5383 625 5438 ratione
656 5382 752 5437 35
786 5396 940 5442 vero,
975 5376 1211 5448 quando
1259 5391 1328 5428 ex
1375 5387 1552 5426 causa
1599 5369 1796 5440 aliqua
1842 5366 2052 5421 rationi

407 5484 801 5535 consentanea
831 5477 900 5530 ad
934 5473 1293 5545 opinandum
1330 5467 1715 5542 provehatur:
1751 5464 1907 5519 velut
1936 5464 2056 5535 opi-

406 5574 581 5624 natur
601 5566 813 5638 aliquis
839 5565 1097 5620 animam
1122 5558 1464 5617 rationalem
1485 5571 1612 5610 esse
1633 5551 2052 5621 immortalem,

404 5665 572 5729 nulla
612 5664 685 5720 ad
735 5663 844 5720 hoc
889 5679 1068 5718 causa
1110 5659 1448 5716 adductus:
1501 5669 1572 5710 en
1621 5651 1745 5708 haec
1792 5654 1882 5707 est
1929 5649 2056 5706 sine

2225 4665 2305 4723 ιδ’.
2340 4665 2639 4721 Γνωστικαὶ
2690 4661 2748 4719 δὲ
2793 4671 2893 4734 τῆς
2944 4667 3133 4739 ψυχῆς
3193 4661 3451 4737 δυνάμεις
3507 4663 3608 4718 εἶσὶ
3669 4667 3796 4725 νοῦς

2156 4755 2381 4828 διάνοια,
2445 4753 2591 4826 δόξα,
2633 4754 2897 4833 φαντασία
2953 4753 3044 4808 καὶ
3101 4750 3390 4823 αἰσθησιψ
3447 4752 3538 4808 καὶ
3595 4725 3822 4828 λογικαί

2165 4846 2257 4920 μὲν
2297 4844 2506 4900 τούτων
2537 4848 2664 4906 νοῦς
2689 4843 2778 4898 καὶ
2812 4839 3024 4898 διάνοια
3046 4861 3058 4874 ·
3095 4841 3294 4918 ἄλογοι
3325 4841 3382 4898 δὲ
3413 4842 3677 4918 φαντασία
3731 4842 3823 4897 καὶ

2162 4933 2432 5004 αἴσθησις.

2236 5025 2312 5081 ιε’.
2346 5025 2409 5077 Ἡ
2469 5019 2526 5076 δὲ
2587 5018 2717 5092 δόξα
2775 5019 3214 5098 ἐπαμφοτερίζει.
3266 5019 3476 5076 Γίνεται
3553 5020 3659 5096 γὰρ
3729 5017 3823 5074 καὶ

2166 5113 2301 5186 μετὰ
2359 5110 2524 5186 λόγου
2581 5109 2670 5164 καὶ
2730 5107 2849 5163 ἄνευ
2905 5107 3094 5185 λόγου.
3130 5108 3228 5162 Καὶ
3289 5110 3410 5163 ἄνευ
3470 5106 3639 5184 λόγου
3703 5107 3821 5180 μὲν,

2163 5201 2287 5256 ὅταν
2327 5199 2504 5276 χωρὶς
2543 5197 2718 5260 αἰτίας
2771 5195 2967 5272 δοξάζῃ
2994 5199 3063 5253 τὰ
3093 5199 3387 5274 πράγματα
3411 5219 3424 5232 ·
3482 5198 3619 5271 μετὰ
3647 5194 3826 5272 λόγου

2165 5289 2220 5345 δὲ
2251 5289 2374 5344 ὅταν
2412 5288 2463 5358 ἐξ
2495 5285 2672 5349 αἰτίας
2706 5285 2934 5362 εὐλόγου
2965 5287 3110 5349 τινὸς
3145 5286 3219 5348 εἷς
3266 5287 3329 5341 τὸ
3378 5284 3596 5357 δοξάσαι
3643 5281 3825 5360 προά-

2163 5399 2354 5456 γηται·
2419 5379 2530 5432 οἷον
2566 5375 2772 5446 δοξάζει
2804 5397 2888 5437 τις
2917 5377 3017 5444 τήν
3053 5374 3282 5452 λογικὴν
3315 5379 3502 5451 ψυχην
3564 5374 3826 5440 ἀθάνατον

2169 5469 2325 5538 εἶναι,
2363 5468 2438 5540 μὴ
2470 5463 2528 5521 ἔκ
2556 5486 2704 5526 τινος
2734 5463 2912 5526 αἰτίας
2942 5464 3018 5526 εἷς
3047 5468 3209 5519 τοῦτο
3243 5462 3440 5536 ἐλθὼν,
3473 5462 3594 5519 ίδου
3626 5461 3829 5538 ἄλογος

2167 5560 2202 5628 ἡ
2239 5556 2383 5628 δόξα.
2420 5554 2634 5626 Δοξάζει
2666 5553 2833 5608 πάλιν
2866 5550 3038 5616 ἄλλος
3069 5554 3168 5622 τήν
3212 5553 3379 5623 αὐτὴν
3426 5555 3612 5630 ψυχήν
3665 5553 3830 5628 ὑπάρ-

2170 5667 2290 5724 χειν
2325 5647 2607 5718 ἀθάνατον,
2638 5640 2764 5698 ἀλλ’
2796 5642 2856 5697 ἐκ
2894 5647 2990 5697 τοῦ
3041 5642 3174 5698 εἶναι
3226 5643 3394 5714 αὐτὴν
3450 5642 3827 5720 αὐτοκίνητον,
