4154 6424
334 361 452 422 ’113

331 489 524 549 ταυτὸν
580 487 624 542 δ’
673 488 862 558 εἰπεῖν,
910 487 1322 564 αὐτενέργητον·
1381 489 1443 541 τὸ
1511 487 1568 541 δὲ

333 576 662 646 ἀεικίνητον⁹
708 577 771 632 τὸ
823 573 882 631 δὲ
937 574 1239 645 ἀεικίνητον
1313 576 1592 639 ἀθάνατον·
1650 573 1768 630 ἰδοῦ
1849 575 1983 646 μετά

335 663 503 742 λόγου
548 663 692 736 δόξα,
741 663 863 733 ἥτις
914 663 1024 719 ἐστὶ
1075 664 1138 718 τὸ
1199 665 1564 741 συμπέρασμα
1611 668 1720 718 τῶν
1776 663 1980 740 προτά-

338 775 494 810 σεων.

337 845 500 909 Quod
574 859 809 916 semper
883 847 1167 914 movetur,

339 933 447 989 sio.

413 1026 495 1083 ις’.
547 1015 808 1088 Αἴσθησις
877 1016 934 1074 δέ
995 1017 1134 1074 ἐστιν
1179 1021 1215 1088 ἡ
1271 1024 1369 1074 τοῦ
1445 1018 1708 1094 παρόντος
1790 1022 1986 1094 μερική

338 1113 558 1184 γνῶσις.
604 1112 710 1162 Τοῦ
777 1106 1044 1182 παρόντος
1106 1109 1208 1184 γὰρ
1276 1103 1732 1180 ἀντιλαμϐάνεται
1811 1109 1847 1175 ἡ
1907 1103 1990 1160 αἴ-

339 1200 552 1266 σθησις·
586 1198 698 1252 οἷον
731 1199 813 1270 (ἡ)
853 1195 1060 1271 ὅρασις,
1091 1196 1138 1250 εἷ
1194 1199 1268 1269 μὴ
1312 1192 1499 1270 ὄψεταί
1540 1218 1615 1266 τι,
1649 1195 1712 1250 οὐ
1774 1192 1989 1250 δύναται

340 1290 544 1362 γνῶναι
574 1285 725 1341 αὐτό.
760 1285 858 1340 Καὶ
889 1285 976 1340 ἐπὶ
1004 1290 1112 1340 τῶν
1142 1283 1328 1340 ἄλλων
1361 1284 1596 1358 ὁμοίως.

1246 848 1336 899 est
1413 843 1758 900 immortale.

418 1468 496 1532 ιζ’.
531 1462 805 1518 Φαντασία
851 1461 910 1518 δέ
946 1463 1085 1518 ἐστιν
1119 1466 1154 1533 ἡ
1185 1468 1281 1518 τοῦ
1325 1462 1556 1525 ἀπόντος
1607 1464 1802 1540 μερικὴ
1851 1467 1991 1538 γνῶ-

343 1573 446 1613 σις·
479 1551 554 1613 ὡς
583 1549 708 1606 ὅταν
739 1551 872 1626 χθὲς
915 1547 1042 1604 ἰδὼν
1086 1548 1366 1626 ἄνθρωπον
1416 1552 1658 1625 σήμερον
1708 1551 1993 1627 φαντασθῶ

342 1640 524 1710 αὐτὸν,
555 1637 724 1716 ἤγουν
757 1639 1091 1710 ἀναπολήσω
1119 1641 1210 1694 τὸν
1239 1644 1507 1694 τοιοῦτον.

417 1729 679 1797 ιήᾌΝοῦν
735 1725 794 1781 δὲ
847 1727 1147 1797 παθητικὸν
1201 1727 1229 1781 6
1266 1724 1654 1800 Ἀριστοτέλης
1708 1726 1808 1793 τήν
1863 1744 1990 1802 φαν-

342 1815 528 1872 τασίαν
575 1815 845 1889 ὠνόμασεν
895 1820 1020 1871 νοῦν
1083 1815 1200 1889 μὲν,
1251 1815 1326 1877 ὡς
1403 1811 1548 1869 ἔνδον
1595 1813 1647 1868 ἐν
1709 1815 1871 1887 ἑαυτῇ
1929 1813 1992 1867 τὸ

1696 357 2045 417 ΕΡΙΤΟΜΕ
2089 355 2399 415 LOGICA.

1625 486 1975 556 αὐτοκίνητον

2125 485 2311 542 atione
2342 486 2556 557 opinio.
2586 487 2808 540 Rursus
2839 485 2990 540 alius
3019 486 3292 557 opinatur
3319 487 3584 541 eamdem
3619 485 3744 541 ani-

2094 592 2250 629 mam
2282 592 2410 630 esse
2462 573 2876 639 immortalem,
2911 575 3011 629 sed
3045 575 3247 630 exinde
3295 575 3451 646 quod
3485 592 3519 630 a
3549 575 3745 645 seipsa

3627 357 3746 414 714

2095 668 2415 732 moveatur,
2459 663 2577 719 sive
2626 665 2781 734 quod
2813 663 2969 718 idem
3000 667 3107 730 est,
3142 681 3175 718 a
3207 662 3402 735 seipsa
3449 668 3740 734 operetur.

2094 751 2260 815 Quod
2315 757 2507 806 autem
2542 769 2575 807 a
2607 752 2801 823 seipso
2851 756 3134 818 movetur,
3176 769 3409 824 semper
3460 756 3740 808 movetur.

1835 844 1974 898 Ecce
2051 856 2185 896 cum
2261 842 2504 911 ratione,

2580 858 2706 912 quae
2780 841 3244 914 propositiOnum
3338 845 3427 897 est
3505 840 3746 896 conclu-

2173 1018 2259 1070 16.
2293 1018 2516 1073 Sensus
2567 1023 2762 1073 autem
2794 1022 2884 1073 est
2913 1018 3218 1089 praesentis
3251 1018 3329 1073 rei
3379 1017 3586 1074 notitia
3615 1036 3747 1090 par-

2100 1104 2382 1160 ticularis.
2414 1110 2634 1162 Sensus
2663 1106 2816 1161 enim
2851 1107 2909 1160 id
2941 1107 3094 1178 quod
3126 1123 3382 1178 prmsens
3413 1111 3502 1161 est
3540 1124 3748 1179 appre-

2101 1193 2307 1249 hendit
2339 1212 2352 1250 :
2386 1195 2561 1250 veluti
2590 1195 2753 1251 visus
2783 1195 2896 1250 nisi
2926 1195 3118 1251 videat
3156 1195 3398 1267 aliquid,
3433 1213 3748 1269 cognosce-

2102 1299 2162 1337 re
2191 1283 2247 1338 id
2301 1301 2416 1339 non
2448 1289 2657 1356 potest.
2707 1285 2775 1338 Et
2803 1283 3057 1339 similem
3112 1285 3172 1340 in
3224 1286 3464 1341 modum
3511 1286 3570 1339 in
3618 1285 3750 1341 aliis

2101 1372 2374 1428 sensibus
2407 1390 2499 1428 res
2528 1391 2590 1428 se
2617 1373 2816 1429 habet.

2174 1462 2259 1515 17.
2294 1462 2637 1534 Imaginatio
2667 1467 2757 1518 est
2784 1462 3042 1517 absentis
3072 1461 3154 1516 rei
3185 1462 3392 1517 notitia
3421 1459 3752 1534 particula-

2103 1548 2204 1617 ris,
2237 1555 2302 1604 ut
2330 1567 2464 1604 cum
2521 1550 2646 1605 heri
2677 1551 3050 1621 conspicatus
3081 1551 3380 1606 hominem
3410 1550 3582 1605 hodie
3615 1566 3750 1605 eum

2101 1637 2460 1709 imaginatus
2489 1639 2672 1706 fuero,
2704 1638 2814 1694 hoc
2843 1643 2950 1706 est,
2983 1639 3274 1708 ejusmodi
3302 1638 3615 1694 recoluero.

2085 1735 2091 1742 ‘
2175 1727 2262 1780 18.
2301 1726 2639 1782 Aristoteles
2687 1732 2882 1782 autem
2931 1727 3433 1800 imaginationem,
3494 1730 3751 1782 mentem

2103 1815 2420 1887 patientem
2453 1816 2812 1871 nominavit:
2847 1821 3103 1872 mentem
3134 1817 3374 1888 quidem
3406 1817 3560 1887 quod
3594 1815 3753 1870 intus

344 1906 584 1981 γνωστὸν
624 1903 880 1980 ἔχουσαν,
911 1905 998 1959 καὶ
1036 1905 1204 1978 ταύτῃ
1255 1901 1607 1982 διαφέρουσαν
1655 1910 1756 1972 τῆς
1804 1903 1992 1973 αἰσθή-

2130 1922 2164 1958 n
2198 1903 2391 1975 seipse.
2418 1904 2630 1959 habeat
2661 1905 2716 1959 id
2752 1906 2905 1976 quod
2939 1874 3212 1977 cognosci
3243 1874 3527 1977 potest,et
3555 1904 3751 1958 hacte-

345 2012 500 2057 σεως·
563 1993 647 2050 ὅτι
704 1995 839 2070 ἅπερ
985 1989 1230 2062 αἶ’σθησις
1289 1990 1390 2063 ἔξω
1445 1992 1670 2066 κείμενα
1719 1992 1994 2068 γινώσκει,

347 2080 578 2156 δεομένη
646 2083 862 2145 πάντως
929 2084 1028 2151 τῆς
1091 2080 1305 2136 ἐκείνων
1373 2080 1670 2158 παρουσίας
1743 2080 1879 2154 πρὸς
1934 2079 1996 2133 τὸ

345 2171 628 2248 ἐνεργῆσαι
696 2172 820 2248 περὶ
869 2171 1024 2242 αὐτὰ,
1071 2170 1280 2226 τούτων
1329 2172 1365 2239 ἡ
1416 2168 1674 2248 φαντασία
1728 2167 1858 2230 τοὺς
1909 2166 1998 2220 τύ-

343 2280 480 2321 πους
549 2256 638 2314 διὰ
699 2264 808 2314 τῶν
894 2258 1195 2328 αἰσθήσεων
1275 2257 1690 2331 ἀπομαξαμένη,
1755 2252 1870 2331 ἔχει
1943 2255 1994 2310 ἐν

345 2351 509 2423 ἑαυτῇ
538 2348 628 2404 καὶ
661 2345 878 2402 δύναται
937 2342 1296 2423 προϐάλλειν,
1335 2349 1408 2421 μὴ
1465 2343 1696 2419 δεομένη
1747 2351 1852 2399 τῶν
1897 2343 1996 2417 ἔξω

341 2438 630 2513 κειμένων.
666 2437 760 2492 Διὸ
803 2437 899 2491 κάν
947 2440 1061 2498 τοῖς
1109 2435 1297 2498 ὕπνοις
1350 2437 1553 2512 ἐνεργεῖ
1597 2435 1660 2490 τὸ
1713 2455 1994 2512 φανταστι-

343 2529 461 2601 κὸν,
511 2527 879 2601 ἀνενεργήτων
952 2528 1224 2598 μενουσῶν
1297 2529 1406 2578 τῶν
1480 2525 1800 2594 αἰσθήσεων.
1857 2527 1996 2577 Νοῦν

349 2618 443 2690 μὲν
492 2615 584 2672 οὖν
627 2613 717 2670 διὰ
759 2619 929 2669 ταῦτα
973 2615 1072 2683 τὴν
1125 2613 1408 2692 φαντασίαν
1465 2612 1713 2668 ἐκάλεσεν
1763 2613 1790 2665 ὁ
1824 2610 1996 2666 Φιλό-

348 2727 532 2782 σοφος,
580 2703 884 2775 παθητικὸν
935 2700 1012 2772 δὲ,
1060 2700 1197 2758 διότι
1252 2703 1386 2776 μετά
1427 2706 1696 2779 μερισμοῦ
1744 2701 1996 2777 γινώσκει

346 2795 436 2870 (τά
487 2794 808 2871 πράγματα)
859 2792 948 2847 καὶ
1025 2789 1352 2854 διαστάσεως
1407 2790 1468 2846 ἐκ
1528 2796 1637 2845 τῶν
1697 2790 1996 2861 αἰσθήσεων

353 2883 632 2960 ἀρχομένη
677 2903 738 2937 τε
785 2881 876 2936 καὶ
923 2880 1279 2954 σονισταμένη
1339 2881 1429 2934 καὶ
1474 2884 1543 2954 τῇ
1601 2880 1814 2955 χρονίῳ
1882 2877 1998 2933 δια-

355 2971 594 3046 λυομένη
627 2968 904 3032 πολλάκις
932 2969 1164 3041 ἀπουσίᾳ
1192 2973 1300 3024 τῶν
1330 2969 1622 3039 αἷσθητῶν.

432 3152 509 3205 ιθ’.
564 3149 708 3204 Ἐπεὶ
786 3146 878 3203 οὖν
963 3145 1116 3203 οὐδὲν
1190 3152 1294 3202 τῶν
1371 3146 1591 3202 ἐνταῦθα
1662 3147 1998 3222 πραγμάτων

2108 2010 2219 2048 nus
2250 2010 2284 2048 a
2313 2009 2489 2049 sensu
2539 1994 2786 2064 diil‘erat,
2843 1995 2998 2065 quod
3045 2011 3113 2050 ea
3161 2011 3288 2066 quae
3339 2010 3549 2049 sensus
3596 1997 3757 2048 extra

2107 2082 2298 2153 posita
2345 2081 2610 2154 cognocit
2639 2082 2942 2153 requirens
2973 2082 3210 2138 omnino
3251 2099 3453 2138 eorum
3504 2099 3756 2154 praesen-

2107 2172 2248 2225 tiam
2281 2171 2382 2225 36
2413 2175 2479 2225 ut
2508 2175 2778 2242 operetur
2803 2171 2956 2226 circa
2987 2171 3352 2242 ipsa,horum
3386 2173 3603 2226 formas
3634 2187 3754 2225 me-

2107 2259 2402 2315 diantibus
2445 2259 2718 2316 sensibus
2748 2261 3041 2315 abstersas
3072 2261 3134 2314 in
3163 2261 3358 2333 seipsa
3405 2261 3581 2315 habet
3607 2261 3754 2314 ima-

2107 2348 2348 2419 ginatio,
2408 2352 2464 2402 et
2515 2365 2852 2421 promovere
2905 2353 3114 2420 potest,
3165 2355 3230 2404 ut
3284 2349 3357 2404 iis
3415 2366 3540 2420 quae
3599 2354 3759 2403 extra

2108 2435 2300 2507 posita
2348 2441 2505 2504 sunt,
2540 2454 2656 2492 non
2707 2454 2854 2508 opus
2904 2438 3135 2494 habeat.
3169 2442 3532 2510 QuaprOpter
3580 2439 3755 2492 etiam

2105 2525 2486 2598 imaginative.
2536 2527 2596 2580 in
2647 2527 2872 2582 somnis
2919 2533 3192 2598 operatur
3242 2529 3515 2584 sensibus
3579 2527 3756 2583 etiam

2108 2614 2462 2686 operationis
2512 2615 2848 2686 expertibus
2881 2617 3276 2673 manentibus.
3308 2617 3426 2672 Hac
3475 2617 3658 2687 igitur
3685 2617 3757 2671 de

2109 2721 2286 2761 causa
2313 2704 2793 2776 imaginationem
2826 2705 3214 2777 Philosophus
3237 2712 3491 2762 mentem
3511 2705 3754 2761 vocavit.

2111 2793 2432 2863 Patientem
2488 2799 2704 2862 autem,
2739 2795 2894 2865 quod
2948 2811 3081 2850 cum
3133 2795 3442 2867 partitione
3471 2802 3527 2851 et
3573 2795 3756 2850 inter-

2108 2882 2259 2938 vallo
2312 2882 2447 2954 (res)
2478 2883 2796 2954 cognoscit,
2843 2887 2910 2938 ut
2959 2901 3085 2955 quae
3117 2901 3151 2939 a
3179 2884 3450 2940 sensibus
3498 2889 3556 2939 et
3604 2883 3756 2938 inci-

2109 2972 2231 3044 piat
2261 2977 2317 3026 et
2345 2972 2646 3039 consistat,
2680 2975 2738 3028 et
2765 2988 2916 3044 saepe
2944 2972 3120 3045 longa
3144 2973 3514 3029 sensibilium
3545 2974 3758 3029 absen-

2109 3061 2192 3116 tia
2220 3059 2594 3115 dissolvatur.

2186 3150 2270 3204 19.
2302 3149 2590 3214 Quoniam
2639 3148 2822 3220 igitur
2851 3149 2996 3204 nihil
3044 3167 3242 3205 rerum
3294 3152 3448 3222 apud
3481 3169 3588 3208 nos
3636 3153 3764 3207 sine

355 3239 531 3317 χωρὶς
577 3238 864 3316 φαοτασίας
910 3235 1172 3312 ἷσχύομεν
1220 3241 1382 3308 νοεῖν,
1414 3236 1514 3291 οὐκ
1564 3235 1778 3304 ἀπαθὴς
1820 3233 1877 3290 δὲ
1904 3257 1999 3290 κα-

2125 3237 2532 3310 imaginatione
2580 3237 2900 3309 intelligere
2926 3238 3210 3308 valemus,
3244 3240 3366 3295 haec
3409 3248 3603 3297 autem
3634 3259 3766 3313 pas-

357 3330 607 3399 θέστηκεν
677 3327 834 3397 αὕτη·
882 3324 1123 3381 διαλύσει
1178 3323 1236 3380 δὲ
1297 3324 1595 3396 ὑπόκειται,
1636 3326 1814 3386 καθὼς
1871 3321 2002 3403 ἔφη·

357 3439 476 3494 μεν,
531 3418 621 3474 καὶ
663 3419 837 3495 φθορᾷ
893 3414 982 3470 διὰ
1031 3420 1194 3470 τοῦτο
1239 3417 1339 3484 τῆς
1376 3415 1664 3493 φαντασίας
1715 3415 2004 3490 φθειρομέ-

348 3530 471 3581 νης,
524 3508 626 3576 τὴν
695 3511 802 3561 τῶν
873 3504 1227 3580 ἐγνωσμένων
1288 3504 1573 3579 πάσχομεν
1630 3502 1830 3574 λήθην.
1893 3503 2006 3558 ἐπεὶ

350 3595 848 3672 συμπεπλεγμένην
905 3598 974 3668 τῇ
1041 3593 1302 3671 φαντασίᾳ
1363 3595 1462 3662 τὴν
1532 3593 1718 3662 νόησιν
1782 3588 2005 3668 ἔχομεν·

348 3690 508 3750 "Ost
541 3685 632 3740 καὶ
663 3684 732 3739 τὰ
759 3685 1011 3756 νοήματα
1039 3685 1336 3756 παθήματα
1384 3681 1594 3759 λέγεται
1647 3688 1746 3752 τῆς
1798 3684 2006 3756 ψυχῆς·

351 3775 462 3850 οὐχ
492 3773 576 3829 ὅτι
607 3772 806 3848 πάσχει
837 3775 873 3842 ἡ
919 3769 1119 3846 λογική
1165 3773 1344 3847 ψυχὴ,
1378 3769 1503 3826 ἀλλ’
1553 3771 1637 3825 ὅτι
1683 3773 1862 3847 χωρὶς
1911 3777 2010 3826 τοῦ

355 3867 664 3935 παθητικοῦ
717 3866 834 3935 νοῦ,
883 3859 1126 3917 τουτέστι
1191 3868 1292 3930 τῆς
1342 3859 1651 3938 φαντασίας,
1701 3859 1853 3916 οὐδὲν
1912 3859 2009 3916 πέ-

359 3974 497 4033 φυκε
523 3957 631 4008 τῶν
664 3951 716 4008 ἐν
745 3956 826 4024 τῷ
853 3949 1048 4024 κόσμῳ
1079 3955 1242 4006 νοεῖν.

433 4223 502 4278 κ’.
544 4221 758 4276 Διάνοια
819 4216 877 4274 δέ
923 4217 1035 4272 ἐστι
1076 4216 1352 4291 γνωστική
1414 4219 1520 4270 τῶν
1579 4215 1820 4279 καθόλου
1884 4218 2018 4290 μετά

363 4310 535 4387 λόγου
574 4306 826 4382 δύναμις,
857 4307 957 4362 οὐκ
1003 4305 1235 4382 ἀθρόως,
1267 4303 1415 4360 ἀλλά
1461 4302 1551 4359 διά
1591 4325 1736 4367 τινος
1787 4303 2017 4378 μεθόδου

363 4392 863 4472 καταλαμϐάνουσα
883 4395 948 4452 τὸ
978 4395 1244 4472 γνωστόν.

2116 3328 2298 3383 sionis
2347 3343 2553 3398 expers
2601 3343 2714 3381 non
2747 3331 2857 3393 est,
2909 3328 3010 3382 sed
3067 3327 3465 3399 dissolutioni,
3501 3335 3565 3386 ut
3613 3331 3767 3385 dixi-

2119 3433 2273 3487 mus,
2305 3415 2785 3487 corruptionique
2817 3416 3082 3486 subjecta
3111 3422 3201 3472 est
3232 3435 3245 3472 :
3279 3423 3586 3490 pr0pterea
3632 3436 3768 3475 cum

2120 3504 2459 3575 imaginatio
2492 3505 2908 3576 corrumpitur,
2940 3521 3143 3560 eorum
3175 3522 3302 3577 quae
3335 3508 3506 3562 nobis
3536 3509 3773 3580 cognita

2119 3598 2277 3664 sunt,
2337 3592 2691 3648 oblivionem
2764 3593 3047 3664 patimur,
3100 3596 3576 3667 quandoquidem
3635 3615 3769 3653 cum

2118 3681 2540 3754 imaginatione
2568 3683 2940 3753 conjunctam
2974 3683 3427 3740 intellectionem
3459 3687 3767 3743 habemus.

2119 3772 2283 3828 Unde
2339 3771 2516 3827 etiam
2574 3776 2888 3843 conceptus
2932 3773 3144 3829 mentis
3204 3775 3508 3846 passiones
3561 3777 3769 3831 animae

2119 3861 2434 3929 dicuntur;
2495 3877 2611 3916 non
2669 3861 2825 3932 quod
2881 3862 3080 3917 anima
3135 3863 3434 3919 rationalis
3492 3865 3768 3936 patiatur,

2121 3951 2222 4007 sed
2255 3949 2410 4020 quod
2459 3949 2586 4004 sine
2615 3953 2810 4004 mente
2855 3950 3130 4021 patiente,
3163 3951 3272 4008 hoc
3316 3958 3407 4010 est
3438 3953 3566 4010 sine
3613 3955 3773 4010 ima-

2121 4037 2594 4113 ginatione,nihil
2624 4054 2820 4094 rerum
2851 4040 3288 4097 mundanarum
3319 4042 3642 4116 intelligere
3671 4061 3775 4116 per

2122 4131 2393 4184 naturam
2423 4125 2578 4198 potis
2607 4125 2704 4182 sit.

2193 4217 2284 4272 20.
2315 4216 2447 4271 Jam
2495 4233 2628 4271 vero
2677 4215 2907 4272 diancea
2951 4217 3361 4289 (ratiocinatio,
3394 4238 3496 4277 seu
3549 4223 3774 4280 discur-

2127 4306 2252 4400 sus)
2285 4305 2381 4360 37
2417 4309 2507 4400 est
2553 4306 2832 4400 potentia,
2867 4323 2994 4378 qua
3042 4323 3178 4362 cum
3211 4309 3433 4366 ratione
3483 4314 3782 4385 cognoscit

2130 4392 2526 4460 universalia;
2551 4410 2677 4465 quae
2709 4392 2825 4450 nbn
2856 4396 3186 4462 confestim,
3213 4398 3312 4454 sed
3346 4402 3785 4472 compendiaria

2132 4481 2388 4552 quadam
2438 4481 2534 4537 via
2558 4486 2615 4537 et
2667 4482 2913 4550 ratione,
2947 4483 3007 4538 id
3046 4486 3202 4556 quod
3251 4490 3521 4560 cognosci
3571 4494 3782 4562 potest,

2011 4635 2015 4670 ζ
2055 4606 2102 4670 D
2134 4570 2538 4670 apprehendit.

442 4671 541 4720 καί.
572 4660 831 4718 Καλεῖται
880 4657 939 4714 δὲ
981 4661 1016 4729 ἡ
1063 4656 1275 4715 διάνοια
1337 4659 1428 4714 καὶ
1479 4656 1704 4733 δυνάμει
1760 4665 1885 4723 νοῦς
1938 4657 2028 4715 διὰ

366 4755 435 4811 τὸ
465 4750 867 4827 συνεπαίρεσθαι
897 4752 978 4820 τῷ
1017 4746 1258 4823 ἐνεργείᾳ
1305 4753 1400 4821 νῷ,
1449 4749 1691 4804 τουτέστι
1753 4746 1842 4804 διὰ
1899 4747 2025 4803 συλ-

370 4843 661 4918 λογισμῶν
707 4837 987 4915 ἀνάγεσθαι
1033 4838 1170 4913 πρὸς
1219 4839 1354 4913 ἅπερ
1403 4834 1603 4900 ἁπλαῖς
1663 4833 1950 4900 ἐπιϐολαῖς
1995 4839 2023 4892 6

370 4929 616 5008 ἐνεργείᾳ
642 4931 756 4981 νοεῖ
783 4930 929 4988 νοῦς.

445 5021 550 5095 κβ’.
583 5019 647 5072 Ἦ
703 5013 916 5070 διάνοια
967 5014 1148 5070 τοίνυν
1207 5015 1237 5069 6
1293 5011 1517 5089 δυνάμει
1586 5019 1710 5077 νοῦς
1786 5021 2029 5092 συνεργεῖ

371 5111 513 5186 πρὸς
562 5107 628 5162 τὸ
671 5102 813 5176 δέον,
843 5103 956 5175 καὶ,
985 5104 1176 5179 βοηθεῖ
1221 5103 1310 5158 καὶ
1349 5109 1467 5166 ταῖς
1502 5104 1806 5179 ὀρεκτικαῖς
1867 5102 2023 5159 δυνά-

380 5219 505 5274 μεσι
548 5198 648 5265 τῆς
695 5197 904 5269 ψυχῆς,
935 5192 1025 5247 καὶ
1073 5193 1208 5266 πρὸς
1248 5193 1313 5247 τὸ
1344 5191 1730 5269 λελογισμένον
1793 5193 2030 5267 ἀλόγους

377 5287 539 5349 οὕσας
586 5284 749 5345 αὐτὰς
796 5279 1003 5358 ὁδηγεῖ.
1039 5281 1418 5354 Συνεπαίρεται
1481 5279 1539 5336 δὲ
1593 5283 1683 5337 καὶ
1741 5288 1821 5355 τῷ
1881 5283 2028 5359 ἐνερ-

378 5375 504 5454 γείᾳ
556 5378 636 5446 νῷ
682 5372 818 5449 πρὸς
871 5373 970 5441 τήν
1024 5375 1132 5425 τῶν
1196 5365 1365 5426 ὄντων
1443 5370 1746 5447 ἀναγομένη
1805 5376 2030 5448 γνῶσιν,

378 5467 455 5528 ὡς
487 5462 719 5537 εἷ’ρηται.
753 5461 846 5516 Διὸ
874 5464 1002 5537 γοῦν
1035 5458 1095 5514 ἐκ
1141 5464 1239 5514 τοῦ
1297 5458 1523 5522 ἀτελοῦς
1576 5459 1663 5515 ἐπὶ
1711 5461 1774 5515 τὸ
1820 5459 2030 5516 τέλειον

379 5554 648 5633 πρόεισιν,
679 5547 849 5624 ἤγουν
910 5548 970 5603 ἐκ
1013 5552 1111 5602 τοῦ
1178 5545 1399 5622 δυνάμει
1457 5548 1595 5624 πρὸς
1653 5550 1716 5604 τὸ
1776 5548 2031 5626 ἐνεργείᾳ.

383 5645 483 5702 Διά
537 5645 701 5698 τοῦτο
747 5639 835 5693 καὶ
867 5639 903 5709 ἡ
950 5637 1150 5708 ταύτης
1212 5637 1450 5713 ἐνέργεια
1516 5634 1689 5692 ε⁸ίτουν
1750 5640 1785 5710 ἡ
1845 5637 2034 5710 νόησις

667 5769 935 5833 Ριτιιοι..
985 5768 1094 5828 Gn.
1144 5767 1370 5829 CXLII.

2205 4660 2296 4714 21.
2329 4659 2579 4716 Vocatur
2636 4666 2832 4716 autem
2888 4662 3119 4718 dianoea
3175 4664 3350 4720 etiam
3409 4682 3576 4721 mens
3623 4671 3784 4740 pote-

2136 4753 2308 4816 state,
2350 4749 2506 4820 quod
2555 4749 2733 4804 simul
2765 4749 3045 4806 evehatur
3076 4753 3148 4807 ad
3180 4758 3436 4809 mentem
3488 4759 3642 4826 actu,
3678 4755 3788 4812 hoc

2135 4841 2245 4908 est,
2279 4837 2350 4892 ad
2402 4853 2470 4893 ea
2500 4854 2602 4910 per
2648 4838 3022 4911 syllogismos
3066 4842 3412 4911 adducatur,
3465 4861 3596 4915 quae
3645 4845 3787 4900 sim-

2135 4925 2388 4998 plicibus
2419 4925 2910 4998 applicationibus
2942 4946 3108 4986 meus
3140 4936 3272 4986 actu
3304 4931 3598 5005 intelligit.

2206 5016 2297 5071 22.
2361 5014 2588 5070 Dianeea
2660 5016 2864 5088 igitur,
2924 5034 3091 5074 mens
3151 5024 3456 5090 potestate,
3513 5023 3587 5077 ad
3659 5023 3790 5078 ofﬁ-

2139 5103 2295 5160 cium
2355 5109 2716 5176 cooperatur,
2777 5122 3066 5178 opemque
3124 5108 3234 5163 fert
3288 5109 3464 5164 etiam
3524 5112 3796 5183 appetiti-

2137 5195 2226 5250 vis
2274 5195 2484 5249 animae
2543 5195 2841 5267 potentiis,
2885 5196 3164 5270 ipsasque
3216 5215 3350 5254 cum
3400 5201 3645 5256 rationis
3695 5219 3797 5257 ex-

2141 5287 2333 5355 pertes
2381 5284 2519 5352 sint,
2553 5285 2622 5338 ad
2657 5284 2896 5340 rationis
2949 5286 3354 5358 magisterium
3397 5289 3651 5344 deducit.
3686 5291 3798 5346 Sed

2143 5371 2322 5427 simul
2371 5370 2547 5426 etiam
2601 5373 2673 5427 ad
2718 5378 2974 5428 mentem
3025 5380 3155 5430 actu
3205 5377 3491 5445 evehitur,
3538 5380 3678 5434 dum
3729 5379 3799 5434 ad

2143 5476 2344 5516 eorum
2377 5477 2502 5531 quae
2532 5465 2672 5516 sunt
2702 5461 3065 5531 notitiam,ut
3095 5465 3316 5519 dictum
3349 5468 3800 5530 est,adducitur.

2146 5551 2262 5604 Hac
2338 5550 2409 5605 de
2466 5565 2643 5605 causa
2717 5551 2896 5606 etiam
2952 5552 3132 5624 hujus
3208 5557 3488 5628 operatio,
3550 5557 3659 5612 hoc
3716 5562 3806 5613 est

2148 5638 2486 5707 intellectio,
2519 5640 2716 5712 passio
2766 5639 3000 5710 dicitur,
3056 5645 3128 5699 ad
3179 5644 3615 5701 distinctiotmm
3668 5661 3804 5718 ope-

3444 5775 3520 5834 2L1
