4154 6450
411 423 523 483 ’721

416 645 665 716 θανάτου,
724 643 987 716 δηλονότι
1035 651 1131 699 τοῦ
1180 651 1583 722 προαιρετικοῦ.
1636 644 1771 701 Οὐδὲ
1808 648 1909 724 γὰρ
1945 647 2073 722 βοό-

415 734 567 791 λεται
598 736 626 789 6
659 734 959 812 φιλόσοφος
1009 735 1132 809 περὶ
1183 743 1284 805 τῆς
1333 737 1655 810 ἀναιρέσεως
1705 737 1868 790 αὑτοῦ
1915 736 2074 809 μελε-

412 831 528 896 τᾷν.
591 824 744 879 Οὕτω
821 827 922 901 γὰρ
980 824 1039 878 ἂν
1112 824 1240 888 τοὺς
1294 824 1720 902 δημιουργικοὺς
1785 826 2074 903 ἀνατρέποι

414 914 642 988 νόμους’
697 910 753 969 εἷ’
789 935 851 990 γε
903 915 930 968 6
986 915 1080 987 μὲν
1133 912 1474 992 δημιουργὸς
1537 912 1792 985 συνέδησε
1833 920 1910 987 τῷ
1962 917 2075 969 σώ-

418 1025 544 1076 ματι
575 1004 674 1073 τὴν
703 1004 908 1078 ψυχὴν,
943 1004 970 1057 ὁ
1005 1001 1062 1058 δὲ
1115 1002 1369 1080 βούλεται
1418 1004 1509 1058 τὸν
1541 1008 1788 1059 τοιοῦτον
1822 1003 2069 1060 ἀναλύειν

412 1091 610 1166 δεσμὸν
668 1093 816 1169 παρά
871 1094 970 1162 τὴν
1020 1097 1119 1148 τοῦ
1176 1090 1536 1164 συνδήσαντος
1594 1092 1858 1149 κέλευσιν.
1914 1091 2070 1148 Ἀλλ’

411 1181 527 1238 ἐπεὶ
579 1179 731 1252 διττή
782 1180 920 1236 ἐστιν
971 1184 1006 1251 ἡ
1067 1182 1179 1251 ζωὴ
1231 1181 1342 1255 (καὶ
1390 1182 1491 1259 γὰρ
1536 1185 1571 1251 ἡ
1627 1183 1720 1256 μὲν
1769 1183 2000 1260 φυσικὴ,
2032 1185 2067 1251 ἡ

412 1269 470 1326 δὲ
497 1272 880 1348 προαιρετικήο
932 1271 1023 1325 καὶ
1073 1272 1272 1349 φυσική
1331 1273 1425 1344 μὲν
1473 1274 1509 1341 ἡ
1553 1270 1804 1350 συνάφεια
1832 1278 1932 1341 τῆς
1966 1275 2070 1345 ψυ-

412 1369 523 1438 χῆς
550 1361 638 1416 καὶ
671 1365 770 1416 τοῦ
801 1361 1203 1433 σώματος,καθ’
1255 1360 1323 1430 ἢν
1373 1361 1476 1416 ὑπὸ
1522 1363 1621 1430 τῆς
1654 1360 1913 1437 προνοίας
1952 1359 2070 1414 ἐτά-

411 1461 627 1526 χθημεν
688 1453 806 1523 ζῇν,
866 1455 984 1512 καθ’
1044 1449 1110 1517 ἢν
1168 1448 1232 1503 τὸ
1291 1453 1453 1521 σῶμα
1500 1446 1690 1521 δεσμεῖ
1717 1449 1815 1517 τήν
1864 1451 2066 1524 ψυχήν·

411 1539 768 1614 προαιρετική
831 1534 888 1591 δὲ
945 1537 1104 1611 (ζωὴ)
1161 1539 1196 1606 ἡ
1255 1538 1390 1612 πρὸς
1434 1537 1498 1592 τὸ
1549 1541 1707 1610 σῶμα
1766 1538 2072 1610 συμπάθεια

411 1629 500 1682 καὶ
530 1625 654 1701 περὶ
701 1626 798 1688 τὰς
847 1623 1048 1696 ἡδονὰς
1097 1623 1357 1701 ἀσχολία,
1406 1626 1524 1690 καθ’
1573 1626 1640 1695 ἢν
1688 1628 1722 1694 ἡ
1762 1627 1914 1702 ψυχὴ
1948 1627 2070 1680 ἑαυ-

414 1717 514 1786 τήν
570 1712 760 1788 δεσμεῖ
794 1714 894 1770 καὶ
944 1712 1408 1788 προσπατταλεύει
1454 1720 1534 1787 τῷ
1583 1715 1837 1788 σώματι)·
1889 1712 2068 1777 διττὸς

408 1804 728 1880 γινώσκεται
781 1799 838 1858 δὲ
886 1803 914 1856 6
957 1802 1200 1876 θάνατος,
1255 1803 1478 1881 φυσικὸς
1526 1803 1616 1858 καὶ
1664 1804 2064 1880 προαιρετικός.

409 1892 509 1946 Καὶ
541 1893 764 1970 φυσικὸς
798 1892 892 1965 μὲν
944 1889 1053 1946 ἔστι
1100 1893 1324 1955 θάνατος
1358 1894 1386 1947 ὁ
1414 1897 1512 1947 τοῦ
1561 1894 1816 1965 σώματος
1858 1890 2066 1968 διαχω-
2097 1933 2145 1998 Β

552 1982 569 1998 \
647 1980 662 1998 θ
722 1981 736 1998 \
831 1987 858 1998 an
958 1985 969 1998 ι
1069 1989 1097 1998 ι-
1277 1984 1322 1998 Δὶ
1370 1983 1392 1998 η
1491 1984 1516 1998 οι
1668 1979 1692 1998 Ἰ
1736 1995 1748 1998 -

409 1982 608 2057 ρισμὸς
637 1980 746 2035 ἀπὸ
792 1987 893 2051 τῆς
945 1985 1152 2057 ψυχῆς,
1204 1984 1322 2036 καθ’
1370 1983 1429 2036 ’ὀν
1482 1984 1620 2044 ἅπας
1662 1979 1947 2058 ἄνθρωπος
1976 2004 2065 2036 τε-

410 2067 593 2141 λευτᾷ’
638 2068 1023 2146 προαιρετικὸς
1075 2068 1133 2124 δὲ
1179 2067 1405 2133 θάνατος
1447 2073 1482 2140 ἡ
1515 2072 1632 2126 κατ’
1673 2072 1867 2148 ἀρετὴν
1903 2072 2068 2146 ὑπάρ-

408 2177 498 2234 ’χει
551 2160 688 2229 ζωή·
747 2159 866 2222 καθ’
910 2161 976 2229 ἣν
1029 2160 1056 2212 6
1088 2157 1306 2231 ἀληθὴς
1354 2158 1653 2239 φιλόσοφος
1704 2161 1930 2237 χωρίζει
1975 2161 2065 2215 καὶ

407 2247 517 2324 πρὸ
565 2252 664 2302 τοῦ
710 2253 939 2325 φυσικοῦ
995 2250 1223 2303 θανάτου
1269 2251 1369 2317 τὴν
1429 2251 1616 2325 ψυχὴν
1665 2250 1725 2304 ἐκ
1749 2255 1848 2305 τοῦ
1878 2251 2064 2322 σώμα-

406 2356 499 2391 τος
559 2337 819 2412 νέκρωσιν
877 2337 1320 2414 ἀπεργαζόμενος
1372 2341 1482 2392 τῶν
1542 2341 1745 2393 παθῶν·
1796 2340 1931 2413 (καὶ)
1978 2336 2067 2394 διὰ

403 2433 505 2496 τῆς
534 2425 794 2496 τοιαύτης
841 2427 1155 2502 νεκρώσεως
1191 2431 1270 2499 τῷ
1318 2427 1511 2482 ἀπαθεῖ
1554 2429 1691 2483 κατά
1733 2429 1796 2483 τὸ
1846 2426 2066 2483 δυνατὸν

406 2513 797 2590 ὁμοιούμενος.
858 2516 1008 2569 Ἐστι
1069 2513 1127 2570 δὲ
1180 2515 1268 2570 καὶ
1326 2516 1632 2594 κοινότερον
1682 2517 1806 2594 περὶ
1839 2525 1938 2587 τῆς
1967 2523 2064 2572 τοῦ

408 2603 640 2659 θανάτου
694 2603 928 2676 μελέτης
975 2603 1142 2658 εἰπεῖν
1180 2621 1192 2634 ⁸
1245 2603 1432 2682 ὅτιπερ
1483 2607 1510 2660 6
1550 2607 1648 2676 τὴν
1691 2606 1926 2672 ἐντεῦθεν
1978 2607 2062 2662 έκ-

411 2691 614 2768 δημίαν
673 2691 724 2747 ἐν
773 2697 850 2765 νῷ
895 2691 1070 2771 φέρων
1122 2690 1413 2757 διαπαντὸς
1457 2695 1546 2750 καὶ
1597 2694 1883 2770 μελέτημα
1935 2697 2063 2752 ταῦ-

411 2803 513 2854 της
577 2782 859 2855 τιθέμενος
935 2780 1200 2855 ἔμμονον,
1257 2782 1472 2838 πάντων
1537 2785 1898 2864 φιλοσοφήσει
1953 2790 2060 2841 τῶν

409 2875 740 2946 σωματικῶν
769 2872 871 2941 τὴν
921 2869 1271 2947 ἀπαλλαγὴν,
1320 2873 1412 2927 καὶ
1443 2872 1542 2929 ὅσα
1585 2876 1684 2943 τὴν
1717 2877 1900 2951 ψυχὴν
1938 2875 2064 2951 βελ-

407 2967 520 3017 τιοῖ
547 2965 892 3037 κατορθῶσαι
927 2957 1238 3029 σπουδάσει,
1287 2961 1376 3016 καὶ
1423 2965 1522 3032 τὴν
1574 2963 1768 3040 ἀρετὴν
1804 2964 1894 3018 καὶ
1926 2986 2062 3038 συμ-

413 3049 844 3129 πολιτευομένην
894 3049 984 3104 καὶ
1051 3047 1387 3123 συνέκδημον
1451 3054 1728 3124 κτήσεται,
1785 3057 1892 3107 τῶν
1952 3053 2064 3108 ἐπι-

415 3141 482 3209 κή
493 3158 598 3214 ρων
623 3137 1095 3212 ἀνταλλαξάμενος
1128 3137 1196 3193 τὰ
1223 3139 1434 3198 αἰώνια.

481 3404 544 3462 δ’.
577 3407 840 3484 Τέταρτος
873 3405 1000 3482 ὅρος
1031 3408 1170 3464 ἐστὶν
1206 3409 1234 3462 6
1267 3406 1438 3484 λέγων
1472 3405 1555 3461 ὅτι
1587 3406 1882 3488 φιλοσοφία
1919 3408 2057 3464 ἐστὶν

408 3495 677 3571 ὁμοίωσις
708 3501 826 3569 Θεῷ
853 3497 991 3553 κατά
1015 3496 1080 3553 τὸ
1111 3495 1332 3553 δυνατὸν
1364 3495 1655 3573 ἀνθρώπῳ.

484 3695 542 3750 ε’.
578 3693 730 3749 Ἐπεὶ
757 3695 860 3771 γὰρ
890 3694 918 3748 6
949 3695 1078 3757 Θεὸς
1129 3691 1310 3757 διττας
1359 3689 1474 3770 ἔχει
1507 3695 1604 3756 τὰς
1655 3691 1921 3770 ἐνεργείας
1969 3696 2065 3757 τὰς

417 3782 513 3855 μὲν
563 3783 869 3858 γνωστικάς
923 3787 1029 3838 τῶν
1076 3777 1274 3855 ὄντων,
1322 3783 1438 3837 καθ’
1488 3782 1548 3845 ἃς
1597 3783 1766 3841 πάντα
1812 3783 2067 3856 γινώσκει

411 3870 504 3926 καὶ
556 3872 664 3948 πρὸ
716 3871 980 3947 γενέσεως
1031 3871 1229 3927 αὐτῶν·
1284 3871 1378 3933 τὰς
1426 3869 1484 3926 δὲ
1538 3871 1904 3947 προνοητικάς
1957 3875 2065 3926 τῶν

411 3957 868 4035 καταδεεστέρων,
916 3962 1035 4025 καθ’
1064 3959 1125 4023 ἃς
1173 3965 1484 4036 προνοεῖται
1532 3964 1630 4015 τοῦ
1677 3959 1886 4033 κόσμου
1930 3982 2068 4015 παν-

411 4049 527 4111 τός’
580 4048 727 4104 ἀλλᾶ
779 4047 848 4118 δὴ
891 4049 982 4104 καὶ
1031 4051 1060 4105 6
1108 4048 1405 4127 φιλόσοφος
1467 4053 1575 4103 τῶν
1625 4043 1791 4103 ὄντων
1851 4046 2068 4104 σπεύδει

417 4140 636 4194 πάντων
690 4138 820 4194 εἶναι
867 4140 1152 4214 θεωρητὴς
1200 4139 1291 4194 καὶ
1312 4139 1412 4207 τήν
1440 4142 1547 4194 τῶν
1590 4136 1734 4192 ὅλων
1768 4137 1922 4215 φύσιν
1957 4138 2070 4193 ἐπί-

418 4229 663 4284 στασθαι·
711 4233 1022 4304 προνοεῖται
1074 4226 1132 4283 δὲ
1178 4226 1269 4282 καὶ
1307 4232 1416 4282 τῶν
1464 4223 1888 4303 καταδεεστέρων
1916 4247 1928 4259 ·
1982 4225 2072 4282 διὰ

424 4317 518 4390 μὲν
544 4322 648 4386 τῆς
678 4317 1023 4392 θεωρητικῆς
1051 4316 1118 4371 τὰ
1164 4316 1412 4392 δόγματα
1459 4313 1724 4371 διδάσκων
1779 4322 1879 4385 τῆς
1928 4313 2068 4385 ἀλη-

418 4405 583 4477 θείας,
638 4403 729 4459 διά
777 4403 836 4460 δὲ
879 4412 980 4475 τῆς
1020 4412 1325 4482 πρακτικῆς
1367 4402 1477 4476 ἤθη
1531 4403 1805 4480 ῥυθμίζων
1849 4404 1939 4459 καὶ
1980 4426 2070 4458 νο-

423 4495 664 4568 μοθετῶν
711 4495 795 4563 τὰ,
829 4491 1018 4550 δέοντα
1055 4494 1148 4549 καὶ
1198 4491 1430 4563 δικάζων
1470 4493 1560 4548 καὶ
1590 4493 1842 4548 παντοίαν
1893 4491 2069 4563 ἄλλην

1777 425 2125 488 ΕΡΙΤΟΜΕ
2176 429 2476 490 LOGICA.

482 562 548 632 γ’.
581 553 773 632 Τρίτος
803 552 930 631 ὅρος
963 554 990 610 ὁ
1024 552 1223 631 λέγων²
1259 554 1341 612 ὅτι
1373 553 1670 635 φιλοσοφία
1709 556 1820 612 ἐστὶ
1869 556 2067 630 μελέτη
2101 564 2148 628 Α

3711 431 3827 490 722

2254 565 2307 618 3.
2343 563 2534 619 Tertia
2584 562 2844 619 deﬁnitio
2892 566 3001 631 est,
3030 579 3157 636 quae
3204 561 3362 631 dicit,
3397 561 3825 637 philosOphiam

2182 669 2312 708 esse
2346 653 2785 708 meditationem
2821 652 3048 723 mortis,
3085 651 3348 708 electitiae
3396 652 3673 708 nimirum
3726 670 3828 709 seu

2182 741 2544 797 voluntariae.
2580 742 2779 812 Neque
2811 741 2968 796 enim
2999 741 3109 796 hoc
3140 740 3528 814 philosophus
3558 741 3830 796 meditari

2181 830 2326 901 vult,
2348 831 2641 902 quomodo
2661 831 2772 885 sibi
2797 830 2909 902 ipsi
2932 846 3144 886 manus
3164 830 3376 886 inferat
3394 830 3500 902 (sic
3522 829 3677 886 enim
3701 847 3833 886 con-

2183 919 2409 975 dititias
2437 919 2594 992 leges
2626 923 2908 975 everteret
2933 944 2946 987 ;
2976 919 3266 990 siquidem
3299 919 3564 973 conditor
3592 918 3832 990 quidem

2183 1009 2441 1064 animam
2473 1025 2608 1063 cum
2627 1025 2866 1080 corpore
2887 1007 3197 1081 copulavit,
3215 1007 3314 1062 ille
3333 1011 3528 1063 autem
3556 1007 3833 1078 hujusce-

2183 1099 2342 1153 modi
2371 1098 2642 1170 c0pulam
2666 1099 2900 1169 injussu
2925 1098 3053 1167 ejus
3079 1097 3178 1169 qui
3203 1096 3497 1168 copulavit
3517 1095 3833 1152 dissolvere

2181 1187 2527 1259 praesumit).
2560 1187 2667 1242 Sed
2701 1186 2980 1258 quoniam
3011 1186 3133 1241 vitu
3163 1185 3379 1257 duplex
3407 1189 3496 1241 est
3532 1187 3646 1257 (est
3673 1184 3830 1240 enim

2182 1276 2295 1332 alia
2326 1277 2561 1348 quidem
2593 1276 2898 1345 naturalis,
2932 1275 3048 1331 alia
3074 1292 3208 1331 vero
3240 1274 3484 1331 electiva
3511 1293 3524 1342 ;
3575 1278 3632 1330 et
3661 1278 3831 1330 natu-

2181 1367 2322 1422 ralis
2357 1368 2452 1424 45
2485 1367 2747 1439 quidem,
2781 1365 3060 1422 connexio
3092 1365 3302 1421 animae
3333 1368 3390 1420 et
3432 1363 3711 1436 corporis,
3740 1381 3829 1420 se-

2180 1456 2440 1511 cundum
2469 1473 2647 1528 quam
2681 1473 2714 1510 a
2742 1456 2940 1510 divina
2970 1454 3332 1527 providentia
3360 1453 3590 1509 vivendi
3629 1453 3831 1525 dispo-

2181 1544 2452 1601 sitionem
2505 1545 2860 1617 accepimus,
2894 1561 3012 1616 qua
3061 1559 3273 1615 corpus
3319 1543 3466 1616 ligat
3513 1541 3776 1602 animam
3815 1560 3830 1611 ;

2181 1634 2431 1691 electitia
2461 1651 2615 1700 vero,
2649 1634 2984 1705 conjunctio
3010 1649 3113 1689 seu
3155 1631 3512 1688 consortium
3534 1648 3670 1686 cum
3695 1648 3826 1688 cor-

2179 1741 2318 1796 pore
2360 1729 2416 1779 et
2465 1723 2619 1779 circa
2669 1723 2998 1795 voluptates
3043 1721 3367 1794 occupatio,
3413 1737 3530 1793 qua
3576 1721 3832 1793 seipsam

2179 1814 2378 1870 anima
2406 1813 2572 1886 ligat,
2603 1816 2660 1868 et
2685 1812 2911 1884 corpori
2941 1811 3189 1884 afﬁgit):
3223 1809 3438 1882 duplex
3467 1809 3643 1866 etiam
3674 1826 3834 1866 mors

2179 1920 2307 1960 esse
2337 1903 2729 1975 cognoscitur,
2762 1899 3051 1957 naturalis
3081 1904 3139 1956 et
3167 1899 3427 1956 electiva.
3449 1902 3518 1953 Et
3547 1898 3832 1956 naturalis

2176 1991 2413 2062 quidem
2462 2006 2623 2046 mors
2667 1993 2756 2046 est
2802 1987 3187 2060 disseparatio
3235 1987 3445 2043 animae
3495 2004 3530 2042 a
3568 2002 3831 2058 corpore,

2177 2081 2499 2135 secundum
2533 2095 2712 2150 quam
2744 2077 2938 2134 omnis
2959 2077 3135 2132 homo
3159 2075 3406 2144 decedit,
3425 2075 3676 2132 electitia
3693 2091 3827 2132 vero

2177 2185 2336 2225 mors
2367 2169 2695 2224 secundum
2723 2167 2999 2222 virtutem
3046 2165 3169 2221 vita
3197 2164 3464 2232 exsistit;
3498 2165 3826 2220 secundum

2175 2275 2353 2330 quam
2385 2275 2556 2313 verus
2589 2256 2975 2329 philosophus
3005 2254 3182 2310 etiam
3213 2257 3347 2309 ante
3372 2258 3621 2309 mortem
3653 2257 3824 2309 natu-

2175 2345 2358 2401 ralem
2391 2347 2626 2417 separat
2652 2343 2908 2399 animam
2941 2359 2975 2398 a
3005 2357 3265 2412 corpore,
3297 2341 3438 2397 dum
3478 2340 3823 2413 passionum

2175 2435 2689 2490 mortificationem
2721 2436 3017 2504 operatur,
3049 2435 3106 2487 et
3131 2429 3545 2502 hujuscemodi
3574 2429 3825 2485 mortiﬁ-

2174 2523 2401 2579 catione
2431 2527 2654 2578 natura:
2685 2518 3062 2592 impassibili,
3095 2523 3383 2592 quantum
3416 2519 3544 2590 ejus
3573 2518 3700 2574 ﬁeri
3727 2535 3828 2591 po-

2173 2617 2310 2683 test,
2344 2612 2557 2667 similis
2588 2611 2864 2666 efficitur.
2899 2610 3009 2665 Sed
3041 2607 3178 2664 licet
3225 2609 3403 2664 etiam
3451 2608 3826 2664 communius

2173 2703 2244 2758 de
2269 2701 2650 2757 meditatione
2680 2699 2888 2755 mortis
2917 2698 3205 2754 disserere
3238 2715 3251 2753 :
3303 2697 3456 2769 quod
3485 2697 3586 2768 qui
3617 2713 3688 2752 ex
3714 2696 3826 2753 hoc

2173 2791 2393 2846 mundo
2425 2790 2750 2846 discessum
2781 2791 2975 2843 mente
3004 2803 3236 2859 semper
3281 2785 3617 2842 circumfert
3666 2790 3725 2841 et
3753 2785 3816 2842 in

2173 2883 2477 2936 constante
2505 2879 2686 2950 hujus
2716 2877 3096 2933 meditatione
3121 2879 3406 2944 versatur,
3438 2874 3489 2930 is
3517 2873 3820 2931 liberatio-

2173 2986 2306 3025 nem
2357 2970 2429 3024 ab
2477 2967 2753 3024 omnibus
2800 2965 3199 3037 corporalibus
3241 2963 3736 3021 commentabitur
3763 2967 3820 3020 et

2173 3074 2537 3132 quaecunque
2568 3057 2834 3112 animum
2883 3054 3182 3110 meliorem
3229 3053 3513 3121 efficiunt,
3544 3068 3821 3126 peragere

2173 3147 2455 3214 studebit,
2487 3146 2882 3216 virtutemque
2912 3161 3048 3200 cum
3087 3144 3148 3198 in
3196 3141 3498 3215 republica
3526 3139 3821 3210 comitem,

2170 3242 2300 3293 tum
2332 3236 2393 3292 in
2424 3235 2895 3309 peregrinatione
2926 3232 3145 3290 sociam
3168 3231 3428 3302 habebit,
3456 3229 3692 3286 caducis
3719 3231 3822 3286 46

2092 3300 2134 3368 Ο
2173 3329 2230 3382 et
2254 3300 2445 3381 ﬂuxis.
2462 3300 2830 3397 provaeternis
2854 3320 3223 3394 permutatis.

2245 3416 2298 3471 4.
2351 3414 2571 3479 Quarta
2626 3411 2886 3469 deﬁnitio
2933 3414 3028 3467 est
3075 3427 3201 3482 quae
3246 3410 3348 3479 ait,
3388 3409 3822 3484 philosophiam

2175 3519 2304 3560 esse
2334 3502 2788 3558 similitudinem
2817 3516 2953 3558 cum
2983 3505 3123 3570 Deo,
3155 3503 3377 3573 quanta
3420 3500 3483 3556 in
3521 3499 3823 3557 hominem

2174 3593 2382 3649 cadere
2407 3593 2619 3665 potest.

2245 3701 2301 3755 5.
2334 3697 2622 3766 Quoniam
2654 3696 2810 3752 enim
2841 3696 2994 3752 Deus
3025 3695 3203 3752 habet
3243 3694 3510 3768 duplices
3539 3693 3824 3767 operatio-

2176 3805 2320 3856 nes;
2353 3787 2499 3843 alias
2528 3785 2761 3857 quidem
2811 3784 3027 3857 quibus
3069 3784 3372 3857 cognoscit
3406 3781 3584 3852 entia,
3617 3798 3824 3839 secun-

2179 3877 2321 3933 dum
2378 3892 2527 3947 quas
2584 3873 2784 3931 omnia
2829 3872 3007 3929 etiam
3065 3877 3201 3928 ante
3251 3877 3447 3928 ortum
3502 3889 3679 3928 suum
3731 3888 3827 3928 co-

2177 3965 2446 4039 gnoscit;
2480 3963 2624 4020 alias
2644 3979 2799 4033 vero,
2833 3962 3050 4034 quibus
3092 3977 3411 4034 egenarum
3462 3977 3658 4016 rerum
3689 3977 3829 4032 pro-

2177 4053 2499 4110 videntiam
2525 4053 2703 4109 habet
2730 4051 3057 4108 secundum
3088 4066 3237 4122 quas
3283 4050 3389 4106 toti
3434 4050 3654 4105 mundo
3695 4066 3828 4120 pro-

2180 4141 2375 4215 spicit,
2389 4143 2518 4213 jam
2549 4157 2685 4197 vero
2711 4140 2888 4196 etiam
2912 4137 3299 4212 philosophus
3320 4154 3522 4194 eorum
3543 4154 3670 4211 quis
3690 4141 3832 4193 sunt

2177 4229 2604 4302 contemplator
2631 4246 2780 4297 esse,
2808 4233 2864 4284 et
2887 4245 3084 4285 rerum
3115 4227 3522 4284 universarum
3555 4231 3828 4282 naturam

2183 4320 2330 4376 scire
2361 4319 2661 4375 contendit
2686 4336 2700 4386 ;
2732 4317 2874 4390 quin
2894 4321 2951 4373 et
2970 4332 3289 4390 egenarum
3317 4332 3513 4372 rerum
3544 4315 3829 4371 rationem

2179 4413 2238 4464 et
2296 4424 2498 4464 curam
2549 4407 2745 4476 habet,
2797 4406 3031 4479 quando
3087 4403 3548 4477 contemplativa
3587 4403 3829 4475 quidem

2181 4495 2612 4570 (philosophiae)
2643 4495 2944 4566 beneﬁcio,
2980 4495 3258 4568 dogmata
3285 4510 3388 4551 seu
3420 4494 3653 4550 decreta
3679 4493 3828 4549 veri-

415 4582 747 4656 ποιούμενος
798 4580 1113 4656 ἐπιμέλειαν
1163 4587 1263 4638 τοῦ
1309 4582 1648 4644 συνοίσοντος
1684 4602 1697 4615 ο
1758 4581 1979 4643 εἷ’κότως
2033 4584 2068 4651 ἡ

484 4670 504 4685 ε
667 4669 680 4685 ,
750 4668 775 4685 α
812 4672 826 4685 .
929 4675 957 4685 η.
1061 4678 1087 4685 -
1127 4675 1156 4685 ..
1206 4672 1220 4685 .
1291 4671 1301 4685 .
1471 4672 1484 4685 .
1582 4671 1592 4685 .

2184 4586 2320 4642 tatis
2352 4587 2557 4654 docet;
2594 4584 2792 4640 activae
2823 4587 3019 4640 autem
3051 4599 3242 4640 mores
3274 4583 3346 4638 ad
3377 4580 3831 4638 concinnitatem

418 4669 718 4750 φιλοσοφία
747 4668 836 4726 διὰ
861 4675 1030 4727 ταῦτα
1053 4675 1169 4743 Θεῷ
1201 4671 1435 4748 ὑπάρχει
1465 4671 1751 4744 ὁμοίωσις.

2184 4674 2529 4742 conformat,
2562 4677 2620 4729 et
2668 4674 2739 4730 de
2768 4672 2978 4730 ofﬁciis
3021 4672 3184 4746 leges
3227 4669 3581 4744 promulgat,
3613 4673 3672 4725 et
3701 4686 3834 4726 sen-

415 4761 634 4818 tentias
681 4762 845 4833 dicit,
875 4765 952 4833 let
979 4763 1040 4817 in
1087 4765 1357 4834 quamvis
1406 4762 1582 4819 aliam
1632 4760 1921 4833 profuturi
1968 4777 2172 4818 curam
2215 4767 2279 4821 et
2325 4762 2690 4836 diligentiam
2733 4761 3022 4818 incumbit
3065 4779 3080 4818 :
3115 4763 3423 4834 eapropter
3467 4756 3839 4831 philosophia

412 4852 547 4923 jure
577 4849 904 4907 similitudo
934 4867 1069 4907 cum
1099 4851 1217 4908 Deo
1247 4851 1494 4908 exsistit.

491 4957 558 5019 ς’.
617 4954 942 5031 Πρόσκειται
1014 4953 1072 5011 δὲ
1119 4957 1184 5012 τὸ
1252 4957 1388 5011 κατὰ
1439 4957 1502 5011 τὸ
1570 4954 1792 5010 δυνατὸν
1867 4954 2072 5028 ἀνθρώ-

420 5065 511 5118 πῳ
568 5043 776 5116 καλῶς,
834 5045 950 5100 ἐπεὶ
1005 5049 1114 5101 τῶν
1175 5046 1426 5122 γνώσεων
1490 5045 1582 5100 καί
1634 5049 1742 5098 τῶν
1804 5047 2074 5119 προνοιῶν

416 5132 686 5208 πάμπολυ
735 5132 800 5198 τὸ
858 5131 1138 5213 διάφορον.
1193 5136 1287 5189 Ὧν
1345 5135 1449 5210 γὰρ
1498 5135 1553 5188 αἱ
1601 5133 1775 5188 οὐσίαι
1824 5129 2074 5208 διάφοροι

421 5223 512 5278 καὶ
569 5223 687 5278 καθ’
744 5221 869 5279 ὅσον
903 5269 918 5296 ,
975 5222 1183 5278 τούτων
1256 5223 1346 5278 καὶ
1419 5224 1475 5277 αἱ
1546 5221 1885 5292 τελειότητες
1941 5221 2077 5275 κατά

420 5316 679 5368 τοσοῦτον
729 5310 1001 5391 διάφοροι.
1043 5312 1131 5373 Τίς
1162 5311 1219 5367 δὲ
1267 5311 1544 5389 σύγκρισις
1595 5311 1804 5390 φύσεως
1853 5310 2078 5383 πάμπαν

420 5407 660 5478 τρεπτῆς
707 5401 796 5457 καὶ
843 5401 1068 5478 ῥευστῆς
1099 5402 1236 5477 πρὸς
1281 5403 1381 5471 τὴν
1419 5401 1680 5478 μακαρίαν
1734 5398 1939 5468 ἐκείνην
1983 5397 2074 5452 οὐ-

423 5491 538 5546 σίαν
611 5489 701 5546 καὶ
775 5490 1106 5546 παντάπασιν
1184 5491 1515 5568 ἐξῃρημένην
1593 5490 1801 5560 ἁπάσης
1873 5493 2077 5566 φθορᾶς

423 5579 516 5636 καὶ
558 5587 769 5656 τροπῆς
826 5581 927 5650 τήν
985 5579 1155 5635 πάντα
1199 5584 1323 5634 νοῦν
1380 5581 1456 5652 μὴ
1509 5578 1672 5652 μόνον
1722 5577 2078 5652 ἀνθρώπινον,

427 5666 578 5724 ἀλλὰ
621 5669 711 5724 καὶ
787 5667 1075 5745 ἀγγελικὸν
1117 5668 1171 5731 ἐς
1221 5669 1503 5744 ἀπειράκις
1551 5666 1771 5742 ἄπειρον
1824 5659 2075 5739 ὑπερϐαί-

425 5777 615 5814 νουσαν
651 5778 665 5829 ;

2253 4960 2308 5014 6.
2339 4958 2492 5014 Bene
2520 4961 2717 5014 autem
2749 4959 3042 5029 adjectum
3073 4958 3411 5028 est,quanta
3439 4954 3501 5010 in
3529 4952 3832 5010 hominem

2184 5049 2392 5103 cadere
2421 5051 2612 5119 potest
2636 5065 2649 5116 ;
2685 5046 2977 5118 siquidem
3007 5045 3350 5102 notitiarum
3373 5047 3430 5099 et
3448 5041 3836 5116 providentia-

2185 5153 2316 5192 rum
2349 5152 2564 5208 magna
2593 5139 2684 5191 est
2713 5133 3042 5190 diversitas.
3075 5134 3336 5197 Quorum
3366 5131 3522 5187 enim
3552 5127 3834 5184 substan-

2187 5226 2269 5280 tia
2299 5228 2439 5280 sunt
2468 5223 2710 5279 diversae
2740 5227 2798 5279 et
2826 5223 2888 5277 in
2918 5226 3207 5295 quantum
3256 5223 3396 5276 sunt
3433 5219 3696 5283 diversa,
3728 5216 3835 5273 ho-

2185 5329 2318 5368 rum
2347 5312 2520 5368 etiam
2546 5312 2930 5384 perfectiones
2943 5313 3038 5366 47
3069 5311 3126 5364 in
3158 5313 3389 5365 tantum
3412 5311 3551 5364 sunt
3569 5306 3831 5362 diversae.

2185 5401 2360 5474 Atqui
2392 5418 2518 5472 qua:
2551 5400 2906 5472 comparatio
2929 5404 3019 5456 est
3042 5405 3261 5454 naturas
3293 5415 3396 5470 per
3423 5395 3620 5453 omnia
3645 5399 3834 5451 muta-

2185 5491 2322 5546 bilis
2370 5491 2646 5561 ﬂuxuque
2695 5506 2827 5544 cum
2877 5489 3048 5544 beata
3094 5488 3195 5542 illa
3241 5485 3572 5542 substantia
3600 5497 3727 5555 qua
3758 5482 3831 5537 ab

2189 5579 2347 5635 omni
2379 5579 2748 5649 corruptione
2779 5582 2836 5633 et
2865 5577 3187 5632 mutatione
3216 5581 3483 5646 exempta
3532 5577 3642 5638 est,
3674 5589 3830 5644 quas-

2187 5686 2302 5741 que
2323 5684 2558 5725 omnem
2581 5684 2697 5723 non
2721 5667 2892 5722 modo
2915 5667 3266 5736 humanum,
3290 5665 3390 5721 sed
3415 5662 3595 5720 etiam
3615 5659 3834 5733 angeli-

2189 5775 2322 5814 cum
2344 5756 2704 5814 intellectum
2725 5756 2786 5811 in
2809 5755 3090 5812 infinities
3105 5754 3402 5810 infinitum
3423 5747 3831 5808 transcendit?
