4154 6432
378 400 515 465 -735

1753 403 2102 469 ΕΡΙΤΟΜΕ
2150 401 2424 465 LOGlCA
2438 447 2452 463 .

3680 394 3804 456 726

466 529 528 587 δ’.
562 529 734 588 Πάλιν
786 530 928 605 ὁμοῦ
970 531 1035 587 τὸ
1078 536 1239 606 σῶμα
1286 533 1373 589 καὶ
1403 534 1467 590 τὸ
1513 540 1719 612 χρῶμα
1746 537 2033 615 πεφύκασιν

2232 538 2283 590 4.
2318 536 2544 592 ltursus
2584 532 2757 592 simul
2789 536 2846 590 et
2873 549 3086 605 corpus
3117 536 3175 588 et
3203 528 3361 587 color
3405 545 3533 587 esse
3561 544 3803 586 consue-

394 621 551 678 εἶναι·
605 621 696 677 καὶ
753 618 854 676 οὐκ
908 619 1021 675 ἔστι
1083 626 1243 695 σῶμα
1299 624 1598 700 χρώματος
1654 634 2041 702 χωρισθῆναι,

390 710 513 765 οὕτε
542 714 748 786 χρῶμα
794 713 891 765 τοῦ
945 709 1304 784 ὑποκειμένου
1349 714 1601 787 σώματος
1635 713 1888 791 ἄμοιρον·
1918 709 2045 770 ἀλλ’

476 796 741 869 ἀλλήλων
782 802 951 853 ταῦτα
997 800 1079 873 (ἡ)
1130 799 1340 856 ἐπίνοια
1388 799 1808 880 διαχωρίζουσα,
1839 804 1902 858 τὸ
1951 824 2039 857 κε-

386 887 714 965 χρωσμένον
767 886 921 964 φύσει
970 891 1130 960 σῶμα
1188 889 1494 960 συνίστησιν
1545 890 1596 945 ἐν
1651 893 1813 966 ἑαυτῇ
1868 912 2040 964 μεμο-

384 976 652 1050 νωμένον,
701 972 1056 1049 ἐστερημένον
1098 980 1196 1030 τοῦ
1244 978 1542 1053 χρώματος
1590 979 1679 1035 καὶ
1730 979 1794 1035 τὸ
1836 984 2042 1057 χρῶμα

387 1064 553 1121 πάλιν
589 1063 699 1137 ἰδίᾳ
727 1063 1055 1140 διῃρημένον
1086 1069 1184 1119 τοῦ
1216 1067 1488 1140 σώματος.

457 1156 515 1212 ε’.
542 1155 644 1210 Καὶ
674 1153 808 1224 αὕτη
847 1151 940 1225 μὲν
974 1152 1010 1222 ἠ
1042 1154 1278 1230 πρώτως
1308 1156 1398 1211 καὶ
1429 1157 1629 1233 κυρίως
1661 1157 1892 1214 ἐπίνοια.

453 1331 519 1395 ς’.
577 1331 640 1387 Ἦ
695 1328 753 1386 δὲ
808 1330 977 1401 λοιπή
1040 1331 1178 1407 ψιλὴ
1239 1331 1450 1389 ἐπίνοια
1510 1334 1853 1409 ὀνομάζεται,
1911 1336 2034 1407 ἥτις

384 1417 626 1482 διανοίας
675 1418 906 1497 ὑπάρχει
957 1420 1302 1495 ἀνάπλασμα.
1354 1424 1429 1476 Τά
1478 1423 1580 1498 γὰρ
1633 1421 1862 1497 μηδαμῆ
1922 1447 2036 1499 μη-

387 1505 576 1582 δαμῶς
628 1502 757 1564 ὄντα
803 1510 880 1573 ὡς
909 1504 1039 1565 ὄντα
1085 1510 1380 1587 λογίζεται·
1428 1517 1703 1585 πτερωτὸν
1754 1510 2032 1590 ἄνθρωπον

386 1602 706 1666 συνιστῶσα,
756 1598 846 1654 καὶ
892 1598 1162 1673 σκύμνους
1209 1598 1443 1655 λεόντων
1490 1597 1749 1664 ἕλκοντας
1779 1599 2031 1679 ἄροτρον,

381 1686 473 1742 καὶ
514 1686 712 1742 πλοῖον
765 1686 1026 1764 ἐναέριον,
1071 1689 1162 1743 καὶ
1207 1685 1364 1766 ἕτερα
1408 1688 1787 1766 παραπλήσιοι,
1835 1691 1923 1746 καὶ
1974 1691 2034 1746 ἐκ

377 1780 486 1830 τῶν
518 1773 664 1831 ὅλων
720 1773 778 1831 δὲ
830 1776 966 1851 μέρη
1021 1771 1375 1850 λαμϐάνουσα
1425 1778 1515 1833 καὶ
1564 1784 1866 1843 συντιθεῖσα
1916 1782 2031 1853 μετ’

378 1861 906 1942 ἀλλήλωνλῦφιστᾷ
961 1865 1029 1919 τὰ
1082 1864 1257 1936 πάντη
1314 1864 1643 1939 ἀνύπαρκτα.
1701 1871 1955 1922 Τοιοῦτον
2001 1868 2029 1922 ὁ

374 1951 690 2028 κὲνταυρος,
726 1948 899 2008 εἷ’τουν
932 1953 1349 2028 ἱππάνθρωπος.
1378 1958 1485 2009 τῶν
1518 1949 1689 2009 ὄντων
1723 1952 1876 2010 οὐδὲν
1901 1954 2029 2012 ἀλλ’

374 2039 411 2112 ἤ
448 2041 612 2114 μόνον
639 2037 802 2115 ψιλὸν
835 2041 1127 2116 ἐπινόημα.

2154 630 2361 681 verunt
2389 642 2402 693 ;
2437 641 2540 680 nec
2571 628 2761 696 potest
2779 639 2990 696 corpus
3020 639 3054 678 ο.
3082 619 3271 678 colore
3293 624 3627 691 separatum
3650 634 3800 683 esse,

2154 731 2259 770 nec
2290 714 2447 770 color
2476 715 2740 785 subjecto
2770 728 3010 784 corpore
3029 727 3233 767 vacare
3264 713 3473 783 potest.
3497 709 3608 765 Sed
3642 725 3801 764 men-

2150 801 2228 859 tis
2258 808 2575 875 conceptus
2595 802 2709 858 ista
2738 818 2773 857 a
2801 818 2863 857 se
2892 800 3135 855 invicem
3167 799 3562 872 disseparans,
3587 812 3799 869 corpus

2152 892 2305 964 quod
2342 897 2554 948 natura
2582 891 2904 947 coloratum
2935 894 3044 959 est,
3074 888 3135 944 in
3165 887 3355 961 seipso
3387 886 3713 943 solitarium
3742 890 3800 941 et

2150 979 2339 1036 colore
2367 981 2657 1053 privatum
2687 998 2699 1050 ;
2729 985 2787 1035 et
2815 995 3024 1035 rursus
3054 979 3307 1033 colorem
3355 993 3390 1032 a
3434 990 3674 1048 corpore
3703 972 3796 1029 di-

2147 1068 2338 1126 visum
2370 1069 2673 1143 sigillatim
2705 1067 3031 1125 constituit.

2213 1158 2269 1213 5.
2303 1162 2371 1214 Et
2401 1158 2494 1214 hic
2525 1158 2763 1231 quidem
2800 1155 3077 1231 primario
3113 1158 3171 1212 et
3216 1152 3448 1229 proprie
3476 1154 3793 1227 conceptus

2145 1262 2277 1303 men
2287 1246 2360 1303 tis
2390 1246 2626 1302 dicitur.

2212 1336 2268 1391 6.
2312 1335 2420 1402 Qui
2465 1338 2658 1392 autem
2715 1339 2925 1406 praeter
2968 1333 3127 1389 hunc
3174 1335 3285 1400 est,
3338 1332 3534 1388 nudus
3579 1328 3794 1387 mentis

2143 1428 2458 1497 conceptus
2513 1423 2871 1491 nominatur,
2916 1422 3015 1496 qui
3048 1423 3150 1481 ὅθ
3181 1421 3420 1478 dianam
3450 1420 3792 1493 ﬁgmentum

2141 1513 2391 1570 exsistit.
2428 1515 2561 1580 Qua;
2586 1512 2743 1569 enim
2776 1512 2937 1568 nullo
2968 1512 3139 1568 modo
3168 1510 3401 1583 uspiam
3429 1513 3590 1575 sunt,
3624 1508 3790 1581 quasi

2142 1602 2282 1670 sint,
2317 1601 2541 1658 ratione
2588 1602 2843 1674 concipit
2875 1617 2889 1655 :
2937 1601 3174 1673 quando
3220 1598 3517 1656 hominem
3546 1595 3788 1667 alatum,

2140 1696 2199 1747 et
2229 1691 2454 1748 catulos
2479 1691 2714 1748 leonum
2744 1690 3044 1747 trahentes
3092 1694 3373 1758 aratrum,
3406 1692 3464 1745 et
3491 1686 3789 1761 navigium

2139 1781 2296 1852 quod
2325 1780 2387 1835 in
2417 1796 2549 1837 aere
2578 1781 2817 1848 feratur,
2850 1784 2909 1836 et
2937 1779 3051 1835 alia
3079 1778 3173 1835 his
3200 1777 3438 1846 similia,
3462 1775 3783 1834 constituit.

2140 1870 2250 1926 Sed
2280 1874 2338 1926 et
2366 1886 2436 1925 ex
2463 1869 2602 1925 totis
2633 1876 2827 1943 partes
2878 1868 3192 1941 accipiens,
3224 1871 3283 1923 et
3311 1882 3509 1923 secum
3536 1864 3787 1921 invicem

2137 1975 2515 2031 componens,
2550 1975 2618 2014 ea
2647 1975 2774 2030 qum
2820 1956 3044 2014 nullam
3075 1973 3314 2030 prorsus
3360 1954 3579 2012 habent
3606 1954 3786 2011 exsis-

2135 2048 2401 2119 tentiam,
2433 2047 2733 2120 supponit.
2769 2046 2907 2103 Tale
2954 2046 3095 2118 quid
3144 2048 3233 2102 est
3278 2045 3626 2113 Centaurus,
3661 2042 3783 2099 sive

367 2131 457 2204 (ut
482 2132 566 2188 ita
595 2131 800 2189 Latine
828 2133 1120 2201 dicamus)
1147 2132 1437 2206 equhomo
1486 2133 1602 2190 heu
1630 2134 1997 2208 homequus;
2048 2137 2203 2209 quod
2258 2135 2408 2193 nihil
2459 2140 2550 2193 est
2598 2135 2847 2203 entium,
2897 2135 3000 2191 sed
3033 2135 3320 2191 duntaxat
3366 2133 3595 2190 nudum
3623 2147 3780 2188 com-

369 2222 662 2276 mentum.

443 2312 502 2376 ζ’.
568 2307 816 2386 Διαφέρει
879 2305 937 2363 δὲ
993 2314 1093 2378 τῆς
1152 2309 1441 2387 φαντασίας
1499 2312 1535 2380 ἡ
1598 2308 1737 2384 ψιλή
1794 2309 2025 2383 ἐπίνοια,

369 2393 452 2451 ὅτι
510 2398 546 2466 ἡ
604 2397 697 2471 μὲν
758 2396 1020 2476 φαντασία
1077 2401 1185 2453 τῶν
1241 2393 1410 2454 ὄντων
1471 2398 1611 2455 ἐστὶν
1666 2399 2029 2471 ἆναπόλησις.

371 2483 498 2541 ὅταν
548 2506 632 2549 τις
674 2486 738 2542 τὸ
788 2486 979 2563 ὁραθὲν
1036 2486 1281 2563 ἀναπολῇ
1332 2488 1421 2543 καὶ
1471 2490 1822 2568 φαντάζηται.
1855 2491 1917 2545 Ἠ
1973 2487 2032 2545 δὲ

365 2574 506 2650 ψιλὴ
558 2572 771 2630 ἐπίνοια
802 2579 912 2629 τῶν
968 2573 1243 2650 μηδαμῶς
1290 2572 1460 2633 ὅντων
1512 2578 1623 2633 ἐστὶ
1678 2576 2028 2652 διατύπωσις,

363 2664 573 2809 γένεσέ
607 2659 812 2740 ἔχουσα
837 2664 938 2734 τὴν
981 2662 1299 2739 ἐνθύμησιν,
1343 2667 1443 2736 τήν
1477 2664 1534 2722 δὲ
1587 2666 1789 2738 λήθην,
1818 2667 2027 2724 τελείαν

368 2763 508 2809 φθοο
583 2794 597 2808 .

368 2763 573 2832 φθοράν
583 2794 597 2808 .

2207 2315 2263 2370 7.
2298 2315 2498 2371 Diﬁ'ert
2526 2316 2719 2370 autem
2751 2314 2824 2369 ab
2872 2312 3289 2386 imaginatione
3334 2312 3530 2368 nudus
3571 2308 3787 2367 mentis

2142 2408 2483 2476 conceptus,
2517 2404 2670 2475 quod
2706 2402 3045 2477 imaginatio
3067 2401 3307 2474 quidem
3335 2406 3426 2457 est
3455 2400 3678 2457 entium
3707 2414 3791 2454 re-

2139 2492 2363 2565 petitio,
2397 2493 2637 2565 quando
2669 2491 2802 2564 quis
2834 2490 2988 2563 quod
3019 2490 3130 2547 sibi
3161 2491 3351 2546 visum
3384 2494 3473 2546 est
3500 2488 3705 2546 recolit
3733 2492 3790 2544 et

2138 2581 2540 2655 imaginatur;
2571 2582 2674 2637 sed
2716 2581 2915 2637 nudus
2958 2579 3174 2636 mentis
3222 2583 3539 2652 conceptus
3585 2594 3787 2635 earum

2139 2688 2269 2743 quas
2298 2687 2542 2743 prorsus
2573 2686 2688 2726 non
2720 2668 3264 2742 sunticonformatio
3289 2686 3303 2737 ;
3336 2683 3467 2741 qua;
3485 2683 3589 2740 pro
3619 2682 3790 2740 gene-

2139 2759 2364 2817 ratione
2389 2758 2821 2834 cogitationem,
2853 2774 2958 2831 pro
2996 2757 3251 2831 perfecta
3280 2756 3655 2831 corruptione
3681 2757 3785 2813 ob-

2137 2847 2411 2905 livionem
2439 2848 2634 2904 habet.

1577 3002 1784 3073 Σχῆμα
1810 2996 2004 3077 κεφαλ.
2038 2999 2098 3072 ε’,
2129 2999 2263 3074 Περὶ
2292 2997 2554 3060 ἐπινοίας.

1229 3122 1265 3189 ἠ
1325 3119 1420 3192 μὲν
1481 3118 1697 3201 ἐπίνοια
1749 3121 1831 3201 τίς
1879 3122 2016 3201 ἐστι,
2072 3124 2142 3201 τᾲ
2188 3122 2253 3201 ἐκ.
2293 3122 2504 3201 φύσεως
2562 3121 2885 3201 συνημμένα
2913 3118 3319 3201 διαχωρίζουσα
3363 3120 3453 3201 καὶ
3486 3115 3789 3201 ἰδιοσυστά-

1337 3192 1767 3317 τωςῑέπινιοοῦσα
1800 3189 2069 3273 ἑκάτερον,
2103 3196 2177 3257 ὡς
2204 3189 2611 3269 τὸν’ἅνθρωπον
2644 3189 2918 3270 ἔνι’ᾧυχῆς
2946 3189 3042 3248 κοίῖ
3084 3189 3361 3267 σώματος,
3400 3191 3524 3263 ἥτις
3572 3189 3787 3269 λέγεται

1338 3282 1438 3317 κυο
1468 3284 1543 3317 ως
1575 3285 1769 3317 εννοια·

1233 3336 1269 3403 ἡ
1303 3282 1543 3412 δέᾝιΐίῇς
1562 3285 1792 3410 ἕτζίὲύῗα,
1824 3337 1893 3392 τὰ
1927 3334 2159 3412 μηδαμῆ
2197 3334 2470 3412 μηδαμῶς
2517 3332 2648 3392 ὅντα
2692 3339 3012 3409 συνιστῶσα,
3065 3336 3179 3391 οἷον
3224 3333 3422 3391 πλοῖον
3460 3333 3719 3412 ἐναέριον,
3749 3330 3786 3403 ἤ

1132 3106 1153 3141 I

599 3264 660 3319 Ἦ
691 3261 905 3319 ἐπίνοια
1126 3150 1154 3319 5

1127 3302 1155 3497 ὶ
1233 3336 1269 3403 ἡ
1303 3302 1541 3409 aﬂuit”
1562 3302 1695 3390 εἶἷᾷ

1338 3405 1695 3486 τραγέλαφος.

1426 3656 1522 3717 Μ
1573 3659 1792 3716 Tabula
1816 3660 2016 3733 capitis
2042 3660 2098 3729 5,
2129 3661 2206 3717 De
2234 3661 2493 3733 conceptu
2519 3659 2739 3714 mentis.

1227 3754 1376 3812 alius
1420 3756 1648 3826 quidem
1697 3773 1867 3830 supra
1909 3774 2029 3815 rem
2086 3759 2229 3815 facta
2287 3757 2599 3830 speculalio
2628 3770 2751 3830 quae
2778 3772 2813 3810 a
2847 3757 3051 3830 natura
3104 3753 3416 3830 conjuncta
3468 3753 3706 3830 dirimit,
3736 3761 3791 3811 et

1302 3824 1609 3910 utrumque
1639 3828 1743 3885 sub
1767 3824 2048 3910 peculiari
2089 3824 2377 3910 hyposla'si
2424 3845 2527 3910 seu
2572 3824 2940 3910 subsistentia
2962 3897 2973 3909 _
2984 3826 3261 3910 concipit,
3294 3832 3355 3881 ut
3403 3824 3695 3882 hominem
3720 3842 3791 3883 ex

1300 3898 1495 3973 anima
1518 3897 1575 3956 et
1602 3897 1839 3973 corpore
1871 3919 1885 3958 :
1916 3902 2014 3971 qui
2043 3897 2268 3973 proprie
2297 3908 2604 3971 conceptus
2630 3898 2838 3955 mentis
2859 3897 3103 3973 dicitur;

1228 3968 1375 4025 alius
1406 3984 1536 4027 vero
1566 3965 1754 4028 nudus
1791 3965 2000 4029 mentis
2043 3965 2376 4044 con-ceptus,
2408 3965 2506 4042 qui
2551 3987 2676 4043 quae
2705 3968 2969 4044 nuspiam
3016 3981 3246 4044 prorsus
3292 3973 3450 4044 sunt_
3474 3965 3789 4044 constituit,

1302 3985 1375 4025 .us
1406 3984 1536 4027 vero
1566 3984 1754 4028 nudus
1791 3984 2000 4029 menus
2045 3984 2355 4044 conceptus
2408 3988 2506 4042 ([111
2551 3987 2676 4043 quas
2705 3984 2969 4041 nuspmm
3058 3984 3246 4024 rorsus
3292 3984 3424 4023 sunt
3474 3984 3787 4033 consuluit,

1302 4047 1368 4096 ut
1393 4049 1527 4099 sunt
1553 4044 1845 4115 navigium
1874 4045 2023 4115 quod
2069 4045 2132 4100 in
2180 4060 2310 4101 aere
2355 4017 2589 4113 feratur,
2623 4046 2723 4098 aut
2770 3984 3152 4112 tragelapﬁus,
3185 4038 3349 4111 quasi
3396 4038 3553 4097 dicas
3600 4038 3787 4096 hirco-

1298 4126 1516 4170 οθηιιε.

412 3935 734 4006 Conceptus
766 3936 975 3993 mentis
1003 3942 1084 3993 est

1637 4318 2013 4382 SYNOPSIS
2059 4320 2369 4382 GAPITIS
2414 4320 2519 4394 VI,

1727 4441 1889 4496 QUOD
1932 4443 2045 4489 EST
2087 4444 2166 4488 ΒΕ
2209 4442 2444 4489 SECTIS.

382 4557 434 4613 1.
467 4554 687 4632 Sectam
709 4554 1151 4632 philosophica»:
1170 4556 1395 4632 deﬁnit.
1429 4588 1496 4600 —
1524 4561 1580 4632 2.
1608 4557 1989 4628 Deﬁnitionem
2034 4561 2293 4632 explicat,
2320 4568 2372 4616 et
2399 4561 2580 4629 primo
2603 4557 2824 4632 quidem
2846 4556 3151 4632 fatiqngnt
3164 4628 3173 4632 _
3190 4551 3388 4632 reddit,
3420 4567 3591 4632 quare
3616 4551 3792 4632 dicat,

457 4626 602 4699 quod
630 4627 681 4682 si
707 4624 959 4704 biformi;
980 4645 1093 4704 non
1120 4624 1477 4704 virippinio,
1495 4631 1611 4704 rubi
1637 4624 1759 4686 eam
1782 4634 1952 4687 etiam
1981 4648 2017 4687 a
2043 4624 2185 4687 th'csi
2212 4624 2523 4704 distinguit,
2554 4624 2722 4704 quam
2748 4628 2957 4704 itideni
2981 4625 3194 4704 deﬁnit.
3225 4654 3295 4704 τ-
3323 4624 3377 4679 3.
3411 4624 3522 4704 Cur
3547 4625 3795 4704 urbano-

460 4695 589 4754 rum
615 4714 709 4756 seu
739 4700 1102 4774 elegantium.
1136 4695 1624 4774 —A4.'Cur,'inter
1650 4717 1706 4757 se
1736 4705 1961 4774 quidem
1990 4695 2464 4770 σοηδεηιίεηιίιιὶη,
2494 4695 2585 4757 sed
2621 4701 2689 4756 ab
2718 4700 2850 4774 aliis
2899 4695 3356 4753 dissentientium.
3386 4695 3791 4774 —_5._Sectam

462 4778 671 4847 septem
692 4767 869 4847 modis
891 4771 1005 4847 dici
1028 4772 1283 4847 ostendit.
1313 4767 1466 4847 -—_6_.
1498 4774 1577 4847 Ab
1605 4767 1840 4829 auctore.
1873 4805 1942 4815 —-
1970 4775 2025 4830 7.
2059 4776 2098 4847 Α
2126 4777 2315 4847 patria
2342 4767 2478 4847 ejus.
2511 4805 2580 4813 ——
2609 4774 2664 4827 8.
2695 4771 2897 4847 Haec
2916 4782 3328 4847 conmeantum.
3350 4797 3420 4807 —
3444 4767 3501 4824 9.
3531 4767 3574 4823 Α
3601 4782 3795 4824 censu-

459 4838 534 4897 νᾰ
557 4843 619 4898 in
640 4841 943 4915 judicando
970 4843 1242 4900 adhibita.
1273 4874 1345 4886 —-
1374 4844 1474 4902 52
1506 4846 1593 4901 10.
1623 4847 1664 4900 Α
1692 4848 1858 4904 modo
1885 4838 2224 4902 vivendif—
2253 4847 2340 4902 11.
2365 4838 2411 4902 'A
2441 4847 2570 4917 ﬁne.
2598 4873 2671 4885 --
2701 4843 2786 4899 12.
2820 4841 2909 4897 Ab
2937 4839 3212 4896 accidente
3239 4838 3455 4910 aliqua.

1020 5101 1277 5157 ΚΕΦΑΛ.
1333 5119 1384 5163 ς.

2786 5101 3020 5159 CAPUT
3055 5101 3153 5158 VI.

988 5187 1123 5264 Περὶ
1149 5187 1429 5264 αἱρέσεων.

2835 5191 2910 5247 Dc
2936 5190 3112 5247 sectis.

454 5277 526 5332 α’.
558 5277 624 5332 Ἥ
646 5274 785 5332 κατᾶ
812 5274 1138 5355 φιλοσοφίαν
1169 5274 1372 5354 α’ίρεσίς
1404 5277 1544 5333 ἐστιν
1574 5276 1779 5354 ἀνδρῶν
1811 5280 2033 5337 ἀστείων

2222 5282 2273 5337 1.
2308 5281 2479 5337 Secta
2506 5280 2835 5338 secundum
2851 5278 3284 5353 philosophiam
3304 5279 3398 5335 est
3423 5276 3681 5334 virorum
3708 5290 3804 5330 ur-

387 5363 540 5440 δόξα,
570 5363 709 5442 πρὸς
739 5364 960 5430 ἑαυτοὺς
998 5366 1091 5440 μὲν
1146 5366 1604 5445 συμφωνούντων,
1642 5370 1779 5447 πρὸς
1824 5369 2033 5447 ἑτέρους

2152 5371 2436 5426 banorum
2480 5385 2682 5425 secum
2710 5368 2859 5441 ipsis
2906 5367 3140 5439 quidem
3188 5364 3702 5431 consentientium,
3728 5363 3801 5420 ab

383 5452 446 5511 δὶ
475 5451 911 5533 διαφωνούντων.

2152 5458 2282 5515 aliis
2309 5475 2444 5515 vero
2482 5457 2956 5514 dissentientium
2986 5456 3205 5528 opinio.

462 5542 531 5618 β’.
566 5538 802 5619 Ἀνδρῶν
853 5539 1065 5618 εἷ’ρηται
1112 5539 1202 5596 καὶ
1246 5539 1375 5616 ούχὶ
1408 5540 1619 5619 ἀνδρὸς,
1660 5543 1845 5616 ἐπειδὴ
1877 5549 1913 5616 ἡ
1943 5551 2033 5601 τοῦ

2218 5552 2269 5603 2.
2305 5547 2576 5604 Virorum
2607 5546 2825 5602 dictum
2857 5551 2965 5615 est,
2998 5550 3055 5601 et
3100 5563 3217 5602 non
3245 5545 3356 5601 viri
3386 5565 3401 5615 ς
3432 5540 3802 5617 quandoqui-

386 5630 509 5692 ἑνὸς
553 5628 746 5708 ἀνδρὸς
793 5628 920 5705 δόξα
967 5627 1169 5707 α’ίρεσιν
1222 5630 1285 5685 οὐ
1332 5637 1499 5705 ποιεῖ,
1553 5633 1700 5689 ἀλλὰ
1751 5635 1915 5693 θέσιν.
1949 5638 2033 5691 Θὲ-

2152 5639 2283 5693 dem
2319 5637 2495 5693 unius
2525 5636 2632 5691 viri
2666 5635 2862 5707 opinio
2880 5637 3100 5691 sectam
3131 5651 3249 5691 non
3282 5634 3441 5704 facit,
3463 5632 3566 5689 sed
3581 5629 3797 5686 thesin.

386 5739 472 5781 σις
533 5717 637 5797 γάρ
690 5719 803 5776 ὶστι
850 5716 1156 5796 παράδοξος
1233 5716 1507 5794 ὑπόληψις
1570 5722 1706 5795 (καὶ)
1765 5721 1875 5786 ἐνὸς
1931 5728 2033 5779 τῶν

2152 5727 2299 5786 Nam
2332 5726 2516 5784 thesis
2545 5729 2634 5782 est
2684 5728 2890 5798 praeter
2918 5722 3205 5793 (omnium
3235 5721 3567 5795 opinionem
3610 5716 3805 5775 existi-
