4154 6454
346 451 466 511 727

1601 445 2024 510 NICEPHORI
2067 443 2510 507 BLEMMlDlE

3639 443 3765 507 728

351 583 534 639 matio
565 581 742 638 unius
764 582 1014 654 alicujus
1035 599 1236 639 eorum
1256 583 1358 656 qui
1379 583 1439 638 in
1465 582 1837 655 philosophia
1858 584 1998 636 sunt

2150 579 2242 631 ιιτᾶ
2289 576 2614 654 φιλοσοφίαν
2662 576 2977 654 γνωρίμων,
3029 576 3104 639 ὠς
3154 577 3189 646 ἡ
3242 580 3341 632 τοῦ
3385 577 3761 654 Ἡρακλείτου,

353 671 634 735 celebres,
668 676 734 726 ut
767 671 1062 738 Heracliti,
1095 673 1248 743 quod
1299 673 1496 728 omnia
1527 677 1870 728 moveantur
1898 688 1910 736 ;
1944 673 2001 723 et

353 760 740 827 Parmenidis,
760 763 912 831 quod
933 778 1035 816 ens
1054 761 1133 815 sit
1165 779 1350 816 unum
1379 766 1435 816 et
1453 760 1750 815 immobile
1775 778 1787 827 ;
1812 764 1869 814 et
1889 767 2001 812 An-

357 849 653 916 tisthenis,
699 850 854 922 quod
909 867 1025 905 non
1073 850 1244 906 liceat
1289 851 1705 905 contradicere.
1757 849 2003 904 Proinde

359 939 459 1012 qui
491 944 709 994 sectam
743 939 1120 1004 constituant,
1153 938 1323 994 multi
1355 944 1512 994 sunt.

431 1030 484 1082 3.
517 1029 734 1082 Verum
788 1028 960 1082 etiam
1013 1028 1246 1096 urbani,
1278 1029 1386 1083 hoc
1425 1033 1534 1093 est,
1567 1044 1698 1082 cum
1754 1026 2004 1096 alicujus

359 1116 726 1173 auctoritatis
772 1120 900 1171 tum
949 1117 1140 1185 docti;
1177 1117 1223 1170 si
1283 1118 1435 1172 enim
1484 1117 1752 1189 vulgares
1800 1116 1921 1171 sint
1951 1119 2008 1170 et

363 1206 638 1278 gregarii,
682 1206 974 1277 quomodo
1022 1207 1080 1260 in
1122 1205 1492 1278 philosophia
1529 1210 1748 1261 sectam
1791 1204 2008 1260 consti-

358 1295 570 1350 tuent?

431 1386 482 1438 4.
517 1384 780 1455 Denique
827 1388 1046 1439 certam
1077 1387 1246 1439 sectae
1297 1388 1496 1439 notam
1549 1384 1667 1453 dat,
1701 1382 2005 1439 consensio

363 1489 498 1528 cum
532 1472 917 1528 dissensione.
954 1473 1058 1536 Qui
1104 1473 1258 1528 enim
1290 1478 1348 1528 et
1395 1489 1594 1528 secum
1645 1472 1916 1539 invicem,
1950 1475 2008 1527 et

364 1578 497 1616 cum
530 1561 662 1616 aliis
693 1562 1087 1630 consentiunt,
1121 1565 1338 1618 sectam
1384 1579 1500 1616 non
1531 1561 1812 1618 efﬁciunt.
1846 1561 2007 1625 Quod

364 1650 520 1706 enim
553 1650 625 1704 ab
655 1651 930 1706 omnibus
950 1650 1308 1706 unanimiter
1327 1654 1712 1716 asseveratur,
1745 1667 2007 1704 commu-

365 1740 457 1794 nis
488 1741 644 1795 notio
675 1743 763 1795 est
790 1756 803 1794 :
838 1745 900 1794 ut
930 1741 1083 1811 quod
1120 1740 1273 1795 Deus
1303 1740 1492 1795 bonus
1541 1739 1639 1805 sit,
1669 1744 1728 1794 et
1758 1739 1843 1794 sol
1874 1738 2009 1794 illu-

364 1829 630 1883 minandi
656 1829 989 1884 facultatem
1020 1829 1250 1884 habeat.

433 1919 488 1972 5.
523 1917 807 1973 Caeterum
839 1921 1005 1973 secta:
1057 1917 1116 1972 in
1148 1917 1522 1990 philosophia
1567 1922 1791 1990 septem
1819 1919 2010 1974 modis
2039 1950 2089 2016 B

367 2007 677 2063 nominatae
708 2011 868 2062 sunt.

439 2098 542 2154 53
571 2098 625 2152 6.
658 2095 760 2152 Vel
792 2095 948 2151 enim
981 2095 1053 2152 ab
1085 2096 1210 2167 ipso
1260 2098 1428 2152 sectae
1459 2095 1741 2168 principe,
1791 2099 1856 2151 ut
1886 2096 2012 2151 Pla-

366 2184 546 2240 tonici
578 2188 636 2238 et
660 2182 1034 2238 Aristotelici.

440 2275 494 2326 7.
526 2271 628 2326 Vel
662 2288 697 2326 a
745 2271 933 2342 patria
963 2273 1091 2342 ejus
1140 2272 1236 2343 qui
1287 2278 1454 2330 sectae
1506 2273 1779 2347 princeps
1809 2279 1917 2344 est,
1949 2277 2016 2328 ut

369 2362 660 2434 Cyrenaici
709 2365 947 2433 propter
989 2361 1353 2433 Aristippum
1401 2365 1777 2436 Cyrenmum;
1810 2367 1866 2418 et
1894 2365 2014 2420 Me-

367 2451 547 2523 garici
580 2455 814 2522 pr0pter
843 2449 1136 2506 Euclidem
1168 2452 1585 2523 Megarensem.

437 2542 490 2595 8.
524 2540 626 2596 Vel
660 2558 692 2595 a
723 2539 847 2594 loco
879 2540 937 2594 in
972 2557 1088 2610 quo
1137 2557 1484 2612 congressus
1513 2542 1917 2605 instituebant,
1951 2547 2017 2596 ut

367 2629 534 2687 stoici
566 2633 802 2700 propter
819 2629 1040 2682 variam
1073 2629 1132 2683 in
1155 2630 1344 2684 Attica
1374 2630 1515 2699 (sive
1543 2631 1807 2700 Athenis)
1827 2635 2012 2686 stoam

363 2723 493 2789 (seu
525 2718 858 2790 porticum).

435 2811 489 2864 9.
522 2807 623 2864 Vel
655 2824 688 2862 a
718 2825 966 2863 censura
1012 2825 1189 2879 quam
1240 2808 1298 2862 in
1331 2807 1800 2880 philosophando
1850 2808 2014 2864 adhi-

366 2901 643 2965 buerunt,
676 2901 742 2952 ut
772 2896 1052 2968 ephectici
1083 2897 1214 2969 (hoc
1245 2903 1352 2966 est,
1377 2897 1894 2969 quiassensionem
1927 2897 2014 2951 in-

364 2987 687 3054 hibebant).
719 2986 789 3040 Hi
819 2986 978 3040 enim
1009 3002 1142 3040 cum
1176 2986 1554 3057 opinarentur
1575 2985 1716 3040 nihil
1754 3002 2017 3058 compre-

370 3075 548 3131 bendi
580 3090 772 3146 posse,
806 3073 1269 3145 propositionum
1303 3073 1621 3129 solutiones
1653 3073 2013 3130 inhibebant.

444 3165 530 3218 10.
564 3162 666 3218 Vel
699 3179 733 3217 a
763 3163 936 3218 modo
966 3162 1116 3229 vita,
1153 3167 1218 3216 ut
1248 3161 1454 3234 cynici,
1486 3163 1583 3233 qui
1617 3163 2019 3219 indifferenter

371 3269 585 3308 canum
617 3251 802 3306 instar
849 3251 1135 3318 vivebant,
1171 3251 1388 3322 quique
1437 3251 1818 3322 philosophiae
1869 3253 2015 3324 dog-

2111 665 2193 720 ὅτι
2225 666 2397 721 πάντα
2425 672 2669 721 κινεῖται’
2719 667 2809 720 καὶ
2856 669 2891 736 ἡ
2921 670 3017 720 τοῦ
3069 664 3431 742 Παρμενίδου,
3473 666 3556 722 ὅτι
3603 668 3656 723 ’ἐν
3700 669 3765 723 τὸ

2112 757 2169 810 ὃν
2228 757 2318 810 καὶ
2379 757 2651 826 ἀκίνητον·
2711 755 2800 810 καὶ
2857 759 2892 825 ἡ
2944 760 3041 810 τοῦ
3089 754 3478 829 Ἀντισθένους,
3530 755 3611 812 ὅτι
3666 757 3766 813 οὐκ

2114 843 2254 900 ἔστιν
2287 843 2604 920 ἀντιλέγειν.
2651 843 2863 900 Πολλοὶ
2909 849 3199 922 τοιγαροῦν
3230 845 3360 900 εἰσιν
3394 846 3447 899 οἱ
3477 851 3765 902 ωνιστῶν-

2110 955 2196 995 τες
2223 935 2323 1002 τὴν
2355 934 2554 1011 α’ίρεσιν
2565 980 2576 992 .

2183 1025 2248 1098 γ’.
2281 1021 2455 1079 Ἀλλά
2511 1024 2601 1078 καὶ
2660 1026 2882 1091 ἀστεῖοι,
2939 1023 3182 1078 τουτέστι
3239 1022 3519 1100 ἀξιόλογοι
3573 1046 3633 1079 τε
3676 1025 3766 1080 οιαὶ

2115 1110 2499 1184 ἐπιστήμονες.
2552 1111 2617 1166 Εἰ
2663 1113 2765 1187 γὰρ
2815 1111 3008 1167 εἰκαῖοι
3037 1111 3127 1166 καὶ
3179 1109 3445 1188 ἀγελαῖοι,
3481 1110 3682 1189 α’ίρεσιν
3716 1113 3769 1168 ἐν

2115 1199 2417 1278 φιλοσοφίᾳ
2443 1204 2561 1263 πῶς
2593 1202 2917 1271 ποιήσονται
2957 1220 2971 1270 ;

2191 1373 2252 1434 δ’.
2305 1377 2699 1454 Χαρακτηρίζει
2749 1375 2807 1432 δὲ
2852 1377 2952 1446 τὴν
3020 1376 3220 1453 α’ίρεσιν
3274 1378 3564 1456 συμφωνία
3638 1377 3772 1450 μετᾶ

2119 1462 2428 1542 διαφωνίας.
2475 1467 2539 1519 Οἱ
2585 1466 2687 1541 γὰρ
2735 1465 2825 1520 καὶ
2884 1466 3022 1540 πρὸς
3080 1464 3299 1528 ἑαυτοὺς
3351 1471 3769 1545 συμφωνοῦντες

2117 1554 2206 1608 καὶ
2261 1555 2397 1630 πρὸς
2455 1554 2581 1616 τοὺς
2637 1553 2843 1618 ἄλλους
2903 1554 3102 1631 αἵρεσιν
3140 1555 3201 1610 οὐ
3254 1560 3490 1614 ποιοῦσι.
3539 1557 3610 1610 Τὸ
3665 1557 3768 1630 γάρ

2117 1643 2264 1718 παρᾶ
2310 1643 2522 1698 πάντων
2573 1643 3024 1719 ὁμολογούμενον
3055 1645 3211 1714 κοινή
3246 1640 3419 1699 ἔννοιά
3457 1643 3620 1699 ἐστιν·
3653 1645 3768 1699 οἷον

2119 1730 2201 1786 ὅτι
2234 1733 2263 1786 6
2293 1733 2423 1796 Θεὸς
2454 1733 2671 1809 ἀγαθὸς,
2703 1734 2792 1788 καὶ
2823 1733 2852 1787 6
2880 1732 3044 1802 ¹ἥλιος
3075 1733 3419 1811 φωτιστικός.

2193 1915 2250 1969 ε’.
2303 1911 2704 1986 Ὠνομάσθησαν
2756 1910 2814 1968 δὲ
2862 1914 2916 1968 αἱ
2965 1914 3102 1968 κατὰ
3156 1911 3480 1990 φιλοσοφίαν
3537 1913 3769 1989 αἱρέσεις

2119 2005 2255 2058 κατὰ
2271 2002 2508 2079 τρόπους
2542 2001 2694 2060 έπτά.

2196 2094 2259 2156 ς’.
2308 2094 2377 2146 Ἦ
2425 2093 2528 2167 γὰρ
2578 2092 2670 2146 ἀπ’
2713 2092 2876 2148 αὐτοῦ
2923 2097 3021 2148 τοῦ
3066 2093 3439 2169 αἱρεσιάρχου,
3490 2093 3565 2156 ὡς
3623 2092 3774 2149 Πλα-

2120 2203 2228 2237 των
2240 2181 2344 2236 ικοὶ
2373 2181 2465 2236 καὶ
2494 2181 2944 2258 Ἀριστοτελικοί.

2198 2273 2258 2341 ζ’.
2292 2272 2360 2327 Ἦ
2413 2271 2522 2326 ἀπὸ
2565 2278 2663 2341 τῆς
2711 2269 2970 2347 πατρίδος
3021 2276 3119 2326 τοῦ
3167 2273 3540 2348 αἱρεσιάρχου,
3591 2272 3666 2335 ὡς
3724 2273 3778 2328 οἱ

2124 2361 2478 2436 Κυρηναϊκοὶ,
2531 2358 2620 2415 διὰ
2665 2361 2756 2415 τὸν
2803 2367 3107 2438 Κυρηταῖον
3159 2361 3528 2437 Ἀρίστιππον.
3579 2363 3678 2416 Καὶ
3725 2363 3777 2416 οἱ

2125 2450 2427 2526 Μεγαρικοὶ
2459 2447 2528 2504 δι’
2563 2447 2857 2520 Εὐκλείδην
2887 2448 2979 2504 τὰν
3013 2449 3274 2527 Μεγαρέα.

2197 2541 2265 2610 η’.
2301 2542 2368 2594 Ἢ
2400 2539 2504 2593 ἀπὸ
2529 2543 2625 2593 τοῦ
2675 2539 2867 2606 τόπου,
2900 2539 2950 2594 έν
3001 2540 3046 2610 ᾧ
3071 2541 3167 2602 τὰς
3196 2539 3479 2603 συνουσίας
3527 2539 3778 2596 ἐποιοῦν-

2123 2651 2208 2700 το,
2267 2629 2341 2689 ὡς
2406 2629 2458 2682 οἱ
2515 2629 2759 2698 στωικοὶ,
2821 2625 2909 2682 διὰ
2966 2629 3062 2697 τήν
3123 2628 3173 2683 έν
3236 2630 3459 2703 Ἀττικῇ
3515 2629 3776 2699 ποικίλην

2125 2720 2302 2776 στοάν.

2197 2808 2355 2863 Θ’.“Η
2410 2806 2515 2860 ἀπὸ
2570 2813 2670 2875 τῆς
2729 2805 2780 2860 ἐν
2835 2810 2914 2877 τῷ
2961 2803 3278 2885 φιλοσοφεῖν
3328 2805 3669 2882 ἐπικρίσεως,
3702 2809 3781 2871 ὡς

2128 2897 2180 2950 οἱ
2238 2895 2505 2973 ἐφεκτικοί
2541 2941 2552 2953 .
2611 2893 2770 2950 Οὗτοι
2845 2896 2949 2971 γὰρ
3027 2895 3400 2970 ἀκαταληψίαν
3473 2894 3784 2967 δοξάζοντες

2128 2984 2348 3060 ἐπεῖχον
2380 2985 2474 3046 τὰς
2513 2981 2693 3046 λύσεις
2723 2989 2829 3039 τῶν
2857 2986 3188 3054 προτάσεων.

2202 3166 2250 3217 ι’.
2286 3165 2352 3218 Ἢ
2384 3163 2490 3218 ἀπὸ
2517 3167 2615 3217 τοῦ
2657 3162 2861 3239 τρόπου
2903 3169 3006 3231 τῆς
3059 3164 3224 3234 ζωῆς,
3277 3161 3457 3238 ὥσπερ
3491 3163 3542 3217 οἱ
3575 3164 3788 3218 κυνικοὶ

2136 3257 2329 3321 ζῶντες
2378 3249 2685 3330 ἀδιαφόρως
2737 3249 2891 3323 δίκην
2939 3255 3137 3306 κυνῶν·
3184 3251 3253 3306 τά
3298 3272 3357 3306 τε
3408 3249 3656 3326 δόγματα
3681 3255 3787 3322 τῆς

370 3346 531 3396 mata
590 3339 968 3405 muniebant,
1029 3339 1350 3411 eademque
1420 3340 2017 3396 demonstrationibus

2150 3339 2461 3420 φιλοσοφίας
2516 3315 2904 3418 φρουροῦντες,
2951 3340 3041 3394 καὶ
3102 3315 3545 3416 ὑπερμαχοῦντες
3610 3340 3785 3396 αὐτῶν

370 3428 845 3502 pr0pugnabant,
878 3432 935 3482 et
981 3426 1200 3482 amicos
1250 3427 1323 3482 ab
1375 3427 1601 3492 alienis,
1649 3428 1759 3484 hoc
1807 3433 1914 3497 est,
1947 3430 2020 3485 ad

373 3516 913 3591 philosophandum
946 3520 1113 3588 aptos
1143 3517 1216 3572 ab
1247 3517 1462 3588 ineptis
1491 3518 1562 3571 ad
1597 3518 1653 3572 id
1687 3517 1904 3588 ipsum,
1929 3534 2020 3574 se-

377 3607 714 3672 cernebant,
746 3609 804 3660 et
831 3605 963 3661 illos
1015 3604 1251 3674 quidem
1295 3606 1571 3662 benevole
1599 3607 2022 3679 suscipiebant,

371 3696 480 3751 bos
509 3711 643 3750 vero
675 3694 856 3750 libere
875 3699 934 3749 et
963 3694 1156 3766 palam
1188 3694 1713 3766 reprehendebant,
1735 3701 1792 3752 et
1821 3697 2022 3769 procul

375 3785 447 3841 ab
482 3783 771 3839 auditorio
801 3784 1127 3855 exigebant.

444 3963 529 4017 11.
561 3960 667 4016 Vel
699 3979 732 4016 a
760 3962 896 4028 line,
930 3965 995 4016 ut
1041 3959 1373 4033 voluptarii,
1406 3961 1507 4033 qui
1561 3963 1738 4018 ﬁnem
1774 3963 2026 4035 philoso-

374 4051 525 4122 phie
556 4066 683 4105 esse
733 4049 1006 4104 dicebant
1054 4049 1408 4121 voluptatem
1446 4067 1572 4120 quae
1618 4068 1685 4105 ex
1741 4053 1944 4108 notitia
1973 4057 2030 4108 et

375 4136 626 4204 ἀπαθεία,
676 4137 783 4192 hoc
831 4143 941 4202 est,
975 4139 1264 4194 vacuitate
1315 4140 1677 4211 passionum,
1711 4145 1768 4195 et
1815 4142 2030 4196 adduc-

373 4228 536 4283 tione
569 4229 640 4283 ad
674 4227 935 4281 divinum
979 4243 1219 4293 numen,
1252 4229 1408 4299 quod
1457 4230 1722 4284 omnium
1755 4235 2028 4300 expeten—

375 4316 585 4376 dorum
618 4315 874 4387 primum
907 4320 1014 4382 est,
1046 4315 1382 4388 percipitur.

448 4405 549 4459 54
583 4405 669 4458 12.
700 4403 806 4459 Vel
840 4404 911 4459 ab
957 4405 1253 4460 accidente
1280 4405 1497 4476 aliquo,
1530 4410 1598 4460 ut
1645 4407 2030 4478 peripatetici,

376 4493 479 4565 qui
511 4494 595 4548 sic
627 4491 902 4564 appellati
945 4497 1104 4560 sunt,
1139 4494 1294 4564 quod
1346 4495 1671 4549 secundum
1703 4497 2028 4568 peripaton,

373 4583 482 4637 hoc
511 4587 600 4638 est
631 4581 1189 4647 deambulationem,
1215 4599 1355 4638 suos
1384 4599 1736 4655 congressus
1763 4585 2028 4641 institue-

374 4675 505 4726 rent
536 4688 548 4726 :
586 4674 650 4725 ut
682 4687 797 4725 una
828 4686 960 4725 cum
993 4670 1192 4726 anima
1219 4687 1431 4742 corpus
1461 4677 1844 4728 exerceretur.

2055 4632 2105 4697 D

2132 3429 2222 3486 διὰ
2266 3435 2374 3485 τῶν
2419 3427 2767 3502 ἀποδείξεων,
2817 3428 2908 3483 καὶ
2955 3427 3080 3490 τοὺς
3129 3426 3325 3504 φίλους
3373 3428 3433 3484 ἐκ
3467 3433 3575 3484 τῶν
3610 3427 3787 3485 ἀλλο-

2129 3519 2316 3596 τρίων,
2365 3516 2535 3593 ἤγουν
2580 3517 2711 3580 τοὺς
2757 3517 2896 3594 πρὸς
2950 3517 3012 3572 τὸ
3069 3515 3390 3595 φιλοσοφνῖν
3444 3515 3789 3587 ἐπιτηδείους

2133 3608 2194 3663 ἐκ
2245 3612 2352 3662 τῶν
2412 3604 2803 3677 ἀνεπιτηδείων
2857 3607 2993 3683 πρὸς
3052 3606 3181 3661 αὐτὸ
3241 3603 3644 3684 διπκρίνοντες·
3695 3610 3788 3663 καὶ

2130 3696 2259 3759 τοὺς
2321 3697 2414 3770 μὲν
2476 3695 2717 3769 εὐμενῶς
2750 3692 3060 3771 δεχόμενοι,
3093 3694 3219 3757 τοὺς
3277 3692 3335 3750 δὲ
3391 3696 3525 3769 μετὰ
3568 3695 3785 3773 παῤῥη-

2133 3786 2250 3848 σίας
2309 3785 2633 3861 ἐλέγχοντες
2689 3783 2778 3839 καὶ
2832 3788 2928 3839 τοῦ
3002 3782 3270 3858 ὁμακοίου
3333 3785 3539 3861 μακρὰν
3598 3784 3789 3841 ἐκδιώ-

2134 3894 2342 3936 κοντες.

2211 3965 2294 4017 ια’.
2332 3965 2403 4019 Ἢ
2460 3962 2567 4018 ἀπὸ
2611 3967 2709 4018 τοῦ
2750 3961 2967 4034 τέλους,
3018 3961 3197 4037 ὥσπερ
3248 3964 3300 4017 οἱ
3329 3961 3600 4034 ἡδονικοὶ,
3628 3963 3790 4025 τέλος

2135 4058 2237 4121 τῆς
2297 4051 2617 4130 φιλοσοφίας
2665 4049 2918 4127 λέγοντες
2977 4051 3108 4107 εἶναι
3165 4052 3265 4120 τήν
3315 4049 3542 4122 ἡδονήν,
3592 4054 3692 4122 τήν
3733 4052 3792 4108 ἐκ

2137 4133 2394 4208 γνώσεως
2441 4133 2532 4188 καὶ
2581 4133 2840 4196 ἀπαθείας
2886 4133 2976 4186 καὶ
3018 4139 3117 4201 τῆς
3166 4131 3302 4209 πρὸς
3351 4133 3413 4187 τὸ
3461 4138 3614 4188 Θεῖον
3662 4133 3792 4188 ἀνα-

2135 4229 2342 4298 γωγῆς,
2374 4222 2437 4276 τὸ
2468 4225 2684 4297 πρῶτον
2718 4226 2822 4276 τῶν
2857 4221 3075 4300 ἐφετῶν.

2213 4402 2302 4477 ιβ’.
2337 4403 2406 4456 Ἢ
2437 4401 2544 4456 ἀπό
2585 4422 2734 4464 τινος
2779 4396 3214 4475 συμϐεϐηκότος,
3266 4399 3340 4462 ὡς
3389 4400 3443 4454 οἱ
3487 4419 3793 4475 περιπατη-

2137 4489 2304 4559 τικοὶ,
2363 4489 2655 4560 κληθέντες
2709 4490 2852 4544 οὕτω
2904 4487 2993 4544 διὰ
3031 4489 3095 4544 τὸ
3141 4489 3239 4552 τὰς
3288 4486 3567 4550 συνουσίας
3616 4493 3794 4542 ποιεῖ-

2141 4581 2257 4633 σθαι
2315 4580 2452 4634 κατά
2506 4579 2825 4655 περίπατον·
2885 4579 2962 4640 ὡς
3020 4576 3080 4632 ἂν
3137 4579 3250 4651 ἅμα
3290 4581 3360 4651 τῇ
3399 4579 3553 4651 ψυχῇ
3595 4576 3688 4630 καὶ
3733 4576 3797 4630 τὸ

2139 4677 2299 4741 σῶμα
2327 4667 2678 4743 γυμνάζοιτο.
