4154 6494
425 454 544 517 729

1781 453 2133 517 EPITOME
2175 452 2485 516 LOGICA.

3711 442 3834 508 730

1637 593 1841 663 Σχῆμα
1867 585 2060 665 κεφαλ.
2097 587 2160 658 ς’,
2194 586 2322 661 Περὶ
2354 584 2629 659 αἱρέσεων.

1284 767 1317 837 ἤ

1393 844 1403 863 ⁷
1751 858 1762 870 .

456 878 724 949 Ποεῑαχῶς
754 874 1144 949 ὡνρμάσθησαν
1180 843 1206 949 l
1282 905 1318 949 ξ(
1350 843 1757 949 ληλέρέῗξίῗῗρῗῖ.

515 946 570 999 αἱ
599 944 742 1025 κατὰ.
763 944 1086 1025 φιλοσοφίαν

629 1017 888 1089 αἱρέσεις.

1282 690 1319 762 ἤ
1353 695 1458 753 ἀπὸ
1481 700 1579 754 τοῦ
1611 692 1984 786 αἱρεσιάρχου,
2016 695 2091 756 ὡς
2123 695 2174 749 οἱ
2206 693 2571 750 Πλατωνικοί.

1292 765 1321 786 )I
1396 768 1408 786 τ
1466 772 1479 786 ι
1579 776 1605 785 η.
1846 769 1855 786 1
2075 771 2100 780 ~
2192 767 2205 786 ε
2351 766 2359 782 ι
2406 785 2437 786 η
2623 763 2636 783 ε
2676 785 2679 786 ,
2746 763 2788 786 ,ς
2849 759 3177 786 vr..-__-._.-:---3
3242 756 3325 786 13.
3383 757 3433 786 -3

1308 759 1321 837 ς
1386 768 1488 825 ἀπὸ
1540 759 2104 843 τῆξπατρίξος-τοῦ
2159 766 2548 841 αἱρεσιάρχου,
2608 763 2683 826 ὡς
2741 763 2792 816 οἱ
2849 759 3179 838 Κυρηναϊκοὶ
3239 759 3328 814 διὰ
3383 759 3471 812 τὸν
3529 762 3831 832 Κυρηναῖον

1282 905 1318 977 ἦ
1350 905 1468 969 dmi).
1483 918 1580 968 τοῦ
1607 911 1798 980 τόπου,
1835 911 1909 964 ὡς
1942 911 1994 964 οἱ
2023 907 2264 964 στωϊκοί·

1281 980 1318 1061 ἤ
1352 986 1456 1040 ἀπὸ
1483 990 1590 1040 τῶν
1625 984 1675 1037 ἐν
1707 976 1795 1054 τῷ
1816 983 2132 1061 φιλοσοφεῖν
2163 978 2502 1061 ἐπικρίσεων,
2534 979 2610 1061 ᾡς
2641 979 2691 1032 οἱ
2721 976 3009 1056 ἐφεκτικοί”

1281 1053 1318 1124 ἤ
1351 1057 1456 1112 ἀπὸ
1483 1061 1581 1112 τοῦ
1608 1050 1812 1124 τρόπου
1828 1050 1938 1124 ’τῆς
1972 1050 2138 1124 ζώῆς,
2171 1053 2245 1114 ὡς
2272 1050 2330 1124 οἱ
2360 1050 2595 1108 κυνικοί.

1280 1123 1318 1196 ἥ
1351 1130 1457 1183 ἀπὸ
1477 1132 1572 1183 τοῦ
1597 1123 1814 1196 τέλους,
1843 1123 1918 1196 ᾡς
1951 1127 2002 1180 οὶ
2033 1123 2300 1194 ἡδονικοί·

1283 1191 1321 1272 ἦ
1353 1200 1458 1255 ἀπὸ
1482 1221 1628 1262 τινος
1661 1191 2098 1273 συμϐεϐηκότος,
2129 1197 2204 1258 ὡς
2237 1196 2286 1250 οἳ
2313 1191 2751 1270 περιπατητικοί.

1709 1431 1914 1488 Tabula
1941 1431 2142 1502 capitis
2168 1429 2230 1500 6,
2257 1431 2331 1485 De
2358 1429 2535 1484 sectis.

1274 1558 1362 1615 vel
1391 1576 1422 1614 a
1452 1558 1712 1630 principe
1741 1563 1928 1628 seclm,
1959 1563 2020 1612 ut
2049 1555 2344 1630 Platonici,
2497 1625 2507 1630 _
2552 1623 2564 1630 _
2896 1627 2904 1630 _
2963 1622 2973 1630 _
3015 1620 3046 1630 Α,

1275 1631 1361 1686 vel
1392 1648 1424 1686 ει
1452 1620 1938 1699 patria'principi's
1969 1636 2157 1698 sectae,
2190 1633 2248 1680 ut
2277 1623 2589 1694 Cyrenaici,
2621 1630 2848 1695 pr0pler
2877 1620 3228 1692 Aristippum
3261 1620 3614 1689 Cyrenmum,

424 1697 651 1769 Septem
680 1698 864 1754 modis
894 1706 1061 1756 sectae
1090 1699 1149 1754 in

509 1769 864 1840 philosophia
893 1772 1152 1827 nomina-

497 1847 566 1894 tas
593 1847 747 1908 sunt,

1276 1703 1362 1758 vel
1392 1720 1426 1757 a
1454 1701 1601 1768 loco,
1634 1710 1694 1756 ut
1723 1701 1906 1766 stoici,

1277 1916 1365 1971 vel
1394 1933 1427 1970 a
1455 1916 1590 1983 ﬁne,
1625 1922 1686 1970 ut
1711 1913 2072 1984 voluptuarii,

1276 1774 1361 1829 vel
1392 1791 1425 1828 a
1453 1766 1710 1829 censuris
1740 1771 1802 1827 in
1833 1770 2308 1840 philosophando,
2341 1775 2399 1823 ut
2427 1766 2727 1838 epheclici,

1277 1844 1363 1900 vel
1393 1863 1426 1899 a
1456 1845 1623 1900 modo
1652 1845 1800 1907 vitae,
1832 1850 1891 1897 ut
1920 1842 2129 1912 cynici,

1184 1983 1208 2036 \
1278 1988 1365 2043 vel
1393 1987 1465 2044 ab
1493 1982 1788 2044 seeidente
1815 1985 2025 2056 aliquo,
2053 1982 2119 2039 'ut
2150 1982 2521 2055 peripatetici.

1668 2229 2050 2291 SYNOPSIS
2095 2229 2401 2291 CAPITIS
2448 2231 2579 2302 VII,

1536 2343 1688 2392 QUOD
1726 2344 1827 2382 EST
1864 2343 1935 2381 DE
1976 2343 2367 2382 PHILOSOPHIE
2405 2343 2707 2382 DIVISIONE.

421 2454 474 2510 l.
509 2453 921 2524 Philosophiam
949 2451 1248 2507 secundum
1275 2453 1662 2523 peripateticos
1695 2452 1958 2523 bipartito
1987 2451 2184 2524 dividit
2202 2453 2274 2524 in
2302 2453 2363 2506 in
2392 2452 2877 2522 contemplativam
2905 2457 2960 2508 et
2987 2454 3245 2519 activam,
3277 2469 3344 2507 ac
3383 2453 3676 2523 utriusque
3702 2468 3834 2507 cum

495 2522 787 2597 objectum,
823 2528 940 2578 tum
969 2539 1101 2594 opus
1127 2529 1184 2597 et
1211 2522 1378 2597 ﬁnem
1395 2522 1767 2597 explicati—7
1799 2524 1895 2580 55
1928 2525 1982 2576 2.
2015 2522 2255 2578 Ostendit
2273 2524 2697 2597 philosophiam
2724 2525 2836 2597 sibi
2858 2525 2927 2579 ad
2957 2525 3050 2597 hos
3077 2524 3212 2594 ﬁnes
3233 2522 3630 2597 consequendos
3650 2532 3837 2593 aptum

493 2594 930 2651 instrumentum
958 2596 1245 2660 invenisse,
1277 2596 1514 2664 logicum
1541 2596 1835 2660 nimirum,
1859 2611 2024 2667 quam
2051 2597 2220 2667 etiam
2252 2594 2509 2667 describit
2551 2599 2604 2649 et
2625 2595 2916 2667 similibus
2943 2596 3204 2651 declarat.
3236 2624 3304 2637 —
3352 2594 3413 2649 3.7
3439 2596 3830 2665 Contemplati-

492 2684 620 2722 vam
646 2667 1011 2739 philosophiae
1036 2675 1251 2737 partem
1281 2667 1339 2721 in
1366 2669 1477 2720 tres
1505 2667 1647 2722 alias
1675 2665 2202 2739 partes'subdividit.
2235 2667 2386 2739 —-_[L.
2419 2666 2801 2739 Supradictam
2846 2667 3274 2722 subdivisionem
3305 2667 3374 2721 ab
3402 2668 3597 2738 objecti
3623 2668 3832 2739 scilicet

495 2737 1016 2808 entisspeculabilis
1046 2739 1374 2809 triplicitate
1403 2739 1735 2809 comprobat.
1766 2739 1817 2793 et
1859 2739 1919 2791 in
1949 2738 2168 2793 entibus
2191 2737 2592 2792 mathematicis
2637 2737 2848 2793 diutius
2877 2741 3224 2808 immoratur,
3257 2747 3308 2794 et
3333 2737 3523 2794 eorum
3564 2738 3831 2793 conditio-

492 2827 618 2866 nem
646 2811 830 2865 simili
855 2810 1113 2864 declarat.
1149 2840 1219 2849 —
1246 2810 1301 2864 5.
1337 2808 1783 2880 Contemplativae
1801 2809 2168 2878 philosophiae
2189 2811 2439 2879 partium
2468 2809 2672 2879 objecta
2698 2810 2991 2878 sigillatim
3029 2811 3284 2880 explicat.
3317 2841 3387 2850 —
3413 2812 3467 2865 6.
3502 2810 3836 2866 Earumdem

495 2882 740 2938 ordinem
768 2881 944 2952 quoad
970 2896 1068 2954 nos
1090 2881 1337 2954 exponit.
1376 2911 1440 2954 -ς
1469 2880 1535 2954 7.
1561 2883 1624 2954 Et
1638 2881 2110 2954 nomenclationis
2136 2882 2408 2954 rationem
2455 2881 2651 2954 reddit.
2687 2912 2753 2921 —
2784 2883 2838 2934 8.
2870 2882 3313 2937 Mathematicam
3343 2883 3405 2936 in
3435 2889 3672 2954 quatuor
3697 2898 3831 2954 par-

496 2959 568 3009 tes
596 2955 709 3008 sive
737 2951 938 3024 species
965 2951 1282 3007 subdividit.
1315 2983 1384 2991 —
1413 2951 1467 3005 9.
1498 2951 1942 3024 Subdivisionem
1989 2951 2192 3024 hanca
2219 2951 2584 3024 divisionibus
2631 2954 2953 3024 quantitatis
3000 2954 3307 3024 conﬁrmat.
3349 2983 3418 2992 -—
3441 2951 3550 3007 ⁷10.
3583 2951 3835 3024 Singulis

495 3022 893 3080 mathematicis
920 3024 1042 3078 istis
1071 3024 1317 3095 scientiis
1345 3039 1449 3078 sua
1478 3023 1683 3094 objecta
1711 3025 1984 3095 assignat,
2015 3027 2066 3078 et
2091 3022 2218 3095 hinc
2246 3022 2590 3092 deﬁnitiones
2635 3022 2870 3092 conﬁcit.
2903 3055 2971 3063 —
3001 3022 3106 3078 11.
3124 3027 3198 3080 De
3225 3024 3597 3080 subdivisione
3626 3022 3832 3080 theore-

496 3097 622 3179 ticae
665 3096 1059 3179 philosophij
1079 3094 1472 3179 concludit._——
1503 3093 1592 3148 12.
1625 3093 1870 3179 Acti-vam
1913 3093 2284 3179 IphitosOphiae
2321 3100 2540 3179 partem
2593 3095 2652 3148 in
2714 3104 2823 3179 tres
2852 3096 2994 3179 alias
3041 3095 3363 3179 subdividit,
3385 3105 3447 3178 .et
3497 3098 3555 3150 in
3586 3105 3834 3177 concreto

494 3165 774 3224 describit.
807 3165 990 3221 —’13.
1021 3165 1266 3221 Ostendit
1291 3166 1607 3221 universam

1691 3165 2054 3238 hitosOphiam
2075 3167 2382 3236 practicam
2410 3167 2469 3220 in
2499 3166 2683 3235 legum
2729 3168 3087 3236 ferendarum
3119 3171 3171 3222 et
3213 3167 3556 3238 judiciorum
3584 3171 3834 3222 muneri-

494 3183 774 3224 aescrioit.
807 3197 874 3208 —
905 3183 990 3221 ιδ.
1021 3183 1266 3221 ustenau
1291 3183 1607 3221 universam
1651 3183 2054 3291 philosophiam
2075 3183 2382 3236 pracncam
2410 3183 2469 3220 in
2499 3183 2683 3235 tegam
2729 3183 3087 3236 ferenaarum
3119 3183 3171 3222 et
3213 3183 3556 3238 Juaiciorum
3584 3183 3831 3222 muneri-

493 3241 590 3295 bus
620 3239 858 3310 absolvi.
879 3269 949 3278 —
981 3238 1065 3310 14.
1102 3242 1186 3294 Ex
1211 3238 1483 3310 divisione
1506 3240 1556 3292 et
1582 3253 1646 3292 su
1683 3236 2044 3292 divisionibus
2073 3238 2299 3310 animae,
2330 3238 2485 3306 cujus
2509 3238 2865 3310 philosophia
2885 3241 2962 3294 est
2989 3239 3281 3307 medicina,
3315 3239 3660 3310 superiorem
3687 3238 3831 3294 divi-

488 3313 703 3382 sionem
728 3308 1104 3382 philosophiw
1123 3312 1191 3382 in
1219 3309 1698 3382 contemplativam
1720 3312 1771 3364 et
1799 3316 2032 3363 activam
2058 3306 2240 3382 elicit.
2275 3339 2341 3382 -έ
2376 3310 2460 3364 15.
2495 3306 2676 3382 Sedet
2703 3306 2900 3365 exinde
2936 3306 3362 3382 subdivisionem
3384 3306 3834 3382 contemplativa

483 3379 846 3465 philosophiae
876 3383 938 3437 in
965 3381 1417 3453 physiologzcam,
1449 3379 1883 3452 metaphysicam
1927 3385 1981 3435 et
2010 3379 2455 3435 mathematicam
2505 3380 2740 3449 deducit,
2771 3382 2865 3436 cui
2892 3383 3058 3437 etiam
3088 3381 3522 3438 dissertationem
3543 3379 3837 3438 de‘anima

491 3454 771 3525 adjungit.

1059 3655 1316 3710 ΚΕΦΑΛ.
1359 3655 1428 3708 Ζ’.

760 3741 854 3805 Τίς
886 3743 921 3812 ἡ
953 3749 1052 3812 τῆς
1088 3741 1423 3821 φιλοσοφίασ
1453 3741 1731 3819 διαίρεσις.

488 3831 555 3889 α’.
615 3831 679 3886 Ἡ
735 3829 1031 3909 φιλοσοφία
1101 3829 1386 3908 διαιρεῖται
1459 3832 1534 3894 εἷς
1605 3833 1667 3886 τὸ
1742 3832 2072 3906 θεωρητικὸν

414 3919 510 3975 καὶ
560 3919 621 3974 τὸ
670 3915 988 3995 πρακτικόν.
1034 3919 1134 3974 Καὶ
1184 3917 1274 3974 διὰ
1323 3921 1418 3994 μὲν
1465 3925 1562 3976 τοῦ
1609 3922 1944 3996 θεωρητικοῦ
1991 3942 2074 3996 γι-

415 4009 618 4063 νώσκει
670 4009 737 4063 τὰ
784 4003 931 4064 ὄντα·
983 4005 1073 4063 διὰ
1098 4013 1196 4063 τοῦ
1243 4007 1547 4085 πραλτικοῦ
1593 4009 1662 4064 τὰ
1705 4007 1810 4079 ἤθη
1857 4015 2072 4081 κοσμεῖ.

413 4102 520 4152 Τοῦ
576 4098 670 4170 μὲν
718 4095 809 4152 οὖν
860 4100 1200 4171 Θεωρητικοῦ
1240 4096 1398 4160 τέλος
1447 4097 1558 4153 ἐστὶ
1594 4096 1655 4152 τὸ
1707 4097 1926 4170 ἀληθὲς,
1977 4102 2075 4152 τοῦ

416 4189 722 4263 πρακτικοῦ
756 4184 814 4241 δὲ
840 4186 904 4241 τὸ
937 4185 1156 4262 ἀγαθόν.

492 4277 560 4352 β’.
614 4273 768 4333 Ἀλλ’
817 4275 1037 4352 ἐπείπερ
1092 4275 1378 4351 ἀναγκαῖόν
1439 4275 1548 4331 ἐστι
1608 4273 1969 4352 διακρίνεσθαι
2013 4278 2076 4331 τὸ

422 4362 630 4435 ἀληθὲς
663 4364 770 4419 ἀπὸ
818 4368 916 4420 τοῦ
963 4361 1217 4438 ψεύδους,
1266 4363 1357 4419 καὶ
1385 4366 1449 4420 τὸ
1492 4365 1686 4440 ἀγαθὸν
1720 4364 1826 4420 ἀπὸ
1853 4369 1951 4420 τοῦ
1980 4387 2076 4420 κα-

423 4457 549 4526 κοῦ,
611 4450 749 4508 ὥστε
802 4454 872 4508 τὰ
925 4453 1019 4528 μὲν
1070 4452 1280 4508 ἑλέσθαι
1327 4455 1496 4526 ἡμᾶς,
1545 4453 1613 4508 τὰ
1660 4451 1718 4508 δὲ
1764 4458 1950 4532 φυγεῖν
1985 4452 2075 4508 καὶ

421 4542 500 4615 μὴ
531 4545 651 4604 τοῖς
684 4541 947 4604 ἐναντίοις
991 4541 1334 4617 περιπίπτειν
1386 4539 1456 4596 δι’
1504 4538 1740 4618 ἄγνοιαν,
1792 4542 1928 4618 πρὸς
1974 4543 2074 4612 τήν

418 4629 681 4700 τοιαύτην
735 4627 1002 4706 διάκρισιν
1051 4629 1257 4706 ἐξεῦρεν
1299 4632 1336 4699 ἡ
1405 4629 1700 4708 φιλοσοφία
1746 4632 1889 4704 (τὴν)
1949 4631 2078 4686 ἀπό-

422 4715 586 4790 δειξιν
645 4713 872 4795 ὄργανον
930 4716 1405 4790 ἐπιτηδειότατον
1464 4718 1596 4794 ὅπερ
1655 4718 1764 4774 ἐστὶ
1805 4721 1869 4774 τὸ
1917 4717 2074 4796 λογι-

418 4805 539 4861 κόν’
597 4804 768 4883 ἤγουν
821 4807 946 4884 περὶ
995 4807 1025 4862 ὃ
1078 4806 1421 4883 καταγίνεται
1465 4810 1502 4877 ἠ
1557 4806 1759 4883 λογική
1820 4829 2075 4883 πραγμα-

416 4895 533 4952 τεία
569 4938 583 4952 .
643 4895 746 4950 Καὶ
805 4895 916 4951 ἔστι
986 4897 1050 4950 τὸ
1106 4896 1330 4972 λογικὸν
1399 4897 1720 4976 φιλοσοφίας
1794 4895 2075 4974 ἐργαλεῖον

421 4982 898 5061 χρειωδὲστατον,
943 4985 1033 5040 ὑπ’
1080 4985 1248 5056 αὐτῆς
1320 4988 1852 5060 κατεσκευασμένον·
1896 4986 2076 5064 ὥσπερ
2107 5026 2157 5094 Β

425 5073 532 5116 ὗπλ
583 5071 954 5116 νηλνςιὶτινῖρ
1003 5075 1032 5116 λ
1080 5071 1269 5116 ἕνην-ιν
1343 5074 1428 5116 νη)
1459 5077 1494 5116 ᾗ
1544 5074 1717 5116 ηρηιςῆη
1765 5077 1852 5116 νηῖ
1893 5075 1955 5116 ηιξ
1989 5024 2106 5116 ενι-Ι

425 5073 532 5128 ὑπὸ
583 5071 954 5150 χαλκευτικῆς
1003 5075 1032 5128 ὁ
1080 5071 1293 5146 ἄκμων,
1343 5074 1430 5128 καὶ
1459 5077 1494 5143 ἡ
1544 5074 1720 5153 σφύρα
1765 5077 1855 5131 καὶ
1893 5075 1955 5130 τὸ
1987 5076 2075 5148 ξυ-

417 5158 643 5242 λάφιον,
690 5157 894 5239 ὅργανα
931 5160 1251 5239 ὑπάρχοντα
1293 5161 1496 5232 ταύτης
1541 5159 1608 5232 δὴ
1650 5169 1753 5232 τῆς
1782 5163 2074 5239 χαλκευτι-

417 5271 453 5306 κ

458 5272 556 5417 ηζὶ
618 5341 689 5396 Τὸ
742 5341 1079 5415 θεωρητικὸν
1130 5347 1232 5411 τῆς
1281 5338 1606 5420 φιλοσοφίας
1653 5338 1938 5418 διαιρεῖται
2000 5363 2076 5405 εις

421 5430 484 5484 τὸ
542 5428 958 5507 φυσιολογικὸν,
1019 5430 1083 5485 τὸ
1144 5431 1524 5504 μαθηματικὸν
1576 5429 1666 5486 καὶ
1711 5431 1776 5486 τὸ
1827 5430 2076 5506 θεολογι-

417 5517 512 5574 κόν
522 5562 538 5576 .

499 5604 562 5665 δ’.
595 5611 890 5683 Διαιρεῖται
936 5604 995 5662 δὲ
1043 5606 1120 5670 εἰς
1149 5607 1275 5684 τρία
1319 5628 1384 5662 το
1435 5609 1788 5684 θεωρητικὸν,
1836 5608 1949 5663 ἐπεὶ
1989 5603 2080 5665 καὶ

422 5695 492 5751 τὰ
539 5691 670 5751 ὄντα
715 5697 842 5773 περὶ
889 5695 922 5751 ἃ
958 5696 1022 5752 τὸ
1073 5697 1404 5773 θεωρητικὸν
1454 5696 1790 5772 καταγίνεται
1819 5744 1833 5768 ,
1873 5699 2078 5774 τριττά.

420 5784 490 5841 Ἦ
519 5786 622 5863 γὰρ
650 5786 749 5855 τῆς
776 5784 914 5856 ὕλης
961 5785 1252 5864 ἀχώριφτα
1295 5783 1576 5849 παντελῶς
1625 5785 1714 5841 καὶ
1743 5790 1812 5861 τῇ
1844 5786 2081 5844 ὑποστά-

2099 3654 2158 3722 Α

2809 3656 3038 3714 CAPUT
3074 3658 3199 3714 VII.

2579 3746 2714 3815 Quae
2739 3747 2812 3802 sit
2838 3745 3206 3818 philosophia-
3232 3745 3450 3802 divisio.

2255 3834 2358 3892 56
2386 3833 2439 3889 l.
2474 3833 2847 3907 Philosophia
2873 3835 2934 3889 in
2960 3834 3468 3907 contemplativam
3500 3837 3558 3890 et
3586 3833 3835 3890 activam

2186 3923 2484 3978 dividitur.
2517 3923 2587 3978 Et
2612 3924 2727 3995 [per
2773 3923 3288 3995 contemplativam
3319 3924 3560 3996 quidem
3608 3940 3676 3979 ea
3705 3939 3835 3994 quae

2186 4015 2327 4067 sunt
2354 4012 2674 4083 cognoscit,
2709 4029 2811 4083 per
2838 4012 3085 4068 activam
3119 4017 3314 4069 autem
3347 4029 3539 4068 mores
3569 4015 3832 4067 exornat.

2187 4101 2434 4156 Proinde
2487 4101 2950 4172 contemplativa;
2981 4101 3221 4175 quidem
3268 4101 3406 4157 ﬁnis
3453 4104 3542 4157 est
3586 4117 3830 4171 verum;

2187 4187 2381 4244 activae
2409 4204 2544 4244 vero
2573 4184 2815 4244 bonum.

2255 4280 2310 4331 2.
2341 4276 2755 4333 Verumtamen
2788 4277 3269 4350 quandoquidem
3316 4278 3715 4334 necessarium
3745 4281 3836 4334 est

2187 4383 2389 4421 verum
2421 4383 2455 4421 a
2486 4365 2630 4422 falso
2663 4371 2721 4422 et
2750 4367 2968 4422 bonum
3019 4384 3053 4422 a
3082 4366 3239 4424 malo
3287 4367 3642 4435 discernere,
3674 4371 3736 4422 ut
3765 4366 3834 4420 il-

2185 4454 2286 4510 lud
2321 4455 2556 4527 quidem
2584 4455 3027 4528 amplectamur,
3058 4457 3169 4512 hoc
3210 4472 3344 4512 vero
3377 4456 3695 4529 fugiamus,
3728 4473 3834 4512 nec

2187 4545 2247 4599 in
2278 4545 2572 4599 contraria
2602 4549 2840 4617 propter
2866 4545 3258 4618 ignorantiam
3304 4546 3674 4600 incidamus:
3709 4545 3837 4618 phi-

2185 4631 2452 4705 losophia
2476 4633 3059 4705 demonstrationem,
3083 4633 3457 4706 aptissimum
3479 4633 3836 4690 instrumen-

2187 4725 2336 4788 tum,
2366 4721 2610 4790 invenit,
2643 4723 2798 4794 quod
2843 4726 2933 4778 est
2978 4722 3204 4795 logica;
3238 4726 3442 4794 utpote
3469 4722 3626 4778 circa
3654 4739 3832 4794 quam

2185 4808 2375 4882 logica
2392 4811 2664 4866 tractatio
2690 4815 3026 4883 occupatur.
3051 4812 3122 4866 Et
3148 4815 3238 4867 est
3266 4811 3453 4884 logica
3474 4811 3836 4868 instrumen-

2187 4902 2317 4954 tum
2346 4899 2731 4972 philosophia:
2762 4900 3148 4956 utilissimum
3175 4901 3248 4956 ab
3269 4900 3399 4972 ipsa
3427 4903 3833 4972 comparatum

2189 4991 2246 5043 et
2273 4988 2568 5058 effectum,
2600 4990 3102 5061 quemadmodum
3134 4990 3208 5046 ab
3241 4993 3364 5046 arte
3394 4989 3636 5046 farraria
3665 4989 3834 5046 incus

2187 5079 2245 5132 et
2273 5075 2524 5132 malleus
2573 5082 2631 5133 et
2662 5079 2908 5151 forceps,
2941 5096 3071 5150 quae
3118 5078 3320 5151 hujus,
3353 5079 3607 5136 ferrariae
3656 5080 3832 5136 nimi-

2188 5181 2316 5222 rum
2351 5166 2516 5235 artis,
2551 5171 2690 5223 sunt
2719 5179 2956 5241 organa.

2258 5347 2312 5401 3.
2359 5346 2851 5420 Comtemplativaa
2900 5347 3281 5420 philosophiae
3327 5347 3509 5421 (pars)
3560 5346 3839 5404 dividitur

2186 5436 2248 5492 in
2278 5435 2727 5509 physiologiam,
2761 5436 3240 5493 mathematicam
3269 5441 3326 5494 et
3352 5437 3726 5509 theologiam.

2260 5615 2313 5670 4.
2348 5613 2636 5670 Dividitur
2683 5617 2878 5670 autem
2929 5615 3380 5688 contemplativa
3420 5615 3479 5670 in
3527 5615 3660 5685 tria,
3692 5631 3837 5687 quo-

2189 5701 2347 5758 niam
2382 5706 2440 5757 et
2468 5703 2644 5772 entia,
2675 5702 2831 5758 circa
2859 5719 2986 5774 quze
3016 5713 3336 5776 occupatur
3365 5704 3832 5777 contemplativa,

2190 5795 2329 5848 sunt
2355 5790 2631 5864 triplicia.
2667 5790 2768 5847 Vel
2798 5790 2954 5848 enim
2985 5810 3019 5849 a
3047 5793 3290 5850 materia
3313 5810 3554 5866 prorsus
3583 5797 3724 5850 sunt
3753 5793 3838 5850 in-
