4154 6438
342 373 480 442 ἴτ3ι
1618 394 1667 456 Ν
1672 393 1991 457 IGEPHOF

2109 393 2521 458 BLEMMIDJE
3648 400 3771 463 732

365 519 713 589 separabilia
743 539 878 581 cum
908 524 1312 597 subsistentia,
1344 532 1471 585 tum
1506 530 1718 587 mentis
1750 531 1982 587 notione

2122 547 2199 581 σει
2256 528 2344 582 καὶ
2393 531 2461 602 τῇ
2520 528 2751 602 ἐπινοίᾳ,
2808 529 2972 585 ὁποῖα
3024 530 3092 586 τὰ
3146 533 3346 611 φυσικὰ
3399 534 3668 610 σώματα’
3727 534 3764 604 ἧ

366 611 566 682 qualia
603 619 743 669 sunt
771 631 1014 687 corpora
1043 618 1370 686 naturalia;
1425 624 1526 675 aut
1555 621 1838 692 (prorsus)
1871 626 2010 676 sunt

356 718 392 756 a
424 703 522 759 57
560 705 797 759 materis
829 707 1182 777 separabilia
1210 713 1266 763 et
1295 708 1679 765 subsistentia
1707 715 1763 765 et
1794 712 2006 767 mentis

353 791 627 861 notione;
662 798 728 848 ut
768 810 893 865 quae
944 812 1124 867 supra
1153 801 1427 853 naturam
1460 803 1599 854 sunt
1645 804 1703 855 et
1731 800 2001 872 incorpo-

355 896 475 947 rea,
508 885 610 936 aut
654 883 866 953 partim
920 885 1159 956 quidem
1214 887 1626 958 inseparabilia
1675 906 1706 944 a
1738 890 1998 954 materia,

350 970 569 1042 partim
619 988 754 1026 vero
807 974 1179 1045 separabilia,
1222 981 1287 1030 ut
1334 993 1463 1047 quae
1517 977 1754 1048 quidem
1808 980 1999 1049 quoad

344 1057 791 1115 subsistentiam
843 1061 902 1115 in
954 1063 1217 1130 materia,
1250 1065 1438 1135 quoad
1491 1066 1709 1121 mentis
1736 1084 1870 1122 vero
1901 1084 2001 1122 no-

336 1145 587 1215 tionem,
636 1150 893 1205 materiae
942 1152 1198 1223 expertia
1251 1158 1412 1220 sunt,
1460 1153 1620 1208 velut
1664 1156 1893 1211 numeri
1941 1161 1997 1211 et

339 1234 560 1307 ﬁgura.
613 1236 812 1310 Neque
855 1240 1011 1294 enim
1065 1257 1348 1296 numerus
1395 1243 1692 1311 denarius,
1745 1245 1991 1317 exempli

343 1326 554 1397 gratia,
612 1332 714 1382 aut
768 1328 1130 1401 triangulum
1177 1331 1303 1387 sine
1371 1333 1616 1389 materia
1671 1335 1992 1391 subsistere

344 1418 572 1486 potest;
608 1417 708 1472 sed
740 1417 825 1472 vel
876 1418 932 1472 in
983 1418 1178 1490 lignis,
1208 1420 1295 1475 vel
1328 1420 1386 1475 in
1440 1421 1757 1492 lapidibus,
1789 1422 1879 1478 vel
1929 1424 1988 1479 in

337 1501 468 1558 aliis
499 1505 855 1576 quibusdam
890 1507 1291 1564 materialibus
1343 1511 1747 1567 exsistentiam
1782 1510 1990 1569 habeat

334 1609 618 1649 numerus
650 1595 912 1665 quidem,
932 1597 1123 1667 quoad
1159 1597 1593 1664 discretionem,
1615 1599 1805 1672 ﬁgura
1826 1617 1985 1667 vero,

333 1682 521 1752 quoad
555 1684 1024 1740 continuitatem.
1059 1687 1302 1752 Quando
1335 1687 1492 1743 enim
1525 1688 1741 1760 aliquis
1770 1688 1984 1761 imagi-

335 1775 512 1826 natur
539 1775 596 1826 et
625 1771 785 1844 ipsos
817 1790 1096 1830 numeros
1125 1775 1211 1831 vel
1269 1777 1490 1848 ﬁguras
1520 1794 1623 1848 per
1651 1793 1714 1833 se
1745 1778 1980 1846 recolit;

2119 616 2442 690 (παντελῶς)
2470 625 2571 687 τῆς
2621 617 2759 690 ὕλης
2808 622 3056 695 χωριστά
3101 622 3191 677 καὶ
3238 628 3306 698 τῇ
3358 625 3647 680 ὑποστάσει
3676 622 3767 680 καί

2115 709 2181 780 τῇ
2217 704 2447 778 ἐπινοίᾳ,
2508 709 2596 761 οἶα
2644 709 2712 763 τὰ
2763 708 2894 785 ὑπὲρ
2942 710 3094 787 φύσιν
3146 714 3243 786 (τε)
3274 712 3365 768 καὶ
3411 713 3692 788 ἀσώματα·
3723 712 3762 785 ἤ

2112 796 2248 849 κατὰ
2291 795 2345 850 τὶ
2397 797 2490 869 μὲν
2542 796 2824 874 ἀχώριστα
2867 805 2966 867 τῆς
3013 799 3171 871 ὕλης,
3199 803 3335 857 κατὰ
3381 803 3434 858 τὶ
3483 800 3541 860 δὲ
3582 825 3760 880 χωρι-

2112 884 2227 937 στά·
2279 886 2415 939 κατὰ
2460 887 2554 958 μὲν
2603 888 2701 955 τὴν
2758 887 3048 943 ὑπόστασιν
3108 887 3270 946 ἔνυλα
3319 888 3467 961 ὄντα,
3526 894 3663 949 κατά
3701 891 3761 949 δὲ

2106 973 2206 1041 τὴν
2259 972 2493 1029 ἐπίνοιαν
2547 975 2722 1031 ἄϋλα·
2779 975 2961 1054 ὥσπερ
3010 979 3061 1033 oi.
3114 980 3336 1056 ἀριθμοὶ
3385 981 3476 1038 καὶ
3515 985 3584 1039 τά
3614 986 3759 1060 σχή-

2111 1083 2273 1135 ματα.
2306 1061 2443 1118 Οὐδὲ
2487 1065 2591 1141 γὰρ
2622 1066 2650 1119 ὁ
2684 1062 2812 1120 δέκα
2851 1068 3021 1141 τυχὸν
3067 1067 3322 1144 ἀριθμὸς,
3369 1068 3407 1140 ἤ
3455 1072 3520 1127 τὸ
3562 1073 3764 1148 τρίγω-

2103 1172 2194 1205 νον
2228 1149 2350 1206 ἄνευ
2376 1151 2517 1223 ὕλης
2565 1154 2865 1225 ὑποστῆναι
2919 1153 3161 1215 δύναται.
3194 1157 3351 1215 Ἀλλ’
3379 1157 3417 1229 ἤ
3450 1158 3503 1215 ἐν
3549 1161 3758 1234 ξύλοις,

2103 1237 2223 1308 ἤέν
2258 1239 2455 1311 λίθοις,
2508 1239 2625 1311 ἤέν
2678 1264 2815 1298 τισιν
2869 1242 3064 1308 ἄλλοις
3120 1245 3335 1310 ὑλικοῖς
3386 1250 3486 1317 τὴν
3533 1249 3757 1327 ὕπαρξιν

2101 1325 2343 1405 ἔχουσιν·
2378 1330 2406 1384 ὁ
2443 1331 2537 1404 μὲν
2579 1331 2811 1408 ἀριθμὸς
2854 1335 2992 1389 κατᾶ
3040 1331 3345 1410 διορισμὸν,
3392 1338 3457 1392 τὸ
3508 1335 3566 1393 δὲ
3616 1325 3758 1416 σχῇ-

2102 1439 2178 1489 μα
2232 1419 2369 1473 κατὰ
2425 1422 2701 1495 συνέχειαν
2759 1426 2829 1496 τῇ
2881 1424 3066 1496 μέντοι
3118 1423 3325 1497 ἐπινοίᾳ
3371 1422 3619 1483 δύνανται
3658 1436 3760 1499 τῆς

2098 1505 2235 1578 ὕλης
2299 1508 2628 1584 χωρίζεσθαι
2664 1554 2677 1567 .
2738 1511 2843 1567 Καὶ
2896 1512 2999 1587 γὰρ
3074 1512 3234 1581 ἡνίκα
3289 1535 3373 1576 τις
3438 1517 3757 1593 φαντάζεται

2093 1595 2182 1650 καὶ
2238 1596 2504 1653 άναπολεῖ
2554 1597 2684 1660 τοὺς
2742 1599 3006 1673 ἀριθμοὺς
3061 1599 3258 1663 αὐτοὺς
3306 1603 3423 1657 καθ’
3481 1602 3703 1667 ἑαυτοὺς
3735 1651 3750 1676 ,

2092 1680 2130 1753 ἤ
2178 1685 2245 1738 τά
2302 1687 2583 1761 σχήματα,
2637 1687 2816 1749 καθὼς
2876 1688 3106 1763 ὁκηρὸς
3159 1688 3602 1764 ἀναματτόμενος
3649 1694 3750 1761 τήν

2093 1768 2390 1849 σσραγῖδα,
2452 1772 2605 1830 οὐδέν
2657 1796 2710 1829 τι
2764 1780 2862 1830 τοῦ
2917 1779 3344 1855 σφραγιστηρίου
3403 1780 3749 1858 ἀφαιρεῖται·

334 1860 836 1929 quemadmodum
868 1878 1000 1918 cera
1030 1880 1157 1935 quae
1190 1864 1450 1937 sigillum
1483 1867 1768 1940 abstergit
1796 1872 1855 1923 et
1884 1884 1980 1923 ex-

2109 1862 2182 1916 τὸν
2216 1862 2376 1918 αὐτὸν
2402 1862 2606 1939 τρόπον
2637 1863 2726 1918 καὶ
2757 1861 2916 1927 οὗτος
2949 1862 3103 1921 οὐδέν
3134 1887 3186 1921 τι
3215 1873 3318 1937 τῆς
3349 1866 3488 1938 ὕλης
3539 1865 3754 1943 λαμϐά-

2118 1970 2171 1974 νΑ.
2226 1950 2341 1974 ΑΙ--
2479 1951 2493 1974 Ι
2518 1972 2521 1974 .
2552 1972 2557 1974 .
2582 1953 2593 1964 ⁸
2611 1950 2655 1974 δΧ
2758 1955 2771 1971 \
2874 1973 2879 1974 γ
2933 1955 2947 1974 Ι
3229 1956 3246 1974 \
3371 1955 3385 1974 \
3493 1957 3508 1974 9
3579 1959 3604 1974 Λ
3691 1958 3704 1974 1

339 1947 560 2021 primit,
593 1950 741 2005 nihil
781 1951 854 2006 de
902 1952 1098 2025 lapide
1146 1954 1469 2026 signatorio
1519 1957 1751 2011 aufert:
1785 1958 1983 2014 eodem

340 2039 514 2093 modo
546 2042 605 2093 et
641 2038 737 2094 hic
786 2039 932 2095 nihil
980 2046 1105 2097 tum
1162 2043 1233 2098 de
1282 2044 1528 2099 materia
1573 2045 1854 2117 absumit,
1885 2047 1988 2102 sed

338 2125 494 2183 solas
525 2127 747 2199 ﬁguras
779 2133 838 2184 et
890 2145 1168 2186 numeros
1216 2131 1342 2188 sine
1371 2133 1617 2189 materia
1666 2135 1727 2190 in
1758 2135 1988 2192 dianoea

331 2214 608 2287 exprimit
637 2220 694 2271 et
724 2217 969 2291 efﬁngit.

400 2304 454 2358 5.
513 2304 799 2369 Quoniam
862 2324 1000 2381 ergo
1062 2309 1523 2382 contemplativa
1578 2311 1985 2385 (philosophia

330 2393 506 2464 parti)
537 2394 734 2451 omnia
765 2396 924 2452 entia
967 2397 1038 2452 ad
1089 2399 1482 2470 cognitionem
1529 2401 1795 2472 subjecta
1822 2406 1980 2471 sunt,

331 2481 591 2554 triplicia
636 2491 833 2540 autem
883 2490 1023 2541 sunt
1050 2487 1209 2542 entia
1240 2504 1253 2542 :
1287 2486 1467 2558 hujus
1515 2489 1700 2557 gratia
1744 2494 1803 2544 et
1845 2505 1982 2545 con-

332 2570 683 2661 templativa
714 2573 1123 2647 (philosOphim
1165 2576 1324 2649 pars)
1353 2576 1412 2630 in
1444 2576 1563 2661 tria!
1585 2581 1734 2645 (tres
1766 2578 1984 2651 partes)

332 2657 635 2717 dividitur.
667 2662 737 2717 Et
778 2662 1141 2737 physiologia
1169 2666 1408 2737 quidem
1458 2657 1603 2722 circa
1636 2683 1706 2723 ea
1733 2684 1982 2739 occupa-

332 2751 433 2804 tur
473 2750 575 2807 58
626 2767 754 2824 qua:
802 2770 1045 2825 prorsus
1096 2759 1237 2810 sunt
1279 2754 1341 2810 in
1392 2756 1659 2822 materia,
1689 2755 1983 2829 theologia

2097 1970 2177 2005 νει
2220 1950 2365 2025 τότε,
2424 1950 2665 2025 μόνα’δὲ
2714 1955 2781 2008 τὰ
2837 1955 3100 2029 σχήματα
3155 1956 3247 2011 καὶ
3300 1955 3432 2020 τοὺς
3483 1957 3753 2034 ἀριθμοὺς

2097 2036 2283 2103 ἀΰλως
2314 2038 2367 2094 ἐν
2398 2044 2465 2114 τῇ
2499 2038 2715 2113 διανοίᾳ
2745 2038 3016 2100 διατυποῖ.

2166 2309 2222 2364 ε’.
2272 2306 2419 2362 Ἐπεὶ
2468 2311 2598 2382 γοῦν
2650 2312 2729 2381 τῷ
2774 2308 3094 2385 θεωρητικῷ
3135 2311 3310 2366 πάντα
3353 2310 3421 2365 τά
3450 2305 3580 2368 ὅντα
3616 2314 3753 2390 πρὸς

2092 2400 2288 2472 γνῶσιν
2335 2396 2633 2469 ὑπόκειται,
2684 2398 2751 2452 τὰ
2795 2394 2853 2452 δὲ
2899 2393 3031 2453 ὄντα
3075 2400 3282 2475 τριττά·
3333 2399 3533 2456 τούτου
3587 2403 3751 2479 χάριν

2092 2484 2182 2540 καὶ
2236 2486 2299 2540 τὸ
2353 2486 2684 2559 θεωρητικὸν
2740 2485 2817 2547 εἷς
2870 2486 2994 2562 τρία
3041 2484 3348 2564 διαιρεῖται.
3400 2489 3500 2544 Καὶ
3547 2492 3611 2545 τὸ
3653 2493 3748 2564 μὶν

2092 2574 2477 2652 φυσιολογικὸν
2524 2574 2649 2652 περὶ
2697 2575 2763 2630 τὰ
2817 2576 2989 2647 πάντη
3044 2573 3208 2631 ἕνυλα
3261 2577 3600 2653 καταγίνεται
3625 2621 3639 2647 ,
3683 2580 3749 2635 τὸ

2092 2660 2151 2719 δὲ
2197 2661 2511 2740 θεολογικὸν
2558 2662 2681 2739 περὶ
2728 2663 2796 2719 τὰ
2841 2665 3017 2736 πάντη
3073 2663 3235 2720 ἄϋλα·
3286 2667 3350 2721 τὸ
3382 2664 3440 2721 δέ
3475 2688 3540 2742 γε
3570 2670 3747 2743 μαθη-

2097 2753 2322 2827 ματικὸν
2354 2751 2480 2828 περὶ
2507 2754 2575 2808 τά
2606 2753 2905 2829 μετέχοντα
2933 2754 3022 2809 καὶ
3051 2753 3191 2824 ὕλης
3219 2753 3310 2810 καὶ
3348 2753 3564 2818 ἆΰλίας.

320 2852 461 2894 vero
492 2839 647 2896 circa
674 2857 743 2897 ea
771 2858 900 2914 quae
930 2859 1034 2915 per
1064 2843 1265 2900 omnia
1295 2844 1540 2901 materia
1568 2849 1709 2901 sunt
1731 2844 1989 2918 expertia
2020 2861 2034 2900 :
2069 2843 2483 2900 mathematica
2522 2843 2778 2916 denique
2806 2844 2962 2901 circa
3002 2860 3073 2901 ea
3100 2861 3232 2917 quae
3258 2849 3318 2902 et
3348 2846 3660 2903 materiam
3690 2851 3751 2903 et

327 2925 834 2987 immortalitatem
868 2931 1241 3006 participant.
1390 2998 1395 3004 _

404 3017 459 3072 6.
492 3016 564 3074 Et
601 3018 794 3091 prima
847 3020 1087 3092 quidem
1118 3021 1310 3093 quoad
1341 3038 1448 3077 nos
1492 3025 1581 3077 est
1623 3020 1987 3094 physiologia

339 3109 409 3160 ut
436 3122 564 3177 qua
597 3107 768 3163 nobis
799 3109 900 3181 qui
946 3109 1006 3164 in
1038 3111 1282 3166 materia
1327 3127 1560 3178 sumus,
1590 3110 1943 3183 propinquet
1969 3130 1982 3181 ;

336 3196 617 3264 secunda,
650 3197 1067 3254 mathematica
1096 3216 1225 3271 quae
1257 3199 1433 3255 veluti
1468 3200 1800 3271 coniunctio
1830 3216 1985 3272 que-

2167 3021 2233 3083 ς’.
2281 3018 2382 3075 Καὶ
2430 3023 2648 3097 πρῶτον
2702 3021 2796 3093 μὲν
2849 3015 2961 3075 ἔστι
3011 3020 3148 3097 πρὸς
3196 3021 3347 3095 ἡμᾶς
3385 3021 3448 3077 τὸ
3496 3022 3755 3101 φυσιολο-

2095 3109 2272 3184 γικὸν,
2332 3109 2409 3172 ὡς
2464 3108 2769 3180 πλησιάζον
2824 3113 2942 3172 τοῖς
2988 3106 3200 3172 ἐνύλοις
3246 3112 3418 3185 ἡμῖν·
3478 3108 3756 3188 δεύτερον,

2095 3198 2159 3252 τὸ
2210 3199 2610 3271 μαθηματικὸν,
2659 3197 2774 3253 οἶόν
2822 3219 2906 3260 τις
2954 3195 3252 3272 σύνδεσμος
3301 3199 3565 3277 ὑπάρχων
3610 3199 3755 3274 ὕλης

334 3283 471 3339 dam
502 3263 607 3340 est?
635 3286 891 3342 materiae
938 3291 994 3343 et
1039 3263 1502 3345 immortalitatis
1535 3306 1548 3345 :
1580 3263 1751 3345 tertia
1801 3263 1866 3344 et
1894 3288 1982 3344 ul-

2109 3286 2186 3341 ιαὶ
2246 3285 2456 3348 ἀϋλίας·
2512 3286 2694 3361 τρίτον
2752 3285 2841 3341 καὶ
2897 3284 3207 3342 τελευταῖον
3262 3288 3329 3343 τὸ
3386 3288 3703 3366 θεολογικὸν
3735 3335 3751 3362 ,

336 3371 485 3428 tima
512 3376 601 3429 est
629 3373 944 3449 theologia,
977 3393 1105 3449 quae
1135 3377 1394 3434 materies
1425 3394 1526 3449 per
1556 3378 1755 3434 omnia
1778 3381 1869 3434 est
1896 3394 1987 3434 ex-

333 3477 488 3533 pers.

405 3549 461 3605 7.
511 3550 885 3626 Pbysiologia
933 3554 1136 3627 igitur,
1200 3556 1357 3627 quod
1404 3555 1559 3612 circa
1604 3559 1879 3613 naturam
1927 3560 1986 3613 et

336 3638 738 3711 corruptibilia
792 3648 1128 3715 occupetur,
1184 3650 1492 3716 propterea
1552 3645 1636 3700 sic
1683 3645 1986 3702 nominata

336 3730 427 3783 cst
458 3746 472 3783 :
505 3728 799 3803 theologia
826 3748 979 3802 vero,
1012 3733 1168 3804 quod
1191 3732 1344 3789 circa
1374 3733 1571 3789 divina
1600 3738 1658 3790 et
1688 3734 2003 3806 incorrup--

333 3816 525 3873 tibilia
552 3823 839 3890 versetur,
870 3825 1073 3877 vocata
1100 3826 1190 3878 est
1218 3821 1530 3894 theologia.
1565 3822 1850 3889 Quoniam
1880 3840 1985 3878 au-

333 3909 454 3962 tem
485 3923 589 3978 per
617 3908 1095 3966 mathematicam
1127 3927 1197 3966 ex
1226 3910 1359 3967 aliis
1385 3910 1500 3967 alia
1529 3911 1834 3978 discimus,
1867 3916 1925 3968 et
1953 3929 1987 3969 a

334 3995 611 4052 sensibus
639 4012 708 4051 ea
737 4013 864 4069 qum
894 4015 1075 4071 supra
1103 4016 1343 4055 sensum
1377 4003 1535 4067 sunt,
1568 4001 1896 4071 educamur,
1932 4007 1988 4056 et

334 4099 439 4155 per
466 4083 618 4139 hanc
645 4084 824 4141 veluti
855 4087 1111 4159 quodam
1144 4092 1321 4159 ponte
1360 4092 1418 4145 et
1464 4088 1624 4145 scala
1652 4093 1884 4146 utentes
1914 4091 1986 4145 ad

338 4171 900 4231 immaterialitatem
931 4192 1002 4231 ex
1034 4176 1277 4232 materia
1302 4178 1796 4246 transcendimus,
1830 4181 1888 4234 et
1916 4179 1988 4234 ab

342 4259 673 4317 humilibus
718 4263 1087 4335 terrenisque
1133 4266 1205 4320 ad
1236 4264 1547 4321 sublimem
1592 4270 1649 4321 et
1699 4266 1989 4323 cmlestem

347 4350 901 4423 contemplationem
935 4354 1382 4425 transferimur;
1411 4360 1717 4428 eapropter
1744 4355 1874 4426 ipsa
1902 4360 1992 4411 est

343 4438 759 4495 mathematica
800 4446 1158 4513 nuncupata.
1207 4442 1486 4498 Mathesis
1516 4443 1672 4499 enim
1721 4461 1823 4499 seu
1856 4444 1989 4499 doc-

341 4527 498 4583 trina
527 4533 617 4584 est
647 4546 763 4585 non
795 4531 1164 4603 cognitorum
1216 4532 1601 4603 apprehensio
1631 4538 1688 4589 et
1716 4532 1894 4589 veluti
1924 4550 1994 4589 ex

339 4615 709 4690 ignoratione
738 4620 810 4674 ad
842 4619 1234 4693 cognitionem
1264 4622 1666 4694 transpositio.

415 4725 516 4782 59
548 4726 602 4780 8.
636 4725 767 4782 Haec
794 4726 1211 4783 mathematica
1239 4728 1297 4783 in
1331 4728 1781 4797 arithmeticam,
1810 4730 1994 4786 musi-

346 4829 501 4880 cam,
530 4801 946 4887 geometricam
977 4820 1035 4871 et
1083 4818 1501 4873 astronomiam
1533 4817 1831 4875 dividitur.
1866 4820 1995 4874 Ete-

343 4903 465 4959 nim
514 4904 668 4959 circa
724 4908 1011 4976 quantum
1062 4909 1397 4976 occupatur.
1440 4909 1735 4973 Quantum
1795 4912 1992 4964 autem

345 4990 505 5046 aliud
537 4993 774 5063 quidem
801 4997 890 5048 est
916 4994 1286 5060 continuum,
1310 4993 1467 5050 aliud
1500 5012 1634 5051 vero
1653 4996 1993 5053 discretum.

342 5080 415 5135 Et
444 5081 789 5137 continuum
843 5083 1081 5153 quidem
1113 5087 1202 5139 est
1249 5084 1418 5155 cujus
1466 5089 1660 5156 partes
1698 5086 1997 5142 communi

346 5169 602 5240 quodam
633 5169 886 5226 termino
918 5171 1378 5244 conjunguntur,
1408 5171 1588 5228 veluti
1609 5173 1783 5229 linea.

422 5275 477 5329 9.
512 5274 730 5332 Omnes
761 5277 915 5332 enim
951 5282 1146 5348 partes
1176 5276 1338 5333 illius
1359 5278 1685 5349 conjunctae
1715 5283 1858 5336 sunt
1886 5280 1998 5336 sibi

355 5362 602 5419 invicem
634 5368 700 5419 ut
746 5366 980 5437 punctis
1010 5383 1136 5438 qua
1189 5370 1331 5422 sunt
1357 5369 1417 5422 in
1448 5368 1578 5440 ipsa
1605 5367 1755 5424 nihil
1802 5386 1837 5425 a
1864 5386 2000 5426 con-

350 5450 658 5521 junctione
686 5453 1104 5525 impediantur.
1129 5456 1409 5510 Punctum
1433 5456 1588 5511 enim
1613 5457 1765 5528 quod
1796 5458 2002 5514 medim

359 5539 564 5609 partis,
598 5539 785 5604 lineae,
816 5543 1065 5614 exempli
1097 5544 1306 5615 gratia,
1336 5545 1675 5601 extremitas
1720 5550 1834 5613 est,
1866 5545 2001 5601 reli-

348 5643 477 5699 quae
531 5630 735 5686 mediae
767 5632 949 5703 partis
984 5632 1040 5687 in
1070 5632 1178 5688 hac
1207 5637 1296 5689 est
1336 5634 1712 5705 principium.
1771 5635 2001 5692 Discre-

341 5720 469 5773 tum
521 5723 716 5776 autem
774 5724 1060 5791 quantum
1110 5724 1217 5791 est,
1273 5723 1430 5803 quod
1485 5726 1681 5797 partes
1739 5740 1877 5782 suas
1929 5724 2000 5780 ad

2093 3374 2369 3451 ἀμέτοχον
2403 3375 2462 3430 ὃν
2491 3382 2591 3445 τῆς
2620 3373 2761 3446 ὕλης
2790 3373 3118 3433 παντάπασι.

2166 3556 2227 3622 ζ’.
2278 3552 2349 3607 Τὸ
2402 3553 2496 3626 μὲν
2546 3552 2638 3607 οὗν
2684 3552 3094 3630 φυσιολογικὸν,
3139 3551 3215 3616 ὡς
3264 3553 3391 3631 περὶ
3430 3555 3499 3611 τὰ
3550 3556 3754 3635 φυσικᾶ

2093 3641 2515 3717 καταγινόμενον
2565 3640 2655 3696 καὶ
2704 3642 2932 3720 φθαρτὰ,
2987 3639 3076 3697 διὰ
3119 3643 3269 3708 τοῦθ’
3315 3642 3493 3707 οὕτως
3523 3643 3753 3720 ὠνόμα-

2093 3753 2233 3795 σται.
2264 3731 2335 3785 Τὸ
2376 3728 2434 3785 δὲ
2480 3728 2816 3807 θεολογικὸν,
2851 3731 2927 3793 ὡς
2976 3732 3204 3808 περὶτὰ
3251 3733 3367 3787 θεῖα
3412 3733 3502 3790 καὶ
3546 3735 3757 3813 aesae-

2090 3842 2179 3892 τα,
2211 3818 2471 3890 κέκληται
2503 3818 2842 3896 θεολογικόν.
2874 3818 3026 3875 Ἐπεὶ
3071 3817 3129 3875 δὲ
3178 3816 3269 3877 διὰ
3292 3826 3391 3877 τοῦ
3439 3834 3754 3898 μαθηματι-

2094 3913 2194 3965 κοῦ
2225 3908 2276 3979 ἐξ
2308 3907 2493 3964 ἄλλων
2547 3906 2693 3964 ἄλλα
2745 3909 3106 3982 μανθάνομεν,
3156 3907 3247 3964 καὶ
3280 3910 3385 3964 ἀπὸ
3420 3915 3529 3966 τῶν
3562 3912 3765 3983 αἰσθη-

2096 4001 2204 4053 τῶν
2256 3998 2323 4052 τὰ
2355 3997 2486 4073 ὑπὲρ
2541 3994 2790 4067 αἴσθησιν
2851 3995 3237 4071 διδασκόμεθα,
3295 3999 3384 4053 καὶ
3437 4000 3605 4055 οἱονεί
3648 4022 3759 4056 τινι

2094 4085 2301 4165 γεφύρᾳ
2346 4086 2437 4141 καὶ
2487 4085 2712 4159 κλίματι
2762 4087 3044 4163 χρώμενοι
3085 4084 3286 4160 τούτῳ,
3336 4088 3474 4164 πρὸς
3521 4089 3622 4158 τήν
3660 4088 3758 4144 ἀϋ-

2099 4176 2218 4234 λίαν
2282 4175 2342 4232 ἐκ
2387 4182 2490 4245 τῆς
2546 4173 2685 4246 ὕλης
2734 4172 2805 4230 δι’
2850 4175 3015 4231 αὐτοῦ
3070 4171 3483 4253 μεταϐαίνομεν,
3526 4178 3618 4233 καὶ
3649 4178 3760 4234 ἀπὸ

2096 4270 2205 4321 τῶν
2236 4263 2543 4342 χθαμαλῶν
2574 4264 2663 4319 καὶ
2688 4263 2893 4340 γηΐνων
2941 4264 3078 4340 πρὸς
3127 4260 3354 4343 θεωρίαν
3388 4263 3637 4342 ὑψηλήν
3665 4288 3761 4340 με.

2097 4353 2419 4426 τατιθέμεθα
2473 4353 2563 4409 καὶ
2622 4352 2871 4430 οὐράνιον
2907 4399 2924 4426 ,
2984 4350 3075 4408 διὰ
3141 4358 3305 4410 τοῦτο
3373 4357 3760 4429 μαθηματικὸν

2100 4442 2233 4498 αὐτὸ
2288 4441 2723 4518 προσηγόρευται
2759 4484 2772 4497 .
2831 4442 3076 4511 Μάθησις
3153 4445 3258 4520 γάρ
3337 4442 3447 4498 ἐστι
3502 4447 3614 4500 τῶν
3678 4446 3757 4519 μὴ

2101 4530 2451 4608 ἐγνωσμένων
2505 4529 2814 4605 κατάληψις
2851 4575 2867 4600 ,
2922 4531 3014 4585 καὶ
3072 4532 3186 4587 οἷον
3242 4531 3293 4603 ἐξ
3347 4530 3623 4608 ἀγνωσίας
3680 4533 3762 4596 εἷς

2017 4622 2066 4686 D
2096 4624 2293 4697 γνῶσιν
2325 4619 2627 4692 μετάθεσις.

2177 4728 2251 4797 η’.
2299 4730 2468 4781 Τοῦτο
2523 4728 2587 4782 τὸ
2644 4729 3025 4802 μαθηματικὸν
3077 4724 3361 4804 διαιρεῖται
3412 4727 3488 4791 εἷς
3521 4729 3762 4807 ἀριθμη-

2104 4817 2284 4886 τικὴν,
2352 4816 2639 4888 μουσικὴν,
2700 4815 3035 4894 γεωμετρίαν
3090 4815 3179 4872 καὶ
3229 4816 3762 4891 ἀστρο,νομίαν·.καὶ

2108 4905 2212 4981 γὰρ
2269 4904 2393 4981 περί
2451 4905 2617 4959 ποσὸν
2670 4905 2893 4981 γίνεται·
2950 4909 3048 4961 τοῦ
3081 4902 3139 4960 δὲ
3193 4909 3365 4960 ποσοῦ
3410 4906 3603 4982 τὰμὲν
3647 4904 3762 4962 ἔστι

2108 4992 2352 5068 συνεχὲς,
2410 4992 2475 5047 τὸ
2531 4988 2590 5047 δὲ
2639 4989 3021 5070 διωρισμένον.
3071 4990 3171 5047 Καὶ
3221 4993 3463 5075 συνεχὲς⁴
3497 4990 3760 5067 μὲνέστι,

2110 5102 2173 5136 ου
2201 5082 2269 5136 τὰ
2301 5079 2466 5158 μόρια
2512 5080 2650 5158 πρὸς
2702 5102 2825 5138 τινα
2850 5081 3027 5138 κοινὸν
3080 5079 3206 5156 ὅρον
3252 5080 3539 5155 συνάπτειν
3576 5083 3691 5140 οῖον
3721 5085 3758 5152 ἠ

2109 5171 2366 5245 γραμμή-

2184 5276 2227 5339 θ¹
2261 5319 2276 5333 .
2333 5274 2433 5332 Καὶ
2493 5275 2598 5351 γὰρ
2653 5275 2829 5331 πάντα
2880 5277 2952 5330 τὰ
3007 5274 3143 5353 μέρη
3204 5275 3378 5348 αὐτῆς
3439 5277 3765 5353 συνημμένα

2114 5365 2254 5422 ἐστὶν
2289 5363 2586 5436 ἀλλήλοις,
2621 5365 2697 5439 μή
2730 5364 2877 5438 παρᾶ
2901 5369 3010 5421 τῶν
3042 5363 3095 5420 έν
3129 5362 3264 5440 αὐτῇ
3299 5365 3540 5440 σημείων
3596 5364 3764 5443 διειρ-

2113 5454 2322 5529 γόμενα
2373 5455 2472 5523 τήν
2531 5455 2837 5532 συνάφειαν.
2896 5455 2967 5509 Τὸ
3020 5453 3121 5530 γὰρ
3181 5459 3451 5529 σημεῖον,
3510 5456 3541 5510 ὃ
3595 5455 3763 5531 πέρας

2116 5542 2225 5598 ἐστὶ
2254 5546 2351 5598 τοῦ
2388 5542 2621 5616 ἡμίσους
2671 5543 2867 5618 μέρους
2912 5544 3080 5619 τυχὸν
3127 5549 3227 5613 τῆς
3274 5543 3759 5620 γραμμῆςν-ἀρχῆ

2113 5637 2211 5688 τοῦ
2278 5630 2486 5688 λοιποῦ
2560 5631 2793 5707 ἡμίσους
2873 5632 3070 5709 μέρους
3112 5631 3359 5704 ρταύτηςλ
3417 5634 3762 5705 καθέστηκε.

2116 5720 2481 5798 Διωρισμένον
2541 5718 2601 5777 δὲ
2648 5721 2818 5779 ποσόν
2875 5720 3012 5794 ἐστι,
3040 5722 3070 5778 ’ὀ
3122 5723 3215 5785 τά,
3249 5721 3418 5799 μόρια
3443 5721 3598 5803 ,πρὸς
3642 5742 3765 5781 τινα
