4154 6416
379 395 498 461 ’133

1741 399 2090 466 EPITOME
2133 403 2440 467 LOGIGA.

3673 404 3793 466 ⁸734

383 530 570 586 καινὸν
604 529 731 608 ερον
765 529 827 588 06
862 529 1138 588 σανάπτει·
1172 533 1287 588 οἷον
1319 534 1348 588 6
1379 532 1627 608 ἀριθμός·
1681 534 1740 590 εὖ
1790 537 1892 611 γὰρ
1938 541 2028 590 τοῦ

2148 554 2524 593 communem
2549 537 2870 594 terminum
2895 555 3008 596 non
3031 537 3351 612 conjungit,
3374 536 3554 594 veluti
3585 554 3790 595 nume-

383 618 436 694 ἓξ
464 622 634 696 τυχὸν
664 622 727 676 τὸ
775 621 948 695 ἥμισυ
1004 623 1168 696 μέρος
1213 620 1340 692 ἤτοι
1387 623 1453 678 τὰ
1501 623 1645 696 τρία,
1677 626 1853 679 κοινὸν
1906 624 2029 698 ὅρον

387 705 504 786 ἔχει
533 710 655 764 τινὰ
688 712 822 780 μετὰ
849 715 946 766 τοῦ
987 710 1184 767 λοιποῦ
1232 712 1471 785 ἡμίσους
1517 711 1641 782 ἤτοι
1688 718 1794 768 τῶν
1846 713 2030 769 ἄλλων

380 803 568 874 τριῶν,
615 800 752 875 πρὸς
795 801 853 855 ’ὸν
901 798 1025 875 ὅρον
1072 805 1240 856 ταῦτα
1299 799 1365 870 δὴ
1408 803 1476 856 τὰ
1534 803 1672 878 μέρη
1725 804 2030 880 συναφθεῖεν

390 885 472 942 ἄν’
521 886 668 944 ἀλλὰ
708 895 826 951 ταῖς
882 889 1099 962 μονάσιν
1151 891 1238 945 ἀπ’
1290 889 1555 961 ἀλλήλων
1625 892 1830 946 ἅπαντα
1895 891 2031 966 μέρη

382 977 584 1040 παντὸς
646 978 883 1053 ἀριθμοῦ
951 975 1332 1054 διακέκρινται.
1381 984 1485 1034 Τοῦ
1556 981 1649 1052 μὲν
1697 978 1787 1034 οὖν
1844 977 2034 1054 διωρι-

380 1067 586 1139 σμένου
637 1071 828 1137 ποσοῦ,
869 1067 932 1122 τὸ
979 1069 1072 1140 μὲν
1104 1065 1212 1122 ἔστι
1271 1069 1387 1122 καθ’
1446 1069 1597 1139 αὐτὸ,
1659 1071 1770 1123 οἷον
1819 1069 1880 1124 τὸ
1940 1066 2033 1145 ἅρ-

382 1175 521 1223 τιον,
569 1157 632 1210 τὸ
686 1157 958 1231 περιττὸν,
1005 1157 1067 1211 τὸ
1131 1156 1362 1229 τέλειον,
1418 1156 1505 1212 καὶ
1564 1157 1630 1211 τὰ
1685 1162 1925 1212 τοιαῦτα·
1973 1157 2036 1212 τὸ

384 1241 442 1299 δὲ
471 1245 661 1320 σχέσιν
693 1242 820 1320 ἔχον
866 1245 1004 1321 πρὸς
1047 1243 1201 1301 ἄλλο·
1233 1267 1306 1318 τι,
1342 1247 1454 1301 οἷον
1507 1243 1810 1316 διπλάσιον,
1842 1246 2036 1319 ἥμισυ,

349 1337 592 1406 ’μεῖζον,
640 1330 885 1405 ἔλαττον,
939 1333 1226 1410 ἐπίτριτον,
1278 1334 1562 1407 ἡμιόλιον,
1595 1335 1684 1390 καὶ
1730 1338 1796 1389 τὰ
1845 1335 2034 1408 ὅμοια.

379 1428 485 1478 Τοῦ
535 1421 594 1479 δὲ
641 1428 900 1500 συνεχοῦς
959 1429 1134 1479 ποσοῦ
1195 1425 1258 1479 τὸ
1315 1425 1408 1498 μὲν
1458 1419 1600 1479 ἔστιν
1649 1425 1699 1480 ἐν
1754 1429 1890 1500 μονῇ
1947 1425 2037 1481 καὶ

385 1514 590 1584 στάσει,
620 1513 690 1567 τὸ
714 1510 760 1567 δ’
783 1512 834 1568 ἐν
866 1515 1074 1584 κινήσει
1104 1513 1195 1568 καὶ
1226 1520 1512 1592 περιφορᾷ.

457 1787 505 1833 ι’.
535 1779 599 1835 Ἡ
645 1776 825 1834 τοίνυν
888 1778 1222 1853 ἀριθμητική
1289 1781 1634 1856 καταγίνεται
1690 1783 1816 1858 περὶ
1867 1781 2036 1837 ποσὸν

383 1867 739 1944 διωρισμένον
793 1870 909 1922 καθ’
959 1869 1134 1940 ἑαυτὸ,
1183 1872 1218 1939 ἡ
1271 1867 1328 1924 δὲ
1393 1872 1626 1944 μουσική
1678 1872 1801 1946 περὶ
1867 1873 2034 1926 ποσὸν
2069 1911 2118 1976 Β

384 1955 410 1976 α
628 1955 676 1976 ι.
786 1957 800 1976 ιι
857 1949 860 1952 ’
964 1958 976 1976 ι
1119 1965 1158 1976 π
1203 1959 1218 1976 \
1263 1956 1286 1976 η
1462 1963 1474 1976 ο
1589 1959 1606 1976 κ
1707 1960 1720 1976 θ
1796 1971 1812 1976 -
2011 1962 2024 1976 ι

345 1955 734 2034 ’διωρισμέν’ον
783 1949 1086 2034 ἐν’σχέσει.
1119 1959 1220 2014 Καὶ
1260 1956 1400 2014 ἔστιν
1451 1963 1486 2029 ἡ
1550 1959 1644 2032 μὲν
1697 1960 2033 2037 ἀριθμητικὴ

341 2051 580 2122 “γνῶσις
627 2051 800 2102 ποσοῦ
850 2044 1214 2123 διωρισμένου
1268 2050 1384 2103 καθ’
1415 2048 1566 2118 αὐτὸ,
1597 2052 1632 2119 ἡ
1686 2047 1745 2104 δὲ
1799 2051 2034 2122 μουσικὴ

341 2140 583 2206 ’γνῶσις
660 2133 1259 2212 ποσοῦδιωρισμένου
1317 2136 1368 2192 ἐν
1424 2137 1627 2213 σχέσει.
1684 2139 1748 2193 Ἡ
1818 2160 2032 2214 γεωμε-

376 2224 503 2302 τρία
573 2224 916 2301 καταγίνεται
998 2225 1122 2302 περὶ
1200 2226 1366 2281 ποσὸν
1449 2227 1668 2303 συνεχὲς
1756 2227 2035 2298 ἀκίνητον,

345 2315 571 2370 ’ὁποῖον
621 2317 656 2384 ἡ
707 2317 800 2389 γῆ.
853 2314 952 2369 Καὶ
1000 2311 1137 2370 ἔστιν
1185 2317 1221 2384 ἡ
1255 2336 1564 2392 γεωμετργα
1606 2320 1804 2392 γνῶσις
1863 2322 2038 2372 ποσοῦ

383 2407 645 2479 συνεχοῦς
716 2402 992 2475 ἀκινήτου,
1037 2406 1072 2472 ἡ
1141 2401 1200 2458 δὲ
1269 2403 1603 2480 ἀστρονομία
1671 2403 1794 2480 περί
1870 2406 2035 2462 ποσὸν

339 2492 606 2568 ’συνεχὲς
680 2491 1002 2562 ἀεικίνητον,
1077 2493 1266 2548 ὁποῖον
1327 2493 1354 2547 6
1413 2491 1659 2568 οὐρανός.
1725 2493 1823 2548 Καὶ
1900 2492 2040 2550 ἔστιν

381 2583 417 2651 ἠ
448 2580 786 2657 ἀστρονομία
813 2584 1015 2656 γνῶσις
1042 2585 1214 2636 ποσοῦ
1246 2587 1503 2658 συνεχοῦς
1537 2583 1865 2653 άεικινήτου.

457 2778 526 2816 ια.
555 2760 734 2813 Ταῦτα
790 2758 883 2832 μὲν
933 2758 1059 2836 περὶ
1114 2761 1212 2813 τοῦ
1276 2761 1378 2828 τῆς
1446 2757 1780 2837 φιλοσοφίας
1834 2770 2039 2835 θεωρη-

381 2864 558 2904 τικου.

455 2953 543 3028 ιβ’.
573 2953 644 3008 Τὸ
675 2950 733 3008 δὲ
771 2953 1064 3029 πρακτικὸν
1119 2949 1405 3028 διαιρεῖται
1454 2953 1531 3015 εἰς
1573 2954 1786 3026 ἠθικὸν,
1817 2954 2034 3010 οἰκονο-

381 3041 538 3114 μικὸν
586 3043 674 3096 καὶ
734 3040 1040 3098 πολιτικόν.
1085 3041 1184 3096 Καὶ
1233 3043 1423 3112 ἠθικὸς
1475 3042 1569 3115 μὲν
1605 3038 1744 3098 ’ἔστι
1810 3043 2034 3118 φιλόσο-

375 3152 475 3208 φος
506 3132 534 3186 ὁ
560 3132 628 3186 τὰ
658 3131 850 3186 ἑαυτοῦ
879 3129 990 3200 ἤθη
1022 3129 1111 3185 καὶ
1161 3129 1336 3186 ἄλλου
1388 3130 1664 3207 ῥυθμίζειν
1717 3130 2030 3206 δυνάμενος.

373 3221 723 3294 οἱκονομικὸς
774 3218 833 3276 δὲ
870 3221 898 3274 ὁ
942 3219 1033 3274 καὶ
1081 3220 1230 3275 οἶκον
1277 3218 1406 3274 ὅλον
1453 3219 1785 3276 έκπαιδεύειν
1847 3221 2030 3284 καλῶς

2142 643 2263 682 rus.
2323 627 2520 698 Neque
2577 629 2733 683 enim
2792 629 3026 696 senarii,
3083 629 3329 700 exempli
3387 629 3592 700 gratia,
3646 645 3783 700 pars

2143 715 2404 785 dimidia,
2465 717 2582 773 sive
2648 719 2959 784 ternarius,
3026 734 3396 774 communem
3465 717 3779 788 quemdam

2141 805 2458 860 terminum
2490 807 2665 862 habet
2696 823 2830 863 cum
2861 808 3083 878 reliquo
3116 807 3380 876 dimidio,
3409 806 3528 862 sive
3557 807 3782 861 caeteris

2142 893 2333 949 tribus
2380 911 2494 965 quo
2543 895 2791 950 termino
2843 896 2928 950 hae
2979 895 3200 951 scilicet
3236 901 3428 967 partes
3459 896 3783 964 conjunctaa

2145 987 2383 1051 essent;
2421 985 2518 1039 sed
2554 985 2881 1040 unitatibus
2921 1002 2954 1040 a
2993 1002 3055 1040 se
3087 985 3333 1040 invicem
3367 1000 3569 1039 omnes
3601 987 3795 1054 partes

2146 1072 2340 1126 omnis
2389 1074 2619 1127 numeri
2670 1075 2930 1128 discretae
2981 1077 3136 1130 sunt.
3174 1075 3536 1146 Quapropter
3573 1071 3791 1126 discre-

2147 1166 2274 1215 tum
2306 1161 2541 1232 quidem
2576 1166 2857 1232 quantum
2890 1162 3048 1217 aliud
3080 1168 3170 1217 est
3201 1179 3302 1234 per
3343 1179 3425 1232 se,
3455 1161 3631 1216 veluti
3665 1177 3790 1232 par,

2150 1250 2358 1320 impar,
2386 1252 2724 1320 perfectum,
2751 1256 2807 1306 et
2829 1268 2956 1322 quae
2979 1257 3120 1306 sunt
3144 1251 3324 1322 hujus
3345 1249 3606 1322 generis:
3635 1248 3793 1304 aliud

2147 1355 2279 1394 vero
2312 1340 2676 1394 ailectionem
2711 1357 2811 1394 seu
2855 1347 3182 1412 respectum
3236 1339 3414 1394 habet
3463 1339 3534 1394 ad
3591 1337 3792 1405 aliud;

2149 1427 2323 1483 veluti
2346 1428 2961 1499 duplum,dimidium,
2985 1430 3198 1499 majus,
3218 1429 3434 1494 minus,
3451 1428 3553 1482 60
3571 1425 3794 1497 sesqui-

2149 1515 2407 1585 tertium,
2425 1516 2896 1588 sesquialterum,
2912 1522 2968 1571 et
2985 1516 3579 1572 similia.Continuum
3598 1519 3793 1571 autem

2150 1609 2438 1676 quantum
2471 1605 2628 1659 aliud
2662 1609 2752 1660 est
2781 1606 2839 1660 in
2872 1605 3174 1661 mansione
3215 1610 3271 1661 et
3313 1609 3490 1672 statu,
3524 1603 3683 1659 aliud
3731 1603 3791 1658 in

2151 1699 2313 1749 motu
2345 1701 2399 1749 et
2433 1695 2828 1750 conversione.

2223 1785 2306 1838 10.
2339 1784 2724 1839 Arithmetica
2775 1784 3010 1855 quidem
3059 1784 3239 1856 igitur
3294 1782 3445 1838 circa
3503 1786 3791 1854 quantum

2149 1872 2466 1928 discretum
2520 1890 2622 1945 per
2671 1890 2731 1928 se
2785 1878 3122 1944 occupatur,
3175 1871 3399 1928 musica
3445 1887 3580 1928 vero
3639 1871 3792 1927 circa

2148 1965 2436 2032 quantum
2467 1961 2788 2018 discretum
2833 1963 2892 2017 in
2943 1966 3232 2034 respectu.
3264 1962 3483 2033 Estque
3514 1959 3792 2015 arithme-

2145 2050 2264 2106 tica
2293 2050 2529 2122 quidem
2563 2051 2772 2106 notitia
2801 2052 3003 2122 quanti
3038 2051 3270 2106 discreti
3312 2067 3414 2122 per
3451 2066 3514 2105 se
3564 2048 3794 2104 musica

2146 2154 2280 2194 vero
2321 2139 2528 2195 notitia
2573 2140 2780 2209 CIuanti
2830 2140 3064 2196 discreti
3118 2140 3176 2194 in
3227 2143 3514 2212 respectu.
3549 2137 3791 2194 Geome-

2147 2227 2260 2282 tria
2281 2228 2436 2284 circa
2451 2233 2737 2300 quantum
2763 2229 3108 2285 continuum
3131 2228 3430 2285 immobile
3451 2231 3792 2300 occupatur,

2149 2317 2322 2389 quale
2360 2321 2515 2373 terra
2564 2324 2673 2374 est.
2708 2319 2923 2390 Estque
2969 2319 3285 2390 geometria
3329 2317 3536 2374 notitia
3589 2315 3794 2388 quanti

2149 2407 2410 2462 continui
2440 2407 2782 2462 immobilis.
2816 2407 3187 2464 Astronomia
3231 2423 3368 2462 vero
3411 2406 3564 2462 circa
3603 2421 3794 2478 quan-

2147 2501 2276 2552 tum
2335 2497 2678 2552 continuum
2729 2513 2961 2568 semper
3017 2495 3230 2552 mobile
3285 2499 3573 2561 versatur,
3623 2493 3796 2565 quale

2149 2585 2359 2642 coelum
2392 2589 2499 2640 est.
2533 2585 2752 2656 Estque
2784 2585 3144 2641 astronomia
3173 2583 3384 2640 notitia
3421 2583 3624 2655 quanti
3656 2598 3792 2638 con-

2146 2674 2297 2730 tinui
2331 2673 2487 2747 quod
2519 2690 2750 2746 semper
2781 2679 3058 2730 movetur.

2220 2765 2306 2821 11.
2337 2767 2469 2820 Haec
2515 2764 2750 2835 quidem
2803 2765 2873 2819 de
2926 2762 3376 2835 contemplativa
3413 2759 3796 2835 philosophia

2147 2858 2333 2926 parte.

2221 2961 2307 3014 12.
2345 2964 2513 3015 Porro
2547 2960 2736 3016 activa
2766 2957 3170 3031 (philosophiae
3202 2958 3360 3030 pars)
3406 2957 3468 3013 in
3516 2956 3791 3027 ethicam,

2097 3057 2100 3060 ’
2146 3049 2557 3104 aaconomicam
2616 3053 2674 3104 et
2731 3047 3025 3119 politicam
3075 3047 3379 3103 dividitur.
3434 3048 3505 3104 Et
3559 3045 3787 3102 ethicus

2145 3138 2270 3208 (seu
2302 3136 2560 3209 moralis)
2591 3137 2829 3208 quidem
2862 3136 3248 3208 philosophus
3279 3140 3384 3203 est,
3420 3137 3522 3207 qui
3553 3151 3692 3191 suos
3729 3139 3788 3190 et

2147 3224 2385 3281 alterius
2418 3243 2609 3282 mores
2641 3225 2922 3282 concinne
2953 3226 3316 3280 conformare
3353 3230 3542 3297 potest
3573 3241 3586 3278 ε
3638 3241 3783 3280 ωοο-

373 3280 748 3382 έπιστάμενος.
779 3311 835 3363 Ὁ
884 3307 942 3364 δέ
987 3329 1051 3384 γε
1093 3308 1254 3363 πόλιν
1301 3310 1336 3378 ἢ
1387 3310 1476 3364 καὶ
1523 3309 1713 3373 πόλεις
1771 3280 2028 3387 διεξάγων

2145 3315 2414 3370 nomicus
2462 3319 2659 3370 autem
2709 3315 2810 3387 qui
2857 3314 3033 3370 etiam
3082 3318 3264 3370 totam
3313 3315 3554 3370 domum
3608 3314 3787 3386 probe

271 3434 274 3436 η
373 3397 462 3454 καὶ
495 3393 862 3475 διαυϐερνῶν
895 3397 1130 3476 ἀρίστως
1160 3395 1472 3461 πολιτικός.

445 3575 529 3650 ιγ’.
561 3575 930 3651 Κατορθοῦται
976 3571 1036 3630 δὲ
1081 3575 1144 3629 τὸ
1192 3581 1295 3630 πᾶν
1347 3575 1640 3650 πρακτικὸν
1694 3573 1783 3630 διά
1827 3596 1887 3630 τε
1932 3580 2032 3631 τοῦ

2142 3403 2304 3460 novit
2333 3403 2564 3459 erudire
2598 3420 2610 3458 :
2648 3403 2920 3476 politicus
2951 3403 3203 3475 denique
3233 3403 3333 3476 qui
3365 3403 3656 3459 civitatem
3686 3405 3789 3458 aut

2121 3483 2318 3548 etiam
2351 3493 2616 3549 civitates
2644 3492 2846 3565 dirigit
2872 3497 2928 3548 et
2957 3493 3244 3565 gubernat
3271 3493 3509 3565 optime.

2217 3581 2303 3636 13.
2346 3581 2564 3637 Omnes
2617 3584 2812 3636 autem
2870 3581 3052 3636 totius
3109 3581 3305 3636 activae
3362 3578 3790 3653 (philosOphiaa)

368 3665 730 3738 νομοθετικοῦ
798 3663 888 3718 καὶ
951 3661 1282 3721 δικαστικοῦ.
1333 3663 1431 3719 Καὶ
1500 3665 1604 3740 γὰρ
1661 3667 1952 3738 νομοθετεῖ
2005 3666 2028 3719 6

2146 3671 2240 3725 61
2287 3675 2484 3741 partes
2535 3670 2856 3741 implentur
2901 3687 3004 3740 per
3050 3669 3246 3741 legum
3307 3670 3678 3725 ferendarum
3735 3671 3792 3723 et

367 3753 665 3828 πρακτικὸς
696 3749 995 3830 φιλόσοφος
1039 3752 1130 3807 καὶ
1179 3751 1342 3807 πόλει
1390 3753 1481 3806 καὶ
1534 3749 1669 3825 οἷόιῳ
1707 3753 1797 3808 καὶ
1855 3765 2032 3826 μαθη-

365 3845 436 3916 τῇ
466 3840 556 3896 καὶ
602 3842 775 3914 ἑαυτῷ
823 3841 890 3896 τὰ
934 3841 1266 3898 συνοίσοντα.
1299 3841 1570 3903 Ὡσαύτως
1623 3841 1681 3896 δὲ
1727 3841 1816 3896 καὶ
1878 3839 2030 3896 δικά-

371 3937 470 4003 ζει,
530 3929 658 3992 τοὺς
727 3931 822 4003 μὲν
889 3928 1078 3992 καλῶς
1165 3929 1498 4006 πράττοντας
1563 3935 1675 3985 τῶν
1749 3930 2032 4006 ἀγομένων

370 4020 602 4076 ἐπαινῶν
653 4020 742 4074 καὶ
807 4023 1005 4092 τιμῶν,
1065 4019 1153 4074 καὶ
1223 4024 1328 4074 τῶν
1407 4024 1806 4095 προσηκουσῶν
1871 4020 2033 4093 ἀμοι-

377 4103 488 4163 ϐὧν
536 4107 718 4178 ἀξιῶν,
765 4106 893 4169 τοὺς
947 4105 1005 4162 δὲ
1049 4112 1229 4170 κακῶς
1297 4105 1542 4184 ἐλέγχων
1601 4108 1690 4161 καὶ
1753 4105 2030 4185 φαυλίζων

379 4197 472 4252 καὶ
530 4194 966 4272 τιμωρούμενος.
1013 4194 1221 4251 Γίνεται
1276 4193 1334 4251 δὲ
1403 4196 1493 4250 καὶ
1551 4197 1722 4268 ἑαυτῷ
1779 4194 2034 4266 δικαστὴς

374 4286 404 4341 6
453 4284 778 4365 φιλόσοφος,
826 4283 1216 4359 καὶ¹τέρπεται
1279 4285 1372 4359 μὲν
1432 4286 1683 4361 πράττων
1740 4286 1807 4339 τὰ
1858 4285 2035 4360 ἀγαθὰ

366 4375 458 4430 καὶ
533 4379 654 4437 ταῖς
725 4375 938 4454 ἀρεταῖς
1013 4371 1340 4444 ένηδόνεται⁹
1419 4368 1768 4449 παραϐαίνων
1853 4371 1912 4430 δέ
1975 4396 2030 4429 τι

377 4467 486 4519 τῶν
551 4453 804 4519 δεόντων
843 4465 1049 4536 πενθεῖ,
1115 4462 1205 4518 καὶ
1280 4463 1465 4518 ἑαυτὸν
1547 4460 1868 4533 ἐπιπλήττει
1939 4464 2030 4518 καὶ

372 4550 664 4630 διόρθωσιν
685 4555 794 4607 τῶν
829 4549 1182 4630 ἐσφαλμένων
1215 4550 1515 4628 ἐργάζεται.

2135 3759 2497 3829 judiciorum
2530 3758 2810 3814 ofﬁcium.
2853 3759 3090 3814 Activus
3121 3760 3277 3814 enim
3309 3757 3696 3830 philosophus
3733 3761 3790 3812 et

2143 3847 2360 3904 civitati
2392 3853 2450 3902 et
2480 3847 2681 3902 domui
2713 3852 2768 3902 et
2799 3847 3087 3919 discipulo
3118 3852 3176 3902 et
3205 3848 3318 3903 sibi
3347 3846 3459 3918 ipsi
3490 3847 3559 3902 de
3591 3846 3790 3918 profu-

2140 3935 2291 3992 turis
2323 3936 2480 4008 leges
2511 3937 2640 3992 fert.
2675 3936 2890 3991 Eodem
2933 3936 3104 3990 modo
3149 3935 3324 3990 etiam
3365 3936 3612 4006 judicat,
3647 3934 3788 3989 dum

2142 4025 2514 4080 subditorum
2542 4029 2696 4080 recte
2719 4024 2956 4096 quidem
2990 4029 3225 4096 agentes
3255 4023 3457 4078 laudat
3487 4028 3543 4078 et
3569 4023 3790 4079 honore

2142 4118 2201 4169 et
2230 4114 2710 4169 convenientibus
2741 4113 3000 4185 praemiis
3021 4113 3337 4185 dignatur;
3372 4111 3523 4168 male
3543 4129 3675 4168 vero
3705 4112 3791 4182 (se

2142 4203 2432 4275 gerentes)
2459 4202 2854 4274 reprehendit,
2883 4201 3127 4274 negligit
3153 4205 3209 4257 et
3237 4201 3426 4273 punit.
3451 4201 3562 4256 Sed
3592 4204 3648 4257 et
3677 4200 3790 4257 sibi

2141 4291 2255 4363 ipsi
2287 4291 2463 4347 etiam
2499 4290 2885 4362 philosophus
2924 4291 2992 4345 ﬁt
3031 4291 3233 4362 judex,
3266 4293 3322 4345 et
3368 4291 3520 4345 bona
3549 4290 3788 4362 quidem

2141 4395 2321 4452 agens
2343 4379 2671 4435 oblectatur
2700 4383 2756 4433 et
2785 4378 2844 4433 in
2875 4377 3190 4434 virtutibus
3211 4377 3566 4450 voluptatem
3599 4378 3785 4452 capit;

2139 4468 2240 4524 sed
2292 4467 2513 4544 aliquid
2554 4466 2880 4522 ofﬁciorum
2911 4467 3371 4539 transgrediens,
3402 4467 3579 4538 dolet,
3611 4483 3789 4538 seque

2140 4555 2337 4628 ipsum
2361 4556 2634 4628 castigat,
2659 4561 2716 4610 et
2742 4555 3017 4628 lapsuum
3045 4556 3460 4612 correctionem
3484 4554 3788 4611 allaborat.

440 4657 760 4735 t6'."Qcmsp
820 4657 998 4712 τοίνυν
1050 4663 1150 4712 τοῦ
1225 4659 1477 4731 σώματος
1537 4657 1818 4720 τελείωσίς
1881 4656 2020 4713 ἐστιν

2208 4663 2299 4716 14.
2333 4662 2838 4728 Quemadmodum
2875 4657 3055 4734 igitur
3086 4662 3380 4717 medicina
3408 4661 3667 4733 corporis
3697 4666 3788 4717 est

370 4749 406 4818 ἡ
440 4748 678 4824 ἰατρικήο
714 4746 856 4802 οὕτω
888 4745 955 4816 δὴ
1003 4753 1104 4817 τῆς
1149 4750 1337 4822 ψυχῆς
1375 4749 1410 4816 ἡ
1456 4744 1754 4825 φιλοσοφία
1799 4745 2024 4802 τελείω-

375 4859 481 4910 σις,
559 4837 775 4914 ἰατρική
850 4835 1228 4913 γινωσκομένη
1302 4839 1506 4912 ψυχῆς.
1569 4833 1748 4890 Ἐπεέ’
1795 4832 1852 4890 δὲ
1923 4842 2024 4905 τῆς

361 4929 549 5003 ψυχῆς
605 4927 668 4980 τὸ
729 4925 822 5000 μὲν
873 4923 1014 4979 ἔστιν
1087 4925 1386 5000 ὀρεκτικὸν,
1433 4925 1496 4978 τὸ
1581 4921 1638 4978 δὲ
1697 4923 2015 4998 γνωστικόν⁸

359 5015 451 5072 καὶ
495 5017 559 5071 τὸ
613 5015 707 5088 μὲν
760 5011 984 5092 ἄλογον,
1017 5015 1080 5069 τὸ
1125 5011 1184 5069 δὲ
1236 5011 1480 5089 λογικόν⁶
1512 5013 1601 5068 καὶ
1631 5018 1728 5067 τοῦ
1787 5034 2022 5087 γνωστι-

358 5109 462 5161 κοῦ
505 5125 567 5160 τε
611 5103 700 5159 καὶ
751 5101 976 5180 λογικοῦ
1025 5103 1088 5157 τὸ
1133 5102 1227 5176 μὲν
1275 5105 1564 5178 συνεργοῦν
1613 5107 1693 5174 τῷ
1723 5102 2008 5178 ὁρεκτικῷ,

361 5196 476 5258 οἶος
508 5194 538 5249 ὁ
571 5190 793 5267 δυνάμει
839 5197 989 5262 νοῦς,
1020 5193 1056 5261 ἡ
1110 5189 1342 5260 διάνοια,
1387 5192 1451 5246 τὸ
1500 5188 1558 5246 δὲ
1605 5191 1877 5266 χωριστὸν
1929 5191 2018 5246 καὶ

299 5351 306 5360 .
357 5281 692 5361 ἐξῃρημένον
751 5282 1105 5350 παντάπασιν,
1139 5282 1252 5342 οἶος
1287 5281 1314 5334 6
1370 5282 1485 5336 κατ’
1538 5279 1806 5357 ἐνέργειαν
1865 5285 2014 5343 νοῦς·

305 5369 310 5372 ’
357 5373 486 5430 ὅσον
537 5373 632 5446 μὶν
681 5378 784 5441 τῆς
831 5369 1157 5448 φιλοσοφίας
1196 5368 1543 5425 τελειωτικόν
1593 5368 1704 5424 ἐστι
1750 5373 1849 5424 τοῦ
1895 5369 2015 5445 ὀρε-

303 5467 313 5496 ῖ
357 5464 696 5530 κτικοῦτῆς
749 5463 958 5536 ψυχῆς,
1006 5459 1097 5513 καὶ
1148 5457 1314 5513 αὐτοῦ
1365 5455 1432 5526 δὴ
1482 5455 1705 5531 δυνάμει
1753 5461 1870 5529 νοῦ,
1916 5463 2013 5512 τοῦ

301 5537 316 5566 ”
359 5539 754 5626 συνεργοῦντος
785 5554 884 5624 ’τῷ
959 5547 1241 5625 ὀρεκτικῷ,
1299 5550 1460 5604 τοῦτο
1516 5545 1832 5622 πρακτικὸν,
1895 5545 2012 5600 ὀνο-

309 5641 314 5647 ’
365 5640 588 5714 μάζεται
637 5638 762 5716 περὶ
816 5637 1005 5715 πρᾶξιν
1073 5636 1488 5715 ἡσχολημένον,
1536 5635 1625 5691 καὶ
1672 5634 1832 5697 τέλος
1879 5632 2004 5710 ἔχον

342 5731 458 5799 ’τὴν
505 5726 712 5804 αἳρεσιν
754 5727 842 5782 καὶ
904 5725 1170 5798 ἐπίτευξιν
1207 5731 1305 5782 τοῦ
1349 5723 1576 5802 ἀγαθοῦ-
1625 5722 1750 5780 ὅσον
1807 5721 1864 5778 δὲ
1909 5729 2006 5782 τοῦ

2141 4751 2442 4822 perfectio,
2498 4749 2580 4805 ita
2638 4766 2779 4805 sane
2830 4751 3039 4805 animas
3095 4751 3368 4822 perfectio
3417 4750 3790 4822 philosophia

2103 4843 2248 4907 'est,
2309 4856 2435 4909 quae
2492 4838 2700 4894 animas
2750 4839 3042 4894 medicina
3096 4841 3453 4911 agnoscitur.
3498 4840 3784 4903 Quoniam

2136 4931 2331 4982 autem
2364 4926 2573 4981 animas
2605 4944 2739 4998 pars
2771 4927 2885 4982 alia
2929 4931 3017 4983 est
3061 4944 3187 4998 quae
3233 4929 3474 5001 appetit,
3509 4928 3624 4984 alia
3654 4946 3784 5001 quae

2134 5017 2476 5088 cognoscit;
2530 5021 2588 5070 et
2637 5032 2844 5071 rursus
2891 5015 3070 5086 hujus
3118 5016 3234 5072 alia
3271 5017 3507 5089 quidem
3541 5016 3785 5073 rationis

2132 5104 2448 5177 particeps,
2481 5104 2597 5160 alia
2646 5103 2889 5159 rationis
2938 5121 3143 5176 expers
3186 5109 3318 5172 est;
3371 5122 3624 5178 cumque
3655 5107 3784 5177 ejus

2130 5209 2258 5264 quas
2289 5192 2606 5263 cognoscit,
2639 5208 2884 5264 quaeque
2929 5193 3173 5248 rationis
3202 5193 3493 5266 particeps
3522 5198 3631 5266 est,
3665 5211 3784 5250 una

2130 5281 2367 5354 quidem
2427 5286 2770 5352 cooperetur
2817 5281 3114 5353 appetenti
3165 5283 3386 5354 (parti),
3441 5283 3633 5354 qualis
3691 5287 3782 5339 est

2128 5387 2294 5426 mens
2343 5375 2648 5441 potestate,
2699 5369 2828 5441 ipsa
2879 5372 3144 5438 dianosa;
3195 5374 3378 5426 altera
3429 5387 3562 5426 vero
3605 5389 3779 5444 sepa-

2125 5459 2327 5515 rabilis
2375 5464 2433 5514 et
2479 5475 2720 5530 prorsus
2767 5463 3038 5530 exempta
3085 5459 3180 5527 sit,
3225 5459 3415 5531 qualis
3463 5467 3554 5515 est
3607 5475 3775 5516 mens

2123 5555 2255 5604 actu
2284 5566 2297 5616 ;
2351 5553 2571 5620 quanta
2609 5547 2846 5619 quidem
2877 5547 3259 5619 phiIOSOphize
3292 5565 3428 5620 pars
3459 5549 3560 5606 62
3593 5565 3776 5621 appe-

2120 5643 2340 5694 tentem
2373 5637 2580 5692 animae
2614 5640 2859 5708 partem,
2894 5641 2950 5692 et
3001 5637 3189 5709 ipsam
3243 5637 3466 5694 scilicet
3516 5643 3774 5694 mentem

2115 5731 2432 5800 potestate,
2499 5742 2626 5800 qua:
2693 5725 2987 5805 appetenti
3079 5730 3462 5800 cooperatur,
3520 5727 3768 5808 perficit,
