4154 6434
368 379 484 442 735

1612 386 2037 452 NICEPHORI
2080 387 2522 450 BLEMMIDE

3661 387 3785 450 736

367 511 489 568 haec
575 513 762 572 activa
845 517 1219 587 nominatur,
1288 537 1421 576 cum
1503 521 1655 578 circa
1722 524 2012 578 actionem

2135 525 2426 595 γνωστικοῦ
2488 519 2854 594 τελειωτικὸν,
2903 519 3062 583 τέλος
3140 516 3269 596 ἔχον
3328 519 3427 590 τὴν
3498 518 3780 593 ἀλήθειαν,

367 602 445 656 sit
502 610 802 675 occupata,
864 607 1158 680 finemque
1216 608 1428 666 habeat
1485 611 1619 666 boni
1688 611 2019 683 apprehen-

2127 613 2287 662 τοῦτο
2321 608 2532 684 λέγεται
2562 614 2760 671 κοινῶς
2789 609 3140 686 θεωρητικόν.

367 690 591 747 sionem
649 699 705 749 et
753 698 1270 766 consecutionem;
1330 705 1550 771 quanto
1597 718 1729 756 vero
1784 705 2226 772 cognoscentem
2283 701 2512 771 (animae
2560 701 2810 773 partem)
2862 701 3108 774 perficit,
3163 701 3463 756 veritatem
3512 717 3614 772 pro
3665 700 3783 756 ﬁne

367 778 613 849 habens,
657 783 779 839 haec
826 787 1217 842 communiter
1267 790 1715 861 contemplativa
1767 789 1999 844 dicitur.

445 871 529 924 15.
561 876 844 930 (laterum
868 883 1088 947 quanta
1109 879 1349 948 quidem
1374 880 1642 934 notitiam
1669 879 1883 934 mentis
1917 895 2016 950 po-

369 961 580 1044 testate
611 964 857 1033 perﬁcit,
890 982 1016 1020 eam
1051 967 1331 1022 nimirum
1371 986 1496 1039 quae
1547 986 1679 1023 cum
1737 985 1914 1023 sensu
1963 971 2020 1022 et

369 1047 790 1120 imaginatione
820 1053 972 1109 circa
1004 1055 1222 1112 formas
1253 1057 1592 1112 materiatas
1625 1061 1682 1112 et
1712 1074 1746 1111 a
1775 1055 2021 1111 materia

370 1135 794 1209 inseparabiles
823 1149 1165 1216 occupatur,
1199 1145 1320 1200 hac
1365 1145 1731 1218 physiologia
1758 1151 2017 1215 vocatur,

375 1227 529 1295 quod
563 1228 716 1284 circa
753 1230 862 1286 has
911 1237 966 1287 et
1012 1233 1070 1288 in
1119 1234 1210 1290 his
1251 1238 1460 1290 natura
1490 1236 1603 1302 sit;
1637 1239 1856 1308 quanta
1884 1251 2019 1291 vero

372 1331 582 1386 puram
633 1320 846 1376 mentis
902 1338 969 1376 ac
1024 1324 1420 1394 operationem
1478 1324 1721 1396 perficit,
1774 1339 2022 1394 eamque

375 1406 591 1462 mentis
623 1413 914 1479 potestate
945 1428 1072 1482 qum
1105 1413 1175 1468 ad
1211 1417 1466 1469 mentem
1498 1419 1628 1468 actu
1663 1412 2020 1484 prohevitur,

376 1493 669 1565 siquidem
703 1498 911 1554 notitia
967 1505 1056 1555 est
1105 1501 1257 1556 circa
1309 1502 1527 1557 formas
1571 1518 1669 1556 eas
1701 1519 1828 1573 quae
1861 1501 2020 1556 omni

375 1585 544 1639 modo
591 1590 730 1640 sunt
782 1605 816 1642 a
862 1589 1107 1646 materia
1156 1590 1532 1662 separabiles,
1565 1590 1702 1646 talis
1732 1589 2023 1662 theologia

371 1677 614 1728 vocatur
634 1679 691 1730 et
720 1677 912 1747 prima
935 1678 1308 1750 philosophia
1339 1684 1395 1735 et
1425 1679 1842 1752 metaphysica,
1867 1680 2020 1750 quod

373 1780 554 1836 supra
576 1765 868 1821 naturalia
894 1767 972 1822 sit
999 1767 1276 1824 collocata
1304 1794 1318 1835 ;
1351 1769 1439 1824 sin
1471 1785 1604 1824 vero
1628 1769 1782 1824 circa
1804 1769 2022 1823 formas

373 1857 462 1907 est
490 1854 702 1923 partim
735 1855 972 1926 quidem
1027 1873 1058 1910 a
1112 1857 1358 1913 materia
1394 1857 1771 1929 separabiles,
1806 1857 2021 1929 partim

370 1958 506 1998 vero
561 1943 1012 2017 inseparabiles,
1067 1962 1194 2016 quae
1252 1946 1388 2002 talis
1444 1951 1555 2012 est,
1614 1945 2025 2002 mathematica

370 2032 710 2089 nominatur
757 2037 813 2089 et
862 2034 933 2089 de
974 2034 1191 2090 anima.
1222 2036 1370 2090 Nam
1401 2039 1459 2090 et
1490 2035 1903 2090 mathematica
1931 2051 2020 2090 es-

2205 879 2278 931 ιε’.
2316 875 2472 933 Ἀλλ’
2505 876 2627 933 ὅσον
2672 879 2767 951 μὲν
2798 880 2898 948 τὴν
2928 884 3120 955 γνῶσιν
3150 882 3246 932 τοῦ
3277 874 3496 951 δυνάμει
3547 883 3643 932 νοῦ
3694 899 3782 932 τε-

2130 966 2290 1037 λειοῖ,
2343 969 2441 1035 τὴν
2497 969 2611 1040 μετ’
2665 967 2964 1039 αἰσθήσεως
3031 967 3119 1022 καὶ
3189 967 3479 1045 φαντασίας
3533 967 3660 1041 περὶ
3714 967 3786 1021 τὰ

2130 1051 2292 1109 ἔνυλα
2343 1053 2460 1125 εἷ’ὃη
2509 1057 2599 1110 καὶ
2646 1057 2930 1134 ἀχώριστοι
2967 1064 3067 1126 τῆς
3126 1057 3264 1127 ὕλης
3321 1056 3781 1131 καταγινομένην,

2127 1149 2287 1200 τοῦτο
2340 1143 2586 1200 καλεῖται
2631 1145 3039 1223 φυσιολογικὸν,
3085 1145 3167 1201 ὅτι
3216 1145 3339 1222 περὶ
3385 1149 3553 1200 ταῦτα
3602 1148 3636 1214 ἡ
3680 1145 3782 1224 φύ-

2129 1255 2210 1295 σις
2255 1233 2344 1288 καὶ
2395 1233 2445 1290 ἐν
2495 1237 2713 1298 τούτοις
2763 1235 2926 1290 ἐστίν·
2976 1235 3100 1291 ὅσον
3152 1233 3209 1291 δὲ
3253 1237 3353 1305 τὴν
3390 1239 3489 1290 τοῦ
3548 1233 3784 1311 ἐνεργείᾳ

2128 1328 2223 1378 νοῦ
2280 1325 2512 1400 καθαρὰν
2572 1324 2839 1400 ἐνέργειαν
2896 1325 3119 1396 τελειοῖ,
3178 1325 3268 1380 καὶ
3313 1325 3412 1393 τὴν
3470 1328 3567 1378 τοῦ
3625 1321 3781 1378 δυνά-

2135 1433 2220 1486 μει
2278 1417 2374 1466 νοῦ
2429 1414 2528 1481 τὴν
2590 1412 3087 1490 συνεπαιρουμὲνην
3144 1417 3224 1484 τῷ
3283 1411 3521 1488 ἐνεργείᾳ
3575 1417 3672 1484 νῷ,
3735 1411 3789 1466 εἷ’

2135 1503 2229 1575 μὲν
2283 1497 2406 1577 περὶ
2464 1501 2531 1556 τὰ
2587 1504 2760 1573 πάντη
2820 1504 3068 1578 χώριστα
3141 1510 3242 1572 τῆς
3296 1501 3435 1573 ὕλης
3488 1503 3524 1570 ἡ
3583 1502 3784 1576 γνῶσίς

2131 1590 2263 1660 ἐστι,
2313 1592 2375 1646 τὸ
2428 1596 2678 1646 τοιοῦτον
2746 1592 3058 1668 Θεολογικὸν
3119 1591 3385 1662 καλεῖται,
3435 1590 3525 1646 καὶ
3586 1591 3780 1664 πρώτη

2132 1679 2445 1757 φιλοσοφία,
2504 1680 2595 1734 καὶ
2659 1682 2791 1752 μετὰ
2853 1681 2920 1736 τὰ
2974 1682 3190 1758 φυσικὰ,
3249 1681 3324 1742 ὡς
3394 1679 3642 1736 ἐπέκεινα
3695 1701 3783 1734 τε-

2129 1771 2394 1843 ταγμένον
2461 1774 2570 1823 τῶν
2620 1774 2878 1847 φυσικῶνο
2941 1770 2986 1825 εἰ
3040 1769 3097 1825 δὲ
3142 1771 3265 1841 περὶ
3313 1769 3381 1824 τὰ
3409 1775 3485 1838 πῆ
3524 1769 3620 1842 μὲν
3667 1789 3784 1844 χω-

2133 1859 2288 1933 ριστὰ
2334 1861 2433 1928 τῆς
2482 1858 2620 1929 ὕλης
2672 1856 2812 1930 εἷ’δη,
2849 1862 2928 1928 πῆ
2975 1857 3031 1914 δὲ
3081 1859 3384 1936 ἀχώριστα,
3414 1858 3479 1913 τὸ
3535 1863 3786 1913 τοιοῦτον

2136 1948 2514 2020 μαθηματικὸν
2587 1947 2911 2021 ὀνομάζεται
2982 1947 3074 2003 xui
3149 1948 3272 2024 περὶ
3336 1950 3543 2024 ψυχῆς.
3599 1950 3671 2002 *Ἠ
3723 1967 3786 2002 τε

2131 2036 2234 2111 γὰρ
2297 2038 2648 2108 μαθηματική
2707 2037 2860 2092 οὐσία
2921 2036 3057 2111 μέση
3107 2038 3234 2110 (τις)
3268 2037 3385 2099 πώς
3441 2035 3581 2091 ἐστιν
3641 2035 3785 2106 ὕλης

371 2120 584 2186 sentia,
609 2121 804 2177 media
835 2122 1148 2194 (quaedam)
1182 2129 1272 2178 est
1298 2123 1734 2194 quodammodo
1765 2123 2019 2178 materia:

2135 2126 2221 2180 xui
2278 2124 2491 2188 ἀϋλίας·
2542 2131 2622 2198 τῷ
2678 2127 2772 2199 μὲν
2843 2125 3079 2181 καθόλου
3131 2127 3194 2181 τὸ
3251 2126 3523 2202 χωριστὸν
3578 2121 3787 2200 ἔχουσα

372 2213 429 2264 et
476 2211 578 2265 63
629 2210 1197 2268 immaterialitatis:
1250 2229 1354 2284 per
1403 2212 1730 2268 universale
1783 2212 2021 2284 quidem

374 2298 622 2366 habens,
655 2305 722 2355 ut
769 2317 803 2355 a
847 2303 1093 2356 materia
1122 2301 1379 2373 separari
1413 2301 1640 2373 possit;
1673 2318 1774 2373 per
1800 2301 1858 2355 id
1889 2319 2022 2356 vero

377 2388 530 2459 quod
586 2389 645 2443 in
700 2390 1098 2446 dimensiones
1129 2396 1286 2462 patet
1335 2407 1400 2445 ac
1449 2390 1701 2446 discreta
1739 2395 1846 2454 est,
1879 2395 1944 2444 ut
1989 2408 2023 2445 a

375 2477 624 2532 materia
667 2480 925 2550 separari
981 2497 1092 2534 non
1146 2480 1350 2550 possit.
1383 2478 1570 2533 Simili
1623 2480 1796 2535 modo
1843 2478 2017 2534 etiam

375 2565 575 2622 anima
605 2568 797 2638 quoad
831 2584 1040 2624 sensus
1070 2570 1306 2640 quidem
1358 2573 1415 2623 et
1463 2568 1935 2639 imaginationes,
1966 2572 2024 2622 et

376 2660 632 2710 mentem
692 2661 998 2728 potestate,
1040 2657 1450 2731 inseparabilis
1499 2662 1588 2713 est
1642 2675 1676 2712 a
1733 2657 2018 2726 materia;

376 2743 567 2814 quoad
591 2760 723 2799 vero
743 2750 998 2801 mentem
1019 2751 1172 2816 actu,
1188 2763 1314 2818 quae
1337 2762 1612 2818 suprema
1626 2750 1683 2802 et
1705 2745 2023 2817 purissima

378 2832 587 2888 animae
619 2850 757 2906 pars
789 2839 896 2906 est,
919 2835 1116 2891 anima
1147 2852 1181 2890 a
1209 2835 1456 2890 materia
1484 2852 1725 2905 prorsus
1755 2842 2023 2906 separata

373 2925 481 2977 est.

2129 2222 2230 2284 τῆς
2308 2212 2465 2284 ὕλης,
2526 2220 2604 2287 τῷ
2681 2213 2738 2270 δὲ
2791 2213 3059 2288 διαστατῷ
3119 2215 3206 2270 xui
3267 2213 3663 2291 διακεκριμένῳ
3719 2215 3786 2268 τὸ

2132 2305 2462 2380 ἀχώριστον.
2525 2305 2623 2358 Καὶ
2689 2307 2724 2374 ἡ
2783 2307 2934 2381 ψυχὴ
3011 2305 3241 2379 ὁμοίωςο
3299 2305 3437 2360 κατά
3513 2305 3606 2377 μὲν
3686 2304 3784 2365 τὰς

2131 2393 2406 2462 αἰσθήσεις
2484 2393 2573 2447 καὶ
2649 2394 2960 2471 φαντασίας,
3021 2393 3108 2450 καὶ
3180 2394 3272 2449 τὸν
3345 2391 3568 2467 δυνάμει
3633 2397 3784 2458 νοῦν,

2132 2478 2442 2554 ἀχώριστος
2499 2487 2598 2548 τῆς
2672 2479 2811 2551 ὕλης
2888 2479 3019 2535 ἐστί’
3081 2482 3216 2536 κατᾶ
3272 2478 3329 2536 δὲ
3382 2481 3473 2535 τὸν
3544 2476 3789 2556 ἐνεργείᾳ

2131 2572 2274 2639 νοῦν,
2307 2567 2365 2631 ὅς
2416 2568 2527 2623 ἐστι
2570 2577 2671 2639 τῆς
2714 2573 2898 2646 ψυχῆς
2942 2570 3004 2624 τὸ
3051 2569 3342 2646 ἀκρότατόν
3391 2591 3450 2624 τε
3495 2569 3586 2624 xui
3617 2570 3785 2623 καθα-

2134 2657 2396 2731 ρώτατον,
2455 2658 2789 2713 παντάπασιν
2849 2661 2884 2729 ἡ
2950 2660 3105 2734 ψυχὴ
3173 2666 3272 2728 τῆς
3344 2656 3483 2729 ὕλης
3541 2657 3785 2734 κεχώρι-

2133 2766 2270 2799 σται.

1341 3017 1549 3084 Σχῆμα
1575 3009 1766 3088 κεφαλ.
1803 3016 1848 3082 ζ,
1882 3010 1972 3073 Τίς
2005 3012 2040 3080 ἡ
2071 3018 2170 3082 τῆς
2194 3013 2522 3093 φιλοσοφίας
2553 3013 2832 3091 διαίρεσις.

2079 3133 2488 3208 φυσιολογικὸν,

2857 3230 2878 3350 '8
2934 3219 3262 3350 Ξὲιξέῖτορέῗέ

1388 3304 1464 3367 εἰς
1495 3305 1824 3380 Θεωρητικὸν
1979 3293 2008 3438 ζ
2084 3332 2460 3408 μαθηματικὸν
2855 3293 2881 3438 ἐ

464 3473 524 3524 Ἠ
556 3463 1038 3546 φιλοσοφία(διαι-
1129 3438 1156 3546 )
1982 3438 2008 3546 (
2151 3530 2165 3546 ε
2201 3531 2226 3546 Λ
2295 3528 2316 3546 ἱ
2465 3528 2479 3546 ἱ
2854 3438 2875 3498 ί
2943 3438 3199 3512 μουσικήν

643 3528 838 3613 ρεῖτάι)
885 3528 898 3542 ’
1129 3528 1155 3613 )
1985 3528 2024 3608 \
2078 3530 2168 3587 xui
2199 3528 2539 3603 θεολογικὸν.

2082 3635 2274 3707 ἠθικὸν

2126 3649 2274 3701 suav

1384 3713 1473 3767 xui
1504 3713 1796 3786 πρακτικὸν
1983 3649 2014 3847 ξ
2082 3649 2456 3780 ἒὶκονομικὸν,

2083 3778 2367 3836 πολιτικὸν
2378 3821 2390 3834 .

2083 3778 2367 3836 πολιτικὸν
2378 3821 2390 3834 .

1392 4010 1598 4065 Tabula
1625 4009 1823 4080 capitis
1849 4008 1906 4074 7,
1941 4008 2070 4075 Quae
2097 4007 2172 4062 sit
2204 4003 2566 4076 philosophiae
2595 4001 2814 4058 divisio.

2005 4128 2021 4171 ί
2085 4113 2439 4194 physiologia

2854 4279 2880 4331 π
2941 4261 3266 4331 geometria,

1707 4335 1718 4346 .
2941 4306 3182 4331 υνν-νη
3195 4306 3266 4343 "1’

1139 4339 1164 4410 ί
1355 4335 1852 4478 θοηξξῐξξὲῗξῖθω
1987 4306 2015 4541 3
2125 4373 2525 4430 mathematica
2541 4371 2623 4444 (ut
2643 4370 2795 4442 sunt)
2842 4306 2872 4541 ἓ
2942 4340 3317 4474 ξξξξξὲιξῗξέῗ

1139 4417 1160 4541 l
2945 4476 3180 4534 musica.

419 4550 788 4622 Philosophia
827 4491 1161 4622 dividitur)
1988 4491 2013 4622 f
2328 4621 2335 4622 7
2418 4621 2422 4622 ν
2758 4621 2764 4622 7
2945 4491 3180 4534 ωυειοαο

727 4623 790 4678 in
1136 4620 1163 4693 Ἰ
1993 4620 2020 4690 \
2095 4621 2377 4693 theologia
2407 4621 2528 4693 (seu
2561 4620 2970 4693 metaphysica)

2090 4764 2296 4828 ethica,

1300 4839 1356 4890 et
1383 4834 1622 4893 activam
1653 4835 1737 4908 (ut
1765 4840 1920 4908 sunt)
1995 4834 2018 4908 ξ
2095 4834 2431 4906 moonomia,

2092 4907 2343 4980 politica.

1593 5138 1698 5192 84
1727 5137 2074 5196 SYNOPSIS
2112 5135 2395 5193 CAPITIS
2433 5134 2586 5202 VIII,

479 5223 640 5270 QUOD
681 5223 782 5263 EST
821 5224 894 5262 DE
931 5224 1220 5276 UNIVOCIS,
1263 5224 1670 5277 DIVERSIVOCIS,
1710 5226 1778 5264 ET
1822 5227 2102 5280 DIVERSIS,
2141 5223 2458 5272 EQUIVOCIS
2495 5223 2631 5262 lTlM
2669 5221 2737 5262 ET
2774 5220 3114 5262 MULTIVOCIS
3151 5221 3219 5262 ET
3255 5221 3717 5263 DENOMINATWIS.

405 5305 455 5360 1.
491 5307 696 5378 Eorum
725 5320 849 5377 quae
876 5308 936 5360 in
965 5306 1168 5361 mundo
1196 5309 1466 5362 exsistunt
1494 5307 1717 5378 quodvis
1762 5312 1817 5363 et
1862 5325 2037 5362 unum
2079 5316 2131 5363 et
2174 5309 2351 5363 multa
2387 5310 2466 5362 est
2495 5323 2514 5357 :
2560 5313 2611 5360 et
2641 5304 2860 5377 quidem
2885 5307 2948 5358 ut
2974 5320 3173 5378 unum,
3200 5305 3468 5369 nomine;
3507 5313 3569 5360 ut
3613 5304 3818 5377 multa,

466 5377 550 5431 vel
581 5376 901 5450 deﬁnitione
929 5379 1015 5432 vel
1045 5378 1408 5448 descriptione
1437 5376 1765 5434 declaratur.
1806 5411 1876 5420 ——
1912 5381 1967 5434 2.
2018 5380 2102 5434 Ea:
2146 5382 2437 5450 utriusque
2478 5376 2729 5433 nominis
2765 5379 2829 5450 et
2877 5377 3205 5450 deﬁnitonis
3249 5384 3363 5431 tum
3409 5376 3815 5448 convenientia,

471 5457 590 5502 tum
646 5448 1011 5522 discrepantia
1057 5447 1292 5520 quatuor
1337 5453 1595 5505 oriuntur
1638 5453 1885 5522 syzygiae
1915 5469 1934 5506 :
1979 5453 2165 5519 prima
2211 5447 2400 5506 eorum
2447 5465 2566 5520 quae
2618 5449 2852 5522 nomine
2889 5447 2955 5502 et
2991 5447 3320 5522 deﬁnitione
3359 5447 3814 5522 communicant:

472 5517 711 5573 secunda
746 5517 937 5574 eoi'um
967 5517 1343 5593 quaeutroque
1373 5517 1685 5592 discrepant
1702 5517 1933 5582 ,δίενται
1972 5517 2166 5578 eorum
2195 5537 2320 5593 quae
2360 5517 2583 5576 nomine
2626 5520 2954 5593 conveniunt
2981 5526 3056 5593 et
3104 5519 3424 5589 deﬁnitione
3467 5519 3815 5591 discrepant;

473 5596 677 5660 quarta
704 5605 896 5665 eorum
925 5607 1050 5662 quae
1078 5592 1395 5662 deﬁnitione
1423 5596 1847 5665 communicant,
1879 5603 1928 5648 et
1956 5597 2178 5650 nomine
2202 5592 2531 5665 discrepant.
2563 5622 2632 5632 —
2671 5594 2724 5646 3.
2774 5592 2858 5646 Ea:
2894 5592 3081 5665 prima
3120 5593 3357 5664 syzygia
3391 5600 3520 5665 sunt
3556 5594 3810 5656 univoca,

479 5665 539 5715 ut
569 5663 1110 5736 eorum_deﬁnitione
1137 5673 1188 5719 et
1216 5663 1485 5735 exemplis
1513 5669 1704 5720 auctor
1729 5667 1938 5735 probat.
1986 5697 2055 5705 ——
2102 5667 2155 5719 4.
2199 5667 2283 5720 Ea:
2321 5663 2563 5720 secunda
2587 5666 2820 5736 syzygia
2860 5668 2911 5718 et
2955 5663 3286 5719 diversivoca
3325 5667 3379 5736 et
3421 5663 3640 5719 diversa
3665 5671 3815 5730 sunt,

459 5745 699 5804 quorum
727 5733 1045 5790 discrimen
1066 5751 1168 5806 per
1195 5733 1550 5806 deﬁnitiones
1587 5747 1638 5793 et
1672 5733 1922 5809 exempla
1950 5736 2177 5793 indicat.
2213 5769 2282 5778 —-
2326 5737 2382 5793 5.
2419 5740 2505 5793 Ea:
2551 5733 2983 5807 tentia'syzygia
3033 5738 3162 5790 sunt
3202 5735 3510 5808 aequivoca,
3545 5749 3670 5807 quae
3716 5736 3810 5790 iti-
