4154 6432
336 372 454 432 739

1593 372 2019 435 NICEPHORI
2062 374 2503 446 BLEMMlD/E

3636 386 3762 456 ’740

328 502 562 558 diversa
592 502 869 558 dicuntur
902 521 915 558 :
966 502 1125 558 velut
1152 503 1328 560 homo
1359 508 1416 560 et
1443 520 1655 577 equus,
1689 521 1804 560 non
1837 521 1974 576 qua-

2096 503 2156 557 ού
2214 506 2347 570 καθὸ
2417 511 2528 576 ζῶα
2585 510 2740 582 (κατὰ
2811 512 2973 564 τοῦτο
3047 511 3164 584 γὰρ,
3237 509 3526 584 συνώνυμα
3578 509 3757 586 εἴσιν),

331 595 506 647 tenus
535 591 814 647 animalia
833 593 1048 663 (quoad
1077 592 1184 648 hoc
1209 593 1368 649 enim
1400 600 1538 648 sunt
1567 593 1855 662 univoca),
1881 597 1976 650 sed

331 685 624 751 quatenus
677 679 853 735 homo
910 684 967 735 et
1025 696 1215 752 equus
1246 687 1406 737 sunt.
1441 683 1778 738 Differentia
1821 683 1980 738 enim

329 768 548 824 habent
578 769 836 839 nomina,
871 770 971 825 sed
1023 775 1080 825 et
1128 771 1462 826 differentes
1516 772 1707 843 quoad
1742 772 1982 827 nomina

328 857 703 913 deﬁnitiones
734 858 1017 930 (habent).
1050 859 1236 916 Homo
1268 862 1425 915 enim
1457 866 1747 932 quatenus
1780 860 1978 928 homo,

330 951 421 1002 est
487 946 707 1002 animal
766 947 1066 1016 rationale,
1133 950 1397 1016 mortale,
1459 949 1857 1023 intelligentia
1924 955 1982 1004 et

326 1035 587 1092 scientiae
616 1053 815 1107 capax.
853 1037 1049 1108 Equus
1081 1042 1299 1109 autem,
1325 1044 1618 1110 quatenus
1650 1056 1860 1110 equus,
1891 1043 1982 1096 est

321 1123 538 1179 animal
575 1124 931 1193 irrationale,
966 1127 1324 1198 quadrupes,
1365 1127 1671 1182 hinniendi
1703 1128 1980 1184 facultate

322 1213 422 1268 68
457 1215 788 1284 praeditum.
823 1214 932 1269 Sed
979 1219 1036 1269 et
1081 1215 1408 1271 differentia
1438 1217 1704 1286 subjecta
1734 1217 1974 1272 habent.

323 1301 454 1357 Alia
484 1302 640 1358 enim
673 1302 928 1358 hominis
959 1307 1046 1358 est
1075 1305 1427 1373 substantia,
1461 1311 1517 1360 et
1558 1306 1674 1361 alia
1713 1309 1801 1361 est
1833 1306 1974 1362 sub-

327 1391 546 1447 stantia
574 1392 728 1463 equi.
761 1392 1047 1447 Dicuntur
1093 1398 1292 1449 antem
1325 1394 1684 1450 diversivoca
1713 1394 1972 1466 quidem,

327 1495 578 1550 quorum
619 1485 675 1535 et
713 1496 926 1536 nomen
956 1481 1250 1536 diversum
1283 1486 1390 1552 est,
1425 1488 1482 1537 et
1529 1483 1794 1538 essentia
1826 1483 1973 1538 ratio

326 1569 653 1623 secundum
686 1585 897 1624 nomen
929 1569 1158 1624 diversa
1195 1574 1304 1638 est,
1336 1587 1472 1626 cum
1523 1588 1708 1626 unum
1741 1573 1972 1642 subjec-

2093 590 2238 647 ἀλλὰ
2285 595 2415 649 καθὸ
2464 597 2745 668 ἅνθρωπος
2795 597 2885 652 καὶ
2939 596 3135 660 ’ίππος.
3169 600 3412 676 Διάφορα
3457 600 3564 676 γὰρ
3596 597 3759 677 ἔχου-

2093 703 2142 735 σι
2191 683 2282 737 καὶ
2331 685 2397 738 τὰ
2455 683 2696 759 ὀνόματα
2744 687 2834 741 καὶ
2895 684 3113 762 λόγους.
3145 689 3201 742 Ὀ
3252 688 3347 760 μὲν
3398 688 3500 765 γὰρ
3549 689 3762 766 ἅνθρω-

2091 793 2192 834 πος
2341 774 2624 849 ἄνθρωπος
2686 775 2822 845 ζῶόν
2876 775 2985 831 ἐστι
3065 775 3320 851 λογικὸν,
3376 778 3595 850 θνητὸν,
3655 782 3754 832 νοῦ

2089 859 2180 914 καὶ
2239 859 2548 934 ἐπιστήμης
2611 861 2874 919 δεγτικόν’
2927 866 2955 920 6
3006 862 3064 920 δὲ
3115 863 3549 936 ⁸ίπποςῇ“ίππος
3613 870 3753 936 ζῶον

2091 944 2311 1024 ἄλογον,
2367 952 2684 1026 τετράπουν,
2745 953 3184 1029 χρεμετιστικόν.
3246 953 3423 1010 Ἀλλὰ
3507 955 3605 1012 καὶ
3688 956 3759 1011 τὰ

2091 1037 2418 1112 ὑποκείμενα
2492 1036 2742 1118 διάφορα·
2806 1039 2952 1112 ἄλλη
3030 1042 3133 1116 γὰρ
3193 1044 3227 1111 ἡ
3288 1040 3446 1097 οὐσία
3500 1047 3598 1098 τοῦ
3661 1044 3754 1099 ἆν-

2089 1126 2309 1203 θρώπου
2365 1127 2455 1182 καὶ
2515 1127 2659 1198 ἄλλη
2720 1131 2754 1198 ἡ
2790 1127 2944 1184 οὐσία
2998 1134 3096 1184 τοῦ
3147 1127 3346 1186 ἵππου.
3410 1131 3638 1205 Λέγεται
3697 1129 3758 1186 δὲ

2086 1215 2399 1291 ἑτερώνυμα
2458 1217 2550 1290 μὲν
2612 1217 2684 1270 ὧν
2742 1212 2804 1272 τό
2859 1239 2918 1272 τε
2972 1212 3146 1292 ὄνομα
3195 1215 3380 1293 ἕτερον
3433 1219 3525 1273 καὶ
3558 1219 3586 1272 6
3619 1221 3757 1276 κατά

2082 1299 2324 1376 τοῦνομα
2383 1302 2550 1380 λόγος
2611 1308 2712 1375 τῆς
2760 1305 2944 1368 οὐσίας
3017 1303 3200 1384 ἕτερος
3265 1305 3321 1363 ἓν
3394 1306 3638 1382 ἐχόντων
3693 1309 3756 1363 τὸ

2087 1392 2459 1465 ὑποκείμενον·
2491 1391 2649 1470 ἔτερα
2697 1391 2774 1464 δὲ,
2810 1395 2884 1450 ὧν
2934 1395 2997 1450 τό
3045 1416 3104 1451 τε
3159 1392 3335 1470 ὄνομα
3389 1393 3598 1470 ἕτερον,
3659 1396 3755 1452 καί

2084 1482 2112 1534 ὁ
2159 1483 2296 1536 κατά
2349 1479 2594 1556 τοῦνομα
2653 1483 2817 1560 λόγος
2862 1487 2960 1554 τῆς
3020 1483 3204 1548 ούσίας
3264 1481 3449 1562 ἕτερος
3511 1483 3753 1564 διάφορα

2084 1568 2152 1644 ἐχ
2156 1569 2323 1624 όντων
2354 1572 2422 1625 τὰ
2453 1571 2800 1644 ὑποκείμενα.

325 1660 452 1712 tum
502 1657 793 1724 habeant;
849 1657 1078 1714 diversa
1127 1675 1284 1724 vero,
1337 1676 1588 1730 quorum
1637 1664 1693 1714 et
1744 1676 1957 1716 nomen
2008 1659 2307 1716 diversum
2357 1666 2416 1717 et
2463 1663 2619 1734 quad
2650 1679 2863 1719 nomen
2895 1664 3165 1722 essentia
3195 1664 3341 1721 ratio
3372 1665 3606 1722 diversa
3635 1670 3726 1723 est

324 1760 459 1800 cum
506 1745 832 1800 differentia
875 1747 1139 1818 subjecta
1180 1747 1454 1803 habeant.

391 1833 444 1888 5.
479 1833 536 1888 Si
566 1850 736 1905 porro
767 1835 959 1905 quoad
992 1851 1203 1890 nomen
1237 1837 1474 1907 quidem
1507 1837 1963 1906 communicent,
1995 1847 2043 1913 Β

321 1923 509 1992 quoad
577 1923 978 1979 deﬁnitionem
1047 1929 1245 1980 autem
1313 1925 1604 1993 differant,
1679 1926 1974 1998 aequivoca

321 2017 758 2083 nuncupantur.
794 2013 1099 2082 [Equivoca
1147 2014 1303 2069 enim
1357 2019 1514 2084 sunt,
1558 2031 1809 2086 quorum
1861 2032 1969 2070 no-

321 2118 455 2157 men
486 2101 680 2156 solum
713 2119 1044 2169 commune,
1077 2105 1178 2158 sed
1229 2105 1420 2176 quoad
1456 2122 1670 2159 nomen
1703 2105 1970 2160 essentia

322 2189 471 2246 ratio
503 2190 732 2246 diversa
771 2197 859 2246 est
893 2206 905 2245 :
961 2192 1463 2262 quemadmodum
1496 2193 1611 2249 duo
1639 2195 1866 2264 Ajaces.
1907 2194 1970 2248 Hi

320 2278 476 2334 enim
499 2295 685 2334 unum
709 2279 946 2350 quidem
971 2296 1284 2336 commune
1316 2297 1528 2336 nomen
1553 2281 1789 2347 habent,
1815 2283 1972 2353 quod

319 2371 410 2422 est
459 2368 642 2438 Ajax;
695 2368 796 2423 sed
847 2368 1039 2438 quoad
1071 2369 1271 2439 Ajacis
1301 2385 1534 2437 nomen,
1568 2370 1971 2426 definitionem

317 2472 435 2511 non
486 2455 754 2511 eamdem
787 2455 1072 2527 (habent).
1104 2457 1264 2513 Alter
1321 2457 1480 2512 enim
1530 2475 1732 2514 eorum
1780 2465 1870 2514 est
1921 2460 1972 2516 is

315 2544 460 2614 Ajax
482 2545 582 2616 qui
603 2544 938 2600 Telamonis
969 2544 1146 2612 ﬁlius,
1172 2551 1228 2601 et
1257 2561 1327 2600 ex
1355 2545 1651 2602 Salamine
1683 2549 1971 2604 oriundus

319 2632 451 2702 fuit,
478 2637 534 2688 et
557 2632 841 2706 singulari
862 2634 1180 2690 certamine
1202 2651 1337 2690 cum
1359 2634 1600 2691 Hectore
1622 2637 1968 2692 decertavit:

320 2721 466 2778 alter
509 2727 599 2778 est
647 2722 699 2779 is
752 2724 919 2795 Ajax,
952 2723 1050 2794 qui
1082 2723 1226 2779 Oilei
1260 2724 1436 2790 ﬁlius,
1471 2725 1689 2781 Locrus
1722 2731 1779 2782 et
1809 2726 1970 2798 pedi-

319 2811 433 2866 bus
463 2809 614 2866 celer
643 2811 772 2877 fuit,
806 2816 864 2867 et
893 2811 1087 2883 siquid
1125 2811 1284 2868 aliud
1317 2812 1510 2868 habet.

390 2901 444 2954 6.
487 2900 641 2955 Bene
688 2905 887 2956 autem
936 2901 1150 2971 ubique
1201 2901 1476 2970 adjicitur
1521 2901 1584 2955 τὸ
1642 2903 1970 2958 secundum

321 3005 556 3044 nomen.
587 2989 896 3060 Equivoca
923 2991 1080 3045 enim
1111 2991 1304 3062 quoad
1355 2989 1512 3046 aliud
1565 2990 1788 3064 aliquid
1837 2991 1971 3046 uni-

321 3094 460 3134 voca
508 3077 1056 3150 deprehendentur;
1111 3083 1168 3134 et
1217 3079 1481 3149 univoca,
1531 3081 1838 3150 mquivoca.
1889 3087 1971 3136 Ac

2146 1843 2201 1893 ε’.
2235 1835 2303 1890 Ei'
2359 1833 2417 1892 δὲ
2473 1839 2609 1892 κατὰ
2669 1839 2764 1912 μὲν
2815 1838 2878 1894 τὸ
2937 1835 3109 1912 ὄνομα
3190 1844 3534 1915 κοινωνοῦσι,
3609 1842 3749 1898 κατὰ

2083 1921 2142 1979 δὲ
2167 1926 2256 1980 τὸν
2291 1923 2457 2002 λόγον
2510 1925 2844 2006 διαφέρουσι,
2897 1915 3187 1984 καλοῦνται
3247 1931 3544 2006 ὁμώνυμα.
3578 1933 3754 2005 Ὁμώ-

2081 2034 2226 2086 νυμα
2277 2014 2377 2092 γάρ
2437 2016 2593 2084 εἰσιν,
2627 2017 2699 2071 ὧν
2761 2013 2936 2091 ὄνομα
2987 2019 3150 2092 μόνον
3211 2020 3416 2086 κοινὸν,
3449 2021 3477 2073 6
3511 2016 3570 2074 δὲ
3611 2021 3749 2076 κατά

2079 2100 2320 2177 τιῖίνομα
2375 2102 2543 2180 λόγος
2600 2113 2702 2175 τῆς
2770 2106 2954 2169 οὐσίας
3013 2104 3218 2183 ἕτερος·
3281 2106 3463 2184 ὥσπερ
3524 2109 3578 2163 οἱ
3646 2106 3746 2164 δύο

2083 2191 2326 2255 Αἴαντες.
2360 2194 2520 2248 Οὗτοι
2552 2195 2656 2270 γὰρ
2712 2194 2767 2250 ἓν
2826 2195 2918 2269 μὲν
2975 2191 3146 2269 ὄνομα
3191 2197 3373 2252 κοινὸν
3433 2192 3622 2274 ἔχουσι
3677 2197 3744 2252 τὸ

2083 2277 2238 2350 Αἴας,
2296 2283 2386 2336 τὸν
2445 2280 2502 2337 δὲ
2557 2284 2692 2338 κατὰ
2745 2284 2810 2338 τὸ
2868 2281 3002 2346 Αἷάς
3059 2279 3225 2360 λόγον
3283 2285 3346 2340 οὐ
3403 2285 3494 2340 τὸν
3553 2285 3740 2345 αὐτόν.

2082 2372 2138 2424 Ὁ
2200 2372 2292 2444 μὲν
2353 2373 2456 2447 γάρ
2515 2371 2655 2427 ἐστιν
2711 2371 2843 2435 Αἷάς
2877 2374 2904 2427 ὁ
2945 2377 3044 2428 τοῦ
3090 2372 3415 2447 Τελαμῶνος
3473 2375 3590 2438 υἱὸς
3622 2376 3650 2430 ὁ
3683 2375 3746 2431 ἐκ

2085 2457 2418 2533 Σαλαμῖνος,
2451 2462 2478 2515 ὁ
2536 2466 2932 2540 μονομαχήσας
2986 2467 3066 2534 τῷ
3120 2450 3426 2540 Ἕκτοριοὸ
3489 2461 3548 2520 δὲ
3602 2463 3740 2528 Αἴας

2082 2549 2110 2603 6
2139 2554 2236 2603 τοῦ
2293 2548 2518 2612 Ὀϊλὲως
2576 2551 2710 2624 υἱὸς,
2745 2552 2773 2605 6
2805 2552 3034 2627 Λοκρὸς,
3069 2553 3096 2606 6
3126 2551 3253 2614 τοὺς
3309 2548 3483 2617 πόδας
3537 2553 3734 2631 ταχὺς,

2082 2637 2171 2692 καὶ
2201 2635 2255 2693 εἷ’
2276 2659 2329 2692 τι
2360 2635 2541 2714 ἕτερον
2577 2637 2715 2714 ἔχει.

2154 2912 2218 2970 ς’.
2271 2905 2593 2981 Πρόσκειται
2653 2904 2711 2961 δὲ
2765 2908 2828 2961 τὸ
2884 2909 3021 2962 κατά
3074 2905 3319 2981 τοῦνομα
3363 2907 3548 2971 καλῶς
3611 2930 3744 2965 παν-

2079 3000 2275 3071 ταχοῦ.
2338 2996 2462 3050 Κατ’
2521 2992 2661 3050 ἄλλο
2716 2997 2818 3072 γάρ
2867 3018 2920 3051 τι
2975 2996 3042 3051 τὰ
3110 2997 3387 3071 ὁμώνυμα
3452 3000 3745 3072 συνώνυμα

2082 3083 2479 3160 εὑρεθήσονται,
2511 3084 2601 3138 καὶ
2642 3085 2711 3138 τὰ
2758 3086 3065 3158 συνώνυμα.
3116 3085 3206 3140 καὶ
3255 3085 3342 3141 ἐπὶ
3389 3091 3498 3142 τῶν
3551 3085 3741 3143 ἄλλων

319 3167 420 3221 69
453 3166 514 3221 in
561 3165 695 3222 aliis
749 3166 927 3221 simili
981 3167 1205 3223 ratione
1251 3173 1656 3240 comparatum
1687 3174 1794 3225 est.
1826 3168 1971 3226 Vide

325 3255 473 3279 -..:....
512 3259 563 3279 ..ι
601 3256 708 3279 Δ---
748 3257 938 3279 A:----
971 3261 1256 3279 ..--_L_____
1297 3257 1520 3279 ..αξ-Ι-..
1565 3260 1756 3279 A:____
1796 3259 1936 3279 ---ηέ

2095 3174 2313 3246 δμοίως.
2373 3171 2509 3228 Ἰδοὺ
2568 3174 2672 3249 γὰρ
2728 3174 2818 3228 καὶ
2878 3175 2931 3228 οἱ
2987 3171 3087 3228 δύο
3146 3173 3373 3238 Λτίαντες
3449 3177 3584 3240 καθὸ
3643 3177 3742 3250 μὲν

319 3255 478 3310 enim
508 3259 567 3310 et
597 3256 712 3311 duo
736 3257 940 3327 Ajaces
967 3261 1258 3327 quatenus
1291 3257 1526 3328 quidem
1550 3260 1759 3328 Ajaces
1789 3259 1968 3330 aqui-

319 3345 444 3400 voci
477 3347 652 3399 sunt:
697 3347 986 3414 quatenus
1019 3350 1215 3401 autem
1247 3346 1538 3416 homines,
1572 3347 1801 3404 univoci
1835 3351 1977 3403 sunt

325 3432 548 3504 uﬁque.

390 3524 444 3577 7.
479 3526 656 3577 Porro
688 3523 856 3589 ratio,
891 3523 1109 3579 scilicet
1139 3526 1429 3596 essentiae,
1462 3526 1521 3580 in
1573 3525 1667 3581 his
1697 3526 1973 3582 omnibus

319 3614 378 3666 et
405 3611 478 3666 de
507 3611 845 3666 deﬁnitione
875 3617 932 3667 et
975 3613 1045 3667 de
1076 3614 1469 3686 descriptione
1498 3615 1655 3670 dicta
1683 3620 1790 3670 est.

390 3701 444 3754 8.
478 3699 756 3755 Essentiaa
806 3706 1004 3756 autem
1062 3720 1273 3758 nomen
1333 3702 1396 3756 τὸ
1449 3704 1795 3776 simpliciter
1845 3722 1974 3761 esse

321 3788 600 3844 declarat.
656 3789 884 3844 Etenim
945 3792 1059 3846 duo
1107 3793 1333 3864 Aiaces,
1385 3797 1676 3865 quatenus
1732 3797 1973 3865 uterque

322 3877 465 3948 Ajax
495 3882 602 3943 est,
635 3878 922 3934 hactenus
953 3880 1356 3936 deﬁnitionem
1389 3881 1679 3938 diversam
1711 3883 1970 3953 habent;

325 3967 516 4038 quoad
568 3983 700 4023 vero
749 3973 1045 4039 naturam,
1092 3987 1270 4025 unam
1322 3976 1379 4026 et
1430 3972 1695 4027 eamdem
1732 3972 1968 4029 habent.

393 4056 449 4110 9.
482 4056 796 4112 Sciendum
830 4063 1026 4113 autem
1069 4063 1126 4114 et
1175 4059 1304 4130 hoc,
1338 4059 1718 4132 philosophos
1759 4078 1971 4117 nomen

323 4146 394 4200 de
426 4145 585 4200 omni
617 4145 1006 4218 signiﬁcativa
1036 4163 1174 4202 voce
1220 4149 1500 4221 accipere.
1533 4151 1695 4215 Quod
1743 4151 1793 4206 si
1842 4151 1972 4216 hoc,

323 4235 506 4307 igitur
533 4239 590 4290 et
616 4235 788 4290 verba
820 4240 991 4290 erunt
1021 4237 1315 4308 aequivoca
1349 4254 1361 4291 :
1412 4237 1569 4294 velut
1615 4238 1677 4291 τὸ
1723 4237 1845 4314 ἐρῶ.
1882 4240 1971 4295 Si-

322 4323 564 4396 gniﬁcat
593 4324 750 4379 enim
796 4328 852 4379 et
891 4325 1094 4394 dicam,
1129 4331 1186 4380 et
1215 4329 1527 4382 amntium
1554 4330 1719 4384 modo
1750 4331 1972 4401 affectus

317 4429 463 4468 sum.
513 4413 582 4468 Et
641 4412 702 4468 in
763 4412 896 4469 aliis
950 4431 1084 4470 vero
1142 4415 1319 4470 etiam
1370 4417 1650 4474 orationis
1707 4419 1974 4490 partibus

321 4501 838 4574 equivocationem
869 4502 1083 4574 aliquis
1129 4503 1400 4560 inveniet.

395 4609 480 4663 10.
515 4608 652 4665 Tria
700 4613 896 4664 autem
950 4610 1010 4663 in
1066 4610 1374 4682 aequivocis
1425 4614 1738 4684 quaerenda
1779 4619 1918 4671 sunt
1954 4633 1967 4673 ε
1999 4580 2048 4646 D

319 4714 464 4753 num
499 4697 577 4752 sit
621 4715 651 4753 e
708 4714 951 4753 numero
984 4699 1410 4769 zequivocorum
1443 4701 1500 4755 id
1533 4703 1603 4757 de
1633 4719 1746 4772 quo
1777 4720 1969 4760 sermo

319 4790 407 4842 est
434 4804 447 4855 ;
497 4790 555 4842 et
584 4791 726 4858 quot
757 4788 828 4842 de
859 4787 1205 4860 signiﬁcatis
1237 4806 1448 4845 nomen
1479 4791 1768 4861 ejusmodi
1801 4810 1970 4848 usur-

317 4879 491 4947 petur
520 4892 533 4942 ;
570 4879 628 4930 et
657 4893 770 4947 quo
803 4876 872 4931 de
902 4875 1364 4948 signiﬁcatorum
1397 4895 1590 4935 sermo
1623 4880 1716 4936 sit.

390 4981 478 5035 11.
509 4984 796 5037 Caeterum
850 4981 898 5038 ei
944 4983 1132 5053 quoad
1178 4983 1574 5040 deﬁnitionem
1607 4987 1843 5056 quidem
1875 5005 1967 5045 res

317 5070 779 5139 communicent,
805 5071 992 5142 quoad
1027 5087 1237 5127 nomen
1272 5077 1465 5128 autem
1497 5075 1786 5147 differant,
1812 5077 1967 5132 mul-

315 5157 511 5214 tivoca
540 5159 838 5228 dicuntur,
871 5177 1080 5233 nempe
1109 5163 1338 5232 quando
1371 5163 1571 5219 eadem
1616 5180 1708 5220 res
1765 5166 1968 5224 multis

316 5245 656 5302 nominibus
687 5248 1033 5320 appellatur,
1061 5249 1219 5306 velut
1249 5250 1428 5317 ensis,
1457 5251 1685 5323 spatha,
1711 5253 1963 5329 gladius,

319 5335 418 5389 70
451 5334 692 5390 framea.
727 5336 857 5394 Haec
904 5339 1061 5394 enim
1114 5339 1313 5395 omnia
1354 5356 1532 5395 unam
1564 5341 1963 5401 deﬁnitionem

315 5422 656 5494 suscipiunt
687 5440 699 5476 2
743 5427 958 5499 quippe
989 5428 1206 5483 ferrum
1238 5428 1513 5499 utrinque
1547 5429 1808 5486 incidens
1839 5437 1965 5502 (seu

314 5513 556 5583 anceps)
605 5517 759 5566 sunt.
795 5515 1061 5572 Deﬁnitio
1110 5521 1305 5572 autem
1357 5517 1804 5575 multivocorum
1856 5527 1964 5591 est,

314 5598 576 5673 plurima
607 5601 844 5657 nomina
875 5622 997 5675 qua:
1031 5608 1101 5661 de
1135 5625 1248 5662 una
1289 5623 1348 5661 re
1380 5607 1676 5663 dicuntur.

388 5687 472 5754 f2.
506 5691 693 5746 Porro
724 5697 862 5749 sunt
889 5693 1064 5751 etiam
1103 5697 1367 5767 quaedam
1413 5697 1607 5755 medio
1651 5697 1776 5758 loco
1827 5718 1963 5762 con-

2079 3261 2300 3324 Αἴαντες
2353 3263 2643 3336 ὁμώνυμοί
2701 3263 2824 3336 εἱσι,
2873 3263 3006 3319 καθὸ
3066 3260 3123 3318 δὲ
3184 3264 3462 3340 ἄνθρωποι
3521 3263 3742 3329 πάντως

2085 3372 2174 3406 συν
2184 3352 2292 3406 ώνυ
2301 3373 2372 3425 μο
2381 3374 2412 3410 ι.

2157 3534 2213 3598 ζ’.
2247 3530 2303 3583 '0
2371 3527 2428 3584 δὲ
2486 3529 2653 3604 λόγος
2711 3529 2762 3584 ἐν
2821 3530 3038 3593 τούτοις
3107 3531 3269 3586 ἅπασι
3327 3534 3464 3587 κατά
3519 3555 3579 3590 τε
3638 3537 3742 3589 τοῦ

2083 3619 2314 3693 ὁρισμοῦ
2346 3618 2435 3672 καὶ
2463 3624 2564 3687 τῆς
2595 3617 2912 3697 ὑπογραφῆς
2945 3616 3176 3695 εἷ’ρηται.

2152 3713 2222 3776 η’.
2255 3707 2326 3760 Τὸ
2375 3705 2432 3760 δὲ
2472 3713 2572 3775 τῆς
2603 3705 2788 3769 ούσίας
2819 3703 2995 3782 ὄνομα
3023 3709 3087 3763 τὸ
3120 3707 3330 3779 ἁπλῶς,
3362 3709 3493 3764 εἶναι
3545 3708 3738 3781 δηλοῖ.

2081 3796 2145 3849 Oi.
2192 3796 2295 3871 γὰρ
2346 3793 2440 3850 δύο
2488 3793 2712 3858 Αἴαντες
2767 3797 2898 3852 καθό
2940 3797 3072 3852 εἰσιν
3128 3793 3262 3861 Αἶας
3303 3797 3570 3876 ἑκάτεροι,
3600 3801 3742 3856 κατὰ

2079 3888 2241 3939 τοῦτο
2272 3885 2363 3938 τὸν
2415 3882 2582 3959 λόγον
2635 3882 2856 3960 ἔχουσιν
2903 3881 3106 3961 ἕτερον,
3138 3890 3274 3942 κατὰ
3323 3885 3381 3943 δὲ
3420 3890 3522 3959 τήν
3582 3889 3743 3967 φύσιν

2079 3971 2172 4028 ἕνα
2199 3972 2289 4028 καὶ
2317 3974 2408 4028 τὸν
2436 3972 2618 4031 αυτόν.

2153 4065 2213 4116 θ’.
2246 4064 2362 4138 Χρή
2415 4061 2473 4118 δὲ
2523 4064 2828 4139 γινώσκειν,
2865 4063 2946 4119 ὅτι
2995 4065 3058 4120 τὸ
3105 4061 3282 4139 ὄνομα
3334 4067 3385 4121 οἱ
3443 4065 3741 4145 φιλόσοφοι

2079 4153 2168 4207 καὶ
2220 4154 2355 4207 κατὰ
2399 4153 2576 4222 πάσης
2624 4161 2808 4231 φωνῆς
2875 4163 3218 4228 σημαντικῆς
3275 4152 3737 4230 ἐκλαμϐάνουσιν.

2080 4242 2144 4297 Εἰ
2183 4246 2365 4313 τοῦτο,
2395 4242 2574 4297 τοίνυν
2621 4242 2710 4296 καὶ
2761 4242 2981 4319 ῥήματα
3032 4245 3304 4319 ὁμώνυμα
3351 4240 3588 4318 ἔσονται,
3619 4249 3741 4302 οἷον

2078 4332 2142 4387 τὸ
2193 4332 2316 4406 ἐρῶ.
2351 4334 2503 4386 Ἔστι
2551 4332 2654 4406 γὰρ
2702 4333 2765 4387 τὸ
2811 4330 2970 4406 λέξω,
3013 4334 3104 4388 καὶ
3152 4335 3214 4390 τὸ
3264 4334 3540 4412 ἐρωτικῶς
3598 4334 3741 4413 ἔχω.

2079 4420 2178 4475 Καὶ
2231 4421 2310 4498 ἐφ’
2356 4417 2554 4497 ἓτερων
2611 4418 2669 4476 δὲ
2731 4426 2829 4476 τοῦ
2906 4421 3078 4498 λόγου
3156 4429 3331 4498 μερῶν
3411 4426 3737 4500 ὁμωνυμίαν

2080 4509 2295 4584 εὑρήσει
2325 4531 2431 4572 τις.

2157 4617 2205 4673 ι’.
2238 4615 2372 4692 Τρία
2404 4613 2462 4671 δὲ
2492 4613 2575 4671 δεῖ
2603 4615 2691 4671 ἐπὶ
2745 4621 2853 4672 τῶν
2905 4618 3218 4692 ὁμωνύμων
3273 4625 3474 4690 ζητεῖν⁶
3526 4620 3573 4676 εἰ
3622 4620 3734 4679 ἔστι

2077 4707 2184 4757 τῶν
2237 4702 2549 4776 ὁμωνύμων
2601 4705 2665 4758 τὸ
2718 4704 2842 4780 περὶ
2902 4705 2964 4759 οὗ
3013 4707 3041 4761 ὁ
3083 4700 3268 4781 λόγος·
3301 4709 3392 4764 καὶ
3438 4711 3576 4765 κατὰ
3629 4709 3733 4765 πό-

2078 4813 2184 4846 σων
2236 4791 2655 4865 σημαινομένων
2699 4795 2762 4848 τὸ
2807 4798 3055 4850 τοιοῦτον
3125 4791 3303 4870 ὄνομα
3353 4797 3592 4876 φέρεται·
3641 4799 3734 4854 καὶ

2077 4881 2200 4956 περὶ
2233 4880 2395 4935 ποίου
2423 4885 2530 4936 τῶν
2566 4884 2980 4956 σημαινομένων
3015 4885 3043 4938 ὁ
3076 4884 3245 4962 λόγος
3280 4885 3445 4943 ἐστίν.

2153 4995 2238 5045 ια’.
2295 4987 2356 5043 Ei
2417 4985 2474 5043 δὲ
2529 4987 2665 5043 κατὰ
2745 4990 2837 5062 μὶν
2893 4990 2984 5045 τὸν
3063 4989 3231 5067 λόγον
3289 4999 3612 5050 κοινωνοῦσι
3669 4997 3739 5052 τὰ

2077 5078 2391 5153 πράγματα,
2424 5078 2559 5132 κατὰ
2607 5074 2665 5132 δὲ
2713 5077 2777 5133 τὸ
2835 5074 3012 5152 ὄνομα
3068 5078 3401 5161 διαφέρουσι,
3444 5075 3736 5139 πολυώνυ-

2082 5188 2155 5240 μα
2202 5165 2471 5242 λέγονται,
2504 5163 2671 5242 ἤγουν
2741 5165 2865 5222 ὅταν
2913 5168 2977 5223 τὸ
3034 5169 3165 5226 αὐτὸ
3213 5177 3444 5247 πρᾶγμα
3499 5171 3739 5237 πολλοῖς

2074 5253 2306 5325 καλῆται
2380 5255 2660 5328 ὀνόμασιν,
2723 5257 2833 5310 οἷον
2911 5258 3203 5336 φάσγανον,
3284 5263 3486 5333 σπάθη,
3558 5262 3730 5341 ξίφος,

2077 5347 2196 5422 ἄορ,
2247 5347 2380 5400 Ἕνα
2426 5345 2528 5420 γὰρ
2578 5343 2743 5419 λόγον
2797 5344 3137 5423 ἐπιδέχονται
3180 5354 3348 5405 ταῦτα
3396 5351 3583 5408 πάντα.
3635 5352 3731 5407 Σί-

2078 5433 2243 5511 δηρος
2291 5436 2390 5509 γὰρ
2440 5433 2705 5512 ἀμφήκης
2758 5435 2909 5490 εἰσίν.
2962 5444 3117 5492 ’Ἐστι
3171 5437 3228 5494 δὲ
3276 5441 3304 5494 ὁ
3351 5446 3459 5496 τῶν
3513 5438 3731 5497 πολυω-

2075 5523 2260 5596 νύμων
2313 5520 2478 5598 λόγος
2535 5522 2766 5578 πλεῖστα
2826 5525 3066 5599 ὀνόματα
3123 5531 3238 5585 καθ’
3289 5529 3408 5593 ἑνὸς
3460 5529 3732 5606 λεγόμενα

2075 5613 2416 5690 πράγματος.

2153 5702 2240 5780 ιβ’.
2273 5700 2394 5757 Εἰσὶ
2455 5698 2512 5757 δὲ
2567 5700 2656 5758 καί
2711 5723 2832 5759 τινα
2885 5705 3081 5779 μεταξὺ
3130 5711 3235 5763 τῶν
3269 5708 3583 5784 ὁμωνύμων
3637 5709 3726 5766 καὶ
