4154 6430
320 393 447 452 741¹

1680 386 2027 452 EPITOME
2070 387 2375 451 LOGlCA.

3612 400 3745 458 742‘

318 542 427 576 των
487 521 841 596 συνωνύμων,
898 525 1262 576 κοινωνοῦντα
1326 521 1417 575 καὶ
1496 517 1816 598 διαφέροντα
1887 523 1967 591 τῷ

2094 521 2287 577 stituta
2308 521 2460 577 inter
2479 522 2767 593 aaquivoca
2795 526 2853 578 et
2877 524 3120 580 univoca
3140 542 3268 598 quae
3290 530 3731 586 communicant

315 631 379 667 τε
408 610 637 684 ὀνόματι
677 611 875 683 καὶτῷ
921 612 1057 665 κατὰ
1100 606 1346 683 τοῦνομα
1400 607 1576 684 λόγῳ·
1609 608 1974 678 πλησιάζουσι

321 696 380 754 δὲ
433 704 602 755 ταῦτα
674 698 885 773 μᾶλλον
958 704 1077 763 τοῖς
1149 698 1512 771 συνωνύμοις·
1568 698 1793 753 πλείονα
1867 697 1972 774 γὰρ

321 787 512 865 ἔχουσι
560 790 660 859 τὴν
720 788 1024 861 κοινωνίαν,
1080 788 1115 858 ἢ
1174 789 1276 858 τὴν
1336 784 1619 865 διαφορὰν,
1678 787 1811 863 ἅπερ
1876 807 1973 841 κα-

322 876 543 933 λοῦνται
603 877 926 954 παρώνυμα,
969 878 1045 941 ὡς
1104 877 1208 932 ἀπό
1265 897 1425 932 τινων
1483 874 1983 954 παρωνομασμέναν

323 969 437 1021 οἷον
505 966 769 1037 ἀπὸίτῆς
828 973 1218 1044 γραμματικῆς
1276 966 1678 1042 γραμματικὸς,
1720 964 1810 1020 καὶ
1869 964 1975 1019 ἀπὸ

320 1063 421 1126 τῆς
471 1063 737 1129 μουσικῆς
777 1056 805 1110 ὁ
856 1055 1139 1129 μουσικός.
1176 1055 1273 1112 Καὶ
1320 1055 1424 1131 γὰρ
1471 1059 1550 1127 τῷ
1588 1054 1816 1128 ὀνόματι
1863 1074 1976 1108 κοι-

320 1149 551 1200 νωνοῦσι
609 1144 699 1200 καὶ
768 1142 1102 1222 διαφέρουσι,
1157 1146 1231 1218 μὴ
1288 1145 1388 1213 τήν
1453 1143 1620 1213 αὐτὴν
1679 1141 1974 1213 κατάληξιν

322 1232 522 1309 ἔχοντα
568 1238 666 1289 τοῦ
715 1233 1007 1308 ὀνόματος·
1055 1234 1146 1289 καὶ
1194 1238 1272 1306 τῷ
1319 1232 1455 1288 κατὰ
1516 1229 1762 1306 τοῦνομα
1829 1230 1978 1307 λόγῳ

321 1327 644 1378 κοινωνοῦσι
674 1321 839 1378 πάλιν
866 1323 956 1378 καὶ
988 1319 1350 1401 διαφέρουσιν.

2085 614 2142 666 et
2187 610 2465 665 differunt
2507 627 2643 666 cum
2692 613 2951 681 nomine,
2982 617 3111 669 tum
3160 616 3499 673 definitione
3541 620 3733 691 quoad

2086 715 2336 767 nomen;
2369 699 2559 772 magis
2606 704 2802 757 tamen
2836 702 2908 756 ad
2935 703 3180 759 univoca
3220 706 3507 762 accedunt
3535 709 3737 778 (quam

2085 788 2646 861 aaquivoca),quippe
2677 790 2809 862 plus
2840 792 3282 848 communitatis
3314 794 3535 851 habent
3555 813 3740 869 quam

2087 877 2462 945 differentiae;
2496 896 2623 950 quae
2653 879 3089 936 denominativa
3128 888 3429 951 vocantur,
3464 886 3633 956 quasi
3665 887 3737 942 ab

2087 965 2383 1037 aliquibus
2430 967 2824 1039 denominata,
2858 967 3016 1024 velut
3047 987 3080 1025 a
3119 972 3500 1043 grammatica
3546 991 3737 1048 gram-

2087 1054 2358 1121 maticus,
2391 1072 2425 1109 a
2453 1056 2681 1111 musica
2735 1057 3014 1113 musicus.
3047 1061 3263 1114 Partim
3295 1062 3452 1117 enim
3499 1064 3735 1121 nomine

2088 1148 2145 1199 et
2174 1144 2612 1200 communicant
2633 1152 2687 1200 et
2717 1145 3087 1212 diti'erunt,ut
3115 1165 3241 1220 quae
3260 1152 3525 1207 eamdem
3550 1153 3736 1209 nomi-

2089 1233 2184 1289 nis
2230 1234 2703 1290 terminationem
2752 1252 2864 1290 non
2917 1236 3214 1292 habeant:
3256 1240 3472 1309 partim
3521 1241 3736 1298 iterum

2087 1320 2427 1377 deﬁnitione
2449 1322 2641 1394 quoad
2660 1339 2871 1378 nomen
2897 1325 3336 1381 communicant
3357 1331 3413 1383 et
3432 1327 3640 1385 differu
3652 1335 3738 1395 nt,

323 1412 725 1470 Grammatica
778 1413 935 1469 enim
966 1417 1024 1469 et
1079 1412 1310 1469 musica
1363 1415 1504 1469 sunt
1532 1410 1752 1469 notitia
1784 1428 1798 1466 :
1831 1410 2257 1484 grammaticus
2311 1416 2507 1467 autem
2565 1416 2623 1467 et
2679 1413 2940 1468 musicus
2998 1414 3360 1487 substantiae,
3412 1416 3472 1472 in
3522 1419 3739 1490 quibus

324 1505 471 1559 sunt
500 1499 742 1557 notitiae.

395 1609 447 1665 ιγ
476 1593 523 1644 Η
557 1589 651 1662 μὲν
693 1588 797 1665 γὰρ
845 1589 1202 1665 γραμματική
1251 1587 1340 1644 καὶ
1370 1591 1407 1658 ἡ
1445 1589 1679 1661 μουσική
1739 1586 1968 1662 γνώσεις

2155 1588 2241 1643 13.
2275 1588 2669 1644 Grammatica
2697 1594 2892 1645 autem
2923 1590 3218 1660 mulier,et
3246 1595 3475 1651 musica
3498 1597 3728 1666 mulier,

322 1675 473 1733 εἷσίν⁴
526 1678 555 1732 ὁ
608 1674 667 1732 δὲ
711 1676 1092 1753 γραμματικὸς
1143 1677 1230 1731 καὶ
1281 1677 1310 1732 ὁ
1363 1676 1621 1751 μουσικὸς
1680 1674 1879 1745 οὐσίαι,
1925 1674 1979 1729 έν

322 1767 407 1829 αἷς
456 1766 511 1820 αἱ
558 1765 806 1841 γνώσεις.
841 1766 903 1821 Ἡ
946 1766 1302 1843 γραμματική
1353 1763 1409 1820 δὲ
1455 1765 1616 1840 γυνὴ,
1649 1764 1739 1819 καὶ
1768 1767 1805 1834 ἡ
1844 1784 1976 1838 μου-

324 1856 454 1924 σικὴ
514 1856 651 1929 γυνή
694 1852 817 1909 οὐκ
871 1854 971 1909 εἰσὶ
1019 1853 1345 1931 παρώνυμα,
1378 1853 1503 1909 ἀλλ’
1536 1854 1826 1927 ὁμώνυμα.
1856 1853 1974 1927 Χρὴ

322 1943 429 2020 γὰρ
490 1942 581 1998 ἐπὶ
637 1943 730 2016 μὲν
792 1947 898 1997 τῶν
956 1941 1303 2019 παρωνύμων
1362 1941 1413 2013 ἐξ
1471 1941 1713 2017 ἀνάγκης
1762 1938 1978 2017 παρηλ-

326 2030 531 2109 λάχθαι
589 2032 686 2101 τὴν
745 2030 1040 2104 κατάληξιν
1097 2037 1195 2087 τοῦ
1266 2032 1555 2105 ὀνόματος,
1618 2030 1703 2085 ἐπὶ
1757 2028 1815 2085 δὲ
1869 2034 1975 2084 τῶν

325 2120 635 2195 ὁμωνύμων
705 2121 968 2191 σώζεσθαι
1037 2121 1173 2176 κατὰ
1226 2122 1401 2176 πάντα
1454 2121 1515 2175 τὸ
1574 2114 1750 2193 ὄνομα
1807 2118 1978 2192 ἀπαρ-

322 2209 617 2266 άλλακτον·
682 2211 758 2284 μὴ
837 2210 1001 2283 μόνον
1074 2210 1211 2265 κατὰ
1280 2211 1380 2279 τὴν
1456 2207 1773 2280 κατάληξιν,
1835 2204 1981 2262 ἀλλὰ

324 2298 583 2355 καὶκατὰ
620 2301 685 2354 τὸ
730 2302 963 2373 πνεῦμα,
1017 2299 1107 2354 καὶ
1156 2300 1293 2355 κατὰ
1333 2298 1425 2353 τὸν
1469 2297 1659 2368 τόπον,
1698 2296 1788 2351 καὶ
1845 2296 1981 2351 κατὰ

323 2389 425 2456 τήν
479 2391 707 2460 πτῶσιν,
756 2387 845 2442 καὶ
901 2387 1037 2443 κατὰ
1083 2388 1182 2456 τὴν
1239 2387 1475 2465 γραφὴν,
1534 2385 1624 2441 καὶ
1677 2384 1815 2440 κατὰ
1886 2385 1978 2439 τὸν

324 2475 575 2553 ἀριθμὸν,
608 2474 698 2532 καὶ
753 2477 889 2531 κατὰ
933 2475 996 2532 τὰ
1046 2475 1224 2552 γένος,
1256 2475 1346 2532 καὶ
1398 2476 1536 2531 κατὰ
1561 2473 1625 2529 τὸ
1652 2496 1750 2530 του
1807 2471 1979 2549 λόγου

329 2564 513 2643 μέρος,
543 2564 801 2620 καὶκατᾶ
828 2566 928 2635 τὴν
958 2567 1258 2637 συνήθειαν.

400 2652 481 2713 ιδ’.
514 2654 587 2709 Τὸ
612 2653 718 2731 γὰρ
746 2654 883 2725 οἷος,
916 2651 1278 2729 δασυνόμενον
1316 2652 1409 2726 μὲν
1445 2650 1613 2723 δηλοῖ
1658 2652 1722 2706 τὸ
1771 2653 1977 2724 ὁποῖος,

326 2742 660 2818 φιλούμενον
694 2740 771 2816 δὲ,
800 2744 864 2799 τὸ
920 2743 1104 2817 μόνος.
1136 2743 1236 2798 Καὶ
1279 2744 1314 2812 ἡ
1357 2746 1455 2797 τοῦ
1500 2741 1807 2815 πνεύματος
1864 2739 1979 2797 δια-

329 2834 469 2911 φορᾶ
523 2832 752 2910 χωρίζει
806 2836 913 2887 τῶν
975 2831 1290 2905 ὁμωνύμων
1351 2830 1502 2888 αὐτό.
1536 2828 1693 2887 Ἀλλ’
1740 2827 1867 2886 οὐδὲ
1916 2831 1980 2885 τὸ

332 2923 543 2998 Ἄργος,
601 2922 692 2977 καὶ
741 2921 805 2977 τὸ
858 2921 1047 2997 ἀργὸς,
1098 2919 1368 2995 ὁμώνυμά
1424 2920 1525 2974 εἶσι
1582 2918 1671 2974 διὰ
1724 2921 1824 2989 τήν
1882 2924 1980 2974 τοῦ

332 3010 488 3066 τόνου
535 3009 816 3089 διαφοράν.
873 3011 943 3066 Τὸ
1006 3010 1098 3084 μὲν
1172 3010 1273 3087 γὰρ
1331 3011 1535 3086 Ἀργος
1608 3009 1981 3084 παροξυτόνως

338 3097 508 3172 δηλοῖ
551 3101 643 3155 τὸν
703 3101 909 3176 ’Δργον
963 3101 1020 3155 ’ὸν
1080 3099 1373 3154 ἀὸέκτεινεν
1426 3100 1711 3174 ὁἙρμῆς,
1743 3098 1832 3154 καὶ
1891 3096 1984 3153 ἅλ-

336 3188 448 3245 λων
483 3189 741 3263 ὀνόματα*
769 3190 832 3244 τὸ
865 3186 922 3244 δὲ
953 3188 1121 3264 ἀργὸς
1170 3186 1441 3258 ὀξυτόνως
1490 3184 1658 3256 δηλοῖ
1701 3187 1794 3243 τὸν
1848 3187 1979 3264 βρα-

333 3275 427 3333 δὺν
496 3279 586 3334 καὶ
668 3277 887 3335 λευκόν.
946 3277 1016 3333 Τὸ
1093 3275 1315 3349 ἐλάτης,
1376 3272 1626 3354 διαφέρον
1700 3276 1836 3331 κατὰ
1885 3277 1984 3345 τήν

328 3372 557 3440 πτῶσιν,
609 3366 708 3423 ούκ
754 3362 893 3423 ἔστιν
944 3367 1263 3441 ὁμώνυμον.
1302 3367 1427 3420 Ὅτε
1472 3366 1573 3442 γὰρ
1621 3365 1721 3435 τὴν
1782 3362 1980 3436 ἐλάτην

327 3453 498 3526 δηλοῖ
535 3457 627 3512 τὸν
681 3455 936 3532 ἡνίοχον,
972 3454 1148 3510 εὐθεῖά
1179 3455 1340 3510 ἐστιν·
1375 3453 1464 3509 ὅτε
1521 3451 1578 3509 δὲ
1632 3455 1732 3523 τὴν
1783 3453 1980 3525 έλάτην

320 3544 389 3602 τὸ
443 3543 686 3623 δένδρον,
717 3547 925 3622 γενική⁹
959 3543 1181 3600 ἐνταῦθα
1236 3540 1295 3598 δὲ
1333 3543 1471 3598 κατὰ
1516 3543 1579 3598 τὸ
1630 3542 1786 3619 γένος
1845 3542 1985 3598 ἐστὶν

317 3638 357 3706 ἡ
392 3631 645 3713 διαφορά*
697 3635 761 3689 τὸ
807 3634 986 3689 καινὸν
1016 3632 1274 3688 καὶκατὰ
1310 3633 1409 3701 τὴν
1457 3632 1669 3710 γραφὴν
1730 3629 1982 3711 διαφέρον

317 3722 431 3779 οὐκ
475 3720 616 3778 ἔστιν
664 3723 982 3795 ὁμώνυμον*
1050 3718 1384 3795 φιλούμενον
1443 3721 1544 3796 γὰρ
1603 3720 1860 3795 σημαίνει
1917 3721 1982 3775 τὸ

320 3811 559 3887 μάταιον
592 3812 683 3867 καὶ
728 3811 791 3866 τὸ
837 3815 1062 3889 κοῦφον,
1096 3807 1575 3888 διφθογγιζόμενον
1634 3807 1711 3882 δὲ,
1753 3810 1816 3865 τὸ
1864 3810 1980 3865 νέον

314 3901 422 3957 καὶ
489 3901 551 3955 τὸ
623 3897 949 3975 παράδοξον,
1008 3899 1078 3953 Τὸ
1164 3898 1338 3967 εἶπον,
1397 3897 1511 3953 ἐπεὶ
1596 3895 1835 3977 διαφέρει
1904 3903 1985 3973 τῷ

314 3990 549 4069 ἀριθμῷ
595 3989 686 4044 καὶ
734 3989 925 4049 ἑνικῶς
985 3989 1080 4061 μὲν
1130 3984 1297 4057 δηλοῖ
1336 3986 1400 4041 τὸ
1448 3986 1598 4042 εἶπον
1658 3986 1784 4063 ἐγὼ,
1832 3986 1984 4059 πλη-

316 4081 596 4140 θυντικῶς
652 4075 711 4133 δὲ
764 4078 827 4133 τὸ
884 4075 1034 4132 εἶπον
1091 4073 1289 4153 ἕτεροι.
1322 4076 1421 4130 Διὰ
1475 4079 1636 4131 τοῦτο
1698 4075 1797 4131 οὐκ
1843 4072 1982 4132 ἔστιν

316 4167 651 4243 ὁμώνυμον.
711 4166 790 4220 Τὸ
854 4164 1021 4244 φάρος
1092 4163 1181 4220 ὅτε
1252 4160 1493 4241 διαφέρει
1546 4164 1609 4219 τὸ
1664 4164 1817 4241 γένος
1887 4164 1987 4220 οὐκ

314 4256 475 4314 ἔστιν
555 4255 873 4328 ὁμώνυμον.
955 4255 1280 4331 Ἀρσενικῶς
1352 4253 1445 4327 μὲν
1525 4252 1626 4329 γὰρ
1710 4252 1839 4308 αὐτὸ
1921 4254 1984 4309 τὸ

2086 1693 2202 1733 non
2229 1681 2370 1732 sunt
2399 1677 2854 1745 denominativa,
2887 1680 2987 1735 sed
3016 1679 3326 1751 aequivoca.
3370 1683 3436 1739 In
3467 1684 3734 1741 denomi-

2086 1766 2298 1822 nativis
2353 1766 2512 1821 enim
2564 1766 2893 1823 necessario
2952 1770 3423 1827 terminationem
3473 1774 3733 1831 nominis

2089 1859 2375 1910 mutatam
2429 1870 2557 1911 esse
2583 1860 2827 1928 oportet,
2861 1860 2919 1912 et
2948 1857 3008 1911 in
3053 1859 3363 1930 aequivocis
3416 1877 3629 1917 nomen
3662 1863 3733 1918 ab

2087 1943 2496 1999 immutatione
2538 1944 2802 2000 immune
2832 1946 3159 2001 conservari
3195 1948 3285 2002 τι
3323 1954 3586 2019 oportet;
3621 1968 3739 2007 non

2090 2033 2415 2088 secundum
2447 2032 2917 2089 terminationem
2969 2035 3275 2103 duntaxat,
3310 2037 3411 2092 sed
3444 2038 3620 2094 etiam
3651 2056 3741 2095 se-

2090 2122 2346 2176 cundum
2404 2121 2702 2193 spiritum,
2732 2126 2789 2177 et
2818 2123 3145 2178 secundum
3176 2128 3403 2193 tonum,
3436 2132 3490 2181 et
3532 2143 3741 2183 secun-

2089 2210 2231 2265 dum
2263 2214 2553 2277 casum,et
2582 2210 2906 2266 secundum
2938 2211 3384 2284 scripturam,et
3413 2216 3738 2274 secundum

2089 2316 2423 2365 numerum,
2455 2305 2512 2355 et
2549 2300 2870 2355 secundum
2903 2316 3111 2372 genus,
3143 2306 3200 2357 et
3227 2305 3551 2362 secundum
3601 2323 3740 2378 par-

2088 2392 2207 2445 tem
2239 2387 2540 2458 orationis,
2568 2393 2626 2444 et
2653 2389 2977 2445 secundum
3009 2391 3512 2450 consuetudinem.

2160 2653 2248 2708 44.
2280 2653 2507 2710 Etenim
2541 2655 2801 2727 (nomen)
2824 2655 2939 2716 οἶος
2963 2672 3168 2728 aspero
3203 2658 3416 2730 spiritu
3445 2660 3741 2731 affectum,

2089 2744 2307 2814 qualis;
2339 2742 2453 2799 leni
2504 2743 2835 2815 praeditum,
2865 2746 3013 2801 solus
3059 2746 3335 2803 declarat.
3366 2751 3556 2822 Atque
3608 2751 3739 2824 (ita)

2091 2831 2333 2903 spiritus
2382 2831 2710 2887 differentia
2760 2832 2957 2905 ipsum
3004 2836 3076 2891 ab
3125 2836 3440 2907 aequivocis
3486 2845 3741 2912 separat.

2088 2921 2195 2976 Sed
2228 2936 2418 2991 neque
2438 2924 2638 2995 ’Ἄργος
2669 2925 2728 2977 et
2754 2919 2917 2996 ἀργός
2948 2927 3183 2995 prepter
3201 2925 3325 2981 toni
3347 2926 3738 2988 differentiam

2091 3014 2230 3065 sunt
2278 3009 2593 3081 asquivoca.
2626 3011 2854 3067 Etenim
2906 3011 2970 3065 τὸ
2998 3011 3230 3087 ”Αργος,
3270 3019 3408 3070 tono
3439 3015 3498 3072 in
3549 3019 3743 3089 priore

2091 3098 2314 3170 syllaba
2342 3099 2937 3173 aﬁ‘ectum,signiﬁcat
2963 3102 3183 3173 Argum
3215 3119 3390 3174 quem
3418 3108 3740 3166 Mercurius

2092 3186 2385 3242 interfecit
2414 3192 2470 3242 et
2513 3186 2762 3243 aliorum
2795 3189 3034 3246 nomina
3067 3208 3079 3245 :
3117 3195 3177 3246 at
3204 3189 3372 3266 ἀργός
3403 3199 3540 3251 tono
3573 3201 3745 3254 acuto

2091 3275 2153 3330 in
2188 3275 2396 3331 ultima
2447 3276 2740 3346 affectum,
2773 3278 3009 3334 tardum
3042 3282 3100 3335 et
3128 3280 3328 3336 album
3360 3282 3641 3341 declarat.
3677 3285 3747 3340 Γὸ

2092 3362 2292 3433 ἐλάτης
2324 3366 2478 3436 quod
2510 3382 2650 3422 casu
2683 3365 3017 3433 ditl‘ert,non
3049 3373 3139 3424 est
3165 3370 3751 3440 eequivocum.Quan-

2093 3455 2166 3509 do
2188 3453 2345 3509 enim
2373 3453 2636 3527 aurigam
2660 3455 3284 3529 declarat,agitatorem
3310 3459 3752 3535 (nimirum)fre—

2094 3560 2171 3598 na
2193 3547 2512 3610 tenentem,
2547 3548 2741 3599 rectus
2771 3549 2860 3599 est
2889 3546 3256 3616 (nominandi
3290 3550 3485 3622 causa)
3520 3568 3533 3606 ε
3565 3568 3749 3624 quan-

2094 3633 2168 3688 do
2198 3637 2395 3688 autem
2446 3632 2719 3703 abietem,
2751 3634 3039 3706 arborem,
3072 3635 3349 3708 gignendi
3383 3644 3473 3695 est
3504 3640 3745 3714 (casus).

2092 3721 2195 3777 Hic
2227 3727 2422 3776 autem
2473 3721 2691 3793 (etiam)
2723 3723 2914 3793 quoad
2946 3738 3133 3796 genus
3163 3729 3255 3780 est
3298 3727 3645 3786 differentia.
3673 3730 3745 3785 Τὸ

2092 3808 2269 3863 καινὸν
2303 3810 2457 3881 quod
2508 3810 2687 3866 etiam
2719 3811 3010 3883 scriptura
3038 3812 3252 3880 differt,
3286 3832 3402 3871 non
3443 3822 3534 3874 est
3561 3821 3745 3892 (squi-

2093 3915 2323 3954 vocum.
2354 3898 2500 3953 Cum
2554 3898 2711 3954 enim
2753 3915 2857 3970 per
2887 3918 2911 3951 ε
2941 3900 3239 3969 scribitur,
3270 3920 3488 3961 vanum
3538 3912 3595 3962 et
3622 3908 3748 3964 leve

2094 3986 2437 4060 signiﬁcat;
2492 4004 2626 4043 cum
2674 3986 3037 4061 diphthongo
3086 3989 3379 4064 signatur,
3414 3996 3643 4052 'novum
3691 4001 3752 4054 et

2096 4077 2253 4149 quod
2284 4079 2493 4148 praeter
2539 4076 2871 4148 opinionem
2909 4078 3006 4134 72
3039 4082 3144 4134 est.
3178 4077 3246 4132 Τὸ
3279 4079 3429 4135 εἶπον
3465 4083 3604 4155 quia
3632 4103 3746 4141 nu-

2096 4182 2256 4221 mero
2288 4166 2499 4231 ditfert,
2532 4169 2589 4220 et
2617 4165 2996 4238 singulariter
3024 4167 3261 4239 quidem
3293 4170 3608 4244 signiﬁcat,
3624 4177 3746 4244 Ego

2094 4254 2219 4310 dixi
2235 4271 2256 4316 ,ο
2288 4253 2589 4326 pluraliter
2619 4259 2838 4321 autem,
2870 4256 2987 4311 Alii
3012 4256 3280 4314 dixerunt
3301 4275 3322 4321 ;
3353 4260 3463 4316 hac
3489 4261 3560 4317 de
3605 4278 3744 4318 cau-

310 4346 537 4419 κτίσμα
596 4342 781 4417 δηλοῖ,
841 4330 1097 4414 θηλυκῶς
1157 4339 1214 4396 δὲ
1268 4342 1367 4410 τὴν
1442 4340 1628 4397 πόλιν·
1690 4338 1981 4419 οὐδετέρως

2094 4360 2161 4399 sa
2192 4359 2308 4399 non
2354 4347 2445 4398 est
2472 4342 2853 4414 aequivocum.
2883 4343 2953 4397 Τὸ
3004 4344 3173 4422 φάρος
3202 4347 3344 4419 quia
3389 4364 3601 4422 genere
3632 4351 3746 4407 dif-

314 4435 384 4493 δὲ
447 4434 511 4489 τὸ
567 4432 803 4508 ἱμάτιον.
879 4433 951 4488 Τὸ
1026 4430 1174 4509 ἔχεις
1253 4431 1403 4508 μέρει
1444 4429 1647 4507 ,λόγου
1722 4427 1982 4510 διαφέρει.

310 4524 437 4581 Καὶ
515 4521 605 4593 ὅτε
682 4524 773 4597 μὲν
854 4521 1032 4596 ὄνομά
1104 4520 1236 4591 ἐστι,
1288 4521 1443 4597 γένος
1498 4516 1672 4596 ὄφεων
1730 4518 1984 4594 σημαίνει

310 4613 738 4686 πληθυντικῶς,
795 4610 885 4667 ὅτε
962 4608 1019 4665 δὲ
1101 4609 1272 4687 ῥῆμα,
1332 4608 1421 4664 ἐπὶ
1486 4606 1737 4685 δευτέρου
1812 4629 1985 4686 προσ-

314 4706 492 4759 ώπου
547 4702 610 4756 τὸ
673 4701 952 4772 κέκτησαι’
1016 4696 1101 4755 διὸ
1168 4697 1259 4754 καί
1333 4705 1435 4769 τῆς
1503 4698 1822 4773 ὁμωνυμίας
1884 4697 1988 4767 ἐξέ-

311 4811 483 4848 πεσε.
536 4789 608 4844 Τὸ
667 4789 833 4865 ἅρμα,
893 4788 1141 4859 συνηθείᾳ
1213 4789 1307 4862 μὲν
1365 4784 1665 4862 Ἑλληνικῇ
1722 4786 1985 4861 ταττόμε-

311 4902 422 4937 νον
474 4877 563 4934 έπὶ
609 4882 708 4933 τοῦ
758 4879 989 4933 ἱππικοῦ
1021 4877 1268 4952 ζεύγους,
1300 4875 1388 4931 ἐπὶ
1417 4880 1525 4931 τῶν
1555 4875 1742 4932 ὅπλων
1800 4874 1859 4931 δὲ
1908 4880 1989 4949 τῷ

310 4974 443 5027 τῶν
526 4967 810 5041 Ῥωμαίων
893 4965 999 5022 ἔθει
1093 4965 1408 5045 φερόμενον,
1486 4969 1594 5020 τῶν
1679 4965 1990 5040 ὁμωνύμων

315 5060 449 5128 ἆπη
461 5054 816 5131 λλοτρίωται.

2095 4430 2227 4497 fert,
2261 4446 2376 4486 non
2407 4434 2497 4486 est
2533 4431 2915 4502 aequivocum.
2948 4433 3269 4490 Masculino
3298 4435 3453 4493 enim
3503 4438 3743 4505 quidem

2094 4535 2307 4592 genere
2359 4519 2551 4591 ipsam
2595 4523 2951 4577 structuram
2985 4528 3107 4591 (seu
3164 4524 3744 4598 turrim);feminino

2095 4610 2528 4674 autem,urbem
2555 4638 2568 4677 -,
2602 4614 2808 4666 neutro
2838 4610 3087 4682 denique
3114 4615 3529 4672 vestimentum
3559 4616 3748 4675 decla-

2096 4701 2205 4753 rat.
2255 4695 2324 4749 Τὸ
2374 4690 2522 4771 ἔχεις
2572 4702 2734 4768 parte
2802 4699 3084 4756 orationis
3131 4702 3341 4759 differt.
3392 4704 3458 4760 Et
3506 4708 3743 4778 quando

2098 4786 2333 4859 quidem
2349 4802 2557 4841 nomen
2587 4790 2675 4841 est
2706 4803 2950 4843 numero
2995 4789 3394 4848 multitudinis
3417 4808 3605 4865 genus
3626 4812 3745 4852 ser-

2097 4878 2340 4948 pentum
2390 4873 2646 4930 declarat
2678 4890 2690 4930 :
2724 4877 2959 4947 quando
2987 4894 3123 4934 vero
3166 4881 3407 4938 verbum
3440 4887 3531 4938 est
3558 4883 3618 4939 in
3650 4901 3745 4942 se-

2097 4965 2293 5021 cunda
2347 4980 2613 5035 persona,
2646 4961 2707 5016 τὸ
2764 4965 2924 5020 habes
2979 4965 3104 5034 (seu
3157 4969 3422 5039 possides)
3480 4972 3742 5030 denotat.

2099 5052 2347 5109 Proinde
2393 5052 2569 5107 etiam
2624 5053 2696 5108 ab
2746 5053 3196 5125 aequivocatione
3225 5058 3454 5115 excidit.
3486 5058 3557 5113 Τὸ
3598 5060 3747 5137 ἅρμα

314 5147 821 5223 quandoquidem
892 5147 1089 5203 Graeca
1148 5145 1574 5202 consuetudine
1649 5163 1752 5219 pro
1801 5146 1948 5219 jugo
2023 5142 2283 5216 equestri
2358 5140 2616 5213 ponitur,
2677 5142 3075 5199 Romanorum
3149 5150 3347 5203 autem
3403 5165 3566 5206 more
3640 5168 3747 5224 pro

316 5236 523 5297 armis
555 5236 866 5308 profertur,
899 5237 971 5292 ab
1002 5234 1316 5307 tequivocis
1344 5233 1656 5291 liberatum
1686 5239 1793 5291 est.

404 5331 490 5382 ιε’.
522 5327 765 5379 Τοσαῦτα
791 5324 915 5401 περὶ
945 5328 1051 5378 τῶν
1085 5320 1417 5396 ὁμωνύμων.

408 5418 497 5477 ις’.
548 5414 624 5467 Τὰ
670 5409 729 5468 δὲ
783 5412 1090 5490 παρώνυμα
1148 5410 1546 5488 ὑπογράφουσιν
1601 5408 1796 5473 οὕτως’
1846 5430 1985 5486 παρ-

313 5501 535 5575 ώνυμά
579 5500 735 5575 εἰσιν,
790 5500 890 5557 ὅσα
945 5500 1051 5557 ἀπό
1115 5519 1259 5562 τινος
1314 5496 1652 5578 ἀποφέροντα
1703 5502 1773 5572 τῇ
1833 5498 1990 5553 πτώ-

311 5611 439 5664 σει,
479 5589 580 5659 τήν
634 5590 772 5647 κατὰ
814 5588 1055 5666 τοῦνομα
1097 5588 1465 5666 προσηγορίαν
1516 5582 1655 5666 ἔχει.
1707 5586 1832 5643 Οἶον
1884 5586 1989 5643 ἀπὸ

307 5687 436 5750 τῆς
498 5681 943 5755 γραμματικῆςὸ
982 5678 1386 5759 γραμματικὸς,
1440 5677 1530 5734 καὶ
1584 5677 1690 5735 ἀπὸ
1743 5683 1842 5749 τῆς
1899 5678 1989 5734 άν-

312 5766 523 5850 δρείας
555 5769 584 5827 ὁ
607 5766 873 5849 ἀνδρεῖος.

2171 5321 2258 5377 45.
2294 5323 2359 5374 Et
2388 5322 2618 5374 tantum
2652 5320 2890 5392 quidem
2922 5322 2993 5378 de
3019 5323 3347 5395 aequivocis.

2172 5411 2258 5465 16.
2291 5408 2734 5465 Denominativa
2781 5414 2977 5466 autem
3008 5414 3092 5468 sic
3135 5412 3474 5471 describunt
3505 5431 3519 5471 ς
3552 5416 3746 5474 Deno-

2098 5497 2378 5555 minativa
2398 5501 2538 5552 sunt
2561 5514 2688 5570 quae
2718 5499 2791 5554 ab
2817 5498 3014 5572 aliquo
3036 5500 3365 5559 differentia
3381 5508 3743 5578 casu,quoad

2099 5603 2312 5645 nomen
2344 5584 2791 5658 appellationem
2841 5589 3081 5658 habent,
3111 5590 3271 5647 velut
3299 5608 3333 5648 a
3361 5595 3746 5666 grammatica

2098 5675 2520 5752 grammaticus
2549 5681 2606 5733 et
2629 5694 2665 5735 a
2694 5678 3031 5738 fortitudine
3059 5680 3243 5740 fortis.
