4126 6426
333 348 452 407 743
1591 337 1974 401 NICEPHOH

2110 338 2500 403 LEMMlDzE
3626 345 3750 407 744

405 480 492 534 17.
525 479 587 533 In
618 477 729 532 hac
767 473 1335 532 denominativorum
1363 471 1755 545 descriptione
1805 489 1978 529 casus
2006 475 2063 541 Α

329 573 570 625 vocatur
593 565 866 621 dictionis
894 562 1205 619 terminus.

402 658 489 712 18.
523 655 783 719 Quatuor
829 658 1026 709 autem
1056 651 1410 721 quibusdam
1456 649 1801 722 (requisitis)
1830 666 1979 723 opus

329 751 419 804 est
465 750 533 801 ut
576 742 1037 801 demonstrativa
1086 742 1184 797 78
1235 741 1378 795 fiant
1406 757 1419 794 :
1449 741 1875 795 communitate
1921 745 1979 795 et

329 834 660 891 differentia
708 831 967 888 nominis
996 834 1054 886 et
1080 829 1504 886 communitate
1532 818 1977 900 diﬂerentiaque

330 940 432 979 τοι.

401 1014 487 1068 19.
522 1010 688 1067 Unde
730 1009 794 1062 τὸ
823 1007 1075 1065 Helenus
1123 1011 1180 1062 et
1209 1004 1425 1061 Helena
1455 1022 1571 1062 non
1603 1009 1743 1062 sunt
1790 1005 1973 1061 deno-

330 1100 630 1157 minativa.
682 1097 1177 1155 Communitatem
1226 1094 1383 1151 enim
1435 1094 1673 1167 quidem
1702 1098 1760 1150 et
1808 1093 1972 1149 ditl'e-

330 1190 577 1247 rentiam
625 1187 883 1245 nominis
925 1185 1180 1254 habent;
1212 1184 1295 1240 rei
1347 1188 1544 1239 autem
1583 1183 1974 1239 communita-

328 1284 448 1335 tem
472 1295 587 1334 non
619 1274 1116 1332 habent.Helenus
1144 1273 1302 1330 enim
1332 1271 1431 1344 qui
1464 1288 1532 1326 ex
1561 1272 1737 1343 Troja
1760 1271 1978 1343 (oriun-

326 1368 463 1439 dus)
514 1365 862 1433 Priamides,
892 1366 1050 1419 vates
1082 1362 1213 1433 fuit,
1264 1361 1417 1416 alius
1460 1363 1567 1416 est.
1599 1363 1975 1432 Rursumque

328 1456 443 1513 alia
487 1459 579 1512 est
629 1453 844 1510 Helena
895 1452 1138 1509 Lacaena
1181 1450 1346 1506 Ledae
1397 1465 1467 1505 ex
1510 1448 1780 1521 Tyndaro
1829 1448 1972 1515 ﬁlia,

327 1562 455 1620 quas
483 1543 851 1601 inﬁnitarum
875 1539 1279 1598 calamitatum
1302 1537 1627 1611 Phrygibus
1656 1541 1714 1593 et
1740 1536 1974 1594 Achivis

324 1651 504 1691 causa
549 1632 695 1701 fuit;
726 1647 834 1688 nec
861 1634 926 1687 ut
955 1647 990 1686 a
1015 1628 1261 1686 scientia
1306 1628 1505 1697 sciens
1526 1627 1611 1684 ita
1635 1628 1708 1684 ab
1755 1626 1974 1684 Halena

322 1723 581 1780 Helenus
606 1720 884 1795 (dicitur).

391 1813 482 1868 20.
514 1811 626 1868 Sed
673 1826 864 1883 neque
901 1808 1080 1865 etiam
1126 1805 1391 1881 παρθένος
1444 1810 1501 1862 et
1542 1807 1837 1883 παρθενική
1872 1807 1971 1862 de-

324 1901 683 1959 nominativa
703 1898 932 1956 sunt.In
962 1897 1057 1953 his
1077 1896 1235 1953 enim
1260 1896 1344 1953 rei
1370 1912 1487 1952 non
1511 1901 1602 1953 est
1622 1895 1969 1953 differentia.

320 1993 483 2049 Idem
506 1990 663 2046 enim
692 1989 870 2045 etiam
900 1988 1083 2043 ambae
1112 1985 1398 2042 dictiones
1429 1985 1782 2058 signiﬁcant.

386 2082 480 2137 21.
512 2076 782 2155 Παρθένος
834 2080 1030 2133 autem
1060 2075 1142 2148 (id
1172 2079 1263 2132 est
1290 2074 1473 2147 virgo)
1505 2075 1672 2130 nobis
1714 2073 1971 2147 (Graecis)

320 2188 389 2228 ex
417 2187 483 2227 eo
536 2169 693 2241 quod
735 2165 882 2239 παρά
933 2168 1068 2235 Θεῷ,
1103 2165 1299 2221 idest
1343 2161 1576 2232 πλησίον
1632 2166 1766 2217 Θεοῦ
1815 2163 1972 2236 apud

319 2259 640 2327 Deum,hoo
671 2261 761 2313 est
791 2271 970 2329 prope
1002 2259 1185 2310 Deum
1214 2253 1312 2323 sit,
1332 2256 1570 2325 propter
1598 2253 1971 2310 sanctitatem

319 2349 475 2405 dicta
505 2353 616 2419 est,
646 2345 938 2418 siquidem
970 2358 1074 2416 per
1101 2342 1301 2399 omnia
1328 2342 1489 2415 virgo
1530 2341 1626 2410 sit,
1657 2342 1972 2415 animaque

317 2438 496 2494 etiam
526 2452 661 2493 cum
691 2449 929 2506 corpore
957 2432 1349 2505 virginitatem
1378 2436 1584 2487 servet.

389 2527 480 2582 22.
512 2525 711 2597 Neque
739 2539 874 2580 vero
903 2522 1093 2577 virtus
1122 2524 1180 2578 et
1208 2521 1295 2576 vir
1323 2522 1512 2577 bonus
1538 2521 1973 2603 denominativa

320 2618 479 2673 sunt.
513 2615 601 2670 Ab
630 2612 726 2670 his
752 2612 910 2668 enim
942 2614 1107 2667 abest
1136 2609 1394 2666 nominis
1426 2610 1780 2667 communio.

384 2794 475 2850 23.
526 2793 727 2865 Neque
771 2788 1034 2846 vicissim
1082 2787 1311 2844 musica
1359 2787 1570 2845 mulier
1614 2793 1671 2844 et
1726 2789 1971 2846 scientia

316 2883 546 2940 musica
592 2884 734 2937 sunt
763 2878 1217 2945 denominativa,
1250 2882 1557 2948 propterea
1611 2880 1765 2950 quod
1797 2878 1968 2935 diffe-

317 2972 567 3028 rentiam
601 2970 702 3025 74
730 2967 989 3040 aliquam
1020 2966 1277 3022 nominis
1311 2982 1424 3021 non
1456 2965 1732 3023 habeant.

386 3060 479 3114 24.
512 3058 801 3114 Diﬂ‘erunt
847 3059 1044 3111 autem
1076 3053 1508 3111 denominativa
1549 3056 1622 3110 ab
1671 3054 1790 3111 illis
1839 3073 1966 3128 quas

2005 1855 2053 1920 B

2165 471 2246 540 ιζ’.
2280 472 2366 528 Ἐν
2432 470 2600 546 ταύτῃ
2672 477 2742 548 τῇ
2817 478 2925 529 τῶν
3018 474 3364 551 παρωνύμων
3444 476 3740 555 ὑπογραφῇ

2087 563 2290 623 πτῶσις
2319 559 2565 617 καλεῖται
2596 560 2762 639 πέρας
2792 570 2895 634 τῆς
2926 561 3142 637 λέξεως.

2162 656 2250 719 ιη’.
2298 652 2575 727 Τεσσάρων
2647 649 2705 706 δέ
2757 673 2919 707 τινων
2986 653 3167 730 χρεία,
3212 652 3305 709 ἵνα
3364 655 3618 730 γίνωνται
3672 655 3745 711 τὰ

2085 739 2409 810 παρώνυμαο
2460 740 2744 802 κοινωνίας
2814 741 2904 796 καὶ
2974 738 3235 821 διαφορᾶς
3312 742 3583 817 ὀνόματος
3649 743 3742 799 καὶ

2085 825 2371 889 κοινωνίας
2400 826 2489 882 καὶ
2523 825 2784 907 διαφορᾶς
2813 831 3155 906 πράγματος.

2110 1009 2116 1017 ’
2161 1003 2243 1066 ιθ’.
2273 1004 2426 1059 ’Ὀθεν
2456 1004 2519 1060 τὸ
2548 1004 2775 1070 Ἕλενος
2804 1007 2895 1062 καὶ
2926 1006 3119 1077 Ἑλένη
3150 1009 3460 1084 παρώνυμα
3488 1008 3589 1064 ούκ
3612 1009 3739 1066 εἰσί.

2084 1092 2375 1147 Κοινωνίαν
2428 1093 2524 1167 μὲν
2574 1095 2677 1169 γὰρ
2734 1096 2824 1150 καὶ
2885 1092 3143 1175 διαφορὰν
3197 1092 3465 1171 ὀνόματος
3523 1092 3739 1175 ἔχουσι·

2082 1179 2404 1256 πράγματος
2453 1179 2511 1238 δὲ
2565 1184 2846 1239 κοινωνίαν
2908 1185 3008 1240 ούκ
3063 1181 3305 1261 ἔχουσιν.
3364 1188 3421 1240 Ὀ
3475 1186 3570 1260 μὲν
3629 1186 3738 1264 γὰρ

2083 1266 2308 1332 Ἕλενος
2357 1271 2386 1325 6
2433 1270 2493 1326 ἐκ
2540 1272 2736 1349 Τροίας
2767 1274 2795 1328 6
2826 1271 3135 1350 Πριαμίδης
3167 1275 3196 1328 6
3230 1275 3485 1349 μαντικὸς
3528 1271 3737 1352 ἕτερος·

2084 1354 2230 1428 ἄλλη
2284 1356 2343 1414 δὲ
2383 1359 2548 1416 πάλιν
2600 1363 2636 1431 ἠ
2682 1361 2888 1433 Ἑλήνη
2932 1365 2967 1433 ἡ
2999 1363 3260 1436 Λάκαινα,
3291 1366 3328 1434 ἡ
3384 1371 3487 1434 τῆς
3546 1361 3740 1435 Λήδης

2084 1444 2145 1502 ἐκ
2171 1445 2454 1523 Τυνδάρεω
2484 1454 2633 1523 παῖς,
2664 1452 2699 1520 ἡ
2736 1451 2943 1527 μυρίων
2990 1457 3288 1531 συμφορῶν
3338 1453 3537 1530 Φρυξὶν
3588 1452 3740 1509 αἰτία

2080 1534 2171 1590 καὶ
2228 1537 2500 1613 Ἀχιοιοῖςυ
2553 1539 2645 1594 καὶ
2702 1540 2809 1616 οὑχ
2863 1540 2941 1604 ὡς
2995 1539 3048 1612 ἐξ
3106 1540 3418 1616 ἐπιστήμης
3449 1541 3734 1615 ὁέπιστή-

2085 1646 2223 1698 μων,
2255 1625 2316 1681 έκ
2341 1634 2443 1697 τῆς
2473 1625 2694 1700 Ἑλένης
2728 1628 2757 1683 6
2787 1628 3036 1693 Ἕλενος.

2150 1810 2215 1861 κ’.
2250 1802 2407 1861 Ἀλλ’
2451 1803 2578 1861 οὐδὲ
2624 1807 2685 1862 τὸ
2740 1809 3035 1884 παρθενική
3100 1809 3191 1863 καὶ
3265 1810 3533 1883 παρθένος
3593 1829 3736 1885 παρ-

2082 1891 2292 1966 ώνυμα.
2358 1895 2683 1971 Πράγματος
2748 1895 2848 1972 γὰρ
2899 1894 2951 1951 ἐν
3009 1896 3227 1961 τούτοις
3294 1895 3395 1952 ούκ
3448 1893 3558 1952 ἔστι
3618 1896 3736 1953 δια-

2082 1982 2238 2058 φορά·
2271 1984 2433 2037 ταυτὸ
2461 1984 2564 2060 γὰρ
2594 1985 2649 2039 αἱ
2680 1985 2852 2057 λέξεις
2880 1990 2974 2040 καῖ
3004 1983 3170 2065 ἄμφω
3202 1985 3550 2059 σημαίνουσι.

2151 2071 2215 2125 κ’.
2276 2072 2543 2148 Παρθένος
2600 2069 2648 2126 δ’
2701 2075 2836 2146 ἡμῖν
2912 2072 2973 2128 ἐκ
3045 2078 3144 2128 τοῦ
3200 2075 3347 2151 παρὰ
3402 2079 3521 2148 Θεῷ
3574 2075 3733 2150 εἶναι,

2077 2159 2322 2215 τουτέστι
2352 2158 2588 2231 πλησίον
2629 2166 2785 2233 Θεοῦ,
2818 2159 2909 2217 διὰ
2951 2164 3050 2232 τήν
3102 2162 3317 2239 ἁγνείαν
3376 2162 3738 2241 ⁴ἠτυμολογῆ-

2078 2268 2187 2302 ται·
2243 2246 2352 2325 εἷαίε
2407 2250 2471 2305 τὸ
2528 2250 2657 2306 ὅλον
2715 2252 2977 2329 παρθένος
3050 2251 3135 2324 εἴη
3168 2253 3302 2309 κκαὶ
3372 2260 3472 2325 τῆς
3548 2261 3737 2331 ψυχῆς

2080 2338 2510 2413 παρθενευούσης
2545 2341 2680 2413 μετὰ
2707 2345 2804 2396 τοῦ
2834 2342 3111 2415 σώματος.

2150 2516 2254 2592 κβ’.
2289 2513 2422 2571 Οῦτε
2480 2515 2539 2573 δέ
2592 2519 2655 2574 τὸ
2702 2519 2865 2594 ἀρετή
2914 2518 3003 2574 καὶ
3053 2517 3349 2584 σπουδαῖος
3405 2522 3732 2599 παρώνυμα.

2080 2604 2177 2659 Καὶ
2235 2606 2339 2683 γὰρ
2391 2604 2609 2661 ἄπεστιν
2660 2607 2720 2663 ἐκ
2763 2607 2971 2663 τούτων
3003 2610 3039 2678 ἡ
3070 2609 3330 2664 κοινωνία
3374 2613 3471 2665 τοῦ
3532 2608 3735 2684 ὀνόμα-

2076 2715 2193 2757 τος.
2504 2744 2513 2751 .

2148 2791 2251 2860 κγ’.
2287 2781 2411 2840 Οῦτ’
2457 2784 2523 2840 αὖ
2576 2788 2809 2859 μουσική
2858 2788 3018 2864 γυνὴ,
3068 2787 3157 2842 καὶ
3210 2788 3446 2862 μουσική
3505 2786 3731 2860 ἐπιστή-

2082 2894 2157 2946 μη
2214 2875 2538 2952 παρώνυμα·
2601 2873 2690 2930 διὰ
2737 2876 2801 2931 τὸ
2862 2877 2938 2949 μὴ
2997 2876 3287 2947 κεκτῆσθαί
3354 2898 3476 2932 τινα
3545 2874 3735 2957 διαφο-

2079 2965 2171 3039 ρὰν
2202 2968 2300 3019 τοῦ
2334 2964 2640 3037 ὀνόματως.

2145 3052 2210 3109 κδ
2233 3097 2245 3111 .
2278 3054 2601 3132 Διαφέρουσι
2633 3051 2690 3109 δὲ
2716 3053 2784 3108 τὰ
2811 3055 3115 3128 παρώνυμα
3136 3059 3244 3110 τῶν
3279 3055 3368 3134 ἀφ’
3392 3054 3529 3118 ἑνός’
3553 3053 3637 3110 ὅτι
3665 3056 3738 3111 τὰ

313 3149 386 3204 ab
419 3164 535 3203 uno
565 3145 1023 3217 dicuntur,quod
1053 3144 1486 3199 denominativa
1516 3144 1817 3201 continent
1844 3162 1913 3202 ea
1933 3163 1967 3202 a

2106 3144 2172 3198 ιὶν
2239 3144 2543 3219 παρώνυμα
2615 3143 2931 3219 περιέχουσι
2996 3144 3064 3199 τὰ
3128 3143 3219 3223 ἀφ’
3275 3145 3347 3200 ὧν
3401 3143 3735 3219 παρωνομά-

314 3237 533 3310 quibus
546 3234 978 3292 denominativa
988 3238 1127 3290 sunt
1140 3233 1410 3304 :quemad
1420 3234 1662 3289 modum
1678 3251 1968 3307 gramma—

2106 3218 2426 3302 ’θησαν,⁷ὡς
2480 3233 2508 3288 6
2562 3218 2942 3308 γραμματικὸς
3015 3233 3114 3302 τὴν
3172 3218 3580 3311 ίγραμματικήν,
3638 3234 3733 3289 καὶ

310 3326 466 3382 ticus
512 3324 959 3397 grammaticam
990 3326 1047 3378 et
1067 3323 1270 3394 justus
1293 3322 1590 3392 justitiam
1637 3323 1958 3380 continent.

309 3416 383 3470 At
413 3431 540 3486 quae
586 3414 660 3470 ab
690 3429 806 3468 uno
855 3416 1015 3478 sunt,
1048 3428 1163 3467 non
1197 3411 1394 3466 etiam.
1436 3411 1635 3483 Neque
1682 3412 1841 3468 enim
1873 3414 1961 3469 in-

2072 3323 2101 3376 6
2130 3319 2336 3383 δίκαιος
2380 3321 2479 3390 τὴν
2526 3319 2891 3393 δικαιοσύνην·
2940 3322 3009 3377 τὰ
3057 3319 3115 3376 δὲ
3154 3323 3242 3401 ἀφ’
3296 3323 3414 3386 ἑνὸς
3473 3323 3574 3378 οὐκ
3627 3321 3731 3381 ἔτι.

2072 3410 2209 3465 Οὐδὲ
2262 3412 2364 3486 γὰρ
2422 3408 2667 3486 περιέχει
2724 3411 2787 3464 τὸ
2844 3410 3085 3482 ἱατρικὸν
3147 3408 3430 3487 ἐργαλεῖον
3484 3413 3583 3481 τήν
3646 3411 3734 3467 ἰα-

315 3507 716 3560 strumentum
747 3500 1037 3558 medicum
1071 3499 1424 3557 medicinam
1466 3501 1743 3570 continet,
1774 3518 1966 3575 neque

2107 3500 2281 3576 ρικήν,
2330 3496 2457 3553 οὐδὲ
2520 3498 2583 3553 τὸ
2657 3501 3035 3575 γρσμματικὸν
3099 3494 3314 3575 βιϐλίον
3392 3501 3492 3569 τὴν
3551 3521 3737 3578 γραμ-

306 3590 458 3648 liber
485 3590 900 3663 grammaticus
929 3589 1375 3661 grammaticam
1401 3607 1414 3657 ;
1449 3590 1726 3661 quoniam
1758 3590 1815 3645 id
1839 3591 1965 3663 qui-

310 3680 446 3736 dem
477 3697 547 3737 ex
593 3681 786 3753 seipso
818 3680 1169 3746 mederetur,
1201 3678 1297 3733 hic
1345 3682 1543 3735 autem
1593 3678 1873 3736 scriberet
1908 3684 1967 3736 et

307 3769 546 3843 legeret.

312 3974 520 4045 Σχῆμα
584 3965 757 4046 κεὲραλ
793 4011 805 4025 .
885 3967 955 4037 η’,
1033 3962 1166 4040 Περὶ
1241 3961 1572 4037 συνωνύμων
1607 4009 1620 4036 ,
1681 3962 2097 4046 έτερωνύμωνυ,

2079 3591 2332 3664 ματικήν·
2367 3587 2481 3643 ἐπεὶ
2538 3589 2601 3643 τὸ
2662 3589 2756 3662 μὲν
2817 3589 2876 3644 ἂν
2934 3589 3171 3667 ίάτρευεν
3224 3589 3275 3661 ἐξ
3325 3591 3539 3664 ἑαυτοῦ,
3570 3589 3634 3646 τὰ
3680 3589 3736 3647 δ’

2074 3675 2276 3755 ἔγραφε
2302 3678 2393 3732 καὶ
2423 3677 2763 3754 ἀνεγίνωσκε.

2178 3962 2373 4038 έτέρων
2443 3964 2755 4039 ὁμωνύμων
2828 3986 2889 4021 τε
2961 3966 3053 4022 καὶ
3125 3964 3554 4043 πολυωνύμων,
3634 3972 3731 4026 καὶ

1836 4034 2203 4112 παρωνύμων.

1080 4190 1108 4241 /
1164 4175 1203 4248 ἤ
1231 4177 1323 4258 καὶ
1351 4176 1756 4258 κατᾶλτοῦνομα
1785 4179 2041 4258 καί-κατᾲ
2066 4179 2157 4234 τὸν
2191 4175 2737 4258 λόγρνῃκοινωνοῦσι·
2764 4179 2854 4235 καί
2893 4180 2997 4236 εἱσι
3044 4182 3345 4257 συνώνυμα,
3392 4183 3507 4239 οἷον
3561 4186 3733 4258 ζῶον,

1272 4248 1303 4302 6'
1328 4271 1388 4304 τε
1419 4245 1710 4326 ἅνθρωπος
1745 4250 1837 4305 καὶ
1869 4251 1897 4304 ὁ
1933 4251 2065 4326 βοῦς
2093 4250 2229 4305 κατὰ
2255 4245 2320 4305 τὸ
2354 4254 2491 4319 ζωον
2524 4245 2719 4325 ὄνομα.
3251 4245 3262 4257 ’
3332 4245 3343 4256 ’
3440 4284 3445 4291 ι

1938 4389 1955 4411 Ι

1165 4411 1201 4480 ἢ
1231 4409 1321 4465 καὶ
1349 4411 1488 4484 κατᾶ
1519 4408 1792 4484 τοῦνομα,
1823 4409 1913 4484 καὶ

1236 4416 1321 4465 καὶ
1352 4416 1488 4465 κατᾶ
1530 4416 1792 4484 τοῦνομα,
1823 4416 1913 4465 καὶ

1236 4481 1373 4536 κατὰ
1398 4482 1491 4536 τὸν
1519 4480 1685 4557 λόγον
1731 4416 1957 4649 Simos-3

1240 4573 1447 4629 ρουσιν,

1240 4573 1447 4629 ρουσιν,

550 4621 654 4678 Δύο
689 4622 810 4678 τινὰ

2014 4372 2051 4446 ἤ
2099 4374 2459 4457 ᾓνωέχουσιγ
2498 4375 2875 4457 ὑποκείμενον,
2931 4377 3022 4433 καί
3077 4378 3209 4434 εἰσιν
3266 4379 3601 4457 έτερώνυμα,
3653 4380 3733 4443 ὡς

2089 4442 2342 4510 ἀνάϐασις
2373 4446 2464 4503 καὶ
2492 4442 2807 4511 κατάϐασις·

2017 4515 2053 4587 ἤ
2086 4516 2338 4598 διαφορὰ,
2369 4518 2459 4574 καὶ
2480 4519 2623 4598 siem
2654 4516 2831 4594 ἕτερα,
2853 4520 2928 4584 ὡς
2952 4521 3239 4597 ἅνθρωπος
3267 4522 3357 4578 καὶ
3377 4520 3572 4598 ἵππος,
3593 4524 3730 4579 καθὸ

2091 4591 2150 4644 ἄν
2159 4588 2377 4667 θρώπος
2407 4589 2498 4646 καὶ
2523 4588 2718 4653 ἵππος·

1166 4711 1203 4783 ἤ
1233 4713 1371 4795 κατὰ
1402 4714 1587 4795 μὶνιτὸ
1606 4709 1793 4795 ,ὄνομα
1818 4718 2180 4795 κοινωνοῦσι,
2195 4717 2333 4795 καεὰ
2360 4712 2419 4770 δέ
2446 4715 2536 4771 τὸν
2568 4712 2737 4791 λόγον
2770 4713 3085 4795 διαφέρουσι
3113 4717 3205 4773 καὶ
3254 4716 3384 4773 εἷ’σιν
3433 4718 3727 4794 ὁμώνυμα·

1274 4785 1357 4860 ὡς
1379 4781 1812 4860 οἶᾼδύοᾼᾼῖξαντες
1841 4786 1980 4841 κατὰ
2005 4786 2071 4842 τὸ
2102 4781 2237 4849 Δῗας
2269 4781 2463 4860 ὄνομαο

1166 4852 1203 4925 ἤ
1235 4857 1497 4945 κατὰνμὲν
1528 4856 1619 4945 ξῦν
1653 4854 1815 4945 λόγον
1846 4862 2186 4933 κοινωνοῦσι,
2217 4859 2355 4914 κατὰ
2372 4852 2442 4913 ’δὲ
2467 4859 2531 4914 τὸ
2561 4854 2738 4932 ὄνομα
2767 4856 3079 4938 διαφέρουσι
3108 4859 3200 4916 καί
3230 4859 3332 4916 εἶσι
3362 4858 3728 4935 πολυώνυμα,

1276 4927 1360 5007 ὡσ
1381 4927 1500 5014 ἄορ,
1533 4927 2002 5014 ξίφος,“μάχριιρα’

1172 4996 1209 5070 ἤ
1239 4996 1558 5081 κοινωνοῦσι
1589 4996 2025 5081 καίἺδίαῲέρουσι
2055 4999 2146 5081 καὶ
2186 5001 2322 5081 κατὰ
2365 4996 2625 5081 τοῦνομα.
2653 4999 2744 5056 καί
2790 5002 2927 5058 κατὰ
2967 4997 3213 5078 τοῦνομα
3264 5003 3451 5081 λόγον,
3483 5004 3573 5060 καὶ
3623 5003 3728 5059 εἶσι

1275 5071 1601 5149 παρώνυμα,
1635 5072 1710 5135 ὡς
1740 5071 2121 5149 γραμματικὸς
2149 5072 2237 5128 καὶ
2268 5071 2647 5150 γραμματική.
