4126 6454
431 436 550 498 747

1688 436 2108 500 NICEPHORI
2157 436 2601 531 BLEMMIDE

3710 436 3817 501 748

411 604 416 609 -
498 569 555 625 7.
586 568 684 624 Sin
716 574 913 627 autem
944 570 1047 626 uni
1085 575 1305 627 natura
1349 570 1640 643 congruit,
1673 575 1775 627 aut
1816 570 1880 631 in
1934 569 2060 642 quic'

2265 571 2323 638 ζ’.
2360 568 2424 624 Εἰ
2455 565 2514 624 δὲ
2547 573 2646 642 μιᾷ
2692 568 2847 648 φύσει
2895 567 3148 645 ἁρμόζει,
3193 567 3229 637 ἢ
3258 565 3311 622 ἐν
3357 571 3439 640 τῷ
3478 567 3530 623 τί
3567 568 3671 624 ἐστι
3701 591 3817 627 κατ-

430 661 522 716 est
552 658 903 731 pradicatur
931 663 988 716 et
1017 661 1273 732 speciem
1303 660 1476 716 facit:
1512 664 1615 717 aut
1643 660 1703 716 in
1734 660 1909 732 quale
1939 658 2080 733 quid

430 750 542 815 est,
576 751 632 803 et
672 748 814 805 facit
843 749 1147 822 proprium
1178 748 1507 805 essentiale.
1954 744 1959 749 ”

501 863 556 918 8.
590 867 656 918 Et
700 863 783 919 ita
830 865 1072 937 quidem
1117 879 1180 920 se
1223 864 1400 920 habet
1437 881 1548 920 vox
1576 863 1923 921 universalis
1955 879 2081 935 qua

429 951 823 1007 essentialiter
852 953 1220 1025 pradicatur.
1244 954 1378 1018 Qua
1400 957 1599 1009 autem
1632 954 1690 1008 in
1719 954 1961 1009 modum
1984 952 2082 1007 ad-

384 1074 394 1081 -
421 1040 765 1111 junctorum
784 1042 1053 1097 essentia
1073 1041 1443 1113 pradicatur,
1458 1042 1588 1113 ipsa
1603 1059 1836 1114 quoque
1854 1046 1956 1097 aut
1977 1040 2083 1096 uni

430 1133 656 1185 natura
685 1130 976 1202 congruit,
1011 1135 1113 1186 aut
1144 1130 1371 1186 multis.
1394 1131 1463 1184 Et
1492 1131 1542 1185 si
1575 1131 1815 1202 quidem
1853 1130 1952 1186 uni
1984 1146 2083 1185 na-

372 1244 377 1251 ι
426 1222 572 1274 tura
590 1212 877 1292 congruit,
904 1220 1207 1291 proprium
1235 1220 1374 1275 facit
1404 1219 1749 1291 adjunctum
1770 1220 2039 1276 essentia
2064 1238 2078 1276 ε

427 1311 657 1363 constat
678 1308 895 1380 quippe
923 1309 995 1363 de
1024 1324 1112 1376 eo,
1136 1310 1290 1381 quod
1316 1310 1491 1364 etiam
1522 1308 1583 1363 in
1616 1308 1788 1381 quale
1819 1308 1960 1382 quid
1991 1313 2082 1365 est

426 1396 792 1469 pradicetur.
811 1398 873 1452 In
899 1397 973 1453 iis
992 1398 1151 1453 enim
1173 1414 1304 1470 qua
1324 1398 1593 1453 essentia
1616 1399 1894 1469 adjuncta
1917 1403 2076 1467 sunt,

424 1484 621 1558 ipsum
642 1485 784 1559 quid
806 1490 895 1542 est
919 1484 1149 1541 nullum
1175 1484 1371 1542 locum
1395 1485 1589 1543 habet.
1617 1487 1675 1542 Si
1702 1492 1900 1544 autem
1932 1486 2080 1543 mul-

424 1574 503 1631 tis
533 1574 761 1631 naturis
792 1575 1081 1648 congruit,
1113 1575 1293 1631 efﬁcit
1330 1574 1622 1633 accidens.
1806 1564 1839 1613 -’

494 1690 549 1745 9.
578 1689 646 1745 Ει
685 1689 735 1747 si
776 1690 1016 1761 quidem
1047 1690 1106 1746 in
1139 1690 1253 1748 tale
1286 1691 1427 1763 quid
1458 1697 1550 1748 est
1580 1691 1950 1764 pradicatur,
1984 1693 2074 1749 in-

422 1777 748 1851 separabile
787 1779 923 1835 facit
960 1779 1251 1836 accidens.
1284 1780 1382 1835 Sin
1432 1796 1587 1847 vero,
1621 1782 1916 1852 quomodo
1969 1781 2072 1836 ali-

420 1867 563 1940 quid
596 1883 659 1925 se
685 1867 918 1937 habeat,
951 1867 1279 1941 separabile
1310 1868 1450 1925 facit
1492 1870 1786 1925 accidens.

492 2011 579 2066 10.
629 2010 776 2068 Hinc
831 2011 1012 2084 igitur
1060 2028 1232 2068 voces
1299 2010 1660 2069 universales
1726 2011 2074 2084 simpliciter

304 2122 309 2128 ’
420 2099 827 2173 pradicativa,
859 2100 979 2156 sive
1027 2101 1429 2174 signiﬁcativa
1475 2101 1738 2174 quinque
1779 2101 2069 2174 colligun-

417 2192 517 2246 tur
544 2206 558 2244 :
608 2205 815 2262 genus,
849 2189 1194 2260 differentia,
1226 2191 1471 2262 species,
1504 2190 1807 2263 proprium
1837 2195 1896 2247 et
1926 2191 2071 2247 acci-

418 2276 585 2334 dens.
618 2282 687 2332 Et
714 2278 786 2333 de
830 2277 923 2334 his
954 2279 1109 2350 apud
1141 2278 1521 2351 philosophos
1554 2295 1747 2335 sermo
1779 2284 1886 2335 est.

492 2421 589 2476 ἰθ
622 2421 708 2478 11.
742 2420 940 2477 Genus
971 2421 1208 2494 quidem
1237 2420 1418 2493 igitur
1458 2421 1622 2494 prius
1663 2427 1752 2478 est
1794 2422 2068 2478 differen-

412 2508 517 2579 tia,
541 2509 681 2581 quia
709 2509 1068 2566 differentias
1099 2510 1379 2566 continet.
1405 2511 1634 2567 Etenim
1665 2511 1905 2580 animal,
1929 2528 2064 2567 cum

413 2614 601 2672 genus
632 2599 730 2671 sit,
763 2598 1049 2656 rationale
1101 2604 1160 2657 et
1204 2598 1542 2657 irrationale
1587 2601 1645 2656 in
1694 2600 1885 2672 seipso
1926 2616 2063 2659 con-

410 2686 578 2745 tinet.

485 2805 573 2863 12.
609 2803 940 2861 Diﬂ'erentia
985 2808 1183 2861 autem
1234 2804 1508 2878 pracedit
1553 2805 1833 2877 speciem,
1875 2822 2063 2878 quan-

412 2893 727 2966 doquidem
759 2893 953 2967 specie
993 2898 1083 2950 est
1128 2894 1532 2951 universalior.
1568 2895 1873 2951 Rationale
1902 2896 2061 2951 enim

411 2982 651 3041 homine
675 2988 765 3039 est
792 2980 1203 3039 universalius.
1225 2983 1350 3039 Non
1381 2983 1540 3039 enim
1570 2987 1640 3040 de
1671 2983 1909 3041 homine
1932 2989 2063 3040 tan-

409 3075 563 3143 tum,
591 3073 695 3129 sed
724 3073 901 3128 etiam
933 3071 1005 3128 de
1034 3070 1241 3146 angelo
1271 3066 1529 3129 effertur.

486 3250 579 3310 13.
608 3250 843 3323 Species
878 3253 1074 3306 autem
1128 3251 1402 3322 praecedit
1440 3252 1764 3325 praprium,
1797 3254 2062 3325 quando-

2191 664 2475 733 ηγορεῖται
2508 658 2599 713 καὶ
2642 662 2791 713 ποιεῖ
2839 656 2903 713 τὸ
2951 655 3114 720 εἶδος·
3145 653 3182 726 ἤ
3215 655 3268 712 ἐν
3311 660 3391 730 τῷ
3433 656 3615 713 ὁποῖόν
3642 657 3692 714 τί
3720 658 3819 715 ἐστι

2191 747 2281 802 καὶ
2311 752 2461 802 ποιεῖ
2487 745 2551 802 τὰ
2581 744 2839 815 οὐσιῶδες
2870 744 3033 803 ἴδιον.

2262 865 2333 934 η’.
2397 863 2494 918 Καὶ
2570 862 2714 918 οὕτω
2790 864 2884 936 μὲν
2950 866 2984 933 ἡ
3048 859 3331 924 οὐσιωδῶς
3389 862 3813 938 κατηγορουμένη

2190 952 2427 1008 καθόλου
2479 954 2656 1029 φωνή.
2704 953 2765 1006 Ἣ
2815 949 2862 1006 δ’
2911 948 3262 1013 ὲπουσιωὸῶς
3308 950 3817 1027 κατηγορουμένηῆ

2196 1046 2294 1114 μιᾷ
2342 1042 2492 1119 φύσει
2549 1040 2778 1119 ἁρμόζει
2824 1041 2915 1095 καὶ
2967 1040 3099 1109 αὕτη
3151 1038 3187 1106 ἦ
3234 1037 3490 1102 πολλαῖς.
3524 1038 3618 1095 Καὶ
3660 1039 3817 1114 εἰμὲν

2197 1135 2294 1202 μιᾷ
2341 1128 2494 1205 φύσει
2546 1129 2795 1205 ἁρμόζει,
2847 1133 2996 1184 ποιεῖ
3037 1129 3101 1193 τὸ
3154 1126 3482 1191 ἐπουσιῶδες
3530 1124 3685 1183 ἴδιον
3734 1126 3819 1198 δῆ-

2194 1217 2290 1273 λον
2337 1217 2382 1273 δ’
2431 1218 2513 1273 ὅτι
2567 1219 2657 1273 καὶ
2710 1218 2762 1273 ἐν
2811 1223 2891 1291 τῷ
2939 1217 3129 1273 ὁποῖόν
3173 1217 3226 1272 τί
3282 1216 3392 1272 ἐστι
3437 1223 3817 1294 κατηγορεῖται.

2194 1308 2314 1362 Ἐπί
2360 1307 2462 1384 γὰρ
2511 1312 2616 1363 τῶν
2668 1304 3016 1362 ἐπουσιωδῶν
3071 1304 3326 1380 οὐδεμίαν
3378 1307 3563 1384 χώραν
3613 1301 3721 1382 ἔχει
3764 1306 3820 1360 τὸ

2188 1397 2242 1450 τί
2288 1396 2453 1455 ἐστιν.
2503 1397 2566 1451 Εἰ
2616 1394 2674 1452 δὲ
2719 1394 2959 1459 πολλαῖς
3009 1396 3227 1474 φύσεσιν
3277 1395 3535 1471 ἁρμόζει,
3584 1401 3726 1451 ποιεῖ
3763 1395 3820 1450 τὸ

2191 1479 2562 1558 συμϐεϐηκός.

2257 1692 2320 1746 θ’.
2352 1691 2451 1744 Καὶ
2492 1690 2537 1745 εἰ
2589 1690 2683 1763 μὲν
2730 1689 2783 1745 ἐν
2831 1694 2910 1762 τῷ
2959 1686 3149 1745 ὁποῖόν
3187 1689 3242 1745 τί
3291 1687 3402 1745 ἐστι
3432 1690 3817 1764 κατηγορεῖται,

2184 1784 2333 1834 ποιεῖ
2358 1779 2422 1833 τὸ
2454 1779 2762 1856 ἀχώριστον
2793 1773 3163 1852 συμϐεϐηκός.
3194 1777 3259 1833 Εἰ
3293 1775 3339 1833 δ’
3370 1776 3423 1833 ἐν
3454 1782 3533 1850 τῷ
3558 1780 3674 1839 πῶς
3702 1772 3817 1850 ἔχον

2184 1866 2319 1941 ἐστὶ²
2349 1873 2501 1922 ποιεῖ
2526 1866 2589 1922 τὸ
2620 1868 2896 1944 χωριστὸν
2930 1861 3297 1941 συμϐεϐηκός.

2752 1972 2773 1999 9

2256 2013 2287 2065 ι’
2320 2056 2333 2069 .
2395 2010 2724 2089 Συναγονται
2802 2011 2982 2067 τοίνυν
3050 2009 3288 2067 ἐντεῦθεν
3362 2008 3604 2074 καθόλου
3665 2001 3821 2084 φωναί

2178 2101 2534 2177 κατηγορικαί
2593 2099 2785 2163 ἁπλῶς
2839 2098 2964 2170 ἤτοι
3023 2100 3353 2174 σημαντικαὶ
3410 2097 3583 2154 πέντε
3643 2094 3820 2172 γένος,

2180 2188 2431 2268 διαφορὰ,
2492 2187 2659 2263 εἶδος,
2718 2187 2852 2245 ἴδιον
2913 2190 3003 2245 καὶ
3064 2184 3414 2262 συμϐεϐηκός
3449 2210 3462 2223 ·
3523 2186 3656 2261 (καὶ)
3707 2183 3821 2259 περὶ

2176 2278 2557 2356 τούτωνπαρά
2583 2284 2700 2341 τοῖς
2734 2277 3057 2357 φιλοσόφοις
3088 2279 3116 2333 ὁ
3147 2276 3338 2353 λόγος.

2252 2425 2336 2481 ια’.
2382 2424 2453 2478 Τὸ
2504 2424 2600 2496 μὲν
2652 2420 2743 2478 οὖν
2798 2423 2955 2498 γένος
3003 2420 3318 2499 προτερεύει
3365 2428 3469 2492 τῆς
3520 2417 3772 2496 διαφορᾶς
3802 2457 3816 2484 ,

2175 2512 2257 2567 ὅτι
2314 2512 2652 2589 περιεκτικόν
2712 2511 2823 2567 ἐστι
2862 2516 2968 2566 τῶν
3024 2509 3330 2590 διαφορῶν.
3388 2513 3458 2565 Τὸ
3508 2509 3611 2586 γὰρ
3666 2508 3814 2590 ζῶονν,

2173 2603 2326 2677 γένος
2380 2602 2439 2656 ’ὸν
2474 2600 2789 2678 ,ηπεριέχει
2866 2600 2918 2655 ἐν
2976 2589 3149 2673 ἑαυτῷ
3214 2601 3282 2655 τὸ
3342 2590 3562 2677 λογικὸν
3618 2592 3705 2650 καὶ
3755 2589 3814 2645 τὸ

2174 2688 2399 2767 ἄλογον.

2248 2808 2339 2883 ιβ’.
2397 2809 2460 2862 Ἣ
2518 2804 2751 2886 διαφορα
2806 2805 2865 2862 δὲ
2915 2805 3231 2883 προτερεύει
3275 2810 3377 2861 τοῦ
3435 2801 3650 2876 εἷ’δους,
3707 2794 3813 2853 ἐπεὶ

2171 2895 2580 2973 καθολικωτέρα
2624 2885 2729 2951 τοῦ
2786 2892 2964 2959 εἷ’δους
3019 2894 3150 2953 ἐστί.
3201 2894 3299 2950 Καὶ
3352 2896 3458 2972 γὰρ
3506 2893 3569 2948 τὸ
3606 2885 3811 2973 λογικὸν

2171 2971 2602 3060 καθολικώτερόν
2650 2984 2761 3041 ἐστι
2807 2990 2906 3041 τοῦ
2948 2985 3237 3061 ἀνθρώπου
3273 3025 3285 3038 .
3339 2971 3569 3059 Φέρεται
3611 2979 3711 3055 γὰρ
3758 2971 3814 3028 οὗ

2172 3076 2307 3130 κατᾶ
2354 3079 2453 3130 τοῦ
2500 3074 2790 3151 ἀνθρώπου
2840 3074 3028 3149 μόνον,
3078 3071 3225 3129 ἀλλὰ
3268 3072 3361 3128 καὶ
3408 3072 3546 3128 κατᾶ
3589 3071 3684 3124 τοῦ
3730 3064 3814 3140 ἀγ·

2172 3161 2361 3329 #2:":-
2388 3253 2458 3307 Τὸ
2506 3250 2565 3307 δὲ
2612 3250 2755 3315 εἶδος
2804 3250 3117 3329 προτερεόει
3163 3255 3263 3307 τοῦ⁹
3313 3247 3477 3306 ἰδίου·
3531 3244 3713 3312 ἐπειδὴ
3756 3239 3813 3295 τὸ

413 3340 655 3414 quidem
685 3340 910 3411 species
947 3338 1184 3412 quidem
1236 3341 1523 3396 duntaxat
1572 3341 1904 3398 essentialis
1951 3348 2060 3412 est,

2183 3344 2273 3416 μὲν
2307 3339 2449 3405 εἶδος
2484 3341 2649 3413 μόνον
2681 3338 2941 3404 οὐσιῶδες
2990 3340 3123 3412 ἐστι,
3171 3340 3236 3395 τὸ
3267 3337 3326 3395 δὲ
3355 3336 3497 3395 ἴδιον
3544 3336 3633 3392 καὶ
3665 3332 3811 3388 ἐπου-

410 3429 717 3502 proprium
759 3445 894 3485 vero
938 3429 1115 3485 etiam
1152 3429 1419 3486 essentia
1448 3430 1816 3501 adjunctum.
1850 3432 2061 3487 Essen-

410 3517 570 3575 tialia
599 3522 794 3574 autem
826 3518 1121 3589 adjunctis
1160 3519 1427 3574 essentia
1477 3519 1851 3575 honoratiora
1898 3524 2059 3577 sunt.

411 3606 519 3664 Illa
538 3608 694 3663 enim
718 3624 852 3663 cum
875 3608 1093 3664 adsunt
1114 3608 1374 3680 quidem,
1402 3608 1657 3679 speciem
1680 3614 2058 3678 conservant;

409 3713 545 3753 cum
596 3712 728 3752 vero
787 3697 1025 3765 absunt,
1067 3702 1454 3769 corrumpunt
1491 3714 1641 3753 eam.
1674 3700 1747 3753 At
1794 3699 2060 3755 essentia

409 3785 708 3856 adjuncta,
740 3800 931 3857 neque
973 3801 1107 3840 cum
1153 3786 1393 3851 adsunt,
1443 3792 1828 3854 conservant;
1870 3804 2061 3860 neque

407 3890 544 3930 cum
574 3873 812 3940 absunt,
856 3878 1240 3946 corrumpunt
1292 3874 1617 3949 (speciem).
1649 3875 1718 3930 Et
1764 3893 1898 3933 vero
1945 3876 2058 3933 alio

2170 3427 2403 3493 σιῶδες.
2448 3433 2524 3485 Τὰ
2572 3428 2810 3501 οὐσιώδη
2862 3427 2919 3485 δὲ
2966 3428 3056 3484 καὶ
3102 3425 3454 3484 ἐπουσιωδῶν
3504 3424 3810 3499 τιμιώτερα.

2167 3523 2343 3573 Ταῦτα
2371 3522 2492 3595 -γὰρ
2540 3518 2781 3595 παρόντα
2829 3519 2923 3593 μὲν
2983 3518 3218 3587 σώζουσι
3273 3518 3337 3572 τὸ
3400 3514 3565 3595 εἶδος,
3623 3510 3814 3567 ἀπόντα

2171 3604 2229 3662 δὲ
2276 3594 2581 3684 φθείρουσιν
2623 3594 2777 3665 αὐτό.
2824 3608 2900 3661 Τὰ
2946 3604 3005 3662 δὲ
3052 3603 3362 3677 ἐπουσιώδη
3405 3594 3545 3662 ὀὔτε
3589 3598 3815 3677 παρόντα

2170 3697 2455 3770 σώζουσιν,
2491 3692 2616 3752 οὔτε
2667 3696 2874 3752 ἀπόντα
2926 3695 3224 3775 φθείρουσι.
3257 3695 3358 3750 Καὶ
3410 3693 3597 3755 ἄλλως
3650 3684 3815 3775 δεδεῖ

2168 3785 2431 3862 πρότερον
2493 3785 2625 3841 εἶναι
2682 3786 2744 3840 τὸ
2804 3773 2948 3847 εἶδος
3004 3784 3095 3840 καὶ
3151 3783 3328 3847 οὕτως
3380 3790 3526 3861 εχειν
3575 3780 3638 3837 τὸ
3684 3773 3811 3832 ἴδιον

2170 3873 2361 3931 εἴδεσιν
2395 3873 2592 3938 ἄλλοις
2622 3874 2940 3949 ἀμέθεκτον.

407 3964 582 4020 modo
632 3962 884 4036 speciem
932 3968 1161 4036 oportet
1206 3964 1637 4035 prioremesse
1682 3968 1741 4021 et
1788 3966 1873 4021 sic
1920 3962 2135 4023 habere
2183 3967 2486 4039 proprium
2527 3967 2685 4039 quod
2728 3965 2860 4023 aliis
2904 3965 3214 4038 speciebus
3254 3965 3333 4022 sit
3359 3957 3810 4022 incommunica-

406 4053 544 4111 bile.

479 4159 908 4237 14.'Proprium
941 4164 1138 4217 autem
1168 4159 1468 4217 accidente
1497 4161 1661 4233 prius
1691 4167 1781 4218 est
1814 4179 1827 4219 :
1876 4179 2061 4235 quan-

407 4249 721 4322 doquidem
745 4250 1016 4306 accidens
1035 4254 1264 4305 tantum
1286 4250 1552 4306 essentia
1577 4251 1922 4321 adjunctum
1945 4256 2055 4323 est,

405 4340 710 4414 proprium
741 4344 936 4396 autem
985 4345 1043 4395 et
1090 4338 1404 4396 essentiale
1446 4345 1503 4395 et
1545 4340 1812 4397 essentia
1844 4342 2056 4413 adjun-

352 4473 357 4477 .
404 4435 565 4486 ctum
595 4434 703 4486 est.

475 4520 562 4575 15.
598 4518 710 4576 Sed
750 4517 945 4591 ipsum
993 4518 1171 4574 etiam
1227 4518 1496 4575 essentia
1539 4519 1885 4589 adjunctum
1919 4537 2053 4592 pro-

400 4607 596 4681 prium
630 4607 927 4664 accidente
956 4611 1047 4662 est
1077 4607 1440 4663 honoratius.
1466 4607 1617 4663 Illud
1642 4609 1798 4665 enim
1832 4609 2053 4665 anima-

2243 4159 2324 4217 ιδ’.
2378 4162 2450 4217 Τὸ
2509 4159 2567 4217 δὲ
2623 4160 2762 4217 ἴδιον
2820 4160 3137 4237 προτερεόει
3200 4165 3299 4217 τοῦ
3356 4154 3763 4237 συμϐεϐηκότος
3794 4167 3846 4237 ’-

2167 4250 2353 4321 ἐπειδὴ
2412 4246 2476 4306 τό
2538 4251 2632 4325 μὲν
2690 4245 3039 4324 συμϐεϐηκὸς
3093 4249 3257 4323 μόνον
3309 4246 3640 4310 ἐπουσιῶδὲς
3684 4244 3807 4309 ἐστι,

2161 4342 2224 4397 τὸ
2255 4339 2314 4397 δὲ
2342 4338 2480 4397 ἴδιον
2507 4341 2597 4396 καὶ
2628 4338 2888 4404 οὐσιῶδες
2918 4340 3009 4396 καὶ
3040 4336 3392 4403 ἐπουσιῶδες.

2236 4521 2313 4578 ιε’.
2350 4518 2527 4578 Ἀλλὰ
2555 4518 2613 4576 δὲ
2643 4519 2773 4575 αὐτὸ
2818 4520 2881 4575 τὸ
2929 4516 3258 4583 ἐπουσιῶδες
3310 4517 3450 4576 ἴδιον
3491 4512 3805 4593 τιμιώτερόν

2162 4608 2271 4664 ἐστι
2339 4613 2436 4664 τοῦ
2492 4604 2903 4683 συμϐεϐηκότος
2935 4650 2950 4663 .
3008 4607 3078 4663 Τὸ
3141 4608 3234 4681 μὲν
3302 4610 3405 4686 γὰρ
3465 4607 3673 4683 ψυχική
3726 4600 3801 4662 τίς

399 4697 475 4754 lis
503 4698 771 4770 quadam
805 4695 1056 4752 facultas
1085 4696 1187 4752 80
1218 4700 1308 4752 est
1345 4713 1473 4768 qua
1504 4696 1753 4753 interius
1784 4697 2048 4754 conside-

2183 4719 2271 4753 ,στι
2329 4695 2554 4771 δύναμις
2609 4696 2761 4760 ἐντὸς
2818 4698 3167 4774 θεωρουμένη
3220 4697 3309 4754 καὶ
3358 4700 3422 4754 τὸ
3472 4695 3615 4759 εἶδος
3644 4711 3804 4771 χαρα-

398 4791 564 4843 ratur
603 4790 660 4843 et
702 4785 958 4858 speciem
990 4785 1258 4858 designat
1301 4802 1404 4841 seu
1438 4790 1595 4842 certa
1624 4787 1878 4858 quadam
1916 4792 2052 4843 nota

395 4876 660 4948 insignit.
683 4875 803 4932 Soli
827 4876 986 4931 enim
1015 4874 1227 4947 speciei
1255 4878 1311 4930 et
1333 4874 1493 4930 omni
1522 4879 1579 4929 et
1608 4876 2047 4948 semperinest:

396 4963 555 5021 unde
582 4964 756 5020 etiam
789 4963 1166 5020 convertitur.
1198 4962 1259 5018 Si
1311 4964 1453 5035 quid
1501 4964 1659 5019 enim
1707 4964 1881 5020 homo
1932 4969 2042 5033 est,

396 5052 620 5108 risibile
649 5058 738 5109 est
770 5070 783 5109 :
832 5058 891 5108 et
928 5051 979 5107 si
1018 5052 1160 5124 quid
1193 5051 1415 5108 risibile
1446 5056 1553 5122 est,
1586 5051 1762 5108 homo
1793 5057 1900 5108 est.
1932 5059 2044 5108 Ac-

395 5140 598 5198 cidens
628 5148 823 5199 autem
852 5141 1216 5197 extrinsecus
1246 5140 1400 5196 circa
1441 5157 1674 5213 corpus,
1705 5148 1764 5197 et
1811 5134 1870 5197 in
1915 5142 2046 5214 ipsa

393 5230 584 5304 magis
616 5235 705 5287 est
736 5230 1065 5303 superﬁcie,
1098 5247 1204 5285 nec
1235 5229 1411 5286 etiam
1455 5230 1565 5286 soli
1606 5231 1821 5303 speciei
1868 5231 2040 5300 inest,

390 5325 457 5376 ut
484 5336 611 5375 eam
635 5320 707 5376 ab
737 5319 870 5375 aliis
897 5320 1204 5392 speciebus
1228 5318 1539 5375 discernat.
1564 5320 1796 5375 Etenim
1819 5337 2041 5393 cygnus

388 5408 629 5481 quidem
687 5407 855 5462 albus
912 5411 1019 5475 est,
1071 5409 1173 5463 sed
1234 5424 1348 5463 non
1407 5409 1584 5463 etiam
1635 5410 2036 5464 convertitur:

387 5494 866 5568 quandoquidem
898 5512 1013 5551 non
1046 5497 1095 5551 si
1127 5496 1269 5568 quid
1300 5495 1522 5564 album,
1556 5496 1665 5552 hoc
1702 5498 1830 5568 jam
1862 5497 2035 5552 etiam

386 5600 610 5658 cygnus
657 5588 764 5639 est.
800 5584 982 5639 Multa
1021 5585 1175 5639 enim
1216 5591 1426 5656 prater
1457 5602 1707 5658 cygnum
1761 5586 2039 5642 animalia

274 5692 279 5697 λ
385 5674 640 5729 volatilia
652 5675 1062 5744 conspeximus
1076 5674 1210 5730 alba
1223 5680 1280 5728 et
1293 5676 1480 5748 magis
1496 5677 1551 5730 in
1566 5676 1687 5731 oris
1702 5676 2035 5731 maritimis.

386 5761 498 5822 Sed
527 5768 586 5822 et
616 5762 719 5820 nix
745 5764 801 5817 et
827 5778 1077 5838 gypsum
1108 5766 1167 5821 et
1195 5761 1310 5821 alia
1338 5764 1526 5821 multa
1554 5781 1682 5840 qua
1713 5766 1848 5826 alba
1875 5769 2035 5839 sunt,

2159 4785 2507 4864 κτηρίζουσα.
2556 4787 2727 4860 Μόνῳ
2778 4786 2882 4862 γὰρ
2936 4784 3169 4863 ὑπάρχει
3216 4791 3297 4860 τῷ
3346 4785 3475 4843 εἷ’δει
3521 4785 3610 4841 καὶ
3657 4778 3802 4838 παντὶ

2158 4876 2249 4930 καὶ
2307 4875 2409 4931 ἀεί’
2470 4876 2587 4932 ὅθεν
2646 4875 2736 4932 καὶ
2792 4874 3144 4953 ἀντιστρέφει.
3204 4877 3301 4931 Καὶ
3360 4877 3463 4954 γὰρ
3524 4872 3576 4930 εἷ’
3614 4896 3665 4930 τι
3717 4871 3799 4925 ἄν·

2158 4966 2397 5041 Θρωπος,
2454 4960 2793 5042 γελαστικόν·
2853 4964 2944 5020 καὶ
3006 4962 3060 5018 εἷ’
3101 4985 3153 5019 τι
3208 4965 3553 5041 γελαστικὸν,
3601 4960 3799 5037 ἄνθρω-

2156 5074 2280 5116 πος.
2337 5055 2407 5109 Τὸ
2466 5052 2525 5109 δὲ
2572 5049 2920 5127 συμϐεϐηκὸς
2975 5052 3127 5115 ἐκτός
3192 5053 3302 5110 ἐστι
3354 5055 3480 5131 περὶ
3526 5052 3591 5108 τὸ
3630 5054 3796 5122 σῶμα,

2155 5141 2265 5211 καὶ*
2302 5142 2438 5218 πρὸς
2497 5142 2665 5212 αὐτὴν
2695 5210 2699 5217 Α
2729 5139 2943 5214 μᾶλλον
2987 5144 3086 5212 τὴν
3146 5136 3486 5220 ἐπιφάνειαν,
3540 5140 3628 5197 καὶ
3684 5132 3799 5193 οὐδὲ

2161 5230 2309 5303 μόνῳ
2364 5235 2444 5302 τῷ
2503 5228 2632 5286 εἷ’δει
2685 5228 2948 5307 ὑπάρχει,
3004 5227 3087 5286 ἵνα
3143 5228 3449 5309 διαχωρίσῃ
3512 5228 3640 5286 αὒτὸ
3695 5228 3793 5281 τῶν

2155 5317 2341 5374 ἄλλων
2402 5315 2584 5377 εἱδῶν.
2642 5318 2741 5373 Καὶ
2796 5319 2897 5395 γὰρ
2959 5317 3151 5382 λευκὸς
3204 5320 3298 5394 μὲν
3332 5322 3361 5375 ὁ
3411 5319 3604 5380 κύκνος
3643 5312 3792 5382 ἐστὶν,

2154 5407 2215 5462 οὐ
2277 5410 2383 5482 μὴν
2446 5405 2503 5463 δὲ
2560 5408 2649 5463 καὶ
2705 5406 3055 5486 ἀντιστρέφει·
3108 5407 3327 5487 ἐπείπερ
3359 5408 3460 5464 οὐκ
3510 5405 3564 5463 εἴ
3596 5427 3646 5463 τι
3676 5402 3791 5459 λευ-

2150 5495 2268 5565 κὸν,
2323 5500 2486 5552 τοῦτο
2533 5493 2641 5568 ἤδη
2697 5496 2788 5551 καὶ
2843 5498 3057 5559 κύκνος.
3119 5494 3314 5553 Πολλὰ
3365 5499 3470 5575 γὰρ
3516 5496 3659 5570 παρά
3708 5489 3790 5545 τὸν

2149 5583 2345 5640 κύκνον
2394 5587 2570 5656 πτηνὰ
2621 5589 2732 5655 ζῶα
2777 5583 3093 5660 κατείδομεν
3146 5585 3312 5642 λευκᾶ
3357 5588 3447 5641 καὶ
3504 5581 3711 5660 μᾶλλον
3742 5577 3789 5632 ἐν

2144 5680 2262 5736 τοῖς
2320 5674 2622 5749 αἰγιαλοῖς.
2676 5674 2856 5730 Ἀλλά
2907 5676 2997 5729 καὶ
3041 5679 3076 5745 ἡ
3137 5677 3303 5753 χιὼν,
3351 5675 3442 5731 καὶ
3493 5678 3528 5744 ἠ
3565 5673 3787 5737 τίτανος,

2148 5763 2238 5820 καὶ
2297 5760 2443 5819 ἀλλὰ
2495 5760 2685 5821 πολλά
2743 5762 2909 5819 λευκὰ
2965 5761 3112 5841 ὄντα,
3164 5763 3263 5822 οὐκ
3309 5763 3411 5822 εἶσὶ
3454 5762 3660 5837 κύκνοι.
3698 5754 3790 5813 Καὶ
