4126 6428
379 422 496 488 749

1752 439 2096 506 l'IPl'l‘OME
2143 447 2450 510 LOGlCA.

3683 470 3802 533 ’150

369 561 506 614 κατὰ
533 565 729 616 τοῦτον
762 560 853 617 οὖν
876 564 966 619 τὸν
1019 563 1180 643 λόγον
1221 565 1449 634 εἰκότως
1488 573 1578 626 καὶ
1609 575 1670 628 τὸ
1701 573 1992 631 ἐπουσιῶδε

370 645 422 668 ,ιδ
690 649 700 668 1
993 659 1020 668 η
1171 651 1199 668 ο
1237 652 1264 668 Ω
1361 659 1370 668 ι

2144 583 2310 654 cygni
2339 602 2450 638 non
2497 591 2656 642 sunt.
2710 589 2777 643 Et
2817 591 3008 660 quoad
3065 590 3215 649 hanc
3271 595 3452 668 igitur
3506 602 3791 661 rationem

370 645 507 703 ἴδιον
539 649 896 724 προτέτακται
927 659 1023 708 τοῦ
1054 651 1490 730 συμϐεϐηκότος.

442 827 524 890 ις’.
566 829 673 882 .Τὸ
760 826 817 884 δὲ
903 827 1253 906 συμϐεϐηκὸς
1332 836 1432 906 τήν
1512 837 1750 916 ἐσχάτην
1831 839 2032 920 εἷ’ληχε

364 915 528 987 ταξιν.
1415 923 1418 926 ’

439 1022 519 1090 ιζ’.
552 1023 623 1076 Τὸ
686 1024 780 1097 μὲν
841 1023 932 1081 οὖν
989 1027 1162 1104 γένος,
1219 1032 1255 1099 ἡ
1318 1030 1550 1111 διαφορᾶ
1602 1034 1693 1089 καὶ
1744 1036 1806 1091 τὸ
1858 1036 2026 1110 εἶδος,

362 1107 602 1182 οὐσιώδη
651 1110 884 1168 πάντοτέ
933 1114 1057 1188 εἰσι,
1107 1114 1259 1174 τὸδὲ
1308 1116 1657 1194 συμϐεϐηκὸς
1690 1122 2025 1191 ἐπουσιῶδες

361 1186 461 1256 ἀεί.
493 1199 562 1253 Τὸ
594 1196 651 1256 δέ
680 1222 743 1276 γε
775 1199 912 1259 ἴδιον
941 1186 1382 1286 ἐπα-μφοτερίζει.

433 1379 505 1448 ιη’
538 1423 552 1436 .
607 1380 706 1435 Καὶ
758 1381 826 1437 τὰ
880 1383 1068 1441 πολλά
1127 1387 1222 1460 μὲν
1296 1387 1628 1454 ἐπουσιῶδές
1683 1391 1823 1448 ἐστιν
1858 1413 1870 1426 °
1935 1396 2019 1451 εὑ-

356 1464 594 1542 ρίσκεται
627 1467 686 1524 δέ
732 1492 837 1526 που
882 1474 972 1528 καὶ
1023 1473 1304 1539 οὐσιῶδες·
1361 1481 1476 1534 οἷον
1528 1480 1580 1535 ἐν
1625 1486 1704 1554 τῷ
1748 1483 2021 1560 ἀνθρώπῳ

356 1553 418 1608 τὸ
467 1561 563 1610 νοῦ
615 1558 706 1612 καὶ
758 1558 1072 1634 ἐπιστήμης
1123 1562 1388 1625 δεκτικόν,
1441 1568 1514 1622 Οὐ
1563 1571 1666 1646 γάρ
1717 1570 1824 1626 ἐστι
1856 1577 2017 1628 τοῦτο

352 1640 604 1721 διαφορά.
656 1650 803 1704 Κατὰ
853 1647 1125 1706 πλειόνων
1175 1654 1277 1729 γὰρ
1332 1653 1510 1727 εἰδῶν,
1563 1640 1793 1724 οὐ’καθ’
1835 1661 1949 1724 ἑνὸς
1979 1665 2014 1732 ἡ

353 1729 606 1812 διαφορά.
665 1737 735 1791 Τὸ
788 1735 846 1793 δὲ
903 1744 998 1795 νοῦ
1055 1741 1147 1796 καί
1202 1742 1515 1818 ἐπιστήμης
1567 1745 1809 1803 δεκτικὸν
1862 1747 2016 1814 ἰδίως

354 1821 505 1914 μόνῳ
533 1828 612 1896 τῷ
661 1826 936 1903 ἀνθρώπῳ
995 1829 1229 1908 ὑπάρχει
1265 1851 1276 1863 ·
1315 1833 1482 1906 μόνος
1529 1836 1629 1913 γὰρ
1665 1838 1693 1892 6
1732 1835 2016 1914 ἄνθρωπος

2143 673 2447 743 pr0prium
2484 675 2661 731 etiam
2695 679 2960 734 essentia
2991 681 3336 752 adjunctum
3360 688 3642 747 accidenti
3657 710 3795 764 pra-

2143 761 2402 830 positum
2434 769 2547 819 est.

2144 888 2147 895 ς
2215 851 2302 904 16.
2334 853 2619 911 Accidens
2652 862 2848 914 autem
2879 865 3242 931 postremum
3293 865 3559 923 ordinem
3618 873 3790 927 sorti-

2138 941 2266 994 tum
2299 946 2407 996 est.

2212 1047 2296 1101 17.
2331 1047 2502 1104 Proin
2561 1066 2748 1123 genus
2808 1055 3045 1126 quidem
3095 1059 3423 1116 differentia
3453 1068 3511 1118 et
3565 1067 3789 1136 species

2137 1149 2371 1207 semper
2393 1143 2534 1194 sunt
2563 1141 2930 1212 essentialia;
2964 1146 3235 1202 accidens
3266 1166 3398 1206 vero
3430 1168 3663 1225 semper
3696 1173 3787 1212 es-

2136 1224 2335 1282 sentia
2363 1243 2377 1293 ;
2411 1227 2757 1299 adjunctum
2790 1236 2917 1288 est:
2951 1235 3254 1307 proprium
3286 1237 3537 1312 denique
3561 1224 3786 1302 utrius-

2135 1328 2248 1384 que
2279 1319 2499 1371 natura
2521 1321 2611 1373 est
2630 1318 2945 1392 particeps.
3417 1323 3420 1326 ’

2207 1404 2292 1458 18.
2325 1405 2395 1460 Et
2425 1405 2662 1478 quidem
2695 1413 2763 1464 ut
2800 1408 3121 1480 plurimum
3153 1414 3495 1484 adjunctum
3547 1423 3636 1474 est
3690 1437 3784 1477 es-

2132 1493 2331 1548 sentia
2357 1513 2369 1561 ;
2397 1497 2685 1568 reperitur
2723 1504 2918 1554 autem
2951 1500 3164 1557 alicubi
3214 1505 3389 1560 etiam
3447 1509 3777 1578 essentiale,

2131 1581 2288 1637 velut
2318 1583 2376 1638 in
2408 1584 2645 1641 homine
2698 1587 3098 1660 intelligentia
3164 1596 3221 1646 et
3260 1593 3518 1650 scientia
3577 1614 3764 1670 capax

2133 1669 2226 1724 8|
2266 1671 2380 1726 Nec
2411 1674 2570 1728 enim
2612 1674 2719 1730 hoc
2740 1676 3066 1733 differentia
3093 1683 3201 1736 est.
3235 1679 3572 1740 Differentia
3602 1669 3776 1742 nam-

2129 1767 2242 1822 que
2273 1752 2343 1807 de
2373 1751 2642 1824 pluribus
2673 1757 3000 1836 speciebus,
3036 1776 3151 1814 non
3205 1761 3278 1817 de
3307 1779 3426 1817 una
3476 1766 3776 1837 (pradica-

2124 1839 2264 1910 tur).
2299 1842 2554 1914 Atquirb
2586 1843 2982 1917 intelligentia
3014 1853 3072 1903 et
3101 1849 3356 1906 scientia
3402 1869 3583 1925 capax
3640 1873 3772 1928 pro~

351 1906 564 1986 δέχεται
593 1913 684 1969 τὸν
738 1914 960 1992 θύραθεν
1003 1923 1128 1974 νοῦν
1172 1922 1264 1975 τὸν
1311 1921 1371 1977 ἐκ
1412 1929 1512 1994 τῆς
1567 1926 1880 1999 μαθήσεως,
1923 1949 1990 1984 κα

406 1999 418 2016 ι
581 2003 595 2016 .
669 2002 684 2016 .
848 2007 859 2016 .
1011 2005 1034 2016 ..
1068 2005 1125 2016 -.

2226 1906 2234 1910 .
2393 1906 2409 1914 -
2775 1906 2809 1917 ν
3412 1906 3424 1907 κ
3641 1906 3739 1928 ρ-

2127 1929 2249 2001 prie
2276 1929 2384 1985 soli
2416 1931 2639 1987 homini
2670 1933 2842 1990 inest.
2893 1935 3065 1992 Solus
3115 1939 3274 1994 enim
3324 1939 3498 1996 homo
3555 1942 3769 2000 intelli-

351 1999 510 2073 μόνος
536 2003 633 2065 τὰς
665 2002 974 2080 ἐπιστήμας
1007 2005 1338 2066 διδάσκεται.

422 2181 503 2238 ιθ’.
562 2182 785 2258 Λέγεται
851 2181 908 2239 δὲ
957 2184 1216 2250 οὐσιῶδες
1265 2192 1401 2263 (και)
1451 2191 1512 2246 τὸ
1559 2197 1805 2248 τοιοῦτον
1855 2192 2010 2284 ἴδιον,

343 2265 427 2323 ὅτι
485 2269 578 2324 καὶ
654 2273 828 2347 παρὸν
900 2275 1060 2344 σώζει
1116 2277 1179 2331 τὸ
1242 2275 1408 2341 εἶδος·
1472 2281 1500 2334 6
1558 2283 1660 2358 γὰρ
1723 2265 2011 2360 ἅνθρωπος

339 2361 500 2412 τοῦτο
544 2356 674 2414 ὅλον
722 2359 835 2416 ἐστὶ
890 2367 1027 2432 ζῶον
1085 2363 1332 2441 λογικὸν,
1385 2369 1604 2439 θνητὸν,
1651 2375 1748 2425 νοῦ
1778 2372 1868 2427 καὶ
1900 2372 2012 2428 ἐπι-

339 2447 560 2518 στήμης
621 2446 865 2504 δεκτίκόν
903 2469 914 2481 ·
974 2453 1065 2506 καὶ
1123 2453 1258 2509 ἀπὸν
1321 2456 1528 2534 φθείρει
1563 2503 1574 2515 .
1637 2457 1700 2513 Εἰ
1773 2461 1849 2533 μή
1908 2463 2011 2538 γάρ

340 2533 577 2611 ὑπάρχει
637 2542 734 2592 νοῦ
794 2539 882 2594 καὶ
961 2540 1270 2616 ἐπιστήμης
1330 2543 1574 2601 δεκτικὸν
1609 2593 1622 2618 ,
1685 2547 1784 2603 οὐκ
1861 2547 2007 2620 ἔσταί

336 2619 656 2700 ἄνθρωπος.
707 2628 857 2682 Ἐπεὶ
893 2620 1038 2704 γοῦν
1087 2633 1150 2687 τὸ
1189 2638 1284 2688 νοῦ
1330 2635 1420 2688 καὶ
1465 2636 1778 2710 ἐπιστήμης
1829 2635 2004 2711 δεκτι-

334 2711 430 2765 κὸν
479 2713 570 2768 καὶ
619 2715 789 2789 παρὸν
845 2717 1005 2787 σώζει
1048 2721 1140 2774 τὸν
1193 2719 1500 2799 ἄνθρωπον,
1547 2725 1637 2779 καὶ
1686 2726 1821 2780 ἀπὸν
1856 2727 2004 2805 φθεί-

339 2819 466 2876 ρει,
529 2799 743 2879 λέγεται
807 2802 866 2860 δὲ
921 2808 1011 2861 καὶ
1075 2809 1197 2872 καθ’
1253 2809 1369 2873 ἐνὸς
1429 2809 1607 2876 εἴδους
1683 2799 2003 2886 μόνου-τοῦ

341 2888 678 2965 ἀνθρωπείου
728 2893 818 2948 καὶ
859 2893 911 2948 ἐν
963 2901 1041 2969 τῷ
1089 2897 1278 2953 ὁποῖόν
1331 2899 1385 2954 τί
1433 2900 1542 2956 ἐστι
1595 2910 1999 2979 κατηγορεῖται·

342 2972 433 3032 διὰ
459 2983 628 3034 ταῦτα
657 2979 920 3045 οὐσιῶδες
953 2980 1090 3039 ἴδιον
1123 2982 1355 3063 εἶ’ρηται.

411 3158 476 3215 κ’.
509 3159 580 3212 Τὸ
611 3155 667 3212 δὲ
713 3157 1034 3235 γελαστικὸν
1081 3159 1221 3218 ἴδιον
1263 3168 1360 3218 τοῦ
1412 3165 1698 3243 ἀνθρώπου
1731 3167 1997 3225 ἐπουσιῶ-

339 3241 428 3308 δὲς
486 3244 615 3305 ἐστι.
675 3250 854 3326 Παρὸν
919 3250 1014 3323 μὲν
1073 3253 1179 3327 γὰρ
1238 3251 1300 3306 οὐ
1358 3241 1557 3323 σώζει’
1617 3257 1706 3310 καὶ
1769 3259 1872 3335 γὰρ
1932 3259 1994 3314 οὐ

336 3336 622 3409 χρήζομεν
675 3343 772 3392 τοῦ
849 3338 1172 3414 γελαστικοῦ
1228 3342 1364 3414 πρὸς
1434 3341 1835 3422 συμπλήρωσιν
1889 3355 1990 3419 τῆς

335 3422 544 3500 φύσεως
599 3426 784 3499 ἡμῶν·
859 3432 957 3481 τοῦ
1007 3425 1064 3482 δέ
1137 3450 1198 3505 γε
1253 3434 1348 3484 νοῦ
1396 3431 1485 3485 καὶ
1536 3432 1846 3508 ἐπιστήμης
1906 3434 1991 3491 δε-

330 3517 519 3568 κτικοῦ
578 3515 862 3591 χρῄζομεν
925 3513 1014 3571 διὰ
1067 3519 1168 3588 τὴν
1240 3514 1429 3589 ἔξωθεν
1482 3526 1678 3598 γνῶσιν
1750 3525 1840 3579 καὶ
1894 3527 1989 3590 τὰς

328 3599 658 3676 ἐπιστήμας,
715 3605 790 3666 ὡς
847 3603 1077 3680 εἷ’ρηταν
1141 3607 1274 3662 ἀπὸν
1322 3605 1380 3662 δὲ
1425 3609 1591 3665 πάλιν
1635 3613 1698 3667 τὸ
1740 3618 1991 3669 τοιοῦτον

327 3689 660 3756 ἐπουσιῶδες
717 3690 856 3748 ἴδιον
909 3694 970 3748 οὐ
1029 3696 1255 3774 φθείρει.
1314 3697 1540 3753 Δύναται
1597 3701 1700 3777 γὰρ
1757 3703 1846 3757 καὶ
1910 3705 1987 3778 μὴ

325 3777 470 3855 ἔχων
525 3782 588 3836 τὸ
639 3781 960 3857 γελαστικὸν
1015 3785 1044 3839 ὁ
1093 3785 1375 3861 ἄνθρωπος
1427 3785 1580 3843 οὐδὲν
1631 3793 1792 3860 ἦττον
1854 3794 1986 3848 εἶναι

326 3869 630 3946 ἅνθρωπος·
686 3873 761 3945 μὴ
817 3870 961 3948 ἔχων
1009 3870 1067 3927 δὲ
1111 3874 1202 3928 καὶ
1254 3876 1317 3930 τὸ
1372 3876 1464 3930 νοῦ
1520 3878 1610 3932 καὶ
1676 3877 1985 3954 ἐπιστήμης

325 3955 569 4014 δεκτικὸν
619 3960 682 4016 οὐ
733 3958 955 4016 δύναται
1001 3964 1133 4017 εἶναι
1193 3960 1501 4038 ἅνθρωπος,
1565 3969 1706 4040 μήτε
1761 3974 1984 4044 γνῶσιν,

327 4050 470 4119 μήτε
499 4047 810 4124 ἐπιστήμην
845 4047 1141 4124 δυνάμενος
1174 4048 1438 4124 δέξασθαι.

393 4315 495 4372 κα’.
563 4312 1082 4390 Παραλαμϐάνονται
1167 4316 1224 4374 δὲ
1277 4319 1366 4375 καὶ
1430 4322 1498 4376 τὰ
1571 4319 1682 4377 ἴδια
1756 4323 1807 4378 ἐν
1863 4332 1978 4389 τοῖς

313 4403 600 4478 ὁρισμοῖς,
634 4408 1104 4481 χαρακτηριστικᾶ
1126 4408 1469 4484 τυγχάνοντα
1496 4414 1604 4466 τῶν
1637 4409 1816 4472 εἶδῶν.
1883 4479 1887 4484 η

400 4582 508 4658 κβ’.
541 4583 639 4638 Καὶ
672 4581 809 4640 ὅπου
849 4586 942 4659 μὲν
978 4583 1118 4642 ἔστιν
1170 4587 1428 4651 οὐσιῶδες
1477 4587 1637 4663 ἴδιον,
1667 4597 1764 4647 τοῦ
1813 4592 1972 4650 ἐπου-

2127 2016 2408 2088 gentiam,
2442 2036 2568 2091 qua
2603 2022 2925 2080 forinsecus
2950 2041 3020 2080 eu
3052 2025 3420 2085 institutione
3466 2034 3575 2098 est,
3635 2033 3775 2088 reci-

2129 2105 2232 2176 pit,
2261 2111 2318 2162 et
2350 2107 2511 2164 solus
2541 2109 2817 2167 scientias
2849 2112 3108 2170 docetur.

2197 2196 2280 2252 19.
2310 2196 2531 2252 Dicitur
2555 2204 2754 2254 autem
2783 2200 3010 2275 (etiam)
3058 2203 3168 2260 hoc
3210 2206 3512 2278 proprium
3569 2225 3786 2271 essen-,

2123 2283 2257 2340 tiale
2291 2303 2304 2340 :
2337 2287 2492 2358 quod
2523 2292 2726 2343 etcum
2755 2290 2941 2358 adest,
2971 2299 3276 2349 conservat
3291 2296 3545 2367 speciem
3568 2297 3767 2366 (homo

2121 2374 2275 2427 enim
2309 2377 2520 2440 totum,
2553 2375 2662 2432 hoc
2717 2381 2807 2433 est
2861 2379 3079 2436 animal
3137 2382 3435 2456 rationale,
3495 2387 3762 2459 mortale,

2122 2461 2560 2535 intellingentia
2591 2471 2649 2521 et
2671 2467 2924 2523 scientia
2943 2474 3233 2542 capax),et
3261 2488 3394 2527 cum
3427 2474 3611 2543 abest,
3631 2492 3761 2532 cor-

2120 2552 2335 2627 rumpi.
2370 2552 2491 2608 Nisi
2522 2555 2678 2610 enim
2712 2556 3112 2629 intelligentia
3151 2564 3207 2614 et
3263 2562 3525 2618 sciencia
3581 2582 3762 2637 capax

2120 2639 2380 2708 exsistat,
2415 2660 2529 2698 non
2560 2644 2669 2699 erit
2700 2644 2894 2701 homo.
2923 2649 3207 2712 Quoniam
3254 2650 3432 2722 igitur
3461 2651 3522 2705 τὸ
3552 2653 3760 2709 intelli-

2116 2727 2326 2797 gentia
2357 2734 2414 2784 et
2443 2731 2703 2787 scientia
2734 2750 2914 2805 capax
2930 2740 2987 2791 et
3015 2753 3150 2792 cum
3207 2739 3392 2810 adest,
3454 2747 3760 2798 conservat

2114 2814 2437 2886 hominem,
2474 2825 2532 2876 et
2564 2837 2698 2876 cum
2735 2823 2918 2889 abest,
2949 2827 3294 2899 corrumpit,
3325 2829 3396 2884 de
3428 2835 3754 2887 unaautem

2113 2905 2292 2960 etiam
2325 2908 2450 2992 sola
2481 2909 2742 2966 humana
2775 2911 2968 2984 specie
2998 2914 3215 2970 dicitur
3239 2921 3297 2972 et
3325 2916 3384 2973 in
3415 2917 3586 2990 quale
3619 2920 3757 2992 quid

2111 2989 2202 3040 est
2232 2987 2584 3058 pradicatur
2616 3007 2629 3044 :
2686 2997 3027 3064 propterera
3084 2996 3396 3053 essentiale
3432 2987 3760 3071 'proprium

2109 3073 2329 3130 dictum
2363 3082 2470 3134 est.
3009 3102 3012 3105 ·
3758 3138 3760 3140 τ

2178 3164 2268 3219 20.
2307 3166 2548 3223 Risibile
2577 3173 2773 3225 autem
2807 3171 3109 3243 proprium
3159 3172 3416 3230 hominis
3448 3181 3536 3231 est
3565 3192 3759 3233 essen-

2104 3249 2196 3306 tia
2243 3255 2609 3325 adjunctum.
2642 3257 2787 3313 Cum
2819 3260 2974 3314 enim
3005 3262 3170 3317 adest
3190 3263 3450 3334 quidem,
3486 3282 3600 3320 non
3619 3283 3754 3322 con-

2107 3348 2298 3401 servat
2330 3343 2578 3416 speclem
2609 3346 2822 3417 (neque
2852 3336 3010 3402 enim
3043 3348 3377 3421 indigemus
3437 3351 3647 3407 risibili
3678 3356 3750 3409 ad

2104 3433 2553 3506 completionem
2587 3439 2807 3488 natura
2841 3441 3075 3491 nostra.
3106 3441 3180 3493 At
3209 3440 3336 3510 ejus
3367 3441 3520 3510 quod
3546 3447 3635 3498 est
3655 3443 3748 3497 in-

2102 3522 2436 3595 telligentia
2468 3526 2525 3578 et
2577 3522 2831 3578 scientia
2885 3541 3066 3597 capax
3123 3527 3459 3599 indigemus
3516 3537 3752 3603 propter

2102 3611 2467 3668 extrincecus
2500 3611 2953 3683 (advenientem)
2985 3615 3251 3670 notitiam
3283 3623 3340 3672 et
3369 3617 3662 3686 scientias,
3689 3624 3754 3675 ut

2101 3700 2319 3755 dictum
2353 3700 2460 3771 est)
2492 3725 2506 3767 ;
2539 3700 2640 3756 82
2671 3700 2882 3756 iterum
2916 3707 3113 3758 autem
3140 3720 3273 3760 cum
3306 3707 3472 3762 abest
3490 3707 3750 3778 ejusmo-

2100 3789 2158 3844 di
2181 3789 2482 3861 proprium
2519 3789 2788 3844 essentia
2839 3791 3204 3861 adjunctum,
3260 3811 3376 3849 non
3430 3798 3754 3869 corrumpit

2098 3878 2422 3951 (speciem).
2458 3882 2658 3934 l'otest
2686 3879 2843 3933 enim
2877 3879 3073 3947 homo,
3105 3881 3337 3938 etiamsi
3365 3899 3479 3938 non
3537 3884 3752 3942 habeat

2094 3965 2156 4019 τὸ
2190 3966 2434 4033 risibile,
2464 3965 2850 4022 nihilominus
2880 3984 3010 4024 esse
3038 3969 3234 4024 homo.
3268 3972 3335 4025 At
3367 3973 3418 4026 si
3446 3971 3508 4025 τὸ
3530 3972 3748 4029 intelli-

2094 4055 2304 4127 gentia
2336 4060 2395 4110 et
2418 4055 2673 4110 scientia
2722 4072 2903 4127 capax
2958 4073 3075 4112 non
3115 4056 3348 4128 habeat,
3386 4077 3503 4116 non
3551 4067 3745 4133 potest

2093 4160 2223 4199 esse
2252 4143 2524 4211 homo,ut
2551 4145 2651 4214 qui
2683 4160 2872 4216 neque
2904 4145 3173 4202 notitiam
3205 4164 3394 4220 neque
3434 4149 3738 4208 scientiam

2092 4233 2349 4304 recipere
2378 4231 2584 4304 possit.

2158 4321 2225 4375 21
2261 4323 2658 4375 Assumuntur
2679 4337 2851 4391 porro
2881 4321 3055 4377 etiam
3089 4324 3322 4396 propria
3353 4325 3412 4380 in
3445 4327 3737 4385 deﬁnitio-

2089 4410 2267 4465 nibus
2299 4413 2364 4464 ut
2391 4425 2519 4480 qua
2551 4409 2774 4481 species
2805 4415 2961 4466 certo
3001 4411 3199 4484 aliquo
3257 4413 3594 4472 charactere
3632 4435 3736 4475 seu

2088 4504 2226 4554 nota
2247 4498 2603 4572 insigniendi
2632 4500 2749 4553 vim
2784 4499 3056 4556 habeant.

2156 4590 2245 4642 22.
2279 4591 2358 4643 Ac
2384 4587 2485 4643 ubi
2535 4587 2772 4659 quidem
2830 4589 3141 4647 essentiale
3171 4596 3260 4648 est
3309 4593 3632 4666 proprium,
3683 4596 3736 4652 ei

309 4666 555 4732 σιώδους
630 4673 977 4748 προκρίνεται
1051 4677 1494 4753 (χαρακτηρίζειν
1581 4680 1680 4756 γὰρ
1762 4676 3546 4755 μᾶλλονι)(Ῑυοάθεεεῄῐίωεᾱάυηοῐυωεεῑρῐιωΐθτῐυιν(ωαεὶε
3575 4684 3733 4742 enim

310 4755 612 4833 δύναται),
667 4761 756 4816 καὶ
816 4762 893 4824 εἷς
946 4764 1038 4818 τὸν
1097 4767 1324 4840 ὁρισμὸν
1381 4771 1543 4823 τοῦτο
1610 4768 1973 4846 παραλαμϐά-

306 4868 463 4902 νεται
498 4865 510 4877 '
571 4848 752 4925 ὥσπερ
823 4850 911 4906 ἐπὶ
984 4857 1080 4907 τοῦ
1133 4855 1418 4932 ἀνθρώπου
1453 4901 1466 4913 .
1526 4857 1766 4934 Λέγομεν
1821 4861 1921 4936 γὰρ
1957 4905 1972 4930 ,

307 4937 635 5010 ’Ἄνθρωπός
712 4939 825 4994 ἐστι
883 4946 1021 4995 υῶον
1084 4941 1306 5018 λογικὸν
1344 4986 1358 5011 ,
1417 4945 1610 5014 θνητὸν
1644 4994 1659 5019 ,
1721 4953 1817 5002 νοῦ
1881 4951 1970 5004 καὶ

308 5027 631 5100 ἐπιστήμης
663 5024 928 5084 δεκτικόν·
970 5030 1059 5085 καὶ
1091 5031 1153 5086 οὐ
1185 5030 1415 5108 λὲγομεν
1450 5033 1788 5108 γελαστικόν.

392 5214 491 5282 κγ’,
544 5209 718 5261 Ὅπου
773 5205 830 5262 δὲ
890 5207 1150 5272 οὐσιῶδες
1202 5207 1341 5266 ἴδιον
1394 5211 1502 5288 οὐχ
1555 5213 1875 5290 εὐρίσκεται,
1906 5217 1969 5271 τὸ

306 5293 644 5358 ἐπουσιῶδες
694 5296 986 5374 εἰσάγεται,
1041 5299 1117 5360 ὡς
1167 5297 1252 5353 ἐπὶ
1301 5304 1398 5354 τοῦ
1440 5299 1616 5356 (ἵππου
1646 5345 1658 5358 .
1719 5304 1964 5380 Λέγομεν

302 5384 434 5462 γὰρ,
484 5387 683 5447 Ἵππος
736 5385 847 5440 ἐστὶ
919 5391 1056 5456 ζῶον
1105 5386 1324 5463 ἄλογον,
1372 5391 1667 5466 τετράπουν
1701 5438 1715 5462 ,
1767 5413 1968 5469 χρεμε-

303 5472 570 5530 τιστικόν.
631 5474 729 5528 Καὶ
783 5473 892 5530 ἔστι
938 5477 1002 5531 τὸ
1059 5479 1471 5552 χρεμετιστικὸν
1522 5475 1657 5535 ἴδιον
1700 5481 1964 5537 ἐπουσιῶ-

307 5559 398 5624 δες
424 5567 524 5618 τοῦ
548 5560 746 5622 τὶππου.

2087 4767 2310 4838 species
2341 4765 2673 4820 charactere
2695 4767 2978 4838 insignire
2999 4774 3233 4840 potest),
3264 4771 3512 4844 ideoque
3542 4773 3600 4827 in
3634 4777 3731 4830 de-

2087 4855 2411 4910 finitionem
2444 4853 2767 4910 assumitur
2800 4872 2812 4909 :
2849 4859 3346 4928 quemadmodum
3379 4861 3438 4914 in
3471 4860 3728 4919 homine.

2082 4944 2342 4998 Dicimus
2365 4942 2734 4998 enim.Homo
2763 4950 2854 5000 est
2884 4945 3101 5002 animal
3134 4947 3434 5014 rationale,
3461 4951 3727 5026 mortale,

2081 5030 2482 5105 intelligentia
2512 5036 2569 5086 et
2598 5032 2854 5088 scientia
2894 5051 3076 5106 capax
3104 5052 3117 5090 :
3147 5052 3252 5091 nec
3292 5036 3547 5093 dicimus
3600 5041 3728 5096 risi-

2080 5121 2215 5177 bile.
2259 5132 2264 5139 '

2148 5211 2237 5266 23.
2273 5209 2378 5264 Ubi
2410 5211 2952 5267 autemessentiale
2991 5213 3294 5285 proprium
3335 5232 3448 5270 non
3507 5219 3724 5289 reperi-

2076 5283 2192 5366 tur,
2228 5299 2286 5354 id
2320 5300 2474 5370 quod
2510 5300 2775 5355 essentia
2808 5283 3154 5372 adiunctum
3186 5310 3296 5369 est,
3320 5283 3722 5379 substituitur,

2079 5395 2143 5442 ut
2174 5390 2231 5442 in
2265 5405 2436 5459 equo.
2470 5389 2730 5443 Dicimus
2761 5390 2938 5444 enim.
2976 5391 3174 5462 Equus
3203 5398 3292 5448 est
3319 5394 3536 5449 animal
3577 5395 3723 5451 irra-

2074 5476 2310 5548 tionale,
2343 5477 2700 5548 quadrupes,
2734 5477 3037 5533 hinniendi
3084 5480 3357 5536 facultate
3387 5484 3719 5553 praditum.

2073 5565 2292 5637 Estque
2311 5564 2373 5617 τὸ
2407 5564 2712 5620 hinniendi
2744 5567 3082 5623 facultatem
3114 5569 3359 5639 habens,
3419 5572 3721 5645 proprium

1988 5645 1989 5648 6
2073 5656 2229 5727 quod
2261 5656 2528 5710 essentia
2560 5655 2694 5727 equi
2728 5656 3072 5727 adjunctum
3101 5663 3208 5714 est.

386 5756 494 5819 κδ’.
527 5764 615 5818 Ἐν
679 5762 774 5839 μὲν
833 5759 923 5818 οὖν
980 5766 1097 5828 τοῖς
1159 5760 1352 5827 ἄλλοις
1412 5766 1572 5836 ζώοις
1631 5765 1962 5836 ἐπουσιῶδες

2091 5809 2093 5811 .
2142 5761 2232 5819 24.
2271 5762 2468 5836 Itaque
2488 5761 2548 5819 in
2561 5761 2783 5820 caeteris
2796 5761 3034 5837 quidem
3049 5765 3404 5826 animalibus
3415 5769 3718 5843 proprium
