4126 6466
381 412 500 481 753

1747 417 2101 483 EPITOME
2145 420 2456 485 LOGIGA.

455 552 707 638 speciem
723 552 1209 638 specialzssimam
1226 573 1468 617 suorum
1486 552 1938 638 individuorum
1957 572 2142 633 genus
2161 572 2278 615 non
2309 574 2443 629 esse,
2475 553 2580 617 sed
2589 555 2794 618 saltem
2813 556 3082 638 speciem.
3111 582 3189 600 —
3220 556 3249 614 i
3262 551 3320 614 7.
3342 549 3774 638 Declarat‘indz

3692 412 3811 479 7M

455 633 641 697 uidua
666 633 911 718 suarum
930 637 1254 717 specierum
1285 638 1536 718 itemque
1580 635 1793 718 species
1828 652 2069 695 suorum
2123 652 2405 718 generum
2435 647 2489 698 et
2546 638 2783 698 omnino
2798 633 3155 718 subaltcrna
3179 651 3396 718 genera
3435 633 3807 718 superiorum

455 734 637 800 usque
772 712 1114 800 supreinum
1141 717 1405 800 adeoque
1424 712 1957 800 omniain/cribra
1981 712 2378 800 superiorum,
2399 727 2457 800 et
2479 726 2755 800 nomenget
2770 716 3168 800 deﬁnitionem
3181 712 3466 800 recipere,
3504 712 3803 800 ’seci‘supe-

385 808 387 810 ’
455 791 638 858 η’ὀνα.
656 791 1012 879 inferiorum
1037 817 1157 858 non
1189 791 1449 879 items—
1474 798 1572 857 18.
1598 791 1839 879 Species
1866 796 2004 879 item
2035 791 2094 855 in
2103 804 2192 855 ter
2216 815 2276 856 se
2291 798 2547 879 inuicem
2579 798 2822 859 collatas
2832 791 3017 879 neque
3026 797 3261 857 nomine
3287 791 3471 875 neque
3508 791 3806 875 deﬁnitio-

455 896 529 939 ne
547 875 1002 940 communicare.
1020 911 1099 924 -
1117 881 1214 941 i9.
1251 877 1379 940 Sed
1395 875 1717 939 communis
1734 876 1964 957 generis
1975 884 2031 937 et
2043 894 2249 937 nomen
2262 875 2666 959 deﬁnitionem
2699 897 2781 940 ea:
2807 875 2982 960 aequo
3006 879 3295 957 accipere.

1017 1214 1274 1274 ΚΕΦΑΛ.
1319 1222 1378 1272 Ρ.

480 1300 613 1382 Περὶ
641 1305 835 1382 γένους
866 1304 956 1362 καὶ
990 1303 1193 1377 εἷ’δους,
1225 1304 1277 1361 ἐν
1309 1302 1355 1379 ᾧ
1383 1302 1474 1361 καὶ
1507 1305 1633 1382 περὶ
1663 1304 1924 1382 σχέσεως.

445 1397 512 1455 α’.
557 1397 633 1452 Τὰ
685 1396 1065 1471 σημαινόμενα
1111 1400 1209 1452 τοῦ
1265 1394 1453 1472 γένους
1508 1392 1740 1471 ὑπάρχει
1781 1390 2031 1471 διάφορα.

376 1485 532 1549 Γένος
589 1485 694 1562 γὰρ
770 1483 987 1560 λέγεται
1062 1483 1154 1539 καὶ
1209 1485 1245 1555 ἡ
1307 1482 1532 1539 ἑκάστου
1604 1485 1706 1553 τῆς
1774 1480 2034 1558 γενέσεως

375 1574 549 1651 ἀρχὴ,
599 1571 707 1629 εἷ’τε
744 1573 852 1628 ἀπὸ
897 1576 997 1628 τοῦ
1052 1571 1344 1644 τεκόντος,
1375 1567 1483 1627 εἷ’τε
1525 1568 1630 1626 ἀπὸ
1685 1576 1786 1639 τῆς
1841 1567 2031 1643 πατρί-

377 1660 490 1726 δος·
553 1658 660 1719 ἀπὸ
715 1660 809 1736 μὲν
859 1665 957 1718 τοῦ
1003 1659 1279 1731 τεκόντος,
1326 1660 1404 1724 ὡς
1452 1658 1577 1716 ὅταν
1633 1657 1893 1732 εἷ’πωμεν,
1939 1658 2030 1714 τὸν

376 1748 581 1808 Ἰούδαν
642 1751 704 1807 ἐκ
751 1747 1129 1826 τοῦ,Ἰσραήλ
1216 1747 1361 1826 ἔχειν
1416 1749 1481 1804 τὸ
1522 1746 1678 1825 γένος
1735 1747 1769 1818 ἢ
1829 1746 1888 1802 ἐκ
1935 1752 2032 1802 τοῦ

376 1836 648 1919 ³Δ6ραάμ.
678 1840 816 1896 ’Δπὸ
869 1837 1073 1910 δὶτῆς
1115 1836 1399 1916 πατρίδος,
1451 1838 1527 1900 ὡς
1600 1834 1726 1893 ὅταν
1776 1832 2027 1912 λέγωμεν

375 1932 467 1988 τὸν
529 1930 742 1987 Παῦλον
799 1928 1013 2007 Ταρσέα
1069 1929 1203 1984 εἶναι
1257 1929 1323 1984 τὸ
1376 1926 1548 2006 γένος.
1583 1928 1729 1985 Ἐκεῖ
1775 1926 1868 2000 μὲν
1927 1927 2029 2002 γὰρ

374 2021 438 2079 τὸ
492 2021 646 2098 γένός
693 2017 867 2076 εἷίτουν
918 2021 956 2090 ἡ
1005 2017 1155 2096 ἀρχὴ
1220 2023 1323 2088 τῆς
1378 2017 1638 2094 γενέσεως
1694 2015 1723 2070 ὸ
1780 2008 2033 2091 Ἃϐραάμ.

375 2112 464 2170 καὶ
516 2112 546 2167 ὁ
587 2107 833 2186 Ἰσραὴλ,
894 2107 1115 2165 ἐνταῦθα
1170 2102 1230 2163 δὲ
1282 2104 1448 2163 πάλιν
1522 2107 1679 2183 γένος
1734 2102 1825 2160 καὶ
1882 2102 2028 2181 ἀρχὴ

376 2199 638 2279 γενέσεως
687 2202 725 2270 ἡ
780 2194 1010 2275 Ταρσός.
1069 2199 1233 2268 Διττὴ
1288 2196 1466 2253 τοίνυν
1525 2197 1560 2266 ἡ
1617 2202 1718 2265 τῆς
1771 2194 2033 2270 γενέσεως

376 2292 550 2369 ἀρχὴ,
582 2291 783 2369 φυσική
837 2310 899 2359 τε
950 2288 1041 2344 καὶ
1086 2288 1337 2361 τοπικήοη
1365 2286 1565 2366 φυσικὴ
1618 2285 1713 2358 μὲν
1761 2286 1798 2354 ἠ
1848 2281 1909 2340 ἐκ
1934 2286 2032 2338 τοῦ

373 2380 650 2452 τεκόντος,
679 2376 883 2447 τοπική
919 2375 978 2433 δὲ
1007 2379 1043 2450 ἡ
1076 2375 1137 2433 ἐκ
1159 2383 1263 2447 τῆς
1291 2374 1576 2453 πατρίδος.

450 2471 518 2547 β’.
550 2469 780 2545 Λέγεται
837 2467 991 2544 γένος
1055 2466 1147 2522 καὶ
1204 2464 1335 2522 αὐτὸ
1379 2464 1444 2520 τὸ
1499 2462 1714 2534 πλῆθος
1757 2466 1865 2519 τῶν
1928 2462 2034 2516 ἀπὸ

2059 1224 2117 1283 Α

2796 1218 3037 1276 CAPUT
3074 1218 3143 1275 X.

2353 1307 2427 1364 De
2453 1324 2656 1378 genere
2684 1312 2738 1365 et
2761 1310 2957 1381 specie,
2988 1308 3086 1365 ubi
3112 1310 3285 1365 etiam
3311 1306 3378 1365 de
3404 1308 3584 1386 schesi

2218 1396 2268 1451 1.
2302 1395 2642 1470 Signiﬁcata
2671 1397 2901 1471 generis
2953 1397 3185 1454 diversa
3211 1401 3372 1454 sunt.
3407 1397 3606 1455 Genus
3636 1393 3794 1453 enim

2144 1482 2366 1541 dicitur
2416 1487 2594 1543 etiam
2644 1486 3036 1560 generationis
3064 1487 3352 1559 cujusque
3414 1486 3793 1559 principium.

2144 1573 2264 1630 sive
2294 1575 2367 1631 ab
2399 1591 2465 1633 eo
2497 1575 2597 1648 qui
2629 1576 2855 1650 genuit,
2887 1575 3008 1632 sive
3037 1594 3072 1633 a
3099 1575 3307 1650 patria.
3340 1576 3426 1632 Ab
3456 1592 3524 1632 eo
3555 1574 3794 1647 quidem

2142 1662 2244 1734 qui
2274 1664 2497 1736 genuit.
2524 1669 2591 1721 ut
2608 1682 2741 1721 cum
2765 1665 3107 1736 dixerimus,
3129 1665 3161 1722 ,ἶ
3169 1665 3349 1735 udam
3369 1664 3583 1721 habere
3603 1680 3793 1735 genus

2140 1768 2210 1807 ex
2239 1752 2418 1809 Israel
2449 1758 2552 1810 aut
2598 1771 2667 1811 ex
2694 1754 3015 1811 Abraham.
3062 1754 3110 1810 A
3139 1753 3328 1826 patria
3372 1769 3528 1821 vero,
3562 1756 3628 1808 ut
3654 1768 3791 1809 cum

2142 1832 2396 1898 dicimus
2413 1841 2662 1898 Paulum
2683 1859 2895 1917 genere
2916 1844 3264 1899 Tarsensem
3282 1858 3432 1898 esse.
3452 1841 3681 1898 Etenim
3707 1840 3789 1898 ibi

2140 1929 2377 2002 quidem
2423 1948 2610 2005 genus
2657 1934 2779 1989 sive
2834 1930 3229 2005 generationis
3282 1931 3639 2004 principium
3696 1932 3790 1988 est

2137 2019 2430 2076 Abraham
2464 2025 2521 2077 et
2550 2021 2749 2091 Israel,
2782 2020 2877 2077 hic
2923 2024 3119 2078 autem
3166 2038 3406 2078 rursum
3437 2021 3659 2078 Tarsus
3687 2037 3785 2095 ge-

2139 2125 2253 2164 nus
2282 2112 2340 2165 et
2370 2109 2725 2183 principium
2773 2109 3169 2183 generationis
3214 2111 3323 2166 est.
3356 2109 3581 2183 Duplex
3606 2097 3818 2184 igitur

2139 2196 2535 2270 generationis
2574 2202 2663 2255 est
2708 2199 3089 2272 principium,
3140 2197 3410 2255 naturale
3455 2201 3514 2255 et
3568 2198 3788 2268 locale;

2141 2287 2411 2343 naturale
2439 2288 2681 2360 quidem
2727 2289 2885 2361 quod
2933 2306 2969 2345 a
3021 2289 3302 2362 genitore,
3351 2287 3535 2345 locale
3570 2288 3727 2360 quod
3757 2306 3793 2344 a

2141 2376 2332 2448 patria
2362 2381 2471 2432 est.

2213 2466 2268 2521 2.
2305 2465 2530 2522 Dicitur
2558 2482 2746 2539 genus
2765 2467 2944 2523 etiam
2971 2466 3097 2540 ipsa
3118 2464 3436 2523 multitudo
3457 2481 3660 2523 eorum
3690 2466 3794 2539 qui

379 2565 506 2635 μιᾶς
576 2558 779 2635 ἀρχῆς,
836 2557 971 2620 καθὸ
1048 2555 1290 2634 σχέσεως
1366 2552 1555 2632 ἔχουσι
1629 2550 1767 2652 πρός
1824 2573 1884 2609 τε
1933 2551 2033 2652 τὴν

2156 2555 2218 2610 ab
2251 2570 2366 2610 uno
2411 2559 2552 2610 sunt
2608 2554 2920 2628 principio,
2969 2558 3261 2627 quatenus
3310 2558 3369 2611 et
3411 2554 3482 2611 ad
3533 2553 3793 2628 primum

375 2649 605 2727 πρώτην
641 2647 824 2724 ἀρχὴν
879 2645 971 2701 καὶ
1017 2645 1154 2721 πρὸς
1209 2640 1496 2716 ἀλλήλους
1546 2636 1762 2704 αὐτούς·
1795 2641 1870 2703 ὡς
1910 2636 2033 2725 ὅταν

2156 2642 2506 2716 principium
2538 2652 2595 2700 et
2640 2645 2714 2701 ad
2765 2661 2828 2701 se
2874 2643 3122 2700 invicem
3176 2645 3273 2701 87
3308 2642 3542 2702 schesin
3571 2660 3675 2700 seu
3704 2660 3794 2701 re-

376 2722 631 2812 λέγωμεν
796 2734 953 2811 γένος
1002 2738 1111 2789 τῶν
1158 2730 1457 2790 Ἰουδαίων.
1509 2726 1609 2787 Καὶ
1655 2728 1756 2807 γὰρ
1801 2729 1853 2784 οἱ
1901 2722 2036 2784 Ἰου-

380 2824 525 2882 δαῖοι
585 2823 773 2902 σχέσιν
822 2821 1013 2900 ἔχουσι
1064 2822 1155 2878 καὶ
1206 2823 1345 2898 πρὸς
1409 2822 1509 2891 τὴν
1568 2820 1795 2896 πρώτην
1856 2817 2035 2895 ἀρχὴν

374 2911 476 2985 τῆς
532 2915 817 2991 γενέσεως,
848 2910 1023 2989 ἤγουν
1053 2913 1146 2968 τὸν
1203 2909 1431 2983 Ἰούδαν,
1464 2909 1515 2984 ἐξ
1574 2908 1636 2965 οὗ
1688 2905 2035 2983 κατάγονται,

376 3004 469 3060 καὶ
498 3005 633 3081 πρὸς
663 2992 953 3074 ἀλλήλους
979 2992 1081 3073 τῆν
1108 3007 1211 3072 τῆς
1242 2999 1570 3077 συγγενείας.

448 3094 520 3169 γ’.
549 3088 893 3163 Ἐκλήθησαν
928 3089 987 3147 δὲ
1013 3092 1250 3168 πρώτως
1295 3090 1386 3146 καὶ
1435 3085 1638 3163 κυρίως
1694 3086 1746 3141 οἱ
1779 3081 2034 3142 Ἰουδαῖοι

379 3183 434 3238 οἱ
482 3181 544 3238 ἐκ
585 3186 683 3237 τοῦ
723 3178 905 3237 Ἰούδα
950 3181 1089 3237 κατὰ
1133 3178 1420 3254 ἀποτομὴν
1468 3181 1575 3233 τῶν
1622 3173 1739 3232 ἀπὸ
1771 3178 1879 3230 τῶν
1933 3170 2033 3230 ἅλ-

378 3269 494 3328 λων
552 3269 907 3345 κεκλημένων
965 3274 1159 3346 γενῶν,
1207 3264 1378 3344 ἤγουν
1437 3269 1544 3321 τῶν
1614 3266 1878 3333 Λευΐτῶν,
1924 3266 2032 3317 τῶν

376 3364 735 3435 Βενιαμιτῶν,
767 3359 857 3415 καὶ
913 3363 1020 3414 τῶν
1053 3355 1265 3414 λοιπῶν
1317 3353 1524 3436 φυλῶν·
1575 3352 1796 3429 ὕστερον
1839 3348 1897 3406 δὲ
1945 3351 2035 3405 καὶ

374 3451 441 3507 τὸ
488 3451 628 3507 ἅπαν
684 3447 838 3515 ἔθνος
892 3453 1000 3504 τῶν
1070 3442 1336 3525 Ἐϐραίων
1402 3441 1658 3502 Ἰουδαῖοι
1728 3436 2036 3514 κατονομά-

379 3544 559 3611 ζονται
609 3536 701 3594 διὰ
743 3539 808 3594 τὸ
852 3544 953 3608 τῆς
1001 3534 1179 3593 Ἰούδα
1215 3534 1397 3616 φυλῆς
1447 3532 1718 3607 ἐπίσημον
1758 3529 1849 3586 καὶ
1882 3530 2037 3606 βασι-

376 3626 557 3686 λικόν.

449 3710 516 3777 δί.
547 3714 776 3780 ’Δλλως
834 3714 895 3772 δὲ
949 3704 1167 3793 λέγεναι
1225 3708 1402 3793 γένος,
1453 3714 1501 3786 ᾧ
1559 3710 1912 3768 ὑποτάσσεται
1970 3706 2036 3789 τὸ

379 3798 544 3882 εἶδος,
595 3808 716 3872 καθ’
747 3805 1053 3881 ὁμοιότητα
1103 3809 1212 3861 τῶν
1265 3801 1570 3879 εἰρημένων
1627 3803 1823 3876 γενῶν.
1856 3796 2032 3882 Ἀρχή

370 3918 432 3953 τε
470 3895 573 3974 γάρ
623 3895 735 3952 ἐστι
791 3896 857 3951 τὸ
901 3898 1150 3951 τοιοῦτον
1203 3893 1354 3971 γένος
1411 3895 1521 3948 τῶν
1583 3888 1667 3968 ὑφ’
1716 3887 1896 3961 ἑαυτὸ,
1943 3881 2036 3942 καὶ

374 3984 620 4064 περιέχει
650 3984 742 4040 καὶ
770 3990 875 4040 πᾶν
904 3982 967 4039 τὰ
992 3981 1210 4054 πλῆθος
1238 3978 1345 4038 τῶν
1377 3980 1468 4036 ὑπ’
1497 3979 1646 4035 αὐτό.

449 4164 508 4222 ε’.
538 4167 757 4240 Τριχῶς
782 4158 874 4218 οὖν
905 4164 1002 4217 τού
1028 4161 1216 4239 γένους
1247 4157 1569 4236 λεγομένου,
1600 4158 1726 4235 περὶ
1755 4160 1853 4213 τοῦ
1908 4156 2029 4234 τρί-

376 4273 476 4310 του
545 4254 664 4315 τοῖς
721 4247 1048 4331 φιλοσόφοις
1103 4250 1132 4304 ὁ
1189 4247 1354 4326 λόγος
1411 4248 1442 4303 ’ὀ
1489 4245 1580 4302 καὶ
1631 4245 2032 4325 ὑπογράφοντες

378 4340 620 4419 λέγουσι·
683 4340 840 4403 Γένος
898 4339 1011 4395 ἐστὶ
1065 4338 1128 4394 τὸ
1179 4337 1316 4393 κατὰ
1382 4335 1654 4395 πλειόνων
1724 4335 1815 4390 καὶ
1872 4331 2030 4413 διαφ-

381 4429 587 4509 ρόντων
621 4433 702 4503 τῷ
732 4426 863 4485 εἷ’δει
895 4427 947 4484 ἐν
977 4431 1059 4500 τῷ
1083 4427 1138 4483 τί
1169 4426 1281 4482 ἐστι
1316 4423 1814 4502 κατηγορούμενον.

449 4520 515 4585 ς’.
548 4519 652 4575 Καὶ
700 4519 764 4575 τὸ
810 4514 955 4581 εἶδος
1002 4514 1061 4573 δὲ
1099 4515 1208 4593 οὔχ
1251 4512 1308 4571 ἓν
1354 4537 1407 4571 τι
1441 4512 1625 4585 δηλοῖ·
1660 4511 1873 4592 λέγεται
1929 4514 2031 4591 γὰρ

270 4584 279 4593 Ι
378 4608 444 4665 τὸ
492 4607 635 4671 εἶδος
675 4606 767 4663 καὶ
824 4605 912 4662 ἐπὶ
941 4612 1041 4677 τῆς
1089 4584 1314 4662 ἑκάστου
1340 4610 1579 4682 μορφῆς,
1611 4584 1749 4668 med
1803 4584 2034 4680 λέγομεν

375 4694 604 4760 εὐειδεῖς
679 4696 998 4774 ἀνθρώπους
1072 4693 1162 4751 καὶ
1238 4690 1519 4756 δνσειδεῖς⁶
1571 4694 1686 4748 οἷον
1751 4693 1779 4748 ὁ
1836 4690 2032 4769 Νιρεὺς

377 4784 614 4860 εὕειδής,
647 4785 678 4841 ὁ
727 4783 988 4862 Θερσίτης
1038 4781 1097 4839 δὲ
1143 4780 1414 4856 δνσειδής.
1460 4782 1561 4837 Καὶ
1615 4781 1680 4836 τὸ
1736 4777 1879 4843 εἶδος
1935 4785 2034 4836 τοῦ

377 4872 699 4950 ἀνδριάντος
726 4870 959 4932 τοιόνδε.
1646 4898 1649 4901 ·

455 4964 515 5033 ζ’.
547 4961 779 5039 Λέγεται
808 4958 955 5024 εἶδος
983 4959 1074 5016 καὶ
1115 4959 1180 5016 τὸ
1225 4959 1559 5034 τασσόμενον
1610 4957 1715 5014 ὑπὸ
1754 4959 1818 5014 τὸ
1874 4958 2033 5034 γένος

377 5051 470 5108 καὶ
527 5051 590 5107 οὗ
647 5054 1029 5128 κατηγορεῖται
1081 5049 1146 5105 τὸ
1201 5049 1359 5124 γένος
1402 5048 1464 5104 ἐν
1503 5051 1583 5121 τῷ
1623 5046 1677 5102 τί
1721 5048 1853 5105 ἐστι.
1902 5044 2035 5121 Περὶ

374 5139 575 5197 τούτου
602 5145 723 5202 τοῖς
749 5137 1074 5218 φιλοσόφοις
1107 5139 1136 5194 ὁ
1167 5137 1353 5215 λόγος.

452 5232 525 5303 η’,
555 5227 710 5284 Ἐπεί
740 5225 799 5284 δὲ
828 5228 885 5284 εὸ
912 5227 1064 5305 γένος
1095 5225 1447 5290 ἀποδιδόντες
1473 5230 1574 5282 τοῦ
1630 5223 1810 5289 εἷ’δους
1865 5225 2035 5300 ἐμνήτ

2059 3956 2106 4025 C

2146 2735 2411 2804 spectum
2461 2731 2721 2789 habent:
2776 2734 2844 2789 ut
2873 2748 3009 2789 cum
3063 2749 3250 2805 genus
3277 2731 3616 2790 JudeeOrum
3646 2726 3796 2789 dici-

2148 2837 2305 2889 mus,
2333 2821 2520 2879 Judaei
2551 2823 2709 2879 enim
2740 2826 2799 2879 et
2828 2822 2900 2878 ad
2930 2822 3190 2894 primum
3221 2820 3577 2894 principium
3603 2823 3791 2890 ortus,

2147 2920 2358 2983 nempe
2382 2911 2414 2968 J
2422 2913 2623 2978 udam,
2651 2929 2685 2968 a
2705 2928 2820 2984 quo
2842 2911 3216 2968 deducuntur
3241 2931 3256 2982 ς
3283 2912 3341 2968 et
3364 2911 3438 2967 ad
3460 2927 3523 2967 se
3541 2910 3792 2969 invicem

2146 2998 2381 3056 schesin
2412 2999 2652 3068 habent,
2701 3017 2832 3057 eam
2864 3018 2993 3074 qum
3022 3001 3085 3056 in
3121 3000 3472 3074 cognatione
3499 2999 3788 3058 consistit.

2216 3089 2269 3144 3.
2304 3088 2587 3145 Caeterum
2619 3089 2810 3162 primo
2839 3093 2898 3146 et
2935 3089 3168 3163 proprie
3193 3088 3385 3146 Judaei
3412 3089 3600 3146 vocati
3628 3092 3788 3161 sunt,

2146 3177 2247 3250 qui
2268 3178 2388 3234 ex—J
2393 3180 2510 3235 uda
2530 3183 2692 3249 sunt,
2714 3183 2780 3235 ut
2801 3181 3252 3252 sejungerentur
3271 3196 3306 3235 a
3325 3177 3640 3252 generibus
3661 3195 3791 3252 quae

2146 3266 2219 3324 ab
2250 3266 2381 3324 aliis
2411 3268 2788 3325 denominata
2833 3272 2993 3337 sunt,
3021 3285 3057 3323 a
3084 3266 3318 3334 Levitis,
3359 3266 3791 3343 Benjaminitis,

2145 3359 2203 3413 et
2230 3357 2456 3414 caeteris
2511 3358 2786 3414 tribulus.
2842 3357 3059 3414 Deinde
3107 3373 3244 3413 vero
3291 3353 3469 3413 etiam
3520 3355 3795 3414 universa

2145 3462 2289 3520 gens
2321 3446 2694 3504 Hebrmorum
2723 3445 2907 3503 Judaei
2938 3444 3335 3520 cognominati
3364 3448 3524 3514 sunt,
3556 3447 3796 3520 propter

2144 3544 2337 3601 tribus
2365 3544 2398 3609 ,Ι
2404 3544 2520 3601 uda
2549 3543 2947 3601 celebritatem
2975 3547 3035 3601 et
3065 3542 3432 3618 dignitatem.

2215 3722 2269 3778 4.
2302 3722 2431 3779 ΑΙίο
2461 3726 2660 3779 autem
2692 3723 2868 3779 modo
2889 3721 3106 3779 dicitur
3128 3738 3336 3796 genus,
3358 3721 3454 3778 cui
3481 3720 3794 3794 subjicitur

2147 3810 2547 3885 species,forte
2558 3812 2887 3868 secundum
2904 3806 3353 3868 similitudinem
3365 3826 3646 3885 generum
3659 3827 3789 3884 quas

2144 3900 2307 3957 dicta
2326 3905 2485 3956 sunt.
2518 3899 2822 3972 Ejusmodi
2846 3900 3005 3957 enim
3034 3915 3225 3972 genus
3243 3904 3302 3956 et
3324 3898 3680 3972 principium
3700 3906 3793 3958 est

2145 4005 2350 4046 eorum
2383 4005 2514 4062 quae
2534 3989 2646 4044 sub
2676 4005 2740 4045 se
2755 3992 2918 4060 sunt,
2941 3991 3000 4045 et
3019 3988 3354 4045 uniVersam
3383 3987 3563 4045 etiam
3594 3987 3793 4047 multi-

2138 4077 2407 4134 tudinem
2438 4078 2700 4134 continet
2728 4094 2931 4133 eorum
2962 4093 3089 4150 quas
3119 4077 3231 4134 sub
3256 4076 3386 4149 ipso
3411 4080 3570 4134 sunt.

2209 4169 2266 4224 5.
2298 4162 2442 4223 Cum
2489 4166 2671 4242 igitur
2719 4181 2907 4238 genus
2954 4163 3146 4221 tribus
3199 4163 3392 4221 modis
3436 4163 3687 4237 dicatur,
3717 4164 3790 4222 de

2138 4256 2312 4315 tertio
2343 4245 2497 4327 apud
2556 4253 2938 4328 philosophos
2992 4269 3185 4310 sermo
3242 4256 3351 4325 est,
3408 4253 3566 4325 quod
3609 4252 3789 4310 etiam

2139 4345 2540 4402 describentes
2571 4343 2813 4399 dicunt:
2847 4341 3046 4399 Genus
3075 4345 3165 4398 est
3205 4341 3364 4414 quod
3395 4340 3466 4397 de
3498 4340 3705 4399 multis
3734 4345 3795 4399 et

2138 4432 2543 4490 differentibus
2571 4430 2763 4504 specie
2792 4430 2851 4486 in
2883 4430 3023 4503 quid
3055 4433 3145 4486 est
3173 4429 3543 4503 praedicatur.

2212 4524 2265 4576 6.
2299 4522 2370 4576 Et
2391 4536 2529 4577 vero
2545 4518 2725 4575 etiam
2739 4518 2966 4592 species
2991 4534 3109 4574 non
3130 4533 3317 4574 unum
3343 4517 3567 4590 aliquid
3597 4517 3789 4576 decla-

2142 4614 2253 4667 rat.
2287 4610 2517 4666 Etenim
2559 4608 2784 4681 species
2817 4607 2994 4664 etiam
3023 4606 3097 4664 de
3142 4607 3430 4679 cujusque
3475 4606 3559 4664 rei
3602 4607 3792 4665 forma

2142 4698 2381 4770 dicitur,
2433 4702 2724 4769 quatenus
2770 4696 3058 4753 formosos
3095 4700 3153 4752 et
3198 4695 3489 4752 deformes
3517 4693 3790 4757 homines

2141 4787 2417 4853 dicimus,
2446 4784 2625 4842 veluti
2644 4784 2854 4841 Nireus
2874 4782 2976 4840 88
3004 4782 3319 4851 formosus,
3341 4781 3670 4840 Thersister
3688 4798 3788 4840 au-

2142 4880 2261 4932 tem
2292 4873 2572 4932 deformis
2597 4891 2611 4929 :
2646 4876 2704 4930 et
2731 4873 2921 4930 forma
2948 4875 3177 4943 statua,
3204 4869 3324 4928 tale
3362 4868 3503 4943 quid
3534 4874 3643 4928 est.

2212 4964 2268 5018 7.
2303 4963 2527 5018 Dicitur
2554 4961 2782 5026 species
2826 4960 3004 5017 etiam
3050 4959 3207 5032 quod
3237 4959 3349 5017 sub
3379 4974 3592 5032 genere
3618 4959 3792 5019 collo-

2145 5056 2313 5110 catur
2343 5056 2401 5107 et
2430 5051 2503 5107 de
2532 5066 2648 5123 quo
2695 5066 2882 5124 genus
2910 5049 2974 5105 in
3002 5050 3145 5122 quid
3192 5053 3283 5106 est
3308 5049 3682 5122 praedicatur.
3712 5053 3794 5107 De

2144 5143 2257 5198 hoc
2288 5139 2658 5213 philosophis
2687 5154 2880 5195 sermo
2909 5143 3020 5196 est.

2215 5231 2271 5286 8.
2332 5228 2621 5296 Quoniam
2679 5232 2877 5285 autem
2933 5243 3120 5300 genus
3177 5227 3521 5290 deﬁnientes
3578 5226 3796 5301 speciei

378 5320 612 5394 σθημεν,
645 5317 909 5381 εἰπόντες·
944 5317 1106 5379 Γένος
1158 5315 1271 5372 ἐστὶ
1320 5317 1385 5372 τὸ
1432 5318 1570 5372 κατὰ
1616 5314 1887 5371 πλειόνων
1946 5317 2033 5372 καὶ

2156 5317 2509 5376 mentionem
2531 5315 2799 5383 fecimus,
2827 5332 2961 5372 cum
2984 5313 3241 5373 diximus
3265 5334 3279 5385 ;
3303 5316 3500 5373 Genus
3521 5320 3612 5374 est
3640 5310 3798 5390 quod

380 5405 747 5486 διαφερόντων
790 5410 872 5480 τῷ
912 5402 1044 5461 εἴδει
1096 5404 1150 5460 ἐν
1197 5408 1277 5478 τῷ
1337 5403 1392 5460 τί
1447 5404 1559 5460 ἐστι
1615 5402 2029 5480 κατηγορούμε-

282 5526 287 5529 τ
376 5514 493 5571 νον,
532 5495 624 5552 καὶ
675 5495 740 5552 τὸ
793 5492 936 5558 εἶδος
993 5492 1422 5573 ὑπογράφοντες,
1470 5493 1562 5549 καὶ
1613 5492 1736 5569 περί
1789 5497 1888 5549 τοῦ
1943 5493 2047 5570 γέ-’

377 5604 507 5649 von:
561 5578 1030 5659 διαλαμϐάνομεν
1077 5580 1237 5647 Εἴδός
1287 5582 1420 5658 eam,
1470 5581 1746 5658 λέγοντες,
1792 5584 1855 5639 τὸ
1901 5602 2028 5639 τασ-
2066 5620 2069 5623 ι

375 5673 606 5748 σύμενον
659 5672 768 5729 ὑπὸ
810 5670 875 5729 τὸ
917 5672 1074 5750 γένος
1116 5672 1207 5728 καὶ
1255 5672 1318 5727 οὗ
1365 5677 1752 5748 κατηγορεῖται
1778 5673 1843 5729 τὸ
1873 5671 2031 5750 γένος

377 5763 435 5821 tv
481 5766 564 5838 τῷ
590 5761 645 5820 τί
702 5762 834 5819 ἐστι’
889 5763 1003 5839 χρή
1061 5758 1367 5843 γιδώσκειν,
1420 5758 1502 5817 ὅτι
1548 5760 1787 5839 καθάπερ
1841 5762 1895 5819 ὲν
1952 5768 2032 5837 τῷ

2140 5411 2213 5465 de
2242 5406 2514 5480 pluribus
2537 5411 2595 5462 et
2610 5403 3014 5461 differentibus
3035 5403 3097 5460 in
3128 5405 3285 5477 quod
3310 5409 3400 5462 est
3423 5404 3794 5479 praedicatur,

2140 5495 2516 5570 speciemque
2545 5493 2942 5573 describentes
2989 5493 3168 5550 etiam
3199 5492 3271 5550 de
3308 5509 3522 5568 genere
3553 5492 3794 5551 disseri-

2140 5603 2275 5642 mus
2308 5603 2322 5654 ;
2356 5583 2657 5641 dicentes:
2703 5582 2937 5655 Species
2983 5587 3074 5639 est
3101 5574 3230 5656 quae
3284 5583 3395 5640 sub
3424 5599 3635 5658 genere
3665 5600 3792 5640 co.-

2140 5675 2385 5740 locatur,
2417 5676 2477 5728 et
2505 5672 2577 5728 de
2605 5688 2723 5744 qua
2750 5686 2938 5745 genus
2967 5671 3027 5726 in
3077 5671 3219 5745 quid
3270 5676 3361 5729 est
3397 5672 3786 5745 praedicatur;

2142 5763 2448 5821 sciendum
2479 5766 2569 5819 est
2594 5759 2749 5833 quod
2781 5760 3279 5833 quemadmodum
3332 5774 3395 5817 1n
3424 5760 3689 5818 oratione
3716 5760 3790 5818 de
