4126 6452
366 355 482 414 755

1623 360 1750 423 NIC
1762 359 2047 424 EPHORI
2091 357 2530 424 BLEMMIDE

3657 365 3774 428 756

361 492 528 559 patre
555 488 733 545 etiam
779 489 938 547 ﬁlius
983 489 1288 549 inducitur
1334 499 1391 549 et
1434 494 1693 551 viclssim
1743 501 1908 568 pater
1945 496 2004 551 in

2143 491 2242 567 rapi
2298 497 2394 548 τοῦ
2446 493 2650 570 πατρὸς
2711 491 2864 570 λόγῳ
2920 490 3011 551 καὶ
3042 494 3069 550 6
3101 494 3217 559 υἱὸς
3276 494 3658 572 συνεισάγεται,
3689 498 3774 552 καὶ

362 577 624 634 oratione
655 579 726 635 de
756 579 874 635 ﬁlio
907 580 1096 652 (pater
1125 583 1279 639 enim
1322 589 1412 639 est
1462 588 1560 656 qui
1594 586 1780 640 ﬁlium
1813 587 2010 656 habet,

363 671 422 721 et
472 666 632 722 ﬁlius
676 668 776 740 qui
827 675 1049 741 patrem
1100 671 1318 741 habet),
1371 676 1575 732 eodem
1620 677 1793 731 modo
1837 676 2011 731 etiam

369 756 430 812 in
453 757 713 815 oratione
743 760 814 815 de
843 776 1054 831 genere
1086 763 1263 818 etiam
1300 766 1544 836 species,
1575 771 1631 822 et
1661 767 1719 822 in
1752 766 2016 822 oratione

371 846 443 901 de
471 847 664 918 specie
695 863 880 919 genus
934 849 1201 906 infertur.
1248 853 1444 909 Genus
1484 855 1640 910 enim
1684 856 1893 926 speciei
1926 860 2017 911 est

369 951 578 1009 genus,
609 941 668 992 et
697 938 922 1009 species
951 941 1181 1010 generis
1205 946 1295 996 est
1318 943 1558 1014 species.
1594 945 1834 1000 Schesin
1857 945 2014 1001 enim

370 1025 442 1080 ad
477 1041 538 1079 se
569 1024 819 1082 invicem
852 1028 1180 1085 naturalem
1213 1030 1451 1087 habent.

438 1133 492 1186 9.
525 1133 786 1197 Quatuor
813 1139 1008 1190 autem
1040 1136 1230 1192 modis
1261 1138 1484 1194 schesis
1514 1140 1765 1197 dicitur:
1801 1147 1902 1197 aut
1932 1159 2018 1199 se-

371 1221 632 1277 cundum
664 1227 869 1288 artem,
897 1227 962 1279 ut
982 1227 1247 1298 magistri
1280 1227 1653 1300 etdiscipuli,
1676 1234 1778 1285 aut
1808 1248 2018 1286 secun-

373 1310 512 1365 dum
547 1310 864 1379 fortunam,
898 1318 961 1368 ut
991 1315 1211 1370 domini
1254 1321 1311 1371 et
1341 1317 1510 1384 servi,
1565 1325 1666 1375 aut
1691 1321 2014 1376 secundum

373 1399 738 1466 electionem,
771 1406 837 1457 ut
881 1403 1053 1459 amici
1107 1406 1178 1459 ad
1232 1407 1509 1479 amicum,
1541 1414 1646 1464 aut
1695 1410 2018 1466 secundum

375 1493 670 1559 naturam,
704 1496 770 1546 ut
800 1492 981 1563 patris
1011 1498 1070 1548 et
1101 1494 1225 1561 ﬁlii,
1259 1501 1317 1550 et
1345 1498 1575 1568 generis
1606 1515 1671 1554 ac
1712 1501 1946 1570 speciei.
2017 1567 2022 1572 .

453 1579 538 1632 10.
564 1579 664 1634 89
688 1581 1190 1644 Quemadmodum
1219 1585 1374 1640 enim
1405 1585 1573 1641 Pater
1590 1587 1696 1642 ﬁlii
1714 1594 1804 1644 est
1820 1605 2020 1656 causa,

381 1666 541 1723 ﬁlius
571 1672 766 1723 autem
796 1669 870 1737 (si
901 1670 983 1726 ita
1012 1670 1184 1727 liceat
1236 1672 1418 1746 loqui)
1445 1682 1722 1733 causatus
1752 1695 1856 1734 seu
1887 1679 2021 1734 eﬂ‘e-

379 1761 512 1812 ctus
539 1775 554 1825 ;
587 1757 672 1813 sic
698 1759 873 1814 etiam
903 1775 1116 1832 genera
1141 1763 1507 1835 propriarum
1535 1766 1860 1838 specierum
1894 1785 2025 1824 cau-

378 1863 476 1915 sae,
509 1848 733 1919 species
763 1853 958 1904 autem
990 1861 1231 1907 causata
1262 1869 1364 1908 seu
1396 1855 1602 1910 effecta
1631 1861 1788 1911 sunt.

449 1936 535 1992 il.
568 1937 1074 2002 Quemadmodum
1099 1945 1295 1996 autem
1322 1943 1552 2014 primus
1583 1945 1780 2014 homo,
1815 1963 2023 2019 nempe

373 2023 580 2091 Adam,
633 2031 798 2096 pater
847 2027 1085 2098 quidem
1137 2028 1371 2098 dicitur,
1406 2039 1644 2104 propter
1682 2036 1836 2107 quod
1873 2036 2022 2092 ﬁlios

375 2111 620 2180 habuit;
656 2113 815 2170 ﬁlius
841 2120 1039 2172 autem
1072 2134 1188 2173 non
1216 2119 1454 2191 dicitur,
1487 2137 1619 2177 cum
1654 2128 1877 2195 patrem
1906 2142 2022 2181 non

375 2201 650 2258 habuerit
673 2219 686 2258 :
711 2203 851 2259 Abel
875 2221 1011 2260 vero
1034 2205 1192 2262 ﬁlius
1215 2209 1452 2280 quidem
1475 2211 2024 2286 dicitur,propterea

378 2292 535 2362 quod
567 2309 600 2346 a
619 2297 783 2364 patre
809 2294 995 2349 Adam
1045 2299 1280 2368 genitus
1313 2303 1441 2367 est;
1488 2306 1651 2377 pater
1679 2307 1874 2358 autem
1907 2321 2022 2360 non

379 2380 598 2436 dicitur
626 2383 1104 2455 quandoquidem
1128 2385 1315 2442 ﬁlium
1348 2405 1464 2443 non
1495 2390 1698 2462 genuit
1725 2409 1737 2460 ;
1766 2392 1901 2448 Seth
1925 2395 2024 2450 de-

381 2470 561 2542 nique
590 2475 646 2526 et
694 2475 858 2542 pater
904 2469 1122 2529 dicitur
1167 2479 1224 2530 et
1269 2476 1464 2545 ﬁlius;
1499 2484 1666 2550 pater
1691 2482 1937 2552 quidem
1962 2487 2028 2539 ut

379 2558 479 2630 qui
510 2558 700 2615 ﬁlium
751 2563 1057 2632 genuerit;
1114 2563 1272 2620 ﬁlius
1327 2583 1461 2622 vero
1510 2574 1574 2623 ut
1631 2571 1732 2642 qui
1765 2587 1834 2626 ex
1864 2576 2026 2644 patre

372 2648 558 2704 Adam
591 2649 669 2704 sit
712 2649 984 2721 genitus:
1017 2651 1101 2707 ita
1132 2669 1274 2709 sane
1326 2655 1501 2711 etiam
1534 2657 1593 2714 in
1624 2659 1938 2730 generibus
1969 2667 2028 2717 et

378 2737 684 2810 speciebus
713 2737 1148 2810 deprehendere
1179 2742 1244 2796 id-
1267 2741 1420 2798 licet.

449 2827 536 2881 12.
558 2827 709 2883 Sunt
728 2827 885 2882 enim
913 2828 1105 2900 prima
1125 2832 1390 2902 quaedam
1415 2837 1474 2888 et
1491 2847 1772 2906 suprema
1792 2854 2022 2907 genera,

377 2931 506 2987 qua:
535 2932 717 2988 supra
745 2933 808 2972 se
838 2915 996 2972 aliud
1029 2934 1214 2990 genus
1245 2937 1361 2976 non
1392 2920 1630 2980 habent.
1663 2925 1794 2981 Haec
1821 2944 2028 2983 vocan-

377 3009 478 3060 tur
523 3005 989 3077 generalissima.
1041 3008 1238 3064 Genus
1289 3009 1446 3065 enim
1490 3013 2026 3082 generalissimum,

381 3095 538 3166 quod
571 3109 706 3148 cum
738 3111 923 3166 genus
950 3095 1030 3151 sit
1058 3113 1175 3151 non
1197 3102 1287 3152 est
1306 3099 1551 3170 species,
1577 3106 1633 3157 et
1663 3120 1843 3174 supra
1872 3109 2025 3176 quod

381 3181 543 3238 aliud
576 3181 808 3254 aliquod
842 3187 1262 3242 transcendens
1293 3203 1479 3259 genus
1509 3207 1622 3245 non
1656 3191 1846 3248 fuerit.
1882 3195 2031 3251 Sunt

2054 1874 2102 1939 B

2124 581 2152 635 6
2201 583 2381 660 πατὴρ
2432 581 2595 638 πάλιν
2658 583 2708 638 ἐν
2768 589 2848 656 τῷ
2903 585 3028 661 περὶ
3080 589 3179 640 τοῦ
3239 585 3383 658 υἱοῦ,
3445 585 3626 661 πατὴρ
3680 585 3774 663 γάρ

2123 668 2263 724 ἐστιν
2313 671 2341 724 ὁ
2389 667 2558 748 ἔχων,
2591 673 2728 744 υἱὸν,
2774 673 2864 727 καὶ
2896 673 2924 727 6
2966 672 3084 736 υἱὸς
3133 675 3161 728 6
3211 669 3355 748 ἔχων
3405 672 3629 750 πατέρα·
3688 675 3772 729 τὸν

2124 758 2284 813 αὐτὸν
2310 759 2512 834 τρόπον
2541 761 2636 815 κᾶν
2666 766 2745 834 τῷ
2773 761 2898 838 περὶ
2946 761 3135 837 γένους
3195 760 3351 836 λόγῳ
3400 761 3492 816 καὶ
3548 764 3611 817 τὸ
3641 761 3777 825 εἶδος

2125 847 2449 925 εἰσφέρεται,
2509 849 2604 904 κάν
2663 854 2744 921 τῷ
2794 849 2919 926 περὶ
2979 847 3156 913 εἴδους
3212 851 3276 905 τὸ
3332 849 3502 927 γένος.
3561 851 3630 906 Τὸ
3677 849 3775 927 γὰρ

2125 934 2280 1010 γένος
2323 934 2498 1000 εἷ’δους
2547 937 2657 992 ἐστὶ
2705 939 2884 1013 γένος,
2937 939 3027 993 καὶ
3083 937 3146 994 τὰ
3202 938 3345 1002 εἶδος
3395 940 3591 1014 γένους
3649 939 3781 995 ἐστὶν

2127 1022 2292 1087 εἶδος.
2329 1025 2528 1102 Σχέσιν
2561 1027 2666 1102 γὰρ
2699 1022 2888 1102 ἔχουσι
2919 1027 3058 1100 πρὸς
3089 1025 3312 1108 ἄλληλα
3353 1031 3605 1108 φυσικήν.

2200 1132 2263 1188 θ’.
2314 1132 2537 1208 Λέγεται
2593 1131 2651 1187 δὲ
2709 1136 2744 1202 ἡ
2805 1134 2991 1210 σχέσις
3053 1139 3357 1211 τετραχῶς·
3419 1135 3456 1203 ἢ
3508 1136 3644 1189 κατὰ
3699 1135 3778 1190 τέ-

2127 1239 2287 1295 χνην,
2377 1220 2557 1297 ὥσπερ
2643 1219 2971 1278 διδασκάλου
3056 1223 3142 1278 καὶ
3233 1226 3499 1296 μαθητοῦ·
3563 1222 3598 1292 ἢ
3657 1225 3786 1278 κατὰ

2126 1307 2324 1383 τύχην,
2357 1309 2433 1371 ὡς
2493 1307 2754 1365 δεσπότου
2800 1310 2890 1366 καὶ
2934 1308 3158 1366 δούλου’
3192 1312 3228 1381 ἢ
3259 1311 3396 1366 κατά
3453 1312 3782 1388 προαίρεσιν,

2129 1396 2205 1458 ὡς
2255 1396 2418 1475 φίλου
2465 1399 2607 1474 πρὸς¹
2651 1398 2834 1477 φίλον·
2869 1401 2902 1469 ἢ
2936 1401 3073 1455 κατὰ
3104 1400 3283 1478 φύσιν,
3316 1401 3392 1462 ὡς
3447 1402 3653 1476 πατρὸς
3701 1400 3786 1454 καὶ

2131 1486 2273 1558 υἱοῦ,
2305 1486 2394 1541 καὶ
2423 1487 2608 1562 γένους
2639 1489 2730 1543 καὶ
2765 1486 2964 1551 εἷ’δους.

2211 1577 2260 1634 ι’,
2292 1579 2495 1652 ’Ὠσπερ
2543 1577 2645 1653 γὰρ
2669 1579 2708 1631 ιὸ
2738 1579 2917 1654 πατὴρ
2967 1572 3139 1640 αἷίτιός
3198 1577 3308 1633 ἐστι
3354 1583 3454 1634 τοῦ
3503 1580 3644 1648 υἱοῦ,
3673 1579 3701 1632 6
3731 1576 3785 1632 δὲ

2131 1663 2249 1726 υἱὸς
2288 1663 2546 1726 αἰτιατός·
2596 1665 2740 1720 οὕτω
2787 1666 2878 1720 καὶ
2919 1667 2987 1720 τὰ
3031 1666 3158 1743 γένη
3207 1672 3315 1722 τῶν
3364 1667 3583 1723 οἰκείων
3636 1664 3782 1722 εἰδῶν

2169 1750 2195 1773 Ἰ
2262 1754 2272 1770 1
2337 1753 2351 1774 9
2506 1753 2519 1772 \
2560 1751 2606 1807 8‘
2677 1751 2727 1774 νδ
2837 1755 2855 1809 ἶ
2996 1754 3006 1771 1

2132 1773 2278 1807 αιτια
2309 1774 2432 1824 εισι,
2461 1774 2530 1808 τα
2594 1773 2618 1809 ε
2649 1771 2766 1825 ειοη
2800 1776 2832 1810 α
2857 1775 3032 1810 τιατα.

2206 1932 2290 1986 ια’.
2322 1934 2525 2009 ’Ὠσπερ
2568 1929 2634 1987 δὲ
2663 1934 2690 1987 6
2721 1936 2939 2007 πρῶτος
2992 1930 3294 2008 ἅνθρωπος,
3323 1931 3504 2010 ἤγουν
3529 1933 3558 1988 6
3592 1931 3787 2006 ’Δδᾶμ,

2130 2021 2312 2096 πατὴρ
2363 2021 2458 2093 μὲν
2512 2020 2746 2098 λέγεται,
2801 2018 2938 2076 διότι
3008 2018 3165 2098 ἔσχεν
3217 2022 3392 2085 υἱοόςο
3445 2023 3560 2084 υἱὸς
3622 2019 3679 2076 δὲ
3728 2020 3786 2075 οὗ

2134 2107 2343 2183 λέγεται
2373 2108 2578 2184 πατέρα
2612 2111 2686 2182 μή
2722 2110 2895 2185 σχών·
2948 2111 2976 2165 6
3024 2108 3082 2166 δὲ
3133 2105 3307 2167 Ἀϐελ
3367 2111 3485 2173 υἱὸς
3547 2111 3640 2184 μὶν
3700 2109 3785 2165 λέ-

2130 2218 2301 2273 γεται,
2345 2195 2485 2253 διότι
2515 2197 2829 2275 γεγέννηται
2875 2200 3024 2276 παρὰ
3064 2201 3268 2277 πατρὸς
3323 2204 3424 2254 τοῦ⁹
3477 2197 3675 2273 Ἀδάμ’
3729 2197 3786 2252 οὐ

2135 2283 2349 2360 λέγεται
2392 2284 2450 2341 δὲ
2479 2288 2682 2363 πατὴρ,
2717 2287 2933 2364 ἐπείπερ
2985 2288 3121 2369 υἱὸν,
3152 2287 3251 2344 οὐκ
3293 2287 3596 2363 ἐγέννησεν·
3651 2288 3683 2371 ’ὁ
3737 2284 3790 2341 δέ

2132 2377 2236 2451 (γε)
2294 2376 2409 2444 Σήθ
2470 2375 2558 2430 καὶ
2616 2377 2798 2453 πατὴρ
2848 2375 3059 2453 λέγεται
3113 2367 3203 2432 καὶ
3260 2378 3397 2450 υἱὸς,
3460 2367 3656 2452 πατὴρ
3699 2376 3788 2450 μὲν

2135 2464 2208 2525 ὡς
2254 2466 2515 2540 γεννήσας
2568 2465 2683 2520 υἱὸν
2732 2466 2822 2520 τὸν
2880 2466 3068 2538 Ἐσὼς,
3102 2466 3218 2528 υἱὸς
3279 2463 3358 2540 δὲ,
3388 2467 3464 2528 ὡς
3521 2465 3787 2542 γεννηθεὶς

2133 2552 2194 2607 ἐκ
2248 2557 2346 2607 τοῦ
2402 2555 2608 2627 πατρὸς
2663 2558 2760 2608 τοῦ
2816 2551 3011 2628 ’Δδάμ·
3065 2554 3209 2610 οὕτω
3269 2552 3336 2625 δὴ
3397 2555 3488 2610 καὶ
3547 2555 3633 2610 ἐπὶ
3688 2558 3788 2609 τῶν

2134 2647 2306 2718 γενῶν
2338 2644 2429 2696 καὶ
2456 2647 2564 2697 τῶν
2599 2640 2756 2698 εἰδῶν
2790 2641 2930 2698 ἔστιν
2966 2644 3161 2720 εὑρεῖντ

2211 2823 2302 2898 ιβ’.
2335 2821 2451 2877 Εἰσί
2511 2823 2617 2900 γάρ
2673 2843 2796 2878 τινα
2851 2822 2979 2899 γένη
3039 2824 3322 2900 πρώτιστα
3379 2823 3473 2880 καὶ
3533 2825 3788 2893 ἀνώτατα,

2141 2912 2218 2985 μὴ
2281 2910 2481 2988 ἔχοντα
2529 2911 2710 2966 ἐπάνω
2769 2911 2945 2967 αὐτῶν
2998 2908 3183 2989 ἕτερον
3240 2911 3422 2987 γένος’
3482 2917 3649 2989 ταῦτα
3702 2931 3789 2965 κα-

2138 2999 2360 3055 λοῦνται
2419 3002 2756 3076 γενικώτατα
2841 3002 2994 3076 γένη.
3057 3001 3422 3057 Γενικώτατον
3482 3001 3586 3077 γὰρ
3645 3000 3790 3076 γένος

2139 3089 2306 3161 ἐστὶν,
2339 3089 2368 3144 ’ὁ
2418 3089 2576 3165 γένος
2608 3091 2666 3144 ὃν
2701 3089 2801 3144 οὐκ
2829 3086 2970 3144 ἔστιν
3022 3087 3186 3160 εἶδος,
3214 3090 3304 3145 καὶ
3355 3090 3494 3166 ὑπὲρ
3526 3091 3555 3145 '6
3589 3088 3686 3145 οὐκ
3740 3087 3793 3142 ἂν

2139 3174 2222 3249 εἴη
2277 3175 2418 3233 ἄλλο
2465 3200 2518 3233 τι
2567 3173 2971 3248 ἐπαναϐεϐηκὸς
3025 3179 3200 3255 γένος.
3253 3178 3374 3234 Εἰσὶ
3441 3178 3498 3235 δὲ
3545 3178 3633 3234 καί
3687 3176 3793 3230 τὶνα

383 3277 579 3331 autem
610 3245 788 3329 etiam
834 3274 1056 3346 species
1103 3245 1369 3347 quaedan
1422 3277 1643 3335 ultimae
1680 3287 1736 3335 et
1765 3282 2021 3356 inﬁnita,

2143 3264 2259 3338 εἷ’δη
2294 3266 2496 3344 ἔσχατα
2524 3266 2614 3322 καί
2652 3269 2954 3339 κατώτατα,
2993 3269 3069 3341 μή
3117 3266 3317 3344 ἔχοντα
3363 3265 3526 3346 ἕτερα
3576 3264 3713 3338 εἷ’δη,
3745 3264 3790 3334 ἐξ

383 3379 510 3435 qua
541 3362 685 3418 alias
716 3363 937 3434 species
977 3380 1091 3418 non
1141 3364 1381 3432 habent,
1433 3383 1559 3438 qua:
1609 3385 1678 3424 ex
1705 3370 1850 3442 ipsis
1879 3372 2028 3429 divi-

382 3452 617 3507 dantur.
650 3451 746 3506 Ηω
786 3456 1070 3507 vocantur
1119 3453 1342 3526 species
1391 3456 1850 3528 specialissimae.
1886 3462 2028 3535 Spe-

380 3539 498 3596 cies
528 3541 632 3596 οο
661 3539 1086 3611 specialissima
1107 3546 1214 3609 est,
1241 3559 1369 3614 qua;
1392 3561 1526 3605 cum
1550 3548 1775 3618 species
1808 3549 1885 3606 sit
1913 3569 2030 3608 non

378 3631 470 3685 est
498 3643 722 3700 genus:
757 3632 814 3682 et
861 3644 1039 3698 quam
1092 3647 1226 3686 cum
1281 3632 1503 3704 species
1554 3635 1652 3706 sit,
1704 3636 1760 3692 in
1803 3640 2029 3710 species

378 3715 633 3795 amplius
663 3715 920 3772 dividere
952 3712 1065 3772 nOn
1099 3735 1455 3790 possumus:
1503 3722 1605 3795 (et)
1637 3741 1764 3796 quae
1797 3728 1867 3783 de
1898 3727 2028 3800 plu-

379 3788 546 3860 ribus
574 3821 640 3858 ac
672 3803 1074 3861 differentibus
1100 3788 1369 3864 inumero
1415 3809 1476 3864 in
1509 3788 1672 3883 quid
1700 3819 1791 3870 est
1820 3788 2028 3888 praedi-

379 3897 564 3949 catur;
599 3893 751 3948 Sunt
781 3899 974 3948 autem
1007 3895 1226 3967 (etiam)
1265 3896 1380 3953 alia
1409 3904 1804 3958 extremorum
1835 3907 2031 3962 media

381 3998 509 4053 quae
541 3981 743 4036 eadem
777 3983 1000 4053 species
1021 3989 1160 4039 sunt
1187 3989 1244 4040 et
1273 4002 1487 4058 genera
1512 4007 1525 4056 ;
1551 3994 2025 4051 antecedentium

309 4061 312 4063 Α
382 4070 619 4142 quidem
653 4071 896 4142 species,
932 4076 1413 4147 consequentium
1443 4084 1640 4136 autem
1671 4098 1904 4154 genera.

456 4161 542 4214 13.
566 4158 854 4214 Dicuntur
875 4177 1006 4216 vero
1029 4161 1151 4218 hac
1174 4166 1387 4232 media,
1410 4182 1625 4238 genera
1645 4170 1984 4228 subalterna
2013 4191 2026 4242 ;

383 4265 498 4303 non
549 4249 705 4320 quod
756 4250 827 4304 de
885 4250 1145 4320 quolibet
1201 4254 1505 4324 quodlibet
1553 4259 2029 4332 elferatur,ejus-

380 4337 633 4408 demque
662 4337 817 4393 idem
867 4339 944 4394 sit
992 4345 1049 4394 et
1085 4357 1271 4412 genus
1318 4348 1374 4398 et
1421 4346 1683 4416 species;
1739 4350 1840 4404 sed
1871 4351 2027 4421 quod

377 4441 564 4497 genus
595 4427 705 4481 sub
737 4427 850 4482 alio
867 4444 1076 4500 genere
1099 4431 1284 4497 ﬁniat,
1309 4437 1366 4487 et
1397 4451 1603 4491 rursus
1631 4436 1737 4493 hoc
1761 4438 1870 4492 sub
1892 4439 2025 4510 alio,

377 4529 444 4569 ac
475 4513 628 4570 inter
661 4532 722 4572 se
776 4515 1023 4572 invicem
1073 4535 1385 4577 commune
1437 4522 1712 4597 habeant,
1759 4532 1822 4581 ut
1851 4526 2024 4583 veluti

378 4601 602 4674 species
632 4604 1049 4675 subjiciantur,
1083 4610 1354 4680 quamvis
1385 4611 1504 4667 sint
1532 4630 1766 4686 genera.

451 4711 537 4764 14.
571 4709 764 4766 Veluti
790 4712 1127 4770 substantia
1152 4715 1411 4788 primum
1440 4723 1497 4773 et
1518 4721 2028 4792 generalissimum

377 4801 466 4854 est
492 4792 700 4871 genus.
732 4801 850 4856 Sub
880 4801 1236 4871 substantia,
1285 4821 1516 4876 corpus.
1550 4807 1844 4864 Dividitur
1873 4811 2028 4867 enim

377 4888 713 4944 substantia
744 4889 803 4944 in
837 4906 1049 4967 corpus
1082 4896 1139 4947 et
1174 4893 1604 4965 incorporeum.
1640 4898 1760 4953 Sub
1791 4913 2031 4972 corpore

378 4974 706 5031 animatum
758 4995 992 5050 corpus.
1042 4980 1270 5038 Rursus
1298 4983 1411 5037 sub
1442 4983 1552 5039 hoc
1583 4987 1842 5044 sentiens
1873 5007 1885 5056 ;
1919 4991 2029 5045 sub

377 5080 494 5135 quo
526 5064 745 5121 animal
771 5083 783 5121 :
819 5069 929 5124 sub
951 5065 1194 5125 animali
1215 5088 1370 5133 vero.
1394 5073 1614 5130 animal
1639 5076 1860 5132 ratione
1891 5094 2032 5148 prae-

374 5152 588 5222 ditum,
622 5155 732 5210 sub
764 5172 879 5226 quo
911 5157 1138 5219 Petrus.
1165 5160 1406 5229 Paulus,
1439 5167 1495 5216 et
1527 5162 1737 5235 reliqui
1771 5166 2026 5237 particu-

370 5239 525 5298 lares
554 5241 846 5312 homines,
877 5247 980 5317 qui
1028 5264 1232 5304 omnes
1275 5249 1578 5306 individua
1622 5254 2023 5310 nominantur.

367 5330 711 5388 Substantia
741 5335 977 5405 quidem
1009 5336 1197 5408 igitur
1217 5355 1406 5410 genus
1427 5345 1540 5406 est,
1564 5346 1628 5396 ut
1659 5342 1880 5398 dictum
1912 5349 2024 5408 est,

365 5419 902 5490 generalissimum,
928 5425 1083 5495 quod
1109 5443 1222 5481 non
1245 5427 1460 5487 habeat
1475 5428 1632 5485 aliud
1657 5448 1844 5503 genus
1867 5434 2022 5505 quod

368 5506 556 5578 ipsam
590 5513 1011 5569 transcendant
1040 5531 1054 5568 :
1090 5515 1264 5571 homo
1310 5517 1405 5572 91
1443 5523 1642 5574 autem
1676 5521 1903 5592 species
1933 5527 2025 5579 est

371 5597 822 5668 specialissima,
841 5603 994 5672 quod
1021 5602 1194 5660 aliam
1224 5607 1478 5677 speciem
1502 5624 1632 5680 quae
1664 5610 1816 5666 infra
1837 5627 1899 5667 se
1930 5613 2026 5666 de-

371 5687 632 5755 scendat,
667 5703 781 5743 non
814 5687 1045 5758 habeat,
1078 5709 1205 5765 quae
1254 5711 1424 5768 porro
1456 5698 1650 5754 media
1680 5705 1820 5756 sunt
1870 5701 2024 5757 inter

1597 5813 1633 5879 ιτ

2139 3356 2314 3411 αὐτῶν
2386 3355 2759 3430 διαιρούμενα.
2817 3362 2993 3412 Ταῦτα
3068 3356 3396 3430 ὀνομάζεται
3483 3355 3792 3413 εἷδικώτατα

2140 3443 2281 3516 εἷ’δη.
2357 3443 2721 3501 Εἰδικώτατον
2780 3446 2881 3522 γὰρ
2939 3444 3081 3508 εἶδός
3142 3445 3306 3518 ἐστιν,
3349 3447 3484 3525 ὅπερ
3522 3443 3681 3507 ἐἶδος
3738 3441 3791 3497 ὃν

2140 3534 2240 3590 οὐκ
2295 3534 2404 3590 ἔστι
2461 3535 2639 3610 γένος·
2671 3535 2762 3590 καὶ
2815 3536 2844 3590 ὃ
2893 3533 3036 3598 εἶδος
3091 3534 3149 3590 ὃν
3209 3535 3310 3590 οὐκ
3367 3537 3427 3592 ἂν
3489 3533 3793 3608 διελοίμεθα

2140 3624 2217 3686 εἰς
2250 3621 2366 3695 εἴδη
2428 3619 2529 3694 ἔτι,
2561 3625 2696 3698 (καὶ)
2723 3624 2787 3679 τὸ
2817 3625 2952 3680 κατᾶ
2983 3622 3252 3680 πλειόνων
3291 3625 3383 3680 καὶ
3439 3623 3791 3704 διαφερόντων

2138 3717 2216 3784 τῷ
2266 3715 2484 3789 ἀριθμῷ
2526 3712 2577 3767 έν
2626 3717 2706 3784 τῷ
2747 3712 2800 3767 τί
2862 3713 2974 3768 ἐστι
3031 3713 3536 3792 κατηγορούμενον.
3569 3713 3686 3769 Εἰσὶ
3741 3708 3793 3764 δὲ

2139 3801 2274 3876 (καὶ)
2305 3799 2449 3858 ἄλλα
2489 3801 2626 3875 μέσα
2651 3823 2760 3856 των
2794 3799 2972 3878 ἄκρων
3008 3800 3125 3873 εἷ’δη
3182 3803 3273 3857 καὶ
3337 3804 3470 3878 γένη
3520 3804 3587 3858 τὰ
3639 3800 3782 3856 αὐτὼ

2141 3888 2257 3961 εἷ’δη
2297 3891 2390 3966 μὲν
2419 3895 2528 3946 τῶν
2580 3891 2688 3967 πρὸ
2736 3890 2930 3963 αὐτῶν,
2966 3892 3097 3966 γένη
3157 3892 3249 3946 καὶ
3303 3896 3414 3968 τῶν
3478 3892 3592 3967 μετ’
3644 3889 3784 3945 αὐτά.

2213 4175 2301 4247 ιγ’.
2345 4162 2692 4247 Λέγεταιδὲ
2747 4179 2916 4229 ταῦτα
2971 4175 3039 4229 τὰ
3095 4175 3231 4248 μέσα
3285 4176 3417 4252 γένη
3481 4169 3783 4243 ὑπάλληλα·

2139 4262 2248 4338 οὐχ
2297 4260 2380 4316 ὅτι
2421 4259 2645 4317 ἕκαστον
2679 4263 2758 4342 ἐφ’
2787 4260 3007 4318 ἕκαστον
3063 4265 3276 4342 φέρεται
3334 4266 3427 4320 καὶ
3482 4269 3579 4321 τοῦ
3633 4262 3785 4316 αὐτοῦ

2136 4352 2199 4405 τὸ
2227 4349 2357 4405 αὐτὸ
2389 4351 2547 4426 γένος
2601 4351 2692 4406 καὶ
2753 4349 2894 4414 εἶδός
2954 4352 3118 4408 ἐστιν·
3179 4351 3305 4408 ἀλλ’
3357 4354 3443 4420 ὅτι
3502 4351 3655 4430 γένος
3705 4348 3784 4404 ὑπ’

2139 4439 2280 4496 ἄλλο
2322 4441 2479 4513 γένος
2535 4439 2705 4511 τελεῖ,
2767 4441 2987 4496 κάκεῖνο
3048 4442 3134 4520 ὑφ’
3190 4439 3399 4520 ἕτερον,
3430 4444 3521 4498 καὶ
3579 4437 3783 4516 ἔχουσιν

2140 4522 2364 4598 ἄλληλα
2445 4530 2626 4584 κοινὸν
2685 4531 2746 4584 τὸ
2808 4530 3127 4595 ὑποκεῖσθαι
3199 4532 3274 4595 ὡς
3344 4530 3462 4603 ε’ίδη
3521 4531 3609 4587 καὶ
3661 4527 3780 4603 γένη

2060 4615 2106 4679 D
2139 4613 2286 4674 ὄντα.

2195 4720 2298 4780 ηδ’.
2333 4724 2457 4778 Οἴον
2489 4725 2523 4793 ἡ
2561 4723 2716 4778 οὐσία
2771 4725 3074 4802 πρώτιστόν
3135 4726 3246 4782 ἐστι
3308 4727 3467 4802 γένος
3506 4724 3597 4780 καὶ
3654 4741 3783 4797 γενι-

2139 4813 2403 4870 κώτατον.
2436 4813 2565 4867 Ὑπὸ
2603 4813 2750 4890 (γὰρ)
2800 4816 2900 4884 τήν
2963 4815 3146 4870 οὐσίαν
3203 4817 3267 4871 τὸ
3323 4821 3501 4890 σῶμα.
3565 4813 3784 4887 Διαιρεῖ-

2137 4903 2420 4976 ταιγάρὴ
2468 4901 2625 4956 οὐσία
2672 4903 2749 4965 εἰς
2794 4907 2955 4976 σῶμα
3009 4905 3100 4958 καὶ
3159 4905 3468 4979 ἀσώματον.
3518 4901 3644 4956 Ὑπὸ
3690 4894 3783 4971 (δὲ)

2137 4991 2199 5045 τὸ
2266 4995 2424 5062 σῶμα
2479 4992 2542 5045 τὸ
2600 4986 2850 5068 ἔμψυχον
2922 4996 3103 5066 σῶμα’
3177 4994 3267 5049 ὑπ’
3315 4994 3443 5049 σύτὸ
3515 4989 3674 5046 πάλιν
3723 4984 3781 5038 τὸ

2139 5079 2473 5150 αἰσθητικόν
2512 5080 2600 5157 ὑφ’
2631 5080 2660 5134 ’ὁ
2692 5081 2754 5134 τὸ
2791 5084 2950 5149 ζῶον·
2987 5081 3088 5136 ὑπὸ
3121 5081 3184 5136 τὸ
3217 5086 3357 5151 ζῶον
3415 5079 3471 5136 δὲ
3522 5079 3584 5134 τὸ
3642 5075 3781 5148 λογι-

2136 5168 2228 5221 κὸν
2280 5172 2441 5236 ζῶον.
2485 5169 2514 5221 ὁ
2564 5166 2866 5243 ἅνθρωπος·
2932 5169 3016 5247 ὑφ’
3046 5170 3075 5224 ὃ
3126 5171 3154 5224 6
3207 5169 3432 5247 Πέτρος,
3492 5169 3521 5222 6
3577 5159 3780 5220 Παῦλος

2136 5257 2225 5311 καὶ
2287 5258 2339 5311 οἱ
2385 5256 2571 5312 λοιποὶ
2611 5259 2747 5312 κατᾶ
2794 5253 2959 5333 μέρος
3016 5256 3314 5334 ἄνθρωποι,
3349 5257 3541 5318 οἵτινες
3597 5248 3778 5323 ὀνομά-

2139 5351 2323 5414 ζονται
2352 5346 2548 5408 πάντες
2579 5345 2775 5419 ἄτομα.
2810 5347 2872 5400 Ἠ
2934 5348 3029 5420 μὲν
3089 5345 3180 5401 οὖν
3232 5347 3387 5403 οὐσία
3440 5343 3590 5422 γένος
3622 5337 3774 5402 ἐστὶν»

2135 5435 2208 5496 ὡς
2278 5430 2509 5509 εἷ’ρηται,
2578 5435 2959 5509 γενικώτατον,
3016 5433 3104 5490 διὰ
3147 5436 3211 5490 τὸ
3273 5437 3350 5510 μή
3407 5430 3550 5509 ἔχειν
3604 5425 3771 5510 ἕτερον

2132 5522 2284 5599 γένος
2332 5508 2540 5592 ταύτην
2593 5508 3021 5594 γέπαναϐεϐηκός·
3083 5526 3110 5578 6
3172 5521 3230 5579 δὲ
3276 5508 3564 5597 τᾶνθριυπος
3641 5508 3772 5570 εἶδός

2132 5611 2270 5665 ἐστιν
2304 5608 2679 5680 εἰδικώτατον,
2711 5609 2801 5666 διὰ
2827 5612 2891 5666 τὸ
2929 5613 3005 5686 μὴ
3039 5609 3185 5688 ἔχειν
3233 5610 3415 5689 ἕτερον
3465 5607 3605 5667 εἶδος
3646 5603 3767 5656 ὕπο·

2135 5694 2390 5770 ϐεϐηκός
2421 5701 2483 5755 τὸ
2534 5697 2592 5756 δὲ
2650 5701 2812 5774 μέσον
2860 5707 2966 5772 τῆς
3019 5700 3205 5766 οὐσίας
3234 5703 3324 5758 καὶ
3351 5704 3447 5757 τοῦ
3477 5693 3766 5771 ἀνθρώπου»
