4126 6444
345 364 462 426 757

1717 361 2070 429 EPITOME
2112 363 2420 428 LOGIGA.

3637 371 3758 434 758

345 493 436 551 καὶ
492 493 617 573 γένη
679 492 769 552 καὶ
828 490 946 566 εἷ’δη
1003 492 1106 554 sici
1159 496 1224 552 τά
1282 493 1416 553 αὐτά
1458 515 1471 530 ·
1527 500 1634 552 τῶν
1698 498 1812 572 μετ’
1869 494 1995 552 αύτᾶ

2115 498 2507 555 substantiam
2539 502 2595 556 et
2623 498 2944 570 hominem,
2972 501 3174 558 eadem
3206 505 3264 558 et
3291 485 3502 576 genera
3531 507 3671 560 sunt
3700 506 3759 560 et

345 583 498 661 γένη,
550 588 659 640 τῶν
709 585 815 662 πρὸ
864 584 1038 641 αὐτῶν
1091 581 1231 657 εἷ’δη.
1280 587 1350 641 Τὸ
1398 586 1500 661 γὰρ
1549 591 1706 660 σῶμα
1751 589 1849 654 τῆς
1905 586 1998 658 μὲν

349 674 536 738 οὐσίας
589 673 756 745 εἶδος,
804 681 901 731 τοῦ
952 673 1009 731 8‘s
1057 676 1311 752 ἐμψύχου
1359 681 1614 749 σώματος
1659 675 1812 750 γένος
1841 695 1852 707 ⁸
1887 673 2001 750 ἔχει

348 764 451 840 γὰρ
482 765 546 818 τὸ
579 764 771 828 ἁπλῶς
819 769 978 839 σῶμα
1027 765 1350 841 τεταγμένον
1402 766 1488 844 ὑφ’
1538 766 1692 821 ἑαυτὸ
1737 765 1800 820 τὸ
1832 761 2002 838 ἔμψυ-

349 873 450 930 χον
484 858 664 926 σῶμα.
695 859 864 909 Τοῦτο
915 851 980 924 δὴ
1030 856 1092 909 τὸ
1139 851 1388 930 ἔμψυχον
1441 851 1581 916 εἶδος
1633 855 1724 926 μὲν
1767 847 1880 908 ἔστι
1907 857 2008 906 τοῦ.

349 948 626 1015 σώματος,
683 944 836 1020 γένος
896 942 952 999 δέ
1004 948 1101 998 τοῦ
1159 944 1510 1013 αἰσθητικοῦο
1569 943 1633 998 τὸ
1691 942 2001 1012 αἱσθητικὸν

347 1028 490 1094 εἶδος
527 1032 622 1106 μὲν
651 1037 747 1087 τοῦ
801 1031 1077 1109 ἐμψύχου,
1128 1032 1285 1108 γένος
1331 1029 1388 1088 δὲ
1437 1037 1534 1087 τοῦ
1567 1033 1736 1101 ζώου·
1769 1031 1833 1085 τὸ
1867 1035 2000 1100 ζῶον

377 1117 498 1184 ἴδος
533 1122 629 1195 μὶν
681 1126 778 1177 τοῦ
827 1121 1166 1194 αἰσθητικοῦ,
1215 1123 1372 1198 γένος
1423 1119 1481 1177 8‘s
1525 1126 1622 1176 τοῦ
1654 1120 1898 1196 λογικοῦσ
1940 1121 2003 1175 τὸ

347 1206 405 1265 δὲ
434 1209 660 1286 λογικὸν
713 1215 874 1282 ζῶον,
926 1212 954 1266 6
1004 1213 1308 1286 ἄνθρωπος,
1359 1209 1501 1271 εἶδος
1553 1211 1646 1283 μὶν
1697 1214 1792 1265 τοῦ
1836 1209 1999 1280 ζώου,

346 1300 522 1357 οὐκέτι
555 1297 614 1355 δὲ
641 1301 794 1375 γένος
822 1305 920 1355 τοῦ
970 1299 1198 1376 Πέτρου,
1230 1300 1320 1355 καὶ
1367 1306 1464 1356 τοῦ
1497 1298 1737 1369 Παύλου,
1771 1298 1862 1354 καὶ
1891 1303 1998 1353 τῶν

346 1389 554 1447 λοιπῶν
583 1389 830 1463 ἀτόμων,
863 1388 991 1446 ἀλλ’
1020 1386 1162 1453 εἶδός
1197 1388 1304 1444 ἐστι
1336 1389 1425 1444 καὶ
1456 1389 1652 1445 αὐτῶν.

422 1659 501 1713 ιε’.
536 1663 642 1712 Τοῦ
677 1657 771 1730 μὲν
824 1655 916 1711 οῦν
965 1657 1129 1726 ζώου,
1176 1656 1319 1720 εἶδος
1373 1657 1607 1733 λέγεται,
1652 1654 1789 1712 διότι
1820 1659 1999 1733 περιέ-

348 1767 504 1825 χεται
535 1748 624 1803 ὑπ’
669 1746 854 1818 αὐτοῦ,
905 1750 1012 1801 τῶν
1065 1743 1124 1800 δὲ
1168 1745 1388 1819 ἀτόμων
1440 1744 1602 1818 εἶδος,
1634 1745 1718 1800 ὅτι
1755 1746 2003 1822 περιέχει

345 1836 498 1892 αὐτά.

420 1926 500 1989 ις’.
561 1924 625 1980 Εἰ
677 1924 778 2001 γὰρ
835 1925 902 1994 ἦν
967 1924 1123 2001 γένος
1182 1928 1288 1980 τῶν
1348 1923 1566 1997 ἀτόμων
1615 1924 1642 1978 ὁ
1694 1921 1996 2000 ἅνθρωπος,

343 2011 461 2085 εἷ’δη
517 2014 576 2070 ἂν
639 2014 891 2090 ὑπῆρχον
945 2015 1014 2068 τὰ
1059 2015 1258 2088 ἄτομα.
1291 2019 1402 2068 Πᾶν
1445 2015 1546 2090 γάρ
1587 2013 1739 2088 γένος
1771 2013 1845 2075 εἰς
1872 2010 1994 2084 ἐἷ’δη

341 2101 650 2181 διαιρεῖται·
711 2105 779 2157 τὰ
835 2100 893 2158 δὲ
951 2099 1066 2174 εἷ’δη
1121 2102 1428 2176 τεμνόμενα
1483 2099 1827 2176 μεταδιδόασι
1867 2103 2000 2176 (καὶ)

338 2199 456 2255 τοῖς
501 2193 552 2264 ἐξ
600 2192 778 2248 αὐτῶν
826 2193 917 2247 καὶ
958 2197 1055 2247 τοῦ
1113 2191 1382 2264 ὀνόματος
1424 2190 1514 2245 καὶ
1562 2196 1661 2246 τοῦ
1714 2192 1948 2267 ὁρισμοῦ
1982 2234 1994 2246 .

338 2281 616 2338 Ὣστεκαὶ
650 2283 678 2336 6
709 2282 942 2357 Πέτρος,
977 2280 1052 2344 εἰς
1086 2282 1270 2356 ψυχὴν
1312 2280 1402 2335 καὶ
1453 2284 1613 2354 σῶμα
1641 2280 1996 2354 τεμνόμενος,

341 2369 624 2446 μετεδίδου
688 2370 749 2426 ἂν
806 2376 922 2435 τοῖς
985 2371 1037 2442 ἐξ
1092 2369 1257 2425 αὐτοῦ
1305 2369 1394 2424 καὶ
1441 2374 1538 2425 τοῦ
1587 2370 1858 2444 ὀνόματος
1906 2372 1996 2426 καὶ

335 2466 432 2516 τοῦ
493 2461 764 2538 ὁρισμοῦ·
823 2459 914 2515 καὶ
971 2463 1038 2529 ἦν
1096 2456 1269 2521 οὕτως
1328 2461 1362 2528 ἡ
1421 2463 1519 2514 τοῦ
1576 2458 1782 2535 Πέτρου
1840 2461 1994 2535 ψυχὴ

335 2549 563 2626 Πέτροςο
623 2549 716 2604 καὶ
768 2549 832 2604 τὸ
891 2552 1052 2622 σῶμα
1106 2547 1271 2604 πάλιν
1335 2549 1559 2624 Πέτροςο
1619 2548 1709 2603 καὶ
1755 2549 1845 2603 τὸν
1899 2553 1995 2603 τοῦ

335 2639 544 2714 Πέτρου
595 2637 745 2714 ὅρον,
795 2636 942 2694 ἀλλὰ
991 2635 1057 2706 δὴ
1107 2633 1196 2692 καὶ
1248 2638 1340 2692 τὸν
1387 2641 1484 2691 τοῦ
1531 2637 1814 2714 ἀνθρώπου
1852 2637 1998 2714 παρᾶ

339 2729 505 2804 μέρος
579 2726 915 2803 ἐκληροῦντο
985 2726 1284 2804 ἀμφότεροι
1321 2767 1334 2780 .
1395 2730 1502 2780 Νῦν
1569 2723 1627 2782 δὲ
1679 2731 1839 2782 τοῦτο
1898 2726 1997 2782 οὐκ

338 2813 502 2871 ἐστιν.
565 2814 665 2870 οὐκ
721 2815 823 2890 ἄρα
875 2812 1029 2890 γένος
1087 2815 1116 2869 6
1174 2815 1474 2890 ἄνθρωπος,
1533 2813 1661 2870 ἀλλ’
1717 2812 1857 2878 εἶδος
1918 2815 1994 2878 εἰς

339 2902 522 2977 ἄτομα
548 2901 950 2980 διαιρούμενον.

413 2995 494 3062 ιζ’.
525 2993 707 3048 Πάντα
750 2990 808 3047 δὲ
847 2992 914 3047 τά
961 2993 1140 3066 ἅτομα
1185 2991 1274 3047 καὶ
1322 2992 1386 3047 τὸ
1426 2987 1604 3065 ὄνομα
1631 2992 1722 3047 καὶ
1747 2993 1839 3047 τὸν
1873 2993 1988 3067 ὁρι-

340 3082 479 3156 σμὸν
533 3087 644 3137 τῶν
724 3081 939 3137 οἰκείων
999 3079 1156 3136 εἰδῶν
1226 3078 1536 3143 ἀνελλιπῶς
1595 3079 1990 3157 ἐπιδέχονται,

340 3171 404 3226 οὐ
465 3172 574 3244 μὴν
626 3168 770 3227 ἀλλὰ
823 3171 912 3226 καὶ
972 3171 1144 3225 αὐτῶν
1193 3175 1300 3226 τῶν
1348 3175 1537 3246 γενῶν.
1600 3171 1872 3233 Ὡσαύτως
1932 3169 1989 3227 δὲ

333 3260 424 3316 καὶ
465 3232 544 3316 ’τά
596 3257 710 3330 εἷ’δη
764 3265 870 3315 τῶν
921 3263 1116 3335 γενῶν,
1164 3259 1254 3314 καὶ
1301 3232 1373 3314 τᾶί
1399 3257 1697 3330 ὑπάλληλά
1724 3260 1986 3335 γένητῶν
2020 3232 2064 3299 C

335 3349 592 3426 ἀνωτέρω
649 3354 820 3425 γενῶν
877 3345 984 3412 ἕως
1039 3353 1137 3403 τοῦ
1189 3349 1590 3424 γενικωτάτου’
1650 3347 1739 3403 καὶ
1800 3347 1990 3410 ἁπλῶς

335 3438 528 3509 εἰπεῖν,
584 3439 652 3493 τὰ
697 3438 790 3511 μὲν
838 3438 1091 3493 ὑποκάτω
1145 3432 1486 3510 λαμϐάνουσι
1535 3441 1642 3491 τῶν
1695 3434 1806 3491 ἄνω
1849 3439 1990 3491 πάν-

334 3549 444 3583 των
473 3525 782 3590 άνελλιπῶς
822 3527 911 3582 καὶ
960 3527 1027 3582 τὰ
1067 3525 1309 3600 ὀνόματα
1336 3528 1425 3582 καὶ
1453 3526 1580 3589 τοὺς
1612 3525 1895 3603 ὁρισμούς·
1927 3527 1994 3580 τὰ

340 3616 520 3672 ἐπάνω
551 3622 660 3672 τῶν
696 3615 951 3671 ὑποκάτω
981 3613 1094 3672 οὐδ’
1123 3616 1392 3673 ὁπωσοῦν.

414 3707 504 3776 ιη’.
557 3704 716 3761 Ἀλλ’
774 3702 900 3760 οὐδὲ
944 3705 1013 3759 τὰ
1068 3701 1184 3775 εἷ’δη
1236 3708 1591 3759 κοινωνοῦσιν
1630 3701 1990 3775 ἀλλήλοις,ἢ

333 3796 476 3851 κατὰ
530 3793 661 3858 τοὺς
715 3792 897 3870 ὅρους,
1049 3795 1185 3848 κατὰ
1237 3793 1307 3849 τὰ
1355 3792 1613 3866 ὀνόματα.
1660 3793 1758 3848 Καὶ
1809 3795 1913 3870 γὰρ
1963 3795 1991 3848 ὁ

334 3885 626 3960 ἄνθρωπος
675 3880 867 3938 οὔποτ’
910 3881 969 3936 ἂν
1015 3879 1188 3944 ἵππος
1236 3880 1494 3954 κληθείη,
1544 3881 1579 3950 ἥ
1631 3882 1659 3936 6
1699 3879 1870 3943 ἵππος
1911 3878 1993 3937 ἅν-

331 3975 580 4050 θρωπος.
633 3968 767 4027 Οῦτε
810 3969 868 4027 δὲ
897 3971 924 4025 ὁ
969 3975 1068 4026 τοῦ
1111 3968 1286 4025 ἵππου
1330 3968 1456 4045 ὅρος
1507 3969 1732 4045 ἁρμόσει
1783 3975 1861 4042 τῷ
1901 3971 1992 4025 ἆν-

334 4062 568 4138 θρώπῳ,
599 4060 636 4130 ἢ
669 4061 696 4115 6
720 4065 820 4115 τοῦ
852 4060 1142 4135 ἀνθρώπου
1189 4063 1268 4130 τῷ
1308 4056 1486 4130 ἵππῳ.
1528 4059 1626 4113 Τὸν
1658 4059 1762 4134 γάρ
1793 4056 1992 4136 ἅνθρω-

329 4172 441 4207 πον
499 4147 676 4211 οὐδεὶς
709 4151 844 4204 εἶναι
903 4149 1034 4228 φαίη
1093 4148 1150 4202 ἂν
1214 4152 1349 4218 ζῶον
1405 4145 1627 4223 ἄλογον,
1672 4149 2027 4224 τετράπουν,.

329 4239 775 4317 χρεμετιστικόψ
827 4239 863 4308 ἢ
913 4239 1004 4293 τὸν
1045 4235 1236 4308 ἵππον,
1293 4241 1429 4306 ζῶον
1483 4235 1727 4311 λογικὸν,
1773 4238 1988 4310 θνητὸν,

325 4335 432 4386 νοῦ
462 4329 553 4385 καὶ
587 4328 899 4402 ἐπιστήμης
931 4325 1194 4383 δεκτικόν.

411 4419 496 4483 ιϐ’.
555 4423 662 4473 Τοῦ
715 4415 773 4472 δὲ
829 4421 1017 4473 κοινοῦ
1075 4417 1267 4492 γένους
1313 4415 1404 4469 καὶ
1447 4415 1510 4469 τὸ
1559 4409 1734 4487 ὄνομα
1778 4414 1867 4468 καὶ
1899 4415 1988 4469 τὸν

326 4506 464 4580 ὅρον
526 4508 593 4562 τὰ
649 4504 767 4577 εἴδη
827 4505 1020 4576 ἐπίσης
1075 4500 1467 4578 λαμϐάνουσιν·
1528 4501 1590 4558 οὐ
1637 4503 1700 4558 τὸ
1751 4503 1845 4576 μὲν
1884 4509 1992 4558 τῶν

2115 588 2402 670 species;
2458 591 2942 666 consequentium
3001 607 3235 664 genera,
3285 592 3757 650 antecedentium

2115 680 2356 750 species.
2391 681 2616 752 Corpus
2647 681 2803 736 enim
2851 681 3196 737 substantiae
3231 681 3468 754 quidem
3502 684 3755 755 species;

2115 770 2355 825 animati
2417 775 2610 826 autem
2674 771 2933 842 corporis
2995 787 3183 843 genus
3240 775 3348 827 est.
3405 772 3762 845 Simpliciter

2115 860 2269 916 enim
2302 877 2514 932 corpus
2547 860 2658 915 sibi
2698 861 3027 930 subjectum
3075 860 3248 916 habet
3277 861 3602 918 animatum
3634 879 3759 918 cor-

2114 967 2245 1022 pus.
2270 950 2390 1006 Hoc
2420 967 2589 1022 porro
2613 949 2939 1004 animatum
2963 949 3222 1022 corporis
3243 950 3480 1022 quidem
3513 953 3758 1024 species,

2114 1039 2421 1096 sentientis
2460 1055 2594 1094 vero
2646 1055 2832 1111 genus
2878 1042 2985 1094 est.
3019 1039 3290 1095 Sentiens
3337 1040 3578 1096 animati
3629 1040 3760 1113 qui-

2114 1128 2244 1183 dem
2278 1126 2522 1198 species,
2556 1127 2657 1182 sed
2699 1126 2970 1182 animalis
3000 1143 3186 1199 genus
3217 1132 3324 1183 est.
3358 1128 3594 1185 Animal
3627 1145 3760 1187 sen-

2113 1201 2313 1270 tientis
2343 1215 2582 1286 quidem
2624 1217 2868 1287 species,
2901 1215 3125 1272 ratione
3157 1220 3351 1273 autem
3399 1218 3625 1289 praediti
3656 1235 3761 1291 ge-

2113 1321 2226 1360 nus
2257 1309 2364 1361 est.
2399 1305 2663 1377 Denique
2692 1305 2916 1361 ratione
2940 1306 3252 1376 praeditum
3292 1305 3531 1373 animal,
3563 1307 3760 1376 homo,

2113 1393 2337 1466 species
2368 1394 2606 1466 quidem
2637 1392 2930 1464 animalis,
2959 1395 3060 1450 sed
3094 1411 3208 1449 non
3242 1395 3497 1466 amplius
3522 1395 3676 1452 Petri
3707 1401 3766 1453 et

2117 1482 2278 1539 Pauli
2319 1486 2376 1539 et
2420 1481 2782 1554 reliquorum
2828 1481 3266 1538 individuorum
3296 1499 3484 1556 genus
3515 1489 3628 1557 est,
3659 1485 3761 1542 sed

2113 1572 2288 1627 etiam
2321 1572 2661 1628 eorumdem
2694 1575 2783 1627 est
2812 1571 3054 1643 species.

2187 1662 2274 1718 15.
2305 1661 2477 1717 Proin
2513 1660 2787 1716 animalis
2819 1660 3055 1731 quidem
3101 1661 3324 1734 species
3354 1661 3590 1731 dicitur,
3623 1662 3765 1735 quia

2113 1749 2450 1806 continetur
2504 1751 2575 1806 ab
2625 1766 2726 1817 eo;
2781 1749 3221 1806 individuorum
3269 1754 3466 1808 autem
3514 1751 3761 1824 species,

2031 1866 2079 1931 B
2114 1839 2255 1910 quia
2285 1838 2541 1931 continet
2566 1838 2714 1931 ipsa.

2184 1928 2270 1983 16.
2308 1927 2369 1982 Si
2411 1927 2570 1982 enim
2614 1926 2790 1982 homo
2847 1925 3283 1983 individuorum
3342 1944 3529 2000 genus
3585 1933 3762 1998 esset,

2110 2016 2415 2072 individua
2471 2015 2697 2087 species
2755 2019 2971 2072 essent.
3004 2015 3189 2072 Omne
3246 2016 3403 2072 enim
3460 2033 3648 2090 genus
3703 2019 3763 2073 in

2109 2106 2335 2178 species
2392 2104 2700 2172 dividitur;
2753 2105 2978 2176 species
3031 2111 3227 2160 autem
3277 2122 3409 2161 cum
3470 2111 3763 2178 secantur,

2108 2196 2210 2252 92
2243 2195 2336 2250 his
2367 2211 2494 2266 quae
2525 2210 2594 2249 ex
2650 2193 2796 2265 ipsis
2828 2199 2970 2249 sunt
2998 2198 3057 2250 et
3109 2211 3322 2250 nomen
3361 2199 3418 2251 et
3465 2196 3763 2252 deﬁnitio-

2108 2299 2243 2340 nem
2271 2281 2638 2354 impertiunt.
2673 2285 2863 2348 Quare
2902 2282 3106 2338 Petrus
3154 2284 3256 2355 qui
3305 2283 3366 2338 in
3414 2283 3672 2340 animam
3703 2289 3762 2342 et

2107 2387 2319 2444 corpus
2349 2375 2602 2440 secatur,
2637 2371 2730 2427 his
2761 2389 2886 2437 quae
2937 2388 3006 2427 ex
3058 2389 3120 2427 se
3169 2377 3310 2428 sunt
3355 2379 3413 2428 et
3459 2389 3673 2429 nomen
3705 2377 3764 2430 et

2107 2461 2506 2518 definitionem
2556 2461 2928 2533 impertiret:
2973 2465 3030 2517 et
3080 2462 3163 2516 sic
3213 2462 3411 2517 anima
3457 2462 3609 2518 Petri
3657 2463 3760 2519 Pe-

2107 2556 2254 2616 trus,
2306 2555 2363 2606 et
2418 2567 2654 2606 rursum
2719 2566 2934 2622 corpus
2991 2551 3198 2606 Petrus
3255 2555 3456 2608 esset:
3489 2555 3546 2608 et
3602 2551 3757 2609 Petri

2107 2639 2546 2707 definitionem,
2602 2639 2744 2710 quin
2803 2645 2862 2694 et
2918 2639 3178 2696 hominis
3233 2639 3534 2713 sigillatim
3591 2645 3757 2697 utra-

2105 2745 2219 2800 que
2249 2728 2596 2801 acciperent.
2629 2729 2805 2800 Atqui
2853 2728 2963 2784 hoc
3010 2745 3125 2784 non
3155 2733 3272 2796 est;
3307 2746 3424 2785 non
3471 2745 3608 2802 ergo
3656 2729 3757 2786 h0-

2104 2835 2200 2874 mo
2230 2833 2416 2890 genus
2446 2821 2554 2890 est,
2587 2817 2687 2874 sed
2728 2817 2954 2889 species
2985 2833 3114 2888 quas
3165 2818 3226 2873 in
3275 2817 3578 2874 individua
3605 2819 3753 2875 divi-

2105 2907 2282 2964 ditur.

2174 2995 2262 3049 17.
2296 2994 2505 3050 Omnia
2541 2999 2737 3050 autem
2787 2993 3089 3051 individua
3116 2999 3174 3050 et
3202 2993 3422 3051 nomen
3445 3000 3502 3052 et
3548 2997 3754 3053 defini-

2102 3083 2322 3139 tionem
2344 3083 2716 3155 propriarum
2748 3083 3095 3155 specierum,
3120 3083 3262 3156 quin
3289 3088 3346 3140 et
3365 3083 3629 3156 ipsorum
3660 3101 3757 3156 ge-

2102 3189 2309 3228 nerum
2330 3173 2454 3228 sine
2472 3173 2700 3228 defectu
2719 3171 3029 3244 recipiunt.
3047 3173 3260 3228 Eodem
3272 3189 3406 3229 vero
3425 3174 3598 3230 modo
3613 3179 3756 3232 sunt

2102 3261 2328 3334 species
2359 3278 2639 3334 generum
2671 3265 2728 3318 et
2755 3278 2970 3334 genera
3012 3261 3354 3318 subalterna
3381 3264 3754 3335 superiorum

2103 3367 2386 3424 generum
2420 3367 2606 3422 usque
2635 3351 2706 3406 ad
2731 3349 3264 3421 generalissimum.
3298 3352 3366 3407 Et
3394 3356 3460 3407 ut
3478 3352 3758 3426 simplici-

2102 3444 2194 3495 ter
2221 3440 2435 3505 dicam,
2469 3439 2745 3495 inferiora
2774 3439 3013 3510 quidem
3063 3439 3436 3511 superiorum
3487 3441 3755 3498 omnium

2103 3533 2161 3584 et
2191 3529 2432 3584 nomina
2462 3533 2520 3584 et
2547 3527 2915 3601 definitiones
2955 3528 3177 3600 absque
3217 3529 3575 3585 detractione
3600 3531 3752 3587 acci-

2103 3617 2275 3688 piunt
2309 3632 2322 3670 :
2356 3615 2661 3688 superiora
2689 3619 2886 3671 autem
2916 3616 3260 3672 inferiorum
3291 3616 3452 3673 nulio
3484 3619 3678 3674 modo.

2176 3703 2261 3758 18.
2297 3704 2407 3760 Sed
2463 3720 2650 3775 neque
2696 3719 2978 3776 generum
3035 3703 3258 3776 species
3315 3707 3755 3763 communicant

2101 3792 2374 3860 invicem,
2398 3791 2485 3848 vel
2518 3793 2709 3863 quoad
2741 3792 3130 3862 definitiones,
3153 3792 3241 3849 vel
3273 3795 3462 3865 quoad
3490 3795 3750 3853 nomina.

2058 3949 2062 3951 ἒ
2101 3881 2414 3953 Nunquam
2446 3878 2603 3936 enim
2644 3881 2818 3936 homo
2858 3898 3044 3953 equus
3074 3883 3399 3954 vocabitur,
3434 3889 3538 3940 aut
3567 3901 3754 3957 equus

2102 3971 2298 4027 homo.
2331 3971 2530 4042 Neque
2559 3985 2691 4026 vero
2723 3969 2895 4025 etiam
2933 3970 3068 4042 equi
3099 3971 3360 4026 deﬁnitio
3391 3972 3614 4028 homini
3649 3979 3753 4030 aut

2101 4059 2359 4116 hominis
2388 4075 2540 4131 equo
2569 4063 2874 4130 congruat.
2901 4062 3082 4114 Nemo
3113 4060 3268 4114 enim
3300 4059 3599 4116 hominem
3634 4061 3752 4118 ani-

2103 4149 2220 4205 mal
2279 4147 2644 4215 irrationale,
2703 4147 3060 4218 quadrupes,
3117 4146 3420 4203 hinniendi
3475 4148 3754 4206 facultate

2103 4237 2452 4310 praeditum;
2484 4240 2585 4290 aut
2629 4251 2848 4306 equum
2898 4233 3117 4290 animal
3149 4236 3454 4305 rationale,
3489 4237 3753 4306 mortale,

2101 4326 2502 4398 intelligentiae
2533 4329 2590 4380 et
2619 4323 2876 4380 scientiae
2909 4341 3092 4396 capax
3122 4324 3349 4380 dixerit.

2175 4417 2263 4470 19.
2295 4415 2398 4470 93
2427 4417 2501 4470 At
2531 4429 2664 4468 vero
2720 4411 3053 4468 communis
3104 4413 3336 4486 generis
3366 4418 3423 4470 et
3452 4431 3666 4472 nomen
3700 4421 3758 4473 et

2102 4504 2501 4562 deﬁnitionem
2537 4500 2760 4573 species
2809 4518 2878 4557 ex
2921 4518 3085 4572 aequo
3115 4502 3438 4574 accipiunt;
3471 4521 3586 4560 non
3637 4522 3757 4562 una

327 4594 496 4655 εἰδῶν
530 4595 766 4670 μᾶλλον,
815 4596 880 4651 τὸ
931 4593 989 4650 δὲ
1034 4597 1218 4664 ἧττον·
1246 4593 1358 4648 ,καὶ
1388 4593 1492 4669 γὰρ
1532 4593 1560 4646 ὁ
1591 4589 1876 4668 ἅνθρωπος
1906 4595 1995 4648 καὶ

2114 4595 2346 4668 quidem
2393 4592 2720 4664 specierum
2776 4589 2986 4662 magis,
3035 4591 3218 4647 altera
3265 4592 3478 4648 minus.
3513 4594 3659 4650 Nam
3699 4599 3757 4651 et

325 4689 362 4743 6
391 4685 589 4759 ἵππος,
619 4685 802 4741 κοινὸν
845 4686 1004 4762 γένος
1048 4681 1274 4760 ἔχοντες
1315 4683 1380 4737 τὸ
1430 4687 1592 4751 ζῶον,
1631 4681 1722 4736 καὶ
1756 4687 1867 4750 ζῶα
1894 4704 1990 4738 κα-

324 4777 563 4834 λοῦνται
611 4777 776 4848 ὁμοῦ,
822 4775 912 4830 καὶ
965 4773 1172 4847 ὁμοίως
1225 4772 1318 4827 τὸν
1346 4776 1465 4826 ’τοῦ
1516 4771 1656 4840 ζώου
1705 4771 1990 4843 κέκτηνται

329 4865 593 4943 ὁρισμόν.
653 4865 753 4920 Καὶ
808 4865 977 4943 ἄμφω
1023 4864 1127 4938 γὰρ
1175 4861 1351 4917 οὐσίαι
1401 4860 1533 4915 εἰσὶν
1581 4858 1846 4936 ἔμψυχοι,
1905 4861 1988 4915 αἰ-

325 4955 589 5027 σθητικαὶ
621 4954 711 5010 καὶ
747 4948 1120 5027 μεταϐατικαί.

2103 4685 2280 4740 homo
2311 4688 2368 4738 et
2397 4690 2586 4753 equus
2618 4697 2751 4735 cum
2784 4696 2973 4753 genus
3003 4680 3259 4736 habeant
3286 4696 3598 4739 commune
3629 4684 3754 4740 ani-

2103 4772 2242 4842 mal,
2275 4776 2331 4827 et
2360 4769 2540 4827 simul
2591 4769 2870 4824 animalia
2909 4773 3190 4825 vocantur
3217 4774 3274 4825 et
3300 4770 3481 4825 simili
3531 4772 3758 4830 ratione

2102 4859 2503 4917 deﬁnitionem
2532 4856 2808 4912 animaiis
2850 4856 3138 4913 obtinent.
3172 4858 3361 4914 Ambo
3408 4859 3566 4916 enim
3615 4866 3757 4918 sunt

2101 4947 2449 5006 substantiae
2483 4945 2776 5017 animatae,
2810 4945 3149 5016 sentientes,
3182 4948 3582 5020 progressivaa.

1053 5134 1262 5205 Σχῆμα
1291 5128 1484 5207 κεφαλ.
1521 5129 1573 5201 ι’,
1605 5125 1737 5202 Περὶ
1769 5125 1955 5203 γένους
1985 5124 2076 5180 καὶ
2108 5121 2307 5195 εἴδους,
2340 5121 2392 5178 ἐν
2426 5123 2471 5195 ᾧ
2501 5122 2592 5177 καὶ
2614 5122 2740 5198 περὶ
2770 5121 3053 5196 σχέσεως..

1508 5407 1545 5473 ἡ
1577 5403 1803 5458 ἑκάστου
1833 5406 1934 5470 τῆς
1965 5398 2218 5475 γενέσεως
2249 5397 2394 5474 ἀρχὴ

735 5495 807 5550 Τὸ
837 5495 994 5571 γένος

2687 5290 2724 5358 ἢ
2775 5290 2998 5363 φυσικὴ,
3040 5286 3214 5345 εἷ’τουν
3269 5291 3376 5348 ἀπὸ
3415 5299 3516 5350 τοῦ
3564 5295 3755 5354 τεκόν-

2756 5362 2851 5422 τος
2884 5362 2967 5452 ὡς
2993 5363 3349 5452 Ἰσραηλῖταιξ
3429 5415 3432 5418 .

2687 5433 2722 5501 ἢ
2766 5433 3198 5514 ,τοκιπὴβῖεερυν
3249 5435 3357 5491 ἀπὸ
3411 5445 3513 5508 τῆς
3565 5441 3754 5514 πατρί-

2763 5501 2873 5575 δος,
2900 5500 2990 5566 ὡς.
3007 5500 3258 5576 Θηϐαῖοι.

1507 5608 1544 5677 ἢ
1576 5606 1682 5681 άπὸ
1716 5610 1841 5681 μιᾶς
1863 5605 2133 5681 σχέσεως,
2164 5604 2248 5681 ὡς
2267 5599 2615 5678 Ἡρακλεῖδαι
2641 5602 2732 5656 καὶ
2758 5599 3012 5658 Ἰουδαῖοι

1532 5673 1735 5735 ἐνδ
2118 5673 2137 5694 '~
2199 5673 2335 5730 τη·

1507 5700 1597 5734 και
1628 5700 1676 5752 ῳ
1738 5688 2335 5737 ποτασσεταιτοεοος.
