4126 6454
418 412 534 476 ’161

1776 407 2130 482 ,ΕΡΙΤΟΜΕ
2171 406 2480 472 LOGICA.

3705 397 3828 462 ’762

424 545 562 622 ρίοις
611 543 664 602 ἐν
713 548 832 608 τοῖς
877 542 1130 608 πολλοῖς·
1175 546 1238 602 τὸ
1286 543 1345 601 δὲ
1390 543 1442 618 ἐξ
1501 544 1675 600 αὐτῶν
1729 519 2111 621 καταληφθὶνλ

2233 542 2407 612 mltis,
2431 557 2559 614 quae
2581 540 2834 613 denique
2863 555 2930 597 ex
2959 537 3044 596 eis
3075 535 3437 612 deprehensa
3463 531 3826 589 immateria-

424 636 517 690 καὶ
575 635 712 690 κατὰ
778 631 1016 690 διάνοιαν
1076 634 1259 696 ἆΰλως
1326 635 1560 690 ὑποστὰν
1620 633 1707 690 ἐπὶ
1763 638 1880 695 τοῖς
1941 632 2078 688 πολ-

430 721 570 784 λοῖς.
776 787 780 792 ,

501 810 564 868 δ’.
600 811 785 875 Οὕτως
818 809 1025 868 οὖνκαὶ
1070 813 1139 868 τὰ
1185 812 1316 888 γένη
1367 813 1459 868 καὶ
1513 813 1580 868 τὰ
1629 809 1744 881 εἴδη
1804 831 1910 888 προ
1967 814 2074 866 τῶν

429 899 655 957 πολλῶν
692 903 784 973 μέν
847 900 978 956 εἰσιν
1011 901 1064 957 ἐν
1094 905 1173 974 τῷ
1203 899 1550 978 δημιουργῷ,
1583 901 1718 956 κατὰ
1743 900 1868 962 τοὺς
1912 921 2077 970 ποιη-

427 988 613 1051 τικοὺς
665 989 887 1065 λόγους·
949 989 1000 1045 ἐν
1055 994 1134 1063 τῷ
1184 995 1300 1062 Θεῷ
1343 991 1444 1066 γὰρ
1476 991 1527 1044 οἱ
1559 988 1862 1045 οὐσιοποιοὶ
1919 987 2079 1062 λόγοι

429 1082 537 1135 τῶν
614 1074 782 1134 ὅντων
862 1079 1074 1142 ἕνιαίως
1147 1081 1605 1157 προϋφεστήκασι·
1661 1081 1776 1134 καθ’
1841 1076 1934 1138 οὓς
1991 1075 2083 1132 λό-

432 1189 584 1243 γους,
617 1168 646 1224 ὁ
679 1169 998 1244 ὑπερούσιος
1043 1170 1112 1224 τὰ
1152 1163 1278 1224 ὅντα
1320 1169 1492 1224 πάντα
1538 1168 1628 1223 καὶ
1676 1167 1952 1244 προώρισε
1992 1165 2081 1220 καὶ

433 1260 767 1334 παρήγαγεν.

507 1457 564 1511 ι’.
607 1455 988 1535 Ὑφεστηκέναι
1059 1454 1118 1512 δὲ
1193 1458 1582 1533 λέγονταιτὰ
1651 1457 1779 1531 γένη
1852 1455 1941 1510 καὶ
2019 1447 2088 1510 τὰ

385 1587 388 1590 ~
437 1543 553 1616 εἷ’δη
611 1544 664 1600 έν
720 1551 836 1608 τοῖς
908 1543 1168 1618 πολλοῖς,
1230 1543 1368 1602 διότι
1427 1547 1480 1602 ἐν
1539 1551 1653 1608 τοῖς
1727 1547 1862 1600 κατὰ
1923 1545 2086 1621 μέρος

436 1635 744 1710 ἀνθρώποις
799 1636 864 1691 τὸ
918 1640 1017 1690 τοῦ
1073 1635 1364 1712 ἀνθρώπου
1444 1632 1586 1697 εἶδός
1643 1635 1772 1708 ἐστι⁵
1826 1634 1916 1689 καὶ
1971 1639 2090 1696 τοῖς

437 1726 603 1809 κατὰ¹
634 1723 799 1800 μέρος
869 1722 1065 1788 ἵπποις
1124 1726 1188 1780 τὸ
1244 1719 1341 1779 τοῦ
1408 1722 1584 1779 ἵππου
1670 1721 1834 1786 εἶδος-
1892 1723 1944 1778 έν
1999 1723 2090 1777 ἀν-

441 1815 683 1890 θρώποις
715 1811 772 1869 δὲ
799 1813 888 1868 καὶ
916 1812 1111 1877 ἵπποις
1140 1812 1243 1871 καὶ,
1280 1819 1395 1877 τοῖς
1455 1813 1650 1877 ἄλλοις
1711 1813 1873 1883 ζώοις
1910 1814 1973 1867 τὸ
2003 1812 2090 1888 γέ-

2182 633 2316 690 liter
2345 633 2405 688 in
2436 633 2665 688 dianma
2694 629 2987 698 subsistit,
3017 631 3150 702 post
3180 625 3362 683 multa
3391 622 3628 680 dicitur.

2259 816 2313 870 4.
2345 813 2440 869 Sic
2469 811 2652 884 igitur
2671 815 2727 866 et
2755 824 2963 880 genera
2982 810 3041 864 et
3077 803 3300 877 species
3326 807 3457 858 ante
3487 799 3674 855 multa
3701 796 3832 870 qui-

2189 904 2322 959 dem
2367 906 2505 958 sunt
2534 901 2593 956 in
2623 899 2943 964 conditore,
2975 895 3164 968 quoad
3213 892 3533 949 efficientes
3577 888 3834 944 rationes

2189 995 2317 1065 (seu
2375 991 2635 1061 formas).
2670 990 2732 1044 In
2790 989 2906 1044 Deo
2963 987 3119 1042 enim
3177 981 3561 1040 essentiantes
3617 977 3706 1049 (ut
3752 975 3836 1030 ita

2193 1080 2408 1153 dicam)
2441 1080 2696 1136 rationes
2726 1077 2950 1133 entium
2984 1073 3161 1131 simul
3193 1077 3248 1128 et
3287 1067 3661 1143 singularitcr
3688 1081 3832 1136 pras-

2193 1169 2601 1239 substiterunt,
2624 1168 2948 1224 secundum
2981 1179 3128 1237 quas
3159 1161 3415 1218 rationes
3444 1159 3495 1213 is
3527 1157 3626 1228 qui
3658 1171 3840 1226 supra

2193 1259 2508 1316 essentiam
2542 1258 2712 1330 longe
2750 1270 2984 1311 omnem
3033 1257 3265 1309 evectus
3312 1253 3422 1314 est,
3453 1245 3653 1303 omnia
3681 1243 3841 1300 entia

2193 1351 2251 1404 et
2279 1346 2657 1420 predeﬁnivit
2680 1349 2738 1400 et
2766 1343 3055 1416 produxit.
3413 1358 3417 1362 ’

2265 1456 2321 1510 5.
2353 1454 2687 1511 Subsistere
2716 1455 2910 1507 autem
2943 1465 3158 1523 genera
3196 1449 3253 1502 et
3291 1443 3514 1516 species
3542 1441 3602 1496 in
3635 1437 3840 1494 multis

2198 1545 2495 1614 dicuntur,
2527 1543 2679 1611 quod
2738 1543 2798 1596 in
2847 1540 2946 1596 97
2996 1533 3450 1610 particularibus
3500 1528 3841 1586 hominibus

2200 1634 2424 1707 species
2465 1631 2744 1698 hominis,
2773 1633 2829 1686 et
2871 1630 2930 1683 in
2983 1624 3441 1700 particularibus
3488 1617 3655 1691 equis
3704 1633 3843 1690 spe-

2201 1725 2318 1780 cies
2345 1722 2481 1793 equi
2537 1720 2765 1776 estz‘in
2822 1717 3162 1774 hominibus
3193 1717 3388 1769 autem
3447 1714 3504 1765 et
3561 1705 3730 1778 equis
3787 1710 3846 1760 et

2202 1813 2331 1870 aliis
2364 1810 2722 1868 animalibus
2767 1807 3094 1880 specierum
3142 1801 3433 1875 ejusmodi
3465 1812 3650 1872 genus
3682 1810 3844 1866 repe-

443 1924 536 1966 νος
597 1903 896 1979 εὑρίσκεται
952 1907 1058 1957 τῶν
1117 1903 1381 1958 τοιούτων
1441 1900 1618 1972 εἰδῶν,
1679 1902 1812 1980 ὅπερ
1866 1901 1974 1956 ἐστὶ
2017 1882 2095 1956 ’τὸ

2235 1903 2352 1957 itur
2381 1901 2536 1973 quod
2569 1903 2658 1955 est
2703 1895 2949 1963 animal;
2983 1899 3040 1950 et
3089 1894 3147 1947 in
3196 1889 3550 1946 animalibus
3584 1882 3762 1942 simul
3792 1885 3848 1937 et

450 1997 602 2064 ζῶον·
634 1992 730 2048 κάν
783 1998 902 2055 τοῖς
949 1993 1112 2062 ζώοις
1165 1993 1306 2066 ὁμοῦ
1361 1993 1451 2047 καὶ
1499 1998 1616 2054 τοῖς
1677 1991 1975 2070 ζωοφότοις
2032 1992 2096 2045 τὸ

448 2079 883 2158 καθολικώτερον
926 2079 1080 2156 γένος
1124 2082 1185 2136 τὸ
1233 2080 1544 2152 αἰσθητικὸν
1612 2080 1925 2152 ἐξετάζεται·
1985 2101 2100 2134 συν-

450 2171 723 2248 αχθέντων
779 2168 837 2226 δὲ
889 2169 979 2226 καὶ
1039 2175 1147 2226 τῶν
1215 2175 1418 2248 φυτῶν,
1468 2175 1750 2246 θεωρεῖται
1803 2171 1867 2225 τὸ
1925 2167 2098 2243 ἐμψυ-

448 2281 570 2338 χον.
603 2260 666 2316 Εἰ
701 2259 757 2315 δὲ
786 2260 879 2315 σὺν
918 2266 1035 2323 τοῖς
1085 2260 1362 2335 ἐμψύχοις
1411 2259 1582 2324 ἐθέλει
1643 2281 1726 2322 τις
1785 2259 2096 2316 ἐπισκοπεῖν

446 2349 537 2405 καὶ
582 2350 651 2404 τὰ
697 2350 904 2424 ἄψυχα,
935 2349 999 2405 τὸ
1047 2355 1207 2422 σῶμα
1255 2348 1470 2421 σύμπαν
1516 2349 1824 2423 κατόψεται.
1860 2346 2100 2422 Συνδρα-

451 2443 668 2513 μουσῶν
717 2436 777 2493 δὲ
821 2443 938 2500 τοῖς
985 2436 1298 2514 εἰρημένοις
1354 2443 1462 2492 τῶν
1513 2438 1816 2511 ἀσωμάτων
1878 2437 2100 2505 οὐσιῶν,

443 2529 507 2584 τὸ
535 2533 754 2605 πρῶτον
786 2533 942 2603 γένος
988 2531 1227 2604 φανεῖται
1267 2526 1357 2582 καὶ
1405 2528 1791 2602 γενικώτατον,
1821 2527 1912 2583 καὶ
1958 2525 2102 2582 οὕτω

451 2618 546 2692 μὶν
607 2617 660 2672 έν
724 2621 842 2679 τοῖς
917 2614 1154 2678 πολλοῖς
1232 2615 1494 2694 ὑφέστηκε
1565 2616 1633 2670 τὰ
1701 2613 1818 2686 εἴδη
1892 2616 1982 2670 καὶ
2037 2616 2105 2671 τὰ

449 2708 582 2783 γένη
594 2749 608 2762 .

525 2797 590 2860 ς’.
625 2790 958 2851 Καταλαϐὼν
992 2793 1049 2850 δέ
1077 2816 1160 2857 τις
1214 2794 1272 2850 ἐκ
1324 2799 1430 2850 τῶν
1493 2796 1629 2849 κατὰ
1687 2795 1850 2868 μέρος
1902 2795 2108 2870 ἀνθρώ-

455 2907 570 2940 πων
633 2887 730 2954 τὴν
763 2884 939 2940 αὐτῶν
991 2885 1168 2962 φύσιν,
1200 2886 1299 2954 τήν
1359 2884 1770 2960 ἀνθρωπότητα,
1803 2883 1862 2939 ἐκ
1889 2881 1946 2939 δὲ
1997 2888 2105 2938 τῶν

459 2976 593 3030 κατὰ
654 2975 820 3050 μέρος
860 2972 1046 3028 ἵππων
1103 2972 1272 3044 αὐτὴν
1327 2974 1428 3042 τὴν
1489 2973 1785 3044 ἱππότητα,
1815 2972 1905 3027 καὶ
1965 2972 2109 3027 οὕτω

460 3064 552 3119 τὸν
605 3062 844 3120 καθόλου
886 3063 1167 3139 ἄνθρωπον
1213 3061 1302 3118 καὶ
1351 3063 1443 3118 τὸν
1498 3062 1737 3126 καθόλου
1780 3061 1949 3117 ἵππον
1991 3062 2109 3116 έπιη

464 3154 682 3224 νοήσας·
716 3152 822 3214 ,καὶ
860 3152 924 3207 τὸ
951 3149 1192 3216 καθόλου
1225 3157 1362 3221 ζῶον
1412 3151 1472 3206 ἐκ
1515 3155 1624 3206 τῶν
1681 3151 1980 3216 καθέκαστα
2032 3155 2112 3223 τῷ

467 3241 616 3318 λόγῳ
645 3242 979 3317 συναγαγών·
1021 3241 1112 3296 καὶ
1156 3242 1222 3313 τὸ,
1263 3240 1502 3306 καθόλου
1547 3240 1877 3309 αἰσθητικὸν,
1909 3240 1999 3294 καὶ
2051 3240 2114 3293 τὸ
2145 3285 2189 3351 C

535 3329 620 3351 AI‘
747 3327 773 3351 ,’
831 3334 842 3351 I
899 3350 902 3351 ν
1141 3329 1154 3348 ‘
1261 3330 1274 3347 ἴ
1409 3329 1530 3351 ΛῘἸ,
1670 3334 1696 3344 η
1781 3350 1788 3351 κ
1891 3328 1959 3351 .,_‘
2017 3329 2073 3351 -l‘.
2105 3349 2110 3351 _

463 3329 698 3387 καθόλου
747 3327 1021 3407 ἔμψυχον,
1069 3329 1157 3384 καὶ
1221 3330 1284 3384 τὸ
1338 3329 1576 3385 καθόλου
1632 3334 1811 3402 σῶμα,
1870 3328 1959 3383 καὶ
2013 3329 2111 3396 τήν

463 3419 911 3490 καθολικωτάτην
969 3418 1150 3474 οὐσίαν
1201 3417 1253 3490 ἐξ
1307 3417 1550 3473 ἁπάντων
1621 3417 2114 3494 συλλογισάμενος,

465 3510 494 3564 ὁ
517 3514 765 3571 τοιοῦτος
795 3508 847 3563 ἐν
877 3512 945 3582 τῇ
979 3509 1170 3563 ἑαυτοῦ
1215 3506 1423 3579 διανοίᾳ
1467 3509 1537 3563 τὰ
1582 3508 1714 3582 γένη
1753 3509 1843 3561 καί
1880 3508 1948 3562 τὰ
1999 3503 2116 3574 εἷ’δη

466 3597 651 3661 ἀΰλως
699 3597 991 3668 ὑπέστησεν
1054 3593 1142 3653 ἐπὶ
1192 3603 1308 3660 τοῖς
1362 3595 1620 3664 πολλοῖς,
1679 3597 1923 3651 τουτέστι
1988 3594 2122 3669 μετὰ

466 3688 535 3744 τὰ
559 3685 750 3744 πολλὰ
772 3685 862 3741 καὶ
896 3687 1280 3762 ὑπερογενῶς.

548 3958 606 4023 ζ’.
641 3951 834 4010 ’ἰστέον
868 3949 927 4009 δὲ
955 3951 1037 4008 ὅτι
1091 3954 1266 4008 πάντα
1317 3953 1410 4025 μὲν
1457 3953 1526 4006 τὰ
1574 3951 1700 4028 γένη
1765 3951 2123 4028 λεχθήσονται

475 4041 564 4098 ἐπὶ
593 4047 712 4105 τοῖς
741 4039 1002 4111 πολλοῖς,
1037 4039 1099 4096 οὐ
1129 4040 1298 4096 πάντα
1328 4039 1386 4096 δὲ
1429 4041 1497 4096 τὰ
1543 4039 1684 4112 εἶ’δη.
1715 4043 1786 4097 Τὸ
1839 4043 1941 4118 γὰρ
1996 4040 2053 4096 ὃν
2088 4042 2123 4111 ἢ

472 4131 563 4186 καὶ
620 4135 689 4205 τῇ
748 4130 901 4209 φύσει
961 4131 1051 4186 καὶ
1097 4135 1166 4204 τῇ
1223 4131 1418 4205 γνώσει
1487 4131 1892 4204 πεπερασμένον
1964 4130 2124 4185 ἐστίν·

474 4221 512 4290 ἢ
562 4219 688 4276 οὐδὲ
732 4224 802 4294 τῇ
850 4219 1004 4298 φύσει
1053 4217 1180 4274 οὐδὲ
1231 4223 1301 4292 τῇ
1349 4219 1566 4294 γνώσει·
1619 4219 1654 4286 ἢ
1703 4215 1772 4292 τῇ
1823 4217 1974 4297 φύσει
2033 4219 2126 4292 μὲν

475 4309 826 4385 πεπέρασται,
875 4313 945 4383 τῇ
1011 4309 1202 4385 γνώσει
1256 4307 1314 4363 δὲ
1357 4308 1422 4363 οὐ
1466 4306 1814 4383 πεπέρασται·
1863 4305 2016 4362 οὐδὲν
2072 4306 2130 4363 δέ

475 4398 584 4455 πού
635 4398 746 4454 ἐστι
789 4403 858 4469 τῆ
913 4399 1109 4475 γνώσει
1174 4399 1603 4473 πεπερασμένον,
1653 4394 1872 4472 ἄπειρον
1941 4394 1999 4450 ὃν
2061 4400 2130 4470 τῇ

478 4509 653 4566 φυσει.

549 4595 623 4666 η’,
669 4592 885 4648 Τούτων
943 4592 1116 4656 οὕτως
1189 4593 1453 4669 ἐχόντων,
1499 4594 1568 4648 τὰ
1640 4593 1732 4668 μὶν
1800 4594 2136 4668 γενικώτατα

2207 1987 2780 2063 plantanimantibus
2812 2001 2997 2058 genus
3013 1979 3403 2037 universalius
3433 1975 3587 2050 quod
3607 1976 3697 2030 est
3718 1987 3848 2028 sen-

2206 2060 2359 2136 tiens
2407 2076 2767 2151 exquiritur;
2802 2076 2874 2129 ad
2925 2090 3051 2144 quae
3101 2068 3358 2126 collectis
3408 2067 3584 2122 etiam
3631 2060 3851 2135 plantis

2208 2148 2533 2225 animatum
2565 2168 2880 2238 spectatur.
2912 2161 3073 2226 Quod
3115 2159 3164 2215 si
3209 2157 3341 2230 quis
3391 2172 3524 2211 cum
3579 2148 3852 2209 animatis

2208 2258 2383 2313 etiam
2415 2255 2740 2312 inanimata
2767 2254 3010 2322 insuper
3035 2248 3404 2304 considerare
3431 2242 3589 2307 velit,
3621 2240 3853 2296 univer-

2211 2365 2343 2405 sum
2375 2357 2585 2418 corpus
2616 2343 2910 2415 inspiciet.
2935 2341 2995 2397 Si
3027 2338 3278 2409 denique
3308 2352 3442 2391 cum
3472 2332 3644 2388 dictis
3675 2330 3854 2386 etiam

2211 2438 2562 2509 incorporea)
2614 2431 2959 2489 substantiae
3017 2426 3437 2488 concurrerint,
3491 2421 3752 2493 primum
3800 2420 3859 2472 et

2211 2505 2722 2600 generalissimum
2755 2535 2940 2593 genus
2970 2515 3253 2590 aparebit.
3285 2516 3471 2584 Atque
3500 2511 3583 2566 sic
3612 2510 3671 2564 in
3705 2505 3856 2563 mul-

2210 2617 2289 2672 tis
2319 2615 2552 2686 quidem
2587 2627 2801 2685 genera
2829 2615 2887 2665 et
2916 2607 3139 2680 species
3168 2603 3524 2660 subsistunt.

2222 2847 2225 2850 .
2284 2794 2338 2848 7.
2371 2792 2547 2846 Porro
2577 2790 2622 2844 si
2658 2787 2791 2860 quis
2813 2803 2880 2842 ex
2910 2750 3362 2858 particularibus
3394 2775 3733 2834 hominibus
3764 2790 3863 2829 na-

2216 2887 2408 2938 turam
2441 2879 2804 2942 eorumdem,
2839 2874 3268 2945 anthropoteta,
3299 2869 3356 2924 id
3404 2873 3495 2924 est
3524 2864 3862 2922 humanita-

2217 2977 2334 3027 tem
2361 2973 2449 3041 (ut
2477 2968 2646 3024 nobis
2677 2967 2759 3022 ita
2790 2963 3115 3021 secundum
3136 2964 3396 3015 Graecum
3429 2956 3618 3012 dicere
3646 2952 3864 3024 liceat),

2219 3065 2278 3116 et
2305 3076 2373 3116 ex
2402 3059 2571 3130 equis
2615 3053 3069 3129 particularibus
3109 3051 3300 3122 ipsam
3331 3047 3654 3118 hippoteta,
3688 3042 3746 3097 id
3777 3042 3869 3097 est

2220 3129 2536 3222 equitatem
2582 3141 3119 3216 comprehenderit;
3152 3133 3339 3210 atque
3361 3136 3446 3190 sic
3474 3129 3868 3188 universalem

2225 3237 2524 3294 hominem
2555 3240 2611 3290 et
2640 3231 3028 3289 universalem
3050 3242 3268 3300 equum
3292 3227 3488 3280 mente
3509 3217 3870 3290 conceperit;

2227 3332 2286 3383 et
2323 3324 2641 3399 (praeterea)
2685 3319 3013 3377 universale
3073 3314 3290 3371 animal
3346 3329 3415 3368 ex
3474 3306 3875 3382 singularibus

2227 3416 2452 3472 ratione
2482 3409 2812 3484 collegerit;
2865 3413 2922 3463 et
2969 3402 3299 3461 universale
3346 3399 3625 3467 sentiens,
3652 3401 3710 3452 et
3738 3395 3876 3450 uni-

2227 3503 2449 3561 versale
2495 3483 2844 3564 animatum,
2896 3500 2952 3552 et
2995 3491 3323 3551 universale
3378 3502 3612 3560 corpus,
3641 3489 3698 3542 et
3745 3483 3875 3538 uni-

2232 3591 2686 3662 versalissimam
2719 3583 3110 3643 substantiam
3139 3598 3208 3637 ex
3231 3579 3507 3636 omnibus
3538 3573 3878 3647 complexus

2230 3683 2333 3739 98
2365 3680 2558 3746 fuerit,
2589 3677 2726 3734 talis
2774 3675 2836 3731 in
2884 3675 3116 3730 diancea
3154 3687 3263 3726 sua
3291 3683 3505 3740 genera
3553 3667 3610 3721 et
3655 3662 3880 3735 species

2231 3768 2699 3828 immaterialiter
2719 3766 2804 3820 ἐπι
2835 3768 2953 3824 τοῖς
2981 3757 3242 3826 πολλοῖς,
3264 3759 3376 3814 hoc
3395 3760 3504 3828 est,
3531 3757 3665 3826 post
3694 3748 3884 3807 multa

2235 3866 2292 3918 et
2321 3857 2693 3933 generatione
2723 3854 3041 3927 posteriore
3072 3848 3395 3906 constituit.
3775 3858 3777 3861 ·

2305 3952 2361 4004 7.
2394 3947 2709 4004 Sciendum
2753 3949 2950 4000 autem
2979 3939 3180 3996 omnia
3227 3936 3464 4009 quidem
3513 3946 3745 4005 genera,
3780 3927 3883 3984 sed

2237 4057 2353 4096 non
2381 4053 2584 4093 omnes
2606 4033 2849 4106 species,
2875 4034 3006 4102 post
3033 4025 3220 4082 multa
3238 4024 3351 4080 dici
3373 4038 3563 4095 posse.
3589 4020 3705 4075 Eos
3727 4016 3884 4073 enim

2238 4128 2327 4184 vel
2357 4133 2416 4183 et
2445 4105 2656 4180 natura
2673 4126 2732 4177 et
2763 4119 3091 4193 cognitione
3113 4114 3495 4171 terminatum
3522 4112 3638 4177 est;
3670 4105 3761 4161 vel
3793 4121 3889 4160 ne-

2241 4234 2353 4291 que
2384 4219 2594 4270 natura
2623 4227 2814 4282 neque
2842 4206 3176 4280 cognitione
3210 4220 3223 4258 :
3255 4201 3342 4258 vel
3389 4203 3598 4255 natura
3649 4195 3887 4268 quidem

2240 4306 2622 4362 terminatum
2651 4305 2761 4368 est,
2787 4296 3115 4370 cognitione
3141 4297 3336 4349 autem
3367 4287 3740 4346 terminatum
3773 4300 3889 4338 non

2243 4403 2361 4464 est;
2404 4392 2551 4450 nihil
2599 4395 2794 4445 autem
2847 4387 3082 4459 uspiam
3133 4381 3461 4454 cognitione
3506 4374 3888 4432 terminatum

2243 4491 2351 4552 est,
2384 4483 2537 4555 quod
2575 4485 2779 4537 natura
2806 4475 3105 4532 inﬁnitum
3131 4472 3229 4527 sit.

2313 4593 2367 4646 8.
2401 4591 2537 4654 Quae
2569 4603 2703 4642 cum
2742 4583 2826 4639 ita
2872 4597 2934 4637 se
2980 4579 3254 4648 habeant,
3287 4570 3731 4649 generalissima
3760 4567 3888 4641 qui-

480 4653 612 4760 γένη
643 4684 734 4739 καὶ
779 4685 848 4739 τὰ
896 4653 1194 4756 ὑπάλληλα
1219 4653 1330 4741 ’καὶ
1380 4653 1533 4763 φυσει
1579 4653 1669 4740 καὶ
1717 4653 1916 4760 γνώσει
1971 4683 2109 4740 πεπέ

2245 4679 2380 4734 dem
2411 4681 2470 4732 et
2497 4671 2838 4730 subalterna
2865 4684 3080 4742 genera
3122 4681 3254 4721 cum
3291 4667 3502 4718 natura
3531 4665 3659 4716 tum
3690 4655 3892 4728 cogni-

485 4781 694 4848 ῥασται.
755 4774 1066 4854 Δέκαμγάρ
1135 4774 1237 4830 εἶσι
1304 4775 1373 4829 τὰ
1433 4773 1563 4849 γένη
1639 4773 1708 4828 τὰ
1780 4773 2132 4849 γενικώτατα·

485 4863 764 4941 ὡρισμένοι
790 4861 847 4919 δέ
873 4883 936 4942 γε
966 4863 1057 4918 καὶ
1085 4865 1153 4919 τὰ
1185 4860 1503 4934 ὑπάλληλα.

555 5047 619 5101 θ’.
650 5047 721 5101 Τὸ
764 5043 823 5102 δὲ
867 5052 973 5103 τῶν
1019 5046 1238 5120 ἀτόμων
1288 5043 1505 5114 πλῆθος
1553 5039 1676 5098 οὔτε
1718 5046 1786 5115 τῇ
1836 5041 1990 5120 φύσει
2022 5039 2152 5116 οὔτε

485 5139 554 5219 τῇ
585 5138 779 5212 γνώσει
826 5137 1228 5210 πεπερασμένον
1285 5135 1448 5190 ἐστίν.
1499 5132 1611 5188 Ἀεὶ
1659 5132 1760 5207 γὰρ
1808 5131 2008 5206 γίνεται
2057 5150 2151 5203 καὶ

486 5205 566 5281 ἀεὶ
599 5205 893 5305 ιρθείρεται,
922 5205 1013 5280 καὶ
1045 5205 1170 5280 οὔτε
1209 5223 1374 5299 πέρας
1423 5221 1524 5277 ὑπὸ
1577 5205 1682 5289 τῆς
1733 5205 1942 5297 φύσεως
1993 5215 2146 5290 εῗλη-

489 5303 761 5398 φξνμτᾶε
789 5315 852 5370 τὸ
881 5314 1110 5390 γεγονὸς
1150 5313 1408 5384 στάσιμον
1459 5309 1696 5398 ὑπαρχει
1737 5307 1829 5362 καὶ
1891 5303 2146 5379 μόνιμον.

488 5406 562 5461 Τὸ
592 5403 650 5461 δέ
677 5408 924 5460 τοιοῦτον
955 5407 1072 5464 πῶς
1201 5401 1397 5477 γνώσει
1429 5397 1935 5476 περιληφθήσεται;

572 5590 620 5642 ι’;
651 5587 730 5642 Τὰ
777 5583 835 5641 δὲ
884 5582 1205 5641 εῗδικώτατα
1252 5577 1368 5651 ε’ἱδη
1417 5582 1487 5652 τῇ
1560 5577 1654 5651 μὲν
1714 5573 1865 5653 φύσει
1916 5571 2150 5648 πεπέρα-

501 5699 643 5749 σται,
688 5680 757 5750 τῇ
828 5675 1028 5750 γνώσει
1095 5669 1153 5727 δέ
1217 5669 1348 5726 εἶσιν
1399 5665 1761 5743 ἀπερίληπτα.
1817 5659 2010 5718 [Ιολλᾶ
2049 5662 2152 5738 γὰρ

501 5748 637 5841 ἡμῖν
689 5748 934 5842 ἄγνωστα
972 5765 1080 5818 τῶν
1129 5758 1390 5816 τοιούτων
1451 5752 1628 5826 εἰδῶν,
1687 5753 1723 5825 ἢ
1779 5751 1831 5808 ἐν
1893 5748 2150 5829 ἐρημίαις

2248 4769 2408 4824 tione
2463 4764 2779 4820 terminata
2835 4763 2994 4815 sunt.
3023 4754 3232 4815 Decem
3290 4751 3446 4808 enim
3479 4753 3620 4806 sunt
3681 4761 3897 4820 genera

2249 4854 2718 4930 generalissima;
2754 4849 2922 4905 ﬁnita
2959 4850 3154 4902 autem
3188 4848 3328 4899 sunt
3356 4841 3500 4913 quin
3545 4838 3722 4894 etiam
3755 4833 3894 4890 sub-

2250 4944 2478 5001 alterna
2505 4955 2736 5015 genera.

2322 5034 2379 5088 9.
2411 5035 2483 5088 At
2511 5014 2949 5086 individuorum
2981 5019 3294 5079 multitudo
3335 5014 3522 5090 neque
3561 5019 3773 5072 natura
3802 5028 3901 5068 ne-

2257 5140 2371 5196 que
2400 5118 2732 5194 cognitione
2784 5114 3098 5171 terminata
3135 5114 3242 5166 est.
3277 5109 3520 5180 Semper
3561 5105 3718 5161 enim
3767 5118 3902 5158 cum

2257 5215 2612 5285 generantur
2653 5212 2778 5263 tum
2829 5203 3306 5273 corrumpuntur,
3356 5203 3414 5253 et
3458 5211 3568 5252 noc
3614 5209 3648 5248 a
3694 5196 3907 5248 natura

2257 5301 2576 5358 terminum
2613 5298 2980 5367 acceperunt,
3007 5307 3113 5347 nec
3144 5305 3278 5344 cum
3300 5289 3574 5361 generata
3603 5285 3764 5347 sunt,
3794 5285 3909 5336 sta—

2260 5391 2402 5448 bilia
2431 5389 2724 5446 exsistunt
2753 5393 2809 5440 et
2838 5383 3202 5454 permanent.
3233 5377 3307 5433 At
3338 5375 3494 5448 quod
3519 5371 3634 5428 tale
3664 5373 3772 5439 est,
3805 5367 3906 5440 qui

2258 5479 2590 5552 cognitione
2617 5471 3143 5546 comprehendetur
3156 5467 3184 5520 ‘?

2333 5570 2419 5626 10.
2451 5567 2583 5623 Jam
2613 5545 3214 5633 verospecialissimm
3265 5552 3488 5626 species
3538 5553 3748 5605 natura
3775 5545 3906 5618 qui-

2261 5661 2396 5716 dem
2427 5653 2749 5712 terminatae
2781 5647 3283 5720 sunt,cognitione
3303 5647 3500 5699 autem
3523 5642 3664 5696 sunt
3683 5637 3904 5693 incom-

2262 5741 2700 5821 prehensibiles.
2727 5738 2919 5798 Multae
2948 5737 3102 5792 enim
3148 5751 3218 5790 ex
3260 5729 3545 5803 ejusmodi
3601 5724 3908 5800 speciebus
