4126 6436
454 394 576 461 ’169

1818 389 2165 455 EPITOME
2211 389 2491 455 LOGICA
2507 439 2519 452 .

3748 393 3868 454 770

457 527 856 605 ηγορούμενον.
904 526 1279 606 Ἐρωτώμενοι
1335 527 1437 602 γὰρ
1493 526 1544 580 τί
1603 526 1740 581 ἐστιν
1792 527 2100 602 ἄνθρωπος,

2254 531 2309 583 st
2337 527 2702 599 praedicatur.
2737 526 2794 580 Si
2823 527 2979 581 enim
3023 525 3452 598 interrogamur
3482 527 3615 595 quid
3649 527 3726 582 sit
3757 526 3867 583 bo-

1849 613 1896 631 Νι

456 616 668 680 οἰκείως
703 617 761 672 ἂν
797 616 1048 694 λέγοιμεν
1077 615 1158 672 ὅτι
1191 621 1348 684 ζῶον’
1377 617 1784 690 πυνθανομένου
1846 615 1903 670 δὲ
1957 635 2106 676 τινος

457 707 645 762 ὁποῖόν
676 728 730 761 τι
764 711 900 776 ζῶον
929 707 957 761 ὁ
989 703 1292 782 ἅνθρωπος,
1317 704 1440 760 τότε
1481 704 1646 760 πάλιν
1701 704 1916 766 οἰκείως
1965 702 2106 758 ἔστιν

455 797 648 868 εἰπεῖν,
684 794 766 851 ὅτι
795 793 1022 871 λογικόν
1034 840 1046 853 .

529 981 582 1029 ε’.
612 975 1011 1054 Ὑπογράφουσι
1063 971 1121 1029 δὲ
1163 975 1260 1038 τὰς
1313 973 1565 1036 τοιαύτας
1625 973 1715 1028 καὶ
1767 971 1929 1027 οὕτω·
1983 979 2111 1027 Δια⁴

459 1061 598 1142 φορά
627 1062 827 1126 ἐστι-τὸ
871 1063 1132 1138 χωρίζειν
1184 1062 1424 1140 πεφυκὸς
1465 1061 1528 1117 τὰ
1581 1062 1683 1116 ὑπὸ
1728 1062 1791 1116 τὸ
1839 1060 1969 1115 αὐτὸ
2016 1059 2116 1135 γέ-

457 1173 573 1214 νος.
624 1153 695 1206 Τὸ
753 1151 856 1228 γὰρ
915 1149 1138 1227 λογικὸν
1205 1151 1294 1207 καὶ
1347 1153 1410 1207 τὸ
1477 1148 1676 1227 ἄλογον
1743 1151 1970 1227 χωρίζει
2020 1148 2110 1205 τὸν

459 1235 737 1315 ἄνθρωπον
764 1241 854 1294 καὶ
884 1241 976 1294 τὸν
999 1237 1198 1312 ἵππον,
1233 1241 1336 1295 ὑπὸ
1364 1240 1428 1295 τὸ
1477 1239 1608 1294 αὐτὸ
1665 1240 1824 1314 γένος
1880 1233 2009 1293 ὄντα
2052 1238 2114 1292 τὸ

463 1332 622 1398 ζῶον.

531 1436 594 1498 ς’.
657 1434 828 1491 Πάλιν
889 1433 1121 1515 διαφορά
1182 1436 1347 1505 ἐστιν,
1407 1433 1518 1508 ὅτῳ
1575 1432 1818 1511 διαφέρει
1871 1431 2114 1490 ἕκαστον.

460 1524 785 1601 Ἀνθρωπος
851 1526 952 1600 γὰρ
1000 1525 1092 1580 καὶ
1143 1522 1315 1587 ’ἱππος
1375 1525 1512 1579 κατὰ
1571 1525 1666 1596 μὲν
1729 1525 1790 1578 τὸ
1839 1524 1996 1600 γένος
2055 1522 2144 1578 οὐι

460 1609 752 1688 διενήνοχε
804 1601 945 1686 (ζῶα
998 1613 1100 1690 γὰρ
1175 1613 1266 1668 καὶ
1331 1612 1657 1691 ἀμφότερα)⁶
1716 1614 1853 1668 κατὰ
1909 1609 1967 1666 δὲ
2023 1613 2119 1674 τὰς

460 1698 747 1779 διαφορὰς,
779 1698 906 1771 ⁴ἤτοι
955 1703 1092 1757 κατά
1138 1703 1201 1757 τὸ
1259 1701 1476 1777 λογικὸν
1528 1701 1618 1758 καὶ
1666 1702 1729 1756 τὸ
1776 1698 1998 1778 ἄλογον,
2032 1701 2124 1756 ἀπ’

458 1787 728 1862 ἀλλήλων
763 1787 1035 1862 διέστηκε.

2219 633 2334 682 mo,
2367 615 2775 671 convenienter
2824 615 3098 682 dicimus,
3141 615 3296 685 quod
3347 615 3566 669 animal
3613 615 3737 670 sit:
3772 617 3864 672 sin

2218 710 2413 761 autem
2463 704 2790 760 sciscitetur
2847 704 3083 776 aliquis,
3117 703 3287 775 quale
3345 704 3484 774 quid
3546 709 3636 759 est
3692 704 3868 760 homo

2219 793 2459 864 animal,
2491 797 2632 848 tunc
2662 794 2873 848 iterum
2919 797 3052 863 apte
3081 793 3271 848 dicere
3315 791 3468 858 licet,
3505 793 3659 865 quod
3694 794 3868 850 ratio-

2221 883 2372 937 nale.

2290 973 2345 1026 5.
2392 974 2570 1025 Porro
2630 969 3036 1040 hujuscemodi
3098 969 3500 1041 (differentias)
3532 975 3731 1026 etiam
3786 971 3871 1027 sic

2223 1058 2613 1114 describunt:
2657 1058 2990 1114 Ditl‘erentia
3031 1063 3122 1113 est
3169 1058 3323 1130 quod
3375 1058 3702 1114 naturalem
3752 1061 3871 1116 vim

2223 1147 2400 1203 habet
2430 1147 2739 1220 separandi
2786 1163 2854 1201 ea
2880 1160 3012 1218 quae
3043 1152 3183 1202 sunt
3231 1149 3340 1202 sub
3389 1148 3594 1202 eodem
3641 1165 3871 1220 genere.

2225 1234 2451 1291 Etenim
2500 1235 2783 1290 rationale
2810 1239 2868 1290 et
2908 1234 3242 1290 irrationale
3291 1242 3523 1307 separat
3575 1236 3872 1294 hominem

2226 1328 2283 1380 et
2312 1341 2530 1396 equum
2561 1323 2659 1395 qui
2689 1325 2798 1380 sub
2830 1324 3031 1379 eodem
3074 1328 3213 1379 sunt
3241 1340 3472 1396 genere,
3502 1325 3766 1381 animali.

2296 1432 2352 1484 6.
2387 1431 2613 1486 Rursus
2661 1429 2988 1486 differentia
3041 1435 3131 1486 est
3181 1448 3295 1502 quo
3356 1433 3603 1502 quodvis
3660 1433 3872 1490 differt.

2228 1520 2412 1576 Homo
2443 1520 2600 1576 enim
2632 1524 2688 1576 et
2707 1537 2893 1592 equus
2927 1520 3252 1575 secundum
3276 1536 3463 1591 genus
3490 1522 3727 1592 quidem
3759 1540 3875 1579 non

2229 1609 2507 1665 differunt
2535 1608 2731 1678 (ambo
2761 1609 2917 1664 enim
2950 1608 3128 1664 etiam
3161 1608 3437 1664 animalia
3467 1611 3652 1681 sunt),
3677 1628 3880 1668 secun-

2229 1699 2371 1754 dum
2401 1699 2552 1753 107
2587 1697 2947 1754 diﬁ'erentias
2977 1702 3195 1762 autem,
3222 1698 3342 1754 sive
3374 1699 3564 1770 quoad
3596 1699 3878 1758 rationale

2232 1791 2290 1843 et
2321 1785 2678 1858 irrationale,
2708 1786 2995 1842 dissident
3025 1804 3058 1841 a
3087 1803 3149 1842 se
3180 1786 3449 1842 invicem.

540 1899 602 1967 ζ’.
653 1897 913 1974 Λέγονται
964 1895 1022 1953 δὲ
1071 1899 1126 1953 αἱ
1175 1895 1444 1954 ἰδιαίτατα
1499 1896 1752 1976 διαφοραὶ
1803 1895 2123 1972 διαιρετικαὶ

2300 1897 2355 1950 7.
2389 1894 2676 1950 Dicuntur
2705 1897 2902 1948 autem
2933 1893 3271 1949 differentiae
3311 1895 3715 1966 propriissime
3746 1913 3880 1953 cum

459 1986 550 2041 καὶ
615 1986 943 2042 συστατικαί·
993 1982 1333 2062 διαιρετικαὶ
1387 1988 1482 2061 μὲν
1534 1991 1640 2042 τῶν
1688 1991 1882 2062 γενῶν,
1929 2007 2121 2041 συστα-

465 2076 612 2130 τικαὶ
660 2073 719 2131 δὲ
780 2081 886 2132 τῶν
937 2073 1118 2133 εἰδῶν.
1167 2077 1237 2131 Τὸ
1286 2077 1391 2152 γὰρ
1443 2080 1604 2150 σῶμα
1657 2076 1747 2131 καὶ
1788 2077 1852 2130 τὸ
1899 2076 2123 2149 ἀσώμα-

464 2185 558 2219 τον
616 2162 887 2242 διαιροῦσι
943 2167 1044 2235 τὴν
1098 2164 1304 2221 οὐσίαν⁸
1362 2167 1425 2220 τὸ
1483 2163 1542 2220 δὲ
1599 2164 1848 2241 ἔμψυχον
1915 2165 2005 2220 καὶ
2063 2166 2125 2219 τὸ

395 2322 397 2324 η
466 2250 680 2329 ἄψυχον
753 2252 1023 2328 διαιροῦσι
1069 2256 1133 2310 τὸ
1191 2259 1368 2329 σῶμα·
1414 2255 1505 2310 καὶ
1550 2255 1614 2309 τὸ
1670 2254 1984 2326 αἰσθητικὸν
2034 2254 2124 2308 καὶ

463 2343 527 2396 τὸ
574 2342 898 2414 ἀναίσθητον
946 2340 1214 2420 διαιροῦσι
1259 2345 1321 2398 τὸ
1371 2341 1643 2418 ἔμψυχον·
1703 2343 1793 2397 καὶ
1848 2344 1912 2398 τὸ
1965 2363 2124 2416 μετα-

466 2425 696 2487 ϐατικὸν
744 2432 834 2487 καὶ
875 2430 939 2488 τὸ
985 2427 1324 2506 ἀμετάϐατον
1372 2430 1641 2507 διαιροῦσι
1683 2432 1747 2486 τὸ
1789 2430 2122 2502 αἰσθητικόν.

463 2525 642 2577 Ταῦτα
680 2525 810 2598 γοῦν
853 2523 922 2576 τὰ
966 2525 1074 2576 τῶν
1135 2526 1306 2598 γενῶν
1374 2519 1672 2598 διαιρετικά
1733 2520 1972 2597 γίνονται
2034 2541 2125 2574 συ-

469 2611 698 2666 στατικά
725 2615 833 2666 τῶν
888 2607 1069 2666 εἰδῶν·
1116 2612 1179 2666 τὸ
1221 2611 1322 2687 γὰρ
1373 2608 1646 2686 ἔμψυχον,
1692 2610 1782 2665 καὶ
1829 2610 1891 2665 τὸ
1940 2608 2129 2680 αἰσθη-

466 2698 616 2755 τικὸν
695 2700 788 2755 καὶ
867 2701 930 2755 τὸ
1020 2695 1376 2774 μεταϐατικὸν
1463 2703 1747 2755 συνιστῶσι
1825 2700 1888 2753 τὸ
1967 2703 2126 2769 ζῶον.

470 2792 616 2844 Ζῶον
668 2787 773 2866 γάρ
822 2787 963 2845 ἐστιν
1017 2787 1174 2844 οὐσία
1223 2786 1474 2866 ἔμψυχος
1533 2788 1847 2860 αἰσθητικὴ,
1902 2782 2130 2862 μεταϐα-

470 2880 620 2950 τική.
676 2879 748 2933 Τὸ
797 2877 1071 2955 ἔμψυχον,
1126 2881 1191 2934 τὸ
1260 2877 1595 2950 αἰσθητικὸν,
1645 2879 1709 2933 τὸ
1766 2872 2126 2951 ἀμετάϐατον,

476 2972 758 3022 συνιστῶσι
825 2969 888 3023 τὸ
951 2967 1245 3046 ζωόφυτον.
1307 2969 1460 3026 Ἔστι
1538 2968 1641 3043 γὰρ
1717 2968 1780 3022 τὸ
1853 2966 2126 3044 ζωόφυτον

477 3055 632 3111 οὐσία
693 3055 966 3133 ἔμψυχος,
1027 3058 1338 3129 αἰσθητικὴ,
1390 3051 1748 3132 ἅμετάϐατος.
1807 3057 1877 3111 Τὸ
1954 3054 2127 3130 ἔμψυ-

477 3164 581 3221 χον
641 3142 700 3201 δὲ
757 3147 891 3220 μετά
943 3150 1041 3202 τοῦ
1095 3147 1422 3218 ἀναισθήτου
1477 3147 1541 3201 τὸ
1598 3147 1761 3222 φυτὸν
1819 3149 2128 3216 συνιστῶσι,

475 3235 568 3290 καὶ
642 3233 751 3292 ἔστι
830 3237 937 3310 (τὸ)
994 3236 1159 3314 φυτὸν
1237 3235 1393 3292 οὐσία
1458 3230 1730 3311 ἔμψυχος,
1785 3234 2128 3306 ἀναίσθητος.
2163 3269 2205 3336 C

477 3324 578 3379 Καὶ
625 3323 780 3402 ἕτερα
823 3325 988 3383 πάλιν
1051 3324 1248 3403 ἑτέρων
1309 3323 1470 3381 εἰδῶν
1523 3323 1756 3401 γίνονται
1819 3325 2129 3396 συστατικὰ,

475 3413 740 3493 πρότερον
772 3409 901 3471 ὄντα
927 3419 1097 3492 γενῶν
1120 3413 1440 3492 διαιρετικά.

549 3523 622 3593 η’.
668 3521 815 3577 Διότι
866 3526 996 3598 γοῦν
1043 3524 1098 3577 αἰ
1148 3519 1468 3600 διαιρετικαὶ
1517 3525 1626 3577 τῶν
1671 3524 1842 3599 γενῶν
1881 3518 2134 3600 διαφοραὶ

477 3611 718 3688 γίνονται
748 3613 1060 3667 συστατικαὶ
1106 3615 1212 3667 τῶν
1275 3609 1453 3684 εἰδῶν,
1487 3612 1628 3685 ὁμοῦ
1683 3618 1849 3668 πᾶσαι
1905 3609 2136 3682 κέκλην-

477 3721 569 3755 ται
600 3698 888 3756 εἰδοποιοί.

549 3809 614 3866 θ’.
649 3809 818 3864 Αὗται
858 3806 916 3863 δὲ
959 3809 1012 3863 αἱ
1062 3805 1314 3887 διαφοραὶ
1365 3805 1618 3882 λέγονται
1667 3807 1802 3862 εἶναι
1852 3808 1921 3862 τὰ
1964 3805 2136 3862 ὑπάλ-

485 3895 638 3968 ληλα
675 3899 831 3973 γὲνη,
885 3895 1322 3972 ἀπαραλλάκτως
1355 3893 1413 3951 δὲ
1462 3895 1561 3951 οὐκ
1608 3895 1762 3968 εἰσὶν,
1795 3894 1919 3951 ἀλλ’
1957 3894 2137 3970 ὥσπερ

483 3986 681 4063 θερμὸν
753 3987 842 4042 καὶ
919 3985 1156 4062 ψυχρόν.
1219 3986 1607 4058 Ὀνομάζονται
1681 3985 1776 4058 μὲν
1836 3984 1925 4040 καὶ
1983 3985 2138 4039 αὗται

489 4076 648 4150 μόναι
715 4077 769 4131 αἱ
836 4073 1148 4146 ποιότητες,
1195 4077 1231 4144 ἡ
1295 4074 1566 4151 θερμότης
1640 4071 1899 4144 δηλονότι
1955 4073 2044 4128 καὶ
2102 4076 2138 4142 ἡ

484 4165 794 4242 ψυχρότης·
826 4164 1118 4220 καλοῦνται
1152 4161 1211 4219 δὲ
1267 4163 1409 4218 οὕτω
1463 4163 1554 4218 καὶ
1599 4165 1666 4218 τὰ
1711 4167 1819 4218 τῶν
1877 4162 2139 4218 τοιούτων

485 4255 795 4325 ποιοτήτων
851 4251 1151 4330 μετέχοντα
1215 4253 1463 4326 σώματα,
1519 4249 1693 4328 ἤγουν
1747 4251 1811 4306 τὸ
1869 4256 2028 4324 σῶμα
2080 4252 2143 4305 τὸ

486 4339 616 4421 ἔχον
675 4342 726 4397 ἐν
786 4343 961 4415 ἑαυτῷ
1014 4343 1114 4412 τὴν
1197 4340 1510 4420 θερμότητα
1585 4339 1832 4408 καλεῖται
1920 4341 2141 4417 θερμὸν,

488 4433 578 4490 καὶ
632 4433 696 4488 τὸ
748 4433 848 4502 τήν
909 4431 1236 4508 ψνχρότητα
1291 4429 1624 4504 κεκτημένον
1684 4429 1917 4506 ψυχρόν.
1969 4430 2040 4483 Τὸ
2100 4427 2146 4484 δ’

490 4521 620 4578 αὐτὸ
655 4521 788 4578 κάπὶ
843 4526 952 4576 τῶν
987 4518 1175 4576 ἄλλων
1224 4521 1535 4592 ποιοτήτων
1566 4541 1626 4575 τε
1685 4519 1777 4574 καὶ
1829 4517 2145 4592 πεποιωμὲ-

490 4633 598 4668 νων
626 4609 892 4685 σωμάτων
929 4607 1068 4666 ἔστιν
1102 4610 1297 4685 εὑρεῖν.

567 4725 616 4776 ι’.
656 4716 810 4774 Οὕτω
867 4715 934 4787 δὴ
983 4717 1096 4791 (καὶ
1155 4721 1316 4790 σῶμα
1368 4715 1484 4789 καὶ)
1538 4715 1851 4788 ἀσώματον,
1897 4713 2145 4789 ἔμψυχόν

507 4829 569 4864 τε
632 4808 722 4863 καὶ
781 4806 1012 4883 ἄψυχον,
1071 4805 1160 4860 καὶ
1237 4805 1551 4876 αἰσθητικὸν
1611 4804 1702 4858 καὶ
1760 4801 2002 4879 λογικὸν,
2061 4802 2152 4856 καὶ

492 4894 673 4952 τᾶλλα
731 4895 960 4970 ὁμοίως.
1022 4894 1284 4970 Λὲγονται
1339 4894 1434 4968 μὲν
1483 4893 1582 4948 ’καὶ
1662 4893 1819 4947 αὗται
1894 4891 2051 4965 μόναι
2098 4891 2152 4944 αἱ

496 4985 806 5057 ποιότητες·
860 4987 894 5054 ἡ
966 4983 1316 5057 σωματότης,
1361 4985 1397 5053 ἡ
1449 4981 1833 5055 ἀσωματότης,
1886 4983 1921 5050 ἡ
1981 4978 2152 5053 ἐμψυ-

497 5075 691 5151 χότης,
745 5077 780 5144 ἡ
857 5073 1165 5148 ἆψυχότης,
1224 5075 1259 5142 ἡ
1320 5071 1727 5142 αἰσθητικότης,
1775 5072 1810 5139 ἡ
1865 5068 2157 5146 λογικότης

495 5166 586 5224 καὶ
651 5165 738 5221 ἐπὶ
789 5167 898 5219 τῶν
959 5161 1168 5217 λοιπῶν
1229 5159 1507 5222 ὡσαύτως·
1569 5157 1822 5234 λέγονται
1879 5155 1925 5213 δ’
1983 5157 2157 5220 οὕτως

494 5257 586 5313 καὶ
634 5255 690 5310 αἱ
740 5252 916 5308 οὐσίαι
970 5251 1025 5305 αἱ
1070 5250 1165 5311 τὰς
1213 5247 1468 5311 τοιαύτας
1514 5246 1567 5303 ἐν
1624 5248 1839 5309 ἑαυταῖς
1889 5245 2156 5318 κεκτημέ-

496 5367 582 5401 ναι
613 5342 932 5414 ποιότητας.
966 5344 1140 5413 Σῶμα
1173 5339 1266 5411 μὲν
1312 5340 1346 5407 ἡ
1399 5339 1496 5406 τήν
1555 5336 1918 5410 σωματότητα
1965 5356 2158 5405 κεκτη-

503 5435 638 5508 μένη
703 5430 875 5486 οὐσία·
928 5429 1216 5501 ἀσώματον
1267 5423 1325 5481 δὲ
1367 5429 1402 5499 ἡ
1453 5427 1553 5495 τήν
1602 5424 2021 5498 ἀσωματότητα·
2069 5423 2158 5478 καὶ

499 5525 536 5592 ἡ
574 5522 667 5596 μὲν
717 5519 817 5588 τὴν
864 5515 1224 5590 ἐμψυχότητα
1275 5508 1480 5590 ἔχουσα
1528 5510 1803 5586 ἔμψυχον·
1853 5514 1887 5580 ἡ
1948 5510 2006 5566 δὲ
2059 5511 2157 5579 τὴν

503 5609 831 5688 ἀψυχότητα
882 5607 1116 5684 ἄψυχον·
1149 5607 1184 5675 ἡ
1231 5601 1290 5658 δὲ
1345 5603 1443 5673 τὴν
1495 5601 1924 5673 αἰσθητικότητα
1975 5600 2163 5672 αἰσθη-

504 5698 674 5762 τικόν·
707 5696 795 5758 καὶ
826 5698 861 5769 ἡ
893 5695 992 5765 τὴν
1025 5691 1362 5772 λογικόοητα
1393 5689 1635 5771 λογικόν.

2233 1984 2577 2040 constituvce
2624 1987 2751 2038 tum
2791 1982 3082 2048 divisivae;
3129 1982 3387 2038 divisivae
3420 1983 3658 2054 quidem
3707 2001 3882 2056 gene-

2235 2090 2390 2137 rum,
2447 2071 2788 2128 constituvaa
2846 2089 2980 2126 vero
3036 2071 3385 2143 specierum.
3443 2072 3666 2143 Corpus
3725 2075 3882 2130 enim

2233 2167 2293 2218 et
2321 2162 2726 2233 incorporeum
2772 2160 3162 2216 substantiam
3211 2161 3500 2229 dividunt,
3525 2168 3581 2217 et
3627 2163 3885 2220 sentiens

2235 2267 2566 2321 sensusque
2609 2267 2814 2320 expers
2855 2248 3181 2304 animatum
3213 2250 3499 2318 dividunt,
3531 2255 3586 2306 et
3619 2268 3884 2324 progres-

2236 2342 2426 2397 sivum
2460 2338 3003 2411 progressionisque
3046 2355 3253 2410 expers
3302 2340 3564 2395 sentiens
3594 2341 3882 2396 dividunt.

2237 2429 2368 2485 Haec
2421 2428 2646 2484 scilicet
2697 2444 2825 2499 qua;
2875 2444 3089 2499 genera
3136 2427 3426 2496 dividunt,
3462 2429 3685 2500 species
3726 2431 3887 2503 ipsas

2239 2518 2624 2575 constituunt.
2660 2517 3004 2572 Animatum
3037 2516 3194 2572 enim
3244 2521 3302 2572 et
3347 2518 3606 2574 sentiens
3649 2524 3705 2574 et
3753 2537 3885 2592 pro-

2238 2607 2566 2681 gressivum
2612 2606 2981 2661 constituunt
3029 2603 3268 2660 animal.
3314 2605 3544 2662 Animal
3591 2607 3748 2663 enim
3798 2613 3889 2664 est

2239 2695 2571 2752 substantia
2640 2695 2916 2760 animata,
2975 2695 3254 2762 sentiens,
3310 2696 3698 2766 progressiva.
3743 2696 3889 2753 Ani-

2241 2791 2502 2854 matum,
2563 2785 2822 2840 sentiens
2880 2783 3308 2856 progressionis
3363 2801 3600 2857 eXpers,
3671 2787 3886 2843 consti-

2238 2879 2416 2930 tuunt
2445 2871 2851 2945 plantanimal.
2890 2871 3278 2927 Plantanimal
3309 2873 3465 2928 enim
3497 2879 3586 2929 est
3617 2875 3890 2932 substan-

2239 2964 2324 3019 tia
2371 2963 2654 3031 animata,
2688 2961 2966 3032 sentiens,
3016 2961 3444 3034 progressionis
3492 2980 3715 3035 expers.
3746 2966 3887 3020 Ani-

2241 3059 2466 3108 matum
2519 3056 2712 3107 autem
2765 3067 2898 3106 cum
2949 3066 3015 3106 eo
3063 3050 3219 3121 quod
3278 3067 3491 3107 sensus
3545 3069 3750 3124 expers
3802 3058 3893 3110 est

2241 3140 2504 3215 plantam
2537 3139 2860 3196 constituit.
2892 3139 3111 3210 Estque
3141 3138 3342 3211 planta
3388 3141 3720 3198 substantia
3763 3142 3888 3198 ani-

2243 3235 2422 3297 mata,
2456 3246 2665 3285 sensus
2705 3245 2931 3301 expers.
2963 3229 3032 3283 Et
3071 3245 3277 3284 rursus
3307 3228 3423 3284 alia
3471 3229 3617 3287 alias
3665 3231 3891 3304 species

2242 3319 2630 3389 constituunt,
2663 3334 2798 3375 eum
2829 3317 2995 3390 prius
3023 3333 3239 3390 genera
3268 3317 3591 3375 diviserint.

2313 3519 2368 3572 8.
2400 3519 2714 3588 Propterea
2750 3513 2930 3587 igitur
2958 3514 3113 3586 quod
3165 3513 3420 3570 divisivas
3469 3531 3750 3588 generum
3781 3517 3895 3574 dif—
3975 3547 3980 3550 -

2244 3604 2500 3662 ferentia:
2532 3603 2858 3676 specierum
2899 3603 3285 3659 constitutivee
3317 3604 3675 3674 efﬁciuntur,
3707 3606 3895 3679 speci-

2246 3696 2365 3751 ﬁcaa
2395 3693 2573 3750 simul
2601 3709 2804 3750 omnes
2832 3696 3047 3748 vocatae
3080 3697 3238 3749 sunt.

2315 3803 2369 3857 9.
2404 3801 2503 3857 Ha;
2533 3800 2752 3872 (porro)
2786 3798 3123 3856 differentias
3154 3799 3430 3856 dicuntur
3459 3817 3588 3858 esse
3619 3802 3772 3858 108
3803 3819 3923 3878 ge-‘

2248 3909 2390 3947 nera
2419 3888 2777 3953 subalterna,
2811 3887 3325 3944 indiscriminatim
3357 3893 3556 3945 tamen
3591 3907 3704 3946 non
3737 3897 3897 3963 sunt,

2249 3981 2351 4037 sed
2383 3980 2537 4034 sicut
2566 3977 2825 4033 calidum
2875 3982 2932 4032 et
2981 3977 3262 4049 frigidum
3294 3982 3380 4047 (se
3411 3979 3670 4048 habent).
3699 3981 3900 4036 Nomi-

2249 4072 2467 4125 nantur
2493 4067 2729 4138 quidem
2762 4065 2890 4137 (sic)
2923 4069 2980 4120 et
3010 4064 3095 4119 hae
3145 4065 3280 4121 solae
3327 4067 3660 4138 qualitates,
3694 4068 3902 4125 calidi—

2250 4162 2342 4214 tas
2370 4156 2638 4212 videlicet
2667 4159 2724 4210 et
2766 4153 3058 4226 frigiditas
3091 4171 3104 4209 :
3143 4155 3244 4210 sed
3296 4162 3580 4212 vocantur
3608 4157 3693 4213 sic
3724 4158 3901 4214 etiam

2252 4262 2514 4319 corpora,
2565 4261 2692 4316 quae
2741 4243 3084 4314 hujusmodi
3134 4241 3450 4314 qualitates
3501 4245 3901 4318 participant:

2253 4351 2462 4406 nempe
2494 4350 2705 4406 corpus
2745 4333 2900 4404 quod
2949 4332 3008 4386 in
3061 4331 3254 4405 seipso
3298 4331 3658 4390 caliditatem
3706 4335 3906 4403 habet,

2255 4425 2514 4482 calidum
2543 4426 2803 4488 vocatur,
2836 4425 2894 4478 et
2923 4421 3078 4494 quod
3118 4419 3497 4494 frigiditatem
3529 4423 3775 4492 obtinet,
3804 4425 3908 4481 fri-

2255 4515 2481 4588 gidum.
2516 4513 2794 4582 Idemque
2841 4511 3018 4567 etiam
3063 4511 3124 4565 in
3155 4510 3287 4566 aliis
3333 4515 3392 4566 et
3439 4511 3824 4593 qualitatibus
3853 4518 3912 4571 et

2259 4603 2540 4680 qualitate
2569 4600 2830 4674 praeditis
2861 4599 3205 4672 corporibus
3235 4599 3668 4672 deprehendere
3697 4602 3854 4660 licet.

2330 4709 2418 4763 10.
2451 4707 2542 4762 Sic
2571 4723 2711 4762 sane
2741 4706 2918 4762 etiam
2962 4710 3020 4762 et
3067 4723 3281 4778 corpus
3312 4707 3700 4781 (corporeum)
3731 4713 3789 4765 et
3819 4709 3909 4766 in-

2263 4812 2606 4870 corporeum
2639 4799 2695 4850 et
2728 4795 3056 4850 animatum
3088 4796 3618 4868 iuanimatumque,
3647 4804 3705 4854 et
3733 4799 3917 4855 sensi-

2264 4888 2449 4946 tivum
2480 4889 2537 4940 et
2566 4884 2868 4951 rationale,
2893 4889 2950 4939 et
2997 4883 3113 4940 alia
3151 4885 3441 4940 similiter.
3475 4885 3763 4943 Dicuntur
3790 4887 3918 4960 qui-

2265 4978 2394 5033 dem
2415 4978 2471 5030 et
2485 4973 2577 5030 bas
2593 4972 2727 5028 solm
2744 4972 3084 5045 qualitates;
3105 4973 3461 5046 corporeitas
3474 4976 3564 5046 (ut
3579 4975 3660 5030 ita
3675 4977 3914 5047 dicam),

2267 5062 2709 5137 incorporeitas,
2752 5061 3112 5127 animatitas,
3162 5062 3585 5136 inanimatitas,
3625 5065 3918 5121 sensitivi-

2266 5160 2378 5220 tas,
2405 5149 2892 5222 rationalitas(vel
2928 5167 3229 5222 corporea,
3254 5151 3613 5223 incorporea,
3639 5154 3921 5222 animata,

2268 5242 2614 5307 inanimata,
2640 5240 2922 5305 sentiens,
2954 5239 3256 5295 rationalis
3288 5240 3561 5313 qualitas)
3591 5259 3604 5297 :
3630 5245 3688 5298 et
3714 5244 3920 5300 eodem

2271 5331 2443 5388 modo
2475 5331 2533 5385 in
2567 5328 2699 5384 aliis
2732 5345 2793 5384 se
2825 5344 2918 5384 res
2950 5328 3158 5390 habet;
3191 5329 3291 5384 sed
3323 5330 3601 5386 dicuntur
3629 5333 3804 5388 etiam
3837 5333 3921 5389 sic

2271 5418 2614 5476 substantias
2645 5433 2773 5489 qua:
2813 5417 3227 5488 hujuscemodi
3259 5419 3319 5474 in
3369 5419 3578 5492 seipsis
3609 5420 3924 5492 qualitates

2272 5509 2537 5566 obtinent
2572 5524 2582 5561 :
2620 5523 2834 5577 corpus
2887 5505 3146 5576 quidem,
3170 5507 3504 5564 substantia
3541 5527 3669 5580 quae
3718 5526 3923 5582 corpo-

2273 5599 2539 5655 reitatem
2569 5595 2823 5663 obtinet;
2872 5595 3280 5668 incorporeum
3311 5601 3529 5667 autem,
3557 5615 3684 5672 qua:
3732 5599 3924 5656 incor-

2275 5686 2646 5766 poreitatem;
2682 5687 2738 5741 et
2781 5700 2909 5758 quae
2959 5685 3200 5761 quidem
3251 5687 3675 5746 animatitatem
3725 5687 3920 5764 habet,
