2063 3232
151 200 206 231 771

781 204 993 236 NiCEPHORl
1015 204 1236 238 BLEMMIDIE

1805 213 1864 246 7'72

150 267 329 301 animatum;
343 276 407 304 qua:
417 277 483 297 vero
493 269 749 306 inanimatitatem,
761 270 973 300 inanimatum:
998 273 1072 301 190
1087 281 1152 309 qua:
1173 275 1408 312 sensitivitatem,
1427 278 1620 314 sensitivum;
1645 288 1709 317 quae
1734 282 1863 311 rationa-

150 311 263 339 litatem
280 312 432 341 rationale.

185 366 228 393 11.
245 365 293 392 Ha:
309 366 399 401 igitur
419 366 573 402 qualitates
599 376 649 403 per
674 377 703 395 se
728 369 847 404 quidem
865 369 956 403 (consi

1066 362 1108 390 ια’.
1125 362 1208 390 Δῦται
1226 364 1274 400 μὲν
1297 363 1342 391 οὖν
1368 366 1427 397 καθ’
1452 366 1548 398 ἑαυτὰς
1574 367 1603 395 αἵ
1626 369 1772 404 ποιότητές
1795 371 1862 398 εἶσιν

148 410 266 445 derata)
286 411 455 438 differentiae
481 415 572 439 sunt:
596 413 766 440 substantia:
791 417 888 441 autem
912 422 976 450 qua

147 454 304 489 qualitates
320 453 465 490 ejusmodi
484 457 668 490 participant,
682 457 854 485 subalterna
869 466 976 493 genera

146 499 301 531 exsistunt,
314 499 472 534 (quomodo
489 501 567 527 enim
589 501 661 528 alias
686 502 786 529 eadem
818 505 845 529 et
869 511 974 537 genera

146 543 255 570 fuerint
270 546 298 570 et
313 544 482 571 differentia:
493 545 516 579 ?)
533 548 560 571 et
577 548 608 572 ut
624 546 791 572 differentiae
809 547 927 581 quidem
943 547 973 574 in

145 587 231 623 quale
246 588 315 622 quid
341 591 395 622 est,
409 592 439 615 ut
455 597 562 624 genera
579 598 644 617 vero
660 590 689 616 in
707 591 776 625 quid
803 594 846 617 est
872 591 960 626 praedi

146 632 302 659 cabuntur.

181 677 223 703 12.
241 677 321 708 Quod
348 677 370 703 si
393 680 489 704 autem
507 678 594 704 etiam
620 687 706 706 omne
730 687 822 714 genus
839 680 916 714 quod
940 680 970 708 in

144 720 253 755 species
270 721 418 753 dividitur,
438 730 486 756 per
509 722 686 749 differentias
711 724 850 751 divisivas
866 724 969 752 dividi-

144 768 206 798 tur;
224 765 356 791 omnium
378 769 475 792 autem
497 774 640 794 consensu
657 770 686 794 et
701 769 885 796 confessione
900 770 969 797 sub-

144 809 257 836 stantize
275 810 386 844 species
403 813 472 837 sunt
492 819 597 846 corpus
620 815 647 838 et
674 812 876 847 incorporeum
895 822 902 841 :
918 822 970 850 per

143 853 243 888 quales
259 853 435 881 differentias
453 855 481 881 in
498 855 551 882 has
575 856 741 883 substantia
765 857 903 884 dividitur
918 860 970 885 aut

143 897 288 924 dividetur
304 899 358 924 nisi
377 907 426 933 per
442 899 535 934 ipsam
553 902 580 926 et
596 901 817 935 corporeitatem
832 904 858 928 et
875 901 968 930 incor-

142 942 333 977 poreitatem?
352 943 463 970 Rursus
475 946 571 971 autem
587 953 691 979 corpus
707 944 735 971 in
753 946 884 980 proprias
901 955 966 982 spe-

140 986 209 1018 cies,
226 986 388 1014 animatum
415 990 443 1014 et
468 988 675 1022 inanimatum,
693 990 839 1024 quomodo
865 990 967 1027 utique

140 1031 287 1057 secabitur
301 1040 387 1065 quam
405 1031 514 1058 scilicet
531 1041 581 1067 per
596 1033 807 1060 animatitatem
825 1037 853 1061 et
870 1035 966 1062 inani-

140 1075 323 1102 matitatem?
338 1076 458 1107 Quando
471 1076 547 1103 enim
561 1077 757 1104 substantiam
777 1079 803 1105 in
822 1087 928 1114 corpus
939 1082 966 1107 et

138 1118 343 1154 incorporeum
355 1120 444 1147 dividi
461 1121 598 1154 dicimus,
612 1121 639 1148 in
654 1123 847 1150 substantiam
865 1132 964 1159 corpo-

139 1166 233 1191 ratam
249 1168 277 1191 et
292 1173 349 1191 non
373 1168 554 1200 corporatam
582 1166 754 1201 simpliciter
769 1168 964 1196 substantiam

138 1207 229 1234 dividi
247 1209 474 1243 pronuntiamus
492 1218 498 1235 ε
516 1210 655 1244 quoniam
677 1219 782 1246 corpus
800 1215 884 1239 antea
899 1213 964 1248 qui-

138 1252 204 1279 dem
221 1252 387 1279 substantia
411 1256 524 1280 tantum
551 1257 621 1286 erat,
648 1258 839 1291 posteaquam
866 1261 964 1285 autem

138 1298 203 1322 actu
216 1296 439 1331 corporeitatem
456 1299 471 1323 l
482 1298 529 1324 10
541 1298 627 1325 etiam
640 1300 811 1335 assumpsit,
826 1301 964 1329 substan-

137 1339 177 1366 tia
192 1348 329 1375 corporea
346 1341 455 1368 factum
472 1344 526 1368 est.
544 1343 711 1378 Eodemque
728 1345 813 1371 modo
831 1345 963 1382 incorpo-

136 1392 217 1411 reum
234 1384 457 1420 incorporeitate
473 1389 601 1422 accepta,
615 1388 779 1415 substantia
794 1389 964 1426 incorporea

137 1428 245 1456 factum
262 1432 316 1456 est.
334 1430 389 1457 Sed
406 1432 434 1457 et
449 1431 612 1460 animatum
630 1435 715 1459 antea
736 1436 797 1460 erat
820 1434 963 1470 simplici-

138 1474 181 1500 ter
196 1481 313 1509 corpus,
338 1474 393 1502 hoc
417 1477 461 1502 est
484 1476 649 1503 substantia
672 1485 823 1512 corporea;
848 1481 962 1513 postea-

138 1526 228 1552 quam
259 1521 356 1545 autem
387 1519 579 1547 animatitatis
604 1521 749 1557 particeps
774 1525 817 1549 est
841 1524 962 1559 factum,

137 1570 243 1597 corpus
256 1562 419 1590 animatum
436 1564 569 1591 effectum
587 1567 640 1592 est.

174 1606 217 1633 13.
234 1606 353 1638 Quando
380 1607 470 1643 igitur
485 1608 657 1636 divisionem
683 1611 813 1645 corporis
839 1612 961 1641 facimus

136 1650 166 1677 in
192 1650 355 1678 animatum
386 1655 412 1679 et
442 1652 772 1690 inanimatum,corpus
802 1657 961 1685 subaudire

135 1698 257 1731 oportet,
276 1699 306 1722 ut
322 1705 428 1731 corpus
450 1696 479 1724 in
507 1705 611 1732 corpus
639 1699 800 1726 animatum
818 1704 845 1727 ct
862 1701 959 1728 inani-

1030 406 1058 433 αἱ
1078 404 1215 445 διαφοραί·
1238 408 1266 434 αἱ
1282 407 1311 436 δὲ
1327 410 1491 448 μετέχουσαι
1515 414 1569 438 τῶν
1592 413 1725 441 τοιούτων
1749 416 1864 451 ποιοτή-

1028 460 1083 477 των
1112 450 1200 478 οὐσίαι
1233 452 1267 479 τὰ
1296 452 1446 489 ὑπάλληλα
1469 457 1532 492 γένη
1563 458 1755 495 τυγχάνουσιν.
1786 459 1862 487 Ἐπεὶ

1029 495 1087 524 πῶς
1118 493 1148 521 ἂν
1176 496 1208 522 τὰ
1238 496 1304 524 αὐτὰ
1330 497 1374 525 καὶ
1403 498 1468 536 γένη
1499 499 1604 528 ἔσοιντο
1634 502 1680 529 καὶ
1714 501 1861 542 διαφοραί;

1029 538 1077 565 Καὶ
1105 539 1142 570 ὡς
1167 538 1293 579 διαφοραὶ
1323 542 1381 578 μὲν,
1406 542 1432 570 ἐν
1455 547 1495 580 τῷ
1519 545 1614 573 ὁποῖόν
1637 546 1664 574 τί
1691 547 1747 575 ἐστι
1766 538 1860 584 ’κὰτψ

1027 584 1179 620 γορηθεῖεν,
1194 585 1232 616 ὡς
1247 586 1311 623 γένη
1329 585 1352 614 δ’
1368 586 1400 614 αὖ
1416 587 1442 615 ἐν
1457 591 1497 625 τῷ
1511 590 1537 617 τί
1553 589 1636 620 ἐστιν.

1063 673 1106 710 ιβ’.
1123 673 1155 700 El
1185 672 1214 701 δὲ
1242 675 1286 702 καὶ
1315 678 1367 703 πᾶν
1396 677 1473 714 γένος
1504 678 1542 711 εἷς
1572 678 1631 714 εἷ’δη
1665 679 1857 719 διαιρούμενον

1025 715 1070 744 διὰ
1101 720 1156 745 τῶν
1189 718 1359 757 διαιρετικῶν
1390 720 1534 760 διαιρεῖται
1555 715 1799 764 διαιφορῶν·ἐῖ¹δη
1828 726 1858 755 δὲ

1023 765 1073 796 τῆς
1102 762 1193 794 οὐσίας
1223 764 1425 803 ὁμολογοῦνται
1462 767 1529 794 εἶναι
1558 769 1589 796 τὸ
1619 762 1700 806 σῶμα
1729 771 1774 798 καὶ
1801 772 1856 809 (τὸ)

1023 806 1177 843 ἀσώματον
1208 807 1251 836 διὰ
1279 809 1366 837 ποίων
1399 809 1535 850 διαφορῶν
1561 813 1599 844 εἰς
1628 816 1713 842 ταῦτα
1734 817 1751 850 ἡ
1778 806 1856 844 οὖσία

1024 848 1166 889 διαιρεῖται
1190 853 1207 886 ἢ
1233 848 1487 892 διαιρεθήσεται,ἐί
1519 858 1556 893 μή
1587 856 1622 885 δι’
1651 848 1856 898 αὐτῆς-σωμα-

1021 895 1137 942 τότητός
1166 907 1195 924 τε
1223 898 1268 925 καὶ
1301 900 1374 936 (τῆς)
1403 900 1687 938 ἀσωματότητος;Τὸ
1717 902 1746 931 δὲ
1773 895 1854 942 σιῖιμα

1021 938 1104 967 πάλιν
1129 940 1168 972 εἰς
1190 941 1224 969 τὲ.
1248 942 1336 970 οἰκεῖα
1360 943 1431 980 ε’ἓδη⁷
1447 945 1479 972 τὸ
1495 943 1620 984 ἔμψυχόν
1635 958 1665 975 τε
1679 948 1724 975 καὶ
1738 949 1770 976 τὸ
1785 948 1853 987 ἄψυ-

1020 994 1083 1022 χον,
1099 987 1159 1017 πῶς
1179 986 1231 1023 ἄρα
1254 989 1436 1025 τμηθήσεται,
1452 990 1470 1024 ἢ
1493 990 1602 1022 πάντως
1628 990 1672 1019 διὰ
1695 996 1747 1028 τῆς
1768 986 1854 1032 ἐμψυ-

1020 1028 1140 1074 χοτητος
1155 1031 1200 1058 καὶ
1215 1031 1392 1070 ἇψυχότητος
1405 1043 1412 1068 ;
1428 1035 1491 1062 Ὅτε
1516 1035 1567 1074 γὰρ
1593 1034 1709 1074 λέγομεν
1729 1028 1789 1073 τὴν.
1808 1028 1852 1066 οὖ-

1022 1073 1078 1100 σίαν
1097 1073 1256 1112 διαιρεῖσθαι
1281 1076 1320 1108 εἰς
1344 1080 1424 1114 σῶμα
1450 1079 1494 1106 καὶ
1520 1073 1677 1117 ἀσώματον,
1694 1082 1732 1113 εἰς
1758 1083 1851 1111 οὐσίαν

1022 1120 1258 1156 σεσωματωμένην
1273 1121 1318 1148 καὶ
1346 1123 1385 1158 μή
1411 1124 1660 1162 σεσωματωμένην,
1675 1126 1725 1161 τὴν
1754 1127 1850 1160 ἁπλῶς

1021 1162 1303 1211 οὖσίανιδιαιρεῖσθαί
1336 1177 1434 1211 φαμεν·
1465 1167 1522 1211 ἐπει
1550 1169 1583 1196 τὸ
1610 1172 1691 1207 σῶμα
1717 1171 1850 1211 πρότερον

1020 1207 1053 1241 ἦν
1070 1207 1148 1235 οὐσία
1163 1209 1257 1246 μόνον,
1275 1209 1392 1248 ἐνεργείᾳ
1415 1210 1444 1239 δὲ
1469 1210 1552 1240 λαϐὁν
1582 1214 1627 1241 καὶ
1656 1207 1849 1254 (τήν)’σωμα-

1018 1251 1129 1288 τότητα,
1169 1252 1276 1291 γέγονεν
1322 1254 1400 1283 οὐσία
1438 1256 1603 1294 ἐνσώματος.
1643 1259 1779 1292 Ὡσαύτως
1821 1260 1850 1289 δὲ

1018 1296 1062 1323 καὶ
1087 1297 1117 1324 τὸ
1141 1297 1284 1334 ἀσώματον
1310 1297 1453 1336 δεξάμενον
1477 1302 1526 1336 τὴν
1542 1303 1742 1340 ἀσωματότητα
1770 1305 1849 1334 οὐσία

1019 1341 1135 1389 ὑπῆρξεν
1176 1341 1329 1379 ἀσώματος.
1360 1345 1409 1389 Καὶ
1436 1346 1467 1373 τὸ
1503 1345 1627 1386 ἔμψυχον
1659 1347 1688 1376 δὲ
1714 1349 1847 1389 πρότερον

1017 1385 1050 1419 ἧν
1078 1384 1172 1417 ἁπλῶς
1207 1388 1296 1423 σῶμα,
1323 1388 1458 1416 τουτέστιν
1492 1384 1771 1430 οὐσία-Ἵένσώματος·
1798 1384 1846 1432 με·

1017 1431 1117 1478 τασχδν
1146 1429 1175 1458 δὲ
1206 1431 1250 1459 καὶ
1285 1436 1336 1467 τῆς
1373 1433 1578 1472 ἐμψυχότητος,
1609 1429 1690 1474 σῶμα
1721 1429 1847 1478 ἔμψυίχον

1018 1474 1198 1503 ἐκτετέλεσται
1203 1499 1209 1505 .

1054 1609 1094 1647 ιγ’.
1111 1611 1174 1637 Ὅτε
1206 1614 1271 1649 γοῦν
1305 1615 1352 1640 τοῦ
1385 1614 1511 1650 σώματος
1552 1616 1600 1650 τὴν
1641 1615 1770 1655 διαίρεσιν
1805 1619 1844 1651 εἷς

1015 1650 1140 1691 ἔμψυχον
1165 1658 1296 1692 ποιοῦμεν
1321 1658 1366 1684 καὶ
1392 1658 1509 1696 ἄψυχον,
1534 1660 1590 1698 χρὴ
1623 1663 1841 1700 προσυπακούειν

1014 1697 1044 1724 τὸ
1060 1700 1149 1734 σῶμα·
1160 1698 1210 1727 ’ἕνα
1239 1699 1376 1738 διαιρῆται
1399 1703 1429 1730 τὸ
1454 1705 1534 1741 σῶμα
1558 1704 1597 1736 εἷς
1622 1703 1748 1745 ἔμψυχον
1764 1710 1844 1745 σῶμα

135 1741 246 1767 malum
264 1748 369 1776 corpus
385 1741 541 1768 dividatur.
558 1742 662 1777 Sicque
685 1744 772 1771 etiam
789 1745 818 1772 in
834 1745 900 1773 aliis
914 1748 959 1774 est

1296 1735 1300 1738 .
1325 1735 1329 1737 ν
1496 1735 1501 1741 ν
1638 1735 1643 1742 I
1666 1735 1671 1743 ι
1698 1735 1718 1745 Ικ.
1806 1735 1810 1745 Ι
1831 1735 1843 1736 ﬂ

1019 1742 1058 1768 καὶ
1088 1743 1194 1781 ἄψυχον
1219 1747 1307 1782 σῶμα.
1331 1746 1409 1774 Οὕτω
1431 1746 1463 1782 δή
1490 1748 1556 1776 κάπὶ
1582 1752 1636 1777 τῶν
1653 1750 1844 1792 ἄλλωνίιτοιη-

134 1784 316 1818 faciendum;
335 1788 366 1811 ut
390 1788 418 1812 et
440 1786 606 1813 differentiae
623 1790 651 1814 et
665 1796 772 1823 genera
787 1790 958 1826 speciesque

134 1828 196 1855 sine
212 1829 382 1856 confusione
398 1833 605 1857 conserventur
620 1831 647 1858 id
665 1833 740 1867 quod
759 1837 836 1861 sunt.

169 1873 212 1899 14.
230 1873 270 1900 De
290 1874 437 1901 essentiali
455 1875 573 1909 quidem
599 1875 687 1911 igitur
703 1877 875 1911 differentia,
893 1888 956 1915 quae

132 1917 221 1945 etiam
247 1918 448 1953 propriissime
473 1919 634 1947 differentia
651 1924 780 1957 vocatur,
798 1922 857 1950 hinc
880 1924 957 1952 dicta

132 1961 201 1989 sint.

166 2007 209 2034 15.
231 2009 267 2034 At
294 2016 361 2035 vero
389 2008 553 2035 differentia
584 2010 716 2037 essentia
745 2012 883 2047 adjuncta
911 2015 956 2041 est

128 2051 226 2086 ipsum
244 2052 389 2080 accidens.

165 2096 207 2122 16.
225 2096 369 2123 Dividitur
384 2099 481 2124 autem
506 2098 564 2125 haec
580 2101 608 2125 et
623 2098 651 2125 in
668 2101 865 2128 communiter
879 2104 908 2130 et
923 2102 953 2130 in
969 2102 972 2104 ξ

126 2140 241 2176 proprie
258 2140 389 2176 (dictam)
406 2141 611 2169 differentiam.

162 2185 205 2211 17.
222 2185 256 2212 Et
271 2186 466 2213 communiter
481 2186 600 2221 quidem
617 2188 715 2224 (dicla)
732 2189 894 2218 differentia
909 2193 953 2219 est

125 2228 260 2256 accidens
279 2229 452 2265 separabile,
469 2231 547 2265 quod
570 2231 657 2259 etiam
683 2233 712 2259 in
741 2242 773 2261 eo
805 2236 952 2269 quomodo

125 2272 235 2308 aliquid
252 2282 283 2301 se
298 2274 413 2306 habeat,
426 2275 609 2310 praedicatur.
626 2277 744 2312 Proprie
760 2281 858 2305 autem
875 2279 953 2308 dicta

123 2317 287 2345 differentia
298 2321 343 2345 est
358 2319 554 2354 inseparabile
566 2321 710 2354 accidens,
723 2323 800 2357 quod
818 2323 904 2351 etiam
920 2324 950 2351 in

123 2361 210 2397 quale
225 2362 296 2397 quid
310 2365 354 2390 est
370 2363 487 2390 dicitur.
501 2364 666 2392 Accidentis
684 2367 757 2392 111
776 2367 853 2394 enim
871 2367 949 2396 aliud

123 2407 297 2443 separabile,
313 2407 393 2434 aliud
410 2408 603 2444 inseparabile
619 2412 673 2436 est.

159 2451 201 2478 18.
219 2451 318 2483 Quoad
334 2452 425 2487 igitur
435 2453 554 2488 quidem
567 2454 730 2489 separabile
744 2456 880 2484 accidens
896 2457 949 2484 dif-

122 2495 178 2523 fert
193 2495 376 2523 individuum
393 2497 428 2524 ab
445 2497 501 2524 alio
517 2497 667 2525 individuo
681 2501 709 2526 et
725 2508 740 2527 a
756 2500 852 2536 seipse
867 2510 872 2528 :
890 2501 948 2529 vel-

121 2540 165 2567 uti
182 2541 263 2568 sedet
288 2541 400 2574 Petrus,
418 2542 550 2569 ambulat
572 2543 681 2570 Paulus
699 2545 826 2580 :quippe
852 2547 947 2581 quoad

121 2583 222 2612 sedere
236 2588 265 2612 et
280 2585 430 2613 ambulare
445 2588 549 2613 Petrus
575 2591 602 2614 et
622 2588 730 2615 Paulus
747 2597 763 2616 a
778 2597 809 2616 se
825 2590 947 2618 invicem

120 2628 236 2656 differre
257 2630 405 2657 dicuntur.
423 2631 571 2666 Contingit
587 2634 684 2659 autem
706 2634 806 2661 sedere
824 2634 947 2663 Paulum

120 2675 149 2701 et
164 2672 282 2701 Petrum
305 2674 470 2708 ambulare;
488 2679 516 2702 et
542 2676 583 2703 sic
609 2677 644 2703 ab
667 2676 727 2704 illis
752 2679 946 2707 differentiam

119 2718 264 2752 ejusmodi
291 2719 429 2754 separari,
451 2722 479 2746 et
506 2722 662 2756 utrumque
692 2722 779 2749 etiam
810 2731 861 2758 pro
891 2723 946 2752 alio

120 2762 261 2797 accipere.
278 2762 387 2790 Rursus
404 2763 588 2792 individuum
606 2774 622 2792 a
637 2766 733 2801 seipso
753 2767 857 2799 differt,
875 2768 945 2796 dum

120 2806 277 2842 aliquando
291 2807 409 2842 quidem
425 2809 515 2844 sedet,
534 2809 691 2845 aliquando
707 2813 805 2838 autem
822 2814 879 2839 stat
894 2815 946 2840 aut

118 2849 267 2884 ambulat;
283 2852 310 2878 et
330 2851 488 2889 aliquando
514 2853 633 2890 quidem
650 2855 768 2890 dormit,
787 2855 944 2891 aliquando

1011 1786 1082 1813 πέον·
1100 1787 1138 1818 ὡς
1154 1787 1183 1815 ἂν
1197 1789 1242 1816 καὶ
1258 1791 1285 1817 αἱ
1301 1789 1427 1830 διαφοραὶ
1452 1792 1498 1819 καὶ
1522 1794 1555 1821 τὰ
1578 1793 1641 1832 γένη
1656 1794 1702 1823 καῖ
1725 1786 1758 1824 ﬁt
1781 1786 1841 1833 εἷ’δη

1013 1831 1152 1865 σώζωνται
1168 1833 1331 1872 ἀσυγχύτως
1347 1835 1413 1874 ὅπερ
1430 1836 1490 1864 εἰσί.
1585 1831 1589 1832 ν
1821 1876 1824 1879 _

1049 1874 1090 1902 ιδ’.
1108 1877 1173 1913 Περὶ
1203 1878 1251 1914 μὲν
1279 1878 1324 1907 οὗν
1354 1880 1404 1915 τῆς
1435 1881 1589 1914 οὖσιώδουςπ
1609 1882 1750 1924 διαφορᾶς,
1779 1876 1843 1921 ἥτις

1047 1919 1054 1929 \
1087 1919 1112 1947 IN
1147 1921 1153 1931 I
1321 1927 1332 1932 .-
1510 1927 1517 1935 \
1622 1930 1636 1936 ~
1661 1919 1666 1924 ’
1693 1919 1697 1923 ’
1743 1919 1748 1922 ⁷
1792 1919 1797 1921 ⁷

1011 1929 1055 1946 και
1098 1928 1220 1950 οιαιτατα
1253 1923 1375 1952 καλειται
1405 1924 1531 1965 διαφορα,
1555 1938 1673 1956 τοσαυτα
1710 1930 1840 1968 εἰρήσθω.

1048 2013 1085 2039 ιε’.
1103 2011 1133 2038 Ἡ
1157 2010 1180 2038 δ’
1204 2010 1375 2048 ἐπουσιώδης
1408 2013 1524 2054 διαφορά
1546 2016 1611 2044 αὐτό
1636 2017 1693 2045 ἐστι
1717 2019 1747 2046 τὸ
1770 2029 1839 2056 συμ-

1011 2052 1138 2091 ϐεϐηκός.

1064 2103 1264 2132 ις¹.Διαιςεῖται
1293 2100 1317 2129 δ’
1341 2102 1409 2138 αὕτη
1435 2102 1473 2135 εἴς
1496 2115 1525 2132 τε
1548 2106 1598 2140 τὴν
1617 2109 1718 2139 κοινῶς
1741 2106 1836 2147 διαφο-

1008 2144 1067 2181 ρὰν,
1083 2144 1128 2172 καὶ
1144 2145 1182 2176 εἰς
1196 2145 1245 2180 τὴν
1262 2144 1339 2178 ἷδίως
1355 2145 1497 2186 διαφοράν.

1044 2191 1085 2235 ιζὶ,
1103 2190 1152 2217 Καὶ
1180 2192 1279 2221 κοινῶς
1314 2192 1361 2227 μὲν
1401 2190 1517 2231 διαφορά
1547 2193 1603 2222 ἐστι
1636 2196 1668 2223 τὸ
1698 2198 1836 2235 χωριστὸν

1007 2231 1191 2270 στμϐεϐηκὸς,
1208 2235 1222 2262 ’ὸ
1236 2235 1282 2262 καὶ
1302 2235 1327 2263 ἐν
1353 2238 1392 2272 τῷ
1414 2239 1473 2269 πῶς
1499 2236 1563 2276 ἔχον
1586 2239 1642 2267 ἐστὶ
1670 2231 1836 2280 κατηγορεῖ-

1004 2287 1059 2305 ται·
1086 2277 1164 2310 ΐδίως
1187 2277 1216 2306 δὲ
1241 2278 1358 2319 διαφορὰ
1381 2281 1412 2309 τὸ
1437 2282 1592 2320 ἀχώριστον
1617 2277 1804 2321 συμϐεϐηκότ’
1821 2287 1837 2315 ὃ

1005 2322 1049 2368 καὶ
1078 2322 1104 2349 ἐν
1133 2325 1174 2359 τῷ
1203 2324 1298 2368 ὁποῖόν
1327 2325 1354 2352 τί
1377 2325 1432 2353 ἐστι
1458 2326 1575 2365 λέγεται.
1591 2331 1644 2356 Τοῦ
1659 2329 1710 2368 γὰρ
1736 2328 1837 2368 συμϐε-

990 2364 1122 2406 γϐηκότος
1139 2367 1169 2395 τὸ
1186 2368 1233 2404 μὲν
1251 2367 1306 2396 ἔστι
1323 2371 1470 2408 χωριστὸν,
1486 2364 1518 2399 τὸ
1534 2370 1562 2399 δὲ
1576 2364 1743 2412 ἀχώριστον.

1041 2460 1084 2492 ιη’.
1102 2457 1174 2484 Κατὰ
1208 2457 1255 2493 μὲν
1281 2456 1326 2485 οὖν
1351 2459 1382 2486 τὸ
1407 2462 1546 2498 χωριστὸν
1574 2459 1748 2500 συμϐεϐηκὸς
1773 2462 1833 2491 δια-

1003 2501 1077 2540 φέρει
1101 2502 1201 2538 ἄτομον
1227 2501 1319 2540 ἑτέρου
1353 2503 1458 2540 ἀτόμου
1482 2506 1526 2533 καὶ
1561 2507 1666 2534 ἑαυτοῦ·
1691 2508 1749 2535 οἷον
1782 2509 1832 2536 κά-

1004 2551 1083 2580 θηται
1109 2546 1221 2584 Πέτρος,
1249 2545 1351 2584 βαδίζει
1382 2548 1501 2581 Παῦλος.
1526 2552 1599 2578 Κατά
1632 2554 1696 2590 γοῦν
1729 2553 1760 2580 τὸ
1783 2563 1833 2581 κα-

1002 2590 1099 2624 θῆσθαι
1123 2591 1169 2618 καὶ
1194 2591 1224 2618 τὸ
1253 2590 1370 2637 βαδίζειν
1397 2593 1530 2630 ἀλλήλων
1553 2595 1679 2633 λέγονται
1694 2595 1830 2637 διαφέρειν

1003 2635 1017 2661 ὁ
1041 2634 1143 2673 Πέτρος
1171 2636 1216 2663 καὶ
1232 2636 1246 2663 ὁ
1262 2635 1381 2668 Παῦλος.
1399 2637 1552 2677 Ἐνδέχεται
1577 2639 1607 2668 δὲ
1629 2634 1760 2676 καθῆσθαι
1783 2643 1829 2670 τὸν

1002 2678 1110 2706 Παῦλον
1135 2680 1181 2707 καὶ
1211 2679 1328 2718 βαδίζειν
1360 2682 1404 2710 τὸν
1432 2683 1544 2721 Πέτρον,
1568 2685 1614 2712 καὶ
1642 2685 1714 2713 οὕτω
1739 2696 1830 2724 χωρι-

1001 2727 1095 2758 σθῆναι
1124 2724 1212 2752 αὐτῶν
1244 2726 1294 2760 τὴν
1324 2726 1450 2763 τοιαύτην
1479 2727 1621 2768 διαφορὰν,
1650 2730 1695 2758 καὶ
1734 2728 1829 2758 λαϐεῖν

1001 2767 1090 2803 ἄλλην
1107 2768 1162 2795 ἀντ’
1186 2767 1275 2804 ἄλλης
1297 2770 1433 2807 ἑκάτερον.
1458 2767 1546 2800 Πάλιν
1574 2772 1694 2813 διαφέρει
1725 2773 1827 2812 ἄτομον

1000 2811 1095 2840 ἑαυτοῦ
1125 2812 1151 2840 έν
1180 2815 1218 2850 τῷ
1246 2815 1313 2842 ποτὶ
1343 2815 1390 2852 μὲν
1418 2817 1561 2855 καθῆσθαι,
1580 2811 1647 2846 ποτὶ
1671 2818 1696 2847 δ’
1722 2811 1828 2848 ἱστάναι

998 2856 1017 2894 ἦ
1044 2855 1175 2898 βαδίξειν·
1202 2858 1247 2887 καὶ
1272 2859 1339 2888 ποτὲ
1368 2860 1415 2899 μὲν
1439 2860 1588 2900 καθεύδειν,
1604 2863 1670 2892 ποτὶ
1694 2862 1718 2892 δ’
1747 2863 1831 2903 ἐγρηο
