4126 6452
384 433 500 496 773

1744 428 2093 492 EPITOME
2136 415 2470 492 LOGICA.‘

3673 439 3792 500 7'74

381 565 621 642 γορέναι·
673 564 763 619 καὶ
821 565 909 619 ὁτὲ
968 564 1062 638 μὲν
1111 569 1306 630 νοσεῖν,
1353 564 1442 618 ὁτέ
1499 561 1556 618 δὲ
1614 561 1892 637 ὑγιαίνειν’
1945 559 2035 614 καὶ

2165 578 2283 616 Iero
2327 561 2553 634 vigilat;
2587 569 2642 618 et
2688 564 2834 620 alias
2883 565 3120 637 quidem
3172 573 3428 639 zegrotat,
3463 569 3608 626 alias
3656 587 3791 628 vero

382 659 473 708 νῦν
557 655 650 726 μὲν
732 654 950 726 νεάζειν,
1027 649 1209 708 ἔκτοτε
1285 650 1342 707 δὲ
1420 650 1795 728 γεγηρακέναι.
1862 653 2037 703 Ταῦτα

382 747 515 819 γοῦν
564 741 652 797 καὶ
684 741 750 797 τὰ
777 740 1136 818 παραπλήσια
1191 741 1442 817 λέγονται
1501 744 1698 802 κοινῶς
1759 736 2034 816 διαφοραὶ,

382 831 473 886 καὶ
503 832 754 907 χωριστά
784 825 1190 904 συμϐεϐηκότα.

459 939 542 1002 ιδ’.
577 939 721 992 Κατά
774 934 831 991 δὲ
903 937 960 992 τὸ
1004 937 1338 1013 ,ἀχώριστον
1422 931 1769 1010 συμϐεϐηκὸς
1846 936 2036 990 ἐαυτοῦ

389 1028 482 1101 μὲν
537 1026 598 1081 οὐ
650 1024 888 1105 διαφέρει
939 1027 1000 1081 τὸ
1051 1025 1276 1099 ἄτομον,
1330 1028 1513 1103 ἑτέρου
1564 1024 1620 1081 δὲ
1679 1025 1886 1099 ἀτόμου
1927 1022 2039 1078 δια-

386 1119 556 1194 φέρει.
597 1118 743 1188 Οἴον,
797 1118 948 1171 Ἔστι
1000 1136 1082 1178 τις
1142 1115 1324 1189 σιμός·
1382 1110 1640 1170 ἀδύνατον
1696 1121 2036 1191 χωρισθῆναι

385 1205 550 1260 αὐτοῦ
597 1206 696 1273 τὴν
743 1204 1033 1277 σιμότητα’
1069 1201 1307 1283 διαφέρει
1359 1202 1415 1259 δὲ
1466 1205 1622 1266 οὗτος
1663 1208 1761 1258 τοῦ
1807 1207 2036 1279 γρυποῦ.

386 1293 661 1355 Ὡσαύτως
709 1293 797 1347 καὶ
838 1293 866 1347 6
907 1291 1147 1368 γλαυκδς
1212 1294 1301 1347 καὶ
1351 1294 1378 1347 6
1427 1291 1570 1368 ἔχων
1623 1292 1674 1347 ἐν
1729 1291 2037 1366 τραύματος

386 1381 790 1458 ἐπιρῥωμένην
869 1381 1066 1452 οὐλὴν,
1122 1383 1323 1436 ἑαυτῶν
1396 1384 1488 1455 μὲν
1549 1381 1612 1436 οὑ
1671 1379 2036 1459 διαφέρουσιν,

386 1469 574 1526 ἄλλων
607 1467 664 1525 δὲ
696 1467 1057 1548 διαφέρουσιν.

456 1656 521 1706 κ’.
574 1651 726 1704 Ἔσυι
781 1645 839 1703 δὲ
879 1651 915 1718 ἡ
967 1647 1222 1722 σιμότης,
1272 1651 1308 1718 ἡ
1359 1647 1692 1723 γλαυκότης,
1742 1650 1777 1717 ἡ
1851 1647 1903 1702 ἐν
1963 1651 2040 1718 τῷ

385 1737 609 1802 Αἰθίοπι
672 1737 900 1810 μελανία
959 1738 1047 1792 καὶ
1087 1739 1122 1808 ἡ
1164 1737 1322 1808 ἐν’τῷ
1375 1736 1589 1812 κόρακι,
1619 1737 1708 1791 καὶ
1757 1739 1792 1806 ἡ
1853 1735 1903 1790 ἐν
1960 1741 2041 1808 τῷ

387 1827 570 1900 κύκνῳ
670 1826 956 1898 λευκότης,
1043 1826 1132 1881 καὶ
1201 1826 1282 1894 ,τά
1357 1831 1582 1881 τοιαῦτα
1655 1819 2040 1898 συμϐεϐηκότα

389 1916 688 1991 ἀχώριστα·
749 1916 884 1980 καθὸ
943 1914 1004 1970 οὐ
1059 1912 1280 1970 δύναται
1336 1917 1676 1991 χωρισθῆναι
1731 1934 2116 2004 πραγματι-Β

1988 2003 2011 2020 ‘3‘

387 2009 500 2068 κῶς
568 2009 672 2059 τῶν
751 2004 803 2060 ἐν
885 2006 970 2067 οἷς
1047 2003 1266 2077 ἀτόμων
1343 2003 1463 2059 εἰσί·
1521 2005 1638 2058 κατ’
1696 2003 1931 2058 ἐπίνοιαν
1984 2003 2042 2058 δὲ

387 2094 719 2170 χωρίζονται
778 2094 868 2149 καὶ
923 2093 1058 2148 αύτά
1128 2098 1234 2149 τῶν
1311 2094 1668 2168 πραγμάτων,
1729 2095 1826 2162 τὴν
1883 2093 2038 2172 φύσιν

390 2185 466 2257 μὴ
497 2181 563 2238 λυ
573 2183 893 2257 μαινόμενα.

459 2279 558 2326 κα’.
619 2273 717 2326 Διά
770 2277 930 2327 τοῦτο
987 2271 1186 2334 παντὸς
1261 2265 1672 2344 συμϐεϐηκότος
1731 2273 2042 2348 ἀχωρίστου

296 2389 305 2395 ·
388 2361 478 2416 καὶ
530 2366 809 2437 χωριστοῦ
850 2359 1035 2423 κοινὸς
1083 2363 1111 2416 6
1157 2359 1323 2436 λόγος
1364 2359 1520 2423 οὗτός
1581 2359 1712 2416 ἐστι·
1756 2355 2044 2433 Συμϐεϐη-

387 2450 483 2512 κός
535 2449 696 2522 ἐστιν,
728 2450 758 2504 ’ὀ
807 2449 1010 2524 γίνεται
1062 2449 1150 2505 καὶ
1200 2449 1512 2524 ἀπογίνεται
1561 2449 1736 2526 χωρὶς
1792 2457 1890 2519 τῆς
1946 2454 2044 2504 τοῦ

392 2538 750 2613 ὑποκειμένου
808 2541 1031 2618 φθορᾶς.
1083 2539 1180 2594 Καὶ
1249 2538 1438 2610 πάλιν,
1487 2534 1842 2612 συμϐεϐηκός
1905 2538 2045 2594 ἐστιν

389 2630 418 2684 ὃ
477 2625 752 2704 ἐνδέχεται
835 2633 914 2701 τῷ
986 2627 1132 2700 αὐτῷ
1207 2627 1469 2705 ὑπάρχειν
1527 2630 1560 2698 ἢ
1621 2629 1695 2701 μή
1759 2629 2041 2704 ὑπάρχειν.

391 2715 700 2794 Ἐνδέχεται
767 2718 871 2793 γὰρ
947 2717 1225 2794 ἄνθρωπον
1289 2717 1379 2772 καὶ
1435 2719 1698 2786 καθῆσθαι
1753 2717 1844 2770 καὶ
1898 2716 2046 2770 ἐστά-

390 2828 477 2861 ναι
525 2807 615 2862 καὶ
671 2803 907 2882 βαδίζειν
957 2806 1047 2861 καὶ
1096 2806 1230 2861 εἶναι
1276 2806 1436 2879 σιμὸν
1488 2805 1579 2860 καὶ
1632 2807 1707 2879 μὴ
1755 2805 1906 2860 εἶναι·
1955 2804 2044 2859 καὶ

393 2895 796 2970 ἀπογινομὲνης
823 2901 925 2964 τῆς
956 2894 1354 2970 γλαυκότητος,
1386 2892 1538 2951 οὐδὲν
1585 2897 1746 2964 ἧττον
1780 2895 1808 2949 6
1842 2895 2044 2970 ἄνθρω-

397 3005 498 3047 πος
551 2986 718 3058 μένει.
771 2983 996 3040 Δύναται
1048 2981 1104 3039 δὲ
1164 2983 1254 3040 καὶ
1306 2983 1499 3045 κύκνος
1549 2985 1898 3053 ἐπινοηθῆναι
1951 2982 2045 3056 μέ-

399 3073 517 3145 λας,
547 3073 635 3128 καὶ
684 3075 713 3129 ὁ
761 3073 926 3150 κόραξ
975 3072 1191 3148 λευκὸς,
1221 3073 1310 3128 καὶ
1363 3071 1560 3147 Αἰθίοψ
1607 3068 1903 3128 ἀποϐαλὼν
1944 3074 2043 3142 τήν

398 3163 610 3238 χροιάν.
657 3162 757 3218 Καὶ
824 3166 990 3218 ταῦτα
1050 3161 1219 3217 πάντα
1276 3162 1516 3239 γενέσθαι
1597 3159 1812 3217 δύναται
1869 3163 2047 3239 χωρὶς

394 3257 497 3321 τῆς
528 3256 622 3306 τοῦ
653 3252 1012 3326 ὑποκειμένου
1044 3253 1263 3330 φθορᾶς.

2149 667 2360 705 sanum
2412 656 2530 718 est;
2581 658 2636 707 et
2693 670 2850 708 nunc
2907 655 3144 725 quidem
3195 658 3544 726 juvenescit,
3579 661 3792 716 abhinc

2146 755 2278 794 vero
2311 741 2582 796 senescit.
2617 742 2747 796 Haec
2779 743 3020 814 proinde
3051 748 3108 799 et
3153 745 3244 801 his
3275 745 3490 803 similia
3518 749 3794 806 dicuntur

2147 829 2536 884 communiter
2576 831 2912 886 differentia:
2957 837 3014 888 et
3055 835 3405 905 separabilia
3447 837 3790 894 accidentia.

2221 935 2302 989 19.
2339 936 2538 999 Quoad
2567 941 2762 991 autem
2792 937 3060 993 accidens
3092 939 3481 1013 inseparabile
3513 961 3546 998 a
3575 962 3637 999 se
3667 946 3793 1016 ipso

2147 1023 2384 1094 quidem
2428 1041 2542 1079 non
2592 1025 2784 1080 differt
2815 1028 3204 1095 individuum,
3238 1030 3431 1086 differt
3472 1037 3668 1088 autem
3720 1037 3792 1090 ab

2148 1113 2260 1167 alio
2292 1112 2611 1168 individuo.
2646 1114 2860 1179 Veluti,
2895 1116 3106 1188 aliquis
3150 1119 3338 1174 simus
3382 1125 3489 1186 est,
3523 1121 3643 1177 fieri
3679 1140 3791 1178 non

2147 1207 2341 1273 potest
2371 1206 2436 1257 ut
2463 1203 2535 1258 ab
2584 1219 2649 1258 eo
2698 1204 2926 1261 simitas
2977 1213 3326 1278 separetur:
3362 1209 3552 1265 differt
3598 1217 3792 1268 autem

2149 1290 2243 1345 hic
2268 1291 2339 1346 ab
2389 1308 2454 1346 eo
2505 1291 2605 1362 qui
2665 1293 2892 1348 adunco
2953 1311 3096 1350 naso
3155 1303 3263 1351 est.
3298 1298 3582 1355 Similiter
3609 1307 3666 1356 et
3692 1303 3793 1374 qui

2148 1379 2350 1434 caesios
2407 1381 2582 1434 habet
2636 1381 2858 1449 oculos,
2901 1389 2958 1437 et
3000 1383 3100 1455 qui
3135 1385 3461 1441 cicatricem
3521 1388 3698 1444 habet
3725 1407 3795 1446 ex

2147 1468 2386 1523 vulnere
2403 1469 2573 1540 quasi
2596 1469 2741 1525 callo
2765 1471 3101 1539 obductam,
3123 1490 3157 1527 a
3177 1475 3384 1545 seipsis
3407 1477 3645 1548 quidem
3675 1497 3791 1535 non

2148 1556 2446 1623 differunt,
2478 1559 2550 1613 ab
2583 1557 2714 1613 aliis
2743 1564 2940 1614 autem
2974 1560 3268 1616 differunt.

2220 1647 2374 1702 112
2405 1648 2493 1706 20.
2527 1647 2676 1702 Sunt
2699 1652 2891 1703 autem
2916 1649 3142 1706 simitas
3173 1657 3229 1706 et
3250 1653 3456 1710 caesius
3487 1655 3790 1713 oculorum

2149 1733 2326 1801 color,
2359 1735 2599 1808 nigredo
2632 1738 2689 1791 in
2734 1737 2997 1809 .Ethiope
3044 1745 3099 1794 et
3150 1739 3209 1794 in
3259 1758 3448 1811 corvo,
3483 1749 3540 1800 et
3588 1745 3794 1803 albedo

2149 1824 2208 1878 in
2261 1841 2444 1897 cygno
2489 1830 2546 1880 et
2594 1825 3021 1897 hujuscemodi,
3055 1830 3381 1886 accidentia
3428 1833 3794 1906 inseparabi-

2149 1913 2228 1968 lia
2256 1931 2269 1968 :
2305 1915 2598 1984 quomodo
2649 1915 2839 1986 reipsa
2868 1917 3128 1988 separari
3161 1935 3273 1973 non
3325 1928 3572 1992 possunt
3600 1925 3672 1979 ab
3705 1925 3791 1980 in-

2151 2002 2405 2058 dividuis
2436 2003 2493 2056 in
2525 2004 2741 2074 quibus
2780 2011 2938 2075 sunt,
2971 2007 3241 2076 quamvis
3271 2015 3328 2064 et
3357 2011 3487 2081 ipsa
3517 2029 3793 2085 separan-

2150 2096 2247 2146 tur
2276 2091 2457 2146 animi
2489 2093 2723 2148 notione
2743 2111 2846 2149 seu
2879 2102 3182 2166 conceptu,
3203 2102 3266 2152 ut
3299 2116 3491 2156 rerum
3522 2107 3792 2159 naturam

2153 2196 2269 2235 non
2303 2180 2651 2236 label‘aciant
2679 2182 2804 2253 (seu
2835 2186 3259 2257 corrumpant).

2223 2271 2312 2326 2f.
2343 2271 2706 2342 Quapropter
2736 2272 2928 2327 omnis
2958 2273 3275 2330 accidentis
3309 2277 3713 2350 inseparabilis
3743 2286 3802 2338 et

2153 2358 2499 2431 separabilis
2530 2366 2618 2414 est
2654 2360 2776 2415 haec
2817 2363 3149 2418 communis
3179 2365 3439 2422 definitio
3471 2387 3483 2422 ε
3519 2371 3800 2428 Accidens

2153 2453 2242 2502 est
2274 2449 2427 2518 quod
2480 2449 2643 2503 adest
2672 2454 2728 2504 et
2767 2451 2930 2505 abest
2975 2451 3128 2506 circa
3175 2454 3420 2524 subjecti
3471 2460 3798 2532 corruptio-

2155 2553 2305 2592 nem.
2362 2538 2431 2591 Et
2488 2555 2692 2593 rursus
2744 2555 2756 2592 :
2815 2540 3098 2596 Accidens
3157 2547 3246 2597 est
3302 2547 3455 2616 quod
3514 2549 3803 2622 contingit

2153 2627 2342 2681 eidem
2374 2627 2564 2682 inesse
2596 2634 2697 2682 aut
2737 2645 2852 2683 non
2899 2629 3110 2686 inesse.
3145 2632 3443 2706 Contingit
3491 2637 3645 2692 enim
3694 2639 3801 2695 ho-

2155 2715 2374 2772 minem
2405 2721 2464 2772 et
2491 2717 2688 2772 sedere
2717 2723 2774 2772 et
2817 2723 2971 2773 stare
3017 2724 3074 2774 et
3119 2721 3443 2789 ambulare,
3476 2731 3533 2779 et
3562 2743 3689 2782 esse
3721 2728 3799 2783 si-

2155 2821 2318 2859 mum
2351 2822 2416 2860 ac
2449 2822 2560 2860 non
2595 2821 2752 2873 esse;
2785 2811 2844 2860 et
2873 2807 3112 2863 absente
3151 2811 3342 2866 casio
3371 2813 3675 2870 oculorum
3707 2833 3800 2872 co-

2156 2892 2274 2948 lore
2307 2893 2691 2949 nihilominus
2742 2894 2914 2950 homo
2965 2901 3187 2966 manet;
3223 2900 3324 2954 sed
3357 2905 3413 2955 et
3441 2918 3663 2975 cygnus
3706 2921 3800 2961 co-

2155 2982 2324 3054 gitari
2383 2989 2572 3054 potest
2627 2983 2812 3055 niger,
2845 2988 2901 3039 et
2958 3001 3166 3041 corvus
3223 2988 3414 3056 albus,
3446 3001 3500 3046 et
3557 2992 3801 3066 Ethiops

2155 3071 2345 3128 colore
2395 3073 2649 3143 abjecto;
2701 3077 3064 3144 possuntque
3095 3075 3215 3132 haec
3244 3079 3442 3134 omnia
3491 3080 3618 3137 sine
3661 3083 3800 3139 sub-

2148 3163 2291 3233 jecti
2323 3161 2693 3234 corruptione
2731 3162 2877 3217 fieri.

466 3342 571 3416 κβ’-.
604 3347 821 3417 Τριχῶς
872 3339 964 3396 οῦν
1013 3311 1112 3411 της
1159 3338 1418 3419 διαφορᾶς
1467 3339 1796 3416 λεγομένης,
1848 3345 2046 3404 κοινῶς

2229 3340 2319 3394 22.
2378 3341 2522 3395 Cum
2579 3339 2760 3412 igitur
2810 3341 3117 3413 tripliciter
3172 3345 3499 3403 differentia
3555 3349 3805 3418 dicatur,

393 3430 484 3486 καὶ
537 3427 688 3492 ἰδίως
756 3428 1195 3500 καὶ-ἰδιαίτατα,
1251 3437 1395 3485 πᾶσα
1445 3430 1538 3503 μὲν
1594 3427 1826 3509 διαφορά
1875 3429 2050 3506 ἑτερό-

391 3539 492 3590 της
533 3520 592 3574 τέ
641 3519 753 3574 ἐστι
799 3519 889 3574 καὶ
939 3519 1172 3595 ἑτεροῖόν
1204 3541 1257 3574 τι
1286 3525 1434 3573 ποιεῖ
1479 3521 1879 3596 προσγινομένη
1922 3519 2044 3576 τινί.

393 3610 407 3630 ν
539 3610 550 3630 9
701 3609 716 3626 \
912 3613 938 3623 ~
1083 3608 1098 3628 ς
1132 3605 1205 3628 1N;
1319 3606 1342 3625 ’κ
1553 3609 1567 3630 κ
1613 3608 1626 3626 ς
1750 3614 1771 3624 υ
1997 3614 2022 3623 η.

409 3607 530 3665 Αλλ
573 3609 625 3663 αἱ
661 3629 756 3682 μεν
783 3629 979 3671 κοινως
1011 3630 1098 3663 και
1135 3628 1283 3670 ιοιως
1315 3625 1568 3687 οιαφοραι
1603 3606 1832 3664 αλλοιον
1864 3630 2050 3663 ποιου-

394 3717 494 3753 σιν·
523 3699 578 3752 αἱ
613 3695 671 3752 δὲ
695 3695 966 3752 ἰδιαίτατα
995 3697 1158 3753 ἄλλο’
1191 3695 1391 3760 αἶ’τινές
1423 3697 1555 3752 εἰσιν
1605 3697 1909 3774 ἀγώριστοι
1957 3697 2046 3756 καὶ

391 3789 509 3844 κατ’
557 3786 722 3856 αὐτὴν
767 3788 865 3855 τὴν
918 3785 1170 3842 ἐπίνοιαν.
1223 3785 1360 3842 Οὑδέ
1405 3787 1506 3864 γὰρ
1561 3785 1702 3841 ἔστιν
1763 3787 2048 3856 ἐπινοῆσαι

395 3881 530 3946 ζῶον
575 3877 920 3947 ἀναίσθητον,
953 3878 988 3945 ἢ
1030 3878 1306 3951 ἄνθρωπον
1367 3874 1589 3952 ἄλογον,
1698 3873 1869 3931 ’ίππον
1921 3876 2050 3931 ἀλο-

392 3965 515 4041 γίας
543 3966 954 4042 κεχωρισμένον
967 4009 979 4022 .

2159 3429 2552 3484 communiter
2608 3434 2664 3484 et
2723 3431 2954 3500 proprie
3009 3437 3067 3486 et
3124 3435 3556 3505 propriissime,
3616 3441 3808 3497 omnis

2158 3518 2424 3588 equidem
2459 3519 2786 3573 differentia
2815 3524 2904 3574 est
2935 3521 3022 3591 (ut
3071 3521 3152 3577 ita
3194 3523 3410 3596 dicam)
3441 3527 3720 3596 alteritas,
3753 3535 3811 3585 et

2157 3607 2381 3661 varium
2414 3607 2637 3678 aliquid
2677 3608 2854 3662 efﬁcit
2903 3626 3036 3665 cum
3086 3613 3429 3685 adjungitur
3475 3615 3669 3686 alicui,
3706 3620 3807 3675 sed

2159 3714 2287 3767 quae
2337 3697 2575 3767 quidem
2637 3698 3027 3755 communiter
3063 3705 3121 3755 et
3162 3703 3393 3774 proprie
3450 3711 3588 3760 sunt
3641 3708 3806 3764 diffe-

2159 3784 2380 3851 rentiae,
2415 3785 2731 3853 diversum,
2775 3788 2928 3842 na
2979 3806 3104 3860 qua:
3155 3797 3349 3846 autem
3404 3795 3809 3865 propriissime

2160 3879 2320 3942 sunt,
2375 3872 2535 3928 aliud
2591 3874 2889 3944 efﬁciunt;
2951 3894 3078 3949 quae
3135 3879 3309 3934 etiam
3371 3885 3564 3952 quoad
3617 3885 3807 3957 ipsam

2159 3964 2340 4020 animi
2401 3962 2695 4018 notionem
2746 3969 2882 4019 sunt
2925 3965 3363 4038 inseparabiles.
3400 3970 3598 4043 Neque
3650 3975 3809 4031 enim

396 4057 615 4113 animal
646 4073 858 4113 sensus
898 4072 1104 4128 expers
1159 4061 1261 4112 aut
1317 4055 1612 4111 hominem
1665 4056 2054 4113 ratiocinandi
2111 4054 2384 4112 facultate
2433 4053 2802 4120 destitutum,
2835 4059 2938 4109 aut
2965 4071 3183 4126 equum
3216 4073 3250 4112 a
3279 4057 3521 4116 rationis
3577 4069 3811 4136 experte

397 4146 729 4202 conditione
757 4149 1092 4218 separatum
1121 4144 1259 4200 licet
1287 4145 1485 4200 animo
1516 4144 1838 4219 concipere.

467 4251 570 4326 κγ’.
636 4247 804 4306 Αὗται
870 4250 962 4324 μὲν
1023 4246 1114 4303 οῦν
1170 4250 1225 4303 αἱ
1292 4247 1431 4304 ἄλλο
1485 4253 1736 4304 ποιοῦσαι
1799 4247 2052 4328 διαφοραὶ

391 4341 512 4404 καθ’
571 4338 762 4402 ἑαυτάς
818 4340 878 4394 τέ
935 4337 1058 4410 εἷ’σι,
1115 4337 1206 4393 καὶ
1264 4338 1324 4391 τὸ
1370 4336 1600 4410 μᾶλλον
1655 4339 1744 4392 καὶ
1787 4339 1850 4393 τὸ
1889 4342 2049 4408 ἦττον

393 4428 494 4484 οὐκ
521 4425 892 4505 ἐπιδέχονται.
947 4424 1081 4482 Οῦτε
1127 4427 1230 4504 γὰρ
1277 4427 1340 4482 τὸ
1387 4428 1541 4504 γένος
1592 4425 1806 4501 μᾶλλον
1837 4428 1925 4482 καὶ
1955 4431 2051 4497 ἧτ-

391 4540 488 4573 τον
537 4523 919 4594 κατηγορεῖται
970 4518 1032 4571 οὗ
1081 4515 1139 4571 ἃν
1189 4513 1272 4586 εἷίη
1324 4515 1504 4592 γένος,
1555 4514 1679 4571 οὔτε
1726 4518 1779 4572 αἱ
1827 4523 1924 4572 τοῦ
1961 4516 2049 4594 γέ-

393 4628 517 4669 νους
577 4605 852 4685 διαφοραὶ,
911 4608 1028 4661 καθ’
1085 4605 1145 4668 ἃς
1201 4603 1488 4680 διαιρεῖται
1539 4607 1602 4661 τὸ
1654 4605 1808 4681 γένος
1863 4607 1939 4669 εἰς
1987 4608 2054 4660 τὰ

423 4693 475 4717 ’1⁸5

645 4695 660 4717 9
727 4693 773 4718 ’δὶ
846 4694 1021 4718 λῖῒμο.
1128 4717 1181 4718 κέ
1230 4699 1366 4718 ,~_,,,
1420 4695 1551 4718 vnn!
1616 4717 1631 4718 κ
1700 4690 1811 4718 .Ρ-Ρ

395 4694 537 4767 εἷ’δη.
593 4695 664 4753 Αἰ
723 4694 780 4750 δὲ
837 4694 1064 4750 ἀλλοῖον
1121 4699 1374 4750 ποιοῦσαι
1418 4695 1555 4750 κατὰ
1603 4694 1953 4768 συμϐεϐηκός
1995 4697 2053 4750 τέ

2231 4250 2320 4304 23.
2356 4250 2452 4304 Hae
2485 4249 2722 4320 quidem
2777 4249 2954 4320 igitur
2993 4250 3332 4308 differentiae
3362 4271 3490 4326 qua:
3540 4256 3698 4312 aliud
3731 4259 3812 4316 f‘a-

2163 4340 2324 4395 ciunt
2355 4356 2486 4394 cum
2519 4355 2621 4410 per
2652 4355 2715 4393 se
2744 4344 2903 4408 sunt,
2939 4345 3064 4394 tum
3113 4342 3302 4414 magis
3349 4349 3408 4398 et
3462 4345 3661 4402 minus
3693 4365 3812 4404 non

2162 4429 2474 4501 recipiunt.
2507 4429 2706 4500 Neque
2736 4429 2892 4482 enim
2921 4446 3106 4501 genus
3138 4431 3324 4504 magis
3355 4438 3413 4487 et
3444 4434 3640 4492 minus
3672 4454 3816 4508 prte-

2163 4518 2392 4572 dicatur
2419 4517 2490 4572 de
2521 4534 2586 4572 eo
2620 4519 2788 4588 cujus
2819 4522 2908 4573 est
2954 4534 3172 4589 genus;
3226 4536 3428 4592 neque:
3477 4523 3812 4582 differentiae

2163 4607 2393 4679 generis
2425 4607 2750 4662 secundum
2780 4625 2928 4680 quas
2957 4624 3144 4678 genus
3173 4608 3231 4664 in
3256 4611 3480 4682 species
3511 4613 3811 4672 dividitur.

2164 4697 2299 4759 Quae
2333 4713 2463 4750 vero
2516 4695 2673 4750 aliud
2728 4695 2949 4751 faciunt
2997 4713 3130 4751 cum
3183 4715 3284 4769 per
3330 4700 3600 4757 accidens
3649 4710 3811 4775 sunt,

395 4785 521 4859 εἱσι,
582 4785 672 4840 καὶ
731 4784 1086 4840 ἐπιτείνονται
1135 4785 1224 4839 καὶ
1287 4782 1519 4839 ἀνίενται
1579 4786 1811 4839 ἅπασαι.
1873 4787 2046 4856 Κάθη-

2166 4789 2288 4840 tum
2349 4801 2552 4840 omnes
2608 4785 2996 4840 intenduntur
3041 4792 3100 4840 et
3150 4789 3551 4845 remittuntur.
3584 4792 3813 4849 Etenim

394 4895 484 4928 ται
515 4874 620 4951 γάρ
669 4895 754 4936 τις
807 4872 972 4928 πλέον
1025 4875 1231 4948 ἑτέρου,
1281 4871 1370 4928 καί
1420 4872 1591 4935 ἄλλος
1638 4872 1813 4928 ἄλλου
1848 4872 2052 4950 βαδίζει

395 4963 589 5018 πλέον’
651 4963 740 5018 καὶ
788 4967 951 5036 σιμοῦ
1000 4962 1302 5038 σιμώτερός
1349 4962 1459 5018 ἐστί
1511 4983 1617 5034 τις,
1667 4964 1756 5017 καὶ
1810 4963 2054 5038 γλαυκοῦ

398 5051 790 5129 γλαυκότερος.

474 5139 574 5199 κδ’.
634 5139 874 5196 Οὐδειιία
933 5139 989 5196 δὲ
1043 5145 1149 5196 τῶν
1213 5145 1411 5203 κοινῶς
1471 5138 1507 5210 ἤ
1569 5139 1723 5204 ἰδίως
1783 5139 2056 5220 διαφορῶν

400 5229 645 5286 συντελεῖ
691 5232 826 5307 πρὸς
881 5231 972 5285 τὸν
1028 5230 1252 5304 ὁρισμόν
1289 5275 1302 5287 .
1359 5231 1755 5308 Ὑπογράφουσι
1810 5231 1912 5306 γὰρ
1969 5229 2058 5284 αὖ·

395 5339 485 5374 ται
515 5321 583 5376 τὰ
611 5319 926 5396 πράγματα,
979 5320 1040 5374 οὑ
1095 5321 1201 5393 μὴν
1252 5320 1339 5374 καὶ
1372 5317 1666 5390 ὁρίζουσιν.
1702 5321 1768 5374 Αἱ
1801 5317 1858 5373 δὲ
1899 5317 2053 5376 ἷδιαί.

395 5429 532 5464 τατα
581 5406 833 5488 διαφοραὶ
880 5409 1197 5486 πράγματος
1248 5409 1474 5463 ἑκάστου
1523 5407 1915 5485 συμπληροῦσι
1965 5410 2054 5463 τὸν

399 5498 650 5575 ὁρισμόν.

471 5589 565 5645 κε’.
599 5593 913 5664 Ἀναγκαῖον
966 5586 1022 5643 δὲ
1073 5585 1290 5656 εἰδέναι,
1340 5585 1422 5640 ὅτι
1472 5588 1572 5659 (τε)
1614 5587 1676 5641 τὸ
1729 5594 1829 5654 τῆς
1874 5585 2058 5649 οὐσίας

400 5673 575 5750 κνομα
639 5677 727 5731 καὶ
780 5677 865 5732 ἐπὶ
918 5681 1012 5747 τῆς
1071 5676 1261 5738 ἁπλῶς
1323 5675 1597 5751 ὑπάρξεως
1659 5675 1828 5730 ἐνίοτε
1873 5675 2058 5730 τάττε-

398 5786 507 5837 ται,
547 5767 637 5822 καὶ
686 5766 767 5822 ὅτι
799 5788 861 5823 το
911 5762 1260 5840 συμϐεϐηκὸς
1303 5762 1471 5835 δηλοῖ
1508 5785 1639 5822 ποτε
1689 5765 1751 5821 τὸ
1798 5762 2058 5828 οὐσιῶδες

2165 4872 2380 4944 aliquis
2407 4872 2539 4945 plus
2572 4873 2735 4928 sedet
2765 4871 2900 4942 alio,
2933 4879 2989 4928 et
3032 4873 3184 4930 alius
3215 4876 3327 4932 alio
3360 4877 3491 4948 plus
3524 4882 3812 4949 ambulat,

2165 4968 2222 5018 et
2251 4963 2400 5017 simo
2432 4962 2647 5033 aliquis
2697 4966 2785 5018 est
2825 4962 3014 5034 magis
3046 4963 3256 5034 simus,
3287 4971 3344 5021 et
3388 4968 3556 5024 caesio
3601 4970 3816 5042 aliquis

2168 5052 2356 5123 magis
2385 5055 2474 5106 est
2504 5051 2730 5106 caesius.

2236 5142 2326 5194 24.
2359 5139 2532 5195 Nulla
2560 5147 2756 5195 autem
2787 5134 3178 5197 communiter
3207 5147 3309 5198 aut
3346 5147 3576 5216 proprie
3603 5148 3816 5220 (dicta-

2169 5230 2323 5296 rum)
2357 5229 2817 5284 differentiarum
2871 5231 2942 5284 ad
2993 5231 3393 5288 definitionem
3443 5239 3684 5292 confert.
3719 5237 3816 5293 Hea

2167 5319 2322 5374 enim
2357 5319 2696 5373 describunt
2727 5319 2968 5390 quidem
3020 5337 3133 5385 res,
3165 5323 3263 5376 sed
3300 5340 3412 5377 non
3447 5325 3624 5381 etiam
3673 5327 3817 5382 defi-

2169 5408 2358 5464 niunt.
2391 5407 2798 5478 Propriissime
2835 5413 3031 5464 autem
3064 5409 3276 5482 (dictae)
3306 5412 3641 5470 differentia
3674 5416 3816 5472 defl-

2171 5497 2450 5552 nitionem
2482 5496 2778 5568 complent
2809 5499 3097 5569 cujusque
3129 5498 3230 5554 rei.

2237 5588 2326 5641 25.
2360 5586 2987 5664 Necessarium.porro
3020 5587 3167 5642 scitu
3209 5593 3316 5654 est,
3350 5593 3504 5660 quod
3551 5595 3816 5650 essentia:

2169 5693 2381 5730 nomen
2416 5692 2836 5746 nonnunquam
2869 5675 3045 5731 etiam
3070 5679 3139 5730 de
3164 5679 3508 5750 simpliciter
3539 5683 3816 5739 exsistan-

2167 5765 2249 5822 tia
2278 5765 2652 5833 adhibeatur;
2686 5768 2743 5820 et
2791 5765 2947 5838 quod
2997 5767 3267 5824 accidens
3314 5768 3629 5844 aliquando
3670 5774 3816 5831 ιη
