4126 6436
309 421 426 481 775

1564 401 1982 466 NICEPHORI
2030 397 2469 462 BLEMMIDIE

3601 386 3722 453 776

308 557 542 612 denotet
589 548 891 623 proprium
924 544 1254 613 essentiale,
1288 551 1353 598 ut
1403 541 1559 614 quod
1608 538 1833 594 accidat
1876 535 1954 590 rei
1988 541 2041 607 Α
2071 529 2111 586 ἷἘ

2092 529 2230 605 διον,
2291 531 2365 593 ὡς
2427 526 2724 604 συμϐαῖνον
2781 529 2869 585 καὶ
2929 526 3222 604 συντρέχον
3277 529 3355 598 τῷ
3400 524 3720 602 πράγματι·

311 650 368 701 et
396 660 532 699 cum
574 642 703 712 ipsa
749 641 1077 694 concurrat.
1108 634 1369 689 Dicimus
1426 632 1580 686 enim
1640 627 1957 684 essentiam

313 731 524 789 coloris
576 732 881 802 propterea
937 725 1091 796 quod
1152 728 1208 778 et
1264 720 1532 777 accidens
1590 719 1648 772 in
1715 730 1958 771 numero

315 822 538 877 entium
577 817 890 880 consistat,
940 819 997 869 et
1042 814 1236 883 ipsum
1285 807 1697 882 quoquomodo
1747 805 1843 859 sit.
1895 806 1960 856 Et

313 910 528 966 iterum
558 907 808 962 dicimus
838 902 1272 958 conclusionem
1296 895 1792 970 propositionibus
1816 891 1960 948 acci-

316 999 480 1066 dere;
515 997 624 1052 hoc
674 999 763 1050 est
803 989 1156 1048 naturaliter
1198 993 1257 1043 ct
1305 984 1696 1042 essentialiter
1743 982 1814 1037 ad
1863 996 1978 1037 eas-

316 1083 618 1156 consequi.

386 1175 477 1230 26.
515 1171 736 1228 Dicitur
782 1173 975 1224 autem
1026 1163 1319 1237 ejusmodi
1371 1161 1661 1224 accidens,
1694 1157 1803 1212 hoc
1853 1159 1960 1226 est,

318 1261 633 1320 essentiale
663 1257 962 1331 proprium
986 1255 1262 1326 quodque
1291 1250 1529 1307 omnino
1555 1252 1644 1304 est
1672 1247 1966 1318 insepara-

320 1353 435 1408 bile
465 1351 657 1423 quoad
687 1350 878 1420 ipsam
908 1345 1086 1399 etiam
1127 1341 1310 1397 animi
1341 1339 1659 1404 notionem,
1691 1334 1880 1408 primo
1909 1338 1966 1389 et

321 1459 424 1515 per
455 1456 515 1496 se
545 1440 736 1494 inesse
767 1435 878 1501 rei;
913 1437 977 1487 ut
1006 1430 1254 1503 corpori,
1278 1435 1474 1500 patere
1501 1430 1560 1481 in
1592 1431 1711 1482 tres
1741 1424 1967 1478 dimen-

323 1514 545 1596 siones‘;
608 1527 796 1598 primo
856 1522 1115 1595 quidem,
1163 1519 1303 1591 quia
1354 1518 1404 1572 ei
1462 1516 1570 1572 soli
1628 1514 1967 1569 immediate

323 1623 505 1687 inest;
542 1634 641 1688 per
670 1631 731 1670 se
761 1617 978 1679 autem,
1011 1609 1150 1681 quia
1176 1605 1588 1664 essentialiter.

393 1712 483 1764 27.
515 1707 640 1762 Non
673 1708 871 1760 autem
919 1698 1115 1771 siquid
1166 1713 1267 1769 per
1297 1713 1380 1762 se,
1411 1695 1521 1750 hoc
1569 1693 1746 1750 etiam
1779 1690 1968 1764 primo

325 1799 500 1872 (inest
530 1794 657 1866 rei).
694 1791 894 1848 Latius
924 1787 1080 1843 enim
1112 1789 1271 1859 patet
1313 1784 1467 1856 quod
1503 1798 1604 1854 per
1633 1797 1695 1838 se
1720 1780 1873 1837 inest
1902 1796 1968 1838 eo

324 1870 479 1960 quod
511 1885 700 1958 primo
730 1881 901 1936 inest.
926 1877 1151 1933 Etenim
1179 1872 1397 1930 animal
1429 1872 1583 1945 quod
1616 1870 1843 1969 homini
1868 1885 1972 1942 per
2002 1916 2048 1980 Β

325 1958 388 2033 se
416 1979 474 2030 et
510 1969 899 2030 essentialiter
949 1969 1123 2032 inest,
1159 1981 1273 2018 non
1322 1963 1476 2018 inest
1525 1961 1700 2016 etiam
1758 1958 1967 2032 primo.

325 2061 560 2119 Animal
591 2060 748 2116 enim
779 2061 888 2123 est,
925 2055 972 2110 si
1007 2055 1182 2110 homo
1215 2069 1330 2107 non
1364 2055 1471 2106 est.
1503 2052 1575 2104 At
1606 2049 1826 2120 aliquid
1859 2054 1976 2102 tres

329 2152 726 2209 dimensiones
775 2147 999 2202 habens
1043 2160 1157 2198 non
1206 2145 1313 2207 est,
1348 2139 1396 2196 si
1445 2155 1654 2207 corpus
1707 2156 1820 2193 non
1871 2137 1975 2204 sit;

329 2258 435 2300 nec
462 2237 860 2310 intelligentiae
909 2239 965 2288 et
1011 2231 1266 2286 scientiae
1303 2245 1504 2300 capax,
1538 2228 1587 2282 si
1635 2227 1810 2281 homo
1862 2241 1976 2280 non

331 2333 409 2388 sit
440 2347 453 2384 :
487 2345 592 2384 nec
623 2323 945 2388 conclusio,
978 2321 1026 2376 si
1072 2317 1498 2391 propositiones
1530 2333 1647 2370 non
1679 2315 1797 2370 sint
1825 2331 1837 2367 :
1873 2329 1977 2368 nec

331 2417 616 2484 definitio,
648 2431 782 2470 cum
811 2413 971 2468 abest
1005 2408 1333 2464 deﬁnitum.
1712 2403 1716 2410 ’

403 2509 492 2563 28.
529 2509 892 2577 Quapropter
932 2499 1109 2555 etiam
1151 2495 1522 2552 definitiones
1571 2497 1629 2549 et
1677 2493 1865 2566 primo
1896 2492 1982 2546 in-

334 2603 475 2656 sunt
515 2593 794 2657 definitis,
827 2595 883 2646 et
938 2585 1345 2653 essentialiter,
1398 2583 1690 2656 siquidem
1749 2581 1980 2654 proprie

335 2673 705 2744 definitiones
739 2683 896 2754 sunt.

407 2775 558 2832 115
593 2773 683 2827 29.
715 2771 797 2826 Ex
827 2769 920 2823 his
951 2765 1172 2838 (igitur)
1203 2780 1331 2836 quae
1363 2778 1464 2834 per
1492 2778 1554 2817 se
1585 2766 1644 2816 et
1672 2761 1862 2832 primo
1893 2761 1980 2814 in-

337 2871 479 2924 sunt
504 2858 926 2919 demonstratio
958 2853 1188 2927 proprie
1219 2853 1375 2908 dicta
1403 2850 1681 2907 efﬁcitur:
1717 2865 1822 2904 nec
1851 2865 1984 2904 vero

339 2973 408 3013 ex
451 2949 872 3015 accidentibus,
903 2945 992 3001 vel
1040 2961 1108 2999 ex
1156 2942 1247 2998 his
1294 2957 1422 3012 quae
1464 2939 1702 3011 quidem
1751 2955 1855 3010 per
1901 2955 1983 3004 se,

339 3061 456 3102 non
486 3048 683 3098 tamen
713 3037 903 3112 primo
936 3035 1108 3090 rebus
1139 3031 1364 3088 insunt.

2069 622 2307 696 Λέγομεν
2356 621 2460 696 γὰρ
2508 623 2607 689 τὴν
2654 619 2836 674 οὐσίαν
2893 623 2990 672 τοῦ
3039 618 3367 694 χρώματος,
3417 613 3506 669 διὰ
3550 614 3614 670 τὸ
3671 614 3722 668 ἐν

2067 714 2180 772 τοῖς
2215 707 2336 763 οὖσι
2385 707 2639 784 τετάχθαι
2689 708 2777 763 καὶ
2823 708 2885 762 τὸ
2936 700 3284 779 συμϐεϐηκὸς
3335 703 3422 759 καὶ
3474 704 3726 758 ὁπωσοῦν

2069 799 2202 852 εἶναι
2259 797 2389 852 αὐτό
2423 843 2435 855 .
2497 797 2596 852 Καὶ
2675 796 2839 852 πάλιν
2920 793 3152 870 λὲγομεν
3226 789 3537 867 συμϐαίνειν
3608 797 3727 854 ταῖς

2068 888 2356 963 προτάσεσι
2430 887 2493 941 τὸ
2572 886 2933 962 συμπέρασμα
2997 929 3011 953 ,
3091 883 3335 938 τουτέστι
3413 882 3729 937 συνέπεσθαι

2071 980 2311 1055 φυσικῶς
2342 997 2400 1030 τε
2427 975 2517 1029 καὶ
2550 972 2851 1036 οὖσιωδῶς.

2142 1157 2242 1219 κς’.
2299 1154 2522 1230 Λέγεται
2583 1151 2640 1210 δὲ
2684 1153 2748 1208 τὸ
2801 1156 3047 1207 τοιοῦτον
3106 1146 3454 1225 συμϐεϐηκὸς
3483 1195 3497 1222 ,
3553 1148 3727 1206 εἷίτουν

2071 1245 2132 1299 τὸ
2165 1241 2442 1315 οὐσιῶδες,
2477 1240 2612 1298 ἴδιον
2659 1243 2750 1298 καὶ
2796 1243 2969 1310 πάντη
3019 1241 3331 1318 ἀχώριστον
3367 1240 3457 1295 καὶ
3487 1247 3604 1295 κατ’
3635 1239 3731 1295 αὐ-

2071 1335 2171 1403 τὴν
2219 1333 2319 1401 τήν
2367 1331 2629 1403 ἐπίνοιαν,
2689 1332 2926 1407 πρώτως
2975 1330 3064 1388 καὶ
3115 1331 3228 1385 καθ’
3276 1331 3406 1386 αὑτὸ
3464 1329 3731 1406 ὑπάρχειν

2071 1427 2153 1495 τῷ
2201 1423 2502 1499 πράγματι·
2560 1421 2633 1482 ὡς
2681 1424 2761 1493 τῷ
2811 1421 3046 1492 σώματι,
3088 1421 3152 1474 τὸ
3197 1425 3368 1496 τριχῆ
3423 1415 3730 1472 διαστατόν·

2074 1513 2310 1587 πρώτως
2359 1511 2475 1584 μὲν,
2527 1509 2612 1565 ὅτι
2657 1509 2805 1581 αὐτῷ
2851 1509 3003 1582 μόνῳ
3054 1508 3286 1585 ὑπάρχει
3338 1506 3575 1580 ἆμὲσως·
3617 1507 3735 1562 καθ’

2076 1602 2233 1658 ἑαυτὸ
2264 1598 2339 1670 δὲ,
2372 1598 2454 1654 ὅτι
2487 1596 2786 1660 οὐσιωδῶς.

2147 1693 2214 1748 κ’.
2273 1688 2384 1746 Οὐκ
2440 1687 2491 1743 εἷ’
2544 1710 2598 1743 τι
2655 1685 2712 1742 δὲ
2765 1688 2880 1742 καθ’
2937 1687 3088 1758 αὐτὸ,
3136 1691 3299 1741 τοῦτο
3347 1685 3438 1741 καὶ
3478 1685 3735 1760 πρώτως.

2080 1780 2201 1835 Ἐπὶ
2258 1778 2424 1834 πλέον
2485 1779 2588 1854 γὰρ
2646 1793 2741 1838 τοῦ
2797 1777 3032 1854 πρώτως
3070 1777 3133 1831 τὸ
3181 1776 3300 1838 καθ’
3349 1776 3500 1832 αὑτό.
3533 1776 3602 1830 Τὸ
3633 1775 3737 1851 γὰρ

2083 1873 2218 1938 ζῶον
2281 1868 2528 1944 ὑπάρχον
2583 1872 2664 1940 τῷ
2720 1868 2994 1943 ἀνθρώπῳ
3046 1867 3163 1921 καθ’
3223 1865 3353 1920 αὑτὸ
3401 1865 3491 1920 καὶ
3545 1864 3740 1920 οὐσιωσ-

2081 1955 2209 2029 δῶς,
2271 1956 2379 2033 οὐχ
2454 1957 2686 2032 ὑπάρχει
2744 1956 2833 2012 καὶ
2891 1956 3159 2032 πρώτως.
3221 1956 3372 2009 Ἔστι
3435 1955 3539 2031 γὰρ
3600 1959 3739 2023 ζῶον

2088 2047 2374 2121 ἀνθρώπου
2411 2047 2486 2118 μὴ
2537 2041 2712 2108 ὄντος.
2762 2051 2938 2122 Τριχῆ
2989 2042 3044 2099 δέ
3090 2066 3144 2098 τι
3198 2042 3504 2116 διαστατὸν,
3549 2044 3737 2116 σώμα-

2084 2157 2179 2198 τος
2229 2137 2303 2207 μὴ
2365 2130 2540 2206 ὄντος,
2591 2135 2692 2189 οὐκ
2751 2133 2914 2189 ἔστιν’
2959 2132 3082 2189 οὔτε
3133 2138 3228 2188 νοῦ
3279 2132 3369 2188 καὶ
3431 2131 3740 2205 ἐπιστήμης

2088 2222 2353 2293 δεκτικὸν,
2401 2224 2692 2300 ἀνθρώπου
2758 2225 2833 2296 μὴ
2886 2219 3044 2285 ὄντος
3081 2245 3092 2256 ·
3154 2220 3279 2277 οὔτε
3327 2221 3693 2298 συμπέρασμα
3726 2265 3742 2288 ,

2086 2313 2397 2390 προτάσεων
2461 2314 2537 2386 μὴ
2593 2312 2789 2368 οὐσῶν·
2850 2309 2975 2366 οὔτε
3032 2313 3295 2388 ὁρισμὸς,
3357 2311 3588 2373 ἀπόντος
3645 2315 3744 2366 τοῦ

2089 2403 2325 2478 ὁριστοῦ.

2159 2493 2264 2562 κη’.
2325 2491 2419 2546 Διὸ
2476 2491 2565 2546 καὶ
2625 2490 2675 2545 οἱ
2735 2489 2956 2565 ὁρισμοὶ
3016 2488 3105 2544 καὶ
3155 2490 3390 2564 πρώτως
3438 2490 3747 2565 ὑπάρχουσι

2087 2585 2204 2642 τοῖς
2252 2580 2513 2657 ὅρια-τοῖς,
2565 2578 2655 2634 καὶ
2703 2576 3009 2648 αὐσιωδῶς,
3061 2575 3115 2632 εἷ’
3137 2598 3197 2654 γε
3225 2577 3426 2652 κυρίως
3472 2577 3602 2632 εἰσὶν
3637 2579 3752 2655 ὁρι-

2092 2668 2242 2743 σμοί.

2161 2761 2258 2817 κδ’.
2308 2765 2401 2814 Ἐκ
2447 2757 2656 2815 τούτων
2695 2757 2836 2831 (οὖν)
2871 2761 2980 2811 τῶν
3023 2756 3141 2820 καθ’
3195 2755 3327 2818 αὐτὰ
3376 2754 3468 2810 καί
3514 2757 3753 2832 πρώτως

2093 2851 2128 2918 ἡ
2189 2847 2393 2921 κυρίως
2431 2845 2705 2917 ἀπόδειξις
2763 2845 2987 2922 γίνεται·
3048 2843 3173 2900 οὔτε
3231 2843 3288 2900 δὲ
3347 2843 3406 2900 ἐκ
3451 2850 3559 2900 τῶν
3613 2866 3751 2919 συμ-

2094 2931 2430 3010 ϐεϐηκότων,
2462 2932 2574 2991 οὔτ’
2607 2934 2668 2990 ἐκ
2690 2940 2800 2992 τῶν
2838 2936 2954 2990 καθ’
2987 2934 3122 2989 αὑτά
3155 2935 3272 3007 μὲν,
3323 2935 3398 3007 μὴ
3431 2935 3664 3008 πρώτως
3697 2932 3752 2989 δὲ

2095 3031 2210 3087 τοῖς
2238 3022 2554 3102 πράγμασιν
2589 3023 2970 3099 ὑπαρχόντων.

1235 3187 1444 3256 Σχῆμα
1471 3178 1664 3256 κεφαλ.
1702 3179 1793 3253 ιβ’,
1826 3177 1954 3254 Περὶ
1987 3175 2247 3255 διαφορᾶς
2277 3176 2367 3233 καὶ
2407 3171 2833 3253 συγϐεϐηκότος.

605 3412 669 3430 (τι
703 3405 728 3430 9
761 3402 921 3430 -.----Ᾱ

1299 3310 1338 3377 ἢ
1371 3310 1665 3374 οὐσιώδης,
1695 3310 1712 3357 i

907 3402 921 3420 ς

627 3415 670 3465 Η
701 3405 931 3483 gmw)?“
1221 3310 1251 3542 ξ
1372 3435 1712 3508 ἐπουσιώδης

1305 3583 1523 3654 κρινῶς,

583 3675 646 3728 Ἠ
679 3665 912 3747 διαφορά
1229 3651 1250 3747 ἲ
1310 3651 1480 3747 ἰξίφὲ

1311 3723 1594 3780 ἰδιαίτατα.

559 3891 675 3942 Τῶν
710 3882 984 3959 διαφορῶν
1231 3835 1249 3970 ἓ

1312 4014 1365 4068 αἱ
1401 4013 1494 4085 μὲν
1521 4010 1811 4088 χωρισταὶ,

1229 4017 1252 4230 3
1310 4103 1363 4157 ai
1398 4099 1455 4157 δὲ
1487 4101 1811 4177 ἀχώριστοι.

557 4106 673 4157 Τῶν
708 4095 980 4174 διαφορῶν
1233 4095 1252 4177 ί
1310 4103 1363 4157 αἱ
1398 4099 1455 4157 δὲ
1487 4101 1812 4177 ἀχώριστοι.

1299 3305 1338 3377 ἢ
1371 3301 1665 3374 οὐσιώδης,
1695 3302 1818 3373 ἥτις
1848 3300 2094 3358 καλεῖται
2127 3300 2420 3377 ἰδιαίτατα,
2448 3303 2522 3365 ὡς
2544 3303 2607 3357 τὸ
2639 3300 2883 3377 λο-(ίκόνο
2937 3364 2940 3366 γ

2547 3404 2764 3469 κοινῶς,
2797 3400 2871 3462 ὡς
2901 3401 2964 3454 τὸ
2993 3400 3277 3468 καθῆσθαιο

2548 3469 2723 3540 ἰδίως,
2755 3472 2829 3534 ὡς
2864 3472 2926 3526 τὸ
2959 3469 3258 3548 φαλακρόν.

2399 3400 2514 3544 li

1310 3834 1365 3888 αἱ
1398 3828 1668 3905 μὲν-άλλο
1699 3834 1970 3905 ποιοῦσιν,
1998 3829 2073 3892 ὡς
2103 3831 2165 3885 τὸ
2193 3828 2438 3905 λογικόν·

1308 3906 1362 3959 αἱ
1395 3894 1452 3960 δὲ
1479 3901 1729 3974 ἀλλοῖον,
1762 3903 1837 3966 ὡς
1867 3903 1933 3958 τά
1957 3894 2153 3963 κοινῶς
2183 3894 2287 3956 καῖ’
2305 3899 2458 3963 ἰδίως
2489 3894 2894 3974 συμϐεϐηκότα.

2489 4081 2545 4136 αἱ
2579 4080 2673 4151 μὲν
2706 4081 2822 4135 κατ’
2854 4077 3005 4151 αὐτ-ό,

2489 4085 2545 4136 αἱ
2620 4085 2673 4135 ὲν
2706 4085 2822 4135 κατ’
2854 4085 3005 4151 αὐτό,

2408 4085 2427 4226 ί
2489 4154 2544 4206 αἳ
2577 4101 2634 4208 δὲ
2657 4152 2792 4206 κατά
2822 4144 3196 4223 συμϐεϐηκός.

1364 4366 1569 4421 Tabula
1597 4365 1792 4436 capitis
1825 4363 1910 4430 12,
1945 4363 2019 4418 De
2045 4361 2360 4434 diﬁercntia
2387 4368 2438 4415 et
2469 4359 2763 4417 accidente.

1207 4501 1305 4548 aut
1332 4495 1670 4558 essentialis,
1703 4505 1828 4559 quae
1856 4503 1987 4544 voca

480 4619 807 4678 Dlﬂeremla
837 4608 962 4684 (em)
1105 4495 1144 4805 ἱ
1209 4681 1305 4728 aut
1347 4669 1606 4728 essentia;
1648 4669 1917 4738 adjuncta
1961 4637 1987 4788 ἑ

1207 4501 1305 4548 aut
1332 4491 1670 4558 essentialis,
1703 4505 1828 4559 quae
1856 4493 2087 4544 vocatur
2115 4485 2506 4556 propriissime
2535 4482 2921 4556 (differentia),
2956 4489 3017 4538 ut
3047 4482 3348 4549 rationale;

2065 4635 2160 4684 aut
2188 4628 2590 4693 communiter,
2623 4632 2684 4682 ut
2711 4625 2924 4691 sedere,

2065 4706 2162 4756 aut
2190 4699 2439 4772 proprie,
2471 4707 2531 4755 ut
2558 4697 2802 4755 calvum.

1974 4861 2172 4917 Aliter.

646 5068 976 5124 Diﬂ'erentia
998 5065 1202 5137 (tribus
1231 5064 1417 5122 modis
1447 5064 1675 5131 dicitur)
1971 4977 1998 5218 ἓ

510 5335 966 5392 Diﬂ'erentiarum
1119 5284 1145 5434 ἱ

1121 5501 1150 5818 3
1224 5529 1348 5585 aliae
1383 5529 1726 5600 separabiles
1985 5493 2007 5635 ἒ

1229 5744 1355 5806 alia
1387 5741 1817 5817 inseparabiles.

407 5619 862 5678 Diﬂbrentiarum
904 5619 1080 5694 (sunt)

1229 5744 1355 5806 alia
1387 5741 1817 5837 inseparabiles.

2071 4986 2474 5054 communiter,

2073 5059 2322 5142 ρτορτῑβο
2356 5129 2366 5141 .

2075 5145 2485 5202 proprussxme.

1221 5279 1348 5336 aliae
1378 5279 1594 5334 faciunt
1623 5277 1798 5344 aliud,
1832 5281 1896 5332 ut
1923 5273 2220 5339 rationale,

1219 5352 1347 5408 aliae
1377 5352 1685 5417 diversum,
1715 5342 2186 5405 ut'communiler
2215 5352 2269 5400 et
2293 5344 2522 5417 proprie
2549 5342 2884 5399 accidentia.

2081 5488 2206 5544 aliae
2238 5504 2336 5558 per
2366 5504 2444 5555 se,

2082 5561 2210 5617 aliae
2239 5575 2334 5633 per
2365 5558 2655 5616 accidens.
