4126 6468
317 427 436 489 777

1684 423 2034 484 EPITOME
2077 423 2387 486 LOGICA.

3619 424 3741 488 778

1604 580 1943 638 SYNOPSIS
1990 581 2265 637 CAPITIS
2304 581 2451 637 XIII.

1377 700 1448 738 DE
1487 698 1775 750 PROPRlo;
1819 699 1870 737 IN
1908 697 2022 744 QUO
2062 698 2236 736 ETIAM
2277 699 2347 736 DE
2385 698 2678 737 COMMUNI.

318 810 371 866 1.
394 809 712 891 pisfinguit
730 809 1115 891 propriumnin
1146 812 1380 891 quatuor
1406 807 1614 891 modos.
1648 837 1718 891 -τ
1745 809 1798 860 2.
1833 808 2108 891 Primum.
2141 835 2209 848 —
2327 806 2756 891 secu'ndum..——
2867 809 3133 891 .Tertium.
3352 809 3644 891 Quartum.
3663 838 3742 891 ,τ-

389 881 443 935 6.
480 878 794 951 0ccupatio.
829 878 895 920 '—
925 883 979 934 7.
1015 878 1262 935 Ostendit
1292 884 1550 951 quartum
1577 879 1799 933 modum
1820 879 2042 949 pr0prii
2064 880 2287 951 proprie
2325 880 2406 932 sic
2434 878 2547 932 dici
2575 880 2707 950 quia
2737 880 3004 933 nimirum
3033 880 3394 951 convertitur.
3426 911 3495 920 —
3521 880 3576 934 8.
3607 880 3742 937 Atia

388 949 695 1023 occupatio.
729 982 798 992 —
827 952 880 1006 9.
917 952 1213 1022 Descriptio
1242 949 1474 1023 praprii.
1507 981 1576 992 —-
1619 952 1704 1004 10.
1749 951 1994 1023 Exponit
2033 950 2344 1023 quamlibet
2385 949 2618 1023 speciem
2666 951 2863 1006 habere
2908 967 3072 1006 suum
3115 949 3409 1023 peculiare
3453 954 3742 1023 proprium

391 1038 497 1095 quo
521 1021 694 1078 etiam
721 1023 787 1077 ab
816 1024 1061 1095 aliarum
1083 1021 1390 1095 specierum
1421 1023 1812 1095 communione
1834 1021 2156 1095 dirimatur.
2191 1049 2258 1095 τέ
2292 1021 2376 1075 11.
2396 1021 2700 1095 ΔΟεοιιραιὶο
2725 1040 2744 1074 :
2776 1039 2946 1092 quare
2976 1024 3131 1078 homo
3159 1022 3362 1092 duplex
3390 1021 3586 1095 habeat
3612 1038 3745 1092 pro-

384 1091 598 1166 prium,
629 1094 997 1165 aptitudz'nem
1024 1091 1419 1150 adridendum
1471 1099 1520 1148 et
1571 1092 1940 1166 aptitudinem
1967 1092 2042 1146 ad
2070 1091 2494 1166 intelligentiam
2521 1091 2924 1166 scientiamque
2953 1091 3348 1166 accipiendam.
3376 1125 3446 1135 —
3477 1094 3565 1148 12.
3602 1091 3741 1150 Con-

393 1165 568 1222 clusio
597 1167 984 1236 occupationis.
1017 1195 1088 1206 -
1119 1167 1206 1221 13.
1249 1167 1544 1222 Commune
1593 1165 1652 1219 in

1701 1171 1938 1235 quatuor
1978 1163 2162 1218 modos
2205 1162 2520 1231 distinguit.
2563 1196 2634 1204 —
2665 1165 2750 1220 14.
2782 1162 3159 1221 Ρῆγηιιγηξ-
3193 1165 3278 1219 15.
3309 1166 3640 1222 Secundum.
3671 1195 3742 1208 —-

396 1239 480 1292 16.
525 1235 791 1293 Tertium.
821 1267 890 1276 ——-
922 1238 1008 1292 17.
1043 1238 1331 1306 Quartum.
1366 1268 1434 1278 ——
1466 1236 1550 1290 18.
1585 1235 1847 1306 Exempla
1874 1238 2258 1290 commemorat
2289 1237 2476 1305 quarti
2503 1235 2656 1290 modi
2697 1252 2800 1307 quo
2838 1253 3127 1293 commune
3156 1237 3373 1308 aliquid
3399 1237 3639 1297 dicatur.
3672 1266 3742 1279 —

397 1308 482 1366 19.
517 1309 730 1365 Divisio
766 1310 984 1380 proprii
1010 1309 1318 1365 Platonica.

958 1569 1214 1620 ΚΕΦΑΛ.
1256 1565 1354 1620 II".
2010 1565 2066 1629 A

653 1653 784 1730 Περὶ
817 1650 979 1708 ἰδίουο
1015 1653 1065 1707 ἐν
1100 1654 1144 1725 ᾧ
1175 1652 1262 1707 καῖ
1289 1652 1412 1728 περὶ
1443 1656 1647 1707 κοινοῦ.

401 1746 466 1802 α’.
492 1743 564 1799 Τὸ
595 1739 732 1798 ἷ¹διον
767 1739 981 1818 λέγεται
1011 1747 1316 1818 τετραχῶς.

406 1835 474 1910 β’.
507 1834 576 1888 Ἢ
605 1833 635 1888 '6
663 1832 823 1886 παντὶ
859 1832 953 1904 μὶν
988 1831 1219 1908 ὑπάρχει
1252 1836 1330 1903 τῷ
1374 1829 1524 1900 εἷ’δει,
1557 1831 1619 1885 οὗ
1693 1829 1843 1902 μόνῳ
1901 1824 1978 1880 δέ·

332 1924 407 1984 ὡς
461 1926 541 1994 τῷ
594 1921 865 1997 ἀνθρώπῳ
914 1922 978 1975 τὸ
1036 1918 1250 1975 δίπουν*
1303 1926 1408 1982 πᾶς
1472 1920 1566 1994 μὲν
1615 1919 1718 1995 γὰρ
1777 1915 1981 1992 ἅνθρω-

330 2033 436 2075 πος
483 2009 692 2073 δίπους·
729 2009 792 2064 οὔ
826 2009 992 2083 μόνος
1043 2011 1070 2064 6
1120 2011 1404 2084 ἅνθρωπος
1450 2007 1660 2082 δίπους,
1692 2005 1840 2063 ἀλλὰ
1892 2004 1982 2060 καὶ

329 2099 489 2178 ἔτερα
521 2104 650 2170 ζῶα.

403 2193 470 2266 γ’.
504 2191 574 2245 Ἢ
609 2190 638 2244 ’ὁ
687 2188 837 2262 μόνῳ
890 2189 1006 2262 μὲν,
1042 2188 1102 2242 οὐ
1152 2189 1310 2242 παντὶ
1357 2185 1433 2259 δὲ,
1467 2188 1543 2250 ὡς
1589 2192 1668 2261 τῷ
1712 2188 1984 2266 ἀνθρώπῳ

331 2282 397 2337 τὸ
452 2277 752 2358 φαλακρόν.
785 2277 876 2332 καὶ
933 2279 1034 2354 γὰρ
1097 2276 1263 2350 μόνος
1304 2278 1331 2331 6
1365 2278 1645 2353 ἄνθρωπος
1688 2277 1984 2356 φαλακρὸς,

333 2367 462 2426 ἀλλ’
494 2369 556 2424 οὗ
586 2373 693 2430 πᾶς
723 2365 1014 2446 ἅνθφωπος
1044 2363 1343 2444 φαλακρός.
1679 2384 1681 2386 ·

407 2458 469 2517 δ’.
501 2461 570 2514 Ἣ
601 2458 630 2513 '6
663 2456 818 2512 ’,ταντὶ
865 2456 954 2511 καὶ
1017 2455 1190 2528 μόνῳ,
1224 2455 1323 2510 οὐκ
1382 2455 1462 2510 ἀεὶ
1521 2453 1598 2525 δὲ,
1629 2457 1705 2518 ὡς
1762 2462 1841 2529 τῷ
1896 2459 1987 2512 ἀν-

335 2550 538 2626 θρώπῳ
594 2547 658 2602 τὸ
716 2544 1064 2602 πολιοῢσθαιο
1097 2543 1196 2600 οὐκ
1244 2544 1326 2599 ἀεὶ
1377 2545 1500 2620 γὰρ,
1535 2542 1660 2600 ἀλλ’
1708 2545 1759 2601 ἐν
1820 2548 1986 2622 γήρᾳ,

343 2639 596 2712 μένοντος
623 2639 723 2692 τοῦ
752 2636 890 2691 κατᾶ
917 2633 1094 2713 φύσιν.

411 2818 467 2873 ε’.
497 2815 781 2889 Τέταρτον,
841 2811 921 2890 ἐφ’
978 2813 1024 2884 ᾦ
1081 2808 1488 2886 συνδεδράμηκε
1543 2814 1604 2867 τὸ
1657 2815 1817 2868 παντὶ
1899 2813 1990 2869 καὶ

2692 1564 2925 1622 CAPUT
2963 1567 3108 1623 XIII.

2306 1654 2378 1709 De
2404 1656 2627 1726 proprio
2645 1671 2666 1716 ;
2706 1657 2768 1709 in
2795 1671 2900 1726 quo
2928 1657 3102 1712 etiam
3129 1657 3198 1712 de
3224 1659 3524 1713 communi.

2165 1743 2215 1795 1.
2249 1743 2560 1813 Proprium
2593 1749 2846 1815 quatuor
2874 1746 3068 1801 modis
3098 1745 3332 1802 dicitur.

2161 1834 2216 1885 2.
2248 1832 2363 1885 Aut
2392 1831 2543 1900 quod
2575 1832 2735 1887 omni
2765 1834 3000 1905 speciei,
3029 1834 3132 1890 sed
3164 1850 3280 1889 non
3312 1833 3444 1903 soli,
3471 1834 3644 1903 inest,
3679 1838 3746 1890 ut

2094 1919 2320 1974 homini
2371 1919 2575 1992 bipes;
2625 1921 2818 1977 omnis
2872 1923 3030 1978 enim
3075 1923 3316 1994 quidem
3345 1923 3522 1980 homo
3552 1923 3743 1996 bipes,

2095 2008 2196 2063 sed
2229 2024 2347 2062 non
2379 2007 2540 2064 solus
2579 2009 2755 2066 homo
2795 2010 2960 2082 bipes
3008 2015 3116 2083 est,
3149 2027 3354 2067 verum
3403 2012 3580 2070 etiam
3628 2011 3744 2069 alia

2095 2096 2392 2152 animalia.

2166 2185 2219 2240 3.
2252 2187 2365 2241 Aut
2395 2188 2547 2257 quod
2580 2187 2688 2243 soli
2717 2188 2974 2258 quidem,
3007 2191 3108 2245 sed
3141 2207 3258 2246 non
3289 2191 3448 2247 omni
3483 2207 3498 2247 :
3541 2195 3606 2247 ut
3637 2190 3741 2247 ho-

2099 2275 2242 2329 mini
2275 2275 2541 2344 calvum;
2576 2276 2735 2332 solus
2766 2277 2923 2333 enim
2964 2279 3116 2334 117
3161 2279 3338 2336 homo
3387 2279 3586 2336 calvus
3633 2282 3744 2347 est,

2098 2364 2198 2420 sed
2232 2381 2348 2420 non
2380 2365 2574 2420 omnis
2605 2364 2780 2422 homo
2811 2366 3009 2423 calvus
3040 2371 3148 2423 est.

2169 2455 2221 2508 4.
2254 2455 2368 2508 Aut
2396 2455 2549 2524 quod
2582 2455 2742 2510 omni
2793 2459 2850 2511 et
2899 2455 3031 2523 soli,
3077 2457 3179 2513 sed
3230 2474 3347 2513 non
3398 2473 3654 2529 semper,
3683 2460 3752 2521 ut

2099 2542 2324 2597 homini
2356 2559 2661 2599 canescere
2687 2569 2700 2610 ;
2735 2560 2850 2599 non
2881 2544 3039 2601 enim
3071 2561 3321 2617 semper,
3355 2547 3456 2602 sed
3489 2546 3552 2601 in
3583 2561 3750 2601 sene-

2101 2635 2260 2687 ctute
2292 2631 2612 2704 (canescit),
2645 2639 2917 2689 manente
2946 2649 3012 2690 eo
3042 2635 3192 2705 quod
3227 2635 3555 2691 secundum
3585 2637 3753 2692 natu-

2101 2737 2229 2776 ram
2261 2725 2370 2776 est.

2172 2810 2224 2864 5.
2260 2809 2565 2882 Quartum,
2600 2811 2660 2866 in
2711 2828 2825 2882 quo
2871 2811 3036 2883 (hac)
3075 2817 3451 2881 concurrunt,
3484 2811 3645 2868 omni
3693 2814 3754 2868 et

338 2905 401 2960 τὸ
434 2903 586 2978 μόνῳ
636 2902 727 2958 καὶ
760 2903 823 2956 τὸ
871 2899 973 2955 ἀεί·
1024 2900 1100 2961 ὡς
1143 2903 1223 2971 τῷ
1259 2899 1529 2975 ἀνθρώπῳ
1557 2901 1620 2956 τὸ
1648 2900 1988 2976 γελαστικόν.

2141 2898 2212 2955 oli
2262 2904 2319 2954 et
2369 2915 2640 2971 semper;
2693 2904 2758 2956 ut
2803 2900 3029 2956 homini
3060 2906 3262 2973 aptum
3295 2919 3424 2959 esse
3454 2903 3525 2958 ad
3557 2901 3751 2957 riden-

341 2998 452 3056 Πᾶς
509 2995 614 3068 γὰρ
670 2992 975 3067 ἅνθρωπος,
1034 2989 1125 3042 καὶ
1187 2987 1354 3061 μόνος
1410 2989 1713 3063 ἄνθρωπος,
1739 2990 1829 3045 καὶ
1886 2991 1989 3063 ἀεὶ,

345 3080 683 3158 γελαστικός.

419 3173 483 3234 ς’.
515 3167 836 3230 Γελαστικὸς
887 3165 945 3222 δὲ
995 3165 1235 3242 λέγεται,
1269 3165 1331 3220 οὐ
1377 3171 1457 3238 τῷ
1505 3167 1586 3222 ἀεὶ
1634 3167 1820 3243 γελᾷν,
1849 3167 1997 3224 ἀλλὰ

342 3263 423 3332 τῷ
451 3257 744 3337 πεφυκέναι
775 3255 958 3334 γελᾷν.

418 3443 477 3507 ζ’,
510 3440 681 3491 Τοῦτο
736 3435 800 3490 τὸ
845 3433 1101 3507 τέταρτον
1163 3433 1368 3510 κυρίως
1425 3430 1562 3489 ἴδιον
1625 3433 1858 3511 λέγεταιο
1919 3435 2001 3507 ὅτι

343 3527 435 3582 καὶ
506 3524 862 3602 ἀντιστρέφει.
936 3527 1051 3584 Πᾶς
1117 3523 1218 3598 γὰρ
1295 3521 1582 3600 ἄνθρωπος
1657 3522 2002 3599 γελαστικὸς,

347 3615 442 3672 καὶ
475 3620 580 3670 πᾶν
611 3612 934 3690 γελαστικὸν
962 3609 1268 3686 ἄνθρωπος.

427 3795 496 3864 η’.
539 3791 608 3849 Εἰ
668 3791 774 3866 γὰρ
832 3789 924 3844 καὶ
979 3790 1006 3843 6
1038 3788 1267 3859 πίθηκος
1323 3788 1564 3866 φαίνεται
1622 3789 1753 3854 ἴσως
1810 3793 2010 3867 γελῶν·

356 3879 484 3937 ἀλλ’
517 3881 616 3936 οὐκ
665 3875 786 3955 ἔχει
818 3877 870 3934 ἐν
903 3879 1076 3950 ἑαυτῷ
1119 3878 1218 3947 τὴν
1271 3875 1493 3952 δύναμιν
1532 3884 1630 3934 τοῦ
1675 3879 1859 3956 γελᾷν,
1891 3879 2015 3936 οὐδὲ

353 3976 474 4034 ταῖς
510 3968 794 4040 ἀληθείαις
847 3966 1002 4043 γελᾷ·
1037 3967 1172 4022 κατά
1233 3961 1399 4039 μόνην
1453 3965 1509 4022 δὲ
1553 3970 1652 4038 τὴν
1706 3969 2012 4048 ἐπιφάνειαν

357 4058 421 4114 τὸ
452 4057 616 4134 γελᾷν
647 4057 1065 4133 σχηματίζεται,
1095 4059 1175 4127 τῷ
1225 4057 1504 4129 μιμεῖσθαι
1560 4058 1653 4112 τὸν
1714 4058 2022 4133 ἄνθρωπον,

357 4153 506 4203 Ζῶον
560 4147 662 4223 γὰρ
721 4145 1101 4220 μιμηλότατον
1159 4145 1418 4220 τυγχάνει
1477 4147 1505 4199 6
1553 4147 1804 4218 πίθηκος.
1866 4148 2020 4204 Οὕτω

356 4235 518 4313 γελᾷν
549 4235 704 4309 οἶμαι
751 4235 843 4289 καὶ
889 4234 980 4289 τὸν
1035 4229 1285 4309 ἐρῳδιὸν,
1332 4229 1574 4288 διάκενον
1625 4235 1868 4311 γέλωτος
1927 4239 2016 4293 καὶ

362 4329 606 4401 ψυχικῆς
640 4320 868 4400 ἄμοιρον
903 4319 1226 4397 διαχύσεως.

439 4593 502 4649 θ’.
535 4589 928 4667 Ὑπογράφεται
971 4588 1028 4644 δὲ
1074 4589 1136 4644 τὸ
1184 4586 1324 4644 ’ἴδιον
1374 4589 1566 4653 οὕτως·
1619 4588 1756 4646 ἴδιόν
1804 4592 1914 4648 ἐστι
1963 4596 2025 4649 τὸ

368 4679 531 4736 παντὶ
561 4680 652 4734 καὶ
687 4677 839 4753 μόνῳ
869 4681 948 4750 τῷ
979 4674 1108 4732 εἷ’δει
1131 4676 1220 4733 καὶ
1251 4675 1330 4732 ἀεὶ
1364 4679 1632 4755 ὑπάρχον.

447 4859 497 4912 ι’.
562 4856 802 4929 Ἐκάστῳ
861 4856 954 4929 μὲν
1017 4853 1109 4910 οὖν
1168 4854 1294 4912 εἷ’δει
1351 4862 1459 4912 τῶν
1538 4860 1690 4928 ζώων
1761 4859 2027 4937 ἐξαίρετόν

373 4948 514 5004 ἐστιν
574 4943 734 5002 ἴδιον·
799 4949 878 5017 τῷ
935 4944 1206 5018 ἀνθρώπῳ
1265 4947 1326 5001 τὸ
1384 4944 1722 5023 γελαστικὸν,
1754 4954 1831 5021 τῷ
1872 4947 2032 5022 ἵππῳ

372 5038 437 5092 τὸ
493 5034 935 5113 χρεμετιστικὸν,
967 5038 1046 5106 τῷ
1103 5034 1222 5089 κυνὶ
1278 5036 1341 5090 τὸ
1401 5035 1710 5092 ὑλακτικόν⁸
1770 5039 1858 5093 καὶ
1915 5045 2031 5101 τοῖς

379 5123 576 5188 ἄλλοις
633 5121 790 5200 ἓτερα
826 5120 959 5177 ἴδια.
1005 5124 1150 5178 Κατὰ
1203 5129 1369 5179 ταῦτα
1432 5125 1536 5200 γὰρ
1614 5125 2034 5204 διαχωρίζονται

373 5221 479 5284 τῆς
537 5212 820 5274 κοινωνίας
878 5210 1144 5281 ἀλλήλων
1205 5213 1271 5267 τὰ
1327 5211 1468 5282 εἴδη,
1498 5215 1588 5268 καὶ
1639 5213 1728 5269 διὰ
1754 5221 1915 5271 τοῦτο
1946 5215 2036 5272 λέ-

619 5298 672 5323 31“
741 5321 751 5332 ,
874 5301 886 5316 κ
981 5301 995 5318 \
1214 5301 1225 5318 υ
1589 5309 1611 5319 -ι
1802 5310 1825 5320 ν
1930 5303 1980 5325 ,Α

381 5321 572 5377 γονται
624 5311 734 5355 ιὸια
808 5297 898 5355 δια
941 5320 1003 5354 το
1055 5297 1367 5368 ἱδιαζοντως
1417 5323 1695 5378 προσειναι
1737 5325 1854 5366 τοις
1903 5315 2037 5360 ειοε-

2105 2989 2269 3043 dum.
2295 2988 2498 3043 Omnis
2532 2989 2688 3044 enim
2721 2990 2897 3046 homo
2929 2994 2986 3045 et
3017 2989 3178 3047 solus
3209 2990 3384 3046 homo
3415 2995 3473 3047 et
3501 3005 3754 3062 semper,

2106 3078 2174 3133 ad
2209 3077 2520 3133 ridendum
2552 3084 2726 3150 aptus
2757 3082 2862 3134 est.

2179 3167 2233 3221 6.
2266 3167 2492 3222 Dicitur
2519 3172 2714 3222 autem
2749 3172 2922 3240 aptus
2966 3170 3038 3224 ad
3089 3169 3420 3240 ridendum,
3454 3185 3570 3225 non
3600 3168 3755 3241 quod

2111 3272 2344 3327 semper
2371 3255 2577 3327 rideat,
2611 3257 2712 3312 sed
2760 3258 2918 3328 quod
2956 3257 3281 3314 naturalem
3311 3258 3541 3314 ridendi
3573 3255 3756 3314 facul-

2111 3350 2295 3403 tatem
2325 3345 2559 3401 habeat.

2182 3437 2237 3489 7.
2271 3434 2391 3490 Hoc
2422 3437 2722 3505 quartum,
2756 3435 2990 3507 proprie
3019 3437 3148 3508 (seu
3177 3436 3598 3510 principaliter)
3629 3453 3762 3510 pro-

2119 3524 2313 3597 prium
2346 3523 2562 3579 dicitur
2594 3541 2606 3578 :
2655 3528 2965 3596 propterea
2993 3526 3145 3596 quod
3177 3525 3353 3582 etiam
3384 3526 3763 3582 convertitur.

2119 3613 2325 3670 Omnis
2345 3613 2504 3668 enim
2527 3613 2703 3669 homo
2735 3613 2807 3668 ad
2839 3614 3150 3670 ridendum
3177 3620 3352 3688 aptus
3383 3619 3491 3683 est,
3518 3619 3576 3672 et
3595 3629 3770 3671 omne

2120 3702 2273 3772 quod
2307 3701 2378 3756 ad
2413 3701 2722 3757 ridendum
2754 3706 2957 3772 aptum
2988 3706 3097 3770 est,
3131 3702 3306 3759 homo
3336 3712 3442 3760 est.

2191 3791 2245 3844 8.
2281 3789 2400 3845 Etsi
2430 3789 2588 3845 enim
2619 3789 2796 3845 etiam
2827 3789 3000 3845 simia
3043 3791 3189 3846 forte
3234 3790 3432 3847 ridens
3479 3790 3768 3863 conspici-

2123 3884 2241 3946 tur,
2266 3878 2324 3933 in
2359 3879 2553 3950 seipsa
2581 3882 2778 3933 tamen
2801 3879 3134 3935 facultatem
3168 3880 3396 3936 ridendi
3425 3897 3542 3936 non
3573 3880 3771 3946 habet,

2129 3984 2313 4038 neque
2343 3966 2494 4022 ridet
2523 3983 2757 4034 revera;
2812 3969 2912 4022 sed
2959 3969 3147 4038 quoad
3187 3969 3372 4024 solam
3404 3967 3774 4041 superﬁciem

2126 4077 2190 4112 το
2217 4057 2404 4112 ridere
2427 4056 2730 4128 ﬁguratur,
2756 4057 2898 4111 dum
2920 4057 3215 4113 hominem
3245 4057 3530 4114 imitatur.
3547 4057 3776 4114 Etenim

2131 4145 2348 4203 animal
2372 4146 2532 4201 istud
2556 4145 2901 4201 imitationis
2918 4150 3007 4202 est
3027 4146 3530 4203 studiosissimum
3552 4151 3610 4202 et
3629 4145 3780 4219 peri-

2130 4236 2455 4292 tissimum.
2489 4234 2582 4290 Sic
2625 4240 2682 4290 et
2712 4235 2976 4291 erodium
3010 4235 3130 4305 (alii
3162 4235 3478 4305 ardeolam,
3512 4235 3612 4292 alii
3643 4233 3778 4291 fuli-

2048 4303 2090 4368 ί)
2134 4342 2263 4382 cam
2295 4324 2570 4396 reddunt)
2601 4323 2789 4380 ridere
2820 4324 3046 4396 opinor,
3080 4342 3213 4381 cum
3245 4325 3406 4382 intus
3450 4325 3530 4380 sit
3573 4341 3609 4382 a
3653 4324 3779 4381 risu

2131 4431 2372 4480 vacuus,
2393 4418 2452 4469 et
2475 4430 2680 4485 expers
2703 4415 2831 4484 ejus
2855 4413 3159 4470 eﬂ'usionis
3188 4413 3268 4486 (et
3288 4413 3521 4487 laetitiae)
3542 4429 3666 4486 qua
3693 4417 3784 4470 est

2135 4503 2207 4558 ab
2237 4502 2454 4558 anima.

2207 4591 2360 4646 118
2390 4592 2445 4645 9.
2480 4590 2656 4647 Porro
2707 4592 3009 4664 proprium
3062 4593 3146 4648 sic
3197 4591 3594 4648 describitur:
3645 4606 3786 4663 pro-

2137 4681 2334 4754 prium
2375 4685 2465 4736 est
2507 4681 2658 4750 quod
2709 4681 2870 4737 omni
2924 4685 2980 4737 et
3028 4681 3137 4738 soli
3185 4682 3398 4755 speciei
3449 4686 3508 4738 et
3553 4694 3789 4752 semper

2139 4773 2315 4826 inest.

2214 4861 2300 4915 10.
2335 4858 2530 4914 Cuivis
2558 4875 2694 4931 ergo
2722 4859 2960 4930 quidem
2992 4858 3205 4931 speciei
3234 4859 3507 4916 animalis
3537 4855 3791 4932 peculia-

2143 4968 2204 5006 re
2232 4948 2533 5022 proprium
2563 4953 2687 5004 est:
2724 4949 2950 5004 homini
2974 4954 3177 5021 aptum
3199 4965 3329 5006 esse
3349 4949 3423 5005 ad
3453 4949 3788 5017 ridendum,

2145 5057 2290 5110 equo
2322 5042 2526 5110 aptum
2558 5053 2687 5093 esse
2718 5039 2789 5092 ad
2821 5038 3236 5105 hinniendum,
3269 5038 3397 5094 cani
3429 5042 3632 5111 aptum
3662 5053 3795 5093 esse

2147 5131 2218 5185 ad
2268 5127 2605 5183 latrandum
2644 5145 2656 5194 ;
2705 5132 2762 5182 et
2805 5126 2934 5182 aliis
2984 5126 3101 5182 alia
3152 5127 3406 5199 propria.
3441 5127 3640 5193 Quoad
3672 5125 3796 5181 haec

2148 5219 2304 5274 enim
2337 5216 2561 5288 species
2614 5234 2647 5271 a
2699 5215 3115 5272 communione
3157 5233 3333 5286 quam
3383 5216 3603 5272 habent
3649 5231 3684 5271 ε.
3735 5231 3800 5270 se

2148 5307 2398 5362 invicem
2432 5307 2832 5373 dirimuntur;
2886 5322 2951 5360 ac
3005 5307 3078 5360 ob
3127 5305 3185 5360 id
3233 5305 3470 5377 propria
3499 5304 3798 5372 dicuntur,

381 5410 487 5462 civ,
520 5391 596 5444 ὧν
640 5389 771 5444 εἰσιν
823 5386 940 5444 ἴδια
991 5385 1264 5463 μηδεμίαν
1321 5391 1606 5447 κοινωνίαν
1663 5391 1887 5468 ἔχοντος
1945 5415 2006 5449 το

2151 5397 2303 5467 quod
2335 5394 2711 5467 singulariter
2729 5395 2927 5450 adsint
2957 5394 3030 5449 iis
3061 5393 3368 5465 speciebus
3391 5409 3640 5463 quarum
3663 5393 3804 5448 sunt

388 5476 566 5542 εἷ’δους
596 5479 733 5555 πρὸς
763 5475 948 5554 ἓτερον
983 5476 1125 5540 εἶδος
1155 5480 1292 5533 κατὰ
1317 5481 1381 5534 τὸ
1413 5476 1574 5538 ἴδιον.

2153 5485 2409 5558 propria,
2446 5489 2511 5538 ut
2541 5483 2730 5554 quoad
2764 5483 3068 5555 proprium
3100 5482 3324 5554 species
3356 5483 3430 5538 ad
3463 5481 3640 5537 aliam
3671 5496 3805 5553 spe-

2155 5575 2303 5631 ciem
2335 5573 2809 5628 communionem
2844 5571 3063 5627 nullam
3113 5572 3339 5628 habeat.

457 5658 546 5714 ια’.
578 5655 728 5711 Ἐπεὶ
788 5653 846 5711 δὲ
902 5657 931 5710 6
989 5656 1270 5732 ἄνθρωπος
1341 5658 1576 5734 ὑπάρχει
1637 5657 1868 5723 διπλοῦς
1924 5665 2008 5737 (με

2222 5664 2309 5718 11.
2345 5661 2634 5726 Quoniam
2703 5667 2902 5717 autem
2967 5661 3143 5717 homo
3200 5660 3417 5733 duplex
3481 5663 3572 5717 est
3627 5660 3806 5732 (nam

388 5746 542 5823 τὲχει
571 5746 677 5824 γὰρ
705 5746 796 5801 καὶ
840 5752 944 5816 τῆς
990 5750 1098 5800 τῶν
1159 5745 1373 5822 ἀλόγων
1435 5750 1600 5822 ζωῆς,
1631 5750 1720 5806 καὶ
1778 5753 1877 5822 τῆς
1932 5757 2040 5810 τῶν

673 5877 947 5940 Persen.
995 5877 1106 5940 Gn.
1154 5877 1387 5943 CXLII.

2154 5757 2211 5812 et
2268 5752 2492 5810 ratione
2551 5752 2971 5809 destitutorum
3030 5751 3209 5808 vitam
3266 5756 3325 5807 et
3380 5749 3609 5807 ratione
3665 5765 3810 5824 pra-

3451 5877 3528 5946 25
