4126 6440
329 375 451 436 779

1590 365 2008 426 NICEPHORI
2056 363 2494 425 BLEMMIDE

3627 372 3750 436 780

329 505 587 561 ditorum
645 502 1103 558 intellectionem
1166 501 1499 574 participat,
1560 505 1626 553 ut
1693 498 1792 570 qui
1858 501 1976 551 ter-
2010 493 2104 572 Α]

2134 498 2328 569 ογικῶν
2379 497 2643 569 νοήσεως,
2695 495 2932 573 ἐπίγειος
2983 497 3057 553 ὢν
3106 499 3196 555 καὶ
3246 498 3518 577 οὐράνιος,
3549 503 3748 575 θνητὸς

330 610 510 650 renus
567 591 643 648 sit
709 596 767 647 et
833 591 1103 656 cmlestis,
1166 590 1429 644 mortalis
1498 594 1554 643 et
1609 585 1979 652 immortalis,

329 681 580 739 visibilis
634 685 690 736 et
738 680 1170 753 intelligibilis),
1221 686 1509 748 quatenus
1558 677 1796 749 quidem
1847 691 1981 730 cum

2091 583 2181 637 καὶ
2231 583 2508 656 ἀθάνατος,
2542 585 2733 661 ὁρατὸς
2778 585 2868 641 καί
2920 589 3255 664 νεούμενος),
3286 590 3420 645 καθὸ
3485 591 3580 664 μὶν
3637 613 3751 648 κοι-

2092 677 2254 726 νωνεῖ
2308 677 2423 735 τοῖς
2481 671 2726 750 ἀλόγοις,
2760 672 2874 752 ἔχει
2933 675 3024 732 καὶ
3077 678 3141 732 τὸ
3194 677 3533 755 γελαστικόν.
3601 682 3755 737 Ἔστι

333 771 580 828 rationis
620 769 958 842 expertibus
1000 770 1417 834 communicat,
1452 765 1753 839 proprium
1808 765 1984 820 etiam
2094 784 2104 795 -

2134 762 2195 836 ἂρ
2237 762 2299 816 τὸ
2327 761 2643 838 γελαστικὸν
2691 760 2923 838 δύναμις
2961 773 3062 836 τῆς
3112 766 3317 844 ἀλόγου
3366 771 3552 846 ψυχῆς
3610 768 3754 848 ἆνερ-

334 860 533 930 habet,
563 857 628 913 τὸ
677 860 752 915 ad
800 859 1112 914 ridendum
1158 864 1362 930 aptum
1396 873 1546 912 esse.
1579 855 1804 926 Quippe
1835 855 1984 924 apti-

336 949 481 1005 tudo
550 949 625 1004 ad
691 949 1003 1003 ridendum
1071 947 1318 1002 facultas
1385 953 1473 1000 est
1538 947 1747 1000 animai
1813 942 1988 997 ratio-

338 1054 411 1094 ne
461 1037 718 1093 carentis
775 1053 902 1108 quas
954 1053 1055 1108 per
1107 1034 1406 1090 musculos
1437 1039 1750 1105 operatur;
1785 1048 1989 1102 quem-

339 1125 660 1182 admodum
682 1125 858 1181 etiam
881 1124 1184 1179 hinniendi
1214 1123 1480 1194 aptitudo
1502 1125 1559 1177 et
1580 1119 1798 1176 similia
1819 1137 1832 1188 ;
1855 1137 1994 1190 qua-

2097 850 2337 924 γουμὲνη
2399 848 2488 904 διὰ
2540 856 2646 906 τῶν
2703 857 2874 925 μυῶν·
2932 854 3010 916 ὡς
3061 855 3151 910 καὶ
3206 857 3270 911 τὸ
3335 859 3754 934 χρεμετιστικὸν

2099 938 2187 994 καὶ
2234 941 2302 993 τὰ
2346 943 2590 994 τοιαῦτα·
2622 941 2754 995 καθὸ
2802 939 2860 996 δὲ
2903 948 3020 1006 τοῖς
3071 942 3318 1020 λογικοῖς
3374 951 3646 1022 κοινωνεῖ,
3692 947 3760 1004 τὰ

2100 1031 2195 1081 νοῦ
2251 1028 2341 1082 καὶ
2401 1027 2710 1103 ἐπιστήμης
2773 1028 3015 1087 δεκτικὸν
3073 1032 3328 1104 κέκτηται
3382 1031 3546 1091 ἴδιον·
3594 1041 3758 1094 τοῦτο

2103 1113 2161 1171 δὲ
2186 1124 2287 1186 τῆς
2318 1115 2550 1194 λογικῆς
2579 1122 2769 1194 ψυχῆς
2801 1119 2912 1175 ἐστι
2943 1118 3194 1196 δύναμιςε

335 1221 512 1272 tenus
539 1231 674 1272 vero
705 1231 840 1271 cum
873 1213 1092 1269 ratione
1125 1213 1382 1285 praeditis
1415 1210 1828 1280 communicat,
1857 1209 1920 1262 τὸ
1952 1207 2352 1280 intelligentiae
2402 1213 2461 1265 et
2510 1209 2766 1267 scientiis
2815 1228 2997 1284 capax
3044 1230 3149 1286 pro
3195 1215 3433 1289 proprio
3483 1215 3715 1274 obtinet
3745 1233 3760 1272 :

336 1304 492 1361 119
524 1305 677 1374 quod
707 1303 916 1359 animae
950 1304 1173 1358 ratione
1203 1301 1458 1374 praedita}
1499 1300 1748 1356 facultas
1793 1303 1901 1355 est.

412 1393 500 1450 12.
534 1393 716 1448 Homo
750 1392 932 1464 igitur
961 1391 1195 1464 singula
1226 1391 1404 1446 habet
1441 1390 1680 1462 propria
1729 1405 1992 1445 commu-

342 1482 518 1539 nibus
549 1480 801 1554 singulis
833 1480 1254 1536 convenientia.

416 1571 504 1626 13.
545 1573 825 1626 Caeterum
884 1570 1062 1626 etiam
1119 1584 1433 1636 commune
1498 1571 1751 1640 quatuor
1806 1566 1997 1622 modis

348 1659 583 1717 dicitur.

420 1749 508 1804 14.
540 1747 642 1804 Vel
695 1748 852 1804 enim
898 1747 958 1802 id
1009 1749 1162 1818 quod
1213 1747 1274 1802 in
1321 1752 1518 1819 partes
1566 1750 1760 1818 potest
1797 1745 1998 1812 dividi,

349 1843 417 1894 ut
443 1853 584 1910 ager
611 1837 966 1893 communis.

424 1927 511 1982 15.
543 1925 649 1981 Vel
693 1926 752 1980 id
796 1925 950 1996 quod
981 1925 1126 1980 citra
1156 1925 1503 1980 divisionem
1535 1925 1594 1979 in
1628 1939 2002 1980 communem
2032 1927 2080 1990 Β

351 2032 528 2072 usum
550 2015 878 2071 assumitur
899 2015 980 2086 (et
1001 2013 1359 2083 adhibetur),
1381 2018 1447 2068 ut
1477 2030 1631 2068 unus
1654 2029 1877 2080 servus,
1903 2015 2004 2067 aut

353 2122 510 2162 unus
538 2121 725 2177 equus
756 2104 1117 2158 diversorum
1153 2101 1550 2158 dominorum.

425 2195 514 2250 16.
553 2192 658 2249 Vel
706 2192 765 2247 id
824 2192 978 2263 quod
1033 2192 1093 2246 in
1145 2192 1643 2264 praeoccupatione
1697 2190 2002 2262 proprium

351 2283 622 2349 efﬁcitur,
654 2282 944 2353 quomodo
974 2279 1136 2336 locus
1167 2281 1266 2351 qui
1307 2281 1366 2335 in
1413 2281 1638 2335 theatro
1671 2279 2004 2334 communis

353 2376 464 2440 est,
493 2372 558 2426 ﬁt
588 2371 859 2443 proprius
890 2371 1020 2441 ejus
1049 2371 1148 2441 qui
1185 2369 1609 2442 praeoccupavit
1639 2367 1858 2440 ipsum.

433 2461 514 2517 l7.
545 2460 651 2516 Vel
683 2459 837 2531 quod
868 2459 928 2513 in
961 2475 1125 2530 aquo
1157 2458 1563 2530 participatur,
1595 2461 1660 2511 ut
1700 2473 1810 2512 vox
1853 2472 2005 2528 pra:-

355 2549 540 2608 conis.

430 2640 518 2695 18.
550 2639 750 2705 Quoad
781 2637 892 2692 hoc
923 2636 1319 2709 signiﬁcatum
1351 2641 1409 2691 et
1453 2635 1698 2691 materia
1731 2635 2007 2690 omnibus

356 2747 482 2801 quae
508 2734 648 2785 sunt
669 2727 1002 2785 communis
1024 2732 1131 2795 est,
1153 2732 1210 2782 et
1239 2743 1454 2799 genera
1474 2732 1646 2797 atque
1669 2727 2007 2782 differentiae

356 2819 663 2892 speciebus
692 2818 822 2890 ipsa
851 2817 1341 2889 participantibus
1371 2815 1711 2871 communia
1737 2831 1749 2868 :
1783 2815 2004 2872 animal

357 2909 652 2965 universis
700 2901 1058 2963 animalibus
1107 2922 1419 2961 commune
1467 2909 1574 2971 est,
1623 2909 1678 2959 et
1727 2904 2010 2961 rationale

358 2997 650 3056 universis
674 2996 1082 3062 rationalibus,
1106 3001 1162 3051 et
1192 2995 1529 3070 irrationale
1555 2994 1842 3051 universis
1869 2995 2008 3050 irra-

355 3086 676 3144 tionalibus
711 3102 723 3140 :
780 3090 838 3140 et
867 3086 951 3139 sic
984 3085 1043 3138 in
1077 3084 1208 3140 aliis
1238 3084 1653 3139 convenienter
1683 3101 1744 3139 se
1776 3101 1868 3140 res
1898 3084 2006 3140 ha-

353 3175 476 3232 bet.
509 3174 707 3241 Quoad
739 3173 849 3229 hoc
881 3173 1277 3246 signiﬁcatum
1311 3174 1486 3228 etiam
1528 3173 1587 3228 in
1633 3173 2007 3245 homonymis

2180 1387 2268 1461 ιβ’.
2303 1387 2458 1462 Ἔχει
2487 1387 2664 1442 τοίνυν
2699 1389 2728 1441 ὁ
2769 1385 3054 1466 ἅνθρωπος
3106 1386 3324 1446 ἕκαστον
3379 1389 3516 1447 ἴδιον
3563 1391 3765 1448 κατάλ-

2107 1471 2283 1544 ληλον
2317 1474 2524 1547 ἑκάστῳ
2556 1480 2744 1549 κοιν

2182 1564 2269 1638 ιγ’.
2300 1564 2525 1638 Λέγεται
2559 1561 2616 1620 δὲ
2637 1565 2729 1620 καὶ
2758 1566 2822 1621 τὸ
2850 1567 3032 1624 κοινὸν
3064 1573 3367 1646 τετραχῶς.

2185 1738 2269 1796 ιδ’.
2303 1742 2372 1796 Ἣ
2400 1743 2504 1818 γὰρ
2533 1743 2597 1798 τὸ
2629 1744 2705 1807 εἰς
2765 1744 2904 1823 μέρη
2963 1743 3255 1824 διαιρετὸν,
3289 1747 3365 1812 ὡς
3424 1747 3592 1828 ἀγρὸς
3646 1769 3765 1805 κοι-

2111 1829 2223 1892 νός.

2187 1921 2265 1978 ιε’.
2298 1921 2367 1975 Ἢ
2415 1920 2477 1975 τὸ
2535 1918 2853 1997 ἀδιαιρέτως
2913 1923 2963 1980 ἐν
3025 1928 3221 2002 χρήσει
3271 1929 3430 2002 κοινῇ
3484 1921 3768 2002 λαμῦανό-

2117 2029 2298 2082 μενον,
2331 2011 2404 2071 ὡς
2435 2012 2511 2072 εἷς
2554 2007 2774 2082 δοῦλος,
2805 2016 2841 2082 ἢ
2893 2015 2968 2076 εἷς
3007 2013 3201 2085 ἵππος,
3253 2013 3526 2072 δεσποτῶν
3584 2013 3774 2097 διαφό-

2115 2121 2248 2175 ρων.

2188 2197 2269 2253 ις’.
2304 2191 2373 2243 Ἥ
2429 2190 2492 2244 τὸ
2545 2189 2596 2244 ἐν
2663 2191 3076 2268 προκαταλήψει
3137 2191 3600 2270 ἰδιοποιούμενον,
3632 2194 3708 2258 ὡς
3741 2196 3772 2250 ὁ

2115 2277 2166 2332 ἐν
2201 2281 2409 2352 θεάτρῳ
2445 2279 2614 2342 τόπος
2665 2279 2848 2343 κοινὸς
2905 2277 3000 2354 ὢν,
3034 2278 3174 2345 ἴδιος
3222 2283 3427 2359 γίνεται
3473 2287 3572 2339 τοῦ
3627 2304 3774 2360 προ-

2115 2362 2520 2431 καταλαϐόντος
2551 2367 2710 2424 αὐτόν
2722 2415 2734 2427 .

2192 2457 2272 2526 ιζ.
2305 2457 2374 2511 Ἥ
2403 2458 2466 2512 τὸ
2497 2456 2690 2528 ἐπίσης
2726 2459 3115 2537 μετεχόμενον,
3144 2461 3218 2523 ὡς
3250 2462 3285 2532 ἡ
3327 2461 3483 2536 φωνὴ
3529 2464 3628 2516 τοῦ
3674 2463 3776 2533 κή-

2118 2566 2302 2620 ρυκος.

2192 2642 2282 2705 ιη’.
2315 2635 2460 2690 Κατὰ
2515 2640 2675 2691 τοῦτο
2729 2637 2794 2692 τὸ
2851 2638 3314 2712 σημαινόμενονῆ
3363 2659 3424 2694 τε
3471 2638 3578 2710 ὕλη
3637 2646 3773 2694 πᾶσι

2115 2729 2234 2784 τοῖς
2264 2721 2381 2777 οὖσι
2412 2725 2592 2794 κοινὴ,
2625 2723 2810 2780 καὶτὰ
2866 2725 2996 2802 γένη
3050 2727 3141 2782 καὶ
3188 2728 3243 2782 αἱ
3303 2725 3556 2806 διαφοραὶ
3613 2729 3776 2785 κοινά

2116 2817 2234 2876 τοῖς
2292 2813 2467 2868 αὐτῶν
2531 2812 2851 2890 μετέχουσιν
2890 2813 3073 2872 εἷ’δεσι·
3131 2818 3194 2872 τὸ
3246 2819 3382 2887 ζῶον
3443 2815 3596 2881 ὅλοις
3652 2822 3776 2882 τοῖς

2121 2903 2280 2972 ζώοις
2311 2903 2518 2973 κοινὸν,
2547 2904 2637 2958 καὶ
2665 2904 2727 2959 τὸ
2755 2901 2975 2982 λογικὸν
3014 2903 3166 2968 ὅλοις
3213 2912 3332 2969 τοῖς
3377 2905 3645 2984 λογικοῖς,
3679 2905 3772 2962 καὶ

2115 2997 2231 3054 τοῖς
2262 2991 2489 3067 ἀλόγοις
2515 2993 2578 3048 τὸ
2609 2990 2832 3068 ἄλογον·
2865 2995 2954 3050 καὶ
2981 2993 3068 3050 ἐπὶ
3107 2999 3212 3050 τῶν
3264 2992 3451 3052 ἄλλων
3502 2993 3773 3073 ἁρμοζόν-

2116 3102 2244 3144 τως.
2305 3082 2451 3136 Κατὰ
2505 3083 2568 3136 τὸ
2624 3087 2872 3139 τοιοῦτον
2929 3088 3027 3138 τοῦ
3084 3089 3271 3140 κοινοῦ
3337 3083 3773 3160 σημαινόμενον,

2116 3171 2206 3225 καὶ
2237 3169 2324 3224 ἐπὶ
2354 3174 2462 3225 τῶν
2508 3171 2820 3244 ὁμωνύμων
2863 3173 2927 3227 τὸ
2985 3169 3160 3247 ὄνομα
3213 3169 3376 3248 μόνον
3426 3173 3630 3230 κοινόν·
3684 3172 3775 3229 ἐπὶ

359 3264 712 3336 (equivocis)
736 3279 949 3318 nomen
972 3262 1164 3317 solum
1186 3279 1535 3330 commune;
1573 3262 1631 3316 in
1663 3263 2004 3335 synonymis
2037 3298 2080 3364 ε

2134 3258 2177 3314 i‘a
2203 3264 2308 3314 τῶν
2371 3259 2698 3331 συνωνύμων
2737 3260 2801 3316 τό
2847 3281 2906 3315 τε
2943 3256 3118 3335 ὄνομα
3161 3263 3251 3317 καὶ
3285 3263 3313 3316 ὁ
3343 3263 3480 3318 κατὰ
3531 3258 3779 3336 τοῦνομα

2134 3348 2186 3364 .,
2361 3354 2423 3364 ...η
2566 3346 2608 3364 ιι.
2791 3350 2803 3364 .
2934 3352 2948 3364 .
3012 3351 3026 3364 .
3183 3351 3241 3364 η.
3292 3357 3314 3364 _
3388 3363 3395 3364 ,
3569 3351 3582 3364 .

357 3353 668 3423 (univocis)
699 3357 757 3408 et
787 3369 996 3408 nomen
1025 3358 1082 3407 et
1112 3353 1301 3423 quoad
1336 3369 1546 3407 nomen
1571 3353 1832 3408 deﬁnitio
1856 3370 2009 3409 com-

361 3442 563 3499 munis
591 3448 699 3498 est.
725 3442 795 3498 Et
825 3447 914 3496 est
944 3458 1276 3511 commune,
1311 3442 1462 3512 quod
1497 3441 1557 3496 in
1591 3442 1796 3498 multis
1827 3443 2016 3499 consi-

364 3532 620 3599 deratur,
653 3535 755 3587 aut
784 3531 856 3586 de
887 3530 1088 3586 multis
1121 3531 1488 3602 praedicatur.

436 3621 594 3677 120
625 3621 711 3675 19.
745 3621 832 3674 Ad
880 3625 1206 3675 extremum
1253 3619 1534 3675 Platonici
1568 3621 1871 3692 proprium
1905 3621 2016 3677 tri-

368 3711 481 3765 bus
527 3709 717 3766 modis
762 3708 1093 3780 accipiunt;
1147 3726 1180 3763 a
1229 3710 1730 3781 coagmentatione
1760 3709 2015 3782 partium

368 3797 934 3868 instrumentalium,
969 3803 1034 3852 ut
1063 3798 1259 3869 biceps
1289 3797 1721 3870 amphisbaenas,
1757 3799 1828 3854 ab
1858 3803 2014 3868 actu,

369 3891 436 3943 ut
464 3887 700 3958 oblique
730 3887 1044 3943 ambulans
1074 3904 1284 3942 cancro
1317 3905 1328 3942 :
1384 3905 1417 3942 a
1466 3887 1746 3958 potentia,
1781 3892 1846 3942 ut
1895 3887 2018 3960 igni

368 3976 578 4032 urendi
609 3976 875 4033 facultas.
899 3976 1129 4031 Etenim
1162 3976 1314 4048 ignis
1346 3977 1537 4047 magis
1564 3992 1741 4048 quam
1768 3976 2017 4048 quodvis

367 4063 528 4122 aliud
559 4081 770 4138 corpus
802 4068 996 4138 potest
1025 4081 1212 4122 urere.

2124 3348 2307 3425 λόγος.
2361 3354 2513 3403 ’Ἐστι
2562 3346 2619 3404 δὲ
2663 3350 2842 3405 κοινὸν
2894 3352 2958 3405 τὸ
3008 3351 3060 3406 ἐν
3105 3351 3342 3415 πολλοῖς
3378 3351 3776 3430 θεωρούμενον,

2122 3438 2157 3508 ἢ
2187 3437 2250 3492 τὸ
2278 3434 2505 3492 πολλῶν
2537 3438 3035 3514 κατηγορούμενον.

2201 3616 2279 3671 ιϐ’.
2313 3615 2382 3670 Τὸ
2413 3612 2470 3670 δέ
2527 3613 2664 3669 ἴδιον
2719 3617 2770 3670 οἱ
2830 3615 3174 3674 Πλατωνικοὶ
3229 3623 3443 3696 τριχῶς
3501 3615 3784 3692 ἐκλαμϐά-

2124 3725 2326 3758 νονται·
2384 3704 2487 3758 ἀπὸ
2544 3711 2646 3773 τῆς
2708 3703 3242 3782 διοργανώσεως,ὡς
3270 3709 3333 3763 τὸ
3364 3706 3656 3788 δικέφαλον
3709 3711 3784 3782 τῇ

2126 3788 2477 3871 ἀμφισϐαίνῃ·
2533 3794 2638 3848 ἀπὸ
2680 3801 2778 3864 τῆς
2827 3794 3110 3873 ἐνεργείας,
3161 3797 3236 3860 ὡς
3284 3799 3347 3853 τὸ
3408 3792 3787 3869 Λοξοόαδιστι-

2125 3884 2216 3938 κὸν
2251 3888 2328 3955 νῷ
2355 3883 2612 3958 καρκίνῳ·
2666 3884 2770 3939 ἀπὸ
2828 3891 2929 3954 τῆς
2988 3882 3290 3961 δυνάμεως,
3325 3887 3402 3950 ὡς
3441 3887 3505 3942 τὸ
3559 3907 3782 3942 καυστι-

2125 3973 2218 4027 κὸν
2270 3977 2350 4045 τῷ
2405 3973 2554 4050 πυρί.
2615 3972 2840 4029 Δύναται
2898 3975 3004 4052 γὰρ
3063 3975 3195 4054 ὑπὲρ
3252 3981 3356 4032 πᾶν
3403 3972 3586 4053 ἕτερον
3619 3980 3784 4052 σῶμα

2125 4062 2293 4119 καίειν
2323 4063 2387 4118 τὸ
2416 4067 2544 4138 πῦρ.

1291 4293 1498 4364 Σχῆμα
1525 4287 1720 4366 κεφαλ.
1747 4294 1830 4363 ιγ’,
1864 4286 1988 4364 περὶ
2022 4285 2185 4358 ἰδίου,
2214 4287 2266 4342 ἐν
2299 4285 2345 4360 ᾧ
2370 4287 2461 4343 καὶ
2488 4288 2613 4362 περὶ
2642 4292 2850 4349 κοινοῦ.

567 4629 638 4683 Τὸ
667 4625 802 4683 ἴδιον
1110 4490 1145 4856 ἓ

1319 4769 1448 4826 ἐστι.

561 5001 632 5056 Τὸ
661 5002 838 5056 κοινὸν
1110 4928 1136 5162 ἓ

1207 5106 1270 5162 τὸ
1303 5106 1496 5180 ἐπίσης
1533 5106 1700 5184 μετεχ

365 5247 435 5299 Τὸ
464 5243 602 5320 ἴδιον
637 5243 1067 5320 ἐκλαμϐᾴνουσιν

454 5317 506 5371 οἱ
537 5312 878 5374 Πλατωνὶκοῖ

1219 4484 1248 4561 δ
1278 4483 1436 4561 παντὶ
1475 4485 1566 4561 μὲν
1603 4485 1858 4561 ὑπάρχει,
1895 4486 1969 4561 μὴ
2007 4483 2154 4561 μόνῳ
2188 4481 2266 4561 δε,
2299 4484 2372 4561 ᾠς
2399 4489 2478 4556 τῷ
2508 4484 2778 4561 ἀνθρώπῳ
2805 4486 2869 4541 τὸ
2900 4483 3111 4542 δίπουν·

1284 4555 1455 4633 μᾴνφ,
1583 4553 1869 4633 mm;
1895 4553 1967 4633 "ws:
1987 4553 2270 4633 scema
2291 4554 2333 4633 ἦ
2365 4553 2770 4633 mmma-

1215 4627 1244 4715 ἓ
1279 4625 1546 4722 μόνῳκαξ
1578 4629 1759 4722 παντὶ,
1792 4627 1890 4682 οὐκ
1908 4625 2108 4722 2a’zs’i'Sé'
2141 4625 2215 4690 ὦς
2245 4632 2326 4722 τῆς
2355 4625 2626 4722 ἐνθρώπῳ
2655 4631 2719 4684 τὸ
2748 4627 3097 4722 ποκλιοῦσθαιο

1218 4718 1236 4722 A
1280 4720 1307 4722 __
1350 4719 1421 4722 UA,
1458 4719 1541 4722 -11-,
1580 4719 1707 4722 _,-,,
1763 4699 1848 4722 144.‘
1923 4719 1953 4722 ,κ
1990 4720 1998 4722 .
2058 4721 2064 4722 ,
2117 4720 2127 4722 μ
2180 4704 2239 4722 7"
2319 4719 2337 4722 ,κ
2403 4719 2418 4722 _
2483 4720 2515 4722 ῃ
2620 4704 2677 4722 Α⁶¹¹⁹
2792 4721 2799 4722 κ
2858 4720 2937 4722 ηκκ
3013 4703 3028 4722 \

1213 4698 1242 4751 ’ὀ
1457 4698 1546 4752 καὶ
1576 4701 1731 4754 παντῖ
1761 4699 1851 4752 καὶ
1901 4699 1999 4754 ἀεί’
2053 4697 2129 4762 ὠς
2173 4704 2252 4771 τῷ
2296 4697 2566 4774 ἆνθρώπῳ
2598 4697 2691 4773 ’τῷ
2746 4697 3088 4776 γελαστικὸν,
3147 4703 3177 4756 ’ὀ
3233 4702 3324 4757 καὶ
3378 4702 3580 4779 κυρίως
3637 4701 3785 4763 ἴδιόν

1123 4903 1146 4971 Γ
1209 4895 1272 4971 το
1304 4893 1378 4971 εἷς
1413 4895 1551 4971 μέρη
1586 4891 1870 4971 διαιρετὸν,
1907 4893 1982 4957 ὠς
2013 4893 2181 4971 ἀγρὸς
2209 4895 2413 4971 κοινόςξ

1209 4965 1270 5042 τό
1305 4963 1936 5042 ᾀδιαίρετωςᾳένίχρήσει
1964 4963 2122 5042 κοινῇ
2156 4963 2596 5042 λαμϐανόμενον,
2623 4965 2698 5042 ῶς
2727 4967 2800 5030 εἷς
2833 4966 3033 5042 δοῦλος
3065 4967 3160 5026 δύο
3194 4967 3489 5031 δεσποτῶν.

1209 5038 1270 5090 τὸ
1304 5035 1354 5090 ἐν
1382 5035 1794 5164 πρόκαταλήὲίέι
1830 5035 2289 5111 ἰδιοποιούμενον,
2322 5035 2456 5100 ὦς’ἱ)
2490 5038 2541 5094 ἐν
2575 5035 2782 5115 θεάτρῳ
2809 5040 2998 5102 τόπος·

1209 5106 1270 5162 τὸ
1303 5107 1496 5164 ἐπίσης
1533 5128 1694 5164 μετεγ
1740 5130 1920 5164 μενον.
1955 5109 2028 5164 ὠς
2060 5111 2094 5164 ἢ
2129 5112 2278 5164 φωνῆ
2308 5115 2404 5164 τοῦ
2434 5113 2672 5164 κήρυκος
2699 5116 2817 5164 τοῖς
2846 5111 2998 5164 ἀκού(

1379 5108 1496 5180 ἴσης
1533 5108 1920 5184 μετεχόμενον,
1955 5109 2028 5172 ὠς
2060 5111 2094 5178 ἡ
2113 5108 2283 5187 aptavi
2308 5115 2404 5165 τοῦ
2434 5113 2672 5186 κήρυκος
2699 5108 2817 5173 τοῖς
2846 5111 3121 5167 ἀκούουσι.

1207 5214 1312 5295 (imo
1339 5222 1438 5295 τῇς
1473 5212 1902 5295 διοργαινώσεως,
1929 5215 2011 5295 ⁸ὠς
2043 5215 2106 5295 τὸ
2123 5213 2424 5295 ’,δικέφαλον
2455 5220 2524 5295 τῇ
2557 5211 2905 5295 (Ξιμφιςξϐαίνῃ¹

1208 5286 1310 5366 ᾁπρ
1338 5277 1439 5354 τῆς
1466 5277 1755 5366 ἐνεργείας,
1788 5286 1861 5366 di;
1889 5277 1958 5366 το
1984 5277 2424 5366 λοξοϐαδιὸτικὸν
2456 5277 2825 5366 καρκίνῳ·
2863 5277 2870 5292 ’

1205 5357 1311 5412 ἀπὸ
1340 5353 1439 5426 τῆς
1470 5353 1769 5431 δυνάμεως,
1803 5358 1878 5419 ὠς
1908 5359 1970 5412 τὸ
1998 5353 2281 5414 καυστικὸν
2308 5363 2388 5431 τῷ
2416 5353 2568 5437 πυρί.
