4126 6438
364 381 476 445 781

1728 387 2078 453 EPITOME
2119 394 2428 456 LOGICA.

3657 401 3781 464 782

1184 517 1388 574 Tabula
1414 520 1613 588 capitis
1643 521 1729 590 13,
1759 522 1825 578 de
1846 527 2095 596 proprio,
2128 529 2192 582 in
2219 544 2323 600 quo
2351 530 2521 585 etiam
2548 529 2617 584 de
2652 531 2950 586 communi.

355 746 652 818 Proprium
691 746 922 818 (dicitur
968 672 1136 1010 qua;

520 825 647 874 tuor
680 819 884 891 modis)
921 837 935 875 :

520 825 647 874 tuor
680 819 884 891 modis)
921 837 935 875 :

1282 1197 1678 1264 dominorum;

476 1159 628 1215 121
665 1161 978 1214 Commune
1109 1058 1133 1419 ἓ

476 1229 582 1286 itur
601 1237 840 1301 quatuor
859 1230 1062 1301 modis)
1084 1246 1096 1284 :

357 1229 582 1301 (dicitur
601 1237 840 1301 quatuor
859 1230 1062 1301 modis)
1084 1246 1096 1284 :

1219 645 1364 726 quod
1395 647 1553 726 omni
1585 647 1813 726 quidem
1845 649 2014 726 ines_l,
2049 651 2143 706 sed
2178 668 2293 726 non
2324 653 2449 722 soli,
2485 658 2546 709 ut
2578 655 2795 710 homini
2828 655 3019 726 bipes;

1217 717 1363 798 quod
1397 718 1522 798 soli,
1556 719 1650 798 sed
1685 735 1799 798 non
1831 723 2012 798 omni,
2046 731 2103 777 ut
2135 724 2357 778 calvum
2389 717 2485 798 aut
2514 717 2944 794 grammaticum
2975 717 3278 798 (homini);

1215 787 1364 864 quod
1396 787 1502 864 soli
1533 797 1586 843 et
1615 791 1794 864 omni,
1825 793 1921 846 sed
1955 809 2068 848 non
2101 811 2341 864 semper,
2377 804 2435 849 ut
2467 787 2687 854 homini
2715 787 3046 863 canescere;

1213 860 1360 929 quod
1391 861 1495 941 soli
1527 867 1580 942 et
1609 861 1768 942 omni
1798 868 2123 942 etsemper,
2159 860 2240 942 ut'
2271 860 2487 923 hemini
2516 873 2713 940 aptum
2761 885 2884 926 esse
2930 872 3000 926 ad
3038 860 3383 940 ridendum;
3415 871 3566 942 quod
3593 871 3767 930 etiam

1280 931 1507 1001 prOprie
1535 931 1968 1006 (principaliter)
1993 931 2282 1006 proprium
2319 945 2422 994 est.

1211 1054 1359 1133 quod
1389 1056 1447 1109 in
1482 1063 1669 1133 partes
1697 1065 1875 1133 potest
1904 1059 2101 1133 dividi,
2136 1067 2194 1115 ut
2223 1077 2354 1132 ager
2392 1065 2748 1133 communis;

1211 1128 1359 1204 quod
1391 1142 1528 1204 cura
1559 1127 1898 1184 divisionem
1928 1131 1988 1185 in
2017 1127 2381 1190 communem
2419 1151 2586 1192 usum
2633 1127 2959 1204 assumitur,
2993 1144 3054 1193 ut
3084 1153 3232 1194 unus
3279 1153 3474 1195 servus
3522 1139 3767 1197 duorum

1212 1269 1360 1346 quod
1391 1272 1882 1346 praeoccupatione
1913 1273 2205 1342 pr0prium
2239 1275 2322 1343 ﬁt,
2359 1285 2417 1331 ut
2446 1277 2604 1334 locus
2631 1279 2692 1334 in
2721 1279 2968 1346 theatro;

1213 1341 1361 1409 quod
1394 1356 1461 1395 ex
1493 1357 1653 1410 sequo
1684 1341 2070 1414 particip’atu’r,
2100 1353 2160 1400 ut
2190 1362 2296 1403 vox
2311 1341 2602 1418 praeconis
2633 1350 2704 1406 ab
2733 1341 3094 1408 audientibus

353 1499 652 1570 Proprium
673 1499 960 1569 accipiunt
985 1479 1140 1557 ωειλ
1208 1465 2604 1570 ῗιΡῗΞξῗΡίξῖ,ίΞῗίιξῗῗξῗὶἶ¹ἐξ¹ἐ¹ἓηθῖῗὲἱ¹ὶὲ¹ἓίαίί⁰“θ’
2638 1482 2699 1531 ιιι
2729 1475 2921 1548 δίοθρε
2951 1476 3387 1548 amphisbaenas:

387 1571 563 1629 tonici
587 1571 791 1644 (tribus
819 1572 1022 1642 modis)
1049 1587 1061 1626 :

1116 1534 1134 1613 ζ
1207 1534 1278 1590 ab
1307 1545 1547 1613 actu,_ut
1576 1537 1806 1608 oblique
1835 1542 2098 1613 gradiens
2125 1534 2362 1613 cancro;

1117 1599 1133 1675 l
1206 1624 1238 1661 a
1268 1599 1536 1677 potentia,
1571 1615 1630 1664 ut
1661 1599 1866 1667 urend'i
1895 1610 2132 1669 facultas
2159 1615 2300 1686 igni.

1632 1868 1977 1925 SYNOPSIS
2025 1869 2300 1929 CAPITIS
2338 1872 2483 1942 XIV,

1574 1981 1727 2028 QUOD
1776 1983 1878 2022 EST
1923 1983 1996 2022 DE
2042 1985 2537 2028 PREDICAMENTIS.

349 2097 401 2150 1.
432 2093 650 2148 Eorum
676 2105 802 2162 quae
829 2098 958 2145 sunt
985 2097 1038 2144 et
1065 2089 1326 2144 dicuntur
1353 2089 1813 2162 quadrimembris
1844 2093 2062 2148 divisio.
2100 2122 2170 2134 --
2197 2098 2250 2150 2.

2286 2096 2481 2172 Quarti
2519 2097 2761 2153 membri
2804 2098 3104 2172 subdivisio
3153 2100 3214 2154 in
3259 2098 3442 2172 decem
3488 2099 3769 2172 praedica-

416 2167 605 2242 nienta
633 2163 830 2242 quibus
856 2162 1054 2242 omnia
1074 2163 1226 2242 entia
1249 2161 1640 2242 includuntur.
1675 2191 1743 2242 τ-
1775 2163 1927 2219 122
1959 2165 2009 2218 3.
2039 2163 2237 2242 ﬂausa
2264 2161 2474 2242 ﬁnali:
2517 2176 2747 2240 propter
2799 2186 2968 2242 quam
3020 2169 3202 2225 decem
3246 2161 3681 2241 praedica'menta
3737 2187 3778 2229 α

412 2234 752 2308 philosophis
797 2236 1095 2308 constituta,
1141 2238 1191 2287 et
1242 2234 1328 2287 his
1376 2235 1562 2288 omnia
1606 2235 1760 2308 entia
1811 2235 2201 2305 comprehensa
2245 2239 2474 2308 fuerint,
2517 2234 2741 2295 'entium
2789 2234 3064 2296 nimirum
3111 2234 3359 2297 omnium
3403 2245 3656 2300 scientia.
3695 2269 3768 2289 ο·-

418 2308 471 2362 li.
503 2306 686 2379 Modus
731 2322 836 2377 quo
887 2306 1312 2379 prgdicamenla
1362 2307 1586 2379 inventa
1628 2307 1760 2374 sint,
1803 2314 1856 2361 et
1899 2323 2079 2376 primo
2126 2309 2348 2379 quidem
2399 2306 2724 2369 substantiae

417 2376 784 2434 accidentium
810 2377 1261 2447 praedicamenta.
1295 2406 1359 2416 —-
1391 2376 1838 2444 6..Quantitatis.
1872 2409 1940 2416 —
1969 2380 2024 2432 7.

2773 2313 3281 2384 pradicamentum.
3313 2343 3383 2356 -ι
3406 2315 3462 2367 5.
3497 2315 3768 2383 Quomodo

2059 2379 2372 2458 Qualitatis.
2416 2385 2572 2458 έ-8.
2603 2379 2954 2458 γΒθιαιὸνιιγη,
3003 2385 3323 2458 αὸίίβιὶαγη
3373 2379 3554 2442 relata
3601 2403 3768 2458 gens.

415 2448 1038 2527 raliter_describit..—
1070 2448 1132 2527 ‘9.
1184 2448 1302 2527 Ubi.
1335 2477 1420 2527 —_-_
1449 2449 1536 2527 10.
1587 2448 1934 2527 Quando.__‘—
1983 2450 2068 2504 11.
2115 2452 2417 2527 Agere.__—-
2446 2456 2547 2527 _12.
2594 2457 2738 2510 Pati.
2783 2488 2853 2497 —
2895 2448 2981 2511 13.
3029 2456 3171 2524 Quid
3221 2472 3382 2527 agere
3425 2461 3479 2513 et
3523 2448 3660 2526 pati.
3692 2489 3764 2501 —

417 2523 504 2577 14.
538 2521 767 2600 Habere,
818 2518 960 2600 quod
977 2519 1601 2600 Aetigr_ndescribit._—
1649 2521 1734 2574 15.
1761 2522 1985 2600 _§ittz_u_n
2032 2518 2271 2600 ᾠδοί--
2299 2525 2381 2578 16.
2431 2525 2615 2600 Silani
2655 2528 2944 2600 essequid.
2981 2518 3167 2582 4:17.
3202 2518 3406 2600 Divisio
3450 2518 3548 2581 τοῖ’)
3601 2532 3772 2586 situm

413 2609 530 2649 €856

576 2596 780 2664 prima.
825 2590 895 2632 4—
942 2590 1279 2664 18.,Divisio
1329 2590 1591 2664 secunda.
1635 2623 1719 2664 --Ᾱ
1752 2591 1834 2645 19.
1883 2593 2090 2647 Divisio
2141 2597 2323 2649 tertia.
2354 2626 2427 2637 —
2462 2598 2552 2652 20.
2585 2599 2792 2654 Divisio

2831 2601 3046 2669 quarta.
3078 2631 3146 2641 -—
3175 2601 3268 2654 21.
3302 2599 3589 2656 Conclusio
3616 2602 3776 2658 modi

414 2681 518 2742 quo
536 2662 772 2742 inuenta
801 2666 851 2717 et
879 2663 1173 2742 constituta
1200 2665 1328 2742 sunt
1357 2662 1538 2717 decem
1563 2662 2022 2742 praedicamenta.
2054 2695 2125 2742 έο
2151 2666 2239 2719 22.
2284 2669 2346 2721 1η
2395 2667 2480 2722 his
2521 2671 2777 2742 omnibus
2823 2662 3123 2742 complexi:
3170 2687 3271 2726 nec
3319 2673 3615 2742 veritatem
3663 2689 3770 2732 nec

411 2734 717 2814 falsitatem
745 2749 878 2814 esse,
912 2736 1028 2788 nisi
1049 2734 1431 2814 complexione
1459 2734 1702 2805 quadam
1729 2736 2155 2806 conjungantur,
2198 2745 2257 2792 ut
2304 2741 2604 2810 prepositio
2644 2734 3038 2813 e/ﬁciaturf—
3066 2743 3156 2798 23.
3188 2744 3491 2814 Occupatio
3526 2741 3593 2800 de
3641 2760 3769 2802 nr-

415 2805 494 2864 bis
523 2808 729 2880 prima?
766 2813 818 2862 et
856 2805 1116 2862 secunda?
1150 2821 1421 2888 personae:

970 3040 1229 3092 ΚΕΦΔΛ.
1271 3036 1372 3091 ΙΔ’.

832 3125 963 3202 Περὶ
1000 3128 1106 3180 τῶν
1140 3127 1502 3200 κατηγοριῶν.
1554 3135 1557 3139 ’

429 3219 493 3274 α’.
521 3217 598 3272 Τὰ
625 3213 890 3290 λεγόμενα
938 3213 1029 3268 καὶ
1077 3207 1225 3285 ὄντα,
1259 3214 1293 3282 ἢ
1325 3216 1394 3286 τῇ
1447 3214 1540 3285 μὲν
1572 3217 1826 3290 προφορᾷ
1864 3211 1994 3267 εἷ’σιν

347 3306 515 3380 ἁπλᾶ,
574 3310 654 3378 τῷ
713 3302 770 3359 δὲ
824 3303 1212 3378 σημαινομένῳ
1270 3300 1727 3378 συμπεπλεγμένα
1783 3301 1879 3375 (ὠς
1934 3303 1996 3356 τὸ

341 3397 547 3474 τρέχω.
595 3395 666 3450 Τὸ
708 3395 810 3471 γὰρ
855 3393 1040 3468 τρέχω
1092 3391 1298 3447 ἀπλοῢν
1351 3391 1444 3464 μὲν
1482 3385 1591 3444 ἔστι
1639 3394 1707 3463 τῇ
1748 3396 2000 3468 προφορᾷ

341 3485 431 3540 καὶ
463 3483 768 3558 ἀσύνθετον,
813 3487 896 3554 τῷ
937 3479 995 3536 δὲ
1043 3479 1458 3554 σημαινομένῳ,
1509 3476 1994 3554 συμπεπλεγμένον

339 3576 429 3629 καὶ
459 3573 726 3630 σύνθετον.
778 3571 954 3642 Δηλοῖ
983 3571 1086 3646 γὰρ
1129 3569 1248 3643 ἐμὲ,
1296 3569 1386 3624 καὶ
1417 3570 1506 3624 τὸν
1558 3566 1787 3644 δρόμον,
1835 3589 1993 3622 τουτ-

336 3664 478 3720 έστιν
553 3662 737 3719 οὐσίαν
799 3661 890 3716 καὶ
962 3660 1301 3735 ἐνέργειαν)’
1359 3660 1393 3727 ἢ
1448 3662 1516 3732 τῇ
1592 3658 1683 3731 μὲν
1743 3663 1995 3735 προφορᾷ

337 3754 647 3828 ὑπάρχουσι
671 3753 909 3822 σύνθετα,
939 3753 1020 3821 τῷ
1062 3749 1455 3822 σημαινομένῳ
1504 3745 1561 3801 δέ
1607 3768 1667 3822 γε
1719 3745 1866 3801 ἁπλᾶ
1897 3746 1993 3819 (ὠς

335 3841 428 3898 ὅτε
473 3839 620 3918 λέγει
667 3862 750 3904 τις
799 3840 1124 3916 πράγματος
1157 3836 1406 3912 ὁρισμόν·
1455 3835 1511 3890 ἓν
1543 3835 1646 3912 γὰρ
1671 3836 1796 3891 τότε
1828 3833 1994 3906 δηλοῖ

335 3929 427 3987 διὰ
455 3938 554 4002 τῆς
585 3930 844 3986 συνθέτιου
888 3935 1100 4007 φωνῆς,
1149 3925 1323 3982 ἐκεῖνο
1355 3923 1616 3995 δηλονότι
1644 3926 1706 3980 τὸ
1745 3931 1990 4002 πρᾶγμα,

335 4019 470 4097 ὅπερ
503 4020 781 4098 ὁρίζεται)·
829 4014 867 4087 ἥ
910 4017 1000 4071 καὶ
1048 4019 1116 4090 τῇ
1164 4019 1418 4092 προφορᾷ
1465 4014 1555 4068 καὶ
1600 4019 1681 4086 τῷ
1731 4035 1994 4087 σημαινο-

339 4111 486 4184 μένῳ
523 4105 979 4183 συμπεπλεγμένα
1026 4104 1129 4159 εἶσὶ
1175 4105 1244 4159 τὰ
1291 4102 1579 4177 λεγόμενα·
1615 4103 1689 4164 ὠς
1735 4103 1797 4157 τὸ
1849 4107 1991 4157 Παῦ-

334 4197 432 4260 λος
473 4195 804 4274 ὃημηγορεῖ’
849 4192 886 4265 ἥ
935 4193 1024 4249 καὶ
1055 4196 1124 4267 τῇ
1181 4197 1436 4270 προφορᾷ
1475 4192 1564 4247 καὶ
1609 4197 1688 4263 τῷ
1729 4213 1993 4265 σημαινο-

339 4287 485 4362 μένῳ
516 4284 685 4343 ἁπλᾶ.

2023 3039 2079 3105 Α

2725 3044 2956 3100 CAPUT
2989 3045 3135 3102 XIV.

2640 3134 2717 3188 De
2744 3133 3219 3205 praedicamentis.

2181 3218 2230 3272 1.
2264 3221 2402 3282 Quae
2447 3218 2724 3276 dicuntur
2779 3227 2838 3278 et
2894 3228 3052 3290 sunt,
3090 3223 3178 3280 vel
3239 3227 3379 3280 sunt
3429 3223 3758 3297 prolatione

2107 3307 2348 3378 quidem
2380 3308 2692 3380 simplicia,
2725 3311 3053 3384 signiﬁcato
3086 3316 3283 3369 autem
3314 3312 3654 3386 complexa:
3694 3316 3764 3370 ut

2105 3393 2168 3448 τὸ
2217 3413 2388 3452 curro
2440 3396 2523 3469 (τὸ
2569 3415 2740 3455 curro
2781 3400 2960 3470 enim,
2995 3401 3320 3473 prolatione
3347 3402 3586 3475 quidem
3616 3402 3761 3459 sim-

2106 3484 2238 3557 plex
2264 3490 2354 3541 est
2383 3490 2439 3542 et
2468 3487 2925 3561 incompositum
2954 3508 2967 3558 ;
3003 3491 3333 3563 signiﬁcato
3363 3496 3560 3548 autem
3592 3506 3753 3548 com-

2107 3572 2340 3644 plexum
2371 3579 2429 3629 et
2457 3577 2847 3648 compositum
2879 3581 3005 3634 est:
3040 3579 3257 3650 quippe
3283 3595 3376 3634 me
3404 3582 3462 3636 et
3490 3594 3758 3646 cursum,

2105 3661 2214 3716 hoc
2247 3667 2356 3729 est,
2379 3665 2774 3721 substantiam
2805 3671 2863 3721 et
2892 3670 3092 3722 actum
3122 3666 3421 3736 declarat),
3441 3665 3532 3723 vel
3562 3666 3756 3738 prola-

2102 3750 2260 3806 tione
2282 3752 2520 3822 quide:n
2543 3757 2681 3808 sunt
2706 3771 2832 3809 com
2841 3754 3051 3826 posita,
3075 3755 3175 3810 sed
3199 3759 3399 3812 tamen
3418 3755 3753 3828 signiﬁcato

2104 3839 2397 3912 simplicia
2427 3841 2515 3912 (ut
2544 3843 2780 3914 quando
2826 3843 2960 3914 quis
3007 3844 3089 3898 rei
3141 3843 3542 3900 deﬁnitionem
3574 3844 3758 3914 dicit;

2103 3930 2258 3985 I28
2290 3930 2510 3986 etenim
2542 3948 2728 3986 unum
2757 3936 2900 3987 tunc
2941 3948 3078 3988 voce
3117 3933 3446 4005 composita
3473 3931 3752 4002 declarat,

2103 4034 2231 4073 eam
2255 4020 2538 4075 nimirum
2561 4037 2684 4076 rem
2707 4037 2836 4092 quae
2857 4021 3176 4093 deﬁnitur),
3204 4021 3290 4077 vel
3313 4038 3380 4078 ea
3400 4039 3529 4094 quas
3549 4022 3752 4078 dicun-

2102 4111 2220 4175 tur,
2253 4113 2309 4163 et
2339 4107 2664 4180 prolatione
2694 4115 2752 4165 et
2781 4111 3110 4182 signiﬁcato
3140 4109 3442 4183 complexa
3470 4114 3630 4182 sunt,
3663 4113 3756 4179 ut,

2104 4196 2318 4252 Paulus
2339 4197 2717 4254 concionatur
2741 4215 2754 4256 :
2786 4198 2876 4255 vel
2906 4205 2963 4255 et
2991 4198 3314 4272 prolatione
3337 4205 3396 4256 et
3422 4199 3752 4272 signiﬁcato

2103 4290 2245 4340 sunt
2273 4285 2587 4358 simplicia.

421 4377 489 4452 β’.
536 4375 752 4430 Τούτων
796 4379 903 4430 τῶν
948 4375 1084 4428 κατὰ
1137 4369 1405 4446 μηδεμίαν
1453 4369 1778 4444 συμπλοκὴν
1836 4369 1990 4446 λεγο-

2172 4375 2226 4428 2.
2260 4379 2483 4430 Horum
2515 4392 2644 4446 quae
2684 4374 2828 4431 citra
2865 4392 3109 4449 omnem.
3150 4375 3611 4448 complexionem
3661 4376 3759 4434 di-

339 4464 514 4540 μένων
544 4462 767 4520 ἕκαστον
794 4461 830 4534 ἤ
877 4463 1060 4518 οὐσίαν
1111 4461 1386 4536 σημαίνει,
1418 4458 1454 4530 ἤ
1506 4460 1697 4529 ποσὸν,
1729 4457 1765 4529 ἤ
1813 4459 1990 4533 ποιὸν,

335 4553 372 4625 ἤ
406 4555 546 4632 πρός
588 4575 667 4626 τι,
714 4552 751 4623 ἤ
795 4553 950 4624 πότε,
990 4549 1028 4621 ἥ
1080 4557 1278 4624 ποιεῖν,
1310 4547 1346 4620 ἤ
1379 4549 1632 4625 πάσχειν,
1659 4546 1695 4617 ii
1751 4545 1921 4624 ἔχειν,
1953 4546 1988 4618 ἤ

334 4647 566 4703 κεῖσθαι,
625 4644 804 4699 Πάντα
860 4644 962 4720 γὰρ
1020 4642 1089 4696 τὰ
1147 4635 1274 4695 ὄντα
1332 4639 1434 4693 ὑπὸ
1482 4639 1576 4700 τὰς
1623 4635 1752 4692 δέκα
1795 4636 1992 4699 ταύτας

334 4733 657 4805 κοινότηςας
713 4731 1116 4810 ἀναφέρονται·
1178 4730 1268 4784 καὶ
1326 4729 1425 4783 οὐκ
1480 4723 1590 4782 ἔστι
1657 4732 1762 4781 τῶν
1821 4722 1990 4781 ὄντων

335 4820 510 4896 οὐδὲν,
542 4824 571 4878 ’ὁ
605 4824 682 4897 μὴ
711 4821 932 4883 ταύταις
963 4816 1419 4894 ἐμπερικλείεται.

413 5002 460 5076 γ’
495 5045 507 5058 .
571 4999 671 5055 Καὶ
729 5002 833 5076 γὰρ
909 5000 960 5054 οἱ
1018 4997 1314 5078 φιλόσοφοι
1389 4999 1602 5051 πάντων
1660 4999 1769 5050 τῶν
1826 4989 1995 5049 ὄντων

336 5089 697 5163 ἐπιστήμονες
751 5089 879 5144 εἶναι
935 5087 1283 5164 βουλόμενοι,
1334 5086 1449 5140 ἐπεὶ
1495 5090 1602 5140 τῶν
1655 5085 1791 5139 κατὰ
1833 5085 1994 5160 μέρος

337 5179 616 5252 ἐπιστήμη
676 5178 777 5234 οὐκ
829 5177 940 5233 ἔστι
1000 5177 1090 5232 διά
1143 5197 1201 5231 τε
1256 5177 1320 5230 τὸ
1385 5172 1763 5249 πολυάριθμον
1821 5172 1996 5227 αὐτῶν

331 5269 426 5323 καὶ
477 5269 541 5323 τὸ
596 5268 681 5322 ἀεὶ
735 5268 987 5344 γεννητὸν
1040 5266 1130 5320 καὶ
1190 5266 1443 5344 φθαρτὸν,
1503 5269 1621 5324 ταῖς
1682 5261 1993 5336 εἰρημέναις

335 5356 616 5429 κοινότησι
639 5358 708 5412 τὰ
736 5357 911 5413 πάντα
938 5355 1403 5431 συμπεριώρισαν.

415 5533 479 5594 δ’.
512 5535 613 5591 Καὶ
641 5534 770 5597 τοὺς
824 5535 918 5608 μὲν
959 5533 1100 5588 κατά
1141 5532 1305 5608 μέρος
1354 5529 1692 5604 ἀνθρώπους,
1742 5528 1992 5590 καὶτοὺς

332 5627 470 5681 κατὰ
532 5627 700 5700 μέρος
765 5622 973 5686 ἵππους
1034 5621 1456 5696 ἐπισκεψάμενοι
1521 5618 1783 5694 πρότερον
1842 5616 1993 5680 ὅπως

331 5713 523 5790 ἔχουσι
583 5713 818 5794 φύσεως,
879 5713 965 5768 ἐπὶ
1015 5713 1106 5767 τὸν
1156 5709 1394 5777 καθόλου
1444 5709 1725 5792 ἄνθρωπον
1776 5707 1864 5762 καὶ
1896 5709 1993 5764 τὸν

2103 4469 2317 4518 cuntur
2364 4464 2634 4535 quodvis,
2685 4467 2788 4518 aut
2835 4464 3230 4521 substantiam
3285 4463 3601 4538 signiﬁcat,
3651 4467 3758 4522 aut

2104 4556 2413 4623 quantum,
2445 4556 2549 4608 aut
2581 4551 2774 4624 quale,
2808 4556 2909 4609 aut
2946 4554 3020 4609 ad
3065 4552 3311 4626 aliquid,
3343 4557 3446 4610 aut
3497 4553 3625 4622 ubi,
3655 4557 3760 4610 aut

2103 4640 2444 4712 aliquando,
2494 4645 2597 4696 aut
2647 4658 2838 4714 agere,
2890 4646 2994 4698 aut
3042 4643 3189 4714 pati,
3230 4647 3335 4699 aut
3381 4643 3618 4710 habere,
3649 4645 3755 4699 aut

2106 4729 2288 4784 situm
2320 4747 2468 4785 esse.
2491 4732 2701 4786 Omnia
2732 4731 2888 4786 enim
2920 4748 3050 4805 quae
3079 4738 3238 4800 sunt,
3271 4731 3383 4788 sub
3412 4732 3614 4788 decem
3646 4731 3758 4789 bal

2105 4818 2559 4874 communitates
2617 4821 2948 4875 referuntur
2993 4837 3006 4875 :
3067 4837 3174 4877 nec
3228 4819 3416 4877 ullum
3476 4836 3582 4877 ens
3639 4824 3755 4888 est,

2106 4909 2262 4979 quod
2295 4908 2389 4962 his
2429 4925 2546 4963 non
2578 4909 2936 4964 includatur.

2175 4999 2229 5052 3.
2265 4996 2491 5052 Etenim
2524 4997 2880 5069 philosophi,
2912 5015 3046 5053 cum
3093 4998 3360 5054 omnium
3389 5015 3596 5054 eorum
3625 5015 3758 5071 quae

2107 5092 2246 5140 sunt
2288 5085 2538 5141 scientes
2587 5103 2714 5141 esse
2761 5087 2998 5154 vellent,
3031 5088 3171 5159 quia
3201 5086 3666 5160 particularium,
3700 5091 3760 5144 et

2107 5181 2341 5246 propter
2383 5191 2757 5231 numerosam
2811 5175 3272 5245 multitudinem,
3308 5182 3365 5233 et
3413 5181 3759 5250 perpetuam

2105 5263 2538 5334 generationem
2559 5265 3112 5337 corruptionemque
3135 5283 3304 5348 suam
3328 5283 3445 5322 non
3463 5269 3555 5321 est
3574 5265 3762 5322 scien-

2105 5352 2208 5424 tia,
2241 5353 2414 5408 dictis
2457 5353 2986 5410 communitatibus
3035 5356 3236 5411 omnia
3281 5354 3762 5427 circumscripse-

2107 5446 2264 5496 runt.

2178 5533 2230 5584 4.
2263 5531 2331 5585 Et
2379 5531 2686 5587 hominum
2738 5533 3185 5602 particularium
3224 5538 3284 5590 et
3313 5531 3762 5606 particularium

2106 5637 2392 5691 equorum
2415 5620 2783 5676 considerata
2814 5622 2982 5693 prius
3013 5627 3246 5692 natura,
3268 5637 3447 5694 quam
3480 5622 3758 5692 habeant,

2106 5710 2178 5766 ad
2212 5708 2603 5768 universalem
2634 5708 2934 5768 hominem
2985 5717 3043 5770 et
3089 5710 3483 5770 universalem
3514 5727 3759 5786 equum,
