4126 6430
335 375 454 438 .783

1596 353 2020 417 NICEPHOBI
2065 351 2502 413 BLEMMIDIE

3636 346 3757 409 784

335 509 586 578 hocjest,
621 504 693 560 ad
724 500 984 557 hominis
1015 501 1070 553 et
1100 495 1236 569 equi
1269 493 1544 567 speciem,
1574 489 1984 546 ascenderunt.

2105 479 2337 538 καθόλου
2409 478 2573 536 ἵππον
2633 478 2950 557 ἀνέδραμον,
3009 479 3281 535 τουτέστιν
3338 477 3428 533 ἐπὶ
3490 477 3554 533 τὸ
3613 475 3754 541 εἶδος

335 603 457 654 Hoc
479 600 674 651 autem
700 591 879 648 etiam
911 589 970 643 in
1003 586 1131 642 aliis
1157 581 1610 658 particularihus
1633 578 1988 635 animalibus

343 703 478 744 cum
509 683 786 740 fecissent
815 679 885 735 ab
927 677 1020 732 his
1070 693 1197 748 quae
1237 671 1545 728 mutationi
1577 673 1633 726 et
1662 667 1988 724 alterationi

343 780 488 833 sunt
517 770 766 828 obnoxia
795 769 865 825 ad
906 785 973 823 ea
1003 783 1129 838 quae
1161 762 1508 818 mutationis
1539 766 1597 815 et
1627 755 1989 815 alterationis

345 871 487 922 sunt
515 860 790 934 expertia,
824 856 1205 912 transierunt.
1244 849 1625 906 Particularia
1667 847 1825 902 enim
1859 845 1988 916 qui-

344 955 479 1010 dem
511 950 821 1008 mutationi
850 953 907 1004 et
945 942 1271 1002 alterationi
1303 945 1442 996 sunt
1484 939 1640 994 124
1689 935 1940 992 obnoxia
1973 952 1986 989 :

343 1042 774 1103 universalibus
805 1043 1001 1095 autem
1033 1032 1300 1090 convenit
1337 1034 1403 1084 ut
1451 1028 1655 1083 eodem
1707 1026 1878 1080 modo
1928 1041 1990 1080 se

342 1150 577 1207 semper
592 1124 1161 1192 habeant.Quoniam
1176 1138 1245 1178 au
1255 1124 1370 1175 tem
1384 1117 1561 1173 etiam
1580 1112 1989 1186 hujuscemodi

339 1202 562 1298 species
603 1237 721 1277 non
769 1233 973 1274 omnes
1015 1214 1241 1269 dianoea
1284 1210 1532 1281 possunt
1571 1202 1988 1276 comprehendi

339 1294 750 1386 (multaienim
782 1322 984 1363 earum
1014 1303 1360 1375 ignorantur
1391 1315 1424 1352 a
1453 1295 1668 1365 nobis),
1695 1294 1989 1348 universa-

337 1383 484 1460 liore
513 1400 628 1457 alio
657 1397 937 1470 inquisito
960 1389 1175 1449 animal
1210 1390 1567 1460 repererunt.
1595 1383 1808 1440 Eodem
1841 1398 1986 1453 prae-

335 1495 495 1548 terea
525 1489 699 1545 modo
731 1481 1184 1559 particularihus
1215 1478 1430 1550 plantis
1472 1475 1544 1530 ad
1593 1471 1984 1529 universalem

337 1579 600 1652 plantam
632 1581 691 1632 et
719 1569 1245 1647 plantanimalibus
1275 1567 1346 1622 ad
1395 1561 1781 1652 plantanimal
1811 1559 1984 1652 colle-

337 1648 489 1737 ctis;
540 1666 738 1723 omnia
783 1665 922 1734 haec,
975 1657 1214 1724 animal,
1256 1656 1540 1729 plantam,
1574 1648 1982 1725 plantanimal,

339 1757 596 1814 animato
627 1753 1120 1810 constrinxerunt.
1155 1746 1266 1802 Sed
1312 1749 1370 1800 et
1418 1739 1986 1815 porrojinanimatas

336 1851 579 1903 naturas
622 1839 1036 1939 contemplati,‘
1052 1836 1302 1936 lignum,
1333 1832 1612 1904 lapidem,
1653 1828 1871 1939 ferrum
1924 1828 1984 1939 et
2015 1875 2063 1939 B

337 1932 555 1991 similia
582 1956 597 2000 ;
628 1930 722 1986 his
751 1925 1077 1984 universale
1095 1923 1488 1979 inanimatum
1514 1917 1946 1974 constituerunt
1970 1930 1982 1968 :

337 2027 395 2080 et
422 2022 533 2078 hoc
563 2037 699 2076 cum
731 2017 986 2074 animato
1028 2030 1131 2086 per
1181 2027 1393 2082 corpus
1437 2006 1805 2079 colligarunt.
1841 2003 1988 2068 Quia

338 2116 536 2168 autem
559 2109 736 2165 etiam
764 2105 1038 2179 angelum
1061 2108 1118 2159 et
1138 2101 1396 2158 animam
1418 2115 1546 2154 esse
1565 2098 1985 2169 cognoverunt,

337 2218 466 2274 qua
497 2197 756 2270 corporis
787 2200 1060 2252 naturam
1094 2208 1208 2247 non
1249 2188 1607 2262 participant
1649 2185 1780 2256 (hoc
1827 2182 1984 2238 enim

336 2272 398 2346 in
429 2294 626 2362 partes
654 2291 743 2343 est
770 2283 1098 2351 dividuum,
1123 2287 1180 2336 et
1207 2286 1327 2334 tres
1354 2275 1750 2332 dimensiones
1771 2272 1982 2327 habet:

336 2359 450 2434 illa
467 2393 602 2434 vero
634 2373 890 2448 partium
922 2387 1164 2444 prorsus
1193 2371 1328 2423 sunt
1360 2364 1619 2438 expertia
1657 2367 1714 2418 et
1761 2359 1984 2416 nullam

336 2465 766 2523 dimensionem
789 2462 1072 2526 obtinent,
1095 2475 1210 2514 non
1231 2453 1686 2528 longitudinem,
1715 2467 1832 2507 non
1861 2448 1988 2505 lati-

335 2555 628 2622 tudinem,
653 2569 770 2609 non
792 2547 1302 2625 profunditatem),
1328 2562 1431 2618 per
1451 2541 1844 2600 substantiam
1865 2556 1989 2596 cor-

337 2661 451 2718 pus
482 2659 618 2700 cum
647 2643 989 2713 incorporeo
1019 2638 1354 2706 univerunt,
1378 2634 1640 2704 adeoque
1663 2629 1812 2686 125
1847 2627 1988 2684 sub-

338 2733 561 2792 stantia
589 2732 802 2789 horum
827 2729 1094 2786 omnium
1115 2743 1243 2798 quae
1276 2741 1375 2797 per
1408 2739 1470 2780 se
1500 2721 1810 2790 exsistunt,
1833 2735 1989 2776 com-

339 2839 521 2879 mune
550 2837 737 2896 genus
766 2822 921 2876 facta
950 2821 1060 2874 est.

411 2914 466 2968 5.
501 2895 787 2977 Quoniam
840 2911 1036 2964 autem
1086 2921 1179 2962 res
1227 2903 1496 2976 quaedam
1545 2901 1606 2956 in
1658 2895 1992 2956 substantia

343 3004 485 3057 sunt
511 3016 615 3055 nec
655 2999 716 3055 in
760 2997 971 3070 seipsis
1001 2993 1398 3052 exsistentiam
1431 2990 1669 3058 habent,
1701 2988 1784 3044 ita
1813 2987 1990 3043 etiam

341 3091 414 3146 de
443 3089 538 3145 his
567 3086 1094 3145 considerationem
1127 3084 1536 3154 susceperunt.

411 3197 467 3251 6.
499 3195 624 3251 Duo
657 3195 928 3267 quaedam
982 3196 1039 3248 et
1085 3191 1199 3246 tria
1247 3195 1304 3245 et
1349 3189 1549 3244 decem
1581 3191 1638 3241 et
1664 3185 1870 3258 viginti
1901 3184 1992 3239 in-

2096 576 2194 626 τοῦ
2225 572 2512 646 ἀνθρώπου
2561 570 2651 624 καὶ
2703 568 2790 634 ἐπὶ
2835 571 2898 624 τὸ
2950 565 3091 632 εἶδος
3138 571 3237 624 τοῦ
3260 565 3457 624 ἵππου.
3497 571 3667 622 Τοῦτο
3698 563 3756 622 δὲ

2098 659 2229 715 κάπὶ
2259 665 2366 714 τῶν
2420 659 2606 715 ἄλλων
2669 659 2821 729 ζώων
2877 657 3239 728 πεποιηκότες
3294 661 3401 712 τῶν
3465 661 3702 734 μερικῶν
3734 703 3751 730 ,

2099 749 2205 805 ἀπὸ
2251 754 2358 805 τῶν
2410 752 2654 826 τρεπτῶν
2687 749 2778 804 καὶ
2825 747 3151 804 ἀλλοιωτῶν
3205 741 3505 822 μετέϐησαν
3555 744 3642 802 ἐπὶ
3687 746 3757 803 τὰ

2100 837 2335 916 ἅτρεπτά
2390 859 2450 894 τε
2505 837 2595 894 καί
2654 835 3021 894 ἀναλλοίωτα.
3080 837 3292 912 Τρεπτὰ
3347 835 3442 910 μὲν
3502 836 3608 912 γὰρ
3665 835 3756 891 καὶ

2097 925 2382 982 ἀλλοιωτά
2413 927 2646 1004 ὑπάρχει
2695 926 2762 982 τὰ
2805 925 3020 1002 μερικὰ,
3066 930 3184 988 τοῖς
3217 921 3274 980 δὲ
3310 922 3552 980 καθόλου
3579 924 3643 980 τὸ
3674 924 3757 980 ἀεὶ

2099 1015 2357 1078 ὡσαύτως
2413 1013 2563 1092 ἔχειν
2622 1015 2761 1071 ἐστίν
2791 1060 2804 1072 .
2868 1014 3016 1070 Ἐπεὶ
3074 1011 3132 1070 δὲ
3185 1015 3275 1069 καὶ
3331 1017 3439 1069 τῶν
3491 1012 3758 1069 τοιούτων

2099 1102 2256 1160 εἰδῶν
2291 1105 2390 1161 οὒκ
2421 1103 2562 1161 ἔστιν
2595 1107 2803 1160 ἅπαντα
2847 1107 2917 1178 τῇ
2965 1101 3177 1174 διανοίᾳ
3204 1101 3522 1178 περιληπτὰ
3549 1099 3762 1176 (πολλᾶ

2095 1193 2197 1269 γὰρ
2248 1193 2420 1249 αὐτῶν
2470 1193 2741 1270 ἀγνοεῖται
2790 1195 2972 1267 ἡμῖν),
3019 1192 3083 1247 τὸ
3129 1190 3567 1268 καθολικώτερον
3609 1188 3761 1253 αὖθις

2101 1285 2428 1354 ζητήσαντες
2488 1281 2642 1359 εὗρον
2697 1283 2760 1338 τὸ
2842 1287 2978 1352 ζῶον
3017 1325 3029 1339 .
3091 1281 3364 1344 Ὡσαύτως
3423 1277 3483 1336 δὲ
3545 1279 3635 1336 καὶ
3690 1280 3760 1336 τὰ

2095 1373 2232 1427 κατὰ
2292 1372 2453 1449 μέρος
2517 1373 2657 1451 φυτὰ
2729 1373 2864 1448 πρὸς
2921 1371 2986 1426 τὸ
3059 1368 3294 1426 καθόλου
3369 1369 3759 1446 συναγαγόντες

2097 1461 2282 1537 φυτὸν,
2341 1461 2432 1516 καὶ
2489 1461 2629 1538 πρὸς
2683 1460 2744 1516 τὸ
2809 1460 3084 1539 ζωόφυτον
3142 1459 3210 1516 τὰ
3268 1458 3536 1538 ζωόφυτα·
3585 1463 3757 1515 ταῦτα

2094 1550 2287 1622 πάντα,
2317 1551 2380 1605 τὸ
2414 1555 2573 1623 ζῶον,
2603 1551 2667 1606 τὸ
2715 1549 2903 1628 φυτὸν,
2951 1551 3014 1604 τὸ
3065 1548 3365 1627 ζωόφυτον,
3391 1553 3472 1622 τῷ
3514 1546 3756 1625 ἐμψύχῳ

2096 1636 2388 1708 συνέδησαν
2424 1684 2438 1698 .
2490 1642 2873 1716 Θεωρήσαντες
2922 1635 2981 1693 δὲ
3025 1639 3116 1693 καὶ
3164 1638 3304 1712 (τὰς)
3352 1636 3602 1714 ἀψύχους
3653 1637 3755 1716 φύ-

2096 1747 2226 1800 σεις,
2257 1727 2320 1782 τὸ
2347 1726 2530 1801 ξύλον,
2560 1728 2654 1782 τὸν
2710 1727 2882 1801 λίθον,
2931 1727 3022 1782 τὸν
3075 1723 3300 1802 σίδηρον
3349 1725 3441 1781 καὶ
3469 1727 3539 1781 τὰ
3565 1723 3754 1800 ὅμοια,

2091 1816 2154 1870 τὸ
2207 1811 2446 1872 καθόλου
2503 1813 2716 1893 ἄψυχον
2789 1815 2859 1872 δι’
2914 1816 3088 1871 αὐτῶν
3168 1817 3559 1885 συνεστήσαντο
3591 1837 3605 1850 ο
3664 1814 3757 1870 καὶ

2093 1909 2254 1959 τοῦτο
2295 1907 2429 1979 μετά
2474 1910 2572 1961 τοῦ
2621 1905 2877 1981 ἐμψύχου
2925 1907 3164 1978 συνῆψαν
3207 1900 3296 1958 διὰ
3336 1907 3436 1959 τοῦ
3481 1905 3757 1978 σώματος.

2095 1996 2214 2048 Ὅτι
2271 1991 2330 2049 δὲ
2397 1995 2487 2049 καὶ
2536 1991 2767 2072 ἄγγελον
2821 1992 3057 2070 ἔγνωσαν
3119 1992 3252 2048 εἶναι
3299 1993 3390 2048 καὶ
3435 1994 3640 2070 ψυχὴν,
3693 1991 3760 2048 οὗ

2099 2083 2316 2158 μετέχει
2373 2081 2431 2139 δὲ
2476 2088 2644 2139 ταῦτα
2671 2086 2774 2154 τῆς
2821 2087 2918 2138 τοῦ
2966 2083 3222 2157 σώματος
3274 2081 3484 2158 φύσεως
3537 2083 3622 2155 (τὸ
3657 2083 3756 2157 μὲν

2093 2173 2194 2248 γὰρ
2258 2173 2529 2247 μεριστὸν,
2591 2172 2680 2228 καὶ
2753 2177 2900 2248 τρεῖς
2958 2167 3086 2248 ἕχον
3165 2169 3466 2234 διαστάσεις
3499 2189 3512 2202 °
3571 2171 3640 2226 τὰ
3694 2167 3756 2227 δὲ

2094 2261 2377 2325 παντελῶς
2435 2263 2610 2340 ἀμερῆ
2639 2307 2653 2333 ,
2708 2262 2796 2317 καὶ
2860 2259 3129 2335 μηδεμίαν
3178 2261 3484 2334 κεκτημένα
3539 2258 3756 2316 διάστα-

2095 2369 2198 2405 σιν·
2235 2350 2296 2405 ού
2331 2357 2529 2425 μῆκος,
2564 2350 2626 2406 ού
2670 2350 2898 2424 πλάτος,
2953 2349 3014 2405 ού
3071 2349 3280 2427 βάθος),
3315 2347 3406 2404 διὰ
3431 2355 3534 2420 τῆς
3565 2348 3754 2413 οὐσίας

2093 2440 2310 2510 ἥνωσαν
2350 2444 2430 2513 τῷ
2476 2441 2689 2514 σώματι
2738 2441 2803 2495 τὸ
2850 2439 3163 2513 ἀσώματον,
3209 2438 3298 2493 καὶ
3345 2438 3538 2516 γέγονε
3581 2441 3618 2508 ὴ
3663 2437 3754 2494 ού-

2096 2527 2185 2582 σία
2230 2528 2444 2585 πάντων
2493 2529 2701 2584 τούτων
2755 2527 3143 2606 αύθυπάρκτων
3199 2523 3370 2584 ὄντων
3425 2527 3585 2605 γένος
3639 2548 3756 2583 κοι-

2094 2617 2205 2676 νόν.

2172 2906 2230 2963 ε’.
2279 2903 2428 2960 Ἐπεὶ
2491 2901 2550 2960 δέ
2601 2924 2725 2960 τινα
2777 2907 2887 2960 τῶν
2946 2905 3282 2981 πραγμάτων
3341 2903 3393 2958 ἐν
3448 2907 3520 2978 τῇ
3578 2903 3756 2977 οὐσίᾳ,

2105 2994 2182 3067 μὴ
2218 2993 2402 3068 μέντοι
2433 2992 2484 3048 έν
2517 2993 2729 3057 ἑαυτοῖς
2754 2993 2854 3063 τὴν
2905 2991 3126 3070 ὕπαρξιν
3179 2989 3424 3068 ἔχουσιν,
3477 2991 3622 3049 οὕτω
3664 2993 3760 3049 καὶ

2099 3082 2226 3160 περὶ
2253 3082 2460 3138 τούτων
2492 3081 2803 3158 ἐσκέψαντο.

2176 3197 2240 3254 ς’.
2273 3188 2377 3246 Δύο
2407 3191 2528 3246 τινὰ
2567 3191 2657 3245 καὶ
2706 3191 2852 3266 τρία,
2894 3190 2986 3244 καὶ
3035 3185 3163 3244 δέκα
3208 3189 3299 3243 καὶ
3349 3186 3550 3244 εἷ’κοσιν
3592 3189 3755 3265 εὑρη-

416 3243 467 3251 "
499 3243 621 3251 ""'
661 3243 928 3267 1"""'_"
987 3243 1037 3248 "
1094 3243 1197 3246 ""‘
1254 3243 1299 3245 "
1402 3243 1407 3244 ’
1723 3243 1757 3258 υ

338 3289 513 3342 venta
542 3285 614 3340 ad
647 3299 999 3339 numerum:
1033 3297 1316 3354 magnum
1345 3283 1539 3333 autem
1571 3281 1630 3332 et
1659 3291 1904 3347 parvum
1935 3277 1985 3330 et

2105 3243 2863 3357 “gafanas”his;
2917 3277 3170 3356 ἀριθμόνο
3230 3278 3373 3354 μέγα
3422 3243 3480 3333 ἐξ
3527 3243 3758 3353 mihi-

338 3391 466 3448 quae
497 3378 637 3430 sunt
665 3373 846 3443 hujus
867 3371 1118 3444 generis,
1142 3370 1213 3425 ad
1249 3367 1718 3441 magnitudinem
1742 3364 1990 3420 reduxe-

336 3468 515 3520 runt:
553 3478 866 3518 numerum
897 3461 1151 3532 denique
1181 3463 1239 3514 et
1267 3456 1736 3529 magnitudinem
1770 3457 1989 3526 quanto

337 3551 928 3625 comprehenderunt.
952 3556 1106 3605 Duas
1137 3547 1380 3621 proinde
1404 3543 1854 3601 communitates
1884 3541 1988 3598 ha-

336 3643 613 3707 buerunt,
646 3657 776 3713 quae
807 3639 1024 3695 multas
1055 3655 1148 3693 res
1178 3635 1564 3701 continerent,
1593 3631 1988 3690 substantiam

337 3729 602 3802 (scilicet)
633 3733 690 3785 et
719 3729 1131 3802 quantitatem.

406 3820 463 3877 7.
497 3819 724 3875 Rursus
773 3817 995 3889 aliquid
1042 3816 1241 3873 album
1292 3819 1400 3884 est,
1454 3814 1712 3886 nigrum,
1764 3811 1990 3867 fulvum

339 3908 630 3982 (gilvum),
662 3907 784 3964 haec
816 3909 926 3963 sub
958 3905 1148 3963 colore
1179 3907 1615 3962 coacervarunt.
1645 3907 1860 3974 Estque
1892 3899 1988 3956 ali-

338 3998 481 4071 quid
514 3996 704 4069 dulce,
737 4013 1028 4064 amarum,
1061 3995 1339 4062 calidum,
1375 3992 1654 4066 frigidum
1689 4010 1701 4048 :
1746 3991 1866 4046 haec
1897 4007 1989 4046 sa-

337 4103 413 4144 ne
439 4093 498 4143 et
518 4086 770 4143 colorem
803 4091 860 4142 et
888 4094 1041 4143 artes
1071 4091 1129 4140 et
1158 4082 1434 4140 scientias
1455 4099 1574 4137 una
1596 4079 1987 4138 communita-

336 4179 416 4242 te,
442 4175 723 4248 qualitate
744 4174 1352 4245 circumscripserunt.
1383 4173 1484 4228 Est
1504 4175 1701 4227 autem
1734 4169 1989 4242 qualitas

337 4282 372 4322 a
418 4281 536 4336 qua
581 4265 739 4336 quod
791 4264 982 4336 ipsam
1037 4262 1370 4335 participat,
1402 4259 1855 4326 denominative,
1887 4265 1991 4315 aut

335 4353 449 4410 alio
479 4369 716 4426 quoquo
747 4354 920 4409 modo
951 4351 1402 4419 denominatur;
1436 4354 1503 4405 ut
1542 4367 1576 4405 a
1605 4348 1990 4421 grammatica

333 4441 778 4514 grammaticus,
811 4459 845 4497 a
882 4441 1095 4497 virtute
1125 4441 1212 4495 vir
1243 4441 1450 4496 bonus.

400 4531 456 4586 8.
491 4530 639 4596 Quia
685 4547 818 4586 vero
867 4547 1037 4603 porro
1089 4534 1146 4585 et
1191 4529 1462 4584 dextrum
1510 4531 1601 4584 est
1652 4527 1875 4600 aliquid
1930 4531 1988 4583 et

2099 3371 2225 3446 κρὸν
2284 3369 2375 3424 καὶ
2424 3371 2491 3424 τὰ
2543 3373 2768 3424 τοιαῦτα
2824 3367 2915 3424 ἐπὶ
2965 3368 3029 3423 τὸ
3086 3367 3329 3443 μέγεθοςο
3387 3367 3478 3422 τὸν
3521 3367 3754 3446 ἀριθμὸν

2101 3455 2276 3514 δὲκαὶ
2309 3458 2534 3533 μέγεθος
2577 3451 2903 3532 περιέλαϐον
2947 3460 3028 3528 τῷ
3066 3459 3239 3528 ποσῷ.
3274 3454 3379 3511 Δύο
3427 3476 3557 3533 γουν
3590 3453 3755 3532 ἔσχον

2099 3545 2421 3618 κοινότητας
2450 3547 2793 3622 περιεκτικὰς
2814 3543 3150 3622 πραγμάτων
3173 3542 3425 3617 πολλῶν,
3443 3545 3546 3616 τὴν
3570 3544 3777 3609 οὐσίαν,

2097 3637 2188 3692 καὶ
2219 3637 2282 3692 τὸ
2310 3635 2501 3695 ποσόν.

2175 3817 2234 3884 ζ’.
2269 3811 2441 3870 Πάλιν
2475 3810 2584 3869 ἔστι
2615 3835 2668 3869 τι
2699 3813 2914 3886 λευκὸν,
2971 3812 3162 3887 μέλαν,
3211 3813 3422 3890 κιρῥόν·
3459 3817 3628 3869 ταῦτα
3653 3813 3760 3871 ὑπὸ

2097 3904 2160 3958 τὸ
2191 3907 2398 3980 χρῶμα
2447 3904 2828 3979 συνήθροισαν.
2880 3905 3032 3958 ’Ἐστι
3085 3898 3142 3957 δέ
3189 3923 3242 3956 τι
3288 3901 3486 3978 γλυκὺ,
3536 3903 3759 3979 πικρὸν,

2100 3992 2324 4069 θερμὸν,
2372 3992 2584 4069 ψυχρόν
2617 4011 2629 4025 ’
2660 3996 2828 4046 ταῦτα
2878 3987 2946 4060 δὴ
2995 3989 3086 4046 καί
3132 3991 3195 4046 τὸ
3243 3994 3472 4068 χρῶμα,
3523 3990 3616 4046 καί
3663 3993 3762 4055 τὰς

2096 4081 2317 4157 τέχνας,
2364 4081 2586 4143 καὶτὰς
2635 4079 2942 4153 ἐπιστήμας
2995 4084 3093 4153 μιᾷ
3138 4078 3418 4149 κοινότητι
3466 4080 3758 4157 περιέγρα-

2098 4174 2225 4244 ψαν,
2282 4175 2361 4243 τῷ
2410 4175 2574 4243 ποιῷ.
2624 4170 2788 4225 Ποιὸν
2848 4166 2905 4224 δέ
2957 4167 3121 4242 ἐστιν,
3174 4169 3261 4247 ἀφ’
3294 4168 3356 4222 οὗ
3403 4167 3758 4243 παρωνύμως

2103 4259 2425 4334 ὀνομάζεται
2455 4259 2519 4314 τὸ
2553 4259 2806 4334 μετέχον,
2837 4258 2872 4327 ἢ
2906 4258 3155 4313 ὁπωσοῦν
3189 4255 3378 4320 ἄλλως
3426 4256 3520 4312 ἀπ’
3565 4254 3756 4313 αὐτοῦ·

2098 4349 2172 4411 ὡς
2205 4349 2310 4403 ἀπὸ
2339 4355 2440 4418 τῆς
2470 4353 2857 4426 γραμματικῆς
2887 4348 2916 4402 ὁ
2945 4345 3354 4424 γραμματικὸς,
3395 4345 3485 4401 καὶ
3515 4345 3624 4402 ἀπὸ
3651 4352 3759 4416 τῆς

2098 4439 2292 4513 ἀρετῆς
2323 4439 2352 4494 ὁ
2385 4434 2698 4500 σπουδαῖος.

2167 4534 2234 4599 η’.
2293 4530 2410 4582 ’Ότι
2470 4524 2528 4582 δὲ
2584 4528 2673 4582 καὶ
2727 4524 2895 4599 δεξιὸν
2956 4523 3069 4580 ἔστι
3113 4545 3166 4580 τι
3195 4523 3286 4580 καὶ
3332 4524 3634 4602 ἀριστερὸν,
3666 4524 3761 4579 καὶ

329 4621 662 4690 sinistrum,
703 4625 760 4676 et
789 4619 1038 4692 duplum
1070 4624 1127 4675 et
1157 4617 1468 4674 dimidium
1504 4635 1516 4673 :
1576 4616 1717 4672 talia
1746 4617 1797 4672 ei
1831 4617 1985 4690 quod

2105 4614 2380 4672 διπλάσιον
2441 4615 2530 4670 καὶ
2580 4617 2770 4689 ἣμισυ·
2828 4615 2897 4670 τὰ
2946 4613 3171 4670 τοιαύτα
3221 4617 3302 4686 τῷ
3348 4612 3486 4691 πρός
3532 4634 3585 4668 τι
3626 4613 3762 4668 ἀπέ-

327 4714 418 4766 est
446 4710 518 4766 ad
550 4709 774 4782 aliquid
801 4709 1216 4764 attribuerunt.
1242 4708 1390 4762 Sunt
1410 4711 1605 4762 autem
1639 4707 1711 4761 ad
1736 4705 1979 4778 aliquid,

328 4798 570 4855 alterius
602 4799 674 4854 ad
707 4797 958 4854 alterum
989 4797 1144 4853 I26
1176 4796 1461 4852 habitudo
1505 4813 1605 4851 seu
1657 4802 1980 4867 respectus.

399 4905 454 4958 9.
486 4903 704 4959 Iterum
735 4903 960 4975 aliquid
989 4909 1078 4958 est
1108 4902 1166 4956 in
1198 4907 1412 4970 mente,
1446 4902 1504 4955 in
1548 4903 1691 4967 foro,
1725 4902 1785 4956 in
1817 4903 1980 4957 thea-

329 4995 458 5047 tro:
490 4991 631 5048 talia
662 4993 1075 5048 communitati
1103 4993 1199 5044 τοῦ
1231 4991 1330 5045 ubi
1365 4991 1756 5062 adaptarunt;
1787 4990 1850 5044 τὸ
1883 4991 1983 5046 ubi

331 5085 526 5136 autem
557 5081 666 5138 loci
697 5083 1083 5137 exhibitivum
1115 5086 1204 5136 est
1234 5097 1246 5134 :
1282 5086 1535 5151 suntque
1566 5085 1650 5136 tot
1681 5079 1842 5136 illius
1873 5082 1981 5136 dif-

331 5170 586 5226 ferentiis
619 5178 761 5242 quot
789 5171 899 5226 loci
935 5189 946 5227 :
1005 5187 1266 5238 sursum,
1300 5170 1578 5224 deorsum
1612 5186 1626 5225 :
1687 5170 1978 5241 dextrum,

331 5258 640 5314 sinistrum
675 5276 688 5314 :
742 5269 896 5326 ante,
931 5266 1081 5332 post.

401 5348 489 5402 10.
522 5347 653 5403 Jam
683 5366 816 5404 vero
847 5349 994 5418 heri,
1023 5354 1080 5404 et
1132 5348 1421 5420 praeterito
1472 5364 1644 5417 anno,
1675 5353 1732 5404 et
1781 5348 1975 5420 hodie,

328 5440 385 5492 et
413 5453 564 5506 cras,
596 5442 652 5492 et
681 5443 969 5509 quotquot
998 5442 1136 5492 sunt
1167 5437 1344 5507 hujus
1377 5436 1606 5507 generis
1638 5437 1707 5492 ad
1743 5438 1978 5508 quando

326 5524 729 5596 collegerunt;
784 5527 893 5582 hoc
942 5533 1139 5582 autem
1193 5525 1472 5596 temporis
1522 5527 1977 5598 signiﬁcativum

324 5619 433 5669 est.
467 5614 734 5684 Suntque
783 5617 1120 5670 dill‘erentia:
1165 5618 1261 5668 τοῦ
1319 5616 1574 5685 quando,
1608 5621 1752 5686 quot
1801 5615 1976 5670 etiam

323 5701 607 5777 temporis
654 5709 811 5773 sunt,
859 5721 1135 5778 praesens,
1169 5704 1550 5778 praeteritum,
1581 5711 1639 5762 et
1685 5707 1975 5763 futurum.

2092 4727 2300 4780 νειμαν.
2333 4709 2482 4761 ’Ἐστι
2511 4703 2570 4760 δὲ
2612 4707 2680 4760 τὰ
2707 4704 2844 4782 πρός
2884 4726 2939 4759 τι
2984 4701 3173 4780 σχέσις
3222 4703 3410 4779 ἑτέρου
3457 4702 3595 4778 πρὸς
3641 4699 3763 4759 ἓτε-

2095 4815 2209 4870 ρον.

2162 4903 2225 4958 θ’.
2258 4899 2429 4957 Πάλιν
2459 4899 2567 4956 ἔστι
2597 4921 2648 4955 τι
2682 4900 2733 4955 ἐν
2762 4904 2859 4972 νῷ,
2896 4902 2947 4956 ἐν
2975 4901 3168 4976 ἀγορᾷ,
3201 4899 3252 4953 έν
3286 4899 3517 4976 θεάτρῳ,
3546 4901 3615 4973 τῇ
3655 4902 3761 4953 τοῦ

2090 4995 2198 5045 ποῦ
2250 4991 2528 5062 κοινότητι
2593 4990 2662 5045 τὰ
2710 4994 2936 5046 τοιαῦτα
2987 4990 3402 5066 προσήρμοσαν.
3453 4986 3638 5044 Τόπου
3697 4983 3761 5042 δὲ

2090 5081 2483 5156 παραστατικὸν
2545 5080 2778 5156 ὑπάρχει
2832 5079 2895 5134 τὸ
2950 5083 3057 5134 ποῦ
3090 5098 3102 5111 ο
3165 5074 3419 5156 διαφοραὶ
3473 5073 3530 5131 δὲ
3587 5075 3759 5132 αὐτοῦ

2091 5169 2213 5224 ὅσαι
2269 5169 2359 5223 καὶ
2406 5171 2504 5224 τοῦ
2557 5168 2751 5223 τόπου’
2814 5163 2945 5239 ἅνω,
2999 5166 3169 5236 κάτω,
3229 5163 3394 5238 δεξιὰ,
3455 5163 3756 5242 ἀριστερὰ,

2092 5252 2415 5334 ἔμπροσθεν,
2442 5255 2682 5312 ὄπισθεν.

2165 5349 2214 5403 ι’.
2248 5346 2319 5400 Τὸ
2350 5343 2406 5400 δὲ
2435 5346 2565 5421 χθὲς
2610 5345 2700 5400 καὶ
2751 5344 2940 5422 πέρυσι
2991 5345 3081 5400 καὶ
3113 5347 3376 5419 σήμερον,
3421 5341 3512 5398 καὶ
3542 5337 3754 5419 αὔριον,

2088 5437 2178 5491 καὶ
2237 5434 2335 5489 ὅσα
2387 5439 2630 5505 τοιαῦτα,
2693 5433 2778 5489 ἐπὶ
2836 5440 2932 5490 τοῦ
2992 5435 3127 5490 πότε
3183 5434 3513 5508 συνήγαγον·
3573 5429 3638 5486 τὸ
3695 5428 3758 5487 δὲ

2092 5525 2202 5580 ἐστι
2228 5525 2433 5601 χρόνου
2483 5525 2836 5597 σημαντικόν.
2891 5523 3153 5603 Διαφοραὶ
3205 5519 3263 5577 δὲ
3307 5525 3407 5576 τοῦ
3446 5520 3600 5593 πότε,
3631 5519 3755 5576 ὅσαι

2087 5615 2176 5670 καὶ
2231 5618 2329 5670 τοῦ
2372 5612 2597 5691 χρόνου·
2650 5611 2914 5686 ἐνεστὼς,
2960 5609 3408 5692 παρεληλυθὼς,
3462 5608 3554 5665 καὶ
3615 5606 3752 5684 μέλ-

2088 5703 2221 5762 λων.
