4126 6428
401 444 518 505 785

1779 443 2129 508 EPITOME
2174 445 2481 507 LOGICA.

3702 440 3821 503 786

472 576 558 630 ια’.
592 574 662 630 Τὸ
720 570 779 629 δὶ
832 571 1166 645 τύπτειν,τὸ
1224 572 1553 652 θερμαίνειν,
1583 576 1647 630 τὸ
1704 575 1900 651 ψύχειν
1959 576 2047 631 καὶ

2237 580 2323 633 11.
2357 580 2429 633 Αι
2474 577 2535 631 τὸ
2563 578 2883 647 verberare,
2917 578 2978 630 τὸ
3029 574 3363 643 calefacere,
3395 574 3459 629 τὸ
3510 575 3817 648 refrigare,

395 666 462 722 τά
516 668 759 737 τοιαῦτα,
808 661 976 740 ἤγουν
1029 660 1408 741 παραπλήσια,
1466 662 1519 718 έν
1570 669 1649 737 τῷ
1703 670 1879 720 ποιεῖν
1938 663 2050 729 ἔθε-

399 775 491 811 σαν
502 796 513 809 .

472 844 562 920 ιβ’.
593 846 798 919 Ὥσπερ
856 841 922 899 αὖ
970 842 1022 898 έν
1075 847 1154 916 τῷ
1200 844 1454 921 πάσχειν,
1501 843 1565 899 τὸ
1618 843 1933 914 τύπτεσθαι,
1989 845 2053 899 τὸ

398 932 801 1011 θερμαίνεσθαι,
830 934 893 988 τὸ
918 931 1207 1009 ψύχεσθαι,
1232 933 1322 988 καὶ
1352 933 1419 987 τὰ
1449 932 1636 1007 ὅμοια.

472 1025 558 1097 ιγ’.
590 1023 743 1081 Ἔστι
776 1019 835 1077 δὲ
878 1027 1053 1078 ποιεῖν
1112 1021 1207 1095 μὲν
1254 1022 1319 1077 τὸ
1368 1019 1496 1097 δρᾷν
1542 1022 1667 1099 περί
1710 1044 1785 1093 τι,
1818 1024 2047 1098 πάσχειν

396 1109 453 1169 δὲ
482 1112 544 1169 τὸ
577 1112 664 1191 ὑφ’
695 1110 879 1189 ἑτέρου
907 1110 1282 1169 ἀλλοιοῦσθαι.

467 1198 551 1261 ιδ’.
585 1200 756 1258 Πάλιν
803 1198 990 1271 ἐπειδή
1047 1200 1157 1257 ἐστι
1212 1202 1274 1256 τὸ
1334 1198 1701 1273 ὗποδεδέσθαι,
1752 1202 2045 1272 ὡπλίσθαι,

396 1288 686 1349 δακτύλιον
731 1295 940 1370 φορεῖν,
969 1291 1037 1347 τὰ
1082 1290 1299 1348 ἐοικότα
1345 1291 1520 1347 πάντα
1561 1296 1729 1347 ταῦτα
1773 1295 1853 1363 τῷ
1899 1287 2046 1368 ἔχειν

395 1376 715 1436 δεδώκασιν.
774 1380 929 1435 Ἐστι
979 1376 1036 1435 δὶ
1092 1380 1153 1434 τὸ
1206 1376 1353 1457 ἔχειν
1412 1378 1599 1441 οὐσίας
1674 1379 1797 1456 περὶ
1865 1379 2049 1436 οὐσίαν

393 1469 690 1547 περίθεσις.

467 1559 544 1614 ιε’.
576 1558 649 1615 Τὸ
709 1555 768 1614 δὲ
824 1557 1059 1630 ἑστάναι,
1110 1558 1200 1613 καὶ
1254 1558 1584 1631 ἀνακεῖσθαι,
1616 1559 1705 1614 καὶ
1762 1560 2043 1629 καθῆσθαι,

394 1646 532 1723 γένιι
562 1652 734 1720 κοινῷ
760 1650 840 1719 τῷ
867 1649 1073 1703 κεῖσθαι
1107 1647 1389 1719 ὑπέταξαν.

469 1744 553 1802 ις’.
586 1738 801 1793 Κεῖσθαι
832 1733 891 1792 δέ
919 1734 1058 1793 ἐστιν
1091 1739 1126 1806 ἡ
1174 1734 1359 1794 τοιάδε
1414 1738 1559 1800 θέσις
1612 1742 1710 1792 τοῦ
1768 1740 2044 1811 σώματος.

468 1915 649 2023 ιζ’ζξέἷ
691 1915 787 1990 μὶν
827 1916 931 2023 γὰρ
980 1911 1137 2023 ἔρθια
1176 1917 1245 1972 τὰ
1294 1916 1435 1989 μέλη
1488 1917 1663 1972 πάντα
1712 1916 1867 1988 εἰσὶν,
1897 1916 2047 1973 ἐστά-
2077 1958 2128 2023 Β

392 2026 478 2061 ναι
554 2002 788 2083 λέγεται·
864 2005 910 2061 εἰ
978 2002 1025 2060 δ’
1102 2005 1267 2062 ὕπτια
1343 2006 1537 2078 πάντα,
1596 2007 1902 2070 ἀνακεῖσθαι
1959 2006 2048 2061 καὶ

389 2092 784 2151 ἀνακεκλίσθαι.
818 2094 886 2150 Εἴ
922 2091 980 2151 δὲ
1020 2096 1088 2150 τὰ
1137 2095 1233 2169 μὶν
1279 2093 1614 2172 ὀρθιάζοντα,
1643 2096 1711 2151 τὰ
1760 2092 1807 2149 δ’
1856 2094 2050 2151 ὑπτιά-

390 2184 552 2254 ζοντά
578 2203 719 2253 πως,
750 2184 888 2253 καθῆ
897 2194 1038 2248 σθαι.

463 2274 692 2343 ιη’.Τοῦ
742 2271 801 2329 δὲ
847 2278 1055 2337 κεῖσθαι
1103 2274 1173 2329 τὰ
1227 2273 1325 2346 μὲν
1380 2272 1535 2350 φύσει
1589 2274 1829 2350 μετέχει,
1863 2274 1937 2336 ὡς
1985 2272 2053 2329 τὰ

387 2362 620 2439 τέσσαρα
651 2368 919 2439 στοιχεῖα,
953 2361 1006 2418 έν
1036 2367 1156 2425 τοῖς
1208 2359 1369 2425 ἰδίοις
1414 2359 1699 2438 ἱδρυμένα,
1730 2364 1820 2419 καὶ
1872 2365 1900 2418 ὁ
1958 2362 2050 2419 ού-

390 2451 552 2528 ρανὸς
578 2453 679 2521 τὴν
711 2450 970 2508 ἀνωτάτω
1031 2452 1220 2528 χώραν
1282 2452 1515 2529 ἐπέχωνο
1573 2453 1642 2508 τὰ
1690 2450 1748 2508 δὲ
1778 2453 1942 2523 θέσει,
1976 2453 2051 2515 ὡς

394 2537 726 2617 ἀνδριάντες,
757 2540 848 2596 καὶ
900 2540 1100 2606 κίονες⁹
1131 2540 1226 2597 καὶ
1284 2541 1449 2611 σκεύη
1507 2541 1598 2597 καὶ
1647 2540 1795 2605 ὅλως
1824 2542 1892 2597 τὰ
1918 2542 2055 2597 κατά

396 2630 596 2707 τέχνην
625 2631 750 2686 τινὰ
777 2629 813 2700 ἢ
846 2628 1036 2707 χρείαν
1067 2629 1339 2705 τιθέμενα.

473 2809 553 2868 ιθ’.
587 2809 706 2865 Ἔτι
758 2808 827 2863 τὰ
875 2809 969 2882 μὲν
1031 2808 1083 2865 έν
1135 2806 1314 2865 στάσει
1365 2806 1483 2885 ἔχει
1533 2810 1634 2879 τήν
1685 2808 1848 2882 θέσιν,
1895 2811 1969 2872 ὡς
2014 2812 2050 2879 ἡ

399 2903 494 2972 r7;-
522 2897 591 2953 τὰ
621 2894 669 2953 δ’
695 2896 747 2952 έν
774 2899 1008 2968 κινήσει,
1037 2897 1112 2960 ὡς
1139 2899 1208 2955 τὰ
1238 2896 1462 2971 ούράνια
1490 2899 1739 2972 σώματα.

466 2986 533 3043 κ’.
558 2987 680 3043 Ἔτι
723 2987 792 3042 τὰ
843 2987 938 3061 μὲν
982 2984 1239 3061 διαμέσον
1290 2985 1407 3064 ἔχει
1463 2987 1525 3043 τὸ
1591 2993 1820 3056 κεῖσθαι,
1853 2988 1929 3050 ὡς
1984 2988 2052 3043 τὰ

399 3080 644 3152 στοιχεῖα
671 3077 761 3132 καὶ
812 3075 1060 3152 ούρανός·
1091 3076 1159 3132 τὰ
1207 3074 1255 3131 δ’
1299 3075 1587 3155 ἕγχρονον,
1620 3077 1693 3139 ὡς
1740 3078 1809 3132 τὰ
1858 3076 1909 3132 ἐν
1956 3078 2048 3151 μέ-

398 3183 480 3241 ρει
508 3163 714 3242 χρόνου
746 3165 1047 3246 ὑφεστῶτα.

465 3254 565 3312 κα’.
600 3252 752 3311 Οὕτω
786 3257 880 3329 μὶν
914 3253 1006 3311 οὖν
1039 3256 1091 3311 οἱ
1123 3255 1415 3335 φιλόσοφοι
1455 3257 1553 3319 τὰς
1608 3255 1861 3319 τοιαύτας
1924 3253 2049 3313 δέκα

391 3345 751 3420 γενικωτάτας
783 3345 993 3422 ἐξεῦρον
1026 3346 1368 3418 κοινότητας.

458 3433 561 3511 κβ’.
590 3435 856 3491 Ἔκαστον
913 3432 971 3491 δὲ
1028 3439 1136 3491 τῶν
1191 3437 1329 3491 κατά
1386 3432 1658 3510 μηδεμίαν
1721 3434 2047 3505 συμπλοκήν

389 3520 697 3599 λεγομένων
725 3522 857 3580 αὐτὸ
898 3524 1017 3589 καθ’
1070 3523 1200 3581 αὐτὸ
1258 3529 1487 3602 πρᾶγμα
1547 3525 1642 3598 μὲν
1699 3524 1751 3597 ἐξ
1811 3524 2048 3601 ἀνάγκης

388 3608 575 3685 δηλοῖ,
601 3609 804 3687 ψεῦδος
854 3610 977 3683 δὲῆ
1035 3612 1294 3686 ἀλήθειαν
1357 3611 1631 3688 οὐδαμῶς·
1664 3618 1733 3689 τῇ
1795 3611 1853 3670 δὲ
1907 3616 2044 3691 πρὸς

388 3697 615 3772 ἄλληλα
659 3701 869 3757 τούτων
924 3700 1222 3777 συμπλοκῇ
1252 3704 1288 3772 ἢ
1321 3702 1570 3776 ἀλήθεια,
1600 3700 1638 3772 ἤ
1670 3700 1867 3777 ψεῦδος
1915 3702 2043 3759 ἀκο-

389 3788 597 3855 λουθεῖ.
644 3796 739 3846 "Av
823 3792 918 3861 μὲν
988 3791 1088 3868 γὰρ
1164 3789 1323 3865 εἷ’πω,
1395 3789 1702 3869 ἅνθρωπος,
1757 3789 1794 3861 ἤ
1847 3790 2041 3865 ἵππος,

384 3874 422 3947 ἤ
460 3876 669 3955 τρέχει,
721 3876 759 3949 ἤ
802 3876 1036 3935 ἵσταται·
1088 3886 1320 3956 πρᾶγμα
1370 3881 1465 3953 μὶν
1520 3879 1770 3954 σημαίνω
1830 3878 2040 3950 ἁπλῶς,

385 3966 487 4022 ούκ
543 3965 800 4038 ἀληθεύω
858 3966 935 4040 δὲ,
971 3965 1097 4025 οὑδὲ
1151 3966 1442 4043 ψεύδομαι·
1483 3967 1570 4024 ἐὰν
1621 3966 1679 4024 δὲ
1733 3968 2043 4043 συμπλέξας

383 4054 510 4132 ἐρῶ,
570 4053 854 4134 ἅνθρωπος
936 4058 1144 4135 τρέχει,
1204 4055 1241 4127 ἤ
1290 4056 1461 4120 *ίππος
1510 4055 1747 4129 ἵσταται,
1819 4058 1932 4113 τότ’
1988 4058 2041 4129 ἐξ

381 4145 617 4222 ἀνάγκης
647 4144 686 4216 ἤ
717 4145 977 4218 ἀληθεύω
1006 4144 1044 4217 ἤ
1071 4144 1365 4221 ψεύδομαι.

451 4324 552 4400 κγ’.
611 4325 686 4380 Τὰ
740 4325 835 4399 μὶν
889 4323 981 4380 οὖν
1038 4329 1230 4403 πρῶτα
1294 4325 1383 4380 καὶ
1460 4322 1683 4402 δεύτερα
1751 4325 2036 4401 πρόσωπα,

379 4410 473 4467 διὰ
516 4412 580 4467 τὸ
636 4412 771 4469 εἶναι
833 4414 1132 4491 ὡρισμένα,
1176 4415 1249 4477 ὡς
1305 4416 1368 4470 τὸ
1417 4414 1602 4492 τρέχω
1660 4416 1751 4470 καὶ
1795 4416 2037 4492 τρέχεις,

379 4501 847 4579 συμπεπλεγμένα
892 4503 995 4559 εἶσὶ
1036 4508 1116 4577 τῷ
1164 4504 1579 4579 σημαινομένῳο
1624 4505 1691 4560 τὰ
1746 4502 1803 4559 δὲ
1857 4505 2033 4582 τρίτα,

2164 673 2223 725 et
2270 667 2704 739 hujuscemodi,
2731 668 2840 722 hoc
2870 671 2977 736 est,
3011 670 3279 740 cognata,
3312 665 3373 721 in
3400 669 3479 735 τῷ
3526 680 3697 737 agere
3727 680 3817 720 re-

2163 762 2507 831 posuerunt.

2234 848 2318 902 12.
2349 848 2856 913 Quemadmodum
2902 846 3161 903 vicissim
3194 847 3253 901 in
3283 849 3362 915 τῷ
3415 844 3555 917 pati,
3586 842 3650 897 τὸ
3680 858 3814 900 ver-

2161 936 2372 1003 berari,
2403 936 2466 989 τὸ
2498 936 2766 1004 caleﬁeri,
2796 936 2859 989 τὸ
2890 936 3240 1007 refrigerari,
3273 939 3332 990 et
3361 932 3598 990 similia.

2233 1026 2316 1081 13.
2355 1025 2455 1080 Est
2486 1031 2681 1081 autem
2735 1041 2904 1098 agere
2935 1025 3173 1096 quidem
3224 1023 3450 1095 operari
3494 1022 3648 1077 circa
3708 1020 3815 1077 ali-

2159 1114 2299 1181 quid
2335 1133 2347 1170 :
2384 1114 2501 1185 pati
2533 1132 2665 1170 vero
2698 1119 2786 1170 est
2816 1113 3047 1170 alterari
3079 1115 3151 1169 ab
3185 1112 3319 1168 alio.

2232 1204 2317 1259 14.
2352 1204 2579 1258 Rursus
2610 1204 2884 1273 quoniam
2908 1207 2997 1259 est
3019 1202 3338 1259 calceatum
3362 1204 3813 1267 esse,armatum

2155 1307 2303 1360 esse,
2339 1292 2625 1347 annulum
2679 1297 2927 1364 gestare,
2962 1291 3160 1347 omnia
3188 1291 3282 1348 his
3311 1289 3714 1347 convenientia
3738 1288 3820 1346 τῶ

2157 1382 2370 1437 habere
2414 1382 2828 1437 attribuerunt.
2858 1382 3076 1453 Estque
3115 1381 3176 1435 τὸ
3207 1380 3423 1437 habere
3470 1378 3816 1437 substantiae

2155 1471 2310 1527 circa
2349 1471 2741 1527 substantiam
2776 1470 3008 1543 positio.

2230 1562 2316 1615 15.
2350 1562 2422 1615 At
2450 1559 2513 1613 τὸ
2544 1564 2716 1627 stare,
2751 1564 2808 1615 et
2830 1561 3022 1629 jacere
3050 1559 3458 1633 (recumbere),
3488 1562 3546 1615 et
3593 1558 3817 1629 sedere,

2157 1650 2456 1707 communi
2486 1650 2684 1722 generi
2716 1650 2871 1720 quod
2903 1656 2993 1705 est
3022 1649 3203 1704 situm
3236 1665 3365 1705 esse
3416 1648 3814 1719 subjecerunt.

2229 1741 2315 1795 16.
2348 1740 2450 1795 Est
2472 1744 2665 1795 autem
2694 1738 2758 1791 τὸ
2790 1739 2971 1794 situm
3002 1754 3129 1793 esse
3160 1742 3315 1793 certo
3342 1737 3599 1808 quodam
3640 1736 3814 1792 modo

2157 1829 2365 1885 affecta
2393 1828 2627 1901 positio.

2228 1920 2378 1975 121
2425 1920 2512 1974 17.
2570 1917 2626 1974 Si
2679 1916 2836 1973 enim
2885 1916 3151 1972 membra
3200 1916 3400 1972 omnia
3446 1917 3603 1971 recta
3649 1918 3811 1980 sunt,

2159 2011 2355 2075 stare;
2390 2008 2439 2064 si
2496 2007 2695 2063 omnia
2751 2006 2984 2078 supina,
3036 2006 3232 2077 jacere
3288 2004 3697 2077 (accumbere).
3751 2003 3812 2060 Si

2161 2098 2428 2169 quaedam
2485 2109 2699 2168 erecta,
2758 2096 3028 2167 quaedam
3066 2094 3344 2167 resupina
3399 2098 3559 2165 sunt,
3612 2093 3815 2150 sedere

2159 2187 2393 2243 dicitur.

2234 2278 2320 2332 18.
2349 2277 2525 2332 Porro
2539 2274 2603 2330 τὸ
2630 2276 2809 2332 situm
2837 2290 2964 2331 esse
2987 2275 3255 2347 quaedam
3282 2278 3492 2330 natura
3531 2273 3815 2346 quodam-

2162 2367 2336 2423 modo
2367 2366 2738 2438 participant,
2771 2369 2839 2421 ut
2867 2368 3119 2436 quatuor
3147 2364 3433 2420 elementa
3462 2362 3523 2418 in
3560 2362 3813 2435 prOpriis

2159 2455 2304 2513 locis
2353 2455 2654 2523 collocata,
2688 2458 2744 2510 et
2773 2456 2985 2510 coelum
3016 2454 3171 2525 quod
3213 2452 3577 2526 superiorem
3631 2451 3816 2525 regio-

2162 2562 2297 2602 nem
2326 2545 2588 2613 obtinet;
2624 2544 2891 2615 quzedam
2945 2541 3255 2616 positione,
3289 2546 3353 2599 ut
3383 2545 3587 2598 statum
3634 2545 3691 2597 et
3721 2558 3815 2597 co-

2162 2636 2398 2702 lumnae,
2432 2638 2489 2690 et
2550 2632 2959 2705 supellectilia,
2990 2637 3047 2689 et
3090 2632 3150 2687 in
3198 2633 3543 2688 universum
3589 2648 3659 2687 ea
3687 2647 3815 2703 qua;

2163 2725 2488 2781 secundum
2520 2727 2703 2779 artem
2735 2726 2836 2779 aut
2863 2739 3039 2778 usum
3076 2724 3396 2794 ponuntur.

2235 2814 2321 2869 19.
2353 2814 2636 2869 Praeterea
2660 2811 2775 2868 alia
2796 2812 2855 2867 in
2881 2816 3035 2867 statu
3061 2812 3241 2867 situm
3271 2810 3583 2877 habent,ut
3609 2812 3765 2865 terra
3795 2825 3810 2864 :

2162 2902 2277 2959 alia
2306 2903 2366 2957 in
2400 2907 2583 2969 motu,
2616 2906 2683 2957 ut
2713 2918 2955 2973 corpora
2986 2900 3263 2957 coelestia.

2230 2993 2320 3047 20.
2356 2992 2602 3064 Insuper
2631 2990 2744 3047 alia
2774 2991 3012 3063 quidem
3044 2990 3264 3045 habent
3293 2989 3475 3045 situm
3518 3004 3646 3044 esse
3678 3004 3813 3061 per-

2160 3085 2509 3149 manens,ut
2532 3079 2821 3136 elementa
2849 3084 2907 3135 et
2937 3079 3145 3135 coelum
3180 3096 3192 3135 :
3222 3078 3336 3134 alia
3364 3077 3813 3151 temporarium,

2160 3176 2227 3227 ut
2258 3188 2385 3243 quae
2417 3170 2476 3225 in
2504 3176 2667 3242 parte
2698 3170 2981 3242 temporis
3011 3169 3363 3225 subsistunt.

2228 3262 2318 3316 21.
2373 3258 2467 3316 Sic
2514 3260 2751 3331 quidem
2799 3259 2978 3331 igitur
3024 3257 3356 3331 philosophi
3403 3256 3813 3329 hujuscemodi

2077 3330 2120 3398 C
2160 3351 2361 3406 decem
2392 3330 2866 3422 generalissimas
2899 3330 3352 3404 communitates
3382 3346 3749 3403 invenerunt.

2228 3440 2319 3495 22.
2352 3439 2527 3495 Porro
2560 3439 2807 3511 quodvis
2836 3454 3040 3494 eorum
3072 3454 3200 3509 quae
3231 3436 3378 3492 citra
3396 3452 3629 3493 omnem
3660 3452 3815 3492 com-

2157 3527 2485 3601 plexionem
2542 3528 2839 3595 dicuntur,
2881 3528 3078 3599 ipsum
3138 3526 3330 3598 seipso
3387 3542 3510 3581 rem
3569 3526 3810 3598 quidem

2158 3618 2508 3685 necessario,
2542 3617 2859 3672 falsitatem
2909 3622 3108 3671 autem
3137 3615 3223 3671 vel
3254 3615 3555 3671 veritatem
3586 3632 3809 3686 nequa-

2156 3723 2333 3779 quam
2367 3706 2623 3763 declarat
2645 3725 2657 3774 ;
2679 3707 2780 3762 sed
2812 3710 3081 3761 mutuam
3112 3721 3311 3760 eorum
3346 3703 3807 3776 complexionem

2152 3796 2241 3852 vel
2270 3795 2481 3852 veritas
2504 3795 2592 3851 vel
2624 3795 2846 3850 falsitas
2868 3794 3351 3851 comitatur.Cum
3383 3792 3540 3849 enim
3566 3792 3804 3864 quidem

2153 3885 2370 3952 dixero,
2404 3884 2579 3939 homo
2633 3889 2736 3939 aut
2762 3900 2969 3955 equus,
3002 3887 3104 3938 aut
3151 3883 3349 3947 currit,
3381 3885 3485 3938 aut
3512 3884 3649 3948 stat,
3680 3898 3805 3939 rem

2152 3973 2388 4044 quidem
2420 3971 2765 4043 simpliciter
2791 3972 3059 4043 signiﬁco
3085 3990 3097 4040 ;
3124 3989 3240 4027 non
3270 3975 3466 4027 autem
3491 3987 3694 4027 verum
3716 3971 3804 4027 vel

2152 4062 2367 4119 falsum
2399 4063 2548 4117 dico.
2581 4062 2822 4125 Quando
2854 4065 3049 4117 autem
3081 4060 3481 4132 complexione
3530 4060 3685 4117 128
3717 4060 3801 4116 fa-

2152 4155 2246 4207 cta
2275 4151 2426 4221 dico,
2452 4150 2627 4206 homo
2678 4150 2879 4221 currit,
2910 4154 3011 4206 aut
3040 4166 3227 4222 equus
3261 4153 3395 4217 stat,
3424 4152 3551 4204 tum
3601 4165 3801 4205 neces-

2149 4239 2305 4296 sario
2336 4243 2438 4295 aut
2464 4254 2667 4295 verum
2694 4243 2795 4294 aut
2825 4238 3040 4295 falsum
3071 4238 3220 4294 dico.

2218 4330 2309 4384 23.
2344 4329 2549 4384 Primae
2603 4328 2841 4400 quidem
2869 4329 3050 4401 igitur
3102 4332 3159 4383 et
3196 4328 3465 4383 secundae
3514 4343 3798 4399 personas,

2148 4422 2455 4490 propterea
2502 4418 2659 4490 quod
2691 4416 2941 4473 deﬁnitae
2989 4417 3129 4485 sint,
3163 4422 3230 4473 ut
3268 4434 3437 4473 curro
3483 4420 3540 4472 et
3586 4417 3798 4486 curris,

2148 4506 2476 4581 signiﬁcato
2506 4506 2804 4579 complexe
2832 4510 3008 4575 sunt;
3040 4506 3224 4563 tertiae
3255 4511 3449 4562 autem
3494 4510 3802 4579 propterea

379 4586 472 4645 διὰ
514 4590 580 4646 τὸ
629 4590 763 4648 εἶναι
824 4592 1070 4666 ἀόριστα,
1106 4578 1253 4667 μετά
1293 4578 1419 4649 τῶν
1463 4592 1653 4649 ἁπλῶν
1706 4578 2032 4671 ἐτάχθησαν.

2180 4578 2289 4668 [ιίὶιι
2317 4595 2560 4651 infinita:
2592 4578 2893 4661 sunt,cum
2915 4595 3287 4668 simplicibus
3316 4578 3608 4653 collocatae
3630 4602 3793 4652 sunt.

1460 4795 1671 4865 Σχῆμα
1696 4790 1891 4868 κεφαλ.
1928 4788 2012 4861 ιδ’,
2043 4788 2170 4867 περὶ
2198 4794 2304 4845 τῶν
2337 4794 2707 4865 κατηγοριῶν.

1290 4936 1362 5020 τῇ
1393 4933 1487 5007 μὲν
1519 4938 1772 5013 προφορᾷ
1800 4934 1931 4990 εἰσιν
1962 4932 2131 5007 ἁπλᾶ,
2160 4936 2228 4989 τ”
2270 4931 2328 4988 δὲ
2359 4934 2701 5007 σημαινομέν
2783 4934 3024 5008 σύνθετα,
3057 4936 3132 4999 ὠς
3161 4938 3226 4994 τὸ
3255 4938 3458 5015 τρέχω·

1227 4931 1267 5077 Ξ
1295 5027 1365 5077 τῃ
1399 5006 1508 5077 μὴν
1534 5011 1787 5077 προφορᾷ
1815 5007 2059 5077 σύνθετα,
2090 5009 2171 5077 τῷ
2195 4954 2261 5061 ’δὲ
2292 5026 2357 5075 cm
2369 5006 2684 5077 μαινομένῳ
2707 4955 2882 5077 ζἓπλᾶ,
2917 5008 2992 5070 ὠς
3024 5010 3075 5062 οἱ
3107 5009 3348 5077 ὁρισμοί.

1295 5006 1365 5080 τῇ
1396 5006 1508 5079 μὴν
1534 5006 1787 5084 προφορᾷ
1815 5007 2059 5079 σύνθετα,
2090 5006 2171 5079 τῷ

414 5249 492 5305 Τὰ
519 5248 795 5329 λεγόμενα
820 5252 912 5308 καὶ
941 5247 1071 5309 ὄντα

1226 5426 1264 5500 ἤ
1294 5427 1386 5484 καὶ
1431 5431 1501 5504 τῇ
1558 5435 1813 5508 προερορᾷ
1863 5428 1954 5508 δεῖ
2000 5433 2081 5503 τῷ

1370 5499 1758 5576 σημαινομὲνιῤ
1788 5499 1938 5557 ἁπλᾶ

2292 5005 2684 5079 σημαινομένῳ
2716 5005 2882 5079 ἁπλᾶ,
2917 5005 3075 5070 ὠςοῖ
3107 5005 3348 5085 ὁρισμόί.

2192 5146 2369 5221 ούσία,
2402 5148 2477 5210 ὠς
2501 5145 2808 5224 ἄνθρωπος,
2844 5150 2995 5226 βοῦς’

2192 5220 2379 5274 ποσὸν-
2408 5219 2485 5274 ὠς
2518 5216 2746 5274 δίπηγυ*

2189 5240 2380 5293 ποσον,
2408 5241 2485 5282 ως
2518 5240 2746 5296 οιπηχυ·

2190 5310 2262 5346 πο
2272 5292 2371 5382 ιΙὸν,
2400 5290 2492 5382 ὠς,
2508 5289 2722 5382 λευκὸν,
2759 5290 2948 5382 μέλαν·

2190 5363 2327 5439 πρός
2356 5363 2432 5436 τι,
2460 5363 2537 5425 ὠς
2564 5363 2769 5440 πατὴρ,
2802 5364 2918 5427 υἱός

2189 5438 2319 5523 ποῦ,
2351 5434 2403 5489 έν
2422 5433 2655 5523 Λλυκείιρ·

2189 5505 2343 5573 πότε,
2375 5506 2527 5583 χθὲς,
2555 5505 2767 5583 πέρύσι·

2190 5577 2389 5655 ποιεῖν,
2401 5577 2638 5654 ’ψύχεινξ
2663 5579 2993 5655 θερμαίνειν·

2189 5647 2443 5753 Δπάσχειγς
2477 5647 2874 5753 θέρμαένεσθαι,
2908 5650 3194 5729 ψύχεσθαι·

2191 5718 2362 5810 ἔχειν,
2394 5718 2743 5778 ὑποδεδέσθαι

2191 5804 2419 5861 nisui,
2444 5795 2729 5861 καθῆσθαι.

2189 5813 2419 5867 κιισιιιι,
2444 5813 2729 5868 καυησναι.
