4126 6430
433 409 555 469 ’789

1800 411 2030 473 EPITO
2044 409 2148 469 \lE
2193 411 2498 474 LOGICA.

3731 423 3852 485 790

493 539 561 615 γ’.
597 539 742 613 Πρὸς
787 538 1017 614 ὕππρξιν
1070 541 1164 615 μὶν
1215 539 1308 597 οὗν
1359 542 1638 600 ὑπόκειται
1677 546 1712 613 ἡ
1755 542 1909 598 οὐσία
1965 548 2070 602 τοῖς

2267 544 2318 599 3.
2353 546 2436 599 Ad
2471 545 2870 602 exsistentiam
2901 548 3138 620 quidem
3169 549 3350 622 igitur
3387 551 3719 610 substantia
3747 572 3847 611 ac-

424 622 820 702 συμϐεϐηκόσι.
855 635 1031 686 Ταῦτα
1079 632 1184 707 γὰρ
1243 632 1295 687 ἐν
1352 635 1421 707 τῇ
1473 632 1630 705 οὐσίᾳ
1659 632 1774 710 ἔχει
1800 635 1863 688 τὸ
1925 632 2078 688 εἶναι·

420 717 511 774 καὶ
570 717 681 774 ἔστι
739 718 878 793 μόνη
935 723 969 790 ἡ
1026 721 1180 776 οὐσία
1233 723 1371 799 πρὸς
1429 721 1651 799 ὕπαρξιν
1703 722 2078 796 ὑποκείμενον.

495 912 558 973 δ’.
590 916 738 993 Πρὸς
769 917 1097 994 κατηγορίαν
1151 915 1210 974 δὲ
1261 918 1568 975 ὑπόκεινται
1613 921 1681 975 τὰ
1729 920 1907 992 ἄτομα
1963 922 2081 980 τοῖς

423 1005 646 1070 οἰκείοις
725 1004 888 1062 εἴδεσι
957 1027 1016 1064 τε
1087 1009 1180 1064 καὶ
1253 1009 1444 1086 γένεσι·
1513 1010 1604 1065 καὶ
1670 1009 1738 1064 τὰ
1791 1006 1907 1078 εἶ’δη
1962 1013 2078 1070 τοῖς

423 1097 626 1154 ἑαυτῶν
659 1097 868 1171 γένεσιν
897 1094 1003 1160 ἕως
1033 1103 1131 1154 τοῦ
1161 1098 1540 1175 γενικωτάτου.

493 1205 552 1262 ε’.
595 1204 725 1263 Οἴον
785 1205 815 1260 6
873 1204 1076 1282 Πέτρος
1135 1206 1418 1283 ἅνθρωπός
1470 1205 1631 1263 ἐστιν.
1691 1205 1995 1264 Ὺπόκειται
2051 1207 2078 1261 6

421 1291 626 1370 Πέτρος
685 1291 910 1348 ἐνταῦθα
963 1299 1042 1366 τῷ
1094 1289 1365 1368 ἀνθρώπῳ
1418 1296 1558 1372 πρὸς
1603 1294 1956 1371 κατηγορίαν,
1988 1294 2077 1349 καὶ

421 1383 639 1460 λέγεται
699 1383 728 1437 ὁ
774 1382 1058 1460 ἄνθρωπος
1116 1385 1236 1450 καθ’
1294 1384 1652 1459 ὑποκειμένου
1700 1388 1796 1440 τοῦ
1847 1384 2074 1460 Πέτρου·

421 1471 537 1529 ἐπεὶ
579 1473 607 1527 6
651 1471 856 1548 Πὲτρος
907 1471 1264 1547 ὑποκείμενόν
1311 1473 1442 1529 ἐστι·
1490 1473 1965 1548 κατηγορούμενον
2021 1471 2078 1528 δὲ

421 1563 450 1617 ὁ
481 1559 784 1640 ἄνθρωπος.
836 1561 1010 1618 Πάλιν
1058 1563 1122 1618 τὸ
1173 1567 1310 1633 ζῶον
1371 1563 1526 1619 οὐσία
1583 1562 1745 1618 ἐστίν·
1800 1561 2078 1619 ὑπόκειται

417 1651 481 1708 16
513 1655 650 1723 ζῶον
702 1651 820 1705 καθ’
865 1650 1224 1726 ὑποκειμένου
1269 1657 1369 1708 τοῦ
1417 1653 1580 1725 ζώου,
1610 1650 1856 1708 τουτέστι
1901 1672 2076 1722 κατη-

419 1737 776 1818 γορούμενον,
808 1740 844 1810 ἡ
878 1739 1052 1797 οὐσία.

495 1847 557 1910 ς’.
589 1846 752 1911 Ἔνθα
805 1847 899 1920 μὲν
959 1844 1051 1901 οὖν
1108 1849 1144 1917 ἡ
1193 1849 1329 1903 κατά
1381 1842 1639 1924 πρόθεσις
1686 1847 1951 1926 φαίνεται,
1980 1847 2069 1902 καὶ

2193 633 2523 691 cidentibus
2569 637 2832 708 subjecta
2879 642 2984 692 est.
3034 642 3164 693 Haec
3215 639 3372 695 enim
3403 640 3463 694 in
3517 641 3848 700 substantia

2193 738 2322 780 esse
2369 724 2624 794 habent;
2659 731 2863 801 estque
2893 727 3019 782 sola
3049 729 3382 785 substantia
3405 731 3739 802 subjectum
3771 734 3844 789 ad

2192 813 2614 869 exsistentiam.

2261 920 2315 976 4.
2371 921 2454 975 Ad
2522 921 2818 993 praedicati
2864 940 3032 979 onem
3063 925 3519 982 veroindividua
3591 927 3845 1001 propriis

2191 1009 2495 1078 speciebus
2549 1015 2606 1066 et
2636 1013 2950 1083 generibus
3001 1014 3266 1084 subjecta
3323 1020 3481 1082 sunt,
3514 1020 3573 1071 et
3621 1018 3845 1090 species

2190 1099 2282 1152 sui
2314 1100 2628 1172 generibus
2662 1119 2848 1172 usque
2880 1103 2952 1157 ad
2984 1103 3518 1174 generalissimum.

2257 1207 2312 1260 5.
2345 1206 2540 1262 Veluti
2572 1207 2778 1263 Petrus
2810 1209 2984 1264 homo
3011 1214 3116 1265 est.
3153 1211 3254 1266 Hic
3283 1212 3487 1267 Petrus
3514 1212 3738 1269 homini
3770 1215 3842 1271 ad

2189 1296 2664 1366 praedicationem
2697 1299 2998 1370 subjectus
3029 1305 3141 1366 est,
3173 1305 3231 1356 et
3261 1301 3438 1356 homo
3468 1302 3539 1357 de
3576 1303 3842 1375 subjecto

2189 1384 2357 1439 Petro
2406 1385 2622 1441 dicitur
2653 1405 2665 1441 ε
2700 1388 3180 1458 quandoquidem
3213 1389 3418 1446 Petrus
3459 1391 3790 1462 subjectum
3822 1411 3838 1449 :

2188 1471 2385 1543 homo,
2419 1476 2800 1546 praedicatum
2852 1482 2959 1531 est.
3017 1477 3245 1534 Rursus
3289 1478 3505 1534 animal
3559 1485 3649 1536 est
3699 1482 3839 1536 sub-

2186 1563 2442 1630 stantia;
2474 1564 2694 1620 animal
2742 1565 3074 1636 subjectum
3111 1572 3202 1622 est
3233 1583 3244 1622 :
3279 1567 3350 1622 de
3395 1568 3679 1638 subjecto,
3711 1569 3836 1625 ani-

2186 1651 2348 1720 mali,
2380 1651 2490 1708 hoc
2520 1657 2610 1709 est
2639 1653 3019 1726 praedicatum
3051 1656 3386 1712 substantia
3414 1663 3522 1713 est.

2252 1849 2306 1901 6.
2339 1847 2447 1903 Ubi
2466 1848 2646 1921 igitur
2670 1850 3001 1922 praepositio
3022 1851 3157 1904 κατὰ
3177 1852 3291 1923 (de)
3313 1855 3628 1924 spectatur,
3660 1856 3719 1910 et
3749 1853 3835 1928 (in

421 1936 558 1992 κατὰ
602 1935 820 2011 γενικὴν
871 1939 1076 1991 πτῶσιν
1143 1935 1378 1993 τελεῖται
1436 1939 1472 2006 ἡ
1537 1937 1800 2010 σύνταξις⁹
1851 1936 1961 1991 ἐκεῖ
2009 1936 2070 1992 τὸ

2191 1936 2376 1993 Graeco
2426 1918 2688 2008 qu'idemj
2735 1918 2874 1996 casu
2924 1918 3192 2012 genitivo
3229 1918 3312 2010 (in
3345 1918 3567 1998 -Latino
3615 1918 3830 2000 autem

421 2026 559 2102 πρὸς
613 2024 939 2102 κατηγορίαν
1000 2019 1482 2102 παραλαμϐάνεται
1572 2026 1943 2100 ὑποκείμενον,
1996 2027 2071 2088 ὡς

419 2113 545 2172 ὅταν
578 2109 816 2188 εἴπωμεν
872 2119 981 2170 τῶν
1037 2111 1206 2170 ὄντων
1263 2116 1332 2170 τὰ
1380 2115 1474 2188 μὲν
1532 2117 1650 2180 καθ’
1712 2113 2073 2190 ὑποκειμένου

419 2202 658 2281 λέγεται.
708 2204 808 2258 Διά
856 2208 1018 2259 τοῦτο
1075 2204 1177 2280 γὰρ
1233 2203 1446 2277 τίθεμεν
1503 2204 1593 2260 καὶ
1621 2205 1684 2260 τὸ
1724 2202 1957 2281 λέγεται,
1984 2203 2072 2259 ’ίνα

414 2292 507 2348 καὶ
565 2289 800 2357 ἐντεῦθεν
857 2293 920 2347 τὸ
996 2293 1135 2369 πρὸς
1192 2293 1522 2369 κατηγορίαν
1576 2296 1789 2370 γνωσθῇ
1851 2293 2072 2350 ὑποκεί-

419 2401 601 2456 μενον.
653 2381 722 2436 Τὸ
769 2381 871 2458 γὰρ
921 2380 1138 2458 λέγεται
1184 2382 1274 2437 καὶ
1320 2383 1384 2438 τὸ
1439 2388 1818 2459 κατηγορεῖται
1877 2383 2067 2438 ταυτὸν

414 2468 578 2526 ἐστιν.
639 2471 802 2526 Ἔνθα
860 2467 918 2525 6‘s
973 2473 1008 2540 ἡ
1070 2469 1122 2524 ἐν
1182 2469 1431 2547 πρόθεσις
1498 2473 1707 2546 ὁρᾶται,
1765 2470 1854 2526 καὶ
1937 2473 2072 2527 κατά

417 2555 643 2629 δοτικὴν
692 2562 897 2614 πτῶσιν
975 2557 1174 2635 γίνεται
1233 2561 1268 2629 ἡ
1330 2558 1590 2630 σύνταξις·
1650 2558 1760 2614 ἐκεῖ
1812 2559 1876 2614 τὸ
1933 2560 2067 2636 πρὸς

416 2643 639 2726 ῧπαρξιν
699 2647 838 2703 ἐστιν
921 2645 1297 2722 ὑποκείμενον,
1343 2648 1416 2711 ὡς
1493 2647 1619 2704 ὅταν
1678 2645 1938 2722 εἷ’πωμενν
1995 2650 2070 2704 Τὰ

415 2733 474 2796 δὲ
529 2735 872 2810 ὑποκειμένῳ
929 2734 1060 2792 ἐστί.
1116 2738 1216 2792 Διὰ
1285 2741 1448 2793 τοῦτο
1519 2737 1623 2813 γὰρ
1696 2737 1786 2791 καὶ
1846 2738 1909 2792 τὸ
1957 2736 2067 2792 ἐστὶ

415 2823 810 2900 τιθὲαμεν,ῗνα
845 2824 935 2880 καὶ
986 2825 1222 2882 ἐντεῦθεν
1261 2826 1324 2881 τὸ
1379 2825 1515 2902 πρὸς
1572 2825 1792 2903 ὕπαρξιν
1851 2829 2066 2902 γνωσθῇ

423 2913 798 2989 ὑποκείμενονο
850 2913 1126 2991 ὑπάρξεως
1179 2917 1286 2992 γὰρ
1335 2915 1730 2990 παραστατικὸν
1783 2915 1847 2971 16
1902 2910 2064 2972 ἔστιν.

497 3198 558 3269 ζ’.
589 3199 744 3258 Ὅταν
777 3196 867 3255 οὖν
901 3196 1155 3276 λέγωμεν
1185 3197 1271 3256 ὅτι
1316 3203 1425 3256 τῶν
1472 3195 1642 3257 ὄντων
1691 3202 1760 3256 τὰ
1809 3202 1904 3275 μὲν
1957 3201 2072 3256 καθ’

2183 2025 2436 2082 ablativo
2467 2027 2628 2099 casu)
2661 2030 3014 2084 constructio
3045 2029 3360 2101 perﬁcitur,
3386 2031 3466 2086 ibi
3497 2033 3828 2102 subjectum

2182 2115 2254 2170 ad
2305 2117 2774 2188 praedicationem
2824 2118 3192 2173 assumitur:
3238 2123 3302 2174 ut
3346 2137 3481 2175 cum
3529 2119 3831 2177 dicimus:

2182 2204 2394 2260 Eorum
2428 2222 2556 2278 quas
2587 2211 2728 2262 sunt
2758 2207 2872 2262 alia
2901 2207 3138 2278 quidem
3160 2208 3231 2262 de
3254 2208 3516 2278 subjecto
3537 2209 3832 2266 dicuntur.

2183 2293 2492 2366 Propterea
2541 2295 2696 2351 enim
2747 2296 2922 2350 etiam
2971 2294 3034 2348 τὸ
3074 2297 3370 2364 dicuntur,
3423 2296 3722 2368 ponimus,
3771 2302 3839 2355 ut

2179 2381 2268 2437 vel
2300 2382 2436 2438 hinc
2469 2385 2802 2456 subjectum
2835 2386 2906 2440 ad
2956 2385 3425 2456 praedicationem
3459 2391 3834 2458 agnoscatur.

2182 2471 2341 2526 Idem
2396 2473 2553 2528 enim
2586 2477 2726 2528 sunt
2772 2473 2834 2526 τὸ
2865 2473 3141 2529 dicuntur
3185 2479 3242 2530 et
3282 2475 3694 2546 prmdicantur.
3728 2476 3838 2532 Ubi

2179 2564 2380 2617 autem
2429 2563 2758 2634 praepositio
2791 2560 2842 2616 ἐν
2894 2563 2998 2635 (in)
3031 2563 3389 2635 conspicitur
3417 2569 3473 2620 et
3502 2565 3586 2636 (in
3641 2564 3838 2622 Greco

2179 2650 2420 2721 quidem
2453 2668 2592 2707 casu
2623 2652 2838 2720 dativo,
2868 2652 2926 2707 in
2960 2653 3165 2708 Latino
3195 2659 3391 2709 autem
3434 2653 3650 2710 iterum
3681 2655 3836 2712 182

2179 2739 2430 2796 ablativo
2460 2758 2599 2796 casu
2630 2742 2696 2796 fit
2725 2741 3127 2813 constructio),
3160 2741 3239 2797 ibi
3281 2742 3612 2814 subjectum
3641 2748 3732 2799 est
3759 2745 3834 2800 ad

2179 2828 2584 2886 exsistentiam
2611 2833 2710 2898 ;ut
2741 2847 2875 2886 cum
2906 2831 3198 2887 dicimus:
3230 2831 3358 2886 Alia
3385 2848 3519 2888 vero
3548 2831 3610 2888 in
3640 2832 3827 2904 subje-

2178 2922 2270 2973 cto
2303 2923 2462 2973 sunt.
2511 2923 2819 2990 Propterea
2847 2919 3003 2974 enim
3049 2919 3225 2974 etiam
3253 2917 3316 2973 16
3347 2924 3489 2976 sunt
3534 2920 3834 2993 ponimus,

2180 3010 2249 3062 ut
2279 3012 2336 3063 et
2365 3009 2502 3063 hinc
2533 3009 2861 3080 subjectum
2882 3009 2954 3063 ad
2987 3007 3388 3064 exsistentiam
3411 3014 3832 3082 cognoscatur;

2179 3115 2318 3154 nam
2347 3097 2410 3152 16
2443 3102 2586 3154 sunt
2631 3098 2983 3153 exsistentias
3017 3097 3586 3168 repraesentationem
3637 3099 3833 3156 habet.

2251 3208 2307 3262 7.
2341 3205 2487 3262 Cum
2536 3221 2673 3278 ergo
2704 3203 2956 3260 dicimus
2996 3220 3222 3274 eorum,
3256 3221 3384 3276 quas
3434 3209 3574 3260 sunt
3620 3204 3736 3262 alia
3763 3206 3835 3262 de

423 3287 779 3362 ὑποκειμένου
837 3288 1078 3366 λέγεται,
1107 3289 1177 3346 τὰ
1205 3287 1264 3345 δὲ
1309 3289 1372 3346 οὑ
1420 3289 1636 3365 λέγεται
1689 3292 1805 3346 καθ’
1864 3291 2070 3348 ὑποκει-

2191 3296 2452 3368 subjecto
2483 3294 2619 3359 dici,
2655 3293 2770 3349 alia
2799 3295 2871 3349 de
2893 3294 3156 3365 subjecto
3187 3311 3303 3349 non
3329 3294 3582 3363 dici,hoc
3603 3311 3839 3352 asseve-

421 3378 601 3452 μένου,
631 3377 794 3434 τοῦτό
853 3399 1050 3456 φαμεν·
1099 3377 1183 3435 ὅτι
1239 3383 1348 3435 τῶν
1409 3374 1576 3436 ὄντων
1633 3381 1700 3435 τὰ
1757 3379 1850 3454 μέν
1906 3402 2068 3436 τινων

412 3471 861 3547 κατηγοροῦνται,
890 3469 960 3523 τὰ
988 3467 1046 3524 δὲ
1076 3467 1139 3523 οὑ
1167 3468 1596 3545 κατηγοροῦνταί
1633 3491 1819 3527 τινων.

482 3583 555 3647 η’.
583 3578 745 3633 Ὅταν
793 3573 852 3632 δὲ
911 3573 1162 3651 λέγωμεν
1228 3573 1314 3631 ὅτι
1366 3579 1474 3633 τῶν
1533 3577 1651 3642 καθ’
1711 3571 2070 3650 ὑποκειμένου

412 3663 721 3742 λεγομὲνων
759 3663 830 3721 τὰ
883 3665 978 3738 μὶν
1033 3663 1084 3718 ἐν
1147 3663 1489 3739 ὑποκειμένῳ
1534 3664 1634 3720 οὐκ
1682 3662 1910 3735 ἔστι,τά
1939 3663 1986 3721 δ’
2016 3665 2069 3722 ὲν

413 3754 758 3829 ὑποκειμένῳ
814 3753 947 3825 ἐστὶ,
979 3753 1143 3810 τοῦτό
1201 3775 1396 3829 φαμεν,
1429 3753 1514 3810 ὅτι
1572 3759 1680 3811 τῶν
1736 3776 2072 3832 κατηγορου-

414 3843 588 3918 μένων
637 3842 706 3900 τὰ
764 3843 860 3917 μὲν
911 3841 964 3898 ἐν
1014 3842 1225 3919 ἑτέροις
1282 3841 1383 3898 οὐκ
1440 3839 1629 3919 ἔχουσι
1684 3846 1784 3914 τήν
1846 3843 2068 3921 ὕπαρξιν

407 3931 606 4007 (οὐσίαι
680 3931 781 4009 γάρ
859 3931 991 3988 εἷ’σιν
1069 3930 1420 4008 αὑθύπαρκτα
1487 3933 1786 4008 πράγματα
1839 3934 1929 3989 καὶ
1992 3936 2069 4008 μὴ

411 4019 637 4098 δεόμενα
707 4022 904 4098 ἒτὲρων
963 4021 1098 4097 πρὸς
1172 4021 1468 4095 σύστασιν),
1527 4022 1594 4076 τὰ
1652 4019 1697 4076 δ’
1756 4021 1808 4077 ἐν
1864 4021 2069 4099 ἑτέροις

409 4108 596 4188 ἔχουσι
654 4111 718 4166 τὸ
777 4110 936 4184 εἶναι,
996 4105 1399 4184 Συμϐεϐηκότα
1454 4111 1557 4185 γάρ
1617 4109 1740 4181 εἰσι,
1777 4112 1852 4185 μή
1912 4110 2068 4166 δυνά-

411 4221 544 4276 μενα
598 4200 715 4256 καθ’
775 4200 938 4256 ἑαυτά
1009 4198 1168 4269 εἶναι,
1225 4195 1353 4253 ἀλλ’
1413 4198 1466 4253 ἐν
1523 4204 1642 4261 ταῖς
1703 4198 1910 4262 οὐσίαις
1967 4201 2066 4269 τήν

407 4288 628 4367 ὕπαρξιν
661 4285 882 4366 ἔχοντα.

477 4397 542 4462 θ’.
573 4394 769 4458 Πόνως
830 4395 924 4470 μὶν
987 4393 1078 4450 οὖν
1135 4396 1256 4460 καθ’
1303 4395 1665 4469 ὑποκειμένου
1720 4393 1933 4472 λέγεται
1980 4395 2070 4452 καί

407 4485 514 4563 οὐχ
572 4483 904 4560 ὑποκείμενα
960 4485 1027 4540 τὰ
1071 4483 1310 4540 καθόλου
1385 4489 1492 4540 τῶν
1578 4486 1910 4561 πραγμάτων
1976 4487 2067 4540 καὶ

407 4575 758 4652 γενικώτατα.
833 4578 1010 4629 Ταῦτα
1075 4575 1182 4651 γὰρ
1253 4578 1683 4650 κατηγοροῦνται
1758 4574 1945 4648 μόνον,
2004 4575 2068 4629 οὐ

2181 3401 2384 3440 ramus
2416 3400 2619 3439 eorum
2651 3400 2778 3454 quae
2809 3386 2949 3438 sunt
2979 3382 3094 3437 alia
3115 3382 3417 3454 praedicari
3435 3383 3505 3440 de
3518 3383 3838 3455 aliquibus,

2181 3472 2297 3529 alia
2326 3489 2442 3527 non
2474 3471 2774 3544 praedicari
2809 3472 2880 3526 de
2909 3470 3230 3542 aliquibus.

2251 3580 2307 3634 8.
2340 3579 2488 3634 Cum
2537 3595 2672 3634 vero
2721 3576 2994 3645 dicimus,
3028 3594 3231 3634 eorum
3280 3594 3408 3650 quis
3455 3578 3529 3635 de
3576 3579 3841 3652 subjecto

2181 3669 2479 3739 dicuntur,
2511 3667 2626 3724 alia
2656 3667 2714 3722 in
2745 3667 3008 3738 subjecto
3038 3665 3311 3733 esse,alia
3337 3667 3398 3721 in
3429 3667 3692 3739 subjecto
3718 3685 3835 3724 non

2181 3771 2311 3814 esse
2346 3774 2359 3811 :
2393 3757 2503 3812 hoc
2533 3755 3008 3828 pronuntiamus,
3033 3771 3236 3811 eorum
3265 3772 3393 3826 qua
3423 3755 3835 3828 praedicantur,

2181 3845 2382 3902 aliain
2434 3845 2567 3901 aliis
2600 3862 2716 3900 non
2765 3845 2980 3900 habere
3009 3844 3414 3900 exsistentiam
3465 3844 3836 3916 (substantiae

2180 3935 2338 3991 enim
2370 3939 2512 3990 sunt
2557 3951 2652 3989 res
2681 3949 2784 4005 per
2813 3951 2874 3988 se
2924 3933 3275 3988 exsistentes
3325 3949 3432 3988 nec
3462 3932 3712 3990 aliorum
3762 3937 3836 3991 ad

2180 4024 2273 4080 sui
2304 4023 2784 4079 constitutionem
2833 4021 3208 4094 indigentes),
3243 4019 3358 4076 alia
3405 4021 3465 4076 in
3524 4021 3655 4078 aliis
3707 4039 3837 4080 esse

2179 4112 2413 4168 habere.
2447 4111 2784 4167 Accidentia
2826 4111 2982 4166 enim
3017 4114 3158 4166 sunt
3185 4127 3312 4182 quas
3343 4126 3448 4181 per
3476 4127 3539 4166 se
3563 4127 3693 4167 esse
3720 4127 3836 4168 non

2179 4205 2450 4273 possunt,
2484 4201 2586 4256 sed
2617 4200 2677 4255 in
2709 4199 3060 4255 substantiis
3090 4199 3492 4254 exsistentiam
3524 4197 3763 4256 habent.

2247 4399 2301 4451 9.
2332 4397 2588 4452 Tantum
2621 4395 2803 4467 igitur
2830 4395 2901 4450 de
2933 4394 3196 4464 subjecto
3227 4392 3506 4448 dicuntur
3553 4398 3612 4450 et
3637 4395 3838 4468 subje-

2178 4490 2270 4542 cta
2303 4503 2418 4542 non
2437 4489 2596 4550 sunt,
2631 4482 3112 4540 res-universales
3141 4485 3198 4538 et
3227 4481 3704 4554 generalissimw.
3739 4484 3836 4540 Hae

2176 4576 2334 4631 enim
2384 4573 2775 4647 praedicantur
2817 4577 3071 4640 tantum,
3107 4587 3212 4627 nec
3239 4587 3371 4627 vero
3423 4571 3601 4628 etiam
3647 4573 3834 4645 subji-

412 4665 520 4738 μὴν
579 4662 670 4720 καὶ
728 4663 1060 4720 ὑπόκεινται.
1093 4661 1167 4717 06
1223 4663 1339 4720 καθ’
1389 4663 1744 4737 ὑποκειμένου
1803 4662 1860 4719 δέ.
1910 4664 2062 4737 εἰσιν,

2191 4663 2431 4720 :iuntur.
2462 4662 2586 4718 Non
2615 4667 2810 4717 autem
2842 4663 2914 4717 de
2944 4660 3206 4730 subjecto
3239 4664 3402 4729 sunt,
3433 4660 3535 4716 sed
3567 4662 3836 4734 subjecta

408 4750 536 4809 ἀλλ’
591 4752 920 4827 ὑποκείμενα
997 4747 1196 4826 μόνως,
1257 4749 1518 4823 δηλονότι
1572 4752 1639 4806 τὰ
1697 4753 1894 4829 μερικα
1959 4758 2067 4808 τῶν

407 4840 744 4918 πραγμάτων
829 4842 922 4898 καὶ
989 4840 1187 4916 ἄτομα,
1246 4839 1336 4896 διὰ
1394 4841 1458 4896 τὸ
1517 4842 1592 4915 μὴ
1643 4843 2065 4918 κατηγορεῖσθαί

406 4951 592 4989 τινων.
650 4932 822 5007 Ὀμοῦ
880 4928 939 4986 δὲ
983 4935 1101 4995 καθ’
1175 4927 1536 5003 ὑποκειμένου
1591 4951 1650 4984 τε
1705 4931 1796 4985 καὶ
1853 4930 2067 4986 ὑποκεί-

411 5041 548 5095 μενα
575 5018 788 5096 λέγεται
832 5020 902 5074 τὰ
947 5017 1272 5075 εἰδικώτατα
1319 5015 1436 5088 εἷίδη
1495 5019 1586 5074 καὶ
1642 5019 1710 5074 τὰ
1767 5018 2068 5091 ὑπάλληλα

407 5107 564 5186 γενηο
598 5108 674 5172 ὡς
707 5106 898 5167 ἄλλων
945 5109 1039 5182 μὶν
1098 5103 1228 5164 ὄντα
1272 5107 1682 5184 καθολικιὲηερα
1727 5109 1818 5164 καὶ
1875 5106 2063 5164 ἄλλων

403 5195 472 5255 αὖ
523 5199 886 5276 μερικώτερα⁶
917 5198 1009 5253 καὶ
1047 5202 1165 5259 τοῖς
1224 5197 1320 5270 μὲν
1377 5195 1558 5252 ἐπάνω
1624 5197 1800 5252 αὐτῶν
1849 5197 2064 5254 ὑποκεί-

410 5308 559 5363 μενα,
583 5291 692 5344 τῶν
723 5285 770 5342 δ’
803 5287 1060 5344 ὑποκάτω
1090 5284 1561 5363 κατηγορούμενα.

478 5397 531 5454 ι’,
565 5393 744 5466 Δῆλον
792 5394 1034 5460 ἐντεῦθεν
1092 5395 1167 5456 ὡς
1221 5395 1341 5458 καθ’
1400 5394 1782 5468 ὑποκειμένου,
1820 5395 1910 5450 καὶ
1969 5395 2068 5450 οὐκ

405 5485 461 5542 ἰν
510 5481 857 5560 ὑποκειμένῳ
907 5483 1048 5540 ἐστὶν
1080 5486 1116 5554 ἠ
1148 5481 1558 5560 καθολικωτὲρα
1617 5482 1791 5540 οὐσία.
1825 5484 1898 5539 Οὐ
1947 5487 2066 5550 καθ’

410 5574 795 5650 ὑποκειμένου,
863 5573 954 5629 καὶ
1029 5571 1128 5628 οὑκ
1197 5570 1248 5627 ἐν
1327 5573 1692 5646 ὑποκειμένῳ,
1751 5577 1784 5642 ἡ
1869 5576 2064 5649 μερική

413 5661 574 5720 οὐσία
622 5663 714 5720 καὶ
761 5660 986 5737 ἄτομος.
1019 5662 1149 5726 Καθ’
1181 5661 1565 5734 ὑποκειμένου,
1607 5661 1697 5716 καὶ
1756 5661 1807 5717 ὲν
1856 5662 2068 5717 ὑποκει-

417 5753 587 5831 μίνῳ,
645 5755 708 5810 16
765 5750 1056 5810 καθολικὸν
1124 5745 1492 5826 συμϐεϐηκός.
1553 5749 1626 5805 Οὐ
1676 5752 1795 5805 καθ’
1848 5752 2066 5806 ὑποκει-

2175 4758 2429 4819 tantum,
2461 4768 2555 4807 res
2605 4756 2746 4823 puta
2793 4749 3174 4821 particulares
3223 4753 3282 4804 et
3332 4749 3666 4819 individua,
3699 4767 3832 4824 pro-

2177 4847 2376 4915 pterea
2420 4842 2576 4912 quod
2609 4842 2680 4895 de
2730 4839 3027 4911 aliquibus
3058 4854 3175 4893 non
3229 4839 3383 4893 I38
3417 4839 3830 4910 praedicantur.

2174 4929 2359 4986 Simul
2410 4935 2603 4984 autem
2630 4934 2688 4985 et
2740 4930 2812 4984 de
2839 4929 3103 4999 subjecto
3133 4931 3192 4982 et
3239 4927 3506 4998 subjecta
3555 4928 3836 4986 dicuntur

2175 5018 2400 5091 species
2434 5017 2858 5090 specialissima
2887 5022 2944 5072 et
2973 5015 3313 5072 subalterna
3341 5032 3576 5089 genera,
3609 5022 3676 5074 ut
3703 5035 3833 5092 quas

2177 5109 2298 5165 sint
2339 5107 2470 5163 aliis
2519 5107 2756 5179 quidem
2812 5105 3234 5161 universaliora
3285 5110 3344 5160 et
3389 5105 3651 5163 vicissim
3703 5107 3834 5165 aliis

2175 5195 2554 5269 particularia
2603 5215 2617 5264 ;
2680 5200 2739 5251 et
2794 5195 3165 5266 superiorum
3226 5193 3465 5266 quidem
3545 5195 3832 5268 subjecta,

2176 5285 2522 5342 inferiorum
2553 5289 2748 5341 autem
2777 5283 3107 5356 praedicata.

2250 5393 2338 5448 40.
2373 5391 2538 5448 Unde
2592 5391 2969 5446 manifestum
3014 5395 3103 5445 est
3151 5391 3220 5445 de
3251 5389 3516 5461 subjecto
3561 5391 3723 5465 (dici)
3779 5396 3838 5448 et

2175 5499 2292 5538 non
2324 5498 2453 5537 esse
2500 5482 2559 5536 in
2593 5482 2856 5553 subjecto
2889 5478 3278 5534 substantiam
3329 5478 3830 5538 universaliorem.

2173 5573 2301 5628 Non
2332 5572 2404 5627 de
2451 5571 2714 5641 subjecto
2753 5569 2914 5640 (dici)
2963 5573 3020 5623 et
3069 5585 3185 5623 non
3235 5568 3296 5623 in
3343 5568 3610 5640 subjecto
3655 5572 3830 5644 (esse)

2175 5660 2588 5733 particularem
2638 5664 2694 5713 et
2721 5658 3086 5713 individuam
3120 5657 3534 5714 substantiam.
3572 5659 3648 5716 De
3684 5659 3830 5718 sub-

2168 5751 2324 5822 jecto
2373 5749 2537 5821 (dici)
2570 5753 2628 5806 et
2672 5748 2731 5804 in
2761 5747 3026 5818 subjecto
3076 5747 3248 5818 (esse)
3299 5746 3628 5805 universale
3673 5749 3827 5806 acci-
