4126 6426
414 339 528 401 791

1671 361 2093 430 NIGEPHORI
2137 370 2582 437 BLEMMIDE

3715 400 3826 462 792

411 471 578 529 dens.
609 473 736 532 Non
786 477 858 536 de
887 479 1153 553 subjecto
1202 485 1364 559 (dici)
1393 493 1450 544 et
1479 489 1537 545 in
1589 494 1850 565 subjecto
1890 501 2040 567 (esse

411 562 764 604 nnrfinnlnrn
792 571 845 604 ,4
873 568 1239 604 mmmam"...
1278 579 1546 604 -..,.:.:-__

2185 501 2348 573 μένου
2408 507 2495 560 καὶ
2557 507 2608 564 ἐν
2690 511 3033 588 ὑποκειμένῳ
3089 517 3153 573 τὸ
3215 519 3433 595 μερικὸν
3489 524 3579 580 καὶ
3627 524 3823 604 ἄτομον

410 562 766 634 particulare
792 571 848 623 et
873 568 1243 629 individuum
1277 579 1568 636 accidens.

482 651 570 706 41.
604 654 829 718 Quibus
852 657 934 713 ita
961 659 1255 719 distinctis
1296 682 1399 723 ens
1421 671 1604 725 autin
1649 675 1912 745 subjecto
1959 684 2069 748 est,

411 745 514 796 aut
544 760 661 799 non
714 750 804 800 est
836 747 895 802 in
926 750 1208 821 subjecto.
1243 757 1404 820 Quod
1438 759 1483 812 si
1534 762 1770 832 quidem
1803 766 1982 838 igitur
2009 745 2068 825 in

410 830 677 902 subjecto
708 851 825 890 non
856 836 1451 907 fuerit,substantiam
1484 830 1698 919 efficit;
1725 830 1896 910 sinin
1929 860 2068 914 sub-

399 917 559 990 jecto
605 926 714 990 est,
747 929 849 979 aut
879 943 993 981 non
1045 935 1135 984 est
1164 948 1267 1002 per
1310 951 1391 1002 se,
1425 943 1529 992 aut
1575 945 1663 995 est
1688 917 1794 1010 iper
1842 962 1923 1001 se.
1957 949 2064 1003 Sed

406 1007 701 1080 siquidem
736 1029 836 1084 per
867 1031 930 1070 se
960 1022 1068 1083 est,
1101 1025 1200 1074 aut
1235 1021 1292 1076 in
1326 1033 1517 1094 partes
1550 1045 1663 1083 non
1695 1007 1978 1089 dividitur
2006 1041 2064 1091 et

411 1101 705 1167 quantum
759 1101 973 1173 efficit;
1011 1110 1110 1161 aut
1161 1108 1219 1163 in
1274 1118 1469 1182 partes
1515 1133 1629 1171 non
1673 1119 1973 1191 dividitur,
2007 1130 2064 1180 et

405 1186 578 1258 quale
627 1191 950 1247 constituit.
985 1196 1145 1260 Quod
1173 1197 1221 1252 si
1253 1216 1386 1255 vero
1419 1219 1520 1273 per
1571 1222 1632 1260 se
1663 1224 1776 1263 non
1819 1217 1926 1280 est,
1961 1186 2063 1269 aut

402 1272 684 1332 habitudo
715 1282 945 1336 tantum
978 1287 1084 1349 est,
1119 1290 1175 1340 et
1206 1289 1387 1344 efﬁcit
1417 1272 1484 1346 ea
1511 1311 1637 1364 quae
1669 1305 1808 1352 sunt
1839 1272 2056 1356 ad'ali-

402 1363 676 1434 quid,aut
705 1371 1030 1427 secundum
1058 1372 1306 1432 aliorum
1339 1363 1746 1441 habitudinem
1780 1387 2055 1462 intelligi-

397 1454 499 1509 tur
524 1457 580 1509 et
607 1471 708 1510 sex
737 1457 963 1530 reliqua
992 1464 1444 1533 praedioamenta
1496 1472 1693 1528 efﬁcit.
1728 1454 2055 1534 Pulcherri-

399 1555 566 1598 mum
637 1544 793 1600 enim
852 1553 909 1603 et
987 1551 1244 1622 primum
1305 1558 1457 1614 134
1532 1564 2054 1632 praedicamentum

396 1631 763 1702 substantiae,
792 1652 924 1692 cum
955 1645 1174 1710 quanto
1206 1631 1658 1719 quidemgcciubi
1691 1659 1748 1709 et
1777 1658 2034 1726 quando:

2179 613 2241 644 συ
2251 588 2527 665 μϐεϐηκός
2543 641 2553 651 .

2257 689 2338 738 ια’.
2373 684 2585 741 Τούτων
2647 688 2789 745 οὕτω
2840 689 3289 772 διακεκριμένων,
3319 701 3382 754 τὸ
3430 699 3487 756 ὃν
3519 700 3557 772 ἤ
3601 703 3650 759 ἐν
3701 707 3822 762 ὑπο-

2179 770 2412 844 κειμένῳ
2455 773 2619 845 ἐστὶν,
2648 779 2683 847 ἢ
2718 779 2817 834 οὐκ
2857 781 2906 836 ἐν
2942 770 3307 861 ὑποκειμένιρ.
3341 789 3405 844 Εἰ
3461 770 3554 863 μὲν
3605 792 3692 850 οὖν
3750 798 3820 868 μὴ

2178 857 2229 911 ἐν
2293 859 2628 938 ὑποκειμένῳ
2683 865 2790 941 εἷή,
2822 871 2921 939 τήν
2982 873 3164 928 οὐσίαν
3225 882 3390 932 ποιεῖ·
3429 879 3474 934 εἰ
3532 879 3578 935 δ’
3618 883 3666 937 ἐν
3695 884 3819 940 ὑπο-

2175 949 2430 1023 κειμένῳ.
2472 949 2508 1022 ἤ
2550 955 2611 1008 οὐ
2660 959 2778 1021 καθ’
2829 958 2958 1014 αὐτό
3001 961 3166 1030 ἐστιν,
3196 963 3232 1034 ἤ
3291 968 3410 1031 καθ’
3467 969 3617 1029 αὑτό.
3672 972 3821 1029 Ἀλλ’

2176 1035 2221 1089 εἰ
2256 1039 2348 1108 μὲν
2376 1043 2491 1096 καθ’
2535 1045 2686 1115 αὑτὸ,
2709 1044 2745 1116 ἤ
2781 1050 3033 1120 μεριστόν
3067 1050 3179 1107 ἐστι
3226 1055 3314 1109 καὶ
3347 1063 3496 1113 ποιεῖ
3533 1061 3594 1114 τὸ
3640 1063 3818 1138 ποσὸν,

2171 1124 2206 1194 ἢ
2241 1125 2528 1203 ἀμέριστον
2559 1134 2649 1188 καὶ
2706 1141 2854 1190 ποιεῖ
2894 1139 2955 1193 τὸ
3003 1141 3178 1196 ποιόν.
3214 1145 3278 1198 Ei
3311 1142 3357 1200 δ’
3388 1147 3448 1202 οὐ
3507 1151 3625 1214 καθ’
3677 1153 3818 1221 αὑτὸ,

2170 1214 2417 1290 ἣσχέσις
2470 1219 2633 1292 μόνον
2695 1223 2806 1279 ἐστὶ
2863 1227 2953 1281 καὶ
3006 1236 3155 1285 ποιεῖ
3199 1235 3266 1287 τα
3323 1236 3458 1311 πρός
3512 1258 3586 1310 τι,
3619 1240 3654 1307 ἢ
3695 1241 3821 1297 κατὰ

2171 1305 2353 1379 σχέσιν
2416 1306 2602 1363 ἄλλων
2657 1319 2881 1386 νοεῖται,
2940 1318 3031 1372 καὶ
3114 1327 3264 1376 ποιεῖ
3334 1326 3430 1386 τὰς
3520 1327 3716 1391 λοιπὰς
3770 1329 3819 1404 ἓξ

2167 1395 2516 1471 κατηγορίας.
2551 1405 2610 1455 Ἡ
2637 1401 2738 1478 γὰρ
2784 1404 3054 1476 καλλίστη
3106 1411 3194 1464 καὶ
3249 1413 3440 1488 πρώτη
3496 1420 3604 1470 τῶν
3661 1395 3821 1489 κατηί

2166 1488 2367 1557 γοριῶν
2401 1485 2557 1542 οὐσία
2591 1493 2723 1561 μετὰ
2757 1493 2851 1564 μὲν
2881 1500 2980 1550 τοῦ
3029 1503 3201 1553 ποσοῦ
3243 1506 3404 1575 γεννᾷ
3451 1505 3512 1558 τὸ
3570 1510 3676 1560 ποῦ
3725 1510 3820 1562 καὶ

2163 1573 2224 1624 τὸ
2280 1573 2432 1628 πότε’
2493 1581 2627 1649 μετὰ
2681 1577 2738 1636 δὲ
2791 1588 2887 1637 τοῦ
2936 1591 3099 1640 ποιοῦ
3158 1589 3218 1643 τὸ
3274 1597 3450 1646 ποιεῖν
3480 1593 3573 1648 καί
3600 1596 3662 1649 τὸ
3717 1597 3812 1651 πά-

2165 1679 2336 1734 σχειν·
2376 1665 2509 1735 μετά
2539 1663 2597 1722 δὲ
2619 1674 2715 1722 τοῦ
2747 1671 2883 1746 πρός
2914 1694 2970 1728 τι
3010 1676 3071 1729 τὸ
3117 1672 3264 1752 ἔχειν
3328 1681 3420 1735 καὶ
3478 1683 3538 1737 τὸ
3593 1687 3816 1741 κεῖσθαι-

1792 1722 1811 1726 -
2200 1722 2237 1734 ,,
2376 1722 2385 1735 ,
2927 1722 2969 1728 --
3021 1722 3070 1729 η
3117 1722 3260 1752 Ἃ-..
3330 1722 3420 1735 η-.
3489 1722 3538 1737 ,ν
3596 1722 3816 1741 ..μνωμ-

397 1735 535 1777 cum
585 1722 746 1794 quali
794 1730 1014 1798 autem,
1045 1729 1108 1782 τὸ
1161 1748 1332 1804 agere
1362 1741 1418 1791 et
1472 1740 1632 1810 pati;
1669 1759 1803 1799 cum
1853 1745 1926 1802 iis
1957 1749 2211 1821 denique
2260 1768 2387 1824 quae
2419 1762 2556 1812 sunt
2602 1762 2674 1815 ad
2718 1761 2965 1836 aliquid,
2998 1765 3060 1819 τὸ
3109 1766 3326 1826 habere
3354 1776 3412 1827 et
3456 1774 3639 1831 situm
3689 1793 3816 1834 esse

397 1810 666 1836 -_...I..-:A

396 1810 688 1881 producit.

469 1915 556 1970 12.
591 1921 781 1990 Atque
830 1921 952 1978 brec
983 1930 1123 1981 sunt
1170 1927 1372 1985 decem
1422 1934 1893 2008 praedicamenta,
1927 1960 2054 2015 quae
2085 1948 2132 2012 B

394 2004 596 2060 omnia
625 2011 767 2063 sunt
793 2009 1108 2084 simplicia.

467 2093 554 2149 13.
586 2095 710 2151 Etsi
740 2099 897 2154 enim
929 2102 1265 2161 substantia
1295 2123 1429 2164 cum
1463 2115 1698 2182 quando
1731 2117 1966 2188 quidem
1991 2122 2053 2175 τὸ

393 2181 496 2237 ubi
527 2187 585 2238 et
630 2183 694 2237 τὸ
727 2189 1000 2258 quando;
1035 2208 1166 2276 cum
1219 2197 1379 2266 quali
1428 2181 1562 2257 vero
1591 2203 1653 2257 τὸ
1685 2223 1857 2278 agere
1907 2215 1965 2265 et
1991 2211 2054 2264 τὸ

391 2271 554 2341 pati;
595 2288 731 2329 cum
784 2275 858 2332 iis
908 2271 1160 2352 denique
1208 2301 1335 2356 quae
1383 2294 1524 2344 sunt
1574 2293 1643 2347 ad
1697 2271 1945 2368 aliquid.
1991 2301 2053 2353 τὸ

393 2360 609 2417 habere
639 2366 698 2418 et
747 2364 927 2421 situm
959 2384 1088 2425 esse
1136 2370 1350 2428 dicitur
1379 2360 1810 2450 progenerare:
1835 2360 2052 2443 Praedi-

393 2453 800 2508 camentorum
831 2455 1061 2513 nullum
1092 2465 1181 2514 est
1218 2466 1628 2535 compositum.
1663 2470 1862 2544 Neque
1892 2477 2051 2532 enim

394 2535 456 2592 in
487 2536 613 2594 loco
643 2557 772 2597 esse
823 2549 924 2598 aut
953 2545 1012 2600 in
1044 2550 1307 2620 tempore
1337 2568 1484 2620 esse,
1521 2562 1622 2611 aut
1650 2535 1782 2615 tale.
1805 2562 2049 2638 aliquid,

393 2627 918 2698 praedicamentum
952 2650 1081 2691 esse
1111 2638 1568 2717 (compositum).
1602 2627 1920 2722 Eapropter
1951 2627 2055 2728 igi:

392 2717 492 2769 tur
548 2716 746 2789 aliqua
812 2723 1266 2791 praedicamenta
1324 2716 1666 2792 nominibus
1743 2739 2050 2800 inﬁnitivis

461 3071 546 3125 14.
579 3071 792 3131 Omnia
821 3077 989 3148 proin
1020 3082 1472 3152 praedicamenta
1502 3091 1800 3164 simplices
1825 3103 1881 3153 et
1913 3101 2044 3155 uni-

384 3159 644 3216 versales
673 3179 842 3221 voces
890 3173 1048 3238 sunt,
1083 3188 1209 3243 qua:
1254 3173 1552 3246 simplices
1581 3186 1637 3236 et
1686 3185 2044 3246 universales

383 3263 478 3304 res
509 3265 614 3321 per
643 3253 866 3310 medios
914 3255 1209 3331 simplices
1237 3267 1292 3318 et
1323 3265 1678 3326 universales
1727 3284 2043 3350 conceptus

383 3334 742 3409 signiﬁcant.

455 3441 542 3542 15.
579 3443 868 3505 Diﬂ‘erunt
897 3457 1092 3510 autem
1123 3474 1158 3512 a
1186 3460 1448 3532 quinque
1477 3466 1903 3542 vocibus,quod
1926 3475 2051 3532 haec

382 3529 623 3602 quidem
673 3538 1122 3607 praedicamenta
1162 3529 1233 3602 de
1283 3529 1459 3607 rebus
1510 3529 1861 3616 naturaliter
1907 3529 2048 3620 etiis;

382 3623 600 3676 runtur
645 3623 789 3680 dum
821 3644 1018 3686 rerum
1070 3639 1312 3692 naturas
1361 3631 1700 3713 signiﬁcant
1743 3667 1755 3716 ;
1791 3657 2047 3724 suntque

377 3723 549 3765 voces
578 3716 923 3772 naturarum
958 3723 1364 3796 przedicativzn,
1389 3729 1509 3786 sive
1540 3742 1856 3809 conceptus
1888 3743 2042 3800 I35

378 3796 480 3868 qui
511 3798 583 3854 de
611 3802 790 3859 rebus
822 3809 1167 3867 naturaliter
1196 3814 1492 3873 dicuntur.
1522 3796 1834 3896 PrOpterea
1864 3835 2040 3888 etiam

378 3887 835 3957 praedicamenta
864 3900 1098 3970 proprie
1147 3910 1350 3960 vocata
1380 3915 1537 3963 sunt.
1574 3914 1842 3987 Quinque
1873 3936 2040 3977 voces

376 3974 655 4032 dicuntur
685 3983 957 4052 equidem
991 3993 1047 4042 et
1077 3989 1216 4061 ipsae
1251 3974 1609 4067 simpliciter
1637 3974 2040 4080 prm‘dicativaa,

375 4069 670 4136 quatenus
703 4071 1103 4142 signiﬁcativaa
1155 4088 1332 4151 sunt;
1365 4094 1765 4148 verumtamen
1798 4102 2037 4154 naturas

373 4169 572 4210 rerum
605 4173 721 4214 non
773 4161 1128 4235 signiﬁcant,
1162 4187 1346 4241 negue
1394 4176 1464 4232 de
1503 4194 1697 4236 rerum
1749 4185 2036 4242 exsisten-

371 4240 455 4297 tia
482 4244 827 4304 efferuntur.
863 4252 932 4306 Et
982 4240 1291 4329 propterea
1320 4265 1552 4336 proprie
1583 4285 1698 4325 non
1745 4240 2032 4347 obtine—nt,

371 4333 438 4386 ut
465 4333 862 4403 praedicativae
911 4359 1101 4411 voces,
1137 4350 1235 4403 sed
1271 4333 1618 4424 simpliciter
1668 4377 1835 4416 voces
1868 4365 1986 4420 sint
2019 4385 2031 4421 :

371 4426 692 4494 conceptus
723 4428 1006 4487 nimirum
1038 4434 1414 4508 signiﬁcativi
1437 4445 1537 4515 qui
1570 4446 1628 4501 in
1656 4454 2033 4524 conceptibus

367 4510 844 4585 considerantur,
881 4519 969 4576 his
1002 4523 1100 4593 qui
1133 4526 1203 4581 de
1233 4544 1428 4585 rerum
1453 4510 1702 4592 entitate
1733 4510 2030 4600 dicuntur.

369 4598 741 4675 Quapropter
770 4607 1084 4667 rationales
1114 4615 1308 4684 potius
1343 4620 1764 4696 fuerint,quam
1812 4598 2025 4702 praedis

374 4687 572 4743 cativaa
604 4691 838 4766 (voces).

437 4777 524 4832 16.
557 4781 1066 4844 Quemadmodum
1121 4793 1277 4848 enim
1310 4796 1369 4851 in
1423 4801 1658 4859 entibus
1711 4816 2026 4882 conceptus

359 4867 593 4938 proprie
624 4872 977 4940 praedicativi
1012 4878 1391 4941 inveniuntur
1412 4888 1570 4959 (nam
1603 4897 1659 4947 et
1689 4897 2024 4958 substantia

359 4955 721 5026 conspicitur
773 4960 831 5015 in
867 4965 1043 5020 rebus
1095 4974 1151 5023 et
1180 4955 1466 5042 quantum
1516 4984 1573 5034 et
1604 4983 1775 5053 quale
1806 4994 1861 5041 et

355 5045 505 5111 tera)
525 5048 800 5104 eumdem
835 5053 906 5107 ad
941 5057 1180 5114 modum
1219 5061 1273 5115 in
1307 5065 1597 5134 ejusmodi
1631 5075 2018 5142 praedicativis

357 5135 766 5206 conceptibus,
815 5143 1129 5202 rationales
1178 5149 1263 5204 has
1316 5171 1484 5210 voces
1550 5163 2014 5222 considerantur.

354 5217 502 5275 Nam
533 5227 590 5276 et
617 5223 676 5278 in
710 5227 1044 5288 substantia
1074 5251 1262 5306 genus
1295 5246 1351 5295 et
1382 5246 1605 5314 species
1636 5254 1693 5304 et

352 5307 437 5362 tia
493 5313 550 5364 et
606 5315 932 5384 proprium,
965 5325 1023 5376 et
1085 5326 1356 5384 accidens
1390 5332 1447 5386 in
1501 5335 1629 5406 ipsa
1688 5343 2014 5400 consistens

351 5399 736 5467 conspicitur.
774 5403 838 5458 Et
886 5406 945 5461 in
978 5415 1316 5471 casterorum
1347 5437 1482 5475 vero
1533 5427 2012 5493 praedicamento-

348 5499 481 5538 rum
515 5488 776 5556 quolibet
805 5499 863 5548 et
891 5513 1078 5566 genus
1109 5488 1571 5573 deprehenditur
1600 5520 1657 5568 et
1701 5519 1926 5587 species
1957 5527 2013 5578 et

349 5571 761 5644 diiferentia,et
789 5586 1093 5655 proprium
1119 5571 1475 5654 et‘accidens
1497 5604 1652 5671 quod
1690 5571 1791 5675 per
1816 5571 2008 5678 ipsum

346 5663 538 5717 totum
570 5672 848 5735 penetret.

2238 1947 2327 2022 ιβ’.
2361 1950 2460 2004 Καὶ
2509 1951 2664 2008 αὗταί
2711 1955 2840 2011 εἰσιν
2895 1959 2949 2013 αἱ
2993 1957 3120 2017 δέκα
3169 1964 3512 2042 κατηγορίαι·
3545 1975 3707 2026 πᾶσαι
3762 1969 3817 2028 δὲ

2167 2038 2496 2113 τυγχάνουσι
2530 2041 2721 2100 ἁπλαῖ.

2241 2127 2328 2199 ιγ’.
2382 2127 2485 2182 Κᾶν
2545 2131 2647 2206 γὰρ
2715 2134 3008 2213 ἀπογεννᾷν
3067 2141 3100 2208 ἡ
3165 2141 3320 2197 οὐσία
3379 2143 3626 2223 λέγηται,
3688 2150 3816 2221 μετὰ

2168 2213 2263 2284 μὲν
2321 2221 2417 2271 τοῦ
2473 2225 2646 2275 ποσοῦ
2702 2224 2765 2278 τὸ
2822 2231 2927 2281 ποῦ
2986 2227 3168 2285 καὶτὰ
3220 2232 3371 2287 πότεο
3429 2238 3566 2308 μετὰ
3615 2234 3672 2293 δὲ
3724 2243 3814 2295 τοῦ

2163 2308 2346 2376 ποιοῦ,
2383 2307 2444 2360 τὸ
2483 2315 2658 2365 ποιεῖν
2693 2313 2780 2368 καὶ
2828 2315 2891 2369 τὸ
2934 2318 3188 2395 πάσχεινο
3244 2323 3378 2394 μετὰ
3429 2322 3493 2380 δὲ
3528 2331 3630 2381 τῶν
3687 2326 3814 2404 πρός

2160 2412 2234 2462 τι,
2266 2393 2327 2448 τὸ
2358 2391 2503 2471 ἔχειν
2535 2397 2624 2452 καί
2663 2400 2723 2456 τὸ
2753 2406 2978 2460 κεῖσθαι.
3025 2406 3183 2464 Ἀλλ’
3213 2407 3443 2485 οὐδεμία
3504 2419 3604 2469 τῶν
3652 2437 3813 2487 κατη-

2162 2487 2362 2556 γοριῶν
2421 2485 2672 2552 σύνθετός
2732 2490 2892 2550 ἐστιν.
2946 2492 3082 2551 Οὐδὲ
3126 2499 3228 2574 γὰρ
3285 2503 3594 2580 κατηγορία
3646 2505 3706 2560 τὸ
3763 2485 3810 2561 έν

2160 2569 2314 2643 τόπῳ
2370 2573 2525 2647 εἶναι,
2557 2577 2594 2645 ἢ
2648 2579 2712 2633 τὸ
2770 2579 2821 2635 ἐν
2881 2583 3069 2658 χρόνῳ
3110 2569 3265 2659 εἶναι,
3309 2589 3344 2658 ἢ
3406 2569 3553 2649 ἅλλο
3608 2615 3660 2648 τι
3713 2598 3814 2650 τῶν

2162 2659 2446 2720 τοιούτων.
2503 2667 2600 2720 Διά
2673 2672 2833 2725 τοῦτο
2892 2672 2981 2727 καὶ
3064 2673 3322 2748 ὀνόμασιν
3410 2680 3810 2761 ἀπαρεμφάτοις

2161 2752 2267 2803 τῶν
2349 2760 2694 2831 κατηγοριῶν
2772 2779 2915 2824 τινες
2997 2761 3412 2837 ὠνομάσθησαν
3495 2771 3554 2826 τὸ
3638 2777 3802 2828 ποιεῖν

2162 2833 2376 2909 δηλαδὴ
2409 2842 2496 2896 καὶ
2526 2845 2587 2898 τὸ
2618 2847 2847 2923 πάσχειν
2894 2850 2983 2905 καὶ
3030 2852 3091 2906 τὸ
3136 2851 3282 2931 ἔχειν
3329 2857 3422 2912 καὶ
3471 2860 3532 2915 τὸ
3582 2865 3800 2925 κεῖσθαι⁶

2153 2923 2246 2981 τίνα
2289 2931 2364 3001 μὴ
2415 2936 2494 3004 τῷ
2541 2933 2858 3010 ἐφέλκεσθαι
2906 2923 3458 3015 πρόσωπαησύνθεσίν
3504 2971 3622 3006 τινα
3667 2923 3819 3006 stam"

2159 3015 2398 3091 γάγωσιν
2413 3063 2426 3078 .

2235 3103 2315 3164 ιδ’.
2366 3114 2539 3164 Πᾶσαι
2588 3113 2768 3169 τοίνυν
2820 3117 2876 3171 αἱ
2925 3121 3247 3197 κατηγορίαι
3293 3123 3472 3182 ἁπλαῖ
3513 3127 3602 3184 καὶ
3647 3130 3804 3184 καθο-

2160 3192 2310 3250 λικαὶ
2367 3201 2540 3275 φωναί
2600 3202 2754 3271 εἰσιν,
2805 3203 2954 3262 ἁπλᾶ
2999 3209 3090 3263 καὶ
3136 3211 3402 3270 καθολικὰ
3462 3218 3806 3292 σημαίνουσαι

2156 3284 2450 3360 πράγματα
2493 3287 2582 3344 διὰ
2633 3292 2808 3364 μέσων
2863 3293 3052 3352 ἁπλῶν
3102 3301 3190 3354 καὶ
3236 3284 3552 3367 καθολικῶν
3611 3307 3805 3380 νοημά-

2159 3392 2266 3427 των
2276 3417 2288 3429 .

2234 3481 2310 3537 ιε’.
2345 3484 2666 3561 Διαφέρουσι
2728 3486 2785 3543 δὲ
2858 3495 2966 3548 τῶν
3037 3493 3191 3551 πέντε
3244 3503 3469 3575 φωνῶν,
3529 3501 3612 3558 ὅτι
3664 3501 3809 3559 αὗται

2161 3568 2255 3640 μὲν
2307 3571 2361 3623 αἱ
2409 3575 2736 3650 κατηγορίαι
2785 3581 2919 3634 κατὰ
2977 3568 3313 3659 πραγμάτων
3368 3568 3625 3667 φέρονται
3667 3613 3811 3671 φυσι-

2155 3661 2289 3728 κῶς,
2369 3659 2554 3737 φύσεις
2655 3669 2988 3741 πραγμάτων
3065 3675 3452 3746 σημαίνουσαι·
3540 3682 3628 3736 καὶ
3708 3679 3802 3734 εἶσὶ

2155 3748 2328 3822 φωναὶ
2376 3754 2732 3827 κατηγορικαὶ
2788 3755 3022 3833 φύσεων,
3059 3759 3187 3829 ἤτοι
3246 3761 3401 3840 λόγοι
3466 3770 3601 3824 κατὰ
3652 3789 3810 3846 πραγ-

2157 3836 2337 3907 μάτων
2411 3837 2698 3914 λεγόμενοι
2751 3852 3011 3922 φυσικῶς.
3065 3853 3162 3906 Διὰ
3226 3858 3386 3909 τοῦτο
3441 3858 3532 3913 καὶ
3589 3874 3810 3934 κατηγοι

2153 3924 2263 3999 ρίαι
2314 3927 2517 4000 κυρίως
2568 3929 2900 4003 ἐκλήθησαν.
2933 3939 3003 3992 Αἱ
3053 3937 3111 3994 δὲ
3136 3941 3293 3996 πέντε
3337 3947 3514 4021 φωναὶ
3568 3924 3806 4022 λέγονται

2154 4013 2247 4085 μὲν
2306 4017 2394 4070 καὶ
2447 4018 2602 4074 αὗται
2660 4027 3017 4100 κατηγορικαὶ
3073 4028 3284 4101 ἁπλῶς,
3323 4033 3399 4094 ὡς
3464 4033 3800 4108 σημαντικαί·

2150 4101 2211 4156 οὐ
2288 4105 2394 4176 μὴν
2448 4106 2634 4184 φύσεις
2683 4114 3020 4189 πραγμάτων
3073 4119 3460 4196 σημαίνουσιν,
3503 4123 3627 4180 οὐδὲ
3679 4123 3803 4181 κατᾶ

2147 4195 2482 4266 πραγμάτων
2564 4197 2841 4273 ὑπάρξεως
2901 4205 3172 4281 φέρονται.
3263 4210 3360 4264 Καὶ
3443 4214 3578 4268 κατὰ
3649 4217 3798 4268 τοῦτο

2147 4277 2271 4334 οὐδὲ
2328 4285 2530 4360 κυρίως
2593 4285 2783 4362 ἔχουσι
2841 4291 2903 4346 τὸ
2967 4296 3326 4372 κατηγορικαί
3399 4301 3537 4356 εἶναι
3611 4301 3797 4381 φωναὶ,

2146 4366 2272 4423 ἀλλ’
2305 4369 2496 4436 ἁπλῶς
2553 4377 2746 4453 φωναί·
2805 4378 2958 4457 λόγοι
3016 4366 3274 4452 δηλονότι
3336 4366 3796 4463 σημαντικοί

2143 4459 2278 4512 κατὰ
2360 4463 2696 4537 πραγμάτων
2805 4468 3118 4545 όντότητος,
3204 4459 3523 4552 λεγομένοις
3618 4479 3794 4557 λόγοις

2144 4545 2583 4624 ἐνθεωρούμενοι.
2647 4556 2740 4610 Διὸ
2788 4559 2877 4612 καὶ
2946 4559 3165 4636 λογικαὶ
3245 4563 3460 4638 μᾶλλον
3535 4569 3638 4625 εἶεν
3713 4566 3792 4639 ἂν,

2139 4635 2175 4704 ἢ
2208 4639 2585 4714 κατηγορικαί,

2215 4817 2300 4879 ις’.
2335 4817 2584 4894 Καθάπερ
2648 4823 2750 4898 γὰρ
2801 4824 2852 4878 ἐν
2893 4833 3009 4890 τοῖς
3070 4827 3216 4884 οὖσιν
3273 4835 3325 4888 οἱ
3372 4834 3580 4911 κυρίως
3632 4853 3787 4903 κατη-

2135 4905 2347 4980 γορικοὶ
2407 4904 2565 4982 λόγοι
2627 4909 2962 4986 εὑρίσκονται
3025 4919 3136 4992 (καὶ
3191 4919 3347 4978 οὐσία
3385 4923 3486 5000 γὰρ
3546 4924 3781 5001 ἐνορᾶται

2131 5000 2246 5055 τοῖς
2289 4996 2572 5070 πράγμασι
2614 4999 2703 5052 καὶ
2751 5004 2916 5058 ποσὸν
2968 5008 3057 5060 καὶ
3099 5010 3255 5065 ποιὸν
3303 5013 3392 5067 καὶ
3451 5014 3519 5069 τὰ
3575 5011 3778 5081 λοιπὰ),

2128 5083 2263 5137 κατᾶ
2294 5084 2382 5137 τὸν
2417 5085 2576 5143 αὐτὸν
2607 5089 2808 5164 τρόπον
2844 5091 2897 5147 έτ
2929 5101 3042 5158 τοῖς
3071 5098 3340 5162 τοιούτοις
3379 5104 3777 5178 κατηγορικοῖς,

2129 5171 2182 5223 αἱ
2233 5169 2453 5246 λογικαὶ
2505 5176 2658 5230 αὗται
2712 5186 3039 5256 θεωροῦνται
3088 5188 3280 5264 φωναί.
3323 5189 3423 5244 Καὶ
3475 5189 3623 5266 γένος
3680 5187 3777 5263 γὰρ

2128 5257 2438 5336 ἐμφαίνεται
2497 5268 2565 5337 τῇ
2626 5265 2782 5338 οὐσίᾳ
2837 5271 2926 5324 καὶ
2997 5257 3138 5337 εἶδος
3215 5277 3302 5331 καὶ
3384 5275 3614 5356 διαφορά
3691 5274 3776 5332 καὶ

2127 5343 2284 5418 ἴδιον,
2344 5352 2432 5404 καὶ
2496 5349 2845 5426 συμϐεϐηκὸς
2903 5359 2954 5414 ἐν
3013 5363 3148 5437 αὐτῇ
3227 5366 3626 5440 συνιστάμενον.
3680 5363 3773 5421 Καὶ

2122 5442 2226 5490 τῶν
2284 5437 2492 5496 λοιπῶν
2555 5441 2613 5498 δὲ
2667 5454 3010 5524 κατηγοριῶν
3066 5460 3164 5525 μιᾷ
3242 5437 3572 5531 ἑκάστῃ-καὶ
3623 5455 3770 5533 γένος

2120 5523 2436 5604 ἐμφαίνεται
2492 5533 2581 5586 καὶ
2645 5531 2810 5606 εἶδος,
2869 5523 2956 5594 καὶ
3016 5523 3249 5620 διαφορὰ
3320 5523 3417 5602 καὶ.
3479 5542 3618 5600 ἴδιον
3682 5540 3766 5597 καὶ

2120 5611 2472 5688 συμϐεϐηκὸς
2506 5618 2576 5675 δι’
2608 5623 2776 5694 αὐτῆς
2808 5624 2939 5690 ὅλος
2972 5611 3215 5706 χωροῦν.
