4126 6452
369 397 496 459 793

1741 400 2092 464 EPITOME
2136 402 2442 465 LOGIGA.

3676 395 3794 459 794

446 529 530 600 ιζ’.
561 534 734 586 Πᾶσαι
783 525 843 586 δὲ
889 530 943 586 αἱ
991 529 1314 609 κατηγορίαι
1366 532 1698 607 γενικώτατα
1738 533 1866 609 γένη
1904 531 2025 605 εἰσὶ,

2219 537 2304 591 17.
2337 540 2515 592 Porro
2537 534 2734 592 omnia
2754 533 3204 608 praedicamenta
3227 535 3367 589 sunt
3393 532 3551 589 186
3581 547 3796 605 genere

373 616 464 675 διὰ
490 619 552 674 τὸ
590 621 665 694 μὴ
701 616 846 696 ἔχειν
875 618 1056 676 ἐπάνω
1086 620 1261 677 αὐτῶν
1313 618 1454 677 ἄλλο
1483 642 1536 675 τι
1581 622 1737 697 γένος
1771 617 2033 677 ἐπαναϐε-

374 703 564 779 ϐηκός.

450 798 539 868 ιη’.
595 796 700 853 Κᾶν
749 798 853 875 γὰρ
907 797 966 854 ἐκ
1009 805 1106 855 τοῦ
1152 799 1311 863 ὄντος
1359 798 1710 880 διαιροῦνται,
1768 799 1894 856 ἀλλ’
1939 801 2038 856 οὐκ

376 884 516 941 ἔστιν
545 885 721 942 αὐτῶν
749 887 902 964 γένος
933 890 995 944 τὸ
1027 884 1116 944 ὅν.

450 994 531 1057 ιϐ’.
565 994 634 1048 Τὸ
665 994 771 1070 γὰρ
811 995 970 1069 γένος
1019 995 1081 1051 ού
1137 996 1298 1069 μόνον
1346 1001 1444 1052 τοῦ
1496 996 1768 1070 ὀνόματος
1820 994 2035 1070 μεταδί-

377 1078 512 1137 δωσι
559 1087 676 1145 τοῖς
727 1083 953 1146 οἰκείοις
1003 1083 1216 1158 εἷ’δεσιν,
1265 1084 1411 1142 ἀλλὰ
1454 1087 1543 1142 καὶ
1593 1085 1726 1142 ὅλου
1778 1091 1875 1141 τοῦ
1926 1087 2038 1161 ὁρι-

375 1176 537 1244 σμοῦ.
591 1173 661 1227 Τὸ
717 1169 774 1227 δὲ
820 1173 878 1228 ’ὸν
939 1171 1318 1251 διαιρούμενον
1372 1174 1446 1238 εἲς
1495 1177 1592 1238 τὰς
1645 1173 1772 1233 δέκα
1803 1197 2038 1252 κατηγο-

376 1259 514 1336 ρίας,
572 1265 670 1316 τοῦ
732 1262 826 1334 μὲν
889 1261 1160 1337 ὀνόματος
1221 1265 1406 1328 αὑταῖς
1469 1262 1830 1339 μεταδίδωσιν
1874 1284 1885 1297 ·
1941 1271 2038 1320 τοῦ

374 1349 544 1425 λόγου
585 1349 644 1405 δὲ
684 1349 898 1406 τελείου
948 1374 1007 1428 γε
1057 1351 1307 1428 οὐδεμιᾷ·
1351 1354 1415 1409 τὸ
1443 1354 1545 1432 γὰρ
1596 1356 1653 1409 ’ὸν
1686 1351 1863 1418 αὕτως
1898 1355 2040 1410 ὑπο·

370 1440 688 1515 γράφουσιν.
722 1442 814 1496 "Ov
850 1440 990 1497 ἐστιν
1025 1439 1062 1510 ἤ
1111 1443 1486 1521 αύθύπαρκτον
1537 1450 1770 1521 πρᾶγμα
1815 1444 1904 1500 καὶ
1958 1447 2034 1519 μὴ

372 1525 628 1601 δεόμενον
709 1528 893 1602 ἑτέρου
952 1531 1087 1607 πρὸς
1145 1531 1393 1587 σύστασιν
1444 1555 1455 1567 ·
1514 1530 1552 1602 ἤ
1623 1534 1685 1588 τὸ
1767 1535 1842 1606 μή
1921 1523 2039 1599 καθ’

371 1618 527 1673 ἑαυτὸ
559 1615 857 1692 δυνάμενον
887 1621 1044 1688 εἶναι,
1078 1618 1204 1676 ἀλλ’
1237 1620 1289 1676 ἐν
1336 1623 1504 1699 ἑτέρῳ
1549 1617 1678 1697 ἔχον
1726 1624 1826 1692 τὴν
1869 1623 2037 1699 ὕπαρ-
2070 1621 2072 1624 ’

372 1707 471 1779 ξιν.
508 1710 571 1762 Ἡ
603 1705 661 1763 δὲ
689 1709 881 1784 πρώτη
929 1715 1038 1765 τῶν
1065 1716 1410 1788 κατηγοριῶν
1467 1712 1622 1767 οὐσία
1648 1713 1742 1767 τὸν
1787 1718 2039 1768 τοιοῦτον

373 1795 501 1853 ὅλον
535 1797 697 1875 λόγον
731 1799 831 1853 οὐκ
861 1797 1192 1876 ἐπιδέχεται’
1228 1799 1375 1856 ἀλλὰ
1418 1801 1481 1855 τὸ
1529 1800 1584 1856 ἓν
1640 1801 1806 1878 μέρος
1847 1803 2034 1858 αὐτοῦ·

2146 626 2610 699 generalissima,
2641 626 2793 698 quod
2828 641 3006 696 supra
3033 640 3095 680 se
3142 640 3259 679 non
3307 621 3561 678 habeant
3606 637 3793 693 genus

2146 715 2304 771 aliud
2337 714 2573 786 aliquod
2608 714 2902 785 superius.

2218 807 2304 859 18.
2337 804 2455 860 Etsi
2486 804 2643 860 enim
2676 821 2742 860 ex
2767 807 2898 859 ente
2926 801 3289 867 dividuntur,
3313 803 3511 855 tamen
3542 813 3648 855 ens
3676 815 3793 856 non

2145 897 2236 950 est
2266 909 2452 966 genus
2482 910 2707 949 eorum.

2218 1000 2304 1054 19.
2338 1000 2564 1056 Etenim
2617 1016 2803 1073 genus
2852 1016 2968 1054 non
3015 1001 3248 1053 tantum
3292 1010 3506 1051 nomen
3537 992 3794 1067 propriis

2147 1089 2473 1160 speciebus,
2508 1091 2608 1145 sed
2641 1089 2814 1145 etiam
2845 1093 3030 1143 totam
3063 1085 3463 1142 deﬁnitionem
3511 1083 3791 1155 impertit.

2145 1178 2263 1233 Ens
2293 1195 2424 1234 vero
2457 1180 2612 1250 quod
2644 1178 2703 1233 in
2749 1177 2950 1233 decem
2998 1175 3448 1249 praedicamenta
3491 1173 3794 1238 dividitur,

2148 1283 2359 1322 nomen
2394 1267 2630 1338 quidem
2663 1267 2767 1334 eis,
2804 1266 3198 1321 definitionem
3230 1269 3447 1329 autem,
3483 1262 3795 1334 perfectam

2147 1357 2452 1423 nimirum,
2487 1355 2633 1411 nulli
2665 1356 2962 1428 impertit;
2995 1355 3083 1410 six
3114 1353 3270 1410 enim
3300 1370 3405 1408 ens
3437 1351 3793 1408 describunt.

2147 1446 2264 1500 Ens
2294 1450 2382 1501 est
2411 1445 2498 1500 vel
2538 1463 2629 1501 res
2661 1462 2763 1518 per
2793 1463 2855 1500 se
2886 1444 3172 1500 exsistens
3203 1446 3259 1499 et
3287 1441 3402 1497 alia
3431 1441 3502 1496 ad
3535 1439 3627 1497 sui
3659 1456 3794 1495 con-

2148 1533 2513 1589 stitutionem
2539 1552 2654 1590 non
2687 1534 2953 1606 indigens
2981 1552 2994 1602 ;
3022 1532 3112 1588 vel
3139 1549 3266 1604 quis
3298 1547 3401 1604 per
3430 1546 3490 1586 se
3519 1545 3649 1585 esse
3678 1545 3795 1584 non

2147 1628 2356 1696 potest,
2391 1624 2490 1679 sed
2540 1624 2599 1678 in
2650 1623 2766 1678 alia
2813 1623 2991 1678 habet
3037 1619 3463 1678 exsistentiam.
3495 1618 3630 1674 Jam
3659 1633 3794 1673 vero

2147 1711 2404 1783 primum
2446 1712 2962 1784 praedicamentum
3012 1709 3345 1767 substantia
3393 1706 3794 1763 definitionem

2145 1803 2437 1873 ejusmodi
2465 1807 2650 1858 totam
2681 1819 2796 1857 non
2819 1801 3042 1873 recipit,
3061 1801 3162 1856 sed
3185 1815 3365 1855 unam
3385 1796 3545 1852 illius
3568 1798 3795 1869 partem

373 1885 474 1941 Καὶ
526 1886 640 1980 γὰρ.
680 1885 833 1942 οὐσία
881 1887 994 1943 ἐστὶ
1042 1893 1271 1966 πρᾶγμα
1319 1889 1716 1967 αύθύπαρκτον,
1771 1892 1846 1964 μή
1905 1888 2024 1946 δεό-

2144 1891 2490 1962 (duntaxat).
2523 1890 2750 1946 Etenim
2779 1890 3112 1946 substantia
3142 1891 3232 1944 est
3272 1903 3366 1943 res
3398 1903 3502 1958 per
3545 1900 3609 1940 se
3647 1883 3795 1940 exsi-

377 1996 534 2048 μενον
565 1975 748 2050 ἑτέρου
778 1976 914 2052 πρὸς
962 1976 1234 2050 σύστασιν,
1278 1978 1368 2034 καὶ
1410 1977 1563 2035 οὐδὲν
1613 1977 1803 2037 πλέον.
1846 1979 2026 2037 Ἀλλὰ

370 2064 459 2119 καὶ
536 2066 591 2120 αἱ
652 2064 843 2121 λοιπαὶ
901 2067 1221 2143 κατηγορίαι
1299 2063 1646 2142 συμϐεϐηκὸς
1707 2067 1904 2144 οὖσαι,
1960 2071 2024 2126 τὸ

370 2151 565 2210 λοιπὸν
602 2154 767 2232 μέρος
799 2151 1140 2229 λαμϐάνουσι
1190 2164 1288 2228 τῆς
1333 2163 1431 2213 τοῦ
1481 2153 1634 2221 ὄντος
1681 2161 2020 2236 ὑπογραφῆς,

365 2243 456 2298 καὶ
508 2242 617 2320 ούχ
669 2243 808 2314 ὅλην
859 2245 960 2313 τήν
1013 2245 1353 2324 ὑπογραφὴν,
1405 2244 1531 2302 ούδὶ
1577 2246 1754 2304 αὗται.
1807 2243 2021 2320 Συμϐε-

368 2327 539 2403 ϐηκὸς
570 2331 674 2410 γάρ
706 2333 816 2389 ἐστι
846 2339 1090 2410 πρᾶγμα,
1120 2336 1194 2408 μὴ
1223 2336 1342 2400 καθ’
1365 2336 1519 2391 ἑαυτὸ
1542 2334 1836 2410 δυνάμενον
1869 2337 2020 2410 εἶναι,

363 2420 490 2478 ἀλλ’
520 2422 572 2479 ἐν
607 2423 776 2496 ἑτέρῳ
806 2421 936 2499 ἔχον
969 2424 1067 2492 τὴν
1108 2423 1355 2498 ὕπαρξιν.
1390 2427 1550 2480 Ὥστε
1599 2427 1699 2482 οὑκ
1729 2425 1840 2482 ἔστι
1869 2427 2025 2502 γένος

363 2515 472 2566 τῶν
505 2517 850 2589 κατηγοριῶν
875 2513 939 2568 τὸ
969 2507 1048 2569 ὅν.

435 2689 500 2744 κ’.
533 2690 653 2746 Ἔτι
705 2695 808 2746 πᾶν
856 2689 1009 2767 γένος
1059 2689 1438 2768 διαιρούμενον
1489 2694 1566 2757 εἰς
1616 2693 1734 2765 ε’ίδη
1779 2697 1856 2770 μὴ
1890 2694 2026 2752 εἷ’δι-

366 2777 603 2849 κώτατα,
654 2776 754 2834 δύο
806 2777 844 2850 ἤ
873 2779 997 2857 τρία
1047 2777 1160 2858 ἔχει
1218 2782 1285 2837 τὰ
1333 2782 1385 2853 ἐξ
1436 2783 1600 2839 αὑτοῦ
1649 2781 2024 2862 διαιρούμενα,

366 2863 404 2935 ἤ
454 2864 544 2923 καὶ
601 2868 737 2923 κατᾶ
793 2876 858 2925 το
917 2869 1139 2926 σπάνιον
1196 2870 1445 2949 τέσσαρα.
1503 2878 1608 2928 Τοῖ’)
1666 2871 1724 2929 δὲ
1779 2870 1932 2938 ὄντος
1989 2879 2024 2946 ἡ

375 2952 630 3033 διαίρεσις
675 2957 842 3036 μέχρι
894 2956 1022 3014 δέκα
1077 2961 1449 3038 προχωροῦσά
1495 2984 1656 3018 τινων
1719 2966 1794 3037 μή
1856 2960 2024 3021 ὄντων

377 3042 738 3102 εἶδικωτάτων
773 3045 955 3122 εἰδῶν,
1005 3048 1230 3112 εἰκότως
1276 3048 1390 3105 οὐδ’
1438 3051 1545 3107 ἀπὸ
1582 3053 1771 3128 γένους
1801 3054 1880 3116 εἰς
1908 3053 2024 3124 εἷ’δη

381 3132 510 3192 ἐστί.
538 3135 608 3191 Τὸ
638 3133 696 3191 δὲ
729 3137 806 3210 μὴ
840 3137 973 3192 εἶναι
1024 3139 1120 3201 τὰς
1168 3140 1502 3216 κατηγορίας
1549 3139 1871 3198 είδικώτατα
1909 3141 2024 3216 εἷ’δη

376 3222 694 3300 παρίσταται
724 3231 908 3305 σαφῶς
939 3226 998 3282 ἐκ
1025 3233 1122 3282 τοῦ
1155 3225 1299 3305 ἔχειν
1347 3231 1542 3293 ταύτας
1593 3232 1679 3310 ὑφ’
1710 3233 1902 3296 ἑαυτὰς
1938 3235 2028 3291 καὶ

373 3311 698 3372 εἰδικώτατα
728 3313 872 3387 εἷ’δη,
903 3317 993 3371 καὶ
1019 3317 1146 3393 γένη
1183 3317 1500 3391 ὑπάλληλα.

431 3583 533 3639 κα’.
587 3583 855 3640 Ἐντεῦθεν
914 3582 1173 3655 δηλονότι
1229 3584 1356 3643 οὐδὲ
1399 3588 1464 3643 τὸ
1515 3583 1864 3662 συμϐεϐηκός
1913 3589 2026 3645 ἐστι

357 3669 514 3746 γένος
585 3673 692 3728 τῶν
753 3672 900 3729 ἐννέα
970 3679 1312 3752 κατηγοριῶν
1349 3723 1364 3748 ,
1427 3677 1472 3732 εἰ
1529 3678 1619 3732 καὶ
1692 3675 2024 3750 μεταδίδωσι

355 3759 578 3822 ταύταις
637 3761 726 3817 καὶ
782 3765 880 3817 τοῦ
939 3761 1212 3836 ὀνόματος
1270 3763 1360 3819 καὶ
1417 3769 1516 3820 τοῦ
1565 3763 1737 3841 λόγου
1783 3764 2020 3823 τελείου.

360 3849 565 3926 ’Ὠσπερ
620 3851 723 3926 γάρ
774 3872 829 3906 τι
885 3852 1040 3928 γένος
1095 3854 1246 3929 φωνὴ
1304 3851 1363 3908 ὃν
1415 3851 1638 3928 λογική,
1696 3852 2023 3928 μεταδίδωσι

358 3943 479 4000 ταῖς
540 3937 666 3996 δέκα
718 3939 1076 4016 κατηγορίαις
1137 3941 1226 3996 καὶ
1284 3946 1382 3997 τοῦ
1455 3942 1726 4016 ὀνόματος
1776 3944 1868 3999 καὶ
1922 3949 2022 4000 τοῦ

363 4025 533 4104 λόγου
581 4029 746 4085 αὑτοῦ
793 4028 903 4105 (καὶ
959 4031 1061 4106 γὰρ
1120 4029 1316 4100 ἑκάστη
1375 4035 1483 4086 τῶν
1541 4037 1888 4108 κατηγοριῶν
1932 4034 2022 4090 καὶ

357 4117 517 4194 γένος
575 4117 813 4194 λέγεται,
863 4119 953 4175 καὶ
1012 4120 1148 4174 κατὰ
1193 4119 1464 4176 πλειόνων
1514 4121 1605 4176 καὶ
1655 4119 2021 4200 διαφερόντων

355 4210 438 4279 τῷ
485 4203 616 4262 εἷ’δει
647 4252 666 4277 ,
717 4207 768 4263 ἐν
797 4213 877 4281 τῷ
924 4209 978 4263 τί
1028 4208 1138 4264 ἐστι
1188 4213 1619 4285 κατηγορεῖται),
1668 4212 1805 4266 κατὰ
1831 4217 2024 4267 τοῦτον

353 4295 446 4350 τὸν
481 4293 648 4371 λόγον
703 4297 793 4352 καὶ
829 4297 893 4353 τὸ
940 4291 1290 4372 συμϐεϐηκὸς
1343 4296 1672 4372 μεταδίδωσι
1701 4304 1825 4362 ταῖς
1874 4300 2024 4357 ἐννέα

354 4383 734 4460 κατηγορίαις,
765 4385 856 4441 καὶ
902 4390 1000 4441 τοῦ
1049 4385 1319 4460 ὀνόματος
1366 4385 1530 4441 αὐτοῦ
1570 4388 1661 4443 καὶ
1689 4395 1790 4458 τῆς
1817 4389 2020 4452 οἰκείας

355 4473 701 4552 ὑπογραφῆς,
757 4477 834 4548 μή
885 4476 943 4530 ὃν
989 4477 1143 4552 γένος
1171 4480 1283 4532 τῶν
1315 4481 1684 4555 κατηγοριῶν,
1719 4479 1886 4547 Φωνὴ
1918 4480 2021 4555 γάρ

353 4561 466 4618 ἐστι
497 4563 587 4618 καὶ
618 4564 749 4619 αύτὸ
779 4563 1000 4641 λογικὴ,
1038 4563 1138 4639 μία
1165 4569 1275 4620 τῶν
1303 4567 1466 4621 πέντε
1495 4570 1714 4642 φωνῶν.

2135 1983 2298 2036 stens
2324 1997 2442 2036 non
2467 1979 2738 2052 indigens
2770 1979 2886 2035 alia
2916 1980 2988 2035 ad
3042 1977 3134 2034 sui
3182 1974 3701 2041 constitutionem;
3735 1977 3793 2028 et

2133 2069 2280 2125 nihil
2339 2075 2431 2125 est
2483 2069 2757 2141 amplius.
2791 2069 2898 2124 Sed
2958 2072 3015 2124 et
3071 2066 3298 2139 reliqua
3339 2064 3792 2137 praedicamenta

2135 2176 2262 2232 quae
2325 2162 2464 2214 sunt
2518 2159 2812 2229 accidens,
2846 2157 3132 2230 reliquam
3163 2159 3387 2229 partem
3443 2169 3511 2209 ex
3570 2150 3790 2208 descri-

2133 2249 2333 2320 ptione
2362 2248 2512 2304 entis
2543 2248 2839 2320 accipiunt
2868 2247 3128 2318 quidem,
3161 2246 3262 2301 sed
3296 2260 3368 2300 ne
3397 2242 3519 2298 hac
3549 2240 3787 2315 quidem

2131 2341 2316 2393 totam
2348 2338 2800 2410 descriptionem
2824 2336 3163 2393 admittunt.
3192 2334 3477 2391 Accidens
3508 2331 3667 2388 enim
3697 2333 3790 2386 est

2133 2443 2226 2482 res
2253 2444 2385 2499 quas
2413 2444 2517 2499 per
2545 2443 2607 2483 se
2639 2443 2767 2483 esse
2799 2443 2916 2483 non
2947 2429 3158 2498 potest,
3192 2425 3295 2480 sed
3341 2423 3402 2479 in
3453 2421 3568 2478 alia
3614 2420 3787 2476 habet

2133 2516 2557 2573 exeistentiam.
2592 2520 2780 2585 Quare
2808 2533 2912 2572 ens
2958 2515 3549 2588 prmdicamentorum
3597 2525 3783 2584 genus

2135 2623 2250 2662 non
2281 2610 2389 2662 est.

2204 2697 2296 2751 20.
2329 2695 2612 2752 Prmterea
2641 2712 2814 2752 omne
2843 2712 3029 2768 genus
3060 2694 3216 2767 quod
3269 2693 3330 2748 in
3381 2689 3602 2765 species
3633 2691 3788 2747 187

2138 2802 2252 2841 non
2285 2784 2744 2857 specialissimas
2775 2784 3076 2855 dividitur,
3104 2783 3254 2839 duas
3297 2784 3399 2837 aut
3450 2785 3570 2836 tres
3613 2779 3792 2835 habet

2139 2891 2267 2947 qua
2297 2891 2365 2930 ex
2397 2891 2460 2930 se
2505 2874 2888 2941 dividuntur;
2942 2876 3062 2939 aut,
3095 2872 3252 2944 quod
3303 2870 3480 2926 etiam
3530 2886 3664 2924 raro
3704 2869 3789 2938 fit,

2137 2966 2374 3034 quatur.
2407 2963 2554 3034 Ergo
2586 2962 2737 3018 entis
2767 2961 2974 3017 divisio
2997 2977 3134 3017 cum
3166 2961 3239 3015 ad
3269 2960 3468 3015 decem
3499 2958 3788 3030 quaedam,

2138 3069 2266 3123 quae
2326 3069 2440 3107 non
2502 3055 2642 3106 sunt
2692 3050 2917 3122 species
2973 3047 3431 3122 specialissima,
3465 3047 3788 3120 procedat;

2140 3140 2345 3195 merito
2373 3156 2562 3212 neque
2591 3139 2824 3212 generis
2853 3138 2914 3194 in
2955 3139 3180 3211 species
3229 3143 3320 3194 est
3363 3135 3594 3192 divisio.
3628 3135 3790 3200 Quod

2140 3235 2336 3284 autem
2385 3228 2838 3300 praedicamenta
2894 3226 3332 3298 specialissimaa
3393 3224 3614 3297 species
3672 3240 3790 3280 non

2138 3319 2279 3387 sint,
2311 3319 2625 3374 manifesto
2656 3333 2759 3390 per
2785 3317 2843 3373 id
2877 3315 3224 3384 ostenditur,
3249 3316 3406 3388 quod
3429 3315 3551 3371 hac
3584 3313 3696 3370 sub
3728 3329 3791 3370 se

2138 3410 2195 3464 et
2254 3408 2478 3480 species
2530 3406 2989 3480 specialissimas
3046 3409 3103 3460 et
3168 3420 3384 3478 genere
3452 3403 3792 3461 subalterna

2137 3497 2415 3553 habeant.

2203 3587 2295 3641 21.
2329 3586 2476 3642 Hinc
2506 3586 2790 3642 nimirum
2821 3602 3015 3658 neque
3045 3585 3314 3641 accidens
3346 3586 3436 3639 est
3464 3598 3651 3656 genus
3683 3598 3786 3638 no-

2134 3691 2263 3730 vem
2296 3675 2902 3746 medicamentorum,
2934 3675 3169 3730 tametsi
3221 3673 3316 3729 his
3365 3677 3424 3728 et
3468 3687 3682 3728 nomen
3733 3675 3791 3726 et

2136 3764 2539 3821 deﬁnitionem
2581 3765 2894 3836 perfectam
2934 3763 3216 3836 impertit.
3279 3761 3788 3828 Quemadmodum

2134 3853 2292 3908 enim
2311 3869 2497 3925 genus
2523 3854 2679 3924 quod
2702 3858 2792 3910 est
2814 3870 2924 3909 vox
2941 3852 3130 3924 logica
3151 3852 3349 3908 decem
3375 3850 3792 3922 praedicamen-

2134 3942 2212 3996 tis
2243 3947 2299 3996 et
2326 3958 2536 3998 nomen
2560 3947 2616 3998 et
2646 3942 3045 3998 deﬁnitionem
3077 3957 3244 3996 suam
3268 3938 3531 4011 impertit
3549 3937 3787 4007 (etenim

2135 4031 2436 4103 quodlibet
2466 4032 2985 4103 praedicameutum
3017 4033 3075 4084 et
3121 4045 3306 4102 genus
3356 4028 3571 4084 dicitur
3613 4032 3670 4082 et
3718 4028 3789 4084 de

2134 4118 2402 4191 pluribus
2435 4120 2842 4176 differentibus
2874 4118 3066 4192 specie
3095 4118 3156 4173 in
3187 4118 3328 4190 quid
3376 4122 3466 4173 est
3514 4117 3786 4188 praedica-

2131 4208 2272 4280 tur),
2314 4209 2516 4264 eadem
2569 4208 2792 4264 ratione
2837 4213 2896 4264 et
2939 4207 3210 4263 accidens
3252 4223 3460 4262 novem
3510 4205 3786 4278 pradica-

2133 4297 2348 4352 mentis
2380 4301 2438 4352 et
2465 4314 2678 4353 nomen
2711 4313 2886 4353 suum
2917 4300 2974 4352 et
3002 4295 3300 4369 pr0priam
3333 4294 3786 4367 descriptionem

2134 4374 2418 4458 impertit,
2459 4391 2524 4441 ut
2549 4404 2664 4442 non
2709 4387 2786 4441 sit
2828 4402 3016 4459 genus
3049 4385 3654 4458 preedicamentorum.
3687 4385 3788 4440 Et-

2135 4475 2292 4531 enim
2326 4480 2384 4531 et
2420 4475 2617 4548 ipsum
2668 4481 2758 4531 est
2803 4492 2912 4530 vox
2959 4475 3168 4547 logica,
3201 4491 3321 4531 una
3357 4473 3687 4546 (nimirum)
3719 4490 3788 4530 ex

2135 4564 2398 4637 quinque
2425 4565 2688 4621 vocibus.

427 4669 533 4746 κβ’.
565 4667 739 4726 Πάλιν
774 4670 826 4727 ἐν
854 4672 936 4734 οἷς
964 4672 1026 4726 τὸ
1056 4675 1276 4747 πρῶτον
1325 4673 1416 4727 καὶ
1443 4673 1506 4728 τὸ
1559 4670 1811 4751 δεύτερον
1846 4673 2025 4753 φύσει,

2209 4675 2300 4729 22.
2334 4674 2562 4730 Rursus
2606 4674 2666 4729 in
2717 4673 2933 4746 quibus
2981 4675 3072 4728 est
3101 4670 3448 4744 primarium
3479 4673 3536 4726 et
3574 4685 3784 4726 secun-

351 4757 564 4815 τούτων
620 4761 682 4815 τὸ
728 4764 927 4823 κοινῶς
982 4761 1460 4839 κατηγορούμενον
1513 4763 1668 4838 γένος
1725 4763 1824 4819 οὐκ
1872 4759 2012 4820 ἔστιν

354 4844 504 4921 (οὐδὲ
533 4849 638 4925 γὰρ
669 4848 722 4904 ἐν
753 4853 871 4910 τοῖς
924 4846 1086 4906 εἷ’δεσι
1137 4855 1233 4905 τοῦ
1282 4849 1448 4906 αὐτοῦ
1497 4853 1684 4927 γένους
1732 4855 2014 4930 θεωρεῖται

352 4936 416 4990 τὸ
472 4935 629 5014 φύσει
682 4936 947 5014 πρότερόν
1004 4959 1062 4994 τε
1115 4939 1204 4994 καὶ
1263 4939 1506 5017 ὕστερον)
1543 4985 1556 4999 .
1620 4943 1706 4998 Ἐν
1784 4940 1843 4998 δὲ
1897 4948 2014 5006 ταῖς

356 5026 714 5104 κατηγορίαις
792 5029 1074 5102 θεωρεῖται
1132 5028 1261 5084 αὐτό
1297 5049 1310 5061 ο
1372 5030 1526 5108 φύσει
1601 5032 1704 5108 γὰρ
1779 5034 2017 5109 προτέρα

354 5119 464 5171 τῶν
525 5110 954 5190 συμϐεϐηκότων
1013 5119 1048 5186 ἡ
1102 5116 1257 5173 οὐσία
1297 5117 1459 5176 ἐστί.
1520 5119 1715 5183 Οὐσίας
1771 5123 1873 5199 γὰρ
1937 5124 2014 5195 μὴ

357 5200 550 5274 οὔσης,
581 5203 634 5259 ἐν
665 5204 771 5260 τίνι
827 5203 994 5282 σχοίη
1030 5204 1088 5261 ἂν
1137 5208 1236 5277 τὴν
1272 5206 1494 5286 ὕπαρξιν
1527 5209 1589 5264 τὸ
1622 5205 1972 5284 συμϐεϐηκός
2001 5231 2014 5282 ;

352 5287 785 5369 Συμϐεϐηκότος
842 5292 901 5350 δὲ
960 5296 1037 5369 μὴ
1093 5291 1279 5370 ὄντος,
1343 5295 1487 5353 ἔσται
1543 5298 1718 5354 οὐσία.
1780 5305 2018 5378 Πρᾶγμα

346 5383 449 5460 γάρ
503 5381 643 5438 ἐστιν
705 5383 1082 5461 αύθύπαρκτον
1137 5385 1270 5457 αὕτη
1303 5432 1318 5458 ,
1383 5388 1459 5461 μὴ
1523 5385 1777 5462 δεόμενον
1834 5388 2017 5467 ἐτέρου

347 5472 484 5549 πρὸς
542 5473 794 5529 σύστασιν
833 5516 846 5529 .
905 5476 1066 5531 Ὥστε
1121 5477 1156 5546 ἡ
1217 5475 1373 5531 οὐσία
1427 5483 1736 5554 συναναιρεῖ
1808 5479 1896 5534 καὶ
1954 5480 2016 5535 ού

347 5567 796 5638 συναναιρεῖται,
845 5565 937 5620 καὶ
989 5565 1388 5646 συνεισφέρεται
1443 5566 1534 5620 καὶ
1593 5566 1657 5622 ού
1715 5568 1962 5646 συνεισφέ
1992 5601 2015 5613 -

349 5669 429 5726 ρει
463 5696 475 5709 .
537 5652 712 5707 Ὅπου
771 5651 875 5729 γὰρ
930 5647 1278 5727 συμϐεϐηκὸς
1310 5700 1324 5726 ,
1396 5654 1700 5730 ἀναγκαίως
1759 5655 1871 5712 ἐκεῖ
1926 5651 2017 5713 καὶ

349 5739 507 5797 ούσία
563 5739 614 5797 ἐν
666 5743 705 5817 ᾗ
755 5740 868 5798 ἐστι
917 5743 1023 5818 (τὸ)
1075 5737 1444 5818 συμϐεϐηκός.
1497 5743 1569 5798 Ού
1621 5746 1729 5819 μὴν
1783 5740 1909 5801 ἔνθα
1959 5768 2020 5825 γε

2130 4763 2365 4819 darium
2397 4767 2628 4830 natura,
2661 4763 2784 4819 haec
2814 4779 3000 4836 genus
3032 4762 3187 4833 quod
3227 4763 3301 4817 de
3331 4760 3477 4831 ipsis
3516 4775 3781 4816 commu-

2127 4851 2279 4909 niter
2333 4852 2700 4924 praedicetur,
2745 4853 2899 4908 188
2961 4868 3076 4907 non
3136 4851 3357 4906 habent
3386 4851 3600 4921 (neque
3627 4848 3786 4904 enim

2126 4941 2188 4996 in
2241 4941 2548 5014 speciebus
2596 4942 2864 5011 ejusdem
2913 4939 3144 5013 generis
3184 4938 3348 5012 prius
3395 4943 3452 4993 et
3493 4938 3784 5010 posterius

2131 5029 2536 5103 conspicitur).
2593 5031 2770 5103 Atqui
2823 5030 2885 5085 in
2942 5028 3411 5102 praedicamentis
3463 5027 3525 5083 id
3583 5027 3782 5100 ipsum

2127 5119 2654 5188 animadvertitur;
2709 5120 2927 5176 etenim
2994 5118 3328 5174 substantia
3380 5116 3783 5174 accidentibus

2125 5215 2339 5266 natura
2369 5209 2527 5280 prior
2554 5209 2796 5266 est.Nisi
2826 5209 2982 5265 enim
3013 5207 3348 5264 substantia
3379 5205 3782 5263 accidentibus

2128 5323 2388 5381 quonam
2438 5305 2708 5363 accidens
2756 5323 2924 5362 suam
2972 5305 3341 5362 existentiam
3391 5303 3676 5360 haberet?
3707 5302 3782 5360 Ut

2128 5401 2326 5452 autem
2357 5395 2531 5454 etiam
2562 5397 2830 5451 accidens
2863 5411 2978 5451 non
3012 5395 3108 5465 sit,
3141 5394 3475 5450 substantia
3521 5393 3651 5449 erit.
3683 5396 3778 5448 Et-

2127 5484 2283 5542 enim
2314 5485 2435 5540 haac
2465 5502 2556 5540 res
2586 5489 2678 5540 est
2707 5502 2810 5557 per
2856 5501 2920 5540 se
2963 5484 3250 5540 exsistens
3281 5484 3353 5539 ad
3403 5481 3779 5538 constitutio-

2127 5592 2262 5630 nem
2281 5574 2397 5630 alia
2414 5591 2530 5630 non
2551 5573 2843 5647 indigens.
2860 5574 3227 5646 Quapropter
3247 5571 3579 5628 substantia
3599 5570 3777 5627 simul

2125 5664 2297 5734 tollit,
2331 5679 2437 5718 nec
2469 5663 2647 5719 simul
2676 5661 2938 5731 tollitur;
2972 5668 3028 5718 et
3057 5661 3234 5718 simul
3266 5662 3533 5733 intertur,
3565 5675 3672 5715 nec
3705 5658 3778 5715 si-

2131 5752 2255 5810 mul
2283 5753 2482 5810 infert.
2514 5752 2621 5810 Ubi
2666 5751 2825 5810 enim
2855 5751 3125 5810 accidens
3176 5756 3266 5810 est
3309 5751 3392 5807 ibi
3442 5748 3774 5807 necessario
