  <div class='ocr_page' id='page_1' title='image "/cluster/home/n/w/nwhite01/storage/ocr_20150623/142/coo.31924054870476/408.png"; bbox 0 0 4126 6432; ppageno 0'>
   <div class='ocr_carea' id='block_1_1' title="bbox 278 357 3740 442">
    <p class='ocr_par' dir='ltr' id='par_1_1' title="bbox 278 357 3740 442">
     <span class='ocr_line' id='line_1_1' title="bbox 278 357 3740 442; baseline 0.007 -25"><span class='ocrx_word' id='word_1_1' title='bbox 278 357 280 360; x_wconf 72' lang='grc'><em>’</em></span> <span class='ocrx_word' id='word_1_2' title='bbox 321 357 434 423; x_wconf 83' lang='lat'><strong>801</strong></span> <span class='ocrx_word' id='word_1_3' title='bbox 1687 360 2033 424; x_wconf 85' lang='lat' dir='ltr'>EPITOME</span> <span class='ocrx_word' id='word_1_4' title='bbox 2079 363 2358 426; x_wconf 86' lang='lat' dir='ltr'>LOGICA</span> <span class='ocrx_word' id='word_1_5' title='bbox 2374 411 2388 427; x_wconf 93' lang='lat'><strong>.</strong></span> <span class='ocrx_word' id='word_1_6' title='bbox 3622 381 3740 442; x_wconf 76' lang='lat'>802</span> 
     </span>
    </p>
   </div>
   <div class='ocr_carea' id='block_1_2' title="bbox 321 485 2030 586">
    <p class='ocr_par' dir='ltr' id='par_1_2' title="bbox 321 485 2030 566">
     <span class='ocr_line' id='line_1_2' title="bbox 321 485 2030 566; baseline 0.002 -22"><span class='ocrx_word' id='word_1_7' title='bbox 321 488 641 566; x_wconf 85' lang='grc' dir='ltr'>ψιμμίθιον,</span> <span class='ocrx_word' id='word_1_8' title='bbox 673 488 762 544; x_wconf 82' lang='grc' dir='ltr'>καὶ</span> <span class='ocrx_word' id='word_1_9' title='bbox 792 488 829 558; x_wconf 76' lang='grc' dir='ltr'>ἡ</span> <span class='ocrx_word' id='word_1_10' title='bbox 857 485 1070 552; x_wconf 87' lang='grc' dir='ltr'>τίτανος</span> <span class='ocrx_word' id='word_1_11' title='bbox 1116 486 1206 543; x_wconf 83' lang='grc' dir='ltr'>καὶ</span> <span class='ocrx_word' id='word_1_12' title='bbox 1237 489 1272 559; x_wconf 80' lang='grc' dir='ltr'>ἠ</span> <span class='ocrx_word' id='word_1_13' title='bbox 1304 489 1444 565; x_wconf 86' lang='grc' dir='ltr'>χιὼν</span> <span class='ocrx_word' id='word_1_14' title='bbox 1500 489 1665 547; x_wconf 76' lang='grc' dir='ltr'>λευκὰ</span> <span class='ocrx_word' id='word_1_15' title='bbox 1701 493 1796 565; x_wconf 74' lang='grc' dir='ltr'>μὲν</span> <span class='ocrx_word' id='word_1_16' title='bbox 1855 493 1976 548; x_wconf 82' lang='grc' dir='ltr'>εἰσι·</span> <span class='ocrx_word' id='word_1_17' title='bbox 2009 501 2030 565; x_wconf 61' lang='grc' dir='ltr'><em>Α</em></span> 
     </span>
    </p>
   </div>
   <div class='ocr_carea' id='block_1_3' title="bbox 2152 485 3742 586">
    <p class='ocr_par' dir='ltr' id='par_1_3' title="bbox 2152 499 3742 586">
     <span class='ocr_line' id='line_1_3' title="bbox 2152 499 3742 586; baseline 0.011 -33"><span class='ocrx_word' id='word_1_18' title='bbox 2152 501 2252 554; x_wconf 87' lang='lat' dir='ltr'>mt.</span> <span class='ocrx_word' id='word_1_19' title='bbox 2289 499 2517 556; x_wconf 83' lang='lat' dir='ltr'>Rursus</span> <span class='ocrx_word' id='word_1_20' title='bbox 2544 501 2615 557; x_wconf 92' lang='lat' dir='ltr'>de</span> <span class='ocrx_word' id='word_1_21' title='bbox 2635 501 2873 560; x_wconf 83' lang='lat' dir='ltr'><strong>homine</strong></span> <span class='ocrx_word' id='word_1_22' title='bbox 2887 504 3108 562; x_wconf 81' lang='lat' dir='ltr'>animal</span> <span class='ocrx_word' id='word_1_23' title='bbox 3138 509 3742 586; x_wconf 68' lang='lat' dir='ltr'>essentialiterpraadi-</span> 
     </span>
    </p>
   </div>
   <div class='ocr_carea' id='block_1_4' title="bbox 323 575 2030 673">
    <p class='ocr_par' dir='ltr' id='par_1_4' title="bbox 323 575 1982 659">
     <span class='ocr_line' id='line_1_4' title="bbox 323 575 1982 659; baseline 0.004 -25"><span class='ocrx_word' id='word_1_24' title='bbox 323 579 600 658; x_wconf 88' lang='grc' dir='ltr'>χρώματα</span> <span class='ocrx_word' id='word_1_25' title='bbox 647 575 706 635; x_wconf 73' lang='grc' dir='ltr'>δὲ</span> <span class='ocrx_word' id='word_1_26' title='bbox 735 577 835 634; x_wconf 84' lang='grc' dir='ltr'>οὐκ</span> <span class='ocrx_word' id='word_1_27' title='bbox 880 577 1002 634; x_wconf 80' lang='grc' dir='ltr'>εἰσί.</span> <span class='ocrx_word' id='word_1_28' title='bbox 1052 577 1223 634; x_wconf 85' lang='grc' dir='ltr'>Πάλιν</span> <span class='ocrx_word' id='word_1_29' title='bbox 1269 583 1367 634; x_wconf 89' lang='lat'>106</span> <span class='ocrx_word' id='word_1_30' title='bbox 1418 579 1706 656; x_wconf 90' lang='grc' dir='ltr'>ἀνθρώπου</span> <span class='ocrx_word' id='word_1_31' title='bbox 1749 604 1982 659; x_wconf 88' lang='grc' dir='ltr'>κατηγο-</span> 
     </span>
    </p>
   </div>
   <div class='ocr_carea' id='block_1_5' title="bbox 2152 575 3738 673">
    <p class='ocr_par' dir='ltr' id='par_1_5' title="bbox 2152 575 3738 673">
     <span class='ocr_line' id='line_1_5' title="bbox 2152 575 3738 673; baseline 0.012 -32"><span class='ocrx_word' id='word_1_32' title='bbox 2152 592 2294 656; x_wconf 68' lang='grc' dir='ltr'>ιίυι·;</span> <span class='ocrx_word' id='word_1_33' title='bbox 2331 589 2401 644; x_wconf 90' lang='lat' dir='ltr'>de</span> <span class='ocrx_word' id='word_1_34' title='bbox 2422 589 2660 645; x_wconf 77' lang='lat' dir='ltr'>animali</span> <span class='ocrx_word' id='word_1_35' title='bbox 2677 597 2872 648; x_wconf 88' lang='lat' dir='ltr'>autem</span> <span class='ocrx_word' id='word_1_36' title='bbox 2891 594 3259 668; x_wconf 83' lang='lat' dir='ltr'>trisyllabum</span> <span class='ocrx_word' id='word_1_37' title='bbox 3281 575 3738 673; x_wconf 67' lang='lat' dir='ltr'>accidentaliter;</span> 
     </span>
    </p>
   </div>
   <div class='ocr_carea' id='block_1_6' title="bbox 329 664 2030 763">
    <p class='ocr_par' dir='ltr' id='par_1_6' title="bbox 329 664 1980 746">
     <span class='ocr_line' id='line_1_6' title="bbox 329 664 1980 746; baseline 0.003 -22"><span class='ocrx_word' id='word_1_38' title='bbox 329 674 500 746; x_wconf 84' lang='grc' dir='ltr'>ρεῖται</span> <span class='ocrx_word' id='word_1_39' title='bbox 530 669 594 723; x_wconf 88' lang='grc' dir='ltr'>τὸ</span> <span class='ocrx_word' id='word_1_40' title='bbox 629 672 766 738; x_wconf 86' lang='grc' dir='ltr'>ζῶον</span> <span class='ocrx_word' id='word_1_41' title='bbox 795 664 1096 730; x_wconf 87' lang='grc' dir='ltr'>οὐσιωδῶς·</span> <span class='ocrx_word' id='word_1_42' title='bbox 1130 672 1226 722; x_wconf 91' lang='lat'>106</span> <span class='ocrx_word' id='word_1_43' title='bbox 1271 665 1330 723; x_wconf 74' lang='grc' dir='ltr'>δὲ</span> <span class='ocrx_word' id='word_1_44' title='bbox 1379 671 1520 738; x_wconf 82' lang='grc' dir='ltr'>ζώου</span> <span class='ocrx_word' id='word_1_45' title='bbox 1556 671 1618 726; x_wconf 88' lang='grc' dir='ltr'>τὸ</span> <span class='ocrx_word' id='word_1_46' title='bbox 1649 669 1980 728; x_wconf 80' lang='grc' dir='ltr'>δισύλλαϐον</span> 
     </span>
    </p>
   </div>
   <div class='ocr_carea' id='block_1_7' title="bbox 2152 664 3740 763">
    <p class='ocr_par' dir='ltr' id='par_1_7' title="bbox 2152 664 3740 763">
     <span class='ocr_line' id='line_1_7' title="bbox 2152 664 3740 763; baseline 0.011 -31"><span class='ocrx_word' id='word_1_47' title='bbox 2152 693 2262 732; x_wconf 80' lang='lat' dir='ltr'>)mo</span> <span class='ocrx_word' id='word_1_48' title='bbox 2274 678 2430 733; x_wconf 91' lang='lat' dir='ltr'>enim</span> <span class='ocrx_word' id='word_1_49' title='bbox 2445 680 2730 736; x_wconf 91' lang='lat' dir='ltr'>etanimal</span> <span class='ocrx_word' id='word_1_50' title='bbox 2743 683 2851 737; x_wconf 87' lang='lat' dir='ltr'>sub</span> <span class='ocrx_word' id='word_1_51' title='bbox 2867 664 3740 763; x_wconf 74' lang='lat' dir='ltr'>substantiasuntztrisyllabum</span> 
     </span>
    </p>
   </div>
   <div class='ocr_carea' id='block_1_8' title="bbox 326 754 2030 846">
    <p class='ocr_par' dir='ltr' id='par_1_8' title="bbox 326 754 1982 846">
     <span class='ocr_line' id='line_1_8' title="bbox 326 754 1982 846; baseline 0.001 -30"><span class='ocrx_word' id='word_1_52' title='bbox 326 754 721 819; x_wconf 74' lang='grc' dir='ltr'>ἐπουσιωδῶς·</span> <span class='ocrx_word' id='word_1_53' title='bbox 783 758 811 810; x_wconf 99' lang='lat'>6</span> <span class='ocrx_word' id='word_1_54' title='bbox 870 756 962 830; x_wconf 74' lang='grc' dir='ltr'>μὲν</span> <span class='ocrx_word' id='word_1_55' title='bbox 1182 755 1498 846; x_wconf 69' lang='grc' dir='ltr'>ᾅνθρωπΟς,</span> <span class='ocrx_word' id='word_1_56' title='bbox 1555 761 1646 815; x_wconf 65' lang='lat' dir='ltr'>xui</span> <span class='ocrx_word' id='word_1_57' title='bbox 1699 761 1762 816; x_wconf 86' lang='lat'>16</span> <span class='ocrx_word' id='word_1_58' title='bbox 1822 766 1982 832; x_wconf 86' lang='grc' dir='ltr'>ζῶον,</span> 
     </span>
    </p>
   </div>
   <div class='ocr_carea' id='block_1_9' title="bbox 2152 754 3744 846">
    <p class='ocr_par' dir='ltr' id='par_1_9' title="bbox 2152 754 3744 846">
     <span class='ocr_line' id='line_1_9' title="bbox 2152 754 3744 846; baseline 0.013 -27"><span class='ocrx_word' id='word_1_59' title='bbox 2152 770 2289 820; x_wconf 74' lang='lat' dir='ltr'>item</span> <span class='ocrx_word' id='word_1_60' title='bbox 2323 767 2432 822; x_wconf 86' lang='lat' dir='ltr'>sub</span> <span class='ocrx_word' id='word_1_61' title='bbox 2463 773 2681 839; x_wconf 90' lang='lat' dir='ltr'>quanto</span> <span class='ocrx_word' id='word_1_62' title='bbox 2709 774 2815 825; x_wconf 91' lang='lat' dir='ltr'>est.</span> <span class='ocrx_word' id='word_1_63' title='bbox 2849 771 2972 826; x_wconf 87' lang='lat' dir='ltr'>Non</span> <span class='ocrx_word' id='word_1_64' title='bbox 3006 774 3184 846; x_wconf 84' lang='lat' dir='ltr'>igitur</span> <span class='ocrx_word' id='word_1_65' title='bbox 3199 776 3374 832; x_wconf 88' lang='lat' dir='ltr'>etiam</span> <span class='ocrx_word' id='word_1_66' title='bbox 3406 754 3744 839; x_wconf 36' lang='lat' dir='ltr'>devbomine</span> 
     </span>
    </p>
   </div>
   <div class='ocr_carea' id='block_1_10' title="bbox 326 843 2030 928">
    <p class='ocr_par' dir='ltr' id='par_1_10' title="bbox 326 843 1982 916">
     <span class='ocr_line' id='line_1_10' title="bbox 326 843 1982 916; baseline 0.002 -12"><span class='ocrx_word' id='word_1_67' title='bbox 326 847 432 904; x_wconf 86' lang='grc' dir='ltr'>ὐπὸ</span> <span class='ocrx_word' id='word_1_68' title='bbox 462 847 562 916; x_wconf 83' lang='grc' dir='ltr'>τὴν</span> <span class='ocrx_word' id='word_1_69' title='bbox 596 844 781 902; x_wconf 90' lang='grc' dir='ltr'>οὐσίαν</span> <span class='ocrx_word' id='word_1_70' title='bbox 815 845 935 900; x_wconf 83' lang='grc' dir='ltr'>εἰσί·</span> <span class='ocrx_word' id='word_1_71' title='bbox 967 847 1029 901; x_wconf 87' lang='grc' dir='ltr'>τὸ</span> <span class='ocrx_word' id='word_1_72' title='bbox 1081 843 1139 900; x_wconf 75' lang='grc' dir='ltr'>δὲ</span> <span class='ocrx_word' id='word_1_73' title='bbox 1187 843 1518 902; x_wconf 77' lang='grc' dir='ltr'>δισύλλαϐον</span> <span class='ocrx_word' id='word_1_74' title='bbox 1553 849 1658 904; x_wconf 83' lang='grc' dir='ltr'>ὑπὸ</span> <span class='ocrx_word' id='word_1_75' title='bbox 1702 851 1766 905; x_wconf 88' lang='grc' dir='ltr'>τὸ</span> <span class='ocrx_word' id='word_1_76' title='bbox 1793 851 1982 909; x_wconf 78' lang='grc' dir='ltr'>ποσόν.</span> 
     </span>
    </p>
   </div>
   <div class='ocr_carea' id='block_1_11' title="bbox 2152 843 3744 928">
    <p class='ocr_par' dir='ltr' id='par_1_11' title="bbox 2152 843 3744 928">
     <span class='ocr_line' id='line_1_11' title="bbox 2152 843 3744 928; baseline 0.011 -20"><span class='ocrx_word' id='word_1_77' title='bbox 2152 854 2461 926; x_wconf 81' lang='lat' dir='ltr'>isyllabum</span> <span class='ocrx_word' id='word_1_78' title='bbox 2507 857 2964 928; x_wconf 65' lang='lat' dir='ltr'>praedicabitur;</span> <span class='ocrx_word' id='word_1_79' title='bbox 3014 843 3228 919; x_wconf 71' lang='lat' dir='ltr'>etenim</span> <span class='ocrx_word' id='word_1_80' title='bbox 3288 865 3463 922; x_wconf 89' lang='lat' dir='ltr'>homo</span> <span class='ocrx_word' id='word_1_81' title='bbox 3525 871 3744 926; x_wconf 82' lang='lat' dir='ltr'><strong>animal</strong></span> 
     </span>
    </p>
   </div>
   <div class='ocr_carea' id='block_1_12' title="bbox 327 931 2030 1023">
    <p class='ocr_par' dir='ltr' id='par_1_12' title="bbox 327 931 1987 1015">
     <span class='ocr_line' id='line_1_12' title="bbox 327 931 1987 1015; baseline 0.002 -22"><span class='ocrx_word' id='word_1_82' title='bbox 327 936 402 992; x_wconf 88' lang='grc' dir='ltr'>Οὐ</span> <span class='ocrx_word' id='word_1_83' title='bbox 430 931 613 992; x_wconf 79' lang='grc' dir='ltr'>τοίνυν</span> <span class='ocrx_word' id='word_1_84' title='bbox 659 935 752 990; x_wconf 78' lang='grc' dir='ltr'>καὶ</span> <span class='ocrx_word' id='word_1_85' title='bbox 796 939 895 989; x_wconf 90' lang='lat'>106</span> <span class='ocrx_word' id='word_1_86' title='bbox 943 935 1231 1011; x_wconf 90' lang='grc' dir='ltr'>ἀνθρώπου</span> <span class='ocrx_word' id='word_1_87' title='bbox 1258 937 1320 990; x_wconf 85' lang='grc' dir='ltr'>τὸ</span> <span class='ocrx_word' id='word_1_88' title='bbox 1372 933 1702 993; x_wconf 76' lang='grc' dir='ltr'>δισύλλαϐον</span> <span class='ocrx_word' id='word_1_89' title='bbox 1753 960 1987 1015; x_wconf 88' lang='grc' dir='ltr'>κατηγο-</span> 
     </span>
    </p>
   </div>
   <div class='ocr_carea' id='block_1_13' title="bbox 2152 931 3745 1023">
    <p class='ocr_par' dir='ltr' id='par_1_13' title="bbox 2152 942 3745 1023">
     <span class='ocr_line' id='line_1_13' title="bbox 2152 942 3745 1023; baseline 0.012 -26"><span class='ocrx_word' id='word_1_90' title='bbox 2152 942 2335 999; x_wconf 69' lang='lat' dir='ltr'>iidem</span> <span class='ocrx_word' id='word_1_91' title='bbox 2385 949 2494 1010; x_wconf 89' lang='lat' dir='ltr'>est,</span> <span class='ocrx_word' id='word_1_92' title='bbox 2528 947 2628 1000; x_wconf 91' lang='lat' dir='ltr'>sed</span> <span class='ocrx_word' id='word_1_93' title='bbox 2680 964 2794 1002; x_wconf 92' lang='lat' dir='ltr'>non</span> <span class='ocrx_word' id='word_1_94' title='bbox 2842 953 2932 1004; x_wconf 88' lang='lat' dir='ltr'>est</span> <span class='ocrx_word' id='word_1_95' title='bbox 2980 950 3370 1023; x_wconf 80' lang='lat' dir='ltr'>trisyllabum.</span> <span class='ocrx_word' id='word_1_96' title='bbox 3408 957 3622 1014; x_wconf 86' lang='lat' dir='ltr'>Iterum</span> <span class='ocrx_word' id='word_1_97' title='bbox 3672 960 3745 1016; x_wconf 87' lang='lat' dir='ltr'>de</span> 
     </span>
    </p>
   </div>
   <div class='ocr_carea' id='block_1_14' title="bbox 327 1023 2030 1115">
    <p class='ocr_par' dir='ltr' id='par_1_14' title="bbox 327 1023 1982 1115">
     <span class='ocr_line' id='line_1_14' title="bbox 327 1023 1982 1115; baseline 0.002 -35"><span class='ocrx_word' id='word_1_98' title='bbox 327 1026 662 1115; x_wconf 71' lang='grc' dir='ltr'>ρηθήσεταιο</span> <span class='ocrx_word' id='word_1_99' title='bbox 723 1023 816 1079; x_wconf 83' lang='grc' dir='ltr'>καὶ</span> <span class='ocrx_word' id='word_1_100' title='bbox 875 1023 980 1115; x_wconf 80' lang='grc' dir='ltr'>γὰρ</span> <span class='ocrx_word' id='word_1_101' title='bbox 1040 1024 1069 1078; x_wconf 90' lang='lat'>6</span> <span class='ocrx_word' id='word_1_102' title='bbox 1125 1025 1406 1099; x_wconf 83' lang='grc' dir='ltr'>ἄνθρωπος</span> <span class='ocrx_word' id='word_1_103' title='bbox 1466 1029 1602 1095; x_wconf 87' lang='grc' dir='ltr'>ζῶον</span> <span class='ocrx_word' id='word_1_104' title='bbox 1668 1029 1760 1101; x_wconf 86' lang='grc' dir='ltr'>μέν</span> <span class='ocrx_word' id='word_1_105' title='bbox 1823 1027 1934 1084; x_wconf 80' lang='grc' dir='ltr'>ἐστι</span> <span class='ocrx_word' id='word_1_106' title='bbox 1969 1076 1982 1101; x_wconf 84' lang='grc'>,</span> 
     </span>
    </p>
   </div>
   <div class='ocr_carea' id='block_1_15' title="bbox 2152 1023 3747 1115">
    <p class='ocr_par' dir='ltr' id='par_1_15' title="bbox 2152 1033 3747 1115">
     <span class='ocr_line' id='line_1_15' title="bbox 2152 1033 3747 1115; baseline 0.012 -29"><span class='ocrx_word' id='word_1_107' title='bbox 2152 1037 2332 1087; x_wconf 78' lang='lat' dir='ltr'>)crate</span> <span class='ocrx_word' id='word_1_108' title='bbox 2364 1033 2798 1090; x_wconf 84' lang='lat' dir='ltr'>accidentaliter</span> <span class='ocrx_word' id='word_1_109' title='bbox 2819 1037 3034 1094; x_wconf 90' lang='lat' dir='ltr'>dicitur</span> <span class='ocrx_word' id='word_1_110' title='bbox 3055 1041 3475 1115; x_wconf 78' lang='lat' dir='ltr'>philosophum</span> <span class='ocrx_word' id='word_1_111' title='bbox 3500 1063 3514 1115; x_wconf 90' lang='lat'><strong>;</strong></span> <span class='ocrx_word' id='word_1_112' title='bbox 3549 1048 3649 1102; x_wconf 87' lang='lat' dir='ltr'>sed</span> <span class='ocrx_word' id='word_1_113' title='bbox 3674 1049 3747 1106; x_wconf 92' lang='lat' dir='ltr'>de</span> 
     </span>
    </p>
   </div>
   <div class='ocr_carea' id='block_1_16' title="bbox 326 1108 2030 1196">
    <p class='ocr_par' dir='ltr' id='par_1_16' title="bbox 326 1108 1986 1194">
     <span class='ocr_line' id='line_1_16' title="bbox 326 1108 1986 1194; baseline 0.002 -25"><span class='ocrx_word' id='word_1_114' title='bbox 326 1108 660 1170; x_wconf 75' lang='grc' dir='ltr'>δισύλλαϐον</span> <span class='ocrx_word' id='word_1_115' title='bbox 696 1110 754 1168; x_wconf 78' lang='grc' dir='ltr'>δὲ</span> <span class='ocrx_word' id='word_1_116' title='bbox 801 1112 901 1168; x_wconf 91' lang='grc' dir='ltr'>οὐκ</span> <span class='ocrx_word' id='word_1_117' title='bbox 948 1109 1083 1170; x_wconf 81' lang='grc' dir='ltr'>ἔστι.</span> <span class='ocrx_word' id='word_1_118' title='bbox 1133 1112 1306 1169; x_wconf 88' lang='grc' dir='ltr'>Πάλιν</span> <span class='ocrx_word' id='word_1_119' title='bbox 1351 1115 1488 1169; x_wconf 81' lang='grc' dir='ltr'>κατά</span> <span class='ocrx_word' id='word_1_120' title='bbox 1533 1120 1631 1170; x_wconf 90' lang='lat'>106</span> <span class='ocrx_word' id='word_1_121' title='bbox 1663 1117 1986 1194; x_wconf 85' lang='grc' dir='ltr'>Σωκράτους</span> 
     </span>
    </p>
   </div>
   <div class='ocr_carea' id='block_1_17' title="bbox 2152 1108 3746 1196">
    <p class='ocr_par' dir='ltr' id='par_1_17' title="bbox 2152 1108 3746 1196">
     <span class='ocr_line' id='line_1_17' title="bbox 2152 1108 3746 1196; baseline 0.012 -22"><span class='ocrx_word' id='word_1_122' title='bbox 2152 1119 2444 1192; x_wconf 68' lang='lat' dir='ltr'>ailosopbo</span> <span class='ocrx_word' id='word_1_123' title='bbox 2477 1123 2981 1196; x_wconf 85' lang='lat' dir='ltr'>quadrisyllabum</span> <span class='ocrx_word' id='word_1_124' title='bbox 3013 1108 3193 1184; x_wconf 75' lang='lat' dir='ltr'>simili</span> <span class='ocrx_word' id='word_1_125' title='bbox 3225 1108 3448 1189; x_wconf 80' lang='lat' dir='ltr'>ratione</span> <span class='ocrx_word' id='word_1_126' title='bbox 3477 1108 3746 1192; x_wconf 77' lang='lat' dir='ltr'>acciden-</span> 
     </span>
    </p>
   </div>
   <div class='ocr_carea' id='block_1_18' title="bbox 331 1199 2030 1286">
    <p class='ocr_par' dir='ltr' id='par_1_18' title="bbox 331 1199 1988 1286">
     <span class='ocr_line' id='line_1_18' title="bbox 331 1199 1988 1286; baseline 0.001 -26"><span class='ocrx_word' id='word_1_127' title='bbox 331 1199 682 1264; x_wconf 77' lang='grc' dir='ltr'>ἐπουσιωδῶς</span> <span class='ocrx_word' id='word_1_128' title='bbox 734 1200 950 1278; x_wconf 86' lang='grc' dir='ltr'>λέγεται</span> <span class='ocrx_word' id='word_1_129' title='bbox 996 1203 1060 1257; x_wconf 88' lang='grc' dir='ltr'>τὸ</span> <span class='ocrx_word' id='word_1_130' title='bbox 1117 1199 1428 1280; x_wconf 71' lang='grc' dir='ltr'>σιλόσοφον⁸</span> <span class='ocrx_word' id='word_1_131' title='bbox 1473 1206 1610 1260; x_wconf 86' lang='grc' dir='ltr'>κατᾶ</span> <span class='ocrx_word' id='word_1_132' title='bbox 1657 1202 1715 1261; x_wconf 75' lang='grc' dir='ltr'>δὲ</span> <span class='ocrx_word' id='word_1_133' title='bbox 1764 1210 1861 1262; x_wconf 90' lang='lat'>106</span> <span class='ocrx_word' id='word_1_134' title='bbox 1900 1229 1988 1286; x_wconf 79' lang='grc' dir='ltr'>φι-</span> 
     </span>
    </p>
   </div>
   <div class='ocr_carea' id='block_1_19' title="bbox 2152 1199 3750 1286">
    <p class='ocr_par' dir='ltr' id='par_1_19' title="bbox 2152 1208 3750 1283">
     <span class='ocr_line' id='line_1_19' title="bbox 2152 1208 3750 1283; baseline 0.012 -19"><span class='ocrx_word' id='word_1_135' title='bbox 2152 1208 2292 1265; x_wconf 88' lang='lat' dir='ltr'>.liter</span> <span class='ocrx_word' id='word_1_136' title='bbox 2333 1211 2584 1281; x_wconf 91' lang='lat' dir='ltr'>dicitur;</span> <span class='ocrx_word' id='word_1_137' title='bbox 2619 1213 2883 1270; x_wconf 83' lang='lat' dir='ltr'>Socrates</span> <span class='ocrx_word' id='word_1_138' title='bbox 2930 1217 3085 1272; x_wconf 90' lang='lat' dir='ltr'>enim</span> <span class='ocrx_word' id='word_1_139' title='bbox 3117 1221 3228 1274; x_wconf 85' lang='lat' dir='ltr'>sub</span> <span class='ocrx_word' id='word_1_140' title='bbox 3280 1222 3613 1280; x_wconf 82' lang='lat' dir='ltr'>substantia</span> <span class='ocrx_word' id='word_1_141' title='bbox 3645 1243 3658 1282; x_wconf 93' lang='lat'>:</span> <span class='ocrx_word' id='word_1_142' title='bbox 3689 1230 3750 1283; x_wconf 91' lang='lat' dir='ltr'>at</span> 
     </span>
    </p>
   </div>
   <div class='ocr_carea' id='block_1_20' title="bbox 330 1288 2030 1383">
    <p class='ocr_par' dir='ltr' id='par_1_20' title="bbox 330 1288 1989 1383">
     <span class='ocr_line' id='line_1_20' title="bbox 330 1288 1989 1383; baseline 0.002 -34"><span class='ocrx_word' id='word_1_143' title='bbox 330 1291 574 1372; x_wconf 78' lang='grc' dir='ltr'>λοσόφου</span> <span class='ocrx_word' id='word_1_144' title='bbox 635 1291 843 1365; x_wconf 85' lang='grc' dir='ltr'>ὁμοίως</span> <span class='ocrx_word' id='word_1_145' title='bbox 892 1288 1246 1355; x_wconf 80' lang='grc' dir='ltr'>ὲπουσιωδῶς</span> <span class='ocrx_word' id='word_1_146' title='bbox 1299 1293 1364 1347; x_wconf 90' lang='grc' dir='ltr'>τὸ</span> <span class='ocrx_word' id='word_1_147' title='bbox 1419 1291 1856 1383; x_wconf 60' lang='grc' dir='ltr'>τετρασύλλαξον</span> <span class='ocrx_word' id='word_1_148' title='bbox 1886 1315 1898 1328; x_wconf 78' lang='grc'><strong><em>⁸</em></strong></span> <span class='ocrx_word' id='word_1_149' title='bbox 1960 1297 1989 1351; x_wconf 89' lang='lat'>6</span> 
     </span>
    </p>
   </div>
   <div class='ocr_carea' id='block_1_21' title="bbox 2152 1288 3749 1383">
    <p class='ocr_par' dir='ltr' id='par_1_21' title="bbox 2152 1299 3749 1383">
     <span class='ocr_line' id='line_1_21' title="bbox 2152 1299 3749 1383; baseline 0.011 -29"><span class='ocrx_word' id='word_1_150' title='bbox 2152 1299 2513 1372; x_wconf 76' lang='lat' dir='ltr'>niloscpbum</span> <span class='ocrx_word' id='word_1_151' title='bbox 2543 1303 2653 1358; x_wconf 93' lang='lat' dir='ltr'>sub</span> <span class='ocrx_word' id='word_1_152' title='bbox 2685 1304 2842 1374; x_wconf 86' lang='lat' dir='ltr'>quali</span> <span class='ocrx_word' id='word_1_153' title='bbox 2874 1310 2964 1361; x_wconf 89' lang='lat' dir='ltr'>est</span> <span class='ocrx_word' id='word_1_154' title='bbox 2995 1324 3008 1361; x_wconf 88' lang='lat'><strong>:</strong></span> <span class='ocrx_word' id='word_1_155' title='bbox 3043 1310 3548 1383; x_wconf 87' lang='lat' dir='ltr'>quadrisyllabum</span> <span class='ocrx_word' id='word_1_156' title='bbox 3580 1315 3749 1372; x_wconf 90' lang='lat' dir='ltr'>deni-</span> 
     </span>
    </p>
   </div>
   <div class='ocr_carea' id='block_1_22' title="bbox 337 1380 2030 1477">
    <p class='ocr_par' dir='ltr' id='par_1_22' title="bbox 337 1380 1989 1477">
     <span class='ocr_line' id='line_1_22' title="bbox 337 1380 1989 1477; baseline 0.003 -41"><span class='ocrx_word' id='word_1_157' title='bbox 337 1383 430 1457; x_wconf 75' lang='grc' dir='ltr'>μὲν</span> <span class='ocrx_word' id='word_1_158' title='bbox 481 1382 587 1458; x_wconf 83' lang='grc' dir='ltr'>γὰρ</span> <span class='ocrx_word' id='word_1_159' title='bbox 637 1381 937 1457; x_wconf 82' lang='grc' dir='ltr'>Σωκράτης</span> <span class='ocrx_word' id='word_1_160' title='bbox 987 1380 1092 1436; x_wconf 85' lang='lat'>61:6</span> <span class='ocrx_word' id='word_1_161' title='bbox 1137 1381 1236 1477; x_wconf 60' lang='grc' dir='ltr'>την</span> <span class='ocrx_word' id='word_1_162' title='bbox 1284 1380 1468 1437; x_wconf 91' lang='grc' dir='ltr'>οὐσίαν</span> <span class='ocrx_word' id='word_1_163' title='bbox 1501 1382 1726 1477; x_wconf 34' lang='grc' dir='ltr'>ἐιστὶζτὸ</span> <span class='ocrx_word' id='word_1_164' title='bbox 1772 1381 1830 1439; x_wconf 77' lang='grc' dir='ltr'>δὲ</span> <span class='ocrx_word' id='word_1_165' title='bbox 1861 1384 1989 1463; x_wconf 82' lang='grc' dir='ltr'>φιλό</span> 
     </span>
    </p>
   </div>
   <div class='ocr_carea' id='block_1_23' title="bbox 2152 1380 3750 1477">
    <p class='ocr_par' dir='ltr' id='par_1_23' title="bbox 2152 1380 3750 1477">
     <span class='ocr_line' id='line_1_23' title="bbox 2152 1380 3750 1477; baseline 0.011 -34"><span class='ocrx_word' id='word_1_166' title='bbox 2152 1405 2216 1444; x_wconf 88' lang='lat' dir='ltr'>ue</span> <span class='ocrx_word' id='word_1_167' title='bbox 2245 1389 2355 1444; x_wconf 90' lang='lat' dir='ltr'>sub</span> <span class='ocrx_word' id='word_1_168' title='bbox 2405 1396 2644 1462; x_wconf 89' lang='lat' dir='ltr'>quanto.</span> <span class='ocrx_word' id='word_1_169' title='bbox 2678 1393 2788 1448; x_wconf 87' lang='lat' dir='ltr'>Sed</span> <span class='ocrx_word' id='word_1_170' title='bbox 2821 1411 2936 1450; x_wconf 92' lang='lat' dir='ltr'>non</span> <span class='ocrx_word' id='word_1_171' title='bbox 2985 1396 3161 1452; x_wconf 88' lang='lat' dir='ltr'>etiam</span> <span class='ocrx_word' id='word_1_172' title='bbox 3213 1380 3308 1454; x_wconf 39' lang='lat' dir='ltr'>de&#39;</span> <span class='ocrx_word' id='word_1_173' title='bbox 3328 1401 3561 1458; x_wconf 90' lang='lat' dir='ltr'>Socrate</span> <span class='ocrx_word' id='word_1_174' title='bbox 3605 1421 3750 1477; x_wconf 88' lang='lat' dir='ltr'>qua-</span> 
     </span>
    </p>
   </div>
   <div class='ocr_carea' id='block_1_24' title="bbox 335 1465 2030 1560">
    <p class='ocr_par' dir='ltr' id='par_1_24' title="bbox 335 1465 1991 1549">
     <span class='ocr_line' id='line_1_24' title="bbox 335 1465 1991 1549; baseline 0.001 -23"><span class='ocrx_word' id='word_1_175' title='bbox 335 1490 499 1549; x_wconf 78' lang='grc' dir='ltr'>σοφον</span> <span class='ocrx_word' id='word_1_176' title='bbox 559 1468 663 1524; x_wconf 83' lang='grc' dir='ltr'>ὑπὸ</span> <span class='ocrx_word' id='word_1_177' title='bbox 707 1469 770 1524; x_wconf 87' lang='grc' dir='ltr'>τὸ</span> <span class='ocrx_word' id='word_1_178' title='bbox 826 1467 1004 1524; x_wconf 83' lang='grc' dir='ltr'>ποιόν·</span> <span class='ocrx_word' id='word_1_179' title='bbox 1063 1468 1127 1523; x_wconf 86' lang='grc' dir='ltr'>τὸ</span> <span class='ocrx_word' id='word_1_180' title='bbox 1185 1465 1242 1523; x_wconf 76' lang='grc' dir='ltr'>δὲ</span> <span class='ocrx_word' id='word_1_181' title='bbox 1287 1465 1725 1546; x_wconf 78' lang='grc' dir='ltr'>τετρασύλλαϐον</span> <span class='ocrx_word' id='word_1_182' title='bbox 1779 1473 1882 1528; x_wconf 81' lang='grc' dir='ltr'>ὑπὸ</span> <span class='ocrx_word' id='word_1_183' title='bbox 1928 1475 1991 1528; x_wconf 89' lang='grc' dir='ltr'>τὸ</span> 
     </span>
    </p>
   </div>
   <div class='ocr_carea' id='block_1_25' title="bbox 2152 1465 3750 1560">
    <p class='ocr_par' dir='ltr' id='par_1_25' title="bbox 2152 1465 3750 1560">
     <span class='ocr_line' id='line_1_25' title="bbox 2152 1465 3750 1560; baseline 0.011 -29"><span class='ocrx_word' id='word_1_184' title='bbox 2152 1477 2486 1550; x_wconf 82' lang='lat' dir='ltr'>risyllabum</span> <span class='ocrx_word' id='word_1_185' title='bbox 2537 1479 2784 1536; x_wconf 91' lang='lat' dir='ltr'>dicetur.</span> <span class='ocrx_word' id='word_1_186' title='bbox 2845 1483 3112 1540; x_wconf 86' lang='lat' dir='ltr'>Socrates</span> <span class='ocrx_word' id='word_1_187' title='bbox 3167 1487 3321 1543; x_wconf 88' lang='lat' dir='ltr'>enim</span> <span class='ocrx_word' id='word_1_188' title='bbox 3373 1465 3750 1560; x_wconf 46' lang='lat' dir='ltr'>quidem.est</span> 
     </span>
    </p>
   </div>
   <div class='ocr_carea' id='block_1_26' title="bbox 334 1556 2030 1649">
    <p class='ocr_par' dir='ltr' id='par_1_26' title="bbox 334 1556 1990 1637">
     <span class='ocr_line' id='line_1_26' title="bbox 334 1556 1990 1637; baseline 0.001 -21"><span class='ocrx_word' id='word_1_189' title='bbox 334 1558 523 1616; x_wconf 85' lang='grc' dir='ltr'>ποσόν.</span> <span class='ocrx_word' id='word_1_190' title='bbox 573 1556 735 1614; x_wconf 79' lang='grc' dir='ltr'>Ἀλλ’</span> <span class='ocrx_word' id='word_1_191' title='bbox 783 1557 912 1634; x_wconf 85' lang='grc' dir='ltr'>οὐχὶ</span> <span class='ocrx_word' id='word_1_192' title='bbox 959 1558 1048 1613; x_wconf 87' lang='grc' dir='ltr'>καὶ</span> <span class='ocrx_word' id='word_1_193' title='bbox 1097 1559 1234 1613; x_wconf 87' lang='grc' dir='ltr'>κατᾶ</span> <span class='ocrx_word' id='word_1_194' title='bbox 1277 1563 1374 1614; x_wconf 80' lang='grc' dir='ltr'>τοῦ</span> <span class='ocrx_word' id='word_1_195' title='bbox 1426 1561 1750 1635; x_wconf 80' lang='grc' dir='ltr'>Σωκράτους</span> <span class='ocrx_word' id='word_1_196' title='bbox 1800 1561 1990 1637; x_wconf 80' lang='grc' dir='ltr'>ῥηθείη</span> 
     </span>
    </p>
   </div>
   <div class='ocr_carea' id='block_1_27' title="bbox 2152 1556 3676 1649">
    <p class='ocr_par' dir='ltr' id='par_1_27' title="bbox 2152 1556 3676 1649">
     <span class='ocr_line' id='line_1_27' title="bbox 2152 1556 3676 1649; baseline 0.008 -27"><span class='ocrx_word' id='word_1_197' title='bbox 2152 1566 2510 1640; x_wconf 85' lang='lat' dir='ltr'>bilosopbus,</span> <span class='ocrx_word' id='word_1_198' title='bbox 2543 1570 2643 1624; x_wconf 91' lang='lat' dir='ltr'>sed</span> <span class='ocrx_word' id='word_1_199' title='bbox 2678 1587 2794 1626; x_wconf 90' lang='lat' dir='ltr'>non</span> <span class='ocrx_word' id='word_1_200' title='bbox 2825 1571 3000 1628; x_wconf 88' lang='lat' dir='ltr'>etiam</span> <span class='ocrx_word' id='word_1_201' title='bbox 3033 1556 3535 1649; x_wconf 76' lang='lat' dir='ltr'>quadrisyllabum</span> <span class='ocrx_word' id='word_1_202' title='bbox 3569 1585 3676 1637; x_wconf 90' lang='lat' dir='ltr'>est.</span> 
     </span>
    </p>
   </div>
   <div class='ocr_carea' id='block_1_28' title="bbox 338 1641 3114 1733">
    <p class='ocr_par' dir='ltr' id='par_1_28' title="bbox 338 1641 3114 1733">
     <span class='ocr_line' id='line_1_28' title="bbox 338 1641 3114 1733; baseline 0.004 -28"><span class='ocrx_word' id='word_1_203' title='bbox 338 1648 397 1705; x_wconf 75' lang='grc' dir='ltr'>ἄν</span> <span class='ocrx_word' id='word_1_204' title='bbox 437 1649 501 1704; x_wconf 87' lang='grc' dir='ltr'>τὸ</span> <span class='ocrx_word' id='word_1_205' title='bbox 528 1641 994 1725; x_wconf 77' lang='grc' dir='ltr'>τετρασύλλαϐον,</span> <span class='ocrx_word' id='word_1_206' title='bbox 1023 1646 1337 1726; x_wconf 77' lang='grc' dir='ltr'>Φιλόσοφος</span> <span class='ocrx_word' id='word_1_207' title='bbox 1373 1649 1467 1722; x_wconf 78' lang='grc' dir='ltr'>μὲν</span> <span class='ocrx_word' id='word_1_208' title='bbox 1498 1647 1599 1726; x_wconf 88' lang='grc' dir='ltr'>γάρ</span> <span class='ocrx_word' id='word_1_209' title='bbox 1631 1648 1771 1705; x_wconf 84' lang='grc' dir='ltr'>ἐστιν</span> <span class='ocrx_word' id='word_1_210' title='bbox 1805 1652 1833 1706; x_wconf 88' lang='lat'>6</span> <span class='ocrx_word' id='word_1_211' title='bbox 1865 1653 2184 1728; x_wconf 77' lang='grc' dir='ltr'>Σωκράτης,</span> <span class='ocrx_word' id='word_1_212' title='bbox 2219 1654 2280 1708; x_wconf 85' lang='grc' dir='ltr'>οὐ</span> <span class='ocrx_word' id='word_1_213' title='bbox 2315 1655 2422 1727; x_wconf 75' lang='grc' dir='ltr'>μὴν</span> <span class='ocrx_word' id='word_1_214' title='bbox 2456 1653 2513 1710; x_wconf 79' lang='grc' dir='ltr'>δὲ</span> <span class='ocrx_word' id='word_1_215' title='bbox 2540 1657 2631 1711; x_wconf 88' lang='grc' dir='ltr'>καὶ</span> <span class='ocrx_word' id='word_1_216' title='bbox 2658 1641 3114 1733; x_wconf 75' lang='grc' dir='ltr'>τετρασύλλαϐον.</span> 
     </span>
    </p>
   </div>
   <div class='ocr_carea' id='block_1_29' title="bbox 420 1733 2030 1827">
    <p class='ocr_par' dir='ltr' id='par_1_29' title="bbox 420 1733 1995 1813">
     <span class='ocr_line' id='line_1_29' title="bbox 420 1733 1995 1813; baseline 0.002 -21"><span class='ocrx_word' id='word_1_217' title='bbox 420 1739 507 1796; x_wconf 82' lang='grc' dir='ltr'>ια’.</span> <span class='ocrx_word' id='word_1_218' title='bbox 538 1739 744 1813; x_wconf 78' lang='grc' dir='ltr'>’Ὠσπερ</span> <span class='ocrx_word' id='word_1_219' title='bbox 777 1733 836 1791; x_wconf 75' lang='grc' dir='ltr'>δὲ</span> <span class='ocrx_word' id='word_1_220' title='bbox 864 1737 1096 1792; x_wconf 89' lang='grc' dir='ltr'>πάντοτε</span> <span class='ocrx_word' id='word_1_221' title='bbox 1142 1741 1212 1811; x_wconf 75' lang='grc' dir='ltr'>τῇ</span> <span class='ocrx_word' id='word_1_222' title='bbox 1265 1739 1383 1801; x_wconf 90' lang='grc' dir='ltr'>καθ’</span> <span class='ocrx_word' id='word_1_223' title='bbox 1435 1737 1801 1812; x_wconf 83' lang='grc' dir='ltr'>ὑποκειμένου</span> <span class='ocrx_word' id='word_1_224' title='bbox 1833 1760 1995 1811; x_wconf 87' lang='grc' dir='ltr'>κατη-</span> 
     </span>
    </p>
   </div>
   <div class='ocr_carea' id='block_1_30' title="bbox 2152 1733 3755 1827">
    <p class='ocr_par' dir='ltr' id='par_1_30' title="bbox 2176 1745 3755 1827">
     <span class='ocr_line' id='line_1_30' title="bbox 2176 1745 3755 1827; baseline 0.012 -28"><span class='ocrx_word' id='word_1_225' title='bbox 2176 1745 2263 1801; x_wconf 94' lang='grc'>11.</span> <span class='ocrx_word' id='word_1_226' title='bbox 2325 1748 2830 1812; x_wconf 88' lang='lat' dir='ltr'>Quemadmodum</span> <span class='ocrx_word' id='word_1_227' title='bbox 2892 1751 3047 1807; x_wconf 90' lang='lat' dir='ltr'>enim</span> <span class='ocrx_word' id='word_1_228' title='bbox 3103 1753 3163 1808; x_wconf 92' lang='lat' dir='ltr'>in</span> <span class='ocrx_word' id='word_1_229' title='bbox 3217 1757 3625 1827; x_wconf 62' lang='lat' dir='ltr'>praedicatione</span> <span class='ocrx_word' id='word_1_230' title='bbox 3683 1763 3755 1818; x_wconf 92' lang='lat' dir='ltr'>de</span> 
     </span>
    </p>
   </div>
   <div class='ocr_carea' id='block_1_31' title="bbox 335 1824 2030 1921">
    <p class='ocr_par' dir='ltr' id='par_1_31' title="bbox 335 1824 2030 1919">
     <span class='ocr_line' id='line_1_31' title="bbox 335 1824 2030 1919; baseline 0 -37"><span class='ocrx_word' id='word_1_231' title='bbox 335 1827 499 1904; x_wconf 79' lang='grc' dir='ltr'>γορίᾳ</span> <span class='ocrx_word' id='word_1_232' title='bbox 525 1824 837 1904; x_wconf 78' lang='grc' dir='ltr'>ἐμφαίνεται</span> <span class='ocrx_word' id='word_1_233' title='bbox 871 1825 936 1880; x_wconf 86' lang='grc' dir='ltr'>τὸ</span> <span class='ocrx_word' id='word_1_234' title='bbox 984 1826 1328 1898; x_wconf 82' lang='grc' dir='ltr'>συνώνυμον,</span> <span class='ocrx_word' id='word_1_235' title='bbox 1359 1824 1535 1889; x_wconf 76' lang='grc' dir='ltr'>οὕτως</span> <span class='ocrx_word' id='word_1_236' title='bbox 1579 1831 1650 1901; x_wconf 81' lang='grc' dir='ltr'>τῇ</span> <span class='ocrx_word' id='word_1_237' title='bbox 1684 1825 1736 1882; x_wconf 81' lang='grc' dir='ltr'>ἐν</span> <span class='ocrx_word' id='word_1_238' title='bbox 1771 1829 1993 1883; x_wconf 85' lang='grc' dir='ltr'>ὑποκει-</span> <span class='ocrx_word' id='word_1_239' title='bbox 2025 1856 2030 1919; x_wconf 31' lang='grc' dir='ltr'><strong>ί</strong></span> 
     </span>
    </p>
   </div>
   <div class='ocr_carea' id='block_1_32' title="bbox 2152 1824 3754 1921">
    <p class='ocr_par' dir='ltr' id='par_1_32' title="bbox 2152 1824 3754 1921">
     <span class='ocr_line' id='line_1_32' title="bbox 2152 1824 3754 1921; baseline 0.011 -34"><span class='ocrx_word' id='word_1_240' title='bbox 2152 1834 2370 1904; x_wconf 80' lang='lat' dir='ltr'>ijecto</span> <span class='ocrx_word' id='word_1_241' title='bbox 2402 1836 2714 1892; x_wconf 84' lang='lat' dir='ltr'>univocum</span> <span class='ocrx_word' id='word_1_242' title='bbox 2737 1854 2966 1911; x_wconf 87' lang='lat' dir='ltr'>semper</span> <span class='ocrx_word' id='word_1_243' title='bbox 2993 1824 3382 1914; x_wconf 81' lang='lat' dir='ltr'>conspicitur:</span> <span class='ocrx_word' id='word_1_244' title='bbox 3404 1847 3486 1902; x_wconf 91' lang='lat' dir='ltr'>sic</span> <span class='ocrx_word' id='word_1_245' title='bbox 3516 1847 3577 1903; x_wconf 91' lang='lat' dir='ltr'>in</span> <span class='ocrx_word' id='word_1_246' title='bbox 3608 1866 3754 1921; x_wconf 64' lang='lat' dir='ltr'>pra-</span> 
     </span>
    </p>
   </div>
   <div class='ocr_carea' id='block_1_33' title="bbox 343 1912 2030 2008">
    <p class='ocr_par' dir='ltr' id='par_1_33' title="bbox 343 1912 2030 1990">
     <span class='ocr_line' id='line_1_33' title="bbox 343 1912 2030 1990; baseline 0.001 -19"><span class='ocrx_word' id='word_1_247' title='bbox 343 1915 490 1990; x_wconf 75' lang='grc' dir='ltr'>μένῳ</span> <span class='ocrx_word' id='word_1_248' title='bbox 520 1912 800 1971; x_wconf 76' lang='grc' dir='ltr'>οὐδέποτε·</span> <span class='ocrx_word' id='word_1_249' title='bbox 836 1913 963 1970; x_wconf 83' lang='grc' dir='ltr'>ἀλλ’</span> <span class='ocrx_word' id='word_1_250' title='bbox 992 1913 1083 1969; x_wconf 77' lang='grc' dir='ltr'>ὁτὲ</span> <span class='ocrx_word' id='word_1_251' title='bbox 1139 1914 1233 1988; x_wconf 74' lang='grc' dir='ltr'>μὲν</span> <span class='ocrx_word' id='word_1_252' title='bbox 1273 1915 1335 1969; x_wconf 88' lang='grc' dir='ltr'>τὸ</span> <span class='ocrx_word' id='word_1_253' title='bbox 1383 1915 1702 1990; x_wconf 74' lang='grc' dir='ltr'>ὁμώνυμονο</span> <span class='ocrx_word' id='word_1_254' title='bbox 1745 1915 1820 1979; x_wconf 86' lang='grc' dir='ltr'>ὠς</span> <span class='ocrx_word' id='word_1_255' title='bbox 1872 1912 2030 1972; x_wconf 39' lang='grc' dir='ltr'>ὅταν⁴</span> 
     </span>
    </p>
   </div>
   <div class='ocr_carea' id='block_1_34' title="bbox 2152 1912 3752 2008">
    <p class='ocr_par' dir='ltr' id='par_1_34' title="bbox 2153 1912 3752 2008">
     <span class='ocr_line' id='line_1_34' title="bbox 2153 1912 3752 2008; baseline 0.011 -31"><span class='ocrx_word' id='word_1_256' title='bbox 2153 1923 2400 1978; x_wconf 89' lang='lat' dir='ltr'>icatione</span> <span class='ocrx_word' id='word_1_257' title='bbox 2430 1925 2488 1979; x_wconf 92' lang='lat' dir='ltr'>in</span> <span class='ocrx_word' id='word_1_258' title='bbox 2538 1926 2803 1997; x_wconf 87' lang='lat' dir='ltr'>subjecto</span> <span class='ocrx_word' id='word_1_259' title='bbox 2852 1912 3179 2002; x_wconf 79' lang='lat' dir='ltr'>(nunquam</span> <span class='ocrx_word' id='word_1_260' title='bbox 3232 1912 3752 2008; x_wconf 64' lang='lat' dir='ltr'>deprehenditur);</span> 
     </span>
    </p>
   </div>
   <div class='ocr_carea' id='block_1_35' title="bbox 341 2000 2030 2099">
    <p class='ocr_par' dir='ltr' id='par_1_35' title="bbox 341 2000 2000 2083">
     <span class='ocr_line' id='line_1_35' title="bbox 341 2000 2000 2083; baseline 0 -22"><span class='ocrx_word' id='word_1_261' title='bbox 341 2003 466 2079; x_wconf 80' lang='grc' dir='ltr'>εἷ’πῃ</span> <span class='ocrx_word' id='word_1_262' title='bbox 518 2025 604 2068; x_wconf 89' lang='grc' dir='ltr'>τις</span> <span class='ocrx_word' id='word_1_263' title='bbox 660 2000 826 2076; x_wconf 75' lang='grc' dir='ltr'>τήνδε</span> <span class='ocrx_word' id='word_1_264' title='bbox 877 2004 977 2072; x_wconf 79' lang='grc' dir='ltr'>τὴν</span> <span class='ocrx_word' id='word_1_265' title='bbox 1034 2008 1262 2080; x_wconf 86' lang='grc' dir='ltr'>γυναῖκα</span> <span class='ocrx_word' id='word_1_266' title='bbox 1323 2006 1588 2078; x_wconf 77' lang='grc' dir='ltr'>μουσικὴν</span> <span class='ocrx_word' id='word_1_267' title='bbox 1648 2005 1683 2075; x_wconf 66' lang='grc' dir='ltr'>ἢ</span> <span class='ocrx_word' id='word_1_268' title='bbox 1743 2027 2000 2083; x_wconf 87' lang='grc' dir='ltr'>γραμμα-</span> 
     </span>
    </p>
   </div>
   <div class='ocr_carea' id='block_1_36' title="bbox 2152 2000 3756 2099">
    <p class='ocr_par' dir='ltr' id='par_1_36' title="bbox 2152 2000 3756 2099">
     <span class='ocr_line' id='line_1_36' title="bbox 2152 2000 3756 2099; baseline 0.012 -34"><span class='ocrx_word' id='word_1_269' title='bbox 2152 2012 2212 2067; x_wconf 82' lang='lat' dir='ltr'>sd</span> <span class='ocrx_word' id='word_1_270' title='bbox 2245 2011 2537 2068; x_wconf 89' lang='lat' dir='ltr'>interdum</span> <span class='ocrx_word' id='word_1_271' title='bbox 2573 2015 2811 2086; x_wconf 88' lang='lat' dir='ltr'>quidem</span> <span class='ocrx_word' id='word_1_272' title='bbox 2843 2000 3229 2089; x_wconf 66' lang='lat' dir='ltr'>mquivbcum,</span> <span class='ocrx_word' id='word_1_273' title='bbox 3262 2000 3329 2078; x_wconf 72' lang='lat' dir='ltr'>ut</span> <span class='ocrx_word' id='word_1_274' title='bbox 3377 2041 3509 2080; x_wconf 90' lang='lat' dir='ltr'>cum</span> <span class='ocrx_word' id='word_1_275' title='bbox 3541 2000 3756 2099; x_wconf 80' lang='lat' dir='ltr'>aliquis</span> 
     </span>
    </p>
   </div>
   <div class='ocr_carea' id='block_1_37' title="bbox 340 2089 2030 2180">
    <p class='ocr_par' dir='ltr' id='par_1_37' title="bbox 340 2089 2001 2180">
     <span class='ocr_line' id='line_1_37' title="bbox 340 2089 2001 2180; baseline 0.001 -31"><span class='ocrx_word' id='word_1_276' title='bbox 340 2093 498 2163; x_wconf 79' lang='grc' dir='ltr'>τικήν</span> <span class='ocrx_word' id='word_1_277' title='bbox 535 2113 548 2127; x_wconf 74' lang='grc' dir='ltr'><strong>ο</strong></span> <span class='ocrx_word' id='word_1_278' title='bbox 611 2092 700 2148; x_wconf 80' lang='grc' dir='ltr'>ὁτὲ</span> <span class='ocrx_word' id='word_1_279' title='bbox 757 2089 814 2146; x_wconf 80' lang='grc' dir='ltr'>δὲ</span> <span class='ocrx_word' id='word_1_280' title='bbox 866 2092 931 2147; x_wconf 85' lang='grc' dir='ltr'>τὸ</span> <span class='ocrx_word' id='word_1_281' title='bbox 986 2094 1314 2180; x_wconf 80' lang='grc' dir='ltr'>παρώνυμον</span> <span class='ocrx_word' id='word_1_282' title='bbox 1352 2112 1366 2126; x_wconf 79' lang='grc'><strong>’</strong></span> <span class='ocrx_word' id='word_1_283' title='bbox 1427 2092 1501 2156; x_wconf 90' lang='grc' dir='ltr'>ὠς</span> <span class='ocrx_word' id='word_1_284' title='bbox 1559 2092 1683 2150; x_wconf 90' lang='grc' dir='ltr'>ὅταν</span> <span class='ocrx_word' id='word_1_285' title='bbox 1742 2094 1846 2150; x_wconf 86' lang='grc' dir='ltr'>ἀπὸ</span> <span class='ocrx_word' id='word_1_286' title='bbox 1899 2102 2001 2166; x_wconf 84' lang='grc' dir='ltr'>τῆς</span> 
     </span>
    </p>
   </div>
   <div class='ocr_carea' id='block_1_38' title="bbox 2152 2089 3758 2180">
    <p class='ocr_par' dir='ltr' id='par_1_38' title="bbox 2155 2089 3758 2180">
     <span class='ocr_line' id='line_1_38' title="bbox 2155 2089 3758 2180; baseline 0.012 -26"><span class='ocrx_word' id='word_1_287' title='bbox 2155 2117 2263 2156; x_wconf 89' lang='lat' dir='ltr'>anc</span> <span class='ocrx_word' id='word_1_288' title='bbox 2294 2101 2600 2158; x_wconf 87' lang='lat' dir='ltr'>mulierem</span> <span class='ocrx_word' id='word_1_289' title='bbox 2632 2104 2917 2161; x_wconf 84' lang='lat' dir='ltr'>musicam</span> <span class='ocrx_word' id='word_1_290' title='bbox 2951 2113 3051 2162; x_wconf 88' lang='lat' dir='ltr'>aut</span> <span class='ocrx_word' id='word_1_291' title='bbox 3088 2114 3536 2180; x_wconf 70' lang='lat' dir='ltr'>grammaticam</span> <span class='ocrx_word' id='word_1_292' title='bbox 3568 2089 3713 2173; x_wconf 69' lang='lat' dir='ltr'>di6it</span> <span class='ocrx_word' id='word_1_293' title='bbox 3743 2133 3758 2173; x_wconf 90' lang='lat'><strong>:</strong></span> 
     </span>
    </p>
   </div>
   <div class='ocr_carea' id='block_1_39' title="bbox 346 2179 2030 2275">
    <p class='ocr_par' dir='ltr' id='par_1_39' title="bbox 346 2179 2001 2263">
     <span class='ocr_line' id='line_1_39' title="bbox 346 2179 2001 2263; baseline 0.001 -27"><span class='ocrx_word' id='word_1_294' title='bbox 346 2179 673 2260; x_wconf 74' lang='grc' dir='ltr'>φιλοσοφίας</span> <span class='ocrx_word' id='word_1_295' title='bbox 730 2179 1087 2257; x_wconf 81' lang='grc' dir='ltr'>παρονομάσῃ</span> <span class='ocrx_word' id='word_1_296' title='bbox 1142 2201 1228 2244; x_wconf 88' lang='grc' dir='ltr'>τις</span> <span class='ocrx_word' id='word_1_297' title='bbox 1282 2182 1376 2236; x_wconf 86' lang='grc' dir='ltr'>τὸν</span> <span class='ocrx_word' id='word_1_298' title='bbox 1438 2183 1796 2258; x_wconf 74' lang='grc' dir='ltr'>Ἀριστοτέλη</span> <span class='ocrx_word' id='word_1_299' title='bbox 1843 2183 2001 2263; x_wconf 70' lang='grc' dir='ltr'>φιλό-</span> 
     </span>
    </p>
   </div>
   <div class='ocr_carea' id='block_1_40' title="bbox 2152 2179 3764 2275">
    <p class='ocr_par' dir='ltr' id='par_1_40' title="bbox 2157 2179 3764 2275">
     <span class='ocr_line' id='line_1_40' title="bbox 2157 2179 3764 2275; baseline 0.011 -33"><span class='ocrx_word' id='word_1_300' title='bbox 2157 2205 2536 2261; x_wconf 89' lang='lat' dir='ltr'>onnunquam</span> <span class='ocrx_word' id='word_1_301' title='bbox 2568 2207 2702 2246; x_wconf 60' lang='lat' dir='ltr'>vero</span> <span class='ocrx_word' id='word_1_302' title='bbox 2732 2179 3280 2265; x_wconf 87' lang='lat' dir='ltr'>demonstrativum,</span> <span class='ocrx_word' id='word_1_303' title='bbox 3314 2204 3380 2254; x_wconf 86' lang='lat' dir='ltr'>ut</span> <span class='ocrx_word' id='word_1_304' title='bbox 3407 2216 3542 2256; x_wconf 92' lang='lat' dir='ltr'>cum</span> <span class='ocrx_word' id='word_1_305' title='bbox 3573 2219 3608 2258; x_wconf 90' lang='lat' dir='ltr'>a</span> <span class='ocrx_word' id='word_1_306' title='bbox 3636 2203 3764 2275; x_wconf 88' lang='lat' dir='ltr'>phi-</span> 
     </span>
    </p>
   </div>
   <div class='ocr_carea' id='block_1_41' title="bbox 350 2267 2030 2357">
    <p class='ocr_par' dir='ltr' id='par_1_41' title="bbox 350 2267 2006 2349">
     <span class='ocr_line' id='line_1_41' title="bbox 350 2267 2006 2349; baseline 0.002 -24"><span class='ocrx_word' id='word_1_307' title='bbox 350 2288 537 2349; x_wconf 78' lang='grc' dir='ltr'>σοφον·</span> <span class='ocrx_word' id='word_1_308' title='bbox 597 2269 732 2325; x_wconf 75' lang='grc' dir='ltr'>ποτὲ</span> <span class='ocrx_word' id='word_1_309' title='bbox 788 2267 854 2324; x_wconf 73' lang='grc' dir='ltr'>αὖ</span> <span class='ocrx_word' id='word_1_310' title='bbox 911 2271 972 2325; x_wconf 87' lang='grc' dir='ltr'>τὸ</span> <span class='ocrx_word' id='word_1_311' title='bbox 1031 2271 1372 2344; x_wconf 77' lang='grc' dir='ltr'>έτερώνυμον</span> <span class='ocrx_word' id='word_1_312' title='bbox 1402 2289 1414 2302; x_wconf 73' lang='grc'>⁸</span> <span class='ocrx_word' id='word_1_313' title='bbox 1466 2271 1542 2334; x_wconf 88' lang='grc' dir='ltr'>ὠς</span> <span class='ocrx_word' id='word_1_314' title='bbox 1601 2271 1724 2328; x_wconf 87' lang='grc' dir='ltr'>ὅταν</span> <span class='ocrx_word' id='word_1_315' title='bbox 1793 2273 1854 2328; x_wconf 81' lang='grc' dir='ltr'>ἐκ</span> <span class='ocrx_word' id='word_1_316' title='bbox 1905 2279 2006 2342; x_wconf 80' lang='grc' dir='ltr'>τῆς</span> 
     </span>
    </p>
   </div>
   <div class='ocr_carea' id='block_1_42' title="bbox 2152 2267 3766 2357">
    <p class='ocr_par' dir='ltr' id='par_1_42' title="bbox 2152 2267 3766 2357">
     <span class='ocr_line' id='line_1_42' title="bbox 2152 2267 3766 2357; baseline 0.009 -23"><span class='ocrx_word' id='word_1_317' title='bbox 2152 2278 2382 2350; x_wconf 79' lang='lat' dir='ltr'>&gt;30pbia</span> <span class='ocrx_word' id='word_1_318' title='bbox 2425 2281 2580 2334; x_wconf 75' lang='lat'>146</span> <span class='ocrx_word' id='word_1_319' title='bbox 2622 2280 2991 2338; x_wconf 86' lang='lat' dir='ltr'>Aristotelem</span> <span class='ocrx_word' id='word_1_320' title='bbox 3043 2283 3254 2357; x_wconf 90' lang='lat' dir='ltr'>aliquis</span> <span class='ocrx_word' id='word_1_321' title='bbox 3305 2267 3766 2357; x_wconf 40' lang='lat' dir='ltr'>denominaJerit</span> 
     </span>
    </p>
   </div>
   <div class='ocr_carea' id='block_1_43' title="bbox 352 2349 2030 2449">
    <p class='ocr_par' dir='ltr' id='par_1_43' title="bbox 352 2355 2006 2436">
     <span class='ocr_line' id='line_1_43' title="bbox 352 2355 2006 2436; baseline 0 -22"><span class='ocrx_word' id='word_1_322' title='bbox 352 2359 546 2435; x_wconf 76' lang='grc' dir='ltr'>ἀρετῆς</span> <span class='ocrx_word' id='word_1_323' title='bbox 579 2355 873 2414; x_wconf 86' lang='grc' dir='ltr'>σπουδαῖον</span> <span class='ocrx_word' id='word_1_324' title='bbox 923 2359 1015 2413; x_wconf 87' lang='grc' dir='ltr'>τὸν</span> <span class='ocrx_word' id='word_1_325' title='bbox 1064 2358 1361 2435; x_wconf 83' lang='grc' dir='ltr'>Σωκράτην</span> <span class='ocrx_word' id='word_1_326' title='bbox 1411 2359 1613 2435; x_wconf 82' lang='grc' dir='ltr'>καλέσῃ</span> <span class='ocrx_word' id='word_1_327' title='bbox 1663 2381 1767 2424; x_wconf 92' lang='grc' dir='ltr'>τις.</span> <span class='ocrx_word' id='word_1_328' title='bbox 1801 2360 1871 2415; x_wconf 89' lang='grc' dir='ltr'>Τὸ</span> <span class='ocrx_word' id='word_1_329' title='bbox 1900 2359 2006 2436; x_wconf 81' lang='grc' dir='ltr'>γὰρ</span> 
     </span>
    </p>
   </div>
   <div class='ocr_carea' id='block_1_44' title="bbox 2152 2349 3767 2449">
    <p class='ocr_par' dir='ltr' id='par_1_44' title="bbox 2157 2349 3767 2449">
     <span class='ocr_line' id='line_1_44' title="bbox 2157 2349 3767 2449; baseline 0.01 -28"><span class='ocrx_word' id='word_1_330' title='bbox 2157 2349 2532 2438; x_wconf 78' lang='lat' dir='ltr'>bilcsopbum</span> <span class='ocrx_word' id='word_1_331' title='bbox 2561 2386 2573 2433; x_wconf 90' lang='lat'><strong>;</strong></span> <span class='ocrx_word' id='word_1_332' title='bbox 2607 2369 2902 2426; x_wconf 87' lang='lat' dir='ltr'>interdum</span> <span class='ocrx_word' id='word_1_333' title='bbox 2936 2349 3188 2444; x_wconf 71' lang='lat' dir='ltr'>denique</span> <span class='ocrx_word' id='word_1_334' title='bbox 3219 2349 3665 2449; x_wconf 54' lang='lat' dir='ltr'>diveréivocum,</span> <span class='ocrx_word' id='word_1_335' title='bbox 3700 2385 3767 2437; x_wconf 87' lang='lat' dir='ltr'>ut</span> 
     </span>
    </p>
   </div>
   <div class='ocr_carea' id='block_1_45' title="bbox 353 2445 2030 2528">
    <p class='ocr_par' dir='ltr' id='par_1_45' title="bbox 353 2445 2010 2526">
     <span class='ocr_line' id='line_1_45' title="bbox 353 2445 2010 2526; baseline 0.001 -23"><span class='ocrx_word' id='word_1_336' title='bbox 353 2446 602 2526; x_wconf 74' lang='grc' dir='ltr'>ἐνάρετον</span> <span class='ocrx_word' id='word_1_337' title='bbox 675 2446 727 2503; x_wconf 80' lang='grc' dir='ltr'>ἐν</span> <span class='ocrx_word' id='word_1_338' title='bbox 802 2451 874 2522; x_wconf 78' lang='grc' dir='ltr'>τῇ</span> <span class='ocrx_word' id='word_1_339' title='bbox 945 2451 1045 2502; x_wconf 87' lang='lat'>106</span> <span class='ocrx_word' id='word_1_340' title='bbox 1119 2445 1490 2523; x_wconf 88' lang='grc' dir='ltr'>Ἑλληνισμοῦ</span> <span class='ocrx_word' id='word_1_341' title='bbox 1563 2450 1818 2523; x_wconf 78' lang='grc' dir='ltr'>συνηθείᾳ</span> <span class='ocrx_word' id='word_1_342' title='bbox 1901 2449 2010 2526; x_wconf 89' lang='grc' dir='ltr'>οὐχ</span> 
     </span>
    </p>
   </div>
   <div class='ocr_carea' id='block_1_46' title="bbox 2152 2445 3766 2528">
    <p class='ocr_par' dir='ltr' id='par_1_46' title="bbox 2154 2445 3766 2528">
     <span class='ocr_line' id='line_1_46' title="bbox 2154 2445 3766 2528; baseline 0.009 -17"><span class='ocrx_word' id='word_1_343' title='bbox 2154 2473 2254 2512; x_wconf 91' lang='lat' dir='ltr'>um</span> <span class='ocrx_word' id='word_1_344' title='bbox 2285 2456 2499 2528; x_wconf 89' lang='lat' dir='ltr'>aliquis</span> <span class='ocrx_word' id='word_1_345' title='bbox 2530 2459 2828 2516; x_wconf 90' lang='lat' dir='ltr'>Socratem</span> <span class='ocrx_word' id='word_1_346' title='bbox 2879 2477 2912 2515; x_wconf 90' lang='lat' dir='ltr'>a</span> <span class='ocrx_word' id='word_1_347' title='bbox 2941 2462 3154 2518; x_wconf 89' lang='lat' dir='ltr'>virtute</span> <span class='ocrx_word' id='word_1_348' title='bbox 3201 2463 3390 2522; x_wconf 90' lang='lat' dir='ltr'>virum</span> <span class='ocrx_word' id='word_1_349' title='bbox 3423 2445 3659 2526; x_wconf 86' lang='lat' dir='ltr'>bonum</span> <span class='ocrx_word' id='word_1_350' title='bbox 3679 2469 3766 2525; x_wconf 89' lang='lat' dir='ltr'>di-</span> 
     </span>
    </p>
   </div>
   <div class='ocr_carea' id='block_1_47' title="bbox 356 2535 2030 2623">
    <p class='ocr_par' dir='ltr' id='par_1_47' title="bbox 356 2535 602 2616">
     <span class='ocr_line' id='line_1_47' title="bbox 356 2535 602 2616; baseline 0 -24"><span class='ocrx_word' id='word_1_351' title='bbox 356 2535 602 2616; x_wconf 75' lang='grc' dir='ltr'>εὕρηται.</span> 
     </span>
    </p>
   </div>
   <div class='ocr_carea' id='block_1_48' title="bbox 2152 2535 3768 2623">
    <p class='ocr_par' dir='ltr' id='par_1_48' title="bbox 2152 2545 3768 2623">
     <span class='ocr_line' id='line_1_48' title="bbox 2152 2545 3768 2623; baseline 0.009 -24"><span class='ocrx_word' id='word_1_352' title='bbox 2152 2545 2284 2600; x_wconf 90' lang='lat' dir='ltr'>.erit.</span> <span class='ocrx_word' id='word_1_353' title='bbox 2336 2546 2562 2601; x_wconf 88' lang='lat' dir='ltr'>Etenim</span> <span class='ocrx_word' id='word_1_354' title='bbox 2611 2547 2671 2602; x_wconf 91' lang='lat' dir='ltr'>in</span> <span class='ocrx_word' id='word_1_355' title='bbox 2720 2547 2926 2604; x_wconf 80' lang='lat' dir='ltr'>Graecae</span> <span class='ocrx_word' id='word_1_356' title='bbox 2973 2549 3187 2623; x_wconf 84' lang='lat' dir='ltr'>linguae</span> <span class='ocrx_word' id='word_1_357' title='bbox 3230 2557 3650 2615; x_wconf 92' lang='lat' dir='ltr'>consuetudine</span> <span class='ocrx_word' id='word_1_358' title='bbox 3704 2557 3768 2613; x_wconf 84' lang='grc' dir='ltr'>τὸ</span> 
     </span>
    </p>
   </div>
   <div class='ocr_carea' id='block_1_49' title="bbox 2121 2631 3770 2720">
    <p class='ocr_par' dir='ltr' id='par_1_49' title="bbox 2121 2631 3770 2720">
     <span class='ocr_line' id='line_1_49' title="bbox 2121 2631 3770 2720; baseline 0.01 -32"><span class='ocrx_word' id='word_1_359' title='bbox 2121 2631 2363 2707; x_wconf 63' lang='grc' dir='ltr'>ἐνάρετον</span> <span class='ocrx_word' id='word_1_360' title='bbox 2396 2634 2484 2707; x_wconf 91' lang='lat' dir='ltr'>(ut</span> <span class='ocrx_word' id='word_1_361' title='bbox 2511 2636 2690 2693; x_wconf 90' lang='lat' dir='ltr'>etiam</span> <span class='ocrx_word' id='word_1_362' title='bbox 2722 2637 2782 2692; x_wconf 91' lang='lat' dir='ltr'>in</span> <span class='ocrx_word' id='word_1_363' title='bbox 2814 2637 3018 2696; x_wconf 82' lang='lat' dir='ltr'>Latina</span> <span class='ocrx_word' id='word_1_364' title='bbox 3044 2638 3249 2714; x_wconf 88' lang='lat' dir='ltr'>lingua</span> <span class='ocrx_word' id='word_1_365' title='bbox 3275 2643 3627 2720; x_wconf 86' lang='lat' dir='ltr'>virtuosum)</span> <span class='ocrx_word' id='word_1_366' title='bbox 3651 2665 3770 2704; x_wconf 93' lang='lat' dir='ltr'>non</span> 
     </span>
    </p>
   </div>
   <div class='ocr_carea' id='block_1_50' title="bbox 2123 2724 2431 2797">
    <p class='ocr_par' dir='ltr' id='par_1_50' title="bbox 2123 2724 2431 2797">
     <span class='ocr_line' id='line_1_50' title="bbox 2123 2724 2431 2797; baseline 0 -17"><span class='ocrx_word' id='word_1_367' title='bbox 2123 2724 2431 2797; x_wconf 87' lang='lat' dir='ltr'>reperitur.</span> 
     </span>
    </p>
   </div>
   <div class='ocr_carea' id='block_1_51' title="bbox 2195 2813 3771 2883">
    <p class='ocr_par' dir='ltr' id='par_1_51' title="bbox 2195 2813 3771 2883">
     <span class='ocr_line' id='line_1_51' title="bbox 2195 2813 3771 2883; baseline 0.008 -13"><span class='ocrx_word' id='word_1_368' title='bbox 2195 2815 2282 2870; x_wconf 87' lang='lat'>12.</span> <span class='ocrx_word' id='word_1_369' title='bbox 2314 2813 2602 2870; x_wconf 80' lang='lat' dir='ltr'>Diﬂ&#39;erunt</span> <span class='ocrx_word' id='word_1_370' title='bbox 2648 2820 2846 2873; x_wconf 90' lang='lat' dir='ltr'>autem</span> <span class='ocrx_word' id='word_1_371' title='bbox 2893 2818 3047 2874; x_wconf 91' lang='lat' dir='ltr'>inter</span> <span class='ocrx_word' id='word_1_372' title='bbox 3076 2836 3138 2876; x_wconf 89' lang='lat' dir='ltr'>se</span> <span class='ocrx_word' id='word_1_373' title='bbox 3183 2822 3516 2879; x_wconf 84' lang='lat' dir='ltr'>substantia</span> <span class='ocrx_word' id='word_1_374' title='bbox 3541 2829 3600 2881; x_wconf 88' lang='lat' dir='ltr'>et</span> <span class='ocrx_word' id='word_1_375' title='bbox 3630 2827 3771 2883; x_wconf 89' lang='lat' dir='ltr'>sub-</span> 
     </span>
    </p>
   </div>
   <div class='ocr_carea' id='block_1_52' title="bbox 2125 2903 3773 2985">
    <p class='ocr_par' dir='ltr' id='par_1_52' title="bbox 2125 2903 3773 2985">
     <span class='ocr_line' id='line_1_52' title="bbox 2125 2903 3773 2985; baseline 0.008 -26"><span class='ocrx_word' id='word_1_376' title='bbox 2125 2903 2415 2971; x_wconf 88' lang='lat' dir='ltr'>stantiale,</span> <span class='ocrx_word' id='word_1_377' title='bbox 2445 2903 2721 2961; x_wconf 89' lang='lat' dir='ltr'>similiter</span> <span class='ocrx_word' id='word_1_378' title='bbox 2750 2906 3019 2965; x_wconf 84' lang='lat' dir='ltr'>accidens</span> <span class='ocrx_word' id='word_1_379' title='bbox 3040 2913 3098 2965; x_wconf 90' lang='lat' dir='ltr'>et</span> <span class='ocrx_word' id='word_1_380' title='bbox 3126 2911 3396 2969; x_wconf 66' lang='lat' dir='ltr'>essentia:</span> <span class='ocrx_word' id='word_1_381' title='bbox 3424 2914 3773 2985; x_wconf 89' lang='lat' dir='ltr'>adjunctum</span> 
     </span>
    </p>
   </div>
   <div class='ocr_carea' id='block_1_53' title="bbox 2125 2993 2684 3064">
    <p class='ocr_par' dir='ltr' id='par_1_53' title="bbox 2125 2993 2684 3064">
     <span class='ocr_line' id='line_1_53' title="bbox 2125 2993 2684 3064; baseline 0.002 -16"><span class='ocrx_word' id='word_1_382' title='bbox 2125 2995 2251 3062; x_wconf 88' lang='lat' dir='ltr'>(seu</span> <span class='ocrx_word' id='word_1_383' title='bbox 2282 2993 2684 3064; x_wconf 90' lang='lat' dir='ltr'>accidentale).</span> 
     </span>
    </p>
   </div>
   <div class='ocr_carea' id='block_1_54' title="bbox 435 2817 2009 2900">
    <p class='ocr_par' dir='ltr' id='par_1_54' title="bbox 435 2817 2009 2900">
     <span class='ocr_line' id='line_1_54' title="bbox 435 2817 2009 2900; baseline 0.001 -24"><span class='ocrx_word' id='word_1_384' title='bbox 435 2821 524 2899; x_wconf 88' lang='grc' dir='ltr'>ιβ’.</span> <span class='ocrx_word' id='word_1_385' title='bbox 576 2817 744 2876; x_wconf 88' lang='grc' dir='ltr'>Οὐσία</span> <span class='ocrx_word' id='word_1_386' title='bbox 794 2817 854 2876; x_wconf 71' lang='grc' dir='ltr'>δὲ</span> <span class='ocrx_word' id='word_1_387' title='bbox 881 2818 970 2876; x_wconf 84' lang='grc' dir='ltr'>καὶ</span> <span class='ocrx_word' id='word_1_388' title='bbox 1029 2817 1286 2884; x_wconf 79' lang='grc' dir='ltr'>οὐσιῶδες</span> <span class='ocrx_word' id='word_1_389' title='bbox 1337 2818 1678 2900; x_wconf 72' lang='grc' dir='ltr'>διαφέρουσιν</span> <span class='ocrx_word' id='word_1_390' title='bbox 1719 2821 2009 2895; x_wconf 76' lang='grc' dir='ltr'>ἀλλήλων·</span> 
     </span>
    </p>
   </div>
   <div class='ocr_carea' id='block_1_55' title="bbox 356 2903 1575 2985">
    <p class='ocr_par' dir='ltr' id='par_1_55' title="bbox 356 2903 1575 2985">
     <span class='ocr_line' id='line_1_55' title="bbox 356 2903 1575 2985; baseline -0.001 -18"><span class='ocrx_word' id='word_1_391' title='bbox 356 2910 616 2974; x_wconf 77' lang='grc' dir='ltr'>ὡσαύτως</span> <span class='ocrx_word' id='word_1_392' title='bbox 647 2903 998 2985; x_wconf 78' lang='grc' dir='ltr'>συμϐεϐηκός</span> <span class='ocrx_word' id='word_1_393' title='bbox 1017 2930 1079 2965; x_wconf 87' lang='grc' dir='ltr'>τε</span> <span class='ocrx_word' id='word_1_394' title='bbox 1105 2909 1196 2965; x_wconf 84' lang='grc' dir='ltr'>καὶ</span> <span class='ocrx_word' id='word_1_395' title='bbox 1227 2908 1575 2975; x_wconf 79' lang='grc' dir='ltr'>έπουσιῶδες.</span> 
     </span>
    </p>
   </div>
   <div class='ocr_carea' id='block_1_56' title="bbox 446 3087 2015 3169">
    <p class='ocr_par' dir='ltr' id='par_1_56' title="bbox 446 3087 2015 3169">
     <span class='ocr_line' id='line_1_56' title="bbox 446 3087 2015 3169; baseline 0.002 -25"><span class='ocrx_word' id='word_1_396' title='bbox 446 3091 534 3164; x_wconf 86' lang='grc' dir='ltr'>ιγ’.</span> <span class='ocrx_word' id='word_1_397' title='bbox 564 3090 629 3145; x_wconf 88' lang='grc' dir='ltr'><strong><em>Ἥ</em></strong></span> <span class='ocrx_word' id='word_1_398' title='bbox 675 3089 770 3164; x_wconf 78' lang='grc' dir='ltr'>μὶν</span> <span class='ocrx_word' id='word_1_399' title='bbox 819 3089 924 3164; x_wconf 79' lang='grc' dir='ltr'>γὰρ</span> <span class='ocrx_word' id='word_1_400' title='bbox 973 3087 1129 3144; x_wconf 91' lang='grc' dir='ltr'>οὐσία</span> <span class='ocrx_word' id='word_1_401' title='bbox 1175 3091 1401 3166; x_wconf 78' lang='grc' dir='ltr'>πρᾶγμά</span> <span class='ocrx_word' id='word_1_402' title='bbox 1450 3089 1588 3146; x_wconf 83' lang='grc' dir='ltr'>ἐστιν</span> <span class='ocrx_word' id='word_1_403' title='bbox 1620 3089 2015 3169; x_wconf 87' lang='grc' dir='ltr'>αὐθύπαρκτον,</span> 
     </span>
    </p>
   </div>
   <div class='ocr_carea' id='block_1_57' title="bbox 369 3175 2017 3255">
    <p class='ocr_par' dir='ltr' id='par_1_57' title="bbox 369 3175 2017 3255">
     <span class='ocr_line' id='line_1_57' title="bbox 369 3175 2017 3255; baseline 0.002 -22"><span class='ocrx_word' id='word_1_404' title='bbox 369 3178 446 3252; x_wconf 86' lang='grc' dir='ltr'>μὴ</span> <span class='ocrx_word' id='word_1_405' title='bbox 505 3175 759 3252; x_wconf 83' lang='grc' dir='ltr'>δεόμενον</span> <span class='ocrx_word' id='word_1_406' title='bbox 818 3178 1004 3254; x_wconf 73' lang='grc' dir='ltr'>ἑτέρου</span> <span class='ocrx_word' id='word_1_407' title='bbox 1060 3179 1197 3253; x_wconf 89' lang='grc' dir='ltr'>πρὸς</span> <span class='ocrx_word' id='word_1_408' title='bbox 1260 3177 1532 3237; x_wconf 84' lang='grc' dir='ltr'>σύστασιν.</span> <span class='ocrx_word' id='word_1_409' title='bbox 1580 3181 1650 3235; x_wconf 89' lang='grc' dir='ltr'>Τὸ</span> <span class='ocrx_word' id='word_1_410' title='bbox 1709 3177 1766 3236; x_wconf 75' lang='grc' dir='ltr'>δὲ</span> <span class='ocrx_word' id='word_1_411' title='bbox 1815 3176 2017 3255; x_wconf 80' lang='grc' dir='ltr'>συμϐε-</span> 
     </span>
    </p>
   </div>
   <div class='ocr_carea' id='block_1_58' title="bbox 367 3261 2021 3346">
    <p class='ocr_par' dir='ltr' id='par_1_58' title="bbox 367 3261 2021 3346">
     <span class='ocr_line' id='line_1_58' title="bbox 367 3261 2021 3346; baseline 0.004 -26"><span class='ocrx_word' id='word_1_412' title='bbox 367 3261 542 3337; x_wconf 79' lang='grc' dir='ltr'>ϐηκὸς</span> <span class='ocrx_word' id='word_1_413' title='bbox 591 3265 820 3345; x_wconf 85' lang='grc' dir='ltr'>πρᾶγμά</span> <span class='ocrx_word' id='word_1_414' title='bbox 876 3266 1017 3322; x_wconf 83' lang='grc' dir='ltr'>ἐστιν</span> <span class='ocrx_word' id='word_1_415' title='bbox 1073 3266 1125 3323; x_wconf 86' lang='grc' dir='ltr'>έν</span> <span class='ocrx_word' id='word_1_416' title='bbox 1179 3271 1248 3343; x_wconf 79' lang='grc' dir='ltr'>τῇ</span> <span class='ocrx_word' id='word_1_417' title='bbox 1301 3267 1459 3342; x_wconf 81' lang='grc' dir='ltr'>οὐσίᾳ</span> <span class='ocrx_word' id='word_1_418' title='bbox 1507 3270 1774 3346; x_wconf 85' lang='grc' dir='ltr'>ὑπάρχον,</span> <span class='ocrx_word' id='word_1_419' title='bbox 1820 3272 1895 3345; x_wconf 78' lang='grc' dir='ltr'>μὴ</span> <span class='ocrx_word' id='word_1_420' title='bbox 1947 3271 2021 3334; x_wconf 86' lang='grc' dir='ltr'>ὠς</span> 
     </span>
    </p>
   </div>
   <div class='ocr_carea' id='block_1_59' title="bbox 373 3353 1862 3436">
    <p class='ocr_par' dir='ltr' id='par_1_59' title="bbox 373 3353 1862 3436">
     <span class='ocr_line' id='line_1_59' title="bbox 373 3353 1862 3436; baseline 0.005 -26"><span class='ocrx_word' id='word_1_421' title='bbox 373 3353 559 3433; x_wconf 86' lang='grc' dir='ltr'>μέρος,</span> <span class='ocrx_word' id='word_1_422' title='bbox 593 3355 682 3413; x_wconf 80' lang='grc' dir='ltr'>καὶ</span> <span class='ocrx_word' id='word_1_423' title='bbox 719 3357 795 3432; x_wconf 77' lang='grc' dir='ltr'>μή</span> <span class='ocrx_word' id='word_1_424' title='bbox 830 3353 1126 3431; x_wconf 83' lang='grc' dir='ltr'>δυνάμενον</span> <span class='ocrx_word' id='word_1_425' title='bbox 1159 3356 1292 3412; x_wconf 73' lang='grc' dir='ltr'>εἶναι</span> <span class='ocrx_word' id='word_1_426' title='bbox 1320 3359 1419 3426; x_wconf 84' lang='grc' dir='ltr'>τῆς</span> <span class='ocrx_word' id='word_1_427' title='bbox 1449 3357 1631 3421; x_wconf 84' lang='grc' dir='ltr'>οὐσίας</span> <span class='ocrx_word' id='word_1_428' title='bbox 1663 3360 1862 3436; x_wconf 88' lang='grc' dir='ltr'>χωρίς.</span> 
     </span>
    </p>
   </div>
   <div class='ocr_carea' id='block_1_60' title="bbox 454 3459 2020 3544">
    <p class='ocr_par' dir='ltr' id='par_1_60' title="bbox 454 3459 2020 3544">
     <span class='ocr_line' id='line_1_60' title="bbox 454 3459 2020 3544; baseline 0.003 -26"><span class='ocrx_word' id='word_1_429' title='bbox 454 3459 536 3523; x_wconf 88' lang='grc' dir='ltr'>ιδ’.</span> <span class='ocrx_word' id='word_1_430' title='bbox 592 3463 665 3518; x_wconf 88' lang='grc' dir='ltr'>Τὸ</span> <span class='ocrx_word' id='word_1_431' title='bbox 713 3461 974 3527; x_wconf 82' lang='grc' dir='ltr'>οὐσιῶδες</span> <span class='ocrx_word' id='word_1_432' title='bbox 1023 3461 1083 3519; x_wconf 71' lang='grc' dir='ltr'>δὲ</span> <span class='ocrx_word' id='word_1_433' title='bbox 1127 3465 1217 3520; x_wconf 86' lang='grc' dir='ltr'>καὶ</span> <span class='ocrx_word' id='word_1_434' title='bbox 1271 3463 1599 3529; x_wconf 83' lang='grc' dir='ltr'>ἐπουσιῶδες</span> <span class='ocrx_word' id='word_1_435' title='bbox 1646 3467 1841 3544; x_wconf 84' lang='grc' dir='ltr'>τρόποι</span> <span class='ocrx_word' id='word_1_436' title='bbox 1891 3467 2020 3522; x_wconf 79' lang='grc' dir='ltr'>εἰσὶν</span> 
     </span>
    </p>
   </div>
   <div class='ocr_carea' id='block_1_61' title="bbox 369 3548 2024 3630">
    <p class='ocr_par' dir='ltr' id='par_1_61' title="bbox 369 3548 2024 3630">
     <span class='ocr_line' id='line_1_61' title="bbox 369 3548 2024 3630; baseline 0.003 -23"><span class='ocrx_word' id='word_1_437' title='bbox 369 3552 650 3630; x_wconf 78' lang='grc' dir='ltr'>ὑπάρξεώς</span> <span class='ocrx_word' id='word_1_438' title='bbox 706 3573 866 3610; x_wconf 90' lang='grc' dir='ltr'>τινων</span> <span class='ocrx_word' id='word_1_439' title='bbox 926 3548 979 3610; x_wconf 78' lang='grc' dir='ltr'>ἔν</span> <span class='ocrx_word' id='word_1_440' title='bbox 1033 3573 1163 3610; x_wconf 88' lang='grc' dir='ltr'>τισι.</span> <span class='ocrx_word' id='word_1_441' title='bbox 1223 3554 1329 3610; x_wconf 77' lang='grc' dir='ltr'>Καὶ</span> <span class='ocrx_word' id='word_1_442' title='bbox 1383 3555 1447 3610; x_wconf 87' lang='grc' dir='ltr'>τὸ</span> <span class='ocrx_word' id='word_1_443' title='bbox 1508 3555 1602 3628; x_wconf 75' lang='grc' dir='ltr'>μὲν</span> <span class='ocrx_word' id='word_1_444' title='bbox 1663 3553 1922 3618; x_wconf 80' lang='grc' dir='ltr'>οὐσιῶδες</span> <span class='ocrx_word' id='word_1_445' title='bbox 1959 3556 2024 3612; x_wconf 87' lang='grc' dir='ltr'>τὸ</span> 
     </span>
    </p>
   </div>
   <div class='ocr_carea' id='block_1_62' title="bbox 364 3640 2025 3724">
    <p class='ocr_par' dir='ltr' id='par_1_62' title="bbox 364 3640 2025 3724">
     <span class='ocr_line' id='line_1_62' title="bbox 364 3640 2025 3724; baseline 0.002 -27"><span class='ocrx_word' id='word_1_446' title='bbox 364 3640 566 3698; x_wconf 72' lang='grc' dir='ltr'>οἰκεῖον</span> <span class='ocrx_word' id='word_1_447' title='bbox 636 3643 727 3699; x_wconf 87' lang='grc' dir='ltr'>καὶ</span> <span class='ocrx_word' id='word_1_448' title='bbox 803 3644 1028 3720; x_wconf 73' lang='grc' dir='ltr'>γνήσιον</span> <span class='ocrx_word' id='word_1_449' title='bbox 1101 3646 1199 3698; x_wconf 80' lang='grc' dir='ltr'>τοῦ</span> <span class='ocrx_word' id='word_1_450' title='bbox 1276 3643 1676 3724; x_wconf 78' lang='grc' dir='ltr'>ἐνυπάρχοντος</span> <span class='ocrx_word' id='word_1_451' title='bbox 1732 3644 2025 3719; x_wconf 86' lang='grc' dir='ltr'>παρίστησι</span> 
     </span>
    </p>
   </div>
   <div class='ocr_carea' id='block_1_63' title="bbox 365 3731 2027 3810">
    <p class='ocr_par' dir='ltr' id='par_1_63' title="bbox 365 3731 2027 3810">
     <span class='ocr_line' id='line_1_63' title="bbox 365 3731 2027 3810; baseline 0.002 -24"><span class='ocrx_word' id='word_1_452' title='bbox 365 3731 689 3808; x_wconf 87' lang='grc' dir='ltr'>πράγματος</span> <span class='ocrx_word' id='word_1_453' title='bbox 743 3732 881 3809; x_wconf 85' lang='grc' dir='ltr'>πρὸς</span> <span class='ocrx_word' id='word_1_454' title='bbox 940 3731 1113 3788; x_wconf 76' lang='grc' dir='ltr'>ἐκεῖνο</span> <span class='ocrx_word' id='word_1_455' title='bbox 1171 3733 1216 3804; x_wconf 84' lang='grc' dir='ltr'>ᾦ</span> <span class='ocrx_word' id='word_1_456' title='bbox 1275 3731 1590 3810; x_wconf 81' lang='grc' dir='ltr'>ἐνυπάρχει.</span> <span class='ocrx_word' id='word_1_457' title='bbox 1640 3734 1712 3789; x_wconf 90' lang='lat' dir='ltr'>T6</span> <span class='ocrx_word' id='word_1_458' title='bbox 1761 3731 1818 3789; x_wconf 76' lang='grc' dir='ltr'>δὲ</span> <span class='ocrx_word' id='word_1_459' title='bbox 1871 3734 2027 3790; x_wconf 83' lang='grc' dir='ltr'>ἐπου-</span> 
     </span>
    </p>
   </div>
   <div class='ocr_carea' id='block_1_64' title="bbox 362 3817 2024 3898">
    <p class='ocr_par' dir='ltr' id='par_1_64' title="bbox 362 3817 2024 3898">
     <span class='ocr_line' id='line_1_64' title="bbox 362 3817 2024 3898; baseline 0.001 -22"><span class='ocrx_word' id='word_1_460' title='bbox 362 3817 558 3884; x_wconf 86' lang='grc' dir='ltr'>σιῶδες</span> <span class='ocrx_word' id='word_1_461' title='bbox 609 3822 673 3876; x_wconf 84' lang='grc' dir='ltr'>τὸ</span> <span class='ocrx_word' id='word_1_462' title='bbox 720 3818 1016 3898; x_wconf 90' lang='grc' dir='ltr'>ἀλλότριον</span> <span class='ocrx_word' id='word_1_463' title='bbox 1065 3818 1234 3892; x_wconf 85' lang='grc' dir='ltr'>δηλοῖ</span> <span class='ocrx_word' id='word_1_464' title='bbox 1275 3821 1365 3876; x_wconf 86' lang='grc' dir='ltr'>καὶ</span> <span class='ocrx_word' id='word_1_465' title='bbox 1396 3821 1458 3876; x_wconf 87' lang='lat'>16</span> <span class='ocrx_word' id='word_1_466' title='bbox 1504 3821 1838 3880; x_wconf 82' lang='grc' dir='ltr'>ἐπείσακτον.</span> <span class='ocrx_word' id='word_1_467' title='bbox 1871 3825 2024 3888; x_wconf 86' lang='grc' dir='ltr'>Ὅθεν</span> 
     </span>
    </p>
   </div>
   <div class='ocr_carea' id='block_1_65' title="bbox 363 3908 2027 3986">
    <p class='ocr_par' dir='ltr' id='par_1_65' title="bbox 363 3908 2027 3986">
     <span class='ocr_line' id='line_1_65' title="bbox 363 3908 2027 3986; baseline 0.001 -20"><span class='ocrx_word' id='word_1_468' title='bbox 363 3908 456 3966; x_wconf 88' lang='grc' dir='ltr'>καὶ</span> <span class='ocrx_word' id='word_1_469' title='bbox 489 3909 542 3966; x_wconf 82' lang='grc' dir='ltr'>ἐν</span> <span class='ocrx_word' id='word_1_470' title='bbox 572 3911 771 3973; x_wconf 87' lang='grc' dir='ltr'>πάσαις</span> <span class='ocrx_word' id='word_1_471' title='bbox 798 3915 926 3975; x_wconf 79' lang='grc' dir='ltr'>ταῖς</span> <span class='ocrx_word' id='word_1_472' title='bbox 973 3909 1330 3986; x_wconf 86' lang='grc' dir='ltr'>κατηγορίαις</span> <span class='ocrx_word' id='word_1_473' title='bbox 1381 3911 1445 3966; x_wconf 87' lang='grc' dir='ltr'>τὸ</span> <span class='ocrx_word' id='word_1_474' title='bbox 1477 3909 1734 3975; x_wconf 87' lang='grc' dir='ltr'>οὐσιῶδές</span> <span class='ocrx_word' id='word_1_475' title='bbox 1766 3933 1824 3968; x_wconf 88' lang='grc' dir='ltr'>τε</span> <span class='ocrx_word' id='word_1_476' title='bbox 1847 3913 1937 3968; x_wconf 85' lang='grc' dir='ltr'>καὶ</span> <span class='ocrx_word' id='word_1_477' title='bbox 1965 3913 2027 3968; x_wconf 87' lang='grc' dir='ltr'>τὸ</span> 
     </span>
    </p>
   </div>
   <div class='ocr_carea' id='block_1_66' title="bbox 365 3995 1364 4075">
    <p class='ocr_par' dir='ltr' id='par_1_66' title="bbox 365 3995 1364 4075">
     <span class='ocr_line' id='line_1_66' title="bbox 365 3995 1364 4075; baseline -0.002 -19"><span class='ocrx_word' id='word_1_478' title='bbox 365 3996 696 4064; x_wconf 80' lang='grc' dir='ltr'>ἐπουσιῶδες</span> <span class='ocrx_word' id='word_1_479' title='bbox 722 3995 1090 4075; x_wconf 80' lang='grc' dir='ltr'>λαμϐάνεσθαι</span> <span class='ocrx_word' id='word_1_480' title='bbox 1124 3996 1364 4060; x_wconf 83' lang='grc' dir='ltr'>δύναται.</span> 
     </span>
    </p>
   </div>
   <div class='ocr_carea' id='block_1_67' title="bbox 458 4192 2034 4272">
    <p class='ocr_par' dir='ltr' id='par_1_67' title="bbox 458 4192 2034 4272">
     <span class='ocr_line' id='line_1_67' title="bbox 458 4192 2034 4272; baseline 0.002 -21"><span class='ocrx_word' id='word_1_481' title='bbox 458 4197 536 4254; x_wconf 89' lang='grc' dir='ltr'>ιε’.</span> <span class='ocrx_word' id='word_1_482' title='bbox 567 4196 638 4251; x_wconf 91' lang='lat' dir='ltr'>T6</span> <span class='ocrx_word' id='word_1_483' title='bbox 669 4193 713 4250; x_wconf 88' lang='grc' dir='ltr'>δ’</span> <span class='ocrx_word' id='word_1_484' title='bbox 743 4193 796 4252; x_wconf 77' lang='grc' dir='ltr'>ἔν</span> <span class='ocrx_word' id='word_1_485' title='bbox 845 4216 954 4251; x_wconf 92' lang='grc' dir='ltr'>τινι</span> <span class='ocrx_word' id='word_1_486' title='bbox 1004 4193 1223 4272; x_wconf 83' lang='grc' dir='ltr'>λέγεται</span> <span class='ocrx_word' id='word_1_487' title='bbox 1272 4192 1599 4272; x_wconf 73' lang='grc' dir='ltr'>ἓνδεκαχῶςο</span> <span class='ocrx_word' id='word_1_488' title='bbox 1651 4195 1725 4260; x_wconf 86' lang='grc' dir='ltr'>ὠς</span> <span class='ocrx_word' id='word_1_489' title='bbox 1777 4197 1930 4272; x_wconf 87' lang='grc' dir='ltr'>γένος</span> <span class='ocrx_word' id='word_1_490' title='bbox 1980 4197 2034 4254; x_wconf 84' lang='grc' dir='ltr'>ἐν</span> 
     </span>
    </p>
   </div>
   <div class='ocr_carea' id='block_1_68' title="bbox 373 4281 2033 4362">
    <p class='ocr_par' dir='ltr' id='par_1_68' title="bbox 373 4281 2033 4362">
     <span class='ocr_line' id='line_1_68' title="bbox 373 4281 2033 4362; baseline 0.001 -22"><span class='ocrx_word' id='word_1_491' title='bbox 373 4281 528 4340; x_wconf 79' lang='grc' dir='ltr'>εἷ’δει·</span> <span class='ocrx_word' id='word_1_492' title='bbox 581 4285 694 4340; x_wconf 85' lang='grc' dir='ltr'>οἷον</span> <span class='ocrx_word' id='word_1_493' title='bbox 741 4286 806 4340; x_wconf 88' lang='grc' dir='ltr'>τὸ</span> <span class='ocrx_word' id='word_1_494' title='bbox 857 4289 993 4354; x_wconf 91' lang='grc' dir='ltr'>ζῶον</span> <span class='ocrx_word' id='word_1_495' title='bbox 1044 4283 1097 4340; x_wconf 84' lang='grc' dir='ltr'>έν</span> <span class='ocrx_word' id='word_1_496' title='bbox 1145 4287 1226 4357; x_wconf 84' lang='grc' dir='ltr'>τῷ</span> <span class='ocrx_word' id='word_1_497' title='bbox 1278 4284 1570 4362; x_wconf 85' lang='grc' dir='ltr'>ἀνθρώπῳ.</span> <span class='ocrx_word' id='word_1_498' title='bbox 1619 4285 1689 4339; x_wconf 88' lang='lat' dir='ltr'>T6</span> <span class='ocrx_word' id='word_1_499' title='bbox 1737 4285 1840 4361; x_wconf 82' lang='grc' dir='ltr'>γὰρ</span> <span class='ocrx_word' id='word_1_500' title='bbox 1879 4287 2033 4362; x_wconf 87' lang='grc' dir='ltr'>γένος</span> 
     </span>
    </p>
   </div>
   <div class='ocr_carea' id='block_1_69' title="bbox 373 4371 2037 4451">
    <p class='ocr_par' dir='ltr' id='par_1_69' title="bbox 373 4371 2037 4451">
     <span class='ocr_line' id='line_1_69' title="bbox 373 4371 2037 4451; baseline 0.001 -22"><span class='ocrx_word' id='word_1_501' title='bbox 373 4372 713 4450; x_wconf 77' lang='grc' dir='ltr'>έξῃρημένην</span> <span class='ocrx_word' id='word_1_502' title='bbox 763 4371 892 4450; x_wconf 79' lang='grc' dir='ltr'>ἔχον</span> <span class='ocrx_word' id='word_1_503' title='bbox 936 4374 1037 4444; x_wconf 73' lang='grc' dir='ltr'>τὴν</span> <span class='ocrx_word' id='word_1_504' title='bbox 1100 4373 1348 4450; x_wconf 76' lang='grc' dir='ltr'>ὕπαρξιν,</span> <span class='ocrx_word' id='word_1_505' title='bbox 1407 4371 1536 4428; x_wconf 92' lang='grc' dir='ltr'>ὅλον</span> <span class='ocrx_word' id='word_1_506' title='bbox 1588 4372 1638 4428; x_wconf 82' lang='grc' dir='ltr'>ἐν</span> <span class='ocrx_word' id='word_1_507' title='bbox 1693 4373 1900 4448; x_wconf 73' lang='grc' dir='ltr'>ἑκάστῳ</span> <span class='ocrx_word' id='word_1_508' title='bbox 1951 4376 2037 4451; x_wconf 89' lang='grc' dir='ltr'>γί-</span> 
     </span>
    </p>
   </div>
   <div class='ocr_carea' id='block_1_70' title="bbox 2202 3082 3779 3164">
    <p class='ocr_par' dir='ltr' id='par_1_70' title="bbox 2202 3082 3779 3164">
     <span class='ocr_line' id='line_1_70' title="bbox 2202 3082 3779 3164; baseline 0.01 -28"><span class='ocrx_word' id='word_1_509' title='bbox 2202 3082 2286 3137; x_wconf 85' lang='grc'>13.</span> <span class='ocrx_word' id='word_1_510' title='bbox 2315 3082 2658 3139; x_wconf 89' lang='lat' dir='ltr'>Substantia</span> <span class='ocrx_word' id='word_1_511' title='bbox 2686 3084 2842 3141; x_wconf 91' lang='lat' dir='ltr'>enim</span> <span class='ocrx_word' id='word_1_512' title='bbox 2877 3086 3113 3158; x_wconf 88' lang='lat' dir='ltr'>quidem</span> <span class='ocrx_word' id='word_1_513' title='bbox 3137 3105 3230 3146; x_wconf 89' lang='lat' dir='ltr'>res</span> <span class='ocrx_word' id='word_1_514' title='bbox 3259 3094 3349 3147; x_wconf 91' lang='lat' dir='ltr'>est</span> <span class='ocrx_word' id='word_1_515' title='bbox 3377 3108 3480 3164; x_wconf 88' lang='lat' dir='ltr'>per</span> <span class='ocrx_word' id='word_1_516' title='bbox 3508 3109 3570 3151; x_wconf 84' lang='lat' dir='ltr'>se</span> <span class='ocrx_word' id='word_1_517' title='bbox 3599 3094 3779 3151; x_wconf 85' lang='lat' dir='ltr'>exsis-</span> 
     </span>
    </p>
   </div>
   <div class='ocr_carea' id='block_1_71' title="bbox 2127 3172 3781 3244">
    <p class='ocr_par' dir='ltr' id='par_1_71' title="bbox 2127 3172 3781 3244">
     <span class='ocr_line' id='line_1_71' title="bbox 2127 3172 3781 3244; baseline 0.008 -19"><span class='ocrx_word' id='word_1_518' title='bbox 2127 3175 2258 3227; x_wconf 91' lang='lat' dir='ltr'>tens</span> <span class='ocrx_word' id='word_1_519' title='bbox 2287 3188 2404 3227; x_wconf 90' lang='lat' dir='ltr'>non</span> <span class='ocrx_word' id='word_1_520' title='bbox 2433 3172 2707 3244; x_wconf 83' lang='lat' dir='ltr'>indigens</span> <span class='ocrx_word' id='word_1_521' title='bbox 2755 3173 2867 3230; x_wconf 89' lang='lat' dir='ltr'>alia</span> <span class='ocrx_word' id='word_1_522' title='bbox 2897 3176 2968 3231; x_wconf 89' lang='lat' dir='ltr'>ad</span> <span class='ocrx_word' id='word_1_523' title='bbox 3019 3178 3112 3232; x_wconf 90' lang='lat' dir='ltr'>sui</span> <span class='ocrx_word' id='word_1_524' title='bbox 3143 3179 3642 3239; x_wconf 85' lang='lat' dir='ltr'>constitutionem.</span> <span class='ocrx_word' id='word_1_525' title='bbox 3675 3189 3781 3239; x_wconf 81' lang='lat' dir='ltr'>Ac-</span> 
     </span>
    </p>
   </div>
   <div class='ocr_carea' id='block_1_72' title="bbox 2049 3225 3782 3334">
    <p class='ocr_par' dir='ltr' id='par_1_72' title="bbox 2049 3225 3782 3334">
     <span class='ocr_line' id='line_1_72' title="bbox 2138 3225 3777 3244; baseline 0.008 -20"><span class='ocrx_word' id='word_1_526' title='bbox 2138 3225 2175 3226; x_wconf 56' lang='lat'><strong><em>,,</em></strong></span> <span class='ocrx_word' id='word_1_527' title='bbox 2239 3225 2253 3227; x_wconf 97' lang='lat'>_</span> <span class='ocrx_word' id='word_1_528' title='bbox 2290 3225 2317 3226; x_wconf 50' lang='grc' dir='ltr'><em>η</em></span> <span class='ocrx_word' id='word_1_529' title='bbox 2436 3225 2703 3244; x_wconf 28' lang='lat' dir='ltr'>mmo-“</span> <span class='ocrx_word' id='word_1_530' title='bbox 2757 3225 2867 3230; x_wconf 49' lang='grc' dir='ltr'><strong>ππ</strong></span> <span class='ocrx_word' id='word_1_531' title='bbox 2899 3225 2968 3231; x_wconf 59' lang='grc' dir='ltr'><strong>π</strong></span> <span class='ocrx_word' id='word_1_532' title='bbox 3020 3225 3112 3232; x_wconf 82' lang='lat'>___</span> <span class='ocrx_word' id='word_1_533' title='bbox 3145 3225 3642 3239; x_wconf 62' lang='lat'>--.--..._..,,........</span> <span class='ocrx_word' id='word_1_534' title='bbox 3675 3225 3777 3239; x_wconf 59' lang='grc' dir='ltr'>...π</span> 
     </span>
     <span class='ocr_line' id='line_1_73' title="bbox 2049 3225 3782 3334; baseline 0.009 -21"><span class='ocrx_word' id='word_1_535' title='bbox 2049 3225 2092 3293; x_wconf 74' lang='lat' dir='ltr'><strong>C</strong></span> <span class='ocrx_word' id='word_1_536' title='bbox 2131 3259 2331 3315; x_wconf 89' lang='lat' dir='ltr'>cidens</span> <span class='ocrx_word' id='word_1_537' title='bbox 2379 3264 2575 3315; x_wconf 88' lang='lat' dir='ltr'>autem</span> <span class='ocrx_word' id='word_1_538' title='bbox 2616 3277 2709 3317; x_wconf 88' lang='lat' dir='ltr'>res</span> <span class='ocrx_word' id='word_1_539' title='bbox 2757 3267 2866 3332; x_wconf 90' lang='lat' dir='ltr'>est,</span> <span class='ocrx_word' id='word_1_540' title='bbox 2898 3280 3024 3334; x_wconf 75' lang='lat' dir='ltr'>quea</span> <span class='ocrx_word' id='word_1_541' title='bbox 3056 3266 3114 3321; x_wconf 91' lang='lat' dir='ltr'>in</span> <span class='ocrx_word' id='word_1_542' title='bbox 3168 3268 3504 3324; x_wconf 87' lang='lat' dir='ltr'>substantia</span> <span class='ocrx_word' id='word_1_543' title='bbox 3551 3288 3665 3327; x_wconf 88' lang='lat' dir='ltr'>non</span> <span class='ocrx_word' id='word_1_544' title='bbox 3716 3276 3782 3327; x_wconf 90' lang='lat' dir='ltr'>ut</span> 
     </span>
    </p>
   </div>
   <div class='ocr_carea' id='block_1_73' title="bbox 2131 3349 3778 3433">
    <p class='ocr_par' dir='ltr' id='par_1_73' title="bbox 2131 3349 3778 3433">
     <span class='ocr_line' id='line_1_74' title="bbox 2131 3349 3778 3433; baseline 0.008 -29"><span class='ocrx_word' id='word_1_545' title='bbox 2131 3365 2268 3422; x_wconf 90' lang='lat' dir='ltr'>pars</span> <span class='ocrx_word' id='word_1_546' title='bbox 2297 3349 2545 3418; x_wconf 88' lang='lat' dir='ltr'>exsistit,</span> <span class='ocrx_word' id='word_1_547' title='bbox 2569 3367 2675 3406; x_wconf 92' lang='lat' dir='ltr'>nec</span> <span class='ocrx_word' id='word_1_548' title='bbox 2703 3351 2949 3407; x_wconf 88' lang='lat' dir='ltr'>seorsim</span> <span class='ocrx_word' id='word_1_549' title='bbox 2981 3371 3014 3409; x_wconf 90' lang='lat' dir='ltr'>a</span> <span class='ocrx_word' id='word_1_550' title='bbox 3044 3355 3380 3413; x_wconf 88' lang='lat' dir='ltr'>substantia</span> <span class='ocrx_word' id='word_1_551' title='bbox 3407 3375 3537 3416; x_wconf 88' lang='lat' dir='ltr'>esse</span> <span class='ocrx_word' id='word_1_552' title='bbox 3567 3364 3778 3433; x_wconf 88' lang='lat' dir='ltr'>potest.</span> 
     </span>
    </p>
   </div>
   <div class='ocr_carea' id='block_1_74' title="bbox 2205 3455 3783 3524">
    <p class='ocr_par' dir='ltr' id='par_1_74' title="bbox 2205 3455 3783 3524">
     <span class='ocr_line' id='line_1_75' title="bbox 2205 3455 3783 3524; baseline 0.01 -14"><span class='ocrx_word' id='word_1_553' title='bbox 2205 3456 2292 3510; x_wconf 81' lang='grc'>14.</span> <span class='ocrx_word' id='word_1_554' title='bbox 2325 3455 2719 3512; x_wconf 89' lang='lat' dir='ltr'>Substantiale</span> <span class='ocrx_word' id='word_1_555' title='bbox 2750 3462 2945 3514; x_wconf 87' lang='lat' dir='ltr'>autem</span> <span class='ocrx_word' id='word_1_556' title='bbox 2977 3464 3036 3515; x_wconf 89' lang='lat' dir='ltr'>et</span> <span class='ocrx_word' id='word_1_557' title='bbox 3069 3463 3424 3521; x_wconf 88' lang='lat' dir='ltr'>accidentale</span> <span class='ocrx_word' id='word_1_558' title='bbox 3453 3467 3610 3522; x_wconf 91' lang='lat' dir='ltr'>modi</span> <span class='ocrx_word' id='word_1_559' title='bbox 3643 3473 3783 3524; x_wconf 91' lang='lat' dir='ltr'>sunt</span> 
     </span>
    </p>
   </div>
   <div class='ocr_carea' id='block_1_75' title="bbox 2133 3544 3785 3624">
    <p class='ocr_par' dir='ltr' id='par_1_75' title="bbox 2133 3544 3785 3624">
     <span class='ocr_line' id='line_1_76' title="bbox 2133 3544 3785 3624; baseline 0.008 -23"><span class='ocrx_word' id='word_1_560' title='bbox 2133 3545 2486 3601; x_wconf 76' lang='lat' dir='ltr'>exsistentiee</span> <span class='ocrx_word' id='word_1_561' title='bbox 2517 3544 2850 3617; x_wconf 89' lang='lat' dir='ltr'>aliquorum</span> <span class='ocrx_word' id='word_1_562' title='bbox 2901 3549 2962 3604; x_wconf 89' lang='lat' dir='ltr'>in</span> <span class='ocrx_word' id='word_1_563' title='bbox 2994 3549 3312 3624; x_wconf 89' lang='lat' dir='ltr'>aliquibus.</span> <span class='ocrx_word' id='word_1_564' title='bbox 3348 3554 3418 3610; x_wconf 91' lang='lat' dir='ltr'>Et</span> <span class='ocrx_word' id='word_1_565' title='bbox 3468 3556 3785 3614; x_wconf 87' lang='lat' dir='ltr'>essentiale</span> 
     </span>
    </p>
   </div>
   <div class='ocr_carea' id='block_1_76' title="bbox 2136 3634 3784 3711">
    <p class='ocr_par' dir='ltr' id='par_1_76' title="bbox 2136 3634 3784 3711">
     <span class='ocr_line' id='line_1_77' title="bbox 2136 3634 3784 3711; baseline 0.008 -21"><span class='ocrx_word' id='word_1_566' title='bbox 2136 3634 2376 3708; x_wconf 90' lang='lat' dir='ltr'>quidem</span> <span class='ocrx_word' id='word_1_567' title='bbox 2409 3635 2826 3707; x_wconf 86' lang='lat' dir='ltr'>proprietatem</span> <span class='ocrx_word' id='word_1_568' title='bbox 2858 3644 2915 3693; x_wconf 87' lang='lat' dir='ltr'>et</span> <span class='ocrx_word' id='word_1_569' title='bbox 2951 3655 3290 3711; x_wconf 84' lang='lat' dir='ltr'>germanam</span> <span class='ocrx_word' id='word_1_570' title='bbox 3321 3644 3784 3704; x_wconf 87' lang='lat' dir='ltr'>convenientiam</span> 
     </span>
    </p>
   </div>
   <div class='ocr_carea' id='block_1_77' title="bbox 2136 3722 3779 3802">
    <p class='ocr_par' dir='ltr' id='par_1_77' title="bbox 2136 3722 3779 3802">
     <span class='ocr_line' id='line_1_78' title="bbox 2136 3722 3779 3802; baseline 0.007 -22"><span class='ocrx_word' id='word_1_571' title='bbox 2136 3722 2219 3780; x_wconf 92' lang='lat' dir='ltr'>rei</span> <span class='ocrx_word' id='word_1_572' title='bbox 2249 3723 2648 3780; x_wconf 79' lang='lat' dir='ltr'>inexsistentis</span> <span class='ocrx_word' id='word_1_573' title='bbox 2679 3724 2955 3795; x_wconf 85' lang='lat' dir='ltr'>declarat,</span> <span class='ocrx_word' id='word_1_574' title='bbox 2989 3729 3060 3784; x_wconf 84' lang='lat' dir='ltr'>ad</span> <span class='ocrx_word' id='word_1_575' title='bbox 3095 3729 3257 3786; x_wconf 91' lang='lat' dir='ltr'>illam</span> <span class='ocrx_word' id='word_1_576' title='bbox 3288 3731 3348 3787; x_wconf 91' lang='lat' dir='ltr'>in</span> <span class='ocrx_word' id='word_1_577' title='bbox 3385 3749 3503 3802; x_wconf 92' lang='lat' dir='ltr'>qua</span> <span class='ocrx_word' id='word_1_578' title='bbox 3532 3734 3779 3791; x_wconf 83' lang='lat' dir='ltr'>exsistit&#39;</span> 
     </span>
    </p>
   </div>
   <div class='ocr_carea' id='block_1_78' title="bbox 2135 3812 3784 3880">
    <p class='ocr_par' dir='ltr' id='par_1_78' title="bbox 2135 3812 3784 3880">
     <span class='ocr_line' id='line_1_79' title="bbox 2135 3812 3784 3880; baseline 0.007 -12"><span class='ocrx_word' id='word_1_579' title='bbox 2135 3812 2507 3869; x_wconf 86' lang='lat' dir='ltr'>Accidentale</span> <span class='ocrx_word' id='word_1_580' title='bbox 2535 3817 2731 3868; x_wconf 87' lang='lat' dir='ltr'>autem</span> <span class='ocrx_word' id='word_1_581' title='bbox 2764 3813 3021 3871; x_wconf 87' lang='lat' dir='ltr'>alienum</span> <span class='ocrx_word' id='word_1_582' title='bbox 3039 3821 3095 3872; x_wconf 93' lang='lat' dir='ltr'>et</span> <span class='ocrx_word' id='word_1_583' title='bbox 3110 3819 3495 3877; x_wconf 89' lang='lat' dir='ltr'>adventitium</span> <span class='ocrx_word' id='word_1_584' title='bbox 3527 3823 3784 3880; x_wconf 87' lang='lat' dir='ltr'>denotat.</span> 
     </span>
    </p>
   </div>
   <div class='ocr_carea' id='block_1_79' title="bbox 2138 3901 3786 3976">
    <p class='ocr_par' dir='ltr' id='par_1_79' title="bbox 2138 3901 3786 3976">
     <span class='ocr_line' id='line_1_80' title="bbox 2138 3901 3786 3976; baseline 0.008 -19"><span class='ocrx_word' id='word_1_585' title='bbox 2138 3904 2325 3969; x_wconf 87' lang='lat' dir='ltr'>Quare</span> <span class='ocrx_word' id='word_1_586' title='bbox 2355 3902 2527 3958; x_wconf 88' lang='lat' dir='ltr'>etiam</span> <span class='ocrx_word' id='word_1_587' title='bbox 2564 3901 2624 3957; x_wconf 90' lang='lat' dir='ltr'>in</span> <span class='ocrx_word' id='word_1_588' title='bbox 2655 3903 2932 3960; x_wconf 89' lang='lat' dir='ltr'>omnibus</span> <span class='ocrx_word' id='word_1_589' title='bbox 2982 3907 3449 3976; x_wconf 83' lang='lat' dir='ltr'>praedicamentis</span> <span class='ocrx_word' id='word_1_590' title='bbox 3497 3916 3555 3966; x_wconf 90' lang='lat' dir='ltr'>et</span> <span class='ocrx_word' id='word_1_591' title='bbox 3585 3929 3786 3969; x_wconf 85' lang='lat' dir='ltr'>essen-</span> 
     </span>
    </p>
   </div>
   <div class='ocr_carea' id='block_1_80' title="bbox 2137 3991 3784 4074">
    <p class='ocr_par' dir='ltr' id='par_1_80' title="bbox 2137 3991 3784 4074">
     <span class='ocr_line' id='line_1_81' title="bbox 2137 3991 3784 4074; baseline 0.007 -27"><span class='ocrx_word' id='word_1_592' title='bbox 2137 3992 2275 4048; x_wconf 89' lang='lat' dir='ltr'>tiale</span> <span class='ocrx_word' id='word_1_593' title='bbox 2305 3996 2362 4047; x_wconf 91' lang='lat' dir='ltr'>et</span> <span class='ocrx_word' id='word_1_594' title='bbox 2408 3991 2674 4048; x_wconf 64' lang='lat' dir='ltr'>essentia;</span> <span class='ocrx_word' id='word_1_595' title='bbox 2727 3993 3073 4063; x_wconf 75' lang='lat' dir='ltr'>adiunctum</span> <span class='ocrx_word' id='word_1_596' title='bbox 3123 3996 3250 4068; x_wconf 88' lang='lat' dir='ltr'>(seu</span> <span class='ocrx_word' id='word_1_597' title='bbox 3282 3998 3660 4074; x_wconf 89' lang='lat' dir='ltr'>accidentale)</span> <span class='ocrx_word' id='word_1_598' title='bbox 3690 4019 3784 4059; x_wconf 89' lang='lat' dir='ltr'>ac-</span> 
     </span>
    </p>
   </div>
   <div class='ocr_carea' id='block_1_81' title="bbox 2140 4081 2497 4154">
    <p class='ocr_par' dir='ltr' id='par_1_81' title="bbox 2140 4081 2497 4154">
     <span class='ocr_line' id='line_1_82' title="bbox 2140 4081 2497 4154; baseline 0 -16"><span class='ocrx_word' id='word_1_599' title='bbox 2140 4081 2255 4154; x_wconf 90' lang='lat' dir='ltr'>cipi</span> <span class='ocrx_word' id='word_1_600' title='bbox 2285 4085 2497 4153; x_wconf 89' lang='lat' dir='ltr'>potest.</span> 
     </span>
    </p>
   </div>
   <div class='ocr_carea' id='block_1_82' title="bbox 2216 4189 3790 4265">
    <p class='ocr_par' dir='ltr' id='par_1_82' title="bbox 2216 4189 3790 4265">
     <span class='ocr_line' id='line_1_83' title="bbox 2216 4189 3790 4265; baseline 0.006 -20"><span class='ocrx_word' id='word_1_601' title='bbox 2216 4191 2300 4245; x_wconf 84' lang='lat'>15.</span> <span class='ocrx_word' id='word_1_602' title='bbox 2337 4189 2619 4246; x_wconf 72' lang='lat' dir='ltr'>Caeterum</span> <span class='ocrx_word' id='word_1_603' title='bbox 2651 4192 2806 4262; x_wconf 92' lang='lat' dir='ltr'>quod</span> <span class='ocrx_word' id='word_1_604' title='bbox 2834 4196 2922 4247; x_wconf 88' lang='lat' dir='ltr'>est</span> <span class='ocrx_word' id='word_1_605' title='bbox 2949 4191 3008 4246; x_wconf 91' lang='lat' dir='ltr'>in</span> <span class='ocrx_word' id='word_1_606' title='bbox 3040 4191 3258 4265; x_wconf 90' lang='lat' dir='ltr'>aliquo,</span> <span class='ocrx_word' id='word_1_607' title='bbox 3291 4195 3566 4253; x_wconf 90' lang='lat' dir='ltr'>undecim</span> <span class='ocrx_word' id='word_1_608' title='bbox 3597 4198 3790 4254; x_wconf 91' lang='lat' dir='ltr'>modis</span> 
     </span>
    </p>
   </div>
   <div class='ocr_carea' id='block_1_83' title="bbox 2143 4278 3790 4352">
    <p class='ocr_par' dir='ltr' id='par_1_83' title="bbox 2143 4278 3790 4352">
     <span class='ocr_line' id='line_1_84' title="bbox 2143 4278 3790 4352; baseline 0.005 -17"><span class='ocrx_word' id='word_1_609' title='bbox 2143 4278 2397 4348; x_wconf 90' lang='lat' dir='ltr'>dicitur;</span> <span class='ocrx_word' id='word_1_610' title='bbox 2431 4285 2497 4335; x_wconf 87' lang='lat' dir='ltr'>ut</span> <span class='ocrx_word' id='word_1_611' title='bbox 2543 4295 2729 4352; x_wconf 90' lang='lat' dir='ltr'>genus</span> <span class='ocrx_word' id='word_1_612' title='bbox 2777 4281 2835 4334; x_wconf 90' lang='lat' dir='ltr'>in</span> <span class='ocrx_word' id='word_1_613' title='bbox 2888 4280 3096 4352; x_wconf 90' lang='lat' dir='ltr'>specie,</span> <span class='ocrx_word' id='word_1_614' title='bbox 3130 4282 3288 4338; x_wconf 90' lang='lat' dir='ltr'>velut</span> <span class='ocrx_word' id='word_1_615' title='bbox 3336 4284 3556 4342; x_wconf 88' lang='lat' dir='ltr'>animal</span> <span class='ocrx_word' id='word_1_616' title='bbox 3603 4286 3664 4342; x_wconf 90' lang='lat' dir='ltr'>in</span> <span class='ocrx_word' id='word_1_617' title='bbox 3691 4286 3790 4344; x_wconf 87' lang='lat' dir='ltr'>bo-</span> 
     </span>
    </p>
   </div>
   <div class='ocr_carea' id='block_1_84' title="bbox 2146 4368 3789 4432">
    <p class='ocr_par' dir='ltr' id='par_1_84' title="bbox 2146 4368 3789 4432">
     <span class='ocr_line' id='line_1_85' title="bbox 2146 4368 3789 4432; baseline 0.005 -8"><span class='ocrx_word' id='word_1_618' title='bbox 2146 4368 2323 4424; x_wconf 89' lang='lat' dir='ltr'>mine.</span> <span class='ocrx_word' id='word_1_619' title='bbox 2357 4370 2508 4424; x_wconf 73' lang='lat'>141</span> <span class='ocrx_word' id='word_1_620' title='bbox 2541 4372 2736 4425; x_wconf 91' lang='lat' dir='ltr'>Genus</span> <span class='ocrx_word' id='word_1_621' title='bbox 2766 4368 2923 4425; x_wconf 90' lang='lat' dir='ltr'>enim</span> <span class='ocrx_word' id='word_1_622' title='bbox 2971 4387 3107 4426; x_wconf 90' lang='lat' dir='ltr'>cum</span> <span class='ocrx_word' id='word_1_623' title='bbox 3149 4388 3219 4427; x_wconf 86' lang='lat' dir='ltr'>ex</span> <span class='ocrx_word' id='word_1_624' title='bbox 3266 4374 3656 4431; x_wconf 86' lang='lat' dir='ltr'>abstractione</span> <span class='ocrx_word' id='word_1_625' title='bbox 3685 4375 3789 4432; x_wconf 87' lang='lat' dir='ltr'>ha-</span> 
     </span>
    </p>
   </div>
   <div class='ocr_carea' id='block_1_85' title="bbox 370 4457 2030 4536">
    <p class='ocr_par' dir='ltr' id='par_1_85' title="bbox 370 4459 2030 4534">
     <span class='ocr_line' id='line_1_86' title="bbox 370 4459 2030 4534; baseline 0.001 -16"><span class='ocrx_word' id='word_1_626' title='bbox 370 4482 520 4518; x_wconf 87' lang='grc' dir='ltr'>νεται</span> <span class='ocrx_word' id='word_1_627' title='bbox 569 4467 678 4520; x_wconf 88' lang='grc' dir='ltr'>τῶν</span> <span class='ocrx_word' id='word_1_628' title='bbox 730 4461 913 4534; x_wconf 77' lang='grc' dir='ltr'>εἱδῶν,</span> <span class='ocrx_word' id='word_1_629' title='bbox 964 4463 1054 4518; x_wconf 87' lang='grc' dir='ltr'>καὶ</span> <span class='ocrx_word' id='word_1_630' title='bbox 1102 4463 1284 4519; x_wconf 89' lang='grc' dir='ltr'>κοινὸν</span> <span class='ocrx_word' id='word_1_631' title='bbox 1320 4467 1437 4525; x_wconf 84' lang='grc' dir='ltr'>τοῖς</span> <span class='ocrx_word' id='word_1_632' title='bbox 1486 4459 1678 4518; x_wconf 78' lang='grc' dir='ltr'>εἷ’δεσιν</span> <span class='ocrx_word' id='word_1_633' title='bbox 1733 4465 1896 4519; x_wconf 83' lang='grc' dir='ltr'>ἅπασι</span> <span class='ocrx_word' id='word_1_634' title='bbox 1946 4464 2030 4519; x_wconf 73' lang='grc' dir='ltr'>καὶ</span> 
     </span>
    </p>
   </div>
   <div class='ocr_carea' id='block_1_86' title="bbox 2152 4457 3794 4536">
    <p class='ocr_par' dir='ltr' id='par_1_86' title="bbox 2152 4457 3794 4536">
     <span class='ocr_line' id='line_1_87' title="bbox 2152 4457 3794 4536; baseline 0.005 -23"><span class='ocrx_word' id='word_1_635' title='bbox 2152 4458 2282 4514; x_wconf 89' lang='lat' dir='ltr'>beat</span> <span class='ocrx_word' id='word_1_636' title='bbox 2326 4457 2750 4524; x_wconf 85' lang='lat' dir='ltr'>exsistentiam,</span> <span class='ocrx_word' id='word_1_637' title='bbox 2782 4462 2970 4515; x_wconf 90' lang='lat' dir='ltr'>totum</span> <span class='ocrx_word' id='word_1_638' title='bbox 3001 4464 3090 4516; x_wconf 89' lang='lat' dir='ltr'>est</span> <span class='ocrx_word' id='word_1_639' title='bbox 3127 4460 3186 4516; x_wconf 92' lang='lat' dir='ltr'>in</span> <span class='ocrx_word' id='word_1_640' title='bbox 3235 4462 3441 4533; x_wconf 90' lang='lat' dir='ltr'>quavis</span> <span class='ocrx_word' id='word_1_641' title='bbox 3491 4464 3703 4536; x_wconf 88' lang='lat' dir='ltr'>specie,</span> <span class='ocrx_word' id='word_1_642' title='bbox 3735 4469 3794 4521; x_wconf 88' lang='lat' dir='ltr'>et</span> 
     </span>
    </p>
   </div>
   <div class='ocr_carea' id='block_1_87' title="bbox 375 4547 2030 4630">
    <p class='ocr_par' dir='ltr' id='par_1_87' title="bbox 375 4548 2030 4630">
     <span class='ocr_line' id='line_1_88' title="bbox 375 4548 2030 4630; baseline 0.001 -23"><span class='ocrx_word' id='word_1_643' title='bbox 375 4548 552 4607; x_wconf 81' lang='grc' dir='ltr'>ίδικὸν</span> <span class='ocrx_word' id='word_1_644' title='bbox 610 4551 685 4608; x_wconf 73' lang='grc' dir='ltr'>ἑνὶ</span> <span class='ocrx_word' id='word_1_645' title='bbox 740 4551 950 4624; x_wconf 73' lang='grc' dir='ltr'>ἑκάστῳ</span> <span class='ocrx_word' id='word_1_646' title='bbox 1003 4548 1132 4607; x_wconf 74' lang='grc' dir='ltr'>εἷ’δει</span> <span class='ocrx_word' id='word_1_647' title='bbox 1193 4550 1326 4608; x_wconf 80' lang='grc' dir='ltr'>ἐστί.</span> <span class='ocrx_word' id='word_1_648' title='bbox 1388 4551 1577 4616; x_wconf 84' lang='grc' dir='ltr'>Καθὼς</span> <span class='ocrx_word' id='word_1_649' title='bbox 1635 4554 1670 4622; x_wconf 80' lang='grc' dir='ltr'><strong>ἡ</strong></span> <span class='ocrx_word' id='word_1_650' title='bbox 1729 4553 1884 4630; x_wconf 79' lang='grc' dir='ltr'>φωνή</span> <span class='ocrx_word' id='word_1_651' title='bbox 1939 4557 2030 4608; x_wconf 82' lang='lat'>106</span> 
     </span>
    </p>
   </div>
   <div class='ocr_carea' id='block_1_88' title="bbox 2152 4547 3794 4630">
    <p class='ocr_par' dir='ltr' id='par_1_88' title="bbox 2152 4547 3794 4624">
     <span class='ocr_line' id='line_1_89' title="bbox 2152 4547 3794 4624; baseline 0.004 -20"><span class='ocrx_word' id='word_1_652' title='bbox 2152 4547 2426 4604; x_wconf 88' lang='lat' dir='ltr'>omnibus</span> <span class='ocrx_word' id='word_1_653' title='bbox 2475 4547 2780 4620; x_wconf 91' lang='lat' dir='ltr'>speciebus</span> <span class='ocrx_word' id='word_1_654' title='bbox 2829 4565 3139 4604; x_wconf 90' lang='lat' dir='ltr'>commune</span> <span class='ocrx_word' id='word_1_655' title='bbox 3196 4554 3254 4606; x_wconf 88' lang='lat' dir='ltr'>et</span> <span class='ocrx_word' id='word_1_656' title='bbox 3309 4553 3520 4624; x_wconf 88' lang='lat' dir='ltr'>cuique</span> <span class='ocrx_word' id='word_1_657' title='bbox 3578 4553 3794 4624; x_wconf 87' lang='lat' dir='ltr'>speciei</span> 
     </span>
    </p>
   </div>
   <div class='ocr_carea' id='block_1_89' title="bbox 371 4637 2030 4716">
    <p class='ocr_par' dir='ltr' id='par_1_89' title="bbox 371 4638 2030 4716">
     <span class='ocr_line' id='line_1_90' title="bbox 371 4638 2030 4716; baseline -0.001 -19"><span class='ocrx_word' id='word_1_658' title='bbox 371 4642 614 4716; x_wconf 73' lang='grc' dir='ltr'>κήρυκος</span> <span class='ocrx_word' id='word_1_659' title='bbox 669 4647 788 4705; x_wconf 88' lang='grc' dir='ltr'>τοῖς</span> <span class='ocrx_word' id='word_1_660' title='bbox 847 4639 1136 4710; x_wconf 80' lang='grc' dir='ltr'>ἀκούουσι,</span> <span class='ocrx_word' id='word_1_661' title='bbox 1188 4639 1278 4695; x_wconf 84' lang='grc' dir='ltr'>καὶ</span> <span class='ocrx_word' id='word_1_662' title='bbox 1324 4643 1360 4710; x_wconf 85' lang='grc' dir='ltr'><strong>ἡ</strong></span> <span class='ocrx_word' id='word_1_663' title='bbox 1412 4638 1517 4711; x_wconf 79' lang='grc' dir='ltr'>ὕλη</span> <span class='ocrx_word' id='word_1_664' title='bbox 1566 4646 1685 4703; x_wconf 86' lang='grc' dir='ltr'>τοῖς</span> <span class='ocrx_word' id='word_1_665' title='bbox 1735 4641 1786 4697; x_wconf 80' lang='grc' dir='ltr'>ἐν</span> <span class='ocrx_word' id='word_1_666' title='bbox 1818 4641 2030 4716; x_wconf 86' lang='grc' dir='ltr'>κόσμῳ,</span> 
     </span>
    </p>
   </div>
   <div class='ocr_carea' id='block_1_90' title="bbox 2152 4637 3790 4716">
    <p class='ocr_par' dir='ltr' id='par_1_90' title="bbox 2152 4637 3790 4713">
     <span class='ocr_line' id='line_1_91' title="bbox 2152 4637 3790 4713; baseline 0.004 -21"><span class='ocrx_word' id='word_1_667' title='bbox 2152 4637 2447 4710; x_wconf 91' lang='lat' dir='ltr'>proprium</span> <span class='ocrx_word' id='word_1_668' title='bbox 2495 4643 2583 4693; x_wconf 83' lang='lat' dir='ltr'>est</span> <span class='ocrx_word' id='word_1_669' title='bbox 2615 4654 2628 4692; x_wconf 87' lang='lat'><strong>:</strong></span> <span class='ocrx_word' id='word_1_670' title='bbox 2664 4637 3169 4703; x_wconf 88' lang='lat' dir='ltr'>Quemadmodum</span> <span class='ocrx_word' id='word_1_671' title='bbox 3217 4657 3326 4695; x_wconf 85' lang='lat' dir='ltr'>vox</span> <span class='ocrx_word' id='word_1_672' title='bbox 3373 4641 3654 4713; x_wconf 75' lang='lat' dir='ltr'>praeconis</span> <span class='ocrx_word' id='word_1_673' title='bbox 3686 4660 3790 4699; x_wconf 93' lang='lat' dir='ltr'>au-</span> 
     </span>
    </p>
   </div>
   <div class='ocr_carea' id='block_1_91' title="bbox 369 4726 2030 4807">
    <p class='ocr_par' dir='ltr' id='par_1_91' title="bbox 369 4727 2030 4807">
     <span class='ocr_line' id='line_1_92' title="bbox 369 4727 2030 4807; baseline 0.001 -22"><span class='ocrx_word' id='word_1_674' title='bbox 369 4727 556 4785; x_wconf 82' lang='grc' dir='ltr'>καὶτὸ</span> <span class='ocrx_word' id='word_1_675' title='bbox 579 4733 678 4785; x_wconf 91' lang='lat'>106</span> <span class='ocrx_word' id='word_1_676' title='bbox 707 4727 914 4786; x_wconf 89' lang='grc' dir='ltr'>κύκλου</span> <span class='ocrx_word' id='word_1_677' title='bbox 955 4730 1174 4807; x_wconf 88' lang='grc' dir='ltr'>κέντρον</span> <span class='ocrx_word' id='word_1_678' title='bbox 1219 4733 1340 4791; x_wconf 86' lang='grc' dir='ltr'>ταῖς</span> <span class='ocrx_word' id='word_1_679' title='bbox 1388 4727 1438 4798; x_wconf 82' lang='grc' dir='ltr'>ἐξ</span> <span class='ocrx_word' id='word_1_680' title='bbox 1489 4728 1654 4784; x_wconf 80' lang='grc' dir='ltr'>αὐτοῦ</span> <span class='ocrx_word' id='word_1_681' title='bbox 1695 4727 1760 4800; x_wconf 79' lang='grc' dir='ltr'>δὴ</span> <span class='ocrx_word' id='word_1_682' title='bbox 1793 4734 1888 4786; x_wconf 87' lang='lat'>106</span> <span class='ocrx_word' id='word_1_683' title='bbox 1917 4733 2030 4787; x_wconf 92' lang='grc' dir='ltr'>κέν-</span> 
     </span>
    </p>
   </div>
   <div class='ocr_carea' id='block_1_92' title="bbox 2152 4726 3797 4807">
    <p class='ocr_par' dir='ltr' id='par_1_92' title="bbox 2152 4726 3797 4800">
     <span class='ocr_line' id='line_1_93' title="bbox 2152 4726 3797 4800; baseline 0.004 -18"><span class='ocrx_word' id='word_1_684' title='bbox 2152 4726 2464 4794; x_wconf 88' lang='lat' dir='ltr'>dientibus,</span> <span class='ocrx_word' id='word_1_685' title='bbox 2498 4732 2555 4782; x_wconf 90' lang='lat' dir='ltr'>et</span> <span class='ocrx_word' id='word_1_686' title='bbox 2601 4727 2846 4783; x_wconf 86' lang='lat' dir='ltr'>materia</span> <span class='ocrx_word' id='word_1_687' title='bbox 2892 4727 2964 4784; x_wconf 91' lang='lat' dir='ltr'>iis</span> <span class='ocrx_word' id='word_1_688' title='bbox 2994 4745 3120 4800; x_wconf 80' lang='lat' dir='ltr'>quae</span> <span class='ocrx_word' id='word_1_689' title='bbox 3170 4728 3228 4784; x_wconf 91' lang='lat' dir='ltr'>in</span> <span class='ocrx_word' id='word_1_690' title='bbox 3281 4731 3500 4786; x_wconf 90' lang='lat' dir='ltr'>mundo</span> <span class='ocrx_word' id='word_1_691' title='bbox 3546 4736 3705 4798; x_wconf 90' lang='lat' dir='ltr'>sunt,</span> <span class='ocrx_word' id='word_1_692' title='bbox 3738 4737 3797 4788; x_wconf 89' lang='lat' dir='ltr'>et</span> 
     </span>
    </p>
   </div>
   <div class='ocr_carea' id='block_1_93' title="bbox 373 4814 2030 4896">
    <p class='ocr_par' dir='ltr' id='par_1_93' title="bbox 373 4815 2030 4896">
     <span class='ocr_line' id='line_1_94' title="bbox 373 4815 2030 4896; baseline 0.001 -23"><span class='ocrx_word' id='word_1_693' title='bbox 373 4837 508 4895; x_wconf 86' lang='grc' dir='ltr'>τρου</span> <span class='ocrx_word' id='word_1_694' title='bbox 566 4817 901 4896; x_wconf 85' lang='grc' dir='ltr'>ἀρχομέναις</span> <span class='ocrx_word' id='word_1_695' title='bbox 955 4817 1204 4881; x_wconf 83' lang='grc' dir='ltr'>εὐθείαις·</span> <span class='ocrx_word' id='word_1_696' title='bbox 1266 4817 1340 4880; x_wconf 89' lang='grc' dir='ltr'>ώς</span> <span class='ocrx_word' id='word_1_697' title='bbox 1398 4815 1540 4882; x_wconf 77' lang='grc' dir='ltr'>εἶδος</span> <span class='ocrx_word' id='word_1_698' title='bbox 1600 4817 1651 4874; x_wconf 79' lang='grc' dir='ltr'>ἐν</span> <span class='ocrx_word' id='word_1_699' title='bbox 1708 4821 1870 4896; x_wconf 81' lang='grc' dir='ltr'>γένει,</span> <span class='ocrx_word' id='word_1_700' title='bbox 1919 4823 2030 4876; x_wconf 82' lang='grc' dir='ltr'>οἷον</span> 
     </span>
    </p>
   </div>
   <div class='ocr_carea' id='block_1_94' title="bbox 2152 4814 3792 4896">
    <p class='ocr_par' dir='ltr' id='par_1_94' title="bbox 2152 4814 3792 4892">
     <span class='ocr_line' id='line_1_95' title="bbox 2152 4814 3792 4892; baseline 0.004 -20"><span class='ocrx_word' id='word_1_701' title='bbox 2152 4818 2414 4872; x_wconf 89' lang='lat' dir='ltr'>centrum</span> <span class='ocrx_word' id='word_1_702' title='bbox 2465 4814 2665 4870; x_wconf 90' lang='lat' dir='ltr'>circuli</span> <span class='ocrx_word' id='word_1_703' title='bbox 2719 4817 2892 4871; x_wconf 80' lang='lat' dir='ltr'>rectis</span> <span class='ocrx_word' id='word_1_704' title='bbox 2921 4833 3045 4888; x_wconf 85' lang='lat' dir='ltr'>quae</span> <span class='ocrx_word' id='word_1_705' title='bbox 3098 4833 3166 4872; x_wconf 87' lang='lat' dir='ltr'>ex</span> <span class='ocrx_word' id='word_1_706' title='bbox 3193 4833 3257 4873; x_wconf 92' lang='lat' dir='ltr'>eo</span> <span class='ocrx_word' id='word_1_707' title='bbox 3298 4817 3544 4888; x_wconf 86' lang='lat' dir='ltr'>(scilicet</span> <span class='ocrx_word' id='word_1_708' title='bbox 3572 4821 3792 4892; x_wconf 91' lang='lat' dir='ltr'>centro)</span> 
     </span>
    </p>
   </div>
   <div class='ocr_carea' id='block_1_95' title="bbox 381 4903 2030 4985">
    <p class='ocr_par' dir='ltr' id='par_1_95' title="bbox 381 4904 2030 4985">
     <span class='ocr_line' id='line_1_96' title="bbox 381 4904 2030 4985; baseline 0.003 -24"><span class='ocrx_word' id='word_1_709' title='bbox 381 4908 412 4962; x_wconf 97' lang='lat'>6</span> <span class='ocrx_word' id='word_1_710' title='bbox 442 4904 730 4982; x_wconf 80' lang='grc' dir='ltr'>ἄνθρωπος</span> <span class='ocrx_word' id='word_1_711' title='bbox 781 4907 834 4963; x_wconf 85' lang='grc' dir='ltr'>έν</span> <span class='ocrx_word' id='word_1_712' title='bbox 881 4911 961 4980; x_wconf 79' lang='grc' dir='ltr'>τῷ</span> <span class='ocrx_word' id='word_1_713' title='bbox 1014 4909 1161 4980; x_wconf 84' lang='grc' dir='ltr'>ζώῳ.</span> <span class='ocrx_word' id='word_1_714' title='bbox 1209 4907 1533 4984; x_wconf 86' lang='grc' dir='ltr'>Περιέχεται</span> <span class='ocrx_word' id='word_1_715' title='bbox 1561 4909 1662 4985; x_wconf 82' lang='grc' dir='ltr'>γὰρ</span> <span class='ocrx_word' id='word_1_716' title='bbox 1695 4911 1724 4964; x_wconf 91' lang='lat'>6</span> <span class='ocrx_word' id='word_1_717' title='bbox 1754 4907 2030 4985; x_wconf 80' lang='grc' dir='ltr'>ἄνθρωπος</span> 
     </span>
    </p>
   </div>
   <div class='ocr_carea' id='block_1_96' title="bbox 2152 4903 3794 4985">
    <p class='ocr_par' dir='ltr' id='par_1_96' title="bbox 2152 4903 3794 4978">
     <span class='ocr_line' id='line_1_97' title="bbox 2152 4903 3794 4978; baseline 0.004 -19"><span class='ocrx_word' id='word_1_718' title='bbox 2152 4903 2476 4976; x_wconf 88' lang='lat' dir='ltr'>incipiunt;</span> <span class='ocrx_word' id='word_1_719' title='bbox 2529 4908 2594 4959; x_wconf 93' lang='lat' dir='ltr'>ut</span> <span class='ocrx_word' id='word_1_720' title='bbox 2640 4905 2862 4976; x_wconf 88' lang='lat' dir='ltr'>species</span> <span class='ocrx_word' id='word_1_721' title='bbox 2906 4905 2968 4961; x_wconf 91' lang='lat' dir='ltr'>in</span> <span class='ocrx_word' id='word_1_722' title='bbox 3011 4922 3240 4978; x_wconf 84' lang='lat' dir='ltr'>genere,</span> <span class='ocrx_word' id='word_1_723' title='bbox 3273 4905 3450 4962; x_wconf 90' lang='lat' dir='ltr'>veluti</span> <span class='ocrx_word' id='word_1_724' title='bbox 3502 4908 3678 4964; x_wconf 90' lang='lat' dir='ltr'>homo</span> <span class='ocrx_word' id='word_1_725' title='bbox 3731 4909 3794 4965; x_wconf 89' lang='lat' dir='ltr'>in</span> 
     </span>
    </p>
   </div>
   <div class='ocr_carea' id='block_1_97' title="bbox 380 4992 2030 5073">
    <p class='ocr_par' dir='ltr' id='par_1_97' title="bbox 380 4993 2030 5073">
     <span class='ocr_line' id='line_1_98' title="bbox 380 4993 2030 5073; baseline 0.002 -23"><span class='ocrx_word' id='word_1_726' title='bbox 380 4993 434 5051; x_wconf 78' lang='grc' dir='ltr'>ἰν</span> <span class='ocrx_word' id='word_1_727' title='bbox 465 4999 546 5069; x_wconf 79' lang='grc' dir='ltr'>τῷ</span> <span class='ocrx_word' id='word_1_728' title='bbox 577 4997 726 5070; x_wconf 81' lang='grc' dir='ltr'>ζώῳ,</span> <span class='ocrx_word' id='word_1_729' title='bbox 751 4997 841 5053; x_wconf 83' lang='grc' dir='ltr'>καὶ</span> <span class='ocrx_word' id='word_1_730' title='bbox 872 5003 978 5052; x_wconf 81' lang='grc' dir='ltr'>πᾶν</span> <span class='ocrx_word' id='word_1_731' title='bbox 1010 4993 1153 5059; x_wconf 79' lang='grc' dir='ltr'>εἶδος</span> <span class='ocrx_word' id='word_1_732' title='bbox 1185 4995 1236 5051; x_wconf 79' lang='grc' dir='ltr'>ἐν</span> <span class='ocrx_word' id='word_1_733' title='bbox 1267 5001 1346 5068; x_wconf 82' lang='grc' dir='ltr'>τῷ</span> <span class='ocrx_word' id='word_1_734' title='bbox 1378 4995 1566 5070; x_wconf 77' lang='grc' dir='ltr'>οἰκείῳ</span> <span class='ocrx_word' id='word_1_735' title='bbox 1596 4998 1762 5073; x_wconf 82' lang='grc' dir='ltr'>γένει,</span> <span class='ocrx_word' id='word_1_736' title='bbox 1792 4998 1866 5061; x_wconf 87' lang='grc' dir='ltr'>ὠς</span> <span class='ocrx_word' id='word_1_737' title='bbox 1907 4998 2030 5054; x_wconf 84' lang='grc' dir='ltr'>ὅλον</span> 
     </span>
    </p>
   </div>
   <div class='ocr_carea' id='block_1_98' title="bbox 2152 4992 3796 5073">
    <p class='ocr_par' dir='ltr' id='par_1_98' title="bbox 2152 4992 3796 5055">
     <span class='ocr_line' id='line_1_99' title="bbox 2152 4992 3796 5055; baseline 0.005 -8"><span class='ocrx_word' id='word_1_738' title='bbox 2152 4992 2410 5048; x_wconf 87' lang='lat' dir='ltr'>animali.</span> <span class='ocrx_word' id='word_1_739' title='bbox 2437 4993 2780 5050; x_wconf 88' lang='lat' dir='ltr'>Continetur</span> <span class='ocrx_word' id='word_1_740' title='bbox 2807 4995 2962 5050; x_wconf 90' lang='lat' dir='ltr'>enim</span> <span class='ocrx_word' id='word_1_741' title='bbox 2987 4996 3160 5051; x_wconf 87' lang='lat' dir='ltr'>homo</span> <span class='ocrx_word' id='word_1_742' title='bbox 3181 4997 3240 5051; x_wconf 90' lang='lat' dir='ltr'>in</span> <span class='ocrx_word' id='word_1_743' title='bbox 3264 4997 3504 5052; x_wconf 89' lang='lat' dir='ltr'>animali</span> <span class='ocrx_word' id='word_1_744' title='bbox 3525 5002 3581 5054; x_wconf 92' lang='lat' dir='ltr'>et</span> <span class='ocrx_word' id='word_1_745' title='bbox 3603 4999 3796 5055; x_wconf 87' lang='lat' dir='ltr'>omnis</span> 
     </span>
    </p>
   </div>
   <div class='ocr_carea' id='block_1_99' title="bbox 383 5082 2030 5164">
    <p class='ocr_par' dir='ltr' id='par_1_99' title="bbox 383 5083 2030 5164">
     <span class='ocr_line' id='line_1_100' title="bbox 383 5083 2030 5164; baseline 0.002 -24"><span class='ocrx_word' id='word_1_746' title='bbox 383 5083 436 5140; x_wconf 75' lang='grc' dir='ltr'>ἐν</span> <span class='ocrx_word' id='word_1_747' title='bbox 472 5086 680 5163; x_wconf 82' lang='grc' dir='ltr'>μέρεσι,</span> <span class='ocrx_word' id='word_1_748' title='bbox 722 5085 962 5164; x_wconf 86' lang='grc' dir='ltr'>καθάπερ</span> <span class='ocrx_word' id='word_1_749' title='bbox 1012 5087 1040 5140; x_wconf 90' lang='lat'>6</span> <span class='ocrx_word' id='word_1_750' title='bbox 1097 5087 1396 5161; x_wconf 87' lang='grc' dir='ltr'>Σωκράτης</span> <span class='ocrx_word' id='word_1_751' title='bbox 1443 5085 1494 5140; x_wconf 86' lang='grc' dir='ltr'>έν</span> <span class='ocrx_word' id='word_1_752' title='bbox 1545 5093 1662 5149; x_wconf 87' lang='grc' dir='ltr'>τοῖς</span> <span class='ocrx_word' id='word_1_753' title='bbox 1717 5088 1907 5144; x_wconf 71' lang='grc' dir='ltr'>ἑαυτοῦ</span> <span class='ocrx_word' id='word_1_754' title='bbox 1943 5090 2030 5162; x_wconf 82' lang='grc' dir='ltr'>μέ·</span> 
     </span>
    </p>
   </div>
   <div class='ocr_carea' id='block_1_100' title="bbox 2152 5082 3798 5164">
    <p class='ocr_par' dir='ltr' id='par_1_100' title="bbox 2152 5082 3798 5158">
     <span class='ocr_line' id='line_1_101' title="bbox 2152 5082 3798 5158; baseline 0.003 -18"><span class='ocrx_word' id='word_1_755' title='bbox 2152 5083 2372 5156; x_wconf 90' lang='lat' dir='ltr'>species</span> <span class='ocrx_word' id='word_1_756' title='bbox 2420 5082 2478 5138; x_wconf 90' lang='lat' dir='ltr'>in</span> <span class='ocrx_word' id='word_1_757' title='bbox 2533 5084 2762 5156; x_wconf 91' lang='lat' dir='ltr'>proprio</span> <span class='ocrx_word' id='word_1_758' title='bbox 2811 5101 3054 5156; x_wconf 86' lang='lat' dir='ltr'>genere;</span> <span class='ocrx_word' id='word_1_759' title='bbox 3089 5090 3153 5140; x_wconf 88' lang='lat' dir='ltr'>ut</span> <span class='ocrx_word' id='word_1_760' title='bbox 3198 5091 3382 5141; x_wconf 72' lang='lat' dir='ltr'>totum</span> <span class='ocrx_word' id='word_1_761' title='bbox 3422 5087 3481 5142; x_wconf 90' lang='lat' dir='ltr'>in</span> <span class='ocrx_word' id='word_1_762' title='bbox 3529 5089 3798 5158; x_wconf 87' lang='lat' dir='ltr'>partibus</span> 
     </span>
    </p>
   </div>
   <div class='ocr_carea' id='block_1_101' title="bbox 385 5173 2039 5254">
    <p class='ocr_par' dir='ltr' id='par_1_101' title="bbox 385 5173 2039 5254">
     <span class='ocr_line' id='line_1_102' title="bbox 385 5173 2039 5254; baseline 0.002 -25"><span class='ocrx_word' id='word_1_763' title='bbox 385 5193 524 5251; x_wconf 89' lang='grc' dir='ltr'>ρεσι,</span> <span class='ocrx_word' id='word_1_764' title='bbox 582 5173 796 5254; x_wconf 75' lang='grc' dir='ltr'>κεφαλῇ</span> <span class='ocrx_word' id='word_1_765' title='bbox 830 5223 844 5248; x_wconf 87' lang='grc'>,</span> <span class='ocrx_word' id='word_1_766' title='bbox 899 5175 1080 5254; x_wconf 86' lang='grc' dir='ltr'>χερσὶ,</span> <span class='ocrx_word' id='word_1_767' title='bbox 1132 5175 1282 5248; x_wconf 77' lang='grc' dir='ltr'>ποσὶ,</span> <span class='ocrx_word' id='word_1_768' title='bbox 1339 5175 1428 5231; x_wconf 81' lang='grc' dir='ltr'>καὶ</span> <span class='ocrx_word' id='word_1_769' title='bbox 1478 5180 1597 5238; x_wconf 85' lang='grc' dir='ltr'>τοῖς</span> <span class='ocrx_word' id='word_1_770' title='bbox 1655 5174 1848 5241; x_wconf 78' lang='grc' dir='ltr'>ἄλλοις</span> <span class='ocrx_word' id='word_1_771' title='bbox 1885 5198 1898 5210; x_wconf 82' lang='grc'><em>’</em></span> <span class='ocrx_word' id='word_1_772' title='bbox 1950 5178 2039 5233; x_wconf 80' lang='grc' dir='ltr'>καὶ</span> 
     </span>
    </p>
   </div>
   <div class='ocr_carea' id='block_1_102' title="bbox 383 5261 2042 5342">
    <p class='ocr_par' dir='ltr' id='par_1_102' title="bbox 383 5261 2042 5342">
     <span class='ocr_line' id='line_1_103' title="bbox 383 5261 2042 5342; baseline 0.003 -24"><span class='ocrx_word' id='word_1_773' title='bbox 383 5267 546 5319; x_wconf 76' lang='grc' dir='ltr'>τοῦτο</span> <span class='ocrx_word' id='word_1_774' title='bbox 595 5261 644 5320; x_wconf 90' lang='grc' dir='ltr'>δ’</span> <span class='ocrx_word' id='word_1_775' title='bbox 689 5261 747 5320; x_wconf 72' lang='grc' dir='ltr'>ἕν</span> <span class='ocrx_word' id='word_1_776' title='bbox 793 5265 932 5321; x_wconf 91' lang='grc' dir='ltr'>τισίν</span> <span class='ocrx_word' id='word_1_777' title='bbox 975 5265 1108 5338; x_wconf 80' lang='grc' dir='ltr'>ἐστι,</span> <span class='ocrx_word' id='word_1_778' title='bbox 1158 5265 1249 5320; x_wconf 85' lang='grc' dir='ltr'>καὶ</span> <span class='ocrx_word' id='word_1_779' title='bbox 1301 5264 1401 5320; x_wconf 87' lang='grc' dir='ltr'>οὐκ</span> <span class='ocrx_word' id='word_1_780' title='bbox 1445 5263 1500 5319; x_wconf 76' lang='grc' dir='ltr'>ἓν</span> <span class='ocrx_word' id='word_1_781' title='bbox 1543 5285 1672 5324; x_wconf 90' lang='grc' dir='ltr'>τινι.</span> <span class='ocrx_word' id='word_1_782' title='bbox 1704 5267 1931 5342; x_wconf 86' lang='grc' dir='ltr'>Λέγεται</span> <span class='ocrx_word' id='word_1_783' title='bbox 1983 5265 2042 5324; x_wconf 75' lang='grc' dir='ltr'>δὲ</span> 
     </span>
    </p>
   </div>
   <div class='ocr_carea' id='block_1_103' title="bbox 389 5350 2044 5431">
    <p class='ocr_par' dir='ltr' id='par_1_103' title="bbox 389 5350 2044 5431">
     <span class='ocr_line' id='line_1_104' title="bbox 389 5350 2044 5431; baseline 0.002 -22"><span class='ocrx_word' id='word_1_784' title='bbox 389 5352 554 5430; x_wconf 79' lang='grc' dir='ltr'>μέρος</span> <span class='ocrx_word' id='word_1_785' title='bbox 591 5355 686 5428; x_wconf 79' lang='grc' dir='ltr'>μὲν</span> <span class='ocrx_word' id='word_1_786' title='bbox 720 5353 877 5410; x_wconf 88' lang='grc' dir='ltr'>ὅλου·</span> <span class='ocrx_word' id='word_1_787' title='bbox 915 5352 1046 5409; x_wconf 89' lang='grc' dir='ltr'>ὅλον</span> <span class='ocrx_word' id='word_1_788' title='bbox 1103 5351 1161 5408; x_wconf 76' lang='grc' dir='ltr'>δὲ</span> <span class='ocrx_word' id='word_1_789' title='bbox 1204 5358 1382 5431; x_wconf 89' lang='grc' dir='ltr'>μερῶν</span> <span class='ocrx_word' id='word_1_790' title='bbox 1426 5350 1700 5428; x_wconf 86' lang='grc' dir='ltr'>οὐδαμῶς,</span> <span class='ocrx_word' id='word_1_791' title='bbox 1750 5353 1878 5410; x_wconf 89' lang='grc' dir='ltr'>ἀλλ’</span> <span class='ocrx_word' id='word_1_792' title='bbox 1913 5354 2044 5412; x_wconf 83' lang='grc' dir='ltr'>ὅλον</span> 
     </span>
    </p>
   </div>
   <div class='ocr_carea' id='block_1_104' title="bbox 384 5440 2040 5522">
    <p class='ocr_par' dir='ltr' id='par_1_104' title="bbox 384 5440 2040 5522">
     <span class='ocr_line' id='line_1_105' title="bbox 384 5440 2040 5522; baseline 0.002 -26"><span class='ocrx_word' id='word_1_793' title='bbox 384 5440 438 5497; x_wconf 77' lang='grc' dir='ltr'>ἐν</span> <span class='ocrx_word' id='word_1_794' title='bbox 504 5443 718 5520; x_wconf 84' lang='grc' dir='ltr'>μέρεσιν</span> <span class='ocrx_word' id='word_1_795' title='bbox 751 5487 767 5502; x_wconf 94' lang='grc'><strong>.</strong></span> <span class='ocrx_word' id='word_1_796' title='bbox 827 5444 915 5507; x_wconf 87' lang='grc' dir='ltr'>Ὦς</span> <span class='ocrx_word' id='word_1_797' title='bbox 978 5443 1139 5521; x_wconf 81' lang='grc' dir='ltr'>μέρος</span> <span class='ocrx_word' id='word_1_798' title='bbox 1200 5442 1252 5498; x_wconf 80' lang='grc' dir='ltr'>ἐν</span> <span class='ocrx_word' id='word_1_799' title='bbox 1313 5442 1468 5515; x_wconf 73' lang='grc' dir='ltr'>ὅλῳ*</span> <span class='ocrx_word' id='word_1_800' title='bbox 1529 5442 1764 5520; x_wconf 86' lang='grc' dir='ltr'>καθάπερ</span> <span class='ocrx_word' id='word_1_801' title='bbox 1827 5447 1951 5522; x_wconf 85' lang='grc' dir='ltr'>χεὶρ</span> <span class='ocrx_word' id='word_1_802' title='bbox 2004 5447 2040 5517; x_wconf 79' lang='grc' dir='ltr'>ἦ</span> 
     </span>
    </p>
   </div>
   <div class='ocr_carea' id='block_1_105' title="bbox 381 5529 2042 5610">
    <p class='ocr_par' dir='ltr' id='par_1_105' title="bbox 381 5529 2042 5610">
     <span class='ocr_line' id='line_1_106' title="bbox 381 5529 2042 5610; baseline 0.003 -24"><span class='ocrx_word' id='word_1_803' title='bbox 381 5535 520 5595; x_wconf 78' lang='grc' dir='ltr'>ποῦς</span> <span class='ocrx_word' id='word_1_804' title='bbox 573 5531 625 5589; x_wconf 76' lang='grc' dir='ltr'>έν</span> <span class='ocrx_word' id='word_1_805' title='bbox 678 5533 979 5610; x_wconf 89' lang='grc' dir='ltr'>Σωκράτει.</span> <span class='ocrx_word' id='word_1_806' title='bbox 1010 5534 1099 5596; x_wconf 86' lang='grc' dir='ltr'>Ὦς</span> <span class='ocrx_word' id='word_1_807' title='bbox 1146 5529 1288 5595; x_wconf 75' lang='grc' dir='ltr'>εἶδος</span> <span class='ocrx_word' id='word_1_808' title='bbox 1338 5531 1392 5587; x_wconf 84' lang='grc' dir='ltr'>ἐν</span> <span class='ocrx_word' id='word_1_809' title='bbox 1439 5530 1566 5606; x_wconf 74' lang='grc' dir='ltr'>ὕλῃ·</span> <span class='ocrx_word' id='word_1_810' title='bbox 1598 5534 1737 5596; x_wconf 74' lang='grc' dir='ltr'>καθὰ</span> <span class='ocrx_word' id='word_1_811' title='bbox 1782 5533 1845 5588; x_wconf 89' lang='grc' dir='ltr'>τὸ</span> <span class='ocrx_word' id='word_1_812' title='bbox 1901 5532 2042 5599; x_wconf 81' lang='grc' dir='ltr'>εἶδος</span> 
     </span>
    </p>
   </div>
   <div class='ocr_carea' id='block_1_106' title="bbox 380 5618 2044 5700">
    <p class='ocr_par' dir='ltr' id='par_1_106' title="bbox 380 5618 2044 5700">
     <span class='ocr_line' id='line_1_107' title="bbox 380 5618 2044 5700; baseline 0.004 -25"><span class='ocrx_word' id='word_1_813' title='bbox 380 5625 479 5676; x_wconf 88' lang='lat'>106</span> <span class='ocrx_word' id='word_1_814' title='bbox 509 5618 827 5696; x_wconf 82' lang='grc' dir='ltr'>ἀνδριάντος</span> <span class='ocrx_word' id='word_1_815' title='bbox 877 5622 928 5678; x_wconf 81' lang='grc' dir='ltr'>ἐν</span> <span class='ocrx_word' id='word_1_816' title='bbox 979 5628 1060 5697; x_wconf 83' lang='grc' dir='ltr'>τῷ</span> <span class='ocrx_word' id='word_1_817' title='bbox 1092 5622 1336 5698; x_wconf 79' lang='grc' dir='ltr'>-χαλκῷ,</span> <span class='ocrx_word' id='word_1_818' title='bbox 1383 5621 1471 5676; x_wconf 80' lang='grc' dir='ltr'>καὶ</span> <span class='ocrx_word' id='word_1_819' title='bbox 1501 5622 1564 5676; x_wconf 89' lang='lat'>16</span> <span class='ocrx_word' id='word_1_820' title='bbox 1612 5628 1839 5698; x_wconf 87' lang='grc' dir='ltr'>σημεῖον</span> <span class='ocrx_word' id='word_1_821' title='bbox 1892 5624 1944 5680; x_wconf 83' lang='grc' dir='ltr'>ἐν</span> <span class='ocrx_word' id='word_1_822' title='bbox 1974 5628 2044 5700; x_wconf 81' lang='grc' dir='ltr'>τῇ</span> 
     </span>
    </p>
   </div>
   <div class='ocr_carea' id='block_1_107' title="bbox 384 5709 2047 5794">
    <p class='ocr_par' dir='ltr' id='par_1_107' title="bbox 384 5709 2047 5794">
     <span class='ocr_line' id='line_1_108' title="bbox 384 5709 2047 5794; baseline 0.004 -26"><span class='ocrx_word' id='word_1_823' title='bbox 384 5715 644 5794; x_wconf 76' lang='grc' dir='ltr'>γραμμῇ·</span> <span class='ocrx_word' id='word_1_824' title='bbox 701 5709 970 5770; x_wconf 69' lang='grc' dir='ltr'>εἴδοποιεῖ</span> <span class='ocrx_word' id='word_1_825' title='bbox 1015 5712 1118 5793; x_wconf 78' lang='grc' dir='ltr'>γὰρ</span> <span class='ocrx_word' id='word_1_826' title='bbox 1179 5711 1265 5769; x_wconf 72' lang='grc' dir='ltr'>καὶ</span> <span class='ocrx_word' id='word_1_827' title='bbox 1322 5711 1385 5771; x_wconf 82' lang='grc' dir='ltr'>τὸ</span> <span class='ocrx_word' id='word_1_828' title='bbox 1441 5715 1669 5786; x_wconf 80' lang='grc' dir='ltr'>σημεῖον</span> <span class='ocrx_word' id='word_1_829' title='bbox 1734 5714 1834 5786; x_wconf 78' lang='grc' dir='ltr'>τὴν</span> <span class='ocrx_word' id='word_1_830' title='bbox 1890 5734 2047 5774; x_wconf 81' lang='grc' dir='ltr'>πεπε-</span> 
     </span>
    </p>
   </div>
   <div class='ocr_carea' id='block_1_108' title="bbox 2151 5172 3796 5249">
    <p class='ocr_par' dir='ltr' id='par_1_108' title="bbox 2151 5172 3796 5249">
     <span class='ocr_line' id='line_1_109' title="bbox 2151 5172 3796 5249; baseline 0.004 -21"><span class='ocrx_word' id='word_1_831' title='bbox 2151 5172 2648 5244; x_wconf 90' lang='lat' dir='ltr'>quemadmodum</span> <span class='ocrx_word' id='word_1_832' title='bbox 2699 5173 2963 5229; x_wconf 88' lang='lat' dir='ltr'>Socrates</span> <span class='ocrx_word' id='word_1_833' title='bbox 3015 5175 3073 5229; x_wconf 91' lang='lat' dir='ltr'>in</span> <span class='ocrx_word' id='word_1_834' title='bbox 3106 5174 3229 5230; x_wconf 90' lang='lat' dir='ltr'>suis</span> <span class='ocrx_word' id='word_1_835' title='bbox 3276 5175 3560 5246; x_wconf 86' lang='lat' dir='ltr'>partibus,</span> <span class='ocrx_word' id='word_1_836' title='bbox 3587 5177 3796 5249; x_wconf 88' lang='lat' dir='ltr'>capite,</span> 
     </span>
    </p>
   </div>
   <div class='ocr_carea' id='block_1_109' title="bbox 2152 5262 3799 5338">
    <p class='ocr_par' dir='ltr' id='par_1_109' title="bbox 2152 5262 3799 5338">
     <span class='ocr_line' id='line_1_110' title="bbox 2152 5262 3799 5338; baseline 0.003 -21"><span class='ocrx_word' id='word_1_837' title='bbox 2152 5262 2421 5335; x_wconf 86' lang='lat' dir='ltr'>pedibus,</span> <span class='ocrx_word' id='word_1_838' title='bbox 2455 5263 2729 5318; x_wconf 88' lang='lat' dir='ltr'>manibus</span> <span class='ocrx_word' id='word_1_839' title='bbox 2777 5268 2834 5319; x_wconf 92' lang='lat' dir='ltr'>et</span> <span class='ocrx_word' id='word_1_840' title='bbox 2863 5263 2994 5320; x_wconf 89' lang='lat' dir='ltr'>aliis</span> <span class='ocrx_word' id='word_1_841' title='bbox 3023 5281 3037 5332; x_wconf 90' lang='lat'><strong>;</strong></span> <span class='ocrx_word' id='word_1_842' title='bbox 3069 5268 3126 5319; x_wconf 88' lang='lat' dir='ltr'>et</span> <span class='ocrx_word' id='word_1_843' title='bbox 3154 5281 3286 5320; x_wconf 81' lang='lat' dir='ltr'>vero</span> <span class='ocrx_word' id='word_1_844' title='bbox 3329 5264 3448 5320; x_wconf 74' lang='lat' dir='ltr'>haec</span> <span class='ocrx_word' id='word_1_845' title='bbox 3495 5264 3555 5320; x_wconf 91' lang='lat' dir='ltr'>in</span> <span class='ocrx_word' id='word_1_846' title='bbox 3585 5265 3799 5338; x_wconf 90' lang='lat' dir='ltr'>aliqui-</span> 
     </span>
    </p>
   </div>
   <div class='ocr_carea' id='block_1_110' title="bbox 2153 5352 3799 5426">
    <p class='ocr_par' dir='ltr' id='par_1_110' title="bbox 2153 5352 3799 5426">
     <span class='ocr_line' id='line_1_111' title="bbox 2153 5352 3799 5426; baseline 0.003 -19"><span class='ocrx_word' id='word_1_847' title='bbox 2153 5353 2264 5407; x_wconf 91' lang='lat' dir='ltr'>bus</span> <span class='ocrx_word' id='word_1_848' title='bbox 2295 5355 2386 5407; x_wconf 90' lang='lat' dir='ltr'>est</span> <span class='ocrx_word' id='word_1_849' title='bbox 2414 5356 2471 5407; x_wconf 91' lang='lat' dir='ltr'>et</span> <span class='ocrx_word' id='word_1_850' title='bbox 2500 5368 2615 5407; x_wconf 91' lang='lat' dir='ltr'>non</span> <span class='ocrx_word' id='word_1_851' title='bbox 2665 5352 2723 5408; x_wconf 90' lang='lat' dir='ltr'>in</span> <span class='ocrx_word' id='word_1_852' title='bbox 2758 5352 2975 5424; x_wconf 89' lang='lat' dir='ltr'>aliquo.</span> <span class='ocrx_word' id='word_1_853' title='bbox 3006 5355 3086 5408; x_wconf 90' lang='lat' dir='ltr'>Ac</span> <span class='ocrx_word' id='word_1_854' title='bbox 3134 5354 3351 5409; x_wconf 86' lang='lat' dir='ltr'>dicitur</span> <span class='ocrx_word' id='word_1_855' title='bbox 3396 5371 3532 5426; x_wconf 89' lang='lat' dir='ltr'>pars</span> <span class='ocrx_word' id='word_1_856' title='bbox 3559 5356 3799 5426; x_wconf 89' lang='lat' dir='ltr'>quidem</span> 
     </span>
    </p>
   </div>
   <div class='ocr_carea' id='block_1_111' title="bbox 2153 5441 3800 5515">
    <p class='ocr_par' dir='ltr' id='par_1_111' title="bbox 2153 5441 3800 5515">
     <span class='ocr_line' id='line_1_112' title="bbox 2153 5441 3800 5515; baseline 0.003 -19"><span class='ocrx_word' id='word_1_857' title='bbox 2153 5441 2337 5497; x_wconf 90' lang='lat' dir='ltr'>totius</span> <span class='ocrx_word' id='word_1_858' title='bbox 2370 5459 2384 5496; x_wconf 87' lang='lat'><strong>:</strong></span> <span class='ocrx_word' id='word_1_859' title='bbox 2418 5444 2610 5496; x_wconf 87' lang='lat' dir='ltr'>totum</span> <span class='ocrx_word' id='word_1_860' title='bbox 2643 5446 2840 5497; x_wconf 89' lang='lat' dir='ltr'>autem</span> <span class='ocrx_word' id='word_1_861' title='bbox 2873 5443 3130 5514; x_wconf 88' lang='lat' dir='ltr'>partium</span> <span class='ocrx_word' id='word_1_862' title='bbox 3153 5459 3548 5515; x_wconf 89' lang='lat' dir='ltr'>nequaquam,</span> <span class='ocrx_word' id='word_1_863' title='bbox 3582 5444 3684 5499; x_wconf 90' lang='lat' dir='ltr'>sed</span> <span class='ocrx_word' id='word_1_864' title='bbox 3713 5449 3800 5501; x_wconf 91' lang='lat' dir='ltr'>to-</span> 
     </span>
    </p>
   </div>
   <div class='ocr_carea' id='block_1_112' title="bbox 2154 5528 3800 5604">
    <p class='ocr_par' dir='ltr' id='par_1_112' title="bbox 2154 5528 3800 5604">
     <span class='ocr_line' id='line_1_113' title="bbox 2154 5528 3800 5604; baseline 0.002 -19"><span class='ocrx_word' id='word_1_865' title='bbox 2154 5533 2279 5585; x_wconf 85' lang='lat' dir='ltr'>tum</span> <span class='ocrx_word' id='word_1_866' title='bbox 2313 5529 2372 5583; x_wconf 88' lang='lat' dir='ltr'>in</span> <span class='ocrx_word' id='word_1_867' title='bbox 2405 5529 2692 5601; x_wconf 89' lang='lat' dir='ltr'>partibus.</span> <span class='ocrx_word' id='word_1_868' title='bbox 2725 5528 2799 5584; x_wconf 89' lang='lat' dir='ltr'>Ut</span> <span class='ocrx_word' id='word_1_869' title='bbox 2831 5547 2966 5602; x_wconf 88' lang='lat' dir='ltr'>pars</span> <span class='ocrx_word' id='word_1_870' title='bbox 3007 5531 3065 5586; x_wconf 89' lang='lat' dir='ltr'>in</span> <span class='ocrx_word' id='word_1_871' title='bbox 3098 5536 3220 5587; x_wconf 89' lang='lat' dir='ltr'>toto</span> <span class='ocrx_word' id='word_1_872' title='bbox 3255 5549 3266 5586; x_wconf 92' lang='lat'><strong>:</strong></span> <span class='ocrx_word' id='word_1_873' title='bbox 3302 5532 3800 5604; x_wconf 91' lang='lat' dir='ltr'>quemadmodum</span> 
     </span>
    </p>
   </div>
   <div class='ocr_carea' id='block_1_113' title="bbox 2157 5615 3801 5687">
    <p class='ocr_par' dir='ltr' id='par_1_113' title="bbox 2157 5615 3801 5687">
     <span class='ocr_line' id='line_1_114' title="bbox 2157 5615 3801 5687; baseline 0.004 -15"><span class='ocrx_word' id='word_1_874' title='bbox 2157 5632 2370 5672; x_wconf 88' lang='lat' dir='ltr'>manus</span> <span class='ocrx_word' id='word_1_875' title='bbox 2401 5620 2504 5672; x_wconf 84' lang='lat' dir='ltr'>aut</span> <span class='ocrx_word' id='word_1_876' title='bbox 2531 5631 2635 5687; x_wconf 93' lang='lat' dir='ltr'>pes</span> <span class='ocrx_word' id='word_1_877' title='bbox 2678 5615 2736 5671; x_wconf 86' lang='lat' dir='ltr'>in</span> <span class='ocrx_word' id='word_1_878' title='bbox 2769 5620 3020 5675; x_wconf 87' lang='lat' dir='ltr'>Socrate.</span> <span class='ocrx_word' id='word_1_879' title='bbox 3054 5617 3127 5674; x_wconf 90' lang='lat' dir='ltr'>Ut</span> <span class='ocrx_word' id='word_1_880' title='bbox 3174 5619 3362 5674; x_wconf 80' lang='lat' dir='ltr'>forma</span> <span class='ocrx_word' id='word_1_881' title='bbox 3399 5619 3459 5674; x_wconf 90' lang='lat' dir='ltr'>in</span> <span class='ocrx_word' id='word_1_882' title='bbox 3506 5620 3752 5676; x_wconf 87' lang='lat' dir='ltr'>materia</span> <span class='ocrx_word' id='word_1_883' title='bbox 3786 5639 3801 5678; x_wconf 90' lang='lat'><strong>:</strong></span> 
     </span>
    </p>
   </div>
   <div class='ocr_carea' id='block_1_114' title="bbox 2159 5706 3802 5787">
    <p class='ocr_par' dir='ltr' id='par_1_114' title="bbox 2159 5706 3802 5787">
     <span class='ocr_line' id='line_1_115' title="bbox 2159 5706 3802 5787; baseline 0.002 -21"><span class='ocrx_word' id='word_1_884' title='bbox 2159 5706 2659 5786; x_wconf 83' lang='lat' dir='ltr'>quemadmodum</span> <span class='ocrx_word' id='word_1_885' title='bbox 2690 5706 2880 5766; x_wconf 87' lang='lat' dir='ltr'>forma</span> <span class='ocrx_word' id='word_1_886' title='bbox 2925 5711 3132 5767; x_wconf 82' lang='lat' dir='ltr'>statuae</span> <span class='ocrx_word' id='word_1_887' title='bbox 3175 5708 3236 5769; x_wconf 87' lang='lat' dir='ltr'>in</span> <span class='ocrx_word' id='word_1_888' title='bbox 3265 5725 3398 5783; x_wconf 78' lang='lat' dir='ltr'>aere,</span> <span class='ocrx_word' id='word_1_889' title='bbox 3430 5712 3488 5770; x_wconf 86' lang='lat' dir='ltr'>et</span> <span class='ocrx_word' id='word_1_890' title='bbox 3514 5714 3802 5787; x_wconf 79' lang='lat' dir='ltr'>punctum</span> 
     </span>
    </p>
   </div>
  </div>
