4126 6424
309 409 431 470 805

1675 404 2024 467 EPITOME
2068 407 2378 469 LOGICA.

3612 415 3734 475 806

307 541 471 617 γένει,
526 535 615 595 καί
671 543 819 595 ποιεῖ
887 540 955 595 τὰ
1031 539 1288 614 ὁμογενῆ·
1349 539 1462 594 οἷον
1522 537 1802 613 ἄνθρωπος
1869 538 1958 592 καὶ

2104 558 2209 596 iere
2240 547 2298 598 et
2326 541 2464 597 facit
2492 541 2854 614 homogenea
2883 542 3033 614 (qua
3064 547 3205 599 sunt
3256 544 3519 615 ejusdem
3555 563 3734 620 gene-

303 627 501 691 ἵππος·
562 633 728 683 ταῦτα
784 629 889 705 γὰρ
939 628 996 683 ἓν
1050 629 1139 683 καὶ
1185 626 1378 683 ταυτὸν
1438 627 1591 704 γένος
1649 625 1839 703 ἔχουσι
1898 628 1963 682 τὸ

312 722 469 789 ζῶον.
504 719 572 775 Ἦ
601 722 680 789 τῷ
709 715 861 787 εἷ’δει,
893 717 983 773 καὶ
1012 722 1162 773 ποιεῖ
1188 718 1255 772 τὰ
1293 715 1552 791 ὁμοειδῆ·
1601 717 1711 772 οἷον
1761 716 1964 793 Πέτρος

308 809 400 864 καὶ
441 805 677 868 Παῦλος·
731 808 950 869 τούτοις
996 807 1099 883 γὰρ
1143 806 1200 861 ’ὲν
1251 807 1341 862 καὶ
1387 808 1579 861 ταυτὸν
1617 804 1761 869 εἶδος
1795 806 1965 881 ὑπάρ-

308 917 399 975 χει
432 898 462 952 ὁ
491 894 798 971 ἄνθρωπος.
829 898 898 952 Ἦ
927 901 1008 969 τῷ
1046 896 1284 973 ἀριθμῷ,
1317 898 1407 952 καὶ
1453 901 1602 951 ποιεῖ
1648 896 1710 950 τὸ
1763 892 1965 967 ἄτομον

309 985 428 1041 καθ’
479 984 609 1041 αὐτὸ
671 984 987 1059 νοούμενον,
1032 991 1142 1041 τῶν
1199 984 1409 1041 λοιπῶν
1458 985 1675 1058 ἀτόμων
1732 1004 1969 1060 κεχωρι-

312 1075 530 1149 σμένον·
564 1075 679 1130 οἷον
708 1076 1029 1152 Σωκράτης.
1059 1078 1152 1131 Ἓν
1184 1076 1288 1151 γὰρ
1331 1075 1566 1151 ὑπάρχει
1610 1073 1701 1129 καὶ
1752 1073 1968 1143 ταυτὸν,

316 1163 363 1219 εἷ
416 1164 508 1219 καὶ
564 1161 849 1226 πλείστοις
906 1160 1035 1226 ἴσως
1090 1162 1317 1220 καλοῖτο
1364 1163 1615 1237 ὀνόμασι·
1650 1162 1969 1238 Σωκράτης.

318 1252 704 1331 Σωφρονίσκου
752 1252 892 1325 υἱὸς,
943 1252 1264 1330 φιλόσοφος.
1296 1252 1367 1307 Τὸ
1411 1249 1459 1307 δ’
1505 1252 1636 1307 αὐτὸ
1685 1250 1817 1307 κάπὶ
1862 1255 1971 1305 τῶν

320 1339 476 1406 ἰδίως
532 1341 845 1418 λεγομένων
902 1340 1287 1416 πολυωνύμων
1347 1340 1510 1399 ἐστίν.
1578 1343 1668 1396 Ἓν
1727 1341 1827 1417 γὰρ
1886 1340 1975 1393 καὶ

316 1432 509 1490 ταυτὸν
570 1430 804 1509 ὑπάρχει
860 1435 942 1503 τῷ
998 1431 1235 1505 ἀριθμῶ,
1259 1431 1324 1487 τὸ
1379 1430 1554 1508 ξίφος,
1594 1430 1684 1485 καὶ
1731 1429 1795 1484 τὸ
1851 1429 1972 1503 ἄορ,

318 1521 409 1576 καὶ
438 1523 474 1591 ἦ
506 1522 710 1593 σπάθη,
743 1520 833 1579 καὶ
860 1520 926 1575 τὸ
957 1523 1251 1599 φάσγανον.

398 1718 465 1794 β’.
496 1719 744 1794 Ὃσαχῶς
792 1714 851 1772 δὲ
899 1717 1111 1794 λέγεται
1150 1718 1214 1771 τὸ
1258 1715 1314 1770 ἓν
1358 1715 1449 1771 καὶ
1472 1713 1686 1787 ταυτὸν,
1717 1731 1979 1768 τοσαυτα-

324 1809 442 1882 χῶς
497 1805 589 1861 καὶ
634 1805 702 1860 τὸ
747 1801 952 1881 ἕτερον.
984 1807 1055 1859 Ἦ
1081 1806 1183 1881 γὰρ
1210 1808 1291 1876 τῷ
1319 1802 1463 1880 γένει
1492 1804 1584 1858 καὶ
1610 1807 1772 1858 τοῦτο
1827 1800 1979 1877 λέγε-

2075 631 2197 698 ris),
2233 636 2296 685 ut
2325 631 2501 685 homo
2532 636 2589 686 et
2618 648 2839 702 equus;
2873 633 3088 687 etenim
3116 632 3237 688 hac
3272 651 3453 689 unum
3487 641 3543 690 et
3573 638 3731 693 idem

2076 736 2261 792 genus
2310 720 2546 787 habent,
2581 720 2819 775 animal.
2854 722 2966 775 Aut
3014 722 3225 792 specie,
3254 728 3311 778 et
3341 724 3477 779 facit
3508 725 3734 781 homoi-

2078 810 2186 863 dea
2209 810 2358 880 (quas
2390 813 2530 863 sunt
2559 808 2823 879 ejusdem
2858 809 3092 880 speciei)
3118 826 3131 864 :
3169 816 3233 864 ut
3264 816 3467 866 Petrus
3498 820 3555 868 et
3584 814 3733 869 Pau-

2078 897 2172 952 lus
2199 918 2212 963 ς
2247 897 2456 951 horum
2490 897 2645 951 enim
2673 914 2791 951 una
2823 903 2878 951 et
2908 898 3112 953 eadem
3147 904 3236 954 est
3269 901 3513 971 species,
3536 902 3729 959 home.

2079 988 2193 1041 Aut
2221 1001 2487 1051 numero,
2520 992 2577 1039 et
2610 986 2746 1039 facit
2794 984 3191 1058 individuum,
3226 990 3379 1059 quod
3415 1007 3516 1062 per
3545 1008 3609 1047 se
3640 993 3734 1047 in-

2080 1073 2364 1146 telligitur
2420 1092 2453 1128 a
2511 1073 2751 1145 reliquis
2801 1074 3121 1131 individuis
3166 1084 3523 1150 separatum,
3578 1081 3737 1138 velut

2083 1164 2370 1219 Socrates.
2395 1164 2620 1218 Etenim
2654 1180 2838 1218 unum
2869 1169 2927 1219 et
2956 1164 3113 1219 idem
3143 1171 3233 1221 est
3261 1168 3574 1241 (numero),
3599 1170 3737 1227 licet

2084 1251 2358 1324 plurimis
2395 1251 2542 1306 forte
2574 1251 2909 1307 nominibus
2948 1257 3217 1309 vocetur:
3252 1258 3400 1312 151
3435 1258 3733 1327 ,δοοτοιθδ,

2087 1340 2460 1412 Sophronisci
2492 1339 2670 1405 ﬁlius,
2704 1338 3109 1412 philosophus.
3144 1347 3335 1415 Atque
3365 1344 3733 1417 idem;etiam

2085 1430 2145 1485 in
2175 1429 2268 1485 his
2298 1446 2427 1501 quae
2458 1429 2689 1501 proprie
2722 1429 3036 1485 multivoca
3058 1432 3355 1503 dicuntur,
3372 1439 3481 1490 est.
3506 1436 3735 1495 Etenim

2087 1535 2274 1573 unum
2304 1522 2363 1574 et
2387 1516 2543 1573 idem
2575 1534 2818 1574 numero
2863 1524 3004 1574 sunt
3034 1537 3256 1589 mucro,
3291 1523 3470 1595 ensis,
3503 1526 3736 1598 spatha,

2088 1606 2342 1679 gladius.

2157 1715 2213 1768 2.
2247 1714 2396 1778 Quot
2439 1718 2633 1770 autem
2666 1715 2859 1770 modis
2904 1733 3089 1772 unum
3120 1722 3177 1773 et
3204 1718 3362 1777 idem
3391 1722 3627 1791 dicitur,
3658 1728 3746 1781 tot

2091 1802 2282 1857 modis
2314 1803 2491 1857 etiam
2530 1803 2827 1859 diversum
2861 1805 3091 1861 dicitur.
3123 1806 3271 1863 Nam
3301 1814 3359 1865 et
3391 1810 3500 1867 hoc
3530 1812 3618 1869 vel
3650 1830 3750 1887 ge-

326 1914 436 1964 ται,
466 1893 555 1949 καὶ
587 1899 735 1949 ποιεῖ
761 1895 830 1948 τὰ
857 1894 1168 1970 ἑτερογενῆ.
1205 1893 1318 1948 οἷον
1353 1896 1489 1961 ζῶον
1540 1892 1629 1947 καὶ
1678 1891 1978 1985 ἐπιστήμῖγ

2104 1908 2228 1947 nere
2270 1891 2504 1959 dicitur,
2546 1896 2604 1947 et
2650 1893 2827 1948 efficit
2876 1894 3261 1968 heterogenea
3290 1900 3445 1970 (quas
3491 1907 3631 1957 sunt
3659 1904 3750 1959 di-

327 1987 426 2038 τοῦ
477 1983 571 2056 μὶν
617 1983 719 2059 γὰρ
766 1984 909 2053 ζώου
955 1983 1111 2059 γένος
1138 1984 1175 2052 ἡ
1209 1980 1385 2053 οὐσία,
1414 1988 1516 2051 τῆς
1566 1981 1875 2054 ἐπιστήμης
1928 1975 1986 2032 δὲ

2104 1980 2245 2036 versi
2296 1980 2570 2053 generis),
2602 1982 2761 2036 velut
2808 1983 3027 2039 animal
3058 1990 3114 2040 et
3158 1986 3440 2058 scientia;
3475 1992 3752 2050 animalis

329 2072 393 2127 τὸ
418 2072 600 2129 ποιόν.
634 2074 701 2127 Ἢ
728 2076 809 2145 τῷ
842 2069 993 2145 εἴδει,
1024 2071 1377 2127 καὶποιεῖτᾶ
1406 2067 1702 2147 ὲτεροειδῆ·
1738 2071 1852 2124 οἷον
1887 2066 1984 2122 τίπ-

329 2182 433 2224 πος
489 2160 581 2217 καὶ
642 2161 792 2237 βοῦς·
827 2158 969 2217 ἄλλο
1025 2162 1131 2237 γὰρ
1189 2156 1333 2223 εἶδος
1369 2158 1567 2231 ἵππου,
1597 2158 1687 2213 καὶ
1719 2155 1861 2213 ἄλλο
1888 2160 1986 2212 τοῦ

334 2250 481 2327 βοὸς,
513 2249 560 2306 εἰ
588 2249 679 2304 καὶ
710 2248 864 2325 γένος
895 2249 996 2305 οὑκ
1022 2246 1166 2304 ἄλλο
1195 2248 1286 2305 καὶ
1324 2245 1488 2306 ἄλλο.
1517 2249 1587 2302 Ἢ
1636 2250 1716 2319 τῷ
1772 2247 1987 2322 ἀριθμῷ

328 2338 418 2394 καὶ
464 2344 615 2394 ποιεῖ
659 2338 771 2414 (τὰ)
826 2336 1023 2413 ἄτομα·
1080 2337 1170 2393 καὶ
1229 2338 1334 2413 γὰρ
1390 2342 1470 2409 τῷ
1525 2337 1740 2410 ἀριθμῷ
1798 2333 1986 2412 διαφέ-

330 2448 532 2504 ρουσιν,
602 2425 700 2482 ὅσα
757 2430 826 2502 τῇ
894 2424 1175 2502 συνδρομῇ
1229 2432 1337 2481 τῶν
1400 2420 1827 2499 συμϐεϐηκότων
1885 2425 1984 2494 τὴν

330 2514 580 2589 ἰδιότητα
606 2523 710 2587 τῆς
741 2513 884 2579 ἰδίας
914 2516 1257 2579 ὑποστάσεως
1289 2515 1663 2594 ἆφωρίσαντο.

403 2698 471 2772 γ’.
530 2699 707 2750 Ταῦτα
785 2692 844 2750 δὲ
910 2692 1165 2771 λέγονται
1238 2695 1329 2750 καὶ
1406 2693 1851 2771 έτεροϋπόστατα,
1913 2693 1990 2754 ὡς

337 2784 612 2862 ἐσχηκότα
637 2785 738 2854 τήν
780 2783 881 2839 ἀνά
932 2785 1097 2858 μέρος
1144 2785 1262 2838 καθ’
1308 2784 1472 2838 ἑαυτὰ
1516 2783 1761 2859 ὕπαρξιν.
1796 2782 1990 2854 Τούτῳ

337 2875 437 2951 γὰρ
493 2875 584 2930 καὶ
638 2878 748 2930 τῶν
798 2874 1223 2947 ὁμοϋποστάτων
1284 2870 1686 2948 διενηνόχασιν.
1720 2872 1992 2945 Ὁμοϋπό-

343 2982 506 3019 στατα
551 2962 656 3041 γάρ
718 2962 871 3033 εἰσιν,
921 2961 1049 3017 ὅταν
1104 2958 1200 3017 δύο
1269 2963 1453 3040 φύσεις
1512 2961 1564 3016 ἐν
1624 2966 1723 3035 μιᾷ
1766 2961 1994 3016 ὑποστά-

345 3072 424 3108 σει
480 3054 745 3125 ἑνωθῶσι,
784 3052 874 3108 καὶ
928 3051 1051 3125 μίαν
1105 3055 1312 3126 σχῶσιν
1373 3050 1663 3107 ὑπόστασιν
1719 3049 1995 3121 σύνθετον,

342 3140 432 3197 καὶ
463 3140 519 3197 ’ἰν
548 3142 859 3217 πρόσωπον·
893 3142 970 3204 ὡς
1001 3141 1155 3217 ψυχὴ
1186 3140 1275 3196 καὶ
1306 3144 1485 3215 σῶμα.

2095 2068 2249 2125 enim
2267 2084 2453 2140 genus
2476 2076 2565 2124 est
2584 2070 2915 2126 substantia
2938 2090 2951 2140 ;
2977 2074 3231 2129 scientia
3253 2081 3449 2133 autem
3471 2079 3744 2151 qualitas.

2094 2160 2210 2213 Aut
2235 2158 2447 2229 specie,
2480 2165 2537 2213 et
2585 2160 2723 2214 facit
2773 2160 3282 2237 heteroidea(quae
3321 2172 3462 2222 sunt
3506 2169 3746 2226 diversas

2096 2246 2364 2319 species),
2394 2247 2551 2303 velut
2580 2264 2768 2319 equus
2800 2256 2857 2305 et
2887 2251 2991 2306 bos
3020 2268 3038 2320 ;
3069 2253 3182 2308 alid
3212 2255 3371 2311 enim
3403 2258 3627 2329 species
3657 2265 3749 2317 est

2096 2335 2252 2407 equi,
2286 2337 2421 2400 alia,
2443 2337 2875 2404 bovis,tametsi
2909 2356 3096 2412 genus
3117 2360 3232 2398 non
3264 2353 3354 2400 est
3383 2346 3541 2403 aliud
3574 2354 3751 2422 atque

2098 2424 2279 2481 aliud.
2310 2427 2426 2479 Aut
2455 2442 2721 2497 numero,
2756 2434 2813 2482 et
2843 2428 2983 2484 facit
3011 2430 3351 2501 individua;
3386 2438 3603 2493 etenim
3637 2456 3753 2495 nu-

2098 2530 2259 2569 mero
2299 2513 2576 2569 differunt
2623 2531 2991 2587 quaecunque
3021 2520 3411 2579 accidentium
3462 2541 3753 2585 concursu

2099 2602 2412 2675 peculiaris
2443 2602 2823 2675 hypostaseos
2862 2607 3277 2679 proprietatem
3310 2621 3676 2684 separarunt.

2170 2694 2223 2747 3.
2258 2692 2545 2747 Dicuntur
2596 2698 2792 2749 autem
2841 2695 2963 2750 haac
2993 2698 3169 2753 etiam
3215 2698 3745 2775 heterohyposlata,

2101 2783 2257 2854 quod
2289 2782 2534 2837 seorsim
2562 2781 2818 2838 habeant
2864 2800 2969 2855 per
2997 2802 3060 2840 se
3088 2789 3510 2847 exsistentiam.
3544 2793 3607 2849 In
3640 2794 3749 2851 hoc

2101 2872 2254 2927 enim
2288 2869 2463 2925 etiam
2491 2872 2562 2925 ab
2594 2870 2712 2927 illis
2740 2872 3037 2947 differunt,
3069 2892 3197 2948 quas
3226 2884 3368 2935 sunt
3394 2880 3755 2957 homohypo-

2104 2965 2277 3017 stata.
2310 2960 2534 3015 Etenim
2565 2961 3056 3035 homohypostata
3084 2972 3241 3036 sunt,
3262 2985 3397 3025 cum
3426 2971 3554 3027 dum
3588 2983 3758 3030 natu-

2104 3067 2179 3106 ra:
2210 3050 2270 3104 in
2302 3066 2422 3104 una
2450 3049 2750 3121 hypostasi
2782 3053 2955 3107 unitas
2988 3055 3224 3123 fuerint,
3254 3062 3314 3113 et
3347 3076 3525 3116 unam
3571 3062 3753 3136 hypo-

2105 3139 2289 3194 stasin
2318 3140 2706 3210 compositam
2740 3157 3035 3214 unamque
3056 3160 3368 3217 personam
3399 3148 3753 3225 habuerint;

2105 3231 2173 3284 ut
2202 3229 2399 3283 anima
2426 3232 2483 3283 et
2512 3244 2744 3301 corpus.

413 3317 477 3378 δ’.
508 3319 687 3377 Πάντα
718 3322 812 3395 μὶν
848 3318 940 3376 οὖν
985 3321 1056 3376 τὰ
1083 3317 1313 3394 ὁμοειδῆ
1366 3319 1417 3391 ἐξ
1467 3318 1706 3396 ἀνάγκης
1754 3319 1855 3373 εἰσὶ
1901 3317 1988 3373 καὶ

2178 3318 2230 3372 4.
2263 3316 2472 3373 Omnia
2519 3291 2701 3390 igitur
2728 3319 3038 3378 homoidea
3086 3325 3323 3396 quidem
3374 3334 3516 3385 sunt
3554 3347 3754 3389 neces-

341 3408 599 3487 ὁμογενῆ·
652 3409 715 3465 ού
778 3411 952 3466 πάντα
1010 3407 1068 3465 δὲ
1123 3411 1192 3464 τὰ
1241 3408 1481 3485 ὁμογενῆ
1540 3408 1845 3484 ἀναγκαίως
1901 3411 1992 3462 καί

336 3496 587 3572 ὁμοειδῆ.
639 3498 824 3562 Οὕτως
872 3498 962 3555 καὶ
1011 3499 1292 3575 ἑτερογενῆ
1366 3498 1461 3572 μὲν
1524 3496 1989 3574 ὁμολογουμένως

333 3589 507 3644 πάντα
536 3586 834 3665 ἒτεροειδῆ·
869 3588 932 3644 ού
986 3589 1161 3644 πάντα
1209 3586 1267 3643 δὲ
1312 3589 1381 3643 τὰ
1422 3585 1693 3665 ἑτεροειδῆ
1743 3584 1852 3657 ἤδη
1902 3585 1993 3640 καὶ

336 3676 647 3753 ἑτερογενῆ.
679 3677 780 3732 Καὶ
827 3677 898 3733 τὰ
956 3678 1053 3752 μὲν
1105 3681 1185 3750 τῷ
1231 3676 1375 3753 γένει
1433 3674 1590 3753 ἕτερα
1634 3676 1833 3748 καὶτῷ
1864 3673 1993 3730 εἷ’δει

338 3766 428 3821 καὶ
492 3770 573 3839 τῷ
630 3766 850 3846 ἀριθμῷ
908 3763 1242 3845 διαφέρουσι·
1300 3768 1369 3822 τὰ
1420 3763 1478 3821 δὲ
1530 3771 1609 3839 τῷ
1652 3763 1782 3821 εἷ’δει
1837 3762 1995 3840 ἕτερα

336 3858 419 3927 τῷ
450 3855 545 3929 μὲν
572 3854 792 3933 ἀριθμῷ
842 3854 1210 3935 διαφέρουσιν,
1244 3855 1306 3911 οὐ
1368 3857 1476 3929 μὴν
1523 3852 1581 3910 δὲ
1635 3853 1719 3910 ἀεὶ
1772 3855 1863 3909 καὶ
1917 3858 1997 3926 τῷ

339 3943 498 4021 γένει.
562 3942 695 4001 Οὔτε
745 3942 802 4000 δὲ
856 3950 935 4018 τῷ
994 3945 1213 4022 ἀριθμῷ
1270 3943 1591 4024 διαφέροντα
1647 3944 1699 4015 ἐξ
1759 3944 1994 4020 ἀνάγκης

340 4034 433 4088 καὶ
460 4038 541 4106 τῷ
578 4030 730 4109 εἷ’δει,
761 4034 852 4090 καὶ
881 4039 962 4107 τῷ
993 4035 1137 4110 γένει
1164 4031 1321 4109 ἕτερά
1352 4033 1513 4091 ἐστιν.

414 4304 473 4361 ε’.
503 4299 808 4379 Ἑτεροειδῆ
860 4300 920 4358 δὶ
964 4300 1197 4379 λέγοιντ’
1245 4302 1306 4359 ἂν
1370 4302 1607 4377 μάλιστα
1654 4304 1724 4358 τὰ
1775 4302 1837 4358 ἐκ
1881 4299 1998 4357 δια-

341 4390 525 4471 φόρων
566 4388 933 4449 εἰδικωτάτων
979 4389 1136 4448 εἰδῶν
1190 4388 1389 4467 ἄτομα.
1435 4392 1685 4469 Καθάπερ
1739 4392 1843 4468 γὰρ
1878 4398 2000 4446 Σω-

339 4482 548 4557 κράτης
592 4481 682 4538 καὶ
712 4479 944 4539 Πλάτων
1001 4479 1233 4555 ὁμοειδῆ
1267 4482 1378 4551 (καὶ
1434 4479 1600 4560 ἄμφω
1646 4481 1749 4558 γὰρ
1796 4478 2001 4558 ἅνθρω-

337 4574 459 4643 ποι)
485 4570 577 4627 τὸν
636 4569 797 4627 αὑτὸν
854 4569 1058 4648 τρόπον
1117 4573 1371 4647 Πήγασος
1424 4570 1515 4627 καὶ
1562 4565 1854 4648 Κέρϐερος,
1888 4570 2000 4625 ἑτε-

2103 3407 2256 3463 sario
2289 3408 2442 3463 152
2475 3407 2654 3462 etiam
2704 3408 3063 3483 homogenea
3097 3431 3111 3470 :
3144 3432 3261 3471 non
3310 3422 3505 3475 autem
3556 3422 3756 3479 omnia

2103 3497 2485 3568 homogenea,
2519 3502 2847 3554 necessario
2895 3502 3074 3557 etiam
3116 3510 3259 3560 sunt
3304 3506 3633 3566 homoidea.
3665 3516 3756 3566 lta

2104 3587 2281 3642 etiam
2314 3586 2696 3660 heterogenea
2716 3589 2951 3658 quidem
2980 3594 3179 3648 omnia
3207 3598 3473 3653 omnium
3504 3616 3758 3657 consen—

2104 3693 2174 3731 su
2208 3680 2347 3731 sunt
2398 3675 2729 3731 heteroidea
2762 3694 2775 3732 :
2812 3695 2928 3733 non
2964 3685 3161 3737 autem
3211 3685 3410 3741 omnia
3457 3687 3760 3747 heteroida

2106 3768 2247 3820 sunt
2267 3766 2394 3835 jam
2424 3765 2600 3820 etiam
2620 3764 3023 3839 heterogenea.
3044 3771 3113 3826 Et
3133 3788 3259 3843 qua:
3277 3775 3515 3845 quidem
3547 3794 3758 3851 genere

2106 3854 2334 3909 diversa
2381 3860 2540 3925 sunt,
2573 3857 2748 3911 etiam
2800 3859 2992 3929 Specie
3036 3866 3095 3915 et
3142 3879 3387 3920 numero
3429 3866 3751 3927 differunt:

2108 3960 2236 4016 quas
2268 3948 2463 4001 autem
2493 3946 2685 4016 specie
2733 3946 2963 4003 diversa
3009 3955 3165 4019 sunt,
3201 3970 3443 4011 numero
3492 3958 3753 4028 quidem,

2108 4050 2225 4089 non
2256 4050 2490 4105 semper
2522 4038 2720 4090 autem
2750 4036 2929 4091 etiam
2976 4054 3185 4110 genere
3224 4042 3522 4100 differunt.
3553 4045 3755 4119 Neque

2106 4138 2241 4179 vero
2286 4138 2530 4178 numero
2578 4122 2925 4194 differentia,
2958 4130 3287 4186 necessario
3335 4131 3512 4191 etiam
3559 4137 3753 4208 specie

2109 4215 2166 4267 et
2191 4226 2402 4283 genere
2428 4211 2659 4268 diversa
2687 4217 2844 4269 sunt.

2178 4300 2233 4357 5.
2265 4299 2606 4356 Heteroidea
2653 4307 2850 4359 autem
2881 4305 3136 4363 maxime
3185 4308 3299 4365 dici
3344 4313 3574 4383 possint
3611 4316 3761 4372 indi-

2108 4390 2287 4446 vidua
2316 4406 2443 4462 quae
2472 4396 2615 4446 sunt
2652 4408 2721 4447 ex
2749 4392 3156 4453 differentibus
3197 4400 3505 4470 speciebus
3534 4404 3761 4477 specia-

2110 4478 2378 4535 lissimis.
2434 4481 2940 4545 Quemadmodum
2971 4484 3128 4540 enim
3176 4486 3442 4545 Socrates
3489 4494 3548 4546 et
3596 4492 3763 4549 Plato

2113 4573 2254 4625 sunt
2285 4569 2594 4625 homoidea
2621 4570 2814 4641 (ambo
2854 4573 3011 4627 enim
3043 4580 3182 4630 sunt
3211 4575 3526 4651 homines),
3558 4581 3765 4637 eodem

341 4655 554 4735 ρσειδῆ.
582 4658 683 4717 Τὸν
737 4660 834 4734 μὲν
886 4660 991 4736 γὰρ
1053 4657 1225 4716 ’ίππον
1277 4658 1528 4737 λέγουσιν
1573 4659 1706 4715 εἶναι
1749 4660 1842 4715 τὸν
1882 4660 1988 4729 1115-

2110 4659 2283 4715 modo
2311 4659 2568 4730 Pegasus
2610 4664 2668 4714 et
2696 4658 2983 4718 Cerberus
3034 4671 3173 4719 sunt
3202 4664 3555 4725 heteroidea.
3588 4669 3764 4729 Illum

337 4766 524 4826 γασον,
553 4749 645 4805 τὸν
679 4746 737 4803 Si
756 4749 892 4805 κύνα
918 4748 1013 4804 τὸν
1046 4744 1338 4826 Κέρϐερον.

416 4857 483 4919 ς’.
513 4858 630 4911 Τῶν
664 4855 991 4933 ἑτερογενῶν
1027 4853 1085 4911 δὲ
1112 4857 1202 4913 καὶ
1250 4857 1325 4930 μὴ
1384 4853 1684 4925 ὑπάλληλά
1733 4854 2005 4931 τεταγμέ-

342 4965 450 4999 νων
478 4940 657 5022 ἵτεραι
686 4950 766 5018 τῷ
796 4943 926 5002 εἷ’δει
958 4946 1048 5000 καὶ
1096 4947 1151 5001 αἱ
1207 4942 1483 5024 διαφοραί·
1546 4946 1661 5000 οἷον
1720 4946 1863 5013 ζώου
1913 4946 2004 4999 καὶ

346 5032 680 5108 ἰπιστήμης.
712 5033 917 5091 ”Δλλαι
951 5036 1056 5111 γὰρ
1088 5033 1339 5115 διαφοραὶ
1368 5039 1466 5090 τοῦ
1513 5034 1655 5103 ζώου
1702 5035 1790 5089 καὶ
1836 5031 2002 5089 ἄλλαι

341 5122 446 5191 τῆς
476 5120 666 5194 έπιστή
680 5144 809 5196 μης.
842 5127 949 5179 Τοῦ
985 5124 1080 5196 μὶν
1114 5124 1218 5200 γὰρ
1270 5124 1411 5193 ζώου
1461 5123 1772 5178 συστατικαὶ
1812 5120 2000 5201 διαφο-

345 5212 457 5287 ραὶ,
514 5210 578 5266 τὰ
638 5207 914 5288 ἔμψυχον,
968 5214 1032 5268 τὸ
1107 5213 1441 5285 αἰσθητικὸν,
1498 5213 1562 5267 τὸ
1623 5207 1998 5286 μεταϐατικόν·

344 5297 669 5376 διαιρετικαὶ
697 5302 762 5357 τὸ
796 5301 1044 5377 λογικὸν,
1074 5302 1139 5357 τὸ
1170 5300 1393 5379 ἄλογον,
1423 5301 1486 5355 τὸ
1533 5301 1716 5373 πεζὸν,
1747 5303 1811 5356 τὸ
1858 5322 1998 5372 πτη-

340 5389 457 5461 νὸν,
486 5390 551 5445 τὸ
582 5384 827 5467 ἔνυδρον,
858 5391 949 5447 καὶ
979 5387 1154 5468 ἕτερα.
1186 5396 1296 5460 Τῆς
1346 5388 1404 5445 δὲ
1452 5390 1761 5466 ἐπιστήμης
1808 5411 1999 5446 συστα-

337 5478 486 5534 τικαί
548 5479 642 5552 μὶν
702 5481 764 5535 τὸ
819 5486 939 5545 τοῖς
996 5480 1243 5558 λογικοῖς
1302 5478 1629 5556 ἐνυπάρχειν
1694 5481 1877 5551 ζώοις,
1938 5482 2001 5535 τὸ

340 5561 820 5643 δυσμετάϐλητον,
894 5571 959 5625 τὸ
1040 5568 1340 5626 ἄπτπιστον
1414 5572 1522 5623 τῶν
1601 5564 1995 5641 ὑποκειμένων·

340 5652 663 5730 διαιρηικαὶ
736 5654 796 5713 δὶ
861 5659 925 5713 τὸ
986 5658 1342 5736 θεωρητικὸν,
1399 5657 1465 5712 τὸ
1530 5655 1847 5734 πρακτικόν·
1906 5658 1998 5711 καὶ

341 5739 498 5810 «τοις
550 5746 617 5802 τὸ
668 5744 1041 5829 γεωμιτρικόν
1088 5764 1149 5804 τε
1202 5747 1294 5806 καὶ
1350 5743 1745 5827 ἆστρονομικὲν
1794 5745 1884 5802 καὶ
1932 5748 1999 5802 τὰ

2115 4748 2273 4803 enim
2305 4764 2542 4819 equum,
2575 4746 2734 4803 hunc
2764 4766 2967 4805 canem
2998 4767 3127 4808 esse
3154 4753 3366 4810 ferunt.

2183 4856 2237 4910 6.
2269 4860 2548 4911 Ceterum
2579 4854 3118 4929 heterogeneorum,
3154 4860 3263 4916 hoc
3292 4867 3399 4933 est,
3430 4864 3541 4920 sub
3572 4864 3768 4922 diver-

2113 4945 2196 5002 sis
2227 4945 2541 5017 generibus
2590 4945 2995 5002 exsistentium
3042 4954 3101 5003 et
3148 4967 3265 5005 non
3320 4953 3767 5011 subalternatim

2112 5036 2457 5108 positorum,
2490 5034 2731 5091 diversa:
2757 5036 2933 5091 etiam
2966 5043 3105 5092 sunt
3135 5041 3327 5111 specie
3371 5042 3715 5099 differentiae
3748 5060 3762 5100 :

2110 5124 2271 5180 velut
2318 5124 2590 5179 animalis
2638 5129 2697 5179 et
2746 5126 3023 5181 scientiae.
3081 5128 3217 5183 Alia
3268 5131 3424 5187 enim
3470 5132 3763 5203 animalis,

2114 5214 2238 5270 alias
2265 5214 2521 5269 scientiae
2550 5218 2689 5268 sunt
2728 5214 3084 5272 differentiae.
3118 5220 3403 5276 Animalis
3435 5222 3592 5277 enim
3625 5238 3763 5278 con-

2112 5303 2396 5359 situentes
2453 5302 2795 5356 differentiae
2852 5309 3012 5370 sunt,
3072 5306 3418 5376 animatum,
3480 5309 3764 5379 sentiens,

2111 5391 2579 5463 progressivum:
2614 5390 3219 5458 dividentes,rationis
3249 5398 3560 5470 particeps,
3583 5399 3765 5455 ratio-

2109 5480 2201 5535 nis
2224 5495 2449 5551 expers,
2470 5478 2767 5551 gradiens,
2792 5480 2946 5535 I53
2966 5479 3221 5551 volatile,
3243 5484 3522 5556 aquatile,
3547 5489 3604 5541 et
3625 5484 3761 5541 alia.

2108 5569 2375 5625 Scientiaa
2422 5572 2639 5631 autem,
2675 5567 3097 5625 constituentes
3128 5571 3368 5642 quidem
3402 5574 3767 5647 differentia)

2107 5662 2267 5728 sunt,
2300 5654 2654 5713 animalibus
2699 5657 2924 5712 ratione
2952 5660 3213 5729 praeditis
3265 5662 3480 5729 inesse,
3513 5661 3768 5718 difﬁcul-

2106 5754 2196 5805 ter
2250 5745 2491 5817 mutari,
2549 5760 2669 5801 non
2712 5744 2976 5803 excidere
3025 5748 3306 5828 subjectis
3358 5769 3373 5812 :
3434 5751 3765 5814 dividentes
