4126 6430
341 390 458 452 807

1595 390 2019 451 NICEPHORI
2066 390 2505 454 BLEMMIDE

3636 393 3762 454 808

343 541 498 592 vero,
545 523 1085 596 contemplativum,
1118 524 1410 590 activum;
1443 523 1728 578 etiterum
1757 538 1974 594 geome-

2101 526 2342 579 τοιαῦτα.
2376 522 2474 578 Καὶ
2528 521 2629 598 γὰρ
2689 522 2754 590 ἧς
2812 518 3141 595 κατηγορίας
3193 518 3426 596 ὑπάρχει
3469 521 3533 576 τὸ
3575 521 3755 598 γένος,

335 615 547 670 tricum
599 618 656 668 et
704 612 1187 679 astronomicum,
1220 616 1277 667 et
1325 611 1559 667 similia.
1605 612 1786 682 Cujus
1832 613 1987 668 enim

336 701 774 776 praedicamenti
805 717 1016 774 genus,
1049 700 1208 755 illius
1256 700 1430 755 etiam
1464 700 1688 772 species
1719 705 1807 755 est
1838 717 1851 755 :
1889 702 1986 756 sed

337 798 397 848 et
426 791 835 848 convenientes
852 790 1209 845 differentias.
1238 789 1766 861 Heterogeneorum
1787 789 1986 860 igitur,

2100 611 2304 682 ἐκείνης
2354 613 2443 667 καὶ
2490 613 2554 666 τὸ
2601 606 2764 672 εἶδος·
2815 607 3163 679 κατάλληλοι
3212 607 3271 664 δὲ
3318 610 3408 665 καὶ
3459 611 3513 665 αἱ
3564 608 3754 690 διαφο-

2101 699 2206 771 ραί.
2240 705 2355 754 Τῶν
2409 699 2589 755 τοίνυν
2647 699 2967 773 ἑτερογενῶν
3017 693 3197 774 ἕτεραι
3252 701 3332 770 τῷ
3392 694 3524 753 εἴδει
3553 701 3644 755 καὶ
3701 701 3755 755 αἱ

2099 786 2351 866 διαφοραὶ
2379 789 2434 843 αἱ
2465 785 2774 842 συστατικαί
2803 807 2862 840 τε
2892 786 2982 840 καὶ
3015 787 3070 840 αἱ
3097 783 3440 863 διαιρετιγαί.

337 881 448 936 hoc
477 885 585 946 est,
618 896 819 935 eorum
853 895 975 948 quas
1009 878 1118 932 sub
1148 878 1395 933 diversis
1423 879 1737 950 generibus
1766 879 2076 948 exsistunt,
2108 879 2350 934 diversae
2376 884 2517 935 sunt
2545 877 2721 933 etiam
2754 877 2945 947 specie
2991 876 3332 932 differentia
3364 893 3498 933 cum
3532 877 3753 934 consti-

336 975 568 1026 tuentes
597 973 724 1023 tum
757 967 1102 1022 dividentes.

403 1079 460 1133 7.
495 1081 709 1133 Eorum
761 1081 976 1144 autem,
1009 1093 1138 1148 quas
1189 1075 1637 1130 subalternatim
1684 1080 1984 1147 ponuntur

332 1167 660 1224 dividentes
709 1165 947 1237 quidem
997 1181 1112 1220 non
1164 1180 1395 1235 semper
1440 1168 1580 1219 sunt
1623 1165 1860 1219 eaedem.
1921 1165 1981 1219 Si

332 1255 489 1311 enim
535 1271 748 1327 corpus
799 1253 1094 1308 dividatur
1141 1254 1200 1306 in
1233 1252 1558 1307 animatum
1606 1257 1662 1307 et
1689 1252 1979 1308 inanima-

333 1350 486 1409 tum,
518 1341 841 1400 nonetiam
875 1341 1202 1396 animatum
1232 1339 1446 1396 iterum
1476 1341 1535 1396 in
1567 1340 1893 1396 animatum
1926 1344 1983 1396 et

331 1433 750 1497 inanimatum'}
773 1431 1081 1498 dividetur,
1114 1430 1215 1485 sed
1265 1430 1322 1484 in
1368 1429 1627 1485 sentiens
1675 1434 1732 1484 et
1771 1446 1982 1486 sensus

331 1538 537 1596 expers
569 1539 583 1576 :
619 1521 846 1592 eritque
875 1520 1050 1575 etiam
1084 1535 1296 1590 corpus
1327 1518 1586 1573 divisum
1629 1518 1688 1573 in
1719 1517 1979 1574 sentiens

330 1616 387 1667 et
435 1626 644 1666 sensus
695 1625 920 1680 expers.
971 1608 1200 1664 Rursus
1259 1608 1503 1662 animati
1561 1613 1618 1663 et
1671 1607 1978 1664 sentientis

333 1713 679 1755 communes
737 1696 1074 1752 differentiae
1119 1697 1444 1752 dividentes
1489 1696 1869 1769 reperientur,
1923 1701 1978 1752 et

333 1787 576 1844 rationis
643 1785 935 1859 particeps
1014 1790 1071 1841 et
1146 1785 1393 1840 rationis
1477 1801 1700 1857 expers.
1788 1789 1978 1858 Atque

335 1877 420 1933 sic
468 1891 750 1947 generum
799 1873 1248 1930 subalternatim
1282 1875 1605 1946 positorum
1639 1874 1978 1930 differentiae

331 1965 656 2022 dividentes
685 1963 831 2020 alias
863 1963 1101 2035 quidem
1124 1963 1363 2029 eisdem,
1397 1962 1542 2019 alias
1573 1980 1705 2019 vero
1739 1981 1850 2019 non
1874 1979 1978 2019 eaa-

329 2055 463 2111 dem
516 2058 706 2110 erunt.
767 2052 840 2108 Ut
896 2056 1091 2108 autem
1161 2051 1580 2107 constituentes
1639 2051 1978 2108 differentia

327 2143 486 2200 154
517 2159 749 2215 semper
765 2141 884 2196 sint
913 2141 1152 2209 eaedem,
1172 2139 1318 2195 nihil
1351 2145 1440 2196 est
1468 2141 1623 2212 quod
1651 2141 1974 2213 prohibeat.

326 2238 470 2289 Cum
509 2231 664 2288 enim
715 2229 1161 2286 subalternatim
1212 2230 1404 2302 posita
1452 2229 1570 2286 sint
1618 2229 1978 2302 bomogenea

329 2321 616 2394 (ejusdem
672 2320 940 2390 generis),
1011 2322 1068 2374 et
1142 2320 1388 2374 univoca
1444 2320 1543 2374 ﬁat
1617 2319 1975 2390 praedicatio,

326 2414 618 2483 quotquot
645 2407 940 2482 praedicati
993 2396 1144 2464 sunt'
1173 2408 1531 2476 differentiae,
1565 2424 1768 2463 omnes
1799 2408 1975 2464 etiam

327 2500 576 2571 subjecti
607 2503 798 2554 erunt.

397 2590 452 2645 8.
484 2588 646 2644 Scire
688 2592 884 2642 autem
932 2591 1160 2659 oportet
1205 2587 1360 2658 quod
1411 2587 1598 2642 sancti
1648 2591 1849 2642 Patres
1879 2602 1973 2641 ea-

2167 1075 2228 1143 ζ’.
2262 1077 2379 1128 Τῶν
2431 1070 2488 1128 δέ
2534 1093 2598 1148 γε
2654 1070 2953 1141 ὑπάλληλα
3007 1070 3373 1147 τεταγμένων,
3429 1069 3750 1149 διαιρετικαὶ

2096 1163 2192 1234 μὶν
2249 1162 2310 1217 οὐ
2368 1161 2599 1217 πάντοτε
2654 1162 2710 1216 αἱ
2767 1160 2940 1216 αὐταί.
2984 1164 3090 1215 Τοῦ
3142 1162 3246 1237 γὰρ
3295 1161 3554 1234 σώματος
3613 1159 3750 1217 διαι-

2094 1252 2364 1327 ρουμένου
2423 1251 2499 1314 εἷς
2550 1247 2800 1326 ἔμψυχον
2849 1255 3010 1324 σῶμα
3061 1249 3150 1304 καὶ
3207 1247 3443 1326 ἄψυχον,
3500 1249 3562 1305 οὗ
3607 1247 3746 1308 διαι-

2093 1342 2371 1417 ρεθήσεται
2420 1341 2508 1395 καὶ
2556 1340 2620 1395 τὸ
2679 1337 2966 1417 ἔμψυχον.
2994 1337 3068 1401 εἷς
3128 1337 3377 1416 ἔμψυχον
3437 1338 3603 1396 πάλιν
3657 1340 3748 1396 καὶ

2091 1401 2329 1505 ὸίψυχον,
2375 1427 2502 1485 ἀλλ’
2547 1429 2622 1492 εἷς
2681 1401 2997 1499 αἰσθητικὸν
3047 1401 3540 1499 καὶιάνάίσθητον·
3602 1425 3747 1485 ἔσται

2091 1516 2149 1574 δὲ
2177 1519 2266 1573 καὶ
2295 1519 2360 1574 τὸ
2391 1521 2552 1592 σῶμα
2590 1515 2916 1595 διῃρημένον
2968 1516 3045 1579 εἷς
3097 1516 3411 1587 αἰσθητικὸν
3459 1515 3550 1573 καί
3597 1517 3746 1573 ἀναί-

2089 1609 2306 1680 σθητον.
2346 1605 2514 1662 Πάλιν
2544 1611 2642 1662 τοῦ
2689 1606 2943 1683 ἐμψύχου
3001 1605 3091 1661 καὶ
3142 1610 3239 1662 τοῦ
3297 1607 3616 1678 αἰσθητικοῦ
3647 1607 3746 1682 (εἲς

2089 1695 2312 1772 λογικὸν
2367 1696 2455 1751 καὶ
2514 1693 2739 1771 ἄλογον)
2802 1696 3183 1772 εὑρεθήσονται
3242 1695 3415 1750 κοιναὶ
3491 1693 3746 1774 διαφοραὶ

2090 1781 2431 1860 διαιρετικαὶ,
2486 1785 2550 1839 τὸ
2612 1783 2831 1859 λογικόν
2879 1805 2938 1839 τε
2996 1784 3086 1839 καὶ
3144 1781 3362 1860 ἄλογον.
3414 1783 3514 1839 Καὶ
3570 1784 3745 1848 οὕτως

2086 1871 2296 1928 ἔσονται
2357 1878 2463 1928 τῶν
2531 1871 2830 1944 ὑπάλληλά
2879 1877 3046 1950 γενῶν
3109 1869 3361 1950 διαφοραὶ
3422 1870 3743 1950 διαιρετικαὶ

2085 1964 2218 2018 ποτὶ
2251 1964 2344 2036 μὲν
2386 1964 2440 2016 αἱ
2473 1961 2647 2033 αὐταὶ,
2679 1963 2812 2017 ποτὲ
2844 1959 2891 2016 δ’
2921 1961 3028 2038 οὐχ
3079 1963 3134 2016 αἱ
3181 1961 3355 2019 αὐταί.
3389 1963 3493 2025 Τὰς
3545 1960 3602 2017 δὲ
3651 1984 3742 2018 συ-

2086 2053 2338 2114 στατικὰς
2389 2050 2523 2106 εἶναι
2572 2050 2801 2106 πάντοτε
2845 2051 2942 2113 τὰς
2987 2050 3150 2112 αὐτὰς
3202 2051 3264 2106 τὸ
3311 2049 3526 2106 κωλύον
3561 2048 3740 2110 οὐδέν.

2084 2143 2394 2216 Ὀμογενῶν
2454 2141 2558 2216 γὰρ
2609 2135 2775 2195 ὄντων
2833 2144 2941 2196 τῶν
2999 2137 3319 2210 ὑπάλληλα,
3351 2141 3441 2194 καὶ
3501 2140 3740 2196 συνωνύο

2088 2253 2192 2302 μου
2249 2231 2545 2304 γενομένης
2595 2236 2695 2298 τῆς
2753 2228 3103 2305 κατηγορίας,
3162 2227 3280 2282 ὅσαι
3337 2233 3435 2284 τοῦ
3501 2251 3744 2306 κατηγο-

2086 2319 2355 2394 ρουμένου
2416 2315 2666 2396 διαφοραί
2727 2317 2851 2386 εἰσι,
2902 2323 3067 2372 πᾶσαι
3121 2315 3178 2371 δὲ
3226 2321 3322 2372 τού
3382 2318 3742 2392 ὑποκειμένου

2085 2405 2316 2466 ἔσονται.

2155 2588 2226 2656 η’.
2259 2587 2375 2662 Χρὴ
2425 2582 2483 2640 δὲ
2529 2586 2814 2660 γινώσκειν
2879 2585 2953 2646 ὡς
3001 2586 3054 2640 οἱ
3102 2590 3236 2648 θεῖοι
3296 2587 3529 2661 Πατέρες
3603 2588 3742 2661 ὁμο-

326 2678 460 2735 dem
517 2677 721 2732 dicunt
775 2674 1139 2747 homogenea
1183 2679 1241 2730 et
1292 2673 1620 2744 homoidea,
1671 2673 1974 2730 homousia

2096 2681 2210 2751 γενῆ
2243 2673 2332 2728 καί
2364 2671 2598 2747 ὁμοειδῆ
2624 2674 2693 2729 τὰ
2739 2673 2873 2729 αὐτὰ
2921 2671 3162 2750 λέγουσι,
3196 2675 3264 2729 τὰ
3320 2675 3588 2748 ὁμοούσια
3645 2673 3744 2748 δη-

329 2764 776 2839 (coessentialia)
815 2763 1104 2831 videlicet,
1137 2763 1484 2835 hypostases
1533 2763 1814 2820 nimirum
1846 2779 1974 2835 quas

329 2855 442 2911 sub
473 2855 676 2910 eadem
709 2853 902 2926 specie
929 2857 1089 2908 sunt.

395 2945 451 3000 9.
507 2943 684 3016 Atqui
761 2942 1096 3015 hypostasis
1147 2942 1261 2996 duo
1341 2941 1651 3014 signiﬁcat.
1715 2943 1977 3000 Declarat

327 3035 482 3091 enim
513 3038 571 3090 et
617 3031 966 3104 simpliciter
1014 3031 1438 3095 exsistentiam.
1476 3037 1765 3103 quatenus
1796 3035 1974 3089 etiam

328 3123 505 3194 aliqui
538 3139 608 3179 ex
635 3121 907 3177 Patribus
941 3137 1152 3176 nomen
1175 3120 1509 3192 hypostasis
1541 3121 1612 3176 ad
1645 3121 1976 3194 significan-

328 3215 464 3269 dam
497 3216 770 3267 naturam
797 3215 1268 3282 assumpserunt.
1301 3209 1547 3265 Denotat
1576 3213 1750 3266 etiam
1773 3211 1976 3266 indivi-

2086 2760 2249 2836 λαδὴ,
2328 2763 2497 2839 ἤγουν
2576 2765 2672 2825 τὰς
2752 2762 2854 2816 ὑπὸ
2923 2763 2986 2817 τὸ
3061 2761 3192 2818 αὐτὸ
3274 2760 3416 2818 εἶδος
3503 2764 3740 2820 ὑποστά-

2084 2871 2216 2913 σεις,

2153 2942 2217 2998 θ’.
2249 2943 2312 2996 Ἠ
2342 2938 2388 2995 δ’
2430 2940 2719 3002 ὑπόστασις
2781 2938 2876 2994 δύο
2933 2939 3207 3014 σημαίνει.
3260 2940 3441 3010 Δηλοῖ
3489 2941 3590 3018 γὰρ
3646 2944 3740 2997 καὶ

2081 3030 2181 3098 τὴν
2215 3027 2406 3092 ἁπλῶς
2439 3029 2687 3104 ὕπαρξιν,
2719 3027 2852 3084 καθὸ
2881 3028 2971 3084 καί
3017 3050 3160 3092 τινες
3191 3033 3297 3084 τῶν
3350 3029 3626 3107 Πατὲρων,
3659 3033 3738 3094 ὡς

2083 3115 2392 3188 δηλωτικὸν
2437 3117 2646 3196 φύσεως
2701 3117 3068 3196 παρειλήφασι
3121 3119 3184 3173 τὸ
3239 3125 3340 3189 τῆς
3395 3118 3741 3183 ὑποστάσεως

2083 3203 2280 3280 ὄνομα.
2315 3205 2492 3277 Δηλοῖ
2518 3208 2608 3262 καὶ
2653 3207 2716 3262 τὸ
2762 3205 2966 3281 ἄτομον
2999 3207 3028 3262 ὃ
3058 3207 3147 3262 καὶ
3195 3207 3396 3284 κυρίως
3449 3207 3743 3272 ὑπόστασις

329 3303 536 3371 duum,
567 3299 720 3372 quod
752 3299 928 3355 etiam
959 3299 1191 3371 preprie
1211 3297 1544 3370 hypestasis
1574 3299 1808 3368 dicitur,
1843 3316 1972 3371 pro-

2096 3297 2326 3372 λέγεται,
2371 3295 2459 3353 διὰ
2512 3298 2573 3351 τὸ
2630 3298 2748 3360 καθ’
2794 3297 2926 3351 αὑτὸ
2986 3295 3268 3375 ὑφεστάναι
3318 3303 3739 3372 πραγματικῶς.

329 3396 528 3464 pterea
558 3389 710 3460 quod
744 3405 847 3460 per
874 3405 936 3443 se
966 3403 1164 3443 revera
1193 3387 1496 3443 subsistat.
1531 3387 1798 3444 Essentia
1816 3389 1972 3444 enim

330 3479 588 3552 aceeptis
617 3477 1020 3533 accidentibus
1053 3476 1111 3531 in
1161 3475 1481 3531 individuis
1513 3477 1706 3548 reipsa
1749 3477 1972 3534 subsis-

326 3569 420 3626 tit.

404 3658 491 3714 10.
525 3659 596 3713 Et
623 3673 756 3712 vero
789 3656 1214 3728 anhypostaton
1246 3655 1361 3710 duo
1395 3655 1706 3727 significat.
1739 3656 1885 3712 Nam
1917 3661 1975 3714 et

325 3748 386 3804 id
437 3745 795 3820 (signiﬁcat),
841 3745 994 3815 quod
1045 3742 1205 3798 nullo
1254 3744 1428 3799 modo
1476 3743 1706 3816 uspiam
1755 3750 1883 3801 est:
1916 3751 1974 3802 et

326 3837 599 3894 accidens
645 3839 710 3891 ut
737 3834 888 3905 quod
938 3833 1234 3905 propriam
1279 3832 1622 3905 hypostasin
1671 3833 1790 3889 sive
1822 3834 1970 3890 exsi-

325 3925 604 3982 stentiam
636 3941 754 3980 non
785 3923 1021 3987 habeat,
1056 3922 1157 3977 sed
1189 3922 1246 3976 in
1298 3922 1633 3977 substantia
1663 3923 1967 3980 subsistat.

399 4033 483 4089 11.
533 4031 970 4103 Enhypostaton
1023 4032 1220 4084 autem
1279 4027 1573 4085 interdum
1623 4029 1857 4100 quidem
1911 4031 1970 4085 id

323 4122 479 4194 quod
511 4120 857 4193 simpliciter
887 4117 1116 4174 exsistit
1166 4117 1458 4186 declarat;
1499 4135 1612 4189 quo
1642 4119 1970 4191 signiﬁcato

320 4227 437 4268 non
468 4213 698 4268 tantum
729 4208 1074 4280 simpliciter
1101 4206 1454 4278 substantia,
1487 4209 1587 4262 sed
1618 4208 1792 4263 etiam
1825 4209 1972 4264 acci-

320 4301 466 4356 dens
495 4298 920 4372 enbypostaton
966 4297 1200 4363 dicitur,
1234 4297 1384 4353 I55
1422 4312 1556 4351 cum
1589 4297 1778 4370 magis
1811 4297 1969 4354 hete-

319 4389 739 4460 rohypostaton
773 4386 851 4458 (id
883 4384 1069 4452 est,in
1101 4384 1213 4440 alio
1244 4384 1468 4440 habens
1500 4385 1970 4455 subsistentiam)

319 4477 434 4533 sit:
471 4476 772 4532 interdum
821 4478 1015 4529 autem
1045 4472 1220 4528 etiam
1270 4473 1641 4528 individuum
1693 4473 1968 4530 declarat.

320 4565 432 4622 Sed
454 4569 653 4620 tamen
678 4579 781 4618 nec
802 4563 997 4634 ipsum
1022 4561 1254 4634 proprie
1284 4562 1708 4634 snhypostaton
1735 4567 1845 4631 est,
1869 4565 1970 4620 sed

2086 3387 2171 3440 Ἐν
2224 3386 2327 3460 γὰρ
2377 3389 2496 3447 τοῖς
2553 3385 2778 3459 ἀτόμοις
2835 3388 2869 3455 ἡ
2932 3384 3085 3440 οὐσία
3141 3383 3377 3462 ἐνεργείᾳ
3452 3384 3738 3464 ὑφέστηκε,

2082 3470 2470 3552 προσλαϐοῦσα
2498 3474 2567 3528 τὰ
2595 3469 2998 3548 συμϐεϐηκότα.

2155 3657 2203 3708 ι’.
2239 3655 2338 3710 Καὶ
2368 3655 2431 3710 τὸ
2463 3653 2828 3708 ἀνυπόστατον
2863 3651 2922 3709 δὲ
2966 3650 3061 3708 δύο
3103 3653 3378 3727 σημαίνει.
3412 3653 3480 3709 Τό
3523 3674 3583 3708 τε
3629 3653 3732 3729 γὰρ

2087 3741 2317 3817 μηδαμῆ
2373 3740 2646 3816 μηδαμῶς
2701 3740 2783 3815 ὃν,
2841 3742 2932 3797 καὶ
2984 3742 3048 3796 τὸ
3105 3737 3474 3816 συμϐεϐηκὸς,
3525 3742 3602 3805 ὡς
3653 3744 3728 3814 μὴ

2081 3831 2208 3909 ἔχον
2272 3829 2408 3887 ἰδίαν
2473 3831 2786 3901 ὑπόστασιν,
2838 3829 3011 3887 εἷίτουν
3069 3830 3318 3906 ὕπαρξιν,
3366 3830 3494 3887 ἀλλ’
3552 3831 3606 3887 ἐν
3660 3835 3729 3906 τῇ

2080 3921 2234 3994 οὐσίᾳ
2265 3921 2585 4000 ὑφεστηκός.

2155 4032 2240 4088 ια’.
2270 4029 2340 4084 Τὸ
2375 4027 2432 4084 δὲ
2481 4027 2836 4084 ὲνυπόστατον
2887 4029 3018 4084 ποτὶ
3069 4029 3162 4102 μὶν
3212 4029 3274 4083 τὸ
3321 4027 3511 4089 ἁπλῶς
3561 4027 3733 4105 ὕπαρ·

2081 4139 2181 4194 χον
2215 4115 2399 4190 δηλοῖ,
2432 4118 2565 4182 καθὸ
2611 4117 3014 4190 σημαινόμενον
3066 4117 3128 4172 οὗ
3181 4117 3344 4189 μόνον
3393 4118 3491 4186 τὴν
3541 4115 3734 4180 ἁπλῶς

2081 4207 2289 4277 ούσίαν,
2331 4205 2478 4262 ἀλλὰ
2515 4207 2604 4261 καὶ
2655 4207 2718 4260 τὸ
2762 4201 3110 4279 συμϐεϐηκὸς
3158 4205 3514 4261 ένυπόστατον
3574 4203 3736 4282 λέγο-

2084 4318 2202 4370 μεν,
2236 4295 2690 4372 ἒτεροϋπόστατον
2745 4294 2956 4368 μᾶλλον
3009 4295 3276 4372 ὑπάρχον·
3337 4294 3468 4350 ποτὶ
3529 4291 3586 4350 δὲ
3646 4294 3741 4367 δη-

2079 4385 2174 4440 λοῖ
2202 4385 2290 4440 καὶ
2319 4385 2384 4439 τὸ
2410 4381 2641 4458 ἄτομον.
2681 4381 2807 4438 Οὐδ’
2837 4383 2966 4438 αύτὸ
3015 4381 3072 4439 δὲ
3128 4383 3330 4459 κυρίως
3379 4383 3741 4440 ἐνυπόστατόν

2081 4473 2244 4546 ἐστιν,
2305 4471 2433 4528 ἀλλ’
2493 4472 2804 4535 ὑπόστασις.
2881 4472 3094 4547 Κυρίως
3182 4473 3286 4549 γὰρ
3379 4471 3738 4528 ἐνυπόστατόν

2081 4563 2223 4618 ἐστιν
2259 4563 2293 4631 ἢ
2326 4563 2390 4617 τὸ
2446 4563 2564 4626 καθ’
2593 4561 2724 4616 αὐτὸ
2785 4562 2878 4636 μὲν
2945 4563 3020 4636 μή
3083 4563 3464 4640 ὑφιστάμενον,
3499 4561 3626 4618 ἀλλ’
3684 4559 3737 4618 ἐν

319 4653 672 4727 hypostasis.
694 4652 930 4724 Proprie
950 4652 1107 4706 enim
1127 4651 1552 4723 enhypostaton
1573 4657 1684 4719 est,
1705 4652 1794 4709 vel
1818 4652 1970 4724 quod

2096 4657 2197 4715 ταῖς
2232 4650 2550 4707 ὑποστάσεσι
2602 4650 2995 4728 θεωρούμενον,
3029 4649 3210 4728 ὥσπερ
3263 4652 3323 4706 τὸ
3373 4647 3534 4722 εἶδος,
3566 4647 3736 4727 ἤγουν

318 4760 420 4816 per
451 4760 512 4800 se
539 4742 774 4813 quidem
827 4757 942 4796 non
993 4740 1287 4806 subsistit,
1313 4741 1415 4795 sed
1463 4741 1522 4795 in
1555 4741 1972 4812 bypostasibus

2096 4742 2329 4819 ἡφύσιςο
2383 4740 2474 4795 καὶ
2531 4741 2631 4816 γὰρ
2688 4744 2793 4794 τῶν
2849 4739 3148 4816 ἀνθρώπων
3207 4743 3242 4810 ἡ
3295 4740 3456 4818 φύσις
3513 4739 3574 4794 ού
3616 4741 3739 4804 καθ’

319 4831 745 4895 consideratur,
771 4833 832 4884 ut
868 4828 1110 4900 species,
1140 4845 1349 4900 nempe
1375 4832 1588 4884 natura
1617 4829 1970 4900 (communis

2096 4831 2300 4902 ιαυτὴν,
2333 4828 2462 4884 ἀλλ’
2491 4828 2541 4882 ἐν
2572 4834 2690 4890 τοῖς
2736 4829 2872 4883 κατά
2932 4829 3096 4905 μέρος
3147 4829 3456 4906 ἀνθρώποις
3510 4828 3742 4906 ὑφέστη-

319 4919 558 4989 scilicet,
592 4919 808 4976 etenim
857 4924 1068 4972 natura
1115 4917 1425 4973 hominum
1475 4935 1591 4972 non
1643 4918 1967 4974 secundum

319 5009 598 5082 seipsam,
633 5008 735 5063 sed
783 5007 843 5062 in
891 5006 1346 5078 particularibus
1400 5006 1738 5062 hominibus
1771 5008 1968 5063 subsi-

317 5099 463 5167 stit),
497 5097 583 5152 vel
616 5096 772 5169 quod
827 5113 962 5150 cum
997 5094 1177 5150 altero
1229 5095 1485 5166 quodam
1516 5095 1818 5150 differente
1876 5112 1966 5151 se-

317 5186 576 5241 cundum
609 5185 1002 5240 substantiam
1034 5183 1411 5256 congreditur
1436 5183 1506 5238 ad
1539 5201 1717 5238 unam
1740 5200 1967 5256 compo-

2077 4939 2188 4974 κεν·
2243 4919 2279 4988 ἢ
2327 4917 2391 4973 τὸ
2451 4917 2851 4993 συνερχόμενον
2907 4919 3076 4995 ἑτέρῳ
3130 4919 3238 4973 τινὶ
3297 4915 3544 4996 διαφόρῳ
3599 4919 3740 4973 κατὰ

2075 5009 2175 5077 τὴν
2211 5007 2396 5063 οὐσίαν
2441 5007 2517 5069 εἷς
2571 5013 2698 5080 μιᾶς
2750 5007 3094 5070 ὑποστάσεως
3144 5008 3393 5062 συνθέτου
3443 5005 3736 5083 ἐκπλήρω-

2077 5109 2178 5151 σιν·
2213 5097 2288 5158 ὡς
2320 5099 2354 5166 ἡ
2389 5098 2540 5172 ψυχὴ
2603 5093 2699 5151 καί
2751 5095 2813 5150 τὸ
2871 5101 3032 5172 σῶμα
3087 5095 3403 5153 συνελθόντα
3460 5094 3739 5166 ἀλλήλοις

2074 5185 2164 5240 τόν
2195 5206 2313 5240 τινα
2344 5183 2625 5260 ἄνθρωπον
2653 5184 3000 5242 ἀπετέλεσαν.

319 5275 497 5330 sitam
530 5274 894 5346 hypostasim
927 5272 1868 5346 complendam.Quemadmodum
1903 5275 2102 5332 anima
2129 5281 2189 5332 et
2219 5293 2432 5348 corpus
2462 5293 2661 5332 secum
2689 5277 2937 5333 invicem
2969 5293 3286 5348 congressa
3315 5275 3741 5348 huncaliquem

320 5363 624 5419 hominem
657 5363 1050 5419 absolverunt.

391 5453 478 5508 12.
512 5451 644 5506 Haec
675 5454 913 5523 quidem
965 5453 1148 5524 igitur
1176 5451 1564 5524 enhypostata
1612 5452 1724 5507 dici
1775 5453 1975 5523 quive-

319 5541 476 5607 rint;
511 5541 668 5611 quod
721 5545 913 5597 autem
945 5558 1013 5597 ex
1061 5540 1177 5595 illis
1227 5541 1619 5614 compositum
1651 5546 1760 5609 est,
1791 5541 1972 5615 hypo-

318 5630 517 5686 stasis.
553 5629 662 5682 Sed
695 5635 752 5684 et
781 5647 848 5686 ea
895 5637 1102 5685 natura
1129 5646 1256 5701 quae
1287 5631 1357 5686 ab
1408 5630 1521 5686 alia
1550 5631 1850 5704 hypostasi
1881 5649 1973 5688 as-

317 5722 560 5793 sumpta
588 5715 646 5770 in
671 5717 798 5789 ipsa
817 5719 1218 5778 exsistentiam
1240 5719 1438 5791 habet,
1456 5725 1512 5778 et
1532 5720 1678 5791 haec,
1701 5721 1970 5796 inquam,

2159 5453 2248 5529 ιβ’.
2281 5453 2356 5507 Τὰ
2416 5452 2510 5526 μὲν
2571 5451 2662 5508 οὖν
2719 5452 3044 5509 ἐνυπόστατα
3093 5453 3336 5532 λεχθεῖεν
3389 5451 3470 5509 ἄν’
3521 5453 3584 5509 τὸ
3615 5450 3743 5524 δ’ἐξ

2084 5541 2258 5596 αὐτῶν
2350 5540 2616 5613 ἀλλήλων
2703 5543 3104 5618 συντεθειμένον
3195 5543 3502 5605 ὑπόστασις.
3565 5541 3745 5598 Ἀλλὰ

2082 5630 2172 5685 καὶ
2255 5631 2340 5708 ὑφ’
2395 5630 2578 5706 ἑτέρας
2658 5631 3002 5696 ὑποστάσεως
3056 5630 3473 5711 προσληφθεῖσα
3559 5629 3739 5709 φύσις,

2083 5720 2173 5778 καὶ
2205 5718 2258 5779 ἐν
2285 5719 2424 5797 αὐτῇ
2473 5719 2743 5799 ἐσχηκυῖα
2781 5722 2879 5794 τήν
2942 5721 3163 5800 ὕπαρξιν
3213 5721 3302 5778 καὶ
3361 5721 3496 5796 αὕτη
3555 5716 3742 5787 καλῶς
