4126 6442
365 343 478 422 an

1622 331 2044 395 NICEPHORI
2090 326 2534 391 BLEMMIDE

3667 313 3798 402 8.4?

436 479 492 532 2.
529 477 650 533 Uno
679 475 920 548 quidem
966 473 1140 530 modo
1170 489 1204 527 a
1231 474 1512 542 tempore,
1562 484 1676 540 quo
1709 466 1868 522 aliud
1902 464 2015 520 alio

2207 461 2272 535 β’.
2309 461 2434 514 Καθ’
2485 455 2576 513 ἕνα
2626 457 2718 529 μὲν
2765 453 2967 530 τρόπον
3015 451 3122 508 ἀπὸ
3166 454 3261 506 τοῦ
3311 447 3535 526 χρόνου,
3587 451 3706 510 καθ’
3761 450 3796 504 ὃ

368 565 674 643 antiquius
704 567 762 620 et
817 562 1106 618 vetustius
1137 559 1410 615 dicimus.
1467 557 1795 628 Usurpatur
1822 559 2016 609 autem

369 654 672 726 antiquius
695 652 931 726 quidem
952 650 1184 722 proprie
1205 650 1265 704 in
1287 644 1746 713 animatis,l58
1770 643 2024 699 maxime

370 745 432 800 in
462 742 839 800 hominibus:
865 741 926 795 in
945 737 1288 796 inanimatis
1319 741 1514 793 autem
1547 735 1645 806 (et)
1685 733 1864 789 simul
1897 749 2022 788 om-

373 833 550 910 nibus
579 830 890 888 vetustius.
950 827 1326 884 Manifestum
1385 829 1579 881 autem
1623 827 1712 878 est
1760 827 2025 894 oportere

373 938 510 978 cum
561 921 674 976 alio
723 917 1116 975 conferentem
1170 916 1354 970 facere
1401 912 1886 985 compartionem,
1953 925 2024 964 ne

373 1011 508 1086 quis
539 1010 734 1084 seipso
764 1002 1427 1076 secundumjuvenilem
1449 1006 1699 1071 aetatem,
1723 1017 1850 1072 qua:
1883 1005 2024 1054 tem-

373 1116 514 1174 pore
568 1099 730 1170 prior
777 1100 884 1167 est,
918 1094 1216 1166 antiquior
1235 1094 1358 1165 (seu
1384 1091 1600 1160 senior)
1631 1088 2025 1162 deprehenda-

373 1193 491 1244 tur.

445 1277 500 1334 3.
531 1275 658 1332 Alio
687 1275 861 1332 modo
892 1272 1057 1346 prius
1087 1270 1323 1336 dicitur,
1355 1269 1511 1341 quod
1567 1267 1890 1322 secundum
1919 1282 2023 1320 na-

372 1371 570 1443 turam
602 1368 710 1421 est.
759 1367 859 1418 Est
905 1366 1101 1417 autem
1159 1363 1374 1414 natura
1422 1356 1587 1429 prius
1644 1355 1796 1426 quod
1845 1351 2025 1408 simul

373 1442 528 1512 tollit
555 1459 613 1510 et
633 1450 810 1509 simul
833 1467 948 1506 non
979 1447 1234 1515 tollitur;
1268 1445 1727 1519 quodquejuxta
1755 1442 2026 1509 infertur,

375 1560 483 1600 nec
521 1545 694 1615 juxta
747 1540 942 1596 infert.
976 1537 1148 1593 Velut
1186 1553 1372 1591 unum
1405 1534 1569 1607 prius
1626 1538 1718 1589 est
1771 1532 2024 1587 duobus.

375 1632 607 1688 Etenim
639 1629 939 1686 sublatum
971 1641 1172 1684 secum
1201 1624 1354 1680 tollit
1382 1624 1520 1680 duo.
1557 1623 1613 1676 Si
1646 1621 1803 1678 enim
1842 1636 2026 1676 unum

375 1739 494 1778 non
524 1718 921 1792 sit,quomodo
953 1717 1067 1771 duo
1093 1713 1313 1770 erunt?
1344 1712 1403 1768 Si
1438 1717 1634 1767 autem
1656 1711 1770 1766 duo
1796 1709 2029 1764 sublata

375 1810 613 1878 fuerint,
647 1825 764 1864 non
787 1808 958 1877 juxta
979 1821 1165 1860 unum
1195 1802 1438 1858 tollitur.
1491 1799 1683 1856 Unum
1727 1799 1883 1854 enim
1916 1803 2024 1864 est,

374 1900 425 1957 si
453 1901 570 1955 duo
595 1915 712 1954 non
744 1897 882 1952 sint.
918 1895 1147 1950 Rursus
1177 1909 1313 1947 cum
1345 1891 1576 1945 duobus
1631 1904 1814 1943 unum
1849 1887 2027 1942 simul

373 1989 642 2044 infertur.
676 1985 786 2043 Ubl
825 1984 983 2040 enim
1035 1983 1172 2053 duo,
1205 1981 1286 2035 ibi
1311 1979 1506 2035 'etiam
1539 1994 1724 2033 unum
1755 1979 1862 2032 est.
1894 1976 2027 2030 Ete-

373 2077 497 2136 nim
529 2077 644 2133 duo
675 2078 817 2132 sunt
845 2088 1031 2129 unum
1080 2076 1138 2126 et
1167 2087 1376 2125 unum.
1426 2068 1552 2123 Non
1603 2071 1798 2122 autem
1844 2081 2028 2120 unum

373 2165 552 2223 simul
582 2165 757 2220 infert
785 2163 923 2218 duo.
981 2159 1176 2216 Unum
1207 2157 1364 2214 enim
1415 2157 1464 2212 si
1525 2155 1621 2224 sit,
1655 2171 1772 2210 non
1803 2159 1893 2210 est
1932 2168 2028 2207 ne-

372 2271 536 2314 cesse
564 2254 741 2311 etiam
771 2252 887 2307 duo
916 2265 1066 2306 esse.
1098 2253 1217 2304 Hoc
1263 2247 1436 2302 modo
1487 2261 1703 2318 genera
1733 2243 1858 2299 suis
1891 2257 2027 2314 spe-

372 2344 576 2401 ciebus
604 2342 802 2415 priora
857 2343 998 2396 sunt
1027 2343 1085 2394 et
1131 2337 1356 2409 species
1408 2333 1726 2389 individuis
1759 2332 1924 2400 suis;
1968 2335 2026 2386 et

373 2432 720 2506 simpliciter
748 2426 1170 2485 universaliora
1228 2421 1772 2497 particularioribus
1803 2437 1932 2492 quae
1964 2420 2024 2474 in

372 2523 578 2579 eodem
609 2519 1060 2595 praedicamento
1091 2518 1249 2571 sunt.

444 2613 498 2668 4.
531 2609 768 2666 Tertius
799 2607 1011 2663 modus
1040 2608 1129 2660 est
1156 2603 1229 2672 is,
1261 2602 1362 2675 qui
1393 2605 1485 2657 est
1513 2600 1837 2656 secundum
1870 2597 2023 2652 ordi-

373 2715 533 2771 nem,
589 2703 657 2754 ut
710 2694 1014 2752 exordium
1049 2690 1379 2747 narratione
1426 2688 1588 2758 prius
1625 2691 1732 2757 est,
1765 2690 1822 2740 et
1855 2683 2024 2739 miles

372 2787 524 2844 duce
550 2785 864 2844 exercitus.

443 2877 499 2950 5_.
560 2875 816 2950 Quartus
873 2874 963 2930 est
992 2869 1094 2940 qui
1124 2868 1276 2946 159
1319 2865 1645 2923 secundum
1677 2863 2024 2938 dignitatem

371 2969 482 3034 est,
505 2969 570 3019 ut
591 2959 873 3034 princeps
901 2957 1059 3031 prior
1078 2962 1169 3013 est
1189 2954 1738 3026 subdito,dignitate
1761 2950 2028 3007 videlicet

372 3058 432 3110 et
465 3053 704 3109 honore.
751 3054 919 3104 Hunc
950 3047 1191 3103 modum
1241 3045 1583 3100 Aristoteles
1635 3059 1751 3097 non
1795 3040 2022 3112 recipit.

372 3141 478 3198 Pro
508 3158 575 3196 eo
605 3145 802 3196 autem
833 3136 999 3210 ponit
1040 3133 1210 3190 illum
1260 3133 1360 3205 qui
1409 3131 1731 3188 secundum
1785 3146 2023 3185 causam

2132 544 2492 624 πρεσϐύτερον
2541 545 2630 601 καί
2687 541 3045 618 παλαιότερον
3101 538 3284 616 ἕτερον
3347 538 3533 616 ἐτέρου
3591 537 3794 616 φαμέν.

2130 640 2383 692 Τάττεται
2439 635 2497 690 δὲ
2551 636 2614 690 τὸ
2676 635 2769 707 μὲν
2827 626 3190 708 πρεσϐύτερον
3262 627 3464 704 κυρίως
3543 626 3630 682 ἐπὶ
3677 630 3794 681 τῶν

2133 727 2398 802 ἐμψύχων
2454 725 2545 779 καὶ
2608 721 2844 796 μάλιστα
2899 719 2980 776 ἐπ’
3040 719 3364 794 ἀνθρώπων,
3421 715 3510 772 ἐπὶ
3565 715 3623 778 δὲ
3679 720 3792 770 τῶν

2134 801 2361 891 ἀψύχων
2397 814 2531 889 (καὶ)
2562 815 2704 887 ὁμοῦ
2734 811 2949 866 πάντων
2997 810 3061 864 τὸ
3107 803 3492 882 παλαιότερονζ
3528 803 3708 876 Δῆλον
3743 801 3799 859 δ’

2133 905 2218 960 ὅτι
2265 905 2403 980 πρὸς
2457 900 2638 979 ἕτερον
2693 903 2806 978 χρή
2852 893 3276 972 παραϐάλλοντα
3331 896 3564 951 πάντοτε
3613 899 3797 950 ποιεῖ-

2133 997 2252 1049 σθαι
2307 994 2406 1062 τὴν
2467 992 2774 1068 σύγκρισιν,
2825 987 2920 1042 ἳνα
2976 990 3049 1060 μή
3108 1008 3191 1048 τις
3247 986 3440 1040 ἑαυτοῦ
3495 985 3632 1039 κατὰ
3685 983 3792 1052 τὴν

2133 1083 2251 1137 νέαν
2308 1080 2529 1152 ἡλικίαν
2567 1127 2580 1152 ,
2633 1080 2708 1140 ὡς
2783 1082 2860 1150 τῷ
2933 1076 3120 1152 χρόνῳ
3173 1075 3438 1151 προτέραν
3471 1119 3486 1146 ,
3545 1071 3794 1150 εὑρεθείη

2134 1166 2520 1248 πρεσϐύτερος.

2206 1269 2269 1338 γ¹ο
2317 1261 2442 1314 Καθ’
2468 1255 2650 1335 ἓτερον
2684 1250 2883 1334 τρόπον
2937 1253 3149 1330 λέγεται
3206 1252 3493 1329 πρότερον,
3540 1251 3604 1305 τὸ
3652 1253 3796 1307 κατὰ

2135 1350 2314 1429 φύσιν.
2375 1347 2540 1402 Φύσει
2591 1344 2648 1401 δὲ
2703 1343 2966 1433 πρότερόν
3024 1343 3133 1398 ἐστι
3190 1343 3252 1397 τὸ
3301 1345 3652 1416 συναναιροῦν
3699 1341 3797 1420 καὶ

2140 1440 2216 1512 μὴ
2285 1435 2768 1513 συναναιρούμενον
2802 1479 2816 1503 ,
2872 1429 2961 1487 xui
3037 1431 3479 1510 συνειφερόμενον
3558 1429 3649 1484 καὶ
3712 1431 3792 1502 μὴ

2137 1526 2508 1602 συνεισφέρον.
2568 1527 2692 1578 Οἷον
2741 1523 2802 1576 τὸ
2861 1521 2914 1576 ἐν
2969 1520 3231 1598 πρότερον
3290 1520 3443 1597 φύσει
3500 1523 3610 1574 τῶν
3668 1515 3793 1574 δύο.

2139 1617 2234 1672 Καὶ
2285 1617 2390 1692 γὰρ
2439 1612 2850 1690 ἀναιρούμενον,
2897 1615 3200 1686 συναναιρεῖ
3245 1609 3310 1663 τὰ
3357 1607 3477 1666 δύο.
3512 1609 3602 1678 Μὴ
3635 1603 3799 1670 ὄντος

2136 1707 2240 1780 γὰρ
2290 1703 2427 1772 ἐνὸς,
2481 1707 2598 1764 πῶς
2649 1699 2854 1755 ἔσονται
2905 1697 3001 1754 δύο
3043 1703 3194 1768 ;τῶν
3248 1695 3344 1753 δύο
3391 1695 3436 1752 δ’
3491 1696 3798 1770 ἀναιρεθέν-

2135 1815 2266 1863 των,
2329 1792 2390 1847 o6
2442 1795 2832 1866 συναναιρεῖται
2881 1788 2943 1843 τὸ
2993 1786 3068 1844 ἔν.
3118 1788 3272 1842 Ἔστι
3316 1788 3418 1863 γὰρ
3448 1785 3528 1860 ἓν,
3581 1783 3678 1841 δύο
3712 1786 3794 1858 μὴ

2138 1877 2307 1937 ὄντων
2342 1925 2354 1938 .
2418 1878 2589 1934 Πάλιν
2656 1884 2772 1941 τοῖς
2836 1878 2929 1952 μὲν
2990 1875 3086 1932 δύο
3139 1874 3537 1954 συνεισφέρεται
3592 1875 3656 1929 τὸ
3711 1870 3794 1929 ἕν’

2137 1968 2261 2036 ἔνθα
2287 1972 2388 2046 γὰρ
2435 1968 2551 2040 δύο,
2604 1967 2713 2022 ἐκεῖ
2757 1967 2846 2022 καὶ
2895 1968 2956 2022 τὸ
2986 1963 3062 2021 ἕν’
3095 1965 3151 2020 ’ὲν
3201 1966 3306 2041 γάρ
3353 1965 3444 2019 καὶ
3471 1964 3528 2018 ἓν
3573 1963 3642 2018 τὰ
3670 1960 3793 2017 δύο⁹

2138 2061 2200 2117 οὐ
2259 2059 2589 2138 συνεισφέρει
2649 2055 2707 2111 δὲ
2759 2057 2822 2112 τὸ
2868 2053 2923 2111 ἓν
2982 2057 3048 2109 τὰ
3105 2052 3222 2110 δύο·
3285 2055 3401 2115 ἑνὸς
3452 2053 3557 2129 γὰρ
3607 2048 3795 2126 ὄντος,

2137 2149 2236 2204 οὐκ
2291 2149 2580 2223 ἀναγκαῖον
2629 2146 2762 2202 εἶναι
2809 2145 2899 2200 καὶ
2950 2143 3066 2201 δύο.
3112 2144 3258 2198 Κατά
3305 2147 3494 2197 τοῦτον
3542 2143 3635 2197 τὸν
3666 2142 3802 2218 τρό-

2134 2261 2236 2293 πον
2266 2238 2334 2292 re
2378 2236 2510 2313 γένη
2559 2235 2798 2312 πρότερα
2845 2238 2950 2288 τῶν
2999 2232 3212 2288 οἰκείων
3245 2229 3426 2304 ε’ίδῶν,
3457 2230 3643 2286 καὶτὰ
3673 2228 3799 2302 εἷ’δη

2135 2332 2241 2382 τῶν
2275 2326 2518 2400 ἀτόμων,
2539 2321 2629 2379 καὶ
2661 2323 2852 2386 ἁπλῶς
2883 2323 2949 2377 τὰ
2977 2319 3386 2396 καθολικώτερα
3415 2324 3524 2377 τῶν
3553 2319 3657 2376 ὐπὸ
3687 2321 3799 2390 τὴν

2135 2416 2302 2486 αὐτὴν
2327 2413 2657 2491 κατηγορίαν
2691 2411 3089 2488 μερικωτέρων.

2207 2592 2270 2649 δ.
2305 2592 2495 2670 Τρίτος
2538 2592 2741 2668 τρόπος
2793 2592 2822 2646 6
2868 2590 3005 2646 κατᾶ
3049 2589 3217 2661 τάξιν,
3268 2589 3341 2650 ὡς
3381 2588 3447 2644 τὸ
3497 2587 3800 2664 προοίμιον

2133 2683 2396 2759 πρότερον
2453 2689 2554 2751 τῆς
2612 2678 2922 2758 διηγήσεως
2959 2723 2973 2749 ,
3024 2678 3115 2733 καὶ
3173 2679 3202 2732 6
3276 2677 3617 2754 στρατιώτης
3695 2681 3805 2732 τοῦ

2136 2776 2459 2848 στρατηγοῦ.

2206 2862 2261 2915 ε’.
2291 2859 2552 2938 Τέταρτος
2602 2859 2630 2913 ὁ
2679 2860 2798 2914 κατ’
2847 2856 3012 2928 ὀξίαν·
3070 2856 3146 2919 ὡς
3202 2856 3230 2910 ὀ
3282 2857 3469 2932 ἄρχων
3521 2853 3801 2931 πρότερος

2132 2955 2230 3004 τοῦ
2259 2948 2595 3026 ἀρχομένου,
2626 2952 2694 3023 τῇ
2729 2946 2850 3019 ἀξίᾳ
2898 2944 3160 3017 δηλονότι
3209 2945 3301 3000 καὶ
3345 2948 3416 3019 τῇ
3464 2947 3626 3018 τιμῇ.
3659 2947 3803 2998 Τοῦ-

2132 3060 2222 3094 τον
2275 3040 2368 3094 τὸτ
2409 3039 2611 3114 τρόπον
2642 3039 2669 3092 ὁ
2729 3034 3136 3113 Ἀριστοτέλης.
3195 3034 3258 3089 οὐ
3308 3031 3547 3109 δέχεται.
3597 3031 3800 3103 Τίθησι

2135 3126 2182 3183 δ’
2212 3128 2492 3183 ἀντάὐτοῦ
2537 3128 2628 3182 τὸν
2661 3125 2798 3181 κατά
2825 3125 2888 3180 τὸ
2936 3121 3128 3180 αἷίτιον·
3182 3125 3318 3195 οἷον,
3351 3125 3533 3179 Ἔστιν
3585 3118 3801 3198 ἅνθρω-

371 3234 482 3302 est,
513 3228 694 3300 velut,
727 3227 910 3284 Homo
942 3228 1065 3293 est;
1101 3229 1158 3280 et
1186 3222 1440 3278 dicimus
1481 3220 1656 3276 etiam
1689 3237 1793 3275 nos
1822 3235 2018 3275 veram

2144 3239 2254 3287 πτος,
2286 3217 2375 3272 καὶ
2425 3215 2660 3292 λέγομεν
2689 3216 2778 3271 xui
2827 3217 2992 3288 ἡμεῖς
3041 3212 3226 3283 ἀληθῆ
3279 3211 3465 3289 λόγον,
3517 3211 3600 3267 ὅτι
3648 3209 3797 3266 ἔστιν

370 3336 502 3377 esse
530 3317 875 3385 orationem,
909 3313 1066 3386 quod
1097 3312 1175 3368 sit
1203 3311 1399 3367 homo.
1454 3312 1642 3376 Quare
1672 3324 1801 3365 esse
1833 3307 2022 3364 homi-

371 3424 508 3465 nem
538 3422 716 3462 causa
745 3409 836 3460 est
863 3420 1009 3459 verae
1040 3402 1218 3472 hujus
1248 3399 1530 3456 orationis
1561 3415 1688 3470 quae
1720 3403 1808 3452 est
1863 3397 2021 3469 quod

371 3497 550 3554 homo
578 3496 671 3552 sit.
703 3493 906 3559 Quoad
934 3491 1044 3548 hoc
1071 3489 1472 3563 significatum
1503 3488 1734 3544 Patrem
1762 3487 1864 3557 qui
1897 3486 2023 3541 sine

373 3585 662 3661 principio
673 3581 1048 3656 est,primum
1062 3577 1727 3650 etmajoremUnigenito
1746 3576 2019 3642 dicimus,

374 3676 531 3749 quod
562 3671 914 3730 exsistentiae
935 3670 1096 3725 illius
1121 3684 1300 3724 causa
1325 3668 1402 3722 sit
1432 3665 1842 3722 essentialiter.

441 3783 496 3837 6.
529 3780 829 3852 Adjiciunt
858 3777 1041 3848 aliqui
1064 3775 1253 3830 modis
1285 3773 1496 3845 prioris
1517 3789 1651 3827 eum
1686 3771 1787 3843 qui
1809 3787 2023 3826 secun-

370 3871 514 3926 dum
536 3869 832 3925 notionem
851 3865 1066 3922 mentis
1085 3869 1174 3920 est
1196 3880 1209 3918 :
1244 3861 1402 3918 velut
1423 3860 1765 3916 aedificaturi
1784 3875 2021 3914 murum

369 3959 822 4016 fundamentum
846 3954 1129 4027 jacimus,
1155 3951 1546 4021 dicimusque,
1578 3950 1716 4021 quia
1747 3947 1910 4020 prius
1933 3963 2024 4002 co-

369 4049 622 4123 gitantes
644 4061 882 4102 murum
915 4048 1150 4116 propter
1182 4057 1418 4099 murum
1455 4040 1910 4094 fundamentum
1933 4040 2023 4108 ja-

369 4139 824 4205 cimus,murum
849 4134 1232 4189 fundamento
1255 4129 1506 4203 priorem
1532 4145 1678 4184 esse.
1704 4127 2024 4183 Reducitur

370 4231 567 4284 autem
591 4225 802 4281 modus
832 4223 927 4279 hic
949 4223 1019 4278 ad
1045 4237 1181 4276 eum
1204 4219 1303 4291 qui
1326 4219 1649 4274 secundum
1675 4216 2020 4288 dignitatem

370 4321 478 4384 est,
537 4331 653 4387 quo
700 4313 761 4368 id
790 4312 946 4385 quod
979 4311 1193 4366 melius
1222 4314 1280 4364 et
1317 4307 1666 4362 honoratius
1695 4310 1804 4372 est,
1859 4305 2023 4377 prius

371 4404 607 4462 dicitur.
636 4403 706 4458 Et
744 4399 1241 4474 quemadmodum
1274 4398 1433 4470 prior
1461 4395 1769 4466 dignitate,
1821 4394 2025 4449 ordine

369 4492 656 4578 posterior
695 4489 1155 4566 deprehenditur
1181 4485 1422 4560 (etenim
1455 4484 1718 4557 principe
1746 4481 1908 4555 prius
1938 4485 2027 4538 est

2133 3304 2434 3382 ἄνθρωπος.
2467 3307 2538 3360 Τὸ
2577 3306 2709 3361 εἶναι
2742 3309 2872 3380 γοῦν
2921 3305 3202 3380 ἄνθρωπον
3253 3299 3424 3357 αἷίτιον
3456 3300 3660 3378 γίνεται
3691 3305 3799 3356 τοῦ

2134 3387 2305 3471 λόγου
2335 3395 2530 3450 τούτου
2577 3399 2672 3449 τοῦ
2717 3392 2980 3465 ἀληθοῦς,
3032 3396 3152 3465 τοῦ,
3182 3390 3266 3446 ὅτι
3297 3387 3436 3446 ἔστιν
3480 3391 3797 3466 ἄνθρωπος.

2132 3485 2278 3539 Κατὰ
2304 3489 2464 3538 τοῦτο
2523 3483 2584 3537 τὸ
2643 3481 3044 3556 σημαινόμενον
3102 3479 3340 3555 λέγομεν
3401 3480 3491 3534 τὸν
3544 3475 3788 3554 ἄναρχον

2133 3574 2346 3649 Πατέρα
2374 3576 2588 3648 πρῶτον
2621 3571 2710 3626 καὶ
2748 3569 2965 3644 μείζονα
2991 3573 3090 3624 τοῦ
3118 3573 3476 3644 Μονογενοῦς,
3510 3567 3585 3630 ὡς
3617 3566 3796 3622 αἴτιον

2129 3669 2231 3731 τῆς
2264 3661 2427 3716 αὐτοῦ
2461 3661 2736 3735 ὑπάρξεως
2769 3655 3071 3720 οὐσιωδῶς.

2203 3771 2265 3832 ς’.
2325 3766 2678 3844 Προστιθέασί
2730 3787 2871 3828 τινες
2915 3771 3031 3826 τοῖς
3077 3764 3302 3840 τρόποις
3357 3767 3455 3818 τοῦ
3513 3761 3790 3838 προτέρου

2128 3859 2219 3912 τὸν
2270 3859 2385 3911 κατ’
2434 3856 2689 3910 ἐπίνοιανο
2743 3856 2818 3917 ὡς
2870 3853 2993 3908 ὅταν
3051 3852 3384 3929 βουλόμενοι
3440 3871 3632 3926 τοιχον
3680 3847 3794 3906 δεί-

2137 3948 2333 4019 μασθαι
2416 3944 2669 4018 θεμέλιον
2756 3937 3191 4015 καταϐάλλωμεν
3250 3961 3262 3974 ·
3325 3939 3415 3996 καί
3492 3939 3724 4016 λέγομεν
3779 3984 3794 4010 ,

2133 4036 2280 4091 Ἐπεὶ
2313 4035 2577 4112 πρότερον
2605 4035 2696 4089 τὸν
2743 4039 2936 4108 τοῖχον
2987 4031 3367 4101 ἐπινοήσαντες
3414 4027 3503 4084 διὰ
3548 4027 3641 4084 τόν
3672 4035 3798 4084 τοῖο

2132 4146 2232 4201 γον
2277 4124 2533 4198 τιθέμεθα
2578 4124 2670 4178 τὸν
2721 4119 2998 4195 θεμέλιον,
3059 4120 3086 4174 6
3139 4124 3334 4196 τοῖχος
3365 4118 3476 4174 ἐστι
3525 4117 3796 4195 πρότερος

2129 4219 2227 4268 τοῦ
2259 4212 2542 4287 θεμελίου.
2580 4211 2877 4286 Συνάγεται
2929 4206 2975 4263 δ’
3015 4209 3173 4271 οὗτος
3215 4209 3244 4262 ὁ
3296 4207 3497 4284 τρόπος
3541 4211 3623 4280 τῷ
3675 4209 3798 4262 κατ’

2134 4303 2317 4373 ἀξίαν·
2377 4303 2492 4356 καθ’
2546 4301 2604 4356 ὃν
2656 4301 2719 4354 τὸ
2782 4297 2997 4374 βέλτιον
3053 4297 3144 4352 καὶ
3199 4297 3527 4373 τιμιώτερον
3571 4294 3796 4371 λέγεται

2133 4392 2418 4468 πρότερον.
2471 4391 2570 4445 Καὶ
2631 4388 2812 4463 ὥσπερ
2871 4389 2900 4442 ὁ
2957 4393 3072 4442 κατ’
3120 4386 3267 4457 ἀξίαν
3319 4385 3586 4464 πρότερος
3635 4384 3794 4452 ὕστε-

2136 4503 2228 4558 ρος
2287 4482 2583 4557 εὑρίσκεται
2639 4481 2776 4534 κατά
2829 4478 2975 4549 τάξιν
3035 4477 3087 4552 (6
3147 4477 3252 4552 γὰρ
3284 4478 3470 4552 ἅρχων
3525 4475 3793 4552 πρότερόν

369 4562 671 4646 subditus,
693 4584 750 4635 et
779 4562 1072 4651 posterius
1103 4576 1374 4649 princeps
1406 4571 1806 4643 constituitur)
1841 4569 2021 4625 simili

2144 4572 2270 4625 ἐστιν
2327 4569 2637 4645 ἀρχόμενος
2696 4566 2786 4635 καὶ
2860 4565 3081 4642 ὕστερον
3155 4566 3341 4641 ἄρχων
3400 4562 3740 4638 καθίσταται)
3776 4583 3791 4596 ·

369 4672 544 4727 modo
573 4669 750 4726 etiam
783 4668 841 4723 id
873 4668 1029 4739 quod
1061 4665 1298 4722 notione
1332 4662 1547 4719 mentis
1579 4661 1742 4733 prius
1775 4665 1886 4728 est,
1919 4676 2021 4730 po-

370 4759 585 4816 sterius
615 4755 940 4814 absolvitur
969 4760 1026 4810 et
1057 4752 1378 4826 perficitur.

439 4866 495 4920 7.
530 4867 680 4932 Quot
709 4867 904 4919 autem
935 4860 1128 4918 modis
1160 4859 1348 4932 prius,
1399 4862 1480 4913 tot
1509 4856 1684 4912 etiam
1729 4856 1871 4910 £60
1903 4870 2024 4909 mo-

369 4955 462 5011 dis
493 4953 786 5026 posterius
815 4950 1099 5022 (dicitur),
1135 4951 1182 5005 si
1215 4946 1478 5020 apposite
1526 4951 1582 5000 et
1611 4944 2023 5000 convenienter

369 5044 564 5118 modis
598 5041 809 5115 prioris
844 5042 945 5096 fiat
972 5039 1281 5112 oppositio.

441 5134 496 5208 8.
527 5133 805 5187 Dividunt
835 5136 1031 5186 autem
1089 5127 1252 5200 prius
1282 5131 1338 5182 et
1367 5123 1660 5197 posterius
1691 5122 2020 5178 secundum

369 5222 562 5300 magis
597 5226 653 5297 et
683 5219 901 5296 minus,
938 5230 998 5274 ul
1025 5236 1094 5274 ea
1123 5235 1251 5289 quae
1284 5217 1355 5272 ab
1384 5231 1520 5270 uno.

438 5312 495 5365 9.
527 5309 717 5365 Simul
750 5326 920 5380 porro
950 5325 1066 5363 uno
1100 5307 1336 5378 quidem
1361 5304 1535 5360 modo
1568 5307 1728 5370 sunt,
1763 5316 2016 5371 quorum

369 5399 668 5472 generatio
697 5403 788 5453 est
817 5397 874 5452 in
906 5397 1108 5453 eodem
1145 5401 1427 5466 tempore,
1465 5395 1529 5446 ut
1562 5406 1696 5446 cum
1745 5406 1862 5444 uno
1896 5405 2019 5442 mo-

369 5492 572 5545 mento
600 5487 747 5543 duos
777 5487 940 5543 nasci
962 5485 1289 5558 contigerit.
1316 5482 1417 5538 Hic
1447 5481 1657 5536 modus
1690 5480 1880 5552 primo
1904 5493 2026 5533 mo-

370 5578 444 5636 do
474 5573 689 5652 prioris
718 5575 818 5650 qui
845 5580 938 5632 et
967 5592 996 5632 ιι
1030 5578 1294 5648 tempore
1322 5570 1662 5646 opponitur.

2130 4658 2568 4734 τοιουτοτρόπως
2617 4657 2707 4712 καὶ
2754 4655 2819 4710 τὸ
2865 4656 2981 4709 κατ’
3031 4654 3268 4710 ἐπίνοιαν
3319 4654 3583 4730 πρότερον
3635 4651 3790 4709 ὕστε-

2134 4768 2226 4825 ρον
2254 4745 2600 4823 ἀπαρτίζεται
2633 4744 2722 4799 καὶ
2752 4743 3079 4799 τελειοῦται.

2206 4860 2263 4924 ζ’.
2313 4855 2560 4929 “Οσαχῶς
2609 4849 2667 4906 δὲ
2712 4851 2776 4906 τὸ
2823 4850 3125 4926 πρότερον,
3175 4853 3532 4925 τοσαυταχῶς
3585 4847 3678 4902 καί
3724 4848 3793 4902 τὸ

2133 4944 2373 5020 ὕστερον,
2398 4945 2693 5019 προσφυῶς
2737 4944 2854 5002 τοῖς
2894 4940 3122 5017 τρόποις
3155 4939 3244 4994 καὶ
3297 4935 3671 5009 καταλλήλως
3700 4958 3790 5012 γι-

2131 5032 2366 5106 νομένης
2394 5038 2494 5101 τῆς
2526 5030 2866 5093 ἀντιθέσεως.

2203 5124 2272 5193 η’.
2309 5125 2582 5197 Διαιροῦσι
2632 5117 2690 5174 δὲ
2736 5120 2800 5173 τὸ
2856 5118 3118 5196 πρότερον
3177 5118 3267 5191 καὶ
3319 5116 3539 5192 ὕστερον
3587 5116 3678 5172 καὶ
3723 5117 3791 5171 τὸ

2136 5209 2349 5285 μᾶλλον
2385 5209 2474 5265 καὶ
2504 5209 2568 5263 τὸ
2597 5210 2778 5278 ἧττον,
2810 5193 2989 5280 ὥσηερ
3019 5193 3086 5261 τὰ
3117 5209 3204 5286 ἀφ’
3235 5207 3372 5269 ὲνός.
3455 5193 3457 5196 ἀ

2203 5303 2264 5364 θ’.
2297 5303 2451 5372 ’Ἅμα
2499 5295 2557 5352 δέ
2608 5295 2718 5350 ἐστι
2769 5298 2886 5360 καθ’
2934 5294 3028 5351 ἕνα
3080 5298 3173 5370 μὲν
3214 5297 3435 5373 τρόπον,
3575 5297 3610 5366 ἡ
3642 5293 3790 5370 γένε-

2132 5411 2212 5452 σις
2248 5389 2298 5443 ἐν
2327 5393 2406 5460 τῷ
2454 5386 2601 5458 αὐτῷ
2649 5384 2857 5460 χρόνῳ·
2912 5385 2986 5446 ὡς
3033 5385 3156 5440 ὅταν
3209 5385 3260 5440 ἐν
3314 5391 3412 5460 μιᾷ
3458 5384 3602 5461 ῥοπῇ
3644 5383 3794 5459 τύχῃ

2129 5480 2450 5555 γεννηθῆναι
2510 5472 2605 5530 δύο
2659 5473 2830 5548 τινάς⁶
2891 5473 3047 5535 οὗτος
3105 5476 3132 5529 6
3188 5475 3391 5552 τρόπος
3449 5478 3528 5546 τῷ
3581 5473 3792 5550 πρώτῳ

2128 5567 2318 5644 τρόπῳ
2372 5570 2471 5622 τοῦ
2527 5563 2796 5642 πρότέρου
2851 5563 3163 5638 ἀντίκειται,
3219 5569 3300 5639 τῷ
3356 5564 3464 5620 ἀπὸ
3513 5567 3612 5619 τοῦ
3653 5563 3793 5638 χρό-

2130 5677 2247 5718 νου.
