4126 6430
336 361 462 426 813

1718 368 2069 432 EPITOME
2111 373 2418 434 LOGICA.

3644 390 3765 448 814

412 493 462 546 ι’.
497 493 622 547 Καθ’
663 492 845 570 ἕτερον
888 493 1095 571 τρόπον
1131 495 1248 570 ἅμα
1294 495 1546 572 λέγονται
1595 496 1662 552 τὰ
1705 500 1841 552 κατὰ
1889 498 1987 578 φό-

2183 505 2267 562 10.
2316 506 2442 564 ΑΙὶο
2475 511 2647 566 modo
2699 512 2875 567 simul
2906 514 3205 581 dicuntur,
3257 533 3385 588 quae
3432 520 3760 576 secundum

337 601 418 635 σιν
445 581 559 654 ἅμα
599 582 930 658 ὑπάρχοντα.
981 589 1158 640 Ταῦτα
1201 584 1259 640 δε
1307 585 1417 641 ἐστι
1467 588 1533 642 τὰ
1579 593 2003 664 συναναιροῦντα

2111 600 2383 652 naturam
2415 598 2591 654 simul
2625 601 2934 657 exsistunt.
2969 607 3098 658 Hec
3131 609 3326 660 autem
3358 611 3497 661 sunt
3525 624 3610 676 ea,
3635 626 3758 679 qua

333 669 425 724 καὶ
487 671 980 747 συναναιρούμενα,
1027 674 1480 753 συνεισφερόμενά
1530 697 1590 731 τε
1646 676 1736 731 καὶ
1796 698 1998 732 συνεισ-

336 759 586 836 φέροντα·
642 761 756 815 οἷον
804 761 874 816 τὰ
911 761 1050 838 πρός
1105 784 1180 820 τι.
1213 763 1381 826 Οὗτος
1439 761 1497 820 δὲ
1541 765 1568 819 6
1597 764 1798 839 τρόπος
1851 765 1996 820 ἀντί-

331 867 506 903 κειται
559 853 638 921 τῷ
687 853 787 904 τοῦ
833 849 1102 928 προτέρου
1153 849 1406 928 δευτέρου
1462 853 1678 930 τρόπῳ,
1737 859 1816 927 τῷ
1863 855 1999 910 κατά

333 934 511 1014 φύσιν
571 935 664 993 καί
714 958 775 1014 γε
829 943 910 1012 τῷ
964 938 1200 1014 πέμπτῳ
1256 946 1335 1013 τῷ
1383 943 1519 996 κατά
1566 943 1628 997 τὸ
1682 940 1876 999 αἶ’τιον.
1908 945 1995 1016 Τῷ

333 1023 567 1102 δευτέρῳ
627 1027 722 1101 μὲν
783 1028 872 1083 οὸν
932 1036 1049 1094 καθ’
1103 1029 1228 1085 ὅσον
1287 1031 1644 1110 ἀντιστρέφει,
1701 1031 1992 1089 ἀντίκειται

326 1119 410 1187 τῷ
444 1116 520 1188 μὴ
559 1114 994 1193 ἀντιστρέφοντι·
1045 1123 1125 1190 τῷ
1175 1118 1413 1192 πέμπτῳ
1471 1118 1516 1174 δ’
1563 1118 1738 1192 αὖθις,
1789 1121 1826 1190 ἢ
1883 1123 1990 1195 μὴν

329 1203 590 1278 τετάρτῳ,
621 1205 740 1259 καθ’
771 1204 896 1260 ὅσον
925 1205 1025 1260 οὐκ
1073 1205 1185 1262 ἔστι
1235 1210 1456 1282 θάτερον
1510 1205 1680 1264 αἰίι-ιον
1727 1214 1824 1264 τοῦ
1877 1210 1994 1265 λοι-

331 1295 457 1347 ποῦ.
491 1296 727 1348 Τοιαῦτα
755 1294 860 1371 γὰρ
907 1295 976 1349 τά
1022 1294 1160 1370 πρός
1203 1316 1278 1368 τι,
1311 1298 1446 1360 καθὸ
1493 1296 1630 1370 πρός
1679 1319 1752 1352 τι.
1789 1298 1859 1352 Τὸ
1888 1299 1990 1375 γὰρ

332 1382 513 1458 πατὴρ
544 1381 636 1436 καὶ
691 1383 808 1445 υἱὸς
855 1383 968 1456 ἅμα
1017 1383 1129 1439 ἐστὶ
1174 1384 1266 1444 καὶ
1315 1384 1595 1463 οὐδέτερον
1648 1383 1843 1457 α’ἷίτιον,
1875 1389 1992 1442 κατ’

328 1469 460 1525 αὐτὸ
516 1472 718 1545 (τοῦτο,
781 1473 844 1526 τὸ
903 1473 1084 1549 πατὴρ
1141 1474 1231 1528 καὶ
1289 1474 1449 1548 υἱός)’
1505 1472 1720 1548 μᾶλλον
1768 1476 1862 1548 μὲν
1896 1473 1988 1530 οὖν

328 1556 530 1614 αἷίτιον’
562 1560 817 1636 ἑκατέρου
866 1560 1115 1638 ἑκάτερόν
1167 1563 1300 1620 ἐστι.
1361 1563 1541 1620 Αἷετιον
1601 1566 1705 1640 γὰρ
1762 1569 1859 1620 τοῦ
1890 1586 1989 1620 παι

323 1648 456 1725 τέρα
505 1648 638 1703 εἶναι
693 1649 756 1706 τὸ
803 1650 919 1704 υἱὸν
973 1650 1128 1706 εἶναι’
1180 1653 1270 1706 καὶ
1318 1657 1416 1707 τοῦ
1468 1653 1584 1708 υἱὸν
1628 1653 1855 1708 εἶναιτὸ
1887 1675 1989 1708 πα-

323 1738 456 1814 τέρα
505 1737 660 1794 εἶναι.
716 1738 821 1792 Κᾶν
885 1738 1072 1802 ἄλλως
1127 1737 1300 1803 αἷίτιος
1357 1749 1460 1812 τῆς
1513 1747 1611 1798 τοῦ
1659 1743 1780 1798 υἱοῦ
1815 1744 1986 1818 ὑπάρ-

2101 683 2273 752 juxta
2303 685 2518 741 tollunt
2549 693 2606 743 et
2627 690 2798 758 juxta
2826 691 3136 760 tolluntur,
3182 710 3428 766 quaeque
3467 697 3640 765 juxta
3668 696 3757 752 in-

2109 773 2378 828 feruntur
2407 781 2464 831 et
2496 777 2666 848 juxta
2713 779 2993 836 inferunt.
3046 781 3220 838 Velut
3250 799 3317 838 ea
3349 800 3474 856 quae
3507 789 3650 840 sunt
3683 785 3756 840 ad

2108 860 2350 933 aliquid.
2384 864 2485 919 llic
2517 872 2715 923 autem
2740 870 2950 925 modus
2974 871 3290 942 opponitur
3311 874 3570 928 secundo
3604 874 3759 945 prio-

2106 949 2186 1006 ris
2219 954 2390 1008 modo
2421 955 2521 1026 qui
2555 961 2644 1012 est
2673 959 2999 1014 secundum
3048 965 3340 1028 naturam,
3391 962 3533 1033 quin
3576 962 3753 1018 etiam

2105 1043 2310 1113 quinto
2337 1044 2436 1115 qui
2466 1051 2558 1100 est
2587 1047 2911 1104 secundum
2935 1066 3173 1105 causam
3200 1067 3212 1105 :
3239 1052 3752 1123 secundonquidem

2103 1131 2204 1202 qui
2237 1149 2352 1188 non
2384 1136 2740 1191 convertitur
2759 1137 3074 1209 Opponitur
3100 1138 3161 1193 in
3193 1144 3481 1210 quantum
3514 1157 3752 1197 conver-

2101 1218 2278 1287 titur;
2314 1238 2550 1279 rursum
2580 1241 2716 1280 vero
2746 1231 2954 1297 quarto
2984 1232 3086 1282 aut
3113 1227 3289 1284 etiam
3320 1229 3548 1299 quinto,
3606 1247 3751 1302 qua-

2101 1310 2274 1363 tenus
2306 1309 2556 1366 alterum
2587 1329 2703 1366 non
2735 1318 2824 1368 est
2862 1329 3040 1369 causa
3081 1315 3342 1372 alterius.
3403 1316 3568 1372 Talia
3592 1317 3750 1374 enim

2101 1401 2394 1469 sunt,quaa
2419 1405 2558 1454 sunt
2582 1401 2653 1455 ad
2678 1401 2900 1474 aliquid
2922 1408 3217 1474 quatenus
3249 1409 3388 1460 sunt
3409 1406 3479 1460 ad
3501 1405 3747 1478 aliquid.

2100 1486 2272 1541 Pater
2299 1487 2456 1542 enim
2480 1493 2537 1544 et
2567 1489 2724 1546 ﬁlius
2748 1495 2885 1547 sunt
2902 1492 3164 1560 simul,et
3184 1498 3390 1549 neuter
3419 1495 3747 1550 secundum

2099 1577 2209 1636 hoc
2260 1578 2455 1652 ipsum
2503 1581 2682 1652 (quod
2731 1586 2895 1652 pater
2923 1586 2980 1636 et
3030 1582 3188 1638 ﬁlius
3221 1584 3379 1654 sunt)
3430 1601 3608 1639 causa
3637 1589 3746 1640 est.

2100 1670 2286 1742 Magis
2319 1670 2498 1742 igitur
2527 1669 2804 1726 alteruter
2825 1669 3166 1726 alterutrius
3197 1689 3374 1728 causa
3405 1673 3746 1729 est.Etenim

2096 1761 2224 1831 ejus
2256 1759 2410 1831 quod
2441 1762 2531 1814 est
2561 1763 2786 1830 patrem
2818 1775 2946 1814 esse
2977 1776 3158 1815 causa
3204 1767 3312 1828 est,
3365 1776 3496 1818 esse
3528 1761 3739 1828 filium,

327 1826 461 1897 ξεως
491 1826 520 1881 6
577 1828 780 1903 πατὴρ,
843 1827 904 1882 οὐ
963 1829 1071 1902 μὴν
1125 1837 1229 1899 τῆς
1279 1835 1375 1884 τοῦ
1421 1829 1626 1907 πατρὸς
1676 1833 1704 1886 6
1755 1832 1892 1894 υἱός.
1926 1833 2018 1886 Ὀ.

334 1915 424 1939 μὶ,
474 1915 566 1939 -u‘-
625 1917 793 1939 _A._,\_
844 1915 858 1939 2
913 1916 924 1939 ι
1203 1919 1217 1939 ζ
1258 1917 1300 1939 5‘
1391 1920 1437 1939 (κ
1530 1919 1545 1939 Ί
1703 1922 1748 1939 In
1884 1927 1921 1939 vr
1966 1921 1980 1939 \
2013 1933 2018 1938 .

2100 1826 2245 1905 ἱθι
2273 1826 2339 1903 et
2376 1849 2504 1918 ejus
2535 1826 2690 1919 quod
2723 1851 2812 1903 est
2859 1864 2987 1904 esse
3038 1848 3228 1904 ﬁlium
3278 1826 3456 1904 causa
3497 1853 3586 1904 est
3616 1826 3744 1905 esse

330 1915 427 1988 μὲν
471 1915 572 1991 γὰρ
618 1917 799 1992 πατὴρ
840 1915 1143 1992 ἐγέννησεν,
1195 1919 1222 1972 6
1253 1917 1311 1974 δὲ
1359 1920 1474 1982 υἱὸς
1527 1919 1788 1995 ἐγεννήθη
1819 1966 1832 1978 .
1884 1921 1982 1975 Καὶ

325 2003 546 2080 γέγονεν
576 2005 604 2059 6
634 2007 749 2068 υἱὸς
781 2004 842 2060 ἐκ
885 2027 981 2060 του
1030 2008 1256 2084 πατρὸς·
1307 2008 1368 2063 οὐ
1429 2010 1536 2082 μὴν
1570 2007 1629 2063 ἐκ
1672 2014 1769 2064 τοῦ
1802 2009 1922 2064 υἱοῦ
1953 2012 1982 2064 6

327 2095 532 2170 πατήρ.

399 2291 486 2345 ια’.
519 2289 710 2367 Τρίτον
742 2295 839 2346 τοῦ
870 2293 983 2367 ἅμα
1027 2293 1455 2367 σημαινόμενον,
1508 2295 1577 2349 τά
1626 2291 1974 2370 ὀντιδιαιρού·

545 2375 596 2399 νὴ
645 2398 658 2410 ,
732 2381 747 2401 ‹
846 2380 877 2435 ὅ
1029 2378 1057 2436 ὃ
1211 2387 1238 2397 ~
1458 2384 1472 2402 κ
1568 2388 1594 2399 ~
1744 2384 1758 2404 ν

320 2400 456 2454 μενα
514 2397 636 2450 ειοη
717 2402 793 2443 ως
877 2403 970 2436 ταν
1065 2403 1363 2458 ιαιρουντες
1418 2405 1482 2438 το
1532 2389 1670 2453 ζωον
1715 2406 1790 2447 εις
1823 2383 1976 2460 λογι-

317 2470 411 2524 κὸν
462 2469 554 2525 καὶ
601 2468 825 2546 ἄλογον,
879 2472 992 2544 ἅμα
1041 2470 1271 2548 λέγομεν
1321 2473 1454 2528 εἶναι
1500 2474 1563 2528 τὸ
1614 2471 1835 2550 λογικὸν
1887 2474 1976 2528 καὶ

309 2561 375 2613 τὸ
427 2557 654 2635 ἄλογον⁶
705 2558 795 2613 καὶ
845 2559 908 2614 οὐ
953 2560 1017 2615 τὸ
1070 2561 1165 2633 μὲν
1218 2561 1501 2638 πρότερον,
1552 2563 1615 2618 τὸ
1647 2560 1691 2617 δ’
1731 2562 1974 2640 ὕστερον.

311 2645 637 2703 Ἀντίκειται
698 2644 757 2702 δέ
809 2652 918 2703 τῶν
970 2647 1487 2725 ἀντιδιαιρουμένων
1543 2652 1571 2704 6
1639 2650 1841 2728 τρόπος
1897 2656 1978 2724 τῷ

311 2734 483 2810 τρίτῳ
510 2735 701 2813 τρόπῳ
728 2740 826 2791 τοῦ
873 2736 1142 2813 προτέρου
1185 2743 1266 2810 τῷ
1292 2740 1429 2793 κατά
1471 2738 1640 2810 τάξιν.
1672 2739 1977 2815 Ἰσόστοιχα

314 2824 420 2901 γάρ
475 2825 545 2881 τά
593 2821 1107 2900 ἀντιδιαιρούμενα,
1164 2825 1255 2882 καὶ
1311 2829 1411 2897 τὴν
1471 2827 1638 2898 αὐτὴν
1697 2827 1973 2900 ἀλλήλοις

318 2907 519 2989 ἔχοντα
542 2913 716 2986 τάξιν.

393 3091 482 3166 ιβ’.
514 3097 677 3147 Δοκεῖ
720 3089 778 3149 δέ
825 3114 877 3148 τι
925 3115 1021 3149 του
1067 3095 1180 3166 ἅμα
1225 3093 1316 3148 καὶ
1357 3099 1437 3166 τῷ
1483 3115 1582 3149 κατ
1630 3094 1778 3166 ἀξίαν
1828 3095 1971 3150 ἀντι-

313 3180 525 3236 κεῖσθαι
553 3180 741 3258 τρόπῳ
766 3187 865 3238 τοῦ
895 3180 1184 3258 προτέρου.
1229 3187 1397 3238 Γοῦτο
1447 3181 1494 3238 δ’
1525 3183 1583 3238 ἂν
1641 3183 1722 3256 εἴη
1755 3185 1819 3240 τὸ
1852 3185 1966 3241 ἰσά-

313 3267 428 3341 ξιόν
459 3290 520 3326 τε
547 3271 636 3326 καὶ
667 3271 959 3347 ὁμότιμον.

2094 1942 2366 2011 patrem:
2401 1937 2635 1992 tametsi
2690 1936 2836 1993 alias
2886 1941 3051 2009 pater
3107 1937 3424 1993 existentim
3477 1938 3582 1992 ﬁlii
3638 1955 3743 1994 nec

2096 2027 2278 2099 patris
2310 2025 2706 2098 (exsistentize)
2742 2025 2901 2082 filius
2928 2043 3106 2082 causa
3134 2027 3420 2092 est,Pater
3448 2026 3606 2082 enim
3646 2043 3742 2099 ge-

2094 2116 2223 2172 nuit
2250 2135 2262 2185 ;
2297 2115 2457 2171 ﬁlius
2488 2120 2685 2171 autem
2716 2115 2949 2187 genitus
2980 2119 3073 2171 est
3124 2133 3137 2170 :
3164 2120 3218 2172 et
3247 2133 3316 2171 ex
3362 2121 3527 2189 patre
3578 2115 3737 2172 ﬁlius

2089 2223 2206 2262 non
2236 2222 2305 2262 ex
2334 2205 2454 2261 filio
2487 2209 2654 2276 pater
2680 2209 2769 2260 est
2798 2207 2992 2260 natus.

2164 2296 2251 2350 11.
2284 2295 2546 2350 Tertium
2579 2294 2730 2365 (ejus
2763 2293 2918 2367 quod
2960 2292 3198 2366 dicitur)
3229 2293 3407 2350 simul
3439 2293 3742 2366 signiﬁca-

2090 2388 2216 2440 tum
2251 2389 2390 2440 sunt
2420 2383 2642 2456 species
2674 2399 2703 2438 e
2735 2383 2970 2456 regione
2993 2382 3190 2438 divisa:
3222 2409 3235 2450 ;
3268 2388 3332 2438 ut
3362 2400 3500 2439 cum
3521 2383 3740 2439 animal

2089 2473 2416 2529 dividentes
2448 2473 2507 2528 in
2541 2472 2784 2528 rationis
2808 2472 3096 2544 particeps
3125 2476 3184 2527 et
3212 2473 3457 2529 rationis
3488 2489 3694 2544 expers
3723 2491 3737 2542 ;

2088 2563 2331 2618 rationis
2363 2561 2654 2634 particeps
2685 2566 2744 2617 et
2774 2561 3014 2616 rationis
3045 2577 3250 2633 expers
3283 2560 3460 2617 simul
3491 2577 3618 2617 esse
3651 2561 3737 2616 di-

2087 2651 2298 2720 cimus,
2333 2667 2437 2706 nec
2470 2650 2613 2706 illud
2672 2650 2855 2722 prius,
2890 2651 2998 2706 hoc
3042 2650 3354 2723 posterius.
3409 2649 3738 2722 Opponitur

2086 2745 2282 2797 autem
2312 2740 2406 2795 hic
2434 2757 2465 2796 e
2493 2741 2727 2813 regione
2763 2740 3081 2796 divisorum
3113 2741 3325 2796 modus
3358 2739 3526 2795 tertio
3561 2739 3734 2795 modo

2085 2829 2298 2902 prioris
2318 2830 2419 2902 qui
2441 2831 2768 2885 secundum
2796 2829 3062 2885 ordinem
3088 2828 3431 2885 est.Etenim
3462 2828 3730 2900 ejusdem

2084 2917 2254 2975 seriei
2286 2923 2426 2976 sunt
2453 2922 2511 2974 et
2538 2919 2808 2974 eumdem
2841 2919 2993 2974 inter
3023 2935 3084 2974 se
3118 2918 3368 2974 invicem
3399 2918 3616 2974 habent
3645 2934 3734 2974 or-

2083 3008 2280 3065 dinem
2313 3025 2436 3080 quaa
2472 3024 2502 3063 e
2533 3008 2768 3080 regione
2790 3006 3159 3063 dividuntur.

2155 3099 2240 3154 12.
2275 3098 2520 3154 Videtur
2557 3101 2753 3153 autem
2786 3096 3044 3169 amplius
3075 3096 3274 3168 aliqud
3332 3097 3427 3169 (de
3457 3113 3522 3152 eo
3572 3095 3729 3166 quod

2082 3186 2318 3259 dicitur)
2351 3185 2550 3256 simul,
2586 3185 2801 3258 opponi
2857 3186 2908 3240 ei
2940 3185 3113 3241 modo
3144 3185 3355 3257 prioris
3386 3184 3486 3256 qui
3519 3201 3734 3240 secun-

2082 3277 2224 3332 dum
2256 3275 2601 3348 dignitatem
2634 3278 2750 3333 est:
2775 3273 3067 3346 fueritque
3090 3275 3200 3331 hoc
3217 3273 3276 3329 id
3301 3275 3458 3346 quod
3488 3272 3733 3345 aequalis

2080 3365 2384 3437 dignitatis
2414 3368 2474 3422 et
2501 3365 2768 3435 ejusdem
2793 3363 3035 3419 honoris
3066 3367 3173 3419 est.

1046 3547 1257 3618 Σχῆμα
1282 3539 1476 3619 κεφαλ.
1514 3564 1592 3616 ιη,
1623 3543 1747 3620 περὶ
1777 3541 2045 3620 προτέρου
2074 3542 2164 3598 καὶ
2197 3543 2422 3618 ὑστέρου
2450 3541 2541 3597 καὶ
2571 3541 2696 3616 περὶ
2726 3545 2823 3596 τοῦ
2855 3542 2985 3614 ἅμα.

1168 3693 1233 3770 τρ
1261 3694 1398 3770 κατὰ
1416 3693 1642 3770 -χρόνονξ

1163 3766 1230 3842 τὸ
1257 3769 1327 3840 τῇ
1360 3766 1513 3842 φύεὲρ
1539 3767 1824 3842 πράτερρν·

303 3869 378 3925 Τὸ
405 3867 672 3948 πρότερον
703 3869 795 3927 καὶ
837 3701 1094 4140 ὕστερονὲ

1312 4051 1452 4106 ἐστὶν
1486 4051 1792 4129 ἄνθρωπος.

475 4243 543 4314 ’Δ
553 4263 628 4318 μα
659 4242 895 4320 λέγεται.
1064 4177 1092 4387 ἓ

1983 4477 2054 4488 -ο

1168 3837 1230 3914 τξ)
1260 3834 1394 3914 κατά
1419 3834 1591 3914 τμάξινέ
1819 3839 2116 3914 προοίμιον
2132 3844 2246 3914 -τῆς
2277 3834 2608 3914 διηγήσεως·

1168 3908 1228 3962 τὸ
1261 3911 1378 3962 κατ’
1409 3908 1583 3981 ἀξίανέ
1612 3910 1686 3972 ὡς
1719 3911 1747 3964 ὁ
1778 3908 1962 4002 ἄρχων
1993 3908 2091 3965 τοῦ
2122 3908 2450 3998 ἀρχομένόψ

1172 3980 1221 4002 ,3
1260 3984 1390 4002 ,,,__,\
1426 3981 1473 4002 ,x
1540 3979 1611 4002 cI,
1753 3981 1768 4002 ε
1983 3981 2007 4002 τ
2209 3991 2262 4002 Α-
2334 4001 2361 4002 κ
2478 3983 2563 4002 για
2621 3975 2853 4002 )_\,n-~_
2909 3979 3026 4002 ___\
3089 3978 3240 4002 4,),_~
3300 3978 3444 4002 δίνη-.
3518 3981 3610 4002 --τ-ξ
3648 3976 3673 4002 ς’

1165 3980 1229 4034 τὸ
1257 3975 1706 4055 κατὰ-τὸματίτιον,
1738 3975 1907 4043 ὡς’τῦ
1957 3981 2093 4036 εἶναι
2143 3975 2423 4055 ἂνὸρὶυπον
2470 3983 2568 4034 τοῦ
2615 3975 2854 4049 ἀληθοῦς
2903 3979 3028 4054 περὶ
3082 3978 3245 4033 αὐτοῦ
3295 3978 3466 4053 λόγου
3517 3981 3614 4032 τοῦ
3644 3976 3726 4031 ὅτι

1171 4174 1239 4260 τά
1266 4174 1402 4267 κατά
1431 4174 1669 4269 χρόνον,,
1689 4197 1805 4269 mox:
1835 4175 1882 4230 εἰ
1910 4178 2209 4269 γεννηθῶσι
2243 4173 2339 4231 δύο
2368 4177 2512 4236 τινες
2542 4175 2676 4229 κατά
2703 4175 2794 4229 τὸν
2829 4174 2987 4230 αὐτὸν
3021 4175 3246 4250 χρόνονο

1170 4247 1240 4335 τά
1259 4247 1604 4340 δξατᾶιδιξίῦσιν2
1637 4247 1713 4311 ὦς
1741 4249 1810 4340 τρι
1835 4247 1973 4322 πρός
2000 4269 2075 4339 τ,ι·

1170 4318 1238 4372 τά
1265 4314 1742 4396 ἀντιδιαιροόμενα
1769 4318 1829 4375 ἐκ.
1855 4314 1953 4375 τοῦ
1981 4319 2146 4375 αὐτοῦ
2174 4319 2384 4396 γένους,
2415 4319 2492 4380 ὡς
2520 4318 2584 4372 τὸ
2616 4316 2840 4392 λογικὸν
2870 4316 2960 4372 καὶ
2991 4314 3217 4394 ἄλογον.

1053 4587 1263 4646 Tabula
1289 4591 1490 4662 caqz'tis
1519 4590 1608 4663 18,
1633 4589 1700 4648 de
1726 4589 1911 4663 priore
1937 4593 1991 4647 et
2013 4589 2311 4662 posteriore
2338 4597 2389 4646 et
2417 4605 2479 4646 eo
2506 4589 2651 4662 quod
2678 4595 2760 4646 est
2785 4587 2980 4644 simul.

1175 4735 1327 4804 quod
1357 4734 1676 4790 secundum
1705 4741 1930 4806 tempus
1958 4741 2070 4803 est;

1176 4806 1325 4876 quod
1356 4813 1558 4862 natura
1585 4813 1698 4874 est;

332 4865 493 4922 162
515 4865 676 4931 Prius
698 4879 752 4928 et
769 4871 1051 4942 posterius

559 4945 809 5018 (dicitur)

1251 5091 1324 5146 sit
1357 5090 1547 5147 homo.

1179 5243 1305 5285 qua:
1335 5243 1402 5271 δσι

1251 5286 1402 5356 rint;

1180 5372 1304 5428 qua
1334 5374 1402 5413 381

1181 5443 1308 5501 quaa
1337 5444 1402 5486 ex

1251 5501 1402 5559 tioni:

451 5355 633 5414 Simul
661 5357 933 5414 dicuntur

1251 5501 1424 5559 tionis
1452 5516 1674 5574 expers.

1177 4875 1326 4948 quod
1359 4885 1442 4933 est
1466 4879 1781 4934 secundum
1805 4876 2086 4945 ordinem,
2124 4883 2182 4932 ut
2211 4876 2508 4932 exordium
2536 4875 2892 4948 narratione;

1176 4947 1324 5018 Quod
1353 4949 1674 5005 secundum
1702 4949 2036 5019 dignitatem
2065 4955 2169 5015 est,
2200 4956 2261 5003 ut
2291 4947 2555 5018 princeps
2583 4947 2843 5015 subdito;

1178 5014 1328 5090 quod
1358 5022 1672 5076 secundum
1704 5014 1931 5077 causam
1962 5026 2064 5087 est,
2089 5014 2162 5076 ut‘
2178 5014 2308 5075 esse
2330 5014 2624 5074 hominem
2645 5034 2793 5076 verae
2824 5014 2896 5073 de
2925 5017 3047 5087 ipso
3078 5015 3352 5072 orationis
3382 5015 3552 5086 hujus
3585 5014 3737 5085 quod

1179 5230 1305 5287 quae
1335 5215 1649 5272 secundum
1681 5221 1902 5287 tempus
1959 5219 2113 5283 sunt,
2145 5213 2321 5272 veluti
2351 5214 2398 5269 si
2443 5215 2554 5271 duo
2607 5213 2782 5285 aliqui
2823 5215 3023 5270 eodem
3074 5220 3328 5284 tempore
3383 5212 3560 5283 geniti
3614 5211 3738 5266 fue-

1180 5372 1304 5428 quaa
1334 5359 1650 5414 secundum
1679 5366 1943 5414 naturam
1975 5365 2128 5430 sunt,
2164 5365 2223 5414 ut
2251 5373 2376 5428 quae
2402 5365 2533 5412 sunt
2565 5359 2634 5412 ad
2665 5356 2903 5426 aliquid,

1181 5427 1308 5502 qua:
1337 5444 1408 5486 ex
1437 5430 1637 5486 eodem
1665 5445 1871 5502 genere
1919 5430 2072 5487 velut
2112 5427 2150 5486 e
2191 5427 2422 5501 regione
2461 5430 2808 5500 dividuntur,
2845 5432 2907 5483 ut
2937 5427 3170 5484 rationis
3217 5427 3498 5500 particeps
3547 5433 3600 5484 et
3652 5441 3740 5481 ra-
