4126 6444
385 380 504 444 816

1645 363 2072 426 NICEPHORI
2116 361 2555 425 BLEMMIDE

3692 360 3821 421 816

1673 541 2014 600 SYNOPSIS
2063 539 2343 598 CAPITIS
2382 540 2526 609 XIX,

1701 649 1854 696 QUOD
1893 648 1992 686 EST
2030 647 2102 686 DE
2140 647 2511 686 SUBSTANTIA.

398 767 450 821 1.
483 758 857 830 Homonymia
886 753 1215 830 substansiw
1237 770 1256 813 ,'
1282 749 1630 830 ejusdemque
1659 750 1749 830 inn
1771 749 1956 830 attcra
2007 746 2412 830 significatione
2447 747 2831 830 descriptioct
2855 760 3016 830 “cum
3043 744 3331 830 accidente
3358 743 3723 830 comparatio.
3755 771 3836 781 --

467 816 763 889 2—:VDivis'io
792 828 1132 882 substantia.
1164 853 1234 864 —-
1281 816 1333 876 3⁷.
1388 816 1596 878 Plantae
1647 819 1893 889 deﬁnitio
1921 836 1990 873 ea:
2032 820 2242 873 tradita
2289 819 2558 873 divisione
2602 818 2978 883 constituitur,
3013 821 3064 871 et
3091 832 3188 887 per
3212 825 3398 889 partes
3424 816 3715 889 probatur.
3730 842 3833 889 _-—-

469 907 522 961 4.
575 901 856 960 Animalis
902 900 1032 954 item
1081 895 1234 950 163
1265 903 1317 949 et

1362 885 1785 964 plantanimalis
1825 890 2169 964 deﬁnitiones
2199 891 2328 944 inde
2373 890 2735 957 colliguntur.
2772 919 2854 964 _——
2884 889 2940 942 5.
2960 885 3608 964 _Itemque_'_hor_ninis;—_
3721 885 3830 940 1η-

472 957 699 1033 dividua
725 988 821 1028 seu
851 970 1165 1038 liupastases
1195 967 1263 1020 ab
1292 957 1586 1038 Aristotele
1632 957 2015 1038 propriisSime
2045 964 2100 1038 in
2123 963 2335 1038 prima
2347 964 2396 1014 et
2412 964 2670 1038 maxime
2697 960 3036 1038 substantias
3062 957 3354 1038 appellari.
3388 989 3456 998 —
3483 957 3836 1038 ﬁliorum

472 1029 615 1104 iiii
641 1029 935 1107 sententia,
992 1042 1088 1112 qui
1136 1039 1254 1094 haec
1308 1036 1496 1106 elogia
1551 1029 1879 1112 substantiae
1935 1029 2211 1103 speciebus
2237 1033 2446 1112 inﬁmis
2493 1033 2786 1112 tribuunt;
2819 1063 2891 1112 —-_
2952 1033 3006 1084 8.
3053 1029 3820 1112 Speciemuspecialissimanz

474 1099 658 1248 gitti-9'
674 1099 868 1187 aliqui
915 1099 1285 1170 suostantiam
1333 1099 1684 1164 et'naturam
1727 1114 1777 1161 et
1825 1099 2070 1174 formam
2114 1099 2478 1177 appellarint.
2529 1135 2597 1144 —-
2642 1105 2697 1158 9.
2750 1104 3033 1171 Quatenus
3061 1099 3179 1157 illis
3209 1099 3504 1158 individua
3552 1102 3664 1156 sint
3690 1099 3834 1154 sub-

499 1208 572 1248 an
599 1205 690 1247 ias.

1025 1411 1257 1470 CAPUT
1296 1410 1441 1466 XIX.

2803 1409 3059 1460 ΚΕΦΑΑ.
3093 1404 3194 1459 ΙΘ’.

1017 1505 1093 1559 De
1119 1503 1443 1558 substantia.

485 1617 537 1672 1.
573 1612 840 1671 Essentia
885 1610 1178 1684 significat
1234 1608 1474 1679 quidem
1521 1605 1838 1676 aliquando
1886 1603 2063 1658 etiam

414 1702 760 1776 simpliciter
801 1698 1224 1764 exsistentiam,
1272 1713 1406 1752 cum
1457 1693 1633 1750 etiam
1666 1694 1736 1748 de
1787 1693 2065 1748 omnibus

414 1791 652 1849 entibus
690 1789 973 1855 effertur;
1035 1786 1236 1858 prOpie
1293 1788 1489 1839 autem
1544 1782 2062 1854 prmdicamentum

415 1879 818 1938 accidentibus
851 1868 1637 1939 contradivisum'declarat;
1673 1871 1829 1941 quod
1864 1875 1952 1924 est
1975 1886 2067 1924 res

417 1985 522 2043 per
550 1986 613 2025 se
660 1968 973 2037 exsistens,
1022 1982 1136 2020 non
1186 1963 1457 2034 indigens
1502 1960 1618 2016 alia
1666 1965 1731 2016 ut
1777 1959 1873 2014 sit.
1923 1958 2069 2014 Huic

417 2059 574 2116 enim
600 2057 777 2114 etiam
807 2056 1005 2128 ipsum
1034 2071 1139 2110 ens
1170 2052 1360 2125 primo
1391 2051 1662 2106 convenit
1689 2075 1702 2116 ;
1753 2052 1883 2121 post
1915 2047 2069 2102 hanc

416 2163 553 2204 vero
586 2145 1007 2202 accidentibus.

493 2237 549 2291 2.
584 2235 714 2291 Haec
743 2232 1077 2290 substantia
1107 2231 1165 2285 in
1197 2246 1412 2302 corpus
1458 2233 1517 2284 et
1546 2228 1951 2299 incorpereum
1981 2225 2072 2280 di-

421 2324 661 2393 viditur,
702 2338 914 2395 corpus
945 2321 1005 2376 in
1036 2319 1361 2376 animatum
1394 2322 1451 2373 et
1477 2317 1870 2372 inanimatum
1897 2341 1911 2383 ;
1945 2315 2069 2370 ani-

430 2417 658 2470 matum
689 2413 750 2467 in
779 2411 1037 2468 sentiens
1068 2413 1123 2466 et
1178 2424 1388 2464 sensus
1441 2423 1645 2478 expers
1679 2424 1691 2461 :
1727 2405 1985 2461 sentiens
2014 2403 2072 2457 in

426 2501 865 2577 progressivum
896 2504 953 2556 et
991 2497 1416 2572 progressionis
1465 2512 1671 2568 expers
1706 2513 1718 2550 :
1753 2492 2074 2567 progressi-

420 2609 556 2648 vum
587 2591 646 2646 in
679 2588 959 2646 rationale
997 2592 1053 2644 et
1083 2584 1418 2642 irrationale
1446 2603 1460 2653 ;
1492 2583 1775 2640 rationale
1808 2583 2074 2653 quidem,

417 2680 718 2738 hominem
746 2697 760 2748 ;
793 2676 1127 2734 irrationale
1159 2679 1593 2746 autem,praeter
1623 2671 1920 2727 hominem
1949 2670 2078 2726 ani-

417 2769 617 2826 malia.
946 2807 949 2810 ι

485 2786 617 2826 sua.
946 2807 949 2810 ι

485 2859 538 2914 3.
571 2855 782 2912 Planta
811 2854 1051 2927 quidem
1083 2853 1264 2925 igitur
1301 2855 1390 2906 est
1443 2848 1774 2905 substantia
1804 2847 2069 2903 animata

414 2964 627 3006 sensus
655 2962 862 3018 expers
896 2962 908 3000 :
942 2943 1290 3009 substantia,
1319 2941 1459 3013 quia
1489 2940 1618 3011 ipsa
1647 2938 1849 3010 planta
1882 2953 1984 3009 per
2007 2952 2069 2991 se

415 3042 529 3103 est,
561 3052 667 3092 nec
700 3035 876 3090 habet
904 3049 1032 3089 esse
1080 3032 1138 3086 in
1172 3030 1308 3099 alio,
1360 3030 1460 3085 sed
1515 3027 1630 3084 alia
1660 3028 1816 3082 164
1868 3025 2069 3098 potius

416 3127 481 3183 in
509 3126 639 3198 ipsa
667 3122 1035 3180 existentiam
1059 3122 1296 3178 habent.
1321 3117 1575 3173 Evistitit
1605 3115 1761 3172 enim
1781 3117 1839 3171 in
1870 3113 2071 3187 planta

420 3219 478 3272 et
508 3219 793 3287 quantum
827 3211 1062 3283 (etenim
1094 3207 1354 3264 bicubita
1384 3209 1528 3263 forte
1558 3204 1646 3261 vel
1676 3203 1954 3259 tricubita
1983 3207 2073 3258 est

423 3303 548 3360 haec
578 3301 824 3376 planta),
848 3305 904 3356 et
929 3297 1099 3370 quale
1130 3296 1370 3370 (etenim
1393 3296 1562 3367 nigra
1589 3294 1676 3349 vel
1699 3293 1834 3349 alba
1862 3293 1991 3363 est),
2015 3295 2072 3346 et

427 3393 498 3449 ad
532 3391 752 3464 aliquid
788 3390 999 3462 (major
1027 3386 1184 3442 enim
1215 3390 1305 3442 est
1333 3385 1448 3440 alia
1477 3383 1695 3456 planta,
1729 3386 1786 3438 et
1817 3381 1932 3437 alia
1985 3379 2069 3434 vi-

425 3481 629 3539 cissim
663 3477 902 3550 minor),
925 3482 983 3533 et
1011 3476 1110 3532 ubi
1141 3476 1222 3547 (in
1256 3475 1380 3531 loco
1409 3475 1565 3530 enim
1598 3473 1728 3544 est),
1760 3476 1818 3527 et
1837 3471 2070 3542 quando

426 3569 564 3644 quia
592 3570 769 3626 etiam
802 3569 860 3623 in
912 3568 1216 3638 tempore),
1261 3570 1318 3620 et
1365 3580 1535 3636 agere
1585 3563 1775 3634 (floret
1825 3561 1980 3616 enim
2016 3563 2073 3614 et

423 3662 677 3716 fructum
710 3658 862 3729 fert),
895 3661 952 3712 et
981 3656 1098 3728 pati
1130 3656 1386 3727 (secatur
1415 3652 1571 3708 enim
1605 3654 1747 3706 forte
1779 3657 1879 3705 aut
1911 3649 2074 3703 refri-

420 3753 660 3823 geretur
688 3753 791 3803 aut
819 3745 1054 3817 calefit),
1070 3748 1126 3799 et
1155 3743 1336 3800 situm
1369 3759 1497 3797 esse
1527 3742 1666 3813 (stat
1695 3740 1850 3795 enim
1883 3742 2074 3794 erecta

419 3842 524 3895 aut
549 3838 620 3893 ad
650 3842 866 3892 terram
900 3833 1222 3904 inclinata),
1257 3836 1314 3886 et
1334 3831 1547 3886 habere
1583 3848 1594 3884 :
1629 3830 1740 3885 erit
1771 3828 1924 3882 enim
1965 3828 2072 3881 lor-

419 3931 584 3984 tasse
608 3925 1043 3981 munimentum
1075 3921 1311 3993 aliquod
1354 3920 1563 3992 plantae
1596 3919 1850 3973 radicem
1886 3916 2071 3987 ipsius

421 4014 855 4089 quodammodo
907 4016 1008 4068 aut
1057 4011 1315 4083 stipitem
1383 4008 1695 4080 attingens.
1757 4008 1840 4061 Ita
1894 4006 2072 4078 igitur

422 4107 624 4178 planta
652 4108 742 4160 est
770 4101 1398 4158 substantia.Animata
1418 4102 1612 4152 autem
1645 4097 1784 4168 quia
1816 4095 2071 4149 nutritur

424 4155 484 4251 ξι
511 4155 1066 4264 αυὲείιιτῒει-εἰωῦθ
1113 4189 1223 4244 sibi
1257 4191 1518 4260 generat.
1551 4155 1721 4256 Atqui
1753 4185 1962 4239 animae
1984 4183 2068 4238 fa-
2101 4155 2142 4220 (ἶ

423 4282 672 4340 oultates
699 4286 842 4337 sunt
872 4297 884 4334 :
920 4278 1137 4348 nutrix,
1198 4277 1424 4332 auctrix
1455 4280 1511 4330 et
1554 4274 1883 4345 generatrix
1913 4273 2068 4345 (vis).

423 4371 533 4437 Qui
590 4377 785 4426 autem
845 4369 1047 4441 planta
1102 4372 1192 4422 est
1245 4366 1524 4429 animata,
1557 4363 1838 4419 nimirum
1895 4362 2069 4417 etiam

420 4464 727 4533 corporata
757 4464 866 4522 est.
895 4464 1116 4529 Corpus
1172 4455 1328 4512 enim
1381 4454 1708 4509 animatum
1760 4453 1816 4506 id
1859 4451 2074 4506 dicitur

421 4551 578 4623 quod
609 4550 785 4605 habet
814 4547 1094 4603 animam.
1126 4545 1251 4600 Non
1280 4549 1478 4600 autem
1503 4547 1591 4598 est
1619 4542 1953 4613 oppositum
1980 4541 2074 4595 de-

421 4639 702 4705 ﬁnitioni,
736 4641 1108 4710 corporatum
1135 4652 1148 4701 ;
1183 4639 1246 4689 ut
1274 4634 1426 4704 quod
1459 4633 1654 4687 animo
1685 4631 2074 4686 subaudiatur

421 4734 480 4786 et
507 4727 1003 4798 subintelligatur.
1039 4725 1122 4780 Ita
1148 4723 1329 4795 igitur
1356 4721 1562 4794 planta
1596 4721 1773 4776 etiam
1807 4720 2073 4776 animata

422 4822 531 4875 est.
563 4820 635 4873 At
664 4832 873 4874 sensus
906 4831 1110 4886 expers
1157 4817 1264 4882 est,
1297 4811 1393 4882 qui
1429 4809 1588 4865 nullo
1637 4810 1891 4880 quinque
1941 4825 2071 4886 sen-

421 4924 598 4964 suum
630 4905 870 4977 regitur,
905 4919 1020 4958 non
1047 4901 1197 4970 visu,
1230 4918 1344 4954 non
1391 4898 1616 4968 auditu,
1669 4915 1784 4953 non
1833 4882 2068 4964 olfactu,

422 5013 538 5052 non
569 5000 770 5068 gustu,
802 4992 954 5048 165
989 5007 1105 5045 non
1137 4994 1316 5053 tactu,
1351 4989 1725 5043 Manifestum
1757 4991 1951 5041 autem
1983 4989 2073 5040 est

421 5085 576 5154 quod
605 5084 782 5139 etiam
830 5079 1256 5153 progressionis
1287 5078 1365 5132 sit
1413 5093 1642 5148 expers.
1703 5075 1841 5130 Dico
1873 5081 2067 5130 autem

422 5171 853 5245 progressionis
897 5185 1123 5240 expers,
1172 5167 1323 5237 quod
1359 5165 1698 5221 facultatem
1730 5165 1801 5219 de
1856 5165 1978 5219 loco
2009 5162 2068 5216 in

419 5262 613 5318 locum
646 5258 1056 5333 progrediendi
1088 5256 1149 5310 in
1180 5273 1242 5311 se
1271 5273 1385 5311 non
1421 5256 1596 5310 habet
1630 5273 1642 5321 ;
1688 5254 2066 5326 quemadmo-

421 5351 563 5405 dum
594 5347 1028 5421 progressivum
1060 5346 1118 5400 id
1164 5345 1315 5415 quod
1367 5345 1613 5400 interius
1673 5361 1706 5398 a
1737 5343 1931 5414 seipse
1979 5358 2068 5398 se-

420 5439 680 5496 cundum
713 5437 908 5493 locum
943 5435 1159 5491 moveri
1192 5439 1401 5508 potest.

2151 2493 2275 2549 .κὸν
2335 2491 2410 2554 εἷς
2474 2486 2828 2565 μεταϐατικὸν
2888 2490 2978 2545 καὶ
3038 2483 3373 2562 ἀμετάϐατον
3411 2507 3425 2520 ·

2816 1493 2946 1570 Περὶ
2979 1492 3187 1555 οὐσίας.

2245 1603 2309 1657 α’.
2351 1602 2412 1654 Ἠ
2473 1601 2628 1655 οὐσία
2675 1599 2932 1674 σημαίνει
2995 1601 3090 1673 μὲν
3149 1599 3282 1654 ποτὶ
3338 1598 3428 1652 καὶ
3476 1599 3576 1666 τὴν
3639 1594 3839 1659 ἁπλῶς

2175 1689 2420 1765 ὕπαρξιν,
2481 1688 2571 1744 ὅτε
2619 1691 2710 1744 καὶ
2765 1690 2901 1744 κατᾶ
2957 1688 3172 1743 πάντων
3220 1692 3326 1741 τῶν
3374 1681 3544 1741 ὄντων
3593 1687 3838 1763 φέρεται·

2175 1779 2375 1855 κυρίως
2435 1776 2493 1833 δὲ
2538 1780 2637 1848 τήν
2692 1776 3200 1854 ἀντιδιαιρουμὲνην
3260 1781 3375 1837 τοῖς
3434 1769 3842 1848 συμϐεϐηκόσι,

2174 1866 2502 1944 κατηγορίαν
2563 1865 2763 1938 δηλοῖ,
2820 1867 2944 1937 ἥτις
3005 1866 3114 1921 ἐστὶ
3173 1871 3402 1942 πρᾶγμα
3458 1863 3843 1940 αὐθύπαρκτον

2182 1959 2258 2029 μὴ
2311 1955 2562 2029 δεόμενον
2613 1956 2796 2033 ὲτὲρου
2854 1957 2990 2034 πρὸς
3047 1956 3320 2012 σύστασιν.
3371 1952 3546 2026 Ταύτῃ
3592 1954 3698 2028 γὰρ
3746 1953 3844 2006 καὶ

2178 2048 2240 2101 τὸ
2285 2047 2342 2101 ὃν
2394 2047 2620 2122 πάρεστι
2660 2051 2868 2121 πρώτῃ·
2925 2045 3059 2117 μετά
3111 2042 3320 2113 ταύτην.
3369 2039 3427 2096 δὲ
3480 2046 3598 2104 τοῖς
3629 2036 3841 2114 συμϐε-

2181 2131 2432 2213 ϐηχόσιν.

2257 2226 2322 2300 β’.
2387 2223 2533 2294 Αὕτη
2590 2227 2624 2293 ἡ
2657 2223 2811 2278 οὐσία
2867 2219 3152 2296 διαιρεῖται
3213 2220 3290 2283 εἷς
3339 2225 3498 2293 σῶμα
3552 2220 3642 2274 καὶ
3691 2218 3843 2274 ἀσώ-

2187 2334 2376 2387 ματον’
2433 2314 2495 2368 τὸ
2552 2318 2711 2386 σῶμα
2766 2312 2840 2374 εἷς
2892 2309 3140 2387 ἔμψυχον
3201 2311 3291 2365 καὶ
3341 2307 3554 2384 ἄψυχον
3612 2309 3678 2363 τὸ
3736 2305 3843 2382 ἔμ-

2183 2407 2360 2478 ψυχον
2433 2401 2507 2464 εἰς
2565 2401 2876 2471 αἰσθητικὸν
2931 2401 3020 2455 καὶ
3079 2399 3421 2470 ἀναίσθητον
3479 2399 3542 2453 τὸ
3593 2397 3849 2468 αἰσθητι-

3484 2487 3548 2542 τὸ
3611 2483 3850 2559 μεταϐα-

2183 2581 2332 2636 τικὸν
2391 2580 2468 2643 εἷς
2534 2579 2756 2656 λογικὸν
2817 2579 2907 2634 καὶ
2966 2577 3168 2654 ἄλογον
3207 2599 3220 2611 ο
3282 2577 3501 2654 λογικὸν
3583 2577 3678 2649 μὲν
3753 2577 3854 2632 τὸν

2187 2671 2469 2745 ἄνθρωπον
2506 2717 2520 2742 ,
2601 2668 2804 2745 ἄλογον
2887 2666 2986 2736 δὲ,
3036 2669 3102 2722 τὰ
3177 2667 3322 2744 παρὰ
3391 2666 3483 2721 τὸν
3557 2666 3851 2738 ἄνθρωπον

2099 2783 2148 2848 Β
2190 2763 2323 2828 ζῶα.

2246 2849 2314 2924 γ’.
2348 2847 2513 2903 Οὐσία
2573 2849 2666 2921 μὲν
2719 2845 2810 2902 οὖν
2862 2843 3115 2921 ἔμψυχος
3162 2844 3486 2915 ἀναίσθητος
3536 2845 3601 2898 τὸ
3647 2841 3854 2921 φυτῦνο

2178 2937 2353 3010 οὐσία,
2415 2936 2631 3011 ἐπείπερ
2689 2935 2819 2991 αὐτὸ
2872 2936 2992 2990 καθ’
3051 2933 3180 2988 αὑτό
3244 2932 3356 2988 ἐστι
3401 2933 3462 2988 τὸ
3504 2933 3692 3010 φυτὸν,
3743 2931 3844 2987 καὶ

2178 3026 2276 3081 οὐκ
2306 3025 2357 3080 ἐν
2411 3026 2616 3102 ἒτέροις
2666 3021 2782 3100 ἔχει
2827 3025 2890 3078 τὸ
2941 3024 3096 3079 εἶναι·
3149 3021 3276 3078 ἀλλ’
3323 3019 3481 3097 ἕτερα
3533 3020 3748 3096 μᾶλλον
3785 3021 3848 3076 ὲν

2177 3115 2324 3188 αὐτῴ
2379 3117 2479 3184 τήν
2549 3115 2773 3191 ὕπαρξιν
2832 3111 3050 3189 ἔχουσιν
3090 3158 3103 3170 .
3153 3113 3412 3189 Ὑπάρχει
3471 3111 3576 3188 γὰρ
3647 3109 3698 3166 ἐν
3756 3115 3848 3184 τῷ

2179 3210 2330 3283 φυτῷ
2376 3205 2466 3259 καὶ
2515 3204 2680 3259 ποσὸν
2729 3200 2965 3278 (δίπηχυ
3009 3202 3112 3279 γάρ
3165 3200 3305 3256 ἐστιν
3359 3197 3491 3263 ἷ¹σως
3531 3201 3568 3270 ἢ
3597 3199 3853 3277 τρίπηχυ

2176 3293 2328 3349 τοοτὶ
2401 3294 2464 3348 τὸ
2537 3293 2724 3372 φυτόν)
2756 3337 2768 3349 .
2826 3291 2916 3346 καὶ
2990 3291 3146 3346 ποιὸν
3221 3287 3434 3365 (μέλαν
3510 3290 3614 3366 γὰρ
3697 3289 3851 3346 ἐστιν

2179 3384 2214 3451 ἢ
2277 3382 2517 3455 λευκὸν)
2573 3380 2663 3436 καὶ
2720 3379 2860 3456 πρός
2913 3400 2964 3434 τι
3018 3383 3253 3452 (μεῖζον
3335 3377 3437 3454 γάρ
3513 3376 3652 3433 ἐστιν
3732 3377 3852 3433 ἑτέ-.-

2181 3492 2278 3548 ρου
2318 3475 2508 3549 φυτοῦ,
2566 3469 2656 3524 καὶ
2718 3468 2893 3524 ἄλλου
2946 3466 3111 3522 πάλιν
3175 3466 3540 3542 μικρότερον)’
3591 3466 3681 3521 καί
3732 3487 3848 3522 που

2180 3561 2254 3632 (ἐν
2313 3560 2468 3631 τόπῳ
2523 3561 2625 3634 γάρ
2684 3557 2818 3630 ἐστι)
2875 3558 2964 3612 καί
3022 3577 3178 3628 π‹‹τε,
3230 3553 3368 3611 διότι
3418 3556 3506 3611 καὶ
3540 3555 3591 3610 ἐν
3625 3555 3846 3632 χρόνῳ·

2180 3649 2268 3703 καὶ
2325 3654 2499 3702 ποιεῖν
2547 3648 2719 3721 (ἀνθεῖ
2769 3647 2872 3721 γὰρ
2931 3645 2966 3714 ἢ
3025 3646 3406 3722 καρποφορεῖγ
3471 3645 3560 3699 καὶ
3605 3644 3847 3718 πάσχειν

2179 3739 2448 3811 (τέμνεται
2502 3737 2603 3812 γὰρ
2653 3735 2846 3811 τυχὸν,
2900 3736 2935 3803 ἢ
2969 3734 3224 3810 ψύχεται,
3257 3734 3292 3802 ἢ
3327 3733 3714 3810 θερμαίνεται)·
3749 3734 3850 3788 καὶ

2179 3827 2385 3881 κεῖσθαι
2443 3822 2676 3897 (ἵσταται
2733 3825 2836 3900 γὰρ
2889 3825 2924 3893 ἢ
2989 3818 3194 3898 ὄρθιον,
3250 3822 3285 3891 ἢ
3346 3822 3482 3898 πρὸς
3528 3829 3630 3898 γῆν
3670 3842 3854 3876 νενευ-

2177 3915 2323 3989 κός)’
2377 3914 2465 3969 καὶ
2526 3909 2696 3988 ἔχειν·
2761 3911 2906 3967 ἔσται
2962 3913 3067 3988 γὰρ
3118 3909 3250 3973 ἴσως
3296 3911 3387 3965 καί
3439 3933 3492 3966 τι
3553 3910 3854 3987 θρίγγωμα

2177 4009 2258 4076 τῷ
2291 4009 2441 4076 φυτῴ
2469 4010 2566 4080 τῇς
2597 4002 2764 4057 αὐτοῦ
2796 4023 2915 4064 πως
2947 4001 3104 4078 ῥίζης
3136 4002 3171 4070 ἢ
3197 4005 3295 4056 τοῦ
3347 3998 3642 4075 στελέχους
3675 4000 3853 4055 ἁπτό-

2185 4114 2365 4167 μενον.
2426 4093 2580 4147 Οὕτω
2645 4093 2741 4165 μὲν
2795 4089 2886 4145 οὖν
2948 4090 3103 4145 οὐσία
3151 4089 3260 4145 ἐστὶ
3319 4089 3382 4144 τὸ
3432 4088 3617 4168 φυτόψ
3660 4085 3851 4164 ἔμψυ-

2180 4203 2282 4257 χον
2316 4180 2394 4255 δὲ,
2446 4179 2583 4237 διότι
2628 4183 2876 4258 τρέφεται
2924 4180 3012 4234 καὶ
3053 4176 3286 4250 αὔξεται,
3319 4179 3408 4232 καὶ
3437 4182 3600 4252 γεννᾷ
3645 4176 3847 4250 ὅμοιον

2183 4274 2373 4344 ἐαυτῷ.
2425 4272 2688 4344 Δυνάμεις
2737 4267 2795 4325 δὲ
2842 4273 3030 4344 ψυχῆς
3080 4270 3141 4323 τὸ
3189 4268 3497 4345 θρεπτικὸν,
3546 4268 3636 4321 καὶ
3675 4266 3848 4338 αὐξη-

2179 4362 2352 4430 τικὸν,
2399 4362 2489 4415 καὶ
2537 4359 2874 4435 γεννητικόν.
2923 4358 3072 4414 Ἐπεὶ
3121 4355 3178 4412 δὲ
3226 4356 3478 4432 ἔμψυχον
3525 4357 3588 4411 τὸ
3650 4356 3848 4434 φυτὸν,

2182 4447 2442 4519 δηλονότι
2489 4449 2577 4504 καὶ
2642 4446 3111 4521 σεσωματωμὲνον
3165 4445 3326 4503 ἐστίν.
3385 4447 3675 4520 Ἔμψυχον
3735 4446 3848 4522 γὰρ

2183 4539 2395 4614 λέγεται
2442 4540 2504 4592 τὸ
2547 4542 2708 4611 σῶμα
2752 4538 2816 4592 τὸ
2865 4531 2995 4612 ἕχον
3047 4538 3232 4611 ψυχήν
3271 4581 3284 4593 .
3343 4534 3416 4589 Οὐ
3468 4533 3846 4611 προσ-τέθειται

2182 4625 2240 4682 δὲ
2267 4629 2327 4682 τὸ
2376 4627 2844 4700 σεσωματωμὲνον
2898 4631 2976 4698 τῷ
3025 4624 3160 4700 ὅρῳ,
3213 4625 3394 4696 ὡςτῷ
3443 4622 3681 4700 ἐμψύχῳ
3720 4644 3850 4679 συν-

2181 4711 2586 4789 υπακουόμενόν
2644 4736 2703 4769 τε
2760 4715 2850 4768 καὶ
2911 4714 3326 4788 συννοούμενον.
3383 4711 3538 4768 Οὕτω
3600 4713 3695 4787 μὲν
3753 4715 3849 4769 καὶ

2181 4803 2433 4881 ἔμψυχον
2482 4805 2544 4859 τὸ
2589 4803 2774 4882 φυτόν·
2828 4803 3145 4874 ἀναίσθητον
3208 4801 3285 4876 δὲ,
3347 4799 3436 4857 διὰ
3479 4801 3543 4856 τὸ
3595 4800 3850 4876 μηδεμιᾷ

2181 4893 2499 4949 διοικεῖσθαι
2556 4899 2668 4948 τῶν
2729 4888 2884 4947 πέντε
2939 4892 3258 4962 αἰσθήσεων
3321 4891 3427 4968 οὐχ
3480 4891 3683 4968 ὁράσει,
3743 4891 3850 4947 οὐκ

2179 4984 2340 5057 ἀκοῇ,
2400 4983 2498 5036 οὐκ
2551 4981 2833 5060 ὀσφρήσει,
2887 4981 2950 5035 οὐ
2999 4982 3200 5056 γεύσει,
3256 4980 3364 5056 οὐχ
3413 4982 3544 5057 ἁφῇ.
3579 4979 3759 5050 Δῆλον
3797 4979 3847 5036 δ’

2180 5071 2262 5126 ὅτι
2322 5071 2412 5126 καὶ
2467 5065 2837 5143 ἀμετάϐατον.
2901 5065 3273 5144 Ἀμετάϐατον
3327 5067 3384 5125 δέ
3438 5091 3581 5148 φημι
3636 5069 3700 5124 τὸ
3763 5073 3845 5144 μὴ

2180 5158 2307 5237 ἔχον
2358 5160 2409 5215 ἐν
2471 5161 2644 5232 ἑαυτῷ
2701 5157 2928 5232 δύναμιν
2996 5155 3358 5233 μεταϐατικήν
3420 5157 3479 5214 ἐκ
3540 5157 3713 5212 τόπου
3766 5160 3849 5221 εἷς

2176 5251 2342 5305 τόπον
2375 5269 2388 5282 ·
2449 5249 2628 5324 ὥσπερ
2691 5244 3045 5321 μεταϐατικὸν
3106 5247 3167 5304 τὸ
3231 5245 3443 5303 ἔνδοθεν
3498 5248 3586 5326 ἀφ’
3648 5247 3848 5304 ἑαυτοῦ

2177 5342 2439 5395 κινεῖσθαι
2468 5339 2604 5394 κατᾶ
2632 5338 2798 5394 τόπον
2832 5336 3150 5412 δυνάμενον,

487 5527 539 5580 4.
573 5526 778 5582 Planta
807 5527 987 5599 igitur
1035 5529 1124 5580 est
1171 5523 1506 5580 substantia
1554 5522 1814 5578 animata
1863 5537 2070 5577 sensus

2255 5518 2318 5576 δ’.
2369 5520 2519 5573 Ἔστι
2575 5518 2668 5592 μὲν
2721 5515 2813 5572 οὗν
2862 5517 2924 5571 τὸ
2967 5515 3129 5596 φυτὸν
3185 5515 3341 5572 οὐσία
3388 5513 3640 5592 ἔμψυχος
3687 5515 3846 5571 ἀναί-

413 5629 640 5685 expers.
670 5617 743 5671 At
772 5613 991 5670 animal
1021 5618 1078 5670 et
1107 5611 1492 5685 plantanimal
1527 5610 1705 5667 simul
1751 5614 1891 5666 sunt
1921 5612 2061 5666 sub-

419 5701 641 5762 stantia
668 5704 929 5762 animata
983 5703 1265 5759 sentiens.
1301 5702 1373 5758 Ut
1399 5700 1581 5775 igitur
1621 5718 1655 5757 a
1712 5717 1776 5758 se
1816 5699 2064 5756 invicem

2176 5611 2396 5680 σθητος·
2447 5606 2603 5662 οὐσία
2653 5605 2698 5662 δ’
2747 5602 3000 5681 ἔμψυχος
3060 5606 3350 5681 αἶσθητικῃ
3407 5605 3472 5660 τὸ
3523 5609 3660 5675 ζῶον
3698 5605 3849 5678 ὁμοῦ

2173 5701 2263 5754 καὶ
2319 5697 2632 5778 ζωόφυτον.
2686 5701 2799 5751 Ἵνα
2845 5701 2975 5774 γοῦν
3045 5697 3134 5751 ἀπ’
3185 5693 3453 5767 ἀλλήλων
3510 5698 3676 5750 ταῦτα
3728 5691 3848 5750 δια-
