4126 6432
307 473 428 538 817

1686 474 2037 543 EPITOME
2082 475 2388 538 LOGICA.

3619 481 3742 544 818

307 604 543 684 κριθείη,
574 606 894 685 προσθὲτεον
947 614 1027 684 τῷ
1078 611 1171 685 μὲν
1223 607 1336 688 ὅρῳ
1379 617 1477 668 τοῦ
1531 613 1673 684 ζώου
1710 613 1773 668 τὸ
1809 630 1966 685 μετα-

2082 609 2573 679 discernerentur,
2606 610 3021 683 apponendum
3069 614 3158 668 est
3187 610 3458 670 animalis
3495 612 3736 687 quidem

308 692 553 767 ϐατικὸν,
600 702 679 770 τῷ
736 695 793 753 δὲ
838 704 935 754 τοῦ
996 701 1279 780 ζωοφύτου
1334 703 1397 758 τὸ
1442 698 1802 778 ἀμετάϐατον.
1859 706 1966 754 Με-

305 782 618 854 ταϐατικὸν,
672 784 730 842 δὲ
778 788 1007 866 λέγομεν
1055 791 1119 844 τὸ
1171 797 1331 863 ζῶον,
1386 793 1476 847 καὶ
1531 793 1638 870 οὐχ
1667 791 1856 853 ἁπλῶς
1883 788 1967 843 κί-

307 899 464 947 νησιν
528 873 657 953 ἕχον
695 895 708 908 ·
769 877 988 954 ἐπείπερ
1046 875 1105 935 ἐκ
1160 886 1264 935 τῶν
1323 879 1468 936 ὅλων
1546 884 1810 952 κινήσεων
1869 879 1969 946 τὴν

309 961 602 1040 μετάϐασιν
663 965 781 1043 ἔχει
839 967 1066 1024 πλείονα
1121 972 1268 1046 παρὰ
1321 971 1384 1026 τὸ
1446 971 1740 1050 ζωόφυτον,
1801 967 1968 1046 ⁵ἓςγουν

301 1057 404 1124 τήν
437 1055 574 1110 κατά
619 1055 787 1110 τόπον
837 1053 1167 1130 μεταϐολήν.
1220 1064 1370 1114 Πᾶσα
1413 1061 1516 1136 γὰρ
1567 1058 1712 1130 ἄλλη
1755 1058 1967 1128 κίνησις

301 1145 393 1200 καὶ
422 1148 501 1216 τῷ
552 1144 818 1224 ζωοφύτῳ
859 1143 1030 1202 ἔνεστι
1076 1148 1165 1202 καὶ
1215 1147 1362 1222 αὐτῷ
1388 1155 1468 1221 τῷ
1517 1154 1686 1227 φυτῷ.
1724 1149 1964 1204 Γίνονται

300 1235 406 1309 γὰρ
465 1233 558 1288 καὶ
613 1239 805 1305 ταῦτα,
862 1235 952 1290 καὶ
1013 1236 1343 1315 φθείρονται,
1401 1239 1492 1292 καὶ
1553 1235 1820 1309 αὔξονται,
1876 1239 1965 1292 καὶ

313 1327 615 1396 μειοῦνται,
673 1324 762 1378 καὶ
821 1322 1214 1398 ἀλλοιοῦνται,
1273 1327 1667 1402 θερμαινόμενα
1721 1327 1810 1382 καὶ
1864 1331 1964 1400 ψυ-

304 1411 541 1488 χόμενα,
573 1413 664 1467 καὶ
695 1414 812 1468 καθ’
841 1409 1000 1490 ἕτερα
1049 1414 1193 1486 πάθη
1249 1413 1481 1494 διάφορα
1527 1418 1626 1485 τὴν
1665 1415 1961 1472 ἀλλοίωσιν

305 1499 643 1574 ὑπομένοντα
691 1506 761 1576 τῇ
810 1502 984 1574 οἰκείᾳ
1039 1503 1195 1582 φύσει
1252 1503 1622 1577 καταλλήλως
1682 1507 1960 1582 ἑκάτερον·

302 1590 455 1645 Ἐστι
511 1590 606 1662 μὲν
666 1589 759 1645 οὗν
814 1592 878 1646 τὸ
939 1596 1075 1660 ζῶον
1139 1593 1293 1649 οὐσία
1353 1591 1601 1671 ἔμψυχος
1672 1594 1962 1664 αἰσθητικὴ

305 1673 664 1750 μεταϐατικήν
710 1680 774 1734 τὸ
815 1677 872 1734 δὲ
924 1681 1199 1758 ζωόφυτον
1252 1681 1408 1736 οὐσία
1465 1679 1716 1757 ἔμψυχος
1776 1683 1962 1752 αἰσθη-

300 1769 427 1836 τικὴ
489 1763 870 1841 ἀμετάϐατος.
929 1771 1028 1823 Καὶ
1087 1771 1223 1824 κατὰ
1277 1771 1382 1843 μὴν
1435 1772 1534 1839 τὴν
1596 1773 1825 1840 ἀπτικήν
1885 1769 1965 1826 αἶ’-

303 1868 493 1926 σθησιν
522 1857 585 1912 τὸ
620 1857 897 1936 ζωόφυτον
927 1858 1247 1914 πλεονεκτεῖ
1275 1863 1372 1914 τοῦ
1422 1864 1613 1937 φυτοῦ.
1658 1862 1756 1915 Διά
1805 1860 1864 1916 δὲ
1900 1862 1963 1916 τὸ

305 1945 382 2018 μή
418 1941 780 2018 μεταϐαίνειν,
831 1947 1127 2024 ὑστερεῐται
1172 1952 1266 2002 τοῦ
1321 1949 1483 2017 ζώου·
1532 1949 1623 2003 καὶ
1671 1949 1815 2004 οὕτω
1866 1951 1960 2023 μὲν
1994 1983 2042 2048 Β

305 2031 328 2048 ,ι
487 2035 499 2048 .
542 2039 604 2048 ....
781 2036 793 2048 .
867 2035 879 2048 .
925 2041 950 2048 .-
1017 2036 1028 2048 .

301 2031 418 2110 ἔχει
447 2035 510 2089 τὸ
541 2039 679 2105 ζῶον
707 2036 797 2090 καὶ
827 2035 890 2091 τὸ
924 2036 1220 2114 ζωόφυτον.

369 2346 425 2396 ε’,
458 2344 514 2393 Ὁ
564 2337 622 2394 δὲ
669 2339 957 2413 ἄνθρωπος
1011 2339 1148 2409 ζῶόν
1200 2339 1308 2394 ἐστι
1360 2339 1612 2416 λογικὸν,
1659 2337 1830 2415 ἤγουν
1879 2341 1966 2395 οὐ-

298 2429 390 2484 σία
420 2427 694 2504 ἕμψυχος,
749 2429 1064 2500 αἰσθητικὴ,
1121 2424 1475 2502 μεταϐατική,
1532 2427 1755 2504 λογική.
1809 2428 1966 2486 Ἀλλ’

301 2518 347 2572 εἰ
383 2519 477 2592 μὲν
511 2517 685 2580 οὕτως
715 2519 743 2572 ὁ
788 2523 887 2572 τοῦ
935 2517 1222 2593 ἀνθρώπου
1268 2519 1496 2594 ὁρισμὸς
1529 2517 1841 2589 ἀπεδίδοτο,
1875 2518 1965 2574 λε-

298 2607 509 2682 γόντων
555 2610 749 2681 ἡμῶν,
810 2607 1131 2684 Ἄνθρωπός
1176 2607 1314 2662 ἐστιν
1366 2607 1520 2662 οὐσία
1563 2607 1837 2684 ἔμψυχος,
1883 2609 1966 2662 αἷ-

307 2697 559 2766 σθητική,
596 2691 951 2770 μεταϐατική,
991 2694 1186 2771 λογική
1224 2716 1237 2728 ·
1291 2696 1390 2751 οὐκ
1421 2697 1478 2752 ἂν
1509 2703 1588 2770 τῷ
1615 2702 1712 2752 τοῦ
1757 2698 1966 2773 ἀνθρώ-

307 2805 412 2839 που
471 2786 686 2861 ὁρισμῷ
741 2785 1060 2861 προσέκειτο
1118 2783 1181 2840 τὸ
1240 2787 1456 2857 θνητὸν,
1509 2786 1583 2848 ὡς
1626 2791 1694 2861 τῇ
1728 2787 1968 2862 ὲμψύχῳ

309 2872 464 2945 οὐσίᾳ
519 2874 987 2950 συνεισαγόμενον.
1049 2881 1159 2929 Πᾶν
1217 2877 1319 2950 γὰρ
1379 2873 1629 2951 ἔμψυχον
1693 2875 1780 2929 καὶ
1845 2888 1970 2945 θνη-

308 2961 422 3031 τὸν,
482 2961 662 3037 ὥσπερ
717 2962 809 3017 καὶ
865 2968 969 3016 πᾶν
1033 2962 1296 3035 σύνθετον,
1357 2961 1650 3021 διαλυτόν.
1716 2963 1969 3025 Σύνθεσις

311 3052 418 3126 γὰρ
478 3052 622 3127 ἀρχὴ
687 3052 896 3127 μάχης,
961 3053 1114 3128 μάχη
1179 3049 1236 3106 δὲ
1287 3049 1637 3125 διαστάσεως,
1693 3052 1969 3115 διάστασις

309 3136 370 3194 δὲ
409 3138 638 3202 λύσεως.
693 3141 839 3196 Ἐπεὶ
886 3138 944 3195 δὲ
988 3142 1050 3195 τὸ
1091 3139 1264 3203 οὕτως
1316 3142 1584 3216 ὁρίζεσθαι
1638 3139 1967 3218 ἀδολεσχίας

317 3227 429 3283 ἐστὶ
479 3229 554 3301 μὴ
608 3229 921 3302 πρεπούσης
971 3234 1088 3292 τοῖς
1138 3230 1412 3306 ὁρισμοῖς,
1445 3231 1517 3303 (τί
1563 3231 1664 3306 γὰρ
1713 3229 1764 3284 ἐν
1795 3229 1966 3306 ὅροις,

311 3316 500 3394 λόγοις
532 3317 854 3391 σμντόμοις,
884 3319 996 3394 χρὴ
1049 3316 1404 3393 πολυλογεῖν,
1438 3318 1550 3373 ἐνὸν
1603 3324 1701 3392 μιᾷ
1731 3317 1870 3389 λέξει
1902 3321 1967 3373 τὰ

303 3405 540 3462 πλεῖστα
567 3402 885 3483 περιλαϐεῖν
929 3407 1018 3462 καὶ
1065 3405 1155 3461 διὰ
1203 3412 1298 3461 τνῦ
1341 3411 1475 3476 ζῶον
1529 3407 1698 3462 εἰπεῖν
1741 3409 1839 3477 τὴν
1875 3405 1965 3462 οἷ)-

302 3494 420 3549 σίαν
469 3492 740 3567 δηλῶσαι,
791 3495 881 3550 καὶ
931 3497 993 3550 τὸ
1034 3493 1307 3572 ἔμψυχον,
1359 3496 1448 3551 καὶ
1493 3494 1554 3552 td
1614 3497 1966 3568 αἰσθητικὸν,

302 3583 396 3639 καὶ
430 3585 493 3639 τὸ
547 3580 909 3657 μεταϐατικόν
943 3606 978 3662 φ
1012 3589 1032 3656 )
1061 3582 1153 3640 διὰ
1199 3591 1361 3640 τοῦτο
1412 3590 1548 3654 ζῶον
1592 3583 1846 3660 λέγοντες
1877 3585 1968 3640 τὸν

303 3671 592 3750 ἄνθρωπον
646 3673 890 3749 λογικὸν,
939 3673 1297 3748 προστίθεμεν
1346 3679 1426 3746 τῷ
1476 3673 1589 3751 ὅρῳ
1617 3675 1707 3729 καὶ
1747 3675 1810 3729 τὸ
1842 3687 1969 3744 θνη-

299 3761 420 3818 τόν.
453 3759 632 3833 Δηλοῖ
655 3763 759 3838 γὰρ
807 3763 870 3817 τὸ
917 3767 1013 3817 τοῦ
1055 3763 1197 3832 ζώου
1249 3761 1424 3834 ὄνομα
1476 3764 1687 3818 καὶτὸν
1737 3761 1968 3839 ἄγγελον

303 3851 382 3914 ὡς
441 3856 588 3922 ζωῆς
650 3852 957 3929 μετέχοντα
1009 3851 1100 3906 καὶ
1129 3851 1312 3922 αὐτόν,
1345 3851 1511 3906 εἶκαὶ
1554 3859 1654 3921 τῆς
1707 3852 1970 3908 ἀθανάτου

304 3941 397 3996 καὶ
447 3941 579 4016 ὑπὲρ
632 3939 902 4012 αἶ’σθησιν·
954 3941 1014 4004 ’ὸς
1066 3939 1132 4010 δὴ
1184 3942 1274 3996 καὶ
1328 3940 1554 4016 λογικός
1611 3941 1742 4012 ἐστι,
1797 3941 1888 3996 καὶ
1932 3943 1968 4010 ἡ

305 4029 608 4105 λογικότης
672 4030 837 4086 αὐτοῦ
909 4030 1089 4100 πάσης
1151 4029 1378 4105 ἀλογίας
1437 4031 1767 4106 ἀνεπιμιγὴς
1803 4077 1817 4103 ,
1880 4032 1969 4084 καὶ

305 4120 535 4192 πάμπαν
593 4119 911 4193 ἀμέθεκτος.
953 4121 1065 4174 Ἵνα
1112 4123 1242 4194 γοῦν
1307 4121 1492 4190 μήτις,
1551 4118 1762 4174 ἀκούων
1827 4123 1964 4188 ζῶον

302 4205 557 4283 λογικὸν,
619 4204 871 4282 ὑπολάϐῃ
926 4208 1093 4285 τυχὸν
1152 4207 1243 4262 τὸν
1303 4205 1534 4282 ἄγγελον
1585 4207 1858 4283 λέγεσθαι,
1906 4208 1969 4262 τὸ

306 4297 506 4368 θνητὸν
556 4297 860 4374 ἐπεισήχθη
911 4302 991 4370 τῷ
1043 4296 1157 4371 ὅρῳ
1208 4294 1297 4351 διὸ.
1326 4298 1616 4374 σαφήνειαν
1663 4293 1872 4367 ἔξωθεν·
1907 4297 1970 4351 οὐ

310 4387 420 4462 μὴν
484 4387 591 4442 ἀπὸ
645 4390 746 4456 τῆς
786 4387 924 4442 κατὰ
969 4387 1073 4455 ,τὴν
1136 4385 1316 4440 οὐσίαν
1364 4393 1547 4458 τομῆς
1595 4386 1684 4440 καὶ
1731 4382 1971 4440 ὑποδιαι-

307 4477 527 4552 ρέσεως.
558 4473 696 4531 Οὐδὲ
744 4477 849 4551 γάρ
901 4473 1041 4530 ἐστιν
1091 4473 1222 4530 αὐτὸ
1267 4475 1330 4530 τὸ
1363 4479 1528 4543 ζῶον,
1571 4477 1840 4544 τουτέστι,
1869 4475 1968 4543 τήν

306 4563 494 4620 οὐσίαν
537 4566 639 4634 τήν
695 4564 972 4639 ἔμψυχον,
1021 4564 1122 4633 τήν
1173 4562 1496 4633 αἰσθητικὴν
1544 4563 1634 4617 καὶ
1689 4559 1973 4636 μεταϐατι-

304 4657 434 4724 κὴν,
496 4654 572 4716 εἷς
621 4652 843 4741 λογικὸν
901 4653 991 4707 καὶ
1051 4651 1250 4729 ἄλογον
1303 4650 1702 4728 διαιρήσαντας,
1762 4650 1974 4708 ὑποδιε-

730 4742 744 4760 \

2081 699 2428 769 deﬁnitioni,
2462 700 2936 772 progressivum;
2973 699 3410 772 plantanimalis
3437 719 3738 777 vero,pro-

2079 787 2401 860 gressionis
2433 805 2659 859 expers.
2693 790 2957 845 Dicimus
2987 795 3183 845 autem
3216 790 3434 847 animal
3469 809 3740 866 progres-

2080 878 2301 934 sionem
2336 882 2392 932 et
2425 896 2538 933 non
2572 878 2920 949 simpliciter
2950 883 3176 935 motum
3207 879 3737 954 habens,quando-

2079 967 2311 1038 quidem
2345 985 2414 1023 ex
2443 969 2721 1024 omnibus
2751 968 3008 1024 motibus
3040 969 3533 1042 progressionem,
3556 971 3614 1027 id
3648 976 3741 1028 est

2080 1057 2463 1112 mutationem
2515 1059 2840 1112 secundum
2888 1057 3105 1129 locum,
3153 1075 3269 1130 pris
3326 1057 3734 1131 plantanimali

2078 1149 2451 1216 superantem
2509 1146 2706 1201 habet.
2740 1145 2945 1202 Omnis
3002 1146 3159 1202 enim
3217 1145 3369 1202 alius
3427 1150 3624 1204 motus
3679 1153 3738 1205 et

2076 1233 2483 1305 plantanimali
2532 1238 2591 1289 et
2642 1235 2752 1305 ipsi
2801 1234 3012 1306 plantaa
3059 1235 3233 1291 inest.
3285 1235 3432 1291 Nam
3482 1240 3541 1292 et
3610 1235 3736 1293 haec

2077 1322 2367 1392 oriuntur,
2399 1327 2458 1378 et
2503 1322 2797 1391 occidunt,
2831 1327 2888 1378 et
2933 1327 3246 1396 augentur,
3279 1328 3335 1379 et
3379 1328 3650 1381 crescunt
3677 1329 3736 1382 et

2075 1411 2512 1477 diminuuntur,
2539 1416 2597 1467 et
2625 1411 2967 1478 niterentur,
2995 1413 3136 1467 dum
3170 1411 3533 1480 caleﬁunt,et
3563 1413 3731 1470 refri-

2074 1509 2352 1571 gerantur
2379 1503 2438 1556 et
2463 1501 2788 1555 secundum
2837 1499 2980 1555 alias
3011 1501 3272 1558 diversas
3311 1501 3618 1574 passiones
3647 1503 3732 1559 al-

2075 1589 2420 1644 terationem
2455 1589 2771 1659 sustinent,
2804 1594 3122 1661 utrumque
3149 1594 3322 1661 prout
3357 1595 3579 1647 natura
3611 1607 3732 1648 sua

2075 1678 2359 1733 convenit.
2379 1677 2607 1732 Animal
2634 1677 2812 1750 igitur
2832 1682 2921 1733 est
2941 1680 3095 1734 106
3124 1679 3456 1735 substantia
3475 1679 3736 1738 animata

2075 1767 2335 1822 sentiens
2382 1768 2768 1838 progressiva.
2803 1766 3190 1823 Plantanimal
3245 1772 3440 1824 autem
3471 1773 3562 1824 est
3589 1769 3732 1826 sub-

2074 1856 2292 1910 stantia
2321 1854 2582 1911 animata
2625 1856 2905 1921 sentiens,
2938 1857 3368 1929 progressionis
3405 1874 3629 1930 expers.
3665 1858 3734 1914 Et

2075 1944 2401 2000 secundum
2453 1945 2730 2017 tangendi
2763 1945 3001 2016 quidem
3051 1962 3290 2002 sensum
3339 1945 3730 2019 plantanimal

2073 2033 2207 2106 plus
2237 2033 2416 2090 habet
2460 2051 2640 2106 quam
2672 2034 2908 2107 planta;
2945 2037 3047 2092 sed
3075 2040 3384 2109 propterea
3415 2037 3572 2109 quod
3611 2054 3728 2095 non

2074 2123 2468 2196 progreditur,
2517 2123 2716 2180 minus
2760 2125 2936 2181 habet
3002 2142 3182 2197 quam
3233 2125 3474 2183 animal.
3525 2126 3597 2182 Et
3647 2127 3733 2185 sic

2077 2212 2318 2284 quidem
2348 2211 2525 2269 habet
2553 2229 2617 2270 se
2643 2213 2862 2270 animal
2890 2218 2948 2270 et
2971 2213 3378 2287 plantanimal.

2147 2339 2203 2395 5.
2238 2343 2426 2394 Homo
2458 2343 2653 2394 autem
2685 2343 2775 2394 est
2807 2339 3027 2395 animal
3061 2339 3364 2409 rationale,
3395 2341 3455 2396 id
3485 2343 3741 2410 est,sub-

2075 2426 2300 2482 stantia
2349 2427 2635 2492 animata,
2669 2426 2951 2495 sentiens,
2986 2428 3373 2499 progressiva,
3415 2427 3739 2485 rationalis.

2077 2517 2186 2571 Sed
2222 2515 2270 2570 si
2307 2516 2390 2570 ita
2439 2515 2679 2586 quidem
2711 2515 2969 2571 hominis
3001 2515 3263 2572 deﬁnitio
3313 2516 3738 2590 assignaretur,

2078 2598 2503 2660 ut'diceremus
2539 2623 2552 2660 :
2587 2609 2774 2660 Homo
2801 2609 2890 2660 est
2918 2605 3250 2660 substantia
3289 2591 3735 2674 animata,°sen-

2077 2693 2246 2758 tiens,
2285 2693 2672 2766 progressiva,
2707 2693 3014 2748 rationalis
3049 2711 3062 2748 :
3097 2710 3212 2748 non
3246 2693 3597 2765 adjiceretur
3623 2695 3738 2752 uti-

2078 2799 2190 2854 que
2221 2781 2548 2836 deﬁnitioni
2599 2782 2857 2837 hominis
2887 2781 2950 2834 τὸ
2982 2783 3249 2848 mortale,
3281 2787 3346 2838 ut
3393 2785 3550 2855 quod
3597 2800 3734 2841 cum

2078 2871 2714 2926 animata~substantia
2767 2871 2945 2926 simul
2975 2871 3306 2927 inferretur.
3340 2872 3526 2928 Omne
3575 2873 3736 2930 enim

2078 2961 2404 3015 animatum
2429 2961 2603 3014 etiam
2630 2959 2874 3014 mortale
2894 2964 2985 3015 est
3008 2961 3534 3031 ;quemadmodum
3553 2962 3732 3018 etiam

2079 3066 2251 3105 omne
2275 3049 2668 3120 compositum
2701 3048 2943 3104 dissolvi
2976 3051 3544 3121 p0test.Compositio
3575 3051 3732 3107 enim

2079 3155 2518 3211 pugnaa,pugna
2545 3138 3294 3211 diremptionis,diremptio
3315 3137 3625 3195 solutionis
3646 3143 3739 3196 est

2079 3227 2460 3300 principium.
2494 3227 2641 3292 Quia
2668 3232 2860 3282 autem
2897 3229 2981 3282 sic
3010 3228 3252 3282 definire
3282 3228 3620 3299 nugationis
3649 3233 3740 3286 est

2000 3353 2042 3418 Ο
2082 3316 2520 3372 deﬁnitionibus
2550 3333 2666 3370 non
2694 3315 3112 3379 convenientis,
3144 3318 3274 3384 (cur
3301 3317 3458 3371 enim
3497 3316 3556 3372 in
3588 3317 3737 3372 deli-

2081 3405 2405 3461 nitionibus
2437 3423 2564 3476 quas
2596 3409 2736 3460 sunt
2765 3405 3009 3460 concisse
3031 3406 3324 3461 orationes
3346 3404 3533 3460 multa
3561 3407 3738 3463 verba

2079 3499 2344 3566 oporteat
2394 3495 2600 3560 facere,
2635 3510 2769 3549 cum
2799 3512 2918 3549 una
2947 3494 3199 3550 dictione
3241 3494 3738 3566 comprehendere

2081 3583 2252 3638 liceat
2281 3601 2461 3655 quam
2512 3583 2786 3654 plurima,
2819 3588 2876 3638 et
2908 3583 3152 3639 dicendo
3183 3583 3403 3639 animal
3440 3583 3740 3641 declarare

2081 3679 2138 3728 et
2170 3673 2566 3729 substantiam
2598 3679 2654 3727 et
2683 3672 3008 3728 animatum
3031 3678 3088 3728 et
3109 3673 3366 3728 sentiens
3393 3677 3450 3728 et
3478 3689 3744 3746 progres-

2081 3762 2272 3816 sivum
2299 3762 2348 3833 ?)
2381 3765 2690 3833 eapropter
2737 3761 3188 3833 pronuntiantes
3232 3761 3530 3817 hominem
3583 3763 3735 3818 167

2081 3849 2297 3906 animal
2330 3849 2611 3906 rationale
2641 3850 2968 3907 deﬁnitioni
2999 3851 3174 3905 etiam
3203 3849 3267 3903 τὸ
3299 3849 3546 3907 mortale
3575 3851 3732 3923 adji-

2081 3938 2518 3997 cimus.Nomen
2551 3939 2706 3994 enim
2737 3939 3010 3994 animalis
3043 3938 3220 3994 etiam
3250 3937 3525 4011 angelum
3547 3939 3738 3996 decla-

2081 4035 2191 4094 rat,
2224 4032 2288 4083 ut
2339 4028 2439 4099 qui
2481 4033 2537 4082 et
2579 4028 2703 4099 ipse
2761 4029 2876 4083 vita
2923 4028 3337 4092 communicet,
3391 4045 3733 4101 quanquam

2079 4115 2402 4172 immortali
2451 4131 2809 4186 sensumque
2840 4119 3195 4186 superante,-
3225 4119 3292 4170 ut
3336 4116 3437 4187 qui
3471 4121 3529 4172 et
3558 4117 3740 4173 ratio-

2082 4205 2232 4261 nalis
2264 4205 2342 4259 sit
2392 4209 2450 4261 et
2479 4206 2650 4275 cujus
2683 4204 2771 4276 (ut
2819 4205 2900 4259 ita
2927 4205 3142 4272 dicam)
3190 4203 3554 4261 rationalitas
3601 4222 3736 4262 cum

2082 4294 2529 4350 irrationalitate
2579 4293 2739 4349 omni
2773 4293 3141 4364 impermista
3180 4293 3258 4348 sit
3286 4298 3344 4350 et
3387 4293 3534 4349 nihil
3562 4295 3736 4367 quid-

2082 4401 2261 4456 quam
2294 4382 2630 4438 commercii
2660 4382 2992 4437 habens.Ne
3023 4382 3157 4454 quis
3185 4398 3322 4455 ergo
3353 4383 3598 4438 audiens
3620 4383 3740 4440 ani-

2083 4472 2203 4526 mal
2234 4471 2519 4526 rationale
2570 4469 2865 4526 existimet
2895 4470 3143 4526 fortasse
3187 4469 3463 4544 angelum
3509 4472 3646 4540 dici,
3674 4471 3737 4526 τὸ

2087 4560 2331 4616 mortale
2379 4559 2703 4615 deﬁnitioni
2760 4558 3063 4630 (hominis)
3112 4559 3601 4632 superinductum
3649 4567 3742 4618 est

2083 4650 2453 4721 extrinsecus
2489 4665 2500 4703 :
2535 4665 2650 4703 non
2697 4663 2830 4702 vero
2861 4663 2928 4702 ex
2983 4647 3326 4703 substantias
3379 4649 3635 4705 sectione
3683 4655 3743 4707 et

305 4741 424 4798 λεῖν
483 4741 636 4805 αὖθις
689 4724 754 4798 £5
834 4740 1059 4817 λογικὸν
1123 4741 1198 4803 εἷς
1258 4742 1453 4811 θνητὸν
1510 4742 1600 4795 καὶ
1656 4742 1916 4805 ἀθάνατον
1955 4787 1967 4799 .

2081 4737 2501 4794 subdivisione.
2546 4738 2746 4808 Neque
2793 4735 2950 4791 enim
2996 4753 3131 4791 cum
3179 4736 3418 4802 animal,
3467 4737 3578 4794 hoc
3626 4743 3736 4809 est,

303 4831 462 4887 Οὕτω
509 4833 615 4908 γὰρ
664 4833 1011 4902 ποιήσαντες,
1062 4831 1096 4898 ἢ
1143 4828 1233 4884 τὸν
1284 4828 1610 4899 Ἑλληνικὸν
1659 4829 1827 4894 ὕθΛον
1880 4852 1971 4884 συ-

308 4923 613 4994 στήσομεν,
657 4921 748 4976 καὶ
803 4921 872 4975 τὰ
929 4921 1154 4994 οὑράνια
1207 4920 1435 4993 σώματα
1496 4923 1607 4988 ζῶα
1663 4919 1974 4994 τερατευσό-

311 5011 447 5084 μεθα
481 5055 495 5080 ,
544 5010 635 5066 καὶ
693 5009 847 5065 αὐτοὶ
908 5009 998 5062 καὶ
1077 5006 1274 5083 λογικά
1328 5008 1418 5063 καὶ
1477 5008 1706 5062 ἀθάνατα
1763 5009 1799 5077 ἢ
1847 5007 1975 5069 τοὺς

310 5099 580 5177 ἀγγέλοσς
640 5104 751 5169 ζῶα
809 5097 1047 5159 εἰπόντες
1106 5096 1370 5168 ἀθάνατα,
1431 5095 1722 5169 δοξάσομεν
1782 5096 1976 5158 αὐτοὺς

309 5188 604 5266 ἐμψύχους
653 5209 713 5243 τε
759 5187 850 5250 καὶ
900 5185 1267 5256 αἰσθητικούς·
1316 5184 1362 5239 εἰ
1408 5182 1659 5240 τοῦτοδὲ
1687 5185 1776 5240 καὶ
1808 5207 1975 5240 σεσω-

313 5278 676 5352 ματωμένους
731 5277 820 5332 καὶ
881 5275 1024 5331 οὕτω
1083 5275 1373 5336 ἀθανάτους
1433 5273 1832 5350 ὁμολογοῦντες
1877 5275 1974 5329 αὑ-

305 5367 463 5436 τοὺς,
521 5367 836 5422 τούναντίον
903 5361 1116 5438 μᾶλλον
1177 5361 1408 5433 θνητοὺς
1468 5363 1600 5417 εἶναι
1655 5361 1976 5418 κατασκευά-

312 5479 480 5531 σομεν
513 5456 566 5528 ἐξ
599 5458 672 5511 ὧν
724 5455 982 5532 λέγομεν.
1025 5451 1198 5508 Πάλιν
1249 5449 1398 5528 εἷ’περ
1429 5452 1488 5506 ἐκ
1518 5456 1615 5507 τοῦ
1648 5454 1851 5522 θνητοῦ
1882 5453 1972 5508 τὸν

313 5545 600 5624 ἄνθρωπον
661 5543 965 5617 διε-ἕλοιμεν,
1022 5543 1114 5597 καὶ
1168 5541 1260 5596 τὸν
1317 5541 1468 5616 βοῦν,
1519 5541 1607 5595 καὶ
1637 5541 1728 5595 τὸν
1781 5539 1974 5613 ἵππον,

311 5635 508 5691 καὶτὰ
537 5633 711 5690 λοιπᾶ
758 5637 890 5704 ζῶα’
941 5637 1047 5686 πᾶν
1095 5630 1158 5685 τὸ
1189 5630 1382 5701 θνητὸν
1434 5627 1577 5684 ἔσται
1628 5630 1717 5684 καὶ
1751 5629 1974 5706 λογικόν

313 5725 406 5798 (τὰ
461 5724 564 5800 γὰρ
624 5723 806 5778 ἐπάνω
859 5727 968 5776 τῶν
1030 5718 1283 5774 ὑποκάτω
1329 5724 1804 5794 κατηγοροῦγταιΥ
1856 5719 1978 5773 κάν-

315 5814 498 5870 τεῦθεν
559 5812 789 5891 ἁρμόσει
838 5809 929 5866 καί
984 5814 1103 5872 τοῖς
1158 5808 1378 5887 ἀλόγοις
1426 5808 1488 5863 τὸ
1546 5806 1790 5886 λογικόν·
1845 5808 1976 5886 ὅπερ

2086 4827 2480 4882 substantiam
2505 4825 2825 4900 animatam
2851 4825 3199 4880 sentientem
3222 4830 3278 4881 et
3306 4825 3737 4899 progressivam

2085 4916 2144 4971 in
2178 4915 2460 4970 rationale
2491 4921 2550 4969 et
2579 4914 2915 4969 irrationale
2941 4913 3334 4979 diviserimus,
3367 4913 3504 4970 licet
3520 4915 3735 4972 iterum

2085 5006 2372 5060 rationale
2401 5004 2462 5058 in
2493 5005 2738 5058 mortale
2770 5009 2827 5058 et
2855 5001 3187 5057 immortale
3227 5002 3615 5061 subdividere.
3644 5004 3740 5060 Sic

2086 5094 2242 5149 enim
2275 5093 2324 5150 si
2357 5092 2805 5160 fecerimus,aut
2833 5091 3194 5147 Graecanicas
3222 5108 3411 5164 nugas
3441 5109 3740 5150 commen-

2087 5183 2361 5239 dabimus
2392 5187 2451 5237 et
2498 5198 2742 5253 corpora
2770 5178 3028 5235 coelestia
3057 5179 3388 5252 prodigiose
3417 5180 3739 5237 afﬁrmabi-

2087 5290 2222 5328 mus
2253 5272 2363 5344 ipsi
2389 5287 2622 5343 quoque
2648 5269 2928 5326 animalia
2948 5268 3256 5324 rationalia
3275 5274 3332 5325 et
3361 5269 3740 5339 immortalia,

2086 5367 2188 5418 aut
2215 5362 2262 5416 si
2288 5360 2525 5432 angelos
2555 5359 2875 5414 dixerimus
2896 5356 3174 5413 animalia
3195 5357 3741 5432 immortalia,ipsos

2088 5468 2218 5506 cum
2253 5450 2542 5506 animatos
2573 5454 2700 5503 tum
2733 5446 3052 5502 sentientes
3091 5447 3469 5518 opinahimur
3503 5465 3516 5504 :
3550 5449 3600 5504 si
3635 5449 3742 5506 hoc

2087 5545 2145 5595 et
2175 5545 2511 5610 corporatos
2545 5555 2557 5592 :
2592 5544 2648 5593 et
2678 5539 2761 5591 sic
2792 5539 2930 5590 dum
2965 5551 3064 5591 eos
3110 5535 3474 5593 immortales
3505 5538 3742 5610 profite-

2091 5646 2242 5691 mur,
2276 5646 2306 5683 e
2336 5633 2540 5683 contra
2592 5627 2786 5697 potius
2817 5623 3092 5680 mortales
3139 5641 3270 5681 esse
3301 5628 3521 5683 nostris
3569 5627 3743 5684 dictis

2087 5717 2591 5774 confirmabimus.
2628 5716 2853 5770 Rursus
2883 5713 2930 5767 si
2963 5729 3032 5768 ex
3061 5714 3294 5770 mortali
3327 5715 3627 5772 hominem
3657 5715 3743 5772 di-

2089 5807 2401 5863 viserimus
2434 5805 2585 5862 168
2618 5810 2675 5862 et
2703 5805 2910 5861 bovem
2944 5806 3002 5858 et
3030 5805 3249 5876 equum
3280 5809 3338 5860 et
3369 5808 3576 5863 cetera
3612 5805 3740 5862 ani-
