4126 6448
347 478 465 536 819

1609 471 2034 534 NICEPHOBI
2085 471 2525 534 BLEMMIDE

3659 469 3800 536 820

356 609 569 677 malis;
602 625 775 664 omne
824 607 1072 664 mortale
1116 608 1225 664 erit
1254 609 1429 663 etiam
1479 605 1763 662 rationale
1817 606 2044 676 (supey

2162 603 2267 655 στὶν
2301 602 2669 661 ἀτοπώτατον.
2717 606 3061 677 Τμηθήσεται
3111 608 3241 681 γοῦν
3282 603 3347 658 τὸ
3386 601 3608 680 λογικὸν
3644 607 3793 673 ζῶον

359 701 514 754 riora
547 699 702 753 enim
737 700 807 752 de
857 698 1237 753 inferioribus
1266 697 1764 769 praedicabuntur)
1801 713 1812 750 :
1848 699 2020 763 atque

363 789 500 844 hinc
522 789 700 843 etiam
728 787 1228 842 irrationabilibus
1248 783 2018 854 rationaleconveniet,quod

2131 690 2314 761 τύθὺς,
2368 691 2541 748 εἰίτουν
2592 696 2621 749 ὁ
2678 695 2987 768 ἄνθρωπος,
3047 693 3125 756 εἰς
3179 695 3247 748 τὰ
3303 690 3481 766 ἄτομα
3536 692 3744 770 Πέτρον
3779 735 3797 761 ,

2130 778 2347 836 Παῦλον
2379 784 2468 837 καὶ
2498 785 2593 846 τὰς
2625 781 2822 846 λοιπάς
2856 784 3193 845 ὑποστάσεις.

368 895 508 932 sane
555 882 642 932 est
691 877 1208 932 absurdissimum.
1261 877 1563 932 Secabitur
1605 892 1742 947 ergo
1791 869 2077 928 rationale
2129 871 2346 928 animal
2396 874 2516 930 sive
2564 875 2741 931 homo
2795 880 2950 932 recta
2976 876 3098 946 (seu
3151 873 3510 947 immediate)
3540 874 3600 931 in
3632 874 3800 931 indi-

370 967 548 1020 vidua
583 984 594 1019 ε
630 966 886 1034 Petrum,
922 965 1166 1020 Paulum
1199 971 1255 1019 et
1284 965 1540 1036 reliquas
1572 965 1939 1037 hypostases.

441 1059 495 1110 6.
529 1059 683 1120 Quas
715 1055 908 1125 inquit
957 1054 1301 1110 Aristoteles
1331 1055 1446 1109 dici
1479 1054 1841 1110 substantias
1891 1068 2023 1122 pro-

371 1144 669 1218 priissime
717 1148 772 1198 et
822 1144 1011 1214 primo
1059 1148 1115 1198 et
1173 1145 1444 1199 maxime.
1497 1143 1798 1199 Individua
1866 1141 2024 1196 enim

374 1237 640 1303 respectu
673 1248 876 1287 eorum
909 1231 1009 1304 qui
1041 1231 1350 1288 sensibiles
1381 1239 1521 1288 sunt
1545 1231 1762 1303 (etiam)
1797 1230 2028 1302 proprie

376 1322 719 1378 substantiae
742 1337 870 1375 esse
886 1321 1158 1375 videntur
1171 1326 1475 1392 pr0pterea
1495 1322 1649 1393 quod
1674 1319 2030 1375 sensibiliter

375 1411 684 1466 exsistant.
725 1410 794 1464 Et
823 1409 1012 1480 primo
1044 1410 1568 1482 apprehenduntur
1597 1427 1610 1464 :
1643 1410 1857 1465 etenim
1905 1408 2032 1463 dia-

377 1517 508 1555 nma
558 1503 758 1554 nostra
789 1515 890 1568 per
917 1497 1221 1554 sensibilia
1263 1500 1601 1570 provehitur
1629 1500 1702 1554 ad
1751 1497 2031 1570 intelligi-

377 1589 538 1644 bilia.
571 1589 641 1643 Et
689 1588 944 1643 maxime
989 1589 1336 1644 substantiae
1385 1605 1515 1644 esse
1567 1592 1866 1660 apparent,
1889 1603 2032 1658 'pro-

381 1682 580 1749 pterea
637 1677 792 1748 quod
857 1677 914 1730 in
976 1677 1189 1749 seipsis
1250 1682 1380 1732 actu
1438 1678 1657 1733 habent
1711 1675 2037 1732 accidentia

381 1765 741 1822 exsistentia.
769 1769 964 1836 Atque
1007 1766 1185 1820 talem
1217 1766 1455 1837 quidem
1485 1765 1700 1837 vulgus
1728 1765 2034 1820 hominum

381 1855 453 1910 de
483 1854 600 1909 illis
630 1854 964 1926 opinionem
992 1855 1187 1911 habet.

2206 1056 2268 1112 ς’.
2333 1052 2436 1112 ”Ας
2511 1073 2672 1128 φησιν
2734 1053 2762 1106 ὁ
2835 1050 3219 1125 Ἀριστοτέλης
3295 1051 3480 1114 οὐσίας
3538 1050 3804 1126 λέγεσθαι

2134 1139 2442 1214 κυριώτατά
2508 1161 2568 1196 τε
2617 1140 2706 1195 καὶ
2779 1141 3014 1216 πρώτως
3067 1140 3157 1196 καὶ
3219 1138 3458 1214 μάλιστα
3487 1181 3501 1194 .
3559 1141 3636 1195 Τὰ
3691 1141 3805 1217 γάρ

2138 1225 2316 1302 ἄτομα
2369 1230 2507 1306 πρὸς
2558 1229 2688 1292 τοὺς
2745 1229 3038 1301 αἰσθητοὺς
3097 1229 3230 1304 (καὶ)
3289 1229 3494 1306 κυρίως
3542 1225 3806 1285 δοκοῦσιν

2139 1317 2315 1372 οὐσίαι
2375 1317 2646 1394 λέγεσθαι,
2709 1316 2800 1374 διὰ
2867 1319 2930 1374 τὸ
2999 1319 3274 1389 αἰσθητῶς
3331 1318 3597 1395 ὑπάρχειν
3632 1365 3648 1390 ,
3705 1320 3810 1374 καὶ

2138 1407 2375 1483 πρώτως
2403 1403 2931 1482 καταλαμϐάνονται.
2985 1410 3084 1465 Διὰ
3127 1411 3236 1463 τῶν
3283 1407 3557 1478 αἰσθητῶν
3611 1409 3716 1483 γὰρ
3761 1412 3807 1478 ἡ

2143 1494 2355 1551 διάνοια
2381 1500 2543 1570 ἡμῶν
2597 1497 2850 1573 ἀνάγεται
2898 1497 3037 1574 πρὸς
3086 1497 3155 1552 τὰ
3192 1495 3384 1568 νοητά.
3428 1497 3528 1552 Καὶ
3564 1495 3812 1571 μάλιστα

2144 1586 2416 1662 φαίνονται
2504 1586 2680 1641 οὐσίαι
2759 1587 2888 1642 εἶναι
2939 1631 2953 1655 ,
3031 1584 3122 1642 διὰ
3185 1586 3250 1642 τὸ
3333 1585 3578 1662 ἐνεργείᾳ
3653 1582 3812 1661 ἔχειν

2145 1675 2196 1730 ἐν
2259 1677 2471 1738 ἑαυταῖς
2525 1676 2593 1730 τὰ
2649 1671 3034 1749 συμϐεϐηκότα
3103 1675 3421 1752 ὑπάρχοντα
3453 1719 3468 1733 .
3527 1675 3627 1730 Καὶ
3703 1674 3801 1730 οὕ-

2143 1785 2222 1818 τω
2284 1765 2379 1837 μὶν
2441 1766 2468 1819 ὁ
2525 1765 2701 1828 πολύς
2759 1767 3044 1840 ἄνθρωπος
3102 1764 3218 1842 ἔχει
3273 1763 3435 1838 δόξης
3513 1763 3640 1840 περί
3711 1763 3810 1819 αὐ-

2146 1872 2252 1908 των
2265 1896 2278 1911 .

992 1906 1187 1911 _____--

453 1945 508 1998 7.
542 1942 648 2006 Qui
679 1960 814 1998 vero
845 1944 1179 1999 accuratius
1211 1948 1268 1999 et
1309 1943 1648 2016 diligentius
1679 1945 1751 2001 de
1781 1945 1873 2000 his
1901 1962 2038 2000 con-

2228 1944 2286 2012 ζ’.
2347 1944 2409 1996 Οἱ
2468 1940 2514 1997 δ’
2546 1942 3020 2020 έξεταστικώτερον
3078 1943 3202 2018 περὶ
3256 1942 3464 1999 τούτων
3517 1938 3815 2016 διασκεψά-

385 2033 724 2089 siderarunt
756 2032 1161 2104 propriissime
1191 2033 1727 2105 (principalissime)
1759 2038 1816 2089 et
1853 2034 2042 2105 primo

385 2126 443 2177 et
474 2121 725 2176 maxime
758 2122 1120 2176 substantias
1151 2139 1278 2193 qua:
1304 2139 1500 2178 revera
1531 2124 1670 2179 sint.
1705 2141 1819 2178 non
1851 2124 2042 2179 dican-

385 2214 502 2280 tur,
559 2209 781 2280 species
831 2210 1291 2281 specialissimas
1342 2213 1796 2282 pronuntiarunt
1847 2231 1860 2268 :
1908 2230 2047 2284 pro-

388 2299 686 2370 priissime
719 2299 954 2370 quidem
991 2301 1147 2370 quod
1204 2300 1651 2371 intelligibiliter
1681 2303 1965 2357 exsistant
1993 2306 2049 2356 et

389 2404 629 2443 sensum
663 2388 1092 2442 transcendant
1123 2388 1537 2460 (intelligibilia
1567 2392 1719 2445 169
1747 2391 1904 2446 enim
1933 2407 2049 2446 me-

388 2475 536 2531 liora
565 2480 623 2530 et
649 2476 836 2548 magis
869 2478 1106 2548 propria
1137 2477 1542 2548 sensibilibus)
1568 2498 1580 2546 ;
1605 2480 1794 2551 primo
1827 2485 2049 2541 autem.

394 2569 459 2620 ut
506 2581 634 2636 qua:
686 2566 876 2635 primo
939 2583 1144 2621 omnes
1198 2567 1556 2622 differentias
1605 2567 1946 2624 essentiales
1998 2573 2054 2623 et

397 2653 632 2726 propria
699 2653 1000 2725 recipiant,
1062 2660 1120 2710 et
1174 2655 1295 2710 haec
1354 2658 1552 2712 omnia
1630 2661 2056 2730 consequenter

397 2743 718 2797 individuis
779 2760 811 2796 a
867 2759 929 2798 se
988 2743 1327 2814 impertiant
1379 2749 1468 2815 (ex
1522 2745 1836 2800 universali
1895 2745 2054 2801 enim

399 2831 637 2886 homine
665 2835 722 2886 et
754 2835 957 2887 Petrus
989 2831 1164 2887 homo
1195 2832 1491 2902 dicitur,et
1518 2833 1739 2889 animal
1769 2833 2056 2908 rationale

400 2920 646 2976 mortale
693 2920 1094 2993 intelligentiae
1123 2926 1180 2977 et
1218 2922 1471 2977 scientiae
1521 2924 1724 2994 capax)
1756 2940 1769 2979 :
1805 2925 2056 2978 maxime

397 3008 670 3080 denique,
697 3013 762 3064 ut
792 3026 918 3080 quae
952 3009 1315 3066 alterationis
1346 3016 1608 3082 expertes
1640 3016 1697 3066 et
1728 3012 1971 3068 stabiles
1999 3016 2056 3068 et

399 3114 633 3170 semper
663 3097 800 3163 sint,
836 3115 969 3153 cum
1017 3099 1322 3155 individua
1352 3101 1677 3156 alterentur
1705 3105 1763 3156 et
1806 3101 2053 3156 instabi-

398 3186 477 3242 lia
508 3186 647 3254 sint,
682 3191 738 3242 et
769 3186 913 3242 alias
943 3187 1060 3244 alia
1087 3193 1443 3260 generentur
1471 3195 1529 3245 et
1575 3195 2048 3262 corrumpantur.

469 3274 695 3331 8.Unde
725 3276 899 3331 etiam
933 3276 1016 3331 illi
1047 3279 1149 3348 qui
1179 3295 1374 3333 veram
1408 3278 1840 3351 philosophiam
1861 3279 2048 3351 inqui-
2079 3271 2124 3340 C

403 3363 687 3432 siverunt,
717 3380 1200 3437 unamquamque
1231 3365 1558 3437 specierum
1602 3367 2059 3438 specialissima-

403 3468 536 3506 rum
596 3453 990 3508 substantiam
1049 3458 1106 3508 et
1169 3460 1438 3511 naturam
1471 3455 1648 3511 simul
1698 3461 1755 3511 et
1808 3457 2056 3513 formam

403 3545 734 3608 vocarunt;
799 3542 1211 3608 substantiam,
1274 3547 1338 3599 ut
1395 3561 1526 3616 quae
1582 3561 1814 3617 semper
1868 3546 1947 3602 sit
2003 3551 2061 3602 et

408 3646 711 3701 nunquam
746 3636 1190 3703 corrumpatur:
1217 3637 1581 3704 naturam,ut
1611 3651 1741 3705 quae
1769 3636 2059 3708 germinet

403 3721 529 3792 (seu
579 3721 881 3791 producat)
914 3721 1280 3793 hypostases,
1320 3728 1378 3778 et
1426 3723 1781 3796 principium
1812 3728 1870 3781 et
1915 3743 2057 3781 cau-

401 3826 498 3865 sas
545 3816 602 3863 et
643 3809 730 3864 vis
783 3810 1167 3879 immutabilis
1219 3813 1494 3898 omnibus
1545 3815 1654 3869 sub
1703 3830 1765 3869 se
1817 3820 2054 3870 conten-

398 3897 476 3953 tis
533 3898 958 3970 hypostasibus
1025 3901 1290 3963 exsistat,
1350 3906 1408 3956 et
1465 3902 1622 3956 hunc
1678 3901 1737 3956 in
1815 3904 2056 3959 modum

399 3988 615 4042 moveri
651 3989 833 4042 cuivis
884 3987 1118 4043 illarum
1157 3990 1410 4062 praebeat
1444 4007 1456 4044 :
1491 3993 1738 4047 formam
1781 3992 2054 4064 denique,

396 4077 552 4147 quod
588 4077 922 4147 speciﬁcata
953 4079 1029 4132 sit
1059 4083 1115 4133 et
1166 4081 1415 4134 lormata
1446 4081 1862 4137 essentialibus
1887 4082 2050 4138 diffe-

394 4166 602 4220 rentiis
654 4170 710 4220 et
765 4167 1016 4237 propriis
1065 4184 1242 4238 quam
1311 4169 1755 4240 perfectissime,
1813 4174 1871 4225 et
1916 4172 2048 4226 uni-

390 4271 589 4309 versas
623 4255 976 4311 formaturas
1013 4273 1113 4311 seu
1149 4256 1516 4313 characteres
1547 4275 1748 4314 eorum
1780 4275 1908 4330 qua
1939 4261 2048 4316 sub

388 4342 519 4415 ipsa
551 4348 711 4414 sunt,
746 4344 1224 4416 comprehendat.

457 4434 511 4487 9.
549 4433 854 4488 Individua
902 4437 1120 4505 autem,
1151 4437 1630 4508 I70;quatenus
1681 4444 1878 4510 partes
1910 4447 2051 4497 sunt

386 4522 877 4593 substantiarum,
937 4528 1179 4579 eatenus
1230 4525 1405 4580 etiam
1478 4527 1823 4582 substantiae
1879 4546 2044 4584 voca-

387 4611 629 4665 buntur.
660 4611 805 4666 Nam
837 4617 894 4667 et
927 4613 1087 4668 Plato
1132 4614 1402 4670 homines
1435 4617 1817 4688 particulares
1850 4618 2043 4673 homi-

388 4701 482 4755 nis
531 4700 717 4755 frusta
767 4701 893 4772 (seu
944 4701 1284 4774 particulas)
1333 4721 1461 4760 esse
1513 4705 1730 4777 inquit.
1786 4707 1944 4762 Unde
1989 4714 2047 4764 et

383 4790 590 4845 Petrus
631 4791 867 4862 quidem
919 4796 1008 4846 est
1041 4793 1392 4861 substantia,
1426 4799 1483 4849 et
1519 4795 1738 4852 Paulus
1785 4803 1875 4852 est
1906 4798 2044 4853 sub-

384 4879 740 4935 stantia.Sed
767 4878 1002 4951 utrique
1029 4880 1203 4938 etiam
1227 4883 1492 4953 ejusdem
1515 4888 1655 4940 sunt
1677 4885 2044 4945 substantia.

2158 2054 2308 2104 μενοι
2381 2033 2689 2108 κυριώτατα
2761 2034 2851 2087 καὶ
2927 2033 3162 2109 πρώτως
3237 2032 3327 2087 καὶ
3400 2030 3640 2104 μάλιστα
3694 2032 3822 2086 κατ’

2154 2120 2413 2191 ἀλήθειαν
2468 2121 2653 2183 οὐσίας
2711 2119 2871 2184 οὔσας
2931 2121 2992 2177 οὐ
3049 2119 3348 2197 λεγομένας
3391 2122 3461 2176 τὰ
3489 2118 3822 2176 εἰδικώτατα

2159 2209 2354 2288 ἔφασαν
2414 2208 2557 2281 εἷ’δη⁹
2611 2212 2920 2287 κυριώτατα
2981 2211 3099 2284 μὶν,
3161 2208 3252 2265 διὰ
3294 2211 3358 2265 τὸ
3396 2215 3610 2281 νοητῶς
3644 2210 3822 2284 ὑπάρ-

2161 2320 2279 2375 χειν
2327 2300 2423 2354 -καὶ
2487 2295 2823 2376 ὑπερϐαίνειν
2898 2301 2996 2369 τὴν
3056 2297 3302 2370 αἴσθησιν
3339 2343 3353 2356 .
3411 2299 3654 2377 Κρείττω
3713 2299 3824 2375 γὰρ

2159 2387 2247 2444 καί
2278 2390 2583 2465 κυριώτερα
2627 2394 2736 2444 τῶν
2787 2389 3058 2460 αἰσθητῶν
3101 2389 3169 2443 τὰ
3214 2389 3405 2459 νοητά.
3455 2389 3700 2464 Πρώτως
3743 2385 3826 2461 δὲ,

2162 2479 2237 2540 ὡς
2287 2479 2525 2554 πρώτως
2586 2477 2976 2554 ἐπιδεδεγμένα
3022 2477 3196 2541 πάσας
3243 2479 3341 2537 τὰς
3385 2475 3671 2540 οὐσιώδεις
3702 2474 3824 2532 δια-

2161 2568 2330 2646 φοράς
2385 2569 2473 2622 καὶ
2523 2569 2590 2622 τὰ
2644 2566 2775 2637 ἴδια,
2809 2567 2898 2623 καὶ
2953 2566 3160 2623 τούτων
3197 2566 3411 2622 πάντων
3465 2563 3829 2639 μεταδιδόντα

2160 2661 2276 2718 τοῖς
2307 2651 2534 2730 ἀτόμοις
2588 2657 2821 2732 ὑστέρως
2868 2656 2958 2734 ἀφ’
3005 2657 3230 2712 ἑαυτῶν.
3283 2657 3376 2711 Ἐκ
3416 2655 3521 2731 γὰρ
3567 2658 3666 2709 τοῦ
3720 2675 3825 2710 κα-

2162 2745 2330 2801 θόλου
2387 2746 2672 2821 ἀνθρώπου
2728 2747 2818 2801 καὶ
2873 2747 2901 2801 ὁ
2960 2745 3161 2821 Πέτρος
3220 2743 3502 2820 ἅνθρωπος
3560 2742 3832 2819 λέγεται,

2163 2835 2252 2889 καὶ
2288 2839 2422 2904 ζῶον
2473 2833 2696 2910 λογικὸν
2747 2835 2963 2906 θνητὸν,
3013 2839 3108 2888 νοῦ
3155 2835 3245 2888 καὶ
3295 2832 3604 2906 ἐπιστήμης
3651 2831 3833 2888 δεκτι-

2162 2925 2278 2980 κόν·
2338 2923 2575 2997 μάλιστα
2633 2921 2690 2978 δὲ
2748 2923 2822 2986 ὡς
2890 2922 3230 2979 ἐναλλοίωτα
3280 2923 3371 2978 καὶ
3434 2922 3668 2994 στάσιμα
3732 2923 3833 2978 καὶ

2167 3014 2248 3069 ἀεὶ
2307 3012 2434 3068 ὅντα
2492 3019 2598 3070 τῶν
2655 3013 2875 3087 ἀτόμων
2935 3011 3208 3074 παντοίως
3265 3009 3684 3084 ἀλλοιουμένων
3733 3015 3834 3068 καὶ

2163 3102 2541 3158 ἀπατούντων
2577 3149 2592 3175 ,
2649 3101 2739 3156 καὶ
2816 3099 3021 3158 ἄλλοτε
3077 3099 3263 3158 ἄλλων
3338 3101 3674 3178 γιγνομένων
3735 3103 3836 3158 καί

2167 3191 2557 3268 φθειρομένων.

2233 3282 2304 3350 η’.
2338 3283 2492 3345 Ὅθεν
2543 3280 2634 3334 καὶ
2684 3281 2736 3334 οἱ
2785 3281 2887 3350 τήν
2938 3277 3119 3350 ἀληθῆ
3173 3277 3498 3358 φιλοσοφίαν
3561 3281 3838 3351 ζητήσαν-

2168 3389 2255 3432 τες
2311 3367 2365 3422 ’ὲν
2427 3365 2650 3424 ἕκαστον
2698 3373 2805 3423 τῶν
2866 3366 3229 3423 εἰδικωτάτων
3285 3365 3443 3422 εἰδῶν
3503 3366 3688 3422 οὐσίαν
3733 3368 3835 3423 καὶ

2170 3458 2326 3535 φύσιν
2388 3455 2643 3512 ἐκάλεσαν
2699 3457 2840 3530 ὁμοῦ
2897 3457 2987 3510 καὶ
3049 3458 3284 3534 μορφήν·
3342 3454 3550 3528 οὐσίαν,
3609 3455 3686 3518 ὡς
3735 3454 3834 3512 οὗ-

2169 3569 2262 3602 σαν
2296 3548 2400 3618 ἀεὶ,
2430 3545 2519 3601 καὶ
2568 3543 2844 3619 μηδέποτε
2896 3545 3277 3624 φθειρομένηψ
3331 3543 3511 3623 φύσιν,
3551 3545 3628 3607 ὡς
3656 3543 3835 3624 φύου-

2169 3657 2262 3691 σαν
2309 3637 2404 3698 τὰς
2456 3636 2798 3707 ὑποστάσεις,
2848 3635 2938 3690 καὶ
2985 3635 3166 3712 ἀρχὴν
3215 3634 3304 3689 καὶ
3351 3634 3525 3690 αἰτίαν
3583 3634 3674 3690 καί
3734 3631 3834 3690 δύ-

2165 3747 2324 3798 ναμιν
2385 3719 2774 3798 ἀμετάϐλητον.
2827 3725 3026 3786 πάσαις
3080 3729 3199 3786 ταῖς
3249 3723 3338 3778 ὐπ’
3387 3723 3553 3792 αὐτὴν
3587 3723 3832 3778 ὑποστά-

2167 3836 2309 3870 σεσιν
2358 3813 2730 3890 ὑπάρχουσαν,
2785 3814 2874 3868 καὶ
2924 3813 2986 3868 τὸ
3033 3815 3292 3868 κινεῖσθαι
3338 3809 3568 3868 τοιῶσδε
3613 3811 3835 3868 τούτων

2166 3904 2361 3978 ἑκάστῃ
2418 3903 2784 3980 παρέχουσαν·
2844 3903 3060 3980 μορφὴν
3093 3899 3170 3973 δὲ,
3231 3899 3319 3957 διὰ
3360 3903 3425 3957 τὸ
3473 3898 3834 3972 εἴδοποιηθῆ-

2163 4013 2249 4046 ναι
2310 3992 2399 4047 καὶ
2449 3995 2802 4070 μορφωθῆναι
2861 3997 2978 4054 ταῖς
3039 3989 3325 4047 οὐσιώδεσι
3373 3989 3682 4070 διαφοραῖς,
3729 3993 3830 4047 καὶ

2162 4087 2279 4144 τοῖς
2313 4079 2474 4144 ἰδίοις
2523 4082 2599 4144 ὡς
2654 4079 3025 4154 ἐντελέστατα,
3055 4080 3144 4136 καὶ
3188 4085 3294 4136 τῶν
3328 4078 3473 4136 ὅλων
3511 4079 3826 4160 μορφωμά-

2162 4193 2270 4226 των
2303 4173 2408 4225 τῶν
2445 4171 2532 4225 ὑπ’
2579 4169 2772 4242 αὐτὴν,
2813 4167 2941 4240 ἤτοι
2969 4173 3077 4224 τῶν
3123 4172 3487 4246 χαρακτήρων
3521 4169 3657 4224 εἶναι
3685 4167 3828 4224 συλ-

2162 4261 2454 4331 ληπτικήν.

2234 4441 2298 4498 θ’.
2331 4441 2407 4494 Τὰ
2437 4436 2482 4492 δ’
2512 4435 2692 4511 ἄτομα
2735 4438 2868 4502 καθὸ
2913 4437 3052 4513 μέρη
3104 4436 3324 4508 οὐσιῶν,
3357 4435 3494 4492 κατᾶ
3537 4440 3701 4493 τοῦτο
3730 4438 3828 4494 καὶ

2161 4527 2338 4583 οὐσίαι
2375 4526 2770 4596 κληθήσονται.
2804 4525 2902 4581 Καὶ
2940 4525 3170 4582 Πλάτων
3202 4527 3306 4602 γὰρ
3336 4525 3462 4587 τοὺς
3491 4526 3628 4581 κατὰ
3659 4527 3828 4603 μέρος

2161 4618 2484 4694 ἀνθρώπους
2516 4617 2804 4692 ἀνθρώπου
2855 4615 3097 4690 κέρματά
3126 4605 3464 4694 φησιν”ὅθεν
3496 4615 3588 4670 καὶ
3616 4615 3828 4688 Πέτρος

2167 4707 2260 4779 μὲν
2291 4705 2446 4759 οὐσία
2477 4703 2609 4776 ἐστὶ,
2657 4704 2746 4761 καὶ
2797 4702 3013 4767 Παῦλος
3061 4703 3217 4760 οὐσία
3263 4703 3427 4774 ἐστὶν,
3479 4702 3605 4761 ἀλλ’
3635 4703 3827 4768 οὐσίας

2161 4801 2286 4868 μιᾶς
2315 4794 2406 4849 καὶ
2431 4793 2753 4872 ἀμφότεροι.

1613 5105 1822 5174 Σχῆμα
1856 5101 2050 5178 κεφαλ.
2090 5105 2172 5172 ιθ¹,
2203 5103 2326 5178 περὶ
2359 5099 2564 5161 οὐσίας.

656 5277 700 5325 Η
732 5272 888 5327 Osca.
1156 5242 1175 5330 ξ
1235 5241 1270 5308 ἡ
1305 5237 1772 5330 ἀπλῶξέλῑταρξιςς

1235 5311 1436 5387 κυρίως
1471 5311 1528 5368 δὲ
1625 5310 2105 5394 ἀν’τιδιαιρουμένη
2137 5320 2254 5379 τοῖς
2285 5310 2679 5389 συμϐεϐηκόσι.
