2063 3229
148 219 208 249 823

778 216 990 249 NICEPHOBI
1012 215 1233 246 BLEMMIDJE

1799 212 1861 244 824

184 285 211 313 3.
229 285 261 312 In
277 284 409 320 subjecto
434 286 532 312 autem
556 284 640 321 (esse)
666 284 784 317 dicitur,
810 284 889 320 quod
908 292 975 311 cum

1068 282 1101 319 γ’.
1132 282 1175 309 ’Ev
1202 280 1372 318 ὑποκειμένῳ
1398 279 1427 308 δὲ
1455 279 1574 318 λέγεται,
1603 278 1660 308 ’ὀὲν
1683 290 1738 307 τινι
1761 279 1799 315 μὴ
1822 279 1861 310 ὡς

150 329 180 357 in
198 329 298 365 aliquo
314 330 353 357 sit
368 338 427 357 non
438 332 470 357 ut
481 338 559 365 pars,
571 329 754 365 impossibile
765 332 809 357 est
824 337 889 357 esse
903 336 978 356 seor-

151 374 209 402 sim
227 374 264 401 ab
279 382 312 402 eo
328 374 358 401 in
374 382 431 410 quo
447 376 501 409 est,
518 375 695 410 quandoque
710 374 746 402 ab
762 382 794 401 eo
816 374 846 401 in
862 382 919 409 quo
934 375 979 401 est

152 418 328 455 cogitatione
342 427 393 446 seu
412 419 528 447 notione
541 419 649 446 mentis
662 421 830 454 separatum
845 427 903 446 non
919 426 980 445 cor-

153 462 265 499 rumpit
279 463 388 499 ipsum.
405 464 465 491 Hoc
480 465 579 491 autem
595 465 640 491 est
661 463 807 491 accidens.
824 462 910 490 Omni
925 462 979 498 igi-

151 509 200 536 tur
215 508 331 543 proprie
346 507 466 543 quidem
483 508 566 535 dicta;
583 507 753 536 substantia
768 507 908 543 competit
921 515 979 534 non

151 561 215 580 esse
232 552 261 579 in
277 552 419 587 subjecto.

188 597 214 624 4.
231 599 293 624 Non
311 597 364 624 soli
380 599 477 624 tamen
494 597 732 630 substantim,sed
746 597 832 624 etiam
844 596 981 625 substan-

151 641 215 669 tiali
231 641 410 668 differentize.
423 642 536 668 Etenim
551 645 578 668 et
594 642 652 668 haec
664 650 721 668 non
733 644 776 668 est
792 642 819 668 in
836 641 978 676 subjecto.

153 687 250 721 Neque
274 686 352 713 enim
377 686 405 712 in
434 686 551 713 homine
576 686 728 719 rationale,
748 689 777 713 ut
802 686 831 713 in
848 685 981 721 subjecto

152 730 274 765 exsistit,
290 731 339 757 sed
358 733 388 757 ut
405 739 481 765 pars.
499 730 525 756 Si
544 731 621 757 enim
649 733 681 757 ut
706 730 734 757 in
760 731 890 765 subjecto
905 729 980 757 exsi-

154 777 253 808 steret,
272 775 333 801 fieri
349 777 448 809 posset
466 777 497 801 ut
512 775 547 801 ali
565 775 683 802 homine
700 775 983 810 separaretur,174

153 822 183 847 et
196 819 282 846 homo
299 819 492 846 nihilominus
516 820 602 846 homo
620 822 760 847 maneret.
778 820 860 846 Nunc
884 821 982 847 autem

153 864 208 891 hoc
224 872 280 891 non
294 866 349 890 est.
368 864 397 890 Si
414 864 492 890 enim
507 863 648 891 rationale
670 865 704 891 ab
720 864 837 891 homine
851 864 982 891 ablatum

154 908 250 941 fuerit,
269 917 351 935 corru
358 917 384 935 m
390 908 467 943 pitur
482 908 580 935 homo.

1035 326 1118 362 μέρος
1158 325 1280 364 ὑπάρχον
1297 349 1305 361 ,
1334 324 1463 352 ἀδύνατον
1492 325 1580 363 χωρὶς
1610 324 1678 352 εἶναι
1706 326 1755 351 τοῦ
1785 323 1810 351 ἐν
1838 324 1862 360 ᾧ

1033 370 1098 398 ἐστι·
1121 370 1166 398 καὶ
1190 371 1205 398 ὃ
1227 372 1275 397 τοῦ
1302 369 1327 397 ἐν
1345 371 1368 406 ᾦ
1385 369 1455 397 ἐστιν
1479 369 1586 405 ἐπινοίᾳ
1609 369 1808 407 χωριζόμενον,
1829 368 1861 396 οὐ

1033 410 1137 454 ιρθείρει
1153 413 1228 443 αὐτό.
1244 417 1328 442 Τοῦτο
1343 413 1373 442 δέ
1396 414 1453 442 ἐστι
1466 415 1497 442 τὸ
1518 411 1704 451 συμϐεϐηκός.
1720 414 1796 450 Πάσῃ
1813 414 1862 450 μὲν

1034 460 1079 487 οὖν
1095 462 1129 497 τῇ
1145 460 1247 498 κυρίως
1271 459 1350 495 οὐσίᾳ
1372 459 1499 497 πρόσεστι
1522 459 1553 486 τὸ
1571 459 1618 495 μὲν
1642 457 1667 486 ἐν
1689 457 1862 495 ὑποκειμένῳ

1034 504 1113 533 εἶναι.

1072 594 1102 623 δ’.
1120 594 1156 622 Οὐ
1174 594 1241 632 μόνῃ
1257 593 1286 622 δὲ
1300 595 1335 631 τῇ
1351 593 1436 629 οὐσίᾳ⁷
1454 593 1527 622 ἀλλὰ
1547 593 1592 621 καὶ
1606 594 1640 630 τῇ
1661 591 1787 621 οὐσιώδιι
1803 591 1864 621 δια-

1036 642 1115 680 φορᾷ
1140 638 1185 667 καὶ
1211 638 1279 673 αὕτη
1304 638 1356 676 γὰρ
1377 638 1427 665 οὐκ
1447 639 1473 665 έν
1500 637 1670 675 ὑποκειμένῳ
1691 637 1771 666 ἐστίν.
1793 636 1865 665 Οὐδὶ

1036 685 1088 722 γὰρ
1117 684 1154 715 ὡς
1184 683 1210 711 ἐν
1249 683 1420 720 ὑποκειμένῳ
1448 683 1565 721 ὑπάρχει
1598 685 1638 719 τῷ
1667 682 1803 721 ἀνθρώπῳ
1829 683 1864 711 τὸ

1036 728 1162 767 λογικὸν,
1188 727 1251 756 ἀλλ’
1276 728 1313 759 ὡς
1340 727 1432 766 μέρος.
1457 727 1491 755 Εἴ
1512 727 1563 766 γὰρ
1590 727 1628 758 ὡς
1653 727 1680 755 ἐν
1693 727 1866 764 ὑποκειμένῳ

1038 774 1156 812 ὑπῆρχε,
1187 772 1296 800 δυνατὸν
1328 774 1360 806 ἦν
1391 772 1420 799 ἃν
1450 772 1614 810 χωρίζεσθαι
1642 774 1691 799 τοῦ
1720 772 1866 810 ἀνθρώπου

1036 818 1081 845 καὶ
1123 816 1207 854 μηδὲν
1246 818 1327 851 ἦττον
1369 815 1511 854 ἄνθρωπον
1552 816 1640 853 μένειν
1677 815 1722 844 τὸν
1762 814 1867 854 ἄνθρω-

1037 874 1100 890 πον.
1117 865 1170 890 Νῦν
1194 861 1223 889 δὲ
1245 864 1326 889 τοῦτο
1349 861 1399 889 οὐκ
1413 860 1495 889 ἔστιν.
1512 861 1543 889 Εἰ
1568 861 1619 899 γὰρ
1645 861 1800 900 ἀφαιρεθείη
1815 863 1867 889 τοῦ

1039 908 1183 946 ἀνθρώπου
1195 907 1227 934 τὸ
1242 905 1363 944 λογικὸν,
1380 906 1394 933 6
1407 904 1549 943 ἅνθρωπος
1562 905 1709 945 φθείρεται.

190 962 217 989 5.
234 963 393 989 Commune
409 964 453 989 est
469 962 640 989 substantize
658 965 686 989 et
702 962 871 989 differentia
895 961 983 989 etiam

1074 961 1102 988 ε’.
1119 961 1214 988 Κοινὸν
1237 959 1327 990 οὐσίας
1348 959 1394 986 καὶ
1419 958 1548 998 διαφορᾶς
1576 958 1621 986 καὶ
1645 959 1676 986 τὸ
1697 958 1866 995 συνωνύμως

156 1006 211 1033 hoc
230 1015 235 1033 :
258 1006 379 1033 univoce
395 1006 452 1033 dici
468 1015 649 1041 qumcunque
665 1009 734 1034 sunt
759 1007 812 1033 sub
830 1006 914 1042 ipsis.
932 1006 983 1034 Pe-

157 1053 221 1078 trus
237 1050 314 1078 enim
335 1051 422 1078 etiam
449 1059 554 1078 nomen
579 1054 607 1078 et
632 1051 832 1079 definitionem
855 1051 984 1079 nominis

159 1096 272 1131 recipit.
405 1089 410 1094 ’

193 1141 220 1167 6.
243 1141 277 1167 Et
304 1148 371 1167 vero
402 1140 542 1167 rationale
568 1143 688 1167 vocatur
716 1140 781 1176 ipsa
810 1140 982 1175 differentia,

159 1185 215 1212 hoc
242 1186 296 1216 est,
324 1185 384 1212 haec
416 1185 609 1212 rationalitas.
641 1186 696 1213 Sed
734 1188 761 1212 et
800 1185 900 1213 Petrus
935 1194 984 1213 vo-

158 1232 241 1256 catur
253 1229 393 1256 rationale
410 1232 555 1264 quatenus
571 1233 615 1256 est
631 1230 740 1257 animal
757 1229 984 1258 rationalitatem

158 1273 348 1309 participans.
365 1274 424 1300 Etsi
442 1276 539 1300 autem
557 1274 644 1301 etiam
671 1274 871 1301 definitionem
896 1274 984 1303 ratio-

157 1317 288 1345 nalitatis
306 1318 409 1345 Petrus
425 1318 566 1345 invariate
591 1327 648 1345 non
674 1318 776 1354 recipit
792 1318 985 1354 (rationalitas

157 1363 235 1390 enim
252 1362 371 1397 quidem
388 1365 432 1389 est
448 1362 571 1390 facultas
589 1363 689 1390 utendi
717 1363 828 1390 ratione
845 1372 851 1391 :
882 1363 984 1391 Petrus

158 1408 256 1434 autem
272 1409 316 1434 est
332 1407 440 1434 animal
458 1408 532 1442 quod
553 1408 645 1434 utitur
661 1408 794 1443 ratione),
813 1416 870 1435 non
884 1409 984 1436 tamen

157 1453 202 1479 est
231 1451 410 1478 mirandum.
435 1452 546 1479 Dicitur
571 1452 649 1479 enim
675 1453 832 1480 univocum
855 1454 884 1480 et
906 1453 984 1489 quod

159 1504 266 1523 nomen
296 1504 329 1523 ac
359 1496 558 1523 definitionem
590 1497 730 1532 impertit.
760 1497 871 1524 Dicitur
898 1505 984 1533 porro

159 1540 248 1568 etiam
273 1540 301 1567 id
327 1541 403 1575 quod
428 1543 542 1568 tantum
564 1541 599 1568 ad
620 1542 820 1569 exsistentiam
836 1541 983 1569 conducit.

159 1585 202 1612 Ita
218 1585 296 1612 enim
310 1585 397 1612 etiam
412 1585 581 1612 Aristoteles
596 1586 725 1613 animam
749 1586 783 1613 de
798 1585 919 1614 animali
935 1586 984 1613 uni

159 1637 228 1657 voce
244 1630 393 1665 pradicari
411 1630 516 1665 inquit,
529 1630 666 1664 quoniam
683 1631 716 1657 ad
735 1631 827 1666 ipsius
843 1630 984 1659 exsistan-

159 1674 233 1702 tiam
250 1674 361 1701 confert
377 1683 383 1701 ι
405 1675 523 1701 tametsi
541 1683 634 1710 neque
651 1684 756 1702 nomen
771 1684 865 1711 neque
881 1675 984 1703 deﬁni-

160 1718 271 1746 tionem
288 1718 408 1745 animali
425 1719 583 1754 impertiat.
597 1719 774 1746 Prmdicatur
790 1722 887 1747 autem
903 1719 986 1747 diffe-

161 1763 255 1790 rentia
271 1763 392 1790 univoce
409 1764 443 1790 de
460 1763 494 1790 iis
509 1772 573 1799 qua:
589 1764 643 1791 sub
662 1764 725 1799 ipsa
740 1766 819 1791 sunt.

195 1816 222 1843 7.
240 1816 273 1843 Et
298 1817 392 1850 quoad
418 1817 492 1844 hanc
517 1818 658 1845 rationem
684 1818 848 1845 differentia
871 1817 987 1846 etiamsi

161 1860 289 1896 qualitas
305 1869 369 1888 esse
393 1864 523 1896 apparet,
540 1870 597 1888 non
622 1864 719 1889 tamen
747 1863 821 1890 175
848 1864 893 1890 est
915 1862 986 1890 sim-

161 1904 277 1941 pliciter
290 1905 426 1940 qualitas,
445 1906 494 1933 sed
513 1906 637 1941 qualitas
654 1907 820 1934 essentialis
832 1915 895 1942 quas
906 1906 988 1934 nulla

162 1949 337 1985 cogitatione
352 1950 388 1977 ab
405 1959 437 1977 eo
456 1950 482 1977 in
500 1959 557 1986 quo
574 1953 617 1978 est
632 1951 760 1986 separari
778 1954 883 1987 potest,
898 1951 988 1979 veluti

163 1994 355 2021 rationalitas.
370 1994 631 2022 Considerantibus
643 1996 721 2022 enim
733 2005 796 2023 eam
807 1996 891 2023 nobis
907 1998 987 2024 ante-

162 2047 250 2074 quam
268 2047 333 2065 cum
352 2039 468 2066 animali
487 2040 675 2075 congreditur
690 2042 718 2067 et
732 2040 881 2068 hominem
902 2040 988 2076 perﬁ-

159 2085 207 2117 cit,
235 2084 308 2110 fortc
335 2083 398 2110 sola
425 2086 452 2110 et
483 2084 561 2111 nuda
591 2084 717 2119 qualitas
741 2084 865 2121 intelligi
889 2087 988 2120 queat,

159 2136 332 2163 quanquam
362 2131 423 2155 tum
456 2129 544 2155 etiam
584 2137 722 2164 magnam
760 2130 818 2156 vim
855 2129 987 2165 habens;

159 2174 351 2207 posteaquam
369 2174 465 2199 autem
484 2180 551 2199 cum
568 2172 689 2199 animali
711 2181 868 2208 congressa
890 2175 944 2204 est,
961 2175 989 2201 et

159 2217 310 2244 hominem
326 2217 432 2248 effecit,
446 2219 508 2243 tum
521 2218 641 2251 sane(ut
653 2217 691 2244 ita
700 2217 817 2251 dicam),
830 2217 859 2244 in
869 2217 988 2246 homine

159 2261 357 2289 substantiata
374 2261 446 2295 (sive
463 2261 491 2287 in
509 2261 639 2288 hominis
656 2261 852 2288 substantiam
868 2269 987 2289 conver-

159 2305 203 2340 sa)
219 2308 283 2338 est;
301 2314 354 2332 nec
369 2306 456 2332 homo
474 2305 634 2340 quidquam
651 2306 729 2332 aliud
747 2309 791 2333 est
815 2314 904 2341 quam
925 2307 987 2333 ani-

162 2350 221 2378 mal
238 2359 304 2377 cum
322 2350 527 2377 rationalitate.
545 2351 616 2377 Cum
643 2351 732 2385 igitur
756 2350 936 2378 rationalitas
952 2350 988 2377 ab
1006 2341 1026 2372 D

162 2395 282 2422 homine
298 2395 416 2422 omnino
434 2394 521 2421 etiam
538 2396 631 2429 quoad
650 2395 743 2429 ipsam
761 2395 868 2422 mentis
891 2394 989 2422 notio-

163 2448 230 2467 nem
260 2440 322 2474 (seu
352 2439 569 2474 cogitationem)
591 2440 628 2466 sit
657 2439 872 2474 inseparabilis,
901 2439 988 2466 homo

162 2486 260 2512 autem
284 2484 319 2511 de
344 2484 426 2511 Pelro
453 2483 573 2511 univoce
597 2484 780 2519 praedicetur,
806 2486 835 2511 et
858 2483 988 2511 hominis

161 2528 344 2556 rationalitas
361 2529 395 2555 de
412 2528 494 2555 Petro
511 2529 632 2555 univoce
653 2528 775 2555 dicetur.
792 2528 988 2561 Quemadmo-

161 2573 232 2601 dum
248 2573 326 2600 enim
343 2573 456 2608 species
472 2573 647 2608 praedicatur
662 2574 697 2600 dc
713 2573 821 2608 aliquo,
839 2572 880 2600 ita
899 2573 935 2600 de
954 2581 987 2600 eo

161 2625 229 2645 cum
245 2617 341 2652 specie
357 2626 455 2644 revera
472 2617 678 2652 przedicabitur
702 2618 790 2644 etiam
813 2617 985 2645 differentia.

160 2661 275 2689 Etenim
291 2662 397 2697 speciei
414 2664 457 2689 est
472 2662 682 2697 cognatissima
702 2665 730 2689 et
752 2662 871 2689 omnino
895 2661 931 2688 ab
954 2670 988 2689 ea

160 2706 278 2742 seiungi
293 2706 404 2741 nequit,
421 2709 450 2733 et
459 2706 521 2734 sine
536 2706 599 2742 ipsa
607 2707 718 2742 species
730 2715 765 2738 ne
776 2706 855 2734 brevi
867 2706 986 2742 quidem

159 2753 308 2778 momento
325 2750 488 2778 subsistere
503 2754 608 2786 potest.

195 2794 222 2820 8.
241 2793 382 2821 Primario
398 2795 489 2830 igitur
503 2795 675 2822 substantiae
691 2797 718 2822 et
733 2795 903 2823 differentiae
917 2803 985 2823 con-

158 2838 239 2865 venit
266 2838 363 2866 oznnia
387 2839 422 2866 ab
452 2839 493 2866 eis
524 2839 643 2866 univoce
672 2839 835 2874 praedicari.
859 2840 897 2867 At
920 2847 986 2867 vero

160 2881 251 2910 etiam
268 2882 295 2908 in
312 2883 513 2911 accidentibus
528 2885 546 2911 Ι
557 2884 604 2910 78
620 2891 727 2919 genere
745 2884 779 2911 de
799 2884 863 2912 suis
878 2883 987 2920 specie-

1040 1005 1163 1044 λέγεσθαι
1201 1005 1289 1032 πάντα
1324 1004 1357 1031 τὰ
1391 1004 1435 1031 ὑπ’
1471 1003 1558 1031 αὐτῶν
1577 1025 1583 1031 .
1616 1004 1645 1031 '0
1680 1003 1781 1042 Πέτρος
1811 1004 1866 1041 γὰρ

1039 1050 1131 1078 καὶτὸ
1148 1047 1236 1086 ὄνομα
1257 1051 1307 1077 τοῦ
1331 1048 1475 1086 ἀνθρώπου
1499 1048 1544 1076 καὶ
1563 1048 1609 1075 τὸν
1634 1049 1748 1086 ὁρισμὸν
1774 1047 1866 1076 ἐπιδέ-

1061 1105 1128 1123 εται.

1038 1105 1182 1174 χεῗι.Καιὶ
1213 1138 1323 1177 λογικὸν
1356 1137 1385 1165 δὲ
1412 1136 1535 1166 καλεῖται
1567 1137 1614 1175 μὶν
1638 1137 1684 1165 καὶ
1699 1139 1717 1173 ἠ
1737 1136 1866 1177 διαφορὰ,

1039 1184 1176 1211 τουτέστιν
1208 1185 1225 1218 ἡ
1253 1182 1399 1221 λογικότης
1433 1182 1500 1217 αὕτη
1519 1192 1526 1199 ”
1555 1182 1678 1210 καλεῖται
1710 1181 1739 1210 δέ
1778 1182 1823 1210 καὶ
1852 1183 1868 1210 6

1040 1229 1143 1267 Πέτρος
1167 1227 1292 1266 λογικὸν,
1315 1228 1380 1255 καθὸ
1406 1230 1473 1262 ζῶον
1498 1227 1612 1265 μετέχον
1642 1231 1692 1262 τῆς
1720 1226 1868 1266 λογικότη-

1039 1285 1095 1304 τος.
1125 1273 1158 1300 Ei.
1174 1272 1203 1300 δὲ
1231 1272 1276 1300 καὶ
1304 1272 1350 1300 τὸν
1381 1271 1444 1310 ὅρον
1472 1273 1523 1307 τῆς
1544 1269 1724 1310 λογικότητος
1748 1272 1871 1311 ἀπαραλ-

1041 1318 1148 1349 λάκτως
1175 1318 1190 1345 6
1218 1318 1318 1356 Πέτρος
1358 1317 1408 1344 οὐκ
1444 1315 1598 1355 ἐπιδέχεται
1629 1316 1788 1355 (λογικότης
1820 1317 1869 1353 μὶν

1039 1364 1090 1401 γάρ
1106 1362 1160 1391 ἐστι
1177 1361 1291 1399 δύναμις
1316 1363 1444 1400 χρήσεως
1469 1360 1565 1399 λόγου’
1582 1362 1596 1389 ’ὸ
1617 1360 1645 1389 δὲ
1671 1361 1773 1399 Πέτρος
1799 1361 1869 1396 ζῶόν

1040 1408 1096 1435 ἐστι
1121 1407 1264 1445 χρώμενον
1287 1405 1385 1444 λόγῳ)·
1409 1406 1561 1443 θαυμαστὸν
1587 1404 1675 1435 οὐδέν.
1703 1406 1867 1443 Συνώνυμον

1039 1452 1089 1490 γὰρ
1114 1451 1223 1489 λέγεται
1249 1451 1296 1488 μὶν
1320 1451 1364 1478 καὶ
1387 1450 1452 1488 ὅπερ
1475 1450 1608 1488 ὀνοματός
1631 1461 1662 1478 τε
1681 1450 1726 1478 καὶ
1751 1451 1868 1488 ὁρισμοῦ

1042 1495 1227 1533 μεταδίδωσι.
1258 1496 1371 1533 Λέγεται
1402 1494 1431 1523 δὲ
1457 1494 1502 1523 καί
1535 1495 1601 1533 ὅπερ
1633 1494 1757 1523 συντελεῖ
1784 1494 1868 1532 μόνον

1039 1541 1108 1578 πρὸς
1137 1540 1263 1578 ὕπαρξιν.
1294 1540 1372 1567 Οὕτω
1400 1539 1450 1578 γὰρ
1478 1539 1523 1567 καὶ
1553 1540 1567 1566 6
1595 1538 1788 1577 Ἀριστοτέλης
1814 1540 1865 1574 τῆν

1040 1586 1132 1623 ψυχὴν
1161 1584 1328 1621 συνωνύμως
1352 1587 1563 1622 κατηγορεῖσθαι
1590 1586 1639 1612 τοῦ
1671 1584 1741 1619 ζώου
1771 1583 1866 1623 φησίν·

1040 1628 1134 1664 ἐπειδὴ
1158 1629 1227 1667 πρὸς
1249 1629 1299 1663 τήν
1322 1628 1432 1667 ὕπαρξιν
1456 1628 1537 1656 αὐνοῦ
1564 1627 1695 1656 συντελεῖι
1719 1628 1768 1656 κᾶν
1795 1629 1867 1666 μήτε

1039 1677 1088 1702 τοῦ
1103 1673 1238 1710 ἀνόματος
1257 1672 1415 1710 μεταδιδοίη
1436 1675 1477 1710 τῷ
1499 1673 1572 1709 ζώῳ,
1590 1674 1660 1710 μήτε
1673 1675 1722 1701 τοῦ
1738 1674 1865 1711 ὁρισμοῦ.

1040 1717 1090 1754 Εἷίη
1109 1718 1131 1746 δ’
1146 1718 1176 1746 ἃν
1192 1718 1358 1755 συνωνύμως
1373 1715 1598 1756 κατηγορουμένη
1613 1719 1667 1746 τῶν
1684 1718 1729 1746 ὑπ’
1751 1717 1834 1752 αὐτὴν
1848 1719 1866 1752 ἡ

1041 1763 1167 1802 διαφορά.
1873 1760 1874 1765 ¹

1078 1817 1108 1851 ζ’.
1138 1816 1188 1844 Καὶ
1216 1816 1284 1843 κατὰ
1311 1818 1407 1844 τοῦτον
1435 1816 1482 1843 τὸν
1512 1815 1595 1854 λόγον
1623 1817 1641 1851 ἡ
1680 1814 1796 1854 διαφορὰ
1822 1815 1871 1843 κᾶν

1041 1861 1156 1896 ποιότης
1183 1861 1308 1899 φαίνηται
1339 1860 1427 1897 εἶναι,
1456 1860 1520 1889 ἀλλ’
1548 1860 1602 1899 οὐχ
1630 1859 1726 1891 ἁπλῶς
1753 1859 1870 1895 ποιότης

1042 1905 1122 1941 ἐςτὶν,
1148 1904 1212 1933 ἀλλ’
1237 1904 1373 1940 οὐσιώδης
1393 1905 1518 1941 ποιότης,
1547 1904 1670 1942 μηδεμιᾷ
1696 1905 1803 1941 ἐπινοίᾳ
1822 1903 1870 1932 δυ-

1041 1949 1142 1986 ναμένη
1167 1950 1333 1988 χωρίζεσθαι
1356 1950 1405 1977 τοῦ
1431 1949 1457 1977 έν
1479 1951 1503 1986 ᾧ
1527 1948 1608 1977 ἐστιν·
1634 1951 1691 1977 οἷον
1716 1951 1733 1985 ἡ
1757 1948 1870 1987 λογικό-

1041 2005 1103 2030 της.
1123 1995 1180 2031 Πρὸ
1204 1994 1251 2031 μὶν
1272 1995 1323 2032 γὰρ
1348 1996 1397 2022 τοῦ
1419 1994 1556 2022 συνελθεῖν
1577 1996 1617 2030 τῷ
1642 1995 1705 2030 ζώῳ
1729 1993 1774 2021 καὶ
1799 1994 1868 2021 ἀπο-

1040 2037 1150 2066 τελέσαι
1164 2037 1210 2066 τὸν
1234 2037 1360 2076 ἅθρωπον
1385 2040 1532 2066 σκοποῦσιν
1558 2039 1637 2075 ἡμῖν,
1653 2036 1719 2069 ἴσως
1741 2037 1770 2066 ἃν
1797 2035 1868 2075 μόνη

1042 2083 1158 2118 ποιότης
1182 2083 1293 2118 νοηθείη
1314 2105 1320 2117 ,
1348 2081 1422 2117 πλὴν
1455 2082 1500 2110 καὶ
1523 2082 1585 2110 τότε
1611 2082 1735 2120 μεγάλην
1766 2080 1871 2121 ἔχουσα

1043 2126 1166 2164 δύναμιν·
1192 2128 1357 2160 συνελθοῦσα
1380 2126 1409 2154 δὲ
1431 2130 1471 2164 τῷ
1499 2127 1571 2164 ζώῳ⁷
1595 2127 1641 2155 καὶ
1659 2127 1706 2154 τὸν
1730 2127 1871 2165 ἄνθρωπον

1043 2172 1213 2207 έκτελέσασα,
1239 2171 1367 2199 οὐσίωται
1384 2170 1417 2206 δὴ
1443 2171 1468 2200 έν
1494 2174 1533 2208 τῷ
1558 2172 1701 2209 ἀνθρώπῳ,
1727 2172 1772 2199 καὶ
1792 2170 1871 2199 οὐδὲν

1043 2216 1113 2244 ἄλλο
1137 2216 1192 2244 ἐστὶ
1213 2217 1271 2244 κατ’
1297 2216 1388 2244 οὐσίαν
1414 2217 1428 2244 ὁ
1452 2215 1595 2254 ἄνθρωπος
1609 2217 1627 2251 ἢ
1645 2219 1713 2251 ζῶον
1739 2216 1806 2253 μετὰ
1825 2216 1874 2244 λου

1041 2261 1197 2299 γικότητος.
1222 2261 1297 2289 Ἐπεὶ
1326 2264 1392 2298 γοῦν
1421 2262 1439 2296 ἡ
1469 2260 1615 2299 λογικότης
1638 2261 1795 2299 ἀχώριστος
1822 2263 1873 2289 τοῦ

1042 2305 1196 2343 ἀνθρώπου,
1221 2316 1308 2341 παντη
1334 2306 1378 2333 καὶ
1404 2306 1462 2333 κατ’
1480 2306 1563 2342 αὐτήν
1589 2305 1644 2333 ἐστι
1667 2306 1718 2340 τήν
1738 2305 1873 2334 ἐπίνοιαν·

1043 2351 1056 2377 6
1073 2349 1101 2377 δὲ
1118 2351 1257 2388 ἅνθρωπος
1281 2353 1474 2389 κατηγορεῖται
1497 2353 1547 2378 τοῦ
1567 2350 1670 2388 Πέτρου
1692 2350 1869 2387 συνωνύμως’

1042 2394 1087 2421 καὶ
1102 2396 1119 2429 ἡ
1135 2397 1184 2422 τοῦ
1199 2396 1343 2433 ἀνθρώπου
1367 2395 1513 2433 λογικότης
1538 2393 1590 2433 ἄρα
1610 2395 1777 2432 συνωνύμως
1803 2395 1874 2423 κατὰ

1043 2441 1091 2466 τοῦ
1107 2439 1210 2476 Πέτρου
1227 2439 1497 2477 ῥηθήσεται.’¹Ωσ-περ
1510 2439 1562 2477 γὰρ
1576 2440 1607 2467 τὸ
1624 2438 1694 2470 εἶδος
1709 2442 1872 2477 κατηγορεῖ-

1042 2494 1085 2511 ται
1100 2484 1184 2519 τινὸς,
1199 2484 1285 2515 οὕτως
1301 2484 1384 2511 αὐτοῦ
1405 2487 1652 2522 συγκατηγορεῖται
1675 2487 1716 2520 τῷ
1739 2482 1805 2512 εἷ’δει
1824 2484 1871 2512 καὶ

1042 2529 1060 2562 ἡ
1084 2527 1208 2567 διαφορά.
1237 2529 1432 2567 Συμφυεστάτη
1453 2529 1506 2567 γὰρ
1530 2529 1646 2567 ὑπάρχει
1672 2531 1712 2565 τῷ
1736 2527 1801 2557 εἷ’δει
1825 2529 1872 2557 καὶ

1042 2573 1181 2603 παντελῶς
1197 2573 1279 2600 αὐτοῦ
1298 2572 1491 2610 ἀδιάσπαστος,
1515 2573 1560 2602 καὶ
1575 2574 1664 2612 χωρὶς
1687 2573 1773 2609 αὐτῆς
1789 2573 1872 2602 οὐδα-

1044 2617 1103 2652 μῶς
1117 2615 1149 2643 τὸ
1165 2615 1236 2647 εἶδος
1252 2616 1412 2655 ὑφέστηκεν,
1428 2616 1491 2645 οὐδὲ
1504 2618 1572 2656 πρὸς
1590 2618 1690 2656 βραχύ.

1077 2794 1112 2827 η’.
1130 2793 1250 2830 Πρώτως
1274 2793 1321 2828 μὲν
1348 2790 1393 2819 οὖν
1418 2795 1468 2826 τῆς
1492 2792 1583 2824 οὐσίας
1603 2793 1648 2820 καὶ
1669 2796 1719 2828 τῆς
1739 2791 1872 2832 διαφορᾶς

1042 2837 1096 2865 ἐστι
1125 2837 1156 2864 τὸ
1184 2836 1349 2873 συνωνύμως
1377 2835 1499 2875 λέγεσθαι
1526 2837 1614 2865 πάντα
1641 2838 1676 2865 τὰ
1699 2838 1746 2865 ἀπ’
1769 2836 1870 2866 αὐτῶν.

1043 2883 1094 2910 Κάν
1122 2885 1180 2913 τοῖς
1204 2879 1389 2919 συμϐεϐηκόσι
1420 2880 1448 2909 δὲ
1475 2882 1509 2909 τὰ
1536 2881 1600 2920 γένη
1624 2884 1689 2911 τῶν¹
1704 2882 1812 2911 οἰκείων
1834 2882 1875 2910 εἷ’-
