4126 6428
344 437 461 502 825

1704 434 2057 501 EPITOME
2097 440 2410 503 LOGICA.

3654 435 3773 498 826

342 569 475 643 δῶν,
510 570 601 626 καὶ
658 570 726 626 τὰ
783 566 899 641 εἷ’δη
958 573 1066 625 τῶν
1123 568 1338 626 οἴκείων
1394 568 1634 644 ἀτόμων,
1667 571 1757 626 καὶ
1804 569 1996 633 ἁπλῶς

2125 591 2241 639 ωε,
2284 578 2341 630 et
2390 574 2617 647 species
2668 575 2741 630 de
2790 572 2915 629 suis
2959 570 3299 638 individuis,
3333 575 3392 627 et
3422 569 3769 643 simpliciter

340 662 407 716 τὰ
491 659 674 715 ἐπάνω
757 664 866 715 τῶν
974 661 1251 731 ὑποκάτω,
1342 660 1674 734 συνωνύμως
1771 681 2005 737 κατηγο-

347 754 587 827 ροῦνται.

418 840 481 904 θ’.
513 841 633 894 ’Ὀτι
692 839 783 894 καὶ
844 836 1127 901 οὐσιωδῶς
1180 839 1437 911 πρόσεστι
1492 842 1563 913 τῇ
1598 838 1772 911 οὐσίᾳ,
1802 837 1892 894 καί
1947 841 2009 894 τὸ

352 925 528 1003 μηδὲν
571 928 806 983 ἐναντίον
858 927 987 983 εἶναι
1040 928 1299 1002 αὐτῇ.Τὰ
1351 929 1453 1004 γὰρ
1515 927 1743 1001 ἐναντία,
1775 928 1899 1005 περί
1954 950 2007 982 τι

354 1018 712 1092 ὑποκείμενον
777 1019 1069 1093 μάχονται·
1137 1017 1228 1071 καὶ
1296 1015 1510 1073 σπεύδει
1558 1016 1765 1073 τούτων
1837 1017 2012 1072 ἑκάτε-

350 1127 441 1183 ρον
496 1112 714 1176 νικῆσαι
752 1107 817 1161 τὸ
846 1103 1029 1182 ἕτερον
1076 1104 1224 1168 ὅπως
1264 1106 1323 1161 ἂν
1364 1111 1460 1161 τοῦ
1519 1106 1874 1180 ὑποκειμένου
1917 1106 2009 1182 γέ-

344 1216 507 1267 νηται
538 1194 819 1271 έγκρατές.
851 1193 991 1251 Οὐδὲ
1045 1197 1145 1272 γὰρ
1198 1195 1377 1272 ἰσχύει
1433 1196 1497 1251 τὸ
1554 1196 1905 1270 ὑποκείμενον
1961 1195 2013 1251 έν

345 1289 424 1357 τῷ
480 1284 626 1357 αὐτῷ
677 1289 792 1355 νῦν,
849 1285 919 1340 τὰ
974 1283 1185 1340 ἐναντία
1263 1282 1504 1356 δέξασθαι
1564 1283 1788 1347 ὑλικῶς.
1852 1287 2013 1342 Ὥστε

342 1373 593 1429 τάναντία
649 1377 757 1429 τῶν
820 1373 872 1429 έν
934 1373 1276 1448 ὑποκειμένῳ
1324 1374 1487 1429 ἐστιν’
1530 1376 1565 1444 ἡ
1626 1372 1683 1430 δέ
1739 1397 1800 1451 γε
1855 1374 2012 1431 οὐσία

341 1467 449 1518 τῶν
507 1462 559 1518 έν
622 1463 969 1537 ὑποκειμένῳ
1028 1465 1101 1537 μή
1163 1460 1315 1532 οὐσα,
1376 1464 1612 1519 ἐναντίον
1673 1462 1777 1536 ἔξει
1830 1462 2007 1519 οὐδέν·

342 1549 481 1609 Οὐδὲ
534 1552 637 1629 γὰρ
698 1551 937 1607 ἐναντίον
993 1556 1063 1627 τῇ
1122 1552 1278 1625 οὐσίᾳ
1333 1553 1452 1622 θείη
1486 1574 1570 1617 τις
1602 1552 1662 1608 ἃν
1693 1554 1756 1609 τὸ
1792 1555 1867 1627 μή
1928 1549 2006 1629 ὅνς

340 1644 405 1696 Ὀ
460 1619 562 1717 γὰρ
607 1619 881 1714 οὐδαμῶς
941 1619 1267 1719 ὑφέστηκεν,
1325 1619 1582 1716 οὐδεμίαν
1641 1619 2010 1718 σχέσιν-ἔχει

342 1731 482 1808 πρὸς
535 1727 745 1806 ἕτερον.
779 1730 840 1785 Εἰ
903 1728 961 1785 δὲ
1016 1732 1084 1785 τὸ
1144 1735 1252 1807 πῦρ
1309 1731 1397 1786 καὶ
1454 1732 1517 1786 τὸ
1557 1729 1703 1808 ὕδωρ
1736 1731 2008 1802 ἀλλήλοις

346 1818 557 1874 ἐναντία
617 1816 786 1875 δοκεῖ·
842 1817 969 1875 ἀλλ’
1025 1819 1087 1874 οὐ
1161 1821 1293 1874 καθὸ
1372 1819 1548 1875 οὐσίαι
1605 1820 1669 1875 τὸ
1738 1820 2009 1875 ἐναντιοῦ-

348 1910 468 1963 σθαι
570 1907 846 1987 φέρουσιν,
942 1906 1066 1964 ἀλλ’
1271 1908 1604 1964 πεποίωνται
1689 1907 2009 1966 Ἀντίκειται
2038 1948 2087 2014 Β

347 1999 449 2074 γὰρ
531 1997 596 2052 τὸ
672 1997 870 2074 θερμὸν
951 2001 1032 2070 τῷ
1076 1999 1297 2073 ψυχρῷ,
1361 1998 1451 2053 καὶ
1534 1998 1599 2053 τὸ
1684 1998 1843 2070 ξηρὸν
1928 2003 2008 2071 τῷ

352 2085 516 2163 ὑγρῷ·

419 2359 469 2408 ι’.
502 2351 605 2408 Καὶ
632 2350 830 2415 ἄλλοις
864 2349 922 2407 δὲ
966 2351 1203 2415 πολλοῖς
1254 2352 1365 2408 ἐστι
1409 2354 1473 2408 τὸ
1527 2351 1695 2426 μηδὲν
1741 2352 1886 2431 ἔχειν
1928 2353 2009 2409 ένε

342 2441 545 2498 αντίον’
590 2442 667 2504 ὡς
722 2447 843 2504 τοῖς
910 2444 1183 2518 σχήμασι,
1214 2442 1304 2496 καὶ
1356 2447 1463 2497 τῶν
1524 2443 1837 2519 χρωμάτων
1891 2449 2007 2506 τοῖς

343 2531 553 2604 μέσοις*
614 2536 694 2603 τῷ
744 2531 974 2607 ἐρυθρῷ,
1035 2536 1115 2603 τῷ
1164 2535 1358 2605 ξανθῷ,
1418 2536 1496 2604 τῷ
1554 2537 1700 2609 φαιῷ
1745 2532 1834 2587 καὶ
1893 2538 2007 2594 τοῖς

339 2619 579 2693 ὁμοίοις⁶
618 2619 709 2674 καὶ
767 2625 886 2682 τοῖς
944 2620 1352 2699 ἀφωρισμένοις
1408 2626 1625 2682 ποσοῖς.
1659 2620 1769 2676 Οὐκ
1817 2620 1927 2676 ἔστι
1960 2619 2008 2675 δ’

339 2708 521 2771 αὐτοῖς
576 2708 837 2781 ἐναντίον,
894 2708 990 2763 *ίνα
1051 2710 1126 2783 μή
1192 2706 1381 2771 ἄδικος
1441 2712 1475 2778 ἡ
1536 2708 1690 2786 φύσις
1739 2708 2005 2784 εὑρεθείη,

339 2796 526 2854 πολλά
555 2797 768 2853 ἐναντία
800 2798 876 2853 ένὶ
905 2798 1249 2868 ἀντιτάξασα.

418 2907 503 2962 ια’.
565 2903 950 2983 Ἀιρωρισμένα
1008 2902 1066 2960 δὲ
1120 2906 1265 2960 ποσὰ
1322 2904 1561 2980 λέγεται,
1622 2903 1822 2980 ὅσαπερ
1872 2907 2003 2983 ὡρι-

349 2995 549 3067 σμένην
600 2996 720 3049 τινὰ
760 2993 1041 3065 ποσότητα
1081 2992 1322 3070 ἔχουσιν,
1356 2995 1431 3057 ὡς
1483 2992 1598 3066 δύο,
1653 2994 1830 3067 πέντε,
1882 2993 2008 3050 δέκα

352 3084 441 3138 καὶ
514 3081 744 3160 δίπηχυ,
800 3082 1145 3160 πεντάπηχυ,
1203 3081 1510 3159 δεκάπηχυ,
1568 3084 1658 3139 καὶ
1714 3086 1781 3139 τὰ
1833 3106 2005 3161 παρα-

354 3170 585 3241 πλήσια,
643 3171 735 3226 καὶ
796 3172 871 3245 μὴ
928 3175 998 3244 τῇ
1057 3171 1193 3247 πρὸς
1250 3167 1433 3247 ἕτερον
1500 3170 1683 3247 σχέσιν
1734 3167 2004 3248 λέγονται,

347 3260 583 3336 καθάπερ
668 3260 730 3315 τὸ
818 3261 961 3335 μέγα
1017 3260 1107 3314 καὶ
1169 3260 1385 3336 μικρὸν,
1446 3262 1537 3314 καὶ
1595 3262 1659 3315 τὸ
1714 3260 1858 3316 πολὺ
1916 3262 2005 3316 καὶ

349 3346 415 3402 όλ
426 3346 558 3423 ίγον.

417 3456 506 3532 ιβ’.
540 3454 684 3532 Πρός
713 3477 768 3510 τι
806 3456 910 3531 γὰρ
956 3459 1145 3528 ταῦτα,
1173 3454 1264 3510 καὶ
1318 3456 1380 3511 οὐ
1432 3457 1596 3528 ποσὰ,
1628 3456 1717 3511 καὶ
1777 3455 2002 3512 ἀντίκει-

338 3563 425 3598 ται
455 3540 754 3615 ἀλλήλοις,
789 3542 898 3618 οὐχ
941 3544 1017 3605 ὡς
1073 3541 1305 3615 ἐναντία,
1339 3541 1463 3601 ἀλλ’
1511 3544 1587 3607 ὡς
1636 3543 1773 3621 πρός
1819 3566 1894 3603 τι.
1931 3545 2001 3599 Τὸ

339 3633 443 3709 γὰρ
514 3632 649 3709 μέγα
706 3630 843 3709 πρὸς
899 3634 1092 3710 μικρὸν
1136 3630 1354 3709 λέγεται
1413 3632 1567 3710 μέγα,
1600 3634 1690 3689 καὶ
1728 3635 1791 3689 τὸ
1855 3634 2001 3691 πολὺ

337 3721 476 3798 πρὸς
509 3719 701 3797 ὀλίγον
755 3719 975 3796 λέγεται
1022 3720 1189 3778 πολύ.
1226 3722 1330 3779 Καὶ
1388 3720 1538 3800 εἷ’περ
1598 3722 1738 3778 ἐστὶν
1790 3723 2003 3780 έναντία

336 3810 405 3866 τὰ
449 3815 692 3879 τοιαῦτα,
726 3809 842 3866 ἐπεὶ
891 3810 956 3865 τὸ
1005 3810 1137 3866 αὐτὸ
1181 3811 1272 3866 καὶ
1327 3808 1381 3866 ἓν
1442 3809 1660 3868 δύναται
1719 3812 1851 3867 εἶναι
1909 3816 2000 3869 καὶ

343 3899 480 3975 μέγα
534 3898 624 3954 καὶ
686 3900 898 3974 μικρὸν,
932 3899 1022 3954 καὶ
1071 3898 1218 3955 πολὺ
1273 3901 1365 3954 καὶ
1422 3898 1611 3975 ὀλίγον
1663 3902 1800 3978 πρὸς
1858 3902 1999 3959 ἄλλο

339 3989 429 4045 καὶ
460 3987 601 4045 ἄλλο
626 3984 1213 4063 παραλαμϐανόμενον·
1248 3987 1443 4044 ἕσοιντ’
1492 3988 1551 4045 ἂν
1614 3990 1666 4045 έν
1736 3991 1815 4046 ἑνὶ
1872 3992 2001 4047 ὑπο-

337 4076 576 4151 κειμένῳ
638 4078 897 4133 τάναντία
957 4078 1094 4133 κατὰ
1142 4078 1361 4146 ταυτὸν,
1392 4077 1429 4147 ἢ
1488 4076 1702 4151 μᾶλλον
1758 4080 2001 4136 ἐναντίον

338 4163 516 4223 ἔσοιτο
558 4167 752 4222 ἑαυτοῦ
778 4167 843 4222 τὸ
874 4166 1026 4224 αὐτό.

413 4351 502 4423 ιγ’.
535 4345 762 4423 Λέγεται
813 4342 872 4401 δέ
921 4366 1057 4401 ποτε
1103 4366 1193 4401 και
1224 4346 1288 4401 τὸ
1330 4346 1468 4422 μέγα
1507 4345 1597 4400 καὶ
1647 4343 1794 4401 πολὺ
1836 4345 2000 4422 ἀσχέ-

332 4457 446 4499 τως
482 4435 571 4491 έπὶ
630 4434 888 4512 ἀορίστου
941 4439 1112 4491 ποσοῦ
1161 4430 1602 4509 λαμϐανόμενον·
1639 4435 1713 4497 ὡς
1747 4434 2001 4511 λέγομεν,

332 4530 423 4587 Ὦς
480 4524 628 4582 πολὺ
684 4523 748 4580 τδ
801 4522 1018 4593 πλῆθος
1068 4531 1170 4593 τῆς
1226 4523 1608 4600 χρηστότητός
1658 4545 1774 4596 σου,
1816 4523 1999 4601 Κύριε,

335 4615 428 4670 καὶ
459 4613 545 4670 ὅτι
570 4615 636 4670 τὸ
666 4610 819 4676 ἔλεός
848 4634 946 4667 σου
981 4611 1119 4690 μέγα
1148 4613 1233 4668 ἐπ’
1265 4612 1392 4686 έμέῐ

414 4791 501 4850 ιδ’.
546 4792 809 4868 Πρόσεστι
852 4796 922 4866 τῇ
974 4791 1130 4861 οὐσίᾳ
1176 4791 1268 4846 καὶ
1315 4793 1379 4846 τὸ
1428 4793 1504 4864 μή
1550 4789 1891 4868 ἐπιδέχεσθαι
1948 4792 2010 4847 τὸ

340 4880 558 4958 μᾶλλον
594 4882 689 4937 καὶ
720 4882 785 4938 τὸ
821 4884 986 4951 ἦττον
1031 4881 1168 4936 κατὰ
1193 4881 1261 4935 τὰ
1290 4880 1487 4951 ἑαυτῆς
1532 4878 1712 4954 ἄτομα
1770 4878 2007 4952 δηλαδήο

336 4972 453 5028 οἷον
489 4971 712 5028 ἕκαστον
742 4975 852 5026 τῶν
887 4973 986 5041 τῆς
1018 4969 1203 5033 οὐσίας
1263 4965 1482 5043 ἀτόμων
1516 4970 1577 5025 οὐ
1610 4968 1826 5045 λέγεται
1873 4968 2011 5044 μᾶλ-

336 5060 434 5118 λον
492 5063 583 5117 καὶ
639 5065 825 5132 ἦττον,
888 5060 1063 5115 έκεῖνο
1112 5059 1246 5136 ὅπερ
1305 5059 1639 5133 ὠνόμασται.
1692 5060 1748 5114 Ὁ
1804 5061 2010 5134 Πέτρος

332 5151 436 5229 γὰρ
466 5150 558 5207 καὶ
589 5152 619 5205 ὁ
660 5148 882 5213 Παῦλος
935 5149 1124 5211 οὐσίας
1181 5149 1334 5212 ὐντες
1388 5150 1588 5223 ἄτομα,
1621 5148 2011 5221 ὠνομάσθησαν

332 5237 619 5317 ἄνθρωποι
698 5239 837 5296 κατᾶ
895 5239 960 5295 τὸ
1017 5236 1161 5302 εἶδος
1198 5239 1263 5294 τὸ
1314 5238 1675 5314 ἀνθρώπειον,
1732 5239 1780 5312 ᾧ
1826 5238 2008 5315 περιέ-

329 5349 529 5406 χονται
561 5330 654 5385 καὶ
688 5329 751 5385 οὐ
788 5327 1040 5406 λέγονται
1103 5325 1316 5402 μᾶλλον
1371 5328 1461 5383 καὶ
1513 5330 1678 5397 ἧττον
1710 5326 2005 5403 ἄνθρωποι.

322 5415 472 5475 Οὔτε
526 5419 629 5496 γὰρ
663 5420 691 5473 ὁ
733 5418 940 5495 Πέτρος
1001 5416 1214 5492 μᾶλλον
1273 5419 1558 5495 ἄνθρωπος
1620 5415 1854 5494 λέγεται,
1888 5420 1922 5487 ἢ
1980 5419 2008 5472 ὁ

342 5507 565 5571 Παῦλος
631 5511 795 5578 ἦττον
870 5509 1179 5585 ἄνθρωπος·
1230 5505 1269 5577 ἤ
1327 5528 1410 5569 τις
1472 5507 1662 5562 ἑαυτοῦ
1718 5507 1852 5561 ποτέ
1913 5506 2007 5578 μὲν

347 5595 565 5671 μᾶλλον
628 5597 937 5671 ἄνθρωπος,
980 5598 1114 5652 ποτὶ
1169 5594 1226 5652 δὲ
1278 5599 1441 5666 ἦττον
1504 5593 1808 5673 ἄνθρωπος.
1840 5600 2008 5649 Τοῦτο

334 5685 430 5741 καὶ
461 5685 551 5741 ἐπὶ
580 5690 687 5742 τῶν
727 5684 936 5759 ἳππων,
971 5687 1061 5742 καὶ
1094 5686 1183 5742 ἐπὶ
1240 5690 1348 5742 τῶν
1412 5684 1604 5756 λίθων,
1635 5684 1728 5741 καὶ
1755 5688 1863 5740 τῶν
1893 5683 2010 5740 λοι-

339 5778 456 5830 πῶν
487 5782 589 5845 τῆς
621 5774 806 5838 οὐσίας
838 5775 1081 5850 ἀτόμων.

2120 664 2425 735 superiora
2456 664 2527 719 de
2565 663 2941 720 inferioribus
2972 662 3217 718 univoce
3247 661 3660 733 praedicantur.

2188 844 2242 897 9.
2274 847 2560 898 Praterea
2612 843 2786 898 etiam
2840 839 3232 897 essentialiter
3288 837 3565 911 competit
3622 838 3769 894 sub—

2119 932 2345 987 stantia
2377 936 2435 987 et
2467 932 2595 1000 hoc,
2631 930 2777 987 nihil
2811 931 2864 987 ei
2895 929 3252 986 contrarium
3286 944 3432 984 esse.
3466 928 3769 984 Contraria

2118 1021 2275 1077 enim
2308 1021 2459 1076 circa
2490 1021 2726 1092 aliquod
2760 1022 3091 1091 subjectum
3124 1022 3427 1091 pugnant;
3468 1021 3526 1073 et
3553 1017 3766 1073 horum

2120 1114 2437 1182 utrumque
2469 1110 2771 1166 contendit
2801 1125 3078 1182 superare
3110 1106 3381 1178 alterum,
3414 1112 3480 1161 ut
3505 1106 3769 1177 subjecto

2121 1199 2397 1272 potiatur.
2447 1200 2647 1270 Neque
2701 1200 2857 1255 enim
2910 1198 3243 1269 subjectum
3293 1197 3353 1251 in
3404 1196 3607 1251 eodem
3641 1211 3766 1250 mo-

2123 1294 2319 1344 mento
2350 1289 2644 1344 contraria
2672 1306 2741 1345 ex
2768 1294 2890 1344 toto
2921 1288 3177 1359 recipere
3210 1285 3382 1342 valet.
3414 1285 3602 1350 Quare
3633 1300 3771 1341 con-

2120 1378 2302 1433 traria
2322 1396 2391 1433 ex
2413 1395 2613 1434 eorum
2636 1382 2777 1433 sunt
2806 1393 3049 1433 numero
3071 1393 3197 1448 qua
3228 1375 3289 1430 in
3321 1374 3585 1445 subjecto
3607 1376 3771 1430 sunt.

2120 1470 2196 1521 At
2227 1467 2559 1522 substantia
2592 1484 2717 1539 qua
2749 1468 2809 1521 in
2841 1482 3043 1522 eorum
3076 1480 3322 1521 numero
3353 1480 3470 1518 non
3501 1465 3611 1527 est,
3643 1478 3771 1536 qua

2119 1554 2181 1611 in
2232 1556 2496 1627 subjecto
2540 1561 2700 1622 sunt,
2733 1555 2878 1611 nihil
2909 1555 3148 1610 habebit
3178 1557 3535 1609 contrarum.
3568 1551 3771 1625 Neque

2122 1645 2279 1699 enim
2305 1644 2521 1717 aliquis
2544 1662 2658 1700 non
2682 1662 2785 1701 ens
2807 1644 3167 1700 contrarium
3190 1640 3533 1698 substantia
3566 1657 3772 1713 posue-

2120 1733 2215 1789 rit.
2247 1733 2410 1797 Quod
2460 1734 2617 1789 enim
2671 1750 3043 1805 nequaquam
3095 1731 3388 1798 subsistit,
3421 1729 3645 1787 nullam
3696 1731 3767 1787 ad

2120 1822 2372 1878 alterum
2426 1823 2648 1879 obtinet
2695 1822 2929 1879 schesin
2984 1823 3111 1895 (seu
3164 1819 3615 1891 habitudinem).
3648 1819 3771 1876 Etsi

2120 1916 2316 1968 autem
2356 1911 2511 1983 ignis
2565 1917 2621 1967 et
2672 1928 2827 1983 aqua
2874 1911 2986 1967 sibi
3033 1910 3283 1966 invicem
3323 1908 3615 1966 contraria
3644 1925 3774 1965 esse

2115 2001 2407 2073 videntur,
2432 2018 2549 2057 non
2581 2005 2779 2057 tamen
2803 2004 3097 2073 quatenus
3129 1998 3469 2055 substantia
3496 2001 3636 2054 sunt
3664 1997 3774 2053 hoc

2114 2090 2336 2146 habent
2387 2094 2457 2146 ut
2512 2090 2963 2161 contrarientur,
3016 2090 3117 2146 sed
3168 2093 3460 2162 quatenus
3517 2086 3769 2161 qualita-

2116 2179 2279 2235 tibus
2346 2184 2489 2236 sunt
2553 2179 2814 2253 pradita.
2874 2178 3145 2235 Calidum
3203 2177 3361 2234 enim
3420 2176 3652 2250 frigido,
3713 2180 3774 2233 et

2116 2268 2342 2325 siccum
2374 2269 2621 2325 humido
2653 2268 2986 2341 opponitur.
3129 2335 3133 2343 ἱ

2190 2359 2279 2413 10.
2311 2362 2383 2412 Et
2409 2375 2545 2414 vero
2566 2358 2742 2413 etiam
2766 2357 2897 2413 aliis
2926 2356 3141 2413 multis“
3162 2355 3441 2427 competit
3469 2354 3597 2427 hoc,
3621 2354 3771 2411 nihil

2116 2447 2331 2503 habere
2363 2449 2745 2518 contrarium,
2777 2452 2844 2502 ut
2892 2447 3098 2520 ﬁguris
3128 2450 3185 2501 et
3213 2444 3423 2501 mediis
3454 2443 3768 2512 coloribus,
3880 2510 3887 2514 μ

2117 2536 2317 2601 rubro,
2344 2536 2510 2605 flavo,
2536 2536 2697 2591 fusco
2719 2542 2777 2591 et
2800 2535 3127 2603 similibus;
3152 2540 3210 2590 et
3231 2534 3487 2589 definitis
3510 2534 3767 2605 quantis.

2115 2625 2241 2680 Non
2292 2629 2382 2680 est
2433 2630 2630 2680 autem
2682 2625 2767 2681 eis
2817 2624 3201 2690 contrarium,
3241 2625 3392 2679 177
3446 2639 3518 2678 ne
3565 2626 3774 2678 natura

2117 2713 2595 2785 deprehendatur
2627 2714 2850 2786 injuste.
2879 2730 3028 2780 esse,
3053 2730 3180 2785 qua
3207 2712 3310 2767 uni
3341 2711 3528 2768 multa
3551 2716 3776 2767 contra-

2117 2802 2205 2857 ria
2235 2802 2531 2873 objecerit.

2188 2910 2276 2964 11.
2310 2908 2560 2964 Deﬁnita
2609 2926 2778 2981 porro
2824 2913 3047 2982 quanta
3075 2908 3373 2977 dicuntur,
3406 2923 3773 2979 quacunque

2118 2997 2379 3069 aliquam
2439 2998 2668 3053 ﬁnitam
2729 2998 3118 3070 quantitatem
3186 2996 3435 3062 habent,
3494 3000 3561 3050 ut
3622 2996 3770 3063 duo,

2116 3090 2400 3159 quinque,
2452 3089 2673 3159 decem,
2730 3093 2788 3142 et
2834 3086 3183 3157 bicubitum,
3217 3084 3769 3157 quinquecubitum,

2117 3175 2511 3231 decicuhitum
2561 3180 2618 3232 et
2665 3174 2924 3243 similia;
2978 3192 3085 3230 nec
3133 3174 3245 3247 (ex)
3296 3173 3645 3229 habitudine
3692 3174 3765 3229 ad

2120 3264 2371 3321 alterum
2395 3266 2692 3333 dicuntur,
2718 3265 3221 3337 quemadmodum
3250 3280 3533 3337 magnum
3556 3267 3612 3319 et
3639 3279 3774 3334 par-

2117 3371 2276 3435 vum,
2310 3358 2366 3410 et
2395 3354 2648 3410 multum
2679 3359 2736 3410 et
2778 3371 3054 3427 paucum.

2184 3463 2272 3517 12.
2305 3462 2537 3518 Etenim
2569 3461 2690 3517 hac
2722 3462 2794 3518 ad
2838 3460 3062 3534 aliquid
3111 3464 3167 3517 et
3210 3477 3328 3516 non
3360 3461 3578 3531 quanta
3606 3462 3768 3527 sunt,

2111 3554 2169 3608 et
2200 3556 2579 3623 opponuntur
2609 3549 2721 3606 sibi
2753 3550 3000 3606 invicem
3044 3566 3161 3605 non
3207 3553 3271 3604 ut
3322 3547 3634 3615 contrarie,
3667 3546 3768 3603 sed

2113 3643 2177 3696 ut
2205 3657 2272 3696 ea
2302 3657 2427 3711 qua
2461 3644 2601 3697 sunt
2630 3640 2703 3695 ad
2748 3639 2991 3710 aliquid.
3025 3640 3304 3712 Magnum
3338 3637 3494 3693 enim
3529 3637 3600 3693 ad
3634 3654 3767 3709 par-

2109 3746 2248 3785 vum
2272 3730 2487 3785 dicitur
2507 3745 2813 3802 magnum,
2828 3734 2885 3786 et
2909 3728 3162 3784 multum
3182 3728 3254 3783 ad
3278 3742 3533 3800 paucum
3549 3725 3768 3782 dicitur

2112 3817 2387 3874 multum.
2421 3822 2492 3873 Et
2543 3817 2834 3890 siquidem
2883 3816 3028 3873 talia
3069 3820 3265 3873 essent
3294 3815 3604 3885 contraria,
3636 3813 3767 3886 qui-

2112 3923 2299 3963 unum
2330 3911 2387 3962 et
2414 3907 2570 3963 idem
2600 3911 2796 3979 potest
2826 3922 2956 3963 esse
2986 3910 3045 3962 et
3074 3921 3358 3977 magnum
3398 3908 3456 3961 et
3497 3920 3766 3977 parvum,

2111 4001 2168 4051 et
2197 3994 2453 4051 multum
2494 4000 2552 4051 et
2589 4011 2867 4067 paucum,
2900 4011 3034 4050 cum
3085 3994 3156 4050 ad
3206 3992 3365 4049 aliud
3406 3996 3576 4064 atque
3606 3991 3766 4047 aliud

2111 4084 2473 4151 assumitur;
2508 4083 2567 4138 in
2600 4100 2718 4139 uno
2740 4083 3003 4153 subjecto
3030 4080 3211 4137 simul
3231 4080 3524 4137 contraria
3542 4080 3766 4148 forent;

2112 4177 2213 4229 aut
2242 4174 2441 4245 potius
2472 4174 2629 4228 idem
2672 4174 2764 4228 sui
2804 4172 2995 4244 ipsius
3028 4172 3176 4227 foret
3203 4169 3560 4227 contrarium
3590 4169 3768 4241 (quod

2112 4268 2431 4334 utrumque
2462 4263 2787 4318 absurdum
2818 4266 2950 4330 est).

2185 4353 2274 4407 13.
2309 4351 2536 4407 Dicitur
2568 4355 2762 4408 autem
2797 4350 2971 4406 etiam
3020 4349 3332 4421 aliquando
3379 4351 3437 4404 et
3487 4362 3771 4420 magnum

2113 4445 2171 4497 et
2200 4440 2455 4495 multum
2489 4440 2617 4494 sine
2652 4439 2997 4495 habitudine
3027 4443 3155 4508 (seu
3190 4437 3478 4509 absolute)
3500 4449 3633 4492 cum
3668 4452 3772 4508 pro

2112 4533 2330 4601 quanto
2352 4528 2585 4584 inﬁnito
2611 4528 2899 4600 accipitur
2922 4545 2936 4597 ;
2971 4531 3038 4583 ut
3059 4527 3310 4583 dicimus
3336 4544 3349 4582 :
3378 4528 3566 4593 Quam
3588 4523 3774 4580 multa

2114 4622 2206 4674 est
2229 4618 2597 4674 abundantia
2618 4618 2896 4674 bonitatis
2920 4621 3055 4686 tua,
3081 4618 3344 4685 Domine,
3368 4620 3424 4671 et
3453 4631 3666 4688 magna
3685 4618 3775 4670 est

2032 4688 2081 4752 Π
2114 4711 2219 4763 tua
2248 4724 2388 4779 erga
2419 4725 2512 4763 me
2544 4707 2964 4763 misericordia.

2202 4796 2348 4851 I78
2383 4797 2469 4851 14.
2506 4796 2791 4868 Competit
2819 4795 3160 4851 substantia
3204 4798 3263 4850 et
3310 4793 3438 4861 hoc,
3470 4809 3587 4848 non
3627 4791 3774 4847 reci-

2121 4902 2256 4957 pere
2279 4886 2468 4957 magis
2490 4890 2547 4940 et
2572 4886 2790 4953 minus,
2816 4885 3003 4955 quoad
3029 4901 3136 4939 sua
3156 4883 3422 4939 videlicet
3446 4880 3771 4937 individua.

2119 4974 2312 5030 Veluti
2346 4974 2593 5044 quodvis
2625 4973 2968 5029 substantia
2999 4972 3435 5028 individuorum
3467 4988 3583 5027 non
3623 4970 3774 5026 dici-

2119 5066 2219 5119 tur
2273 5063 2464 5135 magis
2516 5068 2572 5118 et
2626 5063 2826 5118 minus
2874 5061 3019 5117 illud
3067 5061 3220 5134 quod
3260 5059 3628 5117 nominatum
3657 5065 3767 5116 est.

2120 5152 2349 5208 Etenim
2380 5153 2587 5207 Petrus
2638 5156 2695 5207 et
2737 5151 2953 5207 Paulus
2983 5168 3117 5205 cum
3151 5150 3453 5205 individua
3481 5148 3600 5205 sint
3629 5148 3769 5203 sub-

2119 5242 2371 5310 stantia,
2407 5240 2676 5296 homines
2706 5240 2996 5295 nominati
3026 5244 3165 5295 sunt
3201 5238 3528 5295 secundum
3559 5237 3769 5293 huma-

2120 5346 2253 5387 nam
2288 5330 2566 5401 speciem,
2590 5346 2704 5401 qua
2733 5330 3111 5385 continentur
3130 5344 3236 5384 nec
3266 5329 3455 5400 magis
3486 5331 3543 5382 et
3571 5325 3771 5382 minus

2118 5419 2387 5475 homines
2412 5420 2709 5475 dicuntur.
2735 5419 2932 5490 Neque
2958 5418 3114 5474 enim
3138 5418 3343 5473 Petrus
3375 5416 3564 5489 magis
3596 5415 3771 5471 homo

2117 5509 2354 5574 dicitur,
2376 5513 2478 5564 aut
2502 5508 2720 5565 Paulus
2752 5508 2952 5564 minus
2983 5507 3179 5573 homo,
3202 5512 3305 5562 aut
3334 5505 3546 5577 aliquis
3575 5505 3770 5577 seipso

2118 5596 2263 5653 alias
2316 5597 2508 5669 magis
2555 5597 2750 5664 homo,
2798 5596 2945 5652 alias
2992 5613 3125 5652 vero
3181 5596 3377 5651 minus
3424 5594 3620 5651 homo.
3654 5592 3770 5649 Hoc

2117 5686 2296 5742 etiam
2328 5687 2399 5742 de
2428 5687 2593 5758 equis
2633 5690 2690 5742 et
2733 5684 3029 5758 lapidibus
3077 5690 3134 5741 et
3175 5683 3396 5741 caeteris
3425 5680 3769 5741 substantia

2117 5774 2441 5844 individuis
2472 5775 2556 5833 sic
2587 5774 2993 5852 accipiendum
3024 5779 3132 5833 est.
