4126 6436
325 451 444 525 8E7

1583 453 2008 529 NICEPHORI
2052 449 2490 527 BLEMMIDE

3622 455 3744 529 828V

400 600 487 655 15.
519 597 999 671 Quandoquidem
1048 616 1192 658 sane
1249 598 1596 674 simpliciter
1640 599 1972 656 substantia

2159 597 2237 653 ιε’.
2272 596 2421 652 Ἐπεί
2471 596 2558 652 τοί
2601 618 2665 673 γε
2709 596 2900 662 ἁπλῶς
2941 600 2976 668 ἡ
3010 595 3165 653 οὐσία
3212 595 3349 653 κατὰ
3401 595 3465 652 τὸ
3527 596 3738 670 μᾶλλον

326 689 652 745 secundum
683 689 874 762 magis
921 693 980 745 et
1027 689 1226 748 minus
1269 690 1385 746 dici
1428 695 1638 762 queat;
1672 693 1978 761 propterea

325 779 480 850 quod
501 777 616 834 alia
632 778 967 835 substantia
987 779 1176 852 magis
1197 778 1550 846 substantia,
1567 781 1624 834 et
1645 776 1760 834 alia
1776 779 1976 834 minus

329 867 726 940 cognoscitur.

403 957 490 1012 16.
547 956 742 1013 Veluti
801 957 1056 1014 materia
1114 975 1317 1031 expers
1372 963 1430 1014 et
1496 958 1978 1032 supramundana

329 1046 682 1114 substantia,
707 1063 882 1118 quam
915 1047 1038 1102 hac
1069 1048 1371 1104 mundana
1399 1052 1455 1104 et
1484 1046 1808 1104 materialis
1839 1063 1976 1102 con-

329 1147 508 1192 sensu
539 1136 806 1192 omnium
851 1136 1040 1209 magis
1086 1141 1175 1193 est
1221 1137 1571 1193 substantia.
1605 1137 1789 1210 Magis
1819 1136 1976 1192 enim

328 1233 458 1281 esse
485 1225 798 1297 (convenit)
829 1224 948 1281 illis
981 1243 1104 1297 qua
1133 1226 1193 1281 in
1225 1230 1382 1282 statu
1415 1230 1558 1282 sunt
1587 1229 1823 1299 propter
1852 1241 1977 1280 ma-

325 1314 486 1369 teria
515 1313 889 1384 vacuitatem,
922 1331 1098 1387 quam
1127 1313 1247 1372 illis
1275 1332 1402 1386 qua
1433 1319 1572 1372 sunt
1615 1316 1672 1371 in
1715 1313 1977 1372 instabili

330 1403 491 1459 ﬂuxu
523 1403 803 1460 materia.

403 1491 490 1549 17.
523 1493 750 1549 Rursus
783 1496 979 1549 autem
1023 1494 1153 1566 ipsa
1199 1494 1445 1550 materia
1493 1511 1632 1551 sane
1682 1499 1740 1551 et
1790 1495 1980 1551 forma

329 1585 610 1654 apparent
639 1598 768 1639 esse
797 1583 995 1639 minus
1026 1584 1366 1640 substantia
1403 1600 1579 1656 quam
1623 1600 1692 1639 ea
1738 1601 1863 1655 qua
1911 1601 1980 1640 ex

328 1671 476 1742 ipsis
506 1672 830 1744 composita
857 1676 966 1740 est,
995 1677 1303 1745 propterea
1331 1674 1483 1745 quod
1517 1689 1702 1745 neque
1733 1675 1980 1729 materia

329 1776 435 1833 per
464 1777 547 1832 se,
579 1777 764 1832 neque
794 1762 983 1818 forma
1014 1780 1117 1835 per
1145 1779 1208 1819 se
1238 1763 1555 1835 perfectam
1585 1763 1801 1819 habeat
1831 1760 1980 1816 ὀντό-

327 1868 487 1918 τητα,
519 1850 688 1921 quasi
718 1849 880 1906 dicas
910 1851 1237 1921 entitatem,
1279 1868 1382 1906 seu
1433 1851 1793 1922 conjunctim
1843 1868 1977 1922 pos-

327 1937 448 1995 sint
476 1938 838 1995 considerari
870 1941 1198 1996 secundum
1230 1940 1633 1996 exsistentiam
1665 1959 1678 2008 ;
1736 1944 1794 1996 et
1824 1941 1976 1995 I79
2009 1975 2057 2040 Β

328 2033 637 2102 propterea
665 2031 896 2086 tantum
937 2031 1090 2101 quod
1122 2029 1467 2085 substantia
1497 2029 1787 2086 elementa
1818 2033 1978 2098 sunt,

329 2133 543 2174 nomen
589 2117 934 2174 substantia
965 2116 1335 2190 participent.

402 2208 491 2263 18.
530 2208 721 2280 Ipsius
752 2211 946 2263 autem
978 2206 1239 2264 vicissim
1269 2207 1604 2280 composita
1638 2207 1981 2264 substantia

330 2295 675 2352 Aristoteles
703 2295 1007 2352 individua
1037 2297 1228 2370 magis
1257 2311 1388 2353 esse
1424 2297 1566 2352 dicit
1595 2297 1979 2369 substantias,

331 2389 389 2443 et
418 2385 644 2458 species
676 2385 874 2441 minus
906 2385 1306 2456 substantias;
1347 2389 1406 2442 et
1433 2385 1527 2442 his
1558 2386 1750 2442 adhuc
1781 2387 1982 2443 minus

329 2474 507 2548 (ipsa)
538 2483 772 2548 genera,
804 2475 876 2531 de
907 2493 1020 2548 quo
1055 2477 1184 2548 jam
1216 2480 1349 2532 ante
1379 2475 1658 2531 diximus.

405 2581 490 2636 19.
522 2581 801 2638 Convenit
830 2581 1008 2638 etiam
1039 2583 1237 2655 ipsum
1270 2582 1525 2654 recipere
1555 2583 1746 2656 magis
1775 2586 1832 2638 et
1870 2583 1982 2638 mi-

331 2687 445 2728 nus
497 2671 687 2742 quoad
737 2671 960 2726 dictum
1010 2672 1254 2727 modum
1303 2671 1579 2728 omnibus
1621 2672 1834 2743 quibus
1865 2689 1981 2727 non

331 2759 547 2816 habere
577 2757 796 2831 aliquid
839 2759 1221 2815 contrarium.
1255 2760 1403 2816 Nam
1442 2759 1632 2832 magis
1680 2765 1738 2816 et
1783 2759 1982 2816 minus

329 2848 424 2904 via
451 2852 540 2904 est
568 2849 640 2904 ad
673 2848 983 2904 contraria.
1019 2849 1191 2904 Velut
1218 2849 1279 2904 in
1310 2850 1634 2906 mutatione
1672 2867 1741 2906 ex
1773 2849 1983 2921 frigido

334 2938 395 2993 i'n
425 2936 680 2994 calidum
711 2937 770 2993 id
801 2939 955 3009 quod
987 2944 1159 2994 antea
1188 2938 1467 3010 frigidum
1507 2942 1630 2994 erat
1672 2940 1739 2994 fit
1787 2939 1985 2994 min-us

335 3027 662 3100 frigidum;
714 3030 772 3082 et
816 3031 958 3081 tunc
1015 3027 1538 3099 quomodocunque
1589 3027 1869 3096 calidum,
1919 3029 1986 3083 fit

336 3116 548 3172 deinde
578 3114 766 3187 magis
812 3115 1090 3174 calidum.

405 3222 496 3277 20.
543 3221 797 3277 Maxime
853 3225 1049 3277 autem
1117 3223 1420 3294 proprium
1486 3226 1576 3278 est
1641 3223 1985 3279 substantia

2083 685 2172 740 xui
2203 690 2366 755 ἦττον
2415 685 2637 762 λεχθείη
2701 687 2760 742 ἂν
2817 685 2906 743 διὰ
2957 687 3020 743 τὸ
3069 686 3251 742 οὐσίαν
3313 683 3494 757 ἄλλης
3553 684 3740 750 οὐσίας

2087 774 2302 848 μᾶλλον
2335 774 2546 846 οὐσίαν,
2576 777 2666 830 καὶ
2698 775 2879 853 ἑτέρας
2907 780 3069 846 ἦττον
3099 776 3477 852 γινώσκεσθαι.

2160 961 2245 1018 ις’.
2287 956 2413 1010 Οἷον
2444 957 2479 1024 ἡ
2519 954 2612 1028 μὲν
2665 953 2833 1018 ἄυλος
2887 953 3043 1010 οὐσία
3089 954 3178 1010 xui
3230 953 3592 1031 ὑπερκόσμιος
3640 961 3746 1022 τῆς

2086 1041 2378 1118 ἐγκωμίου
2433 1043 2637 1114 ταύτης
2693 1043 2783 1099 xui
2840 1041 3054 1116 ὑλικῆς,
3113 1043 3572 1118 ὁμολογουμένως
3632 1041 3745 1096 έστὶ

2089 1128 2301 1204 μᾶλλον
2362 1131 2534 1189 οὐσία.
2593 1130 2820 1188 Μᾶλλον
2879 1133 2981 1208 γὰρ
3038 1133 3100 1187 τὸ
3158 1131 3292 1186 εἶναι
3340 1137 3458 1194 τοῖς
3512 1131 3564 1186 ἐν
3621 1129 3749 1185 aui“-

2085 1241 2164 1275 σει
2218 1218 2308 1276 διὰ
2376 1223 2476 1291 τὴν
2538 1221 2753 1292 ἆϋλίαν,
2805 1223 2838 1291 ἣ
2891 1226 3008 1284 τοῖς
3066 1219 3118 1277 έν
3159 1220 3372 1294 ἀστάτῳ
3429 1227 3530 1290 τῆς
3601 1216 3748 1290 ὕλης

2089 1309 2213 1386 βοῇ-

2164 1495 2242 1559 ιζ⁹.
2273 1487 2425 1560 Αὕτη
2486 1489 2545 1546 Si
2593 1487 2757 1546 πάλιν
2791 1493 2826 1561 ἠ
2859 1488 2989 1562 ὕλη,
3019 1491 3260 1566 καθάπερ
3321 1485 3389 1556 δὴ
3448 1488 3539 1542 καὶ
3574 1487 3638 1542 τὸ
3669 1507 3749 1542 ει·-

2088 1579 2204 1650 ὃος,
2235 1584 2396 1652 ἧττον
2432 1577 2610 1635 οὐσίαι
2648 1586 2748 1650 τῆς
2810 1579 2862 1650 ἐξ
2916 1579 3090 1634 αὐτῶν
3147 1575 3561 1650 συντεθειμένης
3619 1574 3745 1654 φαί-

2087 1687 2270 1726 νονται
2297 1669 2430 1724 εἶναι
2463 1667 2552 1724 διὰ
2578 1669 2640 1723 τὸ
2676 1671 2815 1742 μήτε
2858 1668 2957 1738 τήν
3009 1665 3148 1737 ὕλην
3203 1667 3322 1722 καθ’
3371 1665 3565 1735 αὐτὴν,
3627 1667 3744 1738 μή-

2085 1779 2145 1816 τε
2171 1760 2234 1815 τὸ
2281 1756 2423 1821 εἶδος
2479 1759 2595 1812 καθ’
2645 1758 2803 1832 ἑαυτὸ
2851 1756 3064 1820 τελείας
3124 1755 3372 1832 μετέχειν
3426 1753 3746 1826 ὀντότητος,

2089 1847 2234 1906 ἀλλᾶ
2265 1847 2356 1903 σὺν
2391 1847 2666 1918 ἀλλήλοις
2699 1831 2950 1902 δύνασθαι
2998 1831 3315 1921 Θεωρεῖσθαι
3373 1844 3743 1918 ὑπαρκτικῶς’

2086 1938 2178 1994 xui
2210 1938 2343 2002 καθὸ
2379 1937 2541 2012 μόνον
2576 1937 2758 1999 οὐσίας
2807 1941 3051 2012 στοχεῖα,
3085 1935 3220 1991 κατὰ
3267 1939 3430 1990 τοῦτο
3489 1937 3586 1989 τοῦ
3641 1939 3749 2003 τῆς

2090 2027 2276 2090 οὐσίας
2309 2025 2554 2103 μετέχειν
2589 2025 2879 2100 ὀνόματος.

2165 2207 2257 2276 ιη’.
2287 2205 2468 2275 Αὐτῆς
2499 2202 2556 2260 δὲ
2585 2202 2751 2259 πάλιν
2781 2211 2884 2274 τῆς
2915 2204 3166 2259 συνθέτου
3211 2201 3398 2264 οὐσίας
3443 2201 3511 2256 τὰ
3567 2201 3748 2274 ἄτομα

2092 2297 2121 2350 ὁ
2150 2292 2544 2371 Ἀριστοτέλης
2583 2291 2795 2365 μᾶλλον
2833 2292 3017 2354 οὐσίας
3048 2291 3202 2370 φησὶ,
3229 2290 3319 2346 καὶ
3368 2294 3530 2360 ἦττον
3563 2289 3752 2351 οὐσίας

2123 2385 2148 2406 1
2241 2381 2291 2405 »Λ
2442 2399 2444 2402 μ
2619 2383 2631 2402 Ι
3013 2379 3037 2402 Ἰ
3177 2381 3191 2398 ‘
3541 2377 3556 2400 Ἃ
3733 2377 3749 2397 κ

2088 2406 2156 2440 τα
2213 2398 2353 2455 ειοη,
2393 2382 2484 2438 καὶ
2538 2403 2745 2438 τουτων
2799 2385 2961 2451 ⁵ἧττον
3011 2401 3087 2436 ετι
3133 2401 3202 2435 τα
3255 2378 3406 2456 γένη.
3459 2385 3558 2434 Και
3624 2399 3751 2454 περι

2089 2473 2285 2528 τούτου
2316 2471 2607 2550 φθάσαντες
2639 2467 2884 2544 εἷίπομεν.

2166 2582 2246 2638 ιθ’.
2277 2579 2539 2656 Πρόσεστι
2598 2578 2660 2633 τὸ
2722 2578 2799 2651 μὴ
2858 2574 3203 2654 ἐπιδέχεσθαι
3257 2574 3320 2630 τὸ
3381 2571 3594 2648 μᾶλλον
3652 2571 3746 2628 καὶ

2092 2674 2274 2742 ἧττον,
2306 2669 2443 2724 κατᾶ
2497 2665 2591 2722 τὸν
2639 2666 2926 2743 εἰρημένον
2975 2663 3198 2739 τρόπον,
3229 2662 3320 2719 καὶ
3377 2669 3538 2718 πᾶσιν
3569 2661 3651 2724 οἷς
3681 2661 3747 2716 τὸ

2097 2761 2174 2834 μὴ
2242 2755 2388 2834 ἔχειν
2456 2779 2511 2812 τι
2560 2755 2814 2812 ἐναντίον.
2871 2756 2942 2809 Τὸ
2997 2754 3100 2831 γὰρ
3163 2750 3375 2824 μᾶλλον
3432 2751 3522 2807 καὶ
3579 2753 3744 2820 ἧττον

2093 2847 2220 2910 ὁδός
2279 2848 2418 2903 ἐστιν
2484 2845 2570 2901 ἐπὶ
2627 2844 2896 2900 τάναντία·
2955 2845 3072 2898 οἷον
3112 2843 3198 2898 ἐπὶ
3255 2848 3358 2912 τῆς
3411 2841 3472 2896 ἐκ
3527 2843 3750 2916 ψυχροῦ

2099 2932 2413 3013 μεταϐολῆς
2472 2935 2550 2997 εἰς
2593 2934 2816 3009 θερμὸν,
2862 2936 3025 3002 ἧττον
3083 2931 3294 3006 ψυχρὸν
3346 2929 3550 3005 γίνεται
3610 2927 3750 3005 πρό-

2091 3049 2246 3103 τερον
2305 3026 2368 3082 τὸ
2425 3024 2658 3101 ψυχρὸν,
2715 3022 2803 3079 καὶ
2858 3022 2984 3077 τότε
3053 3022 3252 3098 Θερμὸν
3309 3021 3579 3091 ὁπωσοῦν,
3635 3017 3754 3074 εἶτα

2099 3114 2312 3192 μᾶλλον
2345 3114 2566 3191 θερμόν.

2166 3231 2230 3281 κ’.
2262 3221 2430 3278 ’Ἰδιον
2461 3219 2518 3276 δὲ
2552 3220 2789 3292 μάλιστα
2815 3221 2914 3288 τῆς
2964 3216 3218 3272 συνθέτου
3267 3214 3453 3278 οὐσίας
3504 3215 3569 3269 τὸ
3623 3210 3755 3269 ἕκα-

337 3312 674 3384 composita
731 3310 862 3378 hoc,
908 3313 1366 3383 unumquodque
1415 3311 1606 3384 ipsius
1653 3312 1984 3368 individuo-

2107 3334 2219 3369 rcov
2275 3317 2384 3367 τῶν
2442 3312 2636 3380 ἑαυτῆς
2695 3308 2915 3382 ἀτόμων
2967 3307 3289 3362 ὑποπίπτειν
3348 3326 3407 3360 τε
3449 3302 3628 3375 δείξει,
3659 3301 3758 3358 καὶ

2144 3399 2188 3410 ,Α
2382 3399 2399 3410 ς
2426 3400 2436 3410 ι
2547 3401 2568 3410 Α
2761 3397 2774 3410 ι
2937 3395 2951 3410 \
3060 3396 3075 3410 ε
3184 3396 3196 3410 ε
3345 3397 3372 3408 υ
3577 3387 3607 3410 ρ
3656 3397 3667 3410 ι
3695 3391 3711 3410 \

337 3417 470 3457 rum
519 3403 577 3455 et
628 3399 739 3454 sub
793 3400 1188 3456 ostensionem
1239 3402 1446 3457 cadere
1498 3405 1552 3456 et
1599 3401 1710 3457 hoc
1763 3401 1983 3472 aliquid

339 3486 474 3557 dici,
498 3492 556 3544 et
583 3489 771 3560 quoad
804 3489 896 3544 sui
929 3489 1313 3546 mutationem
1344 3506 1516 3562 posse
1535 3490 1826 3547 contraria
1855 3507 1987 3547 sus-

339 3578 533 3650 cipere
589 3576 850 3633 alterius.
902 3578 1050 3634 Fieri
1109 3579 1266 3634 enim
1326 3596 1442 3635 non
1501 3584 1693 3651 potest
1749 3584 1815 3636 ut
1870 3582 1986 3636 duo

339 3665 633 3722 contraria
677 3665 737 3721 in
785 3667 990 3722 eodem
1036 3668 1298 3739 subjecto
1343 3668 1519 3723 simul
1551 3669 1892 3726 consistant.
1926 3670 1987 3725 Si

339 3755 498 3812 enim
529 3756 818 3812 contraria
861 3759 1001 3811 sunt
1042 3757 1382 3824 accidentia,
1414 3757 1673 3814 vicissim
1723 3759 1783 3814 in
1833 3759 1987 3814 indi-

337 3843 531 3901 viduis
559 3845 718 3901 180
747 3845 1090 3901 substantia
1123 3847 1458 3919 composita
1491 3852 1624 3903 actu
1655 3849 1986 3904 considera-

338 3934 582 3990 buntur.

410 4024 502 4079 21.
533 4022 876 4095 Quanquam
925 4039 1041 4080 non
1095 4024 1297 4080 omnia
1343 4026 1404 4080 in
1454 4026 1614 4081 omni
1662 4025 1984 4082 individuo.

340 4109 537 4184 Neque
566 4113 725 4168 enim
753 4113 909 4185 ignis
948 4117 1014 4169 ut
1059 4118 1295 4168 maneat
1323 4114 1498 4186 ignis,
1532 4124 1792 4186 unquam
1825 4115 1987 4188 frigi-

340 4203 452 4258 dus
483 4201 607 4258 ﬁeri
639 4206 832 4272 queat,
864 4205 966 4257 aut
994 4218 1146 4273 aqua
1184 4203 1360 4258 sicca.
1392 4203 1539 4258 Nam
1586 4204 1740 4276 ignis
1787 4204 1988 4260 calidi-

340 4295 434 4348 tas
463 4295 522 4347 et
553 4307 712 4362 aqua
744 4291 1069 4347 humiditas
1101 4307 1218 4347 non
1249 4292 1598 4364 simpliciter
1626 4293 1718 4348 his
1748 4293 1992 4365 qualita-

341 4384 455 4448 tes,
513 4380 614 4436 sed
671 4379 1012 4436 essentiales
1067 4385 1208 4436 sunt
1255 4380 1614 4452 differentia,
1675 4383 1989 4439 essentiam

343 4468 703 4541 complentes
728 4486 742 4537 ;
774 4485 881 4524 nec
905 4468 1061 4543 ignis
1093 4473 1151 4525 et
1179 4485 1332 4542 aqua
1356 4471 1653 4527 manentia
1677 4487 1804 4542 qua
1830 4475 1992 4539 sunt,

344 4557 418 4614 ab
475 4556 595 4613 illis
650 4573 778 4628 quae
829 4560 1155 4614 secundum
1204 4558 1523 4615 essentiam
1581 4559 1823 4628 habent,
1873 4560 1994 4617 ullo

346 4648 522 4704 modo
552 4645 833 4704 dimoveri
865 4651 1116 4728 possunt
1141 4647 1230 4704 vel
1261 4647 1438 4704 etiam
1469 4647 1596 4705 sola
1625 4648 1841 4706 mentis
1888 4665 1991 4706 no-

343 4737 522 4794 tione.

413 4829 505 4883 22.
547 4825 650 4883 Illa
695 4825 852 4882 enim
899 4823 1114 4898 quibus
1165 4829 1377 4882 natura
1425 4830 1483 4882 et
1529 4826 1997 4899 inseparabiliter

344 4915 595 4972 alterum
626 4913 1054 4971 contrariorum
1105 4932 1222 4970 non
1273 4913 1446 4987 inest,
1491 4919 1805 4987 utrumque
1856 4932 1994 4972 con-

2024 4709 2072 4774 D

2093 3399 2220 3458 τόδε
2272 3422 2326 3456 τι
2382 3399 2630 3474 λέγεσθαι
2689 3397 2779 3452 xui
2825 3395 2962 3452 κατὰ
3014 3396 3114 3464 τήν
3184 3396 3376 3450 ἑαυτοῦ
3439 3387 3754 3466 μεταϐολὴν

2094 3495 2202 3546 τῶν
2249 3487 2501 3568 ἐναντίων
2558 3487 2690 3541 εἶναι
2741 3484 2991 3553 δεκτικὴν
3036 3483 3182 3558 παρά
3234 3483 3420 3558 μέρος.
3464 3479 3757 3539 Ἀδύνατον

2095 3580 2200 3655 γὰρ
2256 3577 2308 3632 ἐν
2363 3580 2442 3648 τῷ
2498 3574 2644 3646 αὐτῷ
2702 3573 3041 3646 ὑποκειμένῳ
3091 3569 3186 3627 δύο
3237 3570 3446 3626 ἐναντία
3495 3574 3756 3637 συστῆναι

2094 3653 2232 3724 κατὰ
2285 3664 2500 3722 ταυτόν.
2561 3663 2626 3719 Εἰ
2681 3663 2781 3739 γὰρ
2839 3661 3091 3717 τάναντία
3165 3653 3551 3734 συμϐεϐηκότα
3617 3657 3755 3726 ἐστὶ,

2097 3757 2244 3832 παρὰ
2305 3757 2469 3831 μέρος
2529 3753 2580 3809 ἐν
2637 3757 2756 3815 τοῖς
2813 3751 3040 3825 ἀτόμοις
3099 3753 3198 3819 τῆς
3255 3750 3507 3814 συνθέτου
3566 3746 3755 3808 οὐσίας

2098 3844 2336 3923 ἐνεργείᾳ
2366 3845 2794 3917 θεωρηθήσεται.

2169 4032 2271 4080 κα’.
2295 4023 2452 4091 Πλὴν
2485 4022 2585 4078 οὐκ
2615 4020 2666 4076 ἐν
2701 4018 2859 4075 παντὶ
2892 4018 3086 4092 ἀτόμῳ
3123 4018 3189 4072 τὰ
3241 4017 3434 4073 πάντα.
3468 4011 3606 4070 Οὐδὲ
3653 4013 3774 4089 γὰρ·

2099 4115 2160 4170 τὸ
2188 4119 2295 4189 πῦρ
2328 4111 2527 4187 γένοιτ’
2560 4107 2618 4165 ἄν
2648 4131 2781 4164 ποτε
2811 4107 3044 4184 ψυχρὸν,
3081 4105 3238 4180 μένον
3284 4109 3412 4177 πῦρ·
3445 4106 3480 4173 ἣ
3507 4104 3569 4159 τὸ
3606 4099 3756 4178 ὕδωρ

2099 4202 2285 4280 ξηρόν.
2318 4203 2380 4257 Ἡ
2427 4201 2527 4277 γὰρ
2583 4203 2680 4254 τοῦ
2739 4198 2912 4273 πυρὸς
2941 4191 3237 4272 θερμότης,
3264 4193 3354 4249 καὶ
3385 4197 3420 4263 ἡ
3479 4196 3577 4248 τοῦ
3629 4189 3760 4246 δ’δά-

2099 4314 2191 4355 τος
2252 4291 2508 4367 ὑγρότης,
2571 4287 2680 4364 οὐχ
2736 4285 2927 4347 ἁπλῶς
2981 4284 3274 4356 ποιότητες
3329 4282 3547 4344 τούτοις
3605 4280 3762 4337 εἰσίν.

2100 4378 2228 4438 ἀλλ’
2258 4375 2542 4439 οὐσιώδεις
2592 4373 2868 4454 διαφοραὶ,
2901 4371 3362 4447 συμπληρωτικαὶ
3413 4379 3515 4441 τῆς
3575 4369 3760 4432 οὐσίας

2102 4469 2297 4525 αὐτῶν·
2349 4466 2438 4522 x‘ui
2501 4465 2600 4520 οὐκ
2658 4465 2716 4519 ἂν
2781 4464 3011 4536 μένοντα
3059 4463 3122 4517 τὸ
3181 4467 3287 4538 πῦρ
3343 4453 3434 4516 xui
3489 4460 3553 4516 τὸ
3610 4457 3758 4533 ὕδωρ

2104 4561 2237 4634 ἅπερ
2272 4556 2404 4630 ἐστὶ,
2434 4560 2542 4611 τῶν
2598 4555 2716 4608 κατ’
2776 4551 2958 4608 οὐσίαν
3013 4551 3197 4614 αὐτοῖς
3260 4549 3614 4628 ὑπαρχόντων
3671 4547 3760 4605 ὲκ-

2106 4652 2281 4703 σταῖεν
2311 4645 2478 4707 ὅλως·
2512 4641 2640 4699 οὐδὲ
2666 4642 2803 4698 κατὰ
2835 4641 3006 4715 μόνην
3040 4639 3302 4698 ἐπίνοιαν.

2175 4827 2282 4903 κβ’.
2315 4825 2409 4886 Οἴς
2466 4821 2567 4899 γὰρ
2631 4821 2707 4895 μή
2776 4819 2928 4898 φύσει
2984 4817 3078 4875 xui
3133 4816 3461 4896 ἀχωρίστως
3532 4814 3757 4892 θάτερον

2106 4901 2338 4992 ὑπάρχει
2369 4916 2478 4967 τῶν
2533 4910 2812 4982 ἐναντίων,
2843 4905 2994 4966 ταῦθ’
3039 4903 3306 4986 ἑκατέρων
3354 4911 3461 4964 τῶν
3503 4905 3757 4962 ἐναντίων

343 5005 660 5062 trariorum
712 5020 815 5076 per
859 5003 1016 5059 vices
1055 5003 1353 5076 suscipere
1383 5007 1652 5077 possunt.
1687 5005 1985 5077 Pr0pterea

2107 5004 2251 5080 παρά
2285 5003 2450 5078 μέρος
2501 4999 2611 5056 ἐστὶ
2670 4997 2908 5056 δεκτικά.
2959 4998 3052 5055 Διὸ
3101 4997 3193 5054 xui
3242 4998 3271 5052 ὁ
3317 4996 3482 5072 κόραξ
3537 4993 3759 5066 ἐπινοηέ

345 5094 520 5152 etiam
577 5107 786 5151 corvus
843 5092 1197 5166 cogitabitur
1251 5093 1400 5148 forte
1455 5092 1644 5162 albus,
1693 5095 1846 5166 quod
1904 5094 1993 5149 ni-

345 5199 516 5257 grum
573 5182 626 5240 ei
674 5195 789 5239 non
839 5186 1134 5254 competat
1181 5181 1588 5252 essentialiter,
1621 5189 1753 5239 actu
1797 5189 1993 5239 tamen

345 5277 405 5328 et
453 5287 652 5329 revera
697 5287 1000 5342 nunquam
1049 5269 1220 5327 albus
1271 5273 1464 5338 fuerit,
1499 5277 1805 5345 propterea
1840 5272 1992 5344 quod

344 5363 402 5417 et
466 5359 605 5417 huic
670 5361 906 5433 nigrum
974 5360 1081 5416 etei
1150 5377 1265 5416 non
1335 5359 1743 5429 essentialiter,
1794 5367 1993 5418 tamen

345 5450 461 5507 alio
521 5450 694 5506 modo
749 5450 922 5517 inest,
973 5453 1040 5504 ut
1096 5448 1355 5522 separari
1405 5465 1520 5504 non
1575 5449 1781 5522 possit.
1833 5450 1993 5523 Ignis

345 5539 583 5612 quidem
613 5539 794 5611 igitur
839 5538 1106 5611 frigidus,
1139 5544 1241 5594 aut
1269 5555 1419 5610 aqua
1446 5539 1601 5595 sicca
1643 5553 1716 5595 ne
1754 5540 1992 5610 quidem

343 5625 718 5698 cogitabitur.
776 5632 918 5683 Cum
977 5633 1174 5684 autem
1230 5628 1386 5700 ignis
1443 5627 1692 5684 humida
1749 5627 1996 5684 materia

343 5713 628 5780 nutritur,
662 5715 941 5771 humidus
989 5715 1116 5787 erit,
1151 5717 1340 5786 quoad
1391 5732 1633 5773 sensum
1661 5734 1675 5785 ;
1708 5718 1992 5787 quemad-

2105 5097 2325 5165 θήσεται
2362 5091 2455 5162 μὶν
2483 5086 2613 5152 ἴσως
2643 5089 2838 5152 λευκὸς
2888 5085 2979 5144 διὰ
3016 5087 3082 5143 τὸ
3133 5088 3209 5160 μὴ
3260 5083 3541 5149 οὐσιωδῶς
3594 5083 3765 5163 apud;

2105 5186 2240 5240 εἶναι
2286 5182 2350 5236 τὸ
2402 5176 2574 5254 μέλαν
2627 5178 2794 5252 αὐτῷ·
2844 5180 3235 5255 πραγματικῶς
3291 5174 3350 5231 δὲ
3409 5175 3605 5238 λευκὸς
3662 5173 3767 5230 οὐκ

2105 5269 2165 5326 ἄν
2198 5289 2332 5326 ποτε
2379 5264 2613 5344 γένοιτο,
2646 5264 2786 5321 διότι
2843 5261 2934 5321 xui
2989 5265 3169 5339 τούτῳ
3214 5265 3277 5322 τὸ
3341 5260 3534 5338 μέλαν,
3566 5259 3614 5319 εἱ
3669 5260 3761 5319 xui

2109 5361 2185 5433 μὴ
2233 5354 2537 5429 οὐσιωδῶς,
2570 5354 2696 5412 ἀλλ’
2755 5352 2944 5418 ἄλλως
2990 5351 3224 5431 ὑπάρχει
3277 5353 3606 5431 ἀχώριστον.
3647 5344 3765 5409 liii:

2101 5448 2238 5528 χρὸν
2274 5449 2367 5522 μὲν
2398 5444 2489 5502 οὖν
2519 5446 2584 5502 τὸ
2632 5445 2762 5522 πῦρ,
2790 5446 2825 5515 ἢ
2850 5445 2915 5500 τὸ
2943 5441 3092 5520 ὕδωρ
3139 5442 3302 5520 ξηρὸν
3361 5439 3477 5500 οὐδ’
3533 5441 3763 5528 ἐπινοηιιῇ

2102 5527 2342 5609 Θῆσεται·
2380 5537 2516 5612 ὑγρᾷ
2544 5533 2604 5590 δὲ
2630 5535 2960 5613 τρεφόμενον
2993 5529 3113 5608 ὕλῃ·
3139 5531 3201 5589 τό
3247 5537 3356 5608 πῦρ
3403 5527 3551 5589 ἔσται
3603 5527 3764 5611 ὑγρῶν

2103 5628 2177 5688 ὡς
2239 5627 2378 5702 πρὸς
2434 5621 2700 5696 αἴσθησιν·
2734 5619 2916 5700 ὥσπερ
2947 5619 3041 5678 xui
3071 5621 3176 5679 ὑπὸ
3226 5617 3521 5700 πυρώδους
3579 5616 3768 5684 οὐθίάς

2105 5713 2398 5791 θερμανθὲν
2425 5715 2488 5769 τὸ
2519 5711 2688 5791 ὕδωρ,
2721 5710 2950 5788 Θερμόν.

339 5803 591 5871 modum
621 5805 796 5863 etiam
826 5822 975 5879 aqua
1005 5815 1130 5878 qua
1163 5806 1235 5862 ab
1267 5805 1455 5878 ignita
1487 5801 1823 5863 substantia
1851 5803 2130 5866 celelacta
2165 5810 2276 5876 est,
2309 5805 2517 5862 calida.
