4126 6434
1750 469 2104 534 EPlTOME
2142 470 2453 534 LOGICA.

3685 465 3808 530 830

469 598 568 676 κγ’·
603 600 813 673 Δέεεται
863 597 920 656 δὲ
961 600 1024 656 τὸ
1052 604 1160 677 πῦρ
1207 602 1296 657 καὶ
1327 604 1426 672 τὴν
1476 601 1562 657 ἐπὶ
1589 602 1657 658 τὰ
1685 603 1832 657 κάτω
1874 601 2042 680 φορὰν

2225 604 2314 659 23.
2351 601 2611 674 Recipiet
2640 606 2834 658 autem
2893 601 3048 676 ignis
3079 603 3136 658 et
3165 604 3390 658 motum
3426 601 3500 657 ad
3529 601 3807 659 inferiora

401 686 715 762 ὠθούμενον
767 687 856 744 διὰ
901 697 1002 760 τῆς
1047 688 1366 765 ἐκθλίψεως,
1425 693 1499 754 ὡς
1553 692 1580 746 ὁ
1637 691 1912 766 κεραυνός·
1964 691 2054 746 καὶ

399 780 464 834 τὸ
519 776 665 854 ὕδωρ
724 776 864 853 ὁλκῇ
921 779 1230 854 πνεύματος
1285 781 1480 837 ἐσεῖται
1537 782 1806 858 μετέωρον
1842 828 1856 854 ,
1922 779 2055 836 κάπὶ

400 873 507 924 τῶν
539 866 726 923 ἄλλων
758 869 967 941 ὁμοίως
993 870 1242 925 τάναντία
1285 872 1708 948 θεωρηθήσεταιο
1743 870 1880 926 κατά
1905 890 1967 947 γε
1994 871 2056 925 τὸ

403 956 664 1036 πεφυκός.
1659 948 1682 966 ⁸

473 1063 571 1120 κδ’.
631 1065 707 1121 Τὰ
765 1063 812 1120 δ’
864 1066 1088 1144 οὐράνια
1142 1068 1369 1141 σώματα
1421 1069 1498 1130 ὡς
1561 1065 1844 1141 μοναδικᾶ,
1893 1073 2052 1124 τινῶν

408 1153 517 1230 οὐχ
549 1154 886 1230 ὑπάρχουσιν
932 1153 1128 1230 ἄτομα.
1181 1153 1318 1212 Νὕτε
1364 1159 1468 1232 γὰρ
1514 1156 1689 1233 γένος,
1739 1154 1862 1214 οὔτε
1911 1155 2053 1220 εἶδός

404 1243 544 1299 ἐστιν
603 1243 654 1298 ἐν
715 1243 920 1307 αὐτοῖς.
981 1245 1080 1300 Καὶ
1134 1243 1223 1300 διὰ
1274 1251 1436 1302 τοῦτο
1489 1247 1740 1302 τάναντία
1797 1246 1897 1302 οὐκ
1944 1247 2057 1302 ἐπι-

407 1329 684 1409 δέχονται.

476 1423 571 1477 κε’.
603 1421 831 1479 Μᾶλλον
884 1421 932 1478 δ’
976 1422 1028 1479 ἐν
1073 1427 1144 1498 τῇ
1189 1422 1531 1504 κυκλοφορίᾳ
1574 1425 1639 1481 τὸ
1678 1425 1810 1483 εἶναι
1841 1423 2054 1503 ἔχοντα,

408 1509 508 1566 οὐκ
537 1509 596 1566 ἂν
631 1510 812 1587 ἔχοιέν
835 1533 957 1567 τινα
982 1516 1080 1568 τοῦ
1107 1513 1348 1569 ἐναντίου
1378 1512 1727 1591 παραδοχήν.

477 1692 579 1754 κς’.
636 1690 702 1746 Εἰ
761 1693 836 1765 μή
891 1713 977 1754 τις
1032 1688 1174 1767 λάϐῃ
1232 1693 1328 1756 τὰς
1394 1694 1764 1769 ἀντικειμενας
1821 1697 2058 1767 κινήσεις

410 1779 463 1836 ἐν
516 1779 788 1851 πλάνησιν
819 1826 832 1839 .
895 1781 1057 1836 Οὗτοι
1124 1782 1225 1859 γὰρ
1298 1782 1546 1861 φέρονται
1618 1786 1754 1857 μὲν,
1807 1784 1896 1840 καὶ
1955 1787 2060 1842 ἀπὸ

412 1865 631 1942 δυσμῶν
711 1870 786 1932 εἷς
862 1869 1122 1934 ἀνατνλάς
1193 1871 1394 1927 οἰκείαν
1473 1873 1640 1950 φοράν
1687 1895 1700 1908 ·
1755 1875 2059 1952 συμφέρον-

2165 707 2300 748 cum
2331 691 2479 749 181
2517 709 2620 764 per
2655 690 2962 748 elisionem
3009 690 3375 764 propellitur.
3427 696 3494 746 ut
3548 691 3770 747 fulmen
3795 733 3810 759 ,

2165 784 2224 838 et
2253 798 2403 852 aqua
2449 781 2604 837 venti
2651 780 2934 837 tractionc
2982 779 3254 836 sublimis
3301 779 3410 836 erit
3443 797 3456 835 :
3489 783 3543 836 et
3573 779 3634 836 in
3683 779 3814 836 aliis

2165 869 2438 926 similiter
2468 870 2761 926 contraria
2791 886 2895 941 pro
2926 869 3178 926 naturali
3211 868 3513 926 habilitate
3549 869 3814 925 conside-

2165 961 2476 1018 rabuntur.

2234 1071 2325 1126 24.
2359 1069 2531 1142 Atqui
2589 1085 2830 1141 corpora
2884 1066 3142 1123 ccelestia
3197 1071 3263 1122 ut
3320 1065 3662 1139 singularia,
3697 1083 3814 1122 non

2166 1162 2307 1215 sunt
2335 1157 2662 1230 aliquorum
2694 1157 3017 1212 individua.
3066 1157 3262 1228 Neque
3305 1156 3464 1212 enim
3502 1171 3690 1229 genus
3719 1171 3817 1211 ne-

2165 1265 2276 1321 que
2322 1247 2546 1320 species
2593 1249 2684 1302 est
2727 1246 2787 1301 in
2827 1245 2963 1302 illis.
3011 1247 3083 1302 Et
3112 1248 3417 1318 propterea
3446 1261 3562 1301 non
3628 1245 3816 1302 susci-

2165 1339 2338 1411 piunt
2364 1335 2674 1393 contraria.

2236 1427 2324 1483 25.
2359 1426 2470 1482 Sed
2502 1426 2697 1498 potius
2752 1425 2896 1481 dum
2952 1424 3013 1480 in
3069 1423 3340 1480 circulari
3396 1427 3559 1480 motu
3587 1423 3651 1478 τὸ
3689 1440 3819 1481 esse

2170 1516 2405 1582 habent,
2438 1514 2716 1572 contrarii
2765 1513 3024 1586 aliquam
3073 1513 3508 1586 susceptionem
3556 1530 3675 1570 non
3715 1515 3818 1570 ad-

2172 1605 2435 1661 mittunt.

2241 1697 2330 1751 26.
2365 1695 2490 1752 Nisi
2522 1694 2654 1766 quis
2697 1693 2996 1766 oppositos
3047 1692 3105 1748 in
3155 1691 3410 1764 planetis
3441 1696 3638 1750 motus
3666 1691 3824 1749 acci-

2171 1785 2315 1856 piat.
2349 1784 2419 1839 Hi
2451 1783 2608 1839 enim
2638 1783 2815 1839 etiam
2872 1783 2946 1838 ab
3002 1781 3308 1838 occasibus
3339 1782 3411 1836 ad
3458 1785 3625 1837 ortus
3659 1785 3822 1837 motu

2173 1873 2408 1945 proprio
2439 1875 2748 1928 moventur
2783 1888 2794 1926 :
2831 1870 3010 1928 simul
3061 1875 3256 1926 autem
3303 1869 3481 1926 etiam
3523 1886 3659 1926 cum
3691 1871 3824 1925 uni-

407 1979 496 2013 ται
525 1956 584 2013 δὲ
612 1959 703 2014 καὶ
750 1963 831 2030 τῷ
875 1959 1038 2014 παντὶ
1085 1961 1221 2036 πρὸς
1263 1958 1472 2033 δυσμὰς
1514 1961 1566 2033 ἐξ
1615 1961 1912 2032 ἀνατολῶν,
1945 1986 2060 2019 συν-

2181 1977 2341 2017 verso
2372 1961 2452 2034 (id
2485 1963 2592 2026 est,
2625 1960 2813 2033 primo
2864 1958 3089 2031 mobili)
3119 1973 3189 2014 ex
3235 1958 3464 2014 ortibus
3489 1958 3552 2014 in
3580 1974 3825 2014 occasus

411 2045 570 2110 όδους
611 2068 672 2102 τε
719 2051 1001 2103 ποιοῦνται
1053 2049 1143 2104 καὶ
1187 2049 1508 2113 ἀποστάσεις
1551 2051 1642 2106 καὶ
1683 2054 2069 2128 ταπεινώματα

411 2136 502 2192 καὶ
561 2137 866 2210 ὑψώματα,
925 2137 1015 2192 καὶ
1074 2136 1466 2214 προποδίζουσι
1524 2141 1614 2196 καὶ
1661 2139 2067 2217 ἀναποδίζουσι,

413 2227 503 2282 καὶ
565 2225 804 2302 βορείοις
868 2227 958 2282 καὶ
1015 2226 1219 2290 νοτίοις
1287 2233 1385 2283 τοῦ
1449 2228 1718 2300 ζωδιακοῦ
1772 2229 2068 2302 πελάζουσι

419 2314 624 2391 μέρεσι⁶
673 2319 770 2370 τοῦ
818 2315 986 2384 ἡλίου
1039 2315 1208 2389 μόνου
1255 2318 1487 2374 πάντοτε
1530 2321 1630 2388 τὴν
1684 2321 1853 2393 μέσην
1909 2342 2069 2400 φερο-

417 2404 582 2478 μένου
611 2403 702 2459 καὶ
735 2402 992 2474 ὁμαλῶς.
1031 2411 1092 2462 Ἠ
1125 2403 1182 2460 δὲ
1230 2405 1458 2481 σελήνη,
1491 2409 1579 2463 καὶ
1628 2408 1901 2474 ποικίλως
1951 2417 2071 2474 τοῖς

413 2498 722 2570 φωτισμοῖς
765 2513 825 2547 τε
871 2493 962 2548 καὶ
1012 2501 1342 2567 σκοτασμοῖς
1394 2497 1792 2572 σχηματίζεται
1839 2499 1930 2554 καὶ
1982 2501 2068 2556 τέ-

413 2581 560 2638 λειον
609 2582 953 2658 ἀμαυροῦται
1013 2583 1184 2656 μόνης
1238 2588 1344 2639 τῶν
1404 2584 1549 2640 ὅλων
1631 2593 1734 2656 τῆς
1793 2587 2070 2650 ἀπλανοῦς

411 2671 642 2749 σφαίρας
705 2667 977 2744 μηδεμίαν
1024 2670 1424 2748 ἐπιδεχομένης
1477 2673 1842 2747 ἐναντιότητα,
1894 2676 1940 2732 εἰ
1991 2679 2068 2751 μή

412 2782 501 2816 πω
559 2757 705 2835 λέγει
762 2781 847 2822 τις
903 2760 1218 2837 καινοτέρας
1275 2761 1652 2833 ἐναντιότητας
1687 2807 1702 2833 ,
1759 2767 1859 2836 τήν
1915 2767 1964 2820 τ’
2017 2765 2069 2837 ἐξ

414 2846 695 2904 ἀνατολῶν
745 2849 824 2911 εἰς
874 2846 1081 2924 δυσμὰς
1143 2851 1312 2929 φορὰν
1356 2853 1494 2907 κατᾶ
1537 2853 1599 2908 τὸ
1640 2854 1772 2931 ὑπὲρ
1821 2861 1922 2930 γῆν
1977 2853 2068 2910 λε-

415 2937 644 3014 γόμενον
693 2936 1076 3016 ἡμισφαίριον,
1133 2940 1224 2994 καὶ
1280 2942 1381 3010 τήν
1439 2941 1499 2996 ἐκ
1552 2939 1768 3016 δυσμῶν
1824 2943 1902 3006 εἷς
1941 2944 2068 2999 ἀνα-

417 3024 585 3089 τολὰς
611 3027 746 3082 κατά
771 3027 835 3082 τὸ
885 3024 1077 3082 δοκοῦν
1129 3029 1233 3084 ὑπὸ
1262 3033 1386 3104 γῆν,
1439 3027 1529 3085 διὰ
1555 3033 1653 3101 τῆς
1682 3037 1806 3105 μιᾶς
1835 3033 1924 3087 καὶ
1966 3040 2070 3104 τῆς

423 3113 593 3184 αὐτῆς
667 3113 1078 3195 κυκλοφορικῆς
1131 3117 1560 3193 ἀπαρτιζομένας
1636 3123 1923 3195 κινήσεως,
1980 3122 2070 3178 καὶ

421 3203 584 3276 ξένως
612 3205 702 3260 καὶ
733 3210 1054 3278 θαυμαστῶς
1084 3204 1461 3279 ωλληπτικάς
1488 3207 1756 3280 ἀλλήλων
1787 3206 1950 3275 οὔσας
1978 3213 2069 3267 καὶ

418 3291 838 3355 συντελεστικάς.

479 3557 572 3629 κε’.
608 3558 790 3616 Ἀλλά
815 3564 984 3616 ταῦτα
1016 3562 1111 3636 μὲν
1145 3561 1234 3618 ἐπὶ
1261 3568 1543 3621 τοσοῦτον.

476 3653 581 3718 κη’.
615 3648 870 3704 Φαίνεται
921 3647 979 3706 δὲ
1016 3650 1108 3706 καί
1150 3653 1178 3706 ὁ
1211 3651 1378 3729 λόγος
1413 3653 1503 3708 καὶ
1533 3657 1568 3724 ἡ
1603 3652 1730 3728 δόξα
1776 3661 1883 3712 τῶν
1917 3657 2066 3712 ἐναν-

404 3734 535 3792 τίων
569 3736 701 3792 εἶναί
746 3759 864 3800 πως
903 3736 1138 3795 δεκτικά.
1187 3742 1286 3796 Καὶ
1319 3743 1348 3796 ὁ
1395 3743 1489 3816 μὲν
1539 3741 1704 3820 λόγος
1737 3743 1933 3816 δηλοῖς
1970 3747 2063 3802 τὸν

405 3826 738 3904 προφορικὸν
783 3827 875 3882 καὶ
921 3824 1036 3884 ἔστι
1084 3831 1271 3886 ποσόν·
1300 3833 1334 3900 ἠ
1369 3829 1496 3902 δόξα
1526 3829 1585 3887 δὲ
1626 3832 1793 3909 λόγος
1825 3832 2064 3891 ἐνδιάθε-

401 3935 497 3977 τος
530 3912 685 3985 οὗσα,
713 3916 960 3972 τάττεται
993 3918 1098 3973 ὑπὸ
1123 3920 1187 3974 τὸ
1216 3919 1397 3978 ποιόν.
1432 3925 1662 3976 Δοκοῦσι
1693 3919 1751 3977 δὲ
1778 3922 1867 3978 καί
1896 3922 2062 4002 ἄμφω

405 4003 695 4080 τυγχάνειν
735 4009 845 4060 τῶν
897 4005 1170 4080 ἐναντίων,
1221 4009 1298 4070 ὡς
1351 4006 1586 4086 εἴρηται,
1633 4008 1886 4068 δεκτικά.
1939 4015 2060 4069 Ἐὰν

407 4093 509 4168 γὰρ
565 4095 881 4168 καθημένου
927 4099 1024 4151 τοῦ
1086 4099 1413 4174 Σωκράτους
1480 4098 1615 4174 λέγῃ
1669 4121 1753 4162 τις
1807 4101 1964 4157 αὐτὸν
2021 4104 2058 4172 ἢ

405 4177 602 4256 δοξάζῃ
654 4185 940 4256 καθῆσθαι,
1005 4184 1299 4256 ἀληθεύει·
1357 4185 1554 4242 τούτου
1611 4187 1658 4244 δ’
1716 4189 2058 4262 ἀναστάντος,

400 4267 675 4342 ψεύδεται.

469 4450 570 4513 κθ’.
601 4447 762 4505 ’Δλλ’
812 4450 921 4527 οὐχ
968 4450 1113 4508 οὕτω
1156 4454 1224 4508 τὰ
1251 4460 1355 4524 τῆς
1404 4453 1588 4518 οὐσίας
1634 4453 1812 4528 ἄτομα
1841 4453 2059 4513 δεκτικὰ

396 4541 504 4592 τῶν
553 4536 803 4594 ἐναντίων
857 4539 1120 4618 ὑπάρχειν
1174 4540 1415 4617 ἐλέγετο·
1465 4545 1604 4599 κατά
1649 4542 1708 4600 δὲ
1743 4547 1842 4614 τὴν
1897 4567 2058 4620 μετα-

399 4621 575 4697 ϐολήν
609 4628 834 4684 ἑαυτῶν.
865 4634 922 4683 Ὀ
950 4628 1118 4708 λόγος
1165 4629 1225 4686 δὲ
1271 4631 1361 4686 καὶ
1391 4635 1426 4701 ἡ
1461 4630 1589 4704 δόξα
1641 4634 1890 4708 μένουσιν
1924 4634 2056 4713 ὅπερ

398 4715 524 4789 εἰσὶ,
553 4721 652 4773 τοῦ
681 4719 1003 4795 πράγματος
1039 4715 1502 4794 μεταϐάλλοντος.

469 4821 538 4878 λ’.
571 4822 803 4888 ’Ἄλλως
831 4845 893 4880 τε
920 4823 1048 4882 οὐδὲ
1091 4827 1346 4882 τάναντία
1394 4827 1562 4904 λόγος
1592 4830 1630 4900 ἢ
1663 4829 1790 4903 δόξα
1833 4828 2052 4888 δύναται

397 4908 666 4985 δέξασθαι.
700 4913 910 4990 Πάσχει
957 4916 1062 4992 γὰρ
1111 4916 1175 4970 τὸ
1218 4916 1476 4973 τάναντία
1515 4917 1832 4996 δεχόμενον.
1863 4921 1928 4977 Ἠ
1949 4921 2054 4998 γὰρ

393 4999 474 5064 εἰς
501 4999 757 5059 τάναντία
802 4997 1084 5078 μεταϐολή
1125 5006 1298 5071 πάθος
1348 5006 1508 5062 ἐστίν’
1542 5011 1579 5079 ἡ
1619 5006 1748 5080 δόξα
1799 5007 1856 5064 δὲ
1902 4997 2052 5066 καὶὸ

394 5088 562 5170 λόγος
591 5092 820 5166 ἀκίνητα
853 5092 1001 5168 μένει
1031 5091 1123 5149 καὶ
1154 5088 1530 5170 ἀμετάϐλητα.

461 5267 566 5327 λα’.
618 5269 848 5329 Μᾶλλον
895 5268 955 5327 δὲ
1004 5269 1174 5328 εἰπεῖν
1225 5271 1352 5329 οὐδὲ
1401 5275 1569 5349 μένει,
1621 5273 1750 5331 ἀλλ’
1805 5276 1919 5350 ἅμα
1971 5282 2052 5351 τῷ

389 5356 714 5434 δοξασθῆναι
769 5359 834 5417 τὸ
889 5365 1116 5438 πρᾶγμα
1171 5363 1208 5432 ἡ
1268 5359 1395 5434 δόξα
1443 5364 1732 5432 πέπαυται,
1789 5364 1882 5421 καί
1938 5368 2052 5440 ἅμα

388 5452 470 5522 τῷ
501 5447 786 5526 ῥηθῆναιὸ
817 5447 983 5527 λόγος
1030 5448 1309 5529 ἔφθαρται.
1361 5453 1461 5509 Καὶ
1513 5451 1686 5516 ἄλλος
1735 5455 1830 5528 μὲν
1882 5454 2049 5532 λόγος

392 5539 422 5594 ὁ
465 5537 634 5595 εἲπὼν
675 5541 742 5596 τὸ
790 5537 1057 5616 πρότερον
1109 5539 1202 5596 τὸν
1253 5542 1550 5619 Σωκράτην
1599 5545 1912 5615 καθῆσθαι,
1960 5546 2049 5600 καὶ

382 5624 554 5692 ἄλλος
580 5630 612 5685 ὁ
645 5631 761 5703 μετ’
814 5627 1019 5686 ἐκεῖνον
1061 5629 1300 5706 λεχθείς.
1344 5632 1416 5687 Τὸ
1465 5629 1513 5686 δ’
1541 5631 1672 5688 αὐτὸ
1701 5631 1790 5687 καὶ
1831 5633 1919 5688 ἐπὶ
1949 5637 2048 5704 τῆς

389 5712 576 5788 δόξης.

455 5803 570 5884 λβ’.
601 5803 827 5866 Ἢοωὶ
845 5813 948 5879 τῆς
965 5804 1129 5881 δόξης
1151 5806 1263 5868 ἐστὶ
1283 5809 1345 5865 τὸ
1365 5807 1651 5882 ἀληθεύειν
1682 5811 1718 5883 ἢ
1741 5809 2048 5888 ψεύδεσθαι,

2179 2054 2507 2117 moventur,
2554 2053 2614 2105 et
2661 2050 3107 2120 conjunctiones
3143 2052 3200 2104 et
3247 2064 3536 2115 recessus,
3588 2054 3643 2103 et
3671 2048 3827 2119 deje-

2179 2140 2402 2196 ctiones
2431 2143 2488 2195 et
2513 2137 2898 2196 exaltationes
2945 2137 3224 2204 subeunt,
3275 2141 3333 2192 et
3360 2137 3686 2208 procedunt
3712 2135 3822 2207 (di-

2180 2229 2366 2300 recti),
2408 2233 2466 2284 et
2529 2229 2922 2296 retrocedunt,
2973 2231 3030 2282 et
3077 2224 3517 2298 aquilonaribus
3563 2225 3829 2282 australi-

2180 2319 2405 2391 busque
2430 2318 2660 2374 Zodiaci
2691 2318 2958 2390 partibus
3003 2315 3435 2389 propinquant;
3477 2320 3707 2371 tantum
3739 2315 3828 2372 sol

2180 2412 2460 2479 perpetuo
2504 2407 2564 2462 in
2614 2407 2806 2463 medio
2849 2405 3080 2463 Zodiaci
3127 2409 3185 2460 et
3233 2405 3530 2477 aequaliter
3594 2419 3827 2462 movea-

2181 2502 2320 2552 tur:
2366 2495 2510 2552 luna
2553 2501 2749 2553 autem
2807 2501 2864 2552 et
2906 2497 3064 2553 varie
3108 2515 3244 2554 cum
3293 2494 3830 2554 illuminationibus

2179 2590 2309 2641 tum
2341 2585 2850 2643 obscurationibus
2881 2588 3188 2660 ﬁguratur,
3220 2596 3278 2644 et
3319 2587 3556 2643 tandem
3587 2601 3828 2658 prorsus

2182 2675 2520 2744 evanescit;
2574 2681 2641 2731 ut
2687 2675 2812 2732 sola
2861 2676 3014 2732 inter
3054 2693 3257 2734 omnes
3287 2676 3556 2732 inerrans
3603 2673 3832 2748 sphaera

2181 2763 2403 2820 nullam
2437 2765 2908 2821 contrarietatem
2961 2766 3223 2838 recipiat,
3257 2765 3368 2820 nisi
3399 2765 3532 2836 quis
3561 2763 3830 2822 noviores

2181 2854 2610 2910 contrarietatis
2641 2854 2799 2910 dicat
2827 2871 2961 2910 cum
2991 2854 3272 2911 lationem
3321 2854 3484 2909 illam
3516 2870 3644 2926 quae
3674 2853 3828 2910 182

2181 2959 2248 2998 ex
2269 2944 2496 2998 ortibus
2527 2949 2616 3000 est
2636 2948 2694 2999 et
2714 2959 2958 3001 occasus
2989 2945 3315 3000 secundum
3345 2942 3828 3015 hemisphaerium

2180 3033 2334 3102 quod
2365 3049 2546 3104 supra
2575 3038 2791 3089 terram
2833 3034 3069 3099 dicitur,
3099 3039 3227 3088 tum
3258 3050 3387 3089 eam
3416 3049 3543 3104 quis
3573 3049 3642 3088 ex
3671 3049 3832 3087 occa-

2180 3121 2346 3177 sibus
2376 3129 2466 3177 est
2506 3122 2564 3178 in
2607 3128 2770 3180 ortus
2821 3124 3148 3179 secundum
3197 3122 3254 3177 id
3306 3123 3462 3194 quod
3516 3122 3626 3179 sub
3675 3126 3830 3178 terra

2177 3210 2410 3266 videtur
2436 3212 2982 3286 (hemisphzerium),
3013 3229 3139 3284 quae
3172 3229 3292 3268 una
3319 3217 3377 3267 et
3404 3211 3608 3268 eadem
3635 3210 3826 3266 circu-

2095 3335 2139 3401 C
2178 3300 2288 3356 lari
2341 3302 2597 3358 motione
2654 3301 3055 3372 absolvuntur,
3105 3304 3163 3357 et
3215 3299 3499 3374 singulari
3569 3300 3826 3356 admira-

2176 3389 2395 3462 bilique
2453 3393 2628 3448 modo
2687 3407 2750 3447 se
2782 3395 2990 3447 mutuo
3047 3391 3520 3462 complectuntur
3547 3393 3606 3446 et
3648 3389 3826 3460 perﬁ-

2176 3479 2362 3536 ciunt.

2244 3571 2336 3626 27.
2371 3571 2480 3627 Sed
2512 3571 2583 3626 de
2607 3570 2700 3626 his
2729 3569 2964 3643 quidem
2997 3570 3058 3625 in
3091 3574 3342 3625 tantum.

2244 3662 2336 3716 28.
2383 3661 2672 3717 Videntur
2718 3664 2915 3716 autem
2946 3663 3005 3716 et
3033 3661 3217 3716 oratio
3248 3662 3305 3715 et
3334 3658 3552 3731 opinio,
3595 3661 3824 3714 contra-

2174 3750 2262 3806 ria
2292 3751 2723 3823 quodammodo
2765 3750 3023 3822 recipere
3053 3765 3245 3822 posse.
3277 3749 3345 3803 Et
3375 3747 3559 3804 oratio
3587 3746 3824 3819 quidem

2173 3839 2529 3911 prolatitiam
2564 3838 2839 3904 declarat,
2883 3843 2942 3894 et
2988 3843 3079 3893 est
3122 3837 3418 3909 quantitas
3449 3852 3462 3890 :
3498 3835 3695 3908 opinio
3725 3851 3827 3890 au-

2171 3931 2291 3982 tem
2323 3943 2456 3982 cum
2488 3928 2567 3983 sit
2594 3928 2778 3983 oratio
2809 3927 3058 3997 interna,
3114 3926 3224 3981 sub
3271 3925 3552 3999 qualitate
3592 3923 3823 3996 reponi-

2170 4019 2287 4071 tur.
2320 4015 2605 4071 Videntur
2633 4021 2827 4072 autem
2885 4020 3150 4086 utraque,
3183 4019 3247 4070 ut
3292 4014 3515 4070 dictum
3544 4017 3654 4084 est,
3685 4029 3824 4068 con-

2169 4103 2351 4160 traria
2381 4105 2678 4176 suscipere
2707 4119 2901 4176 posse.
2951 4104 3097 4160 Cum
3127 4103 3284 4158 enim
3315 4103 3557 4159 sedente
3588 4103 3823 4159 Socrate

2170 4193 2312 4248 dicit
2343 4198 2444 4248 aut
2475 4195 2755 4265 opinatur
2802 4191 3015 4264 aliquis
3054 4193 3258 4248 sedere
3285 4191 3504 4265 ipsum,
3527 4195 3656 4248 tum
3688 4205 3822 4247 vere

2169 4282 2312 4338 dicit
2343 4284 2468 4354 (aut
2522 4282 2863 4354 opinatur);
2915 4287 3229 4355 postquam
3286 4285 3485 4336 autem
3543 4280 3819 4348 surrexit,

2167 4371 2468 4428 mentitur.

2237 4461 2328 4517 29.
2360 4461 2576 4518 Verum
2607 4460 2764 4516 haud
2798 4461 2881 4515 ita
2916 4459 3221 4516 individua
3249 4457 3592 4515 substantias
3623 4474 3821 4531 posse-

2167 4550 2461 4606 contraria
2491 4550 2789 4621 suscipere
2819 4549 3184 4618 dicebantur,
3217 4548 3319 4603 sed
3348 4546 3539 4619 quoad
3571 4545 3664 4602 sui
3694 4562 3819 4600 mu-

2165 4639 2671 4696 tationem.0ratio
2692 4643 2887 4695 autem
2913 4643 2972 4694 et
3001 4638 3461 4711 opiniomanent
3477 4637 3630 4707 quod
3654 4640 3815 4704 sunt,

2085 4707 2134 4773 D
2163 4745 2227 4784 re
2255 4733 2487 4784 tantum
2519 4728 2904 4785 mutationem
2935 4707 3244 4783 subeunte.

2233 4836 2320 4890 30.
2359 4835 2540 4892 Aliter
2567 4835 2746 4891 etiam
2777 4835 2963 4891 oratio
2991 4839 3048 4890 et
3067 4833 3262 4907 opinio
3294 4850 3368 4890 ne
3396 4833 3636 4905 quidem
3675 4849 3814 4890 con-

2165 4924 2365 4995 traria,
2374 4925 2673 4997 suscipere
2703 4924 3146 4997 possunt.Quod
3176 4923 3334 4979 enim
3365 4923 3658 4980 contraria
3686 4939 3814 4979 sus-

2163 5013 2322 5086 cipit,
2358 5014 2597 5085 patitur.
2659 5013 2906 5069 Mutatio
2963 5013 3121 5068 enim
3177 5013 3239 5068 in
3294 5011 3585 5068 contraria
3613 5013 3813 5085 passio

2161 5107 2271 5159 est.
2303 5103 2377 5158 At
2406 5102 2602 5175 opinio
2651 5107 2710 5159 et
2739 5102 2922 5158 oratio
2965 5102 3120 5158 188
3153 5106 3350 5158 motus
3380 5105 3439 5158 et
3467 5100 3814 5157 mutationis

2162 5195 2431 5264 expertes
2461 5195 2720 5249 manent.

2233 5281 2323 5336 31.
2369 5280 2519 5346 Quin
2570 5281 2787 5338 rectius
2836 5280 3123 5352 loquendo
3171 5296 3357 5353 neque
3401 5281 3680 5348 manent;
3713 5280 3812 5336 sed

2163 5368 2341 5425 simul
2373 5385 2437 5425 ac
2467 5386 2588 5426 rem
2640 5370 2862 5442 opinati
2914 5387 3144 5438 sumus,
3190 5367 3440 5426 cessavit
3485 5368 3725 5442 opinio;
3759 5372 3817 5424 et

2162 5456 2339 5514 simul
2371 5474 2440 5513 ac
2469 5458 2628 5514 dicla
2656 5463 2746 5514 est
2776 5458 2980 5529 oratio,
3014 5463 3289 5528 corrupta
3319 5462 3429 5514 est.
3453 5459 3525 5515 Et
3553 5457 3667 5514 alia
3693 5457 3818 5529 qui-

2161 5547 2294 5602 dem
2325 5547 2623 5617 oratiotest
2651 5564 2778 5619 quis
2803 5548 2969 5620 prius
2999 5549 3148 5604 dixit
3175 5549 3471 5605 Socretem
3502 5548 3725 5612 sedere,
3758 5551 3816 5602 et

2160 5636 2277 5692 alia
2304 5653 2437 5709 quaa
2465 5641 2598 5710 post
2625 5637 2789 5693 illam
2821 5637 2977 5693 dicta
3006 5639 3283 5694 estJdem
3313 5644 3510 5694 autem
3543 5636 3719 5694 etiam
3740 5635 3812 5692 de

2158 5725 2439 5798 opinione
2467 5727 2858 5782 sentiendum.

2184 5845 2186 5847 >
2229 5815 2320 5871 32.
2371 5817 2485 5873 Aut
2515 5832 2589 5872 an
2618 5829 2804 5889 neque
2831 5815 3126 5890 opinionis
3172 5823 3264 5874 est
3308 5829 3505 5873 veram
3563 5819 3694 5872 eses
3721 5811 3809 5877 vel
