4126 6422
375 374 495 437 833

1741 363 2092 431 EPITOME
2135 365 2442 432 LOGICA.

3673 378 3797 442 834

369 504 508 561 κατὰ
557 497 856 575 συλλαϐὰς,
915 501 1054 576 πρὸς
1111 498 1302 557 οὐδένα
1357 499 1538 556 κοινόν
1596 497 1720 577 ὅρον
1777 497 1901 577 ἔχοι
1958 499 2017 555 ἂν

2165 518 2240 559 nes
2259 506 2322 559 ut
2337 504 2513 560 etiam
2535 505 2860 561 secundum
2878 505 3132 579 syllabas
3149 507 3539 576 dividatur,ad
3557 511 3790 570 nullum

368 594 436 649 τά
489 592 665 648 οἰκεῖα
724 591 858 667 μέρη
949 589 1321 664 συναπτόμενά
1375 611 1435 645 τε
1487 589 1579 645 καὶ
1639 590 2020 663 συνενούμενα,

370 682 468 738 Διά
518 687 683 737 τοῦτο
733 685 864 757 γοῦν
926 680 1154 758 ἀριθμὸς
1185 679 1275 734 καὶ
1316 677 1480 756 λόγος
1537 677 1868 756 διωρισμένα
1925 700 2022 734 κα-

370 770 595 826 λοῦνται
627 771 787 842 ποσὰ,
819 768 908 825 διὰ
935 771 998 825 τὸ
1027 766 1248 825 ἕκαστον
1299 768 1472 824 αὐτῶν
1529 767 1675 844 ἔχειν
1730 769 1797 824 τά
1849 769 2026 823 οῗκεῖα

377 861 514 937 μέρη
583 861 674 915 ἀπ’
740 857 1006 931 ἀλλήλων
1094 856 1473 934 διακεκριμένα
1541 858 1630 913 καὶ
1696 855 2024 933 διακεχωρι-

375 949 566 1024 σμένα.

447 1036 510 1097 δ’.
553 1045 768 1114 Συνεχῆ
824 1036 882 1094 δὲ
937 1037 1079 1093 ποσά
1128 1038 1238 1094 ἐστι
1287 1038 1350 1093 τὸ
1398 1041 1578 1110 σῶμα,
1629 1040 1664 1107 ἡ
1724 1036 2025 1116 ἐπιφάνεια,

374 1129 464 1184 καὶ
493 1131 528 1197 ἡ
558 1129 814 1205 γραμμὴ,
849 1129 878 1182 6
905 1123 1075 1190 τόπος
1101 1148 1160 1182 τε
1197 1125 1288 1182 καί
1319 1128 1347 1182 6
1377 1126 1600 1203 χρόνος.

448 1241 505 1293 ε’.
535 1235 634 1289 Ἀν
660 1234 842 1290 τοίνυν
875 1233 1100 1289 ἑκάστου
1153 1232 1363 1289 τούτων
1413 1233 1482 1288 τὰ
1541 1231 1680 1307 μέρη
1737 1255 1820 1296 τις
1869 1231 2029 1303 ἐκζη-

373 1324 522 1397 τοίη,
584 1321 804 1398 δυνάμει
863 1327 1032 1379 ταῦτα
1081 1321 1306 1399 διαιρῶν
1380 1323 1470 1378 καὶ
1558 1322 2030 1396 ἐπισκεπτόμενος,

375 1412 652 1485 ἀλλήλοις
706 1413 920 1489 εὑρήσει
977 1412 1298 1486 συνημμένα
1346 1412 1434 1467 καὶ
1494 1408 1798 1489 ἀδιάκριτα.
1828 1411 1903 1466 Τὰ
1937 1410 2029 1484 μὲν

373 1503 475 1580 γάρ
522 1507 621 1558 τοῦ
672 1502 927 1576 σώματος
999 1500 1164 1574 μόρια
1230 1499 1511 1580 ἐπιφανείᾳ
1576 1498 1918 1571 συνάπτεται,
1969 1498 2036 1552 τὰ

376 1589 435 1646 δὲ
461 1599 562 1662 τῆς
595 1590 906 1668 ἐπιφανείας
946 1593 1199 1667 γραμμῇο
1232 1589 1449 1663 σημείῳ
1499 1587 1557 1644 δὲ
1602 1588 1670 1644 τὰ
1713 1591 1812 1658 τῆς
1859 1607 2034 1664 γραμ-

381 1687 511 1755 μῆς’
562 1681 654 1736 καὶ
710 1679 778 1734 τά
822 1684 920 1734 τοῦ
966 1678 1138 1734 τόπου
1197 1676 1255 1734 δὲ
1310 1679 1446 1755 μέρη
1498 1681 1731 1755 γραμμῇ
1783 1677 2035 1732 συνάπτει

375 1771 513 1847 πρὸς
569 1767 813 1839 ἄλληλα,
848 1769 1168 1847 Ἐπιφάνεια
1209 1769 1310 1844 γάρ
1368 1767 1450 1830 τίς
1511 1767 1621 1822 ἐστι
1662 1767 1751 1822 καὶ
1784 1768 1813 1821 6
1845 1765 2034 1837 τόπος,

377 1860 545 1936 πέρας
598 1858 860 1936 ὑπάρχων
913 1862 1011 1912 τοῦ
1053 1857 1432 1934 περιέχοντος,
1487 1857 1621 1921 καθὸ
1673 1857 1917 1932 περιέχει
1973 1855 2038 1909 τὸ

379 1947 798 2025 περιεχόμενον·
831 1944 1005 2023 ἤγουν
1056 1945 1217 2008 τέλος
1259 1951 1356 2001 τοῦ
1404 1945 1758 2022 περιέχοντός
1795 1967 1868 2015 τι,
1909 1943 2040 1999 καθὸ

377 2036 537 2100 τέλος
594 2037 840 2114 περιέχει
895 2037 958 2092 τὸ
1011 2036 1299 2112 περιέχον,
1353 2034 1527 2091 ἐκεῖνο
1583 2036 1646 2090 τὸ
1699 2040 1926 2112 πρᾶγμα
1978 2034 2041 2088 τὸ

381 2126 771 2203 περιεχόμενον
837 2126 921 2180 ὑπ’
979 2124 1144 2180 αὐτοῦ
1210 2121 1277 2193 δὴ
1349 2130 1446 2179 τοῖ’)
1511 2123 1889 2201 περιέχοντος.
1938 2127 2043 2178 Τοῦ

383 2215 588 2293 χρόνου
677 2212 735 2269 δὲ
811 2211 1219 2291 διαιρουμένου,
1294 2213 1370 2276 εἰς
1451 2211 1875 2290 παρεληλυθότα
1953 2213 2043 2268 καὶ

389 2302 684 2379 μέλλοντα,
715 2305 971 2358 συνάπτει
1000 2304 1069 2358 τὰ
1103 2304 1241 2377 μέρη
1271 2301 1468 2358 τούτου
1497 2303 1562 2358 τὸ
1606 2307 1722 2360 νῦν.

456 2413 521 2476 ς’.
560 2414 624 2466 Ὃ
682 2408 741 2466 δέ
797 2409 910 2466 ἐστι
969 2415 1198 2484 σημεῖον
1255 2410 1308 2465 ἐν
1367 2414 1627 2486 γραμμῇ,
1658 2415 1820 2465 τοῦτο
1883 2409 2047 2484 μονὰς

383 2501 438 2557 ἐν
469 2501 712 2576 ἀριθμῷ,
743 2500 835 2555 καὶ
863 2499 915 2555 έν
949 2499 1139 2576 χρόνῳ
1167 2499 1231 2555 τὸ
1259 2503 1372 2556 νῦν.
1405 2501 1618 2556 Ἀποσα
1655 2498 1760 2576 γὰρ
1806 2498 1874 2554 τὰ
1925 2498 2049 2575 τρία

386 2590 479 2646 καὶ
507 2591 710 2666 ἀμερῆ.
746 2586 968 2658 Ἀλλ”ἠ
1023 2589 1118 2662 μὲν
1181 2589 1370 2662 μονὰς,
1406 2589 1452 2643 εἰ
1509 2589 1600 2644 καὶ
1658 2587 1889 2665 ἀριθμὸς
1952 2584 2052 2642 οὒκ

390 2677 554 2751 ἔστιν,
617 2678 771 2753 ὅμως
851 2678 1058 2754 γίνεται
1123 2677 1288 2754 μέρος
1342 2682 1440 2733 τοῦ
1498 2679 1752 2754 ἀριθμοῦ.
1811 2677 1904 2732 Διὸ
1961 2675 2050 2732 καὶ

385 2767 814 2844 προστιθεμένη,
862 2763 1006 2838 αὔξει
1065 2767 1248 2826 αὐτόν.
1292 2769 1350 2821 Ὁ
1397 2767 1498 2844 γὰρ
1547 2767 1783 2843 ἀριθμὸς
1843 2765 1903 2822 ἐκ
1952 2787 2051 2840 μο-

389 2855 564 2913 νάδων
636 2856 869 2932 ὑπάρχει
937 2857 1311 2932 συγκείμενος·
1364 2856 1480 2912 ἐπεὶ
1547 2857 1638 2912 καὶ
1693 2855 1891 2932 σωρεία
1951 2876 2052 2929 μο-

391 2943 566 3002 νάδων
617 2945 744 3003 ἐστί.
779 2948 850 3000 Τὸ
900 2943 958 3000 δὶ
1008 2951 1235 3020 σημεῖον
1284 2949 1354 3020 τῇ
1401 2950 1634 3022 γραμμῇ
1691 2945 2053 3022 προστιθέμε-

397 3056 486 3090 νον
537 3035 634 3091 οὐκ
689 3031 834 3108 αὔξει
889 3035 1077 3105 αὐτήνο
1137 3035 1219 3090 ὅτι
1277 3032 1406 3109 μηδ’
1472 3035 1531 3089 ἐκ
1603 3033 1844 3108 σημείων
1902 3034 2053 3088 συνέ-

403 3146 592 3195 στηκεν
643 3127 678 3196 ἡ
727 3127 983 3202 γραμμή.
1016 3125 1115 3178 Καὶ
1144 3125 1209 3179 τὸ
1252 3129 1345 3180 νῦν
1403 3121 1460 3178 δὲ
1503 3123 1921 3198 προστιθέμενον
1976 3126 2057 3194 τῷ

407 3213 613 3290 χρόνῳ,
663 3211 922 3288 οὐδεμίαν
973 3213 1190 3285 αὔξησιν
1259 3210 1502 3283 δίδωσιν,
1548 3211 1629 3268 ὅτι
1689 3209 1830 3286 μηδὲ
1893 3210 2054 3288 μέρος

407 3302 574 3376 αὐτῷ,
610 3300 751 3378 μηδὶ
779 3304 843 3359 τὸ
870 3303 1061 3378 τυχόν.

476 3486 533 3551 ζ’.
567 3479 743 3538 Ἀλλᾶ
781 3479 848 3551 δὴ
889 3481 980 3536 καὶ
1013 3483 1048 3551 ἠ
1083 3481 1317 3557 γραμμή
1363 3480 1760 3557 προστιθεμένη
1818 3483 1887 3555 τῇ
1942 3479 2061 3560 ’ἐπι-

397 3570 590 3644 φανείᾳ
667 3571 766 3626 οὐκ
831 3567 975 3641 αὔξει
1024 3570 1214 3641 αὐτ-ἦν’
1279 3569 1396 3625 ἐπεὶ
1479 3567 1669 3646 μόριον
1747 3567 1847 3624 οὐκ
1916 3561 2055 3624 ἔστιν

393 3659 564 3730 αὐτῆς
607 3657 734 3715 οὐδὲ
773 3658 1162 3736 τούλάχιστον.
1193 3661 1256 3714 Ἡ
1310 3659 1405 3733 μὲν
1447 3659 1549 3736 γὰρ
1608 3657 1890 3738 ἐπιφάνεια
1951 3660 2055 3732 μῆ-

391 3770 489 3813 κος
548 3748 667 3826 ἔχει
725 3749 814 3804 καὶ
877 3748 1107 3811 πλάτος·
1171 3751 1206 3820 ἡ
1272 3750 1504 3826 γραμμὴ
1556 3745 1614 3803 δὲ
1681 3747 1856 3823 μῆκός
1914 3746 2052 3802 ἐστιν

397 3837 654 3902 ἀπλατές.
710 3838 865 3895 Οὕτω
935 3836 994 3894 δὲ
1039 3841 1129 3894 γαὶ
1185 3839 1249 3894 τὸ
1308 3843 1469 3912 σῶμα
1531 3843 1678 3915 τρεῖς
1752 3835 2054 3900 διαστάσεις

393 3925 546 4004 ἕχον,
601 3936 803 4003 μῆκος,
849 3927 1083 3991 πλάτοες
1130 3928 1220 3983 καὶ
1272 3927 1455 4004 βάθος,
1483 3925 1653 3983 εἷίτουν
1715 3928 1919 4003 πάχος,
1951 3928 2053 3983 ὑπὸ

396 4025 497 4088 τῆς
529 4017 841 4098 ἐπιφανείας
873 4018 974 4072 οὐκ
1004 4015 1235 4088 αὔξεται.

463 4115 533 4178 η’.
568 4108 632 4163 Εἰ
664 4105 723 4162 δὲ
751 4107 814 4162 τὸ
863 4112 1023 4181 σῶμα
1075 4105 1231 4161 οὐσία
1277 4105 1411 4176 ἐστὶ,
1444 4104 1663 4182 λέγεται
1711 4102 1770 4160 δὲ
1810 4105 1899 4160 καὶ
1947 4126 2056 4160 πο-

396 4196 511 4268 σὸν,
562 4194 715 4252 οὐδὲν
786 4195 1116 4270 θαυμαστόν.
1190 4194 1428 4250 Καθόσον
1503 4196 1597 4268 μὲν
1674 4194 1776 4270 γάρ
1837 4193 2054 4250 ὑποκεί-

399 4286 556 4359 μενόν
591 4285 722 4359 ἐστι,
754 4286 844 4341 καὶ
894 4286 1058 4341 ταυτὸ
1105 4285 1194 4340 καὶ
1241 4283 1295 4339 ἓν
1345 4285 1504 4358 μένον
1548 4288 1630 4356 τῷ
1675 4284 1914 4360 ἀριθμῷ,
1943 4288 2050 4338 τῶν

396 4375 647 4430 ἐναντίων
705 4375 816 4430 ἐστὶ
873 4372 1138 4433 δεκτικὸν.
1200 4373 1618 4452 ἀναμφιλέκτως
1686 4372 1842 4427 οὐσία
1917 4371 2049 4429 ἐστί.

395 4465 622 4521 καθόσον
657 4462 714 4521 δὲ
756 4472 927 4542 τριχῆ
979 4462 1282 4536 διαστατὸν,
1314 4463 1406 4518 καὶ
1467 4463 1773 4538 μετρεῖσθαι
1825 4460 2049 4540 πέφυκε,

400 4555 536 4610 κατὰ
563 4559 726 4610 τοῦτο
764 4554 928 4628 μόνον
964 4553 1196 4631 ὑπάρχει
1225 4553 1416 4610 ποσόν.

468 4735 533 4791 θ’.
565 4735 637 4788 Τὸ
685 4735 904 4810 συνεχὲς
957 4731 1016 4788 δὲ
1061 4737 1160 4788 τοῦ
1221 4737 1395 4788 ποσοῦ
1453 4732 1543 4787 καὶ
1585 4731 1648 4786 τὸ
1693 4729 2052 4804 διωρισμένον

400 4823 496 4879 κάν
555 4829 636 4896 τῷ
681 4824 878 4898 κόσμῳ
936 4825 1219 4900 θεωρεῖται
1273 4821 1451 4877 παντί·
1483 4826 1581 4876 τοῦ
1638 4821 1733 4895 μὲν
1792 4824 2052 4896 συνεχοῦς

399 4916 436 4984 ἡ
467 4913 624 4992 φύσις
659 4913 784 4984 ἥτις
831 4909 1078 4968 καλεῖται
1131 4911 1353 4990 μέγεθος
1402 4912 1448 4984 ᾧ
1496 4908 1789 4966 ἀκολουθεῖ
1838 4911 1901 4964 τὸ
1949 4930 2055 4980 πη-

401 5002 578 5076 λίκον,
610 5003 725 5058 καθ’
752 5000 946 5058 ἕνωσιν
977 5002 1066 5056 καὶ
1112 5000 1521 5077 ἀλληλουχίαν
1567 5004 1666 5055 τοῦ
1716 4997 1774 5054 δὲ
1831 4997 2051 5076 διωρισ-

405 5091 569 5165 μένου
612 5092 737 5162 ἥτις
784 5089 1036 5148 καλεῖται
1073 5089 1309 5160 πλῆθος,
1358 5091 1405 5162 ᾧ
1452 5089 1746 5153 ἀκολουθεῖ
1769 5089 1832 5143 τὸ
1861 5089 2053 5156 ποσὸν,

400 5181 540 5237 κατὰ
593 5180 823 5258 σωρείαν
897 5180 987 5235 καὶ
1071 5178 1383 5255 παράθεσιν.
1425 5179 1524 5233 Καὶ
1603 5177 1740 5233 κατᾶ
1799 5178 1893 5250 μὲν
1951 5178 2053 5246 τὴν

395 5273 497 5325 τοῦ
532 5269 788 5346 μεγέθους
839 5267 1021 5324 οὐσίαν
1071 5269 1148 5329 εἶς
1194 5268 1223 5321 ὁ
1269 5266 1477 5341 κόσμος
1519 5265 1631 5321 ἐστί
1676 5287 1736 5320 τε
1777 5266 1868 5320 καὶ
1913 5271 2057 5320 νοεῖ-

395 5379 488 5415 ται
543 5359 828 5438 σφαιρικὸς
895 5357 986 5412 καὶ
1040 5356 1407 5434 συμπεφυκὼς
1478 5355 1671 5428 ἑαυτῷ,
1736 5351 2058 5428 διατεταμέ-

397 5469 492 5511 νος
534 5468 594 5504 τε
641 5447 732 5503 καὶ
790 5445 1345 5523 ἀλληλουχοῦμενος.
1396 5443 1541 5499 Κατὰ
1590 5441 1648 5499 δὲ
1710 5444 1774 5498 τὸ
1837 5440 2055 5514 πλῆθος

398 5536 435 5608 ἥ
482 5557 542 5593 τε
589 5535 833 5608 σύνταξις
889 5537 1170 5612 θεωρεῖται
1221 5533 1312 5588 καὶ
1369 5535 1404 5604 ἡ
1475 5528 1862 5608 διακόσμησις,
1903 5534 1938 5604 ἠ
1998 5533 2060 5589 ἐκ

429 5623 634 5682 οσῶνδε
691 5627 819 5704 φέρε
878 5627 1046 5682 εἷ’πεῖν
1117 5622 1405 5700 στοιχείων
1451 5621 1540 5677 καὶ
1591 5622 1743 5692 ζώων
1793 5625 1827 5692 ἢ
1874 5628 2054 5702 φυτῶν

401 5716 492 5772 καὶ
524 5715 911 5788 ἐναντιοτήτων
941 5717 976 5788 ἢ
1004 5716 1350 5790 ὁμοιοτητων
1376 5711 1551 5768 τόσων
1578 5712 1669 5768 καὶ
1698 5712 1893 5772 τόσων.

2132 607 2507 648 communem
2555 595 2877 650 terminum
2927 613 3065 652 suas
3114 601 3309 668 partes
3353 599 3698 671 conjunctae
3732 607 3790 658 et

2133 682 2397 738 counitas
2450 683 2644 738 habet.
2688 684 2931 756 Propter
2987 685 3096 741 hoc
3152 686 3336 760 igitur
3393 705 3677 747 numerus
3733 696 3791 747 et

2135 771 2320 826 oratio
2352 771 2602 828 discreta
2630 779 2847 844 quanta
2875 780 3160 830 vocantur
3189 777 3344 847 quod
3376 777 3525 833 I87
3561 785 3790 835 utrum-

2135 858 2221 913 vis
2252 876 2454 914 earum
2486 877 2519 914 a
2547 877 2610 915 se
2657 861 2906 917 invicem
2954 863 3239 919 discretas
3292 869 3349 920 et
3396 866 3794 939 disseparatas

2137 951 2329 1020 partes
2363 948 2559 1005 habet.

2210 1037 2261 1092 4.
2296 1037 2586 1095 Continua
2635 1043 2828 1095 autem
2862 1045 3084 1112 quanta
3113 1046 3273 1112 sunt,
3307 1059 3540 1116 corpus,
3589 1061 3794 1117 super-

2139 1126 2301 1182 ficies
2332 1131 2390 1182 et
2419 1127 2593 1198 linea,
2627 1128 2907 1202 locusque
2936 1135 2994 1186 et
3021 1135 3276 1204 tempus.

2207 1235 2263 1288 5.
2296 1233 2442 1290 Cum
2473 1251 2609 1308 ergo
2640 1237 2926 1308 cujusque
2957 1237 3166 1294 harum
3199 1242 3392 1311 partes
3421 1240 3670 1314 inquirit
3695 1241 3798 1299 ali-

2141 1324 2276 1396 quis
2305 1328 2363 1378 et
2410 1339 2508 1379 eas
2540 1325 2799 1396 potentia
2850 1326 3058 1381 dividit
3093 1328 3560 1401 consideratque,
3594 1347 3795 1388 secum

2140 1411 2392 1468 invicem
2441 1430 2732 1470 connexas
2762 1419 2820 1469 et
2849 1415 3220 1484 indiscretas,
3263 1417 3536 1476 inveniet.
3567 1421 3796 1478 Etenim

2145 1503 2407 1574 corporis
2474 1502 2711 1574 quidem
2789 1509 2985 1576 partes
3068 1505 3400 1577 superficie,
3467 1509 3801 1581 superﬁciei

2143 1606 2279 1646 vero
2333 1589 2506 1658 linea,
2557 1590 2722 1647 lineae
2772 1593 3024 1664 denique
3071 1599 3285 1664 puncto
3337 1596 3800 1670 conjunguntur.

2147 1680 2217 1736 Et
2244 1696 2380 1735 vero
2411 1679 2523 1735 loci
2554 1680 2731 1736 etiam
2767 1685 2962 1753 partes
3012 1682 3167 1738 linea
3196 1684 3506 1757 conjungit
3537 1687 3610 1742 ad
3658 1687 3808 1743 invi-

2147 1787 2296 1825 cem.
2330 1769 2478 1825 Nam
2530 1774 2587 1825 et
2614 1769 2778 1826 locus
2834 1777 2923 1827 est
2960 1773 3229 1845 quaedam
3277 1775 3641 1847 superficies,
3672 1795 3807 1835 cum

2149 1859 2228 1914 sit
2257 1858 2595 1915 extremitas
2625 1859 2980 1916 continentis
3012 1861 3314 1934 (corporis)
3350 1870 3642 1935 quatenus
3673 1884 3808 1923 con-

2150 1947 2298 2004 tinet
2325 1952 2664 2004 contentum
2699 1966 2712 2004 :
2749 1950 2859 2005 hoc
2888 1955 2998 2016 est,
3029 1950 3165 2007 ﬁnis
3195 1952 3552 2010 continentis
3581 1954 3807 2027 aliquid

2154 2054 2269 2110 quo
2302 2037 2417 2092 fine
2469 2038 2775 2094 continens
2807 2041 3067 2095 continet
3095 2056 3218 2096 rem
3266 2040 3428 2098 illam
3460 2059 3588 2116 qua
3619 2045 3812 2101 conti-

2153 2131 2328 2182 netur
2383 2127 2458 2181 ab
2514 2128 2642 2198 ipso
2698 2127 2965 2184 videlicet
3019 2129 3366 2187 continente.
3426 2131 3574 2188 Cum
3633 2150 3807 2206 porro

2153 2220 2389 2289 tempus
2419 2216 2701 2272 dividitur
2727 2217 2788 2272 in
2820 2218 3183 2296 praeteritum
3210 2223 3267 2275 et
3307 2220 3594 2292 futurum,
3627 2221 3808 2296 hujus

2156 2309 2351 2377 partes
2385 2322 2541 2361 nunc
2572 2307 2898 2379 conjungit.

2227 2413 2280 2466 6.
2315 2413 2479 2476 Quod
2510 2416 2704 2468 autem
2736 2417 3022 2485 punctum
3052 2419 3144 2471 est
3171 2414 3231 2472 in
3264 2415 3444 2484 linea,
3476 2417 3587 2475 hoc
3616 2419 3817 2477 unitas

2158 2500 2302 2556 etin
2356 2518 2600 2558 numero
2630 2505 2687 2556 et
2738 2519 2895 2558 nunc
2924 2503 2984 2558 in
3028 2506 3310 2576 tempore.
3341 2504 3470 2562 Haec
3500 2507 3657 2562 enim
3709 2508 3819 2564 tria

2161 2589 2506 2662 quantitatis
2553 2595 2610 2646 et
2643 2591 2901 2663 partium
2951 2597 3214 2664 expertes
3261 2599 3422 2650 sunt.
3455 2595 3568 2651 Sed
3619 2596 3815 2655 unitas

2161 2679 2422 2750 quidem,
2473 2679 2581 2736 etsi
2630 2696 2746 2736 non
2795 2684 2884 2736 est
2930 2697 3234 2749 numerus,
3285 2683 3674 2742 nihilominus
3724 2691 3811 2744 ta-

2163 2784 2298 2824 men
2329 2785 2464 2840 pars
2513 2769 2579 2823 fit
2609 2769 2860 2824 numeri.
2895 2770 3083 2834 Quare
3112 2771 3288 2826 etiam
3319 2788 3454 2828 cum
3498 2774 3814 2846 apponitur

2163 2865 2334 2930 auget
2382 2873 2715 2913 numerum.
2748 2859 3042 2914 Numerus
3071 2859 3227 2915 enim
3260 2877 3330 2916 ex
3371 2862 3698 2920 unitatibus
3727 2869 3817 2921 est

2165 2945 2546 3017 compositus,
2598 2947 3076 3018 quandoquidem
3107 2948 3260 3004 I88
3291 2950 3468 3006 etiam
3520 2953 3815 3026 unitatum

2165 3033 2486 3107 congeries.
2519 3034 2806 3091 Punctum
2861 3039 3060 3092 autem
3102 3053 3237 3092 cum
3267 3036 3432 3094 linea:
3481 3041 3819 3113 apponitur,

2167 3141 2282 3179 non
2315 3128 2488 3196 auget
2517 3140 2648 3179 eam
2677 3124 2814 3194 quia
2833 3140 3021 3198 neque
3049 3143 3118 3182 ex
3139 3127 3376 3198 punctis
3397 3134 3624 3185 constat
3645 3129 3818 3187 linea.

2169 3213 2239 3268 Et
2265 3229 2402 3269 vero
2451 3213 2628 3269 etiam
2659 3230 2817 3269 nunc
2847 3229 2981 3270 cum
3029 3216 3345 3287 apponitur
3387 3219 3658 3291 tempori,
3688 3220 3819 3275 nul-

2170 3301 2286 3358 lam
2317 3303 2369 3358 ei
2418 3303 2750 3359 auctionem
2781 3307 3038 3376 praestat,
3071 3305 3212 3377 quia
3263 3323 3452 3379 neque
3482 3324 3617 3380 pars
3655 3307 3820 3366 illius

2168 3396 2256 3448 est
2285 3395 2698 3466 quotacunque
2729 3393 2925 3450 etiam.

2235 3483 2289 3536 7.
2319 3481 2430 3538 Sed
2462 3485 2518 3538 et
2563 3481 2720 3538 linea
2756 3482 2961 3554 utique
3007 3484 3277 3557 apposita
3323 3485 3653 3557 superﬁciei
3701 3503 3820 3545 non

2169 3577 2344 3643 auget
2389 3587 2541 3641 eam,
2575 3570 2713 3643 quia
2755 3589 2869 3627 non
2919 3578 3010 3628 est
3055 3591 3191 3646 pars
3243 3573 3404 3630 illius
3453 3590 3524 3630 ne
3573 3576 3822 3632 minima

2166 3660 2426 3732 quidem.
2481 3659 2835 3732 Superﬁcies
2863 3661 3021 3717 enim
3069 3662 3246 3719 habet
3284 3663 3715 3736 longitudinem
3765 3672 3824 3723 et

2163 3747 2537 3805 latitudinem
2573 3766 2586 3805 :
2620 3748 2774 3805 linea
2803 3753 3002 3807 autem
3031 3756 3121 3806 est
3140 3751 3450 3822 longitudo
3489 3752 3822 3812 latitudinis

2160 3854 2386 3910 expers.
2421 3838 2514 3894 Sic
2564 3842 2760 3894 autem
2790 3839 2968 3895 etiam
3017 3856 3230 3912 corpus
3278 3841 3503 3898 habens
3556 3845 3675 3899 tres
3725 3844 3820 3899 di-

2163 3926 2517 3993 mensiones,
2566 3925 3018 4000 longitudinem,
3065 3927 3437 3986 latitudinem
3465 3936 3522 3988 et
3567 3933 3820 4003 profun-

2163 4015 2407 4072 ditatem
2437 4017 2560 4072 sive
2604 4016 2952 4084 crassitiem,
2986 4035 3019 4072 a
3047 4018 3358 4090 superﬁcie
3387 4037 3503 4075 non
3548 4025 3818 4094 augetur.

2231 4105 2285 4159 8.
2332 4103 2455 4160 Etsi
2510 4120 2644 4160 vero
2697 4120 2910 4176 corpus
2967 4106 3302 4163 substantia
3357 4113 3465 4177 est,
3524 4113 3582 4165 et
3638 4110 3816 4167 etiam

2163 4198 2451 4266 quantum
2500 4193 2733 4262 dicitur,
2769 4211 2886 4250 non
2913 4198 3003 4250 est
3033 4194 3389 4252 mirandum.
3424 4199 3485 4253 In
3526 4203 3816 4270 quantum

2162 4284 2322 4339 enim
2375 4286 2464 4339 est
2514 4284 2864 4353 subjectum,
2899 4289 2956 4339 et
3003 4301 3190 4340 unum
3240 4285 3517 4358 idemque
3567 4304 3814 4346 numero

2162 4389 2412 4428 manens
2459 4372 2750 4429 contraria
2797 4373 3094 4446 suscipere
3140 4378 3351 4446 potest,
3415 4374 3542 4432 sine
3589 4381 3822 4434 contra-

2161 4461 2416 4517 dictione
2463 4461 2798 4518 substantia
2837 4467 2928 4518 est
2960 4480 2974 4519 :
3004 4461 3066 4518 in
3114 4469 3406 4536 quantum
3453 4469 3654 4521 autem
3700 4470 3824 4525 tres

2165 4549 2564 4606 dimensiones
2593 4549 2792 4618 habet,
2822 4555 2881 4607 et
2911 4552 3240 4608 mensurari
3271 4567 3374 4624 per
3413 4557 3687 4610 naturam
3717 4571 3820 4627 po-

2082 4629 2130 4694 D
2163 4643 2301 4708 test,
2331 4639 2524 4711 quoad
2554 4638 2664 4694 hoc
2694 4637 2910 4706 solum,
2943 4643 3232 4712 quantum
3262 4639 3511 4697 exsistit.

2231 4729 2285 4782 9.
2319 4727 2395 4784 Ut
2439 4745 2574 4784 vero
2622 4727 2968 4784 continuum
3022 4734 3080 4784 et
3105 4729 3427 4785 discretum
3476 4731 3548 4786 de
3595 4735 3818 4804 quanto

2163 4817 2340 4874 etiam
2389 4817 2450 4873 in
2481 4817 2752 4873 universo
2803 4819 3024 4874 mundo
3071 4818 3521 4876 consideratur:
3556 4819 3822 4877 continui

2164 4906 2404 4978 quidem
2453 4911 2666 4962 natura
2695 4924 2822 4980 quae
2852 4912 3092 4964 vocatur
3122 4908 3466 4980 magnitudo
3517 4925 3696 4981 quam
3729 4926 3825 4966 se-

2165 4995 2368 5068 quitur
2411 4994 2795 5068 (quantum):
2849 4997 3174 5052 secundum
3226 4996 3379 5053 189
3436 4999 3717 5055 unionem
3766 5003 3824 5056 et

2164 5089 2434 5140 mutuam
2491 5084 2999 5156 complexionem;
3061 5087 3298 5142 discreti
3356 5091 3552 5143 autem
3610 5093 3825 5145 natura

2165 5189 2294 5246 qua
2346 5179 2589 5229 vocatur
2633 5173 2972 5241 multitudo,
3015 5191 3193 5247 quam
3241 5181 3508 5248 sequitur
3532 5175 3596 5230 τὸ
3647 5177 3818 5233 ποσὸν

2166 5264 2434 5334 (quotum
2480 5261 2570 5318 vel
2599 5267 2788 5335 quot),
2820 5264 3146 5320 secundum
3177 5264 3506 5337 congeriem
3536 5269 3594 5321 et
3639 5283 3821 5339 appo-

2167 5351 2462 5407 sitionem.
2495 5351 2565 5405 Et
2613 5352 2806 5424 quoad
2839 5352 3078 5424 quidem
3136 5349 3565 5427 magnitudinis
3617 5371 3818 5413 essen-

2165 5440 2311 5496 tiam
2341 5455 2477 5494 cum
2507 5457 2662 5496 unus
2692 5445 2784 5498 est
2814 5443 3095 5514 mundus,
3127 5447 3256 5499 tum
3297 5444 3586 5500 rotundus
3615 5448 3673 5500 et
3702 5445 3820 5502 sibi

2167 5533 2476 5597 connatus,
2509 5528 2919 5603 distentusque
2948 5536 3008 5587 et
3037 5531 3146 5588 sibi
3180 5536 3386 5588 mutuo
3417 5532 3714 5590 cohaerens
3736 5534 3824 5590 in-

2167 5619 2504 5692 telligitur:
2561 5625 2622 5674 at
2678 5622 3003 5676 secundum
3066 5621 3502 5678 multitudinem
3559 5626 3616 5677 et
3676 5624 3818 5679 ordo

2169 5713 2296 5784 (seu
2346 5709 2726 5783 constructio)
2759 5715 2817 5767 et
2848 5727 2982 5768 cum
3013 5715 3223 5769 ornatu
3266 5711 3596 5786 dispositio,
3638 5728 3708 5770 ex
3737 5716 3824 5773 ιοι
