4126 6444
332 370 451 442 835

1587 366 2010 430 NICEPHORI
2057 367 2498 430 BLEMMIDIE

3622 365 3748 434 886

333 502 490 562 verbi
541 501 728 580 gratia
773 500 1080 560 elementis
1147 505 1204 558 et
1260 499 1620 560 animalibus
1668 504 1770 558 aut
1813 500 2032 574 plantis
2077 504 2136 557 et
2191 500 2706 561 contrarietatibus
2764 505 2866 558 aut
2894 499 3394 558 similitudinibus
3425 503 3513 558 tot
3536 503 3596 558 et
3622 506 3744 560 tam

334 591 542 663 multis
573 591 1002 648 consideratur.

407 682 493 737 10.
527 680 808 738 Praeterea
836 683 1311 735 enumeratorum
1342 683 1694 750 quantorum
1729 678 1844 735 alia
1873 679 1967 735 ha-

2168 677 2217 734 ι’.
2251 677 2370 733 Ἔτι
2410 682 2518 733 τῶν
2577 677 3048 754 ἀπηριθμημένων
3107 681 3289 734 ποσῶν
3344 678 3412 732 τὰ
3472 677 3568 750 μὲν
3629 675 3750 753 ἔχει

330 771 471 828 bent
517 769 868 842 positionem
920 768 1174 840 partium
1212 768 1366 823 inter
1413 785 1475 823 se
1523 773 1812 833 mutuam,
1867 768 1984 824 alia

328 875 447 916 non
479 858 718 915 habent.
754 857 1112 914 Positionem
1143 873 1278 929 ergo
1311 861 1579 912 mutuam
1611 857 1828 912 habent
1857 873 1984 928 par-

328 951 418 1003 tes
451 945 637 1018 linea,
657 947 1158 1018 quemadmodum
1189 961 1330 1000 sane
1360 945 1536 1000 etiam
1569 945 1898 1017 superficiei
1924 949 1983 1000 et

324 1036 588 1110 corporis
635 1040 692 1092 et
738 1033 871 1092 loci.
927 1034 1052 1092 Non
1097 1038 1296 1090 autem
1352 1033 1568 1088 habent
1629 1034 1980 1106 positionem

324 1129 595 1180 mutuam
629 1127 824 1196 partes
854 1122 1611 1194 numeri,quemadmodum
1643 1124 1820 1178 etiam
1849 1139 1977 1178 ora-

322 1213 502 1269 tionis
533 1218 591 1268 et
641 1213 922 1285 temporis
954 1217 1169 1284 partes.
1203 1211 1302 1266 Hae
1333 1211 1492 1266 enim
1539 1211 1804 1266 ordinem
1851 1211 1978 1283 qui-

323 1303 456 1358 dem
486 1301 724 1370 habent,
759 1317 886 1373 quae
915 1301 1106 1373 prima
1134 1305 1192 1356 et
1222 1317 1344 1370 quae
1399 1301 1660 1355 secunda
1688 1317 1701 1368 ;
1735 1300 1976 1372 positio-

325 1408 459 1447 nem
491 1395 688 1446 autem
719 1406 834 1445 non
864 1389 1103 1446 habent.

397 1480 484 1536 11.
518 1479 665 1534 Nam
696 1479 826 1550 eius
857 1479 1011 1550 quod
1063 1482 1154 1534 est
1183 1477 1531 1550 positionem
1571 1477 1806 1549 habere,
1838 1476 1975 1533 chao

321 1567 722 1624 racteristicon
766 1571 855 1622 est
902 1571 1096 1639 partes
1145 1567 1430 1622 contineri
1475 1571 1534 1622 et
1580 1583 1921 1639 permanere
1959 1584 1973 1634 ;

321 1673 574 1728 quorum
630 1656 867 1729 quidem
917 1661 1193 1711 neutrum
1242 1655 1420 1710 habet
1467 1656 1691 1723 oratio;
1740 1660 1976 1727 tempus

313 1761 450 1801 vero
508 1746 662 1800 190
710 1744 1058 1800 continuum
1109 1744 1348 1816 quidem
1383 1749 1491 1812 est,
1517 1744 1617 1799 sed
1663 1745 1792 1814 ejus
1839 1760 1976 1816 par-

313 1837 405 1888 tes
439 1851 556 1889 non
602 1838 966 1907 permanent.
1000 1833 1225 1905 Quippe
1273 1838 1507 1905 tempus
1547 1849 1831 1888 numerus
1883 1837 1974 1888 est

317 1927 534 1978 motus.
581 1922 650 1978 Et
695 1922 824 1994 ejus
863 1922 1102 1994 quidem
1156 1921 1517 1994 praeteritum
1569 1921 1970 1994 praeterfluxit,

320 2011 588 2068 futurum
637 2016 835 2067 autem
865 2013 1130 2067 nondum
1159 2017 1268 2067 est.
1299 2011 1476 2083 Atqui
1506 2012 1566 2066 in
1607 2027 1852 2066 numero
1883 2011 1970 2064 in-

316 2117 554 2157 versum
608 2099 837 2157 accidit.
892 2100 996 2155 Hic
1053 2102 1211 2156 enim
1272 2099 1743 2172 permansionem
1798 2099 1975 2155 habet

317 2190 558 2261 quidem
608 2189 865 2264 partium
895 2205 1161 2258 suarum,
1195 2189 1577 2245 continuitatc
1627 2193 1821 2246 autem
1852 2187 1970 2261 pri-

316 2283 491 2335 vatus
520 2283 629 2335 est.

389 2369 474 2423 12.
526 2372 705 2424 Porro
757 2366 941 2439 aliqui
991 2366 1166 2422 etiam
1244 2366 1477 2438 pondus
1526 2365 1636 2438 (vel
1685 2367 1736 2422 si
1785 2365 1971 2421 mavis

315 2461 543 2514 staterae
590 2457 856 2528 examen)
884 2457 993 2512 sub
1025 2459 1244 2528 quanto
1267 2455 1574 2525 collocant,
1607 2460 1665 2511 et
1694 2455 1967 2511 fortassis

314 2545 542 2618 absque
570 2545 914 2602 errore.Nec
941 2545 1100 2600 enim
1132 2545 1364 2618 pondus
1393 2543 1648 2616 gravitas
1680 2549 1738 2599 et
1766 2544 1971 2600 levitas

313 2639 422 2706 est,
456 2639 523 2690 ut
552 2636 794 2707 quidam
825 2635 1115 2690 instantes
1142 2635 1366 2702 dicunt,
1399 2638 1465 2688 ut
1493 2637 1650 2689 esset
1678 2632 1966 2705 qualitas:

315 2723 418 2780 sed
480 2724 782 2797 gravitatis
830 2729 889 2779 et
933 2723 1184 2778 levitatis
1234 2739 1513 2778 mensura
1559 2727 1671 2780 est.
1730 2723 1800 2778 Et
1849 2722 1970 2777 haec

315 2813 557 2884 quidem
585 2813 689 2870 ita.

389 2903 476 2957 13.
511 2902 738 2958 Dicitur
763 2908 961 2958 autem
993 2902 1169 2958 etiam
1201 2907 1490 2974 quantum
1521 2901 1846 2958 secundum
1880 2918 1971 2956 ac-

311 2993 529 3061 cidens,
560 2995 626 3046 ut
655 2990 912 3047 multum
943 2991 1166 3058 album,
1188 2995 1247 3047 et
1274 2989 1450 3063 longa
1481 2991 1714 3060 actio,et
1742 2989 1967 3046 multus

311 3087 527 3137 motus.
571 3079 787 3136 Album
839 3081 998 3136 enim
1047 3085 1355 3153 propterea
1403 3079 1561 3152 quod
1608 3078 1795 3135 multa
1838 3079 1966 3152 (seu

311 3173 550 3242 magna)
581 3169 659 3224 sit
689 3168 1032 3240 superficies
1061 3169 1122 3223 in
1156 3184 1274 3239 qua
1301 3171 1412 3238 est,
1437 3166 1690 3222 multum
1722 3165 1964 3235 dicitur;

313 3264 378 3314 ut
409 3260 558 3314 actio
608 3258 784 3331 longa
814 3263 1048 3330 prapter
1074 3262 1311 3329 tempus
1343 3274 1356 3313 :
1391 3261 1448 3314 et
1477 3261 1672 3312 motus
1720 3255 1966 3323 multus,

316 3363 450 3403 cum
482 3352 720 3420 propter
746 3351 983 3419 tempus
1010 3351 1139 3402 tum
1170 3350 1409 3418 propter
1435 3344 1652 3401 locum.

387 3437 475 3494 14.
509 3435 790 3492 Convenit
836 3439 1055 3508 quanto
1086 3451 1202 3490 non
1242 3433 1500 3506 recipere
1529 3433 1720 3506 magis
1749 3437 1809 3490 et
1856 3432 1966 3488 mi-
1997 3425 2040 3494 C

313 3543 446 3598 nus,
478 3531 537 3581 et
564 3541 681 3582 non
711 3525 925 3581 habere
953 3523 1337 3581 contrarium.

382 3635 468 3689 15.
502 3632 628 3688 Nisi
658 3633 790 3704 quis
819 3633 974 3689 circa
1001 3631 1196 3688 locum
1244 3647 1374 3688 esse
1401 3630 1556 3687 dicat
1583 3631 1964 3689 contrarieta-

303 3726 424 3778 tem
455 3723 678 3793 quanti,
707 3722 866 3778 velut
897 3738 1136 3778 sursum
1165 3725 1225 3778 et
1253 3722 1550 3777 deorsum.
1583 3721 1694 3777 Sed
1721 3737 1961 3778 sursum

303 3815 362 3868 et
391 3812 668 3868 deorsum
699 3812 750 3867 si
802 3811 1039 3884 quidem
1072 3812 1264 3883 quoad
1296 3809 1703 3866 habitudinem
1747 3811 1820 3866 ad
1852 3827 1960 3866 nos

304 3899 596 3972 dicantur,
632 3917 702 3956 ex
748 3917 951 3957 eorum
996 3901 1144 3955 191
1181 3908 1318 3955 sunt
1366 3917 1610 3956 numero
1650 3917 1775 3970 quae
1823 3904 1960 3955 sunt

304 3988 378 4045 ad
434 3987 652 4063 aliquid
685 3988 913 4059 (lunam
963 3989 1123 4045 enim
1155 3989 1344 4059 quoad
1387 4005 1494 4044 nos
1525 4005 1764 4044 sursum
1813 3987 1958 4043 dici-

303 4093 459 4150 mus,
493 4094 618 4148 que:
669 4083 864 4134 tamen
912 4077 1187 4133 omnibus
1237 4076 1489 4148 planetis
1538 4075 1668 4130 aliis
1718 4074 1959 4130 inferior

301 4166 570 4240 exsistit),
604 4168 697 4224 sin
727 4167 916 4238 quoad
949 4171 1220 4221 naturam
1253 4163 1607 4231 dicantur,:o
1640 4181 1879 4219 sursum
1902 4167 1959 4218 et

301 4255 598 4328 deorsum,
631 4256 1068 4330 praedicamenti
1098 4255 1197 4310 ubi
1229 4259 1389 4322 sunt,
1415 4257 1480 4308 ut
1512 4270 1645 4308 cum
1679 4252 1952 4320 dicimus,

298 4343 498 4416 ignem
528 4344 765 4416 quidem
796 4361 1057 4414 sursum,
1080 4349 1296 4400 terram
1328 4359 1462 4399 vero
1495 4343 1772 4399 deorsum
1803 4357 1952 4398 esse.

369 4434 456 4490 16.
487 4434 697 4490 Visum
747 4439 838 4490 est
877 4438 1078 4490 autem
1125 4432 1420 4504 aliquibus
1449 4433 1602 4503 quod
1652 4436 1708 4488 et
1757 4437 1954 4487 motus

298 4526 584 4592 quantum
633 4523 729 4578 sit.
757 4521 973 4578 Verum
1006 4526 1201 4578 motus
1231 4539 1347 4578 non
1380 4527 1472 4578 est
1507 4525 1816 4592 quantum,
1851 4522 1952 4578 sed

300 4611 360 4666 in
391 4617 610 4681 quanto
655 4612 1098 4680 consideratur;
1129 4611 1629 4682 quemadmodum
1677 4610 1852 4667 etiam
1892 4612 1953 4668 in

304 4699 639 4758 substantia
667 4705 726 4757 et
751 4700 813 4756 in
844 4700 1000 4772 quali
1032 4706 1089 4757 et
1121 4702 1180 4756 in
1213 4701 1337 4756 ubi.
1369 4701 1432 4756 In
1463 4701 1796 4756 substantia
1827 4701 1952 4772 qui-

2003 2055 2050 2121 B

2093 767 2231 820 θέσιν
2275 770 2384 821 τῶν
2435 765 2488 822 ἐν
2539 765 2722 829 αὐτοῖς
2765 767 2972 843 μορίων
3003 767 3138 843 πρὸς
3173 764 3422 837 ἄλληλα,
3447 766 3515 822 τὰ
3547 763 3592 820 δ’
3647 765 3751 822 οὐκ

2092 849 2230 928 ἔχει.
2263 853 2415 908 Θέσιν
2453 853 2547 926 μὲν
2579 851 2716 927 (οὖν)
2755 851 2871 930 ἔχει
2901 855 3038 928 πρὸς
3071 851 3298 924 ἄλληλα
3323 853 3390 907 τὰ
3423 852 3589 928 μόρια
3642 860 3751 924 τῆς

2089 948 2376 1017 γραμμῆς,
2411 940 2590 1014 ὥσπερ
2641 938 2709 1010 δὴ
2763 941 2852 996 καὶ
2899 948 3000 1011 τῆς
3051 939 3361 1020 ἐπιφανείας
3409 942 3500 996 καὶ
3546 943 3614 997 τὰ
3641 946 3746 998 τοῦ

2089 1031 2368 1104 σώματος,
2415 1031 2505 1085 καὶ
2560 1035 2658 1086 τοῦ
2713 1030 2904 1086 τόπου.
2954 1029 3106 1086 Θέσιν
3165 1027 3223 1085 δὲ
3280 1029 3382 1085 οὐκ
3430 1026 3545 1106 ἔχει
3604 1031 3746 1106 πρὸς

2088 1116 2314 1190 ἄλληλα
2340 1119 2408 1174 τὰ
2439 1118 2606 1196 μόρια
2630 1123 2730 1174 1:06
2758 1119 3015 1196 ἀριθμοῦ,
3049 1117 3230 1195 ὥσπερ
3279 1115 3346 1188 δὴ
3406 1118 3497 1173 καὶ
3525 1120 3593 1174 τὰ
3645 1123 3748 1176 τοῦ

2087 1204 2282 1282 λόγου,
2329 1208 2419 1262 καὶ
2483 1209 2552 1262 τὰ
2616 1213 2714 1264 τοῦ
2771 1207 3002 1285 χρόνους
3049 1211 3226 1267 Ταῦτα
3282 1209 3385 1284 γὰρ
3442 1206 3589 1278 τάξιν
3649 1208 3750 1282 μὲν

2087 1291 2225 1372 ἔχει,
2282 1295 2337 1353 τί
2392 1301 2608 1374 πρῶτον
2689 1299 2779 1358 καὶ
2852 1298 2904 1353 τί
2986 1295 3255 1375 δεύτερον
3316 1297 3458 1356 θέσιν
3540 1295 3587 1352 δ’
3645 1298 3752 1358 οὐκ

2087 1381 2225 1463 ἔχει.

2159 1477 2244 1531 ια’.
2277 1475 2348 1530 Τὸ
2403 1476 2505 1553 γὰρ
2547 1477 2688 1532 θέσιν
2743 1473 2888 1553 ἔχειν
2935 1476 3430 1553 χαρακτηριστικόν
3479 1476 3590 1532 ἐστι
3646 1481 3751 1532 τού

2081 1565 2150 1618 τὰ
2207 1563 2375 1639 μόρια
2429 1564 2747 1640 συνέχεσθαί
2801 1586 2861 1620 τε
2915 1563 3004 1619 καί
3061 1566 3372 1638 ὑπομένειν.
3423 1566 3516 1622 Ὦν
3569 1565 3598 1619 ὁ
3646 1565 3745 1638 μὶν

2084 1650 2247 1730 λόγος
2304 1651 2584 1728 οὐδέτερον
2655 1649 2790 1730 ἔχει·
2844 1654 2872 1708 ὁ
2923 1651 2981 1709 δὲ
3043 1653 3243 1735 χρόνος
3325 1655 3564 1731 συνεχὴς
3647 1656 3746 1728 μὲν

2085 1737 2248 1814 ἔστιν,
2276 1741 2382 1819 οὐχ
2440 1742 2698 1816 ὑπομένει
2757 1739 2804 1797 δ’
2860 1741 3024 1800 αὐτοῦ
3073 1743 3139 1798 τὰ
3186 1741 3371 1819 μόρια.
3402 1743 3610 1820 Χρόνος
3640 1742 3747 1822 γάρ

2083 1829 2224 1886 ἐστιν
2283 1832 2514 1906 ἀριθμὸς
2571 1835 2857 1902 κινήσεως.
2910 1833 3008 1888 Καὶ
3066 1833 3129 1887 τὸ
3186 1833 3280 1904 μὲν
3354 1831 3745 1910 παρεληλυθὸς

2082 1917 2246 1973 αὐτοῦ
2293 1917 2587 1997 διέρῥευσε·
2636 1920 2700 1975 τὸ
2746 1919 2804 1976 δὲ
2859 1919 3064 1994 μέλλον
3118 1918 3272 1977 οὕπω
3321 1919 3484 1977 ἔστιν.
3525 1921 3630 1976 Επὶ
3683 1919 3745 1978 δὲ

2079 2013 2176 2063 τοῦ
2202 2009 2437 2086 ἀριθμοῦ
2467 2005 2802 2084 σομϐεϐήκει
2832 2010 2895 2072 τὸ
2943 2010 3232 2068 ἀνάπαλιν.
3265 2011 3437 2074 Οὗτος
3483 2013 3585 2088 γὰρ
3637 2033 3743 2086 μο-

2080 2100 2178 2167 νήν
2225 2099 2319 2172 μὲν
2371 2095 2485 2176 ἔχει
2527 2104 2638 2155 τῶν
2688 2100 2896 2177 μορίων
2943 2100 3132 2174 αὐτοῦ,
3178 2107 3281 2172 τῆς
3340 2097 3398 2156 δὲ
3458 2101 3741 2178 συνεχείας

2080 2185 2165 2242 ἐστ
2177 2188 2381 2262 ἔρηται.

2155 2366 2244 2440 ιβ’.
2274 2366 2518 2431 Τίθενταί
2565 2388 2708 2430 τινες
2751 2367 2842 2422 καὶ
2883 2369 2982 2437 τήν
3035 2367 3208 2444 ῥοπὴν
3262 2368 3367 2424 ὑπὸ
3415 2368 3481 2422 τὸ
3540 2366 3735 2424 ποσόνο

2077 2453 2167 2508 καὶ
2215 2451 2348 2518 ἴσως
2400 2454 2462 2510 οὐ
2513 2453 2819 2535 σφαλερῶς.
2868 2455 2942 2511 Οὐ
2994 2457 3098 2533 γάρ
3147 2455 3285 2512 ἐστιν
3317 2459 3352 2526 ἡ
3393 2456 3538 2534 ῥοπὴ
3573 2455 3741 2534 βαρύ-

2075 2563 2175 2612 της
2229 2543 2320 2598 καὶ
2377 2544 2673 2622 κουφότης,
2733 2543 2806 2608 ὥς
2863 2563 3004 2607 τινες
3062 2544 3400 2619 ἐνιστάμενοι
3451 2543 3737 2621 λέγουσιν,

2070 2631 2144 2685 ἵν’
2170 2631 2207 2706 ᾖ
2238 2632 2493 2704 ποιότης,
2523 2632 2670 2689 ἀλλὰ
2703 2633 2896 2710 μέτρον
2958 2634 3263 2712 βαρύτητος
3310 2635 3400 2690 καὶ
3455 2635 3734 2714 κουφότη-

2074 2742 2191 2784 τος.
2223 2726 2400 2777 Ταῦτα
2432 2724 2526 2798 μὲν
2562 2722 2760 2786 οὕτως.

2151 2903 2234 2977 ιγ’.
2266 2901 2488 2977 Λέγεται
2523 2899 2581 2956 δὲ
2609 2902 2699 2957 καὶ
2728 2903 2865 2960 κατὰ
2884 2897 3229 2977 συμϐεϐηκὸς
3262 2903 3452 2960 ποσόν·
3481 2904 3556 2966 ὡς
3584 2901 3733 2961 πολὺ

2077 2990 2290 3060 λευκὸν,
2331 2989 2425 3045 καί
2470 2992 2648 3068 μακρὰ
2695 2991 2885 3068 πρᾶξις
2915 2993 3006 3048 καὶ
3035 2992 3246 3062 κίνησις
3274 2991 3486 3064 πολλή.
3518 2993 3596 3050 Τὸ
3630 2992 3729 3069 μὲν

2073 3079 2174 3156 γὰρ
2223 3078 2436 3151 λευκὸν,
2469 3077 2559 3135 διὰ
2600 3081 2665 3136 τὸ
2712 3080 2932 3151 πολλὴν
2967 3081 3100 3136 εἶναι
3130 3083 3230 3151 τὴν
3264 3080 3574 3162 ἐπιφάνειαν
3609 3081 3662 3137 ἐν

2073 3167 2206 3241 ἐστι,
2248 3164 2465 3246 λέγεται
2524 3166 2614 3224 διὰ
2661 3174 2824 3225 τοῦτο
2880 3170 3045 3226 πολύ·
3097 3173 3132 3240 ἡ
3183 3166 3242 3226 δὲ
3296 3171 3489 3248 πρᾶξις
3551 3173 3737 3248 μακρά

2075 3254 2166 3312 διὰ
2183 3259 2274 3314 τὸν
2306 3259 2531 3336 χρόνονο
2562 3259 2652 3314 καὶ
2683 3262 2718 3330 ἡ
2750 3259 2965 3331 κίνησις
2995 3258 3184 3330 πολλὴ
3220 3257 3309 3316 διά
3357 3280 3416 3317 τι
3459 3261 3550 3316 τὸν
3591 3260 3734 3338 χρό-

2073 3368 2187 3421 νον,
2221 3348 2310 3403 καὶ
2343 3346 2433 3403 διὰ
2459 3349 2553 3404 τὸν
2583 3348 2773 3404 τόπον.

2153 3434 2240 3495 ιδ’.
2299 3437 2562 3513 Πρόσεστι
2618 3442 2698 3512 τῷ
2752 3443 2906 3513 ποσῷ
2976 3440 3040 3494 τὸ
3117 3440 3192 3513 μὴ
3266 3434 3614 3518 ἐπιδέχεσθαι
3667 3440 3738 3495 τὸ

2078 3524 2292 3602 μᾶλλον
2322 3527 2412 3582 καὶ
2437 3530 2626 3600 ἧττον,
2654 3527 2745 3584 καὶ
2773 3528 2838 3584 τὸ
2874 3525 3044 3603 μηδὲν
3073 3524 3219 3605 ἔχειν
3255 3528 3516 3588 ἐναντίον.

2147 3635 2225 3691 ιε’.
2256 3633 2322 3688 Εἰ
2383 3637 2459 3708 μή
2519 3655 2604 3698 τις
2663 3635 2814 3714 λέγοι
2872 3637 2997 3714 περὶ
3051 3637 3145 3694 τὸν
3207 3635 3376 3694 τόπον
3437 3636 3571 3695 εἶναι
3626 3637 3731 3707 τὴν

2071 3721 2421 3794 ἐναντιότητα
2464 3728 2563 3782 τοῦ
2609 3730 2804 3799 ποσοῦ,
2835 3726 2913 3789 ὡς
2959 3727 3023 3783 τὸ
3073 3722 3185 3783 ἅνω
3213 3727 3305 3782 καὶ
3336 3725 3506 3784 κάτω.
3549 3723 3733 3782 Ἀλλὰ

2067 3813 2130 3867 τὸ
2157 3811 2269 3867 ἄνω
2307 3813 2398 3868 καὶ
2427 3812 2596 3886 κάτω,
2625 3815 2671 3869 εἰ
2715 3815 2811 3889 μὶν
2859 3817 2998 3874 κατὰ
3043 3817 3144 3886 τὴν
3195 3817 3334 3894 πρὸς
3390 3819 3539 3890 ἡμᾶς
3597 3813 3730 3892 σχέ-

2070 3923 2172 3974 σιν,
2207 3899 2475 3979 λέγοιντο,
2507 3908 2617 3960 τῶν
2673 3904 2809 3980 πρός
2863 3905 2917 3960 τί
2977 3905 3108 3961 ἐστι’
3163 3907 3264 3975 τὴν
3323 3907 3426 3983 γὰρ
3487 3905 3724 3976 σελήνην

2066 3991 2204 4062 πρὸς
2235 3993 2383 4065 ἡμᾶς
2427 3989 2539 4047 ἅνω
2597 3995 2788 4071 φαμὶν,
2821 3995 3112 4072 κατωτέρω
3167 4000 3273 4050 τῶν
3334 3994 3521 4052 ἄλλων
3581 3992 3724 4049 πλα-

2064 4082 2241 4151 νήτων
2302 4079 2516 4138 πάντων
2577 4082 2946 4159 ὑπάρχουσαν
3017 4085 3062 4140 εἰ
3122 4082 3180 4141 δὲ
3234 4085 3373 4161 πρὸς
3423 4085 3523 4154 τὴν
3566 4081 3722 4163 φύσιν

2067 4168 2319 4245 λέγοιντο
2347 4171 2410 4225 τὸ
2445 4168 2556 4226 ἄνω
2613 4171 2704 4226 καὶ
2759 4173 2822 4226 τὸ
2873 4174 3041 4246 κάτω,
3074 4180 3177 4242 τῆς
3237 4177 3344 4228 ποῦ
3390 4170 3724 4252 κατηγορίας

2065 4257 2224 4313 ἐστίν·
2260 4259 2336 4322 ὡς
2369 4259 2494 4316 ὅταν
2527 4257 2800 4336 λέγωμεν,
2832 4263 2894 4317 τὸ
2928 4263 3024 4336 μὲν
3073 4266 3181 4338 πῦρ
3242 4262 3376 4317 εἶναι
3435 4259 3568 4330 ἅνω,
3625 4262 3728 4331 τὴν

2066 4345 2124 4403 δὲ
2152 4355 2256 4424 γῆν
2289 4348 2456 4404 κάτω.
3239 4421 3250 4427 _

2140 4439 2223 4502 ις’.
2253 4435 2443 4509 Ἔδοξε
2496 4435 2554 4494 δέ
2608 4459 2718 4493 τισι
2774 4441 2865 4495 καὶ
2921 4442 3022 4511 τήν
3076 4440 3288 4512 κίνησιν
3335 4440 3473 4497 εἶναι
3529 4439 3726 4498 ποσόν.

2064 4524 2220 4583 ’Δλλ’
2251 4526 2351 4584 οὐκ
2381 4523 2493 4581 ἔστι
2521 4528 2690 4582 ποσὸν
2723 4530 2759 4598 ἡ
2789 4527 3025 4603 κίνησις,
3054 4528 3106 4586 ἐν
3155 4533 3235 4602 τῷ
3281 4533 3437 4603 ποσῷ
3485 4526 3544 4586 δὲ
3588 4530 3727 4586 θεω-

2064 4620 2235 4692 ρεῖται
2290 4617 2528 4693 καθάπερ
2585 4617 2676 4671 καὶ
2733 4617 2783 4672 ἐν
2836 4622 2906 4692 τῇ
2965 4618 3122 4691 οὐσίᾳ
3177 4619 3267 4674 καὶ
3325 4617 3377 4674 ἐν
3430 4622 3511 4690 τῷ
3557 4622 3726 4690 ποιῷ,

2062 4705 2152 4760 καὶ
2205 4709 2285 4778 τῷ
2335 4709 2464 4764 1:06.
2499 4706 2584 4760 ’Ev
2651 4707 2744 4780 μὲν
2800 4711 2872 4781 τῇ
2930 4706 3103 4780 οὐσίᾳ,
3154 4707 3231 4771 ὡς
3279 4709 3314 4777 ἡ
3371 4706 3578 4785 γένεσις
3633 4707 3729 4762 καὶ

302 4788 460 4860 dem,
493 4794 561 4846 ut
588 4790 886 4864 generatio
937 4795 994 4846 et
1018 4791 1313 4862 corruptio
1344 4791 1700 4862 (quanquam
1731 4790 1822 4846 has
1861 4808 1959 4863 po-

2087 4795 2256 4871 ;Gopd.
2290 4789 2602 4849 Μεταϐολαὶ
2655 4792 2713 4849 δὲ
2766 4793 2980 4870 μᾶλλον
3028 4797 3204 4870 αὗται,
3237 4798 3476 4868 κινήσεις
3523 4792 3581 4852 δὲ
3631 4793 3726 4851 λέ-

300 4878 419 4935 tius
467 4879 824 4936 mutationes
855 4885 994 4936 sunt
1022 4884 1079 4936 et
1111 4884 1307 4935 motus
1356 4879 1597 4936 abusive
1637 4879 1952 4948 dicuntur;

300 4968 402 5023 sed
433 4967 494 5024 in
543 4975 760 5040 quanto
809 4977 864 5026 et
893 4968 1049 5040 quali
1098 4975 1152 5025 et
1202 4969 1323 5038 ubi,
1367 4969 1598 5041 proprie
1645 4975 1840 5024 motus
1871 4969 1957 5025 in-

294 5058 656 5126 veniuntur).
692 5061 755 5114 In
808 5063 1025 5131 quanto
1055 5059 1522 5126 incrementum;
1556 5059 1616 5112 in
1656 5058 1836 5128 quali,
1871 5057 1956 5114 al—

296 5147 546 5218 teratio;
580 5149 641 5203 in
673 5149 775 5205 ubi
807 5149 1077 5220 denique,
1111 5147 1358 5203 mutatio
1402 5148 1729 5203 secundum
1760 5147 1955 5204 locum

300 5250 426 5305 qua:
459 5235 598 5291 latio
626 5241 886 5312 vocatur.

377 5342 464 5396 17.
498 5341 788 5401 Dividitur
837 5350 1034 5402 autem
1077 5344 1201 5420 haec
1231 5348 1289 5400 et
1335 5343 1394 5398 in
1444 5343 1788 5403 circularem
1838 5363 1958 5403 mo-

2064 4904 2249 4960 γονται
2303 4888 2780 4959 καταχρηστικῶς·
2839 4885 2890 4941 ἐν
2967 4891 3047 4958 τῷ
3110 4889 3266 4959 ποσῷ
3343 4883 3421 4954 δὲ,
3481 4885 3572 4944 καὶ
3645 4889 3730 4958 τῷ

2064 4977 2230 5046 ποιῷ,
2261 4972 2350 5028 καὶ
2399 4977 2478 5044 τῷ
2534 4977 2659 5045 1:06,
2693 4975 2900 5050 κυρίως
2957 4978 3197 5047 κινήσεις
3257 4974 3619 5050 εὑρίσκονταιο
3670 4973 3726 5029 ἐν

2063 5065 2144 5134 τῷ
2199 5066 2354 5133 ποσῷ
2427 5061 2521 5135 μὲν
2584 5059 2807 5134 αὔξησις
2869 5065 2959 5120 καὶ
3023 5064 3267 5140 μείωσις·
3330 5063 3382 5118 ἐν
3443 5068 3522 5138 τῷ
3579 5067 3729 5136 ποιῷ

2067 5148 2126 5205 δὲ
2153 5147 2477 5222 ᾀλλοίωσις·
2511 5149 2669 5224 ἐντῷ
2723 5157 2831 5208 1:06
2881 5151 2938 5211 δὲ
2994 5157 3029 5223 ἡ
3073 5154 3211 5210 κατὰ
3263 5152 3431 5208 τόπον
3492 5143 3724 5227 μεταϐο-

2067 5239 2162 5312 λὴ,
2195 5237 2318 5308 ἥτις
2349 5237 2598 5294 καλεῖται
2629 5240 2791 5318 φορά.

2143 5348 2223 5417 ιζ’.
2259 5351 2551 5423 Διαιρεῖται
2595 5344 2642 5402 δ’
2681 5347 2818 5420 αὕτη
2850 5347 2926 5406 εἷέ
2971 5371 3031 5406 τε
3084 5352 3182 5421 τὴν
3243 5347 3434 5422 κύκλῳ
3489 5347 3726 5418 κίνησιν,

305 5435 458 5498 tum,
488 5448 661 5502 quem
710 5433 1151 5491 circulationem
1180 5449 1479 5503 vocamus,
1513 5439 1570 5490 et
1619 5435 1678 5490 in
1727 5441 1956 5493 motum

2087 5437 2126 5505 iv
2174 5434 2450 5509 καλοῦμεν
2496 5439 2816 5514 περιφορὰν,
2848 5439 2940 5494 καὶ
2989 5439 3066 5503 εἰς
3104 5440 3203 5508 τὴν
3237 5438 3321 5498 ἐπ’
3353 5437 3583 5500 εὐθείας.
3615 5441 3729 5506 Τῆς

305 5519 634 5581 secundum
681 5527 900 5580 rectam
931 5523 1167 5578 lineam.
1204 5523 1396 5578 Motus
1443 5527 1639 5580 autem
1685 5526 1811 5595 ejus
1858 5526 1957 5596 qui

2087 5523 2386 5591 μπέὐθείας
2416 5521 2476 5582 δὶ
2502 5528 2766 5597 κινήσεως
2817 5525 3071 5607 διαφοραί
3130 5528 3262 5584 εἰσιν
3429 5530 3464 5596 ἡ
3523 5525 3612 5582 ἐπὶ
3663 5526 3729 5582 τὸ

301 5613 392 5666 est
420 5609 746 5666 secundum
776 5617 996 5668 rectam
1025 5611 1375 5679 lineam,sex
1403 5616 1544 5668 sunt
1571 5612 1906 5671 differentiae
1941 5635 1954 5674 :

2087 5612 2198 5686 ἱνω,
2232 5614 2267 5683 ἠ
2301 5613 2387 5668 ἐπὶ
2444 5614 2507 5669 τὸ
2555 5615 2724 5689 κάτω,
2756 5618 2790 5687 ἠ
2826 5616 2914 5673 ἐπὶ
2959 5619 3053 5691 τὸ,
3076 5615 3203 5693 ἔσω,
3231 5618 3481 5674 τουτέστι
3516 5616 3580 5671 τὸ
3627 5613 3726 5688 ἔμ-

299 5696 400 5774 qui
448 5710 690 5756 sursum
736 5705 848 5772 est,
880 5701 981 5774 qui
1027 5700 1304 5758 deorsum
1351 5703 1477 5772 est;
1509 5701 1607 5774 qui
1656 5702 1728 5760 ad
1778 5703 1953 5779 intra,

2087 5704 2386 5788 :pocesv,1‘)
2447 5703 2534 5761 ἐπὶ
2591 5704 2654 5762 τὸ
2712 5704 2835 5780 ἔξω,
2865 5707 3110 5767 τουτέστι
3168 5707 3231 5764 τὸ
3289 5703 3599 5780 ὅπισθεν,ἠ
3634 5703 3726 5764 ἐπὶ
