4126 6436
355 345 480 428 83⁷

1723 341 2072 426 amour.
2117 343 2429 414 LOGICA.

3665 347 3787 430 $.38

353 477 422 531 τὰ
450 473 597 548 δεξιὰ
625 476 716 532 καὶ
746 478 780 547 ἠ
816 475 903 532 ἐπὶ
932 475 1298 553 τὰάριστερά.
1327 442 1402 534 VT?)
1442 477 1543 554 γὰρ
1595 477 1683 538 ἐπὶ
1731 478 1795 534 τὸ
1852 478 2014 551 μέσον

2147 497 2241 538 λοο
2271 485 2382 550 est,
2412 483 2473 538 in
2502 483 2875 549 anteriorem,
2903 486 3128 555 partem
3159 487 3270 554 est,
3301 489 3356 539 et
3385 482 3487 554 qui
3519 483 3590 539 ad
3621 487 3787 546 extra

357 565 448 632 καὶ
480 563 569 620 ἐπὶ
598 566 662 620 τὸ
708 564 856 634 κάτω
908 569 1169 622 κιΑεῖσθαι
1228 567 1363 622 κατά
1413 567 1506 622 τὸν
1564 567 1769 642 κόσμον
1826 568 2018 624 ταυτόν

364 653 527 720 ἐστιν.
561 655 718 722 Ὅθεν
767 654 902 729 μετὰ
948 662 1052 726 τῆς
1107 661 1409 734 περιφορᾶς
1467 657 1602 712 ἑπτὰ
1654 657 1878 718 τοπικαὶ
1935 679 2018 712 κι-

358 745 543 818 νήσεις
576 742 733 802 εἰσίν,

444 1011 535 1079 ιη’.
573 1009 720 1077 Ἐπεὶ
767 1009 944 1065 τοίνυν
991 1010 1056 1066 τὸ
1107 1005 1451 1085 μεταϐάλλον
1483 1013 1519 1081 ἢ
1549 1013 1667 1071 καθ’
1708 1013 1865 1068 ἑαυτὸ
1925 1034 2021 1088 με·

366 1094 656 1178 ταϐάλλει,
689 1099 725 1168 ἢ
783 1101 919 1155 κατά
971 1122 1026 1155 τι
1081 1105 1188 1154 τῶν
1249 1099 1302 1156 ἐν
1359 1101 1569 1173 αὐτῷἢ
1610 1101 1734 1178 περὶ
1790 1100 1941 1158 αὐτό·
1975 1102 2021 1157 εἰ

370 1189 466 1264 μὲν
520 1188 640 1242 καθ’
671 1187 829 1242 ἑαυτὸ
889 1182 1244 1262 μεταϐάλλει,
1283 1194 1432 1245 ποιεῖ
1485 1187 1688 1267 γένεσιν
1741 1191 1830 1246 καὶ
1892 1192 2022 1270 φθο-

361 1278 474 1354 ράν·
537 1278 588 1330 εἴ
645 1273 703 1332 δὲ
751 1275 886 1332 κατά
931 1298 984 1332 τι
1030 1282 1136 1332 τῶν
1183 1277 1235 1334 ἐν
1295 1277 1461 1351 αὐτῷ,
1522 1278 1572 1334 εἴ
1621 1279 1715 1353 μὲν
1767 1279 1903 1335 κατὰ
1957 1279 2022 1338 τὸ

363 1367 556 1441 ποσὸν,
611 1371 762 1421 ποιεῖ
816 1363 1036 1438 αὔξησιν
1082 1367 1174 1422 καὶ
1253 1367 1496 1441 μείωσιν·
1557 1368 1603 1422 εί
1660 1366 1718 1428 δὲ
1769 1370 1907 1428 κατὰ
1959 1369 2023 1426 τὸ

364 1456 546 1528 ποιὸν,
578 1460 728 1518 ποιεῖ
758 1451 1084 1528 ᾆλλοίωσιν·
1117 1455 1254 1510 κατὰ
1284 1454 1342 1511 δὲ
1383 1457 1446 1511 τὸ
1493 1458 1618 1530 περὶ
1667 1455 1796 1512 αὐτὸ
1859 1476 2020 1532 μετα-

365 1540 575 1600 ϐάλλον
603 1545 878 1614 ποιεῖτὴν
904 1545 1040 1599 κατά
1084 1544 1249 1600 τόπον
1304 1539 1637 1624 μεταϐολήν.
1671 1547 1727 1599 Ὀ
1779 1546 1881 1622 γὰρ
1929 1545 2023 1600 τό-

360 1654 464 1699 πος
520 1628 632 1687 οὔτ’
662 1632 793 1687 αὐτό
855 1631 966 1687 ἐστι
1021 1633 1085 1687 τὸ
1139 1633 1480 1708 κινούμενον,
1513 1630 1636 1688 οὔτε
1688 1655 1740 1688 τι
1797 1639 1905 1689 τῶν
1969 1633 2020 1688 ἐν

361 1721 527 1794 αὐτῷ·
589 1719 736 1776 ἀλλὰ
792 1726 911 1783 τοῖς
969 1723 1306 1796 κινουμένοις
1364 1723 1683 1799 παρέπεται,
1743 1721 1832 1777 καὶ
1898 1721 2022 1799 περὶ

365 1811 433 1881 “rd
467 1809 760 1882 κινούμενα
790 1809 949 1864 ἐστιν.

2131 575 2238 637 est,
2273 571 2380 626 hoc
2429 577 2518 628 est
2547 571 2607 628 in
2638 571 3022 644 posteriorem
3061 577 3285 643 partem
3315 590 3328 642 ;
3362 574 3516 630 I92
3566 572 3787 645 quique

2131 660 2202 715 ad
2237 660 2500 716 dextram
2547 667 2604 716 et
2633 661 2935 718 sinistram
2981 665 3090 718 est.
3123 661 3270 717 Nam
3314 661 3387 717 ad
3443 661 3703 717 medium
3731 664 3792 718 et

2132 747 2403 804 deorsum
2454 751 2694 817 moveri,
2726 750 3052 812 secundum
3111 749 3402 805 mundum
3458 750 3615 828 idem
3674 751 3785 806 est.

2132 836 2296 893 Unde
2363 855 2498 894 cum
2553 837 2929 894 circulatione
2999 843 3223 910 septem
3297 831 3542 896 locales”
3588 844 3788 896 motus

2132 929 2293 982 sunt.

2205 1017 2290 1070 18.
2339 1015 2626 1078 Quoniam
2682 1016 2862 1089 igitur
2913 1017 3070 1089 quod
3121 1021 3404 1088 mutatur,
3447 1021 3548 1073 aut
3595 1018 3788 1090 quoad

2132 1103 2392 1176 seipsum
2425 1108 2709 1172 mutatur,
2733 1110 2838 1162 aut
2869 1107 3060 1178 quoad
3091 1105 3310 1179 aliquid
3342 1122 3545 1162 eorum
3575 1122 3700 1177 qua
3724 1107 3783 1162 in

2132 1193 2262 1265 ipso
2292 1197 2449 1264 sunt,
2473 1198 2575 1248 aut
2601 1195 2790 1264 quoad
2824 1194 3043 1265 aliquid
3074 1211 3278 1250 eorum
3311 1211 3440 1264 qua,
3469 1201 3609 1251 sunt
3628 1195 3785 1252 circa

2131 1281 2329 1353 ipsum
2363 1297 2377 1336 :
2411 1282 2463 1337 si
2494 1282 2729 1352 quidem
2763 1283 2955 1356 quoad
2988 1281 3251 1354 seipsum
3291 1288 3578 1353 mutatur,
3608 1299 3784 1356 gene-

2134 1369 2420 1426 rationem
2469 1370 2650 1426 efﬁcit
2677 1376 2735 1426 et
2779 1371 3254 1444 corruptionem;
3288 1371 3380 1427 sin
3411 1388 3547 1429 vero
3594 1372 3786 1443 quoad

2134 1456 2357 1530 aliquid
2400 1475 2602 1515 eorum
2634 1477 2759 1530 quae
2791 1465 2932 1515 sunt
2960 1461 3020 1514 in
3060 1461 3209 1532 ipso,
3243 1477 3377 1528 cum
3427 1461 3666 1533 quidem
3695 1476 3788 1518 se-

2135 1537 2396 1603 cundum
2447 1552 2756 1619 quantum,
2790 1549 3215 1605 incrementum
3264 1553 3322 1605 et
3352 1550 3789 1607 decrementum

2133 1635 2313 1690 efﬁcit
2341 1655 2354 1704 ;
2388 1653 2523 1692 cum
2553 1641 2749 1693 autem
2800 1638 3124 1694 secundum
3157 1637 3350 1711 quale,
3385 1638 3789 1695 alteralionem

2133 1724 2484 1792 constituit;
2545 1725 2637 1780 sin
2694 1725 2947 1798 denique
3003 1731 3266 1782 mutatur
3321 1727 3510 1798 quoad
3570 1728 3786 1799 aliquid

2137 1812 2291 1868 circa
2338 1814 2556 1885 ipsum,
2608 1815 2996 1870 mutationem
3058 1815 3120 1872 in
3165 1816 3291 1872 loco
3343 1816 3542 1873 efﬁcit.
3600 1817 3789 1874 Locus

371 1900 531 1956 enim
581 1916 770 1972 neque
812 1899 1010 1972 ipsum
1043 1903 1132 1956 est
1178 1901 1328 1972 quod
1361 1904 1646 1967 movetur,
1681 1916 1868 1972 neque
1916 1899 2140 1972 aliquid
2177 1918 2380 1957 eorum
2429 1919 2554 1972 qua:
2606 1907 2747 1958 sunt
2793 1903 2852 1958 in
2901 1904 3071 1976 ipso;
3104 1905 3206 1960 sed
3259 1921 3327 1959 ea
3374 1922 3500 1976 quas
3551 1922 3788 1960 moven-

370 1993 470 2044 tur
498 1989 904 2061 subsequitur,
937 1993 994 2044 et
1024 1989 1181 2045 circa
1210 2006 1277 2045 ea
1306 2005 1431 2060 quae
1463 1993 1793 2060 moventur,
1825 1993 1934 2046 est.

439 2096 522 2168 ιϐ’.
554 2095 813 2169 Ἐνταῦθα
869 2091 928 2151 δὲ
964 2093 1175 2164 κίνησιν
1235 2093 1472 2170 λέγομεν
1535 2094 1597 2162 οὐ
1651 2095 1751 2166 τήν
1811 2095 2023 2170 νοεράν,
2057 2106 2103 2170 Β

365 2182 426 2238 οὐ
462 2184 560 2252 τήν
613 2183 857 2259 ψυχικὴν
889 2182 1265 2255 αὐτοκίνητον,
1300 2181 1449 2238 ἀλλὰ
1494 2185 1594 2255 τὴν
1641 2185 1874 2261 φυσικὴν
1936 2183 2026 2244 καὶ

368 2271 712 2345 σωματικὴν,
744 2271 866 2340 ἥτις
898 2269 1115 2348 λέγεται
1144 2272 1348 2345 κυρίως
1383 2267 1684 2346 μεταϐολή.

437 2457 503 2508 κ’.
538 2449 687 2506 Ἐπεὶ
747 2447 806 2504 δὲ
859 2450 959 2518 τὴν
1018 2447 1222 2526 γένεσιν
1297 2450 1386 2505 καὶ
1453 2451 1653 2528 φθορὰν
1718 2444 2027 2524 μεταϐολὰς

367 2539 501 2598 εἶναι
559 2537 800 2612 μᾶλλον,
831 2537 957 2596 ἀλλ’
1007 2538 1068 2595 οὐ
1127 2541 1367 2612 κινήσεις
1426 2536 1721 2618 φθάσαντες
1778 2537 2025 2613 εἷ’πομεν·

365 2628 429 2702 οὐ
488 2629 603 2706 χρὴ
651 2627 890 2704 ἀγνοεῖν,
940 2627 1023 2702 δτι
1078 2628 1143 2684 τὸ
1173 2628 1518 2702 κινούμενον,
1575 2628 1811 2706 ἐνεργείᾳ
1848 2629 1906 2683 ’ὸν
1937 2627 2031 2684 καὶ

371 2717 666 2792 ὑπομένον,
713 2715 858 2771 οὕτω
904 2722 1154 2772 κινεῖται’
1203 2716 1267 2773 τὸ
1300 2715 1356 2772 δὲ
1391 2719 1466 2791 μὴ
1519 2718 1577 2772 ὃν
1611 2716 1868 2794 ἐνεργείᾳ,
1903 2715 2036 2792 μηδ’

371 2806 642 2883 ὑπομένον
703 2803 829 2862 οὐδὲ
882 2811 1154 2862 κινεῖται.
1213 2807 1362 2862 Ἐπεὶ
1418 2812 1546 2884 γοῦν
1599 2810 1635 2878 ὴ
1701 2807 1905 2883 γένεσις
1972 2807 2033 2862 ἐκ

367 2901 466 2972 τοῦ
499 2897 578 2972 μὴ
609 2890 766 2970 ὄντος
810 2894 950 2952 ἐστὶν
1005 2895 1080 2958 εἷς
1107 2897 1170 2967 τὸ
1221 2897 1358 2953 εἶναι
1407 2891 1710 2970 μεταϐολὴ,
1745 2894 1836 2951 διὰ
1867 2901 2030 2952 τοῦτο

365 2985 585 3058 κίνησις
634 2984 739 3061 οὐκ
779 2980 914 3059 ἔστι.
965 2985 1036 3041 Τὸ
1082 2986 1185 3064 γὰρ
1244 2987 1319 3059 μὴ
1373 2983 1429 3040 ὃν
1464 2984 1525 3040 οὗ
1573 2991 1821 3043 κινεῖται.
1856 2983 2029 3058 Πάλιν

369 3073 488 3149 ἐπεὶ
531 3076 566 3144 ἡ
624 3075 800 3152 φθορὰ
858 3073 920 3142 ἐκ
973 3079 1071 3128 τοῦ
1131 3069 1285 3136 ὄντος
1340 3073 1477 3130 ἐστίν
1539 3074 1613 3136 εἰς
1658 3075 1722 3129 τὸ
1777 3076 1852 3148 μὴ
1895 3075 2028 3128 εἶναι

376 3157 678 3238 μετιαᾷολὴ,
861 3167 1024 3219 τοῦτο
1068 3163 1282 3234 κίνησις
1332 3163 1430 3219 οὐκ
1476 3162 1606 3236 ἔστι·
1647 3165 1722 3237 μὴ
1764 3164 1868 3240 γὰρ
1905 3164 2031 3233 ὑπο-

378 3252 535 3328 μένον
567 3249 629 3306 τὸ
661 3251 718 3308 ὃν
749 3253 885 3324 κατὰ
929 3254 1030 3323 τὴν
1080 3251 1336 3323 τοιαύτην
1389 3247 1723 3326 μεταϐολὴν,
1756 3249 1903 3308 ἀλλᾶ
1928 3259 2029 3323 τῆς

372 3339 576 3420 οἰκείας
635 3339 844 3419 φύσεως
905 3339 1165 3416 ἔκπίπτον
1225 3339 1314 3406 καί
1364 3338 1746 3416 διαλυόμενον,
1807 3345 1922 3403 πῶς
1967 3340 2026 3397 ἂν

366 3428 572 3511 κυρίῳς
597 3432 860 3502 κινεῖσθαι
892 3428 1111 3508 λέγοιτο
1146 3450 1160 3502 ;

2203 2097 2294 2152 49.
2323 2097 2549 2154 Motum
2600 2103 2797 2154 autem
2830 2097 2925 2154 hic
2975 2098 3232 2154 dicimus
3260 2114 3377 2156 non
3424 2098 3792 2158 intellectua-

2137 2184 2275 2256 lem,
2309 2202 2426 2241 non
2459 2186 2669 2242 animae
2709 2185 2879 2242 illum
2909 2203 3022 2256 quo
3051 2186 3274 2245 scimus
3303 2187 3481 2244 etiam
3529 2188 3793 2246 rationa-

2135 2274 2252 2330 lem
2283 2274 2544 2330 animam
2576 2292 2610 2331 a
2638 2275 2834 2347 seipsa
2863 2276 3080 2332 moveri
3109 2292 3302 2348 posse,
3326 2277 3430 2333 sed
3463 2276 3789 2335 naturalem

2137 2367 2196 2419 et
2225 2379 2568 2435 corporeum
2601 2365 2700 2436 qui
2732 2364 2963 2436 proprie
2992 2365 3239 2422 mutatio
3268 2365 3501 2422 dicitur.

2208 2453 2298 2506 20.
2333 2453 2620 2516 Quoniam
2663 2457 2859 2509 autem
2891 2454 3325 2526 generationem
3355 2459 3414 2510 et
3463 2455 3790 2529 corruptio-

2140 2558 2274 2596 nem
2307 2542 2662 2599 mutationes
2691 2543 2888 2615 potius
2931 2559 3060 2599 esse
3091 2549 3150 2599 et
3179 2560 3295 2600 non
3328 2544 3638 2611 motiones,
3661 2544 3790 2616 jam

2140 2635 2273 2686 ante
2323 2631 2580 2688 diximus
2630 2648 2645 2686 :
2699 2633 3092 2703 ignorandum
3163 2632 3322 2690 haud
3367 2636 3475 2700 est,
3531 2634 3588 2690 id
3638 2634 3792 2692 198

2141 2719 2296 2790 quod
2353 2725 2639 2789 movetur,
2682 2736 2814 2775 cum
2865 2723 2998 2776 actu
3047 2721 3125 2776 sit
3170 2725 3228 2777 et
3275 2725 3634 2794 permaneat,
3669 2738 3795 2778 mo-

2138 2807 2258 2862 veri
2292 2823 2304 2863 :
2339 2809 2490 2878 quod
2540 2812 2736 2863 autem
2768 2825 2886 2864 non
2917 2810 2994 2868 sit
3023 2813 3156 2866 actu
3204 2825 3392 2882 neque
3431 2813 3792 2882 permaneat,

2141 2912 2213 2952 ne
2252 2897 2468 2952 moveri
2521 2897 2777 2966 quidem.
2827 2897 3114 2962 Quoniam
3170 2898 3350 2972 igitur
3397 2899 3694 2971 generatio
3725 2915 3796 2956 ex

2141 3001 2258 3044 non
2305 2989 2437 3040 ente
2495 2986 2566 3040 ad
2615 3001 2744 3042 esse
2793 2990 2881 3044 est
2929 2987 3193 3056 mutatio,
3245 2992 3551 3060 propterea
3597 2992 3794 3044 motus

2141 3091 2258 3130 non
2306 3079 2416 3130 est.
2461 3074 2607 3131 Cum
2655 3075 2813 3131 enim
2862 3091 2967 3132 ens
3012 3076 3074 3132 in
3127 3077 3420 3148 ejusmodi
3466 3075 3792 3142 mutatione

2140 3179 2258 3218 non
2306 3165 2558 3232 maneat,
2590 3163 2691 3219 sed
2723 3180 2756 3219 a
2786 3163 3022 3236 propria
3072 3169 3284 3222 natura
3311 3166 3537 3222 excidat
3565 3169 3624 3222 et
3667 3165 3793 3222 dis-

2140 3249 2426 3322 solvatur,
2456 3252 2748 3323 quomodo
2772 3252 3005 3326 proprie
3034 3253 3254 3312 moveri
3282 3254 3508 3312 dicetur
3526 3253 3555 3310 ?

436 3477 569 3506 5"?"
599 3477 860 3502 Ἕ“.””⁷’“”’
892 3477 1110 3508 ”Ῡ”Ι⁷’“’
1146 3477 1160 3502 ἳ

436 3507 538 3594 κέ.
571 3521 680 3594 Τῂν
734 3516 779 3593 δ’
825 3511 1126 3592 ἀλλοίωσίν
1173 3539 1315 3592 τινες
1367 3518 1467 3576 οὐκ
1511 3519 1653 3582 εἶδος
1701 3520 1836 3576 εἶναι
1878 3521 2028 3592 κινή-

2213 3520 2303 3574 21.
2337 3519 2620 3576 Caaterum
2669 3517 2852 3592 aliqui
2880 3521 3288 3578 alterationem
3337 3539 3451 3578 non
3491 3538 3620 3579 esse
3664 3538 3794 3594 spe-

368 3629 507 3683 σειιις
555 3604 780 3688 ἔφασαν,
826 3607 976 3680 ἀλλὰ
1016 3613 1134 3681 τοῖς
1185 3607 1408 3683 λοιποῖς
1451 3608 1654 3682 ταύτης
1705 3610 2030 3683 συμπίπτειν

373 3694 560 3772 εἴδεσι.
620 3701 790 3770 Τοῦτο
849 3694 897 3753 δ’
947 3697 1045 3771 ορκ
1089 3694 1224 3770 ἔστι.
1286 3697 1518 3770 ᾼυνατὸν
1572 3700 1674 3776 γὰρ
1735 3697 2036 3764 ἀλλοίωσιν

373 3787 820 3863 γίνεσθαιχιορὶς
870 3784 1046 3860 ἄλλου
1093 3787 1238 3860 τινὸς
1282 3784 1464 3849 εἷ’δους
1509 3789 1799 3859 κινήσεως.
1828 3788 1900 3842 Τὸ
1930 3787 2034 3864 γὰρ

373 3876 514 3931 κατὰ
569 3875 740 3950 πάθος
798 3875 1120 3950 κινούμενον
1181 3876 1283 3931 οὐκ
1338 3877 1624 3951 ἀναγκαῖον
1668 3874 1775 3948 ἤδη
1827 3877 1917 3948 καὶ
1947 3874 2037 3931 αὕ-

374 3966 576 4038 ξεσθαι,
702 3966 1003 4038 μειοῦσθαι·
1057 3961 1180 4019 οὔτε
1220 3963 1277 4020 δὲ
1331 3963 1394 4036 τό
1446 3964 1740 4037 αὐξόμενον
1780 3965 1815 4034 ἢ
1851 3964 2036 4038 μειού-

379 4075 538 4128 μενον
601 4056 849 4125 ὁπῳσοῦν
928 4053 1132 4130 ἀνάγκη
1198 4053 1288 4109 καὶ
1345 4051 1702 4126 ἀλλοιοῦσθαι
1737 4099 1752 4126 ,
1810 4053 1873 4125 τὸ
1933 4052 2036 4128 γὰρ

373 4141 715 4220 τετράγωνον
775 4139 990 4216 αὔξεται
1044 4143 1136 4216 μὲν
1197 4140 1570 4217 περιτεθέντος
1626 4141 1772 4214 αὐτῷ
1817 4142 2038 4217 γνώμο-

375 4252 490 4305 νος,
541 4230 641 4287 οὐκ
689 4229 1015 4304 ἀλλοιοῦται
1063 4228 1121 4286 δὲ
1167 4230 1336 4305 (μένει
1387 4230 1609 4309 γὰρκαὶ
1663 4228 1814 4293 αὖθις
1847 4230 2036 4307 τετρά-

375 4323 598 4397 γωνον),
645 4321 736 4394 καὶ
781 4324 880 4376 τοῦ
928 4320 1215 4396 γνώμονος
1267 4319 1730 4396 περιαιρεθέντος,
1792 4324 2036 4394 μειοῦται

377 4410 469 4466 καὶ
524 4409 674 4484 μένει
723 4408 907 4466 πάλιν
939 4409 1291 4486 τετράγωνον.
1325 4406 1423 4463 Καὶ
1456 4409 1484 4463 ὁ
1524 4408 1670 4471 οἶνος
1715 4406 2038 4476 ἀλλοιοῦται

381 4500 511 4573 μήτ’
558 4499 874 4572 αὐξόμενος,
929 4501 1068 4572 μήτε
1120 4497 1464 4573 μειούμενος.
1506 4500 1666 4571 ᾭστε
1711 4500 1746 4568 ἡ
1800 4496 2041 4570 ἀλλοίω-

377 4608 460 4651 σις
494 4585 714 4643 δύναται
737 4590 1056 4665 θεωρεῖσθαι
1075 4588 1192 4643 κατ’
1225 4587 1445 4658 ἑαυτὴν,
1469 4587 1674 4664 ἀμιγὴς
1701 4593 1821 4650 ταῖς
1843 4585 2041 4650 ἄλλαις

377 4679 642 4752 κινήσεσι·

449 4767 554 4842 κβ.
615 4767 768 4842 Heia-9
824 4765 883 4823 δὲ
939 4770 1148 4840 κινήσει
1207 4765 1298 4823 καὶ
1341 4767 1547 4845 ἠρεμια
1591 4787 1674 4830 τις
1722 4764 2034 4824 ἀντίκειται.

2143 3609 2292 3666 ciem
2323 3612 2519 3665 motus
2547 3607 2841 3678 dixerunt,
2873 3609 2977 3667 sed
3008 3626 3144 3666 cum
3173 3609 3415 3681 reliquis
3446 3611 3627 3683 hujus
3663 3627 3796 3684 spe-

2144 3698 2344 3754 ciebus
2373 3697 2718 3754 coincidere.
2751 3697 2915 3762 Quod
2945 3715 3062 3755 non
3093 3703 3196 3756 est.
3218 3699 3368 3756 Fieri
3397 3700 3552 3756 enim
3584 3704 3796 3772 potest,

2147 3793 2211 3844 ut
2239 3788 2343 3844 ﬁat
2370 3786 2638 3844 alteratio
2667 3787 2916 3844 seorsim
2949 3788 3020 3844 ab
3051 3788 3165 3844 alia
3193 3788 3388 3859 aliqua
3435 3793 3634 3845 motus
3665 3805 3797 3862 spe-

2146 3876 2252 3933 cie.
2287 3876 2450 3942 Quod
2481 3876 2637 3932 enim
2669 3877 2996 3933 secundum
3026 3877 3383 3949 passionem,
3416 3895 3532 3934 non
3563 3893 3802 3934 necesse

2146 3970 2236 4022 est
2257 3966 2386 4037 jam
2441 3966 2620 4021 etiam
2651 3965 2853 4038 augeri
2881 3970 2939 4022 et
2968 3966 3176 4023 minui.
3214 3967 3406 4040 Neque
3458 3983 3594 4025 vero
3623 3967 3803 4026 etiam

2147 4055 2300 4124 quod
2331 4059 2581 4127 augetur
2608 4058 2666 4108 et
2694 4053 2986 4110 minuitur
3011 4057 3425 4127 quoquomodo
3455 4072 3695 4114 necesse
3715 4061 3808 4114 est

2147 4143 2324 4200 etiam
2375 4141 2628 4199 alterari.
2659 4142 3019 4206 Quadratum
3070 4143 3228 4200 enim
3277 4149 3526 4218 augetur
3568 4145 3806 4216 quidem

2147 4232 2564 4305 circumposito
2612 4231 2665 4287 ei
2729 4248 3041 4305 gnomone,
3092 4251 3210 4290 non
3257 4234 3540 4291 alteratur
3582 4238 3800 4291 tamen.

2148 4323 2345 4379 Manet
2374 4321 2534 4378 enim
2566 4320 2758 4378 adhuc
2787 4321 2967 4378 etiam
3006 4323 3382 4394 quadratum.
3415 4323 3482 4380 Et
3509 4339 3802 4396 gnomone

2149 4411 2344 4469 ablato
2392 4411 2681 4468 minuitur
2710 4416 2768 4469 et
2816 4416 3015 4468 manet
3055 4412 3269 4469 iterum
3313 4413 3668 4485 quadratum
3699 4436 3715 4480 ;
3744 4415 3804 4470 et

2148 4502 2352 4558 vinum
2395 4500 2674 4557 alteratur
2719 4505 2785 4556 ut
2833 4517 2939 4558 nec
2985 4506 3272 4575 augeatur
3318 4519 3424 4559 nec
3472 4501 3800 4559 minuatur.

2150 4593 2339 4658 Quare
2368 4589 2634 4646 alteratio
2683 4606 2786 4663 per
2812 4591 3070 4663 seipsam
3101 4591 3458 4648 considerari
3494 4594 3707 4664 potest,
3739 4594 3805 4646 ut

2149 4679 2282 4738 aliis
2313 4679 2572 4736 motibus
2603 4679 2973 4751 impermista
3003 4680 3102 4738 sit.

2219 4770 2310 4839 22.
2344 4768 2516 4825 Omni
2548 4772 2746 4825 autem
2779 4769 2964 4825 motui
2994 4769 3173 4826 etiam
3199 4769 3363 4840 quies
3391 4768 3590 4841 aliqua
3617 4783 3804 4841 oppo-

378 4858 456 4929 Τῇ
489 4853 679 4920 ἁπλῶς
708 4841 921 4930 κινήσει
950 4860 986 4926 ἡ
1020 4854 1211 4919 ἁπλῶς
1261 4841 1488 4932 ἠρεμία,
1543 4853 1716 4929 εἷίεουν
1765 4854 2029 4930 ᾆκινησίαὲ

2149 4859 2354 4929 nitur;
2409 4859 2567 4913 134
2614 4857 2798 4913 motui
2849 4857 3196 4930 simpliciter
3242 4860 3407 4929 quies
3457 4856 3806 4930 simpliciter

378 4944 416 5013 ἢ
447 4964 506 5000 τε
533 4945 641 5018 πρὸ
669 4952 768 5016 τῆς
791 4947 1082 5020 κινήσεως,
1113 4946 1203 5000 καὶ
1234 4949 1269 5016 ἡ
1307 4945 1441 5020 μετὰ
1482 4945 1584 5014 τήν
1622 4944 1856 5016 κίνησιν.
1885 4942 2038 5020 Τάχα

383 5029 441 5088 δὲ
469 5034 558 5089 καὶ
589 5033 642 5089 ἐν
675 5033 812 5109 αὐτῇ
842 5038 913 5108 τῇ
942 5038 1176 5106 κινήσει.

449 5142 550 5218 κγ’.
583 5142 736 5196 Ἐπεὶ
767 5143 872 5219 γὰρ
911 5147 1057 5197 πᾶσα
1102 5141 1319 5211 κίνησις
1348 5140 1437 5195 καὶ
1472 5134 1752 5213 μεταϐολὴ
1786 5137 1846 5194 ἔκ
1890 5160 2036 5203 τινος

377 5227 454 5292 εἷ¹ς
484 5250 537 5285 τι
567 5230 792 5306 γίνεται,
850 5232 962 5286 οἷον
1019 5229 1106 5285 ἐπὶ
1157 5228 1440 5306 γενέσεως²
1490 5229 1550 5284 ἐκ
1595 5231 1703 5283 τῶν
1743 5229 2034 5304 στοιχείων

379 5318 458 5382 εἷς
511 5320 576 5374 τὸ
631 5319 879 5384 σύνθετον
935 5324 1114 5395 σῶμαο
1175 5319 1264 5374 ἐπὶ
1323 5316 1380 5373 δὲ
1416 5324 1518 5387 τῆς
1568 5319 1792 5395 φθορᾶς,
1851 5316 2034 5386 ἐκτοηῦ

373 5408 632 5482 σώματος
677 5407 830 5474 αὗθις
880 5408 957 5472 εἰς
1003 5410 1072 5465 τὰ
1117 5413 1385 5484 στοιχεῖα·
1417 5406 1550 5462 κάπὶ
1603 5406 1698 5480 μὲν
1737 5413 1838 5476 τῆς
1868 5405 2031 5478 αὐξή-

375 5517 513 5560 σεως
573 5496 633 5554 ἐκ
686 5503 785 5554 τοῦ
841 5497 1128 5562 ἐλαττονος
1179 5499 1259 5561 εἷς
1312 5498 1376 5552 τὸ
1435 5500 1638 5570 μεῖζον·
1690 5494 1778 5551 ἐπὶ
1826 5493 1883 5551 δὲ
1929 5502 2032 5568 τῆς

379 5587 656 5661 μειώσεως
706 5586 946 5662 ἔμπαλιν
1004 5589 1063 5644 έκ
1116 5593 1212 5644 τοῦ
1268 5587 1514 5661 μείζονος
1563 5585 1637 5647 εἰς
1689 5585 1750 5639 τὸ
1778 5582 2026 5647 ἓλοιττοψ

375 5674 466 5732 ἰπὶ
497 5673 556 5732 δὲ
582 5681 682 5753 τῇς
733 5676 1087 5744 ἀλλοιώσεως
1136 5680 1195 5735 ἐκ
1229 5681 1336 5734 τῶν
1387 5673 1766 5750 ἀντικειμένων
1795 5678 2026 5750 ποιοτή-

2148 4948 2268 5005 sive
2289 4945 2758 5016 immobilitas,et
2777 4963 2904 5018 quae
2917 4952 3054 5003 ante
3067 4953 3292 5003 motum
3318 4953 3375 5003 et
3394 4964 3520 5021 quae
3535 4951 3806 5020 postmo-

2146 5041 2275 5092 tum
2297 5039 2417 5105 est;
2441 5035 2587 5090 forte
2609 5040 2801 5091 autem
2830 5035 3006 5092 etiam
3029 5053 3098 5093 ea
3117 5053 3244 5109 quae
3267 5040 3358 5092 est
3374 5036 3433 5091 in
3457 5037 3585 5108 ipso
3611 5041 3803 5091 motu.

2214 5143 2306 5199 23.
2339 5142 2626 5206 Quoniam
2677 5141 2859 5214 igitur
2887 5143 3082 5200 omnis
3127 5148 3322 5200 motus
3351 5149 3409 5200 et
3454 5142 3702 5199 mutatio
3731 5158 3807 5198 ex

2146 5232 2343 5305 aliquo
2393 5231 2459 5285 tit
2484 5231 2543 5285 in
2592 5229 2857 5302 aliquid;
2889 5230 3048 5287 velut
3075 5232 3136 5287 in
3173 5233 3547 5305 generatione
3577 5248 3646 5288 ex
3691 5230 3806 5288 ele-

2145 5321 2360 5378 mentis
2391 5321 2452 5376 in
2497 5336 2711 5391 corpus
2750 5321 3142 5393 compositum
3173 5341 3185 5391 ;
3220 5323 3280 5378 in
3329 5321 3702 5394 corruptione
3733 5336 3804 5377 ex

2143 5427 2383 5486 corpore
2447 5409 2661 5476 iterum
2709 5408 2768 5464 in
2814 5407 3102 5466 elementa
3145 5428 3161 5480 ;
3207 5417 3264 5467 et
3309 5412 3369 5467 in
3440 5412 3801 5467 incremento

2143 5485 2381 5578 quidem
2432 5514 2502 5556 ex
2532 5496 2746 5572 minori
2777 5498 2847 5553 ad
2899 5499 3133 5569 majus;
3166 5500 3223 5556 in
3259 5501 3632 5556 decremento
3661 5516 3798 5556 vero

2142 5609 2211 5648 ex
2242 5589 2446 5659 majori
2481 5589 2552 5642 ad
2585 5587 2784 5642 minus
2811 5613 2824 5654 ;
2855 5587 2914 5642 in
2947 5589 3292 5646 alteratione
3323 5608 3494 5663 porro
3527 5607 3596 5644 ex
3625 5606 3802 5661 oppo-

2141 5680 2271 5756 sitis
2302 5675 2685 5756 qualitatibus
2714 5677 2772 5732 in
2805 5677 3105 5754 oppositas
3136 5679 3472 5753 qualitates,
3505 5685 3570 5736 ut
3598 5694 3668 5736 ex
3703 5694 3802 5737 ca-
