4126 6426
424 375 547 435 839

1683 370 2110 432 NICEPHORI
2153 369 2200 430 B
2214 367 2599 429 LEMMIDAE

3723 367 3832 431 840

428 506 552 563 lore
580 507 640 562 in
670 506 858 579 frigus
907 510 963 562 et
992 523 1061 562 ex
1090 505 1257 579 nigro
1289 505 1348 560 in
1377 504 1579 560 album
1615 522 1629 559 :
1660 503 1722 559 in
1754 503 2078 558 mutatione

2196 520 2296 554 των
2357 501 2432 562 εἰς
2499 499 2593 562 τὰς
2651 498 3043 573 ἀντικειμένας,
3104 499 3182 561 ὠς
3249 498 3310 554 ἐκ
3377 496 3711 575 θερμότητος
3765 497 3833 561 εἷς

430 595 684 669 denique
714 596 1043 651 secundum
1075 594 1270 650 locum
1303 611 1373 649 ex
1399 594 1684 665 oppositis
1714 592 1857 648 locis
1888 592 1948 647 in
1980 609 2081 663 op-

428 684 639 757 posita,
692 685 802 739 hoc
833 688 942 755 est,
976 701 1045 739 ex
1084 700 1150 739 eo
1182 683 1282 754 qui
1339 700 1577 739 sursum
1609 686 1717 751 est,
1768 683 2082 749 deorsum;

429 778 487 830 et
514 790 583 830 ex
609 790 676 829 eo
726 773 829 845 qui
862 773 1131 828 deorsum
1181 777 1291 841 est,
1325 788 1565 828 sursum
1596 789 1608 839 ;
1641 777 1699 826 et
1737 771 1796 825 in
1846 770 1977 826 aliis
2005 770 2085 825 si-

430 862 647 918 militer
675 879 737 918 se
769 879 860 917 res
893 861 1092 917 habet.

495 953 587 1006 24.
622 956 713 1007 Hea
760 951 1039 1022 quoniam
1070 950 1152 1004 ita
1205 967 1267 1005 se
1316 950 1555 1017 habent,
1615 952 1905 1022 quatenus
1954 948 2085 1019 qui-

428 1040 563 1095 dem
594 1044 789 1096 motus
836 1055 905 1095 ex
938 1038 1134 1111 aliquo
1167 1043 1273 1109 est,
1306 1039 1489 1110 quieti
1538 1038 1898 1094 antecedenti
1931 1038 2085 1092 dice-

427 1133 529 1184 tur
574 1128 787 1201 opponi
814 1146 827 1197 ;
862 1133 1153 1200 quatenus
1180 1132 1375 1183 autem
1406 1132 1496 1183 est
1543 1128 1603 1182 in
1634 1127 1874 1198 aliquid,
1907 1126 2084 1198 quieti

430 1218 806 1288 consequenti
832 1235 846 1284 ;
879 1222 1172 1289 quatenus
1204 1216 1454 1287 denique
1485 1233 1599 1271 non
1632 1217 1931 1288 perﬁcitur
1960 1217 2089 1273 sine

427 1307 820 1380 tempore,sed
852 1306 1031 1362 etiam
1062 1322 1189 1377 quae
1222 1306 1453 1361 videtur
1481 1306 1915 1362 confectissima
1945 1309 2089 1378 (ma-

436 1397 707 1466 ximeque
755 1395 1084 1467 subitanea)
1116 1395 1364 1451 mutatio
1405 1400 1462 1451 et
1507 1395 1795 1451 concretio
1827 1394 1997 1451 lactis
2026 1396 2087 1451 in

434 1488 696 1558 tempore
727 1485 793 1540 fit
823 1502 836 1540 :
870 1484 1192 1539 secundum
1225 1484 1333 1539 hoc
1360 1484 1535 1540 habet
1566 1485 1711 1542 forte
1739 1484 1919 1540 etiam
1950 1501 2089 1540 con-

436 1578 779 1645 sequentem
810 1578 867 1627 et
894 1571 1327 1644 intelligibilem
1359 1572 1617 1644 aliquam
1650 1572 1924 1643 quietem,
1945 1574 2087 1628 dum

433 1662 585 1720 195
622 1678 691 1717 ex
717 1660 1060 1716 remissione
1091 1661 1162 1715 ad
1208 1661 1590 1716 intentionem
1624 1662 1903 1732 procedit,
1936 1667 1991 1717 et
2020 1680 2089 1718 ex

431 1768 498 1807 eo
528 1751 682 1823 quod
702 1756 792 1806 est
821 1751 1018 1806 minus
1036 1750 1107 1805 ad
1139 1750 1197 1804 id
1230 1750 1384 1822 quod
1410 1750 1600 1822 magis
1619 1754 1707 1806 est
1727 1750 2086 1822 provehitur,

431 1841 617 1896 donec
646 1839 843 1912 ipsum
874 1839 1126 1910 perfecte
1155 1840 1333 1894 linem
1365 1843 1710 1908 assequatur
1744 1854 1756 1893 :
1789 1839 1910 1894 sive
1940 1839 1991 1895 is
2021 1855 2087 1894 ex

432 1929 707 1985 extremis
763 1928 883 1983 sive
940 1943 1009 1983 ex
1065 1927 1433 1983 intermediis
1515 1928 1713 1983 fuerit.
1774 1929 1876 1983 Est
1930 1927 2087 1983 enim

432 2017 610 2074 etiam
640 2018 700 2073 in
732 2016 1101 2072 intermediis
1131 2021 1186 2071 et
1217 2015 1487 2072 remissio
1515 2021 1573 2071 et
1599 2017 1869 2081 intentio,
1892 2022 1949 2072 et
1976 2016 2087 2071 mi-

432 2124 546 2163 nus
575 2112 633 2163 et
661 2106 870 2179 magis.
904 2106 975 2161 Et
1003 2110 1262 2161 extrema
1290 2105 1526 2175 quidem
1553 2110 1709 2176 sunt,
1740 2105 1916 2161 veluti
1944 2105 2087 2161 cali-

432 2197 574 2253 dum
624 2200 683 2253 et
730 2192 1226 2268 frigidum;illud
1271 2194 1507 2266 quidem
1540 2199 1603 2249 ut
1651 2195 1927 2267 adurens,
1978 2194 2088 2251 hoc

433 2291 629 2342 autem
660 2288 726 2341 ut
753 2300 1026 2341 enecans.
1062 2286 1138 2338 At
1166 2282 1318 2339 inter
1346 2282 1469 2339 haec
1502 2300 1618 2339 non
1648 2300 1845 2355 paucas
1877 2284 2085 2341 remis-

433 2375 629 2432 siones
660 2378 719 2430 et
748 2372 1103 2429 intentiones
1135 2376 1294 2428 sunt.
1319 2372 1469 2445 Ergo
1498 2372 1684 2428 motui
1715 2372 2085 2446 simpliciter,

380 2520 388 2530 ,
429 2463 780 2537 simpliciter
809 2461 975 2534 quies
1007 2462 1342 2534 opponitur.

497 2554 589 2609 25.
633 2555 705 2608 At
747 2550 1151 2625 singularibus
1199 2550 1458 2607 motibus
1507 2550 1837 2623 singulares
1890 2556 2086 2608 motus

431 2648 489 2700 et
513 2641 843 2715 singulares
876 2640 1102 2713 quietes
1128 2639 1535 2697 convenienter
1560 2643 1957 2713 opponuntur.

498 2821 591 2877 26.
641 2819 1011 2876 Generationi
1080 2818 1314 2888 quidem
1366 2822 1431 2873 ut
1477 2818 1837 2891 generationi
1885 2835 2082 2875 corru-

430 2911 649 2982 ptio,ut
677 2910 862 2965 motui
894 2906 1285 2979 autem,quies
1315 2907 1642 2962 secundum
1671 2907 1841 2963 illum
1866 2925 1881 2962 :
1905 2909 2086 2963 incre-

428 3003 624 3055 mento
673 2999 1111 3054 decrementum
1140 3021 1154 3064 ;
1187 3000 1243 3051 et
1273 2996 1600 3051 secundum
1644 2996 2083 3053 decrementum

427 3088 595 3161 quies
624 3088 835 3160 (neque
865 3085 1020 3141 enim
1042 3086 1102 3140 in
1134 3084 1431 3139 inﬁnitum
1455 3088 1704 3158 augetur
1724 3087 1881 3157 quod
1914 3103 2086 3159 auge-

426 3186 541 3245 tur,
575 3181 677 3232 aut
707 3191 941 3248 semper
988 3173 1277 3229 minuitur
1306 3174 1459 3243 quod
1503 3174 1853 3248 minuitur);
1889 3180 2080 3231 muta-

425 3265 572 3321 tioni
627 3265 951 3320 secundum
1004 3261 1220 3333 locum,
1264 3267 1328 3317 ut
1380 3263 1567 3319 motui
1621 3264 1883 3335 quidem,
1915 3267 2080 3335 quies
2112 3242 2155 3309 (ἶ

430 3354 758 3410 secundum
804 3351 1041 3419 locum;
1076 3355 1135 3406 at
1162 3355 1228 3407 ut
1279 3351 1588 3407 mutationi
1640 3354 1967 3409 secundum
1996 3352 2081 3410 lo-

429 3459 565 3498 cum
615 3440 864 3497 mutatio
890 3441 949 3495 in
997 3439 1355 3495 contrarium
1407 3440 1621 3510 locum,
1654 3442 1814 3497 velut
1856 3443 1908 3498 ei
1956 3459 2081 3514 quas

427 3536 518 3588 est
546 3532 605 3586 in
651 3530 929 3586 inferiora
959 3530 1114 3584 196
1162 3528 1264 3584 illa
1296 3546 1423 3602 quas
1474 3535 1563 3586 est
1616 3531 1687 3587 ad
1738 3533 2080 3604 superiora;

425 3621 478 3677 ei
510 3637 637 3692 qua
669 3624 757 3675 est
786 3619 859 3674 ad
890 3619 1155 3674 dextram
1187 3617 1419 3690 illaquas
1479 3622 1571 3675 est
1618 3620 1692 3675 ad
1732 3619 2037 3676 sinistram
2065 3640 2079 3691 ;

424 3711 474 3766 ei
538 3726 666 3782 qua:
724 3713 812 3764 est
860 3708 932 3764 ad
992 3706 1290 3775 interiora,
1350 3707 1461 3764 hoc
1530 3712 1621 3764 est
1677 3709 1750 3764 ad
1825 3711 2080 3767 anterio-

422 3816 508 3869 ra,
540 3799 642 3855 illa
672 3816 803 3870 quas
853 3802 944 3853 est
973 3797 1043 3852 ad
1097 3798 1406 3863 exteriora,
1437 3797 1548 3853 hoc
1600 3802 1689 3854 est
1736 3800 2079 3872 posteriora,

425 3894 484 3945 et
539 3906 569 3945 e
629 3892 850 3944 contra.
883 3885 1005 3942 Soli
1062 3890 1258 3941 autem
1313 3886 1531 3943 ccelesti
1588 3889 1772 3945 motui
1822 3907 1936 3945 non
1995 3895 2084 3947 est

427 3978 756 4035 contrarius
788 3976 999 4047 aliquis
1029 3975 1366 4046 motus,nisi
1395 3975 1526 4047 quis
1553 3993 1650 4032 eas
1683 3994 1810 4049 quas
1840 3982 1978 4033 sunt
2009 3978 2082 4033 ab

429 4069 657 4125 ortibus
686 4068 747 4123 in
778 4082 1021 4122 occasus
1051 4070 1108 4121 et
1138 4066 1351 4120 iterum
1383 4067 1455 4119 ab
1492 4066 1796 4122 occasibus
1828 4067 1887 4121 in
1918 4071 2083 4123 ortus

426 4158 697 4230 periodos
741 4155 1002 4228 sphaerae,
1036 4153 1357 4229 contrarios
1398 4170 1526 4210 esse
1574 4158 1771 4211 motus
1821 4156 2084 4213 evincere

426 4246 693 4302 voluerit.
741 4245 811 4299 Et
858 4243 1123 4299 alteratio
1171 4259 1304 4297 vero
1351 4246 1416 4298 ut
1462 4244 1711 4299 mutatio
1756 4246 2081 4302 secundum

428 4334 601 4408 quale
645 4332 999 4390 contrariam
1064 4331 1303 4387 habebit
1352 4332 1761 4405 mutationem,
1812 4351 1938 4406 quae
1995 4340 2085 4391 est

425 4426 486 4480 in
521 4423 712 4497 qualis
761 4422 1143 4487 contrarium,
1177 4425 1243 4475 ut
1271 4420 1564 4477 dealbatio
1620 4424 2081 4495 denigrationem

425 4517 484 4570 et
512 4511 835 4586 frigefactio
856 4509 1297 4566 calefactionem
1325 4515 1421 4578 ;ut
1452 4516 1647 4567 motus
1671 4518 1866 4568 autem
1898 4513 2081 4586 quieti

428 4601 753 4659 secundum
786 4597 959 4672 quale
986 4598 1465 4654 contrariabitur.

2192 589 2516 664 ψυχρότητα
2548 636 2564 662 ,
2622 589 2726 644 κάκ
2784 588 3019 663 μέλανος
3085 588 3161 651 εἷς
3220 586 3431 643 λευκόψ
3492 586 3581 642 ἐπὶ
3634 584 3690 642 δὲ
3739 593 3831 657 τῆς

2192 679 2327 733 κατὰ
2374 678 2541 733 τόπον
2603 673 2910 751 μεταϐολῆς
2969 678 3028 732 έκ
3076 682 3181 732 τῶν
3230 676 3619 749 ἀντικειμένων
3663 674 3829 731 τόπων

2194 768 2270 828 εἰς
2300 766 2428 829 τοὺς
2459 767 2876 840 ἀντικειμένους,
2899 764 3067 842 ἤγουν
3096 762 3297 820 ἄνωθεν
3320 766 3470 819 κάτω
3491 765 3584 820 καὶ
3612 764 3832 820 κάτωθεν

2195 853 2325 910 ἄνω·
2362 854 2492 910 κᾶπί
2520 861 2625 911 τῶν
2656 855 2841 911 ἄλλων
2876 854 3111 929 ὁμοίως.

2265 942 2362 999 κδ’.
2420 945 2570 1002 Ἐπεὶ
2614 946 2762 999 ταῦθ’
2812 943 2986 1007 οὕτως
3025 942 3162 1019 ἔχει,
3208 943 3339 997 καθὸ
3392 943 3484 1016 μὲν
3538 939 3599 997 ἔκ
3633 943 3831 1011 τινοςή

2193 1034 2403 1104 κίνησις
2450 1038 2518 1108 τῇ
2568 1034 2675 1111 πρὸ
2725 1033 2893 1103 αὐτῆς
2923 1032 3131 1107 ἠρεμίᾳ
3174 1032 3375 1108 λέγοιτ’
3404 1031 3463 1086 ἂν
3496 1030 3833 1086 ἀντικεῖσθαι·

2195 1124 2327 1178 καθὸ
2359 1121 2417 1179 δὲ
2464 1121 2541 1185 εἷίς
2586 1143 2661 1195 τι,
2712 1127 2781 1197 τῇ
2836 1124 2950 1195 μετ’
2980 1122 3168 1192 αὐτήν
3204 1122 3340 1186 καθὸ
3371 1118 3417 1175 δ’
3448 1119 3550 1175 οὐκ
3595 1117 3837 1196 ἀχρόνως

2196 1211 2544 1286 ἐπιτελεῖται,
2594 1210 2737 1267 ἀλΛὸ
2784 1211 2875 1267 καὶ
2924 1213 2958 1281 ἠ
3013 1208 3246 1266 δοκοῦσα
3301 1208 3637 1286 άθρουστάτη
3694 1228 3838 1280 μετα-

2196 1296 2363 1373 ϐολὴ,
2412 1301 2486 1363 ὡς
2530 1302 2564 1371 ἠ
2604 1303 2765 1373 πῆξις
2822 1305 2920 1356 τοῦ
2964 1299 3261 1375 γάλακτος,
3298 1299 3350 1354 ἐν
3403 1298 3596 1375 χρόνῳ
3623 1298 3834 1374 γίνεται·

2194 1392 2332 1446 κατὰ
2375 1394 2538 1446 τοῦτο
2591 1390 2929 1463 συνεπομένη
2981 1388 3099 1465 ἔχει
3154 1388 3300 1465 τάχα
3345 1387 3436 1442 καὶ
3482 1385 3715 1465 ἠρεμίαν
3759 1406 3836 1440 vo-

2198 1478 2433 1554 ουμένην
2488 1480 2611 1533 τινὰ
2667 1478 2719 1550 ἐξ
2779 1480 3015 1557 ὑφέσεως
3058 1478 3136 1541 εἰς
3185 1477 3426 1532 ἐπίτασιν
3458 1472 3835 1551 προοδεύουσα,

2196 1569 2299 1623 κάκ
2342 1573 2440 1624 τοῦ
2485 1569 2649 1638 ἧττον
2697 1568 2773 1631 εἷς
2820 1569 2884 1623 τὸ
2935 1566 3147 1641 μᾶλλον
3198 1566 3498 1645 φερομένη,
3545 1564 3736 1639 μέχρις
3782 1562 3833 1616 ἂν

2198 1660 2373 1733 φθάσῃ
2426 1658 2630 1719 τελέως
2683 1657 2813 1713 αὐτὸ
2872 1655 2938 1726 δὴ
2995 1658 3059 1712 τὸ
3105 1656 3445 1729 κατάντημα·
3500 1655 3597 1709 κάν
3643 1674 3701 1708 τε
3742 1654 3838 1705 τῶν

2199 1744 2376 1823 ἄκρων
2415 1743 2497 1817 εἷ¹η
2541 1751 2724 1819 τοῦτο,
2755 1744 2852 1801 κᾶν
2899 1767 2959 1801 τε
2998 1750 3106 1801 τῶν
3131 1744 3348 1819 μεταξύ.
3397 1749 3553 1799 ’Ἐστι
3604 1742 3703 1819 γὰρ
3748 1739 3832 1794 κάν

2120 1872 2165 1937 Β
2194 1842 2309 1898 τοῖς
2368 1835 2562 1909 μεταξὺ
2616 1834 2707 1891 καί
2758 1835 2945 1914 ὕφεσις
2992 1836 3083 1890 καὶ
3136 1834 3398 1905 ἐπίτασις,
3449 1833 3543 1887 καὶ
3589 1831 3652 1887 τὸ
3679 1830 3829 1899 ἦττον

2194 1925 2284 1979 καὶ
2330 1926 2395 1980 τὸ
2457 1924 2695 1998 μᾶλλον.
2758 1925 2857 1979 Καὶ
2907 1922 3043 2001 ἄκρα
3094 1925 3211 1997 μὲν,
3262 1924 3375 1978 οἷον
3423 1922 3491 1977 τὸ
3536 1920 3728 1997 θερμὸν
3758 1916 3836 1973 καὶ

2193 2015 2256 2069 τὸ
2313 2008 2546 2089 ψυχρόν
2608 2014 2671 2068 τὸ
2731 2013 2825 2087 μὶν
2885 2014 2959 2075 ὡς
3013 2017 3191 2085 καῖον,
3246 2012 3309 2066 τὸ
3365 2008 3425 2066 δὲ
3485 2012 3559 2073 ὡς
3609 2010 3834 2084 νεκροῦν⁶

2200 2102 2395 2176 μεταξὺ
2438 2100 2495 2158 δὲ
2538 2104 2747 2158 τούτων
2797 2102 3006 2180 ὑφέσεις
3057 2102 3156 2157 οὒκ
3206 2092 3393 2177 ὀλίγαι
3433 2101 3525 2156 καὶ
3557 2095 3835 2157 ἐπιτάσεις.

2194 2196 2271 2266 Τῇ
2309 2192 2401 2264 μὲν
2453 2189 2543 2246 οὗν
2588 2189 2777 2254 ἁπλῶς
2822 2192 3029 2262 κινήσει
3060 2191 3094 2261 ἠ
3129 2187 3320 2252 ἁπλῶς
3367 2189 3574 2266 ἠρεμία
3620 2185 3835 2242 ἀντίκει-

2192 2302 2303 2339 ται.

2265 2551 2337 2604 κε’
2373 2593 2385 2605 .
2446 2554 2573 2611 Ταῖς
2634 2546 2691 2603 δὲ
2747 2548 3048 2612 καθέκαστα
3102 2548 3377 2617 κινήσεσιν
3439 2546 3496 2600 αἱ
3554 2543 3832 2599 καθέκαστα

2192 2641 2456 2711 κινήσεις,
2487 2637 2576 2692 καὶ
2628 2638 2684 2693 αἱ
2731 2634 3031 2693 καθέκαστα
3079 2635 3308 2710 ἠρεμίαι
3356 2631 3723 2703 καταλλήλως
3752 2626 3831 2683 άν-

2189 2729 2471 2785 τίκεινται.
2830 2786 2833 2789 ν

2262 2819 2361 2887 κζ’.
2392 2821 2468 2891 Τῇ
2518 2815 2738 2893 γενέσει,
2791 2816 2865 2878 ὡς
2916 2816 3010 2890 μὲν
3058 2816 3281 2891 γενέσει,
3328 2815 3364 2884 ἠ
3429 2809 3621 2890 φθορά’
3666 2808 3736 2868 ὡς
3780 2800 3830 2857 δὲ

2190 2910 2419 2978 κινήσει.
2470 2907 2505 2976 ἠ
2537 2907 2653 2961 κατ’
2705 2905 2871 2973 αὐτὴν
2932 2903 3158 2980 ἠρεμία·
3210 2908 3281 2979 τῇ
3340 2904 3563 2975 αὐξήσει
3611 2900 3644 2968 ἠ
3678 2893 3828 2969 μείω-

2191 3017 2295 3069 σις,
2345 2996 2436 3050 καὶ
2484 2997 2518 3066 ἡ
2560 2996 2678 3050 κατ’
2726 2990 2945 3067 αὔξησιν
2997 2993 3220 3070 ἠρεμία.
3254 2990 3396 3048 Οὐδέ
3443 2991 3548 3067 γὰρ
3589 2986 3662 3049 εἷς
3692 2982 3828 3039 ἄπει·

2192 3105 2285 3161 ρον
2317 3081 2529 3155 αὔξεται
2574 3085 2638 3140 τὸ
2685 3083 3002 3156 αὐξόμενον,
3036 3083 3071 3152 ἢ
3103 3083 3167 3137 τὸ
3220 3080 3549 3156 μειούμενον
3604 3075 3828 3161 μειοῦται-ι

2193 3155 2295 3229 άεί·
2349 3177 2417 3248 τῇ
2475 3174 2613 3228 κατὰ
2666 3155 2832 3227 τόπον
2889 3167 3192 3245 μεταϐολῇ,
3225 3155 3327 3234 θὼς
3380 3155 3476 3247 μὲν
3539 3155 3826 3248 κινήσει,’ξι

2191 3263 2327 3319 κατᾶ
2367 3244 2532 3318 τόπον
2584 3261 2804 3338 ἠρεμίω
2857 3244 2933 3323 ὥς
2982 3257 3041 3315 δὲ
3086 3260 3222 3315 κατᾶ
3266 3244 3436 3315 τόπον
3482 3244 3826 3338 μεταϐολῇεή

2194 3353 2269 3415 εἷς
2311 3352 2403 3407 τὸν
2460 3330 2829 3425 ἀντικείμενον
2878 3349 3047 3405 τόπον
3098 3343 3408 3423 μεταϐολή·
3456 3330 3593 3417 οἷον,
3637 3341 3703 3413 τῇ

2189 3442 2257 3496 τὰ
2309 3439 2457 3497 κάτω
2505 3441 2540 3510 ἠ
2592 3416 2681 3494 ἐπί
2727 3439 2795 3494 τὰ
2840 3434 2972 3493 ἅνωο
3032 3416 3123 3493 καῖὶ
3172 3439 3243 3511 τῇ
3275 3416 3381 3492 ἐπὶ-
3412 3436 3483 3491 τὰ
3525 3416 3634 3487 ἄνω
3679 3426 3712 3495 ἦ
3753 3416 3826 3511 ξ’(τῖ

2189 3530 2258 3585 τὰ
2311 3529 2478 3584 κάτω·
2531 3506 2606 3603 ’τῇ
2664 3527 2741 3591 εἷς
2802 3525 2952 3599 δεξιὰ
2999 3528 3035 3597 ἠ
3096 3525 3172 3589 εἰς
3218 3506 3496 3602 άριστερὰ,
3550 3517 3639 3575 καὶ
3667 3516 3732 3586 τῇ
3761 3506 3827 3603 εἲς

2194 3618 2447 3696 ἀριστερά
2492 3619 2527 3688 ἦ
2582 3595 2666 3680 ἐἷς
2719 3595 2887 3687 δεξιάί
2946 3595 3034 3691 τῇ-
3075 3614 3164 3670 ἐπὶ
3212 3595 3281 3669 τά
3326 3595 3737 3696 ἔσωςτουτέστι
3770 3595 3827 3651 τὰ

2193 3689 2511 3784 ἔμπροσθεν,
2555 3708 2591 3777 ἠ
2643 3706 2730 3761 ἐπὶ
2778 3707 2844 3761 τὰ
3079 3704 3146 3760 τὰ
3202 3699 3439 3761 ὄπισθεν’
3499 3698 3588 3755 καὶ
3643 3689 3825 3784 divam.-

2194 3770 2317 3856 )x‘tv.l
2356 3770 2509 3871 Μόνη
2558 3770 2617 3851 δὲ
2667 3799 2738 3870 τῇ
2787 3770 3020 3872 οὐρανίιμ
3066 3795 3272 3865 κινήσει
3322 3793 3425 3849 οὐκ
3471 3770 3828 3872 ἔστιν-ἐναντία

2189 3908 2274 3949 τις
2302 3862 2535 3958 κίνησις,
2568 3884 2614 3940 εἶ
2667 3862 2741 3957 μή
2792 3862 2875 3939 τις
2924 3862 3021 3945 τὰς
3072 3882 3123 3954 ἐξ
3175 3862 3469 3938 άνατολῶν
3497 3876 3573 3937 εἷς
3614 3862 3820 3958 δυσμάξ,

2190 3976 2281 4031 καὶ
2311 3955 2475 4031 πάλιν
2523 3955 2593 4029 ’ἐκ
2648 3955 2866 4046 δυσμῶν
2944 3973 3019 4034 εἷς
3078 3972 3345 4034 ἀνατολὰς
3402 3960 3688 4044 περιόδους

2193 4066 2421 4144 σφαίρας
2472 4063 2712 4126 ἐναντίας
2752 4036 2907 4118 ἐἶναι
2962 4064 3203 4133 κινήσεις
3267 4036 3537 4136 βιάσοιτο.
3596 4036 3826 4144 ξίαὶῖἀλ·

2194 4129 2417 4215 λδίιιίσις
2474 4150 2551 4225 δὲ,
2614 4151 2688 4213 ὠς
2741 4152 2836 4225 μὲν
2891 4129 3171 4223 μεταϐολὴ
3221 4129 3361 4202 κατὰ
3400 4146 3464 4200 τὸ
3493 4134 3681 4225 ποιεῖν,
3701 4129 3827 4225 €va-

2188 4243 2306 4299 τίαν
2355 4240 2467 4317 ,ἕξει
2522 4242 2623 4311 τήν
2682 4240 2760 4303 εἰς
2806 4238 3120 4295 τοὺναντίον
3158 4241 3256 4292 τοῦ
3306 4237 3473 4292 ποιοῦ
3519 4214 3823 4319 pert-160M”.

2192 4334 2267 4395 ὡς
2298 4305 2671 4402 ἠ’λεύκαν.σις
2702 4331 2801 4399 τήν
2856 4326 3114 4402 μέλανσιν
3170 4326 3259 4382 καὶ
3309 4327 3345 4396 ἠ
3395 4321 3550 4398 ψύξις
3577 4313 3672 4402 τῆμν
3721 4305 3825 4402 9&9'

2195 4440 2404 4497 μανσιν’
2455 4421 2531 4483 ὡς
2577 4420 2789 4489 κίνησις
2838 4416 2897 4473 δὲ
2937 4418 3075 4494 πρὸς
3121 4418 3222 4486 τήν
3271 4413 3409 4471 κατὰ
3449 4410 3512 4464 τὸ
3540 4399 3691 4459 ποιὸν
3720 4392 3826 4462 ἤρε’

2196 4511 2318 4586 μίαν
2352 4509 2822 4581 ἐναντιωθήσεται.

751 4655 914 4744 m‘otu
944 4692 1139 4742 autem
1188 4692 1245 4743 et
1275 4688 1345 4743 de
1377 4689 1573 4760 quiete
1613 4691 1955 4762 posterioris
2002 4691 2072 4747 li-
2103 4754 2106 4763 η

2252 4694 2349 4759 κζ’.
2400 4686 2531 4763 Περὶ
2570 4688 2836 4758 κινήσεως
2901 4682 2960 4739 δὲ
3004 4685 3095 4739 καὶ
3138 4680 3374 4757 ἠρεμίας
3435 4655 3816 4763 ἐξεταστίκάξῗῖ

496 4735 588 4746 ’⁷η
623 4735 703 4746 κν
752 4735 914 4744 """"
945 4735 1139 4742 ’“““’⁷-“
1192 4735 1244 4743 ’⁷
1278 4735 1343 4743 *⁸*
1379 4735 1572 4760 ‘1'""“'
1614 4735 1954 4762 r'""’“""“
2002 4735 2044 4747 “
2103 4754 2106 4763 .

428 4780 518 4836 bri
552 4778 811 4835 secundo
832 4782 889 4833 et
917 4776 1119 4847 quinto
1150 4776 1440 4847 capitibus
1459 4779 1794 4835 accuratius
1824 4796 2079 4837 comme-

2196 4735 2368 4856 pov-‘é'v
2398 4735 3328 4850 :5:VSsott'pqiwlitéilqi-ﬂaarg“eo
3359 4735 3627 4835 -τὲταρτον
3673 4735 3818 4816 κεφά”

430 4868 775 4925 morabitur.

2193 4868 2370 4939 λαιον,
2402 4864 2492 4920 καί
2518 4884 2581 4940 γε
2604 4865 2668 4919 τὸ
2696 4864 2945 4938 πέμπτον
2980 4861 3487 4936 ὑπομνησθήσεται.

1286 4983 1492 5055 Σχῆμα
1521 4981 1715 5060 κεφαλ.
1748 4984 1851 5052 κα’,
1882 4983 2009 5061 περὶ
2042 4988 2228 5040 ποιοῦ·
2263 4982 2315 5038 ἐν
2348 4982 2395 5053 ᾧ
2425 4980 2515 5036 καὶ
2547 4979 2673 5057 περὶ
2702 4982 2989 5050 κινήσεως.

677 5161 699 5181 ,,
1207 5091 1233 5303 γ
1289 5091 1512 5173 σειγμή,

702 5166 889 5215 Δποσα
1287 5181 1398 5231 νυν,

1293 5232 1460 5303 μονάς
1471 5274 1483 5288 .

1293 5232 1460 5303 μονάς
1471 5274 1483 5288 .

1190 5358 1222 5578 ς
1288 5428 1351 5481 τὸ
1404 5428 1499 5502 μὶν
1562 5428 1784 5504 συνεγὲς
1836 5425 1864 5482 ’o'
1924 5428 2034 5485 ἐστι

1525 5499 1775 5575 μέγεθος.

652 5554 755 5607 Τοῦ
784 5555 956 5608 ποσοῦ
1188 5499 1215 5608 2
1525 5499 1775 5575 μέγα)οᾳ

1188 5581 1222 5825 ζ
1289 5722 1350 5777 τὸ
1384 5719 1442 5779 δὲ
1471 5720 1848 5869 διωτςιὲὄιὶνον,
1872 5723 1901 5779 ὃ
1925 5581 2061 5871 ἐστιὲ

1692 5816 1719 5850 ο

1535 5800 1749 5869 πλῆθος

2149 5325 2331 5395 ςῶμα,

2148 5392 2451 5471 ἐπιφάνεια,

2146 5466 2404 5541 γραμμὴ,

2148 5536 2344 5609 τόπος,

2151 5608 2380 5685 χρόνος.

2148 5724 2402 5878 sic"
