4126 6422
321 406 438 467 845

1699 404 2050 467 EPITOME
2094 404 2403 467 LOGICA.

3623 414 3744 473 846

392 536 460 609 γ’.
495 539 788 609 Διαιρεῖται
841 533 901 590 δὲ
944 536 981 604 ἡ
1030 535 1263 605 ποιότης
1310 533 1387 597 εἰς
1433 531 1541 606 ἕξιν
1597 533 1686 590 καὶ
1737 532 1970 599 διάθεσιν

2158 537 2212 591 3.
2246 536 2507 601 Qualitas
2536 555 2670 595 vero
2702 539 2983 596 dividitur
3011 540 3069 596 in
3099 541 3366 598 habitum
3396 546 3453 599 et
3496 544 3745 618 disposi-

318 623 395 687 εἰς
447 620 675 698 δύναμιν
720 623 809 679 καὶ
859 621 1180 697 ἀδυναμίαν·
1233 623 1309 686 είς
1363 624 1535 686 πάθος
1598 623 1687 681 καὶ
1754 626 1981 694 παθητι-

318 713 420 784 κὴν
454 711 744 782 ποιότητα·
779 713 870 768 καὶ
901 712 977 774 εἷς
1003 719 1199 789 σχῆμα
1226 712 1317 767 καὶ
1352 715 1592 791 μορφήν.

395 816 458 877 δ’.
490 819 693 892 ’Ἐξεως
729 819 823 894 μὲν
874 816 967 875 οὖν
1016 820 1106 875 καὶ
1156 816 1444 881 διαθέσεως
1496 814 1673 893 ὄνομα
1715 819 1896 874 κοινὸν
1945 821 1980 889 ἡ

324 894 585 971 διάθεσιςξ
622 913 920 984 Διαιρεῖται
965 908 1070 985 γὰρ
1115 911 1152 978 ἡ
1185 905 1420 972 διάθεσις
1474 905 1549 970 εἷ¹ς
1596 928 1656 962 τε
1700 909 1800 978 τὴν
1849 904 1981 978 ἕξιν,

323 999 413 1054 καὶ
477 999 577 1068 τήν
637 996 954 1072 ὁμωνύμως
1018 1001 1099 1070 τῷ
1160 1002 1331 1070 κοινῷ
1394 994 1742 1071 καλουμένην
1804 994 1981 1061 διάθε-

332 1107 437 1146 σιν.

398 1177 454 1232 ε’.
488 1174 559 1233 Δῖ
588 1175 679 1231 καὶ
712 1172 1060 1254 διαφέρουσιν
1108 1173 1400 1246 ἀλλήλων,
1439 1179 1519 1247 τῷ
1558 1176 1658 1244 τὴν
1709 1175 1827 1249 μὲν,
1857 1172 1983 1244 ἤτοι

325 1266 426 1336 τὴν
471 1260 578 1339 ἕξιν
631 1262 1007 1341 πολυχρόνιον
1057 1265 1146 1320 καὶ
1198 1261 1509 1334 δυσκίνητον
1557 1262 1712 1333 εἶναι,
1754 1265 1853 1333 τὴν
1907 1261 1983 1334 δὲ,

323 1355 422 1425 τὴν
466 1352 723 1427 διάθεσιν,
762 1352 1149 1432 ὀλιγοχρόνιον
1194 1352 1284 1409 καί
1328 1351 1632 1423 εὒκίνητον·
1664 1356 1701 1423 ἡ
1737 1353 1829 1427 μὶν
1882 1346 1986 1429 γὰρ

326 1441 563 1508 διάθεσις
632 1445 751 1499 οἷον
813 1440 923 1514 ἕξις
975 1443 1116 1498 ἐστὶν
1184 1443 1417 1519 ἀπαγής·
1465 1446 1502 1513 ἡ
1558 1440 1605 1497 δ’
1650 1439 1759 1513 ἕξις
1809 1462 1986 1513 πεπη-

327 1538 458 1610 γυῖα
487 1530 745 1604 διάθεσις,
777 1531 869 1588 καὶ
901 1529 1337 1609 δυσμόχλευτος.

404 1804 467 1864 ς’.
518 1798 666 1870 Ἔξις
712 1803 1000 1875 τοιγαροῦν
1060 1797 1171 1854 ἐστι
1220 1796 1454 1868 ποιότης
1512 1794 1986 1869 δυσαπάλλακτος,

2090 624 2329 692 tionem,
2355 625 2414 680 in
2439 627 2761 698 potentiam
2793 633 2849 685 et
2878 630 3372 701 impotentiam,in
3403 635 3739 704 passionem

2090 719 2146 770 et
2178 714 2514 786 passibilem
2542 716 2971 787 qualitatem,et
2997 720 3059 773 in
3085 718 3337 792 ﬁguram
3368 737 3435 776 ac
3466 722 3738 779 formam.

2161 822 2214 876 4.
2250 821 2563 893 Dispositio
2610 822 2778 895 proin
2837 824 3076 897 quidem
3131 826 3369 883 habitus
3399 831 3456 883 ct
3485 828 3742 901 disposi-

2092 908 2271 965 tionis
2302 926 2615 967 commune
2646 928 2861 968 nomen
2892 918 3001 970 est.
3036 913 3327 970 Dividitur
3356 916 3514 973 enim
3545 918 3743 990 dispo-

2048 1012 2055 1023 ·
2094 997 2228 1055 sitio
2259 1002 2317 1053 et
2344 998 2405 1053 in
2436 998 2707 1055 habitum
2736 1005 2793 1056 et
2822 1002 2883 1056 in
2913 1002 3367 1075 dispositionem
3399 1022 3525 1079 quae
3556 1007 3747 1078 (equi-

2092 1103 2229 1143 voce
2260 1104 2396 1142 cum
2426 1090 2725 1145 communi
2755 1090 3061 1164 dispositio
3090 1098 3349 1149 vocatur.

2167 1176 2320 1233 802
2351 1178 2405 1231 5.
2440 1178 2572 1243 Qum
2606 1178 2782 1234 etiam
2815 1196 2849 1235 a
2878 1197 2941 1235 se
2977 1179 3228 1237 invicem
3258 1182 3556 1251 dill'erunt,
3583 1185 3741 1257 quod

2094 1262 2192 1320 ille
2235 1264 2491 1335 quidem,
2533 1266 2652 1322 sive
2694 1267 2934 1324 habitus
2982 1270 3301 1327 diuturnus
3356 1272 3433 1327 sit
3482 1276 3539 1328 et
3585 1273 3741 1328 diffi-

2097 1353 2283 1409 culter
2311 1355 2564 1411 amoveri
2596 1356 2818 1428 possit;
2852 1356 2973 1413 haec
3012 1364 3208 1415 autem
3264 1359 3385 1416 sive
3414 1361 3742 1432 diepositio,

2097 1441 2291 1515 exigui
2320 1443 2398 1499 sit
2426 1445 2707 1517 temporis
2736 1449 2793 1501 et
2821 1446 2989 1502 facile
3018 1449 3273 1504 amoveri
3302 1451 3509 1521 possit.
3548 1450 3755 1523 Dispo-

2098 1531 2234 1587 sitio
2264 1532 2422 1588 enim
2454 1533 2691 1605 quidem
2748 1538 2839 1591 est
2882 1535 3121 1592 habitus
3167 1536 3326 1593 velut
3376 1538 3615 1595 habitus
3662 1544 3752 1597 est

2097 1637 2214 1677 non
2245 1620 2455 1676 firmus
2485 1621 2763 1691 habitus;
2796 1623 3034 1681 habitus
3078 1642 3235 1693 vero,
3294 1633 3385 1683 est
3441 1628 3749 1700 dispositio

2100 1709 2333 1764 firmata
2361 1715 2418 1764 et
2456 1727 2582 1782 quae
2615 1710 2931 1768 difficulter
2960 1714 3188 1769 extrudi
3217 1719 3414 1787 queat.

2168 1797 2480 1853 6.Habitus
2509 1799 2752 1871 proinde
2782 1801 3037 1871 qualitas
3059 1807 3150 1858 est
3166 1820 3292 1875 quae
3314 1804 3627 1863 difﬁculter
3644 1806 3752 1864 im-

330 1886 654 1956 τελειωτικὴ
707 1888 822 1960 μὲν,
863 1887 941 1950 ὡς
987 1885 1265 1978 ἐπιστήμη
1318 1886 1409 1978 καὶ
1454 1886 1647 1978 αρετὴ,
1678 1886 1768 1941 καὶ
1819 1885 1988 1978 ἀσφα-

2111 1886 2319 1942 mutari
2350 1887 2882 1959 potest,perﬁciens
2913 1895 3015 1946 aut
3043 1891 3225 1948 etiam
3258 1892 3585 1967 depravans
3620 1895 3756 1952 sub-

334 1974 441 2045 λής
520 1973 710 2052 ὑγίεια·
769 1976 1049 2044 κακωτικὴ
1117 1972 1196 2046 δὲ,
1230 1974 1306 2037 ὡς
1365 1975 1394 2029 ὁ
1452 1974 1661 2037 ὲκτικὸς
1733 1974 1985 2050 πυρετός.

333 2062 539 2120 Αὐτίκα
584 2065 688 2141 γὰρ
732 2066 767 2134 ἡ
818 2064 1092 2137 ἐπιστήμη
1152 2063 1251 2118 οὐκ
1297 2062 1355 2118 ἂν
1412 2059 1753 2135 ἆποϐληθείη
1812 2063 1987 2141 χωρὶς

339 2151 586 2229 μεγάλης
657 2148 989 2226 μεταϐολῆς,
1038 2150 1135 2216 εἴθ’
1184 2153 1288 2207 ὑπὸ
1333 2151 1493 2207 νόσου
1537 2152 1841 2229 γεγονυίας,
1892 2150 1989 2208 εἴθ’

331 2242 435 2297 ὑπὸ
467 2246 726 2317 συνεχοῦς
773 2241 1061 2318 ῥᾳθυμίας,
1092 2240 1186 2295 εἷθ’
1236 2241 1339 2296 ὑπό
1383 2262 1533 2304 τινος
1581 2240 1758 2297 ἄλλου
1800 2240 1990 2297 τοιού-

328 2352 425 2387 του
468 2331 667 2389 αἰτίου.
699 2332 799 2384 Τὸν
844 2330 1004 2386 αὐτὸν
1054 2325 1255 2405 τρόπον
1300 2329 1390 2385 καὶ
1422 2331 1612 2407 ἀρετὴ,
1643 2329 1986 2408 σωφροσύνη,

330 2417 673 2490 δικαιοσύνη,
719 2420 810 2474 καὶ
855 2418 1001 2488 ἄλλη
1052 2424 1217 2491 πᾶσα,
1256 2417 1356 2473 οὐκ
1402 2416 1541 2473 ἔστιν
1584 2414 1989 2489 εύαπόϐλητος,

327 2506 443 2564 οὐδ’
486 2507 792 2579 εὐκίνητος.
852 2506 1125 2570 Ὡσαύτως
1184 2507 1274 2561 καὶ
1304 2509 1340 2577 ἠ
1377 2506 1610 2580 μόνιμος
1672 2506 1847 2583 ὑγίεια
1895 2506 1989 2561 καὶ

326 2600 361 2668 ἡ
390 2595 595 2670 πολλῷ
624 2596 816 2673 χρόνῳ
848 2596 1014 2652 οἱονεὶ
1044 2595 1437 2675 πεφυσιωμένη
1472 2596 1647 2658 νόσος.

403 2867 465 2935 ζ’.
507 2863 754 2930 Διάθεσις
793 2862 851 2919 δέ
881 2863 1021 2919 ἐστιν
1052 2865 1088 2933 ἡ
1134 2863 1211 2926 εἰς
1254 2859 1361 2934 ἕξιν
1408 2859 1557 2932 ὁδὸς,
1589 2863 1626 2931 ἣ
1657 2861 1747 2917 καὶ
1794 2859 1885 2917 διὰ
1928 2862 1991 2916 τὸ

340 2957 509 3029 μήπω
538 2954 720 3010 στάσιν
753 2952 1044 3029 ἐσχηκέναι
1081 2956 1190 3008 τῶν
1242 2951 1540 3022 εὖκινήτων
1589 2949 1701 3007 ἐστὶ
1742 2950 1833 3006 καὶ
1880 2953 1988 3005 τῶν

336 3040 778 3118 εὖμεταϐλήτων·
834 3042 910 3104 ὡς
955 3044 992 3111 ἡ
1042 3040 1333 3113 ἐπίκτητος
1398 3039 1574 3117 θέρμη
1646 3040 1737 3095 καὶ
1811 3038 1990 3114 ψύξις,

337 3132 430 3187 καὶ
457 3134 495 3203 ἡ
525 3126 777 3195 ἀϐέϐαιος
811 3130 961 3208 ὑγεία
981 3130 1073 3187 καὶ
1104 3133 1140 3201 ἡ
1164 3129 1344 3193 νόσος.

2089 1976 2337 2046 jectum.
2374 1975 2682 2033 Perﬁciens
2716 1979 3049 2049 quidem,ut
3096 1981 3344 2039 scientia
3401 1988 3459 2039 et
3484 1984 3673 2042 virtus
3703 1988 3762 2041 et

2099 2069 2379 2120 constans
2408 2065 2651 2132 sanitas,
2685 2066 3010 2139 depravans
3042 2075 3265 2137 autem,
3319 2076 3387 2127 ut
3433 2072 3613 2129 febris
3652 2073 3756 2129 he-

2098 2152 2268 2209 ctica.
2298 2151 2498 2225 Neque
2527 2154 2684 2210 enim
2711 2156 2955 2212 scientia
2984 2157 3183 2214 statim
3212 2159 3387 2231 abjici
3414 2165 3605 2233 potest
3634 2162 3762 2219 sine

2101 2257 2315 2313 magna
2345 2243 2691 2312 mutatione,
2723 2245 2843 2300 sive
2875 2262 2909 2300 a
2940 2248 3143 2302 morbo
3184 2253 3314 2304 orta
3344 2249 3539 2316 fuerit,
3574 2250 3695 2306 sive
3724 2268 3759 2307 a

2099 2329 2381 2384 continua
2436 2330 2689 2401 ignavia,
2723 2332 2845 2386 sive
2894 2333 2965 2387 ab
2997 2332 3111 2388 alia
3165 2333 3366 2408 aliqua
3390 2351 3571 2392 causa
3598 2337 3758 2409 ejus-

2099 2417 2351 2473 cemodi.
2379 2420 2662 2474 Eumdem
2698 2420 2770 2475 ad
2804 2422 3049 2475 modum
3078 2422 3256 2478 etiam
3287 2425 3498 2494 virtus,
3532 2431 3759 2498 tempe-

2100 2506 2311 2573 rantia,
2337 2507 2590 2578 justitia,
2625 2512 2684 2563 et
2712 2508 2930 2580 quaevis
2986 2510 3119 2581 alia,
3177 2529 3292 2567 non
3342 2518 3534 2585 potest
3593 2514 3761 2571 facile

2100 2595 2274 2667 abjici
2307 2599 2410 2651 aut
2439 2597 2747 2652 removeri.
2800 2597 3007 2654 Itidem
3065 2604 3124 2655 et
3171 2601 3402 2658 stabilis
3449 2602 3674 2660 sanitas
3703 2608 3763 2660 et

2103 2687 2366 2754 morbus,
2399 2685 2502 2755 qui
2531 2684 2708 2758 longo
2738 2690 3001 2759 tempore
3028 2687 3208 2744 veluti
3239 2691 3530 2749 naturalis
3560 2692 3756 2749 factus

2102 2777 2208 2830 est.

2168 2864 2224 2917 7.
2284 2862 2602 2935 Dispositio
2653 2867 2849 2920 autem
2901 2870 2992 2922 est
3032 2867 3125 2923 via
3171 2869 3243 2924 ad
3275 2868 3567 2938 habitum,
3628 2888 3759 2944 quis

2100 2951 2278 3007 etiam
2304 2957 2615 3025 propterea
2634 2955 2791 3024 quod
2814 2958 3038 3011 statum
3061 2974 3178 3013 non
3208 2958 3421 3031 adepta
3451 2959 3758 3027 sit,earum

2100 3046 2287 3097 estex
2318 3058 2562 3097 numero
2592 3059 2723 3113 quae
2768 3043 2938 3099 facile
2978 3046 3200 3102 moveri
3248 3053 3306 3103 et
3351 3050 3567 3105 mutari
3620 3067 3757 3122 pos-

2101 3135 2241 3187 sunt
2271 3147 2284 3185 :
2319 3135 2386 3186 ut
2412 3130 2740 3202 acquisitus
2759 3132 2917 3188 calor
2935 3137 2993 3189 et
3022 3134 3229 3208 frigus,
3246 3140 3304 3193 et
3332 3136 3570 3195 infirma
3599 3138 3760 3196 vale-

2102 3219 2243 3276 tudo
2277 3220 2658 3292 morbusque.

415 3310 484 3380 η’.
536 3311 753 3386 Ἕτερον
801 3306 943 3371 εἶδος
990 3308 1308 3380 ποιότητος,
1361 3305 1588 3381 δύναμις
1655 3305 1744 3362 καὶ
1799 3304 1988 3361 ἀδυνα-

2176 3309 2332 3365 308
2361 3310 2415 3363 8.
2449 3283 2572 3365 Alia
2613 3310 2837 3382 species
2886 3311 3191 3384 qualitatis
3237 3313 3369 3387 (est)
3413 3316 3674 3388 potentia
3702 3321 3761 3373 et

348 3421 469 3547 mg".
503 3487 740 3563 Δύναμιν
771 3485 829 3543 δέ
858 3489 921 3564 γέ
966 3507 1140 3566 φαμεν
1192 3486 1254 3542 οὐ
1301 3487 1400 3555 τὴν
1446 3486 1633 3554 κοινὴν
1686 3482 1994 3555 ἐπιτηδειό-

340 3598 497 3650 τητα,
529 3579 645 3634 καθ’
671 3577 736 3647 ἢν
772 3577 913 3653 πρὸς
960 3577 1132 3638 πάσας
1175 3576 1270 3638 τὰς
1318 3575 1517 3651 τέχνας
1566 3572 1795 3647 δύναμιν
1845 3570 1993 3649 ἔχειν

337 3667 533 3730 πάντες
582 3664 864 3743 ἄνθρωποι
914 3665 1161 3743 λέγονται
1212 3666 1462 3743 φυσικὴν,
1506 3661 1655 3719 ἀλλὰ
1697 3664 1795 3732 τήν
1844 3660 1995 3724 ἰδίως

321 3760 644 3833 ’προσοῦσαν
677 3754 899 3835 εὐφυΐαν
949 3754 1157 3828 ἑκάστῳ
1209 3754 1318 3809 τινὶ
1376 3754 1514 3828 πρὸς
1569 3750 1695 3809 τόδε
1748 3770 1821 3808 τι·
1872 3750 1996 3822 ἥτις

339 3843 531 3923 εὐφυΐα
592 3843 682 3899 καὶ
749 3842 885 3913 αὐτὴ
949 3848 1186 3922 φυσικῶς
1268 3847 1550 3920 προσεῖναι
1608 3840 1843 3917 λέγεται.
1895 3841 1993 3896 Καὶ

338 3936 376 4003 ἡ
419 3939 612 4011 κρᾶσις
675 3934 779 4009 γὰρ
847 3932 1004 4011 φύσις
1051 3930 1370 4006 ὀνομάζεται
1425 3932 1643 4006 μερική.
1695 3931 1841 3985 Κατὰ
1892 3931 1993 3999 τήν

340 4022 600 4094 τοιαύτην
659 4019 886 4096 δύναμιν
938 4023 1039 4091 τὴν
1120 4021 1206 4077 ἐπὶ
1279 4020 1475 4096 μέρους
1544 4016 1774 4094 λέγομέν
1847 4040 1995 4082 τινας

344 4109 658 4185 πυκτικοὺς,
715 4111 752 4182 ἢ
811 4107 1135 4185 δρομικοὺς,
1192 4110 1229 4179 ἢ
1293 4106 1581 4185 ὑγιεινοὺς,
1632 4109 1667 4178 ἣ
1714 4104 1995 4170 νοσώδεις

341 4205 422 4274 τῷ
452 4200 578 4263 τοὺς
615 4201 709 4275 μὲν
759 4198 906 4277 ἔχειν
968 4198 1221 4279 ἀφορμὰς
1278 4198 1505 4276 φυσικὰς
1562 4196 1640 4259 εἷς
1696 4197 1760 4252 τὸ
1811 4194 1997 4260 καλῶς

342 4289 629 4363 ἐξασκῆσαι
671 4291 772 4359 τήν
814 4290 1104 4359 πυκτικὴν,
1152 4288 1282 4350 τοὺς
1331 4284 1388 4342 δὲ
1444 4284 1608 4341 πάλιν
1644 4287 1742 4355 τὴν
1799 4283 1997 4362 δρομι-

340 4381 464 4451 κήν·
513 4378 603 4435 καὶ
654 4376 782 4441 τοὺς
842 4378 936 4451 μὲν
998 4378 1288 4447 κεκτῆσθαι
1349 4374 1575 4447 δύναμιν
1635 4375 1888 4453 φυσικὴν,
1923 4373 1997 4439 εἷς

338 4470 404 4525 τὸ
438 4470 515 4543 μὴ
550 4467 782 4545 πάσχειν
813 4465 1012 4544 ῥᾳδίως
1061 4466 1165 4522 ὑπὸ
1213 4470 1321 4521 τῶν
1366 4463 1646 4542 τυχόντων
1693 4465 1783 4519 καὶ
1832 4483 2001 4541 παρα-

340 4552 696 4615 ϐλάπτεσθαι·
736 4555 867 4619 τοὺς
917 4553 975 4612 δὲ
1022 4562 1125 4626 τῆς
1169 4554 1426 4626 τοιαύτης
1483 4552 1798 4630 ἐστερῆσθαι
1840 4551 1999 4608 δυνά-

2028 3452 2031 3455 λ
2104 3397 2470 3471 impotentia.

2173 3488 2229 3542 9.
2260 3486 2587 3543 Potentiam
2619 3492 2815 3545 autem
2842 3488 3097 3546 dicimus
3116 3490 3323 3564 utique
3343 3510 3460 3548 non
3491 3510 3757 3550 commu-

2104 3591 2241 3631 nem
2274 3576 2684 3647 aptitudinem,
2726 3594 2843 3644 qua
2871 3578 2943 3633 ad
2974 3595 3178 3636 omnes
3231 3585 3384 3637 artes
3433 3583 3756 3654 potentiam

2105 3663 2437 3721 naturalem
2469 3664 2686 3721 habere
2716 3682 2922 3723 omnes
2952 3666 3223 3725 homines
3262 3670 3544 3728 dicuntur
3577 3690 3591 3741 ;
3653 3673 3757 3729 sed

2105 3770 2233 3810 eam
2266 3759 2486 3809 naturas
2530 3756 2851 3810 bonitatem
2899 3758 2978 3828 (et
3006 3757 3289 3831 indolem)
3342 3778 3471 3833 quae
3519 3762 3753 3834 proprie

2106 3842 2359 3915 singulis
2382 3842 2453 3898 ad
2484 3843 2594 3898 hoc
2624 3842 2820 3914 alquid
2850 3846 3036 3914 adest,
3087 3864 3213 3918 quae
3255 3854 3477 3905 natura).
3525 3850 3758 3908 bonitas

2105 3932 2187 4002 (et
2215 3931 2463 4001 indoles)
2516 3931 2694 3986 etiam
2726 3932 2858 4004 ipsa
2886 3936 3234 3992 naturaliter
3284 3939 3491 3994 adesse
3519 3939 3753 3997 dicitur.

2106 4020 2253 4076 Nam
2275 4025 2332 4074 et
2360 4019 2558 4091 ipsum
2588 4024 3122 4092 temperamentum
3142 4026 3515 4096 particularis
3546 4033 3757 4084 natura

2108 4107 2454 4182 appellatur.
2485 4109 2820 4165 Secundum
2851 4111 3145 4181 ejusmodi
3192 4115 3606 4186 particularem
3647 4134 3757 4189 po-

2107 4197 2353 4255 tentiam
2391 4197 2645 4254 dicimus
2677 4198 2905 4271 aliquos
2949 4200 3246 4274 pugilares
3299 4208 3426 4273 (seu
3470 4210 3638 4278 aptos
3685 4206 3758 4262 ad

2110 4286 2462 4359 pugilatum)
2494 4292 2597 4341 aut
2615 4303 2883 4344 cursores
2914 4289 3040 4360 (seu
3076 4296 3243 4363 aptos
3276 4295 3349 4348 ad
3380 4296 3762 4370 currendum)

2109 4381 2213 4431 aut
2239 4375 2499 4432 valentes
2528 4376 2654 4447 (seu
2678 4376 2901 4433 salubri
2932 4380 3217 4452 corpore),
3268 4386 3371 4437 aut
3397 4382 3762 4442 valetudina-

2111 4465 2268 4534 rios;
2318 4471 2626 4538 prepterea
2674 4467 2831 4537 quod
2898 4466 2995 4523 alii
3045 4468 3283 4539 quidem
3328 4473 3622 4529 naturalia
3663 4473 3767 4530 ha-

2113 4556 2292 4611 beant
2341 4553 2609 4609 subsidia
2638 4555 2709 4609 ad
2740 4554 2887 4612 bene
2935 4558 3317 4615 exercendam
3349 4559 3766 4632 pugilatoriam

349 4669 516 4723 μεως.
549 4646 703 4702 Οὕτω
751 4644 965 4722 λέγεται
1022 4646 1113 4701 καὶ
1173 4646 1234 4700 τὸ
1284 4642 1548 4720 σκληρὸν,
1580 4641 1671 4697 καὶ
1717 4643 1780 4697 τὸ
1832 4639 1988 4716 μαλαι

2111 4647 2363 4714 (artem),
2394 4642 2492 4699 alii
2524 4659 2657 4699 vero
2706 4643 2777 4699 ad
2822 4646 3169 4713 cursoriam,
3221 4650 3496 4720 quodque
3530 4650 3626 4705 alii
3660 4668 3768 4707 na-

343 4737 459 4793 κόν·
490 4737 554 4793 τὸ
587 4736 682 4810 μὲν
716 4733 944 4809 δύναμιν
978 4732 1127 4811 ἔχειν
1155 4738 1253 4789 τοῦ
1308 4735 1383 4807 μή
1438 4730 1722 4806 τέμνεσθαι
1774 4729 1999 4809 ῥᾳδίωςο

342 4827 411 4882 τὸ
438 4822 496 4881 δὲ
529 4824 773 4900 μαλακὸν
804 4823 944 4896 πρὸς
971 4828 1133 4879 τοῦτο
1166 4820 1464 4877 ἀδυνατεῖν.

2110 4733 2363 4789 turalem
2384 4732 2642 4789 habeant
2672 4735 3088 4805 potentiam,ut
3118 4753 3235 4791 non
3278 4738 3446 4793 facile
3467 4739 3771 4809 patiantur

2120 4826 2222 4878 aut
2250 4821 2540 4877 laedantur
2570 4839 2603 4877 a
2633 4821 3013 4893 quibuslibet,
3075 4823 3172 4880 alii
3226 4830 3424 4881 autem
3474 4827 3771 4899 ejusmodi

350 4917 616 4993 potentia
643 4915 856 4988 privati
885 4915 1025 4972 sint.
1059 4916 1148 4971 Ita
1179 4913 1357 4970 etiam
1391 4911 1607 4969 durum
1639 4916 1698 4969 et
1728 4911 1904 4967 molle
1931 4910 2169 4980 dicitur,
2198 4910 2347 4966 illud
2374 4911 2613 4983 quidem
2643 4913 2965 4983 potentiam
2994 4912 3211 4970 habere
3242 4921 3309 4971 ut
3337 4933 3455 4972 non
3486 4917 3656 4973 facile
3687 4933 3775 4974 se-

349 5010 551 5076 cetur;
584 5005 695 5061 hoc
724 5007 943 5075 autem,
978 5003 1153 5060 molle
1182 5001 1509 5075 (nimirum)
1541 5002 1612 5056 ad
1644 5000 1702 5056 id
1732 5000 2079 5072 impotentia
2104 4999 2388 5056 laborare.

428 5112 479 5168 ι’.
527 5109 720 5186 Τρίτον
772 5106 915 5171 εἶδος
959 5107 1277 5179 ποιότητος,
1310 5108 1587 5176 παθητική
1640 5105 1869 5175 ποιότης
1918 5106 2008 5160 καὶ

258 5176 261 5179 Ι
348 5176 629 5269 πάθος,”ὰ
676 5197 766 5253 καὶ
825 5176 1171 5276 διαφέρουσιν
1226 5176 1514 5266 ἀλλήλωψ
1576 5198 1657 5267 τῷ
1730 5195 1829 5262 τὴν

2192 5109 2278 5162 10.
2312 5106 2509 5163 Tertia
2536 5108 2760 5180 species
2792 5108 3098 5179 qualitatis
3148 5112 3280 5183 (est)
3326 5113 3628 5185 passibilis
3672 5130 3777 5170 seu

1914 5194 2009 5268 μὲν
2122 5197 2354 5270 passiva
2383 5198 2539 5253 304
2592 5196 2680 5253 vel
2713 5198 2911 5270 potius
2958 5200 3254 5271 passiﬁca,
3286 5203 3334 5257 si
3369 5202 3451 5258 ita
3480 5203 3674 5277 dicere
3702 5201 3781 5257 li-

349 5287 659 5359 παθητικὴν
703 5285 973 5357 ποιότητα
1014 5282 1440 5360 συνεζευγμένην
1491 5283 1625 5338 εἶναι
1677 5281 1836 5337 πάθει
1885 5284 2009 5357 τινὶ,

345 5379 411 5436 τὸ
456 5374 515 5432 δὲ
560 5375 735 5438 πάθος
781 5372 906 5431 ὁδὸν
964 5375 1099 5431 εἶναι
1168 5374 1306 5451 πρὸς
1371 5374 1471 5443 τὴν
1535 5371 1794 5451 τοιαύτην
1854 5372 2013 5428 ποιό-

345 5486 505 5538 τητα·
552 5464 641 5520 καὶ
684 5465 786 5534 τὴν
852 5464 949 5538 μὶν
1003 5463 1055 5520 ἐν
1102 5469 1182 5536 τῷ
1229 5462 1504 5539 γεγονέναι
1554 5461 1616 5515 τὸ
1666 5460 1796 5516 εἶναι
1846 5456 2012 5537 ἔχειν,

2122 5290 2295 5355 ceret)
2328 5285 2583 5357 qualitas
2612 5291 2669 5341 et
2698 5286 2915 5358 passio,
2972 5304 3097 5359 quas
3146 5290 3325 5346 etiam
3356 5308 3391 5347 a
3441 5309 3503 5347 se
3532 5292 3780 5347 invicem

2123 5375 2401 5431 differunt
2429 5375 2487 5429 in
2520 5391 2607 5441 eo,
2641 5376 2797 5448 quod
2830 5377 3129 5448 passibilis
3161 5379 3418 5450 qualitas
3468 5382 3786 5452 conjuncta

2124 5469 2215 5521 est
2243 5464 2506 5537 passioni
2539 5464 2713 5520 alicui
2749 5483 2762 5533 ;
2817 5467 3013 5537 passio
3045 5472 3243 5524 autem
3272 5470 3365 5525 via
3394 5475 3484 5527 est
3513 5472 3583 5526 ad
3629 5471 3786 5542 ejus-

345 5558 412 5613 τὸ
453 5550 500 5610 δ’
532 5553 584 5610 ἐν
616 5557 696 5625 τῷ
742 5552 1007 5629 γίνεσθαι.
1037 5555 1098 5609 Ἣ
1153 5554 1247 5627 μὲν
1307 5551 1398 5606 οὗν
1446 5550 1724 5620 παθητικὴ
1783 5550 1982 5622 ποιότη

2127 5554 2287 5609 modi
2339 5553 2684 5626 qualitatem
2717 5559 2773 5609 et
2803 5556 2956 5626 quod
2991 5556 3111 5611 haec
3142 5559 3382 5630 quidem
3438 5559 3499 5614 in
3531 5576 3600 5615 ea
3632 5559 3788 5631 quod

349 5640 458 5716 ἕξει
490 5639 766 5718 ἀναλογεῖ,
798 5638 1026 5697 διαθέσει
1059 5640 1117 5698 δέ
1139 5662 1201 5720 γε
1227 5641 1289 5696 τὸ
1314 5638 1510 5702 πάθος.

2126 5642 2278 5699 facta
2334 5643 2447 5710 sit;
2480 5642 2580 5698 illa
2638 5642 2697 5697 in
2752 5643 2908 5714 quod
2966 5645 3089 5715 fiat,
3151 5664 3280 5704 esse
3341 5647 3543 5706 habet.
3588 5647 3789 5707 Passi-

348 5734 490 5796 bilis
514 5732 760 5809 proinde
781 5731 1037 5807 qualitas
1059 5732 1326 5803 babitui;
1359 5736 1421 5791 at
1449 5746 1583 5789 vero
1614 5729 1986 5805 dispositioni
2017 5731 2214 5807 passio
2245 5731 2621 5806 proportione
2651 5733 2990 5806 respondet.
