4126 6432
410 445 525 503 847

1666 437 2090 497 NICEPHORI
2135 432 2574 495 BLEMMIDAS

3709 421 3820 483 848

486 577 566 631 11.
601 575 950 645 Spectantur
980 575 1177 627 autem
1209 571 1380 625 ambo
1411 586 1528 625 non
1578 572 1808 624 tantum
1841 567 1901 622 in
1933 565 2058 622 ani-

2247 564 2330 620 ια’,
2383 563 2721 635 Θεωροῦνται
2775 555 2821 610 δ’
2852 557 3040 634 ἄμφω,
3084 556 3159 628 μή
3215 553 3378 626 μόνον
3424 552 3475 608 ἐν
3529 551 3816 628 ἐμψύχοις,

413 662 590 720 matis
623 665 688 718 ut
727 662 963 718 habitus
993 665 1049 717 et
1078 660 1404 733 dispositio,
1431 659 1531 714 sed
1563 659 1739 714 etiam
1771 657 1831 712 in
1872 655 2061 712 inani-

414 753 610 808 matis.

487 862 573 916 12.
629 858 799 914 Proin
844 857 1141 929 passibilis
1182 856 1414 926 quidem
1467 854 1720 926 qualitas
1768 854 1827 907 in
1871 850 2060 906 inani-

415 950 590 1005 matis
643 947 854 1019 triplex
909 952 1016 1002 est.
1078 949 1184 1000 Aut
1239 947 1393 1000 enim
1454 962 1488 998 a
1532 943 1800 1015 passione
1829 958 1942 996 non
1975 943 2064 995 est

415 1043 540 1096 orta
573 1038 832 1108 quidem,
885 1035 1219 1107 passionem
1265 1037 1459 1087 autem
1510 1033 1683 1086 infert
1729 1030 1944 1096 nobis;
1999 1033 2064 1082 ut

415 1127 571 1184 calor
602 1127 776 1198 ignis.
830 1125 932 1179 Hic
975 1123 1130 1179 enim
1165 1123 1235 1178 ab
1270 1124 1468 1193 aliqua
1511 1121 1784 1192 passione
1827 1135 1944 1174 non
1975 1122 2064 1173 est

414 1222 600 1286 ortus,
651 1213 1132 1286 quandoquidem
1177 1211 1525 1266 naturaliter
1569 1213 1625 1264 et
1672 1206 2064 1265 essentialiter

414 1305 537 1378 igni
569 1306 755 1370 inest;
790 1303 959 1358 nobis
991 1306 1185 1356 tamen
1219 1300 1557 1371 passionem
1591 1295 2059 1363 atfert,calorem.

413 1398 530 1449 Aut
558 1393 736 1449 etiam
767 1409 800 1446 a
839 1390 1109 1462 passione
1161 1393 1249 1443 est
1281 1393 1406 1443 orta
1457 1393 1511 1441 et
1541 1384 1832 1458 passionis
1885 1400 2064 1439 causa

413 1484 481 1539 fit
521 1481 1021 1555 quemadmodum
1068 1479 1217 1550 juris
1265 1476 1549 1532 esculenti
1601 1474 1878 1530 suavitas.
1912 1479 2066 1526 Hasc-

413 1573 573 1629 enim
614 1575 670 1626 et
700 1588 733 1626 a
762 1569 1031 1642 passione
1063 1565 1420 1623 condimenti
1459 1571 1587 1621 orta
1615 1569 1704 1620 est
1734 1569 1791 1620 et
1822 1567 2063 1636 gustum

413 1662 556 1717 dum
589 1661 716 1732 ejus
765 1659 830 1713 ﬁt
879 1657 1168 1730 particeps
1212 1656 1497 1711 suavitate
1545 1654 1745 1708 afﬁcit.
1779 1656 1896 1707 Aut
1937 1656 2065 1707 orta

413 1749 654 1822 quidem
684 1751 771 1803 est
800 1765 833 1802 a
864 1745 1498 1819 passione,passionem
1525 1747 1721 1798 autem
1746 1740 2060 1809 nobis,non

412 1838 829 1895 communicat.
865 1834 1370 1900 Quemadmodum
1430 1831 1649 1887 colores
1711 1847 1773 1886 se
1819 1830 2056 1884 habent.

2171 651 2350 726 ὥσπερ
2381 654 2416 720 ἡ
2448 646 2556 722 ἕξις
2613 647 2703 702 καὶ
2733 649 2769 716 ἡ
2821 643 3078 717 διάθεσις,
3114 641 3259 699 ἀλλὰ
3313 643 3403 699 καὶ
3460 641 3512 696 ἐν
3565 641 3814 719 ἀψύχοις.

2248 849 2333 923 ιβ’.
2369 847 2428 902 Ἡ
2465 845 2558 918 μὶν
2590 841 2678 898 οὖν
2714 842 2764 897 ἐν
2798 841 3034 918 ἀψύχοις
3063 841 3338 910 παθητικὴ
3373 839 3607 908 ποιότης
3657 837 3815 914 ὑπάρ-

2172 955 2262 1011 χει
2291 936 2504 1011 τριττή.
2540 935 2608 988 ’Ἡ
2638 934 2742 1009 γὰρ
2783 931 2888 986 ἀπὸ
2918 931 3119 992 πάθους
3159 931 3252 1003 μὶν
3304 928 3404 984 ούκ
3445 927 3680 1004 ἐγένετο,
3721 927 3816 981 πά-

2173 1037 2264 1088 θος
2295 1022 2340 1079 δ’
2370 1027 2506 1096 ἡμῖν
2543 1021 2780 1096 ἐμποιεῖ·
2816 1021 2890 1082 ὡς
2917 1021 2952 1090 ἡ
2984 1024 3080 1074 τοῦ
3128 1019 3300 1095 πυρὸς
3347 1018 3643 1093 θερμότης·
3690 1014 3815 1086 αὕτη

2171 1114 2275 1189 γὰρ
2337 1112 2440 1167 ἀπό
2495 1133 2645 1173 τινος
2705 1109 2804 1164 ούκ
2856 1109 3067 1184 ἐγένετο
3124 1109 3351 1172 πάθουςο
3409 1105 3527 1161 ἐπεὶ
3590 1108 3818 1183 φυσικῶς

2170 1202 2261 1257 καὶ
2293 1199 2570 1263 ούσιωδῶς
2621 1197 2786 1255 ἔνεστι
2834 1203 2914 1271 τῷ
2969 1197 3117 1272 πυρί·
3181 1197 3327 1274 φέρει
3358 1193 3404 1251 δ’
3460 1198 3599 1269 ἡμῖν
3657 1194 3819 1258 πάθος

2169 1293 2270 1360 τήν
2313 1292 2624 1367 θέρμανσιψ
2674 1290 2709 1357 ἣ
2754 1288 2843 1343 καὶ
2894 1287 2998 1341 ἀπὸ
3061 1288 3266 1350 πάθους
3317 1284 3532 1361 γέγονε,
3580 1283 3670 1340 καὶ
3722 1281 3817 1338 πά-

2173 1384 2296 1441 θους
2353 1379 2498 1434 αἰτία
2554 1377 2779 1452 γίνεται·
2837 1377 3141 1452 καθάπερὴ
3189 1379 3286 1430 τοῦ
3347 1379 3539 1448 ζωμοῦ
3598 1370 3817 1443 ἡδύτης·

2172 1468 2306 1537 αὕτη
2358 1468 2462 1543 γὰρ
2514 1466 2603 1521 καὶ
2652 1465 2757 1520 ἀπὸ
2815 1466 3019 1527 πάθους
3077 1471 3177 1534 τῆς
3251 1462 3541 1540 καρυκείας
3599 1461 3817 1539 ἐγένετο,

2172 1559 2260 1612 καὶ
2317 1558 2416 1626 τὴν
2469 1561 2648 1632 γεῦσιν
2701 1553 2886 1626 ἡδύνει
2951 1553 3319 1630 μετεχομένη·
3379 1554 3414 1622 ἣ
3477 1553 3673 1627 γέγονε
3732 1550 3816 1624 μὶν

2173 1646 2278 1702 ἀπὸ
2316 1646 2544 1719 πάθους,
2604 1645 2665 1700 ού
2728 1641 3053 1718 μεταδίδωσι
3113 1640 3170 1697 δὲ
3228 1647 3327 1696 τοῦ
3394 1641 3599 1703 πάθους
3673 1641 3816 1712 ἡμῖν·

2174 1737 2247 1798 ὡς
2278 1732 2392 1812 ἔχει
2422 1737 2490 1790 τὰ
2533 1736 2826 1811 χρώματα.
2858 1733 2958 1788 Καὶ
3016 1734 3118 1808 γὰρ
3171 1730 3232 1787 ἐκ
3282 1732 3487 1792 πάθους
3544 1727 3814 1806 γεγονότα,

2171 1832 2269 1894 τῆς
2362 1826 2627 1901 κράσεως,
2712 1823 2772 1878 ού
2866 1821 3310 1900 συγχρωματίζει
3429 1821 3642 1881 ἑαυτοῖς
3735 1814 3818 1872 καὶ

410 1930 554 1985 Cum
585 1932 742 1984 enim
773 1942 842 1981 ex
871 1925 1144 1997 passione
1174 1922 1708 1994 contemperatione
1730 1920 1879 1976 305
1904 1919 2062 1974 vide-
2094 1938 2141 2003 Β
2174 1917 2344 1988 ἡμᾶς.

411 2017 549 2074 licet
578 2016 713 2072 facti
743 2015 883 2084 sint,
916 2031 1030 2069 non
1063 2030 1182 2068 una
1213 2028 1413 2067 secum
1435 2011 1612 2066 etiam
1640 2026 1748 2064 nos
1778 2009 2060 2064 colorant.

487 2143 570 2198 13.
606 2141 728 2196 Etsi
754 2156 888 2196 vero
919 2141 1096 2195 abum
1131 2137 1347 2192 dicitur
1386 2137 1820 2207 disgregare'et
1849 2133 2064 2188 diffun-

412 2234 548 2288 dere
578 2232 769 2286 visum
804 2246 816 2284 :
851 2229 1087 2299 nigrum
1117 2242 1470 2298 congregare
1500 2228 1555 2280 et
1598 2223 1868 2296 colligere
1901 2239 1915 2278 :
1950 2239 2063 2277 non

414 2325 613 2376 tamen
641 2318 976 2390 passionem
1017 2315 1240 2371 faciunt
1285 2312 1802 2369 denominativam.
1852 2311 2066 2365 Album

417 2427 536 2466 non
567 2407 838 2474 dealbat;
896 2405 1132 2477 nigrum
1183 2420 1299 2459 non
1330 2403 1599 2474 denigrat
1632 2419 1643 2457 :
1679 2401 2068 2472 quemadmo-

417 2500 560 2554 dum
617 2496 770 2569 ignis
821 2493 1084 2552 calefacit
1141 2499 1197 2548 et
1225 2492 1337 2548 mel
1401 2491 1598 2546 dulcat
1629 2508 1730 2546 seu
1763 2488 2070 2544 dulcedine

417 2587 636 2654 afficit;
670 2602 803 2641 cum
835 2583 931 2640 ille
987 2583 1224 2655 quidem
1284 2581 1529 2649 calidus,
1588 2580 1698 2635 hoc
1735 2595 1869 2635 vero
1901 2576 2070 2633 dulce

418 2676 517 2732 sit.
552 2676 648 2731 Sic
677 2674 860 2747 igitur
903 2674 961 2728 in
1021 2671 1363 2726 inanimatis
1411 2669 1727 2742 qualitates
1758 2667 2070 2740 passibiles

419 2769 781 2838 spectantur.

491 2873 576 2928 14.
609 2873 671 2927 In
704 2869 981 2926 animatis
1027 2872 1246 2937 autem,
1297 2871 1399 2923 aut
1429 2866 1754 2921 secundum
1789 2865 2067 2932 animam,

421 2965 522 3016 aut
574 2960 900 3015 secundum
953 2974 1164 3028 corpus
1215 2955 1784 3011 animadvertuntur.
1853 2955 2074 3009 Secun-

421 3052 564 3106 dum
615 3066 847 3120 corpus,
906 3051 970 3101 ut
1023 3045 1261 3118 nigredo
1321 3062 1447 3116 quae
1507 3043 1852 3099 naturaliter
1908 3044 2075 3098 adest

422 3138 790 3209 [Ethiopibus
813 3140 871 3190 et
893 3135 1078 3190 corvis
1109 3136 1268 3204 (nam
1301 3138 1357 3188 et
1378 3133 1498 3187 hac
1527 3149 1757 3204 quoque
1784 3149 1853 3188 ex
1881 3132 2076 3202 aliqua

422 3229 743 3282 humorum
799 3224 1221 3296 temperatione
1278 3223 1430 3277 facta
1479 3227 1620 3290 est;
1693 3222 2074 3293 quemadmo-

2248 2132 2332 2207 ιγ’.
2365 2129 2428 2184 Εἰ
2463 2127 2521 2184 δὶ
2549 2128 2609 2183 τὸ
2642 2127 2832 2183 λευκὸν
2866 2125 3082 2200 λέγεται
3115 2121 3401 2201 διακρίνειν
3452 2123 3544 2179 καὶ
3592 2119 3814 2197 διαχέειν

2172 2222 2272 2289 τὴν
2351 2214 2492 2292 ὄψιν,
2555 2215 2852 2293 συγκρίνειν
2933 2211 2991 2270 δὲ
3065 2213 3154 2269 καὶ
3207 2212 3458 2288 συνάγὸιν
3514 2213 3576 2266 τὸ
3639 2207 3816 2284 μέλαν’

2177 2308 2304 2364 ἀλλ’
2329 2307 2390 2363 οὐ
2421 2311 2639 2362 ποιοῦσι
2686 2304 2856 2366 πάθος
2916 2303 3272 2380 παρώνυμον·
3328 2301 3391 2356 ού
3451 2299 3713 2356 λευκαίνει
3762 2298 3818 2351 τὸ

2178 2396 2394 2466 λευκὸν,
2445 2395 2506 2450 ού
2569 2392 2815 2467 μελαίντι
2872 2394 2935 2447 τὸ
3005 2389 3196 2464 μέλαν·
3243 2391 3383 2446 καθὰ
3441 2391 3504 2445 τὸ
3551 2393 3656 2464 πῦρ
3710 2389 3816 2461 θερ-

2182 2487 2381 2560 μαίνει,
2413 2485 2503 2540 καὶ
2532 2484 2596 2538 τὸ
2638 2482 2764 2555 μέλι
2812 2480 3115 2558 γλυκαίνει·
3163 2481 3227 2535 τὸ
3281 2481 3375 2552 μὶν
3421 2480 3617 2556 θερμὸν
3660 2475 3816 2550 ὑπάρ-

2179 2595 2307 2651 χον,
2343 2575 2406 2630 τὸ
2465 2570 2522 2628 δὲ
2587 2571 2784 2646 γλυκύ.
2845 2569 2999 2625 Οὕτω
3061 2571 3156 2642 μὲν
3217 2569 3308 2624 οὖν
3372 2568 3426 2624 ἐν
3484 2568 3715 2643 ἀψύχοις
3769 2563 3818 2618 αἱ

2177 2663 2472 2734 παθητικαὶ
2504 2665 2829 2737 θεωροῦνται
2857 2659 3168 2728 ποιότητες.

2255 2860 2338 2917 ιδ’.
2372 2861 2458 2914 Ἐν
2511 2856 2568 2913 δὲ
2601 2862 2720 2920 τοῖς
2769 2855 3044 2930 ἐμψύχοις
3094 2857 3129 2925 ἢ
3179 2853 3315 2909 κατὰ
3371 2854 3560 2930 ψυχὴν
3615 2854 3648 2921 ἣ
3699 2846 3822 2904 κατὰ

2181 2956 2341 3025 σῶμα
2381 2948 2755 3026 γινώσκονται.
2809 2945 2952 3000 Κατᾶ
2998 2949 3159 3017 σῶμα
3211 2944 3326 3016 μὲν,
3362 2943 3442 3006 ὡς
3502 2945 3537 3012 ἡ
3600 2941 3820 3018 φυσικῶς

2182 3023 2458 3116 προσοῦσα
2489 3035 2715 3111 μελανία
2742 3040 2858 3097 τοῖς
2909 3033 3128 3106 Αἰθίοψι
3179 3032 3269 3087 καὶ
3317 3037 3438 3094 τοῖς
3492 3029 3694 3107 κόραξι·
3742 3023 3820 3082 καὶ

2184 3130 2318 3199 αὕτη
2361 3129 2462 3204 γάρ
2516 3127 2574 3181 ἐκ
2628 3131 2792 3186 ποιᾶς
2874 3123 3116 3199 κράσεως
3171 3123 3363 3198 γέγονε
3442 3126 3548 3175 τῶν
3620 3119 3824 3194 χυμῶν,

2187 3218 2364 3293 ὥσπερ
2420 3216 2512 3271 καὶ
2567 3217 2602 3284 ἡ
2663 3213 2722 3268 ἐκ
2776 3218 3002 3288 γενετῆς
3059 3211 3318 3287 ὠχρότης
3370 3211 3467 3266 καὶ
3528 3205 3828 3293 ἐρυθρότηςς

424 3318 565 3372 dum
597 3321 655 3370 et
683 3279 1028 3386 congenitus
1073 3311 1259 3383 pallor
1317 3317 1374 3366 et
1428 3279 1666 3376 rubed'o,
1710 3279 2072 3378 secundum,

2194 3308 2302 3364 καθ’
2333 3279 2396 3368 ίὰς
2427 3279 2629 3380 ὠχρίάι
2659 3302 2749 3357 καὶ
2789 3279 3042 3379 ’ἐρυθρίαι
3102 3279 3402 3370 κέκληνται
3457 3279 3614 3362 τινες·
3661 3279 3698 3363 ’ἢ
3749 3279 3830 3386 καὶ

425 3423 552 3478 quae
610 3404 787 3474 aliqui
843 3409 901 3458 et
957 3400 1158 3474 pallidi
1205 3406 1261 3456 et
1307 3401 1442 3455 ruiﬁ
1500 3400 1684 3455 vocati
1728 3400 1911 3469 sunt),
1973 3404 2075 3455 aut

425 3494 598 3551 etiam
630 3492 712 3547 illi
746 3491 994 3565 pallores
1029 3492 1086 3544 in
1119 3490 1475 3561 nigredines,
1525 3506 1651 3560 quae
1685 3495 1920 3560 propter
1949 3488 2075 3544 lon-

427 3601 567 3656 gum
600 3581 893 3645 morbum,
929 3584 1028 3633 aut
1071 3578 1516 3634 continuitatem
1566 3577 1896 3634 adustionis
1947 3596 2075 3649 per-

426 3676 732 3728 manentes
782 3674 838 3726 et
894 3667 1209 3724 difﬁculter
1256 3665 1499 3723 mobiles
1551 3667 1718 3721 ﬁunt.
1764 3666 2076 3723 Passibiles

425 3766 617 3818 autem
651 3760 976 3816 secundum
1012 3757 1272 3812 animam
1303 3756 1617 3828 qualitates
1639 3761 1798 3827 sunt,
1835 3762 1899 3810 ut
1928 3755 2080 3811 iusa-

428 3850 526 3905 nia
556 3855 614 3904 et
644 3848 947 3903 iracundia
1001 3856 1056 3901 et
1105 3861 1468 3918 quascunque
1502 3843 1625 3898 aliae
1657 3845 2078 3900 commotiones

2186 3395 2305 3450 ὅσαι
2347 3392 2437 3448 διὰ
2482 3391 2638 3447 νόσον
2675 3392 2900 3466 μακρὰν,
2931 3391 2966 3459 ἢ
2994 3390 3274 3466 συνέχειαν
3327 3389 3626 3463 καύματος,
3660 3377 3825 3457 ὠχρό-

2185 3503 2342 3555 τητες
2378 3481 2467 3536 καὶ
2517 3478 2880 3553 μελανότητες
2940 3477 3318 3551 παραμόνιμοι
3380 3477 3470 3532 καὶ
3531 3471 3821 3540 δυσκίνητοι

2186 3573 2446 3648 γίνονται.
2481 3568 2781 3640 Παθητικαὶ
2837 3565 2894 3622 δὲ
2950 3568 3087 3622 κατὰ
3141 3567 3329 3642 ψυχὴν
3362 3565 3672 3634 ποιότητες,
3699 3555 3821 3623 ὠςῆ

2193 3643 2353 3735 μανία
2406 3658 2496 3714 καὶ
2553 3661 2588 3728 ἡ
2652 3658 2814 3734 ὀργὴ,
2875 3655 2964 3712 καὶ
3022 3655 3141 3711 ὅσαι
3203 3654 3372 3711 ἄλλαι
3435 3652 3700 3711 ἐκστάσεις
3756 3643 3822 3719 μὴ

2189 3753 2445 3830 φυσικῶς,
2503 3745 2630 3803 ἀλλ’
2683 3746 2787 3801 ἀπό
2843 3767 3003 3800 τινων
3068 3744 3493 3818 συμπτωμάτων
3550 3737 3814 3817 γεγένηται

2190 3835 2638 3894 δυσαπάλλακτοι
2671 3833 2850 3904 οὖσαι,
2881 3836 2915 3904 ἣ
2948 3832 3040 3889 καί
3069 3832 3216 3895 ὅλως
3249 3832 3528 3904 ἀκίνητος.

428 3939 644 3995 mentis
671 3955 785 3993 non
819 3914 1167 3992 naturaliter
1197 3935 1297 3990 sed
1332 3914 1750 4005 alquibusdam
1789 3934 2024 3989 casibus
2055 3936 2196 3988 ortae
2225 3934 2385 3996 sunt,
2419 3945 2553 3984 cum
2602 3926 2920 3982 difﬁculter
2967 3924 3184 3980 mutari
3235 3924 3489 3996 possint,
3539 3918 3621 3977 vel
3674 3914 3830 3972 etiam

429 4045 673 4100 prorsus
702 4025 980 4082 dimoveri
1016 4028 1329 4095 nequeant.

502 4136 656 4190 306
691 4135 772 4189 15.
815 4133 1127 4188 Passiones
1161 4136 1356 4186 autem
1387 4131 1690 4198 dicuntur,
1721 4146 2086 4202 quascunque

432 4227 490 4278 et
523 4223 688 4278 facile
717 4221 1120 4278 dissolvuntur
1149 4224 1206 4274 et
1236 4219 1347 4274 cito
1377 4223 1706 4274 mutantur.

505 4327 590 4384 12.
651 4330 720 4383 Et
785 4329 846 4382 in
907 4325 1251 4382 inanimatis
1309 4325 1547 4395 quidem
1607 4325 1962 4380 adventitius
2021 4324 2082 4379 in

432 4436 583 4490 aqua
615 4417 792 4485 calor,
852 4417 1046 4488 passio
1077 4419 1164 4470 est
1216 4431 1229 4468 :
1291 4419 1357 4469 ut
1386 4413 1446 4468 in
1501 4413 1776 4468 animatis
1806 4429 1961 4481 vero,
1995 4430 2085 4468 se-

431 4509 692 4565 cundum
726 4507 984 4562 animam
1031 4504 1292 4577 quidem,
1328 4507 1393 4558 ut
1438 4503 1524 4558 ira
1555 4503 1815 4573 fortuita,
1848 4502 2006 4558 velut
2036 4502 2086 4558 si

429 4597 562 4669 quis
595 4597 782 4651 iratus
815 4595 986 4649 fuerit
1018 4598 1251 4665 propter
1291 4592 1514 4663 aliquid
1576 4609 1778 4647 eorum
1812 4609 1942 4662 quas
1971 4591 2085 4663 ipsi

430 4687 688 4742 absurda
719 4685 843 4740 visa
872 4688 1009 4738 sunt
1042 4681 1337 4738 incitatus.
1364 4681 1588 4736 Etenim
1622 4683 1735 4736 cito
1767 4681 1980 4736 iterum
2013 4681 2086 4735 ad

2269 4128 2346 4182 ιε’.
2397 4123 2549 4194 Πάθη
2597 4119 2654 4177 δὲ
2711 4121 2985 4197 λέγονται,
3022 4118 3194 4175 ὁπόσα
3244 4115 3448 4195 ῥᾳδίως
3494 4135 3552 4169 τε
3604 4104 3828 4167 διαλύον-

2131 4229 2137 4236 “
2193 4237 2280 4270 ται
2313 4213 2402 4269 καὶ
2431 4211 2577 4288 ταχὺ
2612 4205 3043 4284 μεταϐάλλουσι.

2273 4323 2356 4384 ις’·
2409 4320 2508 4376 Καὶ
2555 4320 2632 4381 ὡς
2679 4318 2773 4392 μὲν
2829 4316 2881 4371 ἐν
2938 4315 3176 4392 ἀψύχοις
3223 4317 3259 4385 ἡ
3313 4313 3368 4371 ἐν
3419 4311 3570 4369 ὕδατι
3629 4303 3828 4392 ἐπίκτη-

2196 4431 2287 4471 τος
2320 4409 2494 4485 θέρμη
2528 4385 2702 4469 πάθος
2762 4404 2925 4461 ἐστίν·
2959 4385 3034 4468 ὧς
3055 4385 3115 4460 ’δ’
3145 4403 3196 4459 ἐν
3256 4402 3537 4479 ἐμψύχοις
3589 4393 3717 4452 κατὰ
3747 4385 3828 4485 μὲν

2196 4475 2448 4573 ψυχὴνιῆ
2481 4475 2617 4552 κατά
2643 4516 2763 4551 τινα
2799 4494 2977 4571 τύχην
3028 4495 3186 4570 ὀργή⁹
3245 4475 3358 4548 οἷον
3413 4475 3569 4565 ἐἴπερ
3623 4502 3702 4544 τις
3755 4475 3832 4549 ὅΡ·

2195 4587 2426 4664 γισθείη,
2482 4584 2572 4640 διά
2623 4607 2673 4640 τι
2723 4589 2831 4640 τῶν
2900 4583 3046 4656 αύτῷ
3091 4581 3359 4654 δοξάντων
3421 4578 3631 4635 ἀτόπων
3681 4583 3830 4642 παρο-

2197 4655 2423 4750 ξυνθείς.
2457 4673 2628 4730 Πάλιν
2660 4677 2763 4749 γὰρ
2794 4655 3026 4749 ταχέως
3063 4672 3139 4734 εἷς
3196 4673 3297 4741 τὴν
3359 4667 3622 4745 προτέραν
3648 4655 3825 4750 ,φθάνει

431 4777 685 4847 priorem
738 4789 799 4827 se
848 4771 1055 4842 recipit
1103 4775 1362 4838 statum;
1397 4770 1552 4824 unde
1606 4787 1710 4823 nec
1762 4768 1939 4824 etiam
1983 4769 2073 4839 qui

2194 4748 2532 4821 κατάστασιν.
2564 4748 2741 4827 Ὅθεν
2779 4748 2900 4817 ούδί
2947 4759 3170 4839 ὀργίλος
3214 4763 3241 4816 ὁ
3270 4765 3521 4818 τοιοῦτος
3577 4748 3820 4847 καλεῖτίις

432 4863 722 4935 ejusmodi
807 4866 895 4916 est
961 4860 1279 4915 iracundus
1364 4864 1626 4928 vocatur,
1712 4859 1812 4913 sed
1897 4858 2083 4914 iratus

432 4954 615 5009 fuisse
673 4951 907 5005 dicitur.
985 4951 1056 5004 At
1113 4949 1440 5003 secundum
1507 4963 1718 5018 corpus
1775 4947 2083 5017 passiones

433 5043 731 5108 dicuntur,
764 5043 820 5094 et
851 5037 1040 5111 pallor
1068 5039 1140 5094 ob
1173 5041 1394 5092 metum
1427 5041 1483 5092 et
1513 5036 1692 5091 robur
1717 5035 1790 5092 ob
1815 5053 2089 5092 verecun-

433 5131 612 5186 diam.

504 5237 823 5291 17.Etenim
853 5234 1041 5306 pallor
1071 5233 1309 5303 quidem
1341 5232 1412 5286 ob
1446 5233 1671 5286 metum
1703 5232 1770 5287 fit
1801 5231 2088 5302 sanguine

431 5327 503 5381 ad
528 5342 624 5379 cor
648 5330 711 5380 ut
731 5326 800 5379 ad
825 5323 1124 5395 proprium
1161 5338 1334 5376 suum
1369 5325 1706 5376 recurrente
1729 5320 2085 5391 principium

431 5419 489 5469 et
521 5429 635 5466 non
668 5413 921 5484 amplius
967 5415 1283 5482 apparente
1316 5411 1372 5463 in
1407 5409 1734 5481 superficie.
1760 5409 1921 5474 Quod
1953 5425 2087 5463 con-

428 5502 605 5571 tingit
630 5504 804 5556 etiam
838 5501 955 5555 illis
986 5501 1086 5571 qui
1118 5500 1263 5554 alias
1295 5499 1584 5570 sanguine
1618 5498 1888 5553 exhausti
1923 5501 2080 5552 sunt.

431 5589 538 5652 Qui
572 5593 764 5644 autem
796 5594 1031 5661 propter
1082 5589 1366 5659 pudorem
1420 5587 1617 5652 robur,
1650 5585 1914 5640 oboritur
1945 5603 2082 5640 san-

434 5676 614 5748 guine
645 5695 677 5732 ιι
706 5681 875 5734 corde
907 5679 977 5734 ad
1037 5678 1404 5749 superﬁciem
1447 5677 1771 5748 prodeunte
1801 5679 1858 5731 et
1908 5675 2087 5732 veluti

437 5763 776 5823 obstruente
825 5767 998 5840 (parti
1054 5765 1283 5837 animae)
1330 5764 1662 5838 principali,
1699 5765 2088 5838 tenebrasque

2195 4854 2322 4910 ἀλλ’
2353 4853 2435 4909 ὅτι
2467 4852 2712 4929 ὠργίσθη
2766 4827 3185 4928 λέγεταιίιΚατὰ
3245 4856 3406 4924 σῶμα
3465 4845 3522 4902 δὲ
3569 4827 3829 4929 πάθη.λέ’

2196 4965 2383 5020 γονται
2412 4941 2448 5013 ἤ
2490 4919 2678 4998 τέίδιὰ
2702 4919 2886 5020 ⁷φόϐον
2939 4939 3230 5017 ὠχρίασις,
3261 4919 3351 4995 καί
3380 4941 3416 5008 ἡ
3449 4934 3520 4991 δι’
3549 4927 3680 4987 αἰδὼ
3721 4919 3824 4994 ἐρυ-

2200 5032 2432 5108 θρίασις.

2275 5230 2357 5298 ιζ’.
2390 5230 2452 5284 Ἡ
2485 5230 2552 5302 μὶ
2605 5227 2706 5303 γὰρ
2770 5224 2860 5282 διὰ
2924 5221 3106 5306 φόϐον
3171 5223 3442 5300 ὠχρίασις
3497 5216 3692 5306 γίνεται
3743 5201 3828 5306 te?

2199 5314 2427 5390 αἵματος
2461 5315 2549 5371 ἐπὶ
2591 5316 2692 5384 τήν
2741 5312 2962 5388 καρδίαν
3011 5316 3084 5376 ὡς
3139 5313 3227 5368 ἐπὶ
3270 5313 3369 5380 τὴν
3417 5304 3612 5363 οἰκείαν
3667 5295 3824 5390 ἀρχὴν

2198 5371 2609 5480 ἀνατρέχοντος,
2650 5371 2751 5459 ,καὶ
2805 5371 2997 5476 μηκέτι
3045 5371 3114 5476 τῇ
3167 5371 3452 5480 ἐπιφανείᾳ
3501 5371 3827 5466 διαφαινομέ-

2197 5517 2314 5565 νου,
2368 5493 2500 5570 ὅπερ
2553 5489 2835 5566 συμϐαίνει
2885 5492 2974 5546 καὶ
3028 5497 3145 5553 τοῖς
3192 5479 3381 5550 ἄλλως
3431 5483 3658 5556 αἵματος
3699 5479 3828 5561 κεκεὶ

2197 5567 2485 5657 νωμένοιςλ
2539 5584 2572 5652 ἡ
2620 5580 2678 5636 δὲ
2727 5579 2795 5636 δι’
2843 5580 3107 5657 αἰσχύνην
3156 5575 3463 5656 ἐρυθρίασις
3512 5567 3704 5645 γίνεται
3745 5568 3829 5657 ἴου

2208 5637 2303 5657 η-..
2332 5637 2341 5638 ,
2454 5637 2463 5645 _
2563 5637 2572 5652 .
2959 5645 2975 5657 υ
3066 5637 3076 5650 .
3185 5637 3194 5656 ι
3286 5637 3294 5654 Ι
3526 5637 3536 5645 1

2197 5673 2426 5746 α’ίματος
2459 5672 2564 5726 ἀπὸ
2592 5674 2690 5740 τῆς
2718 5637 2961 5746 καρδίαςν
2992 5669 3078 5724 ἐπὶ
3130 5670 3229 5738 τὴν
3279 5662 3582 5742 ἐπιφάνειαν
3633 5637 3827 5746 iit—Pot“:

2195 5785 2312 5831 τος,
2368 5763 2458 5817 καὶ
2513 5760 2693 5838 ὥσπερ
2753 5759 3209 5838 ἐπιπροσθοῦντος
3258 5761 3342 5830 τῷ
3393 5741 3713 5829 ἡγεμονικῷ,
3750 5744 3828 5784 και
