4126 6434
357 479 476 541 849

357 608 772 671 ἐπισκοτοῦντος
854 613 934 680 τῷ
1020 606 1295 664 ὁπενθόντι

355 699 574 776 αἶσχρῷ
604 698 674 754 δι’
705 695 866 756 αἶδώ.

431 808 523 877 ιη’.
558 807 697 861 Φασὶ
728 810 855 883 γοῦν
890 804 973 860 ὅτι
1002 806 1094 860 καὶ
1123 807 1501 878 κισσουμὲνοις
1541 803 1690 882 εἷ’περ
1733 807 1790 860 αἱ
1830 811 2013 861 τοιαῦ-

355 918 444 953 ται
472 895 719 972 γένοιντο
779 891 1101 970 συνδρομαὶ,
1136 892 1206 949 δι’
1237 894 1412 957 αἶ’τίας
1475 895 1664 957 ὁποίας
1724 893 1789 966 δή
1847 916 2016 965 τινας,

356 990 582 1042 τοιαῦτα
638 985 838 1063 φυσικὰ
890 983 1133 1059 γίνεσθαι
1191 985 1484 1060 χρώματα.
1547 983 1646 1039 Καί
1714 1005 1798 1046 τις
1876 985 2013 1060 γυνὴ

359 1073 578 1151 λέγεται
625 1077 704 1145 τῷ
758 1077 932 1149 καιρῷ
985 1073 1084 1141 τῆς
1145 1070 1474 1145 συλλήψεως
1526 1071 1764 1128 Αἰθίοπα
1819 1093 2013 1150 φαντα-

361 1167 542 1220 σθεῖσα
590 1162 725 1238 (καὶ)
769 1163 897 1236 μήτ’
945 1161 1144 1235 Αἰθίοψ
1194 1161 1346 1235 οὖσα,
1385 1163 1512 1235 μήτ’
1556 1161 1777 1219 Αἰθίοπι
1825 1182 2014 1238 συγγιο

358 1276 420 1311 νο
429 1255 587 1329 μὲνη,
616 1256 788 1308 τεκεῖν
819 1250 1072 1308 Αἰθίοπα.

437 1432 521 1495 ιθ’.
551 1428 739 1486 Τοίνυν
781 1431 816 1500 ἡ
870 1427 960 1484 διὰ
1002 1423 1169 1508 φόϐον
1215 1428 1503 1506 ὠχρίασις,
1532 1430 1624 1484 καὶ
1675 1429 1710 1498 ἡ
1763 1426 1832 1484 δι’
1879 1425 2015 1483 αίδὼ

361 1519 868 1597 ἐρυθρίασις,πάθη
922 1517 1170 1595 λύγονται
1231 1515 1321 1573 διὰ
1371 1519 1434 1572 τὸ
1494 1516 1768 1588 εύκίνητόν
1822 1538 1881 1573 τε
1925 1518 2015 1572 καὶ

360 1604 764 1680 εύαπόϐλητον.
795 1609 888 1663 Διὸ
919 1605 1045 1663 οὐδὲ
1073 1606 1124 1678 ἐξ
1163 1605 1338 1663 αὐτῶν
1396 1606 1746 1684 παρωνύμως
1802 1605 2013 1682 ὠχρίας

357 1700 393 1768 ἢ
423 1697 668 1775 ὲρυθρίας
699 1696 928 1754 καλοῦσι
957 1695 1086 1760 τοὺς
1113 1697 1447 1773 πάσχοντας.

430 1878 497 1933 κ’.
529 1874 792 1953 Τέταρτον
854 1872 997 1937 εἶδος
1041 1874 1364 1947 ποιότητος,
1406 1845 1600 1952 σχῆμα
1653 1871 1744 1928 καὶ
1801 1875 1837 1942 ἡ
1890 1872 2014 1950 περὶ

1721 479 2070 541 EPITOME
2116 481 2423 543 LOGICA.

1379 608 1516 664 κατὰ
1590 610 1687 680 τὴν
1771 606 2009 665 διάνοιαν

2145 613 2466 671 )ﬁ‘undente
2494 615 2886 687 subingressae
2917 613 3247 670 secundum
3278 617 3536 670 mentem
3581 615 3772 687 turpi-

3659 481 3776 544 850

2123 703 2317 759 tudini
2358 709 2596 776 propter
2622 702 3061 760 verecundiam.

2197 811 2285 866 18.
2317 813 2497 867 Aiunt
2527 811 2710 884 igitur
2739 816 2798 867 et
2827 812 2899 865 iis
2932 810 3030 882 qui
3063 809 3495 882 concipiuntur,
3531 810 3580 864 si
3626 809 3772 867 tales

2125 899 2634 972 qualibuscunque
2656 901 2726 955 de
2755 900 2948 955 causis
2972 899 3384 955 concursiones
3409 899 3771 972 (humerum)

2124 989 2412 1055 eveniant,
2434 990 2584 1046 207
2607 988 2898 1058 ejusmodi
2930 987 3151 1043 colores
3183 987 3478 1043 naturales
3509 988 3769 1044 evadere.

2125 1077 2193 1133 Et
2251 1077 2463 1133 mulier
2517 1078 2785 1150 quaedam
2854 1093 2988 1132 cum
3054 1082 3316 1148 tempore
3373 1077 3773 1149 conceptionis

2123 1167 2448 1239 Ethiopem
2473 1168 2794 1239 imaginata
2814 1166 3021 1222 fuisset
3041 1171 3097 1221 et
3119 1182 3308 1238 neque
3328 1166 3595 1238 [Ethiops
3618 1171 3774 1223 esset

2123 1271 2314 1329 neque
2343 1273 2477 1313 cum
2505 1256 2770 1328 Ethiope
2801 1255 3297 1325 commisceretur,
3323 1254 3649 1327 Ethiopem
3680 1271 3777 1327 pe-

2123 1345 2346 1418 perisse
2375 1346 2606 1401 dicitur.

2197 1434 2282 1491 19.
2319 1435 2463 1507 Ergo
2494 1434 2683 1507 pallor
2711 1435 2784 1490 ob
2817 1439 3040 1489 metum
3081 1437 3138 1490 et
3183 1433 3362 1488 rubor
3393 1434 3466 1488 ob
3497 1449 3772 1489 verecun-

2124 1523 2302 1595 diam,
2339 1530 2642 1596 propterea
2673 1525 2829 1596 quod
2862 1522 3028 1579 facile
3060 1527 3117 1578 et
3146 1527 3492 1578 amoventur
3521 1525 3577 1578 et
3606 1521 3776 1578 facile

2123 1612 2503 1684 abjiciuntur,
2535 1613 2840 1685 passiones
2872 1613 3167 1668 dicuntur.
3203 1612 3326 1676 Qua
3358 1613 3428 1668 de
3458 1627 3637 1666 causa
3668 1627 3774 1667 nec

2123 1715 2194 1758 ex
2222 1700 2339 1756 illis
2369 1701 2616 1775 pallidos
2640 1706 2742 1758 aut
2769 1702 2952 1757 ruﬂ'os
2974 1700 3402 1757 denominative
3420 1704 3652 1769 vocant,
3675 1715 3774 1756 eos

2124 1789 2227 1863 qui
2257 1789 2602 1863 patiuntiur.

2193 1880 2285 1936 20.
2320 1881 2540 1946 Quarta
2571 1879 2794 1952 species
2825 1879 3124 1952 qualitatis
3169 1883 3258 1935 est
3301 1879 3508 1952 ﬁgura,
3542 1882 3599 1934 et
3643 1895 3772 1951 quae

358 1963 581 2022 ἕκαστον
641 1965 1020 2041 ἐνυπάρχουσα
1081 1966 1292 2043 μορφή,
1348 1960 1426 2019 ἔτι
1484 1961 1542 2018 δὲ
1592 1963 1729 2039 πρὸς
1798 1961 2014 2025 τούτοις

2145 1969 2443 2041 micuique
2471 1969 2554 2026 rei
2582 1969 2739 2026 inest
2775 1970 2982 2025 forma.
3017 1969 3261 2040 Insuper
3304 1969 3374 2024 ad
3428 1968 3550 2023 Ι]ωο
3602 1967 3771 2024 recti-

361 2055 586 2126 εύθύτης
625 2055 716 2110 καὶ
755 2053 1142 2128 καμπυλότης,
1173 2052 1265 2108 καὶ
1313 2052 1380 2108 τὰ
1428 2052 1644 2113 τούτοις
1693 2050 1878 2125 ὅμοια·
1926 2053 2015 2106 οἷα

355 2145 425 2200 τὰ
451 2141 720 2213 κωνοειδῆ
752 2143 842 2198 καὶ
895 2139 1170 2212 ἑλικοειδῆ
1219 2141 1308 2197 καὶ
1368 2139 1652 2221 φακοειδῆ.
1683 2145 1859 2196 Ταῦτα
1912 2144 2013 2217 γὰρ

357 2235 532 2290 πάντα
575 2237 656 2306 τῷ
700 2231 942 2308 τετάρτῳ
988 2239 1090 2302 τῆς
1138 2231 1433 2302 ποιότητος
1483 2228 1613 2286 εἷ’δει
1671 2229 2012 2304 συνάγονται.

426 2416 526 2466 κα⁸.
570 2416 780 2487 Σχῆμα
810 2407 869 2465 δὲ
891 2409 981 2465 καὶ
1019 2411 1204 2488 μορφή
1237 2407 1644 2466 διαλλάττουσι.

426 2501 533 2576 κβ¹.
564 2501 666 2555 Καὶ
725 2506 921 2575 σχῆμα
976 2501 1070 2573 μὲν
1129 2496 1242 2553 ἔστι
1298 2498 1361 2553 τὸ
1418 2497 1521 2554 ὑπό
1577 2495 1792 2567 τινοςῆ
1851 2517 2012 2553 τινων

357 2587 501 2666 ὅρων
549 2587 966 2665 περιεχόμενον.
1015 2588 1262 2658 Ληπτὲον
1319 2588 1410 2642 καὶ
1483 2591 1666 2657 τοῦτο,
1724 2587 1861 2643 κατὰ
1914 2588 2013 2655 τήν

357 2679 516 2733 ποιὰν
543 2683 648 2749 τῆς
680 2675 993 2754 ἐπιφανείας
1023 2677 1457 2753 ἀποπεράτωσιν.

426 2858 528 2934 κγ’.
560 2858 625 2913 Ἠ
656 2853 714 2912 δὲ
747 2857 933 2934 μορφὴ
987 2853 1160 2933 διχῶς
1209 2855 1442 2932 λέγεται·
1507 2856 1693 2932 μορφή
1745 2854 1845 2932 γάρ
1905 2853 2016 2910 ἐστι

357 2945 447 3002 καὶ
487 2945 552 3001 τὸ
602 2943 952 3000 εἰδικώτατον
1000 2943 1167 3015 εἶδος,
1199 2946 1324 3019 περὶ
1368 2944 1434 2998 οὗ
1492 2949 1584 2999 νῦν
1640 2943 1739 2999 οὐκ
1795 2940 1934 2999 ἔστιν
1988 2944 2015 2997 6

360 3033 548 3111 λόγος.
598 3035 797 3112 Μορφὴ
862 3034 1079 3110 λέγεται
1143 3035 1233 3089 καὶ
1281 3034 1346 3089 τὸ
1392 3034 1516 3109 περὶ
1562 3035 1660 3102 τὴν
1705 3033 2014 3111 ἐπιφάνειαν

362 3122 781 3202 ἐπιφαινόμενον
830 3124 986 3178 ποιὸν
1029 3121 1287 3196 τύπωμα,
1341 3121 1614 3178 τουτέστιν
1669 3125 1704 3193 ἡ
1754 3121 1870 3176 ίδὲα
1925 3121 2016 3176 καὶ

362 3213 722 3288 ὁχαρακτήρ·
780 3213 912 3268 καθὸ
940 3211 1082 3268 καλά
1135 3233 1256 3267 τινα
1309 3212 1398 3266 καὶ
1448 3208 1697 3290 εὔμορφα
1753 3209 2013 3286 λὲγομεν,

361 3303 396 3372 ἢ
440 3298 655 3370 δυσειδῆ
723 3300 814 3356 καὶ
881 3299 1185 3377 δύσμορφα·
1245 3301 1370 3376 περὶ
1425 3300 1620 3356 τούτου
1679 3305 1770 3355 νῦν
1832 3301 1859 3354 ὁ
1922 3299 2015 3356 λό-

357 3411 472 3468 γος.

425 3477 525 3538 κδ’.
563 3480 685 3535 Ἐπὶ
720 3478 814 3553 μὶν
848 3477 939 3534 οὖν
988 3483 1096 3534 τῶν
1155 3483 1393 3558 φυσικῶν
1450 3478 1701 3534 τάττουσι
1757 3479 1820 3534 τὸ
1878 3480 2017 3554 σχῆ-

361 3589 438 3642 μα
484 3569 576 3624 καὶ
623 3569 724 3638 τὴν
789 3569 1122 3647 μορφὴν,τὸ
1181 3575 1378 3644 σχῆμα
1433 3565 1492 3622 δε
1541 3569 1703 3641 μόνον
1764 3567 1851 3622 ἐπὶ
1906 3571 2013 3621 τῶν

363 3662 784 3732 μαθηματικῶν,
834 3658 1129 3734 τριγώνου,
1178 3658 1545 3734 τετραγώνου,
1590 3657 1681 3712 καὶ
1735 3661 1841 3711 τῶν
1897 3655 2015 3710 λοι-

359 3768 502 3801 πων.

433 3842 523 3893 κε’.
577 3834 828 3905 Εύθύτης
885 3832 942 3890 δὲ
1008 3834 1224 3911 λέγεται
1271 3837 1306 3904 ἡ
1353 3834 1606 3912 ὀρθότης,
1657 3834 1748 3890 καὶ
1795 3855 2018 3908 καμπυ-

363 3923 534 3994 λότης
601 3926 637 3993 ἡ
709 3917 1065 4000 στρεϐλότης’
1123 3923 1212 4000 ἀφ’
1250 3924 1354 3978 ιῶν
1425 3923 1602 3978 εὐθεῖα
1658 3921 1872 3999 λέγεται
1930 3922 2020 3976 καὶ

362 4009 630 4086 καμπύλη
663 4015 920 4089 γραμμήι
1757 4083 1760 4086 .

433 4119 534 4183 κς’.
566 4119 643 4176 Τὸ
691 4118 870 4195 τραχὺ
912 4118 1002 4173 καὶ
1047 4119 1110 4173 τὸ
1159 4116 1309 4172 λεῖον
1361 4114 1556 4196 ἔφασάν
1605 4139 1749 4180 τινες
1798 4117 2024 4188 ποιότη-

363 4228 459 4270 τας
510 4207 666 4262 εἶναιο
717 4209 888 4270 θέσεις
934 4205 992 4262 δὲ
1045 4205 1257 4281 μᾶλλον
1305 4203 1572 4278 δοκοῦσιν,
1625 4206 1755 4282 οὐχὶ
1801 4206 2026 4275 ποιότη-

364 4318 475 4359 τες.
507 4301 665 4352 Λεῖον
727 4297 821 4370 μὲν
875 4298 979 4372 γάρ
1037 4295 1201 4365 ἐστιν,
1235 4296 1297 4351 οὗ
1325 4296 1393 4350 τὰ
1453 4295 1620 4370 μόρια.
1675 4295 1758 4350 ἐπ’
1816 4294 2023 4359 εὐθείας

368 4385 561 4456 ἐπίσης
617 4391 810 4441 κεῖται·
873 4386 946 4447 ὡς
997 4385 1085 4440 ἐπὶ
1145 4390 1253 4440 τῶν
1311 4385 1726 4457 ἀποτεταμένων
1811 4385 2026 4460 μαρμά-

369 4495 499 4548 ρων.
549 4475 732 4553 Τραχὺ
784 4473 842 4530 δὲ
892 4476 954 4529 οὗ
1009 4476 1085 4549 μὴ
1138 4474 1331 4546 ἐπίσης
1380 4479 1575 4544 κεῖται,
1609 4472 1755 4529 ἀλλὰ
1800 4475 1869 4528 τὰ
1931 4473 2022 4547 μὲν

369 4564 647 4641 ὑπερέχει,
676 4565 746 4619 τὰ
809 4565 821 4586 ’
855 4561 1120 4619 ἐλλείπεισ
1165 4564 1242 4627 ὡς
1273 4562 1362 4619 ἐπὶ
1391 4567 1490 4618 τοῦ
1519 4561 1765 4638 πρίονος.

438 4833 538 4902 κζ’.
566 4832 639 4886 Τὸ
668 4830 836 4906 μανὸν
867 4828 925 4885 δὲ
952 4830 1043 4886 καὶ
1072 4831 1135 4885 τὸ
1180 4831 1381 4886 πυκνὸν
1433 4829 1522 4884 ἐπὶ
1574 4830 1669 4903 μὲν
1718 4833 1827 4884 τῶν
1879 4849 2031 4884 στοι-

369 4921 536 4998 χείων
624 4920 972 4997 θεωρούμενα
1031 4919 1323 4989 ποιότητες
1383 4919 1517 4974 εἰσιν
1579 4915 1863 4980 ούσιώδεις
1939 4918 2031 4973 καὶ

371 5009 608 5089 φυσικαί·
637 5015 735 5065 τοῦ
785 5011 888 5086 γὰρ
945 5009 1104 5086 ἀέρος
1156 5010 1247 5064 καὶ
1303 5014 1401 5064 τοῦ
1457 5008 1632 5084 πυρὸς
1689 5011 1724 5077 ἡ
1791 5008 2030 5082 μανότης

371 5099 477 5171 ὅλη
514 5097 584 5155 δι’
634 5098 781 5155 ὅλων
829 5097 1003 5153 αὐτῶν
1058 5095 1464 5174 διακεχώρηκεν
1515 5095 1794 5158 ούσιωδῶς
1839 5118 1899 5151 τε
1941 5095 2031 5150 καὶ

372 5193 634 5266 φυσικῶς·
671 5187 852 5264 ὥσπερ
881 5187 970 5242 καὶ
999 5189 1036 5257 ἡ
1066 5187 1342 5256 πυκνότης
1382 5191 1479 5241 τοῦ
1533 5183 1728 5248 ὕδατος
1787 5185 1876 5240 καὶ
1931 5193 2030 5255 τῆς

370 5285 496 5356 γῆς’
534 5276 624 5333 ἐπὶ
657 5275 715 5333 δὲ
758 5281 868 5333 τῶν
929 5275 1116 5332 ἄλλων
1174 5276 1443 5350 σωμάτων
1496 5275 1667 5339 θέσεις
1727 5275 2032 5352 ὑπάρχουσι

371 5367 436 5424 τὸ
488 5367 654 5441 μανόν
699 5388 761 5423 τε
807 5365 896 5422 καὶ
940 5365 1003 5421 τὸ
1049 5364 1270 5421 πυκνόν.
1307 5364 1404 5419 Καὶ
1460 5365 1659 5420 πυκνὸν
1723 5365 1818 5437 μὲν
1868 5359 2033 5436 ἔστιν,

375 5453 439 5511 οὗ
482 5455 553 5511 τὰ
605 5454 771 5531 μόρια
818 5454 1075 5530 σύνεγγυς
1121 5459 1292 5509 κεῖται
1347 5455 1424 5527 μή
1477 5451 1774 5524 δυναμένου
1830 5473 2037 5529 παρεμ-

372 5545 590 5600 πίπτειν
655 5543 850 5618 μεταξὺ
905 5543 1114 5599 τούτων
1193 5543 1379 5617 ἑτερου
1467 5543 1743 5614 σώματος’
1797 5543 1871 5604 ὡς
1920 5537 2033 5617 ἔχει

374 5631 586 5710 χαλκός
614 5654 676 5689 τε
703 5633 794 5688 καὶ
820 5631 1065 5708 σίδηρος.
1102 5632 1280 5688 Μανὸν
1335 5628 1392 5684 δὲ
1443 5631 1506 5685 τὸ
1550 5632 1665 5684 οἷον
1716 5631 1790 5703 μὴ
1841 5630 1897 5684 ἓν
1952 5631 2034 5701 ὃν,

378 5720 506 5776 ἀλλ’
554 5720 682 5798 ἕχον
728 5722 819 5776 ἀπ’
865 5721 1133 5791 ἀλλήλων
1197 5717 1518 5788 διεστηκότα
1573 5719 1641 5772 τὰ
1703 5717 1887 5792 μόρια,
1946 5721 2035 5774 καὶ

378 5812 514 5888 πρὸς
565 5808 851 5888 ὑποδοχὴν
908 5811 1091 5886 ἒτέρου
1144 5811 1393 5883 σώματος
1445 5807 1744 5879 ἐπιτήδεια·
1800 5807 2036 5885 καθάπερ

2123 2059 2268 2114 tudo
2297 2062 2354 2115 et
2383 2059 2658 2127 curvitas,
2691 2064 2749 2114 et
2777 2075 2904 2130 quae
2935 2061 3076 2113 sunt
3103 2057 3318 2113 similia
3350 2072 3364 2110 :
3406 2061 3472 2111 ut
3501 2073 3627 2128 quae
3653 2059 3773 2111 tur-

2125 2147 2280 2203 binis
2337 2152 2396 2204 et
2451 2147 2676 2216 helicis,
2727 2151 2784 2203 et
2838 2146 3013 2202 lentis
3061 2147 3312 2219 ﬁguram
3360 2145 3598 2201 habent.
3641 2145 3772 2200 Haec

2124 2237 2283 2292 enim
2315 2237 2516 2293 omnia
2561 2237 2634 2292 ad
2683 2240 2956 2309 quartam
2989 2235 3244 2309 speciem
3275 2233 3578 2306 qualitatis
3612 2233 3774 2291 colli-

2125 2330 2365 2399 guntur.

2193 2416 2282 2472 21.
2319 2415 2603 2471 Differunt
2630 2417 2827 2470 autem
2847 2414 3038 2487 ﬁgura
3066 2416 3123 2469 et
3150 2412 3358 2469 forma.

2194 2506 2285 2560 22.
2316 2505 2386 2560 Et
2417 2505 2606 2578 ﬁgura
2636 2503 2874 2576 quidem
2905 2507 3014 2571 est,
3049 2519 3176 2575 qum
3210 2503 3280 2557 ab
3312 2501 3507 2574 aliquo
3551 2505 3654 2556 aut
3703 2501 3774 2558 ab

2126 2593 2423 2668 aliquibus
2454 2593 2722 2649 terminis
2747 2593 3101 2650 continetur.
3132 2591 3547 2662 Accipiendum
3577 2594 3774 2647 autem

2127 2684 2237 2739 hoc
2267 2687 2358 2739 est
2385 2684 2713 2739 secundum
2745 2686 2962 2739 certam
2994 2681 3258 2754 aliquam
3296 2679 3623 2749 superﬁciei
3671 2680 3776 2735 de-

2124 2771 2618 2828 terminationem.

2195 2861 2287 2916 23.
2319 2861 2393 2916 At
2433 2862 2622 2916 forma
2650 2859 2964 2932 dupliciter
2993 2858 3227 2916 dicitur.
3258 2858 3469 2913 Forma
3499 2857 3657 2913 enim
3687 2862 3779 2914 est

2126 2952 2184 3005 et
2229 2949 2454 3020 species
2505 2947 2954 3021 specialissima,
3006 2947 3076 3002 de
3125 2963 3243 3016 qua
3300 2961 3456 3000 nunc
3514 2961 3628 3000 non
3689 2949 3778 3001 est

2127 3055 2340 3094 sermo.
2364 3038 2586 3092 Dicitur
2606 3029 2794 3092 forma
2819 3036 2996 3092 etiam
3018 3035 3211 3108 qualis
3243 3034 3438 3106 aliqua
3463 3051 3587 3105 quas
3620 3033 3777 3089 circa

2128 3119 2497 3191 superficiem
2529 3117 2908 3189 conspicitur,
2940 3115 3254 3188 impressio
3283 3132 3295 3170 :
3329 3115 3460 3170 idea
3489 3114 3774 3170 nimirum

2127 3213 2185 3265 et
2207 3209 2360 3265 208
2382 3209 2716 3263 character:
2753 3211 3045 3278 quatenus
3076 3204 3272 3276 aliqua
3303 3202 3547 3276 pulchra
3576 3207 3633 3258 et
3663 3203 3778 3258 for-

2129 3315 2314 3368 mosa,
2338 3301 2440 3353 aut
2469 3297 2665 3368 turpia
2686 3300 2742 3352 et
2773 3295 3058 3351 deformia
3080 3294 3352 3349 dicimus.
3379 3293 3460 3348 De
3489 3292 3598 3348 hac
3623 3309 3779 3348 nunc

2129 3403 2321 3442 sermo
2351 3393 2460 3442 est.

2195 3477 2287 3531 24.
2321 3475 2618 3547 Usurpant
2646 3478 2839 3529 autem
2873 3473 3125 3545 ﬁguram
3157 3475 3215 3527 et
3246 3471 3496 3526 formam
3540 3470 3598 3523 in
3630 3469 3774 3540 phy-

2126 3565 2300 3633 sicis;
2335 3566 2585 3637 ﬁguram
2611 3564 2671 3618 in
2706 3560 3139 3618 mathematicis
3161 3564 3427 3630 tantum;
3459 3556 3776 3630 triangulo,

2127 3652 2535 3727 quadrangulo
2575 3657 2631 3708 et
2660 3650 2921 3722 reliquis.

2198 3833 2290 3887 25.
2327 3831 2575 3903 Ipsaque
2629 3828 2890 3896 directio,
2933 3826 3263 3892 rectitude;
3309 3824 3646 3896 obliquitas,
3679 3839 3782 3879 seu

2130 3921 2336 3987 torsio,
2369 3920 2626 3975 curvitas
2657 3917 2914 3984 dicitur;
2966 3933 2999 3969 a
3049 3915 3263 3985 quibus
3295 3917 3454 3970 recta
3500 3918 3558 3969 et
3606 3928 3786 3970 curva

2131 4010 2289 4066 linea
2319 4009 2554 4064 dicitur.

2202 4118 2293 4172 26.
2327 4118 2612 4186 Asperum
2652 4117 2710 4169 et
2749 4112 2886 4168 laeve
2916 4111 3190 4166 dixerunt
3222 4107 3403 4180 aliqui
3435 4123 3562 4164 esse
3593 4107 3788 4179 quali-

2133 4209 2305 4262 tates.
2338 4204 2448 4260 Sed
2498 4201 2688 4274 magis
2740 4201 3011 4255 videntur
3061 4198 3402 4270 positiones,
3436 4213 3551 4251 non
3593 4195 3786 4268 quali-

2133 4299 2285 4351 tates
2316 4309 2466 4350 esse.
2500 4293 2661 4347 Laave
2691 4289 2850 4344 enim
2898 4293 2988 4344 est
3034 4289 3205 4357 cujus
3235 4290 3429 4357 partes
3460 4285 3788 4340 secundum

2136 4388 2357 4440 rectam
2389 4382 2606 4437 lineam
2646 4377 2950 4449 aequaliter
2996 4375 3118 4431 sitas
3168 4379 3329 4441 sunt,
3362 4378 3427 4429 ut
3474 4374 3534 4428 in
3583 4389 3788 4445 expor-

2137 4473 2312 4528 rectis
2361 4472 2487 4542 (seu
2536 4466 2734 4540 politis
2785 4465 3181 4521 marmoribus
3231 4462 3445 4535 (videre
3497 4465 3627 4529 est).
3679 4465 3788 4516 As-

2138 4577 2345 4634 perum
2390 4574 2523 4614 vero
2573 4561 2682 4624 est,
2716 4557 2884 4627 cujus
2935 4560 3130 4626 partes
3175 4569 3291 4608 non
3329 4550 3634 4623 aequaliter
3661 4550 3790 4605 sitae

2139 4653 2302 4720 sunt,
2353 4648 2452 4704 sed
2505 4646 2630 4702 alite
2688 4645 2924 4717 quidem
2983 4643 3262 4708 eminent,
3318 4639 3443 4695 aliae
3501 4638 3791 4710 depressae

2061 4727 2109 4792 D
2141 4743 2282 4797 sunt
2314 4755 2328 4793 :
2383 4742 2448 4793 ut
2475 4736 2536 4792 in
2568 4752 2749 4792 serra.

2210 4829 2299 4882 27.
2334 4831 2405 4881 At
2435 4842 2635 4881 rarum
2677 4828 2735 4879 et
2781 4823 3032 4877 densum
3081 4825 3138 4876 et
3185 4817 3491 4874 elementis
3523 4815 3794 4872 conside-

2141 4921 2270 4972 rata
2301 4913 2642 4970 essentiales
2687 4916 2743 4967 et
2787 4908 3088 4966 naturales
3118 4907 3432 4978 qualitates
3465 4908 3624 4961 sunt.
3656 4904 3792 4959 Ete-

2141 5006 2265 5062 nim
2298 5005 2449 5060 aeris
2490 5008 2548 5058 et
2591 5001 2744 5074 ignis
2777 4999 2987 5054 raritas
3017 5002 3138 5052 tota
3167 5013 3270 5068 per
3300 4996 3430 5067 ipsa.
3458 4999 3583 5049 tota
3612 5008 3792 5065 pene-

2141 5092 2318 5150 travit
2346 5090 2740 5147 essentialiter
2785 5095 2843 5144 et
2891 5086 3254 5156 naturaliter,
3289 5082 3792 5156 quemadmodum

2143 5183 2404 5238 densitas
2436 5197 2537 5251 per
2566 5195 2780 5250 aquam
2815 5182 2872 5232 et
2900 5183 3138 5232 terram.
3174 5175 3237 5228 In
3276 5173 3408 5228 aliis
3438 5176 3634 5228 autem
3667 5188 3795 5228 cor-

2145 5271 2385 5343 poribus
2416 5285 2551 5324 cum
2582 5285 2782 5322 rarum
2824 5272 2951 5321 tum
2997 5266 3248 5320 densum
3283 5261 3602 5333 positiones
3634 5265 3792 5316 sunt.

2144 5364 2212 5415 Et
2239 5360 2489 5414 densum
2522 5356 2757 5428 quidem
2792 5361 2898 5420 est,
2931 5355 3103 5423 cujus
3133 5356 3328 5424 partes
3360 5351 3621 5422 proxime
3649 5349 3795 5404 invi-

2145 5465 2270 5505 cem
2304 5447 2426 5502 sita:
2473 5450 2612 5502 sunt
2662 5451 2727 5500 ut
2775 5461 2891 5499 non
2927 5441 3112 5515 possit
3141 5442 3294 5496 inter
3321 5457 3419 5495 eas
3452 5439 3797 5494 intercidere

2146 5555 2357 5608 corpus
2389 5535 2570 5604 aliud,
2605 5535 2757 5590 209
2790 5531 3290 5604 quemadmodum
3333 5545 3394 5583 se
3423 5528 3601 5583 habet
3629 5544 3712 5581 oss
3742 5529 3799 5580 et

2148 5630 2389 5683 ferrum.
2425 5627 2640 5679 Rarum
2671 5640 2804 5678 vero
2851 5623 3004 5693 quod
3050 5619 3228 5674 veluti
3281 5636 3397 5673 non
3447 5633 3631 5671 unum
3687 5620 3795 5680 est,

2149 5718 2248 5773 sed
2286 5722 2478 5788 partes
2519 5732 2552 5768 a
2595 5732 2655 5768 se
2687 5713 2933 5768 invicem
2967 5711 3251 5764 distantes
3284 5713 3340 5760 et
3372 5708 3442 5761 ad
3475 5705 3798 5775 susceptio-

2149 5824 2282 5864 nem
2317 5804 2556 5861 alterius
2587 5801 2845 5874 corporis
2876 5805 3040 5872 aptas
3072 5799 3266 5853 habet.
3293 5795 3799 5860 Quemadmodum
