4126 6444
411 498 524 561 851

1671 496 2098 561 NICEPHOBI
2143 492 2584 555 BLEMMIDIE

3717 498 3829 557 852

412 649 474 689 se
507 632 685 689 habet
710 632 960 706 spongio
989 636 1045 689 et
1091 649 1326 705 pumex.
1363 634 1440 690 De
1471 631 1857 706 qualitatibus
1887 630 2068 703 igitur

2191 620 2299 700 ἔχει
2326 623 2566 701 σπόγγος
2611 624 2701 680 καὶ
2744 623 3016 702 κίσσηρις.
3045 624 3179 701 Περὶ
3231 623 3325 699 μὶν
3376 623 3470 680 οὗν
3527 627 3833 697 ποιοτήτων

414 723 539 779 haec
577 720 735 778 dicta
764 726 927 778 sunt.

486 830 574 884 28.
611 828 818 896 Qualia
847 833 1044 886 autem
1076 834 1235 901 sunt,
1278 847 1405 900 qua
1454 847 1488 885 a
1535 828 1921 901 qualitatibus
1970 827 2067 882 de-

417 918 797 986 nominative,
831 922 935 974 aut
962 917 1074 974 alio
1106 935 1458 991 quocunque
1489 919 1662 974 modo
1692 918 1764 973 ab
1804 916 1951 989 ipsis
1981 914 2068 971 di~

420 1012 654 1064 cuntur.

488 1114 582 1169 29.
612 1113 758 1168 Nam
791 1118 1047 1187 quatuor
1086 1114 1278 1170 modis
1320 1113 1517 1187 qualia
1564 1118 1920 1181 sumuntur;
1973 1116 2072 1169 aut

420 1202 856 1259 denominative
885 1207 943 1258 et
973 1203 1082 1259 hoc
1113 1208 1178 1259 ut
1206 1203 1530 1276 plurimum
1561 1220 1575 1271 ;
1610 1207 1675 1258 ut
1703 1203 1774 1258 ab
1805 1202 2073 1258 albedine

418 1307 632 1364 corpus
662 1291 884 1361 album,
918 1296 976 1347 et
1022 1309 1057 1347 a
1107 1292 1439 1359 dulcedine,
1470 1291 1641 1347 dulce
1675 1309 1687 1347 :
1741 1296 1842 1348 aut
1887 1291 2073 1364 aequi-

416 1397 577 1452 voce',
611 1385 676 1436 ut
702 1380 1086 1454 triangulum,
1120 1381 1615 1454 quadrangulum,
1649 1384 1707 1436 et
1756 1398 1884 1453 quae
1936 1385 2074 1436 sunt

419 1470 799 1541 hujusmodi;
832 1477 890 1525 et
921 1469 1146 1526 musica
1171 1470 1383 1526 mulier
1405 1488 1470 1525 ac
1499 1470 1886 1543 grammatica
1911 1473 2072 1539 (nam

419 1558 480 1614 in
503 1558 597 1614 his
617 1575 751 1615 cum
774 1558 1160 1631 qualitatibus
1188 1559 1365 1615 etiam
1391 1560 1590 1631 qualia
1610 1559 1814 1614 eodem
1836 1559 2073 1615 nomine

418 1646 705 1719 veniunt),
730 1651 831 1702 aut
858 1646 1086 1703 diverso
1121 1648 1395 1715 nomine;
1432 1648 1932 1719 quemadmodum
1962 1647 2073 1702 vir-

422 1741 547 1792 tute
575 1736 853 1806 praeditus
882 1735 970 1791 vir
997 1736 1189 1792 bonus
1221 1736 1438 1791 dicitur
1462 1754 1475 1792 :
1509 1740 1611 1791 aut
1639 1737 1766 1791 sine
1795 1734 2070 1804 nomine;

423 1826 924 1897 quemadmodum
973 1825 1032 1879 in
1089 1827 1349 1881 secunda
1394 1825 1695 1897 qualitatis
1746 1825 1937 1896 specie
1980 1842 2073 1881 res

422 1913 740 1986 aliquando
762 1930 890 1970 sese
917 1914 1113 1980 habet,
1132 1931 1200 1969 ea
1221 1915 1460 1984 inquam
1485 1932 1613 1988 quas
1636 1918 1725 1970 est
1746 1916 2070 1970 secundum

2174 719 2411 769 τοσαῦτα
2439 714 2699 789 εἰρήσθω.

2247 822 2353 891 κη’.
2388 820 2527 875 ﬂetu
2560 818 2618 876 δέ
2650 818 2759 876 ἐστι
2798 821 2866 875 τὰ
2915 820 3020 877 ἀπὸ
3064 823 3173 876 τῶν
3225 822 3544 891 ποιοτήτων
3593 821 3833 898 παρωνύ-

2182 929 2301 982 μως
2333 908 2621 985 λεγόμενα,
2654 910 2691 979 ἢ
2725 909 2975 965 ὁπωσοῦν
2999 907 3187 972 ἄλλως
3219 908 3314 964 ἀπ’
3344 908 3545 967 αὐτῶν.

2249 1106 2347 1160 κθ’.
2398 1109 2686 1183 Τετραχῶς
2736 1105 2839 1181 γὰρ
2897 1100 3266 1180 λαμϐάνονται
3330 1106 3398 1161 τὰ
3452 1107 3609 1162 ποιά·
3654 1106 3690 1178 ἢ
3746 1106 3836 1163 πά-

2182 1194 2473 1271 ρωνύμως,
2504 1194 2594 1250 καὶ
2624 1197 2769 1250 τοῦθ’
2799 1196 2872 1259 ὡς
2906 1194 2994 1250 ἐπὶ
3021 1187 3084 1251 τὸ
3131 1193 3412 1252 πλεῖστον·
3465 1196 3543 1258 ὡς
3596 1195 3701 1251 ἀπὸ
3739 1200 3834 1266 τῆς

2182 1282 2511 1354 λευκότητος
2550 1286 2613 1338 τὸ
2662 1282 2854 1339 λευκὸν
2905 1288 3085 1358 σῶμα,
3125 1283 3215 1339 καὶ
3258 1282 3365 1339 ἀπὸ
3410 1290 3518 1354 τῆς
3568 1282 3834 1359 γλυκύτη-

2178 1393 2273 1434 τος
2321 1373 2384 1428 τὸ
2430 1370 2624 1448 γλυκύ·
2672 1373 2708 1442 ἢ
2762 1374 3099 1447 ὁμωνύμως,
3160 1373 3234 1435 ὡς
3301 1374 3364 1428 τὸ
3429 1372 3727 1450 τρίγωνον,
3777 1372 3834 1427 τὸ

2178 1460 2534 1538 τετράγωνον,
2576 1460 2667 1517 καὶ
2731 1461 2799 1516 τὰ
2852 1467 3097 1532 τοιαῦτα,
3156 1461 3247 1517 καὶ
3304 1464 3339 1532 ἡ
3407 1462 3650 1536 μουσική
3707 1461 3833 1537 γυνή

2179 1550 2267 1605 καὶ
2318 1553 2353 1620 ὴ
2405 1553 2786 1626 γραμματική·
2820 1550 2911 1607 καὶ
2959 1552 3063 1628 γὰρ
3112 1549 3199 1606 ἐπὶ
3248 1543 3469 1607 τούτων’
3508 1555 3628 1613 ταῖς
3689 1548 3832 1605 ποιό-

2180 1658 2305 1707 τησι
2363 1643 2834 1712 ταυτωνυμοῦνται
2889 1639 2979 1694 καὶ
3040 1638 3106 1694 τὰ
3161 1639 3314 1694 ποιάο
3361 1640 3397 1709 ἢ
3459 1639 3833 1717 ἒτερωνύμως,

2182 1727 2257 1788 ὡς
2318 1727 2346 1780 ὁ
2400 1733 2503 1796 τῆς
2556 1728 2751 1803 ἀρετῆς
2813 1725 3429 1803 μετέχωνᾉσπουδαῖος
3506 1726 3744 1803 λέγεταγ
3799 1726 3830 1794 ἢ

2181 1801 2655 1889 ἀκατονομάστως,
2689 1817 2765 1879 ὡς
2797 1816 2885 1871 ἐπὶ
2924 1801 3023 1872 τοῦ
3082 1801 3334 1893 δευτέρου
3388 1824 3491 1888 τῆς
3550 1801 3833 1888 ποιότητος

2183 1901 2361 1967 εἷ’δους
2407 1902 2522 1981 ἔχει
2571 1906 2726 1975 ποτε,
2774 1910 2872 1961 τοῦ
2918 1906 3055 1961 κατὰ
3106 1904 3335 1979 δύναμιν
3405 1906 3499 1961 καὶ
3549 1902 3831 1979 ἀδυναμίαν

421 2002 743 2077 potentiam
766 2007 824 2058 et
854 2003 1283 2075 impotentiam.
1311 2004 1372 2058 ln
1402 2003 1514 2058 hac
1532 2004 1690 2059 enim
1712 2005 1905 2076 specie
1927 2020 2070 2059 non-

2191 1993 2343 2072 ρημί·
2397 1993 2483 2051 ἐπὶ
2531 1994 2727 2049 τούτου
2774 1994 2875 2072 γὰρ
2920 2000 3019 2050 τοῦ
3076 1991 3263 2067 εἷ’δους
3298 1994 3470 2051 ἐνίοτε
3521 1995 3615 2069 μὲν
3679 1993 3831 2069 μόνον

419 2108 728 2164 nunquam
760 2091 932 2164 quale
963 2096 1195 2148 tantum
1226 2108 1442 2148 nomen
1471 2093 1750 2166 adeptum
1800 2096 1925 2160 est;
1976 2109 2071 2147 ve-

418 2181 528 2238 luti
558 2181 815 2237 dicimus
845 2180 1170 2254 pugilarem
1203 2180 1306 2253 qui
1349 2187 1480 2254 apte
1534 2182 1604 2236 ad
1658 2181 2071 2254 pugilatoriam

420 2271 655 2344 (artem)
687 2269 1009 2342 dispositus
1040 2275 1130 2326 est
1159 2274 1217 2325 et
1257 2271 1420 2343 pugil
1452 2271 1575 2326 ﬁeri
1609 2276 1833 2342 potest;
1868 2275 2071 2343 poten-

418 2361 503 2416 tia
530 2364 748 2423 autem,
784 2376 994 2430 nempe
1024 2359 1154 2431 ipsa
1197 2360 1461 2431 aptitudo
1493 2361 1648 2416 210
1677 2360 1804 2417 sine
1835 2359 2074 2415 nomine

421 2430 661 2504 mansit.
730 2448 956 2503 Etenim
1034 2447 1388 2521 pugilatoria
1457 2450 1678 2522 accepit
1747 2450 2070 2505 secundum

421 2542 619 2593 actum
675 2554 792 2592 non
849 2537 1171 2592 secundum
1235 2540 1578 2609 potentiam.
1633 2539 2071 2611 Nonnunquam

421 2631 618 2683 autem
651 2625 827 2681 etiam
861 2625 1032 2698 quale
1085 2630 1143 2682 et
1189 2626 1442 2699 qualitas
1487 2628 1623 2683 inde
1655 2628 2074 2684 nominationis

420 2716 682 2788 expertia
713 2719 1061 2771 manserunt
1093 2732 1107 2770 :
1154 2716 1653 2788 quemadmodum
1686 2717 1863 2771 etiam
1893 2715 1945 2772 is
1975 2717 2073 2787 qui

421 2810 645 2860 natura;
675 2804 852 2860 habet
880 2804 1204 2860 bonitatem
1238 2805 1311 2859 ad
1343 2803 1813 2875 grammaticam,
1845 2808 1903 2860 et
1945 2804 2076 2877 ipsa

421 2892 496 2949 ad
548 2891 997 2965 grammaticam
1042 2892 1333 2964 aptitudo.
1368 2894 1437 2948 Et
1488 2894 1886 2966 grammaticas
1915 2894 2073 2949 enim

418 2981 599 3038 etiam
632 2981 741 3037 arti
772 2996 987 3037 nomen
1019 2981 1091 3036 ab
1123 2985 1254 3036 actu
1286 2982 1655 3055 assignatum
1686 2986 1794 3038 est.

491 3098 580 3153 30.
626 3082 805 3152 Adest
860 3096 1017 3169 quali
1077 3100 1135 3151 et
1191 3097 1444 3153 maxime
1504 3098 1911 3154 convenienter
1968 3114 2073 3155 seu

2181 2084 2241 2137 τὸ
2270 2083 2427 2138 ποιὸν
2469 2083 2737 2161 ὀνόματος
2787 2081 2996 2160 ἔτυχεν·
3048 2084 3122 2147 ὡς
3170 2083 3403 2161 λέγομεν
3446 2084 3704 2140 πυκτικὸν
3747 2088 3830 2139 τὸν

2182 2170 2504 2242 ἐπιτηδείως
2556 2160 2713 2250 ’πρὸς
2774 2175 3042 2244 πυκτικήν
3110 2170 3476 2248 διακείμενον,
3546 2171 3635 2229 καὶ
3697 2171 3831 2249 γενέ-

2182 2263 2301 2316 σθαι
2364 2261 2574 2333 πύκτην
2644 2259 2957 2336 δυνάμενον’
3006 2265 3042 2332 ἡ
3121 2258 3180 2317 δὲ
3245 2258 3497 2337 δύναμις,
3564 2259 3730 2339 ἤγουν
3796 2262 3828 2330 ἡ

2182 2349 2582 2423 ἐπιτηδειότης,
2634 2352 2919 2424 ἀνώνυμος
2966 2348 3164 2425 ἔμεινε.
3214 2352 3285 2406 Τὸ
3341 2353 3448 2430 γὰρ
3502 2346 3677 2425 ὄνομα
3727 2355 3832 2404 κατ’

2184 2438 2445 2516 ἐνέργειαν
2509 2438 2665 2517 ἔσχεν
2723 2444 2759 2511 ἡ
2818 2443 3079 2511 πυκτική,
3118 2440 3209 2496 καὶ
3269 2440 3335 2496 οὗ
3401 2443 3540 2497 κατὰ
3595 2438 3826 2512 δύναμιν.

2180 2528 2386 2583 Ἐνίοτε
2434 2527 2492 2583 δὲ
2533 2529 2625 2583 καὶ
2680 2530 2744 2584 τὸ
2800 2530 2958 2585 ποιὸν
3011 2529 3168 2600 καὶὴ
3220 2529 3457 2599 ποιότης
3508 2526 3826 2601 ἀκατονόμα-

2183 2638 2281 2672 στα
2345 2621 2734 2691 μεμενήκασιν·
2788 2618 2970 2695 ὥσπερ
3019 2620 3047 2674 ὁ
3095 2620 3230 2696 πρὸς
3299 2620 3693 2697 γραμματικὴν
3750 2613 3826 2671 εὖ-

2185 2711 2332 2785 φυῶς
2390 2702 2556 2784 ἔχων,
2607 2708 2697 2763 καὶ
2754 2711 2789 2777 ἡ
2847 2709 2983 2783 πρὸς
3045 2707 3211 2779 αὐτὴν
3276 2710 3378 2778 τὴν
3456 2704 3827 2785 γραμματικὴν

2184 2792 2590 2868 ἐπιτηδειότης.
2651 2797 2749 2852 Καὶ
2804 2801 2875 2873 τῇ
2946 2801 3305 2874 γραμματικῇ
3374 2799 3477 2875 γὰρ
3541 2797 3702 2872 τέχνῃ
3768 2792 3824 2847 τὸ

2184 2879 2362 2959 ὄνομα
2390 2886 2526 2960 πρὸς
2555 2891 2656 2956 τῆς
2687 2886 2951 2963 ἐνεργείας
2978 2884 3476 2963 κεκληροδότηται.
3582 2878 3583 2881 η

2255 3088 2324 3147 λ’.
2356 3089 2619 3168 Πρόσεστι
2686 3097 2764 3164 τῷ
2824 3097 2968 3166 ποιῷ
3013 3092 3105 3148 καὶ
3161 3091 3400 3166 μάλιστα
3449 3092 3720 3168 συγγενῶς
3767 3084 3822 3139 τὸ

421 3185 656 3257 proprie
686 3184 1160 3241 contrarietatem
1193 3185 1511 3258 suscipere.
1544 3187 1690 3242 Nam
1734 3191 1791 3243 et
1841 3188 1899 3244 in
1940 3187 2072 3245 aliis

2191 3178 2485 3235 ἐναντίωσιν
2532 3177 2895 3258 ἐπιδέχεσθαι.
2943 3181 3048 3236 Κάν
3096 3186 3217 3243 ταῖς
3269 3178 3471 3244 ἄλλαις
3520 3180 3622 3256 γὰρ
3676 3195 3823 3244 κατη-

422 3272 891 3346 praedic-amentis
922 3273 1214 3328 contraria
1242 3275 1569 3330 secundum
1598 3273 1789 3346 quale,
1823 3277 1979 3346 quod
2010 3276 2072 3332 in

2191 3268 2395 3346 γορίαις
2463 3269 2718 3326 τάναντία
2779 3273 2917 3326 κατὰ
2965 3271 3028 3326 τὸ
3075 3270 3127 3326 ἐν
3175 3269 3373 3345 ἑκάστῃ
3420 3270 3577 3326 ποιὸν
3636 3264 3854 3342 ἐγγίνι·-Δ

423 3360 632 3431 quovis
661 3364 752 3416 est
778 3358 973 3416 inesse
1000 3360 1293 3416 videntur.
1328 3363 1741 3418 Verumtamen
1791 3380 1864 3419 ne
1913 3366 2072 3421 omni

2191 3361 2305 3413 σθαι
2375 3357 2545 3414 δοκεῖ’
2593 3357 2740 3430 πλὴν
2800 3357 2925 3415 οὐδὲ
2977 3364 3058 3433 τῷ
3113 3364 3257 3432 ποιῷ
3316 3359 3479 3415 παντὶ
3535 3351 3824 3414 τούναντίον

426 3447 666 3520 quidem
698 3447 859 3520 quali
903 3449 1265 3504 contrarium
1307 3454 1397 3505 est
1428 3466 1814 3522 consequens.
1848 3452 2072 3525 Figuris

2191 3445 2499 3513 ἀκολουθεῖ.
2554 3454 2677 3511 Τοῖς
2735 3451 2987 3525 σχήμασι
3065 3448 3169 3526 γὰρ
3235 3453 3355 3512 τοῖς
3442 3446 3826 3523 εὐθυγράμμοις

426 3535 584 3592 enim
615 3535 931 3593 rectilineis
979 3540 1035 3592 et
1082 3537 1471 3593 circularibus
1520 3537 1668 3594 nihil
1717 3544 1807 3595 est
1848 3545 2078 3597 contra-

2186 3536 2279 3592 καὶ
2305 3536 2590 3600 κυκλικοῖς
2637 3536 2872 3593 ἐναντίον
2907 3534 3085 3594 οὐδέν.
3117 3534 3272 3595 Ἀλλ’
3322 3534 3453 3594 οὐδὲ
3506 3540 3586 3608 τῷ
3640 3530 3829 3607 ἐρυθρῷ

427 3625 605 3680 rium.
622 3626 732 3680 Sed
756 3642 944 3697 neque
967 3626 1167 3696 rubro,
1184 3628 1370 3694 fusco,
1390 3628 1536 3683 ﬂavo
1553 3632 1611 3684 et
1630 3627 1763 3684 aliis
1785 3629 2072 3687 coloribus

2191 3627 2280 3681 xui
2311 3630 2454 3704 φαιῷ
2483 3626 2575 3682 καὶ
2607 3626 2779 3698 ξανθῷ
2817 3626 2909 3682 καὶ
2957 3632 3076 3689 τοῖς
3126 3622 3322 3688 ἄλλοις
3376 3631 3485 3682 τῶν
3535 3619 3826 3700 χρωμάτων

429 3714 640 3770 mediis
665 3716 1046 3770 contrarietas
1065 3715 1264 3787 aliqua
1287 3718 1413 3787 (seu
1436 3718 1795 3773 contrarium
1818 3718 2079 3793 aliquod)

2194 3715 2380 3787 μέσοις
2411 3712 2722 3786 ἐναντιότης
2765 3736 2849 3778 τις
2899 3716 3288 3772 ἀντιτάττεται.
3319 3715 3389 3770 Εἰ
3437 3716 3538 3791 γὰρ
3583 3712 3649 3766 τὰ
3695 3705 3831 3762 πλεῖ-

427 3802 718 3873 objicitur.
751 3803 811 3859 Si
860 3804 1018 3859 enim
1069 3804 1362 3861 contraria
1408 3811 1549 3862 sunt
1587 3823 1715 3878 quae
1758 3807 2072 3875 plurimum

2191 3824 2313 3858 στον
2345 3801 2613 3874 ἀλλήλων
2665 3801 2988 3875 διεστηκότα
3036 3803 3247 3860 ἐναντία
3304 3804 3431 3860 εἲσί·
3490 3807 3605 3864 τοῖς
3659 3794 3826 3873 μέσοις

428 3891 653 3948 distant
680 3909 715 3947 a
743 3908 807 3947 se
832 3891 1078 3948 invicem
1107 3895 1278 3965 ;jure
1303 3895 1514 3950 mediis
1535 3913 1659 3967 quas
1690 3895 2015 3967 plurimum
2048 3915 2072 3953 a

2191 3891 2415 3954 εἰκότως
2465 3893 2542 3966 μή
2591 3890 2848 3948 πλεῖστον
2901 3897 3009 3948 τῶν
3066 3894 3244 3971 ἄκρων
3315 3890 3653 3963 διεστηκόσιν
3703 3884 3830 3971 ἐναν-

429 3997 494 4037 se
533 3980 781 4036 invicem
815 3996 932 4035 non
965 3981 1207 4054 distant,
1242 3983 1599 4039 contrarium
1631 3984 1780 4040 nihil
1811 3985 2078 4042 obsistet.

428 4069 729 4133 Quomodo
767 4074 966 4126 autem
1010 4070 1187 4127 etiam
1237 4071 1409 4145 plura
1457 4072 1556 4128 uni
1609 4075 1902 4130 contraria
1956 4075 2079 4131 fue-

2187 3980 2302 4035 τίον
2333 3977 2487 4036 οὐδὲν
2545 3981 2945 4055 ἀντιστήσεται,
2978 3985 3095 4043 πῶς
3138 3966 3214 4036 *δὲ
3258 3981 3353 4037 καὶ
3416 3979 3587 4037 πλείω
3645 3966 3831 4031 ἐναντία

2190 4067 2399 4125 ἔσοιντο
2427 4074 2508 4143 τῷ
2539 4068 2613 4126 ἑνί
2641 4090 2654 4142 ;

429 4158 593 4214 rint?

500 4265 589 4321 31.
621 4267 694 4320 At
737 4281 872 4321 vero
924 4267 1115 4339 magis
1171 4271 1228 4322 et
1285 4267 1483 4324 minus
1537 4268 1696 4341 quali
1745 4271 1929 4326 adest.
1975 4270 2072 4327 Ubi

2263 4267 2365 4320 Au’.
2422 4266 2520 4320 Kui
2576 4264 2639 4320 τὸ
2701 4263 2914 4339 μᾶλλον
2970 4263 3029 4322 δὲ
3083 4266 3174 4320 καὶ
3243 4268 3406 4335 ἧττον
3465 4262 3710 4342 πρόσεστι
3762 4255 3830 4342 ﬂ?

430 4354 588 4410 enim
619 4354 1003 4411 contrarietas
1042 4359 1151 4425 est,
1183 4356 1265 4411 ibi
1312 4356 1488 4412 etiam
1542 4339 1731 4431 magis
1779 4363 1836 4413 et
1884 4358 2072 4414 minus

2191 4359 2358 4427 ποιῷ.
2389 4355 2554 4418 Ἔνθα
2581 4355 2682 4431 γὰρ
2710 4353 3042 4424 ἐναντίωσις,
3074 4354 3187 4411 ἐκεῖ
3232 4354 3323 4411 καὶ
3373 4357 3437 4411 τὸ
3497 4339 3701 4427 μᾶλλον
3753 4339 3831 4397 καὶ

430 4459 665 4515 semper
690 4442 807 4498 fere
836 4443 1154 4499 invenitur.
1189 4444 1337 4500 2“
1378 4445 1445 4500 Et
1474 4445 1769 4517 siquidem
1800 4448 1859 4502 in
1891 4448 2072 4503 omni-

2191 4447 2355 4514 ἧττον
2434 4444 2509 4506 ὡς
2584 4442 2780 4499 ἐπίπαν
2857 4443 3183 4518 εὑρίσκεται.
3245 4447 3343 4500 Καὶ
3422 4441 3569 4517 εἷ’περ
3620 4438 3670 4494 ἐν
3716 4435 3831 4488 πᾶσι

430 4532 544 4587 bus
575 4530 886 4587 contrariis
923 4536 1218 4603 spectetur
1265 4532 1704 4605 intermedium,
1755 4536 2072 4592 necessaric

2195 4538 2457 4609 θεωροῖτο
2532 4538 2650 4596 τοῖς
2717 4532 2976 4595 ἐναντίοις
3052 4535 3114 4591 τὸ
3186 4532 3450 4608 ἕμμεσον,
3505 4530 3555 4603 ἐξ

431 4619 609 4676 etiam
640 4620 833 4693 magis
881 4624 937 4676 et
958 4601 1184 4677 _minus
1234 4622 1615 4695 spectabitur.
1649 4601 1751 4680 Sin
1781 4629 1977 4679 autem
2010 4625 2072 4681 sil

2192 4601 2399 4677 xui-1:6
2457 4620 2671 4695 μᾶλλον
2738 4623 2828 4677 καὶ
2884 4623 2948 4677 τὸ
2999 4626 3161 4692 ἦττον
3221 4601 3651 4700 θεωρηθήσεται.
3694 4601 3830 4703 Eis:

432 4706 671 4776 alicubi,
725 4709 879 4781 quod
930 4709 1255 4766 rariuscule
1305 4711 1390 4778 fit,
1444 4712 1827 4768 contrarietas
1874 4713 2072 4770 imme-

2197 4709 2307 4765 ἐστί
2364 4731 2468 4765 που
2527 4711 2812 4773 σπανιάκις
2867 4709 3172 4774 ἐναντίωσις
3253 4713 3478 4785 ἅμεσος,
3535 4708 3610 4769 ὡς
3662 4703 3719 4800 ἦ.
3747 4711 3828 4748 του

433 4798 614 4865 diata,
646 4801 713 4853 ut
756 4814 825 4853 ea
879 4815 1008 4871 quas
1059 4798 1119 4854 in
1167 4798 1517 4872 simpliciter
1563 4800 1802 4873 pari,et
1847 4801 2072 4875 impari,

2195 4797 2385 4863 ἁπλῶς
2433 4798 2620 4875 ἀρτίου
2667 4800 2758 4855 καὶ
2813 4805 3092 4876 περιττοῦ,
3140 4802 3203 4856 τὸ
3266 4799 3481 4875 μᾶλλον
3533 4792 3622 4852 καὶ
3683 4789 3824 4857 ἧττον

430 4886 595 4943 illinc
625 4885 815 4961 magis
846 4891 904 4943 et
947 4887 1150 4944 minus
1180 4889 1367 4945 abest.

2195 4889 2393 4945 ἐκεῖθεν
2424 4885 2641 4944 ἄπεστιν
2652 4932 2665 4946 .

503 4995 592 5051 32.
626 4995 876 5051 Maxime
924 4997 1120 5050 autem
1170 4994 1473 5067 proprium
1526 5000 1617 5051 est
1666 4996 1847 5069 quali,
1892 4997 2072 5055 simile

2267 4995 2376 5071 λβ’.
2410 4993 2577 5052 Ἴδιον
2611 4993 2670 5052 δὲ
2702 4995 2939 5070 μάλιστα
2967 5000 3047 5069 τῷ
3087 5001 3230 5070 ποιῷ
3277 4997 3339 5053 τὸ
3386 4994 3579 5069 ὅμοιον
3619 4985 3681 5071 ἢ,
3716 4972 3823 5033 ἀνά·

432 5091 537 5141 aut
567 5084 872 5141 dissimile.
908 5076 1247 5140 Similitudo
1278 5088 1475 5141 autem
1520 5088 1610 5140 est
1653 5087 1917 5158 ejusdem
1948 5104 2072 5160 spe-

2198 5069 2378 5159 μοιον.
2412 5084 2706 5158 Ὁμοιότης
2758 5083 2816 5141 δέ
2867 5085 3009 5141 ἐστιν
3036 5088 3072 5157 ἡ
3104 5069 3209 5142 τοῦν
3240 5086 3406 5142 αὐτοῦ
3448 5078 3620 5139 εἷ’δους
3666 5069 3821 5160 ἔπεισί

431 5172 551 5230 cies
580 5190 684 5229 seu
717 5174 918 5230 formae
946 5173 1264 5230 adventitia
1290 5153 1869 5246 participatiojUnde
1894 5153 2072 5233 colore

2194 5153 2433 5247 οδιώδης
2478 5153 2726 5250 μέθεξις.
2769 5179 2925 5241 Ὅθεν
2985 5153 3214 5250 ὁμοίους
3253 5176 3397 5253 χρόᾳ
3443 5168 3568 5231 τοὺς
3621 5153 3823 5253 ἔχοντα(

433 5260 658 5318 similes
688 5263 941 5319 dicimus
973 5264 1073 5335 qui
1106 5264 1379 5319 eumdem
1413 5263 1664 5320 colorem
1699 5265 1952 5335 habent;
2005 5268 2072 5323 si-

2191 5265 2255 5319 τὸ
2281 5239 2438 5321 αὐτὸ·
2470 5239 2678 5343 χέρῶμίά
2727 5239 2926 5343 φαμενο
2988 5239 3219 5341 ὁμοίους
3256 5239 3338 5322 ’τε
3376 5239 3683 5340 ’χαρακτῆρι
3710 5239 3822 5301 τοὺς

432 5348 604 5405 miles
661 5350 995 5408 charactere
1051 5368 1155 5408 seu
1212 5348 1605 5422 lineamentis,
1658 5355 1761 5426 qui
1816 5356 2072 5412 eamdem

2194 5354 2291 5423 τὴν
2333 5354 2500 5426 αὐτὴν
2533 5355 2902 5429 κεκτημένους
2934 5353 3098 5412 ἷδέαν.

432 5438 627 5493 ideam
661 5454 763 5494 seu
792 5440 1046 5513 speciem
1077 5441 1366 5497 obtinent.

508 5553 596 5605 33.
630 5556 805 5609 Porro
839 5557 1338 5628 quemadmodum
1371 5556 1529 5629 quali
1564 5558 1755 5614 simile
1800 5563 1857 5614 et
1904 5560 2072 5616 dissi-

2266 5558 2369 5637 λγ.
2411 5564 2615 5637 Ὅσπερ
2657 5564 2738 5633 τῷ
2785 5565 2930 5634 ποιῷ
2972 5562 3036 5616 τὸ
3084 5560 3278 5637 ὅμοιον
3336 5559 3374 5628 ἢ
3423 5552 3693 5637 ἀνόμοῖνονν
3738 5529 3818 5637 οὔ(

435 5639 596 5701 mile,
629 5642 711 5692 sic
742 5648 796 5696 et
827 5649 1047 5715 quanto
1078 5646 1301 5717 aequale
1333 5664 1399 5701 ac
1431 5646 1717 5719 inazquale
1750 5648 2072 5718 (convenit).

2191 5671 2301 5704 τως
2350 5650 2441 5705 καὶ
2488 5654 2568 5723 τῷ
2618 5653 2772 5723 ποσῷ
2818 5650 2881 5705 τὸ
2925 5647 3039 5705 ἷ¹σον
3081 5650 3118 5720 ἢ
3171 5651 3374 5705 ἄνισον.
3407 5641 3503 5700 Καὶ
3555 5638 3708 5723 σῶμα
3734 5637 3812 5723 και

433 5726 583 5782 Nam
617 5731 671 5778 cl
700 5744 909 5803 corpus
941 5735 1163 5805 aequale
1194 5741 1284 5789 est
1313 5735 1559 5807 corpori,
1594 5741 1694 5791 aut
1749 5736 2032 5808 inaequale
2067 5755 2072 5790 :

2195 5737 2307 5793 ξ’σον
2355 5706 2569 5813 σώματί
2613 5706 2844 5810 ἐστινξῆ
2877 5740 2986 5813 μὴν
3029 5706 3229 5795 ἄνίσονσ
3282 5737 3370 5793 καὶ
3420 5718 3641 5805 ἀριθμὸς
3684 5706 3814 5813 ἀρφ.

430 5816 498 5868 ει
528 5828 806 5875 numerus
835 5839 1079 5878 numero
1109 5825 1348 5895 aequalis
1379 5831 1481 5882 aut
1510 5824 1815 5896 inaequalis
1846 5845 1859 5895 ;
1913 5832 1968 5882 et
1997 5827 2072 5883 lo-

2197 5832 2284 5901 μῷ
2314 5795 2505 5899 ί¹σοςιῆ
2540 5825 2743 5900 ἄνισος,
2764 5795 2857 5883 καὶ
2878 5795 3072 5891 ιτόπος
3120 5828 3293 5902 τόπῳ,
3325 5821 3413 5881 καὶ
3455 5814 3646 5896 χρόνος
3687 5795 3808 5878 χρδ“
