4126 6464
384 498 502 560 855

1639 499 2062 564 NICEPHORI
2113 498 2550 562 BLEMMIDIE

3681 499 3804 560 856

384 649 519 688 rum
571 649 718 699 esse,
755 636 856 688 aut
903 649 1135 706 quoque
1166 633 1279 690 alio
1322 635 1494 691 modo
1525 635 1593 690 ad
1645 635 1892 692 alterum
1940 635 2027 689 di-

2162 634 2279 687 ιῖναι
2312 631 2523 708 λέγεται
2551 633 2587 702 ἢ
2638 633 2884 686 ὁπωσοῦν
2935 628 3125 694 ἄλλως
3154 630 3292 706 πρὸς
3335 625 3542 705 ῑτερον.
3575 630 3662 686 Ἐν
3694 632 3802 707 γὰρ

389 722 776 778 cuntur.Nam
809 740 936 795 quae
968 724 1038 778 ad
1071 724 1290 796 aliquid
1325 729 1462 780 sunt
1493 724 1552 779 in
1583 741 1648 781 eo
1681 725 1835 795 quod
1867 723 2037 779 habi-

387 811 622 868 tudines
653 817 792 868 sunt
824 812 1225 868 exsistentiam
1258 813 1494 870 habent.

457 903 512 955 2.
547 904 910 974 Quapropter
962 902 1137 957 etiam
1197 904 1524 958 secundum
1584 903 1759 958 aliam
1817 903 2040 958 descri-

387 989 647 1063 ptionem
681 991 752 1046 ad
781 990 1002 1062 aliquid
1034 993 1416 1062 sunt,quibus
1438 1009 1566 1048 esse
1589 992 1744 1047 idem
1767 998 1855 1048 est
1885 993 2040 1064 quod

389 1079 460 1135 ad
494 1077 719 1151 aliquid
751 1080 1183 1151 quodammodo
1215 1098 1276 1136 se
1307 1081 1540 1137 habere.

460 1169 610 1227 215
649 1170 700 1223 3.
735 1169 879 1224 Cum
929 1169 1165 1241 quidem
1207 1170 1386 1242 igitur
1434 1170 1655 1242 aliquid
1688 1172 1877 1242 quoad
1929 1171 2042 1226 sei-

391 1274 566 1330 psum
599 1258 1026 1325 consideratur,
1058 1277 1174 1314 non
1219 1264 1306 1314 est
1335 1261 1404 1314 ad
1439 1259 1660 1332 aliquid
1697 1278 1710 1315 :
1744 1276 1878 1314 cum
1907 1276 2042 1314 vero

389 1345 736 1402 habitudine
791 1348 861 1402 ad
893 1347 1115 1418 aliquid
1151 1349 1323 1403 fuerit
1369 1349 1700 1420 praeditum,
1729 1354 1854 1404 tum
1905 1365 2045 1403 sane

389 1439 479 1490 est
510 1435 583 1489 ad
633 1434 876 1506 aliquid.
914 1436 1105 1491 Veluti
1139 1437 1425 1508 Socrates,
1459 1443 1754 1510 quatenus
1803 1437 2041 1510 quidem

391 1522 568 1579 homo
601 1528 703 1578 aut
733 1523 1117 1596 philosophus
1148 1530 1249 1580 aut
1277 1525 1390 1581 tale
1421 1527 1562 1598 quid
1615 1532 1705 1582 est
1731 1543 1835 1598 per
1864 1544 1925 1582 se
1955 1527 2043 1581 di'

393 1611 543 1667 citur
573 1617 630 1667 et
677 1612 836 1667 nullo
871 1614 1041 1669 modo
1096 1615 1167 1670 ad
1217 1615 1376 1670 aliud
1427 1616 1676 1671 refertur
1709 1634 1720 1670 :
1757 1625 2043 1687 quatenus

393 1704 588 1754 autem
621 1704 788 1772 pater
818 1706 918 1756 aut
948 1702 1169 1767 doctor,
1201 1708 1445 1759 eatenus
1476 1705 1546 1758 ad
1579 1704 1737 1759 aliud
1771 1705 2040 1773 refertur,

391 1792 449 1844 et
477 1804 605 1859 quae
660 1789 784 1860 ipse
815 1794 903 1844 est
933 1789 1182 1846 aliorum
1214 1808 1343 1847 esse
1398 1792 1630 1847 dicitur.
1663 1797 1834 1848 Pater
1884 1793 2040 1848 enim

392 1893 526 1931 cum
559 1877 654 1948 sit,
688 1877 793 1932 ﬁlii
841 1882 1005 1949 pater
1035 1879 1284 1947 dicitur;
1319 1885 1376 1934 et
1404 1881 1606 1936 doctor
1656 1898 1790 1936 cum
1823 1882 1916 1947 sit,
1953 1883 2042 1936 di-

389 1965 599 2036 scipuli
631 1967 832 2022 doctor
860 1966 1093 2022 dicitur.

2146 726 2224 794 τῷ
2254 721 2466 798 σχέσεις
2497 721 2628 777 εἶναι
2658 723 2726 776 τὰ
2753 720 2890 797 πρός
2921 742 2972 774 τι
3001 721 3101 790 τὴν
3134 719 3357 796 ὕπαρξιν
3389 715 3601 797 ἔχουσι.

2226 901 2292 975 β’.
2333 900 2426 954 Διὸ
2473 900 2562 954 καὶ
2609 900 2726 954 καθ’
2772 899 2952 972 έτέραν
3003 898 3325 976 ὑπογραφὴν
3372 897 3510 972 πρός
3547 896 3601 953 τί
3645 896 3801 970 εἰσιν,

2151 992 2232 1052 οἷς
2259 991 2322 1044 τὸ
2353 988 2486 1044 εἶναι
2516 988 2708 1044 ταυτόν
2743 987 2852 1043 ἐστι
2881 992 2961 1060 τῷ
2989 986 3126 1062 πρός
3152 987 3206 1042 τί
3235 1008 3352 1050 πως
3381 984 3548 1063 ἔχειν.

2221 1189 2289 1243 γ.
2324 1171 2483 1223 Ὅταν
2525 1171 2616 1242 μὲν
2671 1166 2761 1222 οὗν
2809 1167 3080 1243 θεωρῆταί
3125 1189 3176 1222 τι
3224 1167 3342 1232 καθ’
3388 1167 3540 1237 αὑτὸ,
3583 1166 3718 1244 πρός
3750 1190 3807 1223 τι

2153 1257 2250 1312 οὐκ
2283 1253 2445 1312 ἔστιν·
2499 1257 2658 1326 ἡνίκα
2711 1255 2768 1312 δὲ
2829 1256 3010 1334 σχέσιν
3069 1257 3204 1330 πρὸς
3261 1252 3443 1332 ἓτερον
3492 1259 3627 1331 σχῇ,
3678 1255 3809 1311 τότε

2154 1344 2220 1416 δὴ
2266 1345 2402 1422 πρός
2449 1345 2501 1400 τί
2549 1345 2711 1400 ἐστιν·
2763 1347 2876 1400 οἷον
2927 1346 2956 1400 ὁ
3006 1343 3324 1420 Σωκράτης,
3377 1345 3511 1399 καθὸ
3564 1344 3658 1416 μὶν
3711 1344 3808 1398 ἄν·

2154 1448 2392 1511 θρωπος,
2425 1435 2458 1503 ἢ
2512 1435 2830 1513 φιλόσοφος,
2874 1436 2909 1504 ἧ
2953 1456 3005 1489 τι
3053 1439 3321 1506 τοιοῦτον,
3369 1439 3487 1497 καθ’
3529 1431 3660 1487 αὐτὸ
3709 1433 3807 1488 λέ-

2151 1545 2299 1599 γεται
2332 1543 2344 1556 ·
2418 1523 2508 1578 καὶ
2581 1521 2693 1578 οὐδ’
2748 1523 2894 1584 ὅλως
2968 1524 3102 1598 πρὸς
3174 1519 3358 1600 ἕτερον
3434 1521 3755 1599 ἀναφέρεται
3796 1539 3812 1554 ·

2151 1613 2282 1667 καθὸ
2331 1610 2390 1667 δὲ
2430 1614 2610 1688 πατὴρ
2643 1613 2680 1681 ἢ
2736 1609 3085 1678 διδάσκαλος,
3133 1612 3270 1666 κατὰ
3313 1615 3476 1666 τοῦτο
3527 1612 3664 1688 πρὸς
3695 1607 3810 1665 ἓτε-

2154 1722 2244 1777 ρον
2285 1701 2621 1780 ἀναφέρεται,
2669 1702 2758 1756 καὶ
2809 1701 2942 1777 ἅπερ
2987 1700 3126 1755 ἐστὶν
3175 1699 3356 1770 αὐτὸς,
3416 1698 3612 1776 ἑτέρων
3667 1698 3807 1755 εἶναι

2153 1788 2389 1865 λέγεται.
2452 1792 2638 1866 Πατὴρ
2688 1791 2791 1866 γὰρ
2852 1787 2924 1844 ὢν
2985 1790 3104 1844 υἱοῦ
3161 1788 3375 1864 λέγεται
3432 1791 3614 1864 πατήρ
3645 1807 3659 1822 ·
3710 1787 3808 1842 καὶ

2152 1876 2476 1941 διδάσκαλος
2510 1877 2583 1934 ὣν
2617 1883 2862 1952 μαθητοῦ
2893 1875 3216 1940 διδάσκαλος
3250 1876 3481 1954 λέγεται.

460 2019 694 2117 ἑοιιῇ
716 2019 1259 2127 autemvmu—ltiplex
1289 2063 1379 2113 est
1409 2075 1610 2114 eorum
1643 2076 1769 2131 quae
1801 2063 1941 2114 sunt
1969 2060 2040 2114 ad

2223 2055 2285 2114 δ’.
2322 2058 2469 2114 Ἐπεὶ
2519 2056 2577 2114 δέ
2623 2055 2974 2134 πολυσχιδῆς
3019 2059 3055 2127 ἢ
3103 2057 3241 2135 πρὸς
3287 2053 3468 2131 ἕτερον
3519 2060 3626 2111 τῶν
3662 2056 3810 2132 πρός

390 2142 634 2215 aliquid,
687 2143 890 2199 relatio
940 2145 1011 2200 ad
1044 2144 1225 2212 aliud,
1274 2151 1330 2202 et
1377 2164 1492 2202 non
1541 2147 1739 2202 omnia
1793 2146 2042 2203 aliorum

387 2247 517 2287 esse
569 2233 885 2302 dicuntur;
919 2239 1224 2306 propterea
1253 2236 1428 2290 etiam
1461 2237 1755 2307 adjectum
1799 2241 1908 2305 est,
1942 2240 2044 2290 aut

390 2337 626 2393 quoquo
679 2321 792 2377 alio
824 2324 997 2377 modo
1030 2325 1100 2378 ad
1135 2323 1292 2378 aliud
1336 2326 1732 2397 (referuntur).
1766 2325 2039 2389 Quaedam

389 2411 546 2466 enim
596 2427 796 2466 eorum
849 2428 975 2482 qua:
1009 2418 1147 2468 sunt
1193 2413 1263 2466 ad
1314 2413 1560 2485 aliquid,
1593 2415 1664 2469 ad
1716 2414 2038 2485 genitivum

389 2516 593 2556 casum
643 2501 991 2568 referuntur,
1027 2508 1091 2556 ut
1119 2501 1277 2558 filius
1307 2509 1362 2558 et
1405 2508 1589 2574 pater,
1624 2502 1948 2574 discipulus
1987 2508 2044 2558 et

389 2589 612 2645 doctor.
645 2589 916 2653 Quaedam
968 2591 1038 2644 ad
1072 2591 1332 2646 dativum
1382 2609 1586 2647 casum
1621 2597 1685 2648 ut
1713 2591 1934 2664 aequale
1986 2599 2043 2646 et

391 2677 850 2748 simile.1Equale
877 2678 1030 2734 enim
1063 2679 1610 2752 aequali'aaquale,et
1638 2680 1830 2736 simile
1861 2680 2040 2735 simili

385 2766 578 2823 simile
627 2772 735 2822 est.
770 2769 1046 2833 Quadam
1096 2768 1275 2824 simul
1306 2771 1377 2824 ad
1425 2770 1747 2842 genitivum
1795 2774 1851 2825 et
1881 2769 2040 2825 abla-

385 2856 571 2912 tivum
602 2857 686 2926 (in
718 2856 915 2912 Graaca
945 2858 1183 2929 quidem
1215 2857 1417 2931 lingua
1446 2859 1752 2930 dativum):
1779 2863 1845 2914 ut
1874 2876 2041 2914 exsu-

384 2961 598 3016 perans
629 2945 957 3017 exsuperati
988 2952 1077 3002 est
1106 2964 1462 3018 exsuperans
1488 2967 1500 3016 ;
1531 2953 1588 3003 et
1627 2952 2040 3019 exsuperatum

384 3040 772 3104 exsuperante
821 3040 1246 3106 exsuperatur;
1293 3041 1351 3091 et
1395 3036 1632 3104 iterum,
1681 3053 2040 3107 exsuperans

383 3122 537 3177 216
569 3123 978 3194 exsuperantia
1024 3129 1332 3195 exsuperat
1367 3143 1378 3180 :
1409 3125 1586 3180 veluti
1631 3127 1908 3181 denarius
1938 3142 2038 3180 ex-

382 3215 620 3282 superat
677 3212 976 3266 senarium
1038 3212 1426 3282 quaternario.
1486 3214 1760 3278 Quaedam
1842 3218 2038 3269 autem

383 3300 559 3355 etiam
592 3317 726 3354 cum
762 3299 1168 3372 praepositione
1227 3303 1523 3368 dicuntur,
1555 3307 1622 3357 ut
1650 3319 1932 3374 magnum
1966 3303 2036 3357 ad

381 3404 626 3461 parvum
675 3393 732 3443 et
763 3405 1040 3460 magnum
1071 3407 1084 3455 ;
1119 3393 1176 3444 et
1206 3407 1449 3462 parvum
1483 3392 1552 3445 ad
1598 3408 1879 3463 magnum
1908 3409 2040 3462 par-
2076 3377 2118 3442 C

381 3493 542 3530 vum.
578 3477 855 3542 Quaedam
911 3476 1086 3532 etiam
1119 3495 1254 3533 cum
1307 3479 1503 3550 aliqua
1533 3481 1685 3535 circa
1733 3480 2046 3535 dictionem

384 3565 752 3632 mutatione;
793 3570 857 3620 ut
904 3582 1112 3622 secans
1163 3566 1220 3622 id
1275 3569 1427 3640 quod
1479 3574 1708 3625 secatur
1753 3572 1950 3636 secat;
1997 3557 2055 3625 εἴ

386 3654 542 3726 quod
593 3659 824 3709 secatur
875 3672 908 3709 a
955 3660 1188 3711 secante
1236 3661 1482 3712 secatur.
1532 3658 1819 3722 Quoniam
1872 3658 2055 3731 igitur

2149 2169 2201 2202 τι
2235 2149 2493 2225 ἀναφορὰ,
2525 2148 2614 2202 καὶ
2665 2147 2726 2202 οὗ
2778 2146 2988 2224 λέγεται
3036 2145 3207 2201 πάντα
3254 2145 3472 2223 έτέρων·
3524 2142 3614 2200 διὰ
3641 2149 3811 2201 τοῦτο

2151 2235 2466 2312 πρόσκειται
2520 2236 2584 2291 τὸ
2641 2236 2675 2304 ἢ
2738 2237 2984 2290 ὁπωσοῦν
3047 2232 3232 2296 ἄλλως
3290 2235 3428 2311 πρὸς
3476 2231 3680 2310 ἕτερον.
3733 2236 3818 2290 Τὰ

2156 2326 2248 2398 μὲν
2299 2326 2402 2400 γὰρ
2456 2330 2562 2380 τῶν
2607 2325 2743 2400 πρός
2792 2347 2844 2378 τι
2893 2325 3029 2401 πρὸς
3075 2325 3294 2400 γενικὴν
3330 2323 3547 2401 φέρεται
3577 2328 3813 2379 πτῶσιν·

2152 2414 2227 2475 ὡς
2261 2415 2374 2475 υἱὸς
2407 2413 2497 2468 καὶ
2545 2415 2748 2490 πατὴρ,
2807 2414 3058 2486 μαθητὴς
3107 2413 3197 2467 καὶ
3246 2409 3571 2474 διδάσκαλος
3607 2431 3620 2444 ·
3651 2412 3724 2467 τὰ
3755 2410 3815 2468 δὲ

2150 2504 2287 2579 πρὸς
2349 2499 2595 2571 δοτικὴν,
2653 2502 2727 2564 ὡς
2785 2503 2848 2557 τὸ
2906 2499 3022 2557 ἴσον
3078 2502 3168 2556 καὶ
3201 2500 3419 2574 ὅμοιον·
3451 2500 3516 2556 τὸ
3557 2502 3659 2576 γὰρ
3690 2499 3809 2557 ἴσον

2151 2589 2254 2665 ἴσῳ
2304 2589 2442 2662 ἴσον,
2493 2591 2582 2646 καὶ
2612 2591 2674 2646 τὸ
2707 2591 2900 2664 ὅμοιον
2953 2591 3135 2665 ὁμοίῳ
3192 2590 3406 2664 ὅμοιον·
3437 2590 3506 2644 τὰ
3564 2587 3623 2644 δὲ
3672 2590 3813 2664 πρὸς

2151 2683 2372 2756 γενικὴν
2410 2681 2549 2753 ὁμοῦ
2578 2680 2668 2736 καὶ
2710 2678 2954 2751 δοτικήνο
2983 2681 3059 2743 ὡς
3105 2681 3168 2734 τὸ
3199 2678 3464 2756 ὑπερέχον
3495 2682 3594 2733 τοῦ
3644 2677 3809 2754 ὑπερ-

2153 2771 2420 2846 εχομένου
2482 2768 2785 2845 ὑπερέχει,
2844 2769 2934 2824 καὶ
3004 2770 3064 2823 τὸ
3139 2767 3547 2844 ὑπερεχόμενον
3621 2765 3814 2840 ὑπερέ-

2151 2880 2308 2935 χοντι
2361 2860 2704 2935 ὑπερέχεται,
2759 2859 2849 2913 καὶ
2904 2857 3068 2914 πάλιν
3122 2857 3184 2912 τὸ
3245 2855 3509 2933 ὑπερέχον
3557 2855 3810 2931 ὑπεροχῇ

2154 2949 2425 3025 ὑπερέχει·
2476 2951 2591 3003 οἷον
2641 2949 2668 3001 ὁ
2715 2946 2844 3002 δέκα
2888 2952 2985 3002 τοῦ
3029 2946 3082 3019 ἓξ
3133 2945 3385 3022 ὑπερέχει
3433 2949 3510 3017 τῷ
3555 2944 3809 3020 τέσσαρα·

2148 3039 2270 3093 τινα
2323 3035 2381 3092 δὲ
2435 3037 2526 3091 καὶ
2589 3038 2720 3110 μετὰ
2778 3035 3086 3112 προθέσεως
3145 3035 3380 3110 λέγεται·
3441 3034 3516 3096 ὡς
3562 3031 3625 3088 τὰ
3672 3035 3817 3108 μέγα

2149 3128 2286 3202 πρὸς
2323 3127 2514 3201 μικρὸν
2555 3127 2709 3201 μέγα,
2742 3123 2832 3180 καί
2877 3126 2940 3180 τὸ
2994 3124 3187 3200 μικρὸν
3233 3125 3368 3199 πρὸς
3419 3123 3560 3198 μέγα
3593 3121 3813 3196 μικρόν.

2149 3215 2279 3270 "me
2326 3213 2384 3270 δὲ
2431 3214 2522 3269 καὶ
2579 3215 2713 3287 μετά
2759 3235 2910 3276 τινος
2959 3213 3084 3285 περὶ
3129 3214 3226 3281 τήν
3271 3211 3413 3282 λέξιν
3461 3208 3813 3286 ὑπαλλαγῆς·

2155 3305 2236 3368 ὡς
2283 3305 2344 3358 τὸ
2392 3305 2590 3376 τέμνον
2636 3303 2973 3376 τεμνόμενον
3004 3303 3208 3376 τέμνει,
3257 3301 3347 3356 καὶ
3383 3301 3446 3355 τὸ
3482 3299 3815 3374 τεμνόμεδον

2162 3394 2265 3448 ὑπὸ
2312 3393 2604 3466 τέμνοντος
2660 3393 2934 3465 τέμνεται.
2968 3391 3116 3447 Ἐπεὶ
3149 3391 3238 3444 οὗν
3273 3389 3416 3445 οὕτω
3464 3389 3531 3444 τὰ
3575 3387 3718 3465 πρός
3769 3409 3820 3442 τι

2160 3477 2467 3542 πολυειδῶς
2518 3480 2955 3556 σχηματίζεται,
3014 3476 3103 3534 διὰ
3159 3483 3318 3534 τοῦτο
3375 3479 3691 3554 πρόσκειται
3748 3480 3818 3550 τῇ

2159 3569 2368 3624 τούτων
2426 3569 2712 3645 ὑπογραφῇ
2771 3569 2834 3624 τὸ
2894 3569 2929 3637 ἢ
2991 3569 3240 3623 ὁπωσοῦν
3301 3565 3490 3630 ἄλλως
3544 3566 3683 3643 πρὸς
3708 3563 3821 3621 ἓτε-

2166 3678 2282 3732 ρον.

387 3759 515 3814 quae
546 3749 684 3797 sunt
714 3743 786 3798 ad
837 3743 1061 3815 aliquid
1092 3744 1177 3800 ita
1226 3745 1610 3802 multifariam
1645 3747 1977 3819 ﬁgurantur
2026 3753 2084 3803 et
2133 3747 2562 3820 exprimuntur,
2615 3751 2924 3819 propterea
2972 3747 3236 3818 ipsorum
3283 3744 3663 3818 descriptioni
3719 3745 3822 3800 ad-

377 3831 602 3902 jectum
637 3836 726 3887 est
755 3831 886 3899 hoc,
920 3837 1020 3887 aut
1050 3832 1165 3889 alio
1197 3851 1551 3907 quocunque
1586 3837 1759 3891 modo
1790 3837 1861 3891 ad
1895 3835 2053 3892 aliud
2085 3835 2486 3907 (referuntur).

454 3939 508 3994 5.
543 3940 826 3995 Convenit
870 3940 1224 4011 quibusdam
1267 3959 1394 4013 quae
1443 3948 1583 3998 sunt
1611 3944 1682 3998 ad
1732 3942 1950 4016 aliquid
1984 3950 2041 3999 et

384 4029 851 4098 contrarietas,et
881 4031 1068 4101 magis
1101 4032 1418 4103 minusque
1445 4050 1457 4100 ;
1487 4038 1890 4088 verumtamen
1923 4049 2039 4088 non

384 4134 453 4172 ea
483 4118 705 4172 ratione
738 4135 863 4189 quae
899 4126 1038 4173 sunt
1069 4121 1139 4173 ad
1173 4119 1417 4190 aliquid,
1451 4121 1551 4175 sed
1597 4122 1739 4191 quia
1769 4122 1898 4176 sine
1929 4121 2041 4175 alio

385 4207 836 4278 praedicamento
889 4222 958 4260 ne
987 4206 1223 4278 quidem
1275 4208 1516 4281 cogitari
1551 4215 1800 4280 possunt
1848 4226 1951 4282 per
1982 4225 2044 4264 se

385 4310 514 4366 quae
545 4299 686 4349 sunt
717 4295 787 4349 ad
816 4295 1058 4367 aliquid.
1091 4302 1330 4367 Semper
1377 4297 1535 4352 enim
1571 4315 1704 4352 cum
1739 4298 1869 4354 aliis
1901 4316 2042 4371 prae-

389 4382 741 4438 dicamentis
789 4383 1172 4439 coexsistunt.
1204 4390 1515 4456 Propterea
1545 4404 1679 4441 cum
1713 4388 1950 4457 quidem
1987 4389 2045 4442 in

390 4472 846 4543 praedicamento
897 4482 1134 4544 accepta
1163 4474 1383 4530 fuerint
1421 4477 1893 4532 contrarietatem
1944 4477 2046 4532 ha-

395 4561 589 4625 bente,
622 4562 1091 4617 contrarietatem
1125 4568 1181 4617 et
1211 4564 1342 4635 ipsa
1372 4563 1674 4620 habebunt
1695 4586 1714 4632 ;
1733 4565 1823 4621 sin
1852 4571 2048 4622 autem

396 4650 456 4705 in
488 4651 936 4722 praedicamento
968 4653 1443 4708 contrarietatem
1478 4671 1591 4708 non
1643 4655 1914 4724 habente,
1947 4671 2050 4710 nec

398 4739 529 4812 ipsa
577 4739 835 4810 aliquam
907 4742 1377 4796 contrarietatem
1444 4742 1766 4799 habebunt.
1821 4744 1882 4799 In
1945 4760 2058 4815 quo

400 4832 594 4884 autem
632 4828 1079 4901 praedicamento
1121 4831 1268 4886 217
1307 4833 1691 4889 contrarietas
1723 4838 1830 4900 est,
1861 4833 1923 4887 in
1953 4832 2052 4888 illo

399 4917 576 4972 etiam
629 4917 818 4988 magis
849 4921 906 4972 et
935 4917 1137 4972 minus
1185 4922 1294 4983 est,
1329 4918 1621 4990 siquidem
1671 4918 2053 4975 contrarietas

397 5006 814 5061 intermedium
847 5005 1025 5062 habet
1057 5012 1121 5061 ut
1151 5011 1320 5061 antea
1351 5008 1573 5063 dictum
1606 5015 1715 5062 est.

467 5116 523 5169 6.
557 5114 822 5169 Scientim
870 5113 1070 5186 igitur,
1105 5114 1443 5184 particulari
1476 5114 1561 5169 illi
1613 5114 1890 5170 nimirum
1925 5131 2053 5186 quae

396 5207 485 5258 est
515 5202 573 5255 in
606 5202 713 5257 hoc
764 5201 960 5273 aliquo
992 5203 1122 5274 (hoc
1155 5209 1247 5258 est
1272 5204 1580 5276 singulari)
1631 5205 1887 5272 nomine,
1922 5221 2055 5259 con-

394 5291 644 5345 trarium
695 5290 806 5345 erit
855 5291 1246 5363 ignorantiae;
1301 5297 1358 5347 et
1403 5292 1524 5347 haec
1576 5293 1762 5364 magis
1811 5292 2056 5348 scientia

399 5380 668 5434 minusve
699 5381 940 5450 scientia
971 5380 1085 5435 dici
1117 5386 1314 5451 quoat.
1336 5382 1843 5446 Quemadmodum
1879 5382 2053 5437 etiam

397 5468 538 5521 huic
572 5485 696 5536 quae
729 5470 800 5522 ab
859 5469 1155 5540 aliquibus
1190 5470 1323 5541 (hoc
1354 5474 1464 5540 est,
1498 5471 1922 5542 singularibus)
1958 5473 2056 5525 ho-

402 5555 666 5609 minibus
714 5563 1012 5612 exercetur
1043 5558 1240 5612 virtuti
1282 5559 1484 5614 vitium
1519 5565 1608 5615 est
1657 5561 2052 5627 contrarium;

405 5647 464 5697 et
496 5641 615 5694 hmo
665 5647 848 5716 magis
880 5646 1065 5699 virtus
1116 5646 1432 5717 minusque
1463 5648 1647 5703 virtus
1689 5650 1802 5704 diei
1857 5653 2053 5719 queat.

409 5728 728 5784 Universuli
781 5740 973 5788 autem
1010 5735 1264 5789 scientiae
1295 5743 1348 5790 et
1396 5737 1530 5791 huic
1577 5737 1812 5808 quidem
1866 5737 2056 5808 quoad

410 5815 796 5876 universalem
826 5822 1110 5878 rationem
1160 5824 1490 5894 ignorantia
1521 5832 1610 5881 est
1659 5827 2014 5882 contrarium
2044 5852 2056 5894 ;

2223 3942 2306 3998 ε’.
2370 3940 2632 4016 Πρόσεστί
2701 3961 2812 3994 τισι
2886 3944 2991 3994 τῶν
3051 3939 3189 4017 πρός
3245 3961 3297 3995 τι
3349 3940 3442 3994 καὶ
3504 3936 3822 4008 ἐναντιότης

2149 4030 2240 4084 καὶ
2269 4030 2331 4085 τὸ
2369 4028 2582 4104 μᾶλλον
2609 4029 2792 4084 καὶτὸ
2845 4031 3032 4098 ἦττον·
3087 4026 3237 4097 πλὴν
3293 4028 3356 4084 οὑ
3411 4028 3548 4083 κατά
3586 4027 3674 4082 τὸν
3725 4025 3822 4083 λό-

2152 4140 2248 4195 γον
2305 4125 2411 4174 τῶν
2457 4119 2594 4193 πρός
2641 4138 2714 4172 τι·
2767 4116 2894 4173 ἀλλ’
2945 4117 3063 4173 ἐπεὶ
3118 4116 3297 4194 χωρὶς
3347 4117 3530 4193 ἑτέρας
3575 4136 3820 4192 κατηγο-

2156 4208 2274 4282 ρίας
2307 4206 2424 4263 οὐδ’
2458 4207 2816 4278 ἐπινοηθῆναι
2865 4205 3085 4262 δύναται
3139 4207 3205 4261 τὰ
3250 4205 3387 4279 πρός
3414 4225 3466 4260 τι
3512 4204 3630 4259 καθ’
3662 4201 3826 4259 ἑαυτὰ

2156 4300 2296 4370 (ταῖς
2356 4295 2551 4358 ἄλλαις
2611 4297 2714 4373 γὰρ
2783 4296 3143 4371 κατηγορίαις
3203 4295 3285 4349 ἀεὶ
3368 4292 3821 4371 συνυφίσταται).

2159 4386 2256 4442 Διᾶι
2283 4388 2430 4440 τοῦθ’
2463 4385 2586 4442 ὅταν
2642 4386 2734 4458 μὲν
2788 4384 2874 4440 ἐπὶ
2925 4383 3263 4460 κατηγορίας
3315 4382 3549 4461 ληφθείη
3583 4380 3825 4458 ἐχούσης

2159 4475 2490 4547 ἐναντίωσιν,
2542 4471 2647 4545 ἕξει
2704 4475 2794 4529 καὶ
2857 4473 2992 4529 αὑτά
3049 4471 3396 4528 ἐναντίωσιν·
3449 4471 3574 4526 ὅταν
3636 4467 3683 4525 δ’
3738 4467 3825 4526 ἐπὶ

2160 4563 2492 4637 κατηγορίας
2535 4563 2634 4618 οὐκ
2683 4563 2922 4640 ἐχούσης
2975 4561 3314 4634 ἐναντίωσιν,
3368 4558 3482 4616 οὐδ’
3532 4559 3669 4615 αὐτὸ.
3719 4556 3826 4630 ἕξει

2163 4653 2282 4707 τινὰ
2329 4651 2658 4706 ἐναντίωσιν·
2704 4652 2756 4706 έν
2890 4649 2948 4706 δὲ
2990 4650 3292 4728 κατηγορίᾳ
3320 4651 3355 4720 ἠ
3408 4647 3746 4720 ἐναντίωσις,
3778 4646 3827 4702 έν

2171 4740 2346 4815 ἐκείνῃ
2401 4741 2492 4796 καὶ
2541 4743 2604 4796 τὸ
2657 4738 2872 4814 μᾶλλον
2926 4740 3017 4796 καὶ
3063 4741 3126 4796 τὸ
3173 4739 3333 4809 ἧττόν
3385 4739 3549 4812 ἐστιν,
3599 4734 3752 4814 εἷ’περ
3789 4737 3822 4804 ἡ

2166 4829 2472 4892 ἐναντίωσις
2505 4827 2619 4907 ἔχει
2650 4829 2712 4884 τὸ
2746 4829 3008 4903 ἔμμεσον,
3041 4830 3116 4892 ὡς
3148 4828 3495 4905 προείρηται.

2235 5027 2299 5089 ς’.
2334 5030 2410 5099 Τῇ
2460 5030 2586 5102 γοῦν
2641 5024 2726 5080 ἐπὶ
2782 5026 2980 5098 μέρους
3029 5024 3335 5097 ἐπιστήμῃ,
3387 5019 3742 5094 δηλονότιτῇ
3775 5018 3824 5074 έν

2163 5115 2439 5189 ἀνθρώπῳ
2495 5112 2636 5186 τῷδέ
2693 5136 2820 5186 τινι,
2885 5114 3124 5170 ἐναντίον
3183 5113 3324 5168 ἐστὶν
3385 5114 3420 5182 ἡ
3481 5112 3690 5187 ἄγνοια·
3740 5105 3826 5164 καὶ

2168 5201 2382 5276 μᾶλλον
2446 5203 2726 5276 έπισυήμη
2791 5202 2993 5279 λέγοιτ’
3053 5202 3111 5258 ἂν
3174 5202 3310 5273 αὕτη
3368 5199 3459 5256 καὶ
3505 5202 3669 5269 ἦττον
3712 5198 3825 5254 ἐπι-

2164 5293 2348 5364 στήμη
2385 5335 2397 5346 .
2462 5291 2704 5366 Καθάπερ
2765 5291 2855 5346 καὶ
2918 5295 2987 5365 τῇ
3050 5290 3409 5368 ἐνεργουμένη
3464 5287 3614 5365 παρᾶ
3671 5306 3828 5342 τινων

2165 5381 2327 5453 ἀρετῇ
2383 5379 2619 5435 ἐναντίον
2673 5380 2813 5435 ἐστὶν
2861 5383 2896 5450 ἡ
2929 5379 3110 5435 κακία·
3162 5379 3252 5435 καὶ
3297 5375 3512 5453 μᾶλλον
3543 5377 3705 5454 ἁρετή
3738 5371 3826 5429 λέ-

2165 5470 2304 5544 γοιτ’
2337 5469 2398 5523 ἃν
2445 5471 2578 5540 αὕτη
2628 5470 2719 5524 καὶ
2769 5472 2931 5539 ἧττον
2983 5469 3168 5544 ἀρετή.
3215 5473 3292 5543 Τῇ
3339 5465 3580 5523 καθόλου
3628 5461 3676 5521 δ’
3719 5463 3828 5518 ἐπι-

2166 5561 2348 5631 στήμῃ
2403 5559 2640 5614 ἐναντίον
2705 5559 2798 5632 μὲν
2875 5560 2965 5614 καὶ
3016 5557 3186 5632 ταύτῃ
3258 5558 3397 5614 κατὰ
3448 5557 3542 5612 τὸν
3589 5552 3826 5619 καθόλου

2166 5647 2333 5722 λόγον
2386 5651 2420 5718 ἡ
2473 5650 2684 5723 ἄγνοια·
2727 5649 2791 5703 τὸ
2842 5645 3059 5720 μᾶλλον
3111 5645 3168 5704 δὲ
3218 5647 3307 5702 καὶ
3356 5651 3522 5718 ἦττον
3564 5643 3663 5700 οὐκ
3690 5636 3827 5697 ἔστιν

2168 5736 2218 5790 ἐν
2254 5735 2410 5810 αὐτῇ.
2471 5735 2608 5791 Οὐδὲ
2655 5738 2757 5813 γὰρ
2810 5745 2910 5806 τῆς
2960 5736 3200 5794 καθόλου
3249 5737 3563 5808 ἐπιστήμης
3614 5727 3821 5807 μᾶλλον

2168 5827 2365 5900 γένοιτ’
2398 5825 2455 5881 ἂν
2485 5825 2785 5900 ἐπιστήμη.
2817 5828 2888 5882 Τὸ
2938 5823 2984 5881 δ’
3035 5826 3164 5883 αὐτὸ
3212 5827 3302 5882 καὶ
3333 5825 3422 5882 ἐπὶ
3460 5825 3562 5893 τῆς
3591 5816 3823 5877 καθόλου
