4126 6440
351 506 468 570 857

1707 494 2057 559 EPITOME
2099 491 2403 557 LOGICA.

3642 466 3762 531 858

351 638 567 716 ἀρετῆς.
599 636 836 694 Ἀτελῶν
869 635 972 713 γὰρ
1000 637 1062 691 τὸ
1126 631 1336 709 μᾶλλον
1395 633 1484 689 καὶ
1539 635 1700 702 ἧττον
1751 629 1876 686 ἀλλ’
1933 627 1995 683 οὐ

2144 631 2172 682 ,t
2201 628 2386 700 magis
2413 629 2470 682 et
2500 622 2697 679 minus
2727 635 2843 676 non
2873 619 2963 673 est
2989 615 3050 670 in
3081 629 3168 670 ea.
3199 610 3399 682 Neque
3425 606 3585 663 enim
3627 601 3761 660 uni-

2447 715 2454 716 ,
2572 714 2580 716 -
2818 709 2829 716 .
2992 706 3002 716 .
3091 703 3127 716 ..
3228 700 3250 716 ,.
3355 697 3393 716 ,ι
3482 696 3760 716 ,,______

352 726 575 785 τελείων
603 725 693 782 καὶ
721 726 1058 803 ἀκροτήτων.

428 1086 486 1154 ζ’.
521 1083 680 1141 Ἀλλ’
713 1079 837 1137 οὐδὲ
863 1081 927 1136 τὸ
970 1079 1082 1136 ἷ¹σον
1112 1079 1447 1137 ἐπιδεκτικόν
1495 1078 1605 1135 ἐστι
1647 1082 1744 1134 τοῦ
1794 1077 2005 1152 μᾶλλον

351 1175 442 1230 καὶ
486 1177 670 1244 ἦττον.
727 1175 971 1247 ’Ώρισται
1021 1172 1124 1248 γὰρ
1165 1172 1226 1226 τὸ
1276 1167 1410 1226 i’e'ov'
1443 1170 1503 1224 τὸ
1557 1167 1614 1224 δὲ
1655 1167 1868 1242 μᾶλλον
1917 1167 2007 1221 καὶ

350 1265 516 1332 ἧττον
549 1262 685 1318 κατὰ
713 1261 775 1316 τὸ
806 1260 1056 1337 ἀόριστον
1087 1267 1188 1330 τῆς
1220 1258 1360 1329 ὕλης
1393 1258 1674 1337 ὑφέστηκε.

423 1442 496 1510 η’.
531 1441 604 1496 Τὸ
651 1437 699 1494 δ’
751 1441 931 1495 ἄνισον
991 1439 1080 1495 καὶ
1127 1439 1191 1494 τὸ
1233 1437 1515 1511 ἀνόμοιον,
1565 1436 1654 1492 καὶ
1701 1437 1764 1491 τὸ
1813 1434 2007 1508 ὅμοιον

354 1527 668 1586 ἐπιδεκτικὰ
722 1534 818 1584 τοῦ
882 1526 1094 1602 μᾶλλον
1153 1527 1242 1582 καὶ
1316 1531 1477 1597 ἧττον
1554 1527 1783 1604 πέφυκεν
1854 1523 2009 1580 εἶναι.

348 1606 576 1696 Ἐτέρου
624 1619 728 1695 γὰρ
774 1615 984 1695 ἕτερον,
1043 1615 1256 1692 μᾶλλον
1306 1615 1394 1671 καί
1450 1619 1612 1686 ἦττον
1663 1614 1854 1687 ὅμοιον
1921 1613 2010 1667 καὶ

351 1708 612 1783 ἀνόμοιον
644 1706 736 1763 καῖ
767 1706 943 1762 ἄνισόν
978 1705 1089 1762 ἐστί
1118 1727 1178 1760 τε
1206 1706 1296 1761 καὶ
1328 1705 1561 1783 λέγεται.

423 1817 487 1880 θ’.
521 1814 595 1870 Οὐ
647 1812 858 1870 διδόασι
911 1812 958 1868 δ’
997 1813 1183 1876 αὐτοῖς
1236 1813 1564 1882 ἐναντίωσιν,
1606 1811 1694 1867 ’ίνα
1746 1812 1844 1885 μὴ,
1895 1811 2008 1866 ἐπεὶ

351 1905 415 1960 τὸ
444 1903 574 1960 αὐτὸ
605 1903 745 1978 πρὸς
777 1901 918 1960 ἄλλο
969 1903 1060 1958 καὶ
1109 1899 1250 1958 ἄλλο
1307 1897 1721 1976 λαμϐανόμενον
1773 1900 2009 1977 εὑρίσκε-

2113 717 2324 773 versali
2378 714 2624 772 scientia
2676 709 2866 782 magis
2923 703 3170 764 scientia
3223 697 3420 756 fuerit.
3482 696 3762 766 Idemque

2115 808 2290 864 etiam
2340 807 2411 866 de
2441 805 2653 859 virtute
2697 795 3014 856 universali
3057 791 3350 864 judicium
3398 788 3503 842 est.
3539 783 3764 855 Imper-

2115 900 2398 954 fectorum
2421 893 2576 950 enim
2603 895 2692 947 est
2721 888 2910 960 magis
2931 891 2988 942 et
3011 883 3351 947 minus,non
3374 875 3762 949 perfectorum

2116 993 2174 1044 et
2202 999 2634 1058 supremorum.

2185 1079 2240 1133 7.
2274 1076 2380 1132 Sed
2431 1090 2535 1129 nec
2565 1070 2740 1126 etiam
2772 1063 2994 1138 aequale
3026 1061 3215 1134 magis
3245 1062 3302 1114 et
3349 1055 3547 1111 minus
3577 1049 3764 1108 susci-

2119 1167 2316 1241 piendi
2363 1162 2700 1219 facultatem
2745 1157 2960 1223 habet;
2993 1151 3215 1222 aequale
3246 1147 3402 1203 enim
3457 1141 3765 1198 deﬁnitum

2118 1261 2225 1313 est.
2256 1258 2328 1311 At
2357 1252 2545 1324 magis
2576 1255 2633 1306 et
2662 1248 2862 1303 minus
2891 1242 3216 1301 secundum
3239 1234 3626 1292 inﬁnitionem
3649 1246 3768 1284 ma-

2119 1346 2277 1402 teria:
2309 1342 2600 1400 subsistit.

2189 1437 2244 1490 8.
2279 1435 2390 1490 Sed
2420 1428 2706 1502 inaequale
2753 1431 2810 1481 et
2839 1419 3127 1479 dissimile
3158 1421 3215 1472 et
3244 1412 3456 1483 simile,
3489 1409 3679 1483 magis
3711 1409 3768 1462 et

2121 1526 2318 1581 minus
2367 1516 2723 1591 suscipiendi
2773 1514 2890 1569 vim
2940 1507 3266 1565 naturalem
3316 1503 3552 1559 habent.
3594 1496 3767 1552 Aliud

2120 1615 2276 1672 enim
2309 1613 2420 1669 alio
2440 1608 2628 1682 magis
2657 1611 2713 1660 et
2734 1605 2933 1659 minus
2954 1598 3144 1656 simile
3161 1600 3218 1652 et
3231 1591 3520 1650 dissimile
3549 1593 3607 1644 et
3628 1587 3765 1642 inaa-
3861 1596 3875 1616 =

2120 1704 2293 1777 quale
2321 1708 2410 1757 est
2438 1705 2616 1771 atque
2645 1694 2878 1750 dicitur.

2188 1814 2243 1868 9.
2276 1811 2402 1867 Non
2433 1805 2760 1862 attribuunt
2790 1804 2988 1856 autem
3018 1795 3163 1869 ipsis
3194 1787 3688 1849 contrarietatem,
3706 1785 3772 1838 ut

2119 1920 2193 1960 ne
2221 1901 2376 1959 218
2408 1891 2886 1970 quandoquidem
2917 1887 3073 1942 idem
3104 1884 3176 1939 ad
3206 1879 3366 1938 aliud
3406 1881 3582 1948 atque
3611 1872 3769 1970 aliud

367 1959 374 1960 ’
466 1959 473 1960 ’
650 1959 659 1978 |
732 1959 743 1967 '
1385 1959 1394 1976 ι
1567 1959 1576 1975 ι
1835 1959 1844 1977 I

348 2015 436 2048 ται
491 1990 604 2048 ἷ¹σον
657 1993 747 2048 καὶ
805 1989 1006 2065 ἄνισον,
1058 1991 1250 2066 ὅμοιόν
1318 2012 1378 2046 τε
1439 1990 1530 2046 καὶ
1589 1989 1870 2063 ἀνόμοιον,
1922 1986 2011 2044 διὰ

2144 1959 2446 2064 Lcceptum;
2478 1959 2700 2056 aequale
2729 1988 2791 2036 et
2817 1973 3128 2048 inaequale,
3162 1970 3356 2028 simile
3384 1970 3442 2024 et
3485 1959 3773 2022 dissimile

348 2087 510 2139 τοῦτο
539 2083 629 2138 καὶ
655 2081 912 2138 τάναντία
942 2083 1084 2155 ὁμοῦ
1117 2079 1439 2158 ἐπιδέχηται
1467 2081 1530 2135 τὸ
1569 2076 1719 2136 αὐτό.

422 2263 471 2316 ι’.
505 2261 570 2316 Εἰ
605 2259 664 2316 δὲ
689 2260 753 2316 τὸ
802 2259 982 2316 ἄνισον
1033 2257 1169 2315 ἴδιον
1215 2258 1274 2314 ὃν
1318 2264 1416 2314 τοῦ
1460 2263 1657 2327 ποσοῦ,
1686 2258 1749 2314 τό
1799 2257 2010 2333 μᾶλλον

347 2351 438 2407 καὶ
485 2353 649 2420 ἧττον
702 2348 900 2428 ἔφαμεν
953 2347 1316 2425 ἐπιδέχεσθαι,
1351 2347 1722 2423 διαπορεῖσθαι
1767 2347 1828 2403 οὐ
1872 2350 2009 2424 χρή.

346 2441 416 2495 Τὸ
450 2439 545 2514 μὲν
595 2439 696 2515 γὰρ
744 2439 1000 2511 ποσὸν,ῇ
1028 2439 1216 2507 ποσὸν,
1247 2438 1348 2493 οὐκ
1395 2436 1704 2515 ἐπιδέχεται
1753 2438 1813 2492 τὸ
1868 2435 2009 2510 μᾶλ-

348 2528 446 2584 λον
473 2527 564 2584 καὶ
593 2529 780 2596 ἦττον.
811 2528 882 2582 Τὸ
932 2523 989 2582 δὲ
1033 2522 1382 2600 συμϐεϐηκὸς
1433 2531 1513 2599 τῷ
1559 2531 1712 2599 ποσῷ
1755 2527 1819 2582 τὸ
1879 2524 2017 2600 μᾶλ-

352 2615 456 2672 λον
509 2614 816 2687 ἐπιδέξαιτο
863 2617 953 2671 καὶ
999 2617 1063 2672 τὸ
1105 2619 1289 2686 ἧττον·
1332 2616 1395 2670 οὐ
1451 2615 1583 2671 καθὸ
1641 2617 1828 2688 ποσὸν,
1871 2614 2018 2672 ἀλλᾶ

347 2707 484 2762 καθὸ
517 2705 698 2764 ποιόν.

427 2887 511 2941 ια’.
544 2884 716 2943 Πάλιν
750 2884 796 2939 εἰ
852 2888 960 2940 τῶν
1023 2884 1162 2961 πρός
1209 2906 1262 2940 τι
1315 2883 1647 2960 εὑρίσκονται
1709 2885 1874 2961 ἀρετὴ
1928 2869 2019 2939 καὶ

355 2973 634 3048 ἐπιστήμη
688 2973 980 3045 ποιότητες
1045 2971 1222 3044 οὖσαι,
1277 2971 1396 3029 δέον
1468 2971 1898 3048 ἀναλογίζεσθαι,
1943 2973 2017 3028 ὡς

356 3062 419 3116 τὸ
469 3061 599 3117 αὐτὸ
647 3063 765 3117 κατ’
815 3060 986 3117 ἄλλον
1037 3062 1125 3116 καὶ
1171 3059 1341 3118 ἄλλον
1379 3059 1569 3137 λόγον,
1607 3062 1693 3116 ὑπ’
1722 3059 1901 3132 ἄλλην
1929 3052 2020 3117 καἱ

365 3147 545 3220 ἄλλην
586 3153 868 3215 τάττεσθαι
923 3150 1276 3227 κατηγορίαν,
1324 3148 1423 3204 οὒκ
1480 3150 1720 3212 ἀπεικός.
1763 3152 2020 3221 Ἐπιστή-

370 3261 444 3312 μη
486 3239 663 3294 τοίνυν
721 3240 812 3295 καὶ
869 3239 1034 3316 ἀρετὴ
1094 3240 1170 3301 ὡς
1234 3241 1325 3312 μὲν
1386 3239 1578 3301 ποιοὺς
1629 3239 2020 3315 παρεχόμεναι,

361 3327 654 3400 ποιότητες
702 3329 857 3384 εἰσιν·
901 3328 986 3384 ὅτι
1031 3326 1089 3383 δὲ
1133 3328 1270 3404 πρὸς
1336 3325 1517 3405 ἕτερον
1572 3329 1757 3404 σχέσιν
1818 3328 2015 3407 ἐμφαί-

353 3438 530 3488 νουσι,
561 3424 680 3481 τοῖς
741 3418 878 3495 πρός
936 3439 988 3471 τι
1048 3417 1385 3493 συνάγονται.
1429 3417 1525 3472 Καὶ
1575 3419 1678 3494 γὰρ
1738 3416 2014 3490 ἐπιστήμη

356 3505 648 3578 ἐπιστητοῦ
704 3506 1009 3580 ἐπιστήμη·
1070 3507 1159 3561 καὶ
1219 3507 1381 3581 ἀρετὴ
1456 3504 1752 3562 σπουδαίου
1830 3507 2016 3583 ἀρετήο

428 3774 518 3849 ιβ’.
553 3774 736 3828 Πάντα
768 3769 828 3828 δὲ
852 3772 923 3828 τὰ
953 3773 1090 3849 πρός
1127 3795 1182 3828 τι
1239 3773 1377 3850 πρὸς
1445 3769 1871 3852 ἀντιστρέφοντα
1929 3771 2018 3828 λέ-

356 3883 529 3938 γεται,
563 3863 797 3917 ἀπὸτοῦ
855 3861 1020 3916 αὐτοῦ
1081 3862 1370 3939 ἀρχόμενα
1428 3862 1770 3938 πράγματος,
1801 3863 1892 3917 καὶ
1949 3862 2026 3924 εἷς

357 3951 420 4006 τὸ
478 3951 609 4006 αὐτὸ
667 3947 1064 4026 καταλήγοντα,
1121 3950 1218 4006 κᾶν
1273 3949 1441 4006 ἐνίοτε
1495 3955 1563 4024 τῇ
1615 3956 1869 4028 προφορᾷ
1922 3957 2023 4020 τῆς

361 4038 558 4111 λέξεως
609 4037 1030 4096 διαλλάττωσιν·
1085 4039 1158 4101 ὡς
1204 4040 1231 4093 ὁ
1282 4037 1443 4117 φίλος
1494 4037 1660 4113 φίλου
1718 4039 1901 4118 φίλος·
1935 4039 2025 4095 καὶ

359 4129 424 4184 τὸ
456 4127 632 4206 δῶρον
659 4129 806 4205 παρὰ
833 4133 931 4183 τοῦ
962 4126 1312 4205 δωρουμένου
1347 4126 1621 4204 δωρεῖται.

441 4237 527 4312 ιγ’.
554 4237 670 4311 Χρή
705 4233 764 4291 δὲ
793 4236 932 4312 πρὸς
961 4236 991 4291 ’ὀ
1023 4234 1237 4312 λέγεται
1267 4235 1403 4290 κατὰ
1452 4234 1606 4313 φύσιν
1661 4237 1725 4290 τὸ
1779 4241 2024 4312 πρᾶγμα,

364 4325 501 4432 πρὸς
551 4330 713 4381 τοῦτο
756 4329 1028 4389 ποιεῖσθαι
1073 4325 1162 4380 καὶ
1212 4325 1310 4393 τήν
1361 4322 1644 4397 ἀπόδοσιν,
1673 4324 1768 4379 κᾶν
1825 4325 1900 4397 μὴ
1942 4322 2025 4395 εἷή

368 4430 372 4432 .
658 4413 669 4432 Ι
923 4413 936 4432 9
995 4415 1009 4432 \
1131 4418 1158 4428 ’ν
1445 4412 1460 4432 Ι
1903 4414 1952 4432 ου

367 4411 542 4488 ὄνομα
589 4413 861 4487 κείμενον,
911 4413 1018 4468 ἀπὸ
1064 4418 1162 4468 τοῦ
1210 4412 1572 4489 πρωτοτύπου
1631 4414 2030 4489 παρονομάζειν

365 4503 430 4557 τὸ
481 4499 754 4576 δεύτερον.
807 4500 948 4558 Ἰδοὺ
995 4503 1100 4580 γὰρ
1143 4504 1217 4577 (ὁ)
1265 4499 1415 4579 ὅρνις
1469 4499 1585 4579 ἔχει
1634 4504 1853 4579 πτερὸν,
1905 4497 2030 4557 ἀλλ’

368 4591 478 4668 οὐχ
572 4587 722 4668 ὅρνις
755 4590 874 4669 ἔχει
902 4593 1120 4668 πτερὸν,
1163 4591 1290 4648 ἀλλ’
1421 4591 1721 4668 πτερωτόν.
1753 4596 1867 4646 Τῶν
1927 4593 2029 4668 γὰρ

366 4685 662 4758 πτερωτῶν
720 4681 789 4736 τὰ
849 4681 942 4755 μὲν
993 4680 1134 4738 ἔστιν
1166 4681 1523 4757 ὑμενόπτερα,
1558 4681 1632 4743 ὡς
1664 4682 1720 4736 αἱ
1755 4679 2026 4754 μέλισσαι·

367 4771 436 4826 τὰ
472 4749 540 4826 ’δὲ
605 4749 997 4846 κουλεόπτερα,
1048 4771 1124 4833 ὡς
1175 4749 1228 4825 oi
1274 4749 1560 4848 κάνθαροι·
1607 4772 1672 4826 τὰ
1723 4749 1780 4825 δέ
1837 4769 2032 4846 σαρκό-
2065 4749 2112 4813 D

369 4880 559 4937 πτερα,
593 4861 668 4923 ὡς
727 4861 784 4914 αἱ
838 4857 1169 4935 νυκτερίδες·
1201 4860 1270 4915 τὰ
1330 4858 1388 4915 δὲ
1449 4861 1803 4936 σχιζόπτερα,
1846 4859 1923 4922 ὡς
1981 4860 2034 4913 οἱ

367 4943 599 5026 ὅρνιθες.
635 4948 708 5005 Οὐ
739 4953 844 5004 πᾶν
877 4948 1054 5003 νοίνυν
1089 4949 1155 5003 τὸ
1197 4945 1328 5025 ἔχον
1381 4950 1576 5025 πτερὸν
1629 4946 1737 5018 ἤδη
1794 4947 1884 5002 καὶ
1941 4942 2037 5024 ὅρ-

369 5059 472 5112 νις,
505 5037 656 5095 ἀλλὰ
705 5035 1004 5112 πτερωτόν.
1037 5036 1193 5093 Οὕτω
1249 5042 1376 5114 γοῦν
1441 5035 1763 5093 ἀποδοτέον·
1797 5037 1860 5092 τὸ
1914 5057 2038 5091 πτε-

373 5129 466 5206 ρὸν
516 5130 801 5204 πτερωτοῦ
857 5125 1054 5201 πτερόν
1106 5125 1196 5180 καὶ
1255 5127 1318 5182 τὸ
1370 5126 1644 5201 πτερωτὸν
1676 5130 1858 5202 πτερῷ
1914 5146 2037 5179 πτε-

373 5215 571 5293 ρωτόν.
616 5214 789 5273 Πάλιν
841 5213 1062 5290 ἐπείπερ
1113 5213 1175 5268 οὗ
1218 5215 1393 5270 πάντα
1439 5215 1505 5269 τὰ
1549 5213 1721 5270 πλοῖα
1767 5211 2039 5286 πηδάλιον

372 5290 492 5382 ἕχει
523 5304 612 5381 (τᾶ
638 5305 742 5384 γὰρ
781 5305 976 5360 ἀκάτια
1021 5303 1232 5366 κώπαις
1284 5303 1608 5379 ἐρέττονται,
1662 5305 1775 5378 ἅμα
1824 5301 1890 5373 δὴ
1948 5290 2038 5358 καὶ

372 5394 688 5470 ῗθύνονται)·
747 5396 812 5449 τὸ
863 5391 1140 5464 πηδάλιον
1227 5392 1327 5449 οὐκ
1410 5392 1704 5450 ἀποδοτέον
1781 5394 1918 5470 πρὸς
1977 5393 2040 5448 τὸ

373 5481 597 5557 πλοῖον,
630 5482 780 5539 ἀλλὰ
826 5483 964 5560 πρὸς
992 5482 1057 5538 τὸ
1087 5479 1465 5552 πηδαλιωτόψ
1515 5482 1608 5539 ’ίνα
1662 5483 1886 5559 γένηται
1943 5503 2040 5536 κα-

378 5577 492 5635 Λῶς
541 5576 576 5642 ἡ
629 5573 982 5648 ἀντιστροφή·
1028 5569 1090 5624 τὰ
1148 5572 1253 5647 γὰρ
1323 5569 1622 5644 πηδάλιον,
1682 5568 2041 5641 πηδαλιωτοῦ

374 5659 676 5804 πέλδάλιοψ
727 5660 818 5716 καὶ
873 5660 938 5715 τὸ
988 5656 1366 5733 πηδαλιωτὸν,
1415 5658 1697 5731 πηδαλίου
1752 5657 2040 5730 πηδαλιω-

381 5770 412 5804 τ
447 5773 496 5804 ν.

381 5770 472 5804 τον
483 5795 496 5808 ε

456 5838 516 5898 δ’.
573 5839 752 5911 Δῆλον
805 5837 896 5894 οὗν
951 5837 1011 5894 ἐκ
1063 5837 1266 5895 τούτων
1329 5838 1409 5895 ὅτι
1473 5843 1548 5915 μή
1606 5837 1896 5916 γινομένης
1959 5835 2039 5892 οἰ-

2117 2049 2594 2154 deprehenditur,
2627 2073 2935 2145 propterea
2962 2063 3138 2122 etiam
3170 2061 3327 2116 idem
3369 2052 3663 2113 contraria
3691 2049 3769 2106 si-

2119 2170 2244 2227 mul
2275 2165 2581 2238 suscipiat.

2194 2261 2279 2315 10.
2309 2229 2586 2312 Etsi-vero
2617 2246 2903 2320 inaequale
2927 2243 3080 2318 quod
3115 2237 3320 2313 quanti
3352 2239 3442 2291 est
3466 2229 3772 2306 proprium

2122 2349 2311 2421 magis
2359 2349 2416 2400 et
2446 2342 2643 2397 minus
2675 2319 2930 2392 diximus
2977 2329 3293 2400 suscipere,
3326 2330 3524 2380 tamen
3572 2320 3682 2376 hoc
3712 2319 3773 2373 in

2124 2431 2577 2492 controversiam
2611 2432 2669 2483 et
2697 2423 2943 2481 dubium
2975 2437 3089 2475 non
3120 2421 3208 2472 est
3234 2411 3777 2475 vocandum.Quan-

2125 2532 2253 2583 tum
2285 2524 2440 2580 enim
2474 2536 2590 2593 qua
2620 2519 2908 2589 quantum
2939 2527 3054 2565 non
3086 2503 3336 2576 suscipit
3365 2499 3554 2572 magis
3583 2501 3642 2554 et
3672 2496 3779 2553 mi-

2127 2632 2260 2671 nus.
2291 2612 2454 2679 Quod
2493 2587 2698 2664 autem
2730 2606 2950 2675 quanto
2999 2595 3213 2654 accidit
3261 2591 3451 2664 magis
3477 2593 3532 2645 et
3578 2587 3776 2643 minus

2127 2702 2447 2775 suscipiet;
2492 2715 2610 2755 non
2658 2697 2951 2767 quatenus
3001 2689 3290 2760 quantum
3339 2680 3442 2737 sed
3489 2681 3778 2750 quatenus

2128 2791 2321 2866 quale.

2201 2883 2289 2937 11.
2324 2880 2551 2936 Rursus
2580 2875 2631 2931 si
2677 2871 2862 2928 virtus
2892 2872 2950 2925 et
2979 2863 3224 2922 scientia
3251 2876 3388 2918 cum
3439 2857 3561 2915 sint
3589 2853 3780 2928 quali-

2130 2975 2279 3028 tates
2309 2987 2338 3025 e
2366 2980 2610 3023 numero
2659 2977 2861 3018 eorum
2906 2973 3037 3030 quae
3084 2958 3224 3010 sunt
3275 2950 3348 3006 ad
3380 2945 3602 3021 aliquid
3650 2958 3780 3000 esse

2132 3057 2672 3131 deprehenduntur,
2706 3047 2998 3105 recordari
3030 3045 3275 3115 oportet,
3309 3037 3464 3112 quod
3503 3036 3658 3091 idem
3690 3048 3779 3088 se-

2134 3122 2391 3205 cundum
2428 3145 2601 3199 aliam
2652 3147 2829 3210 atque
2861 3136 3036 3192 aliam
3067 3131 3352 3188 rationem
3385 3126 3496 3182 sub
3537 3122 3696 3180 aliud
3727 3123 3786 3176 et

2135 3238 2290 3294 aliud
2343 3234 2862 3308 praedicamentum
2912 3223 3050 3296 poni
3100 3237 3215 3276 non
3264 3223 3354 3274 est
3412 3215 3783 3270 inconsenta-

2134 3298 2620 3384 neum..Scientia
2666 3317 2847 3391 igitur
2887 3319 2945 3369 et
2967 3311 3151 3367 virtus
3199 3314 3264 3363 ut
3292 3305 3529 3378 quidem
3579 3298 3785 3373 quales

2130 3390 2724 3485 reddunt,qualitates
2754 3409 2928 3461 sunt:
2965 3401 3119 3473 quod
3151 3403 3344 3453 autem
3377 3390 3782 3450 habitudinem

2130 3507 2203 3563 ad
2232 3477 2401 3561 aliud
2423 3477 2536 3574 prie
2568 3516 2630 3555 se
2674 3497 2886 3560 ferunt,
2919 3492 2993 3548 ad
3025 3507 3092 3546 ea
3132 3505 3257 3561 quas
3289 3486 3428 3542 sunt
3457 3483 3528 3538 ad
3561 3477 3784 3552 aliquid

2131 3569 2510 3667 colliguntur.
2544 3585 2798 3645 Scientia
2844 3581 3002 3639 enim
3034 3577 3255 3636 scibilis
3302 3578 3392 3630 est
3439 3569 3702 3637 scientia,
3731 3571 3788 3622 et

2130 3685 2320 3739 virtus
2350 3680 2456 3736 viri
2489 3677 2627 3734 boni
2657 3676 2843 3729 virtus
2875 3675 2981 3727 est.

2207 3774 2293 3828 12.
2322 3769 2532 3827 Omnia
2583 3781 2754 3839 porro
2786 3779 2914 3836 qua
2965 3761 3104 3814 sunt
3133 3756 3202 3812 ad
3254 3751 3475 3824 aliquid
3524 3748 3596 3805 ad
3648 3763 3785 3802 con-

2132 3861 2418 3919 vertentia
2463 3837 2740 3913 dicuntur
2769 3854 2894 3924 (seu
2943 3842 3441 3919 reciprocantur);
3473 3839 3545 3918 ab
3581 3837 3786 3892 eadem

2136 3969 2204 4006 re.
2243 3947 2585 4020 incipientia
2631 3950 2690 3998 et
2736 3942 2796 3996 in
2850 3939 3116 3994 eamdem
3167 3913 3522 3998 desinentia.
3554 3924 3788 3982 tametsi

2136 4017 2560 4108 nonnunquam
2593 4034 2746 4090 219
2777 4027 3103 4102 prolatione
3135 4021 3408 4078 dictionis
3438 4017 3699 4072 varient:
3723 4017 3790 4068 ut

2138 4129 2363 4184 amicus
2395 4124 2565 4181 amici
2596 4122 2907 4187 amicus,et
2935 4117 3155 4171 donum
3179 4129 3213 4166 a
3232 4112 3486 4166 donante
3515 4107 3787 4162 donatur.

2211 4236 2298 4290 13.
2329 4232 2566 4304 Oportet
2615 4232 2810 4283 autem
2844 4225 2914 4279 ad
2953 4221 3106 4292 quod
3138 4217 3464 4274 secundum
3515 4215 3789 4267 naturam

2138 4341 2231 4380 res
2260 4302 2577 4387 dicitur,ad
2611 4318 2668 4372 id
2703 4313 3088 4370 redditionem
3121 4302 3544 4379 praestarc,etsi
3577 4315 3791 4356 nomen

2137 4413 2396 4486 positum
2444 4426 2560 4464 non
2594 4404 2790 4471 fuerit,
2823 4420 2858 4457 a
2887 4397 3237 4474 primigenio
3287 4391 3668 4449 denominare
3709 4387 3792 4442 al-

2141 4506 2352 4558 terum.
2386 4500 2528 4554 Ecce
2578 4494 2734 4551 enim
2785 4491 2906 4547 avis
2936 4488 3113 4544 habet
3164 4484 3338 4549 alam,
3373 4481 3476 4538 sed
3506 4495 3624 4535 non
3676 4494 3795 4549 qua

2142 4590 2263 4646 avis
2292 4587 2469 4643 habet
2496 4585 2879 4653 alam,verum
2912 4593 3028 4649 qua
3059 4574 3276 4632 alatum
3304 4575 3393 4628 est
3421 4565 3793 4642 (quippiam).

2141 4679 2442 4735 Alatorum
2490 4673 2648 4730 enim
2680 4670 2949 4742 quedam
2980 4666 3198 4721 habent
3237 4661 3360 4718 alas
3412 4658 3704 4733 pelliceas,
3730 4659 3798 4710 ut

2143 4785 2282 4842 apes
2314 4765 2578 4839 quaedam
2610 4774 2936 4834 pennarum
2959 4755 3157 4812 tutelae
3189 4757 3451 4807 crustam
3475 4748 3692 4803 habent
3711 4745 3797 4801 in-

2144 4834 2475 4922 ductammt
2497 4849 2773 4908 scarabaei
2796 4865 2810 4915 ;
2835 4847 3102 4918 quaedam
3133 4857 3375 4898 carneas
3405 4837 3623 4894 habent
3649 4834 3794 4904 alas,

2146 4952 2212 5002 ut
2242 4952 2467 5001 noctua
2499 4942 2579 5013 (et
2626 4935 3087 5010 vespertiliones)
3124 4950 3137 4987 ε
3172 4931 3441 5002 quaedam
3471 4926 3596 4983 alas
3627 4925 3798 4980 ﬁssas

2145 5036 2382 5105 habent,
2403 5037 2467 5088 ut
2497 5029 2782 5088 aves.Non
2814 5025 2994 5098 igitur
3024 5037 3196 5077 omne
3227 5019 3380 5091 quod
3413 5017 3588 5072 habet
3619 5014 3796 5081 alam,

2146 5124 2301 5180 illico
2333 5104 2510 5178 etiam
2544 5119 2668 5176 avis
2697 5121 2808 5183 est,
2842 5114 2942 5170 sed
2973 5112 3215 5168 alatum.
3249 5109 3344 5163 Sic
3389 5105 3632 5179 proinde
3662 5104 3799 5159 red-

2148 5213 2407 5269 dendum
2459 5213 2590 5275 est;
2621 5206 2714 5264 ala
2761 5203 2896 5260 alati
2928 5202 3019 5258 ala
3050 5206 3173 5268 est;
3207 5204 3262 5254 et
3294 5197 3515 5253 alatum
3555 5191 3796 5275 ala_ala-

2148 5307 2276 5358 tum
2309 5304 2659 5356 est.Rursus
2685 5291 3157 5367 quandoquidem
3193 5304 3309 5343 non
3340 5285 3539 5342 omnia
3568 5260 3800 5357 navigia

2150 5391 2380 5447 clavum
2435 5389 2652 5443 habent
2682 5383 2891 5454 (acatia
2933 5381 3089 5436 enim
3122 5394 3224 5433 seu
3257 5375 3491 5447 navigia
3539 5373 3802 5429 actuaria

2151 5481 2328 5536 remis
2359 5481 2659 5550 agnuntur
2679 5474 2850 5545 juxta
2879 5475 2936 5525 et
2964 5463 3548 5538 diriguntur),clavus
3578 5478 3693 5517 non
3726 5462 3799 5517 ad

2151 5569 2450 5642 navigium
2481 5562 2814 5621 reddendus
2844 5565 2952 5624 est,
2985 5559 3083 5612 sed
3116 5557 3185 5611 ad
3221 5555 3612 5622 clavatum,ut
3643 5554 3803 5606 recta

2152 5662 2253 5715 fiat
2281 5653 2696 5713 controversia.
2733 5649 2956 5705 Etenim
2991 5648 3190 5701 clavus
3220 5643 3427 5700 clavati
3458 5642 3657 5699 clavus
3688 5642 3797 5708 est,

2151 5753 2209 5805 et
2235 5747 2530 5805 clavatum
2560 5747 2649 5798 est
2678 5739 2838 5797 clavo
2869 5737 3179 5794 clavatum.

2224 5838 2309 5893 14.
2342 5835 2424 5893 Ex
2455 5832 2547 5891 his
2576 5831 2756 5904 igitur
2783 5826 3161 5886 manifestum
3194 5829 3304 5892 est,
3327 5821 3377 5877 si
3408 5816 3658 5878 redditio
3685 5831 3800 5877 non
