4126 6424
415 481 539 544 859

1679 481 2100 544 NIGEPHORI
2143 479 2583 545 BLEMMID/E

412 614 514 669 ﬁat
565 615 996 684 convenienter,
1029 617 1183 688 quod
1239 633 1344 671 nec
1373 616 1432 670 in
1472 615 1591 671 illis
1623 632 1750 686 quae
1799 615 2061 670 omnium

2182 613 2341 675 κείως
2399 621 2500 683 τῆς
2561 611 2875 675 ἀποδόσεως
2911 609 3035 668 οὐδὲ
3065 609 3153 666 ἐπὶ
3209 615 3320 667 τῶν
3363 610 3829 684 ὁμολουγομένως

410 719 703 759 consensu
762 706 1198 776 reciprocantur
1254 707 1410 762 220
1459 710 1515 762 et
1562 705 1801 760 nomina
1852 705 2070 760 habent

408 792 620 864 posita,
656 794 958 849 conversio
989 795 1110 848 ﬁat.
1145 795 1200 848 Si
1234 795 1369 865 quis
1402 795 1559 850 enim
1593 810 1847 857 servum,
1880 793 2068 848 homi-

409 882 501 936 nis
553 899 785 937 servum
827 883 1038 937 dixerit
1083 888 1141 938 et
1188 901 1304 939 non
1353 883 1598 950 domini,
1632 883 2067 938 conversionem

406 970 634 1027 efﬁcere
666 988 784 1026 non
815 973 1282 1043 poterit.Verum
1314 971 1470 1027 enim
1505 971 1743 1042 quidem
1775 977 1863 1028 est
1891 972 2066 1027 etiam

411 1058 542 1124 hoc,
573 1076 804 1114 servum
854 1061 1111 1117 hominis
1163 1078 1290 1117 esse
1334 1078 1590 1124 servum,
1636 1063 1734 1115 sed
1788 1078 1900 1115 non
1951 1077 2069 1130 qua

415 1147 592 1204 homo
643 1147 819 1203 habet
869 1149 1083 1220 aliquis
1129 1167 1386 1215 servum,
1441 1150 1540 1204 sed
1591 1166 1708 1220 qua
1751 1149 2064 1216 dominus;

411 1237 672 1309 alioquin
704 1254 908 1294 omnes
937 1238 1208 1294 homines
1238 1239 1520 1294 haberent
1549 1255 1767 1294 servos.

481 1346 568 1401 15.
599 1346 726 1401 Etsi
771 1361 904 1400 vero
933 1345 1132 1402 clavus
1163 1350 1220 1401 et
1249 1344 1343 1402 ala
1373 1363 1508 1400 cum
1549 1346 1670 1400 sint
1721 1345 2065 1400 substantia;

405 1434 477 1489 ad
521 1433 742 1506 aliquid
788 1441 1128 1500 sumuntur,
1162 1453 1278 1490 non
1332 1440 1529 1490 tamen
1580 1439 1870 1504 quatenus
1925 1434 2063 1488 sub-

278 1567 290 1586 .
402 1523 631 1579 stantiaa
671 1529 810 1578 sunt
841 1524 912 1578 ad
962 1523 1208 1595 aliquid,
1245 1525 1344 1580 sed
1393 1528 1683 1595 quatenus
1723 1522 2066 1578 habitudine

408 1617 617 1667 mutua
646 1616 787 1668 sunt
816 1612 1078 1684 praedita.

478 1720 564 1774 16.
597 1722 741 1774 Nam
798 1724 854 1774 et
885 1737 1023 1791 pars
1057 1737 1191 1775 cum
1225 1720 1571 1776 habitudine
1602 1719 1680 1775 sit
1717 1719 1961 1791 praedita
1990 1718 2062 1772 ad

403 1811 616 1876 totum,
652 1826 787 1880 pars
845 1810 1024 1864 totius
1078 1810 1332 1878 dicitur;
1368 1816 1424 1865 et
1469 1814 1657 1865 totum
1691 1809 1749 1864 in
1801 1808 2064 1878 partibus

409 1901 617 1953 totum.
652 1898 720 1954 Et
750 1915 965 1971 genera
995 1899 1463 1955 substantiarum
1497 1904 1673 1970 atque
1713 1898 1936 1970 species
1970 1914 2063 1952 se-

2180 701 2490 778 λεγομένων
2539 704 2674 780 πρὸς
2717 701 3135 781 ἀντιστρέφοντα
3179 698 3269 756 xui
3332 699 3572 777 ἐχόντων
3627 699 3828 772 ὀνόμα-

2175 813 2243 846 τα
2289 792 2512 865 κείμενα
2569 791 2768 866 γένοιτ’
2816 790 2874 846 ἂν
2930 793 2965 861 ἡ
3024 791 3374 868 ἀντιστροφή.
3436 791 3531 845 Ἂν
3590 789 3693 864 γὰρ
3743 789 3830 843 τὸν

2179 877 2374 936 δοῦλον
2405 882 2691 957 ἀνθρώπου
2741 878 2936 936 δοῦλον
2966 875 3110 934 εἴποι
3149 900 3253 951 τις,
3285 877 3375 934 καὶ
3425 877 3486 932 οὐ
3543 875 3827 946 δεσπότου,

2175 977 2401 1040 ποιῆσαι
2468 970 2826 1047 ἀντιστροφὴν
2897 968 2996 1023 οὐκ
3057 967 3116 1022 ἃν
3165 965 3402 1022 δύναιτο.
3447 965 3674 1036 Ἀληθές
3735 966 3828 1039 μὶν

2175 1059 2278 1134 γὰρ
2309 1060 2399 1114 καὶ
2430 1060 2490 1114 τὸ
2536 1059 2628 1113 τὸν
2677 1057 2874 1114 δοῦλον
2924 1057 3213 1130 ἀνθρώπου
3254 1057 3390 1112 εἶναι
3450 1053 3672 1120 δοῦλον,
3705 1052 3833 1110 ἀλλ’

2176 1147 2347 1223 οὐχῇ
2404 1145 2686 1222 ἅνθρωπος
2743 1143 2857 1223 ἔχει
2913 1167 2998 1208 τις
3052 1144 3269 1217 δοῦλον,
3305 1143 3500 1217 ἄλλ’ᾖ
3540 1139 3831 1215 δεσπότης·

2174 1237 2209 1305 ἦ
2243 1239 2345 1312 γὰρ
2374 1237 2432 1291 ἂν
2467 1234 2701 1298 δούλους
2732 1237 2880 1314 εἶχον
2914 1238 3145 1298 ἅπαντας
3174 1236 3472 1311 ἅνθρωποι.

2250 1344 2327 1398 ιε’.
2361 1342 2428 1397 Ei’
2455 1340 2511 1397 δὲ
2541 1344 2601 1398 τὸ
2629 1340 2902 1413 πηδάλιον
2930 1341 3020 1398 καὶ
3077 1342 3140 1396 τὸ
3194 1339 3410 1416 πτερὸν,
3443 1339 3619 1395 οὐσίαι
3679 1336 3830 1410 ὄντα,

2174 1431 2310 1507 πρός
2341 1454 2390 1486 τι
2426 1427 2816 1505 λαμϐάνονταυ
2867 1431 2928 1486 οὗ
2977 1431 3109 1486 καθὸ
3165 1429 3344 1485 οὐσίαι
3399 1429 3637 1505 γίνονται
3691 1428 3834 1503 πρός

2173 1542 2248 1595 τι,
2285 1519 2430 1577 ἀλλὰ
2458 1521 2592 1586 καθὸ
2624 1522 2808 1598 σχέσιν
2841 1519 2957 1597 ἔχει
2987 1520 3124 1597 πρὸς
3154 1517 3399 1590 ἄλληλα.

2252 1725 2334 1781 ις’.
2369 1718 2466 1773 Καὶ
2496 1719 2559 1774 τὸ
2594 1719 2758 1792 μέρος
2790 1719 2894 1794 γὰρ
2935 1717 3119 1795 σχέσιν
3176 1713 3306 1794 ἔχον
3359 1714 3497 1793 πρὸς
3555 1715 3617 1771 τὸ
3674 1713 3830 1788 ὅλον,

2179 1807 2342 1881 μέρος
2401 1806 2532 1882 ὅρου
2586 1805 2820 1884 λέγεται’
2852 1807 2943 1862 καὶ
3000 1807 3062 1862 τὸ
3113 1805 3243 1862 ὅλον
3290 1805 3342 1861 ἐν
3407 1807 3621 1882 μέρεσιν
3669 1801 3833 1862 ὅλον.

2175 1897 2273 1950 Καὶ
2301 1896 2370 1950 τὰ
2399 1895 2528 1970 γένη
2560 1901 2668 1951 τῶν
2702 1896 2900 1951 οὐσιῶν
2952 1896 3043 1951 xui
3097 1897 3167 1951 τὰ
3221 1892 3338 1967 εἴδη
3397 1895 3536 1950 κατᾶ
3588 1894 3682 1949 τὸν
3732 1897 3836 1963 τῆς

407 1987 668 2042 cundum
689 1987 1058 2043 habitudinis
1071 1989 1357 2042 rationem
1380 1987 1883 2043 dicuntur.Genus
1905 1986 2061 2042 enim

2182 1985 2420 2062 σχέσεως
2454 1984 2665 2061 λέγεται
2716 1984 2903 2061 λόγον.
2933 1986 3004 2040 Τὸ
3049 1986 3150 2062 γὰρ
3206 1984 3360 2062 γένος
3416 1981 3595 2045 εἴδους
3652 1983 3834 2058 γένος·

404 2075 616 2147 speciei
647 2093 856 2148 genus,
885 2081 942 2131 et
971 2077 1194 2149 species
1223 2077 1453 2149 generis
1485 2076 1707 2148 species
1736 2079 1845 2131 est.

477 2184 563 2238 17.
595 2183 876 2239 Praeterea
925 2199 1052 2254 quin
1085 2189 1224 2239 sunt
1253 2184 1324 2240 ad
1366 2181 1589 2256 aliquid
1621 2181 1801 2238 simul
1851 2187 2060 2237 natura

400 2276 561 2328 sunt.
595 2271 758 2327 Unde
788 2277 845 2327 et
875 2289 936 2326 se
968 2271 1184 2327 tollunt
1215 2277 1420 2327 mutuo
1462 2277 1516 2327 et
1548 2271 1971 2327 coinferuntur.
2003 2269 2060 2324 Si

401 2362 560 2417 enim
591 2378 706 2417 non
739 2361 817 2416 sit
848 2360 1005 2416 ﬁlius
1040 2378 1146 2417 nec
1181 2366 1346 2429 pater
1375 2362 1484 2417 erit
1509 2386 1523 2429 ;
1547 2361 1637 2416 sin
1670 2366 1868 2416 autem
1903 2359 2059 2415 ﬁlius

402 2449 723 2522 sit,utique
753 2454 809 2506 et
837 2455 1001 2522 pater
1027 2449 1138 2505 erit
1171 2467 1186 2506 :
1221 2455 1279 2505 et
1307 2467 1514 2506 rursus
1546 2449 1595 2506 si
1623 2454 1790 2522 pater
1819 2449 2058 2521 quidem

403 2539 504 2608 sit,
553 2543 612 2594 et
659 2539 816 2594 ﬁlius
865 2538 1011 2607 erit;
1056 2544 1147 2594 sin
1198 2544 1396 2596 autem
1449 2543 1613 2612 pater
1659 2556 1776 2594 non
1825 2538 1919 2608 sit,
1955 2555 2059 2594 nec

400 2627 561 2684 ﬁlius
589 2629 718 2684 erit.

475 2737 562 2792 18.
587 2738 729 2790 Cum
757 2735 914 2792 enim
940 2735 1198 2792 defuncti
1221 2735 1410 2791 ﬁlium
1430 2735 1704 2803 dicimus,
1731 2735 2057 2791 secundum

400 2824 744 2882 relationem
791 2843 918 2882 eam
952 2827 1190 2898 quando
1222 2827 1416 2882 adhuc
1443 2827 1669 2882 vivebat
1716 2826 2058 2898 pronuntia-

399 2931 557 2984 mus,
590 2919 692 2971 aut
738 2915 914 2972 etiam
947 2917 1095 2973 221
1134 2917 1292 2987 quod
1348 2920 1620 2996 mortuus
1651 2932 1767 2971 non
1798 2915 2055 2988 perierit.

402 3003 592 3067 Quare
619 3021 687 3061 ea
715 3021 844 3076 quae
875 3010 1016 3062 sunt
1043 3007 1117 3061 ad
1171 3005 1392 3077 aliquid
1423 3009 1482 3062 et
1511 3021 1575 3061 se
1603 3004 1822 3061 tollunt
1851 3009 2057 3061 mutuo

404 3097 462 3149 et
491 3092 670 3150 simul
701 3093 1012 3150 exsistunt.

472 3201 640 3255 19.At
667 3216 803 3256 vero
830 3199 894 3254 τὸ
925 3200 1105 3257 simul
1134 3201 1416 3258 exsistere
1439 3205 1497 3257 et
1525 3217 1588 3257 se
1620 3205 1825 3258 mutuo
1855 3200 2058 3258 tollere

401 3289 461 3344 in
491 3288 565 3344 iis
597 3306 724 3362 quas
764 3293 904 3346 sunt
932 3291 1005 3346 ad
1037 3289 1256 3362 aliquid
1289 3291 1480 3362 quoad
1526 3290 1935 3347 habitudinem
1963 3308 2058 3346 ac-

400 3377 736 3451 cipiendum
767 3384 996 3448 est,non
1023 3381 1216 3452 quoad
1247 3380 1732 3436 substantiam.In
1766 3397 1881 3452 quo
1897 3380 2056 3436 enim

396 3467 471 3523 iis
512 3483 642 3539 quae
696 3472 836 3523 sunt
865 3469 936 3524 ad
985 3467 1206 3540 aliquid
1235 3466 1299 3522 τδ
1350 3469 1633 3526 exsistere
1674 3469 1967 3541 convenit,
1997 3469 2058 3525 in

399 3555 511 3612 hoc
539 3555 604 3608 τὸ
637 3555 816 3612 simul
845 3556 1124 3613 exsistere
1155 3561 1213 3612 et
1240 3574 1303 3614 se
1332 3562 1538 3614 mutuo
1567 3557 1789 3614 tollere.

469 3663 562 3717 20.
610 3661 837 3719 Rursus
896 3664 1214 3720 exsistente
1271 3664 1518 3721 scientia
1575 3664 1782 3721 scibile
1835 3668 1946 3733 est,
2002 3668 2062 3721 et

401 3765 582 3807 sensu
635 3751 952 3821 sensibile;
986 3753 1232 3809 scientia
1260 3758 1457 3809 autem
1490 3770 1604 3809 non
1660 3753 1974 3809 exsistente
2004 3757 2061 3808 et

402 3856 602 3908 sensu,
633 3840 810 3898 etiam
853 3841 1056 3898 scibile
1087 3846 1143 3898 et
1194 3842 1471 3898 sensibile
1515 3841 1814 3899 sublatum
1863 3847 1972 3911 est,
2004 3846 2061 3898 et

395 3928 522 3985 vice
551 3946 745 3986 versa.

464 4019 556 4074 21.
584 4019 708 4076 Etsi
766 4023 961 4076 autem
995 4020 1369 4093 generatione
1419 4023 1559 4076 sunt
1590 4021 1786 4092 priora
1829 4019 2061 4076 scibilia

399 4110 458 4164 et
506 4108 813 4165 sensibilia
841 4109 1017 4182 (ipsa)
1068 4109 1316 4166 scientia
1358 4115 1415 4165 et
1463 4125 1664 4176 sensu,
1695 4126 1813 4165 non
1863 4115 2060 4165 tamen

401 4201 694 4270 quatenus
716 4197 945 4254 scibilia
964 4204 1105 4255 sunt
1120 4203 1178 4254 et
1193 4199 1498 4254 sensibilia
1521 4216 1534 4253 :
1561 4199 2058 4270 quemadmodum

404 4302 594 4357 neque
645 4291 810 4359 pater
838 4304 957 4358 qua
1002 4292 1167 4359 pater
1196 4287 1315 4343 ﬁlio
1347 4292 1438 4343 est
1477 4287 1792 4358 antiquior,
1826 4287 2059 4343 tametsi

406 4375 568 4447 prior
597 4375 675 4431 sit
703 4378 1318 4448 tempore.Antequam
1342 4377 1498 4432 enim
1527 4377 1828 4448 generavit
1851 4376 2057 4445 tilium,

408 4480 526 4520 non
576 4469 701 4521 erat
730 4470 939 4536 pater:
976 4467 1214 4536 quando
1261 4470 1456 4521 autem
1505 4466 1801 4538 generavit
1849 4466 2059 4533 ﬁlium,

407 4556 550 4608 tunc
580 4553 799 4626 incepit
829 4559 895 4610 ut
923 4559 1080 4610 esset
1108 4559 1294 4626 pater.
1327 4555 1422 4610 Sic
1453 4555 1631 4610 etiam
1663 4571 1755 4610 res
1793 4571 1856 4611 se
1886 4555 2064 4612 habet

403 4641 466 4697 in
496 4641 804 4698 scibilibus
833 4647 892 4699 et
921 4643 1327 4699 sensibilibus.

2170 2075 2260 2129 xui
2290 2076 2353 2130 τὸ
2384 2072 2525 2138 εἶδος
2557 2072 2748 2150 γένους
2780 2073 2942 2136 εἶδος.

2245 2183 2329 2251 ιζ’.
2362 2188 2482 2236 Ἔτι
2539 2183 2605 2235 τὰ
2659 2181 2796 2257 πρός
2852 2201 2904 2236 τι
2965 2181 3079 2255 ἅμα
3130 2183 3200 2254 τῇ
3259 2179 3414 2259 φύσει
3464 2177 3626 2235 ἐστίν.
3673 2179 3834 2233 ’Όθεν

2170 2270 2258 2326 καὶ
2317 2275 2696 2347 συναναιροῦσι
2747 2271 2837 2326 καὶ
2888 2269 3346 2349 συνεισφέρονται.
3397 2268 3528 2323 Υἱοῦ
3585 2267 3687 2345 γὰρ
3757 2269 3832 2340 μή

2172 2356 2353 2432 ὄντος,
2386 2361 2488 2414 οὐκ
2515 2358 2660 2415 ἔσται
2693 2363 2893 2435 πατήρ·
2928 2355 3083 2422 ὄντος
3135 2356 3192 2414 δὲ
3235 2359 3377 2431 υἱοῦ,
3405 2354 3555 2414 ἔσται
3611 2353 3678 2424 δὴ
3741 2357 3834 2412 xui

2168 2451 2370 2525 πατήρ·
2403 2448 2492 2504 καὶ
2521 2447 2688 2504 πάλιν
2719 2450 2923 2526 πατρὸς
2975 2449 3071 2522 μὲν
3131 2443 3308 2522 ὄντος,
3339 2447 3430 2502 καὶ
3487 2447 3602 2510 υἱὸς
3658 2443 3833 2501 ἔσται’

2286 2533 2312 2557 Ἰ
2715 2535 2729 2558 κ
2854 2537 2867 2557 ν
2942 2535 2966 2557 ὀ
3189 2535 3201 2556 ρ

2173 2539 2250 2612 μὴ
2284 2559 2438 2600 οντος
2473 2535 2530 2592 δὲ
2558 2558 2781 2612 πατρος,
2813 2559 2913 2592 ουκ
2941 2559 3085 2593 εσται
3118 2537 3255 2598 υἱος.

2244 2741 2334 2804 ιη’.
2369 2734 2430 2789 Ei
2462 2733 2565 2810 γὰρ
2615 2731 2848 2811 λέγομεν
2899 2733 3014 2788 υἱὸν
3061 2735 3166 2788 τοῦ
3205 2731 3683 2802 τετελευτηκότος,
3713 2731 3834 2786 κατ’

2171 2824 2443 2902 ἀναφορὰν
2473 2823 2572 2892 τὴν
2601 2821 2680 2878 ὅτ’
2710 2821 2804 2894 ἔζη
2833 2823 2997 2877 τοῦτὸ
3042 2839 3237 2901 φαμεν·
3285 2821 3320 2890 ἣ
3361 2819 3452 2875 xui
3509 2818 3596 2875 ὅτι
3651 2821 3830 2876 θανὼν

2169 2912 2268 2968 οὐκ
2325 2911 2598 2970 ἀπώλετο.
2650 2915 2810 2968 Ὥστε
2852 2913 2921 2968 τὰ
2975 2909 3112 2988 πρός
3139 2931 3193 2966 τι
3221 2911 3313 2966 καὶ
3370 2913 3683 2985 συναιροῦσι
3742 2908 3830 2966 καὶ

2168 3002 2596 3080 συνυπάρχουσι.

2239 3202 2308 3256 ιθ.
2355 3200 2426 3255 Τὸ
2481 3199 2847 3274 συνυπάρχειν
2903 3195 2963 3253 δὲ
3025 3197 3117 3253 καὶ
3175 3200 3509 3272 συναναιρεῖν
3571 3195 3662 3253 ἐπὶ
3720 3199 3828 3255 τῶν

2166 3289 2303 3365 πρός
2328 3311 2382 3344 τι
2419 3289 2556 3345 κατὰ
2604 3286 2788 3363 σχέσιν
2842 3284 3166 3359 έκληπτέον,
3221 3285 3285 3342 οὔ
3329 3291 3445 3342 κατ’
3493 3284 3706 3344 οὐσίαν.
3743 3287 3830 3343 Ἐν

2169 3381 2216 3452 ᾧ
2246 3378 2349 3455 γάρ
2379 3377 2489 3434 ἐστι
2540 3382 2660 3440 τοῖς
2688 3375 2828 3454 πρός
2876 3397 2929 3431 τι
2975 3377 3040 3432 τὸ
3088 3375 3381 3453 ὑπάρχειν,
3405 3375 3460 3431 έν
3507 3373 3692 3447 τούτῳ
3741 3375 3831 3433 xui

2167 3470 2230 3524 τὸ
2260 3468 2621 3544 συνυπάρχειν
2651 3465 2741 3522 xui
2771 3487 2834 3522 το
2865 3469 3226 3543 συναναιρεῖν.

2239 3666 2304 3719 κ’.
2348 3661 2522 3718 Πάλιν
2573 3661 2887 3735 ἐπιστήμης
2936 3661 3127 3732 οὔσης,
3178 3656 3320 3716 ἔστιν
3369 3657 3681 3731 ἐπιστητόν⁸
3745 3660 3836 3716 καὶ

2167 3753 2499 3824 αἰσθήσεως,
2554 3751 2831 3821 αἰσθητόν·
2882 3749 3197 3824 ἐπιστήμης
3260 3746 3320 3804 δὲ
3377 3750 3455 3822 μὴ
3515 3746 3684 3820 οὔσης
3745 3751 3836 3806 καὶ

2167 3841 2489 3912 αἰσθήσεως,
2543 3840 2814 3917 ἀνῄρηται
2861 3839 2953 3896 xui
3003 3839 3067 3895 τὸ
3127 3837 3418 3909 ἐπιστητὸν
3475 3837 3567 3892 xui
3633 3837 3697 3892 τὸ
3759 3837 3837 3894 ui-

2169 3930 2388 4002 σθητόνο
2421 3931 2512 3985 καὶ
2542 3928 2808 3985 ἀνάπαλιν
2820 3974 2832 3987 .

2237 4027 2339 4078 xu’.
2367 4019 2432 4075 Ei
2477 4016 2536 4074 δὲ
2589 4019 2681 4074 xui
2733 4017 3127 4094 προγενέστερα
3179 4017 3248 4071 τὰ
3299 4015 3564 4086 ἐπιστητὰ
3615 4013 3710 4070 xui
3769 4017 3833 4072 τὰ

2169 4109 2398 4180 αἰσθητὰ
2450 4111 2548 4177 τῆς
2603 4107 2914 4181 ἐπιστήμης
2967 4106 3059 4162 xui
3113 4111 3214 4175 τῆς
3253 4105 3581 4175 αἰσθήσεως,
3603 4101 3740 4160 ἀλλ’
3770 4103 3832 4160 οὐ

2167 4200 2301 4254 καθὸ
2356 4198 2620 4267 ἐπιστητά
2675 4198 2764 4252 xui
2818 4196 3068 4267 αἰσθητά.
3118 4198 3323 4271 ’Ὠσπερ
3375 4191 3490 4249 οὐδ’
3533 4195 3565 4249 ὁ
3623 4195 3830 4272 πατὴρ,

2167 4289 2207 4360 ᾖ
2235 4289 2438 4363 πατὴρ,
2467 4281 2830 4362 πρεσϐύτερός
2861 4283 2974 4340 ἐστι
3031 4289 3133 4338 τοῦ
3188 4283 3331 4357 υἱοῦ,
3361 4282 3459 4339 κᾶν
3513 4287 3594 4355 τῷ
3641 4283 3831 4358 χρόνῳ

2170 4377 2436 4453 πρότερος
2486 4375 2593 4446 εἴη·
2646 4376 2754 4451 πρὸ
2802 4379 2901 4430 τοῦ
2965 4380 3218 4450 γεννῆσαι
3276 4373 3381 4448 γὰρ
3439 4371 3556 4427 υἱὸν
3607 4370 3706 4427 οὐκ
3763 4373 3829 4442 ἦν

2170 4467 2372 4540 πατήρ·
2433 4463 2523 4519 ὅτε
2582 4461 2640 4519 δὲ
2695 4461 3016 4538 γεγέννηκεν
3072 4462 3208 4535 υἱὸν,
3264 4459 3388 4517 τότε
3466 4457 3670 4535 ἤρξατο
3735 4464 3831 4517 τοῦ

2171 4554 2302 4610 εἶναι
2361 4555 2564 4629 πατήρ·
2628 4552 2799 4614 οὕτως
2867 4548 2988 4628 ἔχει
3059 4550 3193 4608 κάπὶ
3251 4554 3358 4608 τῶν
3419 4549 3724 4621 ἐπιστητῶν
3773 4571 3831 4606 τε

2171 4643 2261 4699 xui
2292 4641 2562 4714 αἴσθητῶν
2579 4685 2591 4700 .

470 4749 561 4806 22.
596 4750 880 4805 Praeterea
926 4767 1054 4822 quae
1084 4753 1225 4805 sunt
1273 4751 1344 4805 ad
1377 4749 1601 4822 aliquid
1633 4755 1734 4806 aut
1762 4751 1823 4807 in
1868 4751 2056 4807 ﬁrmis

2235 4749 2340 4825 κβ’.
2374 4749 2492 4803 Ἔτι
2537 4751 2604 4802 τὰ
2643 4747 2782 4824 πρός
2809 4768 2886 4821 τι,
2917 4749 2953 4818 ἣ
2986 4747 3037 4802 έν
3095 4751 3214 4810 τοῖς
3271 4743 3658 4824 αὐθσὸράποις
3703 4744 3831 4818 ἤτοι

397 4839 527 4911 (seu
557 4838 1045 4909 subsistentibus)
1077 4854 1180 4910 per
1209 4856 1271 4895 se
1301 4839 1421 4895 sive
1453 4839 1801 4896 substantiis
1832 4840 2063 4895 habitu-

400 4927 598 4983 dinem
629 4926 1031 4995 obtinent,aut
1062 4928 1123 4982 in
1155 4945 1273 4983 non
1304 4929 1491 4984 ﬁrmis
1524 4945 1627 4999 per
1655 4946 1738 4996 se,
1761 4945 1890 5000 quae
1924 4933 2066 4983 sunt

403 5016 749 5073 accidentia.
783 5017 845 5072 Si
877 5017 1124 5089 proinde
1156 5016 1394 5088 quidem
1426 5018 1485 5072 in
1521 5017 1707 5073 ﬁrmis
1737 5034 1840 5089 per
1864 5021 2064 5087 se,aut

403 5105 733 5161 naturalem
767 5106 1036 5162 obtinent
1063 5107 1217 5162 222
1256 5105 1685 5176 habitudinem,
1721 5110 1786 5160 ut
1815 5109 1977 5176 pater
2007 5110 2065 5161 et

403 5192 588 5264 ﬁlius,
621 5200 722 5250 aut
769 5211 883 5250 non
915 5195 1267 5250 naturalem.
1317 5196 1375 5250 Si
1419 5213 1534 5250 non
1586 5193 1914 5249 naturalem
1963 5198 2065 5249 aut

402 5283 726 5353 fortuitam,
761 5288 827 5339 ut
855 5301 1058 5340 servus
1089 5287 1146 5339 et
1193 5284 1508 5351 dominus;
1543 5287 1644 5338 aut
1675 5282 2059 5355 artiﬁcialem,

399 5374 466 5426 ut
495 5371 821 5445 discipulus
861 5377 917 5429 et
947 5375 1190 5441 doctor;
1224 5378 1327 5428 aut
1353 5372 1690 5440 electitiam,
1724 5377 1790 5427 ut
1836 5371 2062 5428 amicus

400 5465 457 5516 et
504 5461 752 5518 amicus.
781 5463 881 5518 Sin
912 5462 971 5517 in
1003 5479 1120 5518 non
1153 5462 1339 5518 ﬁrmis
1371 5479 1474 5534 per
1503 5477 1564 5517 se
1595 5465 1696 5517 aut
1731 5460 2061 5517 naturalem

402 5553 504 5605 aut
537 5549 782 5622 duplum
815 5556 871 5607 et
918 5551 1274 5621 dimidium;
1308 5555 1410 5606 aut
1457 5568 1572 5607 non
1621 5550 1972 5622 naturalem,
1997 5554 2064 5606 ut

401 5655 684 5710 magnum
718 5644 775 5696 et
791 5640 1185 5712 parvum.Hoc
1217 5640 1374 5696 enim
1394 5639 1642 5696 fortuna:
1658 5641 1850 5712 magis
1880 5657 2060 5711 quam

401 5731 623 5782 natura;
654 5734 881 5785 esLArs
912 5729 1068 5784 enim
1095 5736 1150 5783 et
1177 5727 1383 5784 electio
1414 5729 1473 5783 in
1507 5746 1625 5785 non
1655 5729 1844 5786 ﬁrmis
1876 5746 1980 5801 per
1998 5747 2062 5785 se

395 5815 595 5886 locum
643 5835 757 5875 non
792 5819 1027 5886 habent,
1059 5817 1173 5876 nisi
1223 5819 1368 5875 forte
1398 5821 1798 5892 conspiciatur
1836 5818 2060 5892 aliquid

2170 4843 2291 4900 ταῖς
2322 4837 2531 4899 οὐσίαις
2562 4835 2681 4912 ἔχει
2726 4838 2827 4906 τὴν
2879 4839 3063 4914 σχέσιν
3092 4838 3128 4906 ἥ
3157 4837 3258 4892 οὐκ
3301 4835 3355 4891 έν
3401 4841 3522 4900 τοῖς
3568 4833 3828 4912 αὐθαδρά-

2172 4947 2341 4999 στοις,
2380 4928 2514 5003 ἅπερ
2549 4926 2659 4981 ἐστὶ
2681 4927 2750 4980 τὰ
2780 4921 3188 5006 συμβεϐηκότα.
3223 4925 3288 4982 Ei
3315 4926 3418 5000 μὲν
3467 4923 3562 4982 οὖν
3609 4925 3666 4981 ἐν
3711 4929 3829 4987 τοῖς

2171 5013 2575 5092 αὐθεδράστοις,
2607 5017 2641 5084 ἣ
2671 5017 2902 5094 φυσικὴν
2961 5011 3081 5093 ἔχει
3115 5017 3217 5086 τὴν
3273 5015 3481 5092 σχέσιν,
3510 5015 3591 5079 ὡς
3627 5015 3826 5091 πατὴρ

2169 5107 2260 5161 xui
2294 5106 2428 5167 υἱός·
2475 5107 2509 5175 ἢ
2549 5105 2613 5160 οὐ
2670 5108 2923 5185 φυσικήν.
2957 5105 3020 5161 Ei
3074 5103 3122 5160 δ’
3177 5104 3242 5160 οὐ
3297 5106 3548 5184 φτσικήν,
3579 5104 3615 5175 ἢ
3671 5123 3828 5180 τυχι-

2170 5195 2298 5265 κήν,
2329 5194 2405 5256 ὡς
2436 5191 2634 5256 δοῦλος
2693 5193 2782 5249 xui
2838 5191 3124 5266 δεσπότης·
3159 5196 3195 5264 ἢ
3251 5195 3536 5270 τεχνικὴν,
3585 5193 3665 5257 ὡς
3719 5213 3826 5267 μα-

2171 5284 2344 5353 θητής
2401 5283 2492 5338 καὶ
2576 5280 2921 5346 διδάσκαλος·
2979 5285 3015 5354 ἣ
3067 5284 3478 5360 προαιρετικὴν,
3539 5282 3615 5348 ὥς
3663 5281 3830 5363 φίλος

2169 5371 2260 5426 καὶ
2291 5369 2475 5450 φίλος.
2508 5372 2572 5428 Ei
2604 5368 2650 5427 δ’
2679 5371 2780 5428 οὐκ
2809 5371 2861 5428 ἐν
2900 5377 3020 5436 τοῖς
3072 5369 3478 5452 αὗθεδραστοις,
3508 5374 3544 5443 ἢ
3571 5372 3825 5450 φυσικὴν,

2170 5461 2245 5524 ὡς
2304 5458 2591 5517 διπλάσιον
2641 5463 2733 5518 xui
2783 5462 2978 5537 ἥμισυ·
3035 5463 3071 5533 ἢ
3121 5461 3184 5518 οὐ
3241 5464 3495 5543 φτσικην,
3555 5463 3635 5527 ὡς
3689 5462 3827 5538 μέγα

2169 5550 2262 5606 xui
2346 5551 2562 5628 μικρόν.
2624 5557 2796 5607 Τοῦτο
2851 5553 2958 5629 γὰρ
3012 5551 3194 5628 τύχης
3233 5551 3449 5628 μᾶλλον
3503 5554 3541 5622 ἣ
3593 5551 3823 5634 φύσεως·

2169 5640 2343 5716 Τέχνη
2400 5638 2460 5695 δὲ
2513 5641 2606 5696 καὶ
2660 5642 2978 5719 προαίρεσις
3011 5641 3064 5698 έν
3115 5647 3238 5706 τοῖς
3292 5641 3396 5699 οὐκ
3440 5639 3820 5717 αὐθεδράστοις

2171 5729 2359 5804 χώραν
2391 5729 2490 5784 οὐκ
2519 5727 2763 5806 ἔχουσιν.
2795 5731 2860 5788 Εἰ
2917 5733 2993 5805 μή
3051 5730 3104 5786 τί
3149 5752 3256 5788 που
3285 5731 3480 5811 φανείη
3507 5729 3648 5805 πρδς
3674 5721 3818 5785 ἄλλο

2168 5819 2269 5888 τήν
2321 5820 2590 5898 ἀναφορὰν
2659 5819 2811 5899 ἔχον,
2861 5817 3243 5900 αὖθὲδραστον,
3293 5820 3389 5878 xui
3440 5822 3579 5878 κατὰ
3622 5811 3818 5896 συμϐε-
