4126 6430
349 499 466 564 861

1710 498 2060 564 EPITOME
2100 502 2409 565 LOGICA.

3641 489 3758 549 862

349 629 522 705 ϐηκὸς
571 632 705 696 ἴσως
753 631 1069 709 λεγόμενον.
1101 631 1262 690 Ἀλλ’
1291 632 1344 687 ἐν
1393 638 1512 695 τοῖς
1561 631 1872 706 εἰρημένοις
1905 634 1997 706 μὲν
2030 684 2039 706 λ

2116 636 2186 690 ad
2216 635 2372 692 aliud
2425 634 2769 693 relationem
2798 631 3042 696 habens,
3075 627 3231 702 quod
3287 642 3389 698 per
3416 640 3480 680 se
3522 623 3760 678 ﬁrmum

352 723 562 780 ἅπαντα
587 724 654 778 τὰ
682 723 819 799 πρός
846 743 897 778 τι
929 725 1228 798 συνάγεται.

419 903 520 978 κγ’.
553 901 895 976 Πλατύτερον
948 899 1006 957 δέ
1049 923 1192 964 τινες
1239 902 1328 956 καὶ
1380 901 1722 980 σαφέστερον,
1774 901 1850 963 εἷς
1882 895 1999 972 εἴδη

352 990 482 1046 δέκα
540 988 808 1066 διαιροῦσι
857 997 926 1046 τὰ.
971 989 1110 1064 πρός
1165 1009 1238 1045 τι⁶
1297 991 1628 1062 ταυτότητα,
1691 990 1999 1061 ἀνισότητα,

349 1079 555 1155 γένεσιν
591 1126 604 1152 ,
671 1080 879 1153 μέθεξιν
919 1127 934 1149 ,
989 1080 1170 1158 ὕφεσιν
1204 1127 1219 1154 ,
1279 1085 1454 1135 πεῖσιν
1488 1126 1502 1151 ,
1560 1079 1774 1156 κρίσιν,
1837 1080 2000 1151 θέσιν,

348 1168 745 1246 ἀσυμμετρίαν,
777 1169 866 1224 καὶ
890 1170 988 1238 τὴν
1021 1170 1159 1245 πρὸς
1188 1170 1248 1224 τὸ
1279 1171 1434 1245 γένος
1467 1169 1757 1247 ἀναφοράν.

417 1434 515 1494 κδ’.
566 1437 843 1508 Ταυτότης
897 1437 990 1511 μὶν
1044 1438 1133 1491 οὗν
1185 1437 1356 1508 ἐστιν,
1407 1435 1530 1492 ὅταν
1581 1438 1716 1512 πρὸς
1765 1439 2000 1492 συνώνυ-

357 1529 512 1600 μονὴ
543 1525 718 1596 κρίσις
771 1525 1014 1601 γένηται·
1048 1527 1124 1588 ὡς
1156 1528 1184 1581 ὁ
1214 1525 1374 1604 φίλος
1426 1526 1588 1604 φίλου
1639 1527 1822 1604 φίλος,
1853 1527 1942 1582 καὶ
1974 1529 2001 1583 ὁ

345 1615 545 1692 ἐχθρὸς
595 1615 798 1691 ἐχθροῦ
851 1614 1072 1692 ἐχθρὸς,
1123 1616 1212 1670 καὶ
1258 1616 1319 1670 τὸ
1369 1613 1482 1671 ἴσον
1511 1613 1613 1688 ἷ¹σῳ
1657 1614 1792 1670 ἷ’σον⁶
1826 1616 2001 1672 καὶτὸ

344 1704 539 1778 ὅμοιον
593 1704 774 1778 ὁμοίῳ
823 1703 1038 1778 ὅμοιον.
1083 1705 1392 1777 Ἀνισότης,
1444 1705 1518 1767 ὡς
1564 1707 1628 1760 τὸ
1683 1710 1886 1774 μεῖζον,
1937 1707 2000 1761 τὸ

350 1790 666 1865 διπλάσιον,
724 1794 788 1848 τὸ
844 1791 1298 1850 πολλαπλάσιον.
1360 1793 1589 1865 Γένεσις,
1645 1794 1721 1856 ὡς
1769 1795 1948 1870 πατὴρ
1985 1839 1998 1851 .

349 1881 463 1944 υἱός
497 1924 510 1937 .
568 1881 790 1952 Μέθεξις
825 1928 839 1954 ,
901 1883 976 1944 ὡς
1027 1883 1090 1937 τὸ
1151 1881 1381 1958 μετέχον
1438 1883 1527 1936 καὶ
1581 1883 1946 1958 μετεχόμενον
1985 1927 1997 1940 .

345 1974 582 2049 ⁴Ύφεσις,
614 1971 691 2033 ὡς
732 1967 930 2034 δοῦλος
979 1971 1070 2026 καὶ
1122 1973 1389 2045 μαθητής.
1440 1977 1623 2034 Πεῖσις
1674 1973 1749 2034 ὡς
1797 1972 1998 2028 τυπτό-

351 2081 531 2134 μενος,
561 2060 871 2133 καιόμενος.
924 2061 1126 2134 Κρίσις,
1177 2061 1251 2123 ὡς
1307 2061 1522 2137 μέτρον,
1575 2059 1845 2132 αἴσθησις,
1888 2062 2002 2116 ἐπι-

345 2150 554 2221 στήμη·
607 2149 780 2225 κρίνει
824 2150 927 2226 γὰρ
977 2148 1064 2205 καὶ
1114 2151 1150 2218 ἡ
1214 2148 1490 2222 ἐπιστήμη
1543 2150 1606 2204 τὸ
1667 2149 1950 2221 ἐπιστητὸν
1987 2198 2000 2221 ,

341 2238 431 2293 καὶ
487 2239 522 2308 ἡ
586 2234 836 2309 αἴσθησις
896 2239 957 2293 τὸ
1016 2238 1294 2308 αἰσθητὸν,
1354 2238 1442 2293 καὶ
1492 2245 1636 2294 πᾶσα
1691 2245 1892 2315 γνῶσις
1940 2242 2002 2295 τὸ

342 2328 606 2404 γνωστὸν,
664 2327 751 2382 καὶ
795 2328 859 2383 τὸ
912 2326 1104 2404 μέτρον
1155 2328 1217 2382 τὸ
1252 2327 1538 2404 μετρητόν·
1594 2327 1683 2382 καὶ
1732 2329 1799 2383 τὰ
1837 2328 2003 2402 ὅμοια

345 2415 560 2478 τούτοις
619 2416 693 2478 ὡς
750 2416 1004 2493 κρίνοντά
1062 2417 1172 2471 ἐστι
1231 2418 1368 2492 πρὸς
1424 2417 1733 2493 κρινόμενα.
1797 2418 1949 2480 Θὲσις
1985 2463 1998 2489 ,

345 2506 420 2567 ὡς
481 2502 676 2578 δεξιὸν,
737 2504 1038 2581 ἀριστερὸν,
1091 2502 1365 2580 καθέδρα,
1423 2507 1646 2577 στάσις,
1701 2504 2000 2569 ἀνάκλισις.

343 2599 521 2649 Ταῦτα
596 2595 773 2648 πάντα
829 2595 966 2670 πρὸς
1039 2595 1456 2673 ἀντιστρέφοντα
1507 2595 1769 2670 λέγεται·
1829 2597 1998 2668 ἀσυμ-

348 2683 556 2760 μετρία,
606 2680 731 2752 ἤτοι
781 2679 1068 2754 ἀδυναμία,
1120 2684 1232 2737 οἷον
1278 2684 1340 2737 τὸ
1387 2681 1642 2739 ἀδύνατον
1704 2685 1790 2761 ὑφ’
1840 2687 2002 2757 ἡμῶν

347 2772 593 2848 ὁρᾶσθαι,
625 2775 789 2826 τοῦτο
820 2771 910 2826 καὶ
953 2773 1121 2845 ἡμεῖς
1165 2770 1528 2845 ἀδυνατοῦμεν
1579 2774 1732 2850 ὁρᾷν,
1782 2774 1855 2835 ὡς
1897 2775 1996 2842 τήν

345 2857 604 2936 ἄναστρον
660 2866 910 2939 σφαῖραν,
970 2861 1033 2916 τὸ
1089 2860 1140 2915 ἐν
1206 2862 1352 2937 βυθῷ
1409 2856 1691 2938 ὄστρακον,
1737 2861 1828 2917 τὸν
1871 2863 2001 2937 ἀέρα

347 2949 422 3012 ὡς
481 2951 926 3027 ἀχρωμάτιστον.
982 2951 1045 3006 Ἡ
1100 2949 1238 3026 πρὸς
1293 2951 1355 3005 τὸ
1404 2952 1560 3026 γένος
1611 2953 1869 3029 ἀναφοραὶ·
1921 2952 1997 3014 ὡς

348 3037 472 3093 ὅταν
502 3043 537 3109 ἡ
560 3038 873 3117 γεωμετρία
899 3037 1118 3115 λέγοιτο
1150 3039 1289 3116 πρός
1316 3061 1388 3112 τι,
1422 3041 1559 3095 κατὰ
1601 3041 1698 3110 τήν
1731 3042 1866 3116 πρὸς
1897 3042 1995 3109 τήν

351 3127 655 3202 ἐπιστήμην
706 3127 999 3208 ἀναφοράν.
1053 3129 1365 3203 Ἐπιστήμη
1417 3129 1521 3206 γὰρ
1573 3130 1875 3203 ἐπιστήμη,
1908 3128 1998 3185 καί

341 3216 408 3272 τὸ
436 3216 718 3290 ἐπιστητὸν
752 3217 1029 3294 ἐπιστήμῃ
1060 3219 1368 3289 ἐπιστητόν.

2032 2016 2082 2080 Β

2113 730 2170 781 et
2199 734 2317 798 per"
2347 726 2617 783 accidens
2667 725 2810 780 forte
2853 722 3084 777 dicitur.
3118 718 3225 773 Sed
3273 716 3334 770 in
3380 714 3472 770 his
3521 712 3758 784 quidem

2111 816 2308 871 omnia
2339 833 2464 888 quas
2497 818 2636 871 sunt
2662 814 2733 870 ad
2765 811 2983 883 aliquid
3017 808 3393 879 colliguntur.

2181 907 2271 962 23.
2308 906 2502 960 Latius
2533 909 2728 960 autem
2757 900 2936 972 aliqui
2967 904 3024 954 et
3070 895 3439 953 manifestius
3469 892 3527 946 in
3561 891 3759 946 decem

2113 994 2335 1065 species
2367 993 2636 1048 dividunt
2667 1008 2735 1046 ea
2781 1006 2908 1062 quae
2941 991 3080 1043 sunt
3111 985 3179 1040 ad
3213 980 3455 1053 aliquid,
3489 977 3762 1034 identita-

2111 1082 2734 1155 tem,inaequalitatem,
2754 1077 3206 1151 generationem,
3229 1068 3758 1143 participationem,

2113 1173 2591 1237 ubmissionem,
2645 1161 3336 1243 passionem,judicium,
3385 1158 3755 1231 positionem,

2112 1260 2549 1334 asymmetriam
2573 1276 2675 1315 seu
2701 1250 3552 1315 incommensurabilitatem,et
3575 1247 3648 1302 ad
3669 1262 3762 1319 ge-

2113 1367 2226 1405 nus
2257 1350 2624 1406 relationem.

2181 1441 2270 1496 24.
2306 1440 2588 1495 Identitas
2638 1435 2881 1510 proinde
2913 1433 3149 1506 quidem
3201 1433 3309 1496 est,
3343 1443 3480 1483 cum
3519 1425 3590 1481 ad
3641 1423 3770 1510 uni-

2111 1545 2318 1584 vocum
2350 1530 2414 1583 ﬁt
2444 1509 2693 1591 collatio,
2728 1532 2791 1580 ut
2821 1523 3046 1578 amicus
3078 1519 3250 1575 amici
3294 1515 3538 1581 amicus,
3571 1517 3628 1568 et
3656 1509 3764 1566 ini-

2111 1619 2302 1674 micus
2331 1617 2553 1672 inimici
2585 1616 2858 1671 inimicus
2885 1631 2898 1679 ;
2933 1616 2990 1666 et
3019 1608 3240 1681 (equale
3269 1604 3472 1677 aequali
3516 1600 3760 1675 aequale,

2111 1712 2167 1761 et
2199 1706 2390 1762 simile
2420 1705 2602 1760 simili
2634 1703 2846 1760 simile.
2879 1697 3276 1770 Inaequalitas,
3309 1699 3373 1750 ut
3403 1694 3618 1764 majus,
3653 1691 3760 1745 du-

2109 1795 2292 1866 plum,
2329 1794 2651 1866 multiplex.
2700 1790 3028 1856 Generatio,
3064 1794 3127 1842 ut
3167 1792 3347 1859 pater,
3381 1783 3533 1839 228
3580 1780 3758 1835 filius.

2109 1885 2512 1956 Participatio,
2545 1889 2610 1938 ut
2659 1881 3016 1954 participans
3059 1882 3116 1932 et
3153 1875 3304 1946 quod
3355 1871 3758 1945 participatur.

2111 1974 2464 2042 Submissio,
2498 1977 2562 2028 ut
2609 1988 2832 2039 servus,
2883 1965 3231 2038 discipulus.
3278 1961 3498 2027 Passio,
3531 1964 3596 2014 ut
3640 1974 3762 2014 ver-

2114 2065 2379 2129 beratus,
2449 2067 2639 2117 ustus.
2689 2059 3011 2124 Judicium,
3067 2059 3134 2110 ut
3181 2068 3479 2117 mensura,
3529 2064 3761 2114 sensus,

2114 2153 2376 2209 scientia.
2425 2151 2664 2207 Judicat
2695 2149 2852 2205 enim
2900 2145 3146 2202 scientia
3199 2141 3419 2209 scibile,
3452 2143 3511 2196 et
3548 2153 3760 2194 sensus

2113 2240 2410 2308 sensibile,
2443 2245 2501 2296 et
2547 2239 2741 2294 omnis
2772 2236 2984 2294 notitia
3030 2231 3349 2298 noscibile;
3382 2233 3439 2285 et
3482 2242 3762 2284 mensura

2113 2335 2520 2388 mensuratum
2546 2345 2559 2396 ;
2594 2333 2649 2386 et
2676 2329 2769 2383 his
2819 2325 3040 2382 similia
3069 2328 3136 2380 ut
3156 2320 3490 2394 judicantia
3519 2321 3660 2374 sunt
3687 2315 3760 2372 ad

2111 2439 2180 2478 ea
2209 2439 2338 2493 quae
2359 2421 2726 2492 judicantur.
2761 2418 2978 2473 Positio
3009 2420 3073 2470 ut
3103 2415 3395 2477 dextrum,
3428 2409 3760 2478 sinistrum,

2112 2511 2320 2577 sessio,
2353 2510 2547 2577 statio,
2582 2507 2902 2564 reclinatio.
2936 2506 3066 2560 Haec
3095 2503 3293 2560 omnia
3323 2501 3393 2556 ad
3425 2502 3760 2554 converten-

2111 2601 2194 2655 tia
2223 2600 2502 2654 dicuntur
2529 2600 2655 2668 (seu
2707 2593 3188 2668 reciprocantur).
3221 2587 3613 2662 Asymmetria
3642 2587 3762 2642 sive

2111 2687 2476 2758 impotentia,
2505 2686 2664 2742 velut
2695 2686 2850 2757 quod
2901 2681 3264 2755 impossibile
3294 2684 3384 2735 est
3413 2696 3446 2734 a
3479 2677 3650 2733 nobis
3677 2676 3761 2731 vi-

2109 2777 2257 2842 deri,
2289 2777 2398 2832 hoc
2429 2777 2605 2831 etiam
2640 2793 2751 2831 non
2788 2790 3104 2846 possumus
3135 2771 3347 2835 videre,
3381 2773 3447 2822 ut
3471 2766 3760 2839 sphaeram

2110 2867 2286 2922 astris
2313 2871 2630 2930 carentem,
2665 2871 2916 2920 ostream
2949 2863 3008 2917 in
3041 2859 3548 2933 profundo,aerem
3577 2854 3759 2910 veluti

2109 2953 2322 3010 coloris
2369 2958 2689 3026 expertem.
2722 2951 2942 3007 Relatio
2989 2951 3061 3005 ad
3091 2963 3298 3020 genus,
3331 2950 3397 3000 ut
3446 2959 3582 3000 cum
3629 2957 3761 3014 geo-

2109 3043 2317 3098 metria
2369 3043 2585 3098 dicitur
2633 3043 2704 3096 ad
2747 3039 2968 3112 aliquid
3018 3037 3342 3093 secundum
3393 3032 3756 3098 relationem,

2108 3147 2287 3204 quam
2319 3131 2496 3186 habet
2516 3131 2588 3186 ad
2620 3125 3215 3187 scientiam.Scientia
3242 3124 3398 3181 enim
3429 3120 3650 3178 scibilis
3672 3123 3762 3175 est

2108 3219 2370 3286 scientia,
2402 3225 2461 3276 et
2489 3220 2690 3276 scibile
2720 3218 2966 3276 scientia
2989 3221 3079 3274 est
3108 3213 3331 3272 scibile.

1487 3409 1696 3479 Σχῆμα
1724 3402 1918 3482 κεφαλ.
1950 3404 2054 3478 κγ’,
2087 3403 2210 3479 περὶ
2241 3407 2348 3458 τῶν
2372 3401 2510 3480 πρός
2537 3424 2613 3460 τι.

1185 3545 1253 3634 τᾲ
1285 3545 1379 3636 μὲν
1412 3546 1563 3636 πρὸςῇ
1577 3545 1926 3636 γενικὴνηὼς
1948 3546 2305 3636 ‘ngrﬁpyioﬁz
2319 3548 2519 3622 πατήρ·
2593 3573 2599 3578 ·

1184 3617 1252 3693 τά
1367 3615 1505 3693 πρὸς
1536 3615 1775 3687 δοτικὴν,
1797 3615 1884 3693 ,ὡς
1908 3617 1972 3672 τὸ
2003 3615 2118 3693 ἴσον
2148 3615 2252 3690 ἴσῳ
2283 3617 2420 3674 ἴσον.

1185 3690 1251 3743 τά
1282 3688 1340 3765 δέ
1369 3677 1504 3765 πρὸς
1535 3677 1928 3765 γενικῆν’ὁμοῦ
1956 3689 2045 3765 καὶ
2079 3677 2330 3765 δοτικὴν,
2356 3690 2432 3753 ὡς
2462 3689 2524 3744 τὸ
2555 3687 2824 3764 ὑπερέχον
2877 3683 3286 3762 ὑπερεχομένου
3334 3679 3610 3758 ὑπερέχει,
3659 3677 3749 3733 καὶ

406 3754 521 3806 Τῶν
552 3751 689 3830 πρός
715 3773 768 3808 τι
804 3753 1019 3833 φέρεται

1291 3763 1354 3817 τὸ
1387 3761 1786 3847 ὑπερεχόμενον
1821 3761 2144 3854 ὑπερέχοντι
2176 3761 2516 3837 ὑπερέχεται·
2607 3793 2625 3815 κ

1291 3831 1330 3854 βλ
1426 3853 1429 3854 ,
1592 3853 1597 3854 ,
1651 3844 1671 3854 Α
1689 3835 1698 3854 Ι
2047 3833 2061 3854 \
2153 3834 2163 3854 1
2358 3835 2371 3854 κ
2508 3853 2513 3854 ,
2528 3853 2533 3854 ,
2553 3852 2563 3854 _
2582 3831 2613 3854 ἓν

1184 3834 1252 3887 τὰ
1283 3831 1340 3888 δὲ
1375 3831 1508 3905 μετά
1536 3831 1867 3909 προθέσεως,
1903 3831 2070 3895 ὡς’τὸ
2105 3834 2244 3924 μέγα
2273 3831 2411 3908 πρός

1184 3905 1252 3959 τὰ
1285 3904 1343 3960 δὲ
1370 3904 1460 3958 καὶ
1498 3905 1630 3960 μετά
1657 3926 1806 3960 τινος
1833 3905 1958 3960 περὶ
1982 3905 2082 3960 τῆν
2135 3904 2276 3960 λεξιν
2325 3854 2482 3960 ὑποιλῖ

2489 3831 2633 3919 ικρέὶν
2672 3829 2830 3919 μέγα.

1184 3905 1252 3959 τὰ
1285 3904 1343 3960 δὲ
1497 3895 1630 3976 μετά
1657 3895 1806 3980 τινος
1833 3895 2082 3980 περὶ-τὴν
2105 3895 2114 3906 ’
2135 3895 2276 3974 λέξιν
2319 3895 2682 3980 ’ὑπαλλαγῆς,’
2723 3895 2797 3963 ὥς
2830 3901 2858 3955 ὁ
2907 3899 3118 3973 τέμνων
3168 3897 3502 3972 τεμνόμενον
3556 3895 3763 3967 τέμνει,

1298 3975 1386 4030 καὶ
1418 3975 1478 4030 τὸ
1501 3975 1844 4049 τεμνόμενον
1880 3975 1983 4032 ὑπὸ
2012 3977 2306 4050 τέμνοντος
2334 3975 2606 4050 τέμνεται.

1196 4196 1230 4267 ἥ
1279 4195 1336 4275 ἐν.
1378 4203 1495 4259 τοῖς
1540 4192 1973 4275 ,αὐθεδράστοιςδ
2054 4192 2313 4275 τυχικῆν,
2345 4198 2420 4275 ὡς
2455 4192 2650 4258 δοῦλος
2678 4193 2770 4275 καὶ
2804 4192 3070 4275 δεσπότης

2058 4128 2312 4203 φυσικῂν,
2347 4126 2420 4203 ᾡς
2450 4126 2630 4203 πατῇρ
2659 4122 2913 4203 καίυξιός·

1305 4217 1330 4249 ν
1378 4203 1495 4259 τοῖς
1543 4131 1988 4400 αὗθεδράστοις,ξ

1305 4268 1430 4338 ἤτοι
1454 4274 1572 4332 ταῖς
1607 4268 1814 4332 οὐσίαις

2054 4262 2336 4346 τεὶνικῆχᾷ,
2371 4270 2446 4331 ὡς
2485 4268 2732 4346 μαθητῂς
2765 4267 2854 4320 καὶ
2874 4262 3235 4346 ⁸διδιὶἱιετκαλος·

371 4359 447 4415 Τὰ
476 4359 610 4437 πρός
636 4381 689 4416 τι
721 4357 838 4438 ἔχει
870 4362 1056 4440 σχέσιν
1093 4335 1121 4440 ζ
1330 4335 1338 4338 ⁷
1953 4335 1981 4400 λ
2053 4335 2576 4418 προαιρετικὴν,’ὡς
2609 4335 2768 4416 φίλος
2799 4337 2890 4392 καὶ
2922 4335 3103 4415 φίλος.

2058 4503 2312 4580 φυσικὴν,
2347 4503 2421 4562 ὼς
2453 4496 2779 4580 διδάσκαλος
2809 4498 2902 4580 καξ
2927 4497 3120 4571 ἥμισυ·

1886 4485 1940 4519 α.

1304 4557 1421 4590 “OL
1508 4537 1633 4592 θετοι
1661 4559 1724 4592 συ
1776 4533 1872 4595 ϐεϐ
1922 4570 1946 4580 -
2058 4533 2312 4590 φυοικζιν,
2347 4533 2420 4562 ως
2453 4533 2776 4589 υιυυιυιυιῖυς
2813 4533 2898 4552 ’.αις
2935 4533 2954 4563 ι,

1304 4559 1472 4650 διήμης’
1532 4575 1542 4607 ⁸
1733 4560 1772 4610 μ
1877 4560 1909 4607 η
1958 4533 1978 4650 ξ
2055 4594 2310 4650 τυχικην,
2345 4573 2421 4635 ὡς
2452 4571 2592 4648 μέγα
2619 4592 2708 4625 και
2741 4569 2954 4646 μικρόν.

1195 4463 1230 4533 ἥ
1284 4463 1384 4519 οὐκ
1428 4463 1478 4520 ἐν
1525 4471 1642 4528 τοῖς
1687 4463 1910 4520 αὐθεδνά

1304 4557 1472 4595 στοις.
1508 4537 1633 4595 ἦτοι
1661 4499 1909 4595 συμϐεὲη

1302 4473 1384 4519 nix
1428 4473 1478 4520 εν
1525 4473 1642 4528 τοῖς
1687 4473 1940 4520 αὐθεδνά·

1304 4557 1472 4662 σξοις,
1508 4537 1633 4607 ἦτοι
1661 4473 1987 4675 συμϐεὲη-ἔ

1302 4628 1336 4661 κ
1372 4629 1445 4665 σι.

1195 4749 1428 4820 ταυτότη
1436 4772 1461 4813 ς
1472 4797 1486 4821 ,

1194 4821 1255 4895 ἀν
1267 4821 1417 4893 ισότη
1428 4843 1472 4895 ς,

1193 4894 1424 4968 γένεσις,

1198 4964 1427 5038 μέθεξις,

1193 5037 1402 5114 ὕφεσις,

1193 5113 1393 5180 πεῖσις,

1191 5179 1392 5252 κρίσις,

1195 5264 1357 5322 θέσις,

1196 5319 1560 5397 ἀσνμιιξτρίσρ,

1193 5394 1460 5469 καὶπρὸς
1483 5395 1548 5448 τὸ
1577 5394 1734 5470 γένος
1764 5394 2029 5475 ἀναφορὰ.

331 5066 460 5124 Ἔτι
485 5071 595 5125 τῶν
626 5068 766 5147 πρός
795 5091 846 5127 τι
