  <div class='ocr_page' id='page_1' title='image "/cluster/home/n/w/nwhite01/storage/ocr_20150623/142/coo.31924054870476/440.png"; bbox 0 0 4126 6434; ppageno 0'>
   <div class='ocr_carea' id='block_1_1' title="bbox 326 411 446 473">
    <p class='ocr_par' dir='ltr' id='par_1_1' title="bbox 326 411 446 473">
     <span class='ocr_line' id='line_1_1' title="bbox 326 411 446 473; baseline -0.017 0"><span class='ocrx_word' id='word_1_1' title='bbox 326 411 446 473; x_wconf 87' lang='lat'><strong>865</strong></span> 
     </span>
    </p>
   </div>
   <div class='ocr_carea' id='block_1_2' title="bbox 1709 401 2410 470">
    <p class='ocr_par' dir='ltr' id='par_1_2' title="bbox 1709 401 2410 470">
     <span class='ocr_line' id='line_1_2' title="bbox 1709 401 2410 470; baseline 0.004 -3"><span class='ocrx_word' id='word_1_2' title='bbox 1709 401 2057 467; x_wconf 87' lang='lat' dir='ltr'><strong>EPITOME</strong></span> <span class='ocrx_word' id='word_1_3' title='bbox 2101 409 2380 470; x_wconf 82' lang='lat' dir='ltr'><strong>LOGICA</strong></span> <span class='ocrx_word' id='word_1_4' title='bbox 2397 457 2410 469; x_wconf 96' lang='lat'><strong>.</strong></span> 
     </span>
    </p>
   </div>
   <div class='ocr_carea' id='block_1_3' title="bbox 3624 411 3743 472">
    <p class='ocr_par' dir='ltr' id='par_1_3' title="bbox 3624 411 3743 472">
     <span class='ocr_line' id='line_1_3' title="bbox 3624 411 3743 472; baseline 0 0"><span class='ocrx_word' id='word_1_5' title='bbox 3624 411 3743 472; x_wconf 86' lang='lat'><strong>866</strong></span> 
     </span>
    </p>
   </div>
   <div class='ocr_carea' id='block_1_4' title="bbox 326 535 2003 617">
    <p class='ocr_par' dir='ltr' id='par_1_4' title="bbox 326 535 1976 612">
     <span class='ocr_line' id='line_1_4' title="bbox 326 535 1976 612; baseline -0.005 -13"><span class='ocrx_word' id='word_1_6' title='bbox 326 541 581 599; x_wconf 82' lang='grc' dir='ltr'>Τοιοῦτόν</span> <span class='ocrx_word' id='word_1_7' title='bbox 643 539 754 598; x_wconf 76' lang='grc' dir='ltr'>ἐστι</span> <span class='ocrx_word' id='word_1_8' title='bbox 809 538 873 595; x_wconf 89' lang='grc' dir='ltr'>τὸ</span> <span class='ocrx_word' id='word_1_9' title='bbox 931 536 1249 612; x_wconf 78' lang='grc' dir='ltr'>ἀδημονεῖν,</span> <span class='ocrx_word' id='word_1_10' title='bbox 1295 538 1385 593; x_wconf 86' lang='grc' dir='ltr'><strong>καὶ</strong></span> <span class='ocrx_word' id='word_1_11' title='bbox 1443 536 1573 594; x_wconf 77' lang='grc' dir='ltr'>αὐτὸ</span> <span class='ocrx_word' id='word_1_12' title='bbox 1627 537 1690 592; x_wconf 89' lang='grc' dir='ltr'>τὸ</span> <span class='ocrx_word' id='word_1_13' title='bbox 1746 535 1976 612; x_wconf 83' lang='grc' dir='ltr'>πάσχειν</span> 
     </span>
    </p>
   </div>
   <div class='ocr_carea' id='block_1_5' title="bbox 2130 535 3745 617">
    <p class='ocr_par' dir='ltr' id='par_1_5' title="bbox 2130 542 3745 617">
     <span class='ocr_line' id='line_1_5' title="bbox 2130 542 3745 617; baseline 0.004 -23"><span class='ocrx_word' id='word_1_14' title='bbox 2130 542 2255 613; x_wconf 87' lang='lat' dir='ltr'><strong>ere)</strong></span> <span class='ocrx_word' id='word_1_15' title='bbox 2287 560 2412 614; x_wconf 81' lang='lat' dir='ltr'><strong>quae</strong></span> <span class='ocrx_word' id='word_1_16' title='bbox 2467 544 2798 616; x_wconf 81' lang='lat' dir='ltr'><strong>passionem</strong></span> <span class='ocrx_word' id='word_1_17' title='bbox 2843 545 3144 614; x_wconf 90' lang='lat' dir='ltr'><strong>denotant,</strong></span> <span class='ocrx_word' id='word_1_18' title='bbox 3176 545 3411 600; x_wconf 76' lang='lat' dir='ltr'><strong>tametsi</strong></span> <span class='ocrx_word' id='word_1_19' title='bbox 3458 545 3745 617; x_wconf 90' lang='lat' dir='ltr'><strong>operatio-</strong></span> 
     </span>
    </p>
   </div>
   <div class='ocr_carea' id='block_1_6' title="bbox 329 627 1981 704">
    <p class='ocr_par' dir='ltr' id='par_1_6' title="bbox 329 627 1981 704">
     <span class='ocr_line' id='line_1_6' title="bbox 329 627 1981 704; baseline -0.005 -16"><span class='ocrx_word' id='word_1_20' title='bbox 329 633 499 694; x_wconf 81' lang='grc' dir='ltr'>πάθος</span> <span class='ocrx_word' id='word_1_21' title='bbox 563 627 855 702; x_wconf 78' lang='grc' dir='ltr'><strong>δηλοῦντα,</strong></span> <span class='ocrx_word' id='word_1_22' title='bbox 897 627 992 683; x_wconf 75' lang='grc' dir='ltr'>κᾶν</span> <span class='ocrx_word' id='word_1_23' title='bbox 1044 627 1303 704; x_wconf 79' lang='grc' dir='ltr'>ἐνέργειαν</span> <span class='ocrx_word' id='word_1_24' title='bbox 1350 630 1419 701; x_wconf 80' lang='grc' dir='ltr'>τῇ</span> <span class='ocrx_word' id='word_1_25' title='bbox 1463 629 1715 704; x_wconf 78' lang='grc' dir='ltr'>προφορᾷ</span> <span class='ocrx_word' id='word_1_26' title='bbox 1761 646 1981 702; x_wconf 89' lang='grc' dir='ltr'>σχημα-</span> 
     </span>
    </p>
   </div>
   <div class='ocr_carea' id='block_1_7' title="bbox 327 715 1986 794">
    <p class='ocr_par' dir='ltr' id='par_1_7' title="bbox 327 715 1986 794">
     <span class='ocr_line' id='line_1_7' title="bbox 327 715 1986 794; baseline -0.006 -15"><span class='ocrx_word' id='word_1_27' title='bbox 327 723 602 793; x_wconf 87' lang='grc' dir='ltr'>τίζωνται.</span> <span class='ocrx_word' id='word_1_28' title='bbox 654 719 783 776; x_wconf 84' lang='grc' dir='ltr'>Τινὰ</span> <span class='ocrx_word' id='word_1_29' title='bbox 831 717 888 774; x_wconf 75' lang='grc' dir='ltr'>δὲ</span> <span class='ocrx_word' id='word_1_30' title='bbox 936 719 1253 789; x_wconf 82' lang='grc' dir='ltr'><strong>παθητικῶς</strong></span> <span class='ocrx_word' id='word_1_31' title='bbox 1310 715 1683 794; x_wconf 82' lang='grc' dir='ltr'><strong>προαγόμενοι,</strong></span> <span class='ocrx_word' id='word_1_32' title='bbox 1717 719 1986 791; x_wconf 88' lang='grc' dir='ltr'>παριστῶ-</span> 
     </span>
    </p>
   </div>
   <div class='ocr_carea' id='block_1_8' title="bbox 331 803 1983 889">
    <p class='ocr_par' dir='ltr' id='par_1_8' title="bbox 331 803 1983 889">
     <span class='ocr_line' id='line_1_8' title="bbox 331 803 1983 889; baseline -0.005 -21"><span class='ocrx_word' id='word_1_33' title='bbox 331 833 412 868; x_wconf 90' lang='grc' dir='ltr'>σιν</span> <span class='ocrx_word' id='word_1_34' title='bbox 469 811 756 889; x_wconf 81' lang='grc' dir='ltr'>ἐνέργειαν·</span> <span class='ocrx_word' id='word_1_35' title='bbox 817 809 930 864; x_wconf 79' lang='grc' dir='ltr'>οἷον</span> <span class='ocrx_word' id='word_1_36' title='bbox 977 808 1041 865; x_wconf 87' lang='grc' dir='ltr'>τὸ</span> <span class='ocrx_word' id='word_1_37' title='bbox 1099 806 1347 885; x_wconf 76' lang='grc' dir='ltr'>ἔρχεσθαι</span> <span class='ocrx_word' id='word_1_38' title='bbox 1404 807 1494 862; x_wconf 86' lang='grc' dir='ltr'><strong>καὶ</strong></span> <span class='ocrx_word' id='word_1_39' title='bbox 1562 806 1667 880; x_wconf 91' lang='grc' dir='ltr'><strong>(τὸ)</strong></span> <span class='ocrx_word' id='word_1_40' title='bbox 1725 803 1983 882; x_wconf 85' lang='grc' dir='ltr'>ἀγωνίζε-</span> 
     </span>
    </p>
   </div>
   <div class='ocr_carea' id='block_1_9' title="bbox 332 904 474 958">
    <p class='ocr_par' dir='ltr' id='par_1_9' title="bbox 332 904 474 958">
     <span class='ocr_line' id='line_1_9' title="bbox 332 904 474 958; baseline 0 0"><span class='ocrx_word' id='word_1_41' title='bbox 332 904 474 958; x_wconf 90' lang='grc' dir='ltr'>σθαι.</span> 
     </span>
    </p>
   </div>
   <div class='ocr_carea' id='block_1_10' title="bbox 400 981 1984 1068">
    <p class='ocr_par' dir='ltr' id='par_1_10' title="bbox 400 981 1984 1068">
     <span class='ocr_line' id='line_1_10' title="bbox 400 981 1984 1068; baseline -0.006 -22"><span class='ocrx_word' id='word_1_42' title='bbox 400 991 470 1068; x_wconf 83' lang='grc' dir='ltr'><strong>γ’.</strong></span> <span class='ocrx_word' id='word_1_43' title='bbox 506 993 802 1066; x_wconf 79' lang='grc' dir='ltr'>Διαιρεῖται</span> <span class='ocrx_word' id='word_1_44' title='bbox 863 985 921 1044; x_wconf 74' lang='grc' dir='ltr'>δὲ</span> <span class='ocrx_word' id='word_1_45' title='bbox 975 987 1040 1042; x_wconf 87' lang='grc' dir='ltr'>τὸ</span> <span class='ocrx_word' id='word_1_46' title='bbox 1098 989 1272 1042; x_wconf 80' lang='grc' dir='ltr'>ποιεῖν</span> <span class='ocrx_word' id='word_1_47' title='bbox 1334 981 1410 1048; x_wconf 80' lang='grc' dir='ltr'><strong>εἷ¹ς</strong></span> <span class='ocrx_word' id='word_1_48' title='bbox 1439 1005 1499 1041; x_wconf 92' lang='grc' dir='ltr'><strong>τε</strong></span> <span class='ocrx_word' id='word_1_49' title='bbox 1527 983 1588 1039; x_wconf 88' lang='grc' dir='ltr'>τὸ</span> <span class='ocrx_word' id='word_1_50' title='bbox 1619 985 1864 1060; x_wconf 84' lang='grc' dir='ltr'>θεωρεῖν,</span> <span class='ocrx_word' id='word_1_51' title='bbox 1894 981 1984 1038; x_wconf 86' lang='grc' dir='ltr'><strong>καὶ</strong></span> 
     </span>
    </p>
   </div>
   <div class='ocr_carea' id='block_1_11' title="bbox 332 1073 1985 1153">
    <p class='ocr_par' dir='ltr' id='par_1_11' title="bbox 332 1073 1985 1153">
     <span class='ocr_line' id='line_1_11' title="bbox 332 1073 1985 1153; baseline -0.007 -16"><span class='ocrx_word' id='word_1_52' title='bbox 332 1081 408 1144; x_wconf 78' lang='grc' dir='ltr'><strong>εἷς</strong></span> <span class='ocrx_word' id='word_1_53' title='bbox 458 1080 523 1136; x_wconf 86' lang='grc' dir='ltr'>τὸ</span> <span class='ocrx_word' id='word_1_54' title='bbox 563 1079 860 1153; x_wconf 87' lang='grc' dir='ltr'>ὁμώνυμον</span> <span class='ocrx_word' id='word_1_55' title='bbox 917 1081 997 1150; x_wconf 81' lang='grc' dir='ltr'>τῷ</span> <span class='ocrx_word' id='word_1_56' title='bbox 1053 1076 1192 1152; x_wconf 83' lang='grc' dir='ltr'>γένει</span> <span class='ocrx_word' id='word_1_57' title='bbox 1241 1079 1440 1146; x_wconf 82' lang='grc' dir='ltr'>ποιεῖν,</span> <span class='ocrx_word' id='word_1_58' title='bbox 1473 1074 1563 1130; x_wconf 86' lang='grc' dir='ltr'>καὶ</span> <span class='ocrx_word' id='word_1_59' title='bbox 1609 1074 1685 1136; x_wconf 76' lang='grc' dir='ltr'><strong>εἷς</strong></span> <span class='ocrx_word' id='word_1_60' title='bbox 1723 1073 1786 1128; x_wconf 89' lang='grc' dir='ltr'>τὸ</span> <span class='ocrx_word' id='word_1_61' title='bbox 1815 1073 1985 1148; x_wconf 84' lang='grc' dir='ltr'>πράτ-</span> 
     </span>
    </p>
   </div>
   <div class='ocr_carea' id='block_1_12' title="bbox 331 1191 464 1226">
    <p class='ocr_par' dir='ltr' id='par_1_12' title="bbox 331 1191 464 1226">
     <span class='ocr_line' id='line_1_12' title="bbox 331 1191 464 1226; baseline -0.015 0"><span class='ocrx_word' id='word_1_62' title='bbox 331 1191 464 1226; x_wconf 89' lang='grc' dir='ltr'>τειν.</span> 
     </span>
    </p>
   </div>
   <div class='ocr_carea' id='block_1_13' title="bbox 405 1249 1988 1333">
    <p class='ocr_par' dir='ltr' id='par_1_13' title="bbox 405 1249 1988 1333">
     <span class='ocr_line' id='line_1_13' title="bbox 405 1249 1988 1333; baseline -0.006 -19"><span class='ocrx_word' id='word_1_63' title='bbox 405 1255 467 1317; x_wconf 85' lang='grc' dir='ltr'><strong>δ’.</strong></span> <span class='ocrx_word' id='word_1_64' title='bbox 494 1257 566 1314; x_wconf 85' lang='grc' dir='ltr'>Τὸ</span> <span class='ocrx_word' id='word_1_65' title='bbox 601 1257 694 1332; x_wconf 77' lang='grc' dir='ltr'><strong>μὶν</strong></span> <span class='ocrx_word' id='word_1_66' title='bbox 723 1253 816 1312; x_wconf 79' lang='grc' dir='ltr'>οὗν</span> <span class='ocrx_word' id='word_1_67' title='bbox 846 1258 1066 1333; x_wconf 88' lang='grc' dir='ltr'>θεωρεῖν</span> <span class='ocrx_word' id='word_1_68' title='bbox 1098 1256 1133 1324; x_wconf 86' lang='grc' dir='ltr'>ἣ</span> <span class='ocrx_word' id='word_1_69' title='bbox 1161 1254 1285 1332; x_wconf 88' lang='grc' dir='ltr'>περὶ</span> <span class='ocrx_word' id='word_1_70' title='bbox 1325 1255 1423 1323; x_wconf 79' lang='grc' dir='ltr'><strong>τὴν</strong></span> <span class='ocrx_word' id='word_1_71' title='bbox 1471 1257 1580 1309; x_wconf 87' lang='grc' dir='ltr'><strong>τῶν</strong></span> <span class='ocrx_word' id='word_1_72' title='bbox 1629 1255 1838 1323; x_wconf 78' lang='grc' dir='ltr'>νοητῶν</span> <span class='ocrx_word' id='word_1_73' title='bbox 1898 1249 1988 1304; x_wconf 89' lang='grc' dir='ltr'><strong>καὶ</strong></span> 
     </span>
    </p>
   </div>
   <div class='ocr_carea' id='block_1_14' title="bbox 335 1338 1987 1424">
    <p class='ocr_par' dir='ltr' id='par_1_14' title="bbox 335 1338 1987 1424">
     <span class='ocr_line' id='line_1_14' title="bbox 335 1338 1987 1424; baseline -0.007 -20"><span class='ocrx_word' id='word_1_74' title='bbox 335 1347 639 1424; x_wconf 82' lang='grc' dir='ltr'>ἀμερίστων</span> <span class='ocrx_word' id='word_1_75' title='bbox 691 1344 887 1401; x_wconf 79' lang='grc' dir='ltr'>οὐσιῶν</span> <span class='ocrx_word' id='word_1_76' title='bbox 937 1342 1214 1418; x_wconf 76' lang='grc' dir='ltr'>ἐπίσκεψιν</span> <span class='ocrx_word' id='word_1_77' title='bbox 1269 1344 1517 1414; x_wconf 81' lang='grc' dir='ltr'>νοήσεσιν</span> <span class='ocrx_word' id='word_1_78' title='bbox 1587 1339 1788 1402; x_wconf 79' lang='grc' dir='ltr'>ἁπλαῖς</span> <span class='ocrx_word' id='word_1_79' title='bbox 1842 1338 1987 1413; x_wconf 81' lang='grc' dir='ltr'>ἐνερ-</span> 
     </span>
    </p>
   </div>
   <div class='ocr_carea' id='block_1_15' title="bbox 331 1426 1988 1514">
    <p class='ocr_par' dir='ltr' id='par_1_15' title="bbox 331 1426 1988 1514">
     <span class='ocr_line' id='line_1_15' title="bbox 331 1426 1988 1514; baseline -0.007 -22"><span class='ocrx_word' id='word_1_80' title='bbox 331 1442 436 1514; x_wconf 85' lang='grc' dir='ltr'>γεῖ,</span> <span class='ocrx_word' id='word_1_81' title='bbox 471 1435 604 1513; x_wconf 77' lang='grc' dir='ltr'>ὅπερ</span> <span class='ocrx_word' id='word_1_82' title='bbox 655 1434 766 1490; x_wconf 77' lang='grc' dir='ltr'>ἐστὶ</span> <span class='ocrx_word' id='word_1_83' title='bbox 795 1433 886 1489; x_wconf 85' lang='grc' dir='ltr'>καὶ</span> <span class='ocrx_word' id='word_1_84' title='bbox 942 1433 1148 1510; x_wconf 78' lang='grc' dir='ltr'>κυρίως</span> <span class='ocrx_word' id='word_1_85' title='bbox 1208 1436 1450 1508; x_wconf 80' lang='grc' dir='ltr'>θεωρεῖν’</span> <span class='ocrx_word' id='word_1_86' title='bbox 1501 1427 1655 1507; x_wconf 74' lang='grc' dir='ltr'>ἔργον</span> <span class='ocrx_word' id='word_1_87' title='bbox 1717 1426 1774 1483; x_wconf 78' lang='grc' dir='ltr'>δὲ</span> <span class='ocrx_word' id='word_1_88' title='bbox 1829 1433 1988 1482; x_wconf 81' lang='grc' dir='ltr'>τοῦτο</span> 
     </span>
    </p>
   </div>
   <div class='ocr_carea' id='block_1_16' title="bbox 339 1519 1992 1600">
    <p class='ocr_par' dir='ltr' id='par_1_16' title="bbox 339 1519 1992 1600">
     <span class='ocr_line' id='line_1_16' title="bbox 339 1519 1992 1600; baseline -0.007 -19"><span class='ocrx_word' id='word_1_89' title='bbox 339 1527 505 1600; x_wconf 83' lang='grc' dir='ltr'>μόνου</span> <span class='ocrx_word' id='word_1_90' title='bbox 556 1524 703 1588; x_wconf 74' lang='grc' dir='ltr'>νοόςο</span> <span class='ocrx_word' id='word_1_91' title='bbox 753 1525 788 1593; x_wconf 86' lang='grc' dir='ltr'>ἣ</span> <span class='ocrx_word' id='word_1_92' title='bbox 834 1521 958 1599; x_wconf 87' lang='grc' dir='ltr'>περῖ</span> <span class='ocrx_word' id='word_1_93' title='bbox 1005 1522 1072 1577; x_wconf 83' lang='grc' dir='ltr'>τὰ</span> <span class='ocrx_word' id='word_1_94' title='bbox 1117 1521 1347 1592; x_wconf 81' lang='grc' dir='ltr'>ἀκίνητα</span> <span class='ocrx_word' id='word_1_95' title='bbox 1409 1519 1763 1595; x_wconf 84' lang='grc' dir='ltr'>μαθηματικᾶ</span> <span class='ocrx_word' id='word_1_96' title='bbox 1820 1521 1992 1572; x_wconf 90' lang='grc' dir='ltr'>ποιεῖ-</span> 
     </span>
    </p>
   </div>
   <div class='ocr_carea' id='block_1_17' title="bbox 333 1608 1989 1687">
    <p class='ocr_par' dir='ltr' id='par_1_17' title="bbox 333 1608 1989 1687">
     <span class='ocr_line' id='line_1_17' title="bbox 333 1608 1989 1687; baseline -0.005 -17"><span class='ocrx_word' id='word_1_97' title='bbox 333 1636 423 1670; x_wconf 92' lang='grc' dir='ltr'><strong>ται</strong></span> <span class='ocrx_word' id='word_1_98' title='bbox 480 1613 780 1685; x_wconf 88' lang='grc' dir='ltr'>διανόησιν·</span> <span class='ocrx_word' id='word_1_99' title='bbox 815 1612 928 1668; x_wconf 77' lang='grc' dir='ltr'>οἶόν</span> <span class='ocrx_word' id='word_1_100' title='bbox 989 1611 1098 1667; x_wconf 82' lang='grc' dir='ltr'>ἐστι</span> <span class='ocrx_word' id='word_1_101' title='bbox 1154 1609 1220 1666; x_wconf 75' lang='grc' dir='ltr'>τὸ</span> <span class='ocrx_word' id='word_1_102' title='bbox 1275 1614 1604 1687; x_wconf 85' lang='grc' dir='ltr'>γεωμετρεῖν</span> <span class='ocrx_word' id='word_1_103' title='bbox 1662 1608 1989 1685; x_wconf 71' lang='grc' dir='ltr'>ὡρισμέναις</span> 
     </span>
    </p>
   </div>
   <div class='ocr_carea' id='block_1_18' title="bbox 341 1691 1988 1778">
    <p class='ocr_par' dir='ltr' id='par_1_18' title="bbox 341 1691 1988 1778">
     <span class='ocr_line' id='line_1_18' title="bbox 341 1691 1988 1778; baseline -0.006 -18"><span class='ocrx_word' id='word_1_104' title='bbox 341 1703 550 1778; x_wconf 69' lang='grc' dir='ltr'>μὶν,ού</span> <span class='ocrx_word' id='word_1_105' title='bbox 609 1704 716 1777; x_wconf 76' lang='grc' dir='ltr'><strong>μὴν</strong></span> <span class='ocrx_word' id='word_1_106' title='bbox 768 1699 972 1764; x_wconf 84' lang='grc' dir='ltr'>ἁπλαῖς</span> <span class='ocrx_word' id='word_1_107' title='bbox 1027 1695 1104 1756; x_wconf 76' lang='grc' dir='ltr'>ἔτι</span> <span class='ocrx_word' id='word_1_108' title='bbox 1163 1701 1452 1775; x_wconf 86' lang='grc' dir='ltr'>χρώμενον</span> <span class='ocrx_word' id='word_1_109' title='bbox 1501 1703 1620 1760; x_wconf 89' lang='grc' dir='ltr'>ταῖς</span> <span class='ocrx_word' id='word_1_110' title='bbox 1680 1691 1988 1768; x_wconf 78' lang='grc' dir='ltr'>ἐπιϐολαῖς,</span> 
     </span>
    </p>
   </div>
   <div class='ocr_carea' id='block_1_19' title="bbox 337 1786 1992 1861">
    <p class='ocr_par' dir='ltr' id='par_1_19' title="bbox 337 1786 1992 1861">
     <span class='ocr_line' id='line_1_19' title="bbox 337 1786 1992 1861; baseline -0.006 -12"><span class='ocrx_word' id='word_1_111' title='bbox 337 1792 485 1849; x_wconf 82' lang='grc' dir='ltr'><strong>ἀλλᾶ</strong></span> <span class='ocrx_word' id='word_1_112' title='bbox 531 1793 801 1858; x_wconf 81' lang='grc' dir='ltr'>συνθέτοις</span> <span class='ocrx_word' id='word_1_113' title='bbox 853 1791 944 1846; x_wconf 84' lang='grc' dir='ltr'>καὶ</span> <span class='ocrx_word' id='word_1_114' title='bbox 991 1790 1128 1845; x_wconf 83' lang='grc' dir='ltr'><strong>κατὰ</strong></span> <span class='ocrx_word' id='word_1_115' title='bbox 1171 1786 1430 1861; x_wconf 80' lang='grc' dir='ltr'>διέξοδον,</span> <span class='ocrx_word' id='word_1_116' title='bbox 1463 1787 1572 1843; x_wconf 82' lang='grc' dir='ltr'>οἷαί</span> <span class='ocrx_word' id='word_1_117' title='bbox 1619 1787 1748 1841; x_wconf 79' lang='grc' dir='ltr'>εἰσιν</span> <span class='ocrx_word' id='word_1_118' title='bbox 1796 1787 1850 1840; x_wconf 75' lang='grc' dir='ltr'>αἱ</span> <span class='ocrx_word' id='word_1_119' title='bbox 1891 1791 1992 1855; x_wconf 82' lang='grc' dir='ltr'>τῆς</span> 
     </span>
    </p>
   </div>
   <div class='ocr_carea' id='block_1_20' title="bbox 336 1874 1990 1958">
    <p class='ocr_par' dir='ltr' id='par_1_20' title="bbox 336 1874 1990 1958">
     <span class='ocr_line' id='line_1_20' title="bbox 336 1874 1990 1958; baseline -0.005 -20"><span class='ocrx_word' id='word_1_120' title='bbox 336 1884 571 1958; x_wconf 78' lang='grc' dir='ltr'>καθαρᾶς</span> <span class='ocrx_word' id='word_1_121' title='bbox 649 1879 889 1942; x_wconf 80' lang='grc' dir='ltr'>διανοίας</span> <span class='ocrx_word' id='word_1_122' title='bbox 975 1879 1254 1955; x_wconf 77' lang='grc' dir='ltr'>ἐνέργειαι.</span> <span class='ocrx_word' id='word_1_123' title='bbox 1321 1880 1390 1934; x_wconf 89' lang='grc' dir='ltr'>Ἢ</span> <span class='ocrx_word' id='word_1_124' title='bbox 1454 1878 1578 1954; x_wconf 87' lang='grc' dir='ltr'>περὶ</span> <span class='ocrx_word' id='word_1_125' title='bbox 1651 1877 1744 1938; x_wconf 80' lang='grc' dir='ltr'>τὰς</span> <span class='ocrx_word' id='word_1_126' title='bbox 1820 1874 1990 1930; x_wconf 86' lang='grc' dir='ltr'>ἀεικι-</span> 
     </span>
    </p>
   </div>
   <div class='ocr_carea' id='block_1_21' title="bbox 337 1965 1991 2044">
    <p class='ocr_par' dir='ltr' id='par_1_21' title="bbox 337 1965 1991 2044">
     <span class='ocr_line' id='line_1_21' title="bbox 337 1965 1991 2044; baseline -0.007 -16"><span class='ocrx_word' id='word_1_127' title='bbox 337 1974 534 2044; x_wconf 80' lang='grc' dir='ltr'>νήτους</span> <span class='ocrx_word' id='word_1_128' title='bbox 564 1970 823 2042; x_wconf 75' lang='grc' dir='ltr'>αἰσθητὰς</span> <span class='ocrx_word' id='word_1_129' title='bbox 855 1968 1038 2032; x_wconf 79' lang='grc' dir='ltr'>οὐσίας</span> <span class='ocrx_word' id='word_1_130' title='bbox 1068 1974 1306 2023; x_wconf 90' lang='grc' dir='ltr'>ποιεῖται</span> <span class='ocrx_word' id='word_1_131' title='bbox 1363 1969 1462 2037; x_wconf 82' lang='grc' dir='ltr'>τὴν</span> <span class='ocrx_word' id='word_1_132' title='bbox 1522 1967 1749 2040; x_wconf 88' lang='grc' dir='ltr'>θεωρίαν</span> <span class='ocrx_word' id='word_1_133' title='bbox 1801 1965 1991 2034; x_wconf 79' lang='grc' dir='ltr'>αἰσθή-</span> 
     </span>
    </p>
   </div>
   <div class='ocr_carea' id='block_1_22' title="bbox 340 2054 1996 2135">
    <p class='ocr_par' dir='ltr' id='par_1_22' title="bbox 340 2054 1996 2135">
     <span class='ocr_line' id='line_1_22' title="bbox 340 2054 1996 2135; baseline -0.006 -18"><span class='ocrx_word' id='word_1_134' title='bbox 340 2082 418 2117; x_wconf 88' lang='grc' dir='ltr'><strong>σει</strong></span> <span class='ocrx_word' id='word_1_135' title='bbox 455 2061 590 2134; x_wconf 78' lang='grc' dir='ltr'>μετὰ</span> <span class='ocrx_word' id='word_1_136' title='bbox 619 2057 893 2134; x_wconf 80' lang='grc' dir='ltr'>λογισμοῦ</span> <span class='ocrx_word' id='word_1_137' title='bbox 923 2059 1230 2135; x_wconf 84' lang='grc' dir='ltr'>χρώμενον.</span> <span class='ocrx_word' id='word_1_138' title='bbox 1265 2058 1390 2115; x_wconf 56' lang='lat' dir='ltr'><strong>om»</strong></span> <span class='ocrx_word' id='word_1_139' title='bbox 1453 2056 1562 2111; x_wconf 79' lang='grc' dir='ltr'>ἐστι</span> <span class='ocrx_word' id='word_1_140' title='bbox 1619 2055 1682 2108; x_wconf 87' lang='grc' dir='ltr'>τὸ</span> <span class='ocrx_word' id='word_1_141' title='bbox 1742 2054 1996 2130; x_wconf 85' lang='grc' dir='ltr'>ἀστρονο-</span> 
     </span>
    </p>
   </div>
   <div class='ocr_carea' id='block_1_23' title="bbox 343 2143 1992 2227">
    <p class='ocr_par' dir='ltr' id='par_1_23' title="bbox 343 2143 1992 2227">
     <span class='ocr_line' id='line_1_23' title="bbox 343 2143 1992 2227; baseline -0.005 -22"><span class='ocrx_word' id='word_1_142' title='bbox 343 2156 460 2224; x_wconf 84' lang='grc' dir='ltr'>μεῖν</span> <span class='ocrx_word' id='word_1_143' title='bbox 495 2150 821 2227; x_wconf 77' lang='grc' dir='ltr'>συμφώνους</span> <span class='ocrx_word' id='word_1_144' title='bbox 877 2154 992 2210; x_wconf 89' lang='grc' dir='ltr'>τοῖς</span> <span class='ocrx_word' id='word_1_145' title='bbox 1041 2148 1384 2226; x_wconf 82' lang='grc' dir='ltr'>φαινομένοις</span> <span class='ocrx_word' id='word_1_146' title='bbox 1433 2144 1562 2208; x_wconf 75' lang='grc' dir='ltr'>τοὺς</span> <span class='ocrx_word' id='word_1_147' title='bbox 1622 2143 1820 2221; x_wconf 87' lang='grc' dir='ltr'>λόγους</span> <span class='ocrx_word' id='word_1_148' title='bbox 1878 2144 1992 2198; x_wconf 83' lang='grc' dir='ltr'>ἐπι-</span> 
     </span>
    </p>
   </div>
   <div class='ocr_carea' id='block_1_24' title="bbox 341 2238 706 2314">
    <p class='ocr_par' dir='ltr' id='par_1_24' title="bbox 341 2238 706 2314">
     <span class='ocr_line' id='line_1_24' title="bbox 341 2238 706 2314; baseline -0.003 -19"><span class='ocrx_word' id='word_1_149' title='bbox 341 2238 706 2314; x_wconf 81' lang='grc' dir='ltr'>δεικνύμενον.</span> 
     </span>
    </p>
   </div>
   <div class='ocr_carea' id='block_1_25' title="bbox 411 2517 1992 2599">
    <p class='ocr_par' dir='ltr' id='par_1_25' title="bbox 411 2517 1992 2599">
     <span class='ocr_line' id='line_1_25' title="bbox 411 2517 1992 2599; baseline -0.005 -19"><span class='ocrx_word' id='word_1_150' title='bbox 411 2527 470 2582; x_wconf 89' lang='grc' dir='ltr'><strong>ε’.</strong></span> <span class='ocrx_word' id='word_1_151' title='bbox 503 2523 602 2579; x_wconf 83' lang='grc' dir='ltr'><strong>Καὶ</strong></span> <span class='ocrx_word' id='word_1_152' title='bbox 634 2522 807 2586; x_wconf 70' lang='grc' dir='ltr'>οὕτως</span> <span class='ocrx_word' id='word_1_153' title='bbox 837 2526 873 2594; x_wconf 79' lang='grc' dir='ltr'><strong>ἡ</strong></span> <span class='ocrx_word' id='word_1_154' title='bbox 909 2521 1014 2594; x_wconf 79' lang='grc' dir='ltr'><strong>ὅλη</strong></span> <span class='ocrx_word' id='word_1_155' title='bbox 1068 2525 1167 2592; x_wconf 79' lang='grc' dir='ltr'><strong>τῆς</strong></span> <span class='ocrx_word' id='word_1_156' title='bbox 1210 2522 1439 2599; x_wconf 82' lang='grc' dir='ltr'>Θεωρίας</span> <span class='ocrx_word' id='word_1_157' title='bbox 1488 2521 1732 2596; x_wconf 79' lang='grc' dir='ltr'>ἐνέργεια</span> <span class='ocrx_word' id='word_1_158' title='bbox 1792 2517 1992 2583; x_wconf 80' lang='grc' dir='ltr'>ἄνωθεν</span> 
     </span>
    </p>
   </div>
   <div class='ocr_carea' id='block_1_26' title="bbox 339 2609 1997 2688">
    <p class='ocr_par' dir='ltr' id='par_1_26' title="bbox 339 2609 1997 2688">
     <span class='ocr_line' id='line_1_26' title="bbox 339 2609 1997 2688; baseline -0.006 -17"><span class='ocrx_word' id='word_1_159' title='bbox 339 2615 446 2671; x_wconf 83' lang='grc' dir='ltr'><strong>ἀπὸ</strong></span> <span class='ocrx_word' id='word_1_160' title='bbox 476 2619 583 2670; x_wconf 89' lang='grc' dir='ltr'><strong>τῶν</strong></span> <span class='ocrx_word' id='word_1_161' title='bbox 617 2615 868 2688; x_wconf 82' lang='grc' dir='ltr'>καθαρῶν</span> <span class='ocrx_word' id='word_1_162' title='bbox 900 2615 1142 2685; x_wconf 66' lang='grc' dir='ltr'>νοῆσεων</span> <span class='ocrx_word' id='word_1_163' title='bbox 1177 2612 1265 2667; x_wconf 82' lang='grc' dir='ltr'>ἐπὶ</span> <span class='ocrx_word' id='word_1_164' title='bbox 1323 2611 1451 2674; x_wconf 76' lang='grc' dir='ltr'>τοὺς</span> <span class='ocrx_word' id='word_1_165' title='bbox 1514 2611 1628 2684; x_wconf 83' lang='grc' dir='ltr'>μετ’</span> <span class='ocrx_word' id='word_1_166' title='bbox 1693 2609 1997 2679; x_wconf 75' lang='grc' dir='ltr'>αἰσθήσεως</span> 
     </span>
    </p>
   </div>
   <div class='ocr_carea' id='block_1_27' title="bbox 341 2694 1994 2780">
    <p class='ocr_par' dir='ltr' id='par_1_27' title="bbox 341 2694 1994 2780">
     <span class='ocr_line' id='line_1_27' title="bbox 341 2694 1994 2780; baseline -0.005 -21"><span class='ocrx_word' id='word_1_167' title='bbox 341 2702 640 2780; x_wconf 80' lang='grc' dir='ltr'>λογισμοὺς</span> <span class='ocrx_word' id='word_1_168' title='bbox 671 2707 977 2779; x_wconf 90' lang='grc' dir='ltr'>προχωρεῖ.</span> <span class='ocrx_word' id='word_1_169' title='bbox 1010 2702 1081 2756; x_wconf 88' lang='grc' dir='ltr'><strong>Τὸ</strong></span> <span class='ocrx_word' id='word_1_170' title='bbox 1112 2702 1205 2776; x_wconf 73' lang='grc' dir='ltr'>μὲν</span> <span class='ocrx_word' id='word_1_171' title='bbox 1235 2698 1325 2756; x_wconf 79' lang='grc' dir='ltr'>οὗν</span> <span class='ocrx_word' id='word_1_172' title='bbox 1359 2704 1578 2776; x_wconf 87' lang='grc' dir='ltr'>θεωρεῖν</span> <span class='ocrx_word' id='word_1_173' title='bbox 1636 2697 1807 2760; x_wconf 79' lang='grc' dir='ltr'>οὕτως</span> <span class='ocrx_word' id='word_1_174' title='bbox 1867 2694 1994 2771; x_wconf 85' lang='grc' dir='ltr'>ἔχον</span> 
     </span>
    </p>
   </div>
   <div class='ocr_carea' id='block_1_28' title="bbox 343 2793 472 2851">
    <p class='ocr_par' dir='ltr' id='par_1_28' title="bbox 343 2793 472 2851">
     <span class='ocr_line' id='line_1_28' title="bbox 343 2793 472 2851; baseline 0.016 -3"><span class='ocrx_word' id='word_1_175' title='bbox 343 2793 472 2851; x_wconf 79' lang='grc' dir='ltr'>ἐστί.</span> 
     </span>
    </p>
   </div>
   <div class='ocr_carea' id='block_1_29' title="bbox 415 2893 2000 2973">
    <p class='ocr_par' dir='ltr' id='par_1_29' title="bbox 415 2893 2000 2973">
     <span class='ocr_line' id='line_1_29' title="bbox 415 2893 2000 2973; baseline -0.006 -17"><span class='ocrx_word' id='word_1_176' title='bbox 415 2907 476 2963; x_wconf 82' lang='grc' dir='ltr'><strong>ς’.</strong></span> <span class='ocrx_word' id='word_1_177' title='bbox 507 2901 578 2954; x_wconf 84' lang='grc' dir='ltr'>Τὸ</span> <span class='ocrx_word' id='word_1_178' title='bbox 637 2897 684 2954; x_wconf 87' lang='grc' dir='ltr'>δ’</span> <span class='ocrx_word' id='word_1_179' title='bbox 730 2901 1058 2973; x_wconf 76' lang='grc' dir='ltr'>ὁμωνυμοῦν</span> <span class='ocrx_word' id='word_1_180' title='bbox 1116 2902 1196 2970; x_wconf 81' lang='grc' dir='ltr'>τῷ</span> <span class='ocrx_word' id='word_1_181' title='bbox 1252 2895 1393 2971; x_wconf 81' lang='grc' dir='ltr'>γένει</span> <span class='ocrx_word' id='word_1_182' title='bbox 1445 2901 1642 2962; x_wconf 89' lang='grc' dir='ltr'>ποιεῖν,</span> <span class='ocrx_word' id='word_1_183' title='bbox 1693 2894 1745 2949; x_wconf 86' lang='grc' dir='ltr'>έν</span> <span class='ocrx_word' id='word_1_184' title='bbox 1801 2898 1880 2966; x_wconf 82' lang='grc' dir='ltr'>τῷ</span> <span class='ocrx_word' id='word_1_185' title='bbox 1933 2893 2000 2947; x_wconf 80' lang='grc' dir='ltr'>τὰ</span> 
     </span>
    </p>
   </div>
   <div class='ocr_carea' id='block_1_30' title="bbox 355 2981 1996 3063">
    <p class='ocr_par' dir='ltr' id='par_1_30' title="bbox 355 2981 1996 3063">
     <span class='ocr_line' id='line_1_30' title="bbox 355 2981 1996 3063; baseline -0.005 -19"><span class='ocrx_word' id='word_1_186' title='bbox 355 2986 494 3060; x_wconf 85' lang='grc' dir='ltr'>μηδέ</span> <span class='ocrx_word' id='word_1_187' title='bbox 538 3010 645 3043; x_wconf 90' lang='grc' dir='ltr'>που</span> <span class='ocrx_word' id='word_1_188' title='bbox 697 2987 832 3043; x_wconf 80' lang='grc' dir='ltr'>εἶναι</span> <span class='ocrx_word' id='word_1_189' title='bbox 881 2986 1199 3063; x_wconf 77' lang='grc' dir='ltr'>μετέχοντα,</span> <span class='ocrx_word' id='word_1_190' title='bbox 1247 2986 1324 3047; x_wconf 76' lang='grc' dir='ltr'>εἷς</span> <span class='ocrx_word' id='word_1_191' title='bbox 1365 2987 1428 3040; x_wconf 87' lang='grc' dir='ltr'>τὸ</span> <span class='ocrx_word' id='word_1_192' title='bbox 1478 2983 1611 3040; x_wconf 74' lang='grc' dir='ltr'>εἶναι</span> <span class='ocrx_word' id='word_1_193' title='bbox 1676 2981 1823 3058; x_wconf 80' lang='grc' dir='ltr'>ἄγειν</span> <span class='ocrx_word' id='word_1_194' title='bbox 1871 2983 1996 3060; x_wconf 79' lang='grc' dir='ltr'><strong>ὑφέ-</strong></span> 
     </span>
    </p>
   </div>
   <div class='ocr_carea' id='block_1_31' title="bbox 351 3071 2002 3150">
    <p class='ocr_par' dir='ltr' id='par_1_31' title="bbox 351 3071 2002 3150">
     <span class='ocr_line' id='line_1_31' title="bbox 351 3071 2002 3150; baseline -0.004 -18"><span class='ocrx_word' id='word_1_195' title='bbox 351 3099 532 3147; x_wconf 85' lang='grc' dir='ltr'>στηκε.</span> <span class='ocrx_word' id='word_1_196' title='bbox 582 3082 752 3132; x_wconf 77' lang='grc' dir='ltr'>Τοῦτο</span> <span class='ocrx_word' id='word_1_197' title='bbox 811 3073 869 3130; x_wconf 73' lang='grc' dir='ltr'>δὲ</span> <span class='ocrx_word' id='word_1_198' title='bbox 926 3076 1126 3150; x_wconf 83' lang='grc' dir='ltr'>κυρίως</span> <span class='ocrx_word' id='word_1_199' title='bbox 1181 3075 1270 3129; x_wconf 88' lang='grc' dir='ltr'><strong>καὶ</strong></span> <span class='ocrx_word' id='word_1_200' title='bbox 1331 3073 1573 3145; x_wconf 83' lang='grc' dir='ltr'>ἀληθῶς,</span> <span class='ocrx_word' id='word_1_201' title='bbox 1606 3073 1655 3127; x_wconf 83' lang='grc' dir='ltr'>ἐν</span> <span class='ocrx_word' id='word_1_202' title='bbox 1720 3071 1867 3146; x_wconf 84' lang='grc' dir='ltr'><strong>μόνῳ</strong></span> <span class='ocrx_word' id='word_1_203' title='bbox 1922 3075 2002 3142; x_wconf 78' lang='grc' dir='ltr'>τῷ</span> 
     </span>
    </p>
   </div>
   <div class='ocr_carea' id='block_1_32' title="bbox 349 3157 2001 3238">
    <p class='ocr_par' dir='ltr' id='par_1_32' title="bbox 349 3157 2001 3238">
     <span class='ocr_line' id='line_1_32' title="bbox 349 3157 2001 3238; baseline -0.004 -17"><span class='ocrx_word' id='word_1_204' title='bbox 349 3170 467 3238; x_wconf 78' lang='grc' dir='ltr'>Θεῷ</span> <span class='ocrx_word' id='word_1_205' title='bbox 515 3165 624 3220; x_wconf 83' lang='grc' dir='ltr'>ἐστι</span> <span class='ocrx_word' id='word_1_206' title='bbox 667 3171 746 3237; x_wconf 83' lang='grc' dir='ltr'>τῷ</span> <span class='ocrx_word' id='word_1_207' title='bbox 792 3165 967 3220; x_wconf 87' lang='grc' dir='ltr'>πάντα</span> <span class='ocrx_word' id='word_1_208' title='bbox 1005 3166 1074 3219; x_wconf 77' lang='grc' dir='ltr'>τὰ</span> <span class='ocrx_word' id='word_1_209' title='bbox 1122 3159 1249 3218; x_wconf 75' lang='grc' dir='ltr'>ὅντα</span> <span class='ocrx_word' id='word_1_210' title='bbox 1296 3163 1355 3217; x_wconf 82' lang='grc' dir='ltr'><strong>ἐκ</strong></span> <span class='ocrx_word' id='word_1_211' title='bbox 1401 3164 1476 3236; x_wconf 81' lang='grc' dir='ltr'>μὴ</span> <span class='ocrx_word' id='word_1_212' title='bbox 1530 3157 1698 3216; x_wconf 73' lang='grc' dir='ltr'>ὄντων</span> <span class='ocrx_word' id='word_1_213' title='bbox 1759 3181 2001 3236; x_wconf 85' lang='grc' dir='ltr'>παραγα-</span> 
     </span>
    </p>
   </div>
   <div class='ocr_carea' id='block_1_33' title="bbox 2023 1927 2070 1991">
    <p class='ocr_par' dir='ltr' id='par_1_33' title="bbox 2023 1927 2070 1991">
     <span class='ocr_line' id='line_1_33' title="bbox 2023 1927 2070 1991; baseline 0 0"><span class='ocrx_word' id='word_1_214' title='bbox 2023 1927 2070 1991; x_wconf 94' lang='grc' dir='ltr'>Β</span> 
     </span>
    </p>
   </div>
   <div class='ocr_carea' id='block_1_34' title="bbox 2095 633 3745 706">
    <p class='ocr_par' dir='ltr' id='par_1_34' title="bbox 2095 633 3745 706">
     <span class='ocr_line' id='line_1_34' title="bbox 2095 633 3745 706; baseline 0.004 -23"><span class='ocrx_word' id='word_1_215' title='bbox 2095 647 2227 685; x_wconf 90' lang='lat' dir='ltr'><strong>nem</strong></span> <span class='ocrx_word' id='word_1_216' title='bbox 2282 633 2603 704; x_wconf 80' lang='lat' dir='ltr'><strong>prolatione</strong></span> <span class='ocrx_word' id='word_1_217' title='bbox 2655 634 2925 706; x_wconf 83' lang='lat' dir='ltr'><strong>figurent.</strong></span> <span class='ocrx_word' id='word_1_218' title='bbox 2977 634 3252 699; x_wconf 63' lang='lat' dir='ltr'><strong>Quadam</strong></span> <span class='ocrx_word' id='word_1_219' title='bbox 3314 634 3567 706; x_wconf 88' lang='lat' dir='ltr'><strong>denique</strong></span> <span class='ocrx_word' id='word_1_220' title='bbox 3608 651 3745 690; x_wconf 87' lang='lat' dir='ltr'><strong>cum</strong></span> 
     </span>
    </p>
   </div>
   <div class='ocr_carea' id='block_1_35' title="bbox 2094 719 3750 796">
    <p class='ocr_par' dir='ltr' id='par_1_35' title="bbox 2094 719 3750 796">
     <span class='ocr_line' id='line_1_35' title="bbox 2094 719 3750 796; baseline 0.004 -22"><span class='ocrx_word' id='word_1_221' title='bbox 2094 719 2322 791; x_wconf 80' lang='lat' dir='ltr'><strong>passive</strong></span> <span class='ocrx_word' id='word_1_222' title='bbox 2353 723 2742 794; x_wconf 81' lang='lat' dir='ltr'><strong>proferantur,</strong></span> <span class='ocrx_word' id='word_1_223' title='bbox 2775 723 3064 780; x_wconf 83' lang='lat' dir='ltr'><strong>actionem</strong></span> <span class='ocrx_word' id='word_1_224' title='bbox 3096 728 3536 796; x_wconf 69' lang='lat' dir='ltr'><strong>repraesentant,</strong></span> <span class='ocrx_word' id='word_1_225' title='bbox 3569 729 3637 780; x_wconf 92' lang='lat' dir='ltr'><strong>ut</strong></span> <span class='ocrx_word' id='word_1_226' title='bbox 3665 724 3750 780; x_wconf 88' lang='lat' dir='ltr'><strong>in-</strong></span> 
     </span>
    </p>
   </div>
   <div class='ocr_carea' id='block_1_36' title="bbox 2095 809 2644 883">
    <p class='ocr_par' dir='ltr' id='par_1_36' title="bbox 2095 809 2644 883">
     <span class='ocr_line' id='line_1_36' title="bbox 2095 809 2644 883; baseline 0.007 -21"><span class='ocrx_word' id='word_1_227' title='bbox 2095 809 2255 880; x_wconf 84' lang='lat' dir='ltr'><strong>gredi</strong></span> <span class='ocrx_word' id='word_1_228' title='bbox 2288 815 2343 866; x_wconf 90' lang='lat' dir='ltr'><strong>et</strong></span> <span class='ocrx_word' id='word_1_229' title='bbox 2375 811 2644 883; x_wconf 58' lang='lat' dir='ltr'><strong>praeliari.</strong></span> 
     </span>
    </p>
   </div>
   <div class='ocr_carea' id='block_1_37' title="bbox 2167 986 3752 1063">
    <p class='ocr_par' dir='ltr' id='par_1_37' title="bbox 2167 986 3752 1063">
     <span class='ocr_line' id='line_1_37' title="bbox 2167 986 3752 1063; baseline 0.003 -21"><span class='ocrx_word' id='word_1_230' title='bbox 2167 987 2220 1043; x_wconf 91' lang='lat'><strong>3.</strong></span> <span class='ocrx_word' id='word_1_231' title='bbox 2252 986 2384 1044; x_wconf 88' lang='lat' dir='ltr'><strong>Jam</strong></span> <span class='ocrx_word' id='word_1_232' title='bbox 2435 1006 2566 1045; x_wconf 91' lang='lat' dir='ltr'><strong>vero</strong></span> <span class='ocrx_word' id='word_1_233' title='bbox 2596 989 2658 1043; x_wconf 88' lang='grc' dir='ltr'>τὸ</span> <span class='ocrx_word' id='word_1_234' title='bbox 2709 990 2896 1047; x_wconf 87' lang='lat' dir='ltr'><strong>facere</strong></span> <span class='ocrx_word' id='word_1_235' title='bbox 2939 994 2995 1045; x_wconf 92' lang='lat' dir='ltr'><strong>et</strong></span> <span class='ocrx_word' id='word_1_236' title='bbox 3044 989 3105 1046; x_wconf 89' lang='lat' dir='ltr'><strong>in</strong></span> <span class='ocrx_word' id='word_1_237' title='bbox 3156 989 3541 1063; x_wconf 89' lang='lat' dir='ltr'><strong>contemplari</strong></span> <span class='ocrx_word' id='word_1_238' title='bbox 3589 994 3648 1047; x_wconf 88' lang='lat' dir='ltr'><strong>et</strong></span> <span class='ocrx_word' id='word_1_239' title='bbox 3691 990 3752 1046; x_wconf 91' lang='lat' dir='ltr'><strong>in</strong></span> 
     </span>
    </p>
   </div>
   <div class='ocr_carea' id='block_1_38' title="bbox 2097 1077 3615 1153">
    <p class='ocr_par' dir='ltr' id='par_1_38' title="bbox 2097 1077 3615 1153">
     <span class='ocr_line' id='line_1_38' title="bbox 2097 1077 3615 1153; baseline 0.003 -22"><span class='ocrx_word' id='word_1_240' title='bbox 2097 1077 2459 1148; x_wconf 65' lang='lat' dir='ltr'><strong>aequivocum</strong></span> <span class='ocrx_word' id='word_1_241' title='bbox 2491 1079 2689 1151; x_wconf 85' lang='lat' dir='ltr'><strong>generi</strong></span> <span class='ocrx_word' id='word_1_242' title='bbox 2720 1080 2908 1136; x_wconf 87' lang='lat' dir='ltr'><strong>facere</strong></span> <span class='ocrx_word' id='word_1_243' title='bbox 2940 1085 2998 1135; x_wconf 92' lang='lat' dir='ltr'><strong>et</strong></span> <span class='ocrx_word' id='word_1_244' title='bbox 3030 1080 3090 1134; x_wconf 92' lang='lat' dir='ltr'><strong>in</strong></span> <span class='ocrx_word' id='word_1_245' title='bbox 3118 1096 3289 1153; x_wconf 89' lang='lat' dir='ltr'><strong>agere</strong></span> <span class='ocrx_word' id='word_1_246' title='bbox 3318 1079 3615 1136; x_wconf 83' lang='lat' dir='ltr'><strong>dividitur.</strong></span> 
     </span>
    </p>
   </div>
   <div class='ocr_carea' id='block_1_39' title="bbox 2170 1257 3752 1334">
    <p class='ocr_par' dir='ltr' id='par_1_39' title="bbox 2170 1257 3752 1334">
     <span class='ocr_line' id='line_1_39' title="bbox 2170 1257 3752 1334; baseline 0.003 -23"><span class='ocrx_word' id='word_1_247' title='bbox 2170 1259 2222 1312; x_wconf 75' lang='grc'><strong>4.</strong></span> <span class='ocrx_word' id='word_1_248' title='bbox 2258 1257 2650 1331; x_wconf 88' lang='lat' dir='ltr'><strong>Contemplari</strong></span> <span class='ocrx_word' id='word_1_249' title='bbox 2681 1259 2925 1331; x_wconf 86' lang='lat' dir='ltr'><strong>proinde</strong></span> <span class='ocrx_word' id='word_1_250' title='bbox 2972 1259 3212 1332; x_wconf 88' lang='lat' dir='ltr'><strong>quidem</strong></span> <span class='ocrx_word' id='word_1_251' title='bbox 3239 1259 3329 1315; x_wconf 89' lang='lat' dir='ltr'><strong>vel</strong></span> <span class='ocrx_word' id='word_1_252' title='bbox 3357 1259 3429 1314; x_wconf 90' lang='lat' dir='ltr'><strong>de</strong></span> <span class='ocrx_word' id='word_1_253' title='bbox 3473 1258 3752 1334; x_wconf 87' lang='lat' dir='ltr'><strong>intelligi-</strong></span> 
     </span>
    </p>
   </div>
   <div class='ocr_carea' id='block_1_40' title="bbox 2100 1345 3754 1406">
    <p class='ocr_par' dir='ltr' id='par_1_40' title="bbox 2100 1345 3754 1406">
     <span class='ocr_line' id='line_1_40' title="bbox 2100 1345 3754 1406; baseline 0.002 -4"><span class='ocrx_word' id='word_1_254' title='bbox 2100 1345 2318 1402; x_wconf 88' lang='lat' dir='ltr'><strong>bilibus</strong></span> <span class='ocrx_word' id='word_1_255' title='bbox 2347 1351 2404 1402; x_wconf 89' lang='lat' dir='ltr'><strong>et</strong></span> <span class='ocrx_word' id='word_1_256' title='bbox 2432 1348 2892 1404; x_wconf 89' lang='lat' dir='ltr'><strong>indivisibilibus</strong></span> <span class='ocrx_word' id='word_1_257' title='bbox 2941 1348 3290 1405; x_wconf 84' lang='lat' dir='ltr'><strong>substantiis</strong></span> <span class='ocrx_word' id='word_1_258' title='bbox 3339 1348 3754 1406; x_wconf 81' lang='lat' dir='ltr'><strong>consideratio-</strong></span> 
     </span>
    </p>
   </div>
   <div class='ocr_carea' id='block_1_41' title="bbox 2100 1437 3749 1510">
    <p class='ocr_par' dir='ltr' id='par_1_41' title="bbox 2100 1437 3749 1510">
     <span class='ocr_line' id='line_1_41' title="bbox 2100 1437 3749 1510; baseline 0.003 -21"><span class='ocrx_word' id='word_1_259' title='bbox 2100 1451 2233 1490; x_wconf 87' lang='lat' dir='ltr'><strong>nem</strong></span> <span class='ocrx_word' id='word_1_260' title='bbox 2294 1441 2532 1509; x_wconf 73' lang='lat' dir='ltr'><strong>praestat</strong></span> <span class='ocrx_word' id='word_1_261' title='bbox 2587 1438 2958 1510; x_wconf 90' lang='lat' dir='ltr'><strong>simplicibus</strong></span> <span class='ocrx_word' id='word_1_262' title='bbox 3017 1437 3530 1508; x_wconf 87' lang='lat' dir='ltr'><strong>intellectionibus,</strong></span> <span class='ocrx_word' id='word_1_263' title='bbox 3593 1439 3749 1510; x_wconf 91' lang='lat' dir='ltr'><strong>quod</strong></span> 
     </span>
    </p>
   </div>
   <div class='ocr_carea' id='block_1_42' title="bbox 2101 1523 3754 1597">
    <p class='ocr_par' dir='ltr' id='par_1_42' title="bbox 2101 1523 3754 1597">
     <span class='ocr_line' id='line_1_42' title="bbox 2101 1523 3754 1597; baseline 0.003 -20"><span class='ocrx_word' id='word_1_264' title='bbox 2101 1523 2277 1579; x_wconf 90' lang='lat' dir='ltr'><strong>etiam</strong></span> <span class='ocrx_word' id='word_1_265' title='bbox 2309 1524 2542 1596; x_wconf 88' lang='lat' dir='ltr'><strong>pr0prie</strong></span> <span class='ocrx_word' id='word_1_266' title='bbox 2592 1530 2680 1581; x_wconf 89' lang='lat' dir='ltr'><strong>est</strong></span> <span class='ocrx_word' id='word_1_267' title='bbox 2723 1524 3107 1597; x_wconf 89' lang='lat' dir='ltr'><strong>contemplari</strong></span> <span class='ocrx_word' id='word_1_268' title='bbox 3139 1525 3272 1594; x_wconf 93' lang='lat' dir='ltr'><strong>(hoc</strong></span> <span class='ocrx_word' id='word_1_269' title='bbox 3321 1531 3516 1582; x_wconf 88' lang='lat' dir='ltr'><strong>autem</strong></span> <span class='ocrx_word' id='word_1_270' title='bbox 3567 1525 3754 1583; x_wconf 90' lang='lat' dir='ltr'><strong>solius</strong></span> 
     </span>
    </p>
   </div>
   <div class='ocr_carea' id='block_1_43' title="bbox 2102 1613 3755 1686">
    <p class='ocr_par' dir='ltr' id='par_1_43' title="bbox 2102 1613 3755 1686">
     <span class='ocr_line' id='line_1_43' title="bbox 2102 1613 3755 1686; baseline 0.003 -19"><span class='ocrx_word' id='word_1_271' title='bbox 2102 1613 2316 1669; x_wconf 88' lang='lat' dir='ltr'><strong>mentis</strong></span> <span class='ocrx_word' id='word_1_272' title='bbox 2348 1630 2566 1669; x_wconf 90' lang='lat' dir='ltr'><strong>munus</strong></span> <span class='ocrx_word' id='word_1_273' title='bbox 2596 1615 2726 1686; x_wconf 88' lang='lat' dir='ltr'><strong>est),</strong></span> <span class='ocrx_word' id='word_1_274' title='bbox 2758 1614 2844 1670; x_wconf 87' lang='lat' dir='ltr'><strong>vel</strong></span> <span class='ocrx_word' id='word_1_275' title='bbox 2875 1614 3029 1670; x_wconf 87' lang='lat' dir='ltr'><strong>circa</strong></span> <span class='ocrx_word' id='word_1_276' title='bbox 3058 1613 3386 1670; x_wconf 84' lang='lat' dir='ltr'><strong>immobilia</strong></span> <span class='ocrx_word' id='word_1_277' title='bbox 3425 1614 3755 1672; x_wconf 86' lang='lat' dir='ltr'><strong>mathema-</strong></span> 
     </span>
    </p>
   </div>
   <div class='ocr_carea' id='block_1_44' title="bbox 2100 1701 3754 1776">
    <p class='ocr_par' dir='ltr' id='par_1_44' title="bbox 2100 1701 3754 1776">
     <span class='ocr_line' id='line_1_44' title="bbox 2100 1701 3754 1776; baseline 0.002 -20"><span class='ocrx_word' id='word_1_278' title='bbox 2100 1701 2218 1757; x_wconf 91' lang='lat' dir='ltr'><strong>tica</strong></span> <span class='ocrx_word' id='word_1_279' title='bbox 2262 1703 2818 1772; x_wconf 78' lang='lat' dir='ltr'><strong>commentationem</strong></span> <span class='ocrx_word' id='word_1_280' title='bbox 2867 1703 3010 1769; x_wconf 92' lang='lat' dir='ltr'><strong>obit,</strong></span> <span class='ocrx_word' id='word_1_281' title='bbox 3051 1703 3211 1759; x_wconf 91' lang='lat' dir='ltr'><strong>velut</strong></span> <span class='ocrx_word' id='word_1_282' title='bbox 3255 1708 3346 1759; x_wconf 91' lang='lat' dir='ltr'><strong>est</strong></span> <span class='ocrx_word' id='word_1_283' title='bbox 3394 1708 3754 1776; x_wconf 88' lang='lat' dir='ltr'><strong>geometram</strong></span> 
     </span>
    </p>
   </div>
   <div class='ocr_carea' id='block_1_45' title="bbox 2103 1791 3756 1864">
    <p class='ocr_par' dir='ltr' id='par_1_45' title="bbox 2103 1791 3756 1864">
     <span class='ocr_line' id='line_1_45' title="bbox 2103 1791 3756 1864; baseline 0.002 -19"><span class='ocrx_word' id='word_1_284' title='bbox 2103 1806 2310 1862; x_wconf 86' lang='lat' dir='ltr'><strong>agere;</strong></span> <span class='ocrx_word' id='word_1_285' title='bbox 2346 1791 2602 1846; x_wconf 83' lang='lat' dir='ltr'><strong>deﬁnitis</strong></span> <span class='ocrx_word' id='word_1_286' title='bbox 2636 1792 2873 1864; x_wconf 89' lang='lat' dir='ltr'><strong>quidem</strong></span> <span class='ocrx_word' id='word_1_287' title='bbox 2907 1792 3006 1847; x_wconf 88' lang='lat' dir='ltr'><strong>sed</strong></span> <span class='ocrx_word' id='word_1_288' title='bbox 3040 1808 3154 1846; x_wconf 92' lang='lat' dir='ltr'><strong>non</strong></span> <span class='ocrx_word' id='word_1_289' title='bbox 3183 1791 3436 1863; x_wconf 85' lang='lat' dir='ltr'><strong>amplius</strong></span> <span class='ocrx_word' id='word_1_290' title='bbox 3476 1793 3756 1864; x_wconf 86' lang='lat' dir='ltr'><strong>simplici-</strong></span> 
     </span>
    </p>
   </div>
   <div class='ocr_carea' id='block_1_46' title="bbox 2103 1879 3758 1953">
    <p class='ocr_par' dir='ltr' id='par_1_46' title="bbox 2103 1879 3758 1953">
     <span class='ocr_line' id='line_1_46' title="bbox 2103 1879 3758 1953; baseline 0.002 -19"><span class='ocrx_word' id='word_1_291' title='bbox 2103 1881 2214 1935; x_wconf 87' lang='lat' dir='ltr'><strong>bus</strong></span> <span class='ocrx_word' id='word_1_292' title='bbox 2244 1885 2415 1936; x_wconf 89' lang='lat' dir='ltr'><strong>utens</strong></span> <span class='ocrx_word' id='word_1_293' title='bbox 2447 1879 2956 1952; x_wconf 89' lang='lat' dir='ltr'><strong>applicationibus,</strong></span> <span class='ocrx_word' id='word_1_294' title='bbox 2984 1898 3184 1937; x_wconf 90' lang='lat' dir='ltr'><strong>verum</strong></span> <span class='ocrx_word' id='word_1_295' title='bbox 3216 1881 3558 1953; x_wconf 90' lang='lat' dir='ltr'><strong>compositis</strong></span> <span class='ocrx_word' id='word_1_296' title='bbox 3588 1887 3646 1937; x_wconf 92' lang='lat' dir='ltr'><strong>et</strong></span> <span class='ocrx_word' id='word_1_297' title='bbox 3673 1899 3758 1938; x_wconf 85' lang='lat' dir='ltr'><strong>se-</strong></span> 
     </span>
    </p>
   </div>
   <div class='ocr_carea' id='block_1_47' title="bbox 2103 1969 3757 2040">
    <p class='ocr_par' dir='ltr' id='par_1_47' title="bbox 2103 1969 3757 2040">
     <span class='ocr_line' id='line_1_47' title="bbox 2103 1969 3757 2040; baseline 0.002 -17"><span class='ocrx_word' id='word_1_298' title='bbox 2103 1971 2362 2024; x_wconf 89' lang='lat' dir='ltr'><strong>cundum</strong></span> <span class='ocrx_word' id='word_1_299' title='bbox 2388 1971 2702 2024; x_wconf 82' lang='lat' dir='ltr'><strong>transitum</strong></span> <span class='ocrx_word' id='word_1_300' title='bbox 2725 1971 2796 2024; x_wconf 89' lang='lat' dir='ltr'><strong>ab</strong></span> <span class='ocrx_word' id='word_1_301' title='bbox 2829 1987 2944 2025; x_wconf 91' lang='lat' dir='ltr'><strong>uno</strong></span> <span class='ocrx_word' id='word_1_302' title='bbox 2976 1971 3048 2024; x_wconf 91' lang='lat' dir='ltr'><strong>ad</strong></span> <span class='ocrx_word' id='word_1_303' title='bbox 3081 1969 3241 2025; x_wconf 82' lang='lat' dir='ltr'><strong>aliud</strong></span> <span class='ocrx_word' id='word_1_304' title='bbox 3273 1971 3475 2040; x_wconf 83' lang='lat' dir='ltr'><strong>quales</strong></span> <span class='ocrx_word' id='word_1_305' title='bbox 3498 1976 3638 2026; x_wconf 87' lang='lat' dir='ltr'><strong>sunt</strong></span> <span class='ocrx_word' id='word_1_306' title='bbox 3664 1988 3757 2027; x_wconf 86' lang='lat' dir='ltr'><strong>ac-</strong></span> 
     </span>
    </p>
   </div>
   <div class='ocr_carea' id='block_1_48' title="bbox 2102 2058 3761 2130">
    <p class='ocr_par' dir='ltr' id='par_1_48' title="bbox 2102 2058 3761 2130">
     <span class='ocr_line' id='line_1_48' title="bbox 2102 2058 3761 2130; baseline 0.002 -18"><span class='ocrx_word' id='word_1_307' title='bbox 2102 2063 2199 2113; x_wconf 90' lang='lat' dir='ltr'><strong>tus</strong></span> <span class='ocrx_word' id='word_1_308' title='bbox 2231 2074 2391 2130; x_wconf 82' lang='lat' dir='ltr'><strong>purae</strong></span> <span class='ocrx_word' id='word_1_309' title='bbox 2421 2058 2658 2114; x_wconf 64' lang='lat' dir='ltr'><strong>dianam:</strong></span> <span class='ocrx_word' id='word_1_310' title='bbox 2685 2076 2698 2126; x_wconf 88' lang='lat'><strong>;</strong></span> <span class='ocrx_word' id='word_1_311' title='bbox 2725 2059 2809 2113; x_wconf 89' lang='lat' dir='ltr'><strong>vel</strong></span> <span class='ocrx_word' id='word_1_312' title='bbox 2844 2059 2999 2114; x_wconf 90' lang='lat' dir='ltr'><strong>circa</strong></span> <span class='ocrx_word' id='word_1_313' title='bbox 3026 2075 3259 2130; x_wconf 86' lang='lat' dir='ltr'><strong>semper</strong></span> <span class='ocrx_word' id='word_1_314' title='bbox 3289 2059 3532 2116; x_wconf 87' lang='lat' dir='ltr'><strong>mobiles</strong></span> <span class='ocrx_word' id='word_1_315' title='bbox 3555 2067 3610 2116; x_wconf 89' lang='lat' dir='ltr'><strong>et</strong></span> <span class='ocrx_word' id='word_1_316' title='bbox 3629 2076 3761 2116; x_wconf 89' lang='lat' dir='ltr'><strong>sen-</strong></span> 
     </span>
    </p>
   </div>
   <div class='ocr_carea' id='block_1_49' title="bbox 2105 2146 3756 2220">
    <p class='ocr_par' dir='ltr' id='par_1_49' title="bbox 2105 2146 3756 2220">
     <span class='ocr_line' id='line_1_49' title="bbox 2105 2146 3756 2220; baseline 0.001 -17"><span class='ocrx_word' id='word_1_317' title='bbox 2105 2146 2304 2203; x_wconf 85' lang='lat' dir='ltr'><strong>sibiles</strong></span> <span class='ocrx_word' id='word_1_318' title='bbox 2337 2148 2696 2203; x_wconf 87' lang='lat' dir='ltr'><strong>substantias</strong></span> <span class='ocrx_word' id='word_1_319' title='bbox 2716 2147 3207 2218; x_wconf 88' lang='lat' dir='ltr'><strong>contemplatione</strong></span> <span class='ocrx_word' id='word_1_320' title='bbox 3221 2149 3562 2220; x_wconf 86' lang='lat' dir='ltr'><strong>defungitur</strong></span> <span class='ocrx_word' id='word_1_321' title='bbox 3579 2165 3756 2205; x_wconf 87' lang='lat' dir='ltr'><strong>sensu</strong></span> 
     </span>
    </p>
   </div>
   <div class='ocr_carea' id='block_1_50' title="bbox 2106 2236 3758 2306">
    <p class='ocr_par' dir='ltr' id='par_1_50' title="bbox 2106 2236 3758 2306">
     <span class='ocr_line' id='line_1_50' title="bbox 2106 2236 3758 2306; baseline 0.001 -14"><span class='ocrx_word' id='word_1_322' title='bbox 2106 2253 2242 2292; x_wconf 91' lang='lat' dir='ltr'><strong>cum</strong></span> <span class='ocrx_word' id='word_1_323' title='bbox 2294 2236 2737 2292; x_wconf 88' lang='lat' dir='ltr'><strong>ratiocinatione</strong></span> <span class='ocrx_word' id='word_1_324' title='bbox 2786 2241 2998 2306; x_wconf 87' lang='lat' dir='ltr'><strong>utens;</strong></span> <span class='ocrx_word' id='word_1_325' title='bbox 3031 2236 3188 2292; x_wconf 92' lang='lat' dir='ltr'><strong>velut</strong></span> <span class='ocrx_word' id='word_1_326' title='bbox 3216 2243 3305 2293; x_wconf 90' lang='lat' dir='ltr'><strong>est</strong></span> <span class='ocrx_word' id='word_1_327' title='bbox 3353 2241 3758 2294; x_wconf 88' lang='lat' dir='ltr'><strong>astronomum</strong></span> 
     </span>
    </p>
   </div>
   <div class='ocr_carea' id='block_1_51' title="bbox 2107 2325 3761 2398">
    <p class='ocr_par' dir='ltr' id='par_1_51' title="bbox 2107 2325 3761 2398">
     <span class='ocr_line' id='line_1_51' title="bbox 2107 2325 3761 2398; baseline 0.002 -18"><span class='ocrx_word' id='word_1_328' title='bbox 2107 2340 2277 2396; x_wconf 87' lang='lat' dir='ltr'><strong>agere</strong></span> <span class='ocrx_word' id='word_1_329' title='bbox 2306 2325 2810 2382; x_wconf 86' lang='lat' dir='ltr'><strong>consentientibus</strong></span> <span class='ocrx_word' id='word_1_330' title='bbox 2842 2325 3224 2397; x_wconf 78' lang='lat' dir='ltr'><strong>phasnomena</strong></span> <span class='ocrx_word' id='word_1_331' title='bbox 3254 2343 3356 2382; x_wconf 90' lang='lat' dir='ltr'><strong>seu</strong></span> <span class='ocrx_word' id='word_1_332' title='bbox 3387 2327 3761 2398; x_wconf 88' lang='lat' dir='ltr'><strong>apparentias</strong></span> 
     </span>
    </p>
   </div>
   <div class='ocr_carea' id='block_1_52' title="bbox 2107 2414 2953 2471">
    <p class='ocr_par' dir='ltr' id='par_1_52' title="bbox 2107 2414 2953 2471">
     <span class='ocr_line' id='line_1_52' title="bbox 2107 2414 2953 2471; baseline 0.002 -3"><span class='ocrx_word' id='word_1_333' title='bbox 2107 2414 2429 2470; x_wconf 86' lang='lat' dir='ltr'><strong>rationibus</strong></span> <span class='ocrx_word' id='word_1_334' title='bbox 2461 2420 2953 2471; x_wconf 86' lang='lat' dir='ltr'><strong>commonstrans.</strong></span> 
     </span>
    </p>
   </div>
   <div class='ocr_carea' id='block_1_53' title="bbox 2175 2521 3764 2594">
    <p class='ocr_par' dir='ltr' id='par_1_53' title="bbox 2175 2521 3764 2594">
     <span class='ocr_line' id='line_1_53' title="bbox 2175 2521 3764 2594; baseline 0.002 -19"><span class='ocrx_word' id='word_1_335' title='bbox 2175 2523 2229 2576; x_wconf 88' lang='lat'>5.</span> <span class='ocrx_word' id='word_1_336' title='bbox 2247 2525 2438 2592; x_wconf 87' lang='lat' dir='ltr'><strong>Atque</strong></span> <span class='ocrx_word' id='word_1_337' title='bbox 2467 2521 2548 2576; x_wconf 90' lang='lat' dir='ltr'><strong>ita</strong></span> <span class='ocrx_word' id='word_1_338' title='bbox 2581 2525 2699 2576; x_wconf 89' lang='lat' dir='ltr'><strong>tota</strong></span> <span class='ocrx_word' id='word_1_339' title='bbox 2727 2523 3239 2594; x_wconf 88' lang='lat' dir='ltr'><strong>contemplationis</strong></span> <span class='ocrx_word' id='word_1_340' title='bbox 3267 2523 3488 2578; x_wconf 80' lang='lat' dir='ltr'><strong>functio</strong></span> <span class='ocrx_word' id='word_1_341' title='bbox 3511 2538 3764 2594; x_wconf 90' lang='lat' dir='ltr'><strong>superne</strong></span> 
     </span>
    </p>
   </div>
   <div class='ocr_carea' id='block_1_54' title="bbox 2107 2609 3758 2682">
    <p class='ocr_par' dir='ltr' id='par_1_54' title="bbox 2107 2609 3758 2682">
     <span class='ocr_line' id='line_1_54' title="bbox 2107 2609 3758 2682; baseline 0.001 -18"><span class='ocrx_word' id='word_1_342' title='bbox 2107 2627 2141 2664; x_wconf 90' lang='lat' dir='ltr'><strong>a</strong></span> <span class='ocrx_word' id='word_1_343' title='bbox 2199 2609 2362 2682; x_wconf 91' lang='lat' dir='ltr'><strong>puris</strong></span> <span class='ocrx_word' id='word_1_344' title='bbox 2413 2609 2906 2666; x_wconf 89' lang='lat' dir='ltr'><strong>intellectionibus</strong></span> <span class='ocrx_word' id='word_1_345' title='bbox 2957 2611 3026 2666; x_wconf 90' lang='lat' dir='ltr'><strong>ad</strong></span> <span class='ocrx_word' id='word_1_346' title='bbox 3076 2611 3550 2667; x_wconf 86' lang='lat' dir='ltr'><strong>ratiocinationes</strong></span> <span class='ocrx_word' id='word_1_347' title='bbox 3606 2612 3758 2668; x_wconf 72' lang='lat'><strong>229</strong></span> 
     </span>
    </p>
   </div>
   <div class='ocr_carea' id='block_1_55' title="bbox 2107 2700 3766 2773">
    <p class='ocr_par' dir='ltr' id='par_1_55' title="bbox 2107 2700 3766 2773">
     <span class='ocr_line' id='line_1_55' title="bbox 2107 2700 3766 2773; baseline 0.001 -19"><span class='ocrx_word' id='word_1_348' title='bbox 2107 2715 2242 2754; x_wconf 90' lang='lat' dir='ltr'><strong>cum</strong></span> <span class='ocrx_word' id='word_1_349' title='bbox 2275 2716 2450 2754; x_wconf 89' lang='lat' dir='ltr'><strong>sensu</strong></span> <span class='ocrx_word' id='word_1_350' title='bbox 2477 2701 2711 2769; x_wconf 89' lang='lat' dir='ltr'><strong>junctas</strong></span> <span class='ocrx_word' id='word_1_351' title='bbox 2741 2700 3042 2772; x_wconf 88' lang='lat' dir='ltr'><strong>procedit;</strong></span> <span class='ocrx_word' id='word_1_352' title='bbox 3072 2701 3135 2753; x_wconf 84' lang='grc' dir='ltr'>τὸ</span> <span class='ocrx_word' id='word_1_353' title='bbox 3168 2700 3553 2772; x_wconf 89' lang='lat' dir='ltr'><strong>contemplari</strong></span> <span class='ocrx_word' id='word_1_354' title='bbox 3583 2700 3766 2773; x_wconf 80' lang='lat' dir='ltr'><strong>igitur</strong></span> 
     </span>
    </p>
   </div>
   <div class='ocr_carea' id='block_1_56' title="bbox 2107 2788 2507 2843">
    <p class='ocr_par' dir='ltr' id='par_1_56' title="bbox 2107 2788 2507 2843">
     <span class='ocr_line' id='line_1_56' title="bbox 2107 2788 2507 2843; baseline 0.003 -1"><span class='ocrx_word' id='word_1_355' title='bbox 2107 2788 2190 2843; x_wconf 91' lang='lat' dir='ltr'><strong>ita</strong></span> <span class='ocrx_word' id='word_1_356' title='bbox 2219 2805 2280 2843; x_wconf 92' lang='lat' dir='ltr'><strong>se</strong></span> <span class='ocrx_word' id='word_1_357' title='bbox 2312 2788 2507 2843; x_wconf 91' lang='lat' dir='ltr'><strong>habet.</strong></span> 
     </span>
    </p>
   </div>
   <div class='ocr_carea' id='block_1_57' title="bbox 2177 2895 3762 2968">
    <p class='ocr_par' dir='ltr' id='par_1_57' title="bbox 2177 2895 3762 2968">
     <span class='ocr_line' id='line_1_57' title="bbox 2177 2895 3762 2968; baseline 0.001 -20"><span class='ocrx_word' id='word_1_358' title='bbox 2177 2896 2231 2948; x_wconf 89' lang='lat'><strong>6.</strong></span> <span class='ocrx_word' id='word_1_359' title='bbox 2267 2895 2429 2960; x_wconf 89' lang='lat' dir='ltr'><strong>Quod</strong></span> <span class='ocrx_word' id='word_1_360' title='bbox 2463 2899 2656 2950; x_wconf 88' lang='lat' dir='ltr'><strong>autem</strong></span> <span class='ocrx_word' id='word_1_361' title='bbox 2703 2896 2901 2967; x_wconf 85' lang='lat' dir='ltr'><strong>generi</strong></span> <span class='ocrx_word' id='word_1_362' title='bbox 2930 2895 3292 2968; x_wconf 74' lang='lat' dir='ltr'><strong>aequivocum</strong></span> <span class='ocrx_word' id='word_1_363' title='bbox 3321 2900 3411 2952; x_wconf 91' lang='lat' dir='ltr'><strong>est</strong></span> <span class='ocrx_word' id='word_1_364' title='bbox 3462 2895 3669 2964; x_wconf 88' lang='lat' dir='ltr'><strong>facere,</strong></span> <span class='ocrx_word' id='word_1_365' title='bbox 3701 2896 3762 2950; x_wconf 90' lang='lat' dir='ltr'><strong>in</strong></span> 
     </span>
    </p>
   </div>
   <div class='ocr_carea' id='block_1_58' title="bbox 2107 2984 3764 3058">
    <p class='ocr_par' dir='ltr' id='par_1_58' title="bbox 2107 2984 3764 3058">
     <span class='ocr_line' id='line_1_58' title="bbox 2107 2984 3764 3058; baseline 0.001 -20"><span class='ocrx_word' id='word_1_366' title='bbox 2107 2984 2217 3039; x_wconf 92' lang='lat' dir='ltr'><strong>hoc</strong></span> <span class='ocrx_word' id='word_1_367' title='bbox 2249 2985 2404 3055; x_wconf 94' lang='lat' dir='ltr'><strong>quod</strong></span> <span class='ocrx_word' id='word_1_368' title='bbox 2437 2990 2526 3039; x_wconf 91' lang='lat' dir='ltr'><strong>est</strong></span> <span class='ocrx_word' id='word_1_369' title='bbox 2555 2985 2612 3038; x_wconf 92' lang='lat' dir='ltr'><strong>in</strong></span> <span class='ocrx_word' id='word_1_370' title='bbox 2647 3001 2774 3040; x_wconf 88' lang='lat' dir='ltr'><strong>esse</strong></span> <span class='ocrx_word' id='word_1_371' title='bbox 2805 2986 3090 3041; x_wconf 84' lang='lat' dir='ltr'><strong>deducere</strong></span> <span class='ocrx_word' id='word_1_372' title='bbox 3110 3001 3177 3040; x_wconf 91' lang='lat' dir='ltr'><strong>ea</strong></span> <span class='ocrx_word' id='word_1_373' title='bbox 3205 3002 3332 3056; x_wconf 64' lang='lat' dir='ltr'><strong>qua;</strong></span> <span class='ocrx_word' id='word_1_374' title='bbox 3362 3002 3492 3041; x_wconf 90' lang='lat' dir='ltr'><strong>esse</strong></span> <span class='ocrx_word' id='word_1_375' title='bbox 3522 3001 3764 3058; x_wconf 90' lang='lat' dir='ltr'><strong>prorsus</strong></span> 
     </span>
    </p>
   </div>
   <div class='ocr_carea' id='block_1_59' title="bbox 2110 3073 3764 3146">
    <p class='ocr_par' dir='ltr' id='par_1_59' title="bbox 2110 3073 3764 3146">
     <span class='ocr_line' id='line_1_59' title="bbox 2110 3073 3764 3146; baseline 0.001 -19"><span class='ocrx_word' id='word_1_376' title='bbox 2110 3090 2226 3128; x_wconf 90' lang='lat' dir='ltr'><strong>non</strong></span> <span class='ocrx_word' id='word_1_377' title='bbox 2262 3073 3035 3143; x_wconf 86' lang='lat' dir='ltr'><strong>habuerunt,consistit.Hoc</strong></span> <span class='ocrx_word' id='word_1_378' title='bbox 3065 3079 3261 3129; x_wconf 87' lang='lat' dir='ltr'><strong>autem</strong></span> <span class='ocrx_word' id='word_1_379' title='bbox 3286 3075 3515 3146; x_wconf 86' lang='lat' dir='ltr'><strong>proprie</strong></span> <span class='ocrx_word' id='word_1_380' title='bbox 3545 3079 3602 3128; x_wconf 90' lang='lat' dir='ltr'><strong>et</strong></span> <span class='ocrx_word' id='word_1_381' title='bbox 3631 3089 3764 3130; x_wconf 91' lang='lat' dir='ltr'><strong>vere</strong></span> 
     </span>
    </p>
   </div>
   <div class='ocr_carea' id='block_1_60' title="bbox 2109 3163 3765 3233">
    <p class='ocr_par' dir='ltr' id='par_1_60' title="bbox 2109 3163 3765 3233">
     <span class='ocr_line' id='line_1_60' title="bbox 2109 3163 3765 3233; baseline 0.001 -16"><span class='ocrx_word' id='word_1_382' title='bbox 2109 3163 2169 3217; x_wconf 90' lang='lat' dir='ltr'><strong>in</strong></span> <span class='ocrx_word' id='word_1_383' title='bbox 2201 3163 2324 3217; x_wconf 90' lang='lat' dir='ltr'><strong>solo</strong></span> <span class='ocrx_word' id='word_1_384' title='bbox 2376 3167 2488 3217; x_wconf 86' lang='lat' dir='ltr'><strong>Deo</strong></span> <span class='ocrx_word' id='word_1_385' title='bbox 2520 3167 2630 3228; x_wconf 90' lang='lat' dir='ltr'><strong>est,</strong></span> <span class='ocrx_word' id='word_1_386' title='bbox 2664 3163 2765 3233; x_wconf 94' lang='lat' dir='ltr'><strong>qui</strong></span> <span class='ocrx_word' id='word_1_387' title='bbox 2813 3164 3012 3218; x_wconf 88' lang='lat' dir='ltr'><strong>omnia</strong></span> <span class='ocrx_word' id='word_1_388' title='bbox 3043 3164 3198 3220; x_wconf 90' lang='lat' dir='ltr'><strong>entia</strong></span> <span class='ocrx_word' id='word_1_389' title='bbox 3244 3181 3313 3219; x_wconf 83' lang='lat' dir='ltr'><strong>ex</strong></span> <span class='ocrx_word' id='word_1_390' title='bbox 3362 3181 3478 3219; x_wconf 90' lang='lat' dir='ltr'><strong>non</strong></span> <span class='ocrx_word' id='word_1_391' title='bbox 3529 3164 3765 3219; x_wconf 86' lang='lat' dir='ltr'><strong>entibus</strong></span> 
     </span>
    </p>
   </div>
   <div class='ocr_carea' id='block_1_61' title="bbox 346 3245 2003 3360">
    <p class='ocr_par' dir='ltr' id='par_1_61' title="bbox 346 3245 1998 3360">
     <span class='ocr_line' id='line_1_61' title="bbox 346 3245 1998 3332; baseline -0.004 -23"><span class='ocrx_word' id='word_1_392' title='bbox 346 3255 495 3332; x_wconf 89' lang='grc' dir='ltr'>γόντι</span> <span class='ocrx_word' id='word_1_393' title='bbox 525 3255 588 3309; x_wconf 87' lang='grc' dir='ltr'>τὸ</span> <span class='ocrx_word' id='word_1_394' title='bbox 617 3259 855 3330; x_wconf 86' lang='grc' dir='ltr'>πρῶτον,</span> <span class='ocrx_word' id='word_1_395' title='bbox 887 3253 976 3309; x_wconf 87' lang='grc' dir='ltr'><strong>καὶ</strong></span> <span class='ocrx_word' id='word_1_396' title='bbox 1008 3251 1160 3316; x_wconf 72' lang='grc' dir='ltr'>αὖθις</span> <span class='ocrx_word' id='word_1_397' title='bbox 1189 3253 1241 3324; x_wconf 80' lang='grc' dir='ltr'>ἐξ</span> <span class='ocrx_word' id='word_1_398' title='bbox 1273 3248 1442 3307; x_wconf 74' lang='grc' dir='ltr'>ὄντων</span> <span class='ocrx_word' id='word_1_399' title='bbox 1473 3252 1539 3306; x_wconf 82' lang='grc' dir='ltr'>τὰ</span> <span class='ocrx_word' id='word_1_400' title='bbox 1595 3252 1670 3324; x_wconf 87' lang='grc' dir='ltr'>μή</span> <span class='ocrx_word' id='word_1_401' title='bbox 1722 3245 1850 3304; x_wconf 72' lang='grc' dir='ltr'>ὄντα</span> <span class='ocrx_word' id='word_1_402' title='bbox 1894 3269 1998 3330; x_wconf 57' lang='grc' dir='ltr'><strong>πατ</strong></span> 
     </span>
     <span class='ocr_line' id='line_1_62' title="bbox 400 3339 1960 3360; baseline 0 0"><span class='ocrx_word' id='word_1_403' title='bbox 400 3346 410 3360; x_wconf 82' lang='grc'><strong><em>1</em></strong></span> <span class='ocrx_word' id='word_1_404' title='bbox 636 3353 645 3360; x_wconf 90' lang='grc'>.</span> <span class='ocrx_word' id='word_1_405' title='bbox 674 3344 685 3360; x_wconf 78' lang='grc' dir='ltr'><strong>Ι</strong></span> <span class='ocrx_word' id='word_1_406' title='bbox 920 3339 964 3360; x_wconf 49' lang='grc' dir='ltr'><strong>ἢκ</strong></span> <span class='ocrx_word' id='word_1_407' title='bbox 1095 3342 1111 3360; x_wconf 79' lang='lat'><strong><em>\</em></strong></span> <span class='ocrx_word' id='word_1_408' title='bbox 1197 3343 1210 3360; x_wconf 71' lang='grc' dir='ltr'><em>ι</em></span> <span class='ocrx_word' id='word_1_409' title='bbox 1305 3340 1314 3360; x_wconf 72' lang='grc' dir='ltr'><strong>Ι</strong></span> <span class='ocrx_word' id='word_1_410' title='bbox 1625 3345 1648 3355; x_wconf 64' lang='grc' dir='ltr'><strong>ε’</strong></span> <span class='ocrx_word' id='word_1_411' title='bbox 1772 3340 1784 3358; x_wconf 73' lang='lat'>‘</span> <span class='ocrx_word' id='word_1_412' title='bbox 1851 3358 1883 3360; x_wconf 32' lang='grc' dir='ltr'>κε</span> <span class='ocrx_word' id='word_1_413' title='bbox 1904 3358 1915 3360; x_wconf 84' lang='grc'><strong>-</strong></span> <span class='ocrx_word' id='word_1_414' title='bbox 1947 3340 1960 3360; x_wconf 78' lang='grc' dir='ltr'><strong><em>Ι</em></strong></span> 
     </span>
    </p>
   </div>
   <div class='ocr_carea' id='block_1_62' title="bbox 2130 3245 3768 3360">
    <p class='ocr_par' dir='ltr' id='par_1_62' title="bbox 2130 3252 3768 3360">
     <span class='ocr_line' id='line_1_63' title="bbox 2130 3252 3768 3324; baseline 0.001 -18"><span class='ocrx_word' id='word_1_415' title='bbox 2130 3253 2385 3307; x_wconf 81' lang='lat' dir='ltr'><strong>)roduxit</strong></span> <span class='ocrx_word' id='word_1_416' title='bbox 2414 3252 2757 3323; x_wconf 86' lang='lat' dir='ltr'><strong>primum,et</strong></span> <span class='ocrx_word' id='word_1_417' title='bbox 2776 3253 2991 3308; x_wconf 90' lang='lat' dir='ltr'><strong>iterum</strong></span> <span class='ocrx_word' id='word_1_418' title='bbox 3021 3270 3088 3307; x_wconf 84' lang='lat' dir='ltr'><strong>ex</strong></span> <span class='ocrx_word' id='word_1_419' title='bbox 3109 3253 3584 3324; x_wconf 83' lang='lat' dir='ltr'><strong>entibus(in)non</strong></span> <span class='ocrx_word' id='word_1_420' title='bbox 3607 3252 3768 3309; x_wconf 90' lang='lat' dir='ltr'><strong>entia</strong></span> 
     </span>
     <span class='ocr_line' id='line_1_64' title="bbox 2152 3341 3732 3360; baseline 0 -2"><span class='ocrx_word' id='word_1_421' title='bbox 2152 3341 2336 3360; x_wconf 49' lang='grc' dir='ltr'><strong>,ληει</strong></span> <span class='ocrx_word' id='word_1_422' title='bbox 2385 3341 2661 3360; x_wconf 24' lang='lat' dir='ltr'><strong>“summ,</strong></span> <span class='ocrx_word' id='word_1_423' title='bbox 2707 3358 2715 3360; x_wconf 11' lang='grc' dir='ltr'><em>ᾗ</em></span> <span class='ocrx_word' id='word_1_424' title='bbox 2760 3341 2794 3360; x_wconf 25' lang='grc' dir='ltr'><strong>κε</strong></span> <span class='ocrx_word' id='word_1_425' title='bbox 3272 3344 3296 3360; x_wconf 69' lang='grc' dir='ltr'><strong>ι.</strong></span> <span class='ocrx_word' id='word_1_426' title='bbox 3374 3359 3377 3360; x_wconf 29' lang='grc' dir='ltr'>ν</span> <span class='ocrx_word' id='word_1_427' title='bbox 3436 3359 3505 3360; x_wconf 38' lang='grc' dir='ltr'>η</span> <span class='ocrx_word' id='word_1_428' title='bbox 3600 3342 3732 3360; x_wconf 30' lang='grc' dir='ltr'>ν</span> 
     </span>
    </p>
   </div>
   <div class='ocr_carea' id='block_1_63' title="bbox 349 3339 2000 3422">
    <p class='ocr_par' dir='ltr' id='par_1_63' title="bbox 349 3339 2000 3422">
     <span class='ocr_line' id='line_1_65' title="bbox 349 3339 2000 3422; baseline -0.001 -24"><span class='ocrx_word' id='word_1_429' title='bbox 349 3346 585 3422; x_wconf 83' lang='grc' dir='ltr'>ράγοντι.</span> <span class='ocrx_word' id='word_1_430' title='bbox 619 3344 882 3419; x_wconf 88' lang='grc' dir='ltr'>Λέγονται</span> <span class='ocrx_word' id='word_1_431' title='bbox 917 3339 975 3397; x_wconf 74' lang='grc' dir='ltr'>δὲ</span> <span class='ocrx_word' id='word_1_432' title='bbox 1023 3342 1112 3397; x_wconf 82' lang='grc' dir='ltr'>καὶ</span> <span class='ocrx_word' id='word_1_433' title='bbox 1162 3343 1217 3396; x_wconf 77' lang='grc' dir='ltr'>αἱ</span> <span class='ocrx_word' id='word_1_434' title='bbox 1263 3340 1453 3418; x_wconf 87' lang='grc' dir='ltr'>τέχναι</span> <span class='ocrx_word' id='word_1_435' title='bbox 1499 3345 1675 3395; x_wconf 90' lang='grc' dir='ltr'>ποιεῖν</span> <span class='ocrx_word' id='word_1_436' title='bbox 1728 3340 1796 3394; x_wconf 76' lang='grc' dir='ltr'>τὰ</span> <span class='ocrx_word' id='word_1_437' title='bbox 1850 3340 2000 3414; x_wconf 75' lang='grc' dir='ltr'>χρή-</span> 
     </span>
    </p>
   </div>
   <div class='ocr_carea' id='block_1_64' title="bbox 347 3429 2002 3510">
    <p class='ocr_par' dir='ltr' id='par_1_64' title="bbox 347 3429 2002 3510">
     <span class='ocr_line' id='line_1_66' title="bbox 347 3429 2002 3510; baseline -0.005 -21"><span class='ocrx_word' id='word_1_438' title='bbox 347 3454 482 3508; x_wconf 88' lang='grc' dir='ltr'>σιμα</span> <span class='ocrx_word' id='word_1_439' title='bbox 526 3433 664 3510; x_wconf 86' lang='grc' dir='ltr'>πρὸς</span> <span class='ocrx_word' id='word_1_440' title='bbox 716 3434 818 3503; x_wconf 76' lang='grc' dir='ltr'><strong>τὴν</strong></span> <span class='ocrx_word' id='word_1_441' title='bbox 878 3431 1194 3504; x_wconf 78' lang='grc' dir='ltr'>αὐτάρκειαν</span> <span class='ocrx_word' id='word_1_442' title='bbox 1255 3435 1351 3486; x_wconf 79' lang='grc' dir='ltr'>τοῦ</span> <span class='ocrx_word' id='word_1_443' title='bbox 1409 3429 1530 3505; x_wconf 85' lang='grc' dir='ltr'>βίου</span> <span class='ocrx_word' id='word_1_444' title='bbox 1560 3429 2002 3504; x_wconf 83' lang='grc' dir='ltr'>παρασκευάζου-</span> 
     </span>
    </p>
   </div>
   <div class='ocr_carea' id='block_1_65' title="bbox 345 3543 459 3580">
    <p class='ocr_par' dir='ltr' id='par_1_65' title="bbox 345 3543 459 3580">
     <span class='ocr_line' id='line_1_67' title="bbox 345 3543 459 3580; baseline 0.018 -2"><span class='ocrx_word' id='word_1_445' title='bbox 345 3543 459 3580; x_wconf 89' lang='grc' dir='ltr'>σαι.</span> 
     </span>
    </p>
   </div>
   <div class='ocr_carea' id='block_1_66' title="bbox 423 3625 2004 3704">
    <p class='ocr_par' dir='ltr' id='par_1_66' title="bbox 423 3625 2004 3704">
     <span class='ocr_line' id='line_1_68' title="bbox 423 3625 2004 3704; baseline -0.005 -18"><span class='ocrx_word' id='word_1_446' title='bbox 423 3634 480 3698; x_wconf 84' lang='grc' dir='ltr'><strong>ζ’.</strong></span> <span class='ocrx_word' id='word_1_447' title='bbox 512 3629 584 3684; x_wconf 85' lang='grc' dir='ltr'><strong>Τὸ</strong></span> <span class='ocrx_word' id='word_1_448' title='bbox 624 3627 684 3684; x_wconf 71' lang='grc' dir='ltr'>δὲ</span> <span class='ocrx_word' id='word_1_449' title='bbox 729 3627 981 3704; x_wconf 84' lang='grc' dir='ltr'>πράττειν</span> <span class='ocrx_word' id='word_1_450' title='bbox 1041 3627 1130 3684; x_wconf 71' lang='grc' dir='ltr'><strong>ἐπὶ</strong></span> <span class='ocrx_word' id='word_1_451' title='bbox 1179 3632 1275 3682; x_wconf 79' lang='grc' dir='ltr'>τοῦ</span> <span class='ocrx_word' id='word_1_452' title='bbox 1317 3627 1691 3703; x_wconf 89' lang='grc' dir='ltr'>προαιρεῖσθαι</span> <span class='ocrx_word' id='word_1_453' title='bbox 1738 3625 1827 3680; x_wconf 84' lang='grc' dir='ltr'>καὶ</span> <span class='ocrx_word' id='word_1_454' title='bbox 1881 3625 2004 3700; x_wconf 88' lang='grc' dir='ltr'>βου-</span> 
     </span>
    </p>
   </div>
   <div class='ocr_carea' id='block_1_67' title="bbox 347 3708 2005 3792">
    <p class='ocr_par' dir='ltr' id='par_1_67' title="bbox 347 3708 2005 3792">
     <span class='ocr_line' id='line_1_69' title="bbox 347 3708 2005 3792; baseline -0.004 -19"><span class='ocrx_word' id='word_1_455' title='bbox 347 3715 596 3773; x_wconf 75' lang='grc' dir='ltr'>Λεύεσθαι</span> <span class='ocrx_word' id='word_1_456' title='bbox 654 3717 747 3773; x_wconf 84' lang='grc' dir='ltr'><strong>καὶ</strong></span> <span class='ocrx_word' id='word_1_457' title='bbox 802 3714 1148 3792; x_wconf 83' lang='grc' dir='ltr'>δογματίζειν</span> <span class='ocrx_word' id='word_1_458' title='bbox 1204 3716 1294 3772; x_wconf 79' lang='grc' dir='ltr'>καὶ</span> <span class='ocrx_word' id='word_1_459' title='bbox 1349 3721 1458 3771; x_wconf 91' lang='grc' dir='ltr'><strong>τῶν</strong></span> <span class='ocrx_word' id='word_1_460' title='bbox 1520 3715 1725 3790; x_wconf 82' lang='grc' dir='ltr'>ὁμοίων</span> <span class='ocrx_word' id='word_1_461' title='bbox 1788 3708 2005 3788; x_wconf 80' lang='grc' dir='ltr'>λαμϐά-</span> 
     </span>
    </p>
   </div>
   <div class='ocr_carea' id='block_1_68' title="bbox 346 3827 524 3864">
    <p class='ocr_par' dir='ltr' id='par_1_68' title="bbox 346 3827 524 3864">
     <span class='ocr_line' id='line_1_70' title="bbox 346 3827 524 3864; baseline 0.017 -4"><span class='ocrx_word' id='word_1_462' title='bbox 346 3827 524 3864; x_wconf 88' lang='grc' dir='ltr'>νεται.</span> 
     </span>
    </p>
   </div>
   <div class='ocr_carea' id='block_1_69' title="bbox 418 3910 2010 3989">
    <p class='ocr_par' dir='ltr' id='par_1_69' title="bbox 418 3910 2010 3989">
     <span class='ocr_line' id='line_1_71' title="bbox 418 3910 2010 3989; baseline -0.004 -19"><span class='ocrx_word' id='word_1_463' title='bbox 418 3914 490 3982; x_wconf 83' lang='grc' dir='ltr'><strong>η’.</strong></span> <span class='ocrx_word' id='word_1_464' title='bbox 520 3915 671 3976; x_wconf 72' lang='grc' dir='ltr'>Τινὲς</span> <span class='ocrx_word' id='word_1_465' title='bbox 703 3911 762 3968; x_wconf 75' lang='grc' dir='ltr'><strong>δὲ</strong></span> <span class='ocrx_word' id='word_1_466' title='bbox 792 3913 1086 3985; x_wconf 82' lang='grc' dir='ltr'>ποιητικὰς</span> <span class='ocrx_word' id='word_1_467' title='bbox 1151 3914 1245 3987; x_wconf 70' lang='grc' dir='ltr'><strong>μέν</strong></span> <span class='ocrx_word' id='word_1_468' title='bbox 1306 3913 1525 3989; x_wconf 91' lang='grc' dir='ltr'>λέγουσι</span> <span class='ocrx_word' id='word_1_469' title='bbox 1572 3911 1768 3988; x_wconf 83' lang='grc' dir='ltr'>τέχνας</span> <span class='ocrx_word' id='word_1_470' title='bbox 1819 3913 1894 3965; x_wconf 83' lang='grc' dir='ltr'>ῶν</span> <span class='ocrx_word' id='word_1_471' title='bbox 1943 3910 2010 3965; x_wconf 84' lang='grc' dir='ltr'>τὰ</span> 
     </span>
    </p>
   </div>
   <div class='ocr_carea' id='block_1_70' title="bbox 336 3997 2009 4078">
    <p class='ocr_par' dir='ltr' id='par_1_70' title="bbox 336 3997 2009 4078">
     <span class='ocr_line' id='line_1_72' title="bbox 336 3997 2009 4078; baseline -0.002 -22"><span class='ocrx_word' id='word_1_472' title='bbox 336 4001 754 4077; x_wconf 82' lang='grc' dir='ltr'>ἀποτεΛέσματα</span> <span class='ocrx_word' id='word_1_473' title='bbox 783 4005 1082 4078; x_wconf 85' lang='grc' dir='ltr'>παραμένει</span> <span class='ocrx_word' id='word_1_474' title='bbox 1131 4003 1266 4075; x_wconf 85' lang='grc' dir='ltr'>μετά</span> <span class='ocrx_word' id='word_1_475' title='bbox 1323 4004 1421 4072; x_wconf 80' lang='grc' dir='ltr'>τὴν</span> <span class='ocrx_word' id='word_1_476' title='bbox 1477 4001 1722 4071; x_wconf 86' lang='grc' dir='ltr'>ποίησιν·</span> <span class='ocrx_word' id='word_1_477' title='bbox 1758 4001 1834 4062; x_wconf 85' lang='grc' dir='ltr'><strong>ὡς</strong></span> <span class='ocrx_word' id='word_1_478' title='bbox 1893 3997 2009 4074; x_wconf 78' lang='grc' dir='ltr'>ἔχει</span> 
     </span>
    </p>
   </div>
   <div class='ocr_carea' id='block_1_71' title="bbox 339 4087 2015 4168">
    <p class='ocr_par' dir='ltr' id='par_1_71' title="bbox 339 4087 2015 4168">
     <span class='ocr_line' id='line_1_73' title="bbox 339 4087 2015 4168; baseline -0.002 -23"><span class='ocrx_word' id='word_1_479' title='bbox 339 4093 378 4160; x_wconf 77' lang='grc' dir='ltr'><strong>ἡ</strong></span> <span class='ocrx_word' id='word_1_480' title='bbox 439 4088 770 4165; x_wconf 83' lang='grc' dir='ltr'>οἰκοδομικὴ</span> <span class='ocrx_word' id='word_1_481' title='bbox 829 4091 921 4146; x_wconf 86' lang='grc' dir='ltr'>καὶ</span> <span class='ocrx_word' id='word_1_482' title='bbox 977 4094 1316 4168; x_wconf 78' lang='grc' dir='ltr'>ναυπηγική·</span> <span class='ocrx_word' id='word_1_483' title='bbox 1349 4091 1650 4168; x_wconf 80' lang='grc' dir='ltr'>πρακτικὰς</span> <span class='ocrx_word' id='word_1_484' title='bbox 1701 4087 1779 4162; x_wconf 74' lang='grc' dir='ltr'>δὲ,</span> <span class='ocrx_word' id='word_1_485' title='bbox 1815 4090 1889 4143; x_wconf 78' lang='grc' dir='ltr'><strong>ὧν</strong></span> <span class='ocrx_word' id='word_1_486' title='bbox 1946 4090 2015 4142; x_wconf 83' lang='grc' dir='ltr'>τὰ</span> 
     </span>
    </p>
   </div>
   <div class='ocr_carea' id='block_1_72' title="bbox 342 4175 2014 4258">
    <p class='ocr_par' dir='ltr' id='par_1_72' title="bbox 342 4175 2014 4258">
     <span class='ocr_line' id='line_1_74' title="bbox 342 4175 2014 4258; baseline -0.002 -23"><span class='ocrx_word' id='word_1_487' title='bbox 342 4179 764 4254; x_wconf 82' lang='grc' dir='ltr'>ἀποτελέσματα</span> <span class='ocrx_word' id='word_1_488' title='bbox 820 4180 872 4236; x_wconf 83' lang='grc' dir='ltr'>ἐν</span> <span class='ocrx_word' id='word_1_489' title='bbox 931 4186 1010 4254; x_wconf 80' lang='grc' dir='ltr'><strong>τῷ</strong></span> <span class='ocrx_word' id='word_1_490' title='bbox 1063 4179 1304 4258; x_wconf 87' lang='grc' dir='ltr'>γίνεσθαι</span> <span class='ocrx_word' id='word_1_491' title='bbox 1364 4182 1426 4235; x_wconf 89' lang='grc' dir='ltr'>τὸ</span> <span class='ocrx_word' id='word_1_492' title='bbox 1494 4179 1631 4234; x_wconf 80' lang='grc' dir='ltr'>εἶναι</span> <span class='ocrx_word' id='word_1_493' title='bbox 1686 4175 1909 4254; x_wconf 84' lang='grc' dir='ltr'>ἔχοντα,</span> <span class='ocrx_word' id='word_1_494' title='bbox 1953 4176 2014 4231; x_wconf 81' lang='grc' dir='ltr'>οὗ</span> 
     </span>
    </p>
   </div>
   <div class='ocr_carea' id='block_1_73' title="bbox 344 4263 2020 4345">
    <p class='ocr_par' dir='ltr' id='par_1_73' title="bbox 344 4263 2020 4345">
     <span class='ocr_line' id='line_1_75' title="bbox 344 4263 2020 4345; baseline 0.001 -22"><span class='ocrx_word' id='word_1_495' title='bbox 344 4269 669 4345; x_wconf 88' lang='grc' dir='ltr'>παραμένει·</span> <span class='ocrx_word' id='word_1_496' title='bbox 733 4269 808 4330; x_wconf 84' lang='grc' dir='ltr'>ὡς</span> <span class='ocrx_word' id='word_1_497' title='bbox 859 4267 946 4324; x_wconf 82' lang='grc' dir='ltr'><strong>ἐπὶ</strong></span> <span class='ocrx_word' id='word_1_498' title='bbox 1011 4276 1112 4338; x_wconf 82' lang='grc' dir='ltr'><strong>τῆς</strong></span> <span class='ocrx_word' id='word_1_499' title='bbox 1169 4268 1476 4341; x_wconf 75' lang='grc' dir='ltr'>αὐλητικῆς</span> <span class='ocrx_word' id='word_1_500' title='bbox 1532 4263 1672 4325; x_wconf 70' lang='grc' dir='ltr'>ἔστιν</span> <span class='ocrx_word' id='word_1_501' title='bbox 1734 4269 1860 4344; x_wconf 80' lang='grc' dir='ltr'><strong>ὁρᾷν</strong></span> <span class='ocrx_word' id='word_1_502' title='bbox 1921 4271 2020 4325; x_wconf 78' lang='grc' dir='ltr'>καὶ</span> 
     </span>
    </p>
   </div>
   <div class='ocr_carea' id='block_1_74' title="bbox 350 4357 718 4435">
    <p class='ocr_par' dir='ltr' id='par_1_74' title="bbox 350 4357 718 4435">
     <span class='ocr_line' id='line_1_76' title="bbox 350 4357 718 4435; baseline 0.008 -22"><span class='ocrx_word' id='word_1_503' title='bbox 350 4357 718 4435; x_wconf 85' lang='grc' dir='ltr'>ὀρχηστικῆς.</span> 
     </span>
    </p>
   </div>
   <div class='ocr_carea' id='block_1_75' title="bbox 424 4550 2019 4629">
    <p class='ocr_par' dir='ltr' id='par_1_75' title="bbox 424 4550 2019 4629">
     <span class='ocr_line' id='line_1_77' title="bbox 424 4550 2019 4629; baseline -0.001 -21"><span class='ocrx_word' id='word_1_504' title='bbox 424 4555 486 4611; x_wconf 87' lang='grc' dir='ltr'><strong>θ’.</strong></span> <span class='ocrx_word' id='word_1_505' title='bbox 520 4558 813 4629; x_wconf 85' lang='grc' dir='ltr'>Θεωρεῖται</span> <span class='ocrx_word' id='word_1_506' title='bbox 871 4551 929 4609; x_wconf 70' lang='grc' dir='ltr'>δὲ</span> <span class='ocrx_word' id='word_1_507' title='bbox 985 4554 1075 4610; x_wconf 81' lang='grc' dir='ltr'><strong>καὶ</strong></span> <span class='ocrx_word' id='word_1_508' title='bbox 1129 4553 1180 4608; x_wconf 84' lang='grc' dir='ltr'><strong>έν</strong></span> <span class='ocrx_word' id='word_1_509' title='bbox 1242 4553 1480 4629; x_wconf 82' lang='grc' dir='ltr'>ἀψύχοις</span> <span class='ocrx_word' id='word_1_510' title='bbox 1511 4552 1574 4608; x_wconf 85' lang='grc' dir='ltr'>τὸ</span> <span class='ocrx_word' id='word_1_511' title='bbox 1605 4560 1806 4622; x_wconf 84' lang='grc' dir='ltr'>ποιεῖν,</span> <span class='ocrx_word' id='word_1_512' title='bbox 1839 4550 2019 4627; x_wconf 81' lang='grc' dir='ltr'>ὥσπερ</span> 
     </span>
    </p>
   </div>
   <div class='ocr_carea' id='block_1_76' title="bbox 353 4640 2020 4719">
    <p class='ocr_par' dir='ltr' id='par_1_76' title="bbox 353 4640 2020 4719">
     <span class='ocr_line' id='line_1_78' title="bbox 353 4640 2020 4719; baseline -0.003 -21"><span class='ocrx_word' id='word_1_513' title='bbox 353 4641 424 4711; x_wconf 84' lang='grc' dir='ltr'>δὴ</span> <span class='ocrx_word' id='word_1_514' title='bbox 478 4642 570 4697; x_wconf 85' lang='grc' dir='ltr'><strong>καὶ</strong></span> <span class='ocrx_word' id='word_1_515' title='bbox 624 4643 686 4697; x_wconf 75' lang='grc' dir='ltr'>τὸ</span> <span class='ocrx_word' id='word_1_516' title='bbox 743 4643 998 4719; x_wconf 81' lang='grc' dir='ltr'>πάσχειν.</span> <span class='ocrx_word' id='word_1_517' title='bbox 1063 4644 1178 4698; x_wconf 79' lang='grc' dir='ltr'>οἷον</span> <span class='ocrx_word' id='word_1_518' title='bbox 1231 4643 1296 4698; x_wconf 86' lang='grc' dir='ltr'>τὸ</span> <span class='ocrx_word' id='word_1_519' title='bbox 1353 4647 1462 4719; x_wconf 86' lang='grc' dir='ltr'><strong>πῦρ</strong></span> <span class='ocrx_word' id='word_1_520' title='bbox 1520 4641 1820 4717; x_wconf 87' lang='grc' dir='ltr'>θερμαίνει,</span> <span class='ocrx_word' id='word_1_521' title='bbox 1851 4640 1944 4696; x_wconf 85' lang='grc' dir='ltr'>καὶ</span> <span class='ocrx_word' id='word_1_522' title='bbox 1991 4641 2020 4694; x_wconf 91' lang='grc' dir='ltr'><strong>ὁ</strong></span> 
     </span>
    </p>
   </div>
   <div class='ocr_carea' id='block_1_77' title="bbox 351 4727 2017 4808">
    <p class='ocr_par' dir='ltr' id='par_1_77' title="bbox 351 4727 2017 4808">
     <span class='ocr_line' id='line_1_79' title="bbox 351 4727 2017 4808; baseline -0.001 -24"><span class='ocrx_word' id='word_1_523' title='bbox 351 4727 700 4808; x_wconf 84' lang='grc' dir='ltr'>κρύσταλλος</span> <span class='ocrx_word' id='word_1_524' title='bbox 756 4729 945 4806; x_wconf 81' lang='grc' dir='ltr'>ψύχει,</span> <span class='ocrx_word' id='word_1_525' title='bbox 1004 4730 1095 4787; x_wconf 83' lang='grc' dir='ltr'>καὶ</span> <span class='ocrx_word' id='word_1_526' title='bbox 1142 4733 1206 4786; x_wconf 86' lang='grc' dir='ltr'>τὸ</span> <span class='ocrx_word' id='word_1_527' title='bbox 1272 4729 1430 4801; x_wconf 83' lang='grc' dir='ltr'>ξύλον</span> <span class='ocrx_word' id='word_1_528' title='bbox 1512 4729 1784 4805; x_wconf 78' lang='grc' dir='ltr'>τέμνεται,</span> <span class='ocrx_word' id='word_1_529' title='bbox 1845 4729 1934 4785; x_wconf 87' lang='grc' dir='ltr'><strong>καὶ</strong></span> <span class='ocrx_word' id='word_1_530' title='bbox 1989 4730 2017 4783; x_wconf 87' lang='grc' dir='ltr'><strong>ὁ</strong></span> 
     </span>
    </p>
   </div>
   <div class='ocr_carea' id='block_1_78' title="bbox 355 4816 1497 4896">
    <p class='ocr_par' dir='ltr' id='par_1_78' title="bbox 355 4816 1497 4896">
     <span class='ocr_line' id='line_1_80' title="bbox 355 4816 1497 4896; baseline 0.003 -23"><span class='ocrx_word' id='word_1_531' title='bbox 355 4816 514 4881; x_wconf 86' lang='grc' dir='ltr'>λίθος</span> <span class='ocrx_word' id='word_1_532' title='bbox 543 4817 907 4894; x_wconf 84' lang='grc' dir='ltr'>θερμαίνεται,</span> <span class='ocrx_word' id='word_1_533' title='bbox 939 4818 1032 4874; x_wconf 79' lang='grc' dir='ltr'>καί</span> <span class='ocrx_word' id='word_1_534' title='bbox 1057 4817 1210 4884; x_wconf 76' lang='grc' dir='ltr'>αὖθις</span> <span class='ocrx_word' id='word_1_535' title='bbox 1241 4820 1497 4896; x_wconf 82' lang='grc' dir='ltr'>ψύχεται.</span> 
     </span>
    </p>
   </div>
   <div class='ocr_carea' id='block_1_79' title="bbox 435 4924 2021 5005">
    <p class='ocr_par' dir='ltr' id='par_1_79' title="bbox 435 4924 2021 5005">
     <span class='ocr_line' id='line_1_81' title="bbox 435 4924 2021 5005; baseline 0.001 -27"><span class='ocrx_word' id='word_1_536' title='bbox 435 4927 484 4980; x_wconf 91' lang='grc' dir='ltr'><strong>ι’.</strong></span> <span class='ocrx_word' id='word_1_537' title='bbox 516 4929 622 4980; x_wconf 78' lang='grc' dir='ltr'>Τοῦ</span> <span class='ocrx_word' id='word_1_538' title='bbox 669 4927 901 5003; x_wconf 85' lang='grc' dir='ltr'>πάσχειν</span> <span class='ocrx_word' id='word_1_539' title='bbox 963 4924 1021 4981; x_wconf 75' lang='grc' dir='ltr'>δὲ</span> <span class='ocrx_word' id='word_1_540' title='bbox 1047 4927 1111 4981; x_wconf 83' lang='grc' dir='ltr'>τὸ</span> <span class='ocrx_word' id='word_1_541' title='bbox 1167 4927 1262 5000; x_wconf 73' lang='grc' dir='ltr'><strong>μὲν</strong></span> <span class='ocrx_word' id='word_1_542' title='bbox 1319 4926 1429 4988; x_wconf 82' lang='grc' dir='ltr'>ἔστι</span> <span class='ocrx_word' id='word_1_543' title='bbox 1481 4928 1796 5005; x_wconf 77' lang='grc' dir='ltr'>φθαρτικὸν,</span> <span class='ocrx_word' id='word_1_544' title='bbox 1830 4927 1904 4988; x_wconf 84' lang='grc' dir='ltr'><strong>ὡς</strong></span> <span class='ocrx_word' id='word_1_545' title='bbox 1958 4927 2021 4980; x_wconf 90' lang='grc' dir='ltr'>τὸ</span> 
     </span>
    </p>
   </div>
   <div class='ocr_carea' id='block_1_80' title="bbox 356 5013 2020 5090">
    <p class='ocr_par' dir='ltr' id='par_1_80' title="bbox 356 5013 2020 5090">
     <span class='ocr_line' id='line_1_82' title="bbox 356 5013 2020 5090; baseline -0.002 -19"><span class='ocrx_word' id='word_1_546' title='bbox 356 5014 624 5089; x_wconf 84' lang='grc' dir='ltr'>καίεσθαι,</span> <span class='ocrx_word' id='word_1_547' title='bbox 680 5015 744 5071; x_wconf 85' lang='grc' dir='ltr'>τὸ</span> <span class='ocrx_word' id='word_1_548' title='bbox 799 5013 859 5071; x_wconf 72' lang='grc' dir='ltr'>δὲ</span> <span class='ocrx_word' id='word_1_549' title='bbox 909 5013 1283 5087; x_wconf 85' lang='grc' dir='ltr'>τελειωτικὸν,</span> <span class='ocrx_word' id='word_1_550' title='bbox 1331 5017 1408 5079; x_wconf 82' lang='grc' dir='ltr'><strong>ὡς</strong></span> <span class='ocrx_word' id='word_1_551' title='bbox 1466 5017 1529 5070; x_wconf 86' lang='grc' dir='ltr'>τὸ</span> <span class='ocrx_word' id='word_1_552' title='bbox 1592 5017 1872 5090; x_wconf 86' lang='grc' dir='ltr'>μανθάνειν</span> <span class='ocrx_word' id='word_1_553' title='bbox 1931 5014 2020 5070; x_wconf 88' lang='grc' dir='ltr'>καὶ</span> 
     </span>
    </p>
   </div>
   <div class='ocr_carea' id='block_1_81' title="bbox 360 5103 1165 5181">
    <p class='ocr_par' dir='ltr' id='par_1_81' title="bbox 360 5103 1165 5181">
     <span class='ocr_line' id='line_1_83' title="bbox 360 5103 1165 5181; baseline 0.004 -22"><span class='ocrx_word' id='word_1_554' title='bbox 360 5104 649 5181; x_wconf 87' lang='grc' dir='ltr'>γινώσκειν</span> <span class='ocrx_word' id='word_1_555' title='bbox 681 5105 772 5160; x_wconf 81' lang='grc' dir='ltr'>καὶ</span> <span class='ocrx_word' id='word_1_556' title='bbox 803 5103 1165 5162; x_wconf 78' lang='grc' dir='ltr'>αἰσθάνεσθαι.</span> 
     </span>
    </p>
   </div>
   <div class='ocr_carea' id='block_1_82' title="bbox 444 5208 2024 5288">
    <p class='ocr_par' dir='ltr' id='par_1_82' title="bbox 444 5208 2024 5288">
     <span class='ocr_line' id='line_1_84' title="bbox 444 5208 2024 5288; baseline 0.001 -24"><span class='ocrx_word' id='word_1_557' title='bbox 444 5218 524 5268; x_wconf 86' lang='grc' dir='ltr'><strong>ια’.</strong></span> <span class='ocrx_word' id='word_1_558' title='bbox 561 5210 624 5269; x_wconf 82' lang='grc' dir='ltr'><strong>Εἰ</strong></span> <span class='ocrx_word' id='word_1_559' title='bbox 657 5208 714 5266; x_wconf 78' lang='grc' dir='ltr'>δὲ</span> <span class='ocrx_word' id='word_1_560' title='bbox 743 5212 804 5266; x_wconf 86' lang='grc' dir='ltr'>τὸ</span> <span class='ocrx_word' id='word_1_561' title='bbox 834 5216 1010 5266; x_wconf 89' lang='grc' dir='ltr'>ποιεῖν</span> <span class='ocrx_word' id='word_1_562' title='bbox 1042 5211 1133 5266; x_wconf 83' lang='grc' dir='ltr'><strong>καὶ</strong></span> <span class='ocrx_word' id='word_1_563' title='bbox 1188 5211 1421 5287; x_wconf 81' lang='grc' dir='ltr'>πάσχειν</span> <span class='ocrx_word' id='word_1_564' title='bbox 1471 5211 1656 5288; x_wconf 86' lang='grc' dir='ltr'>σχέσιν</span> <span class='ocrx_word' id='word_1_565' title='bbox 1713 5211 1829 5287; x_wconf 78' lang='grc' dir='ltr'>ἔχει</span> <span class='ocrx_word' id='word_1_566' title='bbox 1888 5211 2024 5288; x_wconf 88' lang='grc' dir='ltr'>πρὸς</span> 
     </span>
    </p>
   </div>
   <div class='ocr_carea' id='block_1_83' title="bbox 369 5296 2026 5377">
    <p class='ocr_par' dir='ltr' id='par_1_83' title="bbox 369 5296 2026 5377">
     <span class='ocr_line' id='line_1_85' title="bbox 369 5296 2026 5377; baseline 0 -23"><span class='ocrx_word' id='word_1_567' title='bbox 369 5296 620 5374; x_wconf 76' lang='grc' dir='ltr'>ἄλληλα,</span> <span class='ocrx_word' id='word_1_568' title='bbox 650 5302 725 5363; x_wconf 85' lang='grc' dir='ltr'><strong>ὡς</strong></span> <span class='ocrx_word' id='word_1_569' title='bbox 781 5302 842 5356; x_wconf 89' lang='grc' dir='ltr'>τὸ</span> <span class='ocrx_word' id='word_1_570' title='bbox 893 5300 1199 5376; x_wconf 86' lang='grc' dir='ltr'>θερμαίνειν</span> <span class='ocrx_word' id='word_1_571' title='bbox 1254 5301 1345 5355; x_wconf 82' lang='grc' dir='ltr'><strong>καὶ</strong></span> <span class='ocrx_word' id='word_1_572' title='bbox 1375 5301 1438 5356; x_wconf 85' lang='grc' dir='ltr'>τὸ</span> <span class='ocrx_word' id='word_1_573' title='bbox 1467 5301 1863 5377; x_wconf 87' lang='grc' dir='ltr'>θερμαίνεσθαι·</span> <span class='ocrx_word' id='word_1_574' title='bbox 1899 5298 2026 5355; x_wconf 81' lang='grc' dir='ltr'>ἀλλ’</span> 
     </span>
    </p>
   </div>
   <div class='ocr_carea' id='block_1_84' title="bbox 365 5385 2026 5468">
    <p class='ocr_par' dir='ltr' id='par_1_84' title="bbox 365 5385 2026 5468">
     <span class='ocr_line' id='line_1_86' title="bbox 365 5385 2026 5468; baseline -0.001 -24"><span class='ocrx_word' id='word_1_575' title='bbox 365 5385 592 5445; x_wconf 67' lang='grc' dir='ltr'>ἕκαστον</span> <span class='ocrx_word' id='word_1_576' title='bbox 641 5391 778 5468; x_wconf 79' lang='grc' dir='ltr'>χρὴ,</span> <span class='ocrx_word' id='word_1_577' title='bbox 829 5391 963 5454; x_wconf 85' lang='grc' dir='ltr'>καθὸ</span> <span class='ocrx_word' id='word_1_578' title='bbox 1023 5389 1295 5465; x_wconf 87' lang='grc' dir='ltr'>λέγεσθαι,</span> <span class='ocrx_word' id='word_1_579' title='bbox 1345 5391 1481 5444; x_wconf 84' lang='grc' dir='ltr'><strong>κατά</strong></span> <span class='ocrx_word' id='word_1_580' title='bbox 1535 5395 1695 5445; x_wconf 76' lang='grc' dir='ltr'>τοῦτο</span> <span class='ocrx_word' id='word_1_581' title='bbox 1751 5391 1840 5444; x_wconf 87' lang='grc' dir='ltr'>καὶ</span> <span class='ocrx_word' id='word_1_582' title='bbox 1901 5389 2026 5443; x_wconf 84' lang='grc' dir='ltr'>ἀνά-</span> 
     </span>
    </p>
   </div>
   <div class='ocr_carea' id='block_1_85' title="bbox 366 5477 2028 5555">
    <p class='ocr_par' dir='ltr' id='par_1_85' title="bbox 366 5477 2028 5555">
     <span class='ocr_line' id='line_1_87' title="bbox 366 5477 2028 5555; baseline -0.001 -23"><span class='ocrx_word' id='word_1_583' title='bbox 366 5499 481 5555; x_wconf 83' lang='grc' dir='ltr'>γειν</span> <span class='ocrx_word' id='word_1_584' title='bbox 543 5477 630 5534; x_wconf 78' lang='grc' dir='ltr'><strong>ἐπὶ</strong></span> <span class='ocrx_word' id='word_1_585' title='bbox 662 5478 769 5553; x_wconf 73' lang='grc' dir='ltr'><strong>(τὸ)</strong></span> <span class='ocrx_word' id='word_1_586' title='bbox 798 5479 974 5554; x_wconf 88' lang='grc' dir='ltr'>γένος.</span> <span class='ocrx_word' id='word_1_587' title='bbox 1005 5484 1160 5534; x_wconf 88' lang='grc' dir='ltr'>’Ἐστι</span> <span class='ocrx_word' id='word_1_588' title='bbox 1191 5478 1369 5534; x_wconf 89' lang='grc' dir='ltr'>τοίνυν</span> <span class='ocrx_word' id='word_1_589' title='bbox 1409 5478 1498 5534; x_wconf 83' lang='grc' dir='ltr'><strong>καὶ</strong></span> <span class='ocrx_word' id='word_1_590' title='bbox 1559 5480 1621 5533; x_wconf 89' lang='grc' dir='ltr'>τὸ</span> <span class='ocrx_word' id='word_1_591' title='bbox 1676 5485 1851 5533; x_wconf 88' lang='grc' dir='ltr'>ποιεῖν</span> <span class='ocrx_word' id='word_1_592' title='bbox 1911 5479 2028 5533; x_wconf 87' lang='grc' dir='ltr'>καθ’</span> 
     </span>
    </p>
   </div>
   <div class='ocr_carea' id='block_1_86' title="bbox 372 5565 2027 5644">
    <p class='ocr_par' dir='ltr' id='par_1_86' title="bbox 372 5565 2027 5644">
     <span class='ocr_line' id='line_1_88' title="bbox 372 5565 2027 5644; baseline -0.001 -23"><span class='ocrx_word' id='word_1_593' title='bbox 372 5565 504 5621; x_wconf 80' lang='grc' dir='ltr'>αὐτὸ</span> <span class='ocrx_word' id='word_1_594' title='bbox 553 5567 967 5643; x_wconf 84' lang='grc' dir='ltr'>κεχωρισμένον</span> <span class='ocrx_word' id='word_1_595' title='bbox 1045 5571 1152 5622; x_wconf 91' lang='grc' dir='ltr'><strong>τῶν</strong></span> <span class='ocrx_word' id='word_1_596' title='bbox 1212 5566 1349 5644; x_wconf 89' lang='grc' dir='ltr'>πρός</span> <span class='ocrx_word' id='word_1_597' title='bbox 1403 5589 1479 5642; x_wconf 88' lang='grc' dir='ltr'>τι,</span> <span class='ocrx_word' id='word_1_598' title='bbox 1537 5568 1628 5622; x_wconf 82' lang='grc' dir='ltr'><strong>καὶ</strong></span> <span class='ocrx_word' id='word_1_599' title='bbox 1679 5569 1742 5623; x_wconf 87' lang='grc' dir='ltr'>τὸ</span> <span class='ocrx_word' id='word_1_600' title='bbox 1798 5567 2027 5643; x_wconf 81' lang='grc' dir='ltr'>πάσχειν</span> 
     </span>
    </p>
   </div>
   <div class='ocr_carea' id='block_1_87' title="bbox 373 5653 2032 5732">
    <p class='ocr_par' dir='ltr' id='par_1_87' title="bbox 373 5653 2032 5732">
     <span class='ocr_line' id='line_1_89' title="bbox 373 5653 2032 5732; baseline 0 -23"><span class='ocrx_word' id='word_1_601' title='bbox 373 5654 656 5720; x_wconf 82' lang='grc' dir='ltr'>ὡσαύτως.</span> <span class='ocrx_word' id='word_1_602' title='bbox 691 5657 937 5732; x_wconf 79' lang='grc' dir='ltr'>Καθάπερ</span> <span class='ocrx_word' id='word_1_603' title='bbox 989 5653 1036 5712; x_wconf 87' lang='grc' dir='ltr'>δ’</span> <span class='ocrx_word' id='word_1_604' title='bbox 1092 5656 1144 5710; x_wconf 82' lang='grc' dir='ltr'><strong>έν</strong></span> <span class='ocrx_word' id='word_1_605' title='bbox 1191 5653 1238 5711; x_wconf 82' lang='grc' dir='ltr'>δ’</span> <span class='ocrx_word' id='word_1_606' title='bbox 1269 5657 1424 5728; x_wconf 81' lang='grc' dir='ltr'>οὐσίᾳ</span> <span class='ocrx_word' id='word_1_607' title='bbox 1468 5657 1528 5711; x_wconf 90' lang='grc' dir='ltr'>τὸ</span> <span class='ocrx_word' id='word_1_608' title='bbox 1588 5656 1724 5731; x_wconf 87' lang='grc' dir='ltr'>πρός</span> <span class='ocrx_word' id='word_1_609' title='bbox 1781 5678 1834 5711; x_wconf 88' lang='grc' dir='ltr'>τι</span> <span class='ocrx_word' id='word_1_610' title='bbox 1888 5656 2032 5732; x_wconf 79' lang='grc' dir='ltr'>ἐφαί-</span> 
     </span>
    </p>
   </div>
   <div class='ocr_carea' id='block_1_88' title="bbox 372 5746 2034 5823">
    <p class='ocr_par' dir='ltr' id='par_1_88' title="bbox 372 5746 2034 5823">
     <span class='ocr_line' id='line_1_90' title="bbox 372 5746 2034 5823; baseline 0.001 -23"><span class='ocrx_word' id='word_1_611' title='bbox 372 5765 520 5818; x_wconf 85' lang='grc' dir='ltr'>νετο,</span> <span class='ocrx_word' id='word_1_612' title='bbox 550 5747 686 5802; x_wconf 84' lang='grc' dir='ltr'>κατά</span> <span class='ocrx_word' id='word_1_613' title='bbox 715 5746 779 5803; x_wconf 87' lang='grc' dir='ltr'>τὸ</span> <span class='ocrx_word' id='word_1_614' title='bbox 808 5749 986 5823; x_wconf 80' lang='grc' dir='ltr'>πατὴρ</span> <span class='ocrx_word' id='word_1_615' title='bbox 1017 5746 1106 5801; x_wconf 90' lang='grc' dir='ltr'><strong>καὶ</strong></span> <span class='ocrx_word' id='word_1_616' title='bbox 1140 5747 1254 5810; x_wconf 82' lang='grc' dir='ltr'>υἱὸς</span> <span class='ocrx_word' id='word_1_617' title='bbox 1313 5747 1410 5802; x_wconf 84' lang='grc' dir='ltr'>κάν</span> <span class='ocrx_word' id='word_1_618' title='bbox 1438 5751 1518 5820; x_wconf 81' lang='grc' dir='ltr'>τῷ</span> <span class='ocrx_word' id='word_1_619' title='bbox 1570 5751 1726 5819; x_wconf 82' lang='grc' dir='ltr'>ποσῷ</span> <span class='ocrx_word' id='word_1_620' title='bbox 1780 5747 1916 5802; x_wconf 85' lang='grc' dir='ltr'>κατά</span> <span class='ocrx_word' id='word_1_621' title='bbox 1973 5746 2034 5801; x_wconf 88' lang='grc' dir='ltr'>τὸ</span> 
     </span>
    </p>
   </div>
   <div class='ocr_carea' id='block_1_89' title="bbox 2115 3341 3768 3413">
    <p class='ocr_par' dir='ltr' id='par_1_89' title="bbox 2115 3341 3768 3413">
     <span class='ocr_line' id='line_1_91' title="bbox 2115 3341 3768 3413; baseline 0.002 -18"><span class='ocrx_word' id='word_1_622' title='bbox 2115 3341 2358 3396; x_wconf 89' lang='lat' dir='ltr'><strong>reducit.</strong></span> <span class='ocrx_word' id='word_1_623' title='bbox 2382 3341 2666 3395; x_wconf 89' lang='lat' dir='ltr'><strong>Dicuntur</strong></span> <span class='ocrx_word' id='word_1_624' title='bbox 2697 3341 2838 3413; x_wconf 92' lang='lat' dir='ltr'><strong>quin</strong></span> <span class='ocrx_word' id='word_1_625' title='bbox 2872 3342 3048 3397; x_wconf 88' lang='lat' dir='ltr'><strong>etiam</strong></span> <span class='ocrx_word' id='word_1_626' title='bbox 3081 3348 3236 3398; x_wconf 88' lang='lat' dir='ltr'><strong>artes</strong></span> <span class='ocrx_word' id='word_1_627' title='bbox 3270 3344 3455 3397; x_wconf 87' lang='lat' dir='ltr'><strong>facere</strong></span> <span class='ocrx_word' id='word_1_628' title='bbox 3485 3359 3619 3397; x_wconf 91' lang='lat' dir='ltr'><strong>cum</strong></span> <span class='ocrx_word' id='word_1_629' title='bbox 3652 3342 3768 3398; x_wconf 88' lang='lat' dir='ltr'><strong>uti-</strong></span> 
     </span>
    </p>
   </div>
   <div class='ocr_carea' id='block_1_90' title="bbox 2111 3429 3288 3504">
    <p class='ocr_par' dir='ltr' id='par_1_90' title="bbox 2111 3429 3288 3504">
     <span class='ocr_line' id='line_1_92' title="bbox 2111 3429 3288 3504; baseline 0.002 -20"><span class='ocrx_word' id='word_1_630' title='bbox 2111 3429 2191 3485; x_wconf 91' lang='lat' dir='ltr'><strong>lia</strong></span> <span class='ocrx_word' id='word_1_631' title='bbox 2219 3433 2287 3485; x_wconf 85' lang='lat' dir='ltr'><strong>ad</strong></span> <span class='ocrx_word' id='word_1_632' title='bbox 2319 3430 2732 3486; x_wconf 86' lang='lat' dir='ltr'><strong>sufficientiam</strong></span> <span class='ocrx_word' id='word_1_633' title='bbox 2763 3431 2891 3486; x_wconf 79' lang='lat' dir='ltr'><strong>vitae</strong></span> <span class='ocrx_word' id='word_1_634' title='bbox 2924 3436 3288 3504; x_wconf 90' lang='lat' dir='ltr'><strong>comparant.</strong></span> 
     </span>
    </p>
   </div>
   <div class='ocr_carea' id='block_1_91' title="bbox 2183 3623 3772 3700">
    <p class='ocr_par' dir='ltr' id='par_1_91' title="bbox 2183 3623 3772 3700">
     <span class='ocr_line' id='line_1_93' title="bbox 2183 3623 3772 3700; baseline 0.003 -20"><span class='ocrx_word' id='word_1_635' title='bbox 2183 3628 2238 3681; x_wconf 93' lang='lat'><strong>7.</strong></span> <span class='ocrx_word' id='word_1_636' title='bbox 2271 3629 2343 3681; x_wconf 88' lang='lat' dir='ltr'><strong>At</strong></span> <span class='ocrx_word' id='word_1_637' title='bbox 2369 3623 2430 3678; x_wconf 83' lang='grc' dir='ltr'>τὸ</span> <span class='ocrx_word' id='word_1_638' title='bbox 2462 3643 2631 3697; x_wconf 76' lang='lat' dir='ltr'><strong>agere</strong></span> <span class='ocrx_word' id='word_1_639' title='bbox 2679 3627 2749 3682; x_wconf 90' lang='lat' dir='ltr'><strong>de</strong></span> <span class='ocrx_word' id='word_1_640' title='bbox 2780 3626 2875 3694; x_wconf 93' lang='lat' dir='ltr'><strong>(iis</strong></span> <span class='ocrx_word' id='word_1_641' title='bbox 2931 3644 3060 3696; x_wconf 68' lang='lat' dir='ltr'><strong>qua</strong></span> <span class='ocrx_word' id='word_1_642' title='bbox 3092 3627 3250 3699; x_wconf 91' lang='lat' dir='ltr'><strong>sunt)</strong></span> <span class='ocrx_word' id='word_1_643' title='bbox 3282 3626 3494 3700; x_wconf 84' lang='lat' dir='ltr'><strong>eligere</strong></span> <span class='ocrx_word' id='word_1_644' title='bbox 3523 3631 3579 3683; x_wconf 90' lang='lat' dir='ltr'><strong>et</strong></span> <span class='ocrx_word' id='word_1_645' title='bbox 3633 3643 3772 3684; x_wconf 87' lang='lat' dir='ltr'><strong>con-</strong></span> 
     </span>
    </p>
   </div>
   <div class='ocr_carea' id='block_1_92' title="bbox 2117 3714 3454 3788">
    <p class='ocr_par' dir='ltr' id='par_1_92' title="bbox 2117 3714 3454 3788">
     <span class='ocr_line' id='line_1_94' title="bbox 2117 3714 3454 3788; baseline 0.001 -17"><span class='ocrx_word' id='word_1_646' title='bbox 2117 3714 2339 3771; x_wconf 92' lang='lat' dir='ltr'><strong>sultare</strong></span> <span class='ocrx_word' id='word_1_647' title='bbox 2367 3720 2424 3770; x_wconf 91' lang='lat' dir='ltr'><strong>et</strong></span> <span class='ocrx_word' id='word_1_648' title='bbox 2455 3718 2711 3770; x_wconf 88' lang='lat' dir='ltr'><strong>statuere</strong></span> <span class='ocrx_word' id='word_1_649' title='bbox 2740 3720 2797 3770; x_wconf 90' lang='lat' dir='ltr'><strong>et</strong></span> <span class='ocrx_word' id='word_1_650' title='bbox 2825 3715 3122 3771; x_wconf 86' lang='lat' dir='ltr'><strong>similibus</strong></span> <span class='ocrx_word' id='word_1_651' title='bbox 3154 3716 3454 3788; x_wconf 89' lang='lat' dir='ltr'><strong>accipitur.</strong></span> 
     </span>
    </p>
   </div>
   <div class='ocr_carea' id='block_1_93' title="bbox 2191 3911 3774 3984">
    <p class='ocr_par' dir='ltr' id='par_1_93' title="bbox 2191 3911 3774 3984">
     <span class='ocr_line' id='line_1_95' title="bbox 2191 3911 3774 3984; baseline 0.001 -18"><span class='ocrx_word' id='word_1_652' title='bbox 2191 3914 2244 3966; x_wconf 91' lang='lat'><strong>8.</strong></span> <span class='ocrx_word' id='word_1_653' title='bbox 2279 3911 2539 3967; x_wconf 89' lang='lat' dir='ltr'><strong>Factivas</strong></span> <span class='ocrx_word' id='word_1_654' title='bbox 2587 3928 2760 3983; x_wconf 91' lang='lat' dir='ltr'><strong>porro</strong></span> <span class='ocrx_word' id='word_1_655' title='bbox 2789 3912 3026 3982; x_wconf 89' lang='lat' dir='ltr'><strong>quidem</strong></span> <span class='ocrx_word' id='word_1_656' title='bbox 3060 3917 3215 3968; x_wconf 90' lang='lat' dir='ltr'><strong>artes</strong></span> <span class='ocrx_word' id='word_1_657' title='bbox 3262 3912 3486 3979; x_wconf 90' lang='lat' dir='ltr'><strong>dicunt,</strong></span> <span class='ocrx_word' id='word_1_658' title='bbox 3521 3928 3774 3984; x_wconf 90' lang='lat' dir='ltr'><strong>quarum</strong></span> 
     </span>
    </p>
   </div>
   <div class='ocr_carea' id='block_1_94' title="bbox 2123 4001 3776 4074">
    <p class='ocr_par' dir='ltr' id='par_1_94' title="bbox 2123 4001 3776 4074">
     <span class='ocr_line' id='line_1_96' title="bbox 2123 4001 3776 4074; baseline 0 -18"><span class='ocrx_word' id='word_1_659' title='bbox 2123 4001 2544 4074; x_wconf 90' lang='lat' dir='ltr'><strong>apotelesmata</strong></span> <span class='ocrx_word' id='word_1_660' title='bbox 2591 4017 2694 4056; x_wconf 92' lang='lat' dir='ltr'><strong>seu</strong></span> <span class='ocrx_word' id='word_1_661' title='bbox 2724 4001 2927 4056; x_wconf 74' lang='lat' dir='ltr'><strong>effecta</strong></span> <span class='ocrx_word' id='word_1_662' title='bbox 2959 4006 3088 4073; x_wconf 91' lang='lat' dir='ltr'><strong>post</strong></span> <span class='ocrx_word' id='word_1_663' title='bbox 3131 4002 3495 4058; x_wconf 82' lang='lat' dir='ltr'><strong>elfectionem</strong></span> <span class='ocrx_word' id='word_1_664' title='bbox 3545 4017 3776 4073; x_wconf 88' lang='lat' dir='ltr'><strong>perma-</strong></span> 
     </span>
    </p>
   </div>
   <div class='ocr_carea' id='block_1_95' title="bbox 2122 4089 3778 4161">
    <p class='ocr_par' dir='ltr' id='par_1_95' title="bbox 2122 4089 3778 4161">
     <span class='ocr_line' id='line_1_97' title="bbox 2122 4089 3778 4161; baseline 0 -16"><span class='ocrx_word' id='word_1_665' title='bbox 2122 4089 2586 4161; x_wconf 89' lang='lat' dir='ltr'><strong>nent,quomodo</strong></span> <span class='ocrx_word' id='word_1_666' title='bbox 2617 4089 3093 4145; x_wconf 67' lang='lat' dir='ltr'><strong>aedificandarum</strong></span> <span class='ocrx_word' id='word_1_667' title='bbox 3127 4092 3435 4146; x_wconf 91' lang='lat' dir='ltr'><strong>domorum</strong></span> <span class='ocrx_word' id='word_1_668' title='bbox 3461 4095 3518 4146; x_wconf 90' lang='lat' dir='ltr'><strong>et</strong></span> <span class='ocrx_word' id='word_1_669' title='bbox 3538 4089 3778 4146; x_wconf 88' lang='lat' dir='ltr'><strong>navium</strong></span> 
     </span>
    </p>
   </div>
   <div class='ocr_carea' id='block_1_96' title="bbox 2126 4178 3778 4236">
    <p class='ocr_par' dir='ltr' id='par_1_96' title="bbox 2126 4178 3778 4236">
     <span class='ocr_line' id='line_1_98' title="bbox 2126 4178 3778 4236; baseline 0 -2"><span class='ocrx_word' id='word_1_670' title='bbox 2126 4178 2600 4234; x_wconf 87' lang='lat' dir='ltr'><strong>fabricandarum</strong></span> <span class='ocrx_word' id='word_1_671' title='bbox 2651 4195 2746 4233; x_wconf 87' lang='lat' dir='ltr'><strong>ars</strong></span> <span class='ocrx_word' id='word_1_672' title='bbox 2779 4195 2840 4234; x_wconf 90' lang='lat' dir='ltr'><strong>se</strong></span> <span class='ocrx_word' id='word_1_673' title='bbox 2871 4179 3068 4234; x_wconf 91' lang='lat' dir='ltr'><strong>habet.</strong></span> <span class='ocrx_word' id='word_1_674' title='bbox 3099 4180 3333 4236; x_wconf 89' lang='lat' dir='ltr'><strong>Activas</strong></span> <span class='ocrx_word' id='word_1_675' title='bbox 3376 4184 3574 4236; x_wconf 90' lang='lat' dir='ltr'><strong>autem</strong></span> <span class='ocrx_word' id='word_1_676' title='bbox 3623 4183 3778 4235; x_wconf 89' lang='lat' dir='ltr'><strong>artes</strong></span> 
     </span>
    </p>
   </div>
   <div class='ocr_carea' id='block_1_97' title="bbox 2125 4267 3779 4340">
    <p class='ocr_par' dir='ltr' id='par_1_97' title="bbox 2125 4267 3779 4340">
     <span class='ocr_line' id='line_1_99' title="bbox 2125 4267 3779 4340; baseline 0 -16"><span class='ocrx_word' id='word_1_677' title='bbox 2125 4271 2336 4324; x_wconf 89' lang='lat' dir='ltr'><strong>vocant</strong></span> <span class='ocrx_word' id='word_1_678' title='bbox 2367 4284 2616 4339; x_wconf 88' lang='lat' dir='ltr'><strong>quarum</strong></span> <span class='ocrx_word' id='word_1_679' title='bbox 2648 4267 3070 4340; x_wconf 87' lang='lat' dir='ltr'><strong>apotelesmata</strong></span> <span class='ocrx_word' id='word_1_680' title='bbox 3091 4285 3194 4324; x_wconf 88' lang='lat' dir='ltr'><strong>seu</strong></span> <span class='ocrx_word' id='word_1_681' title='bbox 3223 4269 3429 4326; x_wconf 76' lang='lat' dir='ltr'><strong>effecta</strong></span> <span class='ocrx_word' id='word_1_682' title='bbox 3457 4284 3592 4325; x_wconf 88' lang='lat' dir='ltr'><strong>cum</strong></span> <span class='ocrx_word' id='word_1_683' title='bbox 3618 4269 3680 4323; x_wconf 93' lang='lat' dir='ltr'><strong>in</strong></span> <span class='ocrx_word' id='word_1_684' title='bbox 3713 4284 3779 4324; x_wconf 89' lang='lat' dir='ltr'><strong>eo</strong></span> 
     </span>
    </p>
   </div>
   <div class='ocr_carea' id='block_1_98' title="bbox 2129 4356 3781 4431">
    <p class='ocr_par' dir='ltr' id='par_1_98' title="bbox 2129 4356 3781 4431">
     <span class='ocr_line' id='line_1_100' title="bbox 2129 4356 3781 4431; baseline 0.001 -19"><span class='ocrx_word' id='word_1_685' title='bbox 2129 4358 2285 4428; x_wconf 93' lang='lat' dir='ltr'><strong>quod</strong></span> <span class='ocrx_word' id='word_1_686' title='bbox 2335 4356 2484 4412; x_wconf 83' lang='lat' dir='ltr'><strong>fiunt</strong></span> <span class='ocrx_word' id='word_1_687' title='bbox 2511 4373 2686 4412; x_wconf 89' lang='lat' dir='ltr'><strong>suum</strong></span> <span class='ocrx_word' id='word_1_688' title='bbox 2730 4373 2857 4413; x_wconf 90' lang='lat' dir='ltr'><strong>esse</strong></span> <span class='ocrx_word' id='word_1_689' title='bbox 2903 4357 3182 4426; x_wconf 87' lang='lat' dir='ltr'><strong>habeant,</strong></span> <span class='ocrx_word' id='word_1_690' title='bbox 3213 4375 3330 4414; x_wconf 91' lang='lat' dir='ltr'><strong>non</strong></span> <span class='ocrx_word' id='word_1_691' title='bbox 3380 4361 3731 4431; x_wconf 88' lang='lat' dir='ltr'><strong>permanent</strong></span> <span class='ocrx_word' id='word_1_692' title='bbox 3766 4373 3781 4413; x_wconf 91' lang='lat'><strong>:</strong></span> 
     </span>
    </p>
   </div>
   <div class='ocr_carea' id='block_1_99' title="bbox 2131 4444 3652 4503">
    <p class='ocr_par' dir='ltr' id='par_1_99' title="bbox 2131 4444 3652 4503">
     <span class='ocr_line' id='line_1_101' title="bbox 2131 4444 3652 4503; baseline -0.001 -1"><span class='ocrx_word' id='word_1_693' title='bbox 2131 4451 2198 4502; x_wconf 90' lang='lat' dir='ltr'><strong>ut</strong></span> <span class='ocrx_word' id='word_1_694' title='bbox 2225 4446 2284 4501; x_wconf 91' lang='lat' dir='ltr'><strong>in</strong></span> <span class='ocrx_word' id='word_1_695' title='bbox 2317 4444 2660 4501; x_wconf 91' lang='lat' dir='ltr'><strong>modulandi</strong></span> <span class='ocrx_word' id='word_1_696' title='bbox 2690 4449 2747 4500; x_wconf 91' lang='lat' dir='ltr'><strong>et</strong></span> <span class='ocrx_word' id='word_1_697' title='bbox 2776 4445 3030 4502; x_wconf 87' lang='lat' dir='ltr'><strong>saltandi</strong></span> <span class='ocrx_word' id='word_1_698' title='bbox 3061 4446 3288 4502; x_wconf 86' lang='lat' dir='ltr'><strong>artibus</strong></span> <span class='ocrx_word' id='word_1_699' title='bbox 3316 4446 3512 4503; x_wconf 82' lang='lat' dir='ltr'><strong>videre</strong></span> <span class='ocrx_word' id='word_1_700' title='bbox 3541 4450 3652 4503; x_wconf 89' lang='lat' dir='ltr'><strong>est.</strong></span> 
     </span>
    </p>
   </div>
   <div class='ocr_carea' id='block_1_100' title="bbox 2200 4551 3784 4624">
    <p class='ocr_par' dir='ltr' id='par_1_100' title="bbox 2200 4551 3784 4624">
     <span class='ocr_line' id='line_1_102' title="bbox 2200 4551 3784 4624; baseline 0.001 -17"><span class='ocrx_word' id='word_1_701' title='bbox 2200 4554 2254 4607; x_wconf 86' lang='lat'><strong>9.</strong></span> <span class='ocrx_word' id='word_1_702' title='bbox 2286 4551 2705 4608; x_wconf 86' lang='lat' dir='ltr'><strong>Consideratur</strong></span> <span class='ocrx_word' id='word_1_703' title='bbox 2734 4556 3012 4624; x_wconf 70' lang='lat' dir='ltr'><strong>praeterea</strong></span> <span class='ocrx_word' id='word_1_704' title='bbox 3038 4552 3102 4606; x_wconf 84' lang='grc' dir='ltr'>τὸ</span> <span class='ocrx_word' id='word_1_705' title='bbox 3133 4553 3320 4609; x_wconf 89' lang='lat' dir='ltr'><strong>facere</strong></span> <span class='ocrx_word' id='word_1_706' title='bbox 3349 4553 3525 4609; x_wconf 90' lang='lat' dir='ltr'><strong>etiam</strong></span> <span class='ocrx_word' id='word_1_707' title='bbox 3564 4553 3625 4608; x_wconf 90' lang='lat' dir='ltr'><strong>in</strong></span> <span class='ocrx_word' id='word_1_708' title='bbox 3655 4553 3784 4609; x_wconf 89' lang='lat' dir='ltr'><strong>ina-</strong></span> 
     </span>
    </p>
   </div>
   <div class='ocr_carea' id='block_1_101' title="bbox 2050 4640 3788 4730">
    <p class='ocr_par' dir='ltr' id='par_1_101' title="bbox 2050 4640 3788 4730">
     <span class='ocr_line' id='line_1_103' title="bbox 2050 4640 3788 4730; baseline 0 -33"><span class='ocrx_word' id='word_1_709' title='bbox 2050 4666 2096 4730; x_wconf 80' lang='lat' dir='ltr'><strong>D</strong></span> <span class='ocrx_word' id='word_1_710' title='bbox 2131 4641 2394 4710; x_wconf 88' lang='lat' dir='ltr'><strong>nimatis,</strong></span> <span class='ocrx_word' id='word_1_711' title='bbox 2427 4642 2930 4713; x_wconf 89' lang='lat' dir='ltr'><strong>quemadmodum</strong></span> <span class='ocrx_word' id='word_1_712' title='bbox 2963 4659 3103 4699; x_wconf 89' lang='lat' dir='ltr'><strong>sane</strong></span> <span class='ocrx_word' id='word_1_713' title='bbox 3132 4643 3307 4699; x_wconf 89' lang='lat' dir='ltr'><strong>etiam</strong></span> <span class='ocrx_word' id='word_1_714' title='bbox 3337 4641 3401 4695; x_wconf 85' lang='grc' dir='ltr'>τὸ</span> <span class='ocrx_word' id='word_1_715' title='bbox 3432 4641 3594 4714; x_wconf 86' lang='lat' dir='ltr'><strong>pati;</strong></span> <span class='ocrx_word' id='word_1_716' title='bbox 3627 4640 3788 4697; x_wconf 88' lang='lat' dir='ltr'><strong>velut</strong></span> 
     </span>
    </p>
   </div>
   <div class='ocr_carea' id='block_1_102' title="bbox 2128 4730 3786 4804">
    <p class='ocr_par' dir='ltr' id='par_1_102' title="bbox 2128 4730 3786 4804">
     <span class='ocr_line' id='line_1_104' title="bbox 2128 4730 3786 4804; baseline 0.001 -18"><span class='ocrx_word' id='word_1_717' title='bbox 2128 4732 2284 4804; x_wconf 90' lang='lat' dir='ltr'><strong>ignis</strong></span> <span class='ocrx_word' id='word_1_718' title='bbox 2314 4730 2578 4786; x_wconf 85' lang='lat' dir='ltr'><strong>calefacit</strong></span> <span class='ocrx_word' id='word_1_719' title='bbox 2606 4736 2662 4786; x_wconf 89' lang='lat' dir='ltr'><strong>et</strong></span> <span class='ocrx_word' id='word_1_720' title='bbox 2691 4730 3002 4804; x_wconf 81' lang='lat' dir='ltr'><strong>crystallus</strong></span> <span class='ocrx_word' id='word_1_721' title='bbox 3032 4731 3405 4804; x_wconf 82' lang='lat' dir='ltr'><strong>frigefacit,et</strong></span> <span class='ocrx_word' id='word_1_722' title='bbox 3433 4731 3658 4802; x_wconf 80' lang='lat' dir='ltr'><strong>lignum</strong></span> <span class='ocrx_word' id='word_1_723' title='bbox 3689 4747 3786 4787; x_wconf 85' lang='lat' dir='ltr'><strong>se-</strong></span> 
     </span>
    </p>
   </div>
   <div class='ocr_carea' id='block_1_103' title="bbox 2130 4819 3625 4893">
    <p class='ocr_par' dir='ltr' id='par_1_103' title="bbox 2130 4819 3625 4893">
     <span class='ocr_line' id='line_1_105' title="bbox 2130 4819 3625 4893; baseline -0.001 -17"><span class='ocrx_word' id='word_1_724' title='bbox 2130 4825 2316 4888; x_wconf 86' lang='lat' dir='ltr'><strong>catur,</strong></span> <span class='ocrx_word' id='word_1_725' title='bbox 2350 4824 2408 4876; x_wconf 91' lang='lat' dir='ltr'><strong>et</strong></span> <span class='ocrx_word' id='word_1_726' title='bbox 2433 4819 2585 4892; x_wconf 89' lang='lat' dir='ltr'><strong>lapis</strong></span> <span class='ocrx_word' id='word_1_727' title='bbox 2615 4820 2829 4890; x_wconf 85' lang='lat' dir='ltr'><strong>calefit,</strong></span> <span class='ocrx_word' id='word_1_728' title='bbox 2862 4821 3196 4892; x_wconf 88' lang='lat' dir='ltr'><strong>iterumque</strong></span> <span class='ocrx_word' id='word_1_729' title='bbox 3228 4821 3625 4893; x_wconf 77' lang='lat' dir='ltr'><strong>refrigeretur.</strong></span> 
     </span>
    </p>
   </div>
   <div class='ocr_carea' id='block_1_104' title="bbox 2204 4926 3792 4999">
    <p class='ocr_par' dir='ltr' id='par_1_104' title="bbox 2204 4926 3792 4999">
     <span class='ocr_line' id='line_1_106' title="bbox 2204 4926 3792 4999; baseline -0.002 -15"><span class='ocrx_word' id='word_1_730' title='bbox 2204 4929 2360 4984; x_wconf 72' lang='lat'><strong>280</strong></span> <span class='ocrx_word' id='word_1_731' title='bbox 2394 4928 2478 4982; x_wconf 91' lang='grc'><strong>10.</strong></span> <span class='ocrx_word' id='word_1_732' title='bbox 2513 4927 2652 4998; x_wconf 84' lang='lat' dir='ltr'><strong>Ejus</strong></span> <span class='ocrx_word' id='word_1_733' title='bbox 2675 4931 2872 4983; x_wconf 89' lang='lat' dir='ltr'><strong>autem</strong></span> <span class='ocrx_word' id='word_1_734' title='bbox 2905 4928 3059 4999; x_wconf 94' lang='lat' dir='ltr'><strong>quod</strong></span> <span class='ocrx_word' id='word_1_735' title='bbox 3089 4932 3178 4983; x_wconf 90' lang='lat' dir='ltr'><strong>est</strong></span> <span class='ocrx_word' id='word_1_736' title='bbox 3221 4926 3341 4999; x_wconf 87' lang='lat' dir='ltr'><strong>pati</strong></span> <span class='ocrx_word' id='word_1_737' title='bbox 3366 4927 3524 4983; x_wconf 91' lang='lat' dir='ltr'><strong>aliud</strong></span> <span class='ocrx_word' id='word_1_738' title='bbox 3547 4930 3636 4982; x_wconf 87' lang='lat' dir='ltr'><strong>est</strong></span> <span class='ocrx_word' id='word_1_739' title='bbox 3666 4941 3792 4982; x_wconf 93' lang='lat' dir='ltr'><strong>cor-</strong></span> 
     </span>
    </p>
   </div>
   <div class='ocr_carea' id='block_1_105' title="bbox 2133 5016 3794 5089">
    <p class='ocr_par' dir='ltr' id='par_1_105' title="bbox 2133 5016 3794 5089">
     <span class='ocr_line' id='line_1_107' title="bbox 2133 5016 3794 5089; baseline -0.001 -17"><span class='ocrx_word' id='word_1_740' title='bbox 2133 5017 2454 5089; x_wconf 83' lang='lat' dir='ltr'><strong>ruptivum,</strong></span> <span class='ocrx_word' id='word_1_741' title='bbox 2488 5021 2555 5072; x_wconf 91' lang='lat' dir='ltr'><strong>ut</strong></span> <span class='ocrx_word' id='word_1_742' title='bbox 2606 5016 2736 5085; x_wconf 90' lang='lat' dir='ltr'><strong>uri;</strong></span> <span class='ocrx_word' id='word_1_743' title='bbox 2770 5016 2927 5072; x_wconf 90' lang='lat' dir='ltr'><strong>aliud</strong></span> <span class='ocrx_word' id='word_1_744' title='bbox 2980 5016 3381 5089; x_wconf 85' lang='lat' dir='ltr'><strong>perfectivum,</strong></span> <span class='ocrx_word' id='word_1_745' title='bbox 3434 5021 3501 5072; x_wconf 93' lang='lat' dir='ltr'><strong>ut</strong></span> <span class='ocrx_word' id='word_1_746' title='bbox 3547 5016 3794 5082; x_wconf 88' lang='lat' dir='ltr'><strong>discere,</strong></span> 
     </span>
    </p>
   </div>
   <div class='ocr_carea' id='block_1_106' title="bbox 2136 5105 2843 5178">
    <p class='ocr_par' dir='ltr' id='par_1_106' title="bbox 2136 5105 2843 5178">
     <span class='ocr_line' id='line_1_108' title="bbox 2136 5105 2843 5178; baseline 0 -17"><span class='ocrx_word' id='word_1_747' title='bbox 2136 5121 2486 5178; x_wconf 88' lang='lat' dir='ltr'><strong>cognoscere</strong></span> <span class='ocrx_word' id='word_1_748' title='bbox 2517 5110 2574 5160; x_wconf 89' lang='lat' dir='ltr'><strong>et</strong></span> <span class='ocrx_word' id='word_1_749' title='bbox 2605 5105 2843 5161; x_wconf 88' lang='lat' dir='ltr'><strong>sentire.</strong></span> 
     </span>
    </p>
   </div>
   <div class='ocr_carea' id='block_1_107' title="bbox 2210 5212 3794 5285">
    <p class='ocr_par' dir='ltr' id='par_1_107' title="bbox 2210 5212 3794 5285">
     <span class='ocr_line' id='line_1_109' title="bbox 2210 5212 3794 5285; baseline 0.001 -18"><span class='ocrx_word' id='word_1_750' title='bbox 2210 5215 2296 5268; x_wconf 90' lang='grc'><strong>11.</strong></span> <span class='ocrx_word' id='word_1_751' title='bbox 2324 5213 2445 5268; x_wconf 90' lang='lat' dir='ltr'><strong>Etsi</strong></span> <span class='ocrx_word' id='word_1_752' title='bbox 2468 5218 2665 5268; x_wconf 88' lang='lat' dir='ltr'><strong>autem</strong></span> <span class='ocrx_word' id='word_1_753' title='bbox 2691 5213 2876 5269; x_wconf 87' lang='lat' dir='ltr'><strong>facere</strong></span> <span class='ocrx_word' id='word_1_754' title='bbox 2896 5217 2952 5268; x_wconf 88' lang='lat' dir='ltr'><strong>et</strong></span> <span class='ocrx_word' id='word_1_755' title='bbox 2976 5214 3098 5285; x_wconf 90' lang='lat' dir='ltr'><strong>pati</strong></span> <span class='ocrx_word' id='word_1_756' title='bbox 3123 5212 3341 5269; x_wconf 91' lang='lat' dir='ltr'><strong>habent</strong></span> <span class='ocrx_word' id='word_1_757' title='bbox 3361 5214 3433 5268; x_wconf 91' lang='lat' dir='ltr'><strong>ad</strong></span> <span class='ocrx_word' id='word_1_758' title='bbox 3462 5229 3525 5269; x_wconf 91' lang='lat' dir='ltr'><strong>se</strong></span> <span class='ocrx_word' id='word_1_759' title='bbox 3548 5213 3794 5269; x_wconf 87' lang='lat' dir='ltr'><strong>invicem</strong></span> 
     </span>
    </p>
   </div>
   <div class='ocr_carea' id='block_1_108' title="bbox 2138 5302 3802 5374">
    <p class='ocr_par' dir='ltr' id='par_1_108' title="bbox 2138 5302 3802 5374">
     <span class='ocr_line' id='line_1_110' title="bbox 2138 5302 3802 5374; baseline 0 -16"><span class='ocrx_word' id='word_1_760' title='bbox 2138 5303 2644 5371; x_wconf 88' lang='lat' dir='ltr'><strong>habitudinem,ut</strong></span> <span class='ocrx_word' id='word_1_761' title='bbox 2674 5303 2986 5358; x_wconf 83' lang='lat' dir='ltr'><strong>calefacere</strong></span> <span class='ocrx_word' id='word_1_762' title='bbox 3016 5307 3072 5358; x_wconf 93' lang='lat' dir='ltr'><strong>et</strong></span> <span class='ocrx_word' id='word_1_763' title='bbox 3101 5302 3350 5358; x_wconf 85' lang='lat' dir='ltr'><strong>calefieri</strong></span> <span class='ocrx_word' id='word_1_764' title='bbox 3378 5321 3391 5371; x_wconf 88' lang='lat'><strong>;</strong></span> <span class='ocrx_word' id='word_1_765' title='bbox 3425 5302 3802 5374; x_wconf 83' lang='lat' dir='ltr'><strong>unumquod-</strong></span> 
     </span>
    </p>
   </div>
   <div class='ocr_carea' id='block_1_109' title="bbox 2140 5393 3800 5464">
    <p class='ocr_par' dir='ltr' id='par_1_109' title="bbox 2140 5393 3800 5464">
     <span class='ocr_line' id='line_1_111' title="bbox 2140 5393 3800 5464; baseline 0.001 -17"><span class='ocrx_word' id='word_1_766' title='bbox 2140 5409 2255 5464; x_wconf 91' lang='lat' dir='ltr'><strong>que</strong></span> <span class='ocrx_word' id='word_1_767' title='bbox 2283 5396 2480 5446; x_wconf 88' lang='lat' dir='ltr'><strong>tamen</strong></span> <span class='ocrx_word' id='word_1_768' title='bbox 2513 5397 2802 5463; x_wconf 90' lang='lat' dir='ltr'><strong>quatenus</strong></span> <span class='ocrx_word' id='word_1_769' title='bbox 2833 5393 3065 5459; x_wconf 90' lang='lat' dir='ltr'><strong>dicitur,</strong></span> <span class='ocrx_word' id='word_1_770' title='bbox 3100 5397 3343 5448; x_wconf 91' lang='lat' dir='ltr'><strong>eatenus</strong></span> <span class='ocrx_word' id='word_1_771' title='bbox 3373 5393 3550 5447; x_wconf 85' lang='lat' dir='ltr'><strong>etiam</strong></span> <span class='ocrx_word' id='word_1_772' title='bbox 3583 5394 3654 5447; x_wconf 89' lang='lat' dir='ltr'><strong>ad</strong></span> <span class='ocrx_word' id='word_1_773' title='bbox 3695 5408 3800 5464; x_wconf 81' lang='lat' dir='ltr'><strong>ge-</strong></span> 
     </span>
    </p>
   </div>
   <div class='ocr_carea' id='block_1_110' title="bbox 2141 5481 3798 5554">
    <p class='ocr_par' dir='ltr' id='par_1_110' title="bbox 2141 5481 3798 5554">
     <span class='ocr_line' id='line_1_112' title="bbox 2141 5481 3798 5554; baseline 0.001 -18"><span class='ocrx_word' id='word_1_774' title='bbox 2141 5499 2254 5536; x_wconf 82' lang='lat' dir='ltr'><strong>nus</strong></span> <span class='ocrx_word' id='word_1_775' title='bbox 2304 5481 2578 5536; x_wconf 90' lang='lat' dir='ltr'><strong>reducere</strong></span> <span class='ocrx_word' id='word_1_776' title='bbox 2608 5485 2855 5552; x_wconf 90' lang='lat' dir='ltr'><strong>oportet.</strong></span> <span class='ocrx_word' id='word_1_777' title='bbox 2897 5481 2998 5536; x_wconf 86' lang='lat' dir='ltr'><strong>Est</strong></span> <span class='ocrx_word' id='word_1_778' title='bbox 3046 5482 3229 5554; x_wconf 87' lang='lat' dir='ltr'><strong>igitur</strong></span> <span class='ocrx_word' id='word_1_779' title='bbox 3260 5485 3316 5536; x_wconf 92' lang='lat' dir='ltr'><strong>et</strong></span> <span class='ocrx_word' id='word_1_780' title='bbox 3347 5481 3533 5537; x_wconf 86' lang='lat' dir='ltr'><strong>facere</strong></span> <span class='ocrx_word' id='word_1_781' title='bbox 3581 5497 3686 5554; x_wconf 89' lang='lat' dir='ltr'><strong>per</strong></span> <span class='ocrx_word' id='word_1_782' title='bbox 3714 5497 3798 5549; x_wconf 88' lang='lat' dir='ltr'><strong>se,</strong></span> 
     </span>
    </p>
   </div>
   <div class='ocr_carea' id='block_1_111' title="bbox 2143 5569 3803 5642">
    <p class='ocr_par' dir='ltr' id='par_1_111' title="bbox 2143 5569 3803 5642">
     <span class='ocr_line' id='line_1_113' title="bbox 2143 5569 3803 5642; baseline -0.001 -16"><span class='ocrx_word' id='word_1_783' title='bbox 2143 5574 2480 5642; x_wconf 88' lang='lat' dir='ltr'><strong>separatum</strong></span> <span class='ocrx_word' id='word_1_784' title='bbox 2534 5570 2606 5624; x_wconf 89' lang='lat' dir='ltr'><strong>ab</strong></span> <span class='ocrx_word' id='word_1_785' title='bbox 2637 5569 2757 5624; x_wconf 92' lang='lat' dir='ltr'><strong>illis</strong></span> <span class='ocrx_word' id='word_1_786' title='bbox 2804 5587 2934 5640; x_wconf 71' lang='lat' dir='ltr'><strong>qua:</strong></span> <span class='ocrx_word' id='word_1_787' title='bbox 2966 5575 3105 5624; x_wconf 93' lang='lat' dir='ltr'><strong>sunt</strong></span> <span class='ocrx_word' id='word_1_788' title='bbox 3155 5572 3226 5625; x_wconf 91' lang='lat' dir='ltr'><strong>ad</strong></span> <span class='ocrx_word' id='word_1_789' title='bbox 3279 5569 3543 5640; x_wconf 84' lang='lat' dir='ltr'><strong>aliquid;</strong></span> <span class='ocrx_word' id='word_1_790' title='bbox 3576 5574 3632 5624; x_wconf 88' lang='lat' dir='ltr'><strong>et</strong></span> <span class='ocrx_word' id='word_1_791' title='bbox 3681 5570 3803 5642; x_wconf 91' lang='lat' dir='ltr'><strong>pati</strong></span> 
     </span>
    </p>
   </div>
   <div class='ocr_carea' id='block_1_112' title="bbox 2144 5658 3799 5730">
    <p class='ocr_par' dir='ltr' id='par_1_112' title="bbox 2144 5658 3799 5730">
     <span class='ocr_line' id='line_1_114' title="bbox 2144 5658 3799 5730; baseline -0.001 -16"><span class='ocrx_word' id='word_1_792' title='bbox 2144 5658 2438 5715; x_wconf 90' lang='lat' dir='ltr'><strong>similiter.</strong></span> <span class='ocrx_word' id='word_1_793' title='bbox 2471 5659 2977 5722; x_wconf 85' lang='lat' dir='ltr'><strong>Quemadmodum</strong></span> <span class='ocrx_word' id='word_1_794' title='bbox 3014 5664 3211 5714; x_wconf 88' lang='lat' dir='ltr'><strong>autem</strong></span> <span class='ocrx_word' id='word_1_795' title='bbox 3247 5660 3439 5730; x_wconf 89' lang='lat' dir='ltr'><strong>ipsum</strong></span> <span class='ocrx_word' id='word_1_796' title='bbox 3475 5659 3547 5712; x_wconf 89' lang='lat' dir='ltr'><strong>ad</strong></span> <span class='ocrx_word' id='word_1_797' title='bbox 3579 5658 3799 5729; x_wconf 87' lang='lat' dir='ltr'><strong>aliquid</strong></span> 
     </span>
    </p>
   </div>
   <div class='ocr_carea' id='block_1_113' title="bbox 2144 5747 3801 5822">
    <p class='ocr_par' dir='ltr' id='par_1_113' title="bbox 2144 5747 3801 5822">
     <span class='ocr_line' id='line_1_115' title="bbox 2144 5747 3801 5822; baseline 0.002 -18"><span class='ocrx_word' id='word_1_798' title='bbox 2144 5750 2203 5804; x_wconf 90' lang='lat' dir='ltr'><strong>in</strong></span> <span class='ocrx_word' id='word_1_799' title='bbox 2235 5749 2572 5806; x_wconf 86' lang='lat' dir='ltr'><strong>substantia</strong></span> <span class='ocrx_word' id='word_1_800' title='bbox 2597 5749 3328 5822; x_wconf 84' lang='lat' dir='ltr'><strong>spectabatur,secundum</strong></span> <span class='ocrx_word' id='word_1_801' title='bbox 3360 5747 3416 5803; x_wconf 92' lang='lat' dir='ltr'><strong>id</strong></span> <span class='ocrx_word' id='word_1_802' title='bbox 3448 5747 3602 5819; x_wconf 93' lang='lat' dir='ltr'><strong>quod</strong></span> <span class='ocrx_word' id='word_1_803' title='bbox 3638 5752 3801 5820; x_wconf 87' lang='lat' dir='ltr'><strong>pater</strong></span> 
     </span>
    </p>
   </div>
  </div>
