4126 6430
429 402 544 464 867

1691 385 2110 448 NICEPHORI
2155 387 2591 454 BLEMMlD/E

3730 399 3842 461 868

432 538 490 590 et
518 533 713 601 ﬁlius;
748 531 892 588 etin
945 531 1184 601 quanto,
1217 521 1436 595 aequale
1483 524 1539 576 et
1567 518 1889 592 inaequale;
1925 523 1981 574 et
2016 518 2077 574 in

2215 515 2307 574 σον
2355 522 2444 576 καὶ
2493 522 2694 597 ἄνισον,
2726 527 2821 581 κάν
2879 531 2958 598 τῷ
3011 530 3155 599 ποιῷ
3209 526 3346 584 κατὰ
3394 528 3456 583 τὸ
3517 527 3712 601 ὅμοιον
3758 531 3843 588 καὶ

433 621 814 697 quali,simile
842 625 899 676 et
927 615 1213 675 dissimile
1236 632 1249 682 ;
1271 615 1351 669 ita
1381 627 1521 694 sane
1549 610 1726 667 etiam
1750 610 1807 664 in
1828 608 1889 662 τὸ
1915 625 2085 681 agere

434 717 493 772 et
523 710 664 784 pati.

507 803 594 858 12.
629 799 745 855 Nec
797 797 1122 869 quidquam
1155 798 1244 849 est
1293 789 1554 855 absurdi,
1588 805 1767 843 unum
1811 787 2084 858 idemque

435 890 667 946 duobus
697 884 1164 960 praedicamentis
1195 880 1427 952 subjici,
1461 895 1593 934 cum
1625 883 1681 932 et
1713 877 1902 948 quoad
1944 877 2084 930 sub-

435 977 762 1038 sistentiam
797 993 900 1048 per
927 992 988 1031 se
1037 973 1232 1043 habet,
1265 975 1322 1026 et
1350 969 1541 1040 quoad
1573 965 1977 1022 habitudinem
2011 968 2082 1020 ad

437 1069 598 1126 aliud
629 1067 1054 1124 consideratur.

511 1159 598 1215 13.
630 1158 741 1213 Sed
776 1170 962 1226 neque
983 1152 1159 1208 etiam
1193 1148 1659 1204 contrarietatem
1683 1145 1898 1199 habent
1929 1145 1999 1198 ad
2024 1159 2086 1198 se

435 1246 682 1304 invicem
711 1243 773 1297 τὸ
803 1259 973 1316 agere
1002 1247 1058 1296 et
1089 1239 1230 1311 pati,
1268 1237 1496 1293 tametsi
1525 1233 1806 1306 oppositis
1847 1238 2088 1287 utantur

436 1337 696 1393 vocibus.
730 1332 1208 1390 Contrarietatem
1238 1333 1433 1382 tamen
1466 1331 1520 1380 et
1553 1325 1740 1395 magis
1773 1322 2087 1392 minusque

439 1425 686 1498 quodvis
718 1439 921 1478 eorum
945 1415 1530 1489 suscipit(calefacere
1549 1413 1704 1468 enim
1728 1412 2086 1466 contrarium

437 1521 525 1572 est
551 1518 630 1585 τῷ
687 1509 1071 1583 refrigerare),
1104 1505 1507 1577 contingitque
1558 1501 1745 1573 magis
1788 1507 1843 1556 et
1889 1501 2087 1556 minus

435 1605 766 1662 calefacere.
816 1603 888 1657 Et
930 1600 1143 1654 iterum
1194 1593 1446 1670 caleﬁeri
1491 1591 1849 1648 contrarium
1898 1595 1986 1644 est
2007 1591 2088 1660 τῷ

435 1691 864 1766 refrigerari;et
891 1688 1017 1745 ﬁeri
1046 1691 1240 1760 potest
1271 1688 1336 1741 ut
1366 1681 1555 1754 magis
1586 1680 1803 1751 aliquid
1837 1679 2086 1747 calefiat,

433 1789 491 1842 et
538 1784 686 1840 281
743 1780 942 1836 minus
991 1776 1236 1833 caleﬁat.
1271 1777 1343 1829 At
1390 1789 1522 1828 vero
1553 1770 1614 1823 τὸ
1666 1767 1978 1824 calefacere
2006 1770 2086 1838 τῷ

435 1872 686 1930 caleﬁeri
718 1887 833 1926 non
881 1871 971 1924 est
997 1864 1358 1922 contrarium
1394 1880 1408 1930 ;
1441 1877 1630 1933 neque
1657 1857 1719 1911 τὸ
1751 1857 2087 1928 frigefacere

431 1965 510 2034 τῷ
541 1959 838 2034 frigeﬁeri.
867 1959 938 2014 Et
966 1958 1024 2012 in
1056 1954 1188 2011 aliis
1219 1953 1423 2008 eodem
1456 1950 1627 2005 modo
1659 1964 1751 2004 res
1785 1963 1846 2002 se
1886 1946 2084 2006 habet.

433 2053 623 2124 Atque
653 2050 723 2106 de
750 2062 922 2121 agere
952 2051 1011 2102 et
1039 2043 1154 2116 pati
1184 2046 1418 2097 tantum
1450 2039 1528 2095 sit
1555 2039 1800 2093 dictum.

508 2158 594 2213 14.
653 2155 877 2212 Habere
923 2156 1121 2208 autem
1171 2146 1518 2220 simpliciter
1565 2145 1788 2200 dictum
1845 2160 1953 2198 vox
2001 2146 2089 2196 est

435 2242 1028 2320 zequivocaﬂontinet
1057 2240 1213 2295 enim
1242 2241 1298 2293 et
1321 2237 1514 2308 ipsum
1543 2233 2085 2306 prmriicamentum,

437 2339 493 2392 et
530 2352 665 2391 vero
694 2332 870 2389 etiam
924 2329 1036 2386 alia
1065 2327 1340 2384 declarat.
1373 2324 1597 2380 Dicitur
1643 2322 1800 2377 enim
1851 2321 2084 2386 habere,

435 2429 501 2481 ut
549 2425 814 2480 habitum
863 2425 920 2476 et
967 2416 1432 2490 dispositionem,
1467 2411 1554 2468 vel
1604 2411 1781 2467 aliam
1827 2409 2088 2480 aliquam

436 2513 802 2586 qualitatem.
836 2511 922 2566 Ita
950 2507 1203 2564 dicimus
1234 2505 1448 2560 habere
1486 2500 1791 2557 scientiam
1822 2503 1880 2554 et
1906 2499 2089 2553 virtu-

433 2608 554 2660 tem
585 2606 688 2658 aut
719 2600 1049 2656 albedinem
1081 2600 1183 2652 aut
1212 2593 1605 2667 pallorem;ut
1634 2593 2092 2662 quantum,qua-

433 2697 608 2748 tenus
639 2689 852 2762 aliquis
882 2687 1095 2743 dicitur
1123 2685 1338 2740 habere
1372 2680 1841 2754 magnitudinem
1874 2678 2090 2732 fortas-

435 2783 520 2838 sis
552 2785 655 2837 aut
701 2779 962 2850 quinque
991 2774 1322 2831 cubitorum
1380 2787 1448 2826 ea
1495 2787 1625 2842 quas
1676 2768 1831 2823 circa
1878 2780 2092 2835 corpus

437 2868 762 2938 sunt,velut
788 2866 1202 2923 vestimentum
1235 2865 1336 2916 aut
1364 2859 1623 2915 tunicam
1659 2876 1672 2914 :
1707 2862 1807 2912 aut
1834 2856 1893 2910 in
1929 2856 2093 2927 parte

438 2959 594 3016 velut
624 2957 840 3013 habere
865 2955 1042 3027 pedes
1090 2957 1147 3008 et
1177 2967 1388 3006 manus
1418 2953 1474 3004 et
1503 2951 1715 3019 caput;
1751 2951 1807 3002 et
1835 2945 1896 3000 in
1934 2962 2090 3013 vase,

439 3046 940 3121 quemadmodum
973 3042 1309 3099 medimnus
1329 3039 1543 3094 dicitur
1565 3037 1776 3092 habere
1799 3037 2093 3090 frumenta

437 3141 495 3192 et
515 3152 730 3208 aquam
749 3132 1033 3204 amphora
1055 3134 1151 3198 ;ut
1175 3125 1606 3200 possesSionem
1625 3143 1637 3193 ;
1656 3124 1908 3180 dicimus
1934 3124 2092 3180 enim

438 3226 681 3281 domum
733 3227 833 3278 aut
861 3237 1069 3294 agrum
1117 3219 1351 3274 habere.
1393 3217 1610 3272 Dicitur
1641 3213 1818 3269 etiam
1851 3213 1940 3267 vir
1989 3214 2088 3268 ha-

2193 608 2474 682 ἀνόμοιον·
2508 614 2650 670 οὕτω
2709 613 2776 684 δὴ
2835 616 2930 671 κάν
2990 621 3068 688 τῷ
3121 622 3296 673 ποιεῖν
3345 617 3437 672 καὶ
3484 621 3567 690 τῷ
3593 619 3840 694 πάσχειν.

2267 789 2356 863 ιβ’.
2391 792 2487 845 Καὶ
2520 789 2673 848 οὐδὲν
2717 789 2914 848 ἄτοπον
2945 795 3008 850 τὸ
3038 794 3167 851 αὐτὸ
3205 797 3294 852 καὶ
3342 795 3400 852 ’ὲν
3439 795 3546 851 ὑπὸ
3609 794 3705 852 δύο
3760 819 3845 854 καρ

2190 879 2450 955 τηγορίας
2501 880 2700 953 τελεῖν,
2751 885 2884 938 κατά
2930 905 2990 938 τε
3028 885 3128 954 τὴν
3180 887 3300 949 καθ’
3339 885 3470 940 αὐτὸ
3535 885 3840 958 ὑπόστασιν,

2191 966 2281 1022 καὶ
2312 971 2448 1025 κατά
2474 972 2572 1040 τὴν
2604 971 2739 1047 πρὸς
2766 969 2946 1049 ἕτερον
2981 977 3164 1049 σχέσιν
3197 974 3523 1049 νοούμενον.

2269 1147 2355 1219 ιγ’.
2406 1146 2560 1203 Ἀλλ’
2608 1147 2722 1203 οὐδ’
2771 1149 3076 1206 ἐναντίωσιν
3149 1147 3265 1227 ἔχει
3313 1151 3376 1206 τὸ
3425 1156 3608 1206 ποιεῖν
3657 1149 3744 1206 καί
3787 1151 3845 1206 τὸ

2194 1232 2423 1309 πάσχειν
2456 1238 2591 1312 πρὸς
2624 1236 2868 1311 ἄλληλα,
2898 1239 2992 1295 κᾶν
3057 1241 3350 1304 ἀντιθέτοις
3381 1246 3574 1317 χρῷτο
3629 1247 3842 1320 φωναῖς.

2197 1323 2535 1379 Ἐναντίωσιν
2573 1327 2753 1399 μέντοι
2785 1329 2966 1384 καὶτὸ
3000 1327 3212 1402 μᾶλλον
3269 1327 3360 1385 καί
3409 1331 3473 1386 τὸ
3530 1333 3695 1400 ἦττον
3729 1326 3845 1384 ἵκα-

2196 1434 2319 1468 στον
2383 1413 2603 1488 (αὐτῶν)
2651 1413 2980 1492 ἐπιδέχεται.
3043 1419 3114 1473 Τὸ
3181 1419 3284 1494 γὰρ
3339 1418 3652 1493 θερμαίνειν
3707 1417 3845 1474 ἐναν-

2194 1501 2309 1557 τίον
2366 1507 2445 1574 τῷ
2499 1503 2716 1580 ψύχειν·
2777 1506 2866 1560 καὶ
2929 1504 3142 1580 μᾶλλον
3198 1503 3312 1562 ἔστι
3376 1508 3688 1584 θερμαίνειν
3762 1505 3846 1562 καὶ

2195 1593 2375 1660 ἧττον.
2431 1591 2528 1646 Καὶ
2586 1592 2749 1649 πάλιν
2799 1595 2862 1650 τὸ
2904 1595 3284 1669 θερμαίνεσθαι
3340 1594 3583 1651 ἐναντίον
3631 1599 3711 1667 τῷ
3754 1592 3845 1668 ψύ-

2196 1692 2408 1755 χεσθαι·
2441 1681 2531 1735 καὶ
2566 1681 2780 1754 μᾶλλον
2834 1685 3209 1759 θερμαίνεσθαι
3270 1681 3521 1756 δυνατὸν,
3553 1684 3645 1740 καὶ
3694 1686 3842 1753 ἧττον

2196 1769 2591 1845 θερμαίνεσθαι.
2643 1772 2714 1828 Τὸ
2764 1770 2821 1828 δέ
2871 1794 2934 1848 γε
2995 1773 3302 1850 θερμαίνειν
3363 1773 3468 1831 οὐκ
3527 1771 3845 1845 ἠναντίωται

2117 1901 2165 1966 Β
2193 1862 2273 1966 τῷ
2321 1859 2719 1935 θερμαίνεσθαι,
2763 1859 2885 1918 οὕτε
2926 1863 2988 1917 τὸ
3038 1861 3233 1939 ψύχειν
3285 1868 3365 1936 τῷ
3413 1863 3707 1940 ψύχεσθαι·
3762 1859 3844 1918 καὶ

2267 1947 2282 1966 κ
2370 1953 2397 1963 ..
2496 1948 2584 1966 ,μμ
2741 1951 2753 1966 .
2855 1951 2868 1966 ι
3052 1957 3095 1966 ..
3167 1952 3180 1966 .
3284 1953 3299 1966 ς
3418 1951 3448 1966 ν
3596 1957 3624 1966 ..
3801 1955 3822 1965 -

2196 1947 2284 2002 ἐπὶ
2332 1953 2438 2002 τῶν
2490 1948 2676 2005 ἄλλων
2724 1951 3006 2014 ὡσαύτως.
3052 1952 3183 2028 Περὶ
3245 1953 3339 2027 μὲν
3387 1951 3480 2008 οὗν
3530 1957 3630 2010 τοῦ
3681 1955 3844 2007 ποιεῖν

2195 2036 2286 2091 καὶ
2316 2037 2544 2114 πάσχειν
2580 2038 2667 2094 ἐπὶ
2696 2045 2954 2096 τοσοῦτον
2987 2041 3248 2118 εἰρήσθω.

2273 2142 2353 2201 ιδ’.
2386 2145 2454 2198 Τὸ
2487 2142 2533 2198 δ’
2590 2142 2733 2221 ἔχειν
2793 2146 2982 2209 ἁπλῶς
3046 2148 3141 2220 μὲν
3195 2145 3501 2224 λεγόμενον
3562 2147 3844 2221 ὁμώνυμος

2198 2235 2349 2308 (ρνθή
2405 2233 2535 2288 ἐστι.
2599 2235 2850 2310 Περιέχει
2903 2237 2998 2310 μὲν
3049 2239 3152 2313 γὰρ
3201 2239 3291 2291 καὶ
3358 2239 3463 2308 τήν
3526 2235 3845 2311 κατηγορίαν

2197 2322 2385 2391 αὐτήνο
2424 2320 2590 2392 δηλοῖ
2638 2321 2696 2378 δὲ
2741 2326 2830 2379 καὶ
2881 2323 3025 2381 ἄλλα
3069 2327 3208 2380 τινά.
3261 2326 3494 2400 Λέγεται
3542 2327 3646 2403 γὰρ
3691 2321 3845 2401 ἔχειν,

2197 2412 2272 2472 ὡς
2301 2409 2406 2482 ἕξιν
2452 2412 2541 2466 καὶ
2596 2410 2852 2482 διάθεσιν,
2883 2415 2918 2482 ἢ
2948 2413 3125 2485 ἄλλην
3183 2417 3304 2470 τινὰ
3364 2415 3658 2486 ποιότητα.
3706 2409 3845 2466 Οὕτω

2200 2498 2434 2574 λέγομεν
2491 2498 2635 2576 ἔχειν
2690 2501 2998 2576 ἐπιστήμην
3043 2504 3133 2559 καὶ
3184 2505 3401 2580 ἀρετὴν,
3537 2499 3841 2572 λευκότητα,

2199 2590 2233 2658 ἢ
2269 2588 2583 2664 ὠχρότητα.
2619 2591 2706 2653 Ὠς
2737 2593 2926 2663 ποσὸν,
2958 2593 3092 2649 καθὸ
3123 2590 3341 2668 λέγεταί
3372 2616 3458 2658 τις
3495 2589 3642 2671 ἔχειν
3697 2591 3840 2666 μέγε-

2201 2680 2316 2746 θος,
2370 2678 2688 2756 τετράπηχυ
2755 2682 2923 2757 τυχὸν
2985 2684 3018 2752 ἢ
3067 2681 3414 2758 πεντάπηχυο
3466 2683 3543 2745 ὡς
3601 2681 3668 2738 τὰ
3727 2675 3840 2753 περὶ

2202 2771 2381 2841 σῶμα,
2414 2771 2527 2823 οἷον
2592 2770 2806 2842 ἱμάτιον
2867 2767 3075 2845 ἔχεινῆ
3117 2776 3346 2846 χιτῶνα·
3405 2773 3484 2835 ὡς
3540 2771 3590 2826 ἐν
3656 2767 3837 2845 μορίῳ,

2201 2859 2313 2912 οἷον
2349 2855 2638 2914 δακτύλιον
2680 2856 2824 2935 ἔχειν
2876 2859 2927 2914 ἐν
2970 2859 3137 2937 χειρί·
3172 2861 3247 2922 ὡς
3301 2859 3490 2938 μέρος,
3525 2862 3638 2915 οἷον
3682 2853 3836 2916 πόδας

2203 2943 2347 3021 ἔχειν
2380 2946 2468 3001 καὶ
2514 2954 2702 3023 χεῖρας
2749 2948 2839 3003 καὶ
2887 2949 3151 3028 κεφαληνο
3198 2950 3272 3014 ὡς
3328 2949 3381 3004 ἐν
3446 2949 3662 3027 ἀγγείῳ,
3691 2945 3838 3002 καθά-

2200 3056 2301 3112 περ
2349 3037 2377 3090 ὁ
2432 3034 2691 3111 μέδιμνος
2758 3037 2902 3114 ἔχειν
2963 3037 3173 3115 λέγεται
3225 3039 3352 3102 τοὺς
3413 3037 3642 3116 πυροὺς,
3686 3033 3770 3090 καὶ
3813 3031 3837 3085 ὅ

2202 3124 2480 3203 ἀμφορεὺς
2512 3125 2574 3180 τὸ
2624 3124 2790 3203 ὕδωρ·
2845 3127 2919 3190 ὡς
2970 3135 3176 3201 κτῆμα·
3231 3125 3471 3204 λέγομεν
3523 3127 3626 3204 γὰρ
3683 3120 3836 3180 οἰκίαν

2205 3211 2349 3289 ἔχειν
2377 3216 2410 3284 ἣ
2439 3213 2622 3290 ἀγρόν.
2655 3216 2878 3290 Λέγεται
2912 3212 2969 3270 δὲ
3015 3216 3104 3271 καὶ
3153 3222 3386 3293 γυναῖκα
3431 3213 3576 3294 ἔχειν
3624 3215 3651 3269 ὁ
3696 3211 3837 3284 ἀνὴρ,

441 3274 681 3281 _.--_____
736 3274 830 3278 η,
867 3274 1002 3294 -.οη

435 3315 572 3370 bere
617 3329 853 3368 uxorem
891 3316 949 3366 et
992 3325 1136 3365 uxor
1162 3307 1375 3362 virum.
1411 3306 1521 3361 Sed
1551 3303 1647 3359 hic
1678 3302 1930 3358 habendi
1965 3319 2086 3357 mo-

2215 3303 2291 3358 ιαί
2321 3307 2356 3374 ἡ
2390 3274 2527 3379 γυνῆ
2563 3274 2752 3380 ἄνδρα..
2783 3305 2952 3368 Οὗτος
2983 3303 3029 3361 δ’
3080 3307 3108 3361 ὁ
3155 3274 3356 3382 τρόπος
3420 3274 3839 3379 ἆῖλοτριώτατοέ

435 3403 547 3458 dus
577 3402 831 3457 maxime
860 3400 1086 3456 alienus
1140 3413 1267 3453 esse
1296 3396 1544 3451 videtur.
1581 3393 1778 3466 Neque
1810 3391 1966 3447 enim
1998 3392 2094 3446 hic

435 3491 650 3547 habere
699 3491 854 3546 aliud
907 3504 1084 3560 quam
1137 3483 1456 3542 cohabitari
1527 3481 1803 3538 declarat.
1861 3482 1929 3535 Et
1971 3479 2093 3536 haec

441 3579 678 3652 quidem
710 3579 781 3634 de
809 3578 1100 3649 azquivoca
1129 3591 1266 3630 voce
1298 3575 1530 3628 habere.

513 3671 600 3724 15.
637 3667 799 3724 Unde
828 3665 1161 3739 philosophi
1204 3663 1721 3736 praadicamentum
1775 3661 1987 3715 habere
2020 3660 2091 3714 ab

442 3757 574 3814 aliis
625 3757 969 3829 signiﬁcatis
1009 3756 1165 3811 232
1216 3753 1560 3817 dividentes,
1593 3751 1675 3805 ita
1725 3751 1947 3804 dicunt.
1981 3749 2092 3804 Ha-

438 3848 576 3904 bere
604 3851 694 3902 est
721 3845 1064 3901 substantia
1097 3843 1168 3898 ad
1200 3841 1594 3898 substantiam
1632 3839 2091 3910 circumpositio.

514 3938 601 3992 16.
635 3937 695 3992 Si
726 3935 879 4007 quod
911 3933 1090 4006 igitur
1120 3948 1332 4002 corpus
1363 3927 1814 4001 acquisitum,ut
1842 3927 2091 3982 alterum

439 4025 608 4082 alteri
663 4024 1058 4093 circumjacet,
1109 4037 1282 4077 omne
1337 4019 1446 4075 hoc
1504 4017 1755 4073 habendi
1814 4017 2092 4089 praedica-

439 4120 636 4172 mento
667 4113 1188 4186 comprehendunt.

514 4207 601 4260 17.
633 4205 821 4269 Quare
852 4219 957 4258 nec
988 4199 1412 4274 possessiones,
1444 4214 1546 4252 seu
1597 4213 1756 4268 opes,
1787 4201 1891 4252 aut
1921 4212 2090 4251 man-

439 4293 610 4367 cipia,
641 4297 743 4349 aut
770 4291 1014 4358 amicos,
1046 4294 1147 4346 aut
1193 4293 1389 4360 patres
1419 4291 1522 4342 aut
1551 4285 1722 4356 ﬁlios,
1756 4290 1859 4341 aut
1898 4291 2092 4356 partes

439 4383 700 4454 corporis
729 4381 918 4453 quoad
949 4380 1058 4436 hoc
1084 4377 1339 4435 habendi
1369 4392 1557 4448 genus
1588 4375 1829 4442 dicunt;
1857 4375 2091 4445 quando

437 4472 562 4528 haec
590 4471 650 4526 in
681 4467 1196 4541 circumpositione
1225 4483 1339 4522 non
1371 4469 1526 4521 sunt.

512 4562 595 4615 18.
630 4559 776 4615 Huic
825 4559 1028 4630 utique
1053 4557 1116 4610 τὸ
1165 4555 1379 4611 habere
1408 4558 1464 4609 et
1517 4553 1814 4624 possidere
1845 4569 1914 4608 ex
1964 4552 2090 4608 Pla-

437 4649 594 4706 tonis
625 4647 912 4705 sententia
939 4646 1203 4713 variant;
1237 4644 1395 4700 velut
1427 4642 1476 4697 si
1521 4643 1654 4714 quis
1686 4647 1906 4698 vestem
1937 4647 2086 4698 emat

2215 4641 2591 4699 Ξιαλλάττουσι
2648 4642 2784 4696 κατά
2841 4639 3127 4697 Πλάτωνα·

438 4742 496 4795 et
516 4737 672 4809 quod
703 4737 1008 4792 continens
1039 4735 1116 4790 sit
1137 4750 1252 4789 non
1279 4737 1467 4804 gestet
1491 4749 1503 4800 ;
1535 4731 1832 4803 possidere
1853 4730 2092 4801 quidem

439 4844 589 4898 eam,
624 4841 997 4899 nequaquam
1029 4829 1226 4878 autem
1258 4821 1470 4877 habere
1503 4819 1750 4875 dicetur.

513 4916 741 4980 19.0uae
773 4915 957 4986 igitur
986 4911 1311 4969 secundum
1345 4910 1558 4965 habere
1588 4910 2096 4981 praedicamentale

439 5005 751 5070 habentur,
785 5012 887 5059 aut
915 5003 1050 5058 belli
1083 5005 1183 5057 aut
1215 5000 1373 5073 pacis
1405 5005 1666 5070 tempore
1698 4999 2004 5055 habentur.

509 5097 599 5149 20.
631 5098 698 5148 Et
745 5109 946 5148 eorum
979 5109 1108 5163 quae
1157 5089 1292 5145 belli
1323 5094 1583 5159 tempore
1633 5087 1946 5159 habentur,
1980 5089 2095 5146 alia

441 5181 1004 5254 circumjacent,a1ia
1035 5179 1374 5236 obtinentur
1403 5195 1415 5244 ;
1440 5182 1497 5232 et
1525 5177 1736 5232 horum
1770 5177 1883 5233 alia
1903 5179 2096 5234 defen-

441 5271 584 5339 siva,
617 5270 732 5326 alia
761 5271 1040 5325 offensive.
1069 5274 1209 5325 sunt
1240 5284 1254 5322 ι
1288 5266 1603 5332 defensiva,
1637 5271 1703 5321 ut
1731 5265 1956 5335 thorax,
1992 5286 2092 5342 ga-

440 5359 550 5426 lea,
578 5364 811 5415 scutum
839 5377 852 5428 ;
887 5358 1185 5428 oﬂ'ensiva,
1211 5361 1274 5412 ut
1304 5357 1493 5420 hasta,
1528 5355 2019 5428 gladius,sagitta.

512 5464 602 5518 21.
635 5463 850 5520 Eorum
880 5470 1075 5521 autem
1122 5481 1252 5536 quas
1282 5461 1440 5535 pacis
1476 5466 1733 5532 tempore
1779 5461 2090 5527 habentur,

446 5549 560 5606 alia
590 5556 824 5623 propter
854 5559 1127 5610 ornatum
1158 5557 1214 5608 et
1243 5551 1564 5608 secundum
1597 5551 1857 5606 diversas
1887 5568 2089 5626 corpo-

449 5638 530 5692 ris
558 5643 753 5708 partes
799 5642 1110 5711 habentur,
1146 5647 1211 5698 ut
1239 5657 1474 5708 corona,
1501 5637 1738 5704 monile,
1789 5641 2046 5699 annulus
2075 5661 2089 5712 ;

453 5724 568 5783 alia
594 5735 829 5801 propter
856 5731 1364 5806 tegumentum.Et
1392 5730 1604 5786 horum
1628 5727 1864 5801 quidem
1897 5730 2091 5805 aliqus

2204 3390 2371 3447 ἔοικεν
2408 3392 2538 3447 εἶναι
2566 3397 2662 3447 τοῦ
2695 3392 2862 3469 ἔχειν·
2898 3392 3023 3448 οὐδὲ
3053 3394 3156 3471 γὰρ
3190 3392 3332 3451 ἄλλο
3361 3396 3428 3450 τὸ
3463 3389 3609 3470 ἔχειν
3642 3390 3842 3450 ἐνταῦθα

2201 3484 2235 3551 ἣ
2262 3483 2324 3536 τὸ
2357 3487 2620 3536 συνοικεῖν
2655 3480 2840 3552 δηλοῖ.
2881 3489 3055 3539 Ταῦτα
3091 3484 3185 3557 μὲν
3237 3483 3361 3561 περὶ
3414 3492 3516 3554 τῆς
3561 3486 3656 3538 τοῦ
3710 3474 3838 3552 ἔχειν

2205 3571 2507 3644 ὁμωνύμου
2539 3579 2746 3645 φωνῆς.

2279 3668 2350 3715 ιε’.
2387 3662 2535 3714 Ὀθεν
2572 3658 3014 3737 ἀποδιαιροῦντες
3053 3663 3152 3730 τήν
3207 3663 3544 3740 κατηγορίαν
3595 3659 3655 3714 τὸ
3709 3652 3836 3730 ἔχειν

2203 3751 2253 3804 οἱ
2286 3749 2576 3828 φιλόσοφοι
2603 3755 2708 3804 τῶν
2750 3749 2935 3805 ἄλλων
2999 3752 3446 3824 σημαινομένων,
3482 3750 3622 3806 οὕτω
3674 3741 3834 3823 φασίνο

2201 3842 2387 3915 ’Έχειν
2421 3839 2561 3893 ἐστὶν
2595 3838 2777 3902 οὐσίας
2811 3839 2933 3914 περὶ
2967 3840 3150 3894 οὐσίαν
3177 3839 3476 3915 περίθεσις.

2275 3931 2360 3992 ις’.
2394 3926 2464 3982 Εἴ
2513 3950 2566 3984 τι
2619 3934 2745 4006 γοῦν
2813 3934 2974 4002 σῶμα
3053 3928 3374 4002 ἐπίκτητον,
3431 3931 3508 3991 ὡς
3563 3924 3736 3999 ἕτερον
3789 3917 3832 3971 ἐν

2203 4018 2370 4094 ἑτέρῳ
2412 4019 2731 4095 περίκειται,
2782 4025 2884 4073 πᾶν
2939 4020 2999 4073 τὸ
3046 4024 3294 4074 τοιοῦτον
3355 4024 3426 4094 τῇ
3482 4017 3626 4094 ἔχειν
3682 4030 3833 4077 κατη-

2199 4109 2364 4186 γορίᾳ
2392 4103 2884 4185 περιλαμϐάνουσι.

2278 4183 2358 4267 ιζ’.
2393 4183 2486 4253 Διὸ
2544 4196 2669 4253 οὐδὲ
2719 4200 2994 4272 κτήματα,
3042 4200 3076 4267 ἣ
3106 4195 3440 4275 ἀνδράποδα,
3491 4200 3525 4262 ἢ
3577 4183 3835 4275 φίλους,ᾖ

2200 4287 2455 4362 πατέρας,
2513 4285 2749 4357 ἣυὶοὺς,
2801 4288 2834 4355 ἣ
2887 4289 2956 4342 τὰ
3017 4286 3154 4362 μέρη
3209 4271 3311 4342 τοῦ
3395 4271 3668 4360 σώματος,
3717 4271 3834 4331 κατὰ

2198 4380 2360 4431 τοῦτο
2390 4377 2452 4430 τὸ
2491 4374 2646 4452 γένος
2702 4374 2848 4450 ἔχειν
2907 4375 3081 4454 φασίν·
3117 4371 3200 4430 ὅτι
3265 4375 3429 4450 μηνδ⁹
3479 4374 3530 4430 ἐν
3590 4365 3830 4444 περιθέσει

2199 4465 2367 4519 ταῦτά
2398 4463 2535 4518 ἐστιν
2549 4507 2560 4520 .

2277 4555 2366 4623 ιη’.
2421 4555 2601 4608 Ἔνθεν
2677 4573 2762 4606 τοι
2830 4553 2918 4607 καὶ
2975 4553 3038 4606 τὸ
3099 4551 3244 4629 ἔχειν
3302 4555 3395 4609 καὶ
3451 4553 3514 4608 τὸ
3571 4538 3830 4611 κεκτῆσθαι

3217 4644 3330 4698 οἷον
3392 4640 3445 4698 εἴ
3496 4659 3579 4701 τις
3635 4631 3829 4706 ἱμάτιον

2204 4734 2504 4807 πριάμενος
2561 4731 2651 4786 καὶ
2711 4731 2979 4807 ἐγκρατὴς
3033 4729 3107 4785 ὣν
3163 4733 3239 4804 μὴ
3289 4730 3510 4810 φοροίη,
3566 4721 3828 4787 κεκτῆσθαι

2210 4824 2302 4897 μὲν
2346 4820 2573 4897 λεχθείη
2609 4821 2690 4875 ἂν·
2725 4815 2871 4896 ἔχειν
2903 4817 2946 4874 δ’
2978 4817 3252 4894 οὐδαμῶς.

2279 4913 2360 4975 ιθ’.
2407 4912 2484 4965 Τὰ
2545 4908 2724 4964 τοίνυν
2793 4909 2928 4964 κατὰ
2998 4909 3060 4963 τὸ
3115 4909 3475 4984 κατηγορικὸν
3529 4901 3668 4979 ἔχειν
3716 4881 3826 4965 ἐχό-

2208 5023 2360 5076 μενα,
2392 5002 2426 5070 ἢ
2454 5000 2589 5055 κατὰ
2618 4996 2862 5071 πόλεμον
2896 4994 3102 5073 ἔχεται,
3133 5000 3168 5069 ἣ
3197 4997 3248 5053 ἐν
3278 4999 3488 5075 εἰρήνῃ.
3697 5069 3706 5077 ι
3813 5057 3823 5077 ,

2273 5092 2339 5148 κ’,
2377 5088 2472 5144 Καὶ
2530 5091 2636 5143 τῶν
2692 5089 2828 5142 κατά
2885 5085 3131 5160 πόλεμον
3189 5089 3259 5142 τὰ
3330 5069 3452 5160 ’μὶνν
3507 5069 3827 5160 περικείμενξ

2204 5143 2338 5250 ἐστι,
2366 5179 2432 5233 τὰ
2465 5175 2521 5232 δὲ
2549 5175 2910 5251 κατεχόμενα·
2943 5143 3040 5230 καὶ,
3065 5178 3133 5231 τὰ
3179 5177 3274 5250 μὶν
3321 5143 3657 5254 ᾧυλάγμαῖτα,
3686 5157 3746 5254 "fi
3787 5143 3828 5202 δ’

2205 5269 2526 5342 ἀμυντήρια·
2597 5243 2924 5344 φυλαγματα
3019 5266 3136 5338 μὲν,
3180 5243 3273 5328 ’ὡς
3333 5243 3552 5339 ’θώρᾷξ,
3633 5243 3823 5326 κράνος,

2203 5358 2380 5420 ἀσπίς·
2418 5356 2722 5431 ἆμυντήρια
2755 5351 2832 5425 δὲ,
2868 5353 2943 5416 ὡς
2977 5351 3128 5430 δόρυ,
3161 5354 3330 5433 ξίφος,
3361 5352 3530 5422 τόξον.

2273 5466 2374 5522 κα’.
2406 5467 2522 5517 Τῶν
2578 5459 2624 5516 δ’
2674 5459 2724 5515 ἐν
2773 5460 2982 5537 εἰρήνῃ,
3034 5463 3099 5516 τὰ
3158 5464 3253 5536 μὲν
3319 5460 3408 5518 διὰ
3456 5455 3654 5526 κόσμον
3705 5431 3824 5494 κατά

2204 5553 2433 5632 διάφορα
2493 5552 2629 5627 μέρη
2688 5536 3099 5624 τοῦσώματος
3177 5550 3378 5630 ἔχεται·
3431 5547 3505 5608 ὡς
3567 5536 3822 5632 πέφανξςζ

2202 5615 2602 5720 περίδέρῥαιον,
2672 5615 2984 5709 δακτύλιος,
3044 5641 3110 5696 τὰ
3184 5615 3243 5697 δέ
3319 5639 3408 5696 διὰ
3472 5615 3821 5720 utﬁt}?

2176 5695 2503 5808 ’τοιὲτῳνιτὰ
2536 5731 2630 5806 μὲν
2661 5729 2787 5806 περὶ
2824 5729 2886 5785 τὸ
2934 5728 3078 5786 πολὺ
3127 5735 3226 5788 τοῦ
3275 5729 3543 5804 σώματος,
3591 5714 3662 5774 ὡς
3704 5695 3817 5778 ῖμά“
