4126 6422
460 406 572 467 8'11

1453 602 1564 658 alia
1601 602 1740 675 belli
1773 610 2022 675 tempore

1574 674 1899 747 (habentur)

459 819 608 878 285
643 817 780 888 Ejus
813 816 1021 874 habere
1050 819 1197 890 quod

530 899 614 948 est
636 890 1130 962 praedicamentale

1369 1100 1482 1156 alia
1509 1100 1571 1156 in
1599 1116 1739 1172 pace
1770 1101 2092 1173 (habentur)
2171 929 2205 1351 ἑ

1701 400 1747 458 Ν
1756 398 2124 460 ICEPHORI
2167 397 2600 460 BLEMMIDE
3749 405 3853 464 872

2345 567 2644 671 ξθᾋῖίυεῖξ
3047 567 3073 671 δ
3130 567 3241 622 alia
3271 567 3582 642 defensrva,

2344 676 2778 732 commodantur
2812 676 2990 747 epidi-

2275 531 2386 588 alia
2414 532 2644 602 quidem
2686 531 2994 603 circumje-

2275 533 2386 588 alia
2414 533 2644 602 quidem
2686 533 2994 603 circumje-

2345 612 2496 671 cent,
2537 619 2634 660 seu
2679 606 2992 660 circumac-

2344 676 2778 758 commodantur
2812 676 2990 747 epidi-

2343 762 2556 804 εει-οδω.

3129 711 3242 768 alia
3272 710 3568 782 offensive,

3199 940 3348 996 pene
3371 939 3601 998 corpus,
3628 932 3688 983 ut
3712 925 3856 982 vesti-

3201 1004 3483 1070 mentum,

3128 1067 3241 1125 alia
3293 1067 3473 1126 circa'
3510 1073 3748 1139 partem,
3801 1071 3856 1125 ut

3200 1139 3399 1198 calcei.

2273 923 2386 979 alia
2405 923 2636 995 quidem
2659 932 2886 995 propter
2906 940 2991 981 or-

2341 1003 2541 1052 natum
2554 1041 2570 1067 ,
2631 1005 2692 1052 ut
2758 1011 2988 1063 corona,

3128 853 3242 910 alia
3259 853 3489 924 quidem
3515 854 3668 912 circa
3695 860 3854 911 totum

2344 924 2386 979 ia
2405 923 2636 995 quidem
2659 932 2886 995 propter
2906 940 2991 981 or-
3043 884 3070 1204 ἓ

2344 1003 2570 1067 natum,
2631 1005 2692 1052 ut
2758 1011 2988 1063 corona,

2344 1067 2662 1124 collarium.

2271 1280 2382 1338 alia
2410 1297 2542 1340 vero
2569 1288 2795 1354 prOpter
2824 1288 3235 1354 tegumentum.

1682 1535 1692 1544 ·
1728 1511 2067 1568 SYNOPSIS
2105 1513 2384 1569 CAPITIS
2421 1513 2590 1582 XXV,

1792 1618 1943 1663 QUOD
1983 1619 2083 1658 EST
2121 1619 2191 1658 DE
2231 1619 2546 1659 OPPOSITIS.

455 1696 503 1749 1.
529 1693 799 1766 'Opposita
827 1692 1037 1766 deﬁnit.
1069 1721 1137 1766 -_
1157 1694 1216 1766 _2.
1254 1689 1768 1766 Qppositadividit,
1823 1695 1874 1745 et
1918 1694 2237 1766 specierum
2256 1695 2703 1766 quaternarium
2722 1709 3018 1749 numerum
3045 1691 3429 1766 divisionibus
3448 1692 3759 1766 investigat.
3789 1720 3848 1730 —

521 1762 594 1820 3.’
622 1762 755 1834 Quae
803 1771 930 1818 sunt
958 1763 1029 1818 ad
1083 1762 1316 1834 aliquid,
1365 1763 1599 1836 deﬁnit.
1627 1793 1696 1802 -—
1744 1764 1796 1816 4.
1851 1765 2153 1836 Contraria
2205 1762 2420 1819 dividit.
2475 1796 2544 1804 —-
2583 1766 2637 1819 5.
2675 1765 2984 1836 Occupatio,
3017 1763 3284 1836 quomodo
3311 1764 3531 1820 malum
3556 1762 3850 1836 sit'contra-

520 1833 671 1891 rium
700 1843 753 1890 et
778 1836 1034 1906 privatio.
1073 1866 1131 1874 —
1165 1837 1221 1888 6.
1255 1837 1406 1906 Nova
1435 1833 1702 1889 divisione
1729 1837 2014 1888 contraria
2042 1835 2240 1890 dividit
2271 1837 2331 1889 in
2363 1836 2681 1891 immediata
2711 1843 2765 1891 et
2794 1833 3055 1892 mediata.
3087 1867 3157 1876 —
3187 1838 3239 1890 7.
3278 1837 3576 1906 Utrumque
3596 1834 3850 1906 describit.

519 1939 587 1949 —
616 1909 669 1963 8.
704 1904 1023 1962 Inimediata
1077 1905 1375 1961 subdividit
1430 1907 1490 1958 in
1519 1907 1814 1960 essentiata
1843 1907 2073 1977 subjecti
2097 1906 2491 1962 occidentalia.
2553 1938 2624 1949 —
2681 1907 2835 1963 280
2866 1909 2920 1962 9.
2955 1909 3294 1964 Essentialia
3351 1904 3603 1963 declarat
3629 1904 3853 1975 exemplo

515 1982 675 2050 paris
721 1982 774 2050 et
815 1979 1046 2048 imparis
1091 1978 1149 2032 in
1179 1993 1430 2050 numero,
1464 1978 1562 2050 ubi
1581 1977 1756 2031 obiter
1798 1994 1993 2048 parem
2025 1987 2075 2031 et
2101 1979 2374 2046 imparem
2420 1995 2713 2034 numerum
2760 1979 2974 2050 deﬁnit.
3026 2010 3094 2020 —
3144 1980 3230 2034 10.
3280 1978 3664 2050 Accidentatia
3700 1977 3851 2050 etiam

518 2047 764 2120 exemplo
792 2047 972 2122 morbi
997 2053 1050 2102 et
1096 2049 1355 2103 sanitatis
1401 2047 1668 2122 explicat,
1699 2057 1752 2103 et
1795 2065 1894 2118 per
1938 2053 2347 2119 occupationem
2392 2051 2628 2106 ostendit
2676 2047 2937 2122 quoniodo
2986 2050 3074 2105 hic
3116 2051 3338 2106 morbus
3386 2048 3846 2122 accipiendus_sit.

517 2152 588 2163 -—-
620 2119 706 2176 11.
751 2120 997 2176 Mediata
1032 2122 1314 2176 contraria
1359 2119 1661 2193 subdz‘vidit
1705 2122 1768 2174 in
1815 2137 1877 2174 ea
1923 2136 2156 2190 quorum
2202 2126 2497 2193 utrumque
2545 2139 2579 2177 a
2609 2119 2847 2188 subzecto
2889 2122 3090 2190 abesse,
3122 2131 3174 2177 et
3202 2137 3439 2193 quorum
3465 2119 3697 2177 alterum
3721 2119 3845 2174 dun-

517 2202 674 2248 taa‘at
698 2193 883 2248 abesse
909 2195 1114 2265 potest.
1161 2221 1228 2232 —
1271 2193 1370 2265 _12.
1417 2189 1650 2246 Medium
1695 2189 2104 2246 contrariorum
2155 2189 2520 2248 mediatorum
2565 2193 2765 2250 dividit
2792 2193 2941 2265 inid
2987 2193 3128 2264 quod
3174 2189 3472 2265 utrumque
3499 2201 3848 2265 extremorum

514 2265 842 2336 participat,
877 2262 927 2318 et
956 2264 1018 2318 in
1049 2264 1119 2336 id,
1144 2262 1283 2336 quod
1312 2270 1572 2336 neutrum
1601 2275 1967 2318 extremorum
2020 2265 2340 2335 participat.
2399 2296 2468 2304 —
2533 2266 2613 2320 t3.
2675 2264 2919 2321 Ostendit
2975 2262 3237 2336 quomodo
3273 2262 3596 2321 recentiores
3627 2263 3764 2336 boni,
3799 2267 3848 2336 et

513 2333 654 2390 mali
679 2333 944 2400 medium,
975 2335 1121 2406 quod
1150 2335 1289 2407 alios
1318 2350 1492 2406 neque
1527 2333 1729 2388 bonum
1758 2350 1933 2404 neque
1962 2336 2176 2389 malum
2225 2333 2448 2404 dicitur,
2472 2337 2744 2406 peculiari
2787 2333 3014 2392 nomine
3041 2335 3419 2407 indifferentis
3449 2333 3836 2407 insigniverint.

515 2438 583 2448 —
613 2407 698 2461 14.
730 2408 797 2461 Et
825 2405 1085 2480 quomodo
1115 2406 1378 2476 Archytas
1408 2407 1791 2480 ex_veteribus_
1804 2409 1974 2480 etiam
2003 2407 2062 2480 in
2095 2407 2292 2480 relatis
2319 2405 2570 2463 medium
2607 2409 2984 2480 constituerit.
3043 2439 3109 2448 ——
3162 2405 3247 2462 15.
3280 2409 3345 2463 Et
3371 2407 3517 2480 quod
3543 2405 3836 2480 contrario-

513 2495 641 2551 rum
679 2475 1194 2551 comprehensiones
1231 2475 1324 2551 seu
1359 2477 1524 2551 tituli
1567 2479 1676 2532 sint
1722 2475 1791 2532 ad
1821 2477 2056 2548 aliquid,
2101 2495 2216 2532 non
2265 2479 2394 2533 item
2423 2493 2551 2549 quae
2594 2479 2711 2534 illis
2739 2479 3300 2551 comprehenduntur.
3333 2475 3403 2520 -ἰ
3436 2479 3522 2535 16.
3558 2475 3837 2551 Contraria

513 2549 754 2604 mediata
787 2565 954 2620 porro
1000 2549 1317 2620 subdividiti
1342 2550 1403 2602 in
1449 2565 1513 2604 ea
1567 2564 1693 2620 quae
1722 2565 1896 2603 unum
1937 2552 1988 2603 et
2039 2551 2100 2603 in
2132 2566 2199 2604 ea
2241 2566 2360 2620 quae
2405 2552 2575 2620 plura
2620 2551 2820 2606 habent
2847 2549 3048 2606 media.
3079 2581 3150 2590 ——
3182 2551 3267 2605 17.
3301 2551 3432 2607 Tria
3459 2549 3837 2620 contrariorum

512 2617 847 2676 consectaria
873 2629 1129 2676 recenset.
1163 2651 1230 2660 ——-
1262 2619 1350 2673 18.
1383 2617 1635 2675 Primum
1659 2620 1799 2691 quod
1831 2621 2030 2674 bonum
2060 2622 2212 2676 malo
2242 2617 2464 2691 quidem
2492 2623 2565 2676 sit
2608 2624 2972 2687 contrarium,
3007 2621 3103 2677 sed
3133 2622 3343 2676 malum
3375 2631 3429 2678 et
3459 2624 3592 2678 bona
3616 2627 3665 2676 et
3685 2617 3832 2674 malo.

510 2723 582 2734 —
612 2692 698 2746 19.
733 2692 1020 2763 Occupatio
1050 2691 1318 2763 quomodo
1347 2696 1552 2746 natura
1580 2709 1692 2748 non
1737 2693 1809 2746 sit
1863 2693 2089 2763 injusta,
2142 2695 2359 2748 tametsi
2403 2695 2552 2748 malo
2601 2697 2652 2748 et
2683 2695 2880 2748 bonum
2909 2702 2961 2748 et
3008 2693 3221 2748 malum
3266 2695 3340 2748 sit
3389 2694 3745 2749 contrarium.
3773 2715 3836 2763 -_—

510 2723 582 2734 —
612 2710 698 2746 ιν.
733 2710 1020 2763 uccupauo
1050 2710 1318 2763 quomoao
1347 2710 1552 2746 natura
1580 2710 1692 2748 non
1737 2710 1809 2746 su
1863 2710 1918 2746 in
1949 2710 2089 2760 usta,
2142 2710 2356 2748 tametsi
2403 2710 2552 2748 maio
2601 2710 2652 2748 ει
2683 2710 2880 2748 oonum
2909 2710 2961 2748 es
3008 2710 3221 2748 motum
3266 2710 3340 2748 sit
3389 2710 3745 2749 contrarium.
3773 2715 3833 2728 —

509 2765 598 2818 20.
631 2765 754 2818 Atia
785 2766 1090 2834 occupatio,
1121 2778 1225 2819 cur
1249 2763 1462 2817 malum
1490 2780 1601 2818 non
1643 2767 1861 2818 tantum
1911 2710 2069 2829 dono,
2124 2763 2216 2818 sed
2265 2765 2434 2818 etiam
2484 2766 2630 2820 malo
2672 2768 2742 2820 sit
2786 2766 3149 2832 contrarium,
3179 2773 3233 2820 et
3260 2769 3453 2820 contra
3487 2765 3677 2820 bonum
3705 2758 3833 2816 malo

509 2835 802 2902 duntaxat,
834 2851 943 2890 non
974 2837 1142 2890 etiam
1172 2835 1310 2890 bono
1338 2836 1409 2888 sit
1438 2838 1797 2890 contrarium.
1833 2865 1897 2874 ——
1929 2836 2018 2888 21.
2043 2834 2351 2890 Secundum
2381 2839 2805 2900 consectarium,
2848 2837 3130 2892 contraria
3159 2835 3265 2892 sibi
3297 2837 3534 2892 invicem
3562 2838 3621 2890 in
3659 2844 3834 2903 genere

509 2913 561 2961 et
591 2909 766 2976 specie
791 2908 1112 2962 coexsistere
1139 2921 1313 2976 posse,
1347 2906 1494 2961 337
1530 2907 1621 2962 sed
1652 2905 2028 2979 infindividuo
2059 2906 2244 2977 quoad
2300 2906 2371 2961 ad
2425 2924 2599 2962 unum
2654 2909 2837 2963 locum
2892 2909 3214 2979 coexsistere
3266 2924 3387 2963 non
3439 2923 3608 2979 posse.
3666 2935 3728 2946 —
3752 2903 3831 2955 22.

510 2979 748 3032 Tertium
777 2980 1188 3045 consectarium,
1218 2981 1496 3050 contrario
1524 2979 1607 3032 vel
1636 2978 1732 3032 sub
1763 2981 1949 3032 eodem
1991 2994 2106 3032 esse
2131 2995 2346 3048 genere,
2409 2983 2490 3034 vet
2544 2980 2641 3034 sub
2693 2981 2972 3035 contrario
2999 2978 3314 3050 generibus,
3375 2978 3462 3035 vel
3491 2979 3710 3050 ipsamet
3733 2986 3836 3050 esca

505 3051 790 3104 contraria
817 3065 1043 3121 genera.
1077 3079 1146 3088 —
1171 3044 1260 3102 23.
1315 3049 1662 3104 Contrarium
1716 3065 1890 3103 unum
1948 3044 2264 3120 supremum
2291 3044 2464 3118 genus
2520 3067 2636 3106 esse
2664 3051 2918 3117 ostendit,
2969 3044 3310 3121 qualitatem
3353 3044 3630 3108 videlicet.
3661 3077 3725 3088 ——

506 3122 740 3193 Accedit,
774 3115 843 3176 ad
872 3123 1102 3193 tertiam
1115 3121 1348 3189 speciem
1378 3124 1768 3193 oppositorum,
1799 3125 1852 3174 et
1876 3115 2057 3193 primo
2088 3115 2338 3188 ostendit,
2371 3138 2497 3176 cum
2551 3123 2794 3178 habitum
2844 3115 3386 3193 tum—privationem
3439 3122 3627 3177 multis

503 3186 742 3262 adeoque
767 3194 1042 3264 wquivoce
1069 3186 1198 3246 dici.
1258 3223 1325 3230 —
1380 3186 1469 3246 25,
1503 3193 1728 3248 Habitus
1755 3186 2157 3261 signiﬁcatum
2222 3186 2486 3263 primum.
2551 3225 2620 3234 —
2674 3195 2764 3248 26.
2812 3186 3123 3248 Secundum
3150 3224 3217 3234 —
3246 3194 3338 3248 27.
3375 3195 3629 3250 Tertium.
3659 3219 3724 3230 -—

505 3257 792 3340 Quartum.
921 3265 1009 3319 29.
1044 3264 1323 3340 Quintum.
1355 3294 1423 3302 —
1454 3266 1541 3340 30.
1575 3266 1817 3340 Sextum.
1835 3257 2036 3340 '—__'31_.
2071 3257 2304 3340 Totidem
2349 3266 2675 3340 privationis
2703 3273 2829 3336 quot
2858 3264 3076 3340 habitus
3105 3265 3428 3340 signiﬁcata
3455 3281 3575 3340 esse
3594 3257 3822 3340 ostondit-

504 3365 574 3375 —
603 3336 690 3390 32.
725 3337 980 3390 Primum
1011 3335 1380 3404 signiﬁcatum
1405 3338 1756 3405 privationis.
1790 3367 1856 3375 —
1879 3336 1966 3388 33.
2000 3333 2430 3390 Secundumﬁ—
2456 3337 2544 3390 34.
2580 3333 2838 3392 Tertium.
2873 3367 2941 3376 —
2985 3337 3075 3390 35.
3127 3333 3420 3404 Quartum.
3450 3366 3523 3379 —
3549 3335 3634 3390 36.
3668 3333 3824 3400 Quin-

504 3412 647 3482 tumt
692 3407 902 3482 e__37.
955 3406 1210 3482 sext_um._
1248 3437 1317 3482 -_—
1369 3407 1472 3482 38._
1512 3407 1788 3479 Oppositio
1834 3407 2148 3482 secundum
2169 3407 2416 3482 habitum
2464 3411 2520 3482 et
2559 3410 2928 3482 privationem
2966 3410 3190 3482 praprie
3219 3410 3491 3482 accipitur
3517 3409 3578 3482 in
3606 3407 3692 3482 iis,
3719 3411 3827 3482 qua?

501 3479 701 3552 speciei
728 3478 968 3549 alicujus
998 3476 1302 3552 individuis
1341 3476 1789 3552 omibus‘insunt.
1843 3508 1913 3517 —-
1965 3479 2053 3532 39.
2113 3479 2371 3552 Privatio
2425 3476 2596 3552 tribus
2646 3476 3077 3536 characteribus'
3104 3479 3234 3552 (seu
3289 3476 3457 3552 notis)
3502 3476 3822 3552 designatur.

501 3547 768 3624 quoniam
791 3547 880 3624 vet:
894 3565 1003 3604 uno
1031 3549 1286 3624 abseunte
1313 3565 1420 3604 non
1450 3559 1530 3624 est
1562 3549 1750 3623 logica
1774 3551 2037 3624 privatio.
2072 3581 2138 3591 —
2159 3551 2517 3624 40_.Privatio
2548 3549 2666 3624 haec
2695 3553 2873 3624 ipsius
2905 3547 3220 3624 potentialis
3248 3559 3345 3608 est.
3486 3551 3574 3606 41.
3602 3547 3825 3624 Ρνῖίυιξεξο

497 3611 714 3690 semper
748 3621 897 3690 boni,
944 3621 1084 3675 mali
1111 3637 1403 3692 nunquam
1440 3611 1659 3676 dicitur.
1713 3611 1790 3662 --”
1820 3622 1907 3676 42.
1956 3624 2081 3676 Non
2112 3638 2172 3676 in
2201 3621 2495 3676 dictionem
2544 3611 2958 3692 recipientibus,
2988 3622 3082 3678 sed
3111 3623 3173 3676 in
3202 3637 3323 3677 rem
3370 3623 3601 3678 dictione
3624 3611 3822 3692 signiﬁ-

495 3700 675 3747 catam
693 3692 996 3765 judicanda
1046 3700 1144 3767 est,
1203 3693 1301 3767 ubi
1352 3691 1419 3767 τᾷ
1468 3692 1778 3767 περητικᾶ,
1823 3693 2024 3767 id‘est,
2052 3693 2329 3761 privativa
2357 3691 2791 3767 facittripticia.
2823 3695 3005 3748 -43.
3044 3694 3314 3767 Quartam
3371 3695 3603 3767 speciem
3629 3691 3822 3767 appagi-

495 3754 843 3834 torum'quw
889 3754 1334 3837 contradicentia_
1371 3754 1632 3837 dicuntur
1690 3754 2136 3837 ag'greditur,'et
2181 3754 2634 3820 contradictionis
2675 3773 2858 3835 partes
2905 3754 3138 3821 ostendit
3181 3770 3236 3820 et
3281 3754 3823 3837 etymologiam—ﬂe.-

493 3829 850 3908 scriptionem
874 3838 1155 3908 praponit.
1193 3867 1253 3875 —
1304 3835 1456 3890 238
1489 3837 1576 3891 44.
1631 3829 2065 3906 Afﬁrmationein
2093 3845 2151 3908 et
2178 3837 2522 3908 negationem
2551 3829 2829 3907 quas—sunt
2863 3845 3043 3908 partes
3075 3829 3374 3908 integrale's
3403 3829 3824 3908 contradictioni?

497 3905 777 3962 describit.
811 3905 887 3948 —'
909 3905 998 3962 45.
1055 3907 1367 3980 Afﬁrmatio
1420 3911 1470 3962 et
1520 3905 1740 3977 negatio
1766 3923 1955 3962 verum
1991 3910 2043 3961 et
2069 3905 2283 3977 faleum
2336 3905 2584 3962 dividere
2615 3905 2877 3978 possunt;
2917 3925 3028 3964 non
3056 3905 3448 3980 item'reliquz
3476 3905 3686 3978 species,
3717 3907 3824 3980 que;

491 3982 620 4052 sunt
665 3980 1034 4052 oppositorum
1081 3970 1450 4052 simplicium.
1478 4010 1568 4052 7—-
1591 3970 1702 4033 ’46.
1759 3979 1906 4052 Quin
1951 3970 2149 4034 caetera
2199 3980 2461 4052 opposita
2498 3970 2674 4050 neque
2710 3995 2810 4050 per
2835 3970 3272 4052 complexionem
3299 3970 3545 4052 prolata,
3573 3986 3748 4031 verum
3774 3970 3820 4052 Ci

492 4048 706 4126 falsum
727 4050 972 4126 dividere
1013 4048 1260 4126 possunt,
1294 4050 1407 4126 nisi
1462 4051 1524 4104 in
1551 4053 1715 4126 certis
1743 4051 1982 4126 cutibus,
2034 4057 2099 4106 ut
2143 4048 2622 4126 contrarariorum
2644 4125 2647 4126 ν
2667 4048 2918 4126 exemplo
2954 4048 3214 4126 ostendit.
3247 4048 3317 4126 ἦ)
3349 4051 3437 4105 47.
3469 4048 3702 4126 Adeoque
3724 4051 3820 4126 πφδ

495 4123 663 4198 etiam
689 4125 912 4198 possunt
943 4120 1044 4198 hoc
1071 4123 1128 4174 in
1163 4122 1418 4198 omnibus
1476 4122 1714 4198 cutibus,
1739 4125 1806 4198 ut
1834 4123 2048 4198 iterum
2087 4120 2360 4198 exemplis
2409 4122 2652 4198 declarat
2691 4120 3018 4198 relatorum,
3047 4122 3397 4198 privantium
3423 4120 3818 4198 contraripruttl:

494 4224 560 4233 —
580 4194 667 4248 48.
703 4194 904 4249 Contra
931 4194 1234 4263 afﬁrmatio
1256 4200 1309 4264 et
1335 4195 1553 4260 negatio
1582 4210 1694 4248 non
1726 4194 1785 4248 in
1815 4191 2139 4264 quibusdam
2171 4191 2390 4248 tantum
2430 4193 2665 4262 antibus,
2697 4193 2788 4250 sed
2819 4195 2877 4249 in
2932 4191 3211 4264 omnibus,
3260 4193 3396 4264 quin
3427 4195 3593 4250 etiam
3645 4191 3702 4242 in
3724 4193 3817 4237 n0"

494 4265 712 4320 entibus
740 4281 934 4320 verum
962 4269 1014 4321 et
1039 4264 1244 4335 falsum
1271 4263 1545 4332 dividunt,
1577 4271 1637 4321 ut
1665 4264 1936 4336 exemplis
1967 4263 2231 4320 declarat:

2809 4486 3070 4542 ΚΕΦΑΛ.
3104 4485 3226 4541 KE'.

2640 4571 2772 4648 Περὶ
2818 4577 2928 4628 τῶν
2979 4569 3287 4646 ἀντικειμέν
3297 4592 3391 4628 ων.
3799 4638 3812 4658 ἢ

2257 4669 2321 4718 α’.
2355 4660 2731 4734 ’Δντικείμενά
2777 4660 2940 4733 ἐστιν,
2991 4660 3091 4716 ὅσα
3139 4661 3267 4738 περὶ
3315 4660 3380 4716 τὸ
3427 4655 3558 4714 αὐτὸ
3608 4651 3714 4738 ἅμα
3737 4651 3813 4698 καί

1029 4486 1262 4543 CAPUT
1299 4487 1467 4543 XXV.
2101 4488 2158 4552 Α

1056 4577 1132 4632 De
1159 4579 1440 4649 oppositis.

495 4668 544 4721 1.
580 4664 861 4738 Opposita
889 4669 1418 4738 sunt,quaecunquc
1449 4666 1602 4722 circa
1631 4667 1786 4722 idem
1819 4663 1999 4722 simul
2021 4668 2078 4719 et

416 4757 743 4813 secundum
773 4755 928 4810 idem
959 4755 1042 4811 rei
1071 4755 1396 4812 forinsecus
1435 4756 1725 4827 exquisita
1753 4753 2071 4811 consistere

417 4862 534 4901 non
568 4849 835 4918 possunt.

483 4938 539 4989 2.
573 4934 704 4990 Haec
735 4937 932 4990 autem
971 4934 1059 4990 vel
1110 4935 1171 4991 in
1215 4935 1601 5001 orationibus,
1643 4934 1732 4990 vel
1783 4935 1843 4989 in
1895 4933 2068 4988 rebus

417 5026 816 5095 opponuntur.
849 5023 918 5078 Et
948 5023 1241 5095 siquidem
1274 5023 1332 5078 iu
1365 5019 2069 5091 orationibus,afﬁrmatio

419 5114 509 5167 est
539 5115 596 5166 et
623 5111 875 5183 negatio.
911 5111 1011 5167 Sin
1047 5112 1106 5166 in
1139 5113 1314 5167 rebus
1347 5117 1446 5167 aut
1475 5111 1802 5167 secundum
1833 5109 2070 5165 habitu-

418 5199 642 5266 dinem,
674 5205 776 5255 aut
804 5217 920 5255 non
952 5201 1278 5256 secundum
1327 5200 1734 5256 habitudinem
1767 5200 2065 5255 dicuntur.

420 5287 488 5341 Et
536 5288 861 5343 secundum
911 5289 1316 5344 habitudinem
1363 5289 1600 5360 quidem
1634 5293 1792 5354 sunt,
1835 5304 1962 5359 quae
1996 5287 2068 5342 ad

418 5373 640 5444 aliquid
664 5375 1096 5441 dicuntur.Quaa
1119 5391 1290 5448 porro
1313 5376 1640 5432 secundum
1663 5373 2070 5430 habitudinem

419 5477 538 5516 non
571 5460 972 5535 dicuntur,aut
995 5469 1300 5520 mutantur
1327 5464 1386 5519 in
1411 5481 1472 5520 se
1503 5463 1772 5534 invicem,
1806 5463 2068 5533 subjecto

418 5547 705 5604 nimirum
738 5551 1022 5607 existente
1071 5555 1223 5624 quod
1274 5552 1592 5625 recipiendi
1639 5553 1759 5608 vim
1809 5552 2069 5619 habeat;

421 5639 482 5690 et
513 5640 650 5689 sunt
697 5641 1006 5708 contraria,
1057 5645 1160 5696 aut
1210 5658 1326 5697 non
1377 5645 1682 5698 mutantur
1710 5641 1770 5696 in
1816 5657 1877 5697 se
1917 5640 2070 5698 289

416 5721 692 5788 inVicem.
723 5745 787 5785 ac
816 5734 956 5788 sunt
985 5730 1224 5788 habitus
1252 5735 1308 5786 et
1340 5730 1607 5804 privatio.
1640 5729 1885 5788 Habitus
1915 5730 2070 5787 enim

2178 4751 2314 4805 κατὰ
2339 4750 2403 4805 τὸ
2434 4750 2565 4805 αὐτὸ
2592 4754 2690 4806 τοῦ
2737 4750 3055 4828 πράγματος
3094 4751 3131 4820 ἢ
3181 4734 3320 4827 τέρὸς
3367 4749 3430 4804 τὸ
3460 4743 3588 4803 αὐτὸ
3633 4734 3807 4808 ἔξωθεν

2181 4837 2535 4912 ἐξεταζόμενα
2565 4840 2891 4917 συνυπάρξαι
2926 4839 2988 4895 οὗ
3018 4837 3258 4894 δύναται.

2257 4929 2320 5004 β’.
2374 4908 2550 4984 Ταῦτα
2594 4926 2653 4984 δὲ
2697 4929 2732 4998 ἢ
2777 4908 2836 4984 tv
2883 4927 3072 5007 λόγοις
3120 4928 3434 4994 ἀντίκειται,
3492 4925 3527 4994 ἢ
3562 4908 3808 5007 tetigi!"

2185 4992 2335 5091 μαι-σι.
2399 5017 2498 5072 Καὶ
2558 5017 2604 5072 εἰ
2661 4992 2754 5092 μέν
2807 4992 3016 5095 λόγοιξ,
3071 5017 3367 5096 κατάφασις
3559 5005 3650 5096 xui
3689 4992 3806 5055 ἀπό·

2181 5127 2358 5185 φασις.
2415 5106 2479 5160 Εἰ
2532 5103 2579 5161 δ’
2629 5105 2679 5162 ἐν
2730 5092 3041 5183 πράγμασιν
3092 5107 3128 5175 ἢ
3173 5092 3311 5162 κάτὰ
3358 5104 3540 5179 σχέσιν
3590 5092 3805 5185 λέγεται,

2179 5169 2215 5265 ii
2275 5196 2337 5251 οὐ
2395 5196 2531 5250 κατὰ
2583 5169 2790 5270 σχέσινί
2833 5169 2931 5251 [iui
2986 5169 3127 5251 κατά
3190 5195 3375 5270 σχέσιν
3393 5169 3523 5265 ’.μὲν
3585 5183 3688 5239 ἔστι
3745 5169 3804 5226 τὰ

2179 5285 2316 5360 πρός
2371 5306 2444 5339 τι.
2477 5285 2553 5340 Τὰ
2610 5281 2669 5340 δὲ
2727 5288 2802 5358 μὴ
2862 5285 3000 5340 κατᾶ
3057 5283 3242 5361 σχέσῖν
3299 5280 3566 5358 λεγόμενα
3601 5272 3806 5361 μεταο

2181 5368 2375 5429 ϐάλλει
2408 5374 2482 5436 εἰς
2531 5371 2758 5444 ἄλληλα
2801 5378 2898 5429 τοῦ
2949 5359 3196 5430 Seuerino?)
3248 5368 3503 5443 δηλονότι
3553 5359 3804 5444 ὑπάρχρν-

2179 5483 2293 5534 τος,
2325 5463 2414 5518 καί
2448 5462 2578 5518 εἰσιν
2612 5438 2840 5518 ἐνάντία·
2885 5464 2920 5532 ἢ
2972 5462 3033 5518 οὐ
3087 5438 3417 5537 μεταϐάλλει
3463 5455 3537 5516 εἰς
3584 5438 3802 5512 ἄλληλα,

2181 5552 2270 5607 καὶ
2301 5548 2441 5607 ἔστιν
2491 5549 2600 5624 ἕξις
2649 5553 2741 5608 καὶ
2792 5552 3058 5629 στέρησις.
3100 5553 3164 5606 Ἥ
3217 5551 3310 5624 μὲν
3357 5547 3458 5623 γὰρ
3505 5541 3610 5629 ἕξις
3657 5544 3804 5629 ἕλην

2182 5636 2378 5697 ϐάλλει
2430 5641 2506 5705 εἰς
2533 5621 2826 5718 *στέρησινο
2878 5621 3227 5717 ἦ-στὲρησιςν
3261 5635 3318 5693 δὲ
3367 5621 3443 5696 sic
3486 5621 3675 5718 ignaro?)
3717 5633 3799 5689 με·

2181 5725 2468 5791 ταϐάλλει.
2519 5711 2809 5811 Τετράχῶς
2856 5711 3154 5788 τοίνυν”έᾶ
3201 5724 3538 5798 ἀντικείμινα
3591 5711 3796 5788 λέγεται»
