4126 6426
333 311 455 372 873

1722 300 2071 364 EPITOME
2113 302 2392 363 LOGICA
2409 346 2422 360 .

3637 302 3758 361 874

332 441 369 510 ἤ
425 440 499 503 ὡς
548 441 618 496 τὰ
673 437 809 515 πρός
881 460 956 509 τι,
1014 437 1127 492 οἷον
1190 433 1499 507 διπλάσιον,
1557 434 1750 507 ἥμισυ*
1813 433 1847 502 ἢ
1911 432 1985 494 ὡς

2124 434 2341 505 [uidem
2373 438 2635 489 mutatur
2685 433 2746 489 in
2778 433 3158 506 privationem
3194 453 3207 498 ;
3262 434 3510 507 privatio
3556 438 3753 491 autem

332 528 608 601 τάναντία,
639 530 754 584 οἷον
788 526 1003 597 λευκὸν,
1040 524 1232 600 μέλαν·
1264 526 1301 595 ἢ
1334 524 1410 587 ὡς
1438 520 1545 595 ἕξις
1574 524 1665 578 καὶ
1712 522 1987 599 στέρησις,

272 660 279 666 .
333 620 448 675 οἷον
478 614 605 694 ὄψις
635 617 725 672 καὶ
752 616 1056 696 τυφλότης,
1087 615 1122 685 ἢ
1166 615 1240 677 ὡς
1286 614 1585 693 κατάφασις
1638 611 1729 667 καὶ
1777 609 1991 689 ἀπόφα-

331 728 436 772 σις·
487 709 628 781 οἷον,
678 704 959 784 ἅνθρωπος
1006 707 1259 777 κάθηται,
1292 705 1578 781 ἄνθρωπος
1621 701 1684 757 οὗ
1736 699 1987 771 κάθηται.

2100 523 2159 577 in
2191 522 2460 578 habitum
2492 539 2607 578 non
2639 527 2922 579 mutatur.
2973 524 3233 588 Quatuor
3280 524 3527 596 proinde
3562 524 3756 581 modis

2100 612 2369 684 Opposita
2389 612 2669 668 dicuntur
2690 634 2705 678 ς
2740 617 2846 668 aut
2866 615 2933 667 ut
2952 613 3025 667 ad
3044 611 3455 684 aliquid,velut
3481 612 3753 685 duplum,

2100 701 2416 757 dimidium
2452 717 2465 757 :
2500 706 2602 758 aut
2625 705 2689 757 ut
2716 702 3029 769 contraria,
3054 699 3213 757 velut
3243 699 3712 774 album,nigrum
3737 718 3752 756 :

333 804 438 858 aut
460 803 527 855 ut
554 798 792 856 habitus
822 803 882 855 et
908 796 1177 871 privatio,
1209 794 1390 852 veluti
1426 795 1589 851 visus
1621 796 1680 850 et
1708 791 1938 848 caecitas
1971 806 1985 847 :
2018 792 2122 846 aut
2149 793 2217 846 ut
2245 790 2563 847 afﬁrmatio
2591 795 2651 847 et
2679 790 2933 864 negatio,
2965 788 3126 846 velut
3153 788 3332 847 homo
3362 790 3548 858 sedet,
3576 790 3755 848 homo

334 906 454 947 non
484 888 667 945 sedet.

405 983 473 1053 γ’.
504 977 582 1031 Τά
634 976 729 1050 μὲν
789 974 882 1030 οῦν
952 972 1091 1051 πρός
1136 994 1190 1028 τι
1240 972 1377 1047 (καὶ)
1428 970 1834 1045 συνεισάγουσιν
1891 964 1991 1022 ἄλ-

336 1065 487 1138 ληλα
537 1065 627 1121 καὶ
691 1067 1070 1141 συναναιροῦσι
1134 1063 1225 1118 καὶ
1292 1058 1426 1116 αὐτά
1500 1060 1635 1137 ἅπερ
1711 1055 1835 1130 εἰσὶ,
1882 1060 1990 1111 τῶν

333 1155 721 1230 ἀντικειμένων
748 1153 932 1216 αὐτοῖς
979 1153 1112 1208 εἶναι
1163 1149 1401 1227 λέγεταιο
1432 1150 1469 1220 ἢ
1503 1151 1751 1205 ὁπωσοῦν
1802 1144 1993 1209 ἄλλως

331 1245 473 1322 πρὸς
499 1243 653 1303 αὐτά.

404 1367 467 1428 δ’.
500 1369 577 1425 Τὰ
618 1366 665 1424 δ’
713 1367 920 1424 ἐναντία
947 1367 983 1436 ἢ
1036 1363 1153 1437 εἷ’δη
1204 1365 1294 1421 καὶ
1338 1366 1505 1443 ἄμφω
1550 1363 1705 1436 εἰσὶν,
1740 1361 1817 1425 ὡς
1866 1359 1991 1416 λευ-

329 1458 424 1515 κὸν
455 1456 547 1513 καὶ
582 1454 775 1532 μέλαν,
809 1454 1022 1532 ψυχρόν
1072 1476 1131 1509 τε
1176 1453 1268 1508 καὶ
1317 1452 1517 1530 θερμὸν
1565 1452 1656 1507 καὶ
1704 1452 1772 1506 τὰ
1802 1448 1988 1522 δμοια’

330 1550 367 1619 ἢ
421 1544 643 1624 Θάτερον
715 1544 942 1622 θατέρου
1017 1541 1223 1620 ἐσχάτη
1305 1541 1620 1603 ἀπόπτωσις
1697 1539 1858 1610 ἐστιν,
1918 1538 1993 1624 ὡς

333 1634 514 1693 δειλία
554 1623 645 1691 καὶ
712 1631 912 1689 ἀδικία.
965 1634 1027 1687 Ἣ
1092 1632 1186 1706 μὲν
1238 1632 1341 1709 γὰρ
1397 1637 1498 1702 τῆς
1555 1626 1795 1704 ἀνδρίας,
1845 1629 1880 1699 ἡ
1934 1623 1994 1681 δὲ

2174 969 2229 1023 3.
2261 967 2370 1025 Illa
2398 968 2580 1043 igitur
2608 986 2737 1043 quas
2768 973 2909 1026 sunt
2937 969 3012 1025 ad
3039 967 3289 1042 aliquid,
3321 972 3381 1025 et
3411 984 3474 1027 se
3503 968 3755 1026 invicem

2103 1056 2283 1113 simul
2312 1058 2623 1120 inducunt.
2655 1063 2714 1115 et
2740 1057 2919 1116 simul
2964 1057 3217 1123 tollunt;
3248 1061 3307 1114 et
3353 1075 3423 1115 ea
3460 1073 3590 1131 quae
3618 1061 3760 1115 sunt

2102 1147 2506 1219 oppositorum
2562 1148 2674 1205 sibi
2731 1165 2860 1205 esse
2897 1148 3196 1218 dicuntur,
3254 1151 3357 1204 aut
3410 1163 3759 1220 quocunque

2104 1234 2218 1291 alio
2249 1235 2421 1292 modo
2452 1237 2524 1293 ad
2556 1236 2688 1310 ipsa
2718 1237 3076 1294 referuntur.

2173 1361 2227 1415 4.
2260 1360 2562 1417 Contraria
2608 1378 2780 1434 porro
2810 1360 2899 1417 vel
2930 1359 3105 1417 etiam
3131 1361 3307 1418 ambo
3337 1365 3479 1418 sunt
3507 1360 3755 1434 species,

2103 1451 2169 1505 ut
2189 1447 2389 1505 album
2419 1454 2477 1506 et
2499 1449 3048 1523 nigrum,frigidum
3070 1455 3129 1506 et
3150 1448 3495 1521 calidum,et
3513 1448 3756 1520 similia;

2103 1542 2203 1594 aut
2231 1538 2482 1595 alterum
2540 1540 2613 1596 ab
2644 1539 2826 1596 altero
2882 1543 3144 1596 extrema
3200 1542 3291 1596 est
3339 1538 3655 1612 prolapsio,
3689 1543 3759 1595 ut

2102 1627 2412 1684 tumiditas
2443 1631 2501 1683 et
2528 1628 2837 1700 injustitia.
2869 1627 2974 1685 Illa
3000 1628 3157 1685 enim
3190 1627 3429 1700 quidem
3460 1645 3495 1685 a
3523 1628 3756 1685 fortitu-

329 1728 431 1796 τῆς
479 1721 828 1793 δικαιοσύνης
872 1719 1076 1783 τελέως
1123 1719 1386 1792 ἐξέπεσον.
1437 1718 1538 1775 Καὶ
1584 1717 1730 1780 ὅλως
1784 1716 1847 1771 τὸ
1889 1736 1986 1771 κα-

2124 1717 2252 1787 line,
2285 1717 2408 1773 haec
2432 1734 2466 1773 a
2507 1717 2737 1788 justitia
2767 1717 3020 1791 perfecte
3049 1717 3286 1775 excidit.
3320 1718 3388 1773 Et
3416 1716 3479 1774 in
3520 1717 3755 1775 univer-

331 1816 449 1887 κὸν,
490 1810 630 1875 εἶδος
672 1811 766 1886 μὲν
814 1810 902 1866 καὶ
956 1805 1083 1887 ὄρος
1116 1809 1215 1865 οὐκ
1262 1805 1425 1864 ἔστιν·
1476 1803 1743 1868 ἔκπτωσις
1793 1802 1852 1860 δὲ
1896 1825 1985 1860 τε-

335 1901 455 1959 λεία
479 1906 577 1958 τοῦ
607 1903 827 1978 ἀγαθοῦ.

405 2012 463 2068 ε’.
520 2012 681 2064 Ὅταν
745 2009 839 2083 μὲν
899 2005 990 2062 οὖν
1048 2005 1179 2061 αὐτὸ
1246 2008 1537 2078 σκοπῶμεν
1591 2004 1667 2066 ὡς
1724 2002 1985 2081 πεφυκὸς,

331 2100 700 2173 ἀνακάμπτειν
758 2097 898 2175 πρὸς
952 2097 1016 2151 τὸ
1075 2093 1240 2159 εἶδος.
1321 2091 1558 2151 ἐναντίον
1635 2090 1822 2148 ἐστίν’
1861 2088 1986 2146 ὅταν

333 2186 392 2244 δὲ
468 2186 743 2264 μηδαμῶς
810 2187 1177 2259 ἀνακάμπτειν
1255 2181 1502 2255 δύνηται,
1576 2181 1701 2237 τότε
1770 2180 1987 2257 λέγεται

330 2280 606 2356 στέρησις.

401 2387 468 2450 ς’.
501 2390 621 2439 ’Έτι
666 2386 773 2438 τῶν
822 2381 1075 2439 ἐναντίων
1118 2382 1187 2437 τά
1236 2381 1331 2456 μὶν
1378 2378 1519 2436 ἔστιν
1567 2375 1761 2453 ἅμεσα,
1818 2379 1885 2433 τά
1933 2376 1991 2432 δὲ

337 2473 574 2548 μεσωτά,
606 2469 783 2528 εἷίτουν
816 2467 1045 2546 ἔμμεσα.

407 2583 468 2652 ζ’.
502 2580 602 2635 Καὶ
651 2576 825 2653 ἄμεσα
876 2578 971 2651 μὲν
1018 2575 1185 2641 ἔστιν,
1234 2578 1308 2631 ὦν
1356 2575 1408 2647 ἐξ
1465 2575 1703 2651 ἀνάγκης
1769 2574 1991 2649 θάτερον

336 2667 570 2747 ὑπάρχει
618 2672 701 2740 τῷ
748 2665 996 2739 δεκτικῷ’
1038 2665 1250 2741 ἔμμεσα
1294 2663 1373 2737 δὲ,
1418 2667 1493 2719 ὧν
1563 2664 1662 2720 οὐκ
1722 2663 1773 2737 ἐξ
1824 2661 1989 2737 ἀνάγ-

334 2780 439 2830 κης
472 2758 709 2833 ὑπάρχει
736 2757 977 2832 θάτερον.

405 2867 479 2936 η’.
508 2870 626 2920 Τῶν
669 2861 715 2918 δ’
768 2863 982 2936 ἀμέσων
1026 2860 1280 2918 ἐναντίων
1326 2862 1396 2917 τά
1445 2860 1539 2934 μὲν
1595 2855 1735 2916 ἔστιν
1792 2855 1990 2913 οὗσιώ-

342 2950 434 3025 δη,
461 2952 530 3007 τά
557 2949 603 3006 δ’
637 2948 970 3021 έπουσιώδη.

2097 1822 2233 1862 sum
2284 1823 2443 1873 sane,
2493 1806 2719 1863 malum
2770 1824 2888 1863 non
2920 1811 3009 1863 est
3048 1806 3276 1879 species
3303 1811 3363 1863 et
3391 1807 3552 1876 ﬁnis,
3583 1807 3688 1864 sed
3719 1823 3755 1864 a

2096 1896 2250 1952 bono
2283 1896 2543 1968 perfecta
2568 1895 2813 1969 elapsio.

2167 2004 2222 2058 5.
2257 2003 2403 2059 Cum
2450 2002 2511 2058 id
2541 2019 2678 2076 ergo
2726 2001 3314 2071 consideraverimus,
3344 2006 3638 2071 quatenus
3685 2002 3758 2059 ad

2099 2090 2356 2163 speciem
2387 2089 2576 2146 redire
2619 2093 2830 2163 potest,
2866 2090 3224 2147 contrarium
3284 2093 3374 2147 est
3405 2107 3420 2148 :
3454 2106 3590 2148 cum
3617 2105 3757 2148 vero

2099 2178 2289 2235 redire
2318 2194 2694 2251 nequaquam
2724 2183 2935 2252 potest,
2965 2184 3106 2236 tunc
3136 2178 3382 2253 privatio
3412 2179 3647 2237 dicitur.

2170 2378 2225 2432 6.
2259 2377 2542 2433 Praeterea
2571 2376 3001 2433 contrariorum
3050 2376 3166 2433 alia
3220 2381 3361 2434 sunt
3387 2377 3754 2450 immediate,

2100 2467 2217 2523 alia
2245 2466 2663 2522 intermedium
2696 2466 2938 2534 habent,
2969 2465 3090 2523 sive
3122 2467 3376 2523 mediata
3414 2471 3575 2524 sunt.

2172 2574 2328 2633 240
2355 2575 2409 2628 7.
2444 2574 2514 2628 Et
2544 2572 2783 2645 quidem
2824 2573 3167 2629 immediata
3195 2577 3354 2641 sunt,
3386 2588 3637 2645 quorum
3668 2571 3759 2629 al-

2100 2668 2295 2719 terum
2326 2661 2593 2732 subjecto
2620 2679 2689 2718 ex
2718 2662 3069 2718 necessitate
3096 2662 3282 2719 inest:
3310 2661 3566 2718 mediata
3594 2666 3755 2732 sunt,

2103 2769 2358 2826 quorum
2388 2751 2643 2808 alterum
2674 2768 2743 2808 ex
2772 2751 3119 2808 necessitate
3149 2768 3267 2807 non
3297 2751 3469 2808 inest.

2170 2861 2225 2915 8.
2257 2859 2742 2916 Immediatorum
2792 2862 2989 2915 autem
3021 2857 3381 2915 contrarium
3431 2857 3547 2915 alia
3582 2859 3756 2916 subs-

2102 2947 2400 3005 stantialia
2429 2952 2589 3015 sunt,
2623 2946 2740 3004 alia
2769 2946 3172 3004 acoidentalia.
3518 2966 3521 2969 ·

411 3061 472 3116 θ’.
511 3059 655 3134 (Καὶ)
699 3054 935 3127 οὗσιώδη
985 3056 1104 3130 μὲν,
1149 3056 1226 3117 ὡς
1272 3054 1353 3111 ἐπ’
1406 3055 1661 3132 ἀριθμοῦ,
1694 3054 1756 3108 τὸ
1805 3049 1986 3127 ἅρτιόν

2171 3058 2227 3111 9.
2261 3056 2332 3111 Et
2361 3053 2779 3111 substantialia
2808 3054 3046 3127 quidem
3080 3058 3148 3110 ut
3196 3054 3258 3109 in
3288 3070 3533 3111 numero
3564 3071 3671 3128 par
3699 3058 3760 3112 et

339 3168 399 3203 τε
426 3147 516 3203 καὶ
545 3146 815 3225 περιττόν.
849 3143 985 3201 Οὐδὲ
1012 3145 1114 3222 γὰρ
1147 3141 1370 3200 δυνατὸν
1418 3144 1701 3213 ἐπινοῆσαι
1748 3161 1989 3217 κεχωρι-

2129 3162 2315 3218 mpar,
2346 3145 2546 3217 Neque
2576 3144 2734 3199 enim
2767 3143 2894 3199 fieri
2925 3148 3118 3216 potest
3149 3148 3213 3199 ut
3245 3160 3559 3200 numerum
3590 3160 3764 3201 sena-

341 3235 536 3310 σμένον
577 3239 672 3291 ειοῦ
718 3235 905 3314 ἀρτίου
953 3234 1046 3289 τὸν
1094 3234 1344 3310 ἀριθμὸν,
1376 3234 1412 3303 ἢ
1443 3237 1540 3288 τοῦ
1598 3235 1852 3307 περιττοῦ
1904 3230 1989 3284 τὸν

2124 3235 2259 3291 -ἱυω
2291 3238 2630 3307 separatum
2674 3250 2709 3288 a
2740 3233 2864 3305 pari
2906 3237 2965 3288 et
2999 3233 3402 3304 septenarium
3442 3234 3515 3289 ab
3545 3233 3765 3306 impari

340 3326 494 3381 ἑπτά.
547 3325 645 3381 Διά
704 3329 868 3381 τοῦτο
940 3324 1031 3379 καὶ
1084 3320 1322 3395 οὐσιώδη
1376 3320 1610 3399 λέγεται.
1656 3322 1880 3397 ¹Ἄρτιος
1938 3317 1989 3374 δέ

2124 3322 2452 3396 :ogitemus.
2486 3326 2801 3394 Pr0pterea
2829 3321 3005 3377 etiam
3026 3321 3443 3378 substantialia
3462 3322 3763 3379 dicuntur.

337 3414 480 3470 ἐστιν
528 3415 556 3470 ὁ
604 3412 736 3491 δίχα
784 3410 1164 3490 διαιρούμενος
1206 3411 1457 3489 ἀριθμός.
1501 3413 1556 3467 Ὀ
1608 3410 1667 3466 δὲ
1718 3411 1792 3485 μή
1854 3407 1989 3464 διαι-

2124 3414 2218 3468 ?ar
2247 3418 2445 3468 autem
2504 3426 2788 3467 numerus
2834 3417 2924 3468 est
2979 3410 3080 3484 qui
3111 3410 3383 3467 bifariam
3435 3411 3764 3468 dividitur:

338 3504 604 3582 ρούμενος
638 3502 791 3579 δίχα,
825 3502 1040 3579 λέγεται
1072 3501 1344 3579 περιττός.
1377 3502 1453 3556 Τὰ
1489 3501 1581 3576 μὲν
1615 3497 1707 3555 οῦν
1753 3496 1989 3582 οὐσιώδη

2124 3502 2211 3574 qui
2241 3506 2437 3558 autem
2468 3500 2743 3556 bifariam
2775 3517 2893 3556 non
2942 3500 3246 3567 dividitur,
3292 3500 3488 3574 impar
3529 3500 3767 3557 dicitur.

331 3597 446 3651 τῶν
481 3594 697 3669 ἀμέσων
732 3591 983 3648 ἐναντίων
1012 3596 1255 3649 τοιαῦτα.
1870 3580 1881 3593 ’

2124 3592 2313 3664 itaque
2334 3589 2626 3647 contraria
2647 3588 2990 3647 immediata
3010 3588 3427 3647 substantialia
3442 3594 3583 3647 sunt
3611 3590 3769 3663 ejus-

2109 3681 2292 3738 modi.
2824 3678 2831 3685 '

419 3790 468 3848 ι’.
499 3790 576 3845 Τά
613 3785 659 3844 δ’
702 3785 1014 3859 ἐπουσιώδη
1067 3787 1220 3859 εἲσὶν,
1252 3785 1353 3841 ὅσα
1396 3783 1617 3841 δύναται
1663 3785 1843 3863 χωρὶς
1898 3790 1989 3855 τῆς

2187 3788 2273 3843 10.
2301 3788 2374 3842 At
2403 3785 2791 3843 accidentalia
2820 3790 3130 3857 sunt,quaa
3159 3786 3306 3843 citra
3334 3786 3773 3859 eorruptionem

342 3879 548 3957 φθορᾶς
610 3882 709 3933 τοῦ
764 3876 1011 3933 δεκτικοῦ
1068 3875 1310 3952 γίνεσθαί
1363 3895 1424 3931 τε
1486 3873 1577 3930 καὶ
1635 3874 1978 3951 ἀπογίνεσθαι

2124 3875 2360 3949 subjecti
2394 3876 2601 3931 adesse
2638 3878 2696 3929 et
2751 3874 2957 3930 abesse
3005 3878 3257 3946 possunt
3290 3894 3303 3931 :
3336 3875 3521 3931 veluti
3548 3875 3775 3932 sanitas

343 3970 461 4024 οἷον
508 3967 682 4045 ὑγίεια
727 3967 818 4022 καὶ
849 3966 1031 4028 νόσος.
1086 3966 1343 4029 Ἐνταῦθα
1393 3962 1451 4019 δὲ
1491 3964 1650 4019 νόσον
1702 3962 1989 4035 ἐκληπτέοη

2124 3971 2174 4023 et
2229 3965 2493 4021 morbus.
2545 3963 2939 4035 Accipiendus
2985 3967 3181 4020 autem
3238 3963 3335 4019 hic
3384 3969 3475 4021 est
3531 3966 3777 4022 morbus

342 4058 447 4127 τήν
516 4053 906 4126 ὁποιανδήτινα
986 4062 1087 4125 τῆς
1173 4054 1383 4133 φύσεως
1464 4052 1872 4108 ὗποπίπτουσαν
1919 4053 1989 4107 αἱ·

2124 4071 2221 4128 pro
2279 4068 2638 4127 quacunque
2698 4056 2920 4107 naturae
3017 4053 3395 4123 perversione
3474 4069 3603 4124 qua
3663 4052 3779 4109 sub

348 4147 536 4219 σθήσει
564 4146 945 4223 παρατροπήν.
987 4142 1144 4198 Οὕτω
1187 4143 1281 4217 μὲν
1314 4140 1408 4197 οῦν
1462 4146 1573 4198 τῶν
1632 4141 1884 4198 ἐναντίων
1942 4142 1989 4197 τέ

2124 4159 2362 4199 sensum
2410 4142 2584 4197 cadit.
2632 4141 2725 4196 Sic
2775 4140 2959 4213 igitur
3000 4140 3293 4197 contraria
3319 4139 3663 4199 immediate.
3716 4156 3781 4198 se

2119 4232 2361 4289 habent.

426 4361 512 4418 ια’.
552 4363 669 4416 Τῶν
726 4356 773 4414 δ’
828 4357 1083 4432 ἐμμέσων
1140 4354 1456 4432 λεγομένων
1515 4357 1605 4411 καὶ
1657 4359 1989 4431 μεσωτῶν,ἰ

2194 4356 2279 4411 11.
2304 4355 2439 4420 Quae
2467 4358 2664 4411 autem
2696 4353 2951 4410 mediata
2973 4353 3335 4426 dicuntur,et
3362 4353 3782 4410 intermedium

348 4448 633 4528 ἀμφότερα
687 4445 907 4504 δύναται
971 4446 1185 4502 ἀπεῖναι
1239 4449 1338 4501 τοῦ
1388 4445 1768 4520 ὑποκειμένου·
1821 4446 1896 4508 ὡς
1951 4467 1989 4500 τ‹

2124 4446 2362 4513 habent,
2396 4449 2498 4500 aut
2528 4444 2701 4499 ambo
2755 4447 3009 4515 possunt
3056 4460 3091 4498 a
3138 4443 3401 4516 subjecto
3444 4443 3686 4511 abesse;
3719 4447 3787 4499 ut

351 4536 547 4595 λευκὸν
586 4538 677 4593 καὶ
721 4537 786 4592 τὸ
842 4534 1012 4612 μέλαν
1066 4540 1166 4591 τοῦ
1231 4534 1576 4610 Σωκράτους·
1638 4531 1861 4590 δυνατὸν
1913 4535 1989 4613 γδι1

2128 4535 2328 4591 album
2389 4532 2626 4606 nigrum
2684 4549 2717 4587 a
2769 4535 3004 4588 Socrate
3056 4531 3207 4604 (ﬁeri
3264 4532 3419 4588 enim
3484 4536 3679 4604 potest
3722 4537 3789 4588 ut

354 4626 489 4683 εἶναι
546 4616 639 4682 τὸν
709 4624 1008 4702 Σωκράτην
1081 4626 1221 4698 μήτε
1305 4621 1527 4698 μέλανα,
1601 4625 1741 4698 μήτε
1800 4624 1989 4680 λευκὸν

2130 4639 2319 4695 neque
2351 4621 2519 4694 niger
2547 4636 2738 4692 neque
2768 4618 2958 4691 albus,
3002 4635 3107 4676 seu
3152 4619 3406 4692 pallidus
3437 4624 3540 4677 aut
3585 4621 3789 4677 fuscus

360 4707 484 4765 ἀλ)’
531 4704 717 4793 ὠχρὸν
768 4710 804 4785 ἢ
856 4713 1033 4793 φαιόνδ
1084 4713 1120 4784 ἢ
1183 4713 1403 4790 θάτερον
1458 4714 1552 4787 μὲν
1602 4718 1710 4768 τῶν
1766 4712 1987 4769 ἐναντίω

2127 4716 2394 4768 Socrates
2425 4710 2545 4781 sit),
2575 4715 2678 4765 aut
2708 4708 2957 4765 alterum
3002 4708 3241 4781 quidem
3274 4710 3441 4765 abest
3468 4710 3791 4766 contrario-

363 4797 573 4866 ἄπεστι,
608 4796 671 4858 τὸ
720 4800 780 4858 δὲ
825 4799 1019 4857 λοιπὸν
1070 4802 1287 4865 πάντως
1342 4802 1598 4880 ὑπάρχει,
1633 4798 1724 4856 διά
1766 4802 1830 4857 τὸ
1879 4822 1987 4877 προ

2129 4817 2285 4871 rum,
2308 4799 2602 4871 reliquum
2634 4800 2784 4855 241
2820 4802 3017 4854 autem
3048 4799 3203 4854 inest
3232 4798 3622 4871 utique,quod
3653 4815 3792 4871 spe-

360 4884 720 4966 κατειλῆφθαι
749 4892 812 4946 τὸ
854 4888 999 4954 εἶδος
1031 4891 1119 4962 ὑη⁹
1170 4890 1393 4949 ἐκείνου.
1445 4892 1575 4949 Οἴον
1626 4891 1687 4945 τὸ
1739 4891 1833 4966 μὲν
1892 4889 1989 4946 λευ

2133 4889 2249 4946 cies
2283 4889 2355 4945 ab
2386 4904 2452 4944 eo
2496 4889 2621 4959 jam
2673 4891 2808 4942 ante
2866 4892 3149 4959 occupata
3198 4886 3276 4943 sit
3316 4903 3329 4955 ;
3382 4886 3543 4943 velut
3589 4887 3792 4944 album

364 4972 458 5030 κὸν
494 4974 727 5053 ὑπάρχει
768 4977 951 5051 κύκνῳ
996 4977 1087 5033 καὶ
1133 4977 1283 5054 χιόνι
1333 4977 1423 5033 καὶ
1472 4977 1693 5052 τιτάνῳ,
1726 4975 1914 5033 ἄπεστι
1966 4974 1989 5032 δ

2131 4978 2287 5035 inest
2343 4993 2528 5050 cygno
2585 4981 2643 5032 et
2697 4975 2815 5031 nivi
2875 4980 2934 5031 et
2963 4990 3238 5043 cerussa,
3290 4976 3528 5049 nigrum
3584 4977 3794 5046 abest;
3866 4984 3881 4991 '

363 5063 429 5118 τὸ
479 5060 670 5136 μέλανι
713 5062 904 5139 κόρακι
955 5064 1014 5122 δὲ
1055 5066 1145 5122 καὶ
1198 5062 1368 5140 ἐϐένῳ
1412 5065 1502 5122 καί
1544 5066 1710 5142 πίσσῃ
1745 5065 1809 5122 τὸ
1853 5065 1989 5142 μέλα

2136 5073 2196 5126 at
2232 5083 2401 5124 corvo
2441 5070 2500 5122 et
2537 5066 2719 5122 ebeno
2759 5070 2818 5122 et
2855 5065 2972 5137 pici
3028 5064 3265 5138 nigrum
3322 5066 3477 5123 inest
3504 5108 3520 5136 ,
3592 5065 3795 5123 album

367 5152 625 5230 ὑπάρχει,
648 5152 836 5209 ἄπεστι
869 5153 927 5211 δὲ
953 5158 1017 5212 τὸ
1048 5156 1264 5214 λευκόν.
2137 5158 2324 5214 abest.

440 5278 532 5353 ιβ.
579 5276 651 5332 Τὸ
718 5275 880 5352 μέσον
951 5277 1010 5333 δὶ
1053 5284 1162 5334 τῶν
1223 5278 1477 5353 ἐμμέσων
1537 5279 1789 5336 ἐναντίων
1847 5282 1883 5351 ἢ
1937 5302 1989 5337 κε

2211 5282 2299 5337 12.
2326 5281 2459 5338 Jam
2488 5296 2622 5337 vero
2649 5279 2911 5336 medium
2942 5280 3372 5337 contrariorum
3404 5279 3797 5337 mediatorum

367 5367 697 5445 ἀμφοτέρων
766 5367 985 5443 μετέχει
1041 5372 1150 5423 τῶν
1199 5366 1398 5444 ἄκρων,
1433 5369 1524 5425 ὅτε
1565 5370 1656 5426 καὶ
1706 5370 1989 5444 κατωνόμο

2139 5376 2244 5427 aut
2288 5375 2611 5441 utrumque
2658 5368 2974 5441 participat
3021 5374 3415 5426 extremorum
3465 5368 3703 5442 quando
3741 5370 3802 5424 et

366 5476 512 5525 σται,
545 5456 629 5519 ὡς
677 5456 741 5511 τὸ
793 5454 1050 5531 χλιαρόν·
1082 5458 1118 5527 ἢ
1177 5454 1465 5535 οὐδετέρου
1520 5464 1629 5514 τῶν
1686 5460 1889 5534 ἄκρων,
1944 5459 1989 5514 ὅθι

2142 5476 2357 5517 nomen
2388 5459 2586 5529 habet,
2624 5463 2688 5513 ut
2716 5459 2980 5530 tepidum
3007 5477 3021 5529 ;
3054 5464 3159 5516 aut
3186 5464 3461 5515 neutrum
3493 5456 3805 5531 participat

367 5546 459 5601 καὶ
515 5544 961 5619 ἀκατονόμαστόν
1011 5545 1146 5619 ἐστι,
1200 5546 1339 5621 μόνῃ
1383 5551 1454 5621 τῇ
1501 5552 1610 5603 τῶν
1680 5549 1859 5624 ἄκρων
1902 5549 1989 5604 ἀπε

2144 5555 2561 5611 extremorum,
2594 5564 2731 5603 cum
2762 5547 2939 5603 etiam
2974 5548 3412 5604 innominatum
3445 5546 3805 5619 est,solaque

368 5638 525 5722 φάσει
559 5631 926 5710 δηλούμενον
977 5636 1055 5700 ὡς
1105 5636 1169 5692 τὸ
1201 5634 1363 5712 μέσον
1394 5642 1491 5694 τοῦ
1521 5634 1735 5695 δικαίου
1776 5638 1868 5696 καὶ
1920 5637 1987 5697 ἀὸ

2144 5645 2538 5699 extremorum
2570 5637 2881 5715 negatione
2899 5636 3232 5697 declaratur
3251 5663 3267 5710 ε
3292 5642 3358 5694 ut
3378 5637 3641 5694 medium
3654 5633 3809 5711 justi

347 4237 548 4312 ἅμεσα.

655 5764 926 5829 ΡΑτιιοι.
973 5764 1086 5828 Gn.
1134 5765 1370 5831 CXLII.

3446 5768 3525 5826 28
