4126 6424
443 381 560 439 87ὅ

1701 368 2125 432 NlGEPHOltl
2177 366 2614 429 BLEMMIDIE

3748 375 3854 435 876

441 517 501 570 et
527 512 757 584 injusti.
789 511 1017 569 Dicitur
1045 511 1205 567 enim
1238 510 1343 566 hoc
1400 519 1590 580 neque
1628 508 1861 579 justum
1904 514 2093 572 neque

2227 519 2323 553 ιου.
2356 498 2580 575 Λέγεται
2621 499 2722 577 γὰρ
2778 505 2940 557 τοῦτο
2998 498 3125 556 οὐδὲ
3180 498 3409 561 δίκαιον.
3471 499 3601 558 οῦδὲ
3658 490 3851 560 ἄδικον·

443 603 758 675 injustam.
789 601 969 665 Quale
999 617 1141 657 sane
1191 600 1356 656 nefas
1398 597 1593 654 infans
1643 600 1733 652 est
1784 593 1884 665 qui
1913 607 2101 663 neque

2227 592 2452 643 τοιοῦτον
2480 589 2543 644 τὸ
2578 589 2799 669 βρέφος,
2833 588 2961 646 οὔτε
2993 588 3202 647 δίκαιον
3234 588 3360 647 οὔτε
3389 588 3601 651 ἄδικον.

439 694 644 765 justus
674 708 865 764 neque
893 691 1172 762 injustus.

521 783 609 838 13.
643 781 839 853 Aliqui
870 785 1067 837 autem
1100 796 1168 836 ex
1199 777 1619 836 recentioribus
1651 774 1912 831 medium
1943 770 2099 844 quod

445 872 601 929 inter
632 870 857 928 malum
888 875 948 927 et
976 871 1199 927 bonum
1230 868 1632 925 consideratur
1662 862 1976 938 quomodo,
2009 861 2098 916 in-

447 961 724 1018 differens
752 964 1125 1017 vocaverunt.

523 1053 607 1107 14.
639 1052 752 1109 Sed
780 1055 840 1107 et
865 1050 1148 1123 Archytas
1176 1050 1238 1104 in
1269 1048 1342 1103 iis
1374 1064 1500 1119 quae
1548 1048 1688 1101 sunt
1744 1044 1815 1099 ad
1876 1040 2099 1113 aliquid

446 1141 791 1199 medietates
845 1139 1116 1196 ostendit.
1168 1137 1396 1193 Etenim
1464 1136 1619 1190 inter
1679 1131 1987 1188 dominum
2043 1134 2101 1185 et

445 1247 679 1288 servum
707 1230 874 1303 ponit
908 1230 968 1285 id
999 1229 1156 1301 quod
1185 1232 1276 1283 est
1302 1226 1556 1282 liberum
1585 1248 1599 1291 ;
1631 1226 1690 1279 et
1721 1222 1877 1277 inter
1906 1220 2099 1289 majus

446 1324 505 1377 et
537 1319 736 1377 minus
767 1318 1005 1391 aequale,
1020 1320 1172 1374 inter
1200 1316 1388 1372 latum
1415 1319 1474 1371 et
1504 1316 1825 1386 augustum
1856 1310 1915 1365 id
1943 1309 2098 1381 quod

448 1426 778 1483 congruens
807 1425 913 1466 seu
946 1407 1455 1466 accommodatum
1487 1407 1596 1459 est.

516 1500 606 1555 15.
641 1498 957 1556 Sciendum
988 1514 1162 1570 porra
1190 1513 1260 1552 ea
1298 1512 1428 1566 quae
1461 1491 1765 1549 continent
1807 1487 2101 1546 contraria

446 1605 577 1646 esse
607 1590 679 1645 ad
725 1587 949 1660 aliquid
1006 1586 1391 1660 (contrarium
1447 1583 1605 1639 enim
1663 1579 1955 1637 contrario
2012 1582 2103 1635 est

442 1677 867 1750 contrarium);
897 1680 956 1732 at
1000 1692 1128 1748 quas
1173 1671 1754 1746 comprehenduntur
1809 1668 1949 1737 illis,
1982 1685 2100 1724 non

440 1766 878 1823 communicare
905 1781 1042 1822 cum
1072 1764 1146 1820 iis
1177 1781 1301 1834 quae
1327 1766 1468 1819 sunt
1496 1761 1565 1816 ad
1601 1758 1847 1831 aliquid.

518 1876 673 1932 242
728 1875 819 1930 16.
876 1877 1166 1930 Praeterea
1225 1870 1617 1927 mediatorum
1668 1865 2099 1922 contrariorum
2129 1875 2179 1939 B

443 1961 557 2019 alia
575 1962 815 2034 quidem
834 1961 1054 2018 habent
1077 1975 1265 2015 unum
1287 1957 1571 2024 medium;
1598 1954 1713 2010 alia
1733 1971 1867 2011 vero
1891 1952 2098 2009 multa.

444 2053 595 2108 Nam
625 2051 884 2109 calidum
905 2055 964 2106 et
994 2049 1275 2122 frigidum
1297 2047 1519 2102 habent
1542 2061 1727 2100 unum
1760 2043 1953 2100 solum
1986 2059 2102 2099 me-

442 2142 630 2211 dium,
662 2143 817 2215 quod
850 2144 941 2197 est
964 2139 1229 2212 tepidum
1265 2156 1277 2193 :
1311 2135 1513 2192 album
1544 2138 1740 2191 autem
1773 2138 1831 2189 et
1862 2133 2096 2206 nigrum

443 2232 669 2289 habent
709 2232 966 2298 fuscum,
1023 2228 1331 2302 pallidum,
1378 2226 1618 2293 ﬂavum,
1665 2224 1934 2292 rubrum,
1986 2222 2098 2277 ful-

440 2338 577 2378 cum
609 2324 667 2377 et
707 2320 843 2378 alia.

511 2412 599 2467 17.
631 2410 772 2467 Tria
800 2413 942 2467 sunt
985 2413 1186 2465 autem
1234 2406 1663 2463 contrariorum
1714 2402 2094 2460 consectaria.

511 2501 600 2557 18.
628 2499 894 2555 Primum
913 2498 1070 2572 quod
1099 2498 1321 2553 bonum
1350 2495 1589 2568 quidem
1614 2492 1767 2549 malo
1790 2493 2095 2559 duntaxat,

434 2589 661 2647 malum
692 2593 891 2645 autem
923 2594 982 2645 et
1010 2588 1165 2644 bono
1195 2590 1252 2642 et
1280 2585 1382 2641 alii
1422 2583 1578 2640 malo
1612 2582 1683 2639 sit
1715 2581 2095 2638 contrarium.

430 2678 627 2736 Veluti
658 2677 953 2736 contraria
980 2681 1071 2733 est
1099 2674 1490 2748 temperantia
1512 2678 1642 2728 tum
1672 2672 2098 2743 imtemperan-

434 2769 550 2837 tiae,
582 2772 713 2825 tum
743 2784 1027 2825 sensuum
1086 2764 1351 2838 stupori;
1385 2780 1524 2819 nam
1583 2766 1641 2817 et
1672 2765 1922 2832 utraque
1962 2762 2102 2815 sunt

433 2858 630 2929 vitia;
683 2862 741 2913 at
784 2854 1239 2929 intemperantia
1286 2857 1344 2910 et
1396 2851 1797 2925 temperantia
1859 2849 2099 2921 quidem

439 2946 854 3015 contrariatur,
886 2949 943 3002 et
970 2961 1105 3002 vero
1132 2943 1310 3000 etiam
1361 2956 1649 2999 sensuum
1680 2939 1907 3012 stupori
1957 2954 2100 2995 con-

440 3037 740 3094 trariatur.

512 3126 600 3183 19.
624 3126 742 3183 Nec
773 3130 863 3183 est
891 3125 1116 3198 injuste
1136 3126 1350 3180 natura
1387 3138 1516 3193 quae
1547 3119 1651 3176 uni
1670 3120 1786 3175 duo
1808 3116 2103 3175 contraria

436 3214 937 3316 objeceritﬂnum
964 3214 1127 3316 enim
1158 3212 1261 3268 uni
1287 3215 1377 3311 est
1407 3211 1701 3310 objectum
1727 3227 1741 3278 ;
1775 3206 2101 3306 moderatio
2138 3247 2182 3316 α

442 3304 942 3361 immoderationi.
964 3301 1380 3375 Temperantia
1406 3299 1563 3355 enim
1597 3299 1839 3371 quidem
1870 3313 2007 3354 cum
2030 3296 2108 3351 sit

2287 773 2368 843 ιγ’.
2400 768 2546 831 Τινὲς
2578 765 2636 823 δὲ
2663 773 2772 825 τῶν
2822 769 3099 847 νεωτέρων
3152 768 3315 844 μέσον
3364 769 3570 846 ἀγαθοῦ
3625 770 3714 828 καὶ
3767 792 3851 828 κα-

2209 861 2308 911 κοῦ
2340 856 2713 934 θεωρούμενον
2742 859 2989 916 ὁπωσοῦν
3023 857 3282 916 ἐκάλεσαν
3317 857 3637 939 ἀδιάφορον.

2283 1032 2368 1091 ιδ’.
2404 1036 2674 1113 Ἀρχύτας
2716 1035 2773 1092 δὲ
2817 1038 2915 1093 κάν
2954 1043 3073 1101 τοῖς
3117 1037 3256 1114 πρός
3301 1059 3356 1094 τι
3405 1038 3710 1113 μεσότητος
3759 1036 3857 1094 δεί-

2210 1145 2380 1179 κνυσι.
2437 1125 2645 1197 Μεταξὺ
2693 1128 2798 1204 γὰρ
2848 1123 3113 1182 δεσπότου
3157 1126 3250 1182 καὶ
3316 1124 3519 1183 δούλου
3581 1127 3761 1199 τίθησι
3802 1127 3858 1183 τὸ

2210 1211 2511 1291 ἐλεύθερον⁸
2562 1214 2655 1270 καί
2707 1215 2958 1289 μείζονος
3007 1217 3097 1272 καὶ
3145 1214 3437 1280 ἐλάττονος
3485 1217 3550 1272 τὸ
3600 1215 3737 1274 ἴσον·
3780 1216 3858 1272 καὶ

2209 1302 2443 1367 πλατέος
2471 1303 2562 1360 καὶ
2592 1309 2779 1360 στενοῦ
2808 1306 2871 1361 τὸ
2903 1301 3231 1385 ἐφαρμόζον.

2285 1483 2363 1538 ιε’.
2396 1484 2745 1555 Ἐπιστητέον
2789 1481 2835 1539 δ’
2878 1482 2963 1539 ὅτι
3018 1488 3128 1540 τῶν
3186 1480 3442 1540 ἐναντίων
3496 1485 3554 1540 αἱ
3612 1482 3853 1561 περιοχαὶ

2209 1571 2347 1648 πρός
2394 1572 2445 1627 τί
2493 1573 2615 1628 εἶσι.
2647 1575 2718 1629 Τὸ
2766 1574 2871 1651 γὰρ
2913 1572 3151 1630 ἐναντίον
3203 1572 3431 1647 ἐναντίῳ
3489 1572 3747 1630 ἐναντίον
3794 1572 3854 1628 τὰ

2212 1658 2270 1716 8‘s
2296 1662 2664 1738 περιεχόμενα
2692 1662 2754 1718 ού
2783 1666 3107 1719 κοινωνοῦσι
3134 1668 3250 1726 τοῖς
3281 1661 3419 1740 πρός
3451 1684 3529 1721 τι.

2282 1860 2367 1922 ις’.
2400 1860 2518 1913 Ἔτι
2568 1863 2678 1915 τῶν
2738 1858 2991 1934 ἐμμέσων
3051 1858 3308 1915 ἐναντίων
3363 1860 3433 1915 τὰ
3483 1859 3580 1934 μὲν
3638 1859 3696 1914 ἓν
3748 1854 3853 1933 ἔχει

2215 1946 2394 2020 μέσον,
2425 1949 2495 2003 τὰ
2552 1945 2610 2003 δὲ
2663 1947 2869 2004 πολλά.
2921 1949 3132 2024 Θερμὸν
3193 1951 3299 2026 γὰρ
3356 1949 3446 2004 καὶ
3503 1949 3720 2025 ψυχρὸν
3766 1946 3857 2021 (ἓν)

2209 2033 2328 2113 ἔχει
2362 2038 2522 2111 μέσον
2560 2039 2724 2112 μόνον
2759 2040 2823 2094 τὸ
2865 2037 3123 2116 χλιαρόνο
3184 2037 3377 2095 λευκὸν
3434 2036 3494 2094 δὲ
3549 2039 3640 2095 καὶ
3702 2037 3855 2113 μέλαν

2206 2123 2327 2201 ἕχει
2381 2127 2444 2182 τὸ
2495 2128 2671 2206 φαιὸν,
2701 2129 2765 2183 τὸ
2814 2128 3022 2204 ὠχρὸν,
3054 2128 3117 2183 τὸ
3172 2128 3380 2201 ξανθὸν,
3411 2128 3478 2184 τὸ
3536 2128 3775 2205 ἐρυθρὸν,
3802 2125 3856 2181 τὸ

2208 2215 2436 2292 πυρρὸν,
2469 2218 2559 2272 καὶ
2587 2214 2763 2291 ἕτερα.

2281 2398 2344 2466 ιζ’
2351 2438 2363 2451 .
2396 2396 2529 2472 Τρία
2558 2394 2617 2452 δέ
2644 2418 2765 2451 τινα
2792 2403 2911 2460 τοῖς
2933 2394 3191 2459 ἐναντίοις
3221 2395 3540 2471 παρέπεται.

2283 2488 2371 2558 ιη’.
2407 2490 2656 2562 Πρῶτον,
2688 2485 2858 2542 ὅτιτὸ
2893 2488 2987 2561 μὲν
3021 2487 3218 2563 ἀγαθὸν
3268 2486 3505 2543 ἐναντίον
3565 2490 3647 2559 τῷ
3692 2487 3848 2555 κακῷ·

2204 2576 2267 2630 τὸ
2326 2573 2384 2630 δὲ
2429 2577 2591 2630 κακὸν
2656 2580 2735 2648 τῷ
2789 2597 2850 2631 τε
2904 2575 3093 2651 ἀγαθῴ
3159 2576 3251 2631 καὶ
3313 2574 3474 2649 ἄλλῳ
3524 2579 3698 2648 κακῷ.
3750 2573 3861 2626 Οῖον

2208 2664 2419 2720 ἐναντία
2462 2666 2556 2739 μὲν
2606 2667 2641 2735 ἠ
2695 2664 3018 2744 σωφροσύνη
3066 2668 3137 2740 τῇ
3185 2686 3246 2721 τε
3288 2663 3561 2737 ἀκολασίᾳ
3611 2664 3700 2721 καὶ
3742 2659 3861 2733 ἠλι-

2208 2754 2420 2825 θιότητι
2477 2753 2684 2828 (κακίαι
2760 2755 2863 2832 γὰρ
2938 2754 3029 2809 καὶ
3109 2754 3320 2833 ἂμφω)·
3379 2757 3416 2824 ἡ
3490 2750 3537 2809 8’
3613 2748 3860 2809 ἀκολασία

2210 2842 2541 2899 ἐναντιοῦται
2597 2847 2691 2919 μὲν
2750 2845 2840 2899 καὶ
2891 2848 2961 2920 τῇ
3019 2843 3364 2923 σωφροσύνῃ,
3424 2843 3759 2900 ἐναντιοῦται
3808 2837 3857 2894 δὲ

2209 2932 2300 2988 καὶ
2328 2936 2399 3007 τῇ
2429 2931 2776 3005 ἠλιθιότητι.

2289 3114 2368 3168 ιϐ’.
2417 3112 2517 3168 Καὶ
2574 3112 2676 3168 οὐκ
2732 3107 2873 3168 ἔστιν
2934 3108 3120 3175 ἄδικος
3171 3113 3207 3182 ἡ
3268 3110 3453 3191 φύσις,
3511 3108 3613 3167 δύο
3673 3106 3865 3166 ἐναντία

2217 3202 2296 3259 ἒνὶ
2356 3201 2692 3274 ἀντινάξασα.
2751 3203 2844 3257 Ἓν
2904 3202 3009 3278 γὰρ
3079 3200 3451 3257 ἀντιτέτακται
3527 3206 3616 3275 τῷ
3693 3199 3784 3270 ivi,
3834 3197 3863 3264 ἡ

2224 3292 2534 3370 συμμετρία
2582 3296 2650 3367 τῇ
2698 3290 3062 3367 ἀσυμμετρία.
3110 3291 3174 3346 Ἣ
3232 3291 3326 3365 μὲν
3394 3290 3498 3369 γὰρ
3561 3285 3862 3368 σωφροσύνη

439 3394 843 3465 mediocritas,
876 3373 1199 3449 moderatio
1230 3395 1321 3447 est
1354 3406 1367 3444 :
1395 3393 1457 3445 at
1489 3394 1701 3461 stupor
1729 3392 1786 3443 et
1817 3387 2101 3459 intempe-

2227 3382 2460 3456 μεσότης
2510 3380 2662 3451 οὖσα,
2713 3379 3020 3457 συμμετρία
3065 3378 3227 3435 ἐστίν·
3279 3383 3315 3451 ἡ
3368 3377 3415 3435 δ’
3458 3379 3747 3450 ἠλιθιότης
3787 3373 3861 3431 καὶ

437 3482 800 3553 τεηῑίειξοιιω
852 3486 1112 3538 extrema
1168 3479 1308 3545 sint,
1370 3478 1890 3534 immoderationes
1946 3480 2110 3531 sunt.

445 3573 579 3629 Hcsc
613 3571 771 3627 enim
802 3570 1042 3644 quidem
1073 3584 1348 3625 excessus
1376 3584 1389 3623 :
1417 3566 1515 3623 ille
1535 3583 1674 3623 vero
1705 3566 1972 3622 defectus
2001 3568 2109 3620 est.

448 3661 855 3718 Contrariatur
883 3660 1067 3733 igitur
1108 3657 1427 3715 moderatio
1483 3654 1981 3724 immoderationi,
2043 3658 2110 3709 ut

445 3753 669 3809 bonum
699 3750 852 3807 malo
889 3767 902 3806 :
937 3755 1207 3805 extremae
1255 3763 1391 3803 vero
1450 3745 1560 3801 sibi
1593 3744 1842 3801 invicem
1873 3749 2107 3801 contra-

448 3841 696 3911 riantur,
729 3840 885 3913 quod
916 3838 1240 3912 plurimum
1271 3853 1306 3892 a
1334 3852 1396 3892 se
1428 3835 1647 3891 distent
1674 3835 1945 3891 invicem.

522 3951 678 4007 243
708 3949 798 4004 20.
834 3949 903 4003 Et
931 3944 1086 4002 malo
1117 3945 1358 4017 quidem
1407 3943 1630 3998 malum
1663 3943 2054 3999 contrariatur
2089 3961 2103 4001 :

452 4045 512 4097 at
540 4041 765 4096 bonum
799 4036 974 4093 alicui
1005 4037 1159 4092 bono
1191 4052 1306 4090 non
1339 4037 1429 4090 est
1457 4033 1861 4104 contrarium;
1915 4050 2104 4090 unum

448 4130 607 4187 enim
638 4128 1004 4200 simplexque
1028 4129 1118 4181 est
1144 4125 1367 4180 bonum
1400 4140 1414 4178 :
1449 4121 1673 4179 malum
1699 4127 1896 4178 autem
1923 4127 1983 4179 et
2010 4139 2106 4179 va-

454 4219 611 4274 rium
640 4220 730 4273 est
757 4220 815 4272 et
843 4213 1228 4271 multiﬁdum.

515 4308 608 4363 21.
640 4305 978 4363 Secundum
1029 4300 1459 4358 contrariorum
1514 4300 1942 4356 consectarium
1990 4306 2101 4366 est,

449 4396 608 4469 quod
664 4393 958 4452 contraria
1012 4390 1126 4448 sibi
1183 4391 1435 4446 invicem
1464 4389 1525 4444 in
1584 4406 1793 4462 genere
1824 4394 1883 4445 et
1912 4391 2106 4462 specie

447 4485 799 4544 coexsistere
833 4486 1082 4557 possunt
1113 4497 1126 4535 :
1160 4496 1373 4552 genere
1416 4478 1678 4551 quidem,
1711 4484 1778 4534 ut
1810 4478 2051 4535 animali
2086 4496 2100 4535 :

443 4576 659 4649 specie,
690 4579 757 4631 ut
786 4572 1044 4629 homine.
1077 4568 1443 4625 Animalium
1471 4567 1628 4623 enim
1660 4566 1775 4623 alia
1800 4566 1952 4637 alba,
1986 4567 2105 4624 alia

443 4666 615 4738 nigra
646 4681 659 4721 :
695 4669 753 4722 et
779 4662 1091 4719 hominum
1122 4658 1268 4715 alios
1299 4674 1497 4724 sanos,
1522 4656 1667 4713 alios
1696 4662 1944 4729 aegrotos
1973 4674 2101 4715 esse

443 4755 720 4811 dicimus.
746 4755 809 4809 In
839 4750 1143 4807 individuo
1174 4753 1371 4805 autem
1404 4745 1695 4802 contraria
1723 4762 1926 4802 secum
1956 4746 2101 4805 invi-

443 4861 568 4900 cem
590 4843 779 4915 quoad
811 4856 996 4896 unum
1025 4839 1221 4895 locum
1253 4836 1635 4893 coexisterere
1682 4852 1797 4891 non
1826 4840 2096 4907 possunt.

441 4933 557 4989 Nec
587 4931 803 4988 etenim
832 4933 1131 4984 Socratem
1173 4925 1354 4982 simul
1384 4940 1597 4980 sanum
1633 4940 1762 4979 esse
1791 4929 2096 4997 aegrotare,

439 5024 545 5076 aut
574 5018 902 5075 secundum
933 5014 1201 5071 eamdem
1247 5016 1474 5085 partem
1505 5011 1565 5065 in
1596 5012 1801 5067 eodem
1832 5016 2097 5085 tempore

436 5107 690 5165 caleﬁeri
728 5111 787 5163 et
815 5103 1146 5178 refrigerari
1177 5100 1484 5173 contingit.

503 5198 595 5253 22.
650 5195 913 5254 Tertium
979 5191 1433 5267 (consectarium
1482 5188 1911 5246 contrariorum
1960 5189 2092 5263 est),

434 5287 590 5358 quod
613 5286 908 5342 contraria
927 5283 1016 5339 vel
1042 5286 1181 5338 sunt
1202 5280 1310 5336 sub
1335 5279 1538 5334 eodem
1562 5286 1868 5359 genere,ut
1892 5278 2091 5335 album

442 5378 502 5430 et
562 5375 801 5447 nigrum
832 5375 942 5430 sub
972 5372 1204 5438 colore;
1237 5369 1347 5425 sub
1397 5368 1708 5424 contrariis
1752 5369 2090 5440 generibus,

434 5468 501 5519 ut
522 5463 710 5535 justia
739 5468 797 5521 et
826 5460 1074 5534 injustia
1111 5459 1222 5516 sub
1271 5458 1487 5514 virtute
1518 5461 1575 5513 et
1621 5458 1787 5523 vitio,
1818 5462 1921 5513 aut
1964 5458 2093 5530 ipsa

434 5568 577 5608 sane
625 5552 917 5609 contraria
945 5566 1160 5623 genera
1188 5552 1349 5616 sunt,
1382 5550 1448 5602 ut
1496 5545 1825 5603 universale
1864 5548 2089 5603 bonum

435 5644 495 5695 et
522 5640 746 5697 malum
790 5638 1139 5697 universale.
1173 5639 1300 5694 Haec
1331 5636 1489 5693 enim
1521 5652 1650 5710 qua:
1680 5641 1823 5694 sunt
1852 5641 2087 5694 contra-

439 5727 547 5800 ria,
577 5744 793 5801 genera
820 5734 979 5789 sunt.

2220 3475 2256 3541 ἡ
2306 3469 2570 3527 ἀκολασία
2622 3467 2759 3544 ἄκρα
2815 3467 2989 3541 οὖσαι,
3041 3468 3413 3546 ἀσυμμετρίαι
3473 3467 3633 3527 εἰσίν.
3681 3469 3741 3523 Ἦ
3781 3463 3860 3537 μὲν

2218 3563 2320 3637 γάρ
2396 3560 2536 3616 ἐστιν
2612 3554 2917 3636 ὑπερϐολὴ,
2976 3561 3012 3629 ἡ
3072 3556 3119 3613 δ’
3179 3556 3447 3631 ἔλλειψις.
3510 3558 3857 3614 Ἐναντιοῦται

2219 3656 2349 3725 γοῦν
2382 3652 2417 3721 ἡ
2472 3650 2779 3725 συμμετρία
2818 3652 2888 3723 τῇ
2937 3647 3304 3724 ἀσυμμετρία,
3337 3647 3413 3709 ὡς
3460 3645 3661 3724 ἀγαθὸν
3708 3645 3855 3713 κακῷ·

2216 3741 2285 3794 τὰ
2331 3736 2378 3794 δ’
2429 3737 2567 3813 ἄκρα
2613 3738 2944 3794 ἐναντιοῦται
2993 3734 3288 3809 ἀλλήλοις,
3329 3735 3413 3791 ὅτι
3470 3734 3728 3791 πλεῖστον
3781 3728 3857 3787 ἀπ’

2219 3825 2488 3900 ἀλλήλων
2522 3825 2793 3899 διέστηκε.

2287 3937 2354 3993 κ’.
2389 3934 2488 3990 Καὶ
2542 3939 2623 4008 τῷ
2682 3934 2776 4007 μὲν
2853 3938 3005 4006 κακῷ
3082 3933 3417 3989 ἐναντιοῦται
3475 3932 3670 3989 κακόνο
3733 3921 3857 3985 τὸδ

2218 4026 2415 4102 ἀγαθὸν
2475 4024 2575 4079 οὐκ
2630 4018 2771 4079 ἔστιν
2829 4022 3064 4078 ἐναντίον
3094 4021 3204 4077 τινὶ
3233 4020 3438 4097 ἀγαθᾷν
3487 4018 3545 4076 ἓν
3608 4021 3710 4098 γάρ
3763 4017 3854 4102 ἐστι

2214 4116 2277 4171 τὸ
2302 4114 2502 4192 ἀγαθὸν
2534 4114 2625 4171 καὶ
2655 4110 2886 4169 ἁπλοῦν’
2917 4112 2982 4168 τὸ
3022 4109 3082 4167 δὲ
3138 4107 3304 4166 κακὰν
3363 4107 3621 4167 ποικίλον
3678 4128 3734 4163 τε
3779 4099 3855 4159 καὶ

2215 4200 2577 4280 πολυσχιδές.

2284 4300 2386 4351 κα’.
2450 4293 2706 4370 Δεύτερον
2766 4295 2876 4347 τῶν
2925 4288 3178 4346 ἐναντίων
3234 4286 3733 4364 παρακολούθημα,
3785 4279 3853 4337 ὅτι

2212 4382 2467 4438 τάναντία
2496 4379 2716 4437 δύναται
2749 4379 3115 4457 συνυπάρχειν
3164 4376 3445 4450 ἀλλήλοις
3492 4377 3545 4433 ἐν
3596 4379 3743 4454 γένει’
3777 4369 3851 4427 καὶ

2215 4469 2366 4527 εἷ’δει·
2416 4469 2558 4547 γένει
2604 4472 2724 4544 μὲν,
2772 4470 2849 4532 ὡς
2893 4474 2972 4542 τῷ
3021 4469 3166 4543 ζώῳ,
3220 4465 3353 4524 εἷ’δει
3411 4465 3490 4541 δὲ,
3524 4467 3606 4532 ὡς
3657 4469 3733 4537 τῷ
3773 4460 3849 4516 ἀνα

2213 4562 2438 4638 θρώπῳ.
2470 4562 2712 4637 Λέγομεν
2741 4559 2847 4636 γὰρ
2875 4563 2986 4614 τῶν
3029 4560 3182 4628 ζώων
3227 4557 3297 4613 τὰ
3347 4558 3441 4633 μὲν
3494 4556 3630 4613 εἶναι
3683 4547 3846 4638 λευκᾷ,

2209 4634 2279 4706 τά
2335 4648 2393 4705 δὲ
2454 4634 2680 4724 μέλανα·
2712 4634 2967 4705 καὶ-τῶν
3022 4647 3324 4725 ἀνθρώπων
3355 4645 3486 4710 τοὺς
3545 4647 3642 4721 μὶν
3698 4634 3842 4717 ὑγιαί-

2210 4762 2338 4814 νειν,
2387 4738 2516 4802 τοὺς
2564 4736 2625 4794 δὲ
2669 4742 2863 4794 νοσεῖν.
2927 4740 3015 4793 Ἐν
3070 4737 3262 4810 ἀτόμῳ
3321 4733 3381 4791 δὲ
3442 4733 3695 4792 τάναντία
3738 4738 3842 4814 συντ

2210 4805 2475 4907 υπάρχειν
2529 4825 2806 4899 ἀλλήλοις
2844 4829 2964 4883 καθ’
3007 4823 3102 4882 Eva
3146 4805 3316 4882 τόπον
3364 4824 3427 4879 ού
3481 4822 3711 4907 δύνικταῒ.
3758 4805 3841 4907 Et};

2206 4919 2308 4996 γὰρ
2368 4917 2469 4974 οὐκ
2524 4915 2635 4972 ἔστι
2688 4916 2781 4972 τὸν
2844 4915 3142 4993 Σωκράτην
3197 4912 3455 4992 ὑγιαίνειν
3525 4906 3617 4963 καὶ
3687 4900 3839 4996 νύσεῖν

2208 4988 2339 5082 ἀμία·
2384 5004 2420 5077 ἤ
2469 5007 2590 5070 καθ’
2635 5004 2691 5061 ἓν
2752 4988 2986 5082 μόριον,⁷
3029 5004 3081 5060 ἐν
3141 4988 3327 5076 ταυτῷ
3378 4988 3747 5072 θερμαίνεσθαί
3794 5002 3843 5039 τε

2204 5098 2296 5153 καὶ
2327 5096 2617 5172 ψύχεσθαι.

2275 5165 2624 5261 ἷρίτον,
2685 5181 2771 5238 ὅτι
2824 5181 3078 5238 τάναντία
3133 5180 3170 5251 ἤ
3234 5178 3338 5236 ὑπὸ
3393 5176 3455 5230 τὸ
3514 5173 3644 5230 αύτὸ
3706 5165 3842 5261 γένος

2205 5244 2361 5343 εἰσὶν,
2391 5244 2465 5334 ὡὲ
2492 5273 2556 5327 τὸ
2587 5244 2779 5327 λευκὸν
2827 5270 2918 5326 καὶ
2968 5270 3032 5325 τὸ
3084 5244 3252 5343 μέλαν
3310 5265 3415 5320 ὑπὸ
3462 5262 3527 5319 τὸ
3572 5244 3840 5343 χρῶμαοῆ

2204 5363 2308 5417 ὑπὸ
2360 5360 2614 5417 τάναντία
2656 5360 2808 5437 γένη,
2859 5360 2935 5422 ὡς
2986 5354 3301 5426 δικαιοσύνη
3354 5353 3446 5409 καὶ
3501 5347 3695 5421 ἀδικία,
3751 5338 3839 5396 ὑπὸ

2199 5452 2299 5521 τὴν
2356 5451 2576 5529 ἀρετὴν,
2606 5433 2697 5505 καὶ
2760 5448 2863 5504 ὑπὸ
2909 5449 3009 5516 τὴν
3064 5443 3280 5501 κακίαν
3312 5439 3349 5512 ἦ
3382 5439 3519 5496 αὐτὰ
3557 5435 3622 5508 δή
3677 5433 3839 5529 τάναγ-

2198 5515 2289 5596 τία
2317 5515 2449 5617 γένη
2482 5515 2639 5602 είσὶν,
2670 5539 2747 5601 ὡς
2772 5539 2836 5594 τὸ
2874 5515 3114 5593 καθόλου
3173 5531 3367 5617 ἀγαθὸν
3426 5528 3517 5585 καὶ
3571 5528 3633 5583 τὸ
3687 5515 3831 5617 καθέ-

2201 5629 2301 5690 λου
2332 5606 2544 5691 ’κακόν.
2592 5632 2768 5685 Ταῦτα
2848 5627 2954 5704 γὰρ
3025 5606 3247 5684 ἐναντίαν
3316 5616 3446 5677 ὄντα
3514 5617 3641 5699 γένη
3696 5606 3831 5667 εἰσίν.
