4126 6428
298 374 416 430 877
1681 374 2030 435 EPITOME
2081 379 2353 440 LOGICA
2371 423 2385 438 .
3601 388 3721 444 878

366 509 469 576 κγ’.
504 499 716 556 Εἷδέναι
749 498 806 556 δὲ
847 499 946 572 δεῖ,
980 501 1062 556 ὅτι
1105 506 1212 556 τῶν
1269 500 1544 573 ἀλλήλοις
1598 503 1848 558 ἐναντίων
1897 505 1936 559 ἓ*

2137 510 2227 564 23.
2252 511 2434 566 Nosse
2464 516 2658 567 autem
2691 517 2920 584 oportet
2949 530 3152 569 eorum
3179 531 3305 586 quae
3327 515 3439 571 sibi
3471 516 3718 583 invicem

291 593 356 647 τὸ
414 592 676 647 ἀνωτάτω
733 593 887 666 γένος
951 589 1113 647 ἐστίν.
1149 590 1282 647 Οὕτε
1342 593 1443 667 γὰρ
1484 595 1518 662 ἡ
1551 592 1713 668 ἀρετὴ
1773 595 1862 648 καὶ
1918 598 1936 648 i

2077 604 2206 653 sunt
2235 603 2751 668 contraria,unum
2787 619 3090 658 summum
3124 619 3310 675 genus
3343 622 3490 661 esse.
3524 611 3725 680 Neque

297 681 462 738 κακία
515 685 708 758 πρῶτα
764 679 892 756 γὲνη
954 680 1107 753 εἰσὶν,
1169 678 1276 735 ἄνω
1330 682 1434 756 γὰρ
1503 682 1676 737 αὐτῶν
1731 679 1839 754 ἕξις
1895 706 1936 739 τι

2077 687 2221 742 enim
2266 689 2451 745 virtus
2483 694 2540 744 et
2567 690 2773 746 vitium
2805 691 2996 763 prima
3028 697 3168 748 sunt
3229 694 3385 750 244
3414 678 3728 752 contraria.

198 817 208 829 .
291 771 384 828 καί
417 769 672 834 διάθεσις·
707 767 832 825 οὔτε
875 771 938 824 τὸ
985 769 1226 826 καθόλου
1275 770 1501 846 ἀγαθὸν,
1532 772 1621 826 καὶ
1672 772 1734 826 τὸ
1789 772 1936 837 καθό-

2077 776 2290 832 Etenim
2339 795 2520 851 supra
2568 779 2696 852 ipsa
2744 785 2883 836 sunt
2931 786 2988 836 et
3016 781 3257 838 habitus
3297 788 3355 839 et
3385 784 3714 856 dispositio,

292 860 395 920 λου
463 860 647 916 κακόν·
698 858 846 915 ἀλλά
922 859 1012 914 καὶ
1092 865 1260 915 ταῦτα
1330 859 1692 917 συνάπτονται
1739 860 1776 931 ἤ
1832 883 1936 916 σονς

2077 881 2170 921 nec
2218 866 2548 923 universale
2597 869 2819 924 bonum
2851 874 2908 926 et
2956 871 3284 927 universale
3324 872 3548 929 malum
3579 881 3718 930 sunt

295 954 627 1029 άγονταιτῷ
660 954 822 1020 ποιῷ.
856 950 956 1003 Καὶ
1009 945 1118 1003 ἔστι
1178 949 1242 1003 τὸ
1300 970 1456 1003 ποιον
1518 949 1675 1024 γένος
1735 949 1936 1005 πάντωι

2077 971 2300 1010 summa
2328 973 2577 1028 genera;
2612 959 2716 1014 sed
2747 963 2803 1014 et
2833 958 2954 1014 hac
2982 960 3053 1014 ad
3079 959 3252 1031 quale
3283 961 3634 1033 copulantur
3661 966 3720 1019 et

287 1041 464 1096 αὐτῶν
496 1040 882 1114 γενικώτατον.
921 1042 1162 1093 Τοσαῦτα
1191 1036 1313 1112 περί
1347 1036 1625 1096 ἐναντίων.

357 1236 456 1296 κδ’.
503 1237 655 1308 ’Ἐξις
713 1233 770 1290 δὲ
845 1235 934 1290 καὶ
1005 1235 1256 1311 στέρησις
1331 1232 1547 1310 λέγεται
1615 1232 1943 1312 πολλαχῶς.

282 1329 413 1382 Καθ’
459 1323 554 1382 ἕνα
607 1326 700 1400 μὲν
748 1326 850 1402 γὰρ
899 1323 1100 1399 τρόπον
1149 1321 1258 1395 ἕξις
1319 1321 1534 1400 λέγεται
1565 1327 1600 1394 ἡ
1631 1329 1728 1378 τοῦ
1787 1322 1942 1400 ἕχον-

277 1439 376 1480 τος
405 1416 495 1472 καὶ
533 1421 630 1471 τοῦ
662 1415 935 1491 ἐχομένου
966 1413 1228 1490 ἐνέργεια.

349 1526 444 1580 κε’.
483 1523 632 1595 "Eth
688 1523 790 1598 γὰρ
849 1520 1076 1595 ἱματίου
1138 1520 1372 1597 λέγεται,
1407 1542 1532 1576 οταν
1584 1523 1612 1576 ὁ
1665 1522 1760 1594 μὲν
1818 1520 1938 1598 ἔχῃ,

274 1614 341 1670 τὸ
372 1610 418 1668 δ’
450 1609 648 1689 ἔχηται
682 1611 786 1666 ὑπὸ
830 1616 928 1665 τοῦ
978 1606 1225 1687 ἔχοντος.
1261 1609 1358 1664 Καὶ
1418 1607 1525 1681 ἕξιν
1585 1609 1772 1666 ὅπλων
1824 1611 1941 1666 εἶπὲ

277 1724 388 1758 που
419 1699 649 1758 Πλάτων
683 1700 770 1756 ἐπὶ
798 1704 897 1755 τοῦ
928 1698 1154 1774 ἔχοντος
1187 1697 1354 1755 ὅπλα.

351 1810 454 1872 κς’.
487 1809 615 1862 Καθ’
669 1804 850 1876 ἕτερον
931 1803 988 1860 δὲ
1046 1807 1248 1881 τρόπον
1323 1803 1458 1876 ἕξεις
1531 1805 1764 1882 λέγομεν
1841 1809 1937 1869 τὰς

2061 1042 2442 1117 colliguntur.
2477 1048 2694 1118 Estque
2740 1047 2910 1119 quale
2961 1048 3197 1104 illorum
3229 1049 3494 1106 omnium
3525 1067 3714 1124 genus

2059 1134 2593 1206 generalissimum.
2628 1137 2882 1192 Tantum
2913 1138 2984 1193 de
3015 1137 3348 1196 contrariis.

2127 1242 2216 1296 24.
2267 1241 2515 1298 Habitus
2565 1247 2762 1299 autem
2810 1248 2869 1301 et
2915 1245 3162 1317 privatio
3206 1245 3587 1304 multifariam
3619 1249 3712 1304 di-

1989 1373 2005 1390 .
2056 1333 2290 1385 cuntur.
2324 1331 2449 1388 Uno
2478 1332 2635 1388 enim
2667 1333 2842 1389 modo
2871 1333 3090 1390 dicitur
3132 1334 3405 1392 habentis
3435 1340 3492 1392 et
3520 1335 3704 1394 habiti

2057 1423 2244 1475 actus.

2121 1528 2212 1582 25.
2263 1528 2511 1584 Habitus
2559 1529 2717 1585 enim
2766 1531 3101 1586 vestimenti
3150 1531 3385 1598 dicitur,
3438 1549 3573 1588 cum
3611 1531 3711 1589 ille

2053 1615 2289 1688 quidem
2347 1617 2545 1683 habet,
2577 1618 2685 1674 hoc
2731 1636 2866 1676 vero
2895 1620 3162 1677 habetur.
3195 1622 3265 1676 Et
3293 1621 3455 1678 Plato
3487 1621 3706 1678 alicubi

2048 1703 2318 1760 habitum
2351 1723 2660 1763 armorum
2695 1708 2766 1764 de
2791 1725 2859 1764 eo
2890 1709 3059 1778 dixit,
3090 1710 3190 1781 qui
3221 1726 3389 1767 arma
3417 1710 3613 1768 habet.

2116 1813 2207 1867 26.
2243 1812 2365 1868 Alio
2402 1819 2600 1870 autem
2633 1815 2806 1871 modo
2836 1815 3074 1872 habitus
3105 1816 3358 1874 dicimus
3389 1818 3707 1891 qualitates

285 1899 614 1968 ἐπικτήτους
662 1895 984 1967 ποιότητας,
1037 1895 1313 1968 ἐμμόνους
1377 1895 1684 1971 γεγονυίας*
1733 1897 1829 1958 τάς
1885 1917 1936 1952 τε

2077 1901 2372 1973 chuisitas
2421 1920 2555 1958 cum
2587 1904 2831 1960 stabiles
2877 1905 3046 1961 factis
3076 1906 3312 1978 fuerint,
3358 1887 3572 1980 partim
3603 1925 3708 1965 na-

280 1992 509 2066 ιρυσικὰς
541 1987 632 2041 καὶ
676 1987 772 2047 τὰς
823 1986 939 2040 κατ’
994 1984 1305 2058 ἐπιστήμην
1354 1985 1389 2054 ἢ
1439 1986 1664 2062 τέχνην,
1714 1987 1834 2041 καθ’
1880 1985 1941 2048 ’ἀς

277 2079 335 2132 οἱ
383 2075 434 2130 ἐν
480 2075 669 2138 αὐταῖς
719 2074 919 2130 ἑκτικοὶ
971 2071 1244 2148 λέγονται.
1296 2069 1440 2129 κάτά
1502 2079 1664 2130 τοῦτο
1724 2073 1790 2145 δὴ
1849 2075 1940 2130 καὶ

274 2167 373 2227 τὰς
391 2163 605 2227 τελείας
631 2165 822 2240 ἀρετὰς
856 2164 1197 2237 ὀνομάζομεν
1226 2160 1383 2235 ἕξεις.

347 2439 444 2503 κζ’.
487 2433 636 2504 ’Έξις
685 2429 932 2487 καλεῖται
981 2433 1070 2487 καὶ
1115 2434 1150 2502 ἡ
1204 2433 1402 2510 φυσικὴ
1453 2433 1780 2501 κατασκευὴ,
1812 2430 1936 2486 ὅταν

276 2518 521 2597 ἕμμονος
549 2521 605 2597 ᾖ,
660 2521 843 2596 ὥσπερ
893 2522 1206 2595 σωματικάς
1250 2542 1403 2584 τινας
1452 2517 1587 2592 ἕξεις
1631 2522 1721 2576 καὶ
1769 2523 1936 2596 ψυχι-

273 2613 370 2674 κάς
437 2615 668 2685 νοοῦμεν
740 2610 829 2665 ἐπί
896 2632 1082 2665 τινων·
1144 2610 1235 2665 καὶ
1309 2611 1500 2684 ἀρετὰς
1548 2612 1585 2680 ἢ
1633 2610 1823 2672 κακίας
1881 2610 1940 2665 ἐκ

278 2701 492 2780 φύσεως
522 2699 699 2756 εἷ’τουν
729 2701 971 2775 κράσεως
982 2744 994 2757 .

351 2887 458 2951 κη’.
489 2878 727 2956 Λέγουσί
775 2899 916 2940 τινες
969 2875 1076 2949 ἕξιν
1112 2877 1202 2933 καὶ
1251 2879 1350 2947 τὴν
1397 2885 1498 2948 τῆς
1548 2877 1758 2956 φύσεως
1817 2875 1935 2932 ἐπι-

283 2963 630 3040 τηδειότητα.

351 3076 448 3132 κθ’.
501 3075 730 3150 Λέγουσι
777 3074 866 3130 καὶ
918 3076 1018 3144 τήν
1089 3075 1318 3152 φυσικὴν
1389 3071 1635 3147 δύναμινο
1687 3075 1761 3136 ὡς
1840 3077 1939 3128 τοῦ

281 3164 451 3240 πυρὸς
482 3163 544 3218 τὸ
569 3163 892 3239 Θερμαίνειν,
925 3162 1014 3218 ὅτε
1066 3165 1143 3236 μὴ
1195 3163 1500 3240 θερμαίνοι,
1529 3163 1618 3218 καὶ
1666 3164 1765 3232 τὴν
1813 3159 1936 3237 ὄψιν

279 3256 376 3306 τοῦ
405 3249 773 3315 καθεύδοντος.
902 3266 904 3268 ⁷

353 3357 417 3414 λ’.
459 3361 576 3414 Ἔτι
627 3356 684 3414 δὲ
737 3356 948 3435 μᾶλλον
994 3360 1029 3428 ἡ
1077 3357 1270 3428 τελικὴ
1321 3359 1555 3435 ἐνέργεια
1603 3355 1710 3430 ἕξις
1769 3358 1932 3414 ἐστίν·

278 3448 412 3518 ὡςὴ
445 3445 698 3524 ὅρασις-ἦ
756 3445 868 3519 ἤδη
924 3447 1124 3523 ὁρώσα,
1156 3447 1245 3502 καὶ
1305 3449 1340 3518 ἡ
1399 3447 1672 3525 θερμότης
1729 3451 1764 3518 ἡ
1822 3444 1932 3518 ἤδη

277 3537 666 3615 θερμαίνουσα.

348 3624 450 3684 λα’.
485 3625 802 3704 Πολλαχῶς
853 3625 943 3681 οὖν
987 3629 1086 3695 τῆς
1135 3623 1297 3697 ἕξεως
1346 3624 1673 3703 λεγομένης,
1722 3625 1934 3682 πολλα-

270 3719 396 3791 χῶς
440 3716 529 3771 καὶ
579 3719 615 3787 ἡ
665 3717 916 3792 στέρησις
975 3714 1191 3791 λέγεται
1266 3714 1636 3788 καταλλήλως
1697 3721 1765 3791 τῇ
1828 3713 1933 3790 ἕξει

271 3800 695 3879 λαμϐανομένη.
729 3807 791 3860 Ἣ
844 3805 938 3879 μὲν
980 3807 1083 3881 γὰρ
1132 3802 1240 3876 ἕξις
1287 3806 1392 3860 ἀπὸ
1439 3811 1537 3861 τοῦ
1585 3804 1731 3882 ἔχειν
1784 3802 1937 3877 εἷ’λη-

268 3912 433 3950 πται·
459 3897 495 3966 ἡ
529 3893 596 3964 δὴ
621 3894 877 3970 στόρησις
910 3893 1099 3969 ἀὲχειά
1125 3893 1210 3956 τίς
1241 3893 1406 3952 ἐστιν.

352 4089 458 4167 λβ’,
494 4090 814 4147 Ἀντίκειται
843 4094 973 4166 γοῦν
1017 4094 1099 4163 τῷ
1146 4090 1352 4167 πρώτῳ
1391 4089 1780 4165 σημαινομένφ
1835 4093 1933 4160 τῆς

263 4176 435 4253 ἕξεως
466 4183 502 4251 ἡ
537 4179 788 4255 στέρησις
818 4183 915 4234 τοῦ
945 4178 1168 4254 ἱματίου
1193 4178 1282 4235 καὶ
1321 4183 1418 4234 τοῦ
1448 4178 1646 4236 ὅπλου.

347 4285 452 4362 λγ’.
513 4291 601 4359 Τῷ
663 4283 899 4364 δευτέρῳ
965 4288 1000 4357 ἡ
1062 4291 1169 4342 τῶν
1238 4285 1544 4358 ἐπικτήτων
1619 4287 1930 4356 ποιοτήτων

263 4369 530 4447 ἀποϐολή
541 4417 555 4430 .

347 4460 450 4522 λδ’.
481 4469 568 4537 Τῷ
612 4464 802 4540 τρίτῳ,
851 4471 952 4534 τῆς
1004 4468 1234 4542 φυσικῆς
1290 4471 1626 4536 κατασκευῆς
1683 4467 1720 4534 ἡ
1770 4485 1932 4538 μετα-

263 4557 456 4628 τροπή
469 4599 482 4612 .

2051 1990 2291 2059 turales,
2347 1993 2562 2064 partim
2609 2010 2707 2049 eas
2755 2011 2884 2066 quas
2932 1997 3258 2052 secundum
3306 1997 3615 2054 scientiam
3647 2002 3706 2055 et
3802 2011 3810 2023 ‘

2051 2084 2236 2136 artem
2270 2085 2428 2149 sunt,
2461 2083 2788 2139 secundum
2818 2100 2966 2155 quas
2998 2083 3098 2156 qui
3129 2084 3189 2140 in
3218 2085 3366 2157 ipsis
3397 2090 3558 2155 sunt,
3591 2085 3694 2143 he-

2051 2170 2206 2239 ctici,
2236 2171 2293 2225 id
2325 2171 2745 2240 est,habitibus
2773 2172 3000 2245 praediti
3029 2172 3327 2230 dicuntur.
3359 2174 3698 2232 Secundum

2048 2259 2202 2328 quod
2233 2276 2374 2316 sane
2421 2260 2866 2333 (signiﬁcatum)
2896 2261 3073 2318 etiam
3104 2263 3389 2334 perfectas
3428 2264 3696 2334 virtutes,

2049 2348 2428 2405 nominamus
2459 2349 2718 2406 habitus.

2118 2439 2210 2492 27.
2241 2438 2492 2495 Habitus
2536 2443 2780 2497 vocatur
2807 2440 2986 2496 etiam
3029 2441 3316 2498 naturalis
3353 2442 3702 2515 praeparatio

2049 2542 2152 2582 seu
2181 2527 2545 2584 conﬁrmatio
2577 2545 2712 2584 cum
2745 2529 2976 2585 stabilis
3007 2530 3184 2586 fuerit
3210 2549 3224 2598 ;
3256 2532 3551 2602 quomodo
3582 2548 3706 2587 cor-

2051 2616 2209 2685 poris
2241 2621 2298 2671 et
2327 2616 2535 2672 animae
2584 2617 2814 2690 aliquos
2857 2617 3098 2674 habitus
3141 2619 3201 2674 in
3234 2618 3541 2691 aliquibus
3572 2620 3700 2676 ani-

2049 2704 2508 2774 madvertimus;
2544 2710 2600 2762 et
2625 2705 2876 2762 virtutes
2905 2711 3009 2763 aut
3046 2707 3188 2764 vitia
3217 2724 3286 2764 ex
3315 2713 3549 2777 natura,
3579 2708 3702 2766 sive

2046 2796 2532 2866 temperamento.

2116 2883 2207 2938 28.
2252 2883 2468 2940 Dicunt
2513 2883 2695 2957 aliqui
2725 2884 2996 2941 habitum
3045 2889 3104 2941 et
3149 2888 3372 2942 natura:
3417 2886 3707 2960 aptitudi-

2048 2987 2206 3028 nem.

2120 3079 2270 3136 245
2322 3079 2413 3134 29.
2445 3079 2660 3135 Dicunt
2688 3079 2868 3135 etiam
2898 3079 3211 3151 (habitum)
3242 3081 3569 3153 potentiam
3599 3098 3704 3137 na-

2045 3168 2320 3232 turalem,
2355 3171 2423 3222 ut
2452 3167 2606 3239 ignis
2633 3165 2696 3220 τό
2727 3167 3042 3224 calefacere
3071 3186 3208 3225 cum
3255 3185 3371 3226 non
3411 3169 3700 3240 calefecit,

1969 3258 2014 3326 C
2051 3261 2108 3312 et
2134 3256 2328 3313 visum
2358 3257 2726 3314 dormientis.

2116 3365 2206 3420 30.
2253 3365 2501 3436 Insuper
2548 3369 2748 3420 autem
2797 3365 2995 3437 potius
3043 3366 3338 3438 perfectus
3392 3370 3560 3423 actus
3607 3370 3702 3422 est

2047 3452 2323 3523 habitus;
2358 3457 2423 3509 ut
2468 3453 2616 3510 visio
2663 3455 2784 3527 jam
2814 3454 3019 3511 videns
3051 3459 3108 3511 et
3152 3454 3312 3512 calor
3332 3456 3460 3527 jam
3490 3455 3703 3512 calefa-

2047 3559 2227 3598 016118.

2117 3632 2216 3687 31.
2289 3631 2434 3688 Cum
2490 3631 2670 3704 igitur
2721 3633 3107 3691 multifariam
3155 3633 3396 3690 habitus
3450 3634 3702 3703 dicatur,

2046 3721 2430 3777 multifariam
2487 3723 2666 3778 etiam
2716 3724 2964 3795 privatio
3021 3723 3258 3791 dicitur,
3308 3739 3438 3795 quas
3469 3722 3701 3779 habitui

2046 3815 2437 3884 congruenter
2466 3811 2770 3884 accipitur.
2821 3813 2992 3868 Enim
3022 3812 3264 3884 quidem
3323 3813 3397 3870 ab
3427 3812 3701 3869 habendo

2047 3905 2323 3972 sumptus
2355 3904 2482 3970 est;
2529 3900 2774 3972 privatio
2824 3906 3020 3958 autem
3069 3901 3354 3958 inhabitio
3406 3902 3703 3974 quaedam,

2045 4006 2150 4046 seu
2177 3989 2431 4045 habendi
2462 3989 2702 4060 quidam
2734 3991 2995 4047 defectus
3024 3995 3132 4048 est.

2115 4097 2206 4151 32.
2240 4097 2444 4166 Itaque
2474 4096 2664 4168 primo
2708 4095 2948 4153 habitus
3000 4095 3334 4170 signiﬁcato
3386 4097 3702 4171 opponitur

2046 4184 2292 4258 privatio
2325 4183 2658 4241 vestimenti
2691 4188 2749 4241 et
2776 4183 2898 4241 teli.

2114 4291 2204 4347 33.
2277 4289 2546 4346 Secundo
2605 4291 3032 4363 acquisitarum
3099 4290 3452 4364 qualitatum
3510 4293 3703 4364 abjec-

2043 4380 2148 4438 tio.

2115 4470 2203 4524 34.
2237 4469 2451 4540 Tertio,
2514 4470 2803 4526 naturalis
2832 4469 3276 4543 praeparationis
3327 4487 3434 4527 seu
3482 4470 3699 4527 conﬁr-

2045 4560 2323 4616 mationis
2355 4559 2624 4616 inversio.

349 4640 447 4700 λε’.
479 4649 567 4717 Τῷ
608 4646 873 4720 τετάρτῳ,
905 4645 941 4714 ἢ
998 4643 1132 4722 ὅπερ
1191 4643 1440 4708 οὐδόλως
1497 4643 1728 4722 πέφυκεν
1790 4639 1936 4720 ἔχειν

2115 4650 2203 4704 35.
2236 4649 2474 4717 Quarto,
2527 4648 2614 4704 vel
2647 4650 2806 4721 quod
2839 4649 3078 4705 omnino
3111 4666 3227 4706 non
3258 4653 3452 4722 potest
3481 4648 3700 4705 habere

266 4727 342 4784 τὸ
393 4733 565 4806 γενος,
617 4734 691 4796 ὡς
736 4733 966 4810 λέγομεν
1016 4735 1079 4789 τὸ
1132 4736 1225 4808 μὲν
1296 4735 1493 4814 βρέφος
1557 4731 1701 4812 ἔχειν
1745 4733 1933 4804 ἐπιτη-

272 4815 536 4888 δειότητα
631 4825 770 4899 πρὸς
848 4825 912 4879 τὸ
986 4821 1233 4894 δέξασθαι
1329 4826 1428 4894 τὴν
1526 4826 1932 4902 γραμματικήν

270 4906 597 4982 ἐστερῆσθαι
660 4909 717 4966 δὲ
754 4919 853 4981 τῆς
903 4910 1348 4985 ἐπιτηδειότητος
1393 4913 1597 4984 ταύτης
1641 4914 1742 4983 τὴν
1792 4912 1936 4968 πλά-

269 5017 438 5051 τανον
488 4995 572 5051 ὅτι
621 5001 710 5052 καὶ
751 4999 817 5056 τὰ
847 5002 985 5056 ἅπαν
1015 5002 1197 5078 φυτόνο
1245 5001 1282 5072 ἤ
1332 5000 1464 5079 ὅπερ
1511 5003 1576 5058 τὸ
1622 5003 1776 5080 γένος
1842 5003 1938 5075 μὲν

271 5085 512 5163 πέφυκεν
567 5083 737 5163 ἔχειν,
766 5087 819 5144 τὶ
874 5087 932 5144 δὲ
986 5095 1093 5145 τῶν
1157 5088 1312 5146 εἰδῶν
1388 5091 1486 5146 οὐκ
1542 5088 1679 5168 ἔχει·
1742 5092 1816 5154 ὡς
1873 5093 1936 5147 τὸ

275 5178 418 5244 ζῶον
456 5174 550 5248 μὲν
583 5173 699 5251 ἔχει
733 5175 1151 5250 ἐπιτηδειότητα
1193 5185 1291 5236 τοῦ
1346 5181 1497 5257 ὁρᾷν,
1525 5181 1553 5235 ὁ
1602 5178 1649 5235 δ’
1692 5179 1935 5254 ἀσπάλαξ

269 5262 479 5334 ταύτης
512 5263 815 5341 ἐστέρηται.

348 5351 450 5416 λς’.
482 5358 569 5426 Τῷ
616 5353 870 5430 πέμπτῷ,
914 5360 950 5428 ἡ
996 5353 1251 5428 ἀποϐολὴ
1301 5366 1402 5430 τῆς
1450 5361 1568 5416 καθ’
1612 5357 1719 5432 ἓξιν
1781 5359 1933 5416 δυνά-

278 5462 447 5517 μεως.

347 5530 449 5600 λζ’.
481 5535 569 5604 Τῷ
613 5529 756 5607 ἕκτῳ
818 5535 908 5601 καὶ
972 5535 1294 5613 τελευταίῳ,
1356 5546 1456 5608 τῆς
1502 5539 1727 5610 τελικῆς
1789 5541 1936 5618 ἐνερ-

272 5619 425 5701 γείας
457 5623 494 5692 ἡ
527 5620 805 5700 στέρησις.

350 5709 448 5784 λη.
479 5712 692 5790 Κυρίως
753 5711 820 5787 δὴ
877 5719 995 5783 καθ’
1048 5715 1156 5792 ἕξιν
1215 5719 1305 5775 καὶ
1363 5717 1616 5803 στέρησιν
1667 5719 1939 5785 ἀντίθεσις

2044 4740 2550 4812 genus,quomodo
2570 4738 2853 4795 infantem
2877 4739 3115 4812 quidem
3137 4739 3391 4795 dicimus
3414 4737 3702 4811 aptitudi-

2046 4844 2180 4883 nem
2211 4828 2427 4884 habere
2481 4829 2876 4900 grammaticen
2935 4828 3344 4901 suscipiendae,
3395 4826 3702 4900 platanum

2046 4922 2243 4972 autem
2295 4917 2402 4972 hac
2449 4917 2731 4989 aptudine
2778 4918 3074 4989 privatam
3137 4934 3283 4983 ssse,
3334 4916 3471 4987 quia
3524 4915 3702 4972 etiam

2047 5006 2241 5061 omnis
2273 5006 2475 5077 planta
2509 5023 2521 5060 :
2557 5010 2658 5061 aut
2689 5006 2923 5078 quando
2981 5005 3220 5077 quidem
3251 5005 3454 5077 ipsum
3511 5021 3700 5076 genus

2048 5093 2264 5149 habere
2319 5099 2531 5166 potest,
2583 5095 2852 5165 quaedam
2883 5098 3081 5149 autem
3138 5110 3208 5149 ex
3241 5094 3551 5165 speciebus
3583 5109 3701 5148 non

2049 5184 2544 5255 habetzquomodo
2569 5184 2806 5254 quidem
2840 5182 3059 5239 animal
3088 5183 3320 5239 vivendi
3349 5183 3531 5239 habet
3557 5181 3712 5255 apti-

2045 5273 2335 5341 tudinem,
2366 5272 2472 5328 hac
2502 5277 2697 5328 autem
2729 5271 2886 5344 talpa
2915 5273 3139 5344 privata
3168 5276 3278 5328 est.

2119 5363 2210 5418 36.
2262 5359 2476 5428 Quinto
2529 5362 2802 5434 potentia:
2851 5361 3178 5418 secundum
3225 5361 3500 5418 habitum
3531 5359 3708 5416 amis-

2051 5468 2158 5508 810.

2122 5543 2278 5599 246
2323 5543 2411 5596 37.
2465 5540 2637 5598 Sexto
2669 5558 2738 5598 ex
2769 5540 2976 5598 ultimo
3029 5540 3272 5614 perfecti
3318 5546 3485 5596 actus
3514 5538 3706 5612 priva-

2048 5631 2152 5688 tio.

2119 5723 2209 5779 38.
2242 5720 2478 5797 Proprie
2508 5725 2708 5780 autem
2751 5719 3041 5796 oppositio
3076 5735 3206 5794 quae
3255 5719 3582 5778 secundum
3610 5715 3715 5774 ha-
