4126 6454
500 447 617 506 879
1757 449 2180 510 NICEPHORI
2224 449 2664 512 BLEMMIDAB
3764 455 3856 517 880

534 578 688 634 itum
717 582 776 634 et
803 577 1184 650 privationem
1215 581 1388 650 est,in
1420 580 1513 635 his
1534 580 1676 636 solis
1706 580 1992 652 accipitur
2019 597 2134 653 qua

2263 578 2350 635 ἐπὶ
2405 581 2583 653 μόνων
2640 577 2976 656 λαμϐάνεται
3032 587 3141 639 τῶν
3200 585 3338 640 κατά
3388 585 3538 664 φύσιν
3590 586 3853 662 προσόντων

501 667 828 723 secundum
859 672 1132 724 naturam
1163 670 1322 725 omni
1357 670 1568 742 speciei
1598 672 1822 726 insunt.

2254 673 2332 742 τῷ
2364 666 2494 724 εἷ’δει
2523 669 2704 726 παντί.

571 758 662 813 33.
721 757 850 814 Haec
881 761 1078 814 autem
1130 758 1323 815 tribus
1369 759 1530 815 hisce
1566 759 2001 816 characteribus
2041 775 2145 815 seu

502 847 659 903 notis
715 846 1077 919 designatur,
1109 848 1265 919 quod
1305 851 1518 904 natura
1574 849 1788 905 habere
1845 852 2056 920 potest,
2090 853 2147 903 et

503 936 739 1008 quando
762 940 972 992 natura
1001 935 1216 992 habere
1246 941 1455 1008 potest,
1479 942 1536 992 et
1562 937 1662 992 ubi
1693 942 1904 993 natura
1933 937 2147 994 habere

501 1029 714 1097 potest.
748 1025 946 1097 Neque
973 1027 1130 1084 enim
1169 1026 1434 1083 dicemus
1464 1026 1717 1098 lapidem
1749 1043 1878 1082 esse
1905 1043 2143 1094 caecum,

503 1115 982 1187 quandoquidem
1011 1119 1222 1172 natura
1252 1133 1367 1171 non
1396 1115 1610 1171 habere
1649 1119 1838 1187 potest
1884 1115 2076 1171 visum
2129 1133 2143 1184 ;

2327 755 2429 822 λθ’.
2465 758 2612 828 Αὕτη
2667 756 2724 814 δὲ
2773 761 3230 838 χαρακτηρίζεται
3287 768 3404 826 τοῖς
3467 762 3606 840 τρισὶ
3658 763 3855 835 τούτοις,

2255 847 2388 923 ὅπερ
2420 847 2652 926 πέφυκεν
2687 847 2857 924 ἔχειν,
2889 849 2978 904 καὶ
3031 849 3122 906 ὅτε
3164 851 3394 929 πέφυκεν
3439 848 3578 928 ἔχειν
3635 853 3716 908 καὶ
3761 850 3858 917 ἔνθα

2255 935 2484 1014 πέφυκεν
2516 933 2683 1013 ἔχειν.
2718 934 2853 992 Οὔτε
2881 940 2986 1013 γὰρ
3021 939 3081 994 ἂν
3108 941 3199 995 τὸν
3262 938 3417 1006 λίθον
3473 938 3703 1015 εἷ’ποιμεν
3757 941 3859 996 εἶναι

2252 1025 2479 1104 τυφλόν·
2533 1025 2750 1102 ἐπείπερ
2803 1027 2864 1082 οὐ
2910 1027 3141 1106 πέφυκεν
3218 1028 3363 1107 ἔχειν
3419 1028 3615 1106 ὅρασιν·
3663 1025 3771 1086 οὔτε
3814 1030 3862 1084 τὸ

2257 1115 2529 1189 ἀρτιγενές
2577 1111 2774 1194 ϐρέφος
2824 1117 3026 1193 κυρίως
3074 1115 3271 1190 νωδὸν,
3308 1116 3396 1174 διὰ
3440 1120 3501 1173 τὸ
3552 1120 3624 1192 μὴ
3670 1119 3862 1196 πεφυκέὴ

2254 1223 2339 1256 ναι
2369 1204 2504 1258 κατά
2530 1205 2621 1258 τὸν
2655 1205 2839 1279 καιρὸν
2887 1210 3080 1261 τοῦτον
3141 1203 3288 1283 ἔχειν
3347 1205 3588 1271 ὀδόντας·
3645 1205 3756 1264 οὔτε
3800 1227 3864 1268 τις

2258 1291 2477 1367 λέγοιτο
2521 1289 2751 1370 τυφλὸς,
2804 1291 2888 1348 ὅτι
2941 1296 3016 1368 μὴ
3069 1295 3220 1372 ὁρῴη
3269 1300 3348 1369 τῷ
3398 1294 3545 1352 ποδί·
3601 1295 3685 1352 καὶ
3735 1295 3865 1372 γάρὸ

2213 1372 2394 1444 ’ποῦς
2465 1379 2809 1445 ἀνεπίδεκτος
2885 1380 3084 1458 ὅψεως.
3150 1380 3282 1440 Τότε
3351 1389 3636 1463 τοιγαροῦν
3704 1383 3866 1461 κυρίως

2255 1471 2506 1545 στέρησις
2573 1470 2810 1547 λέγεται,
2873 1472 2964 1528 ὅτε
3035 1475 3193 1551 φύσις
3278 1472 3494 1546 δεκτική
3552 1477 3646 1544 τῆς
3715 1471 3865 1544 ἕξεως.

2253 1560 2389 1615 κατά
2415 1561 2505 1615 τὸν
2561 1559 2869 1632 ἐπιτήδειον
2913 1562 3139 1638 χρόνον,
3171 1563 3222 1619 ἐν
3273 1566 3452 1642 μορίῳ
3496 1569 3575 1638 τῷ
3622 1562 3862 1640 πρέποντι,

2251 1656 2353 1719 τῆς
2395 1647 2556 1720 ἕξεως
2608 1650 2813 1723 ταύτης
2881 1650 3182 1726 ἐπέρηται·
3231 1654 3307 1716 ὡς
3359 1653 3387 1709 ὁ
3429 1653 3487 1710 έκ
3541 1659 3746 1731 γενετῆς
3790 1672 3862 1707 τυ-

2254 1736 2392 1816 φλὸς
2423 1734 2459 1808 ἤ
2485 1740 2513 1794 ὁ
2545 1737 2634 1794 διά
2661 1761 2712 1795 τι
2744 1741 2915 1805 πάθος
2950 1741 3186 1805 ὑποστὰς
3215 1737 3482 1818 ἀϐλεψίαν
3509 1741 3732 1799 ἀνίατον.

501 1221 689 1277 neque
715 1222 916 1262 recens
946 1209 1152 1261 natum
1182 1204 1486 1275 infantem,
1518 1203 1750 1277 proprie
1780 1204 2142 1272 edentulum,

500 1299 807 1368 propterea
837 1295 991 1367 quod
1034 1294 1144 1350 hoc
1201 1298 1457 1364 tempore
1515 1311 1629 1349 non
1689 1298 1880 1366 potest
1935 1298 2147 1349 natura

497 1385 714 1442 habere
745 1386 949 1441 dentes
979 1402 994 1454 ;
1040 1399 1228 1455 neque
1256 1384 1481 1439 dicetur
1509 1381 1724 1454 aliquis
1754 1399 1960 1450 caecus,
1989 1383 2144 1454 quod

496 1475 641 1546 pede
661 1491 776 1530 non
802 1475 994 1530 videat
1018 1490 1030 1528 :
1055 1473 1270 1546 quippe
1289 1488 1393 1545 pes
1422 1471 1662 1528 visionis
1691 1489 1872 1545 capax
1893 1489 2008 1528 non
2034 1476 2142 1528 est.

495 1565 662 1621 Tunc
691 1564 870 1636 igitur
913 1562 1158 1636 privatio
1187 1562 1420 1634 proprie
1471 1561 1705 1629 dicitur,
1757 1578 1890 1617 cum
1936 1566 2148 1616 natura

495 1670 624 1726 quae
655 1653 893 1708 habitus
933 1655 1022 1708 est
1051 1668 1233 1724 capax
1260 1655 1522 1723 tempore
1569 1650 1799 1721 idoneo,
1846 1650 1906 1705 in
1937 1665 2144 1705 conve-

495 1742 692 1798 niente
721 1746 887 1813 parte
914 1757 1018 1797 seu
1049 1741 1336 1808 membro,
1368 1739 1576 1795 habitu
1607 1739 1719 1794 isto
1751 1739 1978 1810 privata
2006 1743 2096 1795 est
2128 1755 2141 1794 :

494 1836 562 1888 ut
590 1831 690 1905 qui
723 1847 793 1886 ex
823 1830 1122 1886 nativitate
1152 1846 1340 1888 caecus
1372 1833 1480 1896 est,
1504 1827 1592 1884 vel
1620 1827 1721 1900 qui
1754 1827 2144 1884 incurabilem

494 1920 813 1977 caecitatem
843 1937 913 1976 ex
943 1919 1142 1992 aliqua
1170 1917 1444 1992 passione
1474 1916 1677 1974 subiit.

564 2011 653 2066 40.
686 2015 754 2067 Et
781 2010 904 2068 haec
955 1981 1204 2083 privatio
1234 2008 1422 2082 ipsius
1475 2006 1808 2081 potentialis
1855 2011 1964 2064 est.
2019 2008 2134 2064 Nisi

2328 2008 2402 2079 μ’.
2434 2005 2583 2078 Αὕτη
2618 2005 2676 2063 δὲ
2723 2009 2758 2078 ἡ
2801 2007 3056 2084 στέρησις
3100 2008 3191 2065 καὶ
3244 2015 3344 2066 τοῦ
3394 2008 3611 2085 δυνάμει
3649 2007 3792 2064 ἐστίν.
3818 2003 3868 2061 Εἰ

493 2101 650 2158 enim
679 2100 868 2174 ipsius
899 2098 1234 2172 potentialis
1263 2101 1439 2164 esset,
1497 2095 1811 2168 aliquando
1850 2096 1910 2152 in
1942 2100 2134 2153 actum

2249 2095 2353 2172 γὰρ
2413 2095 2513 2152 οὐκ
2569 2097 2636 2166 ἦν
2689 2101 2787 2152 τοῦ
2827 2095 3072 2173 δυνάμει,
3119 2096 3276 2176 ἤγετ’
3320 2100 3380 2158 ἂν
3435 2101 3510 2164 εἷς
3558 2101 3618 2156 τὸ
3666 2095 3870 2174 ἐνεργείᾳ

491 2191 929 2263 produceretur.

2249 2184 2403 2242 ποτέ.

561 2279 650 2335 41.
683 2278 1000 2351 Nunquam
1030 2280 1227 2334 autem
1257 2275 1399 2332 mali
1429 2279 1486 2331 et
1517 2275 1848 2347 perniciosi,
1869 2276 1969 2332 sed
2001 2274 2140 2332 boni

489 2373 546 2426 et
576 2367 738 2425 utilis
770 2367 1016 2441 privatio
1049 2366 1283 2422 dicitur.

560 2477 712 2533 247
760 2476 848 2530 42.
905 2473 1040 2530 Jam
1097 2490 1231 2528 vero
1287 2472 1464 2528 etiam
1524 2489 1640 2527 non
1695 2473 1767 2526 ad
1820 2471 2136 2528 dictionem

489 2565 872 2638 respicientes
885 2563 1154 2635 judicare
1175 2560 1563 2634 privationem
1597 2564 1841 2633 oportet.
1858 2561 2134 2625 Quaedam

489 2655 644 2712 enim
678 2659 734 2710 et
764 2669 977 2710 nomen
1008 2656 1066 2708 et
1096 2667 1220 2707 rem
1266 2649 1609 2723 privativam
1640 2649 1892 2718 habent;
1929 2668 2134 2721 quem-

489 2744 808 2800 admodum
861 2740 924 2795 τὸ
979 2738 1294 2809 ἀναίσθητος
1344 2738 1509 2810 quasi
1561 2738 1740 2806 dicas,
1774 2737 2134 2810 insensatus,

490 2850 626 2890 cum
671 2833 743 2888 de
790 2831 1172 2905 apoplectico,
1220 2830 1330 2884 hoc
1374 2835 1485 2898 est,
1539 2827 1796 2883 resoluto
1853 2827 2135 2885 membris

489 2921 724 2978 dicitur.
757 2920 1034 2985 Quaedam
1059 2934 1192 2974 vero
1225 2932 1438 2972 nomen
1461 2915 1699 2988 quidem
1735 2915 2130 2988 primativum,

488 3026 613 3068 rem
645 3015 842 3067 autem
872 3023 1243 3081 nequaquam
1266 3004 1684 3077 (primativam)
1716 3003 2026 3070 habent,ut
2050 3006 2132 3060 in-

489 3115 834 3174 corporeum
881 3101 939 3153 et
985 3093 1333 3152 immortale.
1383 3093 1659 3158 Quaedam
1716 3093 1970 3165 denique
2010 3109 2135 3150 rem

2323 2275 2430 2348 μα’.
2481 2273 2554 2329 Οὐ
2606 2273 2823 2350 λέγεται
2883 2273 2941 2331 δέ
2998 2298 3132 2332 ποτε
3186 2279 3439 2355 στέρησις
3487 2283 3581 2334 τοῦ
3626 2278 3778 2333 κακοῦ
3819 2293 3865 2328 τε

2245 2365 2335 2419 καὶ
2373 2358 2667 2441 βλαϐεροῦ,
2697 2362 2844 2419 ἀλλά
2871 2370 2968 2420 τοῦ
2996 2365 3204 2442 ἀγαθοῦ
3233 2367 3324 2423 καὶ
3355 2368 3653 2445 χρησίμου.

2321 2471 2432 2545 μβ·
2464 2472 2580 2548 Χρὴ
2633 2468 2690 2526 δὲ
2742 2473 2816 2545 μὴ
2861 2472 2999 2549 πρὸς
3047 2474 3144 2542 τήν
3197 2472 3343 2546 λέξιν
3397 2476 3721 2554 ἀφορῶντας,
3764 2467 3862 2546 κρί-

2245 2581 2348 2614 νειν
2379 2561 2478 2629 τήν
2507 2561 2775 2636 στέρησιν.
2809 2561 2939 2616 Τινά
2981 2563 3076 2636 μὲν
3126 2561 3231 2639 γὰρ
3275 2564 3367 2619 καὶ
3416 2560 3652 2632 τοῦνομα
3691 2558 3771 2615 καὶ
3810 2555 3859 2609 τὸ

2244 2655 2468 2725 πρᾶγμα
2510 2651 2825 2724 στερητικὸν
2888 2646 3031 2728 ἔχει’
3083 2651 3263 2728 ὥσπερ
3309 2655 3375 2709 τὸ
3425 2651 3738 2724 ἀναίσθητος
3790 2643 3859 2700 ἒπῖ

2242 2742 2340 2793 τοῦ
2399 2737 2758 2809 ἀποπληκτου
2816 2737 3136 2814 λεγόμενον.
3180 2743 3309 2796 Τινά
3367 2739 3426 2798 δὲ
3470 2742 3532 2797 τὸ
3583 2741 3671 2814 μὲν
3717 2731 3861 2807 ὄνομα

2244 2827 2556 2903 στερητικὸν
2633 2825 2772 2902 ἔχει,
2833 2828 2894 2882 τὸ
2964 2835 3194 2906 πρᾶγμα
3255 2827 3314 2885 δὲ
3365 2829 3639 2904 οὐδαμῶς’
3699 2826 3765 2887 ὡς
3810 2819 3860 2876 τὸ

2245 2916 2532 2989 ἀσώματον
2592 2915 2682 2971 καὶ
2765 2915 3046 2974 ἀθάνατον.
3103 2917 3235 2974 Τινά
3291 2916 3353 2974 δὲ
3407 2920 3472 2975 τὸ
3521 2922 3734 2994 πρᾶγμα
3784 2911 3859 2985 μὶν

2245 3000 2361 3080 ἔχει
2409 3006 2747 3080 στερητικὸν,
2798 3005 2861 3060 οὐ
2915 3007 3022 3079 μὴν
3061 3004 3171 3078 ἤδη
3231 3007 3321 3063 καὶ
3369 3004 3627 3081 τοῦνομω
3677 3005 3743 3065 ὡς
3789 3021 3863 3053 τυ·

2244 3092 2380 3172 φλὸς
2423 3094 2513 3149 καὶ
2562 3095 2767 3173 κωφός.
2817 3099 2994 3151 Ταῦτα
3040 3096 3165 3172 περὶ
3213 3094 3378 3168 ἕξεως
3432 3097 3521 3153 καὶ
3578 3095 3863 3171 στερήσεως-

487 3191 727 3263 quidem
758 3188 977 3244 habent
1007 3183 1372 3259 privativam,
1404 3199 1521 3238 non
1552 3186 1749 3238 autem
1780 3183 1958 3239 etiam
1994 3200 2228 3255 nomen,
2292 3189 2357 3241 ut
2411 3202 2599 3242 caecus
2656 3190 2715 3242 et
2772 3191 2996 3243 mutus.
3059 3185 3191 3243 Haec
3248 3189 3323 3244 de
3365 3189 3570 3246 habitu
3599 3190 3655 3243 et
3705 3179 3865 3256 prive-

489 3282 670 3338 tione.

559 3369 654 3426 43.
698 3367 984 3424 Caeterum
1032 3363 1345 3419 afﬁrmatio
1393 3366 1452 3418 et
1492 3360 1722 3434 negatio
1768 3361 2034 3432 ejusdem
2082 3365 2140 3418 et
2169 3369 2212 3434 (ς

487 3458 672 3516 unius
701 3456 783 3513 rei
813 3452 1335 3512 contradictionem
1367 3449 1697 3508 absolvunt.
1742 3450 2135 3507 Contradictio

490 3551 688 3606 autem
719 3549 810 3602 est
839 3543 1110 3617 Opposita
1139 3539 1337 3597 dictio.

553 3636 642 3692 44.
676 3632 1004 3690 Affirmatio
1034 3630 1276 3704 proinde
1305 3630 1543 3702 quidem
1591 3632 1681 3684 est
1727 3628 1939 3692 dicere,
1989 3628 2132 3700 quid

479 3726 626 3783 insit
653 3723 850 3788 alicui,
879 3721 1040 3778 velut
1086 3721 1260 3776 Petus
1289 3718 1553 3775 ambulat
1601 3735 1614 3774 :
1667 3718 1777 3774 hoc
1824 3722 1933 3786 est,
1967 3719 2133 3774 Petro

481 3815 786 3872 ambulare
815 3813 988 3868 inest.
1020 3810 1262 3883 Negatio
1291 3814 1487 3864 autem
1519 3811 1607 3863 est
1637 3807 1828 3863 dicere
1859 3808 1998 3878 quid
2033 3807 2134 3864 ali-

479 3904 575 3961 cui
605 3920 722 3960 non
768 3901 930 3971 insit,
960 3900 1050 3956 vel
1080 3900 1286 3956 Petrus
1319 3915 1434 3954 non
1484 3897 1749 3954 ambulat
1781 3915 1794 3965 ;
1855 3897 1965 3953 hoc
2018 3902 2129 3965 est,

480 3996 646 4050 Petro
677 3991 980 4048 ambulare
1009 4005 1128 4044 non
1159 3989 1330 4044 inest.

550 4085 641 4139 45.
671 4079 1000 4138 Afﬁrmatio
1030 4078 1212 4152 igitur
1239 4082 1297 4134 et
1334 4077 1566 4150 negatio
1597 4075 1914 4132 falsitatem
1945 4080 2002 4132 et
2030 4093 2132 4132 ve-

476 4174 710 4230 ritatem
738 4170 993 4226 dividere
1022 4170 1289 4240 possunt.

545 4279 638 4336 46.
668 4277 850 4333 Aliter
877 4291 1011 4332 vero
1057 4274 1328 4346 opposita
1363 4273 1474 4328 hoc
1517 4289 1632 4328 non
1677 4275 1946 4344 possunt.
1998 4273 2127 4328 Ete-

475 4367 635 4425 enim
662 4383 835 4422 voces
865 4362 1168 4436 simplices
1203 4365 1344 4418 sunt
1374 4366 1432 4418 et
1461 4377 1651 4432 neque
1698 4377 1899 4416 verum
1938 4377 2126 4432 neque

472 4456 692 4514 falsum
728 4455 931 4511 dicunt
987 4469 1122 4508 cum
1151 4449 1419 4507 videlicet
1447 4466 1549 4521 per
1605 4465 1666 4505 se
1698 4449 2076 4521 proferuntur
2109 4466 2121 4503 :

2325 3362 2430 3437 μγ’.
2465 3362 2768 3440 Κατάφασις
2826 3360 2884 3418 δὲ
2935 3362 3025 3418 καὶ
3082 3363 3356 3443 ἀπόφασις
3413 3370 3510 3422 τοῦ
3583 3362 3736 3420 αὐτοῦ
3794 3350 3864 3443 κᾷῖ

2247 3450 2362 3512 ἑνὸς
2428 3453 2747 3528 πράγματος
2809 3452 3159 3528 ἀπαρτίζουσι
3208 3442 3315 3524 τήν
3380 3455 3672 3534 ἀντίφασιν.
3722 3442 3862 3503 Ἀπί·

2245 3559 2404 3617 φασις
2434 3537 2491 3594 δέ
2521 3540 2662 3596 ἐστιν
2693 3543 2728 3610 ἡ
2763 3541 3108 3616 ἀντικειμένη
3144 3542 3327 3620 φάσις.

2319 3625 2422 3700 μδ’.
2481 3630 2784 3707 Κατάφασις
2871 3630 2965 3703 μὲν
3024 3627 3115 3685 οῦν
3171 3630 3282 3686 ἐστι
3341 3633 3406 3688 τὸ
3474 3631 3639 3687 εἴπεῖν
3689 3623 3738 3681 τί
3778 3638 3863 3676 τινι

2245 3715 2498 3792 ὑπάρχει’
2534 3718 2672 3790 οἷον,
2706 3717 2910 3794 Πέτρος
2938 3725 3244 3793 περιπατεῖ·
3304 3718 3479 3798 ἤγουν
3534 3719 3757 3795 ὑπάρχει
3801 3709 3864 3798 τῖιξ

2243 3804 2433 3879 Πέτρῳ
2487 3805 2550 3858 τὸ
2607 3811 2944 3881 περιπατεῖν.
3005 3807 3310 3886 Ἀπόιρασις
3361 3791 3431 3866 ’δὲ
3485 3810 3550 3865 τὸ
3625 3791 3778 3861 εἷ’πεῖν
3824 3791 3865 3846 τί

2238 3913 2346 3946 τινι
2397 3892 2505 3968 οὐχ
2553 3893 2808 3970 ὑπάρχει·
2861 3896 2998 3968 οἷον,
3030 3894 3235 3973 Πέτρος
3290 3898 3357 3954 οὐ
3401 3898 3700 3976 περιπατεῖ·
3729 3886 3864 3963 ἤγουν

2238 3987 2317 4053 τῷ
2347 3982 2537 4057 Πέτρῳ
2566 3981 2672 4059 οὐχ
2703 3984 2940 4060 ὑπάρχει
2961 3985 3025 4040 τὸ
3054 3993 3399 4063 περιπατεῖν.

2314 4073 2414 4144 με’.
2474 4071 2778 4150 Κνατάφασις
2837 4074 2983 4148 (μὲν)
3042 4072 3133 4129 οὖν
3193 4076 3285 4130 καὶ
3349 4077 3619 4156 ἀπόφασις
3673 4066 3861 4141 διαιρεῖν

2239 4157 2459 4216 δύναται
2485 4161 2548 4216 τὸ
2580 4160 2778 4237 ψεῦδος
2807 4162 2897 4218 καὶ
2926 4164 3026 4233 τὴν
3061 4162 3347 4235 ἀλήθειαν.

2313 4269 2419 4342 μέ.
2450 4269 2525 4323 Τά
2573 4265 2618 4323 δ’
2669 4265 2855 4332 ἄλλως
2916 4270 3255 4345 ἀντικείμενα
3310 4277 3479 4329 τοῦτο
3539 4271 3599 4326 οὗ
3657 4265 3858 4345 δύναται.

2237 4357 2424 4412 Φωναὶ
2473 4357 2577 4434 γάρ
2627 4357 2758 4413 εἰσιν
2811 4357 3006 4431 ἁπλαῖ,
3037 4358 3127 4415 καί
3182 4357 3309 4416 οὔτε
3352 4360 3729 4432 ἀληθεύουσιν,
3766 4344 3863 4404 οὗτε

2233 4443 2546 4519 ψεύδονται,
2604 4449 2725 4502 καθ’
2790 4447 2926 4502 αὑτά
3001 4445 3218 4519 δηλαδὴ
3299 4439 3863 4529 προφερόμεναρξΐυμ·

475 4546 789 4617 conjuncta
839 4546 1036 4598 tamen
1082 4544 1147 4596 ut
1199 4538 1621 4596 affirmationes
1676 4543 1733 4594 et
1786 4539 2124 4610 negationes

2247 4533 2508 4590 πλακέντα
2572 4533 2629 4590 δὲ
2673 4533 2892 4591 δύναταί
2971 4559 3125 4608 ποτε,
3181 4539 3316 4595 καθὸ
3345 4525 3694 4618 Ἵκάτάφάσεις
3727 4525 3860 4584 ’διαν

467 4615 717 4706 possunt
743 4633 1047 4688 veritatem
1079 4629 1234 4686 248
1292 4633 1351 4684 et
1407 4627 1722 4684 falsitatem
1773 4627 2030 4682 dividere
2059 4627 2120 4682 in

2247 4631 2392 4694 >ῆσαι
2423 4626 2522 4694 τὴν
2557 4624 2814 4697 ἀληθειαν
2845 4625 2935 4680 καὶ
2967 4627 3032 4681 τὸ
3079 4625 3276 4702 ψεῦδος
3338 4628 3428 4684 ἐπί
3483 4615 3644 4685 τινων
3699 4615 3861 4675 ὅντων·

466 4722 769 4795 aliquibus
801 4737 929 4792 quin
951 4723 1089 4776 sunt
1114 4744 1128 4786 ;
1157 4719 1219 4774 in
1249 4718 1324 4773 iis
1354 4734 1482 4789 quaa
1515 4733 1630 4772 non
1662 4721 1820 4788 sunt,
1873 4715 2120 4772 minime

2247 4714 2318 4768 ἐπὶ
2356 4715 2430 4787 μή
2465 4709 2633 4769 ὄντων
2669 4711 2728 4768 δὲ
2777 4712 3057 4788 οὐδαμῶς,
3092 4719 3217 4771 Οἶον
3281 4719 3590 4795 Σωκράτης
3647 4702 3857 4788 ὑγιαίνειν

465 4813 781 4885 (possunt).
843 4809 1009 4866 Velut
1040 4810 1308 4865 Socrates
1354 4805 1524 4874 valet,
1555 4806 1822 4862 Socrates
1853 4809 2112 4877 aegrotat.

2247 4803 2529 4879 Σωκράτης
2588 4809 2756 4860 νοσεῖ.
2817 4805 3004 4866 Ὅντος
3065 4807 3162 4878 μὲν
3214 4807 3320 4884 γὰρ
3389 4812 3490 4863 τοῦ
3549 4797 3859 4885 Σωκράτους,

462 4876 694 4957 Etenim
723 4876 1019 4971 siquidem
1051 4897 1130 4952 sit
1181 4900 1434 4965 Socates,
1477 4911 1662 4950 unum
1691 4876 1927 4961 verum,
1972 4893 2117 4948 alte-

2247 4876 2371 4947 ἷσται
2400 4892 2463 4948 τὸ
2499 4893 2592 4966 μὲν
2620 4891 2823 4963 ἀληθὲς
2856 4893 2917 4948 τὸ
2949 4890 3008 4947 δὲ
3035 4876 3255 4966 ψεῦδος·
3291 4876 3394 4969 ’μή
3455 4890 3613 4953 ὄντος
3675 4880 3748 4971 δὲ’
3774 4876 3859 4971 ἅθ’

463 5007 598 5046 rum
630 4988 843 5045 falsum
874 4987 984 5044 erit
1039 5003 1052 5042 :
1112 4986 1204 5042 sin
1259 4989 1456 5041 autem
1486 5000 1602 5039 non
1633 4983 1730 5054 sit,
1764 4983 1936 5039 ambo
1969 4981 2116 5038 falsa

2247 4981 2425 5058 ρότερα
2479 4960 2674 5056 ψευδῆ·
2717 4960 2806 5056 -μή
2850 4978 2923 5037 ὢν
2972 4960 3076 5057 γὰρ
3111 4984 3139 5038 ὁ
3172 4960 3500 5059 Σωκράτης,
3552 4973 3663 5042 οὔθ’
3705 4960 3858 5044 ’ὑγιαί-

464 5083 608 5136 sunt
633 5096 648 5147 ;
681 5079 733 5134 si
764 5077 920 5135 enim
949 5093 1065 5133 non
1097 5075 1177 5132 sit
1205 5074 1491 5145 Socrates,
1516 5089 1706 5146 neque
1729 5071 1900 5142 valet,
1926 5088 2116 5144 neque

2247 5091 2299 5125 νει
2331 5067 2454 5126 οὔτε
2481 5076 2656 5128 νοσεῖ.

466 5171 726 5242 aegrotat.

536 5259 626 5313 47.
684 5258 756 5313 Et
785 5256 869 5312 ita
909 5255 1145 5327 quidem
1201 5252 1493 5326 ejusmodi
1550 5250 1838 5325 opposita,
1894 5251 1944 5308 si
1975 5267 2113 5308 cum

466 5344 866 5417 complexione
908 5345 1309 5415 proferuntur,
1360 5358 1466 5398 nec
1512 5340 1688 5396 etiam
1729 5340 1789 5394 in
1837 5339 2112 5395 omnibus

466 5451 591 5506 quae
623 5439 762 5490 sunt
789 5433 1089 5489 veritatem
1125 5437 1182 5488 et
1211 5431 1524 5488 falsitatem
1560 5446 1791 5502 semper
1821 5429 2107 5484 dividunt.

461 5523 660 5594 Neque
709 5522 866 5579 enim
923 5524 1122 5578 anima
1185 5522 1386 5578 dextra
1442 5524 1544 5575 aut
1598 5519 1839 5574 sinistra
1885 5518 2112 5574 dicetur

462 5627 772 5684 unquam:
807 5626 994 5681 neque
1051 5626 1194 5682 puer
1250 5625 1452 5665 recens
1509 5607 1764 5680 genitus,
1795 5607 2109 5663 edentulus

462 5703 562 5755 aut
585 5701 790 5757 dentes
820 5699 1044 5756 habens
1075 5718 1089 5754 :
1123 5715 1311 5770 neque
1351 5715 1448 5754 aer
1477 5698 1644 5770 niger
1673 5700 1776 5752 aut
1808 5695 1997 5752 albus.

531 5789 618 5846 48.
660 5794 736 5847 At
767 5787 1081 5847 afﬁrmatio
1109 5795 1168 5846 et
1196 5787 1427 5861 negatio
1452 5786 1510 5842 in
1543 5784 1818 5842 omnibus
1841 5801 1976 5842 cum
2005 5801 2106 5841 en-

2298 5252 2401 5323 μζ’·
2429 5249 2528 5304 Καὶ
2563 5247 2707 5304 οὕτω
2736 5245 2795 5303 δὲ
2831 5269 2966 5323 μετα
2997 5248 3328 5324 συμπλοκῆς
3384 5247 3455 5304 τὰ
3508 5246 3725 5302 τοιαῦτα
3767 5231 3858 5324 τῷν

2221 5339 2607 5412 ἀντικειμένων
2694 5338 3099 5416 προφερόμενα,
3163 5336 3278 5394 οὐδ’
3341 5337 3431 5394 ἐπὶ
3513 5329 3719 5415 πάντων.
3770 5320 3857 5376 τῶν

2221 5424 2542 5499 ὄντων,τήν
2595 5424 2854 5498 ἀλήθειαν
2911 5427 3001 5482 καὶ
3058 5429 3120 5483 τὸ
3179 5424 3380 5503 ψεῦδος
3439 5417 3856 5503 διαχωρίζουσιγ·

2219 5516 2356 5573 Οὐδὲ
2386 5495 2581 5594 γᾶρυν
2615 5519 2650 5587 ἡ
2684 5495 2838 5593 ψυχὴ
2899 5515 3044 5588 δεξιά
3073 5515 3111 5586 ἤ
3143 5495 3406 5593 ἀριστερά
3452 5495 3680 5591 λεχθείη
3712 5495 3859 5599 ..ποτέ-

2219 5605 2344 5662 οὕδὲ
2417 5607 2480 5661 τὸ
2557 5606 2943 5681 ἀρτιγέννητον
3023 5601 3267 5679 παιδίον,
3328 5604 3366 5675 ἤ
3438 5599 3657 5662 ὀδόντας
3712 5589 3856 5667 ’ἕχον

2217 5694 2343 5754 οὐδὲ
2386 5695 2555 5770 μέλας
2587 5692 2623 5765 ἤ
2657 5693 2853 5758 λευκὸς
2885 5696 2913 5749 ὁ
2944 5695 3075 5772 ἀήρ.
3509 5762 3512 5767 ἡ
3578 5765 3582 5772 δ

2291 5767 2402 5862 μη’.
2435 5787 2497 5840 Ἣ
2529 5782 2587 5840 δὲ
2645 5785 2943 5866 κατάφασις
3000 5767 3091 5841 καὶ
3139 5786 3221 5861 (ἡ)
3283 5778 3555 5863 ἀπόφασις
3578 5767 3686 5835 ’ἐπὶ
3738 5767 3853 5824 ⁸ἐπεάν-
