4126 6454
1719 441 2073 504 EPITOME
2116 439 2425 504 LOGICA.
3657 438 3777 502 886

1624 594 1968 652 SYNOPSIS
2006 594 2280 651 CAPlTlS
2318 592 2505 649 XXVI.

1555 690 1711 747 QUOD
1751 700 1853 740 ns'r
1890 700 1964 739 ne
1999 701 2222 740 nomne
2258 700 2326 739 ET
2361 699 2566 739 vnnao.

354 809 633 866 1.Nomen
661 807 866 882 deﬁnit.
899 838 971 850 -—
1012 809 1069 864 2.
1104 808 1351 882 Verbum
1394 809 1549 864 item.
1581 838 1660 882 -_-»
1678 808 1732 864 3.
1779 808 2138 882 Deﬁnitiones
2166 807 2426 882 explicat,
2457 810 2512 863 et
2556 808 2738 882 primo
2767 807 3002 863 ostendit
3041 823 3244 865 nomen
3288 812 3340 866 et
3392 810 3619 867 verbum
3664 826 3779 869 esse

418 896 574 938 voces
601 881 954 937 articulatas.
986 912 1054 922 —
1112 881 1167 935 4.
1199 881 1484 937 Rationem
1530 879 1728 945 reddit,
1758 879 1863 935 cur
1885 882 2128 936 humana
2174 880 2439 936 dialectus
2482 896 2576 934 seu
2624 880 2874 944 elocutio,
2926 896 3034 936 vos:
3083 881 3393 937 articulata
3440 883 3676 939 dicatur.
3708 913 3780 925 -—-

420 955 476 1008 5.
506 952 719 1008 Deinde
762 951 996 1025 ostendit
1021 953 1249 1007 nomina
1295 957 1347 1007 et
1372 951 1542 1008 verba
1569 967 1683 1007 esse
1732 968 1887 1025 voces
1910 954 2327 1024 signiﬁcativas.
2358 981 2428 994 —-
2480 953 2534 1005 6.
2570 952 2933 1025 Tertio,esse
2977 950 3112 1005 κατά
3160 953 3457 1025 συνθήκην,
3488 954 3546 1009 id
3591 958 3669 1010 est
3710 972 3781 1011 ea:

422 1025 695 1080 instituto.
728 1054 798 1064 —-
825 1024 879 1079 7.
912 1026 977 1080 Et
1000 1025 1239 1094 proinde
1264 1039 1375 1079 non
1403 1028 1627 1079 natura.
1662 1054 1730 1064 —
1769 1024 1823 1079 8.
1856 1023 2165 1095 Occupatio,
2198 1040 2370 1095 quare
2398 1040 2522 1078 cum
2550 1039 2704 1079 voces
2749 1024 2864 1095 sint
2890 1031 3113 1095 natura,
3146 1041 3259 1079 non
3288 1028 3422 1079 item
3443 1023 3699 1081 'nomina
3727 1030 3780 1083 et

419 1096 609 1152 verba.
642 1126 712 1136 -—
742 1095 897 1153 258
927 1096 980 1150 9.
1001 1092 1304 1151 Concludit
1340 1097 1576 1151 nomina
1604 1102 1657 1149 et
1682 1096 1845 1150 verba
1874 1092 2018 1151 esse"

2198 1092 2496 1163 συνθήκην,
2527 1094 2586 1149 id
2615 1102 2710 1163 est,
2742 1094 2877 1146 κατά
2926 1092 3090 1161 θέσιν,
3119 1096 3216 1151 hoc
3243 1105 3344 1166 est,
3374 1114 3450 1153 ea:
3497 1099 3776 1161 instituto.

419 1175 475 1223 et
502 1167 681 1240 simul
709 1166 939 1240 modum
968 1168 1195 1238 excipit,
1227 1182 1338 1240 quo
1362 1171 1570 1222 natura
1597 1166 1713 1221 dici
1740 1169 1971 1240 possint.
2006 1199 2072 1209 —
2105 1168 2190 1240 10.
2222 1168 2406 1240 Alium
2442 1168 2570 1221 item
2598 1165 2819 1221 modum
2849 1167 3089 1240 indicat,
3117 1183 3221 1237 quo
3251 1165 3367 1223 dici
3409 1171 3618 1240 possint
3640 1169 3777 1222 κατά

420 1238 808 1311 συνθήκην,βά
850 1247 952 1303 est,
985 1254 1055 1294 ex
1103 1238 1512 1311 compositione,
1542 1242 1681 1307 puta
1720 1238 2070 1311 syllabarum
2097 1239 2172 1293 ad
2199 1238 2573 1311 differentiam
2599 1253 2793 1292 vocum
2825 1238 3337 1311 inarticulatarum.
3368 1238 3437 1280 —'
3468 1240 3559 1296 11.
3599 1240 3702 1296 Sed
3730 1244 3782 1296 et

419 1311 586 1381 hujus
602 1308 766 1385 modi
814 1311 995 1385 alium
1021 1308 1243 1385 sensum
1288 1308 1525 1385 profert,
1555 1323 1659 1380 quo
1684 1308 1818 1362 κατὰ
1858 1310 2155 1385 συνθήκην,
2182 1308 2365 1385 idest,
2397 1326 2467 1365 ex
2494 1311 2880 1385 compositione
2912 1309 3028 1385 dici
3050 1314 3296 1385 possint.
3331 1342 3399 1385 —_
3446 1312 3533 1365 12.
3568 1312 3781 1381 Quarto

418 1382 659 1465 ostendit
683 1383 972 1466 nominum
1000 1386 1053 1466 et
1079 1381 1373 1465 verborum
1388 1381 1589 1464 partes
1619 1383 1921 1466 separatim
1965 1382 2117 1437 nihil
2145 1383 2481 1465 signiﬁcare,
2513 1397 2625 1436 non
2651 1384 2868 1466 tantum
2893 1382 3257 1466 simplicium,
3287 1382 3379 1466 sed
3408 1385 3580 1466 etiam
3629 1399 3781 1466 com_-

417 1455 744 1526 positorum.
776 1484 845 1493 —
872 1453 959 1509 13.
996 1454 1231 1526 Quinto,
1260 1454 1448 1508 omnia
1476 1453 1697 1526 nomini
1722 1455 1773 1507 et
1790 1454 1959 1526 verbo
1988 1455 2303 1509 communia
2332 1470 2466 1520 esse,
2497 1454 3042 1526 exceptisspeciﬁcis
3069 1453 3417 1525 diﬂ‘erentiis,
3433 1456 3573 1525 quod
3599 1457 3782 1511 nomi-

419 1524 497 1580 na
520 1527 633 1580 sint
660 1526 783 1597 sine
812 1525 1285 1597 tempore,_verba
1311 1528 1529 1597 tempus
1562 1524 1981 1597 adsigniﬁcent.
2014 1555 2083 1564 —-
2131 1526 2218 1579 14.
2252 1526 2507 1597 Explicat
2554 1524 2689 1594 quid
2717 1525 2789 1578 sit
2818 1526 2938 1579 sine
2966 1524 3205 1595 tempore
3234 1527 3295 1580 in
3323 1524 3642 1595 deﬁnitione
3681 1542 3783 1582 no-

421 1598 615 1672 minis,
647 1595 943 1672 quiditem
975 1595 1387 1672 inqde/lnitione
1416 1596 1568 1672 verbi
1591 1595 1986 1672 adsigniﬁcare
2013 1595 2435 1672 tempus—{15.
2470 1598 2669 1651 Atiam
2687 1597 2862 1672 etiam
2891 1598 3183 1672 nominum
3213 1601 3265 1672 et
3294 1600 3585 1653 verborum
3612 1598 3780 1672 difee

421 1666 671 1742 nentiam
693 1669 757 1723 in
775 1666 882 1742 _hoc
909 1668 1212 1738 constituit,
1244 1671 1384 1742 quod
1412 1667 1604 1742 illaut
1636 1666 1759 1742 haec
1786 1670 2062 1724 actionem
2090 1666 2143 1742 et
2170 1670 2477 1742 passionem
2505 1683 2617 1742 non
2645 1668 3049 1742 signiﬁcent—1
3083 1670 3168 1723 16.
3200 1668 3439 1742 {innatat
3465 1686 3587 1742 qua
3615 1666 3779 1741 apud

422 1739 732 1796 dialecticos
760 1740 823 1793 in
867 1742 1105 1795 nomina
1131 1747 1185 1795 et
1211 1737 1375 1794 verba
1419 1737 1767 1810 dividantur,
1799 1743 1853 1794 et
1895 1739 2156 1810 quomodo
2183 1741 2402 1810 reliqua
2451 1740 2643 1795 omnia
2672 1740 2941 1794 orationis
2964 1740 3167 1795 saltem
3198 1737 3502 1808 ligamenta
3540 1737 3674 1797 sint.
3707 1772 3779 1782 —

427 1812 515 1865 17.
549 1810 845 1883 occupatio
872 1827 983 1883 qua
1008 1811 1338 1883 explicatur,
1370 1809 1678 1883 quidinter
1704 1809 2000 1867 dictionem
2026 1815 2082 1867 et
2107 1809 2411 1867 orationem
2441 1810 2902 1883 sit_discriminis.
2935 1842 3004 1851 —
3024 1812 3129 1883 18.
3165 1810 3408 1867 Ostendit
3455 1813 3778 1869 nominibus

429 1885 481 1938 et
508 1881 808 1955 verbis—per
832 1881 893 1938 se
917 1882 1147 1954 prolatis
1172 1881 1459 1939 veritatem
1492 1888 1544 1935 et
1571 1881 1876 1950 falsitatem
1902 1899 2016 1938 non
2048 1884 2246 1938 inesse.
2279 1914 2348 1923 --
2380 1881 2790 1955 19ηοωιιραίίο
2827 1882 2892 1937 de
2919 1882 3097 1937 verbis
3120 1885 3323 1954 primae
3348 1886 3399 1938 et
3425 1885 3682 1940 secundae
3732 1887 3783 1941 et

427 1952 719 2027 aliquibus
736 1952 1118 2027 etiami‘tertiw
1141 1967 1414 2027 personae,
1447 1955 1714 2027 quatenus
1743 1970 1935 2009 verum
1964 1957 2017 2009 et
2041 1956 2252 2027 falsum
2280 1952 2494 2025 aliquid
2522 1952 2859 2027 signiﬁcent.
2894 1986 2963 2027 —_—
3012 1952 3245 2009 ‘20.'Per
3290 1955 3621 2027 epiphoram
3649 1972 3784 2013 con-

425 2025 599 2082 cludit
624 2027 861 2081 nomina
889 2026 1047 2083 254
1076 2025 1328 2081 et’verba
1356 2040 1536 2098 perge
1558 2094 1570 2098 _
1590 2025 1811 2095 prolata
1838 2041 2029 2082 verum
2073 2034 2125 2082 et
2152 2026 2510 2098 falsumnon
2556 2025 2756 2093 dicere,
2796 2025 2939 2096 quod
2990 2033 3173 2081 tamen
3218 2025 3511 2094 coniuncta
3557 2028 3795 2098 (scilicet

426 2098 487 2152 in
510 2098 902 2171 propositione)
949 2098 1182 2171 faciant.
1215 2127 1308 2171 ——J
1330 2097 1420 2151 21.
1454 2094 1669 2171 Modum
1711 2100 1808 2171 vel
1840 2099 2023 2171 potius
2066 2094 2333 2171 ordinem
2360 2096 2717 2171 determinat,
2743 2094 2847 2168 quo
2876 2113 3067 2171 verum
3110 2106 3163 2153 et
3204 2094 3788 2171 falsumsigniﬁcent,

425 2166 903 2241 primofnimirum
951 2170 1012 2241 in
1039 2168 1411 2241 conceptibus,
1443 2166 1635 2223 deinde
1683 2166 1852 2241 modo
1870 2185 1971 2240 per
1997 2168 2096 2225 hos
2137 2171 2199 2225 in
2248 2168 2432 2225 rebus.
2462 2199 2534 2217 υ-
2563 2169 2655 2241 22.
2687 2166 2795 2241 Per
2823 2169 3157 2224 occasionem
3188 2166 3360 2225 obiter
3386 2168 3449 2223 τὸ
3482 2166 3792 2241 intelligere

426 2240 702 2295 describit.
735 2271 806 2281 -
842 2241 933 2295 23.
969 2239 1197 2307 Quando
1249 2247 1552 2312 conceptus
1585 2240 1705 2312 veri
1733 2248 1787 2312 et
1828 2239 1963 2312 falsi
1989 2241 2272 2296 dicantur.
2305 2272 2375 2280 —
2425 2241 2516 2294 24.
2552 2240 2825 2308 Quomodo
2875 2241 3001 2294 item
3050 2242 3199 2295 circa
3248 2243 3478 2296 nomina
3522 2246 3574 2297 et
3619 2239 3791 2297 verba

428 2326 618 2367 verum
640 2318 696 2367 et
721 2313 930 2384 falsum
956 2314 1239 2367 subsistat.
1272 2341 1342 2353 --
1387 2308 1477 2366 25.
1514 2308 1805 2384 concludit
1828 2308 2145 2368 orationem
2177 2313 2244 2367 de
2274 2328 2334 2367 eo
2386 2326 2513 2382 qua:
2540 2313 2770 2367 nomina
2802 2315 2857 2367 et
2885 2327 3010 2383 quae
3038 2312 3207 2367 verba
3233 2314 3365 2367 sint.
3399 2344 3467 2354 —
3494 2314 3585 2367 26.
3616 2315 3794 2369 Porro

427 2384 675 2455 explicat
703 2382 829 2454 quae
855 2386 1089 2439 nomina
1116 2391 1170 2439 et
1197 2399 1318 2453 quae
1361 2385 1535 2455 verba
1559 2382 1785 2452 inﬁnita
1838 2385 1954 2439 sint
1986 2393 2038 2439 et
2065 2400 2168 2441 cur
2211 2392 2444 2455 utraque
2471 2385 2552 2438 sic
2580 2386 2861 2439 vocentur.
2894 2382 2961 2423 ὲ
3009 2386 3100 2440 27.
3136 2384 3385 2455 Quinque
3414 2385 3614 2440 horum
3650 2386 3796 2441 vocis

425 2453 723 2527 simplicis,
765 2455 1047 2523 dictionis,
1077 2456 1353 2527 termini,_
1382 2453 1628 2527 nominis
1657 2463 1709 2510 et
1752 2456 1907 2511 verbi
1933 2455 2322 2527 differentiam
2354 2453 2577 2527 evolvit,
2613 2472 2731 2526 quae
2778 2471 2887 2511 non
2919 2463 2995 2510 est
3029 2453 3328 2511 secundum
3373 2457 3676 2525 subjectum
3702 2472 3799 2512 seu

427 2522 546 2600 rem
576 2527 901 2600 ipsam,_sed
928 2522 1229 2600 secundum
1259 2522 1467 2600 σχέσιν,
1500 2523 1559 2600 id
1587 2529 1665 2582 est
1691 2522 2098 2596 habitudinem,
2130 2544 2229 2583 seu
2259 2524 2543 2600 λόγον,λά
2572 2522 2650 2582 est
2680 2528 3046 2583 rationem.—
3076 2528 3185 2600 28._
3206 2527 3452 2584 Ostendit
3466 2522 3623 2600 "quod
3652 2527 3801 2600 apud

428 2597 744 2654 dialecticos
764 2597 895 2669 ipsa
938 2598 1108 2654 etiam
1134 2597 1364 2654 nomina
1410 2597 1596 2665 verba,
1629 2607 1681 2655 et
1723 2606 1914 2655 contra
1942 2601 2111 2655 verba
2156 2597 2388 2654 nomina
2435 2597 2747 2663 dicantur;
2773 2602 2825 2653 et
2852 2598 3120 2669 quomodo
3167 2597 3286 2655 haec
3329 2601 3391 2654 in
3436 2597 3547 2655 illa
3585 2603 3639 2655 et
3683 2597 3801 2654 illa

430 2670 493 2724 in
521 2668 643 2743 hac
689 2668 993 2743 transeant.
1021 2701 1091 2710 —
1140 2670 1231 2725 29.
1266 2670 1573 2740 Occupatio,
1606 2688 1716 2742 qua
1758 2671 2021 2743 declarat,
2052 2670 2115 2724 τὸ
2159 2672 2404 2743 est,fuit
2451 2674 2503 2724 et
2533 2672 2639 2726 erit
2678 2668 2895 2740 quando
2939 2670 3325 2743 exsistentiam
3369 2673 3420 2727 et
3466 2679 3675 2743 tempus
3721 2672 3797 2726 si-

432 2739 991 2814 gniﬁcentiquando
1020 2743 1155 2814 item
1182 2739 1659 2814 tempustantum.
1693 2773 1761 2783 —
1789 2742 1880 2799 30.
1930 2744 2108 2814 Inferi
2134 2739 2489 2814 quod‘omnis
2515 2739 2818 2814 propositio
2846 2758 2917 2797 ea:
2944 2742 3250 2814 nomineet
3283 2743 3442 2797 verbo
3496 2739 3800 2798 constitua-

433 2817 548 2868 tur.
582 2843 651 2854 —
698 2812 792 2886 31.
825 2813 990 2868 Docet
1037 2813 1207 2886 etiam
1233 2812 1499 2884 quomodo
1546 2830 1747 2870 nomen
1778 2817 1829 2870 et
1873 2812 2180 2886 subjectum
2230 2830 2300 2869 ex
2327 2812 2560 2886 articulo
2609 2813 2757 2886 apud
2789 2812 3036 2886 Graecos;
3066 2812 3295 2886 verbum
3332 2816 3383 2869 et
3427 2814 3801 2886 praedicatum

436 2898 506 2958 ego
532 2892 628 2954 est,
658 2884 772 2958 fuit
798 2892 851 2941 et
896 2887 1004 2958 erit
1029 2885 1145 2958 sive
1172 2889 1325 2958 actu_
1347 2886 1461 2940 sive
1487 2888 1741 2958 potentia
1766 2884 1980 2957 positis
2009 2884 2445 2957 dignoscendum
2470 2886 2561 2941 sit.
2594 2884 2663 2925 -—'
2692 2886 2783 2940 32.
2816 2885 3061 2957 Denique
3088 2884 3340 2954 ostendit,
3373 2884 3517 2958 qnod
3543 2893 3596 2941 et
3624 2901 3800 2957 quare

437 2952 499 3008 τὸ
528 2952 631 3025 est,
658 2952 779 3027 fuit
807 2963 863 3013 et
892 2957 998 3012 erit
1021 2955 1369 3028 primigenia
1396 2952 1570 3015 verba
1594 2952 1879 3014 dicantur.
2071 2952 2091 2957 ⁷
2290 2952 2295 2955 ’
2964 2952 2980 2957 ⁷
3005 2986 3012 2993 -

992 3212 1249 3268 ΚΕΦΑΛ.
1280 3211 1392 3275 Κς’.

2734 3211 2969 3271 CAPUT
3006 3213 3198 3271 XXVI.

2659 3309 2741 3361 De
2766 3304 2996 3361 nomine
3024 3311 3078 3360 et
3099 3303 3283 3361 verbo.

768 3301 903 3377 Περὶ
934 3298 1203 3374 ὀνόματος
1231 3300 1322 3355 καὶ
1434 3320 1624 3374 ματος.

434 3388 500 3443 α’.
555 3387 769 3463 ’Όνομά
819 3388 931 3445 ἐστι
983 3390 1138 3467 φωνή
1191 3391 1502 3464 σημαντική
1559 3411 1696 3446 κατα
1749 3392 2023 3462 συνθήκην

361 3475 481 3533 ἄνευ
531 3478 754 3556 χρόνου,
796 3481 864 3547 ἧς
911 3476 1067 3534 οὐδὲν
1119 3479 1285 3555 μέρος
1334 3477 1447 3534 ἐστὶ
1478 3480 1810 3553 σημαντικὸν
1841 3500 2023 3556 κεχω-

361 3568 637 3644 ρισμὲνον.

432 3657 499 3731 β’.
530 3658 715 3731 Ῥῆμα
749 3653 808 3712 δέ
837 3655 950 3712 ἐστι
1000 3658 1155 3735 φωνή
1205 3658 1515 3731 σημαντικὴ
1564 3659 1703 3713 κατᾶ
1748 3661 2021 3730 συνθήκην

352 3746 844 3821 προσσημαίνουσα
889 3746 1111 3823 χρόνον,
1161 3749 1230 3817 ἧς
1262 3745 1416 3803 οὐδὲν
1464 3748 1630 3824 μέρος
1663 3746 1775 3803 ἐστὶ
1806 3770 2022 3823 σημαν-

350 3834 505 3891 τικὸν
527 3834 963 3913 κεχωρισμένον.

424 3925 492 4002 γ’.
524 3926 645 3980 Ὅτι
700 3925 797 3999 μὲν
847 3921 939 3981 οὖν
996 3922 1248 4002 ἔναρθροι
1289 3924 1461 4004 φωναὶ
1500 3926 1563 3981 τὸ
1614 3921 1792 4001 ὄνομα
1838 3926 1929 3983 καὶ
1959 3928 2022 3983 τὸ

351 4011 532 4090 ῥῆμα,
566 4013 729 4069 παντί
758 4035 864 4069 που
896 4011 1087 4084 δῆλον.

428 4099 472 4157 δ’
505 4146 519 4161 .
580 4103 880 4180 Ἐναρθρος
948 4100 1007 4158 δὲ
1080 4100 1294 4180 λέγεται
1353 4107 1499 4158 πᾶσα
1552 4108 1661 4159 τῶν
1721 4104 2019 4178 ἀνθρώπων

352 4188 661 4255 διάλεκτος
717 4189 809 4247 διὰ
856 4191 922 4246 τὸ
973 4192 1071 4254 τὰς
1124 4189 1556 4268 συμπληρούσας
1604 4192 1771 4262 αὐτὴν
1821 4192 2023 4248 συλλα-

350 4274 453 4342 ϐὰς
502 4278 723 4359 ἄρθροις
772 4280 1004 4337 ἐοικέναι
1053 4282 1219 4352 ζώου,
1268 4278 1586 4355 δυναμένοις
1630 4281 1721 4337 ἀπ’
1751 4280 2019 4354 ἀλλήλων

351 4367 721 4445 διακρίνεσθαι
751 4366 866 4427 κατί
898 4370 1186 4448 ἐνέργειαν.

423 4466 480 4518 ε’.
539 4462 659 4516 Ὅτι
721 4457 781 4516 δὲ
834 4460 927 4515 καὶ
986 4460 1317 4535 σημαντικαὶ
1352 4502 1367 4529 ,
1422 4461 1649 4539 φανερὸν
1706 4462 1796 4517 καὶ
1852 4460 2019 4517 αὐτό.

348 4548 454 4604 Καὶ
510 4548 617 4627 γὰρ
672 4550 737 4605 τὸ
794 4546 1081 4617 ἄνθρωπος
1137 4548 1228 4605 καὶ
1279 4547 1455 4612 ’ίππος
1510 4550 1601 4605 καὶ
1656 4551 1870 4628 τρέχει,
1928 4551 2019 4606 καὶ

347 4634 676 4710 διαλένεται,
724 4639 816 4694 καὶ
846 4638 915 4695 τὰ
958 4642 1206 4712 τοιαῦτα,
1261 4635 1485 4713 δύναμιν
1542 4636 1696 4715 ἔχει,
1750 4660 2013 4713 σημαντι-

349 4728 480 4797 mss.

423 4822 486 4881 ς’.
545 4816 727 4873 Ἀλλὰ
800 4816 890 4872 καὶ
947 4817 1087 4873 κατὰ
1144 4818 1419 4888 συνθήκην
1482 4817 1595 4873 ἐστὶ
1653 4819 1719 4873 τὰ
1776 4817 2020 4890 ὀνόματα

348 4906 443 4962 καὶ
491 4906 562 4960 τὰ
612 4904 855 4982 ῥήματα.
906 4905 1192 4962 Συνέθεντο
1240 4907 1345 4983 γὰρ
1398 4905 1669 4978 Ἕλληνες
1718 4907 1834 4979 μὲν,
1874 4912 2019 4961 τοῖσ-

352 4992 415 5051 δε
440 4998 558 5057 τοῖς
612 4993 844 5069 ὀνόμασι
887 4994 956 5051 τὰ
1002 4996 1297 5071 πράγματα
1341 4993 1550 5051 καλεῖν*
1600 4992 1759 5050 Ἰνδοὶ
1814 4993 1859 5050 δ’
1904 4995 2019 5050 ἑτέ-

352 5104 497 5162 ροις,
525 5083 617 5139 καὶ
648 5082 846 5147 ἄλλοις
890 5082 1200 5160 Αἰγύπτιοι.
1233 5083 1334 5137 Καὶ
1382 5083 1437 5161 οἱ
1484 5083 1638 5140 αὐτοὶ
1683 5081 1740 5139 δὲ
1767 5085 1837 5139 τὰ
1884 5083 2018 5139 αὐτὰ

347 5173 645 5250 πράγματα
674 5173 809 5229 ποτὲ
860 5173 957 5247 μὲν
1003 5170 1200 5235 ἄλλοις
1249 5172 1383 5228 ποτὲ
1415 5169 1462 5227 δ’
1499 5172 1702 5248 ἑτέροις
1730 5173 2013 5247 σημαίνειν

349 5262 637 5337 ὀνόμασιν·
699 5260 883 5339 ὥσπερ
940 5260 1032 5317 καὶ
1086 5262 1181 5324 τὰς
1231 5258 1447 5316 τοιάσδε
1502 5260 1769 5339 ἐνεργείας
1815 5262 1905 5318 καὶ
1949 5263 2019 5318 τὰ

343 5349 534 5410 τοιάδε
584 5353 729 5423 πάθη
791 5348 884 5406 διὰ
946 5347 1121 5406 τῶνδε
1194 5349 1287 5405 καὶ
1342 5347 1515 5407 τῶνδε
1585 5357 1693 5407 τῶν
1756 5350 2017 5428 ῥημάτων

348 5441 619 5523 ἐκφαίνειν
655 5440 953 5518 ἐκύρωσαν.

424 5533 486 5602 ζ’.
536 5532 693 5587 Ὀσεν
754 5527 882 5586 οὐδὲ
936 5528 1090 5609 φύσει
1149 5534 1267 5593 τοῖς
1326 5528 1633 5605 ἀνθρώποις
1673 5531 1740 5585 τὰ
1772 5528 2016 5604 ὀνόματά

351 5621 466 5679 ἐστι
520 5620 614 5677 καὶ
657 5620 727 5676 τὰ
779 5618 1019 5697 ῥήματαο
1071 5615 1211 5674 διότι
1258 5618 1327 5674 τὰ
1373 5617 1528 5696 φύσει
1580 5619 1727 5695 παρὰ
1772 5625 1902 5674 πᾶσι
1947 5621 2015 5675 τὰ

349 5709 508 5768 αὐτά.

425 5801 501 5870 η’.
550 5799 656 5857 Κᾶν
706 5798 764 5855 αἱ
823 5797 998 5880 φωναὶ
1057 5794 1116 5853 δὲ
1160 5796 1315 5877 φύσει
1366 5799 1697 5877 (φωνητικὸν
1736 5798 1838 5876 γὰρ
1872 5801 2009 5869 ζῶον

2209 3394 2360 3451 255
2398 3394 2448 3450 1.
2482 3393 2707 3449 Nomen
2740 3396 2831 3449 est
2851 3409 2961 3448 vox
2994 3392 3387 3466 signiﬁcativa
3415 3409 3485 3449 ex
3529 3392 3805 3449 instituto

2138 3481 2265 3538 sine
2294 3485 2561 3555 tempore
2591 3482 2761 3554 cujus
2816 3498 2954 3554 pars
2984 3480 3148 3538 nulla
3179 3480 3477 3555 signiﬁcat
3506 3485 3799 3555 separata.

2203 3662 2258 3716 2.
2292 3661 2551 3717 Verbum
2603 3664 2800 3716 autem
2830 3663 2921 3715 est
2950 3677 3058 3716 vox
3098 3659 3489 3735 signiﬁcativa
3529 3676 3601 3716 ex
3628 3658 3798 3716 insti-

2132 3753 2282 3821 tuto,
2312 3766 2440 3822 quae
2490 3753 2726 3822 tempus
2758 3748 3128 3820 adsigniﬁcat
3173 3748 3303 3819 ejus
3332 3746 3497 3804 nulla
3538 3765 3677 3822 pars
3707 3765 3799 3805 se-
3907 3809 3918 3819 ,

2131 3843 2338 3911 parata
2367 3838 2682 3912 signiﬁcat.

2203 3929 2258 3983 3.
2291 3928 2362 3983 Et
2403 3944 2615 3984 nomen
2665 3927 2905 3999 quidem
2937 3930 3114 3998 atque
3158 3926 3404 3982 verbum
3451 3942 3582 3983 esse
3625 3941 3798 3983 voces

2133 4017 2499 4083 articulatas,
2533 4015 2717 4072 cuivis
2748 4016 2929 4071 ferme
2956 4014 3182 4071 clarum
3215 4019 3325 4071 est.

2203 4104 2583 4162 4.Articulata
2605 4108 2799 4161 autem
2824 4104 3042 4160 dicitur
3065 4103 3260 4160 omnis
3280 4102 3595 4159 hominum
3621 4101 3797 4159 diale-

2132 4200 2263 4251 ctus
2284 4196 2411 4267 (seu
2443 4193 3027 4266 elocutio)propterea
3047 4192 3203 4266 quod
3227 4191 3463 4265 syllabae
3490 4208 3620 4265 quae
3641 4209 3796 4249 com-

2131 4282 2295 4355 plent
2344 4298 2475 4337 eam
2506 4279 2770 4337 articulis
2802 4278 3080 4336 animalis
3128 4279 3251 4335 sint
3279 4277 3507 4343 similes
3538 4278 3639 4351 qui
3669 4295 3704 4335 a
3733 4296 3797 4335 se

2131 4370 2382 4427 invicem
2413 4376 2546 4427 actu
2578 4370 2833 4427 discerni
2867 4374 3139 4443 possunt.

2199 4461 2257 4516 5.
2286 4464 2420 4516 Jam
2465 4477 2600 4516 vero
2630 4459 2810 4516 etiam
2860 4457 3283 4532 signiﬁcativas
3312 4473 3441 4513 esse
3487 4460 3546 4512 et
3591 4457 3793 4529 ipsum

2131 4549 2514 4605 manifestum
2544 4557 2652 4605 est.
2685 4549 2952 4621 Namque
2979 4546 3042 4601 τὸ
3070 4542 3249 4604 homo
3280 4549 3339 4603 et
3367 4561 3550 4617 equus
3580 4549 3639 4602 et
3659 4562 3791 4601 cur-

2126 4637 2204 4693 rit
2234 4642 2293 4694 et
2322 4638 2585 4705 disserit,
2617 4642 2674 4693 et
2702 4635 3048 4709 hujusmodi
3091 4634 3542 4708 signiﬁcativam
3572 4634 3793 4692 habent

2126 4727 2473 4800 potentiam.

2198 4818 2253 4872 6.
2284 4817 2397 4873 Sed
2430 4820 2488 4873 et
2514 4833 2584 4872 ex
2610 4816 2883 4873 instituto
2912 4819 3053 4871 sunt
3081 4814 3324 4871 nomina
3352 4822 3406 4871 et
3433 4813 3790 4870 verba.Grte-

2128 4907 2179 4961 ci
2211 4906 2369 4963 enim
2402 4905 2639 4978 quidem
2670 4906 2833 4961 hisce
2863 4904 3204 4961 nominibus
3256 4921 3348 4960 res
3377 4920 3585 4960 vocare
3614 4902 3791 4960 insti-

2124 4999 2387 5063 tuerunt,
2422 4993 2556 5051 aliis
2587 5000 2783 5050 autem
2815 4994 2964 5062 Indi,
2996 4993 3247 5067 [Egyptii
3289 4992 3598 5058 aliis.Quin
3630 4996 3688 5048 et
3716 4992 3786 5047 ii-

2126 5085 2261 5141 dem
2294 5101 2383 5141 res
2411 5085 2644 5140 easdem
2677 5083 2973 5139 interdum
3005 5082 3136 5139 aliis
3165 5086 3223 5139 et
3242 5081 3457 5138 iterum
3486 5081 3788 5139 interdum

2126 5173 2259 5229 aliis
2290 5174 2629 5229 nominibus
2670 5172 3002 5245 signiﬁcare
3030 5197 3045 5239 ;
3075 5171 3574 5243 quemadmodum
3605 5171 3785 5227 etiam

2125 5268 2184 5319 et
2231 5262 2405 5319 hasce
2457 5264 2715 5319 actiones
2753 5266 2811 5318 et
2855 5261 3032 5317 hasce
3076 5260 3385 5333 passiones
3430 5258 3786 5335 aliis.atque

2125 5350 2258 5407 aliis
2285 5351 2480 5408 verbis
2509 5351 2836 5424 patefacere
2865 5350 3263 5405 decreverunt.

2197 5530 2353 5588 250
2380 5532 2435 5587 7.
2459 5532 2648 5596 Quare
2678 5529 2855 5586 etiam
2888 5532 3100 5583 natura
3127 5545 3243 5584 non
3274 5530 3416 5583 sunt
3441 5525 3784 5587 hominibus

2124 5620 2368 5677 nomina
2395 5625 2452 5677 et
2482 5620 2674 5689 verba,
2698 5621 3006 5691 propterea
3035 5617 3192 5688 quod
3223 5633 3350 5689 quas
3381 5620 3593 5673 natura
3621 5620 3781 5685 sunt,

2123 5711 2278 5782 apud
2311 5726 2516 5767 omnes
2546 5711 2666 5767 sint
2694 5707 2917 5764 eadem.

2156 5799 2245 5857 '8.
2280 5801 2629 5875 Quanquam
2675 5803 2873 5856 autem
2914 5813 3085 5855 voces
3133 5802 3273 5854 sunt
3324 5799 3536 5854 natura
3580 5796 3778 5870 (homo
