4126 6468
406 498 528 562 889

1765 495 2119 562 EPITOME
2161 495 2469 563 LOGIGA.

3701 483 3826 548 890

486 632 569 696 ις’.
602 630 720 708 Χρή
780 626 838 687 δὲ
878 630 1164 706 γινώσκειν
1219 629 1303 686 δτι
1357 631 1424 685 τὰ
1481 627 1713 709 φύσεων,
1843 631 2056 706 προσώ-

2250 634 2337 688 16.
2370 628 2852 704 Cognoscendum
2900 629 3095 684 autem
3126 627 3237 694 est,
3281 621 3437 696 quod
3469 638 3596 695 quas
3643 624 3821 676 natu-

408 741 550 793 πων,
607 717 644 790 ἤ
707 719 1030 797 ἐνεργειῶν,
1088 716 1126 789 ἤ
1184 720 1366 774 παθῶν
1421 719 1456 789 ἤ
1519 725 1681 781 ποιᾶς
1738 717 2062 792 συμπλοκῆς

408 812 545 889 πρὸς
593 808 885 887 ἐνέργειαν,
929 809 1068 884 πρὸς
1114 810 1284 871 πάθος
1331 806 1634 881 δηλωτικὰ,
1680 814 1847 864 ταῦτα
1890 808 2065 865 πάντα

408 899 544 956 κατά
570 898 697 961 τοὺς
743 897 1117 961 διαλεκτικοὺς
1167 899 1242 960 εἷς
1298 898 1537 971 ὀνόματα
1583 896 1917 975 διαιροῦνται
1974 899 2063 953 καὶ

411 989 652 1066 ῥήματα.
688 986 789 1043 Καί
833 988 901 1043 τὰ
948 988 1042 1060 μὲν
1094 988 1230 1042 κατὰ
1257 988 1456 1063 χρόνον
1491 986 1780 1063 λεγόμενα,
1812 984 1848 1057 ἤ
1881 989 2063 1043 ὁπωσ-

408 1082 500 1133 οῦν
563 1077 615 1133 ἐν
677 1081 796 1139 ταῖς
869 1075 1162 1153 προτάσεσι
1236 1076 1691 1151 κατηγορούμενα
1724 1122 1737 1147 ,
1795 1098 2066 1154 προσαγο-

408 1167 655 1243 ρεύονται
713 1166 954 1243 ῥήματα⁸
1016 1166 1084 1220 τᾶ
1142 1164 1188 1220 δ’
1248 1167 1371 1221 ἄνευ
1429 1166 1635 1241 χρόνου
1684 1165 1975 1242 λεγόμενα,
2026 1163 2063 1235 ἤ

405 1257 505 1327 τὴν
551 1259 659 1311 τῶν
716 1254 1084 1329 ὑποκειμένων
1145 1253 1462 1332 πληροῦνται
1518 1255 1737 1332 χρείαν,
1801 1254 2061 1329 ὀνόματα·

403 1347 473 1402 τὰ
513 1343 559 1400 δ’
609 1344 661 1401 ἐν
722 1341 996 1420 μηδετέρᾳ
1039 1343 1247 1399 τούτων
1298 1345 1460 1419 χώρᾳ
1504 1340 2063 1419 παραλαμϐανόμενα,

404 1436 472 1491 τὰ
502 1436 675 1512 ἄρθρα
702 1430 944 1505 δηλαδὴ,
977 1432 1032 1488 α⁹ί
1074 1433 1380 1507 προθέσεις,
1434 1434 1487 1488 οἱ
1535 1431 1823 1507 σύνδεσμοι
1870 1434 1960 1488 καὶ
2000 1434 2069 1489 τὰ

386 1512 776 1602 έπιῤῥήματα,
829 1521 923 1578 κᾶν
978 1520 1165 1584 ἄλλως
1213 1521 1643 1601 συνεκφέρωνται
1695 1528 1812 1586 ταῖς
1859 1525 2063 1600 προτά-

407 1634 568 1685 σεσιν,
609 1611 736 1668 ἀλλ’
783 1611 845 1666 ού
899 1611 1036 1689 μέρη
1088 1611 1260 1687 λόγου
1307 1610 1507 1689 κυρίως
1561 1610 1715 1679 εἰσὶν,
1764 1610 1910 1668 ἀλλὰ
1955 1616 2061 1668 τῶν

412 1706 589 1779 μερῶν
619 1706 718 1756 τοῦ
749 1699 917 1778 λόγου
948 1701 1232 1756 συνεκτικὰ
1260 1700 1349 1756 καὶ
1372 1702 1674 1756 συνθετικά·
1707 1701 1843 1779 μέρη
1880 1703 2063 1775 μέντοι

409 1789 606 1865 λέξεως
639 1788 944 1867 ὑπάρχουσι
975 1790 1066 1845 καὶ
1092 1788 1246 1847 αὐτά.

408 1899 542 1939 rum
597 1887 655 1939 et
711 1881 1260 1955 componendarum
1319 1897 1422 1937 seu
1490 1881 2079 1954 constringendarum
2136 1882 2476 1939 facultatem
2560 1882 2781 1939 habent

406 1971 537 2045 ipsa
567 1976 724 2028 sunt.

2174 738 2269 777 ras
2319 725 2421 777 aut
2453 736 2734 792 personas
2781 722 2883 775 aut
2910 717 3190 788 actiones,
3222 718 3326 771 aut
3365 712 3688 787 passiones,
3721 712 3825 767 aut

2172 809 2645 883 cujusdammodi
2720 807 3181 880 complexionem
3238 804 3311 861 ad
3380 802 3692 870 actionem,
3746 799 3819 856 ad

2172 899 2506 972 passionem
2537 897 2830 954 declarare
2853 895 3069 961 valent,
3101 895 3224 949 hec
3264 892 3463 949 omnia
3492 888 3819 947 secundum

2172 989 2502 1045 dialecticos
2559 988 2617 1043 in
2696 986 2937 1044 nomina
2990 990 3045 1040 et
3098 983 3275 1039 verba
3342 981 3698 1037 dividantur.
3754 978 3822 1034 Et

2176 1096 2303 1151 quas
2362 1078 2600 1148 quidem
2680 1078 3008 1133 secundum
3064 1078 3300 1145 tempus
3365 1071 3660 1141 dicuntur,
3718 1070 3823 1123 aut

2174 1168 2588 1241 quoquomodo
2617 1167 2677 1222 in
2709 1162 3207 1239 propositionibus
3248 1159 3661 1234 pradicantur,
3689 1172 3815 1213 ver-

2173 1259 2287 1325 ba;
2319 1275 2447 1329 quae
2499 1261 2693 1313 autem
2724 1256 2851 1312 sine
2880 1260 3143 1325 tempore
3197 1250 3493 1318 dicuntur,
3530 1246 3682 1305 259
3725 1249 3826 1302 aut

2174 1349 2577 1420 subjectorum
2630 1363 2805 1402 usum
2837 1343 3092 1417 explent,
3123 1340 3365 1397 nomina
3407 1337 3776 1412 appellentur
3807 1352 3820 1391 :

2174 1454 2303 1510 quae
2334 1439 2586 1510 denique
2618 1436 2678 1491 in
2712 1438 2917 1490 neutro
2944 1433 3157 1488 horum
3210 1429 3471 1486 locorum
3502 1442 3826 1483 assumun-

2171 1531 2288 1595 tur,
2322 1527 2553 1582 articuli
2583 1524 2866 1587 videlicet,
2890 1521 3349 1596 prtepositiones,
3383 1515 3825 1590 conjunctiones

2174 1619 2232 1671 et
2286 1616 2578 1683 adverbia,
2638 1629 2980 1687 quanquam
3062 1609 3210 1666 alias
3263 1607 3440 1664 simul
3503 1605 3830 1663 efferuntur

2174 1720 2310 1760 cum
2337 1704 2836 1776 propositionibus
2866 1727 2880 1769 ;
2910 1707 3109 1757 tamen
3139 1696 3419 1757 orationis
3448 1700 3645 1769 partes
3691 1710 3829 1768 pro-

2173 1793 2299 1865 prie
2331 1810 2446 1849 non
2496 1799 2658 1859 sunt,
2693 1793 2795 1848 sed
2825 1790 3087 1864 partium
3134 1787 3416 1845 orationis
3448 1783 3828 1842 continenda-

2840 1899 2854 1950 ;
2915 1878 3190 1936 dictionis
3245 1881 3445 1935 tamen
3520 1877 3716 1948 partes
3771 1876 3833 1929 et

482 2082 560 2148 ιζ’.
610 2078 709 2132 Καὶ
759 2078 788 2132 ὁ
838 2075 1002 2153 λόγος
1047 2072 1106 2131 δὲ
1150 2077 1288 2131 κατά
1336 2070 1670 2154 φιλοσόφους
1718 2082 1818 2147 τῆς
1868 2075 2056 2149 λέξεως

2248 2081 2334 2135 17.
2366 2079 2438 2135 Et
2482 2094 2616 2135 vero
2647 2079 2833 2135 oratio
2883 2076 3211 2135 secundum
3256 2071 3641 2147 philosophos
3688 2086 3826 2142 pars

408 2167 572 2244 μέρος
616 2165 778 2224 ἐστίν.
836 2168 892 2219 Ὁ
953 2166 1046 2240 μὲν
1105 2166 1207 2243 γὰρ
1266 2163 1553 2240 πλήρωμα
1602 2164 2062 2241 προηγουμένως,

400 2259 507 2310 τῶν
568 2252 625 2311 δὲ
681 2253 979 2332 πράγματα
1053 2258 1437 2328 σημαινουσῶν
1513 2253 1752 2330 ὐπάρχει
1820 2259 2011 2332 φωνῶν
2049 2273 2061 2286 ’

401 2347 437 2416 ἡ
469 2342 528 2400 δὲ
559 2343 703 2417 λέξις
734 2342 1019 2418 πλήρωμα
1067 2348 1253 2399 πασῶν
1304 2340 1493 2405 ἁπλῶς
1540 2348 1647 2399 τῶν
1695 2348 1915 2421 φωνῶν,
1953 2349 2061 2400 τῶν

398 2428 983 2511 παραλαμϐανομένων
1017 2433 1153 2510 πρὸς
1180 2434 1281 2502 τὴν
1312 2429 1618 2490 διάλεκτον.

474 2558 670 2630 ιη’.Τά
715 2558 811 2632 μὶν
858 2555 950 2613 οὖν
1004 2556 1248 2631 ὀνόματα
1295 2557 1387 2612 καὶ
1417 2557 1485 2612 τὰ
1532 2556 1752 2634 ῥήματα
1793 2559 1909 2613 καθ’
1940 2558 2062 2614 έαυ-

395 2648 465 2703 τὰ
509 2646 895 2726 προφερόμενοι
936 2641 1060 2701 οὔτε
1112 2643 1393 2718 ἀλήθειαν,
1445 2642 1569 2702 οὔτε
1619 2644 1816 2722 ψεῦδος
1865 2646 2060 2727 ἐμφαί-

398 2756 572 2793 νουσι.
604 2734 711 2791 Κᾶν
743 2736 846 2812 γὰρ
881 2736 1134 2812 μυριάκις
1165 2732 1291 2810 εἷ’πῃ
1338 2756 1421 2798 τις
1468 2736 1533 2791 τὸ
1585 2738 1906 2812 Σωκράτης,
1936 2736 1974 2808 ἤ
1998 2740 2062 2794 τὸ

366 2864 371 2867 Α
399 2824 711 2903 φιλοσοφεῖ,
742 2823 782 2894 ἥ
810 2846 863 2879 τι
891 2827 1000 2880 τῶν
1046 2825 1336 2897 τοιούτων,
1392 2822 1766 2889 ἀσυνδυάστως
1817 2825 1907 2882 καὶ
1942 2830 2061 2893 καθ’

401 2914 549 2984 αὑτὸ,
583 2910 697 2969 οὔτ’
722 2912 982 2984 ἀλήθειαν
1012 2909 1137 2968 οὔτε
1165 2910 1395 2987 ψεῦδοςέ
1422 2919 1524 2990 ρεῖ.

472 3098 569 3167 ιθ’ί
605 3109 668 3164 Εἰ
715 3107 762 3164 δ’
813 3106 1097 3178 ἀληθεύειν
1231 3107 1541 3184 ψεύδεσθαι
1577 3112 1695 3166 καθ’
1742 3113 1906 3168 ἑαυτά
1950 3118 2057 3169 τῶν

369 3197 662 3273 ’ῥημάτων
700 3201 799 3254 τὰ·
824 3204 1017 3274 πρῶτα
1064 3198 1335 3274 πρόσωπα
1377 3197 1527 3255 δοκεῖ
1571 3202 1663 3255 καὶ
1708 3200 1776 3256 τὰ
1816 3199 2056 3279 δεύτερα,

400 3276 616 3346 καῖδσα
658 3293 768 3343 τῶν
799 3287 1013 3364 τρίτων·
1043 3287 1132 3343 ἐπὶ
1184 3286 1495 3365 ὡρισμένου
1548 3287 1759 3365 λέγεται
1808 3276 2060 3367 πράγμα-

396 3394 511 3439 τος’
559 3375 705 3433 ἀλλὰ
747 3377 842 3432 ’καὶ
887 3376 1104 3439 τούτοις
1151 3380 1186 3446 ἡ
1236 3375 1469 3450 ἀλήθεια
1512 3377 1604 3432 καὶ
1652 3379 1714 3433 τὸ
1762 3377 1959 3453 ψεῦδος
1998 3380 2058 3436 ἐκ

2176 2168 2451 2224 dictionis
2499 2172 2604 2225 est.
2639 2167 2866 2225 Etenim
2910 2167 3013 2224 illa
3061 2165 3297 2239 quidem
3327 2162 3535 2237 (oratio
3584 2159 3829 2231 scilicet)

2174 2257 2482 2330 plenitudo
2530 2262 2621 2313 est
2644 2256 2933 2330 praecipue
2958 2271 3164 2313 vocum
3196 2269 3289 2310 res
3340 2249 3825 2324 signiﬁcantium.

2174 2347 2437 2403 Elocutio
2496 2351 2694 2403 autem
2758 2351 2846 2402 est
2901 2344 3202 2417 plenitudo
3254 2341 3519 2398 omnium
3598 2337 3827 2411 simpli-

2174 2436 2331 2492 cium
2363 2453 2568 2492 vocum
2599 2453 2729 2508 qua
2762 2436 2834 2492 ad
2860 2434 3177 2490 dialectum
3209 2434 3612 2488 assumuntur.

2244 2561 2333 2616 48.
2380 2561 2631 2616 Nomina
2689 2576 2863 2632 porro
2907 2562 2965 2614 et
3011 2558 3191 2614 verba
3239 2572 3374 2614 cum
3419 2570 3525 2628 per
3578 2569 3641 2610 se
3687 2569 3823 2626 pro-

2171 2650 2461 2722 feruntur,
2519 2665 2709 2722 neque
2763 2664 2967 2705 verum
3022 2663 3213 2719 neque
3266 2644 3482 2702 falsum
3539 2643 3822 2700 indicant.

2170 2738 2229 2794 Si
2282 2739 2415 2812 quis
2462 2739 2621 2795 enim
2667 2737 2949 2794 infinities
3010 2735 3220 2793 dixerit
3261 2733 3326 2788 τὸ
3377 2734 3670 2800 Socrates,
3719 2735 3825 2787 aut

2171 2828 2234 2882 τὸ
2281 2829 2750 2903 philosophatur,
2776 2831 2882 2884 aut
2910 2827 3123 2883 horum
3170 2823 3394 2897 aliquid
3425 2823 3553 2880 sine
3597 2821 3821 2879 combi-

2171 2919 2411 2974 natione
2467 2922 2525 2974 et
2578 2933 2681 2990 per
2737 2934 2820 2981 se,
2852 2931 3043 2988 neque
3091 2931 3296 2971 verum
3353 2928 3545 2986 neque
3601 2910 3819 2969 falsum

2170 3008 2342 3064 dicet.

2240 3116 2328 3170 19.
2377 3114 2502 3170 Etsi
2557 3116 2753 3169 autem
2809 3112 3117 3168 verborum
3178 3108 3380 3182 prima:
3435 3114 3493 3165 et
3548 3109 3817 3166 secunde

2169 3219 2432 3275 personae
2463 3208 2521 3259 et
2549 3205 2841 3274 quotquot
2864 3200 3048 3257 tertiae
3077 3201 3149 3257 de
3178 3216 3241 3255 re
3269 3198 3514 3255 deﬁnita
3541 3199 3820 3255 dicuntur

2167 3309 2270 3362 per
2297 3308 2361 3348 se
2407 3308 2611 3347 verum
2641 3296 2744 3347 aut
2789 3289 3005 3346 falsum
3036 3289 3228 3345 dicere
3269 3288 3540 3344 videntur
3571 3306 3585 3345 :
3617 3291 3818 3345 tamen

2168 3384 2226 3434 et
2254 3380 2328 3436 ad
2357 3380 2468 3437 has
2496 3379 2995 3452 ex‘complexione
3023 3395 3204 3451 quam
3233 3377 3454 3435 habent
3488 3377 3816 3434 secundum

388 3470 495 3535 ’τῆς
548 3467 687 3521 κατὰ
744 3463 971 3539 δύναμιν
1032 3463 1331 3521 ἀκολουθεῖ
1395 3464 1719 3541 συμπλοκῆς
1754 3449 1786 3502 ο-
1829 3467 1942 3523 ἐπεὶ
2003 3466 2056 3524 δὲ

2176 3468 2492 3541 potentiam
2544 3449 2758 3525 veritas
2798 3468 2954 3526 260
2996 3449 3060 3523 et
3102 3467 3332 3523 falsitas
3387 3467 3813 3539 consequitur:

388 3558 562 3610 ’ταῦτα
609 3552 836 3629 δυνάμει
887 3550 1354 3631 συμπεπλεγμένα
1401 3556 1491 3610 καὶ
1539 3553 1751 3633 λέγεται
1800 3557 1889 3612 καὶ
1921 3555 2053 3613 ἕστυ

391 3647 474 3716 τῷ
507 3643 600 3718 μὲν
633 3642 740 3720 γὰρ
780 3644 986 3720 πρώτῳ
1033 3645 1315 3720 προσώπῳ
1363 3644 1766 3716 συνεξακούεται
1811 3647 1874 3701 τὸ
1923 3646 2055 3722 ἐγὼ,

394 3736 484 3805 Τῷ
513 3730 572 3789 δὲ
602 3730 839 3810 δευτέρῳ
866 3733 931 3789 τὸ
961 3733 1045 3788 σύ·
1079 3734 1141 3790 τὸ
1176 3731 1223 3788 δ’
1253 3733 1360 3811 ἐγὼ
1387 3734 1478 3789 καὶ
1508 3735 1572 3789 τὸ
1600 3735 1684 3808 σὺ,
1721 3735 2056 3809 ἀντωνυμίαι

395 3819 557 3896 ὅντα,
595 3821 716 3877 ἀντὶ
768 3821 1054 3896 ὀνομάτων
1102 3818 1644 3901 παραλαμϐάνονται.
1677 3829 1803 3887 Τοῖς
1853 3822 1911 3880 δὲ
1936 3824 2052 3902 τρί-

391 3926 510 3974 τοις
540 3912 885 3988 προσώποις,
913 3916 1034 3975 τοῖς
1063 3912 1153 3967 ἐπὶ
1205 3932 1355 3975 τινος
1398 3912 1716 3990 πράγματος
1745 3912 2054 3989 ὡρισμένου

391 3998 737 4076 γεγομένοις,
795 3998 969 4055 έκεῖνο
1028 4001 1429 4079 συνεκφαίνεται
1474 4003 1590 4056 καθ’
1648 3999 1712 4056 οὗ
1772 4000 2050 4077 λέγονται·

368 4080 467 4150 ’ὡς
513 4085 602 4143 ἐπὶ
652 4089 751 4143 τοῦ
801 4087 883 4144 ὕει
927 4086 1020 4144 καί
1075 4090 1289 4166 βροντᾷ
1320 4090 1411 4145 καὶ
1468 4089 1780 4168 ἀστράπτει,
1810 4087 2055 4165 τοῦνομα

385 4180 491 4246 τῆς
519 4175 778 4253 προνοίας
808 4173 998 4248 ἔξωθεν
1023 4177 1371 4234 ὑπακούεται.

412 4280 527 4341 ⁸κ’.
578 4284 655 4339 Τὰ
697 4283 878 4340 τοίνυν
936 4285 1179 4359 ὀνόματα
1222 4286 1314 4341 καὶ
1363 4287 1432 4341 τὰ
1481 4286 1702 4363 ῥήματα
1743 4288 1865 4342 καθ’
1917 4288 2054 4344 αὑτά

356 4366 848 4448 “προ6αλλόμενα,
899 4370 1011 4431 οὔτ’
1038 4374 1301 4446 ἀληθείας
1351 4372 1475 4430 οὔτε
1526 4374 1756 4450 ψεύδους
1792 4378 2049 4452 τυγχάνει

389 4456 687 4530 δηδωτικάί
724 4462 1111 4537 συμπλακέντα
1142 4462 1188 4520 δ’
1222 4463 1538 4539 ἀλλήλοις,
1587 4465 1722 4520 ποτὲ
1773 4466 1866 4539 μὲν
1904 4464 2051 4537 ἀλή-

387 4560 558 4622 θειᾳν,
589 4552 725 4607 ποτὶ
757 4550 816 4608 δὲ
845 4551 1042 4627 ψεῦδο)
1076 4554 1423 4629 σημαίνουσι.

354 4744 377 4755 η
456 4681 557 4730 κα’.
611 4677 1058 4753 Προηγουμένως
1110 4678 1204 4751 μὲν
1254 4677 1356 4754 γὰρ
1406 4675 1637 4748 δηλοῦσι
1682 4676 1752 4733 τὰ
1797 4680 2051 4752 νοήματα

364 4764 720 4839 ’τῆςψυχῆῆ
757 4760 848 4820 διὰ
899 4766 1076 4839 μέσων
1111 4762 1171 4821 δὲ
1194 4770 1303 4820 τῶν
1354 4765 1644 4840 νοημάτων
1683 4766 1752 4822 τὰ
1795 4766 2046 4844 πράγμα-

2167 3558 2446 3630 quoniam
2503 3562 2561 3615 et
2613 3558 2702 3615 hae
2759 3557 3020 3630 potentia
3075 3556 3387 3630 complexa:
3440 3560 3501 3613 et
3535 3556 3819 3613 dicuntur

2165 3650 2223 3702 et
2270 3652 2427 3704 sunt.
2460 3648 2605 3705 Cum
2654 3648 2846 3720 prima
2872 3652 3069 3704 autem
3099 3662 3352 3719 persona
3389 3644 3454 3700 τὸ
3481 3662 3589 3719 ego
3637 3662 3813 3703 exau-

2164 3736 2343 3802 ditur,
2392 3753 2527 3792 cum
2577 3737 2837 3793 secunda
2863 3734 2926 3789 τὸ
2971 3740 3078 3804 tu;
3111 3734 3195 3806 (τὸ
3241 3751 3348 3809 ego
3396 3740 3596 3791 autem
3643 3738 3702 3791 et
3750 3739 3814 3791 tu

2165 3842 2291 3898 quae
2322 3830 2462 3881 sunt
2492 3825 2857 3898 pronomina,
2890 3828 3279 3882 assumuntur
3306 3840 3412 3897 pro
3451 3823 3814 3880 nominibus.

2162 3917 2306 3970 Cum
2362 3914 2550 3971 tertiis
2607 3919 2803 3971 autem
2863 3915 3128 3986 personis
3186 3930 3316 3985 qua
3360 3929 3466 3986 pro
3523 3912 3722 3985 aliqua
3751 3930 3815 3969 re

2162 4004 2331 4061 ﬁnita
2378 4003 2676 4073 dicuntur,
2710 4002 2889 4059 simul
2933 4002 3249 4060 innotescit
3273 4001 3418 4058 illud
3465 4001 3539 4059 de
3564 4017 3681 4074 quo
3720 4002 3811 4058 di-

2161 4096 2376 4149 cuntur
2406 4111 2420 4148 :
2453 4096 2521 4148 ut
2549 4092 2608 4147 in
2636 4095 2718 4164 τῷ
2745 4092 3105 4164 pluit,tonat,
3135 4090 3651 4164 fulgurat,nomen
3673 4106 3807 4163 pro-

2159 4181 2427 4238 videntiae
2459 4181 2819 4238 extrinsecus
2849 4181 3220 4238 subauditur.

2229 4289 2320 4344 20.
2367 4288 2622 4345 Nomina
2666 4287 2850 4361 igitur
2890 4291 2947 4343 et
2991 4288 3167 4344 verba
3214 4303 3347 4344 cum
3397 4302 3502 4359 per
3562 4300 3641 4343 se
3669 4302 3805 4357 pro-

2160 4371 2433 4433 feruntur
2480 4394 2669 4450 neque
2697 4379 2815 4432 veri
2867 4392 3058 4449 neque
3086 4375 3219 4433 falsi
3248 4374 3584 4433 declarandi
3624 4374 3809 4432 facul-

2158 4469 2338 4522 tatem
2370 4466 2588 4522 habent
2615 4484 2629 4535 ;
2662 4471 2722 4522 at
2748 4465 2998 4523 invicem
3046 4467 3362 4538 conjuncta
3389 4465 3535 4524 alias
3565 4465 3806 4538 quidem

2157 4571 2384 4624 verum,
2416 4554 2562 4612 alias
2592 4572 2727 4612 vero
2756 4554 2972 4611 falsum
3002 4556 3357 4629 signiﬁcant.

2226 4681 2318 4735 21.
2352 4680 2637 4737 Primario
2684 4681 2841 4737 enim
2889 4681 3128 4754 quidem
3177 4684 3496 4753 conceptus
3541 4679 3803 4749 animas;

2157 4769 2560 4826 mediantibus
2590 4787 2725 4826 vero
2775 4770 3154 4843 conceptibus
3179 4786 3272 4826 res
3308 4768 3626 4828 declarant.
3658 4770 3806 4827 Con-

382 4822 631 4909 die?
810 4822 1066 4928 νοτξματα
1118 4858 1227 4910 τῶν
1282 4822 1618 4932 πραγμάτων
1664 4855 1794 4911 εἰσὶν
1840 4822 2049 4921 εἰκόνες

2178 4822 2556 4826 ημηητη
2604 4822 2719 4826 .__-
2782 4822 3149 4843 ,ν-ητηηπ
3181 4822 3268 4826 η-
3315 4822 3625 4828 ηρνηη

2176 4846 2359 4931 ἑδριυει
2386 4859 2569 4915 enim:
2600 4875 2797 4915 rerum
2828 4862 2970 4915 sunt
2996 4858 3285 4932 imagines
3313 4857 3377 4914 in
3407 4858 3625 4914 anima.

387 4937 449 4995 ἐν’
470 4943 541 5015 τῇ
572 4943 749 5019 ψυχῇ.

358 5122 365 5125 Ἰ
451 5046 559 5122 κβ¹.
591 5048 691 5103 Καὶ
740 5044 896 5104 οὖδὶν
948 5047 1089 5105 ἄλλο
1135 5047 1190 5104 τί
1222 5048 1332 5106 ἐστι
1362 5050 1426 5106 τὸ
1464 5055 1610 5106 νοεῖν
1641 5047 1679 5122 ἤ
1708 5049 1773 5107 τὰ
1804 5047 2045 5123 δέξασθαι

379 5137 478 5191 τοῦ
507 5138 810 5211 νοουμένου
840 5138 903 5193 τὸ
933 5136 1097 5202 εἶδος.

450 5280 553 5337 κγ.
605 5264 767 5318 Ὅταν
825 5262 920 5337 μὲν
969 5263 1061 5319 οὖν
1116 5258 1361 5339 ἀκριϐῶς
1412 5265 1662 5342 ὁμοιωθῇ
1710 5272 1829 5330 τοῖς
1874 5267 2047 5344 πράγ-

384 5348 513 5421 μασί
559 5350 629 5405 τὰ
677 5352 950 5425 νοήματα,
1010 5351 1102 5407 καὶ
1160 5352 1341 5430 ὥσπερ
1400 5353 1617 5419 τούτοις
1676 5354 1992 5433 έφαρμοσθῇ
2026 5402 2042 5430 ,

375 5436 502 5493 τότε
533 5438 624 5495 καὶ
665 5438 850 5512 ἀληθῆ
900 5443 1155 5515 νοήματα
1204 5440 1445 5518 λέγεται·
1495 5444 1585 5500 ὅτε
1634 5443 1693 5501 δὲ
1743 5445 1819 5520 μὴ
1870 5444 2045 5509 οὕτως

356 5522 526 5602 ηέχει,
555 5526 755 5604 ψευδῆ.

454 5642 561 5711 κδ’.¹
582 5653 657 5707 Τὸ
688 5649 738 5708 δ’
766 5653 898 5709 αὐτὸ
930 5653 1064 5710 κάπὶ
1110 5660 1220 5711 τῶν
1265 5655 1546 5731 ὀνομάτων
1593 5659 1684 5714 καὶ
1713 5662 1821 5713 τῶν
1870 5659 2047 5735 ῥημά-

382 5759 492 5826 των
554 5740 717 5802 ἐστίν,
778 5746 937 5800 Ὅταν
993 5746 1089 5820 μὲν
1133 5747 1234 5823 γὰρ
1283 5746 1373 5802 καὶ
1417 5751 1585 5803 ταῦτα
1628 5753 1697 5823 τῇ
1729 5752 1838 5804 τῶν
1868 5768 2043 5826 πραγ-

390 5825 576 5903 μάτων
628 5832 915 5891 ὑποστάσει
960 5832 1263 5907 συνᾴδωσι,
1307 5835 1433 5893 τότε
1471 5835 1537 5894 τό
1581 5836 1782 5909 ἀληθὲς
1823 5838 2045 5918 ὑφίστα-

2187 5055 2318 5112 ’22.
2367 5055 2486 5112 Nec
2530 5054 2858 5129 intelligere
2904 5054 3228 5128 quidquam
3279 5058 3370 5111 est
3415 5053 3575 5111 aliud
3625 5070 3803 5127 quam

2155 5145 2286 5216 ejus
2318 5145 2476 5218 quod
2507 5144 2858 5218 intelligitur
2885 5144 3139 5217 speciem
3170 5144 3446 5217 recipere.

2224 5271 2316 5325 23.
2374 5270 2619 5335 Quando
2691 5285 2829 5344 ergo
2900 5273 3218 5342 conceptus
3287 5273 3556 5327 accurate
3628 5269 3804 5327 rebus

2155 5358 2487 5426 assimilita,
2519 5363 2577 5416 et
2625 5358 2785 5415 velut
2820 5358 2913 5415 his
2964 5358 3242 5432 applicati
3290 5358 3511 5415 fuerint
3549 5361 3615 5415 ut
3661 5375 3805 5416 con-

2155 5452 2392 5520 gruant,
2474 5452 2615 5504 tunc
2687 5447 2867 5504 etiam
2941 5447 3065 5503 veri
3123 5452 3443 5521 conceptus
3492 5467 3509 5513 ;
3565 5447 3802 5521 quando

2154 5540 2350 5594 autem
2382 5552 2502 5594 non
2529 5537 2612 5593 ita
2640 5553 2705 5593 se
2732 5537 2975 5608 habent,
3006 5536 3136 5594 falsi
3167 5536 3465 5593 dicuntur.

2223 5664 2313 5718 24.
2347 5662 2508 5718 Idem
2558 5665 2754 5718 autem
2793 5661 2971 5718 etiam
3027 5662 3087 5717 in
3118 5662 3460 5719 nominibus
3505 5666 3565 5719 et
3608 5662 3803 5720 verbis

2153 5751 2349 5809 videre
2395 5751 2549 5808 licet.
2601 5751 2843 5816 Quando
2891 5751 3050 5807 enim
3102 5758 3161 5807 et
3211 5751 3331 5808 haec
3380 5751 3619 5824 quidem
3667 5767 3804 5808 cum

2153 5856 2352 5899 rerum
2406 5840 2794 5901 subsistentia
2843 5840 3191 5899 concinunt'
3217 5854 3327 5897 seu‘
3360 5840 3801 5913 censentium;
