4126 6466
395 421 509 485 891

1655 437 2082 501 NICEPHORI
2127 435 2571 500 BLEMMIIUE

3704 440 3808 501 892

402 559 550 616 261
610 564 753 618 tunc
799 563 954 621 circa
1007 563 1128 624 haec
1179 584 1382 626 verum
1423 571 1784 641 subsistere;
1817 573 2052 644 quando

2182 571 2285 624 τθαι
2317 567 2441 646 περὶ
2470 572 2640 624 ταῦτα
2668 586 2864 647 φαμεν·
2915 565 3006 623 ὅτε
3037 565 3084 623 δ’
3123 567 3230 643 οὐχ
3272 566 3449 632 οὕτως
3501 563 3640 645 ἔχει,
3689 591 3809 643 συμ-

400 653 598 706 autem
677 669 792 708 non
875 655 957 711 ita
1033 673 1096 713 se
1169 657 1410 726 habent,
1490 661 1704 718 falsum
1792 663 2054 718 accidere

401 737 677 796 dicimus.

476 829 566 884 25.
629 832 905 896 Quaenam
976 835 1159 909 igitur
1238 840 1480 896 nomina
1552 847 1611 898 et
1677 858 1804 913 quae
1881 841 2056 896 verba

406 916 528 972 sint
559 925 848 990 quantum
880 923 1002 979 ﬁeri
1038 932 1249 997 potest,
1283 934 1583 986 ostensum
1615 936 1722 987 est.

477 1009 568 1063 26.
602 1009 735 1066 Haec
783 1017 976 1069 autem
1006 1031 1142 1072 cum
1191 1025 1506 1075 assumunt
1548 1020 1896 1092 particulam
1951 1037 2055 1076 ne-

409 1097 687 1170 gativam,
739 1118 852 1158 non
903 1103 1160 1176 amplius
1208 1113 1491 1164 vocantur
1537 1110 1777 1165 nomina
1823 1115 1882 1165 et
1930 1128 2055 1165 ver-

407 1184 481 1240 ba
538 1186 730 1244 solum
793 1197 850 1246 et
907 1195 1274 1266 simpliciter,
1334 1199 1435 1254 sed
1512 1199 1744 1254 inﬁnita
1817 1199 2059 1254 nomina

406 1277 464 1329 et
520 1275 751 1334 inﬁnita
806 1282 1018 1351 verba;
1079 1283 1239 1340 velut
1294 1286 1355 1339 τὸ
1415 1304 1529 1342 non
1586 1288 1761 1344 homo
1819 1289 2056 1361 quidem

406 1367 464 1419 et
507 1364 570 1418 τὸ
620 1385 734 1424 non
788 1371 1053 1429 Socrates
1101 1375 1332 1430 inﬁnita
1394 1376 1651 1433 nomina.
1703 1381 1776 1432 At
1823 1376 1890 1430 τὸ
1940 1395 2056 1432 non

409 1455 592 1511 currit
645 1463 702 1513 et
755 1459 818 1513 τὸ
872 1479 987 1518 non
1048 1463 1518 1537 philosophatur,
1578 1467 1806 1522 inﬁnita
1863 1467 2056 1524 verba.

409 1547 572 1600 Hanc
602 1552 799 1603 autem
850 1551 1231 1610 obtinuerunt
1278 1554 1748 1627 appellationem,
1783 1557 1938 1628 quod
1989 1556 2061 1610 de

412 1649 472 1688 re
500 1633 698 1706 aliqua
730 1637 894 1694 ﬁnita
924 1657 1038 1696 non
1070 1642 1452 1714 accipiantur.

482 1724 570 1777 27.
607 1724 920 1782 Sciendum
973 1735 1255 1801 preterea
1283 1737 1372 1788 est
1417 1732 1546 1801 hoc,
1580 1751 1779 1790 vocem
1831 1734 2058 1806 simpli-

409 1827 556 1880 cem,
589 1817 648 1868 et
690 1814 1027 1887 dictionem,
1060 1823 1117 1874 et
1162 1822 1482 1876 terminum
1514 1827 1572 1877 et
1623 1839 1836 1878 nomen
1886 1828 2061 1894 atque

407 1902 649 1958 verbum
681 1905 946 1975 subjecto
978 1909 1217 1979 quidem
1248 1909 1400 1966 inter
1429 1928 1491 1966 se
1521 1912 1771 1967 invicem
1822 1929 2060 1969 necesse

405 2006 536 2046 esse
566 1992 791 2063 eadem,
824 1998 1153 2052 secundum
1204 1998 1392 2055 solam
1424 2005 1620 2056 autem
1653 2001 2061 2058 habitudinem

407 2079 660 2137 differre.
693 2082 868 2139 Velut
894 2085 957 2138 τὸ
987 2085 1162 2143 homo
1194 2092 1260 2142 ut
1288 2089 1526 2160 quidem
1560 2091 1811 2162 alicujus
1836 2091 2062 2163 signiﬁ-

408 2171 662 2226 cativum
718 2177 824 2238 est,
881 2174 1133 2248 simplex
1186 2194 1297 2232 vox
1365 2184 1609 2234 vocatur
1670 2198 1682 2235 :
1744 2185 1809 2235 ut
1866 2185 2063 2236 autem

410 2275 546 2330 pars
594 2260 1004 2319 afﬁrmationis
1035 2271 1137 2321 aut
1188 2267 1539 2339 negationis,
1589 2269 1811 2326 dictio:
1849 2275 1912 2325 ut
1958 2289 2063 2326 au-

409 2352 528 2404 tem
585 2349 645 2404 in
721 2350 1060 2424 syllogismo
1142 2358 1470 2414 assumitur
1525 2363 1584 2414 et
1643 2360 2064 2432 propositionis

411 2453 549 2509 pars
575 2439 1125 2508 dicitur,terminus:
1149 2450 1215 2502 ut
1239 2452 1435 2504 autem
1459 2448 2061 2520 subjectum,nomen;

409 2531 479 2584 ut
505 2529 798 2600 praedicati
832 2530 1027 2588 locum
1059 2535 1354 2604 obtinens,
1388 2537 1632 2593 verbum
1667 2538 2060 2612 (appellatur).

478 2636 568 2691 28.
599 2636 734 2693 Jam
790 2655 923 2695 vero
977 2641 1217 2698 nomina
1274 2644 1432 2716 apud
1491 2644 1829 2701 dialecticos
1885 2645 2064 2701 etiam

411 2726 623 2794 verba;
656 2730 715 2782 et
765 2729 944 2786 verba
991 2732 1233 2788 nomina
1280 2733 1578 2789 dicuntur.
1629 2735 1783 2791 262
1834 2736 2063 2790 Etenim

413 2814 476 2870 bi
534 2831 770 2874 omnem
826 2833 1028 2875 vocem
1104 2821 1554 2894 signiﬁcativam
1610 2828 1676 2879 ut
1731 2824 2064 2895 subjectum

414 2903 655 2976 quidem
714 2907 774 2962 in
831 2909 1231 2980 propositione
1287 2913 1661 2985 accipientes,
1694 2929 1909 2969 nomen
1962 2931 2066 2986 ap-

414 2993 671 3066 pellant;
704 2997 1085 3069 praedicatum
1118 3003 1314 3055 autem
1361 3001 1660 3070 facientes,
1689 3002 1932 3058 verbum
1964 3019 2064 3058 co-

411 3083 782 3156 gnominant.
815 3087 1105 3154 Quoniam
1153 3089 1310 3145 enim
1341 3090 1636 3162 duplicem
1682 3091 2064 3165 signiﬁcatio-

411 3187 548 3228 nem
593 3173 772 3230 vcrba
816 3175 1096 3249 inferunt,
1147 3181 1206 3234 et
1274 3179 1754 3248 exsistentialem,
1807 3198 1924 3254 qua
1967 3198 2064 3238 ac-

406 3259 629 3316 tionem
658 3267 762 3317 aut
790 3263 1125 3336 passionem
1156 3266 1494 3340 signiﬁcant
1519 3293 1533 3335 ;
1564 3271 1622 3323 et
1653 3267 2060 3341 temporalem,

2162 653 2368 713 6αίνειν
2401 659 2462 712 τὸ
2492 655 2709 732 ψεῦδος.

2234 846 2325 895 κε’.
2356 838 2484 894 Τίνα
2517 839 2612 912 μὲν
2659 836 2749 893 οὖν
2778 837 2845 892 τὰ
2899 837 3144 912 ὀνόματα
3189 837 3280 892 καὶ
3324 836 3450 893 τίνα
3494 839 3563 892 τὰ
3617 837 3815 914 ῥήματα

2163 931 2279 983 καθ’
2307 927 2432 983 ὅσον
2467 927 2582 983 οἶόν
2610 949 2691 1000 τε,
2725 924 3010 983 δέδεικται.

2236 1019 2336 1082 κς’.
2386 1022 2563 1072 Ταῦτα
2615 1015 2682 1086 δὴ
2734 1011 3231 1093 προσλαμϐάνοντα
3299 1015 3494 1092 μόριον
3546 1016 3812 1093 ἀρνητικὸν

2166 1107 2265 1161 οὐκ
2303 1103 2381 1162 ἔτι
2431 1105 2724 1161 καλοῦνται
2777 1100 3018 1179 ὀνόματα
3072 1105 3164 1159 καὶ
3223 1104 3446 1180 ματα
3507 1105 3685 1178 μόνως
3736 1105 3814 1160 καὶ

2171 1193 2382 1264 ἁπλῶς,
2431 1193 2577 1250 ἀλλὰ
2627 1194 2853 1270 ἀόριστα
2902 1193 3144 1266 ὀνόματα
3192 1193 3284 1247 καὶ
3330 1192 3562 1266 ἀόριστα
3594 1193 3812 1268 ῥήματα·

2168 1285 2282 1338 οἷον
2335 1285 2398 1338 τὸ
2454 1283 2548 1356 μὲν
2604 1282 2705 1337 οὐκ
2753 1280 3042 1359 ἄνθρωπος
3090 1281 3180 1336 καὶ
3223 1282 3287 1336 τὸ
3339 1283 3643 1357 Σωκράτης
3682 1277 3816 1357 αόρι-

2168 1394 2266 1428 στα
2317 1372 2581 1445 ὀνόματα.
2627 1373 2698 1426 Τὸ
2749 1369 2795 1426 δ’
2845 1371 2908 1426 ού
2937 1370 3146 1446 τρέχει,
3187 1370 3373 1425 καὶτὸ
3429 1370 3492 1425 ού
3525 1370 3814 1448 φιλοσοφεῖ,

2167 1461 2394 1537 ἀόριστα
2426 1461 2667 1538 ῥήματα.
2697 1459 2908 1530 Ταύτην
2952 1458 2998 1514 δ’
3049 1457 3212 1535 ἔσχον
3260 1460 3361 1528 τὴν
3398 1457 3619 1531 κλῆσιν,
3655 1458 3739 1514 διὰ
3763 1457 3815 1513 τὸ

2173 1551 2248 1623 μὴ
2282 1550 2370 1605 ἐπί
2401 1571 2552 1612 τινος
2585 1549 2895 1626 ὡρισμένου
2927 1543 3322 1621 λαμϐάνεσθαι.

2239 1730 2338 1797 κζ’.
2373 1734 2471 1783 Λεῖ
2521 1725 2578 1783 δὲ
2631 1727 2720 1782 καὶ
2764 1732 2926 1782 τοῦτο
2976 1725 3174 1783 εἰδέναι
3223 1725 3306 1782 δτι
3354 1726 3508 1796 ἁπλῆ
3541 1727 3714 1806 φωνὴ,
3742 1724 3818 1781 καὶ

2170 1818 2326 1897 φάσις
2356 1819 2446 1872 καὶ
2490 1816 2619 1892 ὅρος
2669 1816 2760 1872 καὶ
2809 1812 2986 1890 ὄνομα
3031 1817 3123 1871 καὶ
3155 1815 3306 1892 ῥῆμα
3355 1820 3439 1888 τῷ
3494 1816 3588 1888 μὲν
3623 1816 3817 1870 ὑποκει-

2175 1907 2317 1981 μένῳ
2373 1906 2544 1961 ταύτά
2600 1907 2740 1962 ἐστιν
2799 1905 3076 1976 ἀλλήλοις
3109 1925 3120 1937 ·
3182 1906 3318 1960 κατᾶ
3378 1905 3551 1979 μόνην
3628 1901 3684 1958 δὲ
3732 1903 3819 1971 τὴν

2173 1999 2360 2072 σχέσιν
2391 1993 2582 2072 ἔχουσι
2627 1997 2728 2064 τὴν
2786 1993 3068 2074 διαφοράν.
3125 1996 3250 2050 Οἷον
3302 1995 3370 2049 τὸ
3403 1991 3709 2070 ἄνθρωπος,
3753 1991 3817 2051 ὡς

2177 2087 2272 2159 μὲν
2323 2085 2655 2159 σημαντικόν
2704 2105 2876 2157 τινος,
2928 2083 3078 2154 ἆπλῆ
3129 2081 3381 2139 καλεῖται
3433 2085 3610 2162 φωνήο
3655 2081 3726 2143 ὡς
3769 2077 3819 2134 δὲ

2177 2176 2342 2251 μέρος
2390 2175 2740 2252 καταφάσεως
2799 2175 2833 2243 ἣ
2895 2173 3239 2251 ἀποφάσεως,
3300 2171 3486 2250 φάσις·
3549 2169 3622 2232 ὠς
3680 2167 3723 2223 δ’
3773 2166 3816 2222 ἐν

2172 2264 2536 2338 συλλογισμῷ
2584 2257 3149 2339 παραλαμϐανόμενον
3217 2259 3307 2316 καί
3369 2259 3681 2338 προτάσεως
3731 2255 3816 2330 μό·

2175 2373 2288 2428 ριον
2326 2346 2646 2428 λεγόμενον,
2676 2350 2825 2428 ὅροςο
2860 2352 2934 2413 ὡς
2974 2348 3021 2405 δ’
3073 2349 3458 2424 ὑποκείμενον,
3514 2345 3706 2421 ὄνομα·
3756 2345 3820 2404 ὡς

2175 2441 2232 2498 δὲ
2259 2441 2406 2513 τάξιν
2439 2441 2638 2517 ἐπέχον
2669 2440 3172 2516 κατηγορουμένου,
3210 2439 3385 2515 ῥῆμα.

2245 2641 2352 2710 κη’.
2411 2640 2659 2712 Ῥήματα
2712 2635 2771 2692 δὲ
2826 2638 2974 2714 παρὰ
3028 2641 3148 2698 τοῖς
3214 2633 3581 2692 διαλεκτικοῖς
3634 2632 3717 2687 καὶ
3764 2628 3821 2682 τὰ

2178 2729 2418 2803 ὀνόματα
2478 2728 2756 2804 λέγονται·
2815 2726 2904 2782 καὶ
2964 2727 3032 2780 τὰ
3090 2725 3313 2802 ῥήματα
3361 2722 3530 2779 πάλιν
3583 2719 3818 2793 ὀνόματα,

2174 2822 2356 2872 Πᾶσαν
2414 2816 2518 2892 γὰρ
2570 2813 2721 2870 οὗτοι
2772 2815 2954 2893 φωνὴν
3005 2813 3374 2888 σημαντικήν,
3426 2813 3503 2875 ὡς
3556 2811 3646 2884 μὲν
3705 2808 3819 2862 ὑπο·

2172 2905 2422 2979 κείμενον
2483 2905 2533 2960 ἐν
2593 2902 2853 2981 προτάσει
2912 2897 3284 2976 λαμϐάνοντες
3341 2897 3814 2979 προσαγορεύουσιν

2174 2990 2387 3068 ὄνομα·
2439 2991 2921 3069 κατηγορούμενον
2982 2987 3040 3046 δὲ
3087 2993 3415 3058 ποιοῦντες,
3473 2988 3622 3066 ῥῆμα
3673 3001 3814 3040 κατο-

2172 3082 2526 3158 νομάζουσιν.
2575 3081 2725 3138 Ἐπεὶ
2775 3081 2880 3157 γὰρ
2931 3077 3136 3149 διπλῆν
3194 3078 3470 3153 σημασίαν
3521 3076 3586 3132 τὰ
3622 3074 3816 3153 ῥήματα

2175 3172 2396 3252 φέρουσι
2445 3173 2544 3242 τὴν
2595 3171 2930 3247 ὑπαρκτικήν
2980 3171 3096 3225 καθ’
3144 3168 3212 3239 ἢν
3264 3167 3530 3246 ἐνέργειαν
3581 3161 3617 3235 ἤ
3665 3162 3817 3252 πάθος

2179 3249 2528 3335 σημαίνουσι·
2587 3263 2688 3332 τήν
2736 3280 2796 3315 τε
2849 3260 3136 3336 χρονικήν,
3188 3259 3306 3314 καθ⁸
3359 3255 3429 3328 ἤν
3492 3255 3581 3311 καὶ
3635 3249 3813 3328 χρόνον

415 3365 534 3422 qua
579 3350 756 3407 etiam
790 3331 1042 3425 ialiquod
1109 3331 1345 3427 tempus
1402 3331 1815 3428 adsigniﬁcant
1865 3375 1878 3413 :
1929 3331 2065 3413 cum

2182 3353 2303 3407 τινὰ
2329 3349 2859 3429 προσσημαίνουσιν·
2892 3348 3017 3404 ὅταν
3055 3349 3149 3424 μὶν
3193 3348 3335 3403 κατᾶ
3379 3347 3480 3416 τὴν
3511 3336 3814 3417 ὑπαρκτικῆν

420 3439 659 3510 quidem
701 3457 770 3496 ea
829 3444 1157 3500 secundum
1207 3444 1393 3501 solam
1442 3445 1798 3502 exsistentize
1846 3446 2074 3519 signifi-

422 3527 714 3584 cationem
763 3530 1059 3604 accipiunt
1087 3532 1402 3602 dialectici,
1453 3537 1582 3589 tum
1617 3534 1885 3606 subjecta
1931 3534 2074 3590 faci-

419 3620 548 3688 unt,
576 3621 704 3673 tum
756 3619 998 3676 nomina
1042 3627 1252 3678 vocant
1283 3641 1298 3679 :
1333 3639 1469 3678 cum
1500 3627 1693 3679 autem
1745 3625 2073 3680 secundum

420 3706 703 3778 temporis
743 3708 1257 3782 (signiﬁcationem
1301 3714 1638 3785 usurpant),
1670 3716 1812 3768 tunc
1859 3712 2074 3785 praedi—

419 3798 683 3851 catorum
761 3797 887 3854 loco
945 3815 1014 3856 ea
1068 3804 1350 3872 ponentes
1409 3803 1604 3870 gverba
1660 3803 1881 3858 dicunt.
1941 3802 2074 3858 Jam

417 3899 551 3939 vero
600 3885 844 3942 nomina
891 3887 1223 3961 simplicem
1286 3889 1638 3947 exsistentiaa
1695 3889 2073 3963 signiﬁcatio-

417 3990 553 4030 nem
584 3973 882 4043 habentia,
917 3994 1053 4034 cum
1079 3978 1320 4051 quidem
1350 3979 1473 4036 haec
1502 3997 1650 4052 pura
1692 3979 1990 4053 accipiunt
2019 3984 2078 4036 et

418 4063 684 4134 subjecta
706 4065 930 4122 faciunt
958 4071 1016 4122 et
1043 4068 1199 4140 quod
1233 4073 1373 4124 sunt
1393 4069 1632 4125 nomina
1661 4069 1904 4141 dicunt;
1940 4087 2073 4126 cum

418 4157 617 4209 autem
666 4155 790 4212 hac
835 4157 1149 4229 praedicata
1195 4158 1459 4226 fecerint,
1509 4176 1659 4230 pura
1706 4176 1774 4216 ea
1818 4177 1934 4215 non
1983 4177 2072 4216 re-

417 4241 720 4316 linquunt,
772 4247 874 4302 sed
903 4245 966 4299 τὸ
994 4250 1083 4302 est
1132 4251 1235 4303 aut
1281 4248 1392 4303 fuit
1439 4252 1543 4304 aut
1571 4249 1683 4304 erit
1731 4254 2070 4322 apponunt;

418 4335 484 4386 ut
511 4337 569 4388 et
618 4332 741 4390 hac
769 4334 906 4391 inde
955 4335 1252 4408 duplicem
1306 4337 1799 4410 signiﬁcationem
1849 4339 2071 4395 baben-

414 4421 518 4490 tia,
552 4423 790 4496 propria
833 4423 1106 4481 videlicet
1153 4442 1281 4498 quas
1321 4431 1409 4482 est
1453 4427 1808 4483 exsistentia:
1838 4432 1897 4483 et
1943 4444 2073 4483 eam

415 4528 547 4583 quae
577 4517 668 4569 est
711 4529 781 4568 ex
831 4515 1208 4586 adjunctione
1235 4518 1334 4568 τοῦ
1386 4520 1477 4572 est
1504 4521 1608 4573 aut
1655 4517 1764 4572 fuit
1793 4521 1896 4573 aut
1941 4517 2070 4587 erit,

415 4617 545 4672 qua:
578 4602 923 4674 temporalis
949 4607 1060 4672 est,
1087 4604 1398 4660 verborum
1427 4604 1615 4660 vicem
1646 4605 1951 4678 impleant.

2187 3440 2361 3514 μόνην
2414 3439 2684 3513 σημασίαν
2733 3443 2903 3495 ταῦτα
2959 3433 3343 3512 λαμϐάνωσιν,
3406 3429 3724 3505 ὑποκείμενά
3769 3442 3819 3478 τε

2182 3535 2401 3586 ποιοῦσι
2431 3529 2521 3585 καὶ
2554 3529 2813 3586 καλοῦσιν
2846 3528 3110 3603 ὀνόματαο
3144 3526 3270 3583 ὅταν
3304 3524 3366 3583 δὲ
3391 3526 3530 3582 κατὰ
3544 3524 3641 3591 τήν
3660 3533 3820 3603 χρονιξ

2181 3622 2306 3692 κήν,
2337 3621 2462 3676 τότε
2489 3601 3202 3696 κατηγορούμενα-τιθέντες
3235 3616 3464 3692 λέγουσι
3509 3613 3733 3691 ματα.
3758 3601 3821 3657 Τὰ

2184 3707 2232 3764 δ’
2287 3709 2531 3783 ὀνόματα
2581 3708 2854 3782 σημασίαν
2905 3705 3088 3777 ἁπλῆν
3139 3713 3239 3776 τῆς
3291 3704 3571 3778 ὑπάρξεως
3625 3697 3816 3774 ἔχοντα,

2183 3797 2308 3854 ὅταν
2367 3800 2461 3872 μὲν
2520 3797 2728 3875 καθαρὰ
2772 3802 2940 3852 ταῦτα
2991 3790 3374 3870 λαμϐάνωσιν,
3427 3784 3817 3875 ὑποκείμενά

2182 3866 2402 3942 ποιοῦσι
2455 3887 2546 3942 καὶ
2604 3866 2735 3964 ὅπερ
2791 3885 2923 3941 εἰσὶν
2987 3866 3228 3958 ὀνύματα
3280 3881 3556 3978 λέγουσινζ
3610 3866 3816 3978 ὅταν,δξ

2183 3975 2634 4054 κατηγορούμενα
2687 3979 2856 4030 ταῦτα
2911 3976 3216 4046 ποιήσωσιν
3251 4019 3266 4047 ,
3327 3973 3429 4029 οὐκ
3495 3969 3646 4026 ἐῶσιν
3701 3953 3814 4062 of???

2181 4046 2409 4144 xaeaipa';
2469 4046 2814 4143 προστιθέασι
2875 4062 2933 4120 δὲ
2986 4063 3204 4126 τούτοις
3263 4064 3356 4118 καὶ
3413 4061 3478 4117 τὸ
3525 4046 3812 4150 ἔστξὴῆυτδ

2181 4161 2271 4228 ἦν·
2409 4156 2474 4211 τὸ
2531 4153 2698 4211 ἔσται·
2756 4155 2830 4216 ὡς
2889 4153 2948 4209 ἂν
3010 4152 3246 4209 ἐντεῦθεν
3298 4149 3502 4220 διπλῆν
3546 4143 3633 4201 καὶ
3669 4143 3812 4195 ταῦτα

2181 4248 2281 4316 τὴν
2319 4245 2590 4319 σημασίαν
2640 4243 2856 4320 ἔχοντα,
2909 4244 3010 4312 τὴν
3061 4239 3264 4298 οἰκείαν
3317 4239 3386 4310 δὴ
3433 4239 3532 4308 τὴν
3582 4235 3810 4320 ὑπαρκτί-

2182 4337 2306 4409 κήν,
2357 4335 2446 4390 καὶ
2495 4336 2594 4403 τὴν
2646 4333 2706 4389 ἐκ
2741 4339 2843 4402 τῆς
2875 4333 3194 4410 προσθήκης
3234 4335 3336 4386 τοῦ
3364 4325 3527 4395 ἔστιν,
3626 4320 3715 4416 τοῦ
3755 4313 3808 4416 ἦν

2182 4405 2347 4495 ἤτοῦ
2379 4419 2549 4494 ἔσται,
2602 4423 2724 4493 ἥτις
2769 4405 3003 4498 ὑπάρχει
3056 4420 3316 4498 χρονική,
3365 4418 3468 4488 τήν
3508 4405 3809 4483 τῶνκ

2181 4535 2288 4568 των
2317 4513 2507 4589 χρείαν
2539 4510 2765 4581 ἀποπλη
2775 4515 2932 4588 ρῶσι.

483 4707 575 4763 29.
626 4708 913 4764 Caeterum
960 4707 1024 4762 τὸ
1072 4713 1162 4765 est
1231 4715 1288 4766 et
1334 4711 1446 4766 fuit
1492 4715 1549 4766 et
1595 4711 1728 4780 erit,
1779 4729 1914 4768 cum
1973 4727 2065 4784 per

2253 4711 2352 4773 κδ’.
2385 4709 2456 4763 Τὸ
2496 4705 2607 4764 ἔστι
2667 4705 2725 4762 δὲ
2773 4706 2865 4761 καὶ
2918 4704 2985 4774 ἦν
3026 4703 3118 4760 καὶ
3175 4699 3324 4759 ἔσται
3381 4700 3497 4758 καθ’
3553 4688 3679 4750 αὑτὰ
3725 4679 3804 4784 μξν

417 4811 480 4852 se
533 4795 773 4868 quidem
833 4801 990 4868 sunt,
1051 4798 1345 4871 duplicem
1404 4801 1557 4857 263
1617 4800 1836 4856 habent
1887 4801 2070 4873 signi-

415 4884 772 4956 ﬁcationem,
804 4890 870 4942 ut
898 4888 1106 4956 verba;
1140 4889 1492 4944 exsistentiaa
1524 4889 1806 4945 nimirum
1839 4893 1895 4946 et
1922 4894 2070 4945 tem-

413 4973 612 5045 poris;
649 4977 712 5029 ut
760 4991 894 5030 cum
946 4975 1268 5032 dixerimus
1304 4993 1316 5030 :
1353 4977 1536 5033 Homo
1587 4983 1695 5047 est,
1748 4983 1850 5033 aut
1893 4978 2070 5034 homo

413 5063 544 5132 fuit,
591 5068 695 5120 aut
741 5063 918 5121 homo
969 5065 1099 5121 erit.
1132 5069 1276 5121 Cum
1325 5071 1521 5122 autem
1573 5067 1916 5123 nominibus
1967 5069 2069 5123 ad-

407 5154 745 5226 junguntur
790 5158 1012 5210 etcum
1066 5154 1185 5210 illis
1239 5154 1651 5228 exquiruntur,
1683 5155 1871 5211 solam
1919 5161 2069 5213 tem-

416 5241 574 5312 poris
624 5242 844 5298 habent
884 5243 1376 5316 signiﬁcationem
1425 5244 1514 5315 (ut
1542 5260 1674 5299 cum
1725 5244 2068 5314 dixerimus,

416 5331 685 5386 Socrates
736 5337 826 5387 est
873 5333 1131 5404 sapiens,
1181 5337 1283 5388 aut
1329 5337 1593 5388 Socrates
1655 5332 1765 5388 fuit
1813 5335 2066 5406 sapiens,

417 5423 520 5474 aut
549 5418 816 5476 Socrates
864 5422 976 5476 erit
1005 5423 1284 5494 sapiens),
1331 5422 1801 5494 exsistentiasque
1848 5425 2070 5496 signiﬁ-

415 5506 706 5563 cationem
738 5510 1003 5566 obtinent
1017 5512 1258 5566 nomina
1275 5511 1493 5583 quibus
1514 5515 2068 5584 apponuntur.Qua~

414 5612 477 5651 re
506 5611 642 5650 cum
690 5598 981 5669 ejusmodi
1039 5599 1381 5655 nominibus
1437 5605 1495 5655 et
1549 5599 1950 5656 exsistentiam
2010 5606 2068 5657 et

414 5690 652 5755 tempus
699 5687 1095 5761 signiﬁcantia
1141 5688 1529 5762 perfectorum
1583 5691 1891 5748 verborum
1932 5708 2064 5765 pro-

411 5771 720 5848 prietatem
751 5780 1012 5836 servant.

2181 4794 2330 4868 ὄντα,
2393 4796 2595 4866 διπλῆν
2655 4795 2771 4872 ἔχει
2828 4795 2927 4864 τὴν
2988 4791 3282 4866 σημασίαν,
3340 4792 3418 4882 ὡς
3466 4787 3690 4882 ῥήματω

2183 4889 2540 4965 ὑπαρκτικήν,
2597 4869 2846 4954 καῖ-τήν
2903 4885 3186 4960 χρονικήν’
3247 4882 3326 4945 ὡς
3381 4878 3504 4936 ὅταν
3564 4869 3775 4935 εἴπωμεν

2180 4962 2508 5054 ’Ἄνθρωπός
2559 4974 2726 5046 ἐστιν,
2768 4971 2830 5043 ἦ,
2885 4973 3208 5049 Ἀνθρωπος
3253 4973 3344 5042 ἦν,
3387 4965 3424 5038 ἤ
3449 5014 3463 5039 ,
3513 4962 3801 5054 ’Ἂνθριςπρξ

2180 5041 2348 5123 ἔσται..
2407 5068 2568 5120 Ὅταν
2625 5062 2685 5119 δὲ
2711 5041 3141 5137 ’προστιθέμενα
3195 5065 3314 5150 τοῖς
3379 5055 3629 5150 ὀνόμασιν

2183 5161 2296 5229 μετ’
2342 5154 2518 5210 αὐτῶν
2569 5153 2938 5224 ἐξετάζωνται,
2992 5150 3164 5225 μόνην
3217 5147 3331 5225 ἔχει
3380 5147 3478 5215 τὴν
3526 5127 3775 5229 χρονικήνΙ

2179 5226 2254 5306 ὧς
2284 5243 2406 5299 ὅταν
2461 5241 2720 5316 εἷ’πωμεν,
2773 5241 3075 5318 Σωκράτης
3108 5238 3277 5319 σοφός
3310 5237 3472 5304 ἔστιν,
3521 5226 3579 5329 ἤν

2175 5354 2278 5404 της
2312 5333 2476 5412 σοφὸς
2506 5307 3024 5407 ἦνίῆίΣωκράτης
3079 5307 3248 5408 coepti:
3297 5326 3462 5383 ἔσται’
3493 5319 3588 5412 Tn?
3636 5307 3678 5364 δ’

2177 5405 2437 5499 αρκτικῆν
2473 5420 2745 5495 σημασίαν
2795 5405 3082 5490 κέκτηνται
3131 5405 3200 5472 τὰ
3245 5405 3604 5501 ὀνόματα-οῖς
3648 5406 3793 5501 1‘???-

2173 5485 2428 5566 τίθενται.
2490 5513 2652 5566 Ὥστε
2701 5509 2836 5584 μετὰ
2878 5511 2987 5564 τῶν
3037 5505 3300 5563 τοιούτων
3351 5498 3620 5584 ὀνομάτωςθ
3649 5485 3792 5584 bis???

2176 5601 2251 5671 ξίν
2309 5622 2369 5656 τε
2422 5600 2511 5655 καὶ
2584 5567 2781 5677 χρόνον
2848 5595 3184 5672 σημαίνοντα
3257 5597 3356 5666 τήν
3411 5567 3514 5644 τιῦν
3589 5567 3787 5634 ἐντελῶν

2176 5689 2244 5766 ῥη
2256 5691 2436 5765 μάτων
2471 5691 2732 5760 σώζουσιν
2766 5685 3034 5758 ἷδιότηνα.
