4126 6432
347 452 473 515 893

1714 445 2066 509 EPITOME
2107 445 2387 510 LOGICA
2401 488 2419 507 .

3649 432 3769 495 894

417 580 491 639 λ’.
525 587 679 638 Πᾶσα
708 580 891 638 τοίνυν
943 578 1203 657 πρότασις
1253 578 1305 650 ἐξ
1339 577 1606 653 ὀνόματος
1640 577 1731 634 καὶ
1764 577 2009 655 ῥήματος

2188 580 2277 634 30.
2312 578 2519 635 Omnis
2547 592 2685 650 ergo
2731 572 3056 649 propositio
3104 585 3174 626 ex
3221 566 3479 657 nomine
3507 569 3567 623 et
3593 565 3769 657 verbo

347 668 467 749 ἔχει
523 672 624 741 τὴν
674 674 903 748 γένεσιν·
961 671 1075 725 οἷον
1130 670 1194 724 τὸ
1247 665 1565 746 φιλοσοφεῖν
1616 667 1810 743 ἀγαθόν
1844 666 2006 723 ἐστιν.

347 759 490 818 Ἰδοὺ
518 760 582 815 τὸ
613 757 932 838 φιλοσοφεῖν
981 757 1156 832 ύνομα
1204 756 1437 833 λέγεται·
1470 757 1533 811 τὸ
1583 753 1641 811 δὲ
1668 754 1864 831 ἀγαθόν
1898 754 2011 810 ἐστι

353 849 530 929 ῥῆμα.

425 941 543 998 λα’.
597 940 698 993 Καὶ
753 936 946 1000 ἁπλῶς
1002 936 1125 992 ἔνθα
1178 937 1243 991 τὸ
1298 934 1494 1013 ἄρθρον
1546 933 1583 1005 ἤ
1643 932 1916 1007 δυνάμει,
1972 930 2010 1002 ἤ

318 1018 595 1107 ἐνεργείᾳ
643 1030 945 1104 θεωρεῖται,
1000 1026 1172 1083 ἐκεῖνο
1230 1027 1321 1082 καὶ
1378 1022 1552 1099 ὄνομα
1608 1024 1864 1101 ὑπάρχει,
1921 1023 2011 1078 καὶ

353 1117 729 1192 ὑποκείμενον.
786 1118 951 1171 Ἔνθα
1000 1113 1058 1171 δὲ
1101 1117 1165 1172 τὸ
1214 1114 1356 1171 ἔστιν
1400 1112 1437 1185 ἤ
1487 1112 1733 1188 δυνάμει,
1782 1111 1819 1182 ἤ
1871 1112 2013 1189 ἐνερ-

351 1209 496 1286 γείᾳ,
542 1207 717 1264 ἐκεῖνο
769 1206 860 1261 καὶ
915 1206 1068 1282 ῥῆμα
1112 1206 1203 1260 καὶ
1249 1204 1730 1282 κατηγυρούμενον
1774 1200 2009 1277 λέγεται.

352 1297 627 1375 Ἐνεργείᾳ
688 1295 782 1369 μὲν
843 1295 937 1350 οὗν
994 1294 1084 1351 καὶ
1132 1295 1197 1349 τὸ
1256 1292 1476 1370 ἄρθρον,
1528 1294 1619 1348 καὶ
1646 1292 1709 1348 τό
1753 1290 1893 1347 ἔστιν
1926 1290 2013 1346 ἐπὶ

349 1396 455 1458 τῆς
514 1384 813 1463 εἰρημένης
870 1385 1185 1461 προτάσεως
1244 1383 1483 1462 φαίνεται
1538 1388 1638 1451 τῆς
1696 1380 1962 1458 λεγούσης
1997 1399 2011 1412 ·

348 1479 420 1534 Τὸ
465 1475 785 1556 φιλοσοφεῖν
837 1473 1039 1548 ἀγαθόν
1088 1471 1218 1528 ἐστι·
1275 1470 1499 1545 δυνάμει
1549 1469 1724 1526 δὲκαὶ
1784 1469 2016 1547 ἀμφότε-

351 1588 440 1644 ρα,
500 1566 576 1627 ὡς
634 1562 758 1618 ὅταν
822 1559 1085 1637 εἷ’πωμεν,
1138 1559 1366 1638 ’Λγαθὸν
1422 1560 1738 1624 πεποιθέναι
1787 1559 1876 1614 ἐπὶ
1914 1558 2016 1613 K6-

353 1676 491 1734 ριον.
524 1650 691 1708 Οὐδὲν
722 1651 825 1728 γὰρ
875 1647 1062 1728 ἕτερον
1107 1648 1368 1726 λὲγομεν,
1399 1647 1435 1719 ἤ
1470 1648 1552 1704 ὅτι
1601 1649 1665 1703 τὸ
1702 1648 2016 1704 πεποιθέναι

353 1743 442 1800 ἐπὶ
471 1741 671 1819 Κύριον
704 1738 904 1815 ἀγαθόν
964 1738 1098 1794 ἐστι’
1150 1739 1239 1793 καὶ
1273 1737 1455 1810 πάλιν,
1507 1734 1722 1800 Παῦλος
1762 1734 2014 1793 ἐπέστελ-

355 1833 471 1905 λεν,
501 1830 700 1907 ἤγουν,
726 1834 783 1883 '0
826 1827 1047 1891 Παῦλος
1100 1826 1437 1883 ἐπιστέλλων
1481 1827 1570 1896 ἦν·
1618 1826 1708 1881 καὶ
1756 1826 2014 1896 Ἰωάννης

2120 684 2291 723 suam
2322 666 2797 723 constitutionem
2829 663 3039 731 habet;
3079 659 3241 718 velut
3267 656 3331 711 τὸ
3359 652 3768 731 philosophari

2120 757 2343 813 bonum
2393 760 2501 812 est.
2542 757 2687 812 Ecce
2728 754 2791 808 τὸ
2838 747 3240 827 philosophari
3288 762 3549 804 nomen:
3602 747 3663 800 at
3704 740 3769 796 τὸ

2120 847 2341 902 bonum
2373 850 2484 913 est,
2512 845 2756 901 verbum
2787 842 3019 899 dicitur.

2190 936 2281 990 31.
2322 935 2394 990 Et
2449 933 2796 1007 simpliciter
2852 929 2955 986 ubi
3012 925 3297 984 articulus
3354 928 3457 980 aut
3511 919 3773 996 potentia

2121 1028 2223 1081 aut
2269 1029 2404 1081 actu
2446 1024 2868 1087 consideratur,
2900 1019 3047 1075 illud
3096 1022 3155 1074 et
3204 1031 3419 1072 nomen
3469 1017 3527 1069 et
3572 1011 3772 1083 subje-

2121 1121 2281 1169 ctum
2314 1114 2562 1170 exsistit.
2596 1112 2705 1169 Ubi
2744 1114 2941 1167 autem
2989 1107 3053 1162 τὸ
3101 1110 3193 1164 est
3238 1108 3341 1161 aut
3378 1100 3641 1177 potentia
3671 1102 3774 1156 aut

2122 1208 2257 1259 actu
2315 1203 2586 1270 habetur,
2640 1201 2785 1257 illud
2852 1204 2911 1255 et
2971 1197 3217 1254 verbum
3273 1198 3333 1250 et
3386 1190 3770 1266 praedicatum

2121 1293 2357 1349 dicitur.
2390 1292 2637 1348 Proinde
2662 1289 2899 1363 quidem
2931 1291 3064 1344 actu
3106 1290 3165 1342 et
3210 1281 3494 1340 articulus
3540 1283 3598 1337 et
3641 1295 3769 1335 ver-

2122 1384 2266 1438 bum
2322 1390 2399 1438 est
2454 1380 2515 1437 in
2575 1382 2733 1436 dicta
2785 1376 3182 1451 propositione
3232 1372 3595 1445 conspicitur
3643 1386 3772 1441 quae

2123 1471 2265 1527 dicit
2301 1469 2363 1524 τὸ
2405 1469 2808 1542 philOSOphari
2839 1469 3059 1523 bonum
3109 1469 3199 1521 est
3230 1481 3244 1520 :
3296 1468 3549 1533 utraque
3577 1462 3774 1516 autem

2123 1560 2302 1616 etiam
2349 1560 2632 1631 potentia,
2674 1563 2740 1614 ut
2787 1573 2921 1612 cum
2971 1553 3314 1623 dixerimus,
3367 1552 3590 1606 bonum
3637 1564 3776 1604 con-

2124 1648 2302 1703 ﬁdere
2331 1648 2392 1703 in
2423 1647 2692 1703 Domino.
2723 1644 2881 1701 Nihil
2907 1645 3064 1701 264
3093 1642 3250 1698 enim
3282 1639 3443 1697 aliud
3476 1641 3568 1694 est
3595 1651 3775 1708 quam

2121 1736 2186 1791 τὸ
2235 1738 2526 1793 conﬁdere
2573 1736 2633 1791 in
2679 1735 2925 1791 Domino
2972 1734 3194 1789 bonum
3225 1734 3351 1799 est;
3406 1732 3464 1784 et
3510 1727 3774 1783 iterum:

2125 1822 2341 1887 Παῦλος
2390 1843 2493 1899 per
2538 1826 2762 1882 litteras
2793 1822 3202 1897 signiﬁcabat;
3252 1820 3364 1875 hoc
3414 1820 3504 1874 est
3550 1815 3579 1869 ὁ
3627 1816 3779 1868 Παῦ-

360 1904 655 1999 βασιλεύει,
702 1919 951 1974 τουτέστι
999 1918 1029 1973 ὁ
1078 1918 1336 1987 Ἰωάννης
1392 1915 1695 1991 βασιλεύων
1746 1914 1878 1970 ἐστί·
1924 1914 2012 1969 καὶ

2130 1912 2226 1977 λος
2253 1934 2356 1989 per
2382 1916 2608 1972 litteras
2637 1918 2764 1971 erat
2793 1929 2897 1970 seu
2928 1911 3039 1968 fuit
3068 1910 3413 1983 signiﬁcans
3441 1924 3455 1961 :
3505 1909 3563 1962 et
3587 1904 3776 2016 ’Iwa’w:

359 1995 667 2087 βασιλεύσει
721 2008 921 2085 Κύριος
981 2006 1058 2070 εἷς
1115 2007 1208 2061 τὸν
1267 2005 1457 2060 αἷῶνα’
1509 2004 1702 2059 ταύτὸν
1764 2001 1808 2059 δ’
1845 2002 2012 2058 εἰπεῖν

2130 2025 2223 2076 νης
2272 2010 2500 2079 regnat,
2533 2005 2643 2061 hoc
2688 2007 2797 2076 est,
2844 2002 2873 2056 ὁ
2926 2000 3176 2069 Ἰωάννης
3224 2002 3314 2055 est
3359 2010 3665 2087 regnans:
3722 1995 3781 2049 et

353 2098 437 2156 ὅτι
468 2101 498 2156 ὁ
526 2099 727 2176 Κύριος
757 2095 1094 2175 βασιλεύσων
1128 2089 1275 2150 ἔσται
1305 2094 1381 2158 εἷς
1409 2094 1502 2150 τὸν
1535 2094 1720 2150 αἰῶνα.

423 2260 533 2354 λβ’.
561 2277 634 2332 Τὸ
681 2272 793 2331 ἔστι
826 2272 885 2331 δὲ
932 2275 1024 2330 καὶ
1066 2274 1132 2344 ἧν
1184 2271 1275 2328 καὶ
1323 2270 1469 2327 ἔσται
1503 2271 1723 2348 ῥήματα
1765 2270 2012 2347 λέγονται

348 2363 640 2443 ἀρχοειδῆ,
674 2363 765 2421 διὰ
786 2366 851 2421 τὸ
876 2362 1055 2420 τᾶλλα
1084 2360 1355 2439 πάντα-
1368 2382 1509 2436 ματα
1539 2362 1615 2424 εἰς
1636 2362 1733 2424 τὰς
1770 2360 2012 2436 μετοχὰς

345 2456 438 2512 καὶ
468 2455 548 2518 εἷς
580 2453 717 2511 αὐτὰ
744 2452 1087 2518 ἀναλύεσθαι.

2121 2095 2391 2167 regnabit
2436 2092 2634 2167 Κύριος
2687 2092 2746 2147 in
2796 2096 3102 2159 aeternum,
3134 2088 3292 2143 idem
3341 2084 3501 2141 dictu
3550 2085 3642 2139 est
3689 2096 3777 2149 ac,

2121 2183 2179 2236 Ὁ
2210 2181 2410 2257 Κύριος
2442 2186 2798 2257 regnaturus
2829 2184 2919 2236 est
2954 2179 3016 2234 in
3046 2183 3350 2234 aeternum.

2193 2274 2283 2329 32.
2313 2271 2386 2326 Τὸ
2415 2278 2506 2329 est
2527 2276 2724 2327 autem
2754 2275 2813 2327 et
2840 2270 2953 2325 fuit
2984 2273 3044 2325 et
3071 2267 3201 2338 erit,
3221 2265 3401 2322 verba
3427 2260 3783 2336 primigenia

2123 2363 2424 2429 dicuntur,
2459 2361 2616 2433 quod
2647 2359 2847 2417 omnia
2885 2357 3001 2415 alia
3040 2356 3221 2414 verba
3261 2354 3322 2410 in
3369 2350 3679 2426 participia
3719 2352 3779 2405 et

2122 2451 2253 2525 ipsa
2282 2449 2676 2509 resolvuntur.

1471 2614 1695 2671 Tabula
1722 2613 1919 2687 capitis
1945 2615 2037 2686 26,
2063 2613 2131 2670 de
2155 2614 2378 2670 nomine
2408 2615 2462 2669 et
2489 2613 2669 2670 verbo.

1253 2738 1601 2808 rammatice,

351 2814 576 2873 Nomen
616 2812 1010 2871 consideratur
1049 2755 1158 2956 et:
1214 2755 1639 2938 ῗύέἔὲἓεὲλοὲἒι
1690 2810 2225 2938 voxmsigniﬁcativa
2279 2826 2349 2867 ex
2402 2809 2683 2877 instituto,
2740 2808 2866 2864 sine
2924 2813 3195 2877 lempore,
3227 2803 3391 2874 cujus
3441 2818 3570 2875 pars
3622 2798 3783 2858 nulla

1288 2898 1437 2954 signi
1483 2897 1548 2939 ca
1602 2898 1799 2954 separa
1864 2924 1878 2937 .

1288 2881 1572 2954 Signiﬁcat
1602 2889 1878 2954 separata.

360 3079 606 3138 Verbum
631 3079 1025 3138 consideratur
1050 3085 1104 3137 et
1131 3016 1161 3212 ἓ
1214 3014 1600 3151 ῗύὲἶὲεξιξᾶἓιϐἓῖ

1284 3166 1415 3212 pars
1442 3166 1600 3212 sspar

448 3384 597 3443 265
632 3383 752 3443 Vox
778 3383 891 3440 alia
920 3389 1005 3439 est
1128 3278 1159 3560 ἓ

418 3688 593 3745 ﬁcant
639 3686 778 3740 κατὰ
825 3684 1095 3754 συνθήκην

349 3615 594 3673 Nomina
623 3622 680 3672 et
716 3613 886 3671 verba
929 3611 1102 3684 signi-

415 3616 594 3673 )mina
623 3622 680 3672 et
716 3616 886 3671 verba
929 3616 1102 3684 signi-

415 3688 593 3818 ξὲρηι
639 3686 778 3740 κατὰ
825 3616 1155 3823 συνθήκηνὲ

536 3919 668 3978 Non
698 3923 782 3976 est
808 3915 900 3975 vel

480 4114 728 4173 Verbum
758 4122 841 4172 est
867 4113 959 4172 vel
1124 4076 1146 4226 ξ

1318 3310 1616 3369 articulate
1640 3318 1695 3369 et
1720 3311 1842 3368 haec
1870 3310 1959 3368 vel
2095 3275 2118 3418 Ξ

1208 3879 1458 3955 ﬁnitum,
1491 3891 1552 3940 ut
1582 3884 1857 3953 Socrates,
1891 3884 2083 3955 homo,

1207 3952 1520 4025 inﬁnitum,
1552 3963 1613 4011 ut
1642 3972 1760 4013 non
1789 3952 2076 4028 Socrates,
2098 3971 2217 4013 non
2243 3956 2435 4013 homo.

1237 3068 1395 3151 ogice
1423 3095 1436 3133 :
1469 3086 1524 3135 et
1555 3068 1778 3163 est‘vozg
1806 3078 2180 3163 signiﬁcativa
2207 3094 2277 3135 ex
2307 3079 2565 3135 instituto
2595 3092 2721 3149 quae
2764 3082 2989 3148 tempus
3026 3072 3404 3146 adsigniﬁcat,
3433 3070 3597 3143 cujus
3623 3068 3784 3127 nulla

1284 3166 1415 3222 pars
1442 3153 1699 3222 separata
1727 3151 2031 3224 signiﬁcat.

2177 3273 2571 3346 signiﬁcativa,
2599 3278 2661 3346 ut
2695 3272 2885 3346 homo,

2176 3342 2297 3404 non
2325 3342 2724 3418 signiﬁcativa,
2753 3350 2814 3401 ut
2844 3342 3043 3400 blitiri.

1214 3504 1333 3545 non
1358 3489 1674 3555 articulate,
1709 3496 1770 3546 ut
1799 3489 2034 3547 latratus
2061 3505 2293 3548 canum.

1212 3663 1281 3703 ex
1310 3649 1591 3719 instituto,
1625 3650 1844 3708 scilicet
1873 3649 2337 3708 nomenclatoris.
2370 3651 2627 3719 adeoque
2657 3664 2776 3706 non
2800 3654 3022 3715 natura,

1209 3736 1280 3776 ex
1311 3716 1746 3793 compositione,
1778 3731 1914 3794 puta
1942 3723 2291 3793 syllabarum
2318 3723 2389 3778 ad
2417 3716 2797 3779 differentiam
2824 3736 3032 3777 vocum
3060 3716 3570 3776 inarticulatarum.

1204 4077 1430 4153 ﬁnitum
1464 4097 1478 4136 :
1513 4087 1575 4136 ut
1602 4081 1799 4153 currit,
1833 4080 2284 4153 philosophatur,

1202 4150 1516 4220 inﬁnitum,
1550 4159 1611 4208 ut
1639 4168 1758 4210 non
1779 4150 1984 4225 currit,
2018 4150 2137 4209 non
2166 4151 2621 4223 philosophatur.

1500 4410 1655 4467 206
1693 4408 2033 4467 SYNOPSIB
2070 4409 2350 4468 CAPITIS
2387 4409 2610 4477 XXVII,

1358 4514 1511 4562 QUOD
1548 4515 1651 4555 EST
1688 4515 1760 4554 DE
1798 4515 2185 4565 ORATIONEL‘I‘
2220 4515 2753 4556 PROPOSITIONIBUS.

338 4614 394 4669 1.
420 4612 744 4688 ρνᾳιίρτιωη
783 4612 976 4686 deﬁnit
1019 4622 1073 4670 et
1117 4615 1328 4688 probat.
1376 4647 1448 4657 —
1494 4617 1549 4671 2.
1604 4616 1921 4672 Orationem
1976 4616 2043 4672 in
2097 4617 2342 4688 quinque
2387 4617 2595 4688 species
2640 4615 2861 4683 dividit,

2950 4632 3052 4673 uas
3095 4615 3347 4685 singulas
3394 4615 3656 4686 explicat.
3705 4645 3772 4656 —

412 4685 467 4760 3.
498 4684 780 4760 Qriginem
826 4684 877 4742 et
921 4684 1217 4760 numerum
1240 4759 1243 4760 ν
1264 4687 1467 4760 [tarum
1508 4690 1751 4760 quinque
1803 4688 2068 4744 orationis
2102 4684 2423 4759 specierum
2471 4690 2781 4760 investigat.
2817 4718 2884 4728 —
2916 4684 2968 4742 4.
3009 4684 3428 4743 Enuntiativam
3465 4684 3775 4760 orationem

413 4755 623 4831 deﬁnit.
651 4788 721 4831 :-
747 4757 816 4831 5.
833 4757 1098 4831 Bamdem
1124 4758 1327 4814 dividit
1354 4761 1417 4814 in
1446 4755 1878 4831 afﬁrmationem
1904 4768 1978 4831 iet
2017 4755 2366 4828 negdtionem
2414 4762 2472 4815 ut
2516 4761 2578 4814 in
2621 4755 2841 4831 species.
2873 4789 2939 4800 —
2968 4760 3024 4815 6.
3061 4760 3351 4831 Utramque
3377 4758 3772 4831 speciemdeﬁ-

413 4829 627 4902 niti—
652 4827 1058 4902 7._A/'ﬁrmatio
1107 4838 1162 4902 et
1204 4831 1423 4902 negatio
1450 4827 1664 4901 faciunt
1691 4827 2200 4887 contradictionem.
2240 4862 2310 4872 —-
2349 4831 2403 4884 8.
2442 4832 2589 4887 Unde
2615 4827 2970 4887 contradictio
3008 4832 3083 4886 sit
3128 4827 3275 4887 dicta
3314 4838 3367 4887 et
3405 4827 3546 4901 guid
3580 4830 3672 4884 sit.
3703 4827 3773 4868 '—

413 4900 468 4975 9.
503 4897 1027 4975 Contradietionem,
1060 4901 1120 4975 id
1166 4911 1243 4958 est
1276 4897 1689 4974 'oppos'itionem
1740 4905 1842 4971 (sic
1884 4904 2036 4958 enim
2063 4904 2306 4975 seipsum
2335 4902 2602 4975 declarat)
2629 4903 2827 4958 dividit
2872 4920 2907 4957 a
2952 4903 3222 4974 qualitate
3247 4897 3493 4974 partium
3516 4916 3769 4965 suarum,

416 4973 479 5028 in
506 4972 902 5043 oppositionem
930 4972 1203 5028 nimirum
1229 4972 1381 5031 vera?
1423 4975 1817 5046 afﬁrmationis
1864 4977 1921 5029 et
1960 4972 2498 5046 falsa—negationis,
2531 4991 2596 5029 ac
2644 4978 2833 5031 contra
2868 4972 3039 5100 [alsia
3090 4972 3483 5046 afﬁrmationis
3528 4982 3581 5028 et
3626 4987 3776 5029 vera

416 5044 745 5100 neaationis.
785 5047 837 5099 et
883 5043 1214 5100 divisionem
1258 5045 1471 5100 probat.
1505 5076 1574 5087 —-
1609 5048 1694 5100 10.
1727 5046 2166 5100 Afﬁrmationem
2212 5055 2266 5100 et
2309 5049 2654 5100 neaationem
2706 5045 2864 5100 novel
2889 5056 2945 5100 at
2988 5049 3295 5100 orationem
3342 5046 3774 5100 enuntiativum.

413 5044 748 5118 negationis,
785 5047 847 5118 et
883 5043 1214 5101 divisionem
1255 5043 1574 5118 probat.'——
1609 5048 1694 5118 10.
1727 5043 2166 5118 Afﬁrmationem
2212 5055 2266 5101 et
2309 5049 2654 5114 negationem
2706 5045 2864 5118 appet

1003 5132 1173 5187 quare
1218 5114 1525 5189 προτάσεις,
1566 5117 1624 5172 id
1669 5114 1778 5174 est'
1795 5114 2213 5189 propositiones,
2244 5121 2622 5173 nominentur.
2654 5114 2842 5173 -”1’1.
2872 5119 3271 5188 Propositiouis
3299 5119 3470 5173 etiam
3494 5118 3776 5189 geminam

410 5183 1204 5261 deﬁnitionemproponit.—
1237 5183 1321 5244 f2.
1355 5183 1765 5260 Propositiones
1792 5183 1990 5244 dividit
2020 5190 2080 5243 in
2108 5183 2206 5245 eas
2231 5204 2357 5261 qua
2385 5206 2456 5244 ex
2482 5189 2724 5259 subjecto
2753 5192 2806 5243 et
2831 5183 3152 5260 praedicata,
3185 5198 3238 5245 et
3289 5190 3351 5244 in
3394 5205 3489 5261 eas

412 5123 465 5170 et
506 5114 679 5184 simul
724 5114 958 5184 indicat,

2889 5056 2945 5100 at
2988 5049 3295 5101 orationem
3342 5046 3774 5109 enuntiativum,

3537 5203 3774 5259 quaeea:

411 5259 573 5314 tertio
594 5257 991 5330 appraedicato,
1015 5260 1159 5332 etin
1186 5275 1279 5316 eas
1308 5273 1432 5330 qua
1462 5257 1631 5315 etiam
1649 5276 1720 5315 ex
1746 5261 1918 5316 modo
1944 5264 2195 5317 constant
2208 5257 2487 5323 {interim
2508 5257 2794 5332 explicans
2814 5257 2946 5331 guid
2973 5260 3264 5330 subiectus,
3287 5260 3419 5332 quid
3445 5257 3774 5331 praedicatus

410 5332 682 5386 terminus
726 5338 819 5394 sit,
850 5333 904 5386 et

947 5330 1081 5402 quid
1131 5332 1359 5386 tertium
1405 5332 1837 5402 appraedicatum
1865 5345 2105 5400 vocetur,
2136 5342 2190 5388 et
2239 5333 2371 5403 quid
2419 5330 2612 5387 modus
2658 5332 2951 5403 signiﬁcet.
2983 5364 3053 5373 ——-
3083 5333 3170 5387 13.
3202 5330 3379 5389 Medos
3428 5330 3674 5388 recenset
3719 5334 3773 5386 et

408 5400 975 5476 eamplisdeclarat;
1006 5433 1076 5476 7——
1106 5403 1193 5458 14.
1224 5403 1422 5476 Plures
1439 5400 1691 5475 ’q‘uatuor
1717 5404 1971 5476 terminis
1999 5400 2438 5460 commemoratis
2471 5405 2533 5458 in
2560 5400 2725 5459 nulla
2752 5400 3123 5476 prapositione
3151 5406 3387 5476 reperiri
3413 5403 3668 5460 ostendit.
3700 5434 3771 5444 —

411 5471 728 5558 1.5.;0mnis
754 5471 1482 5558 propogtionisnsubje‘ctum
1530 5479 1591 5558 et.
1627 5475 1989 5558 pradicatum
2032 5476 2352 5558 anguibus
2398 5471 3076 5558 constet.l;—;16.'Nomen
3122 5481 3185 5558 et
3205 5471 3364 5531 casus
3389 5477 3635 5558 nominis
3663 5491 3773 5547 quo

412 5542 696 5616 differant.
727 5573 799 5587 --
827 5542 978 5602 267
1015 5545 1101 5600 17.
1137 5546 1220 5615 Qu

2015 5832 2097 5848 ι..-

1309 5548 1446 5621 item
1473 5546 1699 5621 verbum
1728 5554 1784 5601 et
1827 5562 1987 5602 casus
2005 5546 2175 5621 verbi
2196 5548 2477 5621 differant.
2509 5577 2577 5587 —
2612 5546 2867 5621 18.,Qum
2917 5549 3216 5621 propositio
3267 5565 3381 5603 una
3427 5546 3770 5603 dicaturf—

414 5564 696 5668 auaierant.
727 5573 799 5587 -·’
1015 5564 1101 5600 11.
1137 5564 1281 5615 quia.
1309 5564 1446 5603 τιετη
1473 5564 1699 5631 υενοιςγη
1728 5564 1784 5601 ει
1827 5564 1987 5602 casus
2014 5564 2167 5603 vero:
2196 5564 2477 5621 αιηεναηι.
2509 5577 2577 5587 -
2612 5564 2697 5602 Ῑὸ.
2730 5564 2867 5617 qum
2896 5564 2952 5673 (Γ

416 5616 2524 5747 ιίάιίὲῗῗηξιῗέἅῗῖ³ἕοὲἓῗαε¹ἒ2⁰έοῗίὶεῧὲέῗτξέῑῗξῶῗέηινέὲἷέῗηἓΰὲξέἔῖ
2654 5619 2744 5672 ²⁰·
2778 5619 2892 5687 θ²⁴⁰

416 5689 597 5761 tiatio,
629 5689 926 5762 instantia,
954 5689 1233 5747 conclusio
1259 5707 1377 5746 non
1403 5691 1611 5763 reipsa,
1638 5689 1744 5747 sed
1769 5689 1969 5747 saltem
1991 5692 2210 5748 ratione
2227 5689 2293 5747 di

2295 5621 2524 5765 ἧζιθιιιῖ.
2557 5648 2626 5658 —-
2654 5621 2744 5672 20.
2778 5621 2930 5687 Quod
2954 5621 3275 5693 propositio,
3309 5621 3560 5695 quaestio,
3590 5635 3767 5683 enun-

2338 5706 2475 5747 eran
2504 5732 2517 5746 .

2338 5706 2517 5747 erant.
