4126 6454
370 408 498 475 895

954 547 1185 607 CAPUT
1220 547 1444 606 XXVII.

729 638 803 696 De
831 639 1075 695 oratione
1103 642 1155 694 et
1189 640 1675 711 propositionibus.

456 728 508 782 1.
543 726 739 784 Oratio
781 732 891 794 est,
923 744 1048 800 qua
1099 744 1169 785 ex
1215 728 1483 800 pluribus
1529 746 1706 801 quam
1748 745 1865 784 una
1892 745 2029 784 voce

380 816 774 890 significativa
802 821 1051 883 constat,
1081 817 1251 888 cujus
1283 834 1408 890 quae
1440 823 1579 875 sunt
1618 818 1849 891 proprie
1893 835 2028 890 par-

382 911 494 971 tes,
527 909 807 977 separata:
850 904 1204 977 signiﬁcant.
1240 906 1435 962 Oratio
1478 908 1635 962 enim
1682 923 1751 962 ex
1797 908 2029 962 duabus

2157 925 2200 960 να
2256 906 2561 978 σημαντικά
2598 905 2738 962 ἐστιν
2772 947 2784 959 .

381 994 626 1051 vocibus
655 993 1059 1066 signiﬁcativis
1089 995 1162 1050 ad
1192 994 1508 1051 minimum
1540 995 1715 1052 habet
1745 996 2030 1053 constitu-

388 1084 626 1140 tionem.
664 1082 786 1140 Una
816 1084 1031 1156 quippe
1060 1100 1167 1141 vox
1197 1084 1602 1157 signiﬁcativa,
1635 1103 1753 1141 non
1782 1092 1873 1142 est
1901 1102 2031 1142 ora-

382 1172 485 1230 tio.

453 1266 508 1317 2.
540 1261 802 1334 Quinque
834 1266 1030 1317 autem
1062 1262 1343 1319 orationis
1375 1263 1598 1336 species
1629 1268 1770 1321 sunt
1803 1281 1816 1320 :
1869 1281 2034 1320 voca-

383 1354 522 1419 tiva,
563 1357 649 1419 ut,
680 1351 802 1407 Viri
833 1352 1040 1408 fratres
1083 1356 1140 1408 et
1184 1369 1643 1426 compauperes;
1696 1359 1772 1423 at,
1823 1370 1856 1409 ο
1903 1352 2031 1422 viri,

385 1447 643 1508 tantum,
676 1458 790 1496 non
840 1442 1023 1497 oratio
1069 1442 1353 1505 vocative,
1402 1443 1502 1499 sed
1552 1443 1776 1499 vocatio
1826 1447 1932 1498 est.
1966 1444 2037 1499 Et

386 1548 521 1588 vero
551 1529 850 1604 (speciem)
882 1529 1161 1587 orationis
1189 1531 1511 1587 vocativam
1549 1532 1725 1589 Stoici
1774 1531 2036 1605 appella-

386 1621 567 1678 tivam
598 1624 823 1677 vocant.
855 1619 1126 1676 Secunda
1152 1620 1377 1692 species
1404 1621 1684 1677 orationis
1715 1625 1804 1678 est
1845 1622 2036 1693 impe-

360 1711 597 1778 rative,
627 1713 712 1776 ut,
760 1708 992 1765 Declina
1041 1725 1074 1764 a
1121 1708 1277 1765 malo
1324 1715 1381 1767 et
1427 1710 1518 1766 fac
1566 1711 1806 1767 bonum.
1842 1708 2039 1767 Tertia

387 1799 743 1858 sciscitativa
768 1797 888 1854 sive
919 1797 1354 1871 interrogative,
1387 1803 1472 1867 ut,
1506 1799 1641 1863 Quae
1672 1803 1775 1856 tua
1804 1798 2038 1872 patria?

390 1906 519 1961 qua;
567 1892 672 1944 tua
731 1886 929 1985 studia
958 1886 987 1941 ‘I
1036 1887 1577 1988 Quartamoptativa.
1618 1904 1798 1987 quam
1857 1887 2036 1988 Stoici
2067 1922 2129 1988 Β,

389 1979 596 2034 dicunt
623 1975 1051 2049 precatoriam;
1102 1979 1190 2047 ut,
1237 1976 1380 2048 Fiat,
1413 1976 1677 2045 Domine,
1709 1977 2038 2034 misericor-

389 2067 489 2124 dia
526 2070 629 2123 tua
667 2082 846 2139 super
873 2082 1002 2136 nos,
1037 2065 1538 2138 quemadmodum
1568 2067 1933 2138 speravimus
1978 2066 2039 2123 in

389 2162 470 2227 te,
503 2155 719 2223 Quinta
760 2154 1141 2224 enuntiativa,
1189 2154 1305 2222 vel,
1351 2158 1418 2211 ut
1469 2156 1625 2227 apud
1674 2155 1902 2212 Stoicos
1947 2155 2038 2211 di-

392 2247 567 2313 citur,
600 2244 852 2312 axioma,
886 2245 957 2301 de
1003 2261 1122 2316 qua
1166 2244 1356 2317 logica
1399 2244 1667 2301 tractatio
1706 2245 2041 2301 considera-

391 2336 614 2393 tionem
642 2334 812 2391 .268
863 2333 1140 2405 instituit,
1173 2350 1300 2406 quae
1354 2334 1427 2390 ab
1476 2334 1838 2391 enuntianda
1887 2334 2043 2391 dicta

394 2429 504 2482 est.
537 2424 875 2481 Secundum
906 2422 1069 2479 illam
1108 2423 1267 2479 enim
1315 2423 1387 2479 de
1436 2423 1701 2495 qualibet
1746 2440 1807 2480 re
1853 2440 2041 2480 enun-

391 2514 636 2582 tiemus,
685 2512 891 2571 velut:
942 2517 1095 2569 Deus
1142 2516 1231 2569 est
1276 2512 1510 2581 bonus;
1557 2513 1735 2569 homo
1790 2529 1907 2569 non
1954 2516 2046 2569 est

391 2602 768 2661 immortalis.

462 2784 518 2839 3.
549 2784 693 2840 Cum
725 2785 918 2840 autem
952 2781 1217 2854 duplices
1245 2780 1367 2839 sint
1394 2782 1454 2837 in
1485 2781 1657 2839 nobis
1695 2780 1905 2838 animis
1954 2780 2043 2838 fa-

391 2871 662 2943 cultates,
695 2870 821 2927 alia:
849 2874 1266 2943 cognoscentes
1296 2871 1625 2927 secundum
1666 2887 1815 2941 quas
1857 2870 2042 2942 quod-

389 2961 482 3017 vis
510 2976 713 3017 eorum
745 2960 902 3032 quod
932 2963 1022 3016 est
1048 2960 1459 3033 cognoscimus
1485 2978 1498 3015 :
1532 2959 1656 3016 aliae
1684 2976 1811 3032 quae
1839 2958 2045 3015 vitales

360 3054 451 3106 et
497 3049 831 3123 appetitivae
877 3049 1176 3118 dicuntur,
1211 3049 1538 3106 secundum
1582 3066 1730 3121 quas
1780 3066 1908 3121 quia
1954 3033 2045 3103 vel

388 3140 547 3195 bona
576 3141 718 3194 sunt
744 3136 833 3193 vel
863 3138 1021 3194 bona
1050 3137 1343 3209 videntur,
1377 3138 1705 3211 expetimus
1740 3156 1753 3194 :
1790 3141 2046 3210 quatuor

391 3227 634 3301 quidem
664 3226 948 3284 orationis
975 3231 1185 3299 prater
1226 3227 1652 3284 enuntiativam
1705 3227 1928 3300 species
1976 3242 2046 3283 ex

393 3292 725 3389 appetitivis
782 3292 1134 3387 proveniunt
1192 3315 1575 3373 facultatibus
1629 3292 1862 3385 animae,
1923 3332 2039 3372 non
2072 3292 2116 3360 θ

391 3403 584 3477 ipsius
615 3405 937 3461 secundum
970 3404 1227 3477 seipsam
1257 3405 1508 3477 agentis,
1531 3406 1633 3461 sed
1664 3406 1738 3461 ad
1768 3404 1952 3462 alium
1983 3420 2046 3460 se

394 3492 782 3565 extendsntis,
836 3493 935 3565 qui
992 3494 1321 3550 conducere
1365 3493 1595 3550 videtur
1640 3495 1713 3550 ad
1764 3495 1823 3549 id
1873 3510 2047 3567 posse

394 3582 551 3654 quod
584 3581 688 3639 illa
708 3582 869 3656 cupit
897 3582 1216 3655 consequi;
1248 3587 1305 3638 et
1333 3584 1421 3639 vel
1454 3600 1782 3640 sermonem
1815 3584 1888 3640 ab
1918 3583 2046 3656 ipso

395 3672 715 3745 exigentes,
748 3677 813 3727 ut
854 3672 914 3728 in
960 3672 1317 3729 sciscitativa
1346 3672 1627 3738 oratione,
1662 3677 1729 3728 ut
1778 3689 1940 3739 rem;
1991 3677 2050 3729 et

396 3761 449 3818 si
478 3776 602 3817 rem
628 3760 718 3817 vel
749 3761 919 3818 illum
939 3761 1139 3835 ipsum
1171 3763 1245 3818 ad
1268 3778 1443 3835 quem
1477 3779 1668 3819 sermo
1693 3766 1783 3820 est
1801 3761 2046 3834 adipisci

396 3849 808 3919 desiderantis,
841 3855 908 3906 ut
953 3851 1014 3906 in
1060 3850 1361 3920 vocative;
1394 3856 1498 3908 aut
1527 3852 1847 3923 quamdam
1877 3852 1950 3908 ab
1980 3867 2047 3907 eo

398 3939 712 4006 actionem,
768 3956 1020 4013 eamque
1066 3938 1155 3997 vel
1216 3945 1282 3996 ut
1335 3958 1369 3997 a
1419 3941 1825 4014 praetentiore
1875 3944 1942 3996 ut
1987 3940 2048 3995 in

401 4029 636 4101 optione
655 4044 761 4085 seu
786 4028 1142 4101 precatione,
1164 4029 1254 4085 vel
1285 4032 1353 4085 ut
1382 4045 1417 4084 a
1444 4029 1751 4100 deteriore,
1776 4028 2054 4102 quemad-

402 4117 646 4174 modum
694 4116 755 4173 in
804 4133 873 4174 ea
910 4134 1039 4190 quis
1069 4119 1303 4192 proprie
1329 4122 1573 4175 vocatur
1601 4118 1916 4191 imperium
1946 4133 2048 4174 seu

392 4206 608 4278 jussio.
639 4206 776 4264 Sola
820 4212 1019 4264 autem
1066 4207 1432 4265 enuntiativa
1475 4224 1510 4263 a
1562 4207 2050 4281 cognoscentibus

401 4297 611 4353 animm
643 4297 907 4369 provenit
934 4296 1337 4367 facultatibus,
1369 4314 1495 4370 quae
1526 4286 1721 4353 rerum
1770 4296 1832 4352 in
1880 4296 2052 4352 nobis

403 4385 795 4459 cognitionem
824 4401 959 4441 vere
995 4384 1085 4442 vel
1124 4390 1477 4459 apparenter
1505 4387 1717 4443 factam
1747 4385 2054 4442 enuntiare

402 4474 553 4531 solet
583 4490 597 4531 :
644 4475 801 4532 269
833 4491 1014 4547 quare
1045 4475 1223 4532 etiam
1271 4493 1307 4532 a
1356 4476 1583 4533 ceteris
1612 4475 1892 4532 orationis
1923 4491 2053 4547 spe-

400 4563 606 4620 ciebus
635 4564 763 4620 sola
788 4564 1052 4621 veritatis
1082 4569 1140 4620 et
1177 4564 1452 4621 falsitatis
1481 4581 1666 4638 capax
1692 4568 1802 4620 est.

1631 412 2060 478 NIGEPHORI
2103 413 2546 483 BLEMMIDE

2052 548 2108 615 A

2116 2600 2282 2665 ,Θεὸς
2351 2598 2553 2676 ἀγαθός
2622 2598 2762 2655 ἐστιν
2797 2617 2810 2630 ·

3660 419 3792 489 ..896

2757 554 3017 607 ΚΕΦΑΛ.
3058 549 3173 607 ΚΖ’.

2559 638 2689 711 Περὶ
2720 638 2887 716 λόγου
2915 638 3006 694 καὶ
3036 640 3372 714 προτάσεων.

2210 728 2274 780 α’.
2333 726 2512 804 Λόγος
2570 727 2710 784 ἐστὶν
2766 728 2826 783 ἐκ
2868 727 3136 784 πλειόνων
3194 729 3231 798 ἢ
3284 734 3411 803 μιᾶς
3459 736 3649 808 φωνῆς
3698 751 3790 802 ση-

2143 823 2405 889 μαντικῆς
2452 818 2738 883 συνεστὼς,
2789 814 2851 872 οὗ
2897 818 2966 872 τὰ
3011 816 3213 891 κυρίως
3270 817 3408 894 μέρη
3448 818 3791 895 κεχωρισμέ-

2846 907 2902 959 Ὁ
2953 906 3055 982 γὰρ
3112 905 3279 982 λόγος
3334 906 3393 963 ἐκ
3445 905 3545 963 δύο
3605 913 3792 986 φωνῶν

2140 999 2486 1068 σημαντικῶν
2534 993 2900 1071 τούλάχιστον
2948 992 3064 1071 ἔχει
3093 997 3194 1066 τὴν
3229 996 3501 1053 σύστασιν.
3540 996 3666 1077 ’,Μία
3695 998 3794 1072 γὰρ

2142 1085 2293 1162 φωνὴ
2326 1085 2635 1157 σημαντικὴ
2668 1070 2830 1159 λόγος
2861 1083 2960 1139 οὐκ
2980 1070 3123 1140 ἔστι.
3544 1070 3569 1079 Ἦ

2218 1264 2270 1340 β.
2304 1262 2471 1319 Πέντε
2517 1258 2576 1317 δὲ
2622 1263 2691 1317 τὰ
2742 1258 2857 1333 εἷ’δη
2911 1266 3009 1318 τοῦ
3059 1256 3253 1337 λόγου·
3301 1262 3365 1318 τὸ
3408 1260 3696 1335 κλητικὸν,
3727 1262 3797 1326 ὡς

2142 1351 2226 1424 τὸ,
2258 1348 2487 1427 ’Ἄνδρες
2519 1349 2747 1427 ἀδελφοὶ
2798 1351 2889 1406 καὶ
2942 1351 3301 1425 συμπένητες·
3352 1351 3416 1405 τὸ
3462 1348 3542 1423 δὲ,
3594 1349 3797 1429 ἄνδρες,

2146 1441 2333 1516 μόνον,
2368 1441 2429 1495 ού
2456 1440 2623 1516 λόγος
2651 1440 2935 1511 κλητικὸς,
2969 1439 3117 1496 ἀλλά
3143 1439 3361 1509 κλῆσις.
3395 1441 3467 1495 Τὸ
3496 1444 3595 1495 τοῦ
3634 1438 3798 1516 λόγου

2145 1529 2204 1587 δὲ
2259 1527 2521 1600 κλητικὸν
2577 1530 2628 1584 οἱ
2682 1529 2919 1585 Στωϊκοὶ
2976 1527 3207 1585 καλοῦσι
3261 1530 3751 1607 προσαγορευτικόν
3783 1571 3796 1585 .

2146 1617 2401 1696 Δεύτερον
2463 1615 2605 1681 εἶδος
2654 1622 2751 1673 τοῦ
2806 1618 2972 1697 λόγου
3026 1619 3090 1673 τὸ
3143 1621 3565 1696 προστακτικὸν,
3610 1621 3685 1682 ὡς
3718 1618 3797 1679 τό·

2146 1705 2435 1764 Ἔκκλινον
2488 1707 2594 1762 ἀπὸ
2641 1711 2811 1762 κακοῦ
2845 1752 2859 1778 ,
2913 1708 3004 1763 καὶ
3052 1705 3285 1777 ποίησον
3339 1708 3564 1784 ἀγαθόν.
3594 1708 3796 1786 Τρίτον,

2143 1797 2206 1853 τὸ
2263 1796 2622 1869 πυσματικὸν,
2684 1794 2858 1851 εἷίτουν
2917 1796 2979 1851 τὸ
3039 1795 3455 1874 ἐρωτηματικόν
3491 1817 3504 1830 ·
3567 1797 3644 1861 ὡς
3700 1797 3798 1869 τὸ,

2145 1885 2237 1949 Τίς
2286 1888 2322 1956 ἡ
2370 1884 2566 1963 πατρίς
2615 1904 2758 1955 σοτ;
2812 1885 2865 1941 τί
2912 1906 2996 1941 σοι
3038 1887 3101 1941 τὸ
3155 1883 3499 1961 ἐπιτήδευμα
3548 1907 3561 1957 ;
3611 1888 3799 1960 Τέταρ-

2147 1997 2261 2048 τον,
2312 1976 2376 2031 τὸ
2425 1972 2692 2043 εὐκτικὸν,
2743 1974 2875 2051 ὅπερ
2924 1975 2976 2030 oi
3029 1974 3137 2037 ἀπὸ
3183 1982 3288 2045 τῆς
3344 1981 3507 2039 στοᾶς
3555 1975 3799 2050 λέγουσιν

2150 2064 2402 2142 ἀρατικὸν
2436 2110 2453 2136 ,
2511 2064 2586 2127 ὡς
2641 2062 2745 2119 τό⁶
2806 2066 3021 2121 Γένοιτο
3055 2108 3070 2136 ,
3130 2064 3324 2140 Κύριε,
3383 2066 3450 2120 τὸ
3508 2059 3660 2128 ἔλεός
3712 2083 3802 2118 σου

2150 2154 2231 2233 ἐφ’
2283 2156 2455 2227 ἡμᾶς,
2513 2153 2755 2230 καθάπερ
2821 2154 3134 2229 ἠλπίσαμεν
3194 2153 3283 2208 ἐπὶ
3342 2152 3402 2209 σὲ
3434 2196 3449 2210 .
3505 2152 3755 2228 Πέμπτον
3786 2197 3801 2224 ,

2146 2244 2210 2299 τὸ
2241 2242 2629 2318 ἀποφαντικὸν,
2660 2239 2788 2312 ⁴ἤτοι
2816 2243 2882 2298 τὸ
2923 2242 3071 2320 παρὰ
3097 2247 3214 2307 τοῖς
3261 2248 3537 2307 Στωϊκοῖς
3574 2242 3800 2314 ἀξίωμαο

2148 2331 2274 2408 περὶ
2306 2333 2336 2387 ’ὁ
2373 2334 2441 2406 τῇ
2493 2328 2696 2407 λογικῇ
2745 2331 3088 2411 πραγματείᾳ
3135 2334 3171 2401 ἡ
3222 2333 3414 2406 σκέψις
3465 2332 3628 2403 ἐστὶν,
3678 2327 3803 2404 ὅπερ

2150 2422 2211 2477 ἐκ
2263 2425 2361 2477 τοῦ
2398 2420 2784 2500 ἀποφαίνεσθαι
2843 2418 3053 2495 εἷ’ρηται
3091 2466 3103 2480 .
3163 2422 3315 2483 Κατ’⁷
3343 2419 3480 2477 αὐτὸ
3531 2422 3632 2498 γὰρ
3686 2419 3804 2493 περὶ

2151 2512 2459 2567 οὑτινοσοῦν
2516 2514 2624 2565 τῶν
2672 2531 3007 2588 πραγμάτων
3067 2509 3487 2588 ἀποφαινόμεθα
3519 2532 3532 2544 ·
3583 2509 3722 2575 οἷον,
3751 2508 3804 2560 Ὀ

2866 2604 2922 2653 ‘0
2980 2597 3264 2677 ἄνθρωπος
3325 2597 3432 2654 οὐκ
3486 2594 3626 2654 ἔστιν
3682 2595 3803 2651 ἀθά-

2149 2709 2330 2752 νατος.

2220 2779 2287 2855 γ’.
2339 2781 2541 2834 Διττῶν
2593 2773 2641 2833 δ’
2691 2776 2864 2832 ούσῶν
2920 2774 2972 2832 ἐν
3022 2778 3160 2851 ἡμῖν
3206 2773 3494 2852 δυνάμεων
3544 2775 3803 2855 ψυχικῶν,

2150 2872 2259 2922 τῶν
2318 2872 2655 2943 γνωπικῶν,
2705 2867 2822 2923 καθ’
2879 2865 2940 2929 ἃς
2996 2862 3220 2921 ἕκαστον
3274 2869 3383 2921 τῶν
3438 2861 3608 2921 όντων
3654 2860 3808 2939 γινώ-

2152 2978 2375 3031 σκομεν-
2418 2960 2527 3012 τῶν
2584 2953 2643 3012 δὲ
2688 2959 2929 3026 ζωτικῶν
2975 2952 3068 3011 καὶ
3096 2954 3391 3032 ὀρεκτικῶν
3441 2951 3804 3028 καλουμένων,

2120 3106 2125 3111 ,
2152 3048 2270 3103 καθ’
2300 3045 2360 3109 ἃς
2409 3044 2448 3117 ἤ
2495 3049 2604 3102 τῶν
2656 3040 2827 3101 ὄντων
2878 3044 3115 3121 ἀγαθῶν,
3140 3045 3178 3114 ἢ
3205 3048 3315 3101 τῶν
3344 3041 3653 3101 δοκούντων
3684 3041 3805 3119 ἀγα-

2153 3137 2257 3192 θῶν
2317 3134 2608 3215 ἐφιέμεθα·
2666 3136 2736 3191 τὰ
2792 3134 2886 3209 μὲν
2946 3135 3094 3209 παρὰ
3147 3133 3211 3189 τὸ
3266 3133 3638 3212 ἀποφαντικὸν
3692 3126 3803 3198 εἴδη

2151 3230 2250 3281 τοῦ
2306 3224 2478 3301 λόγου
2532 3224 2600 3279 τὰ
2653 3223 2887 3300 τέσσαρα
2933 3222 2994 3278 ἐκ
3046 3228 3155 3279 τῶν
3200 3223 3504 3299 ὀρεκτικῶν
3533 3220 3803 3294 δυνάμεων

2153 3313 2482 3391 προέρχεται
2528 3320 2631 3383 τῆς
2681 3316 2889 3389 ψυχῆς,
2946 3311 3046 3377 οὐκ
3096 3311 3267 3382 αύτῆς
3312 3315 3440 3379 καθ’
3480 3312 3643 3380 αὑτήν
3676 3309 3808 3382 ἐνερ-

2152 3402 2381 3479 γούσης,
2441 3401 2587 3458 ἀλλὰ
2643 3402 2781 3477 πρὸς
2837 3398 3021 3479 ἕτερον
3083 3402 3515 3477 ἀποτεινομὲνης
3551 3401 3643 3455 τὸν
3683 3415 3808 3469 συμ-

2104 3540 2107 3547 ι
2152 3488 2449 3549 ϐάλλεσθαι
2509 3488 2773 3547 δοκοῦντα
2826 3491 2965 3568 πρὸς
3015 3491 3079 3546 τὸ
3133 3496 3327 3566 τυχεῖν
3383 3494 3486 3562 τῆς
3544 3488 3802 3568 ἐφέσεως,

2154 3582 2245 3637 καὶ
2272 3578 2401 3650 ἤτοι
2425 3578 2587 3657 λόγον
2637 3580 2785 3656 παρὰ
2831 3579 2998 3635 αὐτοῦ
3033 3578 3327 3653 ζητούσης,
3361 3579 3439 3644 ὡς
3471 3578 3559 3635 ἐπὶ
3588 3579 3683 3635 τοῦ
3709 3594 3803 3629 πυ-

2155 3673 2442 3745 σματικοῦ·
2490 3668 2528 3739 ἢ
2584 3674 2849 3746 πρᾶγμα’
2910 3667 3000 3724 καὶ
3061 3669 3108 3724 εἰ
3164 3673 3415 3745 πρᾶγμα,
3472 3664 3596 3738 ἤτοι
3650 3661 3805 3719 αὑτοῦ

2154 3759 2360 3815 ἐκείνου
2420 3758 2710 3836 ἐφιεμένης
2758 3762 2948 3833 τυχεῖν
3007 3758 3145 3834 πρὸς
3201 3757 3260 3812 ’ὸν
3312 3758 3341 3812 ὁ
3382 3756 3582 3835 λόγος,
3634 3751 3803 3825 ὥσπερ

2156 3848 2243 3903 ἐπὶ
2299 3851 2399 3902 τοῦ
2472 3846 2742 3918 κλητικοῦ
2914 3848 3284 3927 πυσματικοῢ)
3316 3864 3329 3877 ·
3391 3844 3431 3917 ἤ
3493 3863 3639 3905 τινος
3688 3836 3806 3914 παρ’

2108 3992 2111 3997 .
2156 3938 2325 3994 αὐτοῦ
2380 3935 2645 4013 πράξεως,
2707 3936 2799 3991 καὶ
2856 3935 3058 4007 ταύτης
3113 3932 3150 4006 ἤ
3200 3936 3278 3998 ὡς
3325 3936 3477 4013 παρὰ
3513 3931 3803 4013 κρείττονος

2157 4027 2397 4102 καθάπερ
2426 4012 2530 4081 ίέπὶ
2557 4028 2657 4096 τῆς
2706 4024 2902 4103 εὐχῆς,
2956 4020 2995 4094 ἤ
3026 4024 3102 4088 ὡς
3150 4024 3299 4101 παρὰ
3341 4012 3614 4100 χείρονος,
3655 4012 3806 4074 καθά-

2157 4136 2260 4192 περ
2319 4113 2408 4171 ἐπὶ
2454 4120 2556 4184 τῆς
2587 4113 2792 4191 κυρίως
2838 4111 3191 4187 καλουμένης
3236 4111 3600 4188 προστάξεως.
3628 4104 3806 4164 Μόνον

2161 4202 2219 4260 δὲ
2267 4204 2331 4259 τὸ
2390 4204 2778 4282 ἀποφαντικὸν,
2837 4202 2946 4258 ἀπὸ
2999 4206 3108 4257 τῶν
3169 4205 3488 4276 γνωπικῶν
3542 4194 3803 4270 δυνάμεων

2159 4293 2491 4370 προέρχεται
2547 4299 2650 4362 τῆς
2709 4294 2896 4368 ψυχῆς
2970 4288 3350 4367 ἐξαγγελτικὸν
3420 4290 3663 4365 ὑπάρχον
3715 4282 3806 4348 τῆς

2159 4382 2385 4454 ἀληθῶς
2440 4379 2477 4451 ἤ
2538 4379 2881 4460 φαινομένως
2936 4380 3237 4457 γενομένης
3307 4383 3417 4435 τῶν
3489 4374 3803 4454 πραγμάτων

2161 4473 2417 4549 γνώσεως
2452 4482 2502 4527 εν
2535 4473 2694 4544 ἡμῖν·
2729 4467 2815 4525 διὸ
2843 4468 2933 4525 καὶ
2968 4468 3131 4543 μόνον
3157 4472 3268 4525 τῶν
3300 4466 3489 4525 ἄλλων
3517 4469 3614 4523 τοῦ
3652 4459 3804 4535 λόγου

2164 4559 2320 4617 εἰδῶν
2348 4559 2609 4631 ἀληθείας
2642 4559 2733 4614 καὶ
2759 4555 2993 4633 ψεύδους
3024 4557 3136 4613 ἐστὶ
3167 4555 3435 4616 δεκτικόν.

477 4672 529 4727 4.
560 4670 940 4729 Enuntiativa
968 4670 1153 4744 igitur
1181 4671 1365 4728 oratio
1395 4676 1487 4728 est
1513 4672 1609 4727 cui
1638 4688 1840 4728 verum
1870 4674 1928 4727 et
1952 4670 2043 4728 fal-

2235 4666 2298 4724 δ’.
2330 4669 2483 4723 Ἐστι
2512 4666 2694 4722 τοίνυν
2746 4664 3113 4745 ἆποφαντικὸς
3160 4663 3346 4741 λόγος,
3402 4661 3456 4719 ἐν
3508 4662 3556 4735 ᾧ
3591 4650 3805 4729 τὸοᾶλη-

403 4777 540 4819 sum
570 4759 725 4817 inest
752 4760 966 4817 dicere.

473 4851 530 4907 5.
562 4849 798 4924 Species
827 4853 1024 4907 autem
1056 4853 1197 4907 sunt
1224 4849 1435 4922 ipsius,
1457 4849 1770 4908 afﬁrmatio
1798 4853 1857 4906 et
1884 4865 2059 4923 nega-

402 4944 531 5085 tloti.
563 5030 636 5086 Et
680 5029 995 5087 afﬁrmatio
1033 5029 1272 5103 quidem
1318 5032 1409 5087 est
1452 5028 1776 5086 enuntiatio
1806 5027 2058 5098 alicuius

2167 4757 2339 4815 θεύειν
2368 4754 2406 4827 ἤ
2439 4753 2721 4831 ψεύδεσθαι
2754 4754 3009 4831 ὑπάρχει.

2241 4847 2300 4905 ε’.
2333 4842 2469 4916 Εῗδη
2503 4842 2563 4900 δὲ
2587 4842 2755 4900 αὐτοῦ
2784 4843 3082 4921 κατάφασις
3111 4842 3204 4898 καὶ
3232 4839 3525 4921 ἀπόφασις.

2241 5026 2305 5091 ς’.
2338 5024 2439 5081 Καὶ
2466 5023 2762 5103 κατάφασις
2817 5022 2912 5097 μὲν
2963 5019 3107 5079 ἔστιν
3156 5018 3455 5101 ἀπόφανσίς
3498 4998 3805 5103 τινοςίκατά

408 5118 480 5175 de
527 5119 751 5191 aliquo,
780 5119 891 5176 hoc
921 5121 1029 5185 est,
1051 5092 1371 5175 enuntiare
1412 5121 1470 5174 et
1515 5118 1707 5175 dicere
1746 5117 1887 5192 quid
1917 5092 2043 5173 insit

2166 5136 2350 5185 τινος,
2408 5110 2577 5190 ἤγουν
2617 5092 2698 5168 ’τὸ
2754 5092 3135 5190 ἀποφήνασθαι
3339 5108 3506 5166 εἰπεῖν
3540 5149 3556 5176 ,
3590 5092 3688 5192 τί-.
3710 5107 3804 5192 τινι

407 5206 604 5263 alicui.
636 5206 878 5280 Negatio
926 5211 1124 5264 autem
1178 5212 1270 5264 est
1315 5207 1644 5264 enuntiatio
1694 5207 1946 5279 alicujus
1985 5206 2058 5263 ab

408 5295 628 5369 aliquo,
660 5296 770 5353 hoc
801 5302 910 5366 est,
942 5298 1251 5353 enuntiare
1281 5297 1421 5369 quid
1453 5297 1627 5353 alicui
1658 5313 1775 5353 non
1806 5296 1970 5353 insit.

478 5386 536 5441 7.
566 5389 636 5441 Et
660 5385 784 5443 haec
813 5387 1334 5444 contradictionem
1364 5386 1645 5443 efﬁciunt.

481 5492 534 5546 8.
566 5491 730 5547 Dicta
757 5508 894 5550 vero
919 5496 1008 5549 est
1033 5491 1413 5549 contradictio
1445 5493 1599 5565 quod
1630 5496 1829 5564 partes
1856 5509 2061 5550 secun-

411 5580 554 5634 dum
583 5595 784 5635 verum
837 5587 895 5637 et
933 5580 1149 5637 falsum
1181 5580 1642 5638 contradicentes
1672 5580 1919 5637 invicem
1950 5581 2055 5637 ha-

411 5668 567 5724 beat.
600 5668 703 5723 Est
730 5669 887 5725 enim
917 5670 1299 5726 contradictio
1328 5671 1740 5727 affirmationis
1777 5674 1837 5726 et
1881 5687 2056 5747 nega-

411 5755 591 5823 tionis
616 5772 815 5835 pugna
835 5777 963 5834 qua
984 5759 1311 5817 secundum
1328 5759 1634 5818 veritatem
1654 5763 1713 5818 et
1741 5758 2059 5818 falsitatem

2171 5182 2428 5281 ὑπάρχει.
2463 5182 2778 5281 ”Απόφασις
2809 5182 3047 5257 (δέ-ἐστιν
3099 5193 3397 5279 ἆπόφανσίς
3444 5212 3604 5265 τινος,
3648 5182 3803 5273 ,ἤγὸυν

2166 5295 2231 5351 τὸ
2260 5293 2662 5370 ἀποφήνασθαι,
2686 5290 2743 5347 τί
2765 5311 2874 5346 τινι
2905 5289 3016 5368 οὐχ
3041 5289 3299 5366 ὑπάρχει.
3536 5290 3540 5294 Α

2244 5388 2303 5453 ζ’.
2332 5386 2510 5437 Ταῦτα
2538 5377 2598 5436 δὲ
2625 5382 2873 5437 ποιοῦσιν
2904 5375 3203 5457 ἀντίφασιν.

2240 5491 2315 5560 η’.
2349 5486 2579 5565 Εἴρηται
2625 5484 2671 5543 δ’
2719 5484 3022 5566 ἀντίφασις,
3071 5484 3181 5541 ἀπὸ
3223 5486 3323 5557 τοῦ
3372 5462 3795 5566 τᾶἠμόριξξᾉεξν

2170 5555 2445 5651 ἀλλήλοις
2471 5555 2870 5656 άντιφάσκοντά
2910 5574 3051 5656 κατᾶ
3093 5575 3159 5631 τὸ
3188 5555 3799 5656 ’ἐξωδεῆ

2120 5720 2145 5737 ς.
2174 5633 2521 5731 ξδ’ξῖ
2554 5633 2688 5745 ’ἐάρ
2767 5640 3069 5745 amem.
3094 5636 3267 5742 es
3286 5633 3661 5745 ἴξιαὲςᾲφέςςρε
3711 5633 3793 5745 τεαὶ

2172 5758 2495 5839 ἀποφάσεως
2539 5724 2831 5813 τιῖὑνικατᾶ
2876 5724 2939 5811 τὸ
2991 5724 3327 5828 ἀληθὶςηκσῖ
3368 5752 3432 5809 τὸ
3473 5724 3662 5822 ψεῗόδος
3711 5729 3793 5786 ἀν·
