4126 6428
370 393 487 454 897

1737 391 2087 456 EPITOME
2130 391 2438 453 LOGICA.

3673 399 3794 460 898

369 524 691 598 τικειμένων
739 529 818 597 τῷ
857 522 1004 597 αύτῷ
1047 546 1107 580 τε
1159 525 1502 600 ὑποκειμένῳ
1551 523 1878 602 χρωμένων,
1939 522 2028 578 καὶ

2163 528 2524 596 ipponuntur
2577 530 2635 581 et
2701 526 2905 582 eodem
2961 526 3226 597 subjecto
3287 531 3550 598 utuntur,
3608 533 3665 584 et
3720 529 3793 585 de

372 614 463 668 τὸν
534 612 691 669 αὑτὸν
769 613 1248 690 κατηγορούμενον
1324 615 1490 671 αὐτοῦ
1560 618 1978 692 κατηγορουσῶν
2016 657 2028 670 .

383 705 522 777 μήτε
577 703 695 756 καθ’
753 703 1099 776 ὁμωνυμίαν,
1160 707 1300 778 μήτε
1355 704 1490 760 κατά
1544 727 1596 759 τι
1654 708 1761 759 τῶν
1819 701 2028 774 ἄλλων,

375 791 476 847 ὅσα
506 791 644 868 πρὸς
670 792 764 854 τὰς
815 790 1142 869 ἐνοχλήσεις
1181 798 1287 849 τῶν
1337 799 1604 874 σοφιστῶν
1657 789 2034 870 προσδιοριζό-

378 881 535 955 μεθα.

447 973 510 1025 θ’.
569 975 864 1047 Τετραχῶς
935 968 991 1026 δὲ
1063 975 1452 1049 προαγομένης
1509 979 1610 1044 τῆς
1679 971 2032 1050 ἀποφάνσεως

375 1057 433 1135 (ἤ
464 1060 569 1136 γὰρ
599 1060 662 1114 τὸ
694 1057 938 1136 ὑπάρχον
991 1061 1066 1124 ὡς
1125 1063 1199 1136 μὴ
1255 1063 1500 1138 ὑπάρχον
1549 1060 1897 1140 ἀποφαίνεταί
1925 1081 2030 1132 τις,

376 1150 514 1221 οἷον,
572 1147 645 1203 Τὸ
695 1150 1018 1225 ἁμαρτάνειν
1078 1149 1179 1205 οὐκ
1234 1149 1343 1206 ἔστι
1394 1151 1580 1207 κακόνο
1613 1149 1649 1221 ἤ
1688 1152 1752 1206 τὸ
1785 1151 2030 1226 ὑπάρχον

375 1239 450 1300 ὡς
485 1239 757 1314 ὑπάρχον,
817 1240 952 1310 οἷον,
997 1240 1069 1294 Τὸ
1123 1239 1444 1315 ἁμαρτάνειν
1493 1240 1656 1296 κακόν
1705 1240 1869 1295 ἐστιν’
1901 1237 1937 1308 ἤ
1969 1239 2032 1293 τὸ

381 1327 456 1400 μή
493 1325 739 1403 ὑπάρχον
773 1327 846 1389 ὡς
901 1326 1170 1404 ὑπάρχον,
1223 1332 1359 1402 οἷον,
1411 1330 1480 1384 Τὸ
1530 1330 1855 1405 ἁμαρτάνειν
1897 1328 2030 1402 ἀγα-

379 1415 470 1470 θόν
523 1414 681 1470 ἐστιν·
710 1412 748 1485 ἤ
786 1417 849 1470 τὸ
903 1416 978 1490 μὴ
1026 1417 1274 1494 ὑπάρχον
1326 1419 1401 1481 ὡς
1456 1419 1532 1492 μὴ
1583 1417 1852 1494 ὑπάρχον,
1893 1418 2030 1487 οἷον,

376 1505 447 1560 Τὸ
504 1503 826 1580 ἁμαρτάνειν
895 1505 995 1561 οὐκ
1050 1503 1189 1561 ἔστιν
1247 1507 1469 1582 ἀγαθὸν)
1502 1553 1517 1578 ,
1575 1506 1809 1571 ἐντεῦθεν
1889 1505 2033 1560 ἀντι-

378 1591 546 1655 θέσεις
578 1591 820 1670 γίνονται
851 1590 972 1648 δύου
1012 1593 1108 1667 μία
1141 1596 1234 1668 μὲν
1267 1593 1496 1670 ψευδοῦς
1526 1595 1848 1674 ἀποφάσεως
1893 1594 2034 1671 πρὸς

378 1680 559 1753 ἀληθῆ
590 1682 910 1760 κατάφασινο
963 1683 1117 1760 ἑτέρα
1164 1681 1221 1738 δὲ
1259 1687 1608 1763 καταφάσεως
1641 1682 1871 1758 ψευδοῦς
1900 1685 2036 1759 πρὸς

381 1765 647 1849 ἀπόφασιν
675 1769 880 1841 ἀληθῆ.
913 1771 1011 1826 Καὶ
1058 1773 1205 1848 παρὰ
1251 1773 1448 1837 ταύτας
1479 1775 1574 1837 τὰς
1621 1772 1715 1829 δύο
1746 1773 2035 1834 ἀντιθέσεις

381 1857 494 1914 οὐδ’
525 1857 806 1930 ἐπινοῆσαι
839 1859 1016 1932 ἄλλην
1050 1859 1347 1938 ἐνδέχεται.

456 1967 505 2025 ι’.
566 1972 718 2022 Πᾶσα
765 1964 824 2022 δὲ
872 1969 1170 2047 κατάφασις
1227 1968 1390 2046 λόγος
1447 1969 1588 2025 ἐστὶν
1645 1969 2032 2048 ἀποφαντικός’

379 2055 638 2118 ὡσαύτως
677 2056 767 2111 καὶ
816 2062 962 2112 πᾶσα
1016 2057 1284 2137 ἀπόφασις
1317 2101 1329 2113 .
1393 2058 1778 2133 Ὀνομάζονται
1841 2056 1898 2114 δέ
1946 2059 2037 2113 καὶ

381 2146 547 2222 ἄμφω
577 2143 889 2221 προτάσεις,
936 2147 1010 2208 ὡς
1057 2147 1159 2202 ὑπὸ
1205 2151 1314 2202 τῶν
1360 2145 1784 2225 συλλογίσασθαι
1833 2147 2037 2223 βουλο-

386 2233 562 2308 μένων
589 2235 1008 2312 προτεινόμεναι
1039 2242 1156 2300 τοῖς
1186 2243 1392 2300 κοινοῖς
1421 2242 1529 2292 τῶν
1551 2237 1761 2314 λόγων.

460 2415 543 2468 ια’.
604 2415 758 2471 Ἔστι
815 2413 994 2470 τοίνυν
1051 2415 1312 2492 πρότασις
1367 2415 1529 2493 Λόγος
1583 2410 2038 2494 ἀποφαντικὸς,ἥ

379 2523 532 2565 τινος
560 2502 697 2558 κατά
723 2525 868 2565 τινος
895 2501 932 2572 ἤ
961 2525 1107 2566 τινος
1139 2505 1244 2559 ἀπό
1289 2526 1456 2567 τινος.
1511 2505 1608 2560 Καὶ
1641 2502 1849 2566 ἄλλως⁵
1898 2501 2040 2578 Πρό-

381 2592 534 2654 τασίς
568 2591 707 2648 ἐστιν
738 2594 1070 2672 ἀντιφάσεως
1105 2600 1233 2668 μιᾶς
1268 2593 1477 2670 μόριον.

462 2701 549 2776 ιβ’.
610 2705 725 2755 Τῶν
783 2699 840 2756 δὲ
895 2701 1206 2777 προτάσεων
1284 2703 1336 2757 αἱ
1400 2702 1494 2776 μὶν
1554 2701 1605 2772 ἐξ
1682 2701 2042 2774 ὑποκειμένου

383 2787 474 2844 καὶ
525 2790 1010 2866 κατηγορουμένου
1071 2790 1372 2867 σύγκεινται
1436 2791 1598 2865 μόνον
1657 2791 1768 2864 (καὶ
1827 2789 2041 2844 ὑποκεί-

389 2899 546 2950 μενος
591 2878 760 2955 [ὅρος]
814 2879 924 2935 ἐστὶ
973 2881 1097 2957 περὶ
1148 2881 1211 2934 οὗ
1260 2881 1288 2935 ὁ
1329 2879 1515 2957 λόγος’
1567 2878 2043 2955 κατηγορούμενος

388 2964 441 3022 δὲ
487 2969 516 3022 ὁ
559 2968 683 3044 περὶ
731 2972 830 3023 τοῦ
864 2970 1224 3042 ὑποκειμένου
1275 2967 1595 3044 λεγόμενος.
1647 2970 1793 3039 Οἴον,
1830 2967 2042 3043 Γρηγό-

399 3076 511 3131 ριος
569 3058 836 3135 θεολογεῖ·
895 3058 958 3113 τὸ
1019 3059 1113 3131 μὲν
1171 3057 1473 3135 Γρηγόριος
1536 3057 1858 3112 ὑπόκειται·

385 3144 550 3200 αὐτοῦ
607 3144 711 3222 γὰρ
771 3147 799 3201 ὁ
859 3145 1046 3222 λόγος·
1105 3147 1170 3202 τὸ
1219 3144 1277 3202 δὲ
1324 3144 1576 3222 θεολογεῖ
1630 3152 2038 3221 κατηγορεῖται’

382 3234 519 3288 κατὰ
564 3238 663 3288 τοῦ
713 3235 1016 3312 Γρηγορίου
1063 3237 1165 3312 γὰρ
1222 3235 1438 3311 λέγεται
1475 3236 1538 3290 τὸ
1565 3234 1888 3310 θεολογεῖν).
1922 3239 2036 3341 ΤῶΙν
2073 3275 2114 3341 C

385 3323 476 3378 οὗν
536 3323 849 3400 προτάσεων
905 3326 960 3378 αἱ
1024 3326 1116 3398 μὲν
1169 3325 1522 3398 ὑποκείμενον
1572 3324 1662 3379 καὶ
1705 3323 2043 3400 κατηγορού-

390 3431 548 3485 μενον
604 3411 814 3488 ἔχουσι,
859 3411 949 3468 καί
1010 3410 1162 3468 οὐδὲν
1218 3413 1408 3469 πλέον’
1469 3414 1522 3468 αἱ
1585 3410 1641 3468 δὲ
1697 3412 1786 3468 καὶ
1859 3412 2040 3488 τρίτον

386 3501 1032 3577 προσκατηγορούμενον,
1072 3503 1136 3558 τὸ
1197 3501 1354 3559 ἐστίν.
1414 3505 1548 3557 Ὅσα
1597 3503 1701 3578 γάρ
1759 3504 1874 3556 καθ’
1927 3503 2044 3564 ἑνὸς

391 3589 752 3664 ὑποκειμένου
822 3590 1039 3666 λέγεται
1107 3592 1242 3646 κατά
1303 3591 1426 3666 μίαν
1502 3591 1784 3668 πρότασιν,
1846 3593 1919 3653 εἷς
1978 3593 2046 3646 τὰ

392 3679 568 3735 πάντα
592 3680 1069 3757 κατηγορούμενος
1121 3680 1462 3754 ὀνομάζεται.
1493 3682 1563 3736 Τὸ
1614 3678 1671 3736 δὲ
1718 3679 1826 3736 ἔστι
1872 3701 2042 3758 προσ-

389 3767 702 3844 αγορεύεται
787 3770 1432 3847 προσκατηγορούμενον·
1520 3772 1656 3844 οἷον,
1739 3769 2043 3846 Γρηγόριος

390 3855 649 3934 θεολόγος
680 3858 769 3912 καὶ
801 3856 1129 3936 φδσιολόγος
1157 3861 1246 3914 καὶ
1278 3858 1492 3915 πάντων
1540 3865 1646 3914 τῶν
1709 3855 1874 3914 ὄντων
1933 3859 2047 3914 ἐπι-

389 3947 612 4018 στήμων
671 3944 830 4002 ἐστίν.
863 3946 1240 4018 Ὑποκείμενος
1297 3947 1390 4019 μὲν
1450 3947 1554 4023 γὰρ
1612 3945 1739 4022 ὅρος
1785 3944 1848 4000 τὸ
1905 3952 2044 4021 Γρη-

385 4033 591 4109 γόριος.
623 4034 694 4088 Τὸ
746 4031 803 4089 δὲ
860 4032 1124 4109 θεολόγος
1169 4035 1259 4090 καὶ
1299 4035 1650 4110 φυσιολόγος,
1683 4035 1771 4089 καὶ
1830 4033 2045 4089 πάντων

389 4127 496 4177 τῶν
586 4119 759 4186 ὄντως
844 4123 1186 4197 ἐπιστήμων,
1246 4124 1722 4202 κατηγορούμενος
1801 4124 1898 4186 εἷς·
1959 4123 2048 4178 καὶ

391 4212 528 4288 πρὸς
592 4211 772 4286 τούτῳ
828 4214 1308 4288 κατηγορούμενον
1361 4214 1422 4268 τὸ
1472 4213 1635 4270 ἐστίν.
1697 4213 1768 4270 Αἱ
1827 4209 1884 4267 δὲ
1939 4217 2046 4267 τῶν

391 4303 703 4378 προτάσεων
754 4302 841 4356 καὶ
903 4301 1104 4379 τρόπον
1188 4302 1578 4378 προσκείμενον
1657 4300 1898 4377 ἔχουσιν,
1955 4300 2046 4356 τὸν

394 4389 545 4454 ὅπως
620 4391 855 4467 ὑπάρχει
909 4391 974 4446 τὸ
1028 4391 1507 4468 κατηγορούμενον
1565 4395 1646 4463 τῷ
1706 4389 2050 4463 ὑποκειμένῳ

392 4500 460 4550 ση
472 4478 752 4554 μαίνοντα.

470 4571 557 4644 ιγ’.
588 4568 790 4644 Τρόποι
850 4567 907 4624 δέ
955 4569 1055 4624 εἰσι
1105 4569 1168 4624 τὸ
1217 4569 1521 4645 ἀναγκαῖον,
1551 4569 1614 4623 τὸ
1670 4565 1955 4640 ἀδύνατον,
1987 4569 2050 4623 τὸ

2068 1909 2117 1974 Β

1918 3055 2042 3132 περὶ
2092 3107 2094 3110 ,

2142 613 2271 686 ipso
2311 613 2466 669 idem
2509 614 2891 686 praedicatum
2924 615 3195 684 efferunt,
3230 632 3420 688 neque
3468 618 3794 674 secundum

2143 701 2581 774 homonymiam
2652 721 2842 776 neque
2909 707 3233 760 secundum
3299 705 3522 777 aliquid
3590 723 3793 762 eorum

2143 807 2270 863 qua
2317 796 2520 846 contra
2559 792 2961 864 sophistarum
3005 794 3480 866 importunitates
3517 795 3791 852 determi-

2143 895 2379 935 namus.

2211 968 2266 1022 9.
2299 968 2517 1024 Verum
2549 969 2844 1026 enimvero
2881 987 3017 1026 cum
3062 975 3319 1042 quatuor
3365 973 3558 1029 modis
3605 974 3794 1046 profe-

2143 1060 2310 1112 ratur
2341 1058 2664 1114 enuntiatio
2696 1058 2805 1130 (vel
2846 1060 3002 1115 enim
3055 1062 3210 1133 quod
3259 1060 3413 1118 inest
3459 1063 3628 1135 quasi
3677 1080 3793 1118 non

2143 1146 2286 1201 insit
2315 1145 2581 1202 enuntiat
2610 1147 2848 1220 aliquis,
2882 1153 2966 1216 ut,
2995 1149 3238 1206 Peccare
3267 1167 3384 1206 non
3415 1156 3504 1207 est
3533 1151 3792 1220 malum;

2143 1235 2231 1290 vel
2262 1237 2417 1308 quod
2450 1237 2602 1292 inest
2631 1237 2799 1308 quasi
2832 1238 2992 1306 insit,
3025 1243 3110 1305 ut,
3145 1240 3388 1296 Peccare
3417 1241 3638 1296 malum
3671 1245 3793 1309 est;

2141 1324 2232 1380 vel
2265 1327 2419 1396 quod
2453 1342 2568 1381 non
2598 1325 2754 1382 inest
2783 1328 2952 1398 quasi
2984 1328 3150 1396 insit,
3183 1335 3266 1397 ut,
3299 1330 3544 1386 Peccare
3572 1331 3794 1386 bonum

2144 1415 2299 1471 210
2329 1420 2456 1483 est;
2506 1414 2592 1471 vel
2642 1415 2798 1486 quod
2855 1433 2971 1471 non
3021 1417 3192 1486 inest,
3243 1417 3414 1489 quasi
3461 1435 3578 1474 non
3625 1419 3793 1491 insit,

2144 1509 2238 1571 ut,
2298 1504 2541 1560 Peccare
2599 1521 2714 1560 non
2771 1509 2858 1561 est
2916 1506 3199 1578 bonum),
3264 1507 3400 1562 hinc
3459 1508 3586 1562 dum
3643 1509 3796 1565 ﬁunt

2143 1592 2561 1664 oppositiones,
2620 1610 2738 1650 una
2803 1593 3042 1664 quidem
3110 1594 3268 1650 falsis
3325 1596 3653 1668 negationis
3719 1597 3795 1652 ad

2141 1697 2340 1736 veram
2383 1681 2858 1750 affirmationem,
2893 1682 3076 1739 altera
3130 1699 3263 1739 vero
3316 1684 3476 1740 falsa:
3529 1685 3796 1740 afﬁrma-

2142 1772 2320 1828 tionis
2369 1773 2441 1827 ad
2501 1789 2698 1828 veram
2748 1773 3138 1846 negationem.
3187 1777 3377 1847 Atque
3425 1780 3634 1848 praeter
3685 1776 3794 1832 has

2146 1863 2293 1917 duas
2323 1860 2723 1932 oppositiones
2755 1862 2930 1918 aliam
2970 1880 3042 1918 ne
3073 1863 3312 1935 quidem
3351 1866 3607 1937 cogitare
3637 1865 3791 1922 licet.

2220 1969 2305 2021 10.
2356 1967 2560 2023 Omnis
2620 1973 2816 2024 autem
2867 1970 3181 2026 affirmatio
3239 1975 3329 2027 est
3385 1971 3793 2039 enuntiativa;

2147 2054 2420 2111 similiter
2465 2061 2523 2110 et
2569 2057 2762 2112 omnis
2811 2057 3065 2130 negatio.
3099 2063 3168 2114 Et
3209 2059 3396 2115 amba;
3435 2077 3571 2116 vero
3616 2059 3794 2116 etiam

2149 2144 2576 2217 propositiones
2608 2147 3008 2215 nominantur,
3043 2148 3199 2219 quod
3249 2149 3322 2204 ab
3370 2149 3444 2204 iis
3483 2150 3583 2220 qui
3621 2152 3799 2206 ratio-

2150 2234 2331 2290 cinari
2365 2235 2489 2304 (seu
2531 2235 2939 2308 syllogismum
2970 2237 3183 2307 facere)
3211 2237 3435 2309 volunt,
3466 2237 3799 2294 communi-

2149 2325 2262 2380 bus
2293 2324 2655 2381 orationibus
2695 2331 3116 2398 proponantur.

2223 2414 2308 2468 11.
2345 2416 2533 2480 Quare
2565 2415 2883 2488 propositio
2927 2421 3017 2472 est
3063 2417 3246 2473 oratio
3295 2418 3660 2474 enuntiativa
3711 2419 3798 2476 vel

2152 2501 2403 2573 alicujus
2433 2504 2506 2558 de
2535 2503 2733 2575 aliquo
2757 2503 2844 2560 vel
2876 2505 3129 2576 alicujus
3158 2506 3230 2560 ab
3253 2505 3472 2579 aliquo.
3495 2509 3564 2562 Et
3593 2508 3798 2564 aliter:

2152 2591 2473 2663 propositio
2502 2597 2592 2647 est
2633 2592 2808 2647 unius
2839 2594 3316 2650 contradictionis
3345 2595 3654 2667 particula.

2227 2700 2311 2754 12.
2367 2698 2540 2754 Porro
2595 2699 3062 2771 pr0positionum
3121 2699 3244 2755 aliae
3304 2718 3372 2756 ex
3429 2703 3692 2773 subjecto
3746 2707 3804 2759 et

2155 2787 2461 2860 prmdicato
2492 2792 2722 2842 tantum
2753 2792 3043 2844 constant.
3076 2789 3295 2860 Estque
3334 2790 3636 2861 subjectus
3683 2795 3802 2846 ter-

2155 2877 2354 2931 minus
2383 2876 2453 2931 de
2484 2893 2598 2947 quo
2632 2877 2814 2932 oratio
2846 2881 2934 2931 est
2970 2895 2982 2932 :
3028 2878 3397 2948 praedicatus,
3432 2881 3532 2950 qui
3562 2880 3635 2934 de
3664 2881 3806 2936 sub-

2146 2967 2302 3036 jecto
2352 2965 2584 3033 dicitur,
2636 2964 2816 3032 velut,
2861 2965 3175 3038 Gregorius
3228 2967 3299 3021 de
3349 2967 3465 3022 Deo
3514 2967 3798 3025 disserit:

2152 3053 2213 3106 τὸ
2245 3053 2558 3124 Gregorius
2581 3054 2820 3125 quidem
2844 3054 3190 3124 subjicitur:
3226 3056 3298 3110 de
3328 3071 3394 3110 eo
3426 3056 3579 3110 enim
3609 3074 3802 3113 sermo

2153 3149 2240 3198 est
2275 3161 2286 3199 :
2337 3141 2400 3195 τὸ
2447 3143 2518 3198 de
2558 3143 2673 3198 Deo
2715 3143 2970 3213 disserit,
3006 3144 3394 3215 praedicatur;
3427 3146 3497 3200 de
3528 3145 3803 3219 Gregorio

2155 3233 2309 3288 enim
2357 3232 2572 3287 dicitur
2612 3231 2674 3284 τὸ
2722 3233 2793 3287 de
2836 3233 2952 3288 Deo
2991 3233 3294 3288 disserere.
3333 3233 3802 3305 Propositionum

2153 3322 2331 3394 igitur
2351 3321 2475 3377 alia:
2500 3322 2829 3390 subjectum
2861 3327 2918 3376 et
2944 3323 3322 3393 praedicatum
3353 3322 3589 3395 habent,
3613 3340 3806 3397 neque

2153 3411 2308 3482 plus,
2344 3410 2467 3464 aliae
2523 3426 2655 3465 vero
2708 3412 2885 3466 etiam
2933 3411 3173 3466 tertium
3219 3413 3699 3484 appraadicatum,
3732 3413 3803 3467 Τὸ

2153 3505 2259 3555 est.
2293 3499 2426 3563 Qum
2459 3500 2607 3555 271
2654 3500 2810 3554 enim
2860 3500 2931 3554 de
2980 3517 3096 3555 uno
3129 3501 3395 3571 subjecto
3425 3501 3485 3556 in
3518 3519 3636 3557 una
3666 3519 3806 3575 pro-

2154 3588 2444 3659 positione
2473 3588 2769 3655 dicuntur,
2791 3589 2990 3644 omnia
3019 3607 3173 3645 unus
3206 3590 3552 3662 praedicatus
3583 3592 3806 3660 (termi-

2156 3677 2290 3748 nus)
2344 3678 2744 3732 nominantur.
2801 3676 2873 3730 Τὸ
2927 3682 3017 3733 est
3073 3684 3292 3744 autem,
3343 3680 3802 3752 appraedicatum

2155 3765 2484 3838 appellatur
2511 3765 2690 3836 velut,
2722 3766 3038 3836 Gregorius
3067 3766 3375 3839 theologus
3407 3773 3463 3824 et
3507 3769 3800 3842 physiolo-

2155 3871 2287 3926 gus,
2320 3861 2378 3909 et
2425 3856 2694 3910 omnium
2737 3856 2964 3910 entium
3006 3856 3200 3911 sciens
3243 3863 3349 3912 est.
3382 3857 3456 3910 Τὸ
3485 3859 3800 3930 Gregorius

2156 3943 2311 3998 enim
2369 3944 2670 4014 subjectus
2726 3945 3017 3998 terminus
3073 3951 3207 4000 est:
3258 3951 3316 4000 at
3362 3944 3424 3998 τὸ
3474 3947 3801 4020 theologus,

2159 4032 2560 4105 physiologus,
2593 4037 2649 4087 et
2678 4033 2947 4088 omnium
2977 4035 3202 4089 entium
3234 4036 3448 4100 sciens,
3482 4052 3638 4092 unus
3671 4053 3810 4108 prae-

2158 4119 2386 4174 dicatus
2421 4135 2433 4174 :
2486 4124 2544 4174 et
2592 4119 2747 4190 quod
2793 4121 2862 4175 ad
2909 4120 3030 4175 haec
3071 4122 3422 4193 praedicatur
3447 4121 3509 4175 τὸ
3539 4128 3635 4178 est.
3671 4122 3811 4178 Alia

2160 4213 2355 4264 autem
2389 4208 2816 4288 propositiones
2863 4209 3038 4264 etiam
3084 4212 3326 4266 modum
3367 4212 3661 4282 adjectum
3701 4213 3812 4268 ha-

2159 4299 2318 4364 bent,
2353 4297 2646 4370 quomodo
2676 4298 3058 4370 praedicatum
3090 4301 3352 4370 subjecto
3392 4301 3536 4357 insit
3581 4301 3814 4375 signiﬁ-

2162 4391 2413 4442 cantem.

2235 4567 2323 4621 13.
2383 4565 2652 4638 Suntque
2719 4569 2876 4622 modi
2946 4571 3364 4638 necessarium,
3424 4571 3816 4643 impossibile,

392 4652 766 4732 ἐνδεχόμενον,
817 4659 878 4712 τὸ
932 4657 1140 4728 καλῶς,
1171 4659 1235 4712 τὸ
1287 4662 1493 4734 σαφῶς,
1542 4657 1632 4712 καὶ
1689 4653 1865 4733 ἕτεραο
1921 4658 2041 4712 ὢνὲ

2167 4655 2538 4728 contingens,
2564 4655 2826 4729 pulchre,
2851 4659 3179 4731 perspicue,
3200 4666 3258 4716 et
3286 4666 3490 4716 caetera
3515 4679 3528 4716 :
3562 4677 3817 4734 quorum

1680 4743 1724 4765 ’δ’

391 4745 640 4820 ἀριθμὸς,
694 4745 847 4825 φύσει
912 4748 1006 4820 μὲν
1067 4746 1430 4824 περιληπτὸς,
1483 4749 1618 4820 ἡμῖν
1676 4745 1724 4800 δ’
1778 4745 2047 4821 ἀπερίλη-

392 4855 548 4898 πτος.
626 4837 776 4906 Οἴον,
853 4837 1177 4912 Ἀναγκαῖον
1229 4837 1320 4891 τὸν
1408 4832 1691 4912 ἄνθρωπον
1773 4835 2048 4890 ἀναπνεῖν·

395 4920 685 4980 Ἀδύνατον
739 4924 875 4980 εἶναι
930 4926 1022 4980 τὸν
1081 4923 1249 4980 *ίππον
1299 4925 1596 5002 πτερωτόν·
1632 4921 1914 4980 Βασίλειον
1966 4924 2052 4979 ἐν·

396 5009 611 5088 δέχεται
697 5013 1058 5090 γονυκλιτεῖν·
1121 5013 1435 5077 Ἀθανάσιος
1519 5011 1702 5076 καλῶς
1791 5011 2050 5069 διδάσκει⁶

397 5101 651 5174 Ἰωάννης
682 5107 868 5182 σαφῶς
899 5101 1188 5180 ἐξηγεῖται.

473 5276 558 5335 ιδ’.
589 5279 805 5335 Τούτων
869 5278 926 5336 δὲ
979 5285 1088 5337 τῶν
1145 5279 1415 5356 τεσσάρων
1499 5278 1663 5357 ὅρων,
1721 5277 1888 5356 ἤγουν
1959 5285 2059 5336 τοῦ

403 5367 787 5443 ὑποκειμένου,
835 5374 933 5424 τοῦ
981 5368 1488 5446 κατηγορουμένου,
1533 5373 1631 5423 τοῦ
1678 5388 2056 5446 προσκατηγο-

402 5457 688 5534 ρουμένου,
717 5458 806 5512 καὶ
863 5464 961 5513 τοῦ
1007 5460 1235 5537 τρόπου,
1274 5457 1531 5519 πλείονας
1591 5456 1692 5513 οὐκ
1748 5455 1888 5512 ἔστιν
1940 5458 2054 5514 ἐπι-

401 5553 594 5616 νοῆσαι
626 5547 763 5620 πρὸς
799 5552 926 5620 μιᾶς
955 5548 1270 5624 προτάσεως
1298 5547 1520 5623 γένεσιν.

475 5637 554 5694 ιε’.
589 5635 711 5691 Ἐπὶ
740 5636 921 5707 πάσης
979 5635 1037 5691 δὲ
1091 5635 1404 5715 προτάσεως
1449 5637 1478 5690 ὁ
1507 5635 1992 5712 κατηγορούμενος
2017 5636 2058 5708 ἤ

403 5723 558 5804 ῥῆμα
616 5725 881 5803 ὑπάρχειν
944 5725 1174 5806 ὀφείλει,
1197 5726 1232 5797 ἥ
1267 5729 1473 5791 πτῶσις
1535 5724 1803 5801 ὁήματος,
1835 5724 1871 5798 ἤ
1905 5727 2063 5803 ἀόρι-

2161 4761 2448 4800 numerus
2478 4752 2689 4801 natura
2718 4747 2954 4818 quidem
2988 4754 3078 4804 est
3107 4749 3678 4821 comprehensibilis,
3712 4766 3815 4806 n0-

2163 4835 2254 4889 bis
2303 4839 2500 4889 autem
2549 4834 3183 4907 incomprehensibilis.
3216 4838 3390 4894 Velut
3417 4838 3817 4894 necessarium

2165 4927 2254 4978 est
2292 4923 2592 4979 hominem
2625 4925 2933 4996 respirare,
2964 4925 3331 4997 impossibile
3379 4932 3469 4983 est
3516 4926 3818 4983 hominem

2164 5029 2294 5068 esse
2332 5011 2576 5079 elatum,
2607 5012 2892 5068 Basilium
2937 5015 3226 5087 contingit
3273 5016 3661 5088 ingeniculari
3712 5032 3815 5072 seu

2166 5117 2358 5172 genus.
2384 5101 2613 5156 ﬂectere
2637 5117 2650 5155 :
2683 5101 3040 5159 Athanasius
3071 5103 3316 5176 pulchre
3345 5105 3532 5173 docet,
3556 5105 3818 5161 Joannes

2168 5189 2474 5262 perspicue
2504 5189 2798 5262 explanat.

2248 5279 2328 5334 14.
2367 5281 2430 5333 Et
2477 5278 2676 5350 plures
2729 5279 2891 5335 hisce
2944 5281 3215 5339 terminis
3267 5299 3479 5356 nempe
3527 5283 3820 5354 subjecto,

2171 5368 2503 5440 pradicato,
2530 5369 2936 5440 appraadicato,
2961 5375 3018 5426 et
3047 5373 3219 5427 modo
3247 5374 3318 5428 ad
3350 5373 3527 5429 unius
3557 5371 3820 5446 proposi-

2172 5457 2346 5512 tionis
2376 5457 2852 5513 constitutionem
2884 5460 3210 5532 excogitare
3243 5479 3358 5518 non
3390 5461 3544 5520 licet.

2244 5638 2330 5692 15.
2363 5635 2648 5692 Caeterum
2700 5634 2759 5691 in
2812 5637 2973 5692 omni
3021 5641 3418 5713 prepositione
3467 5641 3818 5714 praedicatus

2174 5726 2461 5783 terminus
2493 5727 2593 5780 aut
2622 5725 2888 5796 verbum,
2921 5733 3024 5784 aut
3069 5746 3244 5787 casus
3276 5731 3458 5803 verbi,
3492 5735 3594 5788 aut
3622 5730 3817 5788 inﬁni-
