4126 6424
393 364 510 424 899
1649 350 2073 412 NICEPHORI
2119 349 2560 412 BLEMMlD/E
3681 360 3788 421 900

392 499 520 552 tum
546 493 789 550 verbum
821 506 950 548 esse
978 488 1150 544 debet
1182 504 1196 544 :
1251 486 1405 543 272
1439 484 1746 555 subjectus
1774 499 1907 539 vero
1938 498 2021 538 au‘

2154 500 2273 534 στον
2327 479 2496 555 ῥῆμα·
2555 481 2583 534 6
2643 478 2689 535 δ’
2745 481 3123 555 ὑποκείμενος,
3181 481 3219 555 ἤ
3274 478 3466 557 ὄνομα,
3515 482 3552 553 ἤ
3594 491 3783 550 πτῶσις

391 600 605 641 nomen
629 587 732 638 aut
756 596 930 636 casus
952 576 1228 644 nominis,
1253 580 1357 631 aut
1383 574 1682 629 inﬁnitum
1706 588 1919 628 nomen
1943 589 2016 626 au

2152 569 2439 643 ὀνόματος,
2488 569 2524 641 ἤ
2576 570 2826 648 ἀόριστον
2881 567 3078 647 ὄνομα,
3128 571 3164 643 ἤ
3215 573 3380 651 λόγος
3424 572 3482 629 ἐκ
3530 572 3780 632 πλειόνων

387 675 574 731 oratio
605 689 674 728 ex
702 670 974 744 pluribus
1002 665 1343 724 nominibus
1375 663 1719 736 composita.

1217 665 1343 721 ibus
1375 663 1719 736 composita.
2155 659 2439 733 ὀνομάτων
2473 659 2846 736 συγκείμενος.

459 764 547 819 16.
583 760 783 816 Ditfert
811 764 1011 815 autem
1051 771 1265 812 nomen
1317 772 1351 810 a
1396 770 1536 809 casu
1568 750 1846 819 nominis,
1882 751 2036 821 quod

2224 751 2308 812 ις’.
2339 750 2585 828 Διαφέρει
2636 747 2693 805 δὲ
2736 751 2799 805 τὸ
2850 746 3030 825 ὄνομα
3070 754 3168 821 τῆς
3198 756 3294 807 τοῦ
3342 752 3607 827 ἀνόματος
3645 753 3780 808 πτώ-

406 854 531 911 llud
563 851 803 925 quidem
837 852 992 904 recto
1024 862 1164 901 casu
1195 844 1489 917 profertur
1534 846 1591 896 et
1637 855 1850 895 nomen
1893 838 2035 894 dici-

2156 858 2305 906 σεως,
2354 837 2528 894 ὅτιτὸ
2581 839 2674 913 μὲν
2720 841 2837 895 κατ’
2886 839 3093 895 εὐθεῖαν
3147 841 3470 918 φερόμενον,
3509 837 3675 915 ὄνομα
3702 840 3785 898 λέ-

385 949 506 1011 tur,
528 947 614 1012 ut,
636 940 935 996 Judasest
964 935 1264 1008 proditor;
1296 933 1399 988 sed
1429 930 1687 987 nominis
1710 928 2014 985 secundum

2157 947 2318 1002 γεται·
2379 928 2516 1000 οἷον,
2574 929 2630 981 Ὀ
2692 927 2897 991 Ἰούδας
2952 927 3229 1005 προδότης
3285 929 3447 987 ἐστίν·
3497 934 3533 1002 ὴ
3567 929 3622 988 δὲ
3662 932 3786 986 κατᾶ

385 1034 659 1106 obliquos
704 1028 874 1096 alios,
922 1023 1265 1099 genitivum,
1311 1020 1596 1086 dativum,
1638 1017 2014 1074 accusativum

2153 1016 2239 1106 τὰς
2282 1015 2455 1080 ἄλλας
2499 1016 2734 1093 πλαγίας
2774 1020 3028 1097 προφορὰ
3067 1023 3165 1074 τοῦ
3218 1019 3512 1095 ὀνόματος,
3560 1022 3782 1097 γενικὴν,

384 1102 654 1198 prolatio,
699 1135 871 1176 casus
927 1112 1185 1171 nominis
1232 1113 1493 1176 vocatur,
1545 1108 1698 1178 quod
1747 1107 1918 1179 quasi
1967 1122 2013 1161 e1

2154 1102 2368 1176 δοτικὴν
2418 1106 2507 1162 καὶ
2557 1107 2861 1176 αἰτιατικὴν
2897 1152 2912 1179 ,
2967 1113 3176 1172 πτῶσις
3223 1108 3474 1165 καλεῖται
3530 1109 3783 1184 ὀνόματος

386 1194 614 1286 integro
645 1225 747 1266 seu
778 1211 934 1264 recto
965 1201 1259 1260 ceciderit.
1292 1198 1482 1268 Velut,
1519 1197 1763 1252 Virtutis
1808 1194 2015 1251 studio

2153 1194 2218 1256 ὡς
2279 1195 2339 1286 ἐκ
2392 1203 2493 1266 τῆς
2538 1197 2702 1273 ὀρθῆς
2766 1194 2938 1252 εἷίτουν
2998 1196 3205 1261 εὐθείας
3262 1203 3598 1255 πεπτωκυῖα,
3646 1198 3782 1269 Οἷον,

385 1284 537 1361 sumi
570 1317 698 1358 esse
739 1299 970 1370 justum
1021 1296 1149 1359 est;
1199 1289 1346 1344 Cum
1393 1286 1625 1343 Christo
1673 1284 1794 1358 pati
1843 1284 2014 1339 utile:

2156 1288 2249 1354 Γῆς
2299 1285 2497 1361 ἀρετῆς
2551 1284 2828 1361 ἐξέχεσθαι
2879 1284 3126 1341 δίκαιον·
3177 1291 3266 1360 Τῷ
3321 1291 3537 1364 Χριστῷ
3589 1287 3785 1359 συμπά-

380 1393 547 1451 Diem
579 1383 982 1447 retributionis
1016 1380 1302 1452 attingere
1330 1390 1567 1433 necesse
1596 1379 1704 1431 est.

2153 1394 2294 1451 τχειν
2326 1373 2631 1453 ὠφέλιμον·
2664 1376 2762 1430 Τὸν
2813 1376 3000 1452 καιρὸν
3039 1382 3142 1447 τῆς
3192 1374 3602 1439 ἀνταποδόσεως
3632 1375 3782 1450 ἀναγ·

2139 1469 2294 1519 καῖον
2323 1458 2648 1519 καταλαϐεῖν
2659 1506 2671 1518 .

451 1573 540 1626 17.
591 1568 795 1625 Diﬁ'ert
834 1566 1033 1621 autem
1084 1559 1263 1615 etiam
1307 1555 1552 1611 verbum
1599 1569 1633 1607 a
1682 1568 1821 1607 casu
1868 1549 2029 1605 verbi

2209 1558 2306 1623 κζ’.
2340 1556 2635 1631 Διενήνοχε
2666 1550 2724 1609 δὲ
2769 1554 2860 1609 καὶ
2907 1554 3060 1631 ῥῆμα
3110 1556 3372 1619 πτώσεως
3430 1554 3672 1631 ῥήματος
3708 1554 3780 1623 τῷ

377 1662 534 1735 quod
553 1659 798 1716 verbum
824 1652 1061 1726 quidem
1092 1661 1350 1722 praesens
1380 1647 1616 1714 tempus
1637 1639 1914 1707 declarat,
1939 1643 2005 1694 ut

2146 1644 2197 1697 τὸ
2225 1644 2318 1735 μὲν
2385 1643 2537 1735 ρῆμα
2590 1644 2682 1698 τὸν
2741 1643 3006 1735 ἐνεστῶτα
3062 1645 3264 1721 χρόνον
3317 1642 3545 1716 δηλοῦν,
3587 1643 3660 1704 ὡς
3700 1640 3775 1710 τὸ,

375 1726 592 1807 ΙΞωΙιιε
621 1744 1039 1808 concinnatur;
1073 1737 1176 1793 sed
1204 1732 1367 1791 verbi
1396 1747 1568 1788 casus
1599 1745 1735 1785 cum
1768 1726 2004 1800 praeteri

2147 1730 2353 1795 Παῦλος
2388 1730 2716 1809 δημηγορεῖο
2748 1734 2847 1802 τὴν
2895 1730 2953 1788 δὲ
3000 1738 3097 1789 τοῦ
3148 1733 3398 1810 ματος
3443 1736 3664 1803 πτῶσιν,
3693 1728 3776 1783 τὸν

374 1844 502 1897 tum
550 1841 679 1892 tum
716 1834 1006 1901 futurum,
1038 1825 1198 1886 velut
1226 1823 1433 1879 Petrus
1463 1818 1711 1891 negavit,
1745 1815 2003 1873 Diabolu:

2151 1818 2556 1895 ταρεληλυθότα
2599 1842 2659 1877 τε
2716 1822 2806 1877 καὶ
2864 1821 2956 1877 τὸν
3017 1819 3312 1895 μέλλοντα.
3375 1823 3538 1893 Οἴον,
3591 1819 3780 1891 Πέτρος

373 1926 672 2002 punietur.

1830 1996 1841 2002 _
2054 1905 2103 1941 Β
2133 1910 2430 2002 ἠρνήσατο·
2466 1905 2736 1973 Διάϐολος
2764 1910 3183 1981 κολασθήσεται.

442 2018 534 2072 18.
565 2012 677 2071 Ubi
706 2011 887 2085 igitur
913 2011 1160 2078 uterque
1191 2002 1481 2059 terminus
1508 2015 1711 2056 eorum
1743 1996 1844 2069 qui
1887 2011 2021 2068 pro-

2202 2001 2309 2069 κη’.
2358 2001 2525 2054 Ἔνθα
2577 2000 2670 2074 μὲν
2723 1998 2814 2054 οὗν
2870 1999 3119 2076 ἑκάτερος
3187 1998 3317 2076 ὅρος
3359 2004 3471 2055 τῶν
3526 1995 3775 2071 συμπλη-

370 2098 705 2181 postionem
734 2084 1051 2172 complent,
1082 2110 1263 2151 unam
1294 2091 1554 2163 aliquam
1603 2091 1873 2143 naturam
1921 2085 1993 2140 de

2144 2088 2370 2145 ao'Sv'cwv
2401 2090 2501 2157 τὴν
2531 2089 2792 2165 πρότασιν
2844 2094 2969 2164 μιᾶς
3013 2110 3160 2151 τινος
3207 2088 3421 2167 φύσεώς
3462 2087 3572 2144 ἐστι
3602 2084 3773 2156 δηλω-

369 2173 572 2264 clarat,
603 2192 907 2263 subjectus
958 2190 1016 2242 et
1056 2182 1448 2257 praedicatus;
1481 2177 1633 2234 hanc
1665 2174 1998 2248 propositio.

2141 2179 2300 2250 βικὸς,
2360 2179 2389 2233 6
2447 2178 2805 2253 ὑποκείμενος
2863 2178 2953 2233 καὶ
3012 2180 3041 2233 ὁ
3097 2179 3605 2254 κατηγορούμενος,
3656 2173 3770 2248 μίαν

364 2300 501 2343 nem
531 2261 1018 2343 unamvdicimus,
1050 2273 1186 2328 licet
1214 2274 1395 2326 totam
1428 2265 1831 2323 deﬁnitionem
1863 2279 1993 2319 acce

2150 2267 2360 2344 ιέγομεν
2423 2267 2556 2322 εἶναι
2612 2267 2812 2338 ταύτην
2870 2268 2971 2337 τὴν
3032 2268 3293 2345 πρότασιν
3331 2311 3346 2337 ,
3409 2266 3505 2323 κᾶν
3565 2261 3779 2342 ὁρισμὸν

364 2372 628 2447 perimus
659 2384 762 2443 pro
789 2365 1055 2436 subjecto
1086 2364 1188 2417 aut
1216 2374 1321 2432 pro
1353 2355 1684 2430 prmdicato,
1710 2358 1811 2408 aut
1839 2353 1993 2409 etian

2144 2354 2258 2447 ίλον
2288 2351 2546 2430 λάϐωμεν
2599 2356 2954 2430 ὑποκείμενον
3002 2354 3039 2426 ἥ
3089 2357 3598 2433 κατηγορούμενον,
3628 2350 3663 2422 ἤ
3692 2349 3773 2407 καὶ

367 2439 789 2529 similiter-pro
840 2458 1111 2524 utroque.
1142 2447 1335 2504 Veluti
1385 2446 1435 2501 si
1489 2443 1699 2499 dixerit
1749 2441 1965 2513 aliquis

2146 2446 2469 2524 ἱμφοτέρους
2496 2446 2725 2519 ὁμοίως,
2771 2447 2860 2508 Ὡς
2906 2445 2993 2501 ἐάν
3027 2443 3151 2521 εἷ’πῃ
3201 2467 3304 2518 τις,
3349 2446 3426 2501 Τὸ
3460 2450 3593 2516 ζῶον
3634 2439 3775 2516 λογι-

366 2549 602 2607 Animal
626 2543 933 2611 rationale,
958 2539 1224 2605 mortale,
1247 2533 1642 2608 intelligentiae
1671 2536 1729 2588 et
1757 2531 1995 2587 scientia

2139 2536 2217 2590 ιὸν
2248 2536 2465 2608 θνητὸν,
2497 2540 2589 2590 νοῦ
2614 2535 2703 2590 καὶ
2753 2534 3063 2609 ἐπιστήμης
3111 2532 3378 2609 δεκτικὸν,
3425 2534 3579 2592 οὐσία
3607 2530 3768 2605 ἔμψυ-

365 2656 570 2713 capax,
592 2640 682 2694 est
708 2631 1043 2692 substantia
1064 2629 1345 2694 animata,
1372 2640 1586 2681 sensus
1618 2626 1675 2678 et
1703 2622 1858 2678 273
1880 2637 1994 2692 pro

2140 2644 2225 2699 (ος
2282 2624 2573 2695 αἰσθητικὴ
2637 2618 2968 2698 μεταϐατική
3022 2622 3185 2681 ἐστιν.
3249 2625 3509 2680 Ἐνταῦθα
3560 2620 3658 2697 γὰρ
3713 2616 3769 2671 τὸ

360 2706 681 2804 gressionis
709 2723 1019 2797 particeps.
1040 2720 1147 2774 Hic
1177 2717 1334 2773 enim
1363 2713 1426 2769 τὸ
1456 2710 1675 2769 animal
1707 2708 1989 2767 rationale

2136 2717 2260 2780 ζῶον
2313 2712 2560 2788 λογικὸν,
2611 2713 2831 2784 θνητὸν,
2877 2716 2972 2767 νοῦ
3020 2712 3111 2767 καὶ
3167 2711 3484 2787 ἐπιστήμης
3537 2706 3765 2765 δεκτικὸν

358 2791 629 2885 mortale,
676 2791 1075 2885 intelligentia
1132 2812 1190 2865 et
1246 2805 1502 2863 scientias
1553 2818 1757 2874 capax,
1810 2799 1987 2870 subjei

2138 2800 2475 2876 ὅποκείμενόν
2504 2801 2666 2874 ἐστιν,
2722 2802 2798 2863 ὡς
2844 2800 2901 2855 ’ὲν
2957 2798 3316 2876 λογιζόμενον
3365 2796 3562 2873 ὄνομα,
3592 2795 3683 2852 κᾶν
3712 2791 3767 2847 ἐκ

358 2914 518 2965 ctum
540 2880 664 2976 est;
700 2903 857 2976 quod
871 2880 950 2956 ἶιι
980 2915 1166 2956 unum
1188 2911 1403 2953 nomen
1426 2896 1753 2965 reputatur,
1773 2893 1987 2946 tamets

2135 2890 2347 2946 πολλῶν
2381 2895 2573 2968 φωνῶν
2615 2894 2961 2964 σημαντικῶν
3013 2889 3233 2967 ὑπάρχῃ
3286 2888 3657 2966 συγκείμενον.
3699 2880 3764 2935 Τὸ

355 3015 427 3056 ex
454 2996 663 3054 multis
690 2970 935 3050 vocibus
965 2985 1370 3062 signiﬁcativis
1401 2980 1814 3054 compositum.
1852 2984 1922 3035 At
1946 2998 1984 3031 τ‹

2136 2978 2179 3035 ἴε
2209 2979 2363 3035 οὐσία
2390 2976 2662 3056 ἔμψυχος,
2696 2978 3011 3050 αἰσθητικὴ,
3048 2973 3409 3052 μεταϐατικὴ,
3438 2979 3600 3033 τοῦτο
3629 2970 3765 3044 σύμ-

357 3085 693 3145 substantia
719 3081 1003 3147 animata,
1034 3093 1246 3134 sensus
1275 3079 1335 3130 et
1362 3070 1792 3146 progressionis
1821 3068 1986 3141 parti-

2136 3091 2221 3125 ταν
2252 3069 2746 3147 κατηγορούμενον·
2792 3069 2822 3123 '6
2854 3065 2922 3136 δὴ
2978 3069 3113 3141 μετὰ
3156 3072 3255 3123 τοῦ
3305 3064 3421 3123 ἔστι
3471 3079 3765 3142 προσκατη-

355 3193 532 3249 ceps;
574 3175 685 3230 hoc
713 3186 905 3242 omne,
938 3166 1319 3242 praedicatum
1352 3166 1480 3230 est;
1514 3160 1669 3233 quod
1700 3173 1841 3215 sane
1870 3174 1984 3213 cun

1401 3166 1480 3230 5t;
1514 3160 1669 3233 quod
1700 3173 1841 3215 sane
1870 3174 2007 3213 cum
2048 3244 2078 3249 μ
2116 3161 2502 3236 γορουμμένου
2534 3158 2688 3235 ῥῆμα
2716 3157 2922 3234 γίνεται
2950 3153 3030 3214 ἓν.

356 3244 751 3339 αΡ-ρινωάίοιιιο
779 3265 874 3329 est,
907 3273 1096 3314 unum
1132 3255 1377 3311 verbum
1408 3249 1683 3308 efﬁcitur.
2037 3244 2080 3312 C

428 3327 517 3409 i9.
547 3351 657 3409 Ubi
688 3327 884 3407 autem
916 3347 1194 3403 alteruter
1229 3341 1620 3398 terminorum
1664 3337 1865 3410 plures
1911 3353 2004 3392 res

2188 3339 2273 3402 ιϐ’.
2319 3339 2483 3393 Ἔνθα
2530 3334 2588 3392 δὲ
2633 3335 2904 3392 πλειόνων
2959 3337 3297 3410 πραγμάτων
3328 3382 3343 3408 ,
3411 3327 3759 3407 ὁποτεροσοῦν

352 3443 670 3516 signiﬁcat,
715 3438 915 3513 plures
963 3431 1393 3508 prapositiones
1439 3443 1567 3486 esse
1610 3427 1884 3494 dicimus,
1917 3430 1981 3481 at

2130 3432 2219 3482 τῶν
2271 3427 2412 3502 ὅρων
2473 3426 2805 3500 σημαντικός
2863 3424 2996 3499 ἐστι,
3055 3424 3281 3487 πλείους
3330 3425 3467 3481 εἶναι
3514 3421 3605 3481 τὰς
3634 3434 3759 3491 προ-

348 3512 464 3605 que
518 3536 606 3587 tot
659 3512 804 3601 quot
860 3540 1105 3582 numero
1155 3521 1485 3593 signiﬁcata
1539 3521 1715 3585 sunt;
1767 3520 1977 3571 tamets

2132 3517 2289 3579 τάσεις
2342 3516 2537 3594 φαμὲν,
2596 3516 2686 3570 καὶ
2742 3513 3027 3586 τοσαύτας,
3080 3512 3205 3568 ὅσον
3250 3514 3313 3569 τὸ
3343 3518 3455 3569 τῶν
3503 3522 3761 3582 σημαινο-

347 3623 474 3679 haec
517 3622 589 3677 ab
634 3635 751 3675 uno
782 3615 1021 3673 nomine
1051 3611 1478 3685 signiﬁcentur.
1509 3606 1701 3664 Veluti
1750 3606 1798 3660 si
1852 3604 1970 3660 dixi

2133 3605 2287 3661 ιένων
2346 3603 2561 3674 πλῆθός
2622 3603 2752 3659 ἐστι·
2811 3603 2907 3658 κᾶν
2970 3603 3058 3681 ὑφ’
3113 3602 3230 3665 ἑνὸς
3289 3602 3561 3676 ὀνόματος
3606 3596 3762 3650 ταῦτα

351 3712 429 3767 rit
456 3709 672 3782 aliquis
706 3725 719 3763 :
771 3707 916 3777 Ajax
953 3720 1089 3760 cum
1120 3702 1361 3757 Hectore
1390 3697 1554 3754 solus
1583 3696 1920 3762 decertavit,
1953 3712 1980 3750 s

2129 3693 2467 3767 ιἠμαίνηται.
2516 3694 2606 3755 Ὠς
2658 3692 2782 3747 ὅταν
2833 3689 2958 3766 εἷ’πῃ
3002 3709 3106 3754 τις·
3159 3688 3294 3754 Αἴας
3351 3686 3758 3766 ἐμονομάχησεν

352 3816 470 3856 non
500 3795 978 3855 determinaverit
1006 3793 1246 3863 Ajacum
1277 3789 1348 3843 de
1377 3793 1508 3843 utro
1539 3786 1651 3843 sibi
1682 3801 1873 3840 sermo
1905 3781 1981 3839 sit

2128 3785 2369 3858 Ἐκτορι,
2436 3782 2511 3855 μὴ
2563 3779 3085 3857 προσδιορισάμενος
3120 3827 3134 3854 ,
3192 3780 3320 3857 περὶ
3374 3779 3609 3856 ποτέρου
3656 3773 3757 3825 τῶν

350 3888 513 3945 Hanc
541 3886 701 3944 enim
732 3881 1191 3958 propositionem
1221 3893 1415 3945 nemo,
1441 3875 1667 3948 opinor,
1693 3876 1979 3929 accuratu:

2125 3870 2354 3958 Δ,ἰοὶντων
2404 3870 2432 3924 6
2483 3869 2650 3947 λόγος
2697 3870 2895 3926 αὐτῶν.
2949 3869 3158 3940 Ταύτην
3209 3870 3314 3947 γὰρ
3357 3871 3460 3939 τὴν
3508 3863 3754 3944 πρότασιν

350 3994 532 4033 unam
564 3946 893 4045 dicet,‘qu.a3
924 3974 1162 4044 propter
1190 3946 1655 4038 homonymiam’
1680 3968 1737 4019 et
1784 3962 1979 4019 falsum

2127 3956 2311 4031 i66eic,
2371 3959 2547 4032 οἶμαι,
2603 3963 2712 4014 τῶν
2763 3958 3110 4032 ἐξεταστικῶν
3173 3946 3296 4033 μίαν
3363 3958 3476 4035 ἐρεῖ
3530 3954 3628 4022 τὴν
3673 3946 3756 4004 καὶ

345 4071 404 4123 et
430 4082 635 4124 verum
668 4038 850 4120 simpl
881 4038 1053 4116 dicit:

2128 4045 2449 4122 μευδομένην
2505 4049 2620 4122 ἄμα
2672 4047 2763 4102 καὶ
2819 4046 3188 4118 ἀληθεύουσαν
3252 4044 3343 4101 διὰ
3398 4047 3497 4115 τὴν
3556 4038 3757 4116 ὁμωνυ-

2112 4136 2235 4212 μίαν
2246 4180 2258 4194 .

413 4245 505 4301 20.
538 4242 670 4299 Jam
697 4256 831 4297 vero
861 4236 1183 4312 propositio
1226 4239 1284 4291 et
1326 4233 1652 4291 enuntiatio
1685 4236 1741 4288 et
1770 4232 1997 4287 instan-

2126 4311 2130 4312 γ
2176 4227 2242 4281 κ’.
2275 4225 2544 4301 Πρότασις
2594 4222 2652 4281 δὲ
2697 4224 2788 4280 καὶ
2841 4219 3148 4301 πρόϐλημα
3194 4224 3285 4280 καὶ
3333 4223 3633 4303 ἀπόφανσις
3671 4210 3754 4270 καὶ

341 4334 428 4391 tia
481 4337 540 4389 et
587 4308 887 4388 conclusio
938 4308 1201 4399 subjecto
1242 4324 1483 4398 quidem
1514 4321 1662 4379 nihil
1695 4321 1970 4378 differunt

2124 4311 2346 4377 ἷνστασις
2401 4315 2493 4371 καὶ
2551 4314 2917 4391 συμπέρασμα
2970 4315 3109 4370 κατά
3154 4314 3249 4388 μὲν
3293 4314 3356 4370 τὸ
3407 4308 3753 4383 ὑποκείμενον

340 4421 691 4479 habitudine
721 4425 919 4474 autem
949 4395 1077 4489 (seu
1115 4395 1409 4486 respectu)
1438 4411 1716 4468 differunt
1749 4429 1762 4467 :
1812 4408 1969 4465 velut

2123 4401 2257 4461 ιύδὶν
2313 4402 2575 4483 διαφέρει·
2636 4406 2773 4460 κατά
2829 4404 3013 4481 σχέσιν
3077 4401 3136 4459 δὲ
3192 4400 3550 4480 διενήνοχενσ
3611 4395 3752 4489 οἷον3

340 4510 550 4567 Anima
580 4512 670 4564 est
699 4482 1091 4571 immortalis;
1122 4482 1256 4558 cum
1290 4482 1530 4573 quidem
1563 4504 1629 4555 ut
1658 4515 1792 4572 pars
1823 4497 1969 4571 syllo

2125 4500 2166 4549 Η
2214 4495 2368 4569 ψυχὴ
2420 4482 2687 4556 ἀθάνατός
2745 4492 2906 4566 ἐστιν,
2962 4492 3088 4549 ὅταν
3141 4494 3234 4567 μὲν
3262 4493 3338 4556 ὡς
3382 4482 3754 4573 συλλογισμοῦ

340 4599 518 4673 gismi
562 4594 909 4661 assumitur,
941 4592 1263 4666 propositio
1312 4588 1689 4656 nominatur;
1744 4569 1878 4643 cum
1932 4585 1969 4641 ἱ(

2123 4582 2269 4682 ιέρος
2324 4577 2696 4682 λαμϐάνηται,
2744 4583 3005 4659 πρότασις
3055 4581 3403 4657 ὀνομάζεταιο
3440 4580 3563 4636 ὅταν
3598 4572 3644 4629 δ’
3681 4569 3752 4676 sic

340 4692 541 4744 autem
572 4687 645 4743 ad
674 4682 1123 4756 inquisitionem
1155 4678 1374 4753 profert
1394 4677 1609 4748 aliquis
1632 4682 1831 4731 utrum
1853 4692 1969 4748 erg:

2122 4657 2328 4743 ζήτησιν
2377 4657 2904 4746 προϐάλληταί-τις
2952 4671 3083 4727 αὐτὸ
3133 4669 3330 4747 λέγων⁷
3362 4670 3505 4748 Ἀρά
3543 4685 3604 4743 γε
3632 4657 3751 4756 afﬁgi.

337 4777 538 4832 anima
585 4779 675 4830 est
720 4749 1094 4841 immortalis,
1137 4749 1430 4840 quaestio:
1482 4767 1639 4822 274
1685 4782 1821 4821 cum
1861 4767 1966 4837 jan

2121 4761 2258 4825 ιατός
2291 4760 2432 4817 ἐστιν
2455 4764 2490 4832 ἡ
2514 4764 2668 4838 ψυχή
2706 4781 2720 4832 ;
2751 4756 3091 4838 πρόϐλημα·
3128 4761 3329 4816 ὁπόταν
3368 4758 3426 4815 δέ
3453 4778 3537 4819 τις
3570 4749 3750 4841 ἁπλᾶξς

338 4865 556 4938 aliquis
586 4861 934 4935 simpliciter
962 4858 1232 4914 enuntiat
1259 4856 1485 4919 dicens,
1514 4853 1725 4909 Anima
1753 4834 1967 4910 immor

2118 4849 2461 4929 ἱποφαίνηται
2515 4834 2713 4927 λέγῶν,
2772 4834 2836 4906 Ἥ
2890 4834 3044 4926 ψυχὴ
3105 4849 3367 4913 ἀθάνατός
3416 4848 3579 4916 ἐστιν,
3616 4834 3747 4938 ἀπόῖ

338 4953 475 5010 talis
495 4957 607 5023 est,
629 4949 955 5007 enuntiatio
977 4963 990 5003 :
1017 4963 1151 5003 cum
1175 4961 1345 5017 porro
1366 4943 1551 4999 instat
1571 4942 1808 5014 aliquis,
1832 4944 1967 4998 undi

2116 4924 2309 5018 ρανσις’
2373 4924 2718 5014 ἐνισταμένοτ
2779 4938 2836 4995 δέ
2891 4924 3058 5012 τινος,
3116 4939 3288 5005 Πόθεν
3352 4936 3545 5009 δῆλον,
3604 4924 3745 5023 (belli

340 5046 592 5108 constat,
616 5040 773 5111 quod
805 5039 1005 5094 anima
1032 5032 1386 5091 immortalis
1416 5033 1512 5103 sit,
1543 5013 1827 5087 instantia
1856 5032 1968 5087 dici

2119 5013 2252 5105 μυχὴ
2333 5013 2592 5093 ἀθάνατός
2643 5029 2783 5086 ἐστιν
2819 5074 2833 5102 ,
2894 5024 3136 5092 ἔνστασις
3196 5027 3413 5106 λέγεται
3445 5049 3458 5062 ·
3516 5013 3748 5111 Δὁπηνίκα

339 5135 485 5187 tur:
537 5109 671 5185 cum
721 5129 975 5199 denique
1027 5142 1096 5181 ex
1145 5120 1643 5196 propositionibus
1681 5120 1968 5176 collectum

2115 5117 2145 5173 Β*
2202 5118 2263 5174 ἐκ
2318 5118 2630 5196 προτάσεων
2706 5118 2997 5194 συναχθείη
3035 5163 3049 5188 ,
3111 5119 3188 5183 ὡς
3266 5117 3389 5174 ὅταν
3468 5109 3698 5182 εἴπωμεν
3731 5117 3744 5131 ⁸

338 5219 516 5276 fuerit
546 5222 611 5274 ut
635 5234 770 5274 cum
795 5216 1118 5273 dixerimus
1143 5232 1155 5270 :
1188 5213 1402 5268 Anima
1427 5227 1658 5283 semper
1685 5215 1954 5266 movetur

2115 5216 2157 5261 Ω
2215 5210 2368 5283 ψυχὴ
2447 5208 2755 5279 ἀεικίνητος
2817 5226 2830 5241 ’
2890 5207 2953 5262 τὸ
3031 5207 3335 5279 ἀεικίνητον
3417 5202 3694 5283 ἀθάνατονΔ
3733 5205 3744 5219 '

337 5308 496 5379 quod
527 5322 760 5380 semper
788 5309 1072 5374 movetur,
1102 5308 1193 5359 est
1220 5280 1591 5367 immortale;
1624 5315 1762 5373 ergo
1792 5298 1966 5355 animi

2117 5299 2134 5367 ⁵)
2193 5280 2347 5374 Ψυχὴ
2416 5298 2519 5375 ἄρα
2599 5297 2857 5360 ἀθάνατος
2921 5316 2934 5329 ·
2991 5296 3118 5352 τότε
3187 5296 3447 5374 τυγχάνει
3529 5280 3700 5361 συμπέ
3726 5307 3746 5319 -

335 5400 427 5455 est
454 5393 831 5468 immortalis,
861 5397 992 5451 tum
1022 5389 1323 5450 conclusio
1354 5387 1603 5447 exsistit.
2100 5394 2301 5464 ρασμα.
