4126 6452
300 411 418 471 903

1667 414 2018 476 EPITOME
2063 415 2368 475 LOGICA.

3606 419 3724 479 906

306 541 400 614 μὲν
436 541 528 596 οὖν
578 542 660 596 ἀεὶ
711 542 945 618 ὑπάρχει
991 546 1069 615 τῷ
1117 543 1480 618 ὑποκειμένῳ,
1521 547 1618 614 τήν
1672 545 1953 621 ἀναγκαίαν

2086 546 2309 616 quidem
2341 546 2519 614 igitur
2549 564 2782 619 semper
2828 547 2982 604 inest
3013 549 3297 618 subjecto,
3334 550 3722 606 necessariam

301 629 441 699 ὕλην
473 635 639 685 ποιεῖ·
675 631 721 684 εἰ
750 629 807 686 δὲ
835 629 1114 700 οὐδέποτε,
1146 635 1244 703 τὴν
1286 631 1568 688 ἀδύνατον·
1619 634 1664 689 εἰ
1716 631 1773 688 δὲ
1825 635 1958 688 ποτε

306 719 402 793 μὲν
438 719 693 797 ὑπάρχει,
727 721 860 776 ποτὶ
888 719 935 776 δ’
965 721 1071 798 οὐχ
1125 722 1381 799 ὑπάρχει,
1411 726 1511 794 τήν
1572 720 1956 799 ἐνδεχομένην.

377 915 443 992 β’.
477 915 800 991 Ἀναγκαίας
848 919 942 991 μὲν
996 916 1086 973 οὖν
1139 917 1277 989 ὕλης
1324 919 1386 974 τὰ
1437 920 1627 977 εἷπεῖν.
1660 921 1717 973 '0
1756 914 1958 995 ἅνθρω-

301 1025 403 1066 πος
443 1004 685 1076 ἀναπνεῖ,
719 1006 799 1060 ἀεὶ
846 1007 947 1083 γὰρ
998 1007 1230 1084 ὑπάρχει
1277 1013 1356 1080 τῷ
1405 1009 1676 1084 ἀνθρώπῳ
1722 1009 1785 1063 τὸ
1830 1007 1958 1063 ἀνα-

300 1098 471 1148 πνεῖν.
523 1091 816 1151 Ἀδυνάτου
862 1094 919 1151 δὲ
963 1097 1025 1151 τὸ
1072 1097 1262 1152 εἰπεῖν·
1307 1098 1363 1151 Ὁ
1407 1099 1684 1174 ἅνθρωπος
1711 1095 1954 1152 ’ίπταται-

301 1178 564 1237 οὐδέποτε
590 1183 691 1260 γάρ
734 1184 1072 1261 ὑπάρχειτῷ
1118 1185 1391 1262 ἀνθρώπῳ
1439 1187 1502 1241 τὸ
1538 1185 1818 1242 τίπτασθαιο
1872 1185 1956 1241 έν-

302 1267 612 1347 δεχομένης
653 1269 710 1328 δὲ
733 1273 796 1328 τὸ
827 1273 1016 1344 εἰπεῖν,
1047 1273 1267 1338 Παῦλος
1316 1273 1382 1346 δη
1393 1281 1646 1351 μηγορεῖο
1677 1275 1812 1330 ποτὲ
1862 1276 1955 1348 μὲν

297 1360 402 1436 γὰρ
435 1359 666 1438 ὑπάρχει
706 1365 786 1434 τῷ
832 1361 1036 1436 Παύλῳ
1081 1364 1145 1418 τὸ
1191 1358 1552 1440 δημηγορεῖν,
1580 1365 1714 1419 ποτε
1756 1362 1804 1418 δ’
1851 1362 1959 1440 οὐχ

303 1447 561 1525 ὑπάρχει.

367 1555 435 1632 γ’.
465 1557 571 1619 Τὰς
646 1556 900 1620 τοιαύτας
958 1553 1016 1612 δὲ
1071 1556 1284 1634 σχέσεις
1361 1555 1494 1621 ὕλας
1555 1560 1608 1614 o't
1663 1557 1956 1637 φιλόσοφοι

297 1644 772 1721 προσηγόρευσαν’
831 1645 905 1709 ὡς
959 1647 1036 1720 μὴ
1084 1641 1509 1720 λαμϐανομένοις
1557 1646 1617 1702 ἐκ
1661 1653 1762 1716 τῆς
1821 1649 1957 1719 ἡμε-

297 1733 454 1808 τέρας
507 1733 842 1809 ὑπολήψεως
887 1735 924 1804 ἢ
974 1737 1328 1813 κατηγορίας,
1360 1733 1489 1791 ἀλλ’
1539 1737 1645 1791 ἀπὸ
1699 1738 1797 1804 τῆς
1855 1734 1954 1810 φύ-

299 1842 436 1884 σεως
467 1826 575 1878 τῶν
607 1821 945 1900 πραγμάτων
978 1823 1169 1894 αὐτῆς.

2069 635 2245 689 efﬁcit
2277 637 2725 702 materiam;sin
2758 637 3517 708 nunquam,impossibilem
3537 657 3547 694 :
3565 641 3720 708 quod

2068 723 2117 779 si
2150 728 2346 779 autem
2397 724 2711 796 aliquando
2745 725 2984 796 quidem
3029 725 3204 795 inest,
3238 725 3555 798 aliquando
3585 745 3721 784 vero

2066 829 2184 867 non
2217 813 2390 881 inest,
2424 813 2884 884 contingentem.

2135 921 2190 974 2.
2223 919 2571 976 Necessariae
2623 920 2803 993 igitur
2842 921 3100 977 materiae
3150 925 3240 978 est
3291 922 3504 989 dicere,
3538 926 3723 979 Homo

2066 1007 2334 1080 respirat.
2369 1010 2611 1080 Semper
2640 1010 2798 1064 enim
2829 1010 3055 1066 homini
3087 1012 3380 1082 respirare
3409 1011 3582 1067 inest.
3612 1013 3726 1068 Im-

2068 1097 2365 1169 possibilis
2397 1103 2594 1154 autem
2625 1103 2713 1154 est
2743 1099 2934 1155 dicere
2957 1117 2969 1155 :
2991 1100 3176 1156 Homo
3207 1100 3360 1157 volat
3385 1117 3396 1156 :
3421 1118 3725 1173 nunquam

2067 1186 2224 1241 enim
2257 1185 2482 1242 homini
2510 1186 2704 1242 volare
2736 1188 3321 1262 inest.Contingentis
3353 1190 3628 1262 denique,
3660 1194 3728 1245 ut

2068 1274 2524 1332 dicerezPaulus
2555 1276 2966 1333 concionatur:
2992 1278 3324 1334 concioneri
3357 1279 3514 1334 enim
3546 1278 3726 1336 Paulo

2067 1363 2212 1420 alias
2242 1365 2396 1419 inest
2426 1364 2689 1438 quidem,
2721 1366 2866 1421 alias
2892 1383 3024 1422 vero
3049 1384 3165 1423 non
3197 1367 3370 1422 inest.

2137 1561 2190 1614 3.
2223 1558 2672 1632 Appellaverunt
2721 1565 2918 1617 autem
2960 1561 3292 1634 phiiosophi
3344 1561 3724 1619 habitudines

2065 1649 2422 1719 ejuscemodi
2457 1650 2760 1705 materias:
2786 1652 2942 1722 quod
2971 1667 3087 1707 non
3119 1668 3188 1707 ex
3217 1656 3419 1707 nostra
3447 1651 3724 1724 opinione

2066 1741 2169 1794 aut
2198 1738 2630 1809 praedicatione,
2665 1741 2766 1794 sed
2797 1755 2866 1795 ex
2913 1741 3043 1812 ipsa
3074 1756 3270 1796 rerum
3303 1745 3514 1796 natura
3553 1757 3723 1797 assu-

2067 1829 2326 1883 mantur.

374 1926 436 1985 δ’.
471 1929 790 2006 Διαφέρουσι
839 1927 896 1985 δὲ
929 1935 1038 1985 τῶν
1090 1930 1333 2006 τρόπων,
1363 1935 1460 1986 τοῦ
1507 1930 1804 2007 ἀναγκαίου
1863 1927 1956 2000 δη-

2135 1932 2291 1990 280
2321 1934 2372 1988 4.
2406 1936 2480 1988 Αι
2511 1951 2544 1988 a
2573 1935 2764 1990 modis
2808 1935 3138 1990 necessario
3188 1935 3459 1990 videlicet
3504 1939 3562 1990 et
3614 1936 3725 1990 im-

302 2013 443 2087 λαδή
499 2018 589 2074 καὶ
649 2016 908 2074 ἀδυνάτου
955 2020 1044 2074 καὶ
1104 2018 1486 2096 ἐνδεχομένου·
1544 2023 1623 2092 τῷ
1679 2018 1809 2081 τοὺς
1860 2019 1954 2092 μὶν

296 2105 535 2182 τρόπους
582 2105 634 2162 ἐν
691 2113 772 2180 τῷ
830 2107 1182 2186 ἐκφωνεῖσθαι
1247 2109 1433 2183 μόνον,
1485 2109 1576 2163 καὶ
1631 2113 1747 2170 τοῖς
1805 2106 1956 2184 ὅροις

298 2193 677 2272 προστίθεσθαι
747 2201 854 2251 τῶν
914 2197 1226 2275 προτάσεων
1280 2194 1427 2274 ἔχειν
1482 2199 1581 2266 τὴν
1646 2197 1952 2252 ὑπόστασιν·

295 2285 395 2346 τὰς
442 2282 500 2339 δέ
527 2307 588 2362 γε
625 2283 760 2348 ὕλας
803 2285 854 2340 ἐν
889 2287 1025 2360 αὐτῇ
1083 2289 1400 2364 θεωρεῖσθαι
1455 2291 1564 2342 τῶν
1621 2285 1958 2362 πραγμάτων

296 2376 366 2448 τῇ
397 2372 550 2452 φύσει
579 2379 687 2430 τῶν
721 2371 1304 2451 παραλαμϐανομένων
1343 2375 1394 2431 ἐν
1444 2381 1564 2438 ταῖς
1613 2375 1955 2453 προτάσεσιν.

371 2481 428 2537 ε’.
461 2485 638 2557 Τριῶν
689 2479 781 2537 οὗν
827 2482 1023 2552 οὐσῶν,
1057 2483 1132 2546 ὡς
1174 2480 1407 2559 εἷ’ρηται,
1439 2487 1547 2538 τῶν
1599 2481 1766 2556 ὑλῶν,
1801 2483 1960 2559 ἀναγ-

296 2568 474 2642 καίας,
535 2565 801 2626 ἀδυνάτου
851 2571 943 2627 καὶ
996 2569 1386 2648 ἐνδεχομένης,
1434 2574 1534 2642 τὴν
1588 2570 1956 2648 ἐνδεχομένην

299 2658 688 2733 Ἀριστοτέλης
762 2660 839 2724 εἷς
906 2659 1002 2716 δύο
1069 2659 1284 2736 διαιρεῖ·
1336 2659 1414 2725 εἷίς
1457 2683 1517 2716 τε
1572 2662 1670 2730 τήν
1734 2656 1960 2730 ἐκϐεϐη-

297 2753 476 2814 κυῖαν,
508 2749 574 2818 ἣν
606 2748 862 2823 ὀνομάζει
896 2750 1270 2826 ὑπάρχουσαν,
1293 2752 1384 2805 καὶ
1424 2750 1499 2813 εἲς
1555 2752 1658 2821 τὴν
1720 2748 1960 2824 μέλλου-

301 2859 418 2911 σαν,
450 2839 514 2906 ἣν
541 2839 631 2893 καὶ
660 2838 861 2916 κυρίως
890 2837 1255 2916 ἐνδεχομένην
1290 2839 1449 2918 φησί.

375 2945 438 3007 ς’.
465 2947 580 2997 Τῶν
641 2941 699 2998 δὲ
754 2943 1069 3019 προτάσεων
1129 2947 1185 2999 αἱ
1241 2943 1336 3018 μέν
1392 2946 1493 2999 εἰσι
1549 2945 1727 3021 χωρὶς
1785 2943 1958 3022 διορι-

304 3038 475 3106 σμῶν,
528 3031 703 3088 εἷίτουν
781 3032 1251 3110 προσδιορισμῶν,
1312 3033 1429 3089 ὅθεν
1502 3035 1592 3089 καὶ
1659 3033 1957 3108 ἀδιόριστοι

299 3122 389 3178 καὶ
420 3120 864 3200 ἀπροσδιόριστοι
909 3122 1180 3200 λέγονταιο
1233 3124 1286 3178 αἱ
1337 3121 1394 3178 δὲ
1446 3124 1580 3197 μετά
1631 3121 1955 3200 διορισμῶν,

293 3215 404 3268 τῶν
466 3211 557 3267 καὶ
622 3209 1092 3289 προσδιορισμῶν.
1143 3213 1236 3268 Διὸ
1305 3213 1395 3268 καὶ
1449 3210 1810 3288 διωρισμένας
1866 3212 1955 3267 καὶ

295 3297 808 3377 προσδιωρισμένας
835 3299 1032 3363 ταύτας
1065 3301 1261 3379 φαμέν.

376 3409 436 3476 ζ’.
471 3406 737 3484 Τέσσαρες
785 3405 842 3462 δέ
881 3407 1012 3462 εἰσιν
1049 3408 1100 3462 οἳ
1134 3405 1412 3484 διορισμοὶ
1462 3408 1612 3462 οὗτοι
1667 3408 1758 3463 καὶ
1797 3428 1963 3484 προσ-

301 3493 603 3572 διορισμοί·
638 3502 766 3565 πᾶς,
824 3493 1025 3568 οὐδεὶς,
1080 3496 1185 3569 τὶς,
1246 3496 1308 3551 ού
1365 3501 1492 3568 πᾶς,
1551 3497 1641 3551 καὶ
1697 3503 1805 3560 πᾶς
1865 3497 1959 3570 μὲν

295 3586 389 3640 καὶ
420 3583 620 3654 οὐδεὶς,
651 3584 890 3641 καθόλου
924 3585 1046 3640 εἶσί·
1089 3587 1174 3648 τὶς
1223 3583 1280 3640 δὲ
1322 3586 1412 3640 καὶ
1454 3585 1515 3640 ού
1563 3591 1672 3648 πᾶς
1726 3585 1961 3663 μερικοί.

298 3673 499 3744 Πάλιν,
542 3680 649 3737 πᾶς
705 3674 796 3729 καὶ
845 3676 930 3738 τὶς
989 3675 1368 3755 καταφατικοί·
1431 3672 1610 3739 οὐδεὶς
1651 3674 1708 3731 δὲ
1754 3677 1843 3730 καὶ
1903 3674 1964 3729 οὐ

302 3769 410 3826 πᾶς
443 3764 792 3842 ἀποφατικοί.

378 3941 451 4011 η’.
485 3941 725 3997 Πάντοτε
796 3939 854 3996 δὲ
919 3946 1038 4006 τοῖς
1117 3941 1499 4016 ὑποκειμένοις
1587 3943 1968 3998 συντάσσονται

302 4030 416 4106 πρὸ
463 4035 569 4085 τῶν
627 4031 994 4105 ὑποκειμένων
1053 4033 1347 4106 τιθέμενοι·
1408 4033 1546 4102 οἷον,
1603 4038 1713 4094 Πᾶς
1764 4030 1969 4108 ἅνθρω-

299 4139 411 4182 πος
470 4121 708 4175 εἶιναι-θεῖ’
768 4121 1035 4188 τουτέστι,
1067 4122 1242 4176 πάντα
1295 4121 1362 4175 τὰ
1411 4120 1514 4175 ὑπὸ
1560 4121 1623 4175 τὸ
1673 4119 1815 4183 εἶδος
1871 4125 1969 4175 τοῦ

302 4207 597 4284 ἀνθρώπου
629 4205 807 4282 ἄτομα
833 4209 896 4264 τὸ
929 4210 1178 4264 ἀναπνεῖν
1225 4205 1437 4284 ἔχουσι.
1469 4211 1539 4264 Τὸ
1585 4209 1686 4286 γὰρ
1744 4216 1848 4272 πᾶς
1906 4208 1968 4264 ού

299 4297 370 4352 τὸ
399 4295 636 4352 καθόλου
685 4297 961 4371 σημαίνει,
994 4296 1122 4354 ἀλλ’
1168 4297 1251 4353 ὅτι
1295 4297 1556 4362 καθόλου·
1605 4299 1847 4354 τουτέστι
1905 4297 1968 4354 τὸ

303 4385 506 4456 εἰπεῖν,
537 4392 649 4449 Πᾶς
682 4385 989 4463 ἄνθρωπος,
1022 4387 1057 4457 ἢ
1099 4393 1202 4442 πᾶν
1256 4391 1415 4457 ζῶον,
1450 4388 1512 4442 ού
1564 4388 1820 4461 σημαίνει
1867 4388 1968 4457 τὴν

297 4479 405 4530 τοῦ
438 4473 612 4538 εἴδους
641 4477 677 4545 ἢ
707 4477 806 4544 τὴν
848 4480 945 4531 τοῦ
991 4475 1183 4551 γένους
1234 4476 1391 4554 φύσιν
1435 4478 1535 4546 τὴν
1588 4475 1970 4546 συλληπτικήν

299 4564 400 4621 καὶ
430 4564 678 4619 ἑνοποιὸν
734 4565 947 4619 πάντων
1013 4569 1121 4620 τῶν
1157 4565 1247 4620 ὑπ’
1275 4565 1429 4620 αὐτά’
1466 4565 1592 4621 ἀλλ’
1622 4564 1704 4620 ὅτι
1736 4565 1972 4620 καθόλου

2065 2022 2334 2094 possibili
2383 2027 2440 2078 et
2471 2021 2843 2095 contingente
2872 2024 3168 2090 diﬁ‘erunt,
3202 2024 3356 2096 quod
3389 2024 3549 2079 modi
3595 2023 3725 2096 qui-

2066 2112 2198 2167 dem
2229 2111 2290 2166 in
2322 2111 2430 2167 hoc
2477 2115 2708 2167 tantum
2740 2113 2896 2183 quod
2929 2113 3252 2169 eil'eruntur
3281 2117 3339 2168 et
3380 2113 3725 2185 propositio-

2067 2216 2214 2255 num
2264 2200 2532 2255 terminis
2580 2205 2979 2272 apponuntur,
3014 2219 3183 2257 suam
3233 2203 3724 2258 constitutionem

2068 2288 2288 2344 habent
2322 2306 2334 2344 :
2370 2289 2628 2344 materiae
2674 2294 2871 2345 autem
2902 2290 2960 2344 in
3001 2290 3132 2362 ipsa
3179 2307 3373 2346 rerum
3405 2290 3466 2344 in
3516 2307 3724 2362 propo-

2069 2377 2386 2433 sitionibus
2416 2382 2858 2450 assumptarum
2892 2383 3104 2434 natura
3135 2379 3600 2435 considerantur.

2137 2485 2192 2539 5.
2230 2485 2377 2540 Cum
2428 2501 2566 2556 ergo
2595 2489 2736 2551 tres,
2772 2489 2834 2540 ut
2880 2485 3105 2540 dictum
3133 2490 3240 2556 est,
3275 2486 3395 2541 sint
3442 2486 3722 2552 materiae,

2070 2573 2422 2641 necessaria,
2454 2575 2843 2646 impossibilis
2875 2579 2932 2629 et
2961 2576 3346 2647 contingens;
3384 2574 3726 2632 Aristoteles

2069 2664 2506 2736 contingentem
2556 2663 2616 2718 in
2648 2665 2797 2719 duas
2828 2663 3051 2731 dividit,
3085 2669 3143 2718 et
3190 2664 3250 2718 in
3283 2680 3413 2718 eam
3446 2680 3572 2735 quae
3603 2680 3729 2719 eve-

2070 2752 2176 2821 nit,
2227 2769 2406 2824 quam
2455 2753 2833 2808 exsistentem
2884 2753 3187 2818 nominat;
3219 2758 3279 2808 et
3323 2753 3381 2808 in
3440 2753 3722 2821 futuram,

2069 2857 2250 2913 quam
2282 2841 2460 2897 etiam
2494 2843 2725 2914 proprie
2754 2841 3189 2914 contingentem
3221 2841 3381 2896 dicit.

2137 2953 2192 3002 6.
2229 2948 2402 3003 Porro
2450 2948 2919 3020 propositionum
2971 2947 3095 3003 aliae
3123 2951 3262 3003 sunt
3311 2949 3533 3018 absque
3582 2948 3723 3002 defi-

2069 3038 2394 3094 nitionibus
2449 3037 2570 3092 sive
2603 3036 3104 3109 prmdeﬁtionibus
3134 3037 3313 3104 (unde
3361 3037 3536 3092 etiam
3566 3036 3727 3091 inde-

2067 3127 2246 3182 ﬁnita
2275 3131 2334 3182 et
2365 3126 2827 3197 impraedelinitaa
2859 3125 3180 3197 dicuntur),
3210 3125 3334 3180 alite
3365 3142 3500 3180 cum
3527 3124 3730 3180 deﬁni-

2065 3216 2348 3284 tionibus,
2401 3232 2527 3287 quaa
2583 3214 2761 3270 etiam
2812 3214 3305 3286 praedeﬁnitiones
3335 3213 3725 3287 appellantur.

1991 3286 2034 3354 (ἶ
2073 3308 2261 3373 Quare
2293 3286 2471 3361 etiam
2502 3304 2612 3359 has
2642 3304 2914 3359 definitas
2945 3307 3001 3358 et
3029 3286 3422 3376 praedeﬁnitas
3453 3303 3727 3358 dicimus.

2141 3414 2195 3468 7.
2230 3415 2494 3479 Quatuor
2523 3415 2721 3466 autem
2752 3414 2891 3465 sunt
2920 3410 3008 3464 hae
3039 3408 3410 3466 deﬁnitiones
3434 3414 3492 3465 et
3521 3409 3734 3481 prede-

2074 3503 2346 3557 ﬁtiones:
2394 3499 2610 3566 omnis,
2665 3498 2886 3566 nullus,
2939 3498 3178 3570 aliquis,
3226 3516 3342 3554 non
3387 3499 3600 3554 omnis.
3653 3500 3734 3553 Ac

2075 3591 2268 3646 omnis
2300 3589 2536 3661 quidem
2570 3594 2628 3645 et
2659 3587 2879 3659 nullus,
2911 3588 3275 3643 universales
3307 3591 3444 3643 sunt
3473 3605 3486 3643 :
3521 3587 3734 3659 aliquis

2076 3684 2272 3736 autem
2302 3683 2360 3734 et
2405 3695 2525 3733 non
2557 3678 2773 3746 omnis,
2809 3677 3202 3748 partioularis.
3237 3677 3494 3732 Rursum
3539 3675 3732 3732 omnis

2077 3773 2134 3825 et
2163 3767 2401 3840 aliquis,
2435 3766 2795 3823 afﬁrmatisz
2832 3783 2844 3822 :
2882 3765 3079 3822 nullus
3109 3772 3167 3821 et
3193 3783 3308 3821 non
3339 3765 3532 3821 omnis
3562 3781 3734 3838 nega-

2075 3857 2228 3914 tivae.

2149 3947 2203 4002 8.
2238 3947 2480 4017 Semper
2507 3948 2702 4000 autem
2735 3960 2868 3999 cum
2901 3942 3180 4013 subjectis
3205 3943 3562 4013 junguntur,
3589 3942 3732 3996 dum

2080 4035 2361 4106 subjectis
2403 4037 2844 4106 prmponuntur,
2877 4033 3026 4088 281
3082 4030 3259 4096 velut,
3308 4031 3512 4086 Omnis
3558 4031 3732 4085 homo

2079 4124 2331 4196 respirat
2360 4139 2373 4179 :
2407 4122 2517 4177 hoc
2568 4126 2676 4190 est,
2712 4121 2912 4176 omnia
2955 4121 3066 4176 sub
3100 4120 3294 4193 specie
3341 4119 3600 4175 hominis
3642 4117 3732 4172 in-

2081 4213 2320 4269 dividua
2362 4210 2426 4264 τό
2455 4210 2741 4282 respirare
2791 4210 3029 4266 habent.
3058 4208 3128 4262 Τό
3177 4207 3371 4264 omnis
3410 4209 3565 4264 enim
3619 4224 3734 4262 non

2081 4299 2410 4358 universale
2457 4299 2772 4371 signiﬁcat,
2806 4299 2905 4354 sed
2940 4300 3093 4370 quod
3147 4297 3552 4353 univcrsaliter
3580 4296 3735 4368 (uni-

2079 4390 2305 4448 versale
2353 4389 2712 4461 accipiatur),
2747 4388 2856 4443 hoc
2903 4393 3010 4454 est,
3063 4389 3275 4453 dicere,
3306 4387 3514 4442 Omnis
3562 4386 3738 4441 homo

2084 4484 2185 4537 aut
2214 4495 2388 4535 omne
2418 4476 2780 4546 animal,non
2812 4476 3104 4547 signiﬁcat
3126 4475 3337 4548 speciei
3374 4480 3474 4529 aut
3504 4474 3740 4547 generis

2084 4571 2356 4624 naturam
2416 4565 3005 4637 comprehendentem
3065 4571 3124 4620 et
3183 4565 3480 4619 unientem
3544 4564 3744 4618 omnia

302 4652 526 4732 φέρεται
555 4653 619 4708 τὸ
657 4653 1131 4730 κατηγορούμενον
1178 4654 1316 4708 κατά
1368 4654 1579 4708 πάντων
1635 4657 1742 4707 τῶν
1807 4674 1956 4728 μερι-

2086 4672 2209 4727 quae
2245 4655 2354 4710 sub
2386 4654 2535 4726 ipsis
2566 4658 2728 4717 sunt,
2765 4655 2866 4709 sed
2899 4655 3055 4724 quod
3088 4654 3468 4725 praedicatum
3511 4653 3743 4707 univer-

303 4741 592 4816 κωτέρων,
649 4740 684 4795 ἆ
739 4736 1139 4817 περιλαμϐάνει
1207 4743 1270 4796 τὸ
1347 4741 1722 4816 ὑποκείμενον.
1784 4740 1972 4805 Οὐδεὶς

304 4826 600 4906 ἅνθρωπος
652 4827 901 4904 ’ίπταται,
954 4831 1256 4901 τουτέστιν,
1318 4829 1496 4885 οὐδενὶ
1562 4835 1670 4886 τῶν
1722 4832 1825 4886 ὑπὸ
1881 4831 1974 4886 τὸν

304 4917 598 4994 ἄνθρωπον
639 4919 857 4993 ἀτόμων
922 4919 1156 4995 ὑπάρχει
1213 4921 1276 4974 τὸ
1332 4917 1608 4975 ἵπτασθαι·
1654 4916 1820 4995 ἤγουν
1882 4920 1976 4975 οὐ·

307 5005 422 5063 δενὶ
452 5011 560 5062 τῶν
615 5008 719 5063 ὑπὸ
746 5008 809 5062 τὸ
843 5007 1198 5081 ὑποκείμενον
1246 5007 1481 5085 ὑπάρχει
1527 5010 1589 5064 τὸ
1636 5007 1976 5085 κατηγορού-

312 5116 500 5171 μενον.
547 5096 640 5159 Τὶς
690 5095 976 5171 ἄνθρωπος
1027 5095 1340 5175 φιλοσοφεῖ,
1385 5096 1652 5168 τουτέστι,
1705 5097 1813 5153 τινὶ
1870 5101 1980 5153 τῶν

311 5182 419 5240 ὑπὸ
471 5186 535 5240 τὸ
595 5185 972 5259 ὑποκείμενον,
1029 5183 1155 5255 ἤτοι
1222 5187 1314 5240 τὸν
1385 5184 1672 5262 ἄνθρωπον
1731 5181 1974 5260 ἀτόμων,

312 5273 555 5350 ὑπάρχει
580 5274 642 5329 τὸ
673 5273 1180 5351 κατηγορούμενον,
1207 5275 1271 5329 τὸ
1317 5273 1635 5354 φιλοσοφεῖν
1695 5273 1977 5346 δηλονότι.

313 5362 392 5417 Οὐ
451 5367 556 5426 πᾶς
611 5362 893 5439 ἄνθρωπος
972 5369 1297 5440 γεωμετρεῖ,
1348 5365 1647 5437 τουτέστιν,
1701 5363 1763 5419 ού
1822 5365 1982 5419 παντὶ

311 5455 426 5507 τῶν
471 5451 574 5507 ὑπὰ
621 5453 684 5507 τὸ
740 5453 1098 5526 ὑποκείμενον
1147 5448 1366 5528 ἀτόμων
1415 5455 1650 5530 ὑπάρχει
1697 5453 1760 5507 τὸ
1812 5475 1984 5524 κατη-

319 5540 684 5616 γορούμενον.
714 5541 845 5616 ὅπερ
880 5540 991 5596 ἐστὶ
1022 5541 1084 5596 τὸ
1116 5547 1469 5618 γεωμετρεῖν.

390 5653 456 5711 0'.
487 5649 687 5724 Ἔργον
718 5648 895 5704 τοίνυν
922 5652 1030 5702 τῶν
1064 5647 1509 5725 προσδιορισμῶν
1540 5649 1604 5704 τὸ
1655 5648 1828 5723 μόνην
1888 5671 1988 5721 ση-

325 5733 536 5817 μαίνεις
557 5738 659 5812 τὴν
716 5737 855 5798 κατὰ
881 5738 990 5817 (τὸ)
1029 5736 1248 5813 πλῆθος
1309 5736 1574 5824 διαφορὰν
1615 5742 1723 5800 τῶν
1777 5738 1880 5798 ὑπὸ
1925 5739 1988 5799 τὸ

603 5868 871 5932 ΡΑΤιιοι.
920 5868 1148 5940 CXLII.

2088 4745 2293 4800 saliter
2343 4743 2581 4798 elfertur
2611 4743 2681 4797 de
2712 4743 2990 4798 omnibus
3043 4741 3585 4813 particularioribus
3617 4758 3745 4812 quae

2087 4833 2423 4903 subjectum
2472 4831 2898 4902 complectitur.
2946 4830 3157 4886 Nullus
3207 4831 3380 4886 homo
3429 4829 3603 4902 volat,
3636 4831 3747 4885 hoc

2085 4927 2197 4989 est,
2231 4919 2377 4976 nulli
2431 4919 2692 4976 hominis
2733 4919 3031 4975 individuo
3078 4920 3273 4976 volare
3322 4920 3494 4989 inest,
3530 4936 3748 4991 quippe

2088 5011 2236 5067 nulli
2292 5026 2496 5065 eorum
2552 5026 2678 5080 quae
2739 5010 3004 5079 subjecto
3053 5011 3309 5065 subsunt
3365 5009 3746 5081 praedicatum

2089 5102 2264 5156 inest.
2307 5098 2536 5169 Aliquis
2570 5099 2742 5152 homo
2776 5098 3244 5170 philosophatur,
3279 5099 3387 5152 hoc
3427 5103 3535 5163 est,
3570 5097 3749 5152 alicui

2091 5205 2292 5245 eorum
2324 5205 2450 5260 quae
2520 5188 2786 5257 subjecto
2816 5187 2935 5242 sive
2985 5187 3208 5242 homini
3237 5187 3513 5257 subsunt,
3543 5186 3750 5240 indivi-

2092 5279 2278 5333 duum
2347 5277 2525 5341 inest,
2581 5275 2984 5348 philosophari
3064 5277 3306 5331 scilicet.
3365 5276 3490 5330 Non
3559 5275 3752 5330 omnis

2093 5368 2271 5422 homo
2298 5369 2516 5420 terram
2551 5365 2791 5418 metitur
2824 5381 2836 5418 :
2870 5364 2980 5419 hoc
3013 5371 3122 5433 est,
3147 5382 3262 5419 non
3298 5364 3574 5419 omnibus
3605 5363 3752 5417 indi-

2092 5454 2287 5510 v1duis
2311 5472 2439 5524 qua:
2470 5454 2724 5508 subsunt
2753 5453 2974 5508 homini
3004 5455 3381 5526 praedicatum
3413 5453 3752 5524 inest,quod

2095 5550 2185 5600 est
2213 5549 2434 5600 terram
2472 5542 2685 5596 metiri.

2167 5653 2222 5706 9.
2258 5651 2475 5707 Munus
2521 5649 2703 5722 igitur
2731 5649 3265 5722 praedeﬁnitionum
3315 5653 3404 5707 est
3433 5647 3620 5706 solam
3668 5646 3754 5704 si-

2099 5739 2380 5817 gniﬁcare
2433 5739 2821 5798 differentiam
2854 5739 3256 5798 multitudinis
3288 5755 3492 5798 eorum
3525 5755 3650 5810 qua}
3684 5736 3755 5794 ad

3395 5867 3472 5930 29
