4126 6422
454 362 571 423 907
1706 355 2134 418 NICEPHORI
2176 354 2621 418 BLEMMIDE
3739 360 3846 423 908

454 491 789 564 subjectum
835 489 1195 557 referuntur,
1223 487 1381 559 quod
1430 487 1522 543 vel
1555 488 1994 545 communicent
2018 486 2107 544 vel

2257 485 2575 561 ποκείμενον
2626 488 3065 566 ἀναφερομένων,
3097 488 3133 559 ἢ
3184 489 3261 551 ὡς
3308 488 3663 565 μετεχόντων,
3705 487 3739 560 ἤ
3782 491 3847 554 ὡς

457 597 576 639 non
606 578 1047 637 communicent
1075 577 1407 650 praedioato.

2254 575 2305 643 ιή
2341 576 2682 652 μετεχόντων
2715 581 2812 631 τοῦ
2840 578 3343 653 κατηγορουμένου.

532 688 621 743 10.
651 685 937 742 Ceterum
985 682 1345 740 universales
1374 684 1809 757 propositiones
1860 684 1980 739 sive
2017 700 2117 739 eas

2299 683 2350 738 ι’.
2384 680 2623 738 Καλοῦσι
2681 680 2739 738 δὲ
2791 683 2887 746 τὰς
2941 682 3185 748 καθόλου
3242 684 3551 761 προτάσεις,
3599 682 3720 754 ἤτοι
3768 684 3854 747 τὰς

460 793 593 851 quae
622 773 982 833 universales
994 772 1485 845 praedeﬁnitiones
1517 772 1913 841 habent,282
1936 774 2116 829 etiam

2255 770 2460 847 χοὺσας
2506 771 2636 834 τοὺς
2672 772 2913 837 καθόλου
2960 770 3449 849 προσδιορισμοὺς,
3496 774 3587 829 καὶ
3640 771 3854 829 καθόλου

462 863 827 923 universales
875 867 941 918 ut
989 861 1377 929 universales,
1410 878 1513 918 seu
1562 862 1970 918 universaliter
1999 864 2118 933 (ac-

465 958 686 1028 ceptas)
713 956 922 1009 vocant
946 970 959 1021 ;
981 956 1289 1024 propterea
1320 951 1477 1022 quod
1510 951 1569 1006 in
1601 951 1695 1007 his
1728 967 1865 1007 cum
1896 950 2123 1006 univer-

466 1042 693 1101 salibus
739 1041 1024 1113 subjectis
1057 1040 1419 1096 universales
1455 1040 1947 1112 praedeﬁnitiones
1979 1057 2121 1095 con-

460 1134 837 1206 junguntur;
871 1130 1254 1202 particulares
1304 1134 1499 1185 autem
1541 1130 1991 1202 propositiones,
2024 1145 2123 1185 eas

469 1226 612 1295 puta
632 1237 761 1293 quae
784 1219 1167 1293 particulares
1186 1219 1679 1291 przedefinitiones
1700 1218 2123 1290 habent,etiam

470 1309 832 1368 universales
882 1313 947 1363 ut
974 1306 1361 1380 particulares
1392 1312 1518 1375 (seu
1570 1306 2001 1379 particulariter
2031 1322 2125 1362 ac-

470 1399 694 1473 ceptas)
747 1397 1076 1455 nominant.
1109 1398 1173 1452 In
1202 1398 1295 1453 his
1348 1396 1506 1452 enim
1540 1396 1925 1469 particulares
1974 1412 2126 1468 prae-

2227 860 2302 922 ὡς
2335 858 2594 925 καθόλου·
2638 859 2777 916 διότι
2830 860 2918 915 ἐπὶ
2963 861 3172 917 τούτων
3222 867 3339 925 τοῖς
3386 861 3621 918 καθόλου
3669 863 3859 918 ὑποκει-

2233 949 2411 1022 μένοις
2460 951 2510 1004 οἱ
2557 949 2799 1005 καθόλου
2857 952 3234 1007 συντάττονται
3288 940 3726 1029 προσδιορισμοί·
3776 951 3859 1013 τὰς

2231 1035 2289 1092 δὲ
2339 1039 2561 1113 μερικάς
2609 1040 2918 1115 προτάσεις,
2959 1038 3132 1115 ἤγουν
3181 1041 3277 1104 τὰς
3336 1040 3567 1119 ἐχούσας
3614 1040 3734 1103 τοὺς
3780 1060 3861 1114 με-

2234 1126 2419 1203 ρικοὺς
2496 1126 2982 1204 προσδιορισμοὺς,
3059 1129 3386 1204 ὀνομάζουσι
3462 1130 3596 1204 (καὶ)
3650 1126 3864 1185 καθόλου

2233 1215 2307 1276 ὡς
2362 1215 2606 1289 μερικάς.
2641 1216 2763 1271 Ἐπὶ
2792 1217 2999 1273 τούτων
3029 1220 3130 1294 γὰρ
3183 1218 3235 1273 οἱ
3298 1217 3514 1295 μερικοὶ
3572 1214 3863 1293 προσδιορι-

2235 1303 2363 1377 σμοὶ
2411 1310 2532 1367 τοῖς
2577 1304 2814 1362 καθόλου
2865 1306 3242 1379 ὑποκειμένοις
3289 1308 3685 1363 συντάττονται.
3714 1304 3863 1360 Καθό-

2237 1391 2338 1447 λου
2392 1394 2484 1466 μὲν
2544 1395 2649 1470 γὰρ
2705 1393 3058 1467 ὑποκείμενον
3109 1397 3138 1450 ὁ
3169 1393 3474 1470 ἄνθρωπος,
3506 1396 3583 1459 ὡς
3637 1394 3867 1471 περιέχον

472 1488 846 1546 deﬁnitiones
876 1486 1309 1543 universalibus
1342 1486 1621 1556 subjectis
1660 1488 2125 1558 conjunguntur.

473 1579 659 1635 Homo
716 1576 874 1632 enim
934 1574 1262 1631 universale
1319 1575 1655 1645 subjectum
1714 1578 1823 1642 est,
1857 1580 1924 1629 ut
1971 1573 2127 1645 quod

2236 1480 2409 1537 πάντα
2430 1483 2495 1537 τά
2530 1483 2616 1537 ὑπ’
2646 1482 2806 1537 αὑτὸν
2837 1481 3034 1557 ἄτομα·
3086 1484 3150 1539 τὸ
3183 1481 3241 1539 δὲ
3268 1484 3352 1547 τὶς
3410 1486 3502 1539 καὶ
3557 1484 3620 1540 τὸ
3667 1484 3726 1538 οὗ
3778 1487 3866 1543 πᾶς

2244 1570 2457 1644 μερικοὶ
2486 1570 2929 1649 προσδιορισμοί.

476 1666 678 1724 omnia
706 1665 818 1721 sub
871 1663 1000 1736 ipso
1029 1663 1338 1720 individua
1365 1663 1681 1719 contineat.
1714 1665 1787 1718 At
1830 1663 2046 1734 aliquis
2074 1666 2132 1718 et

476 1773 595 1813 non
627 1754 823 1811 omnis
853 1753 1237 1826 particulares
1268 1751 1759 1825 praedeﬁnitiones
1790 1756 1950 1807 sunt.
2043 1748 2050 1754 ’

549 1845 636 1901 11.
668 1843 960 1899 Diﬁ'erunt
1006 1846 1204 1898 autem
1235 1858 1270 1930 a
1308 1840 1809 1930 propositionibus
1859 1839 2123 1913 singula-
2163 1865 2213 1930 B

477 1934 641 1991 ribus
684 1930 1095 2006 particulares,
1125 1929 1281 2002 quod
1313 1929 1644 2002 singulares
1697 1931 1936 2002 quidem
1970 1930 2041 1985 de
2072 1946 2134 1985 re

477 2023 676 2095 aliqua
706 2021 875 2077 finita
904 2037 1041 2088 una,
1073 2018 1325 2092 exempli
1375 2018 1587 2091 gratia,
1619 2020 1690 2074 de
1718 2020 1907 2089 Petro,
1940 2036 2131 2074 enun-

474 2111 780 2168 tiationem
828 2109 1064 2179 faciant,
1117 2107 1295 2177 velut,
1352 2113 1553 2163 Petrus
1603 2109 1722 2164 edit
1781 2108 2065 2164 miracula
2115 2123 2129 2163 :

476 2199 863 2273 particulares
911 2214 1045 2254 vero
1077 2196 1227 2252 nihil
1258 2196 1493 2253 ﬁnitum
1539 2196 1896 2269 signiﬁcent,
1930 2198 2031 2254 sed
2063 2197 2136 2252 de

477 2286 990 2361 aliquo,quidquid
1020 2287 1077 2342 id
1099 2285 2135 2358 est,enuntiationem,velut,Aliquis

478 2378 657 2435 homo
686 2380 778 2434 est
796 2377 1021 2449 justus.

553 2486 641 2540 12.
690 2484 825 2541 Jam
872 2487 1069 2540 autem
1119 2482 1619 2555 prwdeﬁnitarum
1664 2482 2135 2555 propositionum

482 2577 773 2648 quotquot
801 2571 1325 2646 praedeﬁnitionem
1370 2569 1435 2625 τό
1485 2571 1683 2629 omnis
1712 2572 1951 2641 habent,
2002 2574 2134 2628 uni-

480 2662 738 2721 versales
787 2661 1150 2719 afﬁrmativae
1198 2661 1631 2735 pr0positiones
1681 2667 1739 2717 et
1786 2662 2135 2718 afﬁrmatio-

482 2768 589 2809 nes
637 2756 822 2820 sunt;
854 2750 1009 2808 288
1058 2755 1348 2823 quotquot
1393 2768 1547 2818 eam,
1596 2767 1724 2823 quae
1773 2757 1863 2807 est
1908 2750 2133 2822 nullus,

483 2840 846 2898 universales
878 2841 1158 2913 negativae
1186 2845 1244 2895 et
1272 2840 1651 2913 negationes:
1686 2844 1974 2911 quotquot
2005 2857 2136 2895 eam

482 2946 612 3002 quae
642 2934 733 2986 est
777 2928 1013 3001 aliquis,
1046 2927 1429 3001 particulares
1474 2928 1836 2984 afﬁrmativm
1866 2933 1925 2985 et
1971 2929 2138 2984 afﬁr-

481 3018 771 3075 mationes
796 3037 810 3087 ;
843 3022 1136 3090 quotquot
1163 3034 1292 3074 eam
1322 3034 1453 3089 quas
1482 3021 1591 3087 est,
1626 3034 1742 3073 non
1770 3018 1987 3087 omnis,
2009 3034 2139 3090 par-

478 3107 758 3165 ticulares
789 3106 1069 3180 negativae
1099 3110 1157 3163 et
1182 3107 1523 3179 negationes
1554 3111 1714 3164 sunt.

556 3215 643 3270 13.
675 3214 1012 3271 Eﬂ'eruntur
1057 3216 1255 3270 autem
1285 3213 1552 3270 absolute
1590 3213 1757 3269 dicta)
1804 3214 2133 3286 predeﬁni-

2254 3298 2269 3304 Α
2323 3219 2410 3287 ιγ’.
2451 3212 2797 3291 Ἐκφέρονται
2853 3209 2912 3267 δὲ
2968 3210 3260 3276 ἀπολύτως
3317 3214 3371 3268 οἱ
3432 3208 3679 3291 ῥηθέντες
3733 3226 3877 3304 “Pola.

480 3303 673 3361 tiones
726 3303 963 3359 nomine
997 3302 1278 3359 feminino
1307 3303 1392 3375 (in
1421 3306 1615 3359 Graeco
1659 3303 1942 3375 quidem),
1974 3303 2133 3360 velut

2254 3298 2526 3378 διορισμοὶ
2558 3300 2786 3375 ὀνόματι
2819 3299 3065 3374 θηλυκῷ-
3099 3303 3213 3359 οἷον
3240 3304 3276 3373 ἡ
3322 3309 3455 3376 πᾶς,
3485 3302 3574 3358 καὶ
3620 3305 3654 3373 ἡ
3704 3297 3876 3369 οὐδεὶς,

480 3394 520 3462 ἡ
551 3396 679 3463 πᾶς,
728 3392 962 3461 omnis;
992 3392 1027 3461 ἡ
1061 3388 1262 3462 οὐδεὶς,
1309 3392 1549 3461 nullus;
1582 3392 1618 3460 ἡ
1658 3390 1764 3461 τὶς,
1809 3391 2048 3465 aliquis,
2082 3397 2133 3450 et

2254 3388 2337 3443 καὶ
2366 3391 2402 3459 ἠ
2433 3389 2540 3463 τὶς,
2571 3389 2662 3444 καὶ
2692 3391 2728 3459 ἡ
2761 3387 2828 3443 οὐ
2857 3396 2986 3453 π’ἀς.

481 3482 519 3551 ἡ
551 3479 615 3536 οὐ
642 3485 769 3553 πᾶς,
800 3498 917 3537 non
947 3481 1165 3538 omnis.

557 3590 647 3645 14.
681 3587 1038 3646 Universalis
1092 3588 1272 3661 igitur
1314 3588 1664 3645 afﬁrmativa
1712 3589 2031 3662 propositio
2080 3594 2139 3646 et

487 3677 834 3735 universalis
887 3677 1176 3751 negativa,
1226 3694 1437 3751 nempe
1482 3678 1518 3746 ἡ
1569 3682 1695 3745 πᾶς.
1744 3679 1958 3748 omnis,
2012 3684 2069 3735 et
2100 3680 2135 3748 ἡ

487 3763 689 3837 οὐδεὶς,
724 3767 921 3823 nullus
952 3767 1305 3839 (secundum
1336 3766 1679 3823 relationem
1712 3768 1869 3824 enim
1901 3770 1973 3824 ad
2004 3785 2139 3841 pro-

487 3858 810 3931 positiones
866 3856 1219 3914 femininum
1272 3874 1487 3913 nomen
1562 3857 1987 3930 praadefitiones
2044 3875 2140 3914 as-

485 3947 915 4020 sumpserunt),
962 3946 1050 4002 haa
1096 3945 1343 4018 inquam
1403 3946 1786 4019 universales,
1837 3947 2140 4003 contrariis

486 4039 649 4103 sunt,
698 4035 909 4092 iisdem
962 4035 1256 4102 terminis,
1306 4037 1497 4107 quoad
1546 4037 1819 4092 eumdem
1873 4037 2141 4093 ordinem

484 4125 817 4194 custoditis,
849 4130 917 4181 ut
944 4125 1229 4181 nimirum
1259 4124 1320 4179 in
1349 4125 1509 4180 omni
1544 4125 2011 4197 propositionum
2044 4143 2142 4199 op.

484 4213 779 4287 positione
835 4213 961 4270 fieri
1018 4213 1208 4284 debet,
1242 4212 1384 4269 solis
1415 4213 1981 4286 praedeﬁnitionibus
2035 4232 2139 4272 va-

488 4300 805 4358 riantibus.

2319 1840 2400 1893 ⁹α’.
2458 1840 2778 1917 Διαφέρουσι
2835 1838 2894 1895 δε
2953 1845 3062 1896 τῶν
3122 1840 3424 1897 καθέκαστα
3477 1840 3780 1918 προτάσεων
3826 1838 3870 1892 αἱ

2246 1927 2462 2000 μερικαὶ
2517 1933 2596 2000 τῷ
2645 1930 2740 1991 τὰς
2803 1930 2897 2002 μὲν
2952 1930 3254 1986 καθέκαστα
3310 1932 3584 1985 ποιεῖσθαι
3639 1928 3733 1997 τὴν
3763 1926 3872 1982 ἀπό-

2242 2036 2431 2093 φανσιν
2460 2014 2547 2070 ἐπί
2575 2038 2724 2080 τινος
2755 2018 3061 2094 ὡρισμένου
3114 2020 3233 2082 ὲνὸς
3288 2024 3388 2075 τοῦ
3448 2019 3654 2093 Πέτρου
3704 2015 3869 2093 τυχόν⁸

2243 2106 2381 2175 οἷον,
2441 2106 2643 2182 Πέτρος
2701 2108 3123 2185 θαυματουργεῖ.
3181 2109 3285 2172 Τὰς
3344 2106 3405 2164 δὲ
3454 2108 3673 2184 μερικὰς
3726 2102 3871 2180 μηδὲν

2243 2194 2545 2269 ὡρισμένον
2602 2195 2905 2270 σημαίνειν,
2948 2196 3074 2252 ἀλλ’
3135 2196 3225 2253 ἐπί
3279 2197 3428 2262 τίνος
3484 2202 3583 2254 τοῦ
3635 2194 3873 2272 τυχόντος

2242 2285 2510 2338 ποιεῖσθαι
2565 2286 2665 2354 τήν
2739 2284 3057 2362 ἀπόφανσιν
3118 2287 3259 2361 οἷον,
3313 2287 3409 2350 Τὶς
3487 2282 3761 2361 ἄνθρωπος
3815 2277 3877 2335 δί-

2244 2371 2398 2435 καιός
2431 2371 2563 2430 ἐστι.

2323 2479 2412 2554 ιβ’.
2445 2483 2560 2533 Τῶν
2594 2475 2652 2533 δὲ
2697 2477 3221 2557 προσδιωρισμένων
3266 2479 3611 2559 προτάσεων,
3641 2478 3755 2536 ὅσαι
3796 2476 3875 2551 μὲν

2246 2566 2436 2643 ἔχουσι
2463 2567 2555 2623 τὸν
2587 2574 2691 2631 πᾶς
2749 2567 3200 2647 προσδιορισμὸν,
3253 2569 3493 2627 καθόλου
3548 2563 3876 2647 καταφατικαὶ

2244 2658 2531 2731 προτάσεις
2590 2659 2680 2712 καὶ
2726 2659 3051 2737 καταφάσεις
3096 2658 3249 2714 εἰσίν·
3299 2658 3423 2715 ὅσαι
3472 2657 3530 2715 δὲ
3580 2660 3671 2715 τὸν
3700 2653 3877 2726 οὐδεὶς,

2245 2743 2483 2801 καθόλου
2515 2747 2843 2825 ἀποφατικαὶ
2885 2748 2977 2803 καὶ
3015 2748 3327 2827 ἀποφάσεις’
3362 2748 3485 2805 ὅσαι
3540 2746 3598 2804 δὲ
3651 2748 3740 2803 τὸν
3787 2741 3875 2813 τὶς,

2251 2835 2466 2911 μερικαὶ
2509 2834 2871 2914 καταφατιλαὶ
2913 2836 3004 2891 xui
3051 2839 3401 2913 καταφάσειςο
3434 2838 3553 2894 ὅσαι
3599 2834 3657 2893 δὲ
3689 2835 3776 2892 τὸν
3827 2829 3879 2886 οὗ

2245 2930 2370 2997 πᾶς,
2406 2925 2623 3002 μερικαὶ
2654 2926 2983 3004 ἀποφατικαὶ
3014 2927 3105 2982 καὶ
3134 2926 3455 3005 ἀποφάσεις.

2324 3582 2408 3644 ιδ’.
2439 3586 2503 3642 Ἡ
2567 3586 2659 3659 μὲν
2718 3586 2811 3640 οὗν
2886 3584 3127 3641 καθόλου
3201 3589 3545 3667 καταφατική
3625 3583 3879 3664 πρότασις,

2248 3674 2337 3729 xui
2370 3677 2405 3744 ἡ
2462 3673 2699 3730 καθόλου
2755 3674 3088 3753 ἀποφατικὴ,
3148 3671 3320 3751 ἤγουν
3376 3680 3418 3747 ἡ
3478 3682 3604 3749 πᾶς,
3635 3678 3670 3745 ἡ
3726 3667 3881 3728 οὐδεὶς

2248 3764 2406 3838 (κατά
2433 3765 2535 3840 γάρ
2586 3764 2686 3833 τήν
2720 3764 2795 3826 εἷς
2830 3765 2928 3827 τὰς
2974 3766 3264 3843 προτάσεις
3314 3767 3588 3845 ἀναφορὰν
3631 3765 3690 3821 τὸ
3735 3756 3882 3845 θηλυ-

2248 3852 2342 3907 κὸν
2395 3854 2447 3907 οἱ
2495 3851 2923 3930 προσδιορισμοῖ
2966 3849 3308 3931 προσέλαϐον
3360 3843 3582 3930 ὄνομα),
3625 3853 3769 3909 αὗται
3821 3843 3878 3913 δὴ

2249 3942 2306 3995 αἱ
2351 3940 2592 4006 καθόλου
2648 3940 2877 3997 ἐναντίαι
2932 3942 3033 3997 εἰσὶ
3085 3947 3191 3999 τῶν
3244 3942 3423 3999 αὐτῶν
3473 3943 3613 4021 ὅρων
3643 3939 3770 3997 κατά
3793 3936 3878 4004 τὴν

2250 4031 2417 4099 αὐτὴν
2476 4030 2620 4103 τάξιν
2680 4028 3126 4109 φυλαττομένων·
3187 4028 3445 4102 δηλονότι
3524 4032 3660 4089 κατὰ
3727 4031 3877 4083 πᾶσαν

2250 4119 2511 4175 ἀντίθεσιν
2562 4124 2671 4175 τῶν
2716 4121 3047 4195 προτάσεων,
3097 4120 3275 4194 μόνων
3326 4119 3372 4176 δ’
3429 4116 3877 4192 ἐναλλαττομένων

2248 4214 2358 4265 τῶν
2390 4205 2859 4285 προσδιορισμῶν.

555 4409 643 4464 15.
692 4408 1006 4465 Contrarias
1052 4414 1247 4465 autem
1295 4408 1575 4464 dicuntur
1618 4413 1926 4482 propterea
1976 4413 2133 4484 quod

483 4497 780 4554 contraria
824 4497 1149 4554 imitentur.
1179 4504 1326 4554 Nam
1357 4502 1413 4553 et
1460 4497 1785 4570 plurimum
1819 4516 1853 4554 a
1883 4516 1945 4555 se
1990 4501 2138 4556 invi-

2326 4406 2404 4463 ιε’.
2442 4404 2704 4460 Ἐναντίαι
2736 4402 2795 4459 δὲ
2840 4403 3093 4480 λέγονται
3151 4402 3241 4460 διὰ
3287 4406 3352 4460 τὸ
3407 4401 3658 4460 τάναντία
3713 4396 3876 4480 μιμεῖῖ

2252 4494 2393 4550 σθαι.
2425 4491 2687 4549 Πλεῖστόν
2731 4515 2792 4549 τε
2836 4474 2940 4570 γὰρ
3001 4491 3341 4566 διεστήκασιν
3396 4494 3488 4550 ἀπ’
3537 4487 3810 4563 ἀλλήλων·
3838 4474 3880 4535 εἷ

482 4602 611 4643 cem
635 4586 858 4643 distant
886 4604 898 4642 :
933 4587 1225 4659 siquidem
1257 4604 1375 4643 una
1405 4587 1664 4644 afﬁrmat
1709 4588 2133 4663 universaliter,

2254 4604 2309 4658 γε
2337 4585 2372 4653 ἡ
2410 4583 2503 4657 μὲν
2558 4582 2887 4662 καταφάσκει
2936 4582 3193 4655 καθόλου,
3252 4586 3287 4653 ἡ
3349 4580 3407 4639 δὲ
3464 4582 3753 4660 ἀποφάσκει
3800 4590 3877 4628 κα-

482 4675 667 4733 altera
694 4680 871 4749 negat
900 4675 1331 4734 universaliter.

553 4785 642 4840 16.
674 4785 745 4840 Et
776 4801 911 4841 cum
958 4783 1319 4840 immediatis
1347 4788 1475 4841 tum
1506 4785 1779 4841 mediatis
1830 4786 2139 4843 contrariis

482 4876 625 4928 sunt
652 4871 1282 4932 simileszimmediatis
1313 4874 1552 4945 quidem
1583 4874 1642 4928 in
1676 4875 1922 4931 materia
1946 4891 2140 4931 neces-

479 4961 638 5017 saria
680 4968 738 5018 et
782 4963 1150 5034 impossibili.
1187 4963 1332 5018 Nam
1365 4966 1421 5018 et
1451 4963 1881 5019 contrariorum
1931 4964 2136 5020 imme-

480 5048 774 5108 diatorum
820 5070 889 5108 ex
930 5053 1279 5110 necessitate
1328 5052 1496 5107 adest
1543 5050 1792 5107 alterum
1833 5053 2134 5123 subjecto;

480 5138 637 5195 284
686 5144 744 5196 et
788 5141 1074 5213 ejusmodi
1141 5140 1608 5215 propositionum
1657 5157 1725 5197 ex
1792 5143 2137 5198 necessitate

479 5226 664 5283 altera
686 5246 823 5286 vera
868 5236 976 5299 est,
1009 5231 1193 5287 altera
1222 5230 1371 5285 falsa
1400 5230 1459 5284 in
1501 5229 1675 5285 dictis
1725 5231 1987 5286 materiis
2020 5246 2035 5286 :
2073 5231 2135 5287 in

479 5318 812 5374 necessaria
841 5320 1079 5391 quidem
1110 5318 1478 5383 afﬁrmativa,
1510 5319 1690 5391 velut,
1722 5318 1927 5377 Omnis
1962 5319 2134 5377 homo

2252 4669 2443 4735 θόλου.

2324 4777 2535 4843 ις’.Καί
2564 4785 2683 4842 τοῖς
2734 4775 2960 4853 ἀμέσοις
3008 4779 3099 4835 xui
3150 4785 3269 4842 τοῖς
3325 4778 3585 4854 έμμέσοις
3642 4767 3871 4831 ἐναντίοις

2249 4868 2476 4924 ἐοίκασι⁸
2534 4874 2652 4930 τοῖς
2713 4869 2807 4941 μὲν
2862 4868 3109 4943 ἀμέσοις,
3146 4868 3233 4924 ἐπὶ
3287 4875 3390 4938 τῆς
3438 4863 3723 4942 ἀναγκαίας
3752 4855 3870 4943 ὕλης

2245 4957 2335 5013 καὶ
2395 4957 2681 5016 ἀδυνάτου.
2739 4961 2855 5013 Τῶν
2917 4979 2976 5013 τε
3032 4958 3137 5035 γὰρ
3218 4957 3432 5031 ἀμέσων
3516 4952 3776 5020 ἐναντίων,
3827 4941 3870 5009 ἐξ

2247 5047 2489 5123 ἀνάγκης
2545 5051 2623 5119 τῷ
2683 5048 3027 5121 ὑποκειμένῳ
3081 5047 3307 5123 πάρεστι
3350 5048 3590 5119 θάτερον.
3640 5038 3732 5096 Καὶ
3781 5035 3869 5088 τῶν

2244 5136 2509 5191 τοιούτων
2565 5138 2879 5213 προτάσεων
2940 5136 2992 5207 ἐξ
3050 5136 3292 5211 ἀνάγκης
3341 5137 3375 5205 ἡ
3437 5135 3591 5209 ἑτέρα
3642 5126 3869 5191 καθέστψ

2244 5247 2333 5281 κεν
2363 5225 2579 5297 ἀληθὴς
2612 5225 2700 5281 ἐπὶ
2753 5229 2860 5279 τῶν
2920 5223 3223 5302 εἰρημένων
3275 5223 3440 5279 ὑλῶν
3502 5220 3589 5278 ἐπὶ
3648 5218 3736 5292 μὶν
3772 5213 3866 5302 ,τῆς

2246 5315 2532 5392 ἀναγκαίας
2583 5318 2619 5385 ἡ
2674 5300 3034 5393 καταφατικῆ·
3080 5315 3218 5386 οἷον,
3259 5319 3371 5376 Πᾶς
3430 5312 3707 5387 ἄνθρωπος
3760 5300 3869 5393 ἀγξ-

2243 5410 2385 5459 πνεῖ·
2421 5403 2510 5459 ἐπὶ
2570 5400 2627 5459 δὲ
2682 5410 2783 5473 τῆς
2844 5401 3109 5458 ἀδυνάτου
3140 5405 3176 5474 ἡ
3225 5402 3557 5482 ἀποφατική’
3606 5396 3732 5463 οἷον,
3782 5382 3865 5440 οὗ·

2245 5491 2354 5556 Bai;
2378 5492 2660 5571 ἄνθρωπος
2686 5491 2937 5551 Ἱπταται.

476 5404 729 5476 respirat
777 5425 791 5462 :
844 5407 902 5463 in
956 5406 1307 5480 impossibili
1367 5411 1584 5478 autem,
1634 5409 1922 5481 negativa,
1974 5408 2134 5465 velut

476 5491 689 5549 Nullus
714 5494 889 5552 homo
918 5496 1095 5553 volat.

552 5599 640 5653 17.
672 5600 918 5659 Omnino
941 5611 1137 5660 autem
1169 5604 1521 5661 exsistentiaa
1553 5604 1790 5676 quidem
1820 5606 2133 5673 verum,in-

2317 5606 2399 5670 ιζ’.
2433 5600 2651 5663 Πάντως
2682 5598 2740 5656 δὲ
2769 5606 2836 5675 τῇ
2871 5602 2963 5675 μὲν
3025 5601 3247 5679 ὑπάρξει
3274 5602 3336 5656 τὸ
3366 5596 3563 5667 ἀληθὲς
3614 5582 3858 5679 ἀναλογεῖ·

477 5687 831 5750 exsistentias
870 5710 1006 5752 vero
1035 5693 1249 5752 falsum
1280 5670 1651 5767 preportio'ne
1701 5670 2037 5769 respondet.
2067 5697 2130 5753 In

2254 5694 2309 5766 τῇ
2370 5688 2416 5745 δ’
2470 5690 2766 5767 ἀνυπαρείᾳ
2818 5692 2881 5746 τὸ
2936 5670 3156 5770 ψεῦδος..
3194 5691 3338 5747 Κατὰ
3399 5686 3493 5764 μὲν
3552 5682 3640 5739 οὗν
3691 5670 3861 5732 ταύτας
