4126 6468
317 388 434 450 909

1675 391 2026 452 EPITOME
2068 391 2373 452 LOGICA.

3617 394 3736 454 910

315 520 414 581 τὰς
445 517 581 583 ὅλας
610 521 646 590 ἡ
677 525 804 594 πᾶς,
835 519 924 575 καὶ
955 522 990 590 ἡ
1043 518 1242 593 οὐδεὶς,
1273 525 1389 584 τοῖς
1441 522 1664 595 ἀμέσοις
1712 521 1970 584 ἐναντίοις

2118 523 2181 579 ιὶε
2212 523 2388 595 igitur
2413 524 2694 590 materiis,
2729 523 2923 579 omnis
2943 526 3000 579 et
3031 523 3250 590 nullus,
3274 524 3583 580 contrariae
3604 541 3737 598 pro-

318 605 546 665 ἐοίκασι.

391 721 479 784 ιη’.
522 715 668 770 Κατά
715 712 773 770 δὲ
838 716 936 785 τὴν
995 713 1360 792 ἐνδεχομένην
1411 724 1529 779 τοῖς
1593 717 1842 791 ἐρμέσοις
1904 718 1978 771 ὧν

313 801 536 858 δυνατὸν
591 801 721 877 μηδ’
760 799 944 880 ἕτερον
999 809 1256 882 παρεῖναι
1313 810 1391 878 τῷ
1451 806 1816 879 ὑποκειμένῳ.
1877 803 1979 860 Καὶ

314 894 482 971 ἄμφω
512 893 568 946 αἱ
597 893 888 967 προτάσεις
919 894 1056 948 κατᾶ
1084 895 1182 962 τήν
1227 892 1590 970 ἐνδεχομένην
1645 893 1784 963 ὕλην
1839 915 1976 967 συμ-

316 978 828 1056 ψεύδονται·ὀῖον,
886 987 996 1044 Πᾶς
1054 983 1335 1057 ἄνθρωπος
1395 980 1601 1045 δίκαιός
1658 981 1816 1052 ἐστιν,
1879 982 1981 1037 Οὐ-

319 1068 432 1133 δεὶς
463 1071 747 1146 ἅνθρωπος
779 1068 992 1134 δίκαιός
1027 1070 1192 1126 ἐστιν.

450 1183 461 1200 ρ
515 1178 535 1196 Ἇ
698 1176 713 1196 κ
785 1175 793 1193 Ι
1000 1174 1024 1195 ἢ
1219 1184 1242 1194 ν
1538 1178 1547 1193 1
1766 1176 1842 1199 ’ἢν

399 1179 481 1235 ιθ.
538 1182 584 1232 Η
625 1198 715 1232 και
764 1178 846 1231 δτι
891 1178 947 1232 αἱ
996 1176 1332 1247 δηλωθεισαι
1379 1199 1668 1255 προτασεις
1724 1197 1986 1242 ουοεποτε

327 1267 421 1340 μὲν
475 1264 925 1336 συναληθεόουσι,
977 1267 1110 1321 ποτὲ
1167 1263 1225 1321 δὲ
1279 1267 1368 1322 καὶ
1424 1265 1844 1341 συμψεύδονταιο
1893 1284 1984 1338 καὶ

320 1356 458 1411 κατὰ
501 1356 650 1410 τοῦτ’
698 1354 756 1410 ἂν
805 1355 1028 1418 εἰκότως
1079 1354 1314 1412 ἐναντίαι
1377 1357 1860 1431 κατονομάζοιντο.
1910 1360 1988 1412 Τὰ

319 1445 421 1522 γὰρ
481 1443 688 1501 ἐναντία
756 1445 1117 1522 συνυπάρχειν
1188 1447 1282 1520 μὲν
1334 1445 1612 1518 ἀλλήλοις
1662 1448 1779 1502 κατ’
1835 1445 1986 1523 ἐνέρ-

319 1555 465 1609 γειαν
526 1533 614 1589 ἐπὶ
669 1539 766 1590 τοῖ’)
838 1535 1006 1590 αὐτοῦ
1085 1535 1446 1610 ὑποκειμένου
1523 1533 1808 1591 ἀδύνατονο
1875 1537 1988 1609 ἅμα

324 1619 370 1677 δ’
400 1623 617 1679 ἀπεῖναι
651 1623 815 1680 αὐτοῦ
843 1621 1092 1683 δυνατόν.

396 1803 461 1857 κ’.
496 1801 595 1857 Καὶ
648 1801 731 1858 ὅτι
793 1804 889 1877 μὲν
943 1805 1000 1858 αἱ
1058 1802 1304 1880 ῥηθεῖσαι
1381 1805 1670 1881 προτάσεις
1730 1803 1984 1874 ἐναντίαι,

327 1891 416 1945 καὶ
448 1887 587 1946 διότι
621 1888 952 1964 δεδήλωται.

397 1981 584 2037 κα¹.Ἣ
635 1977 694 2034 δὲ
735 1983 932 2058 μερικὴ
980 1982 1340 2060 καταφατική,
1382 1981 1473 2036 καὶ
1521 1984 1556 2051 ἡ
1611 1982 1807 2054 μερική
1857 1981 1990 2036 ἀπο-

332 2071 557 2146 φατικὴ,
622 2069 914 2125 καλοῦνται
993 2069 1322 2125 ὑπεναντίαι·
1384 2071 1461 2133 ὡς
1519 2071 1623 2125 ὑπὸ
1673 2076 1792 2132 ταῖς
1849 2069 1993 2125 ἐναν-

329 2157 470 2221 τίαις
520 2159 840 2236 τεταγμέναι
895 2159 1166 2222 κάκείναις
1215 2159 1494 2233 ἑπόμεναι.
1554 2160 1651 2214 Καὶ
1709 2160 1810 2236 γὰρ
1869 2157 1993 2213 ὅταν

331 2250 366 2318 ἠ
399 2247 554 2325 ἐτέρα
579 2253 687 2304 τῶν
737 2247 976 2304 καθόλου
1028 2247 1292 2323 ἀληθεύῃ,
1325 2249 1448 2304 τότε
1497 2248 1852 2320 συναληθεύει
1901 2249 1991 2303 καὶ

331 2339 367 2406 ἠ
398 2337 484 2392 ὑπ’
513 2337 681 2407 αὐτὴν
727 2340 947 2414 μερική·
980 2338 1058 2400 ὡς
1109 2339 1223 2392 οἷον
1277 2338 1442 2415 μέρος
1491 2337 1661 2408 αὐτῆς
1719 2336 1871 2410 οὖσα,
1903 2336 1993 2392 καὶ

333 2426 423 2481 ὑπ’
452 2426 624 2497 αὐτῆς
652 2428 1051 2503 περιεχομένη.

401 2517 506 2592 κβ’.
541 2517 636 2571 Διὸ
681 2515 773 2572 καὶ
819 2517 916 2579 τὰς
965 2517 1331 2595 καταφατικὰς
1380 2515 1694 2594 προτάσεις,
1743 2517 1842 2584 τήν
1896 2536 1992 2571 κα-

331 2603 500 2661 θόλου
532 2603 676 2682 λέγω
707 2603 775 2676 δὴ
807 2605 898 2661 καὶ
926 2607 1024 2675 τήν
1062 2607 1315 2682 μερικὴν,
1344 2607 1444 2675 τὴν
1477 2611 1582 2668 πᾶς
1612 2606 1702 2661 καὶ
1734 2607 1832 2676 τήν
1884 2607 1993 2673 τὶς,

330 2694 422 2750 καὶ
472 2695 624 2758 αὖθις
673 2696 768 2758 τὰς
819 2696 1180 2774 ἀποφατικάς,
1229 2697 1328 2765 τὴν
1379 2693 1557 2758 οὐδεὶς
1603 2696 1694 2751 καὶ
1745 2695 1806 2750 οὐ
1866 2700 1992 2766 πᾶς,

335 2781 695 2856 ὑπαλλήλους
725 2783 1006 2840 καλοῦσιν·
1043 2784 1152 2861 οὐχ
1180 2783 1367 2859 ὅτιπερ
1401 2785 1476 2847 ὡς
1525 2787 1561 2855 ἡ
1609 2783 1694 2847 τὶς
1745 2785 1847 2840 ὑπὸ
1895 2785 1992 2853 τὴν

333 2879 460 2945 πᾶς,
492 2871 638 2928 οὕτω
685 2869 754 2943 δὴ
804 2873 896 2928 καὶ
945 2877 981 2943 ἡ
1029 2879 1134 2936 πᾶς
1188 2871 1291 2928 ὑπὸ
1335 2874 1435 2942 τὴν
1485 2873 1592 2936 τίς’
1635 2872 1726 2928 καὶ
1757 2873 1834 2935 ὡς
1863 2875 1899 2942 ἠ
1933 2871 1995 2926 οὐ

337 2969 442 3025 πᾶς
473 2963 577 3018 ὑπὸ
606 2963 705 3032 τὴν
744 2960 945 3030 οὐδεὶς,
979 2961 1122 3018 οὕτω
1167 2963 1257 3018 καὶ
1307 2966 1342 3032 ἡ
1396 2960 1574 3025 οὐδεὶς
1623 2962 1725 3017 ὑπὸ
1776 2963 1875 3031 τήν
1935 2961 1996 3016 οὐ

341 3057 444 3114 πᾶς
470 3056 655 3123 (τοῦτο
687 3052 792 3128 γὰρ
819 3048 1015 3126 ψεῦδος
1061 3053 1204 3125 ὁμοῦ
1247 3050 1338 3106 καί
1383 3049 1688 3126 ἀδύνατον)·
1742 3049 1867 3106 ἀλλ’
1914 3049 1997 3106 ὅτι

340 3140 402 3194 τὸ
461 3141 564 3196 ὑπὸ
619 3141 719 3210 τὴν
772 3146 878 3204 πᾶς
937 3141 1068 3195 εἶναι
1123 3142 1224 3210 τὴν
1284 3140 1390 3214 τὶς,
1447 3140 1537 3195 καὶ
1614 3137 1996 3210 συναληθεύειν

340 3229 501 3304 αὐτῇ,
535 3227 725 3285 δίδωσι
760 3231 855 3304 μὲν
886 3232 921 3300 ἡ
955 3235 1081 3303 πᾶς,
1115 3230 1192 3292 ὡς
1230 3228 1488 3285 καθόλου·
1539 3223 1807 3303 λαμϐάνει
1860 3227 1917 3283 δὲ
1963 3231 2001 3300 ἡ

332 3318 444 3392 τὶς,
474 3319 549 3382 ὡς
586 3320 748 3393 μέρος
775 3321 874 3387 τῆς
906 3324 1031 3386 πᾶς,
1058 3317 1148 3373 καί
1181 3317 1354 3382 οὕτως
1385 3318 1444 3373 ἐκ
1472 3325 1572 3388 τῆς
1630 3323 1734 3380 πᾶς
1793 3321 1861 3392 τῇ
1917 3318 2004 3380 τὶς

334 3402 490 3470 ὄντος
519 3412 618 3463 τοῦ
650 3409 986 3481 ὑποκεῖσθαι,
1022 3408 1097 3472 ὡς
1125 3411 1224 3478 τῆς
1273 3409 1397 3481 ὑπὸ,
1433 3407 1483 3463 ἐν
1535 3405 1812 3479 ἀλλήλοις
1861 3409 1993 3462 θεω-

336 3494 633 3573 ρουμένης·
669 3497 722 3552 ἐν
754 3497 850 3571 μὲν
885 3501 956 3572 τῇ
1000 3503 1104 3560 πᾶς
1154 3497 1530 3574 ἐνεργητικᾶκ·
1579 3495 1630 3551 ἐν
1684 3494 1742 3552 δὲ
1787 3500 1857 3571 τῇ
1913 3497 1995 3558 τὶς

329 3588 398 3643 τὸ
433 3587 768 3642 ὑποκεῖσθαι’
819 3593 922 3658 τῆς
971 3585 1028 3642 δὲ
1073 3587 1155 3650 τὶς
1209 3584 1517 3662 δεχομένης
1569 3585 1699 3641 αὐτὸ
1749 3583 1838 3640 διὰ
1892 3588 1990 3656 τὴν

333 3674 722 3751 ἂλληλουχίαν
769 3677 858 3730 καὶ
903 3673 1069 3755 ἄμφω
1117 3674 1436 3747 ὑπάλληλοι
1493 3674 1808 3746 κέκληνται.
1849 3675 1995 3730 Κατὰ

329 3764 460 3826 τοὺς
513 3763 706 3827 αὐτοὺς
748 3762 946 3842 λόγους
997 3764 1338 3838 ὑπάλληλοι,
1369 3765 1460 3820 καὶ
1511 3767 1547 3834 ἡ
1599 3761 1777 3827 οὐδεὶς
1834 3764 1990 3834 καὶὴ

334 3853 399 3910 οὗ
431 3859 558 3918 πᾶς.

2088 614 2410 685 positiones
2441 612 2804 669 immediatis
2839 613 3149 668 contrariis
3180 617 3320 669 sunt
3349 613 3595 670 similes.

2161 721 2248 775 18.
2285 725 2359 775 At
2387 736 2519 775 vero
2550 720 2868 794 contigenti
2920 719 3168 776 materia
3209 720 3480 777 mediatis
3511 728 3742 778 contra-

2089 809 2214 875 riis,
2247 825 2500 880 quorum
2532 814 2807 865 neutrum
2841 811 3105 879 subjecto
3137 810 3343 866 adesse
3372 815 3462 866 est
3487 811 3740 884 possibi-

2089 897 2181 965 le;
2215 904 2272 953 et
2318 899 2505 954 ambae
2536 899 2966 970 propositiones
3012 897 3072 953 in
3100 899 3348 954 materia
3379 899 3740 973 contingenti

2091 985 2269 1041 simul
2315 987 2641 1043 metiuntur
2675 1004 2688 1043 :
2721 987 2898 1055 velut,
2931 987 3136 1044 Omnis
3183 988 3359 1044 homo
3382 989 3586 1060 justus
3630 993 3740 1057 est,

2091 1074 2302 1130 Nullus
2334 1076 2509 1132 homo
2533 1077 2739 1147 justus
2770 1081 2878 1132 est.

2167 1182 2253 1238 19.
2288 1183 2400 1238 Aut
2427 1199 2562 1238 vero
2593 1183 2770 1239 etiam
2806 1185 2960 1256 quod
2985 1183 3290 1241 declaratae
3319 1185 3746 1258 propositiones

2095 1289 2400 1343 nunquam
2433 1273 2704 1346 equidem
2737 1273 2917 1329 simul
2945 1291 3147 1330 verum
3179 1275 3403 1346 dicunt,
3426 1275 3745 1347 aliquando

2097 1367 2293 1417 autem
2345 1361 2518 1417 etiam
2566 1362 2746 1418 simul
2801 1363 3016 1418 falsum
3066 1363 3269 1432 aiunt;
3304 1363 3414 1419 hac
3464 1365 3645 1420 etiam
3676 1363 3747 1419 de

2096 1467 2273 1506 causa
2306 1451 2512 1506 merito
2555 1452 2859 1507 contrariae
2906 1453 3467 1520 denominabuntur,
3501 1453 3744 1509 Contra—

2096 1539 2183 1594 ria
2211 1539 2368 1596 enim
2419 1540 2767 1596 coexsistere
2804 1540 3042 1612 quidem
3092 1541 3340 1597 invicem
3372 1546 3504 1598 actu
3557 1542 3616 1596 in
3649 1558 3745 1598 eo-

2096 1629 2231 1684 dem
2263 1628 2527 1698 subjecto
2558 1629 2946 1702 impossibile,
2978 1630 3157 1686 simul
3191 1637 3390 1686 autem
3441 1631 3515 1686 ab
3541 1631 3746 1687 eodem

2097 1718 2302 1774 abesse
2332 1718 2610 1790 possibile
2640 1724 2747 1775 est.

2166 1808 2255 1861 20.
2291 1807 2358 1862 Et
2383 1807 2538 1878 quod
2581 1807 2764 1880 igitur
2793 1808 2962 1863 dictae
3008 1807 3438 1880 propositiones
3469 1807 3588 1864 sint
3616 1824 3748 1864 con-

2015 1902 2064 1967 B
2094 1895 2291 1951 trariae
2319 1899 2376 1950 et
2407 1913 2589 1968 quare
2619 1896 2981 1952 declaratum
3012 1900 3120 1952 est.

2172 1987 2260 2040 21.
2293 1985 2424 2040 Jam
2454 2002 2587 2041 vero
2619 1986 2991 2057 particularis
3023 1987 3376 2042 afﬁrmativa
3405 1991 3463 2043 et
3490 1986 3749 2058 particu-

2099 2073 2240 2130 laris
2270 2075 2537 2147 negativa
2566 2075 2718 2131 285
2745 2077 3168 2132 subcontrariae
3197 2081 3498 2147 vocantur,
3527 2080 3591 2131 ut
3621 2092 3754 2147 quae

2103 2165 2213 2220 sub
2241 2165 2551 2220 contrariis
2586 2164 2790 2236 positae
2834 2165 2954 2220 sint
2983 2169 3038 2220 et
3067 2165 3200 2221 illas
3231 2169 3573 2236 sequantur.
3607 2164 3754 2219 Cum

2103 2253 2260 2309 enim
2291 2253 2472 2309 altera
2501 2253 2924 2309 universalium
2971 2271 3177 2309 verum
3229 2254 3388 2325 dicit,
3421 2258 3548 2309 tum
3579 2253 3756 2310 etiam

2103 2341 2474 2415 particularis
2505 2359 2635 2415 quae
2687 2344 2798 2399 sub
2848 2360 2916 2399 ea
2943 2348 3052 2415 est,
3083 2359 3287 2399 verum
3333 2343 3658 2416 profitetur,
3691 2345 3759 2398 ut

2104 2447 2236 2502 quae
2264 2431 2424 2486 velut
2454 2448 2591 2504 pars
2622 2431 2699 2488 sit
2723 2431 2884 2488 illius
2913 2436 2970 2488 et
2999 2432 3071 2488 ab
3101 2431 3231 2505 ipsa
3256 2433 3648 2488 contineatur.

2173 2521 2264 2576 22.
2299 2520 2608 2592 Propterea
2649 2520 2827 2576 etiam
2875 2521 3259 2578 afﬁrmativas
3306 2519 3758 2593 propositiones,

2103 2609 2495 2665 universalcm
2525 2610 2770 2682 inquam
2801 2613 2859 2665 et
2887 2609 3324 2682 particularem,
3354 2610 3546 2666 omnis
3575 2614 3632 2665 et
3652 2607 3759 2664 ali-

2105 2697 2270 2769 quis;
2304 2701 2361 2752 et
2383 2695 2600 2752 iterum
2619 2697 2915 2770 negativae
2937 2701 2994 2753 et
3015 2715 3132 2754 non
3154 2698 3347 2754 omnis
3371 2694 3591 2766 ὑπαλλή
3603 2694 3756 2769 λους,

2105 2786 2164 2840 id
2196 2789 2285 2841 est
2331 2785 2722 2855 subalternas,
2755 2791 2982 2854 vocant,
3014 2805 3130 2842 non
3162 2788 3433 2859 equidem
3489 2787 3644 2858 quod
3675 2786 3761 2843 si-

2107 2879 2207 2930 cut
2246 2874 2459 2946 aliquis
2519 2876 2630 2931 sub
2659 2875 2874 2944 omnis,
2907 2877 2990 2932 ita
3035 2876 3212 2932 etiam
3264 2876 3459 2932 omnis
3507 2876 3620 2932 sub
3652 2873 3763 2930 ali-

2109 2963 2242 3036 quis
2279 2969 2376 3019 :et
2420 2963 2574 3019 sicut
2624 2982 2738 3021 non
2787 2966 2980 3020 omnis
3033 2967 3143 3020 sub
3190 2965 3413 3031 nullus,
3459 2965 3539 3020 ita
3583 2963 3762 3020 etiam

2110 3052 2311 3108 nullus
2343 3054 2452 3108 sub
2483 3071 2600 3109 non
2649 3055 2842 3110 omnis
2875 3054 2953 3110 sit
2982 3054 3114 3126 (hoc
3145 3053 3303 3110 enim
3351 3052 3569 3109 falsum
3593 3053 3764 3124 juxta

2109 3146 2166 3199 et
2193 3142 2555 3214 impossibile
2606 3144 2737 3214 est),
2772 3144 2872 3200 sed
2926 3144 3081 3215 quod
3125 3141 3190 3195 τὸ
3223 3142 3443 3214 aliquis
3493 3157 3622 3197 esse
3650 3141 3762 3196 sub

2110 3233 2190 3300 τῷ
2237 3231 2432 3286 omnis
2479 3236 2536 3286 et
2584 3230 2761 3286 simul
2807 3247 2942 3286 cum
2990 3247 3057 3286 eo
3105 3247 3307 3286 verum
3361 3229 3574 3301 dicere,
3626 3245 3764 3284 con-

2115 3319 2269 3375 cedit
2297 3320 2536 3393 quidem
2568 3320 2762 3375 omnis
2795 3325 2860 3375 ut
2889 3319 3290 3387 universales;
3322 3318 3541 3392 accipit
3570 3321 3766 3374 autem

2106 3408 2284 3464 etiam
2316 3408 2535 3481 aliquis
2567 3413 2633 3464 ut
2671 3425 2809 3480 pars
2837 3408 3028 3481 ipsius
3077 3411 3175 3461 τοῦ
3203 3407 3397 3464 omnis
3431 3424 3443 3463 :
3479 3413 3655 3479 atque
3683 3405 3768 3461 ita

2106 3514 2240 3552 cum
2291 3497 2487 3569 ipsum
2541 3497 2754 3568 subjici
2805 3496 2882 3552 sit
2926 3499 3004 3567 τῷ
3053 3496 3271 3568 aliquis
3320 3512 3390 3551 ex
3439 3498 3517 3565 τῷ
3570 3495 3764 3551 omnis

2105 3587 2274 3658 quasi
2331 3586 2681 3659 praepositio,
2719 3584 2844 3656 ὑπὸ,
2879 3583 2930 3638 ἐν
2982 3581 3264 3655 ἀλλήλοις
3296 3585 3356 3641 id
3387 3590 3478 3641 est
3518 3584 3579 3640 in
3625 3582 3764 3640 alte-

2103 3677 2250 3743 rius,
2283 3675 2683 3731 consideretur
2711 3680 2768 3731 et
2810 3675 3151 3747 accipiatur,
3186 3674 3246 3729 in
3277 3674 3471 3730 omnis
3519 3673 3758 3746 quidem

2102 3765 2304 3833 active,
2337 3765 2396 3819 in
2446 3764 2661 3836 aliquis
2709 3767 2903 3819 autem
2955 3763 3225 3836 passive;
3273 3764 3383 3819 hoc
3432 3766 3541 3830 est,
3571 3766 3639 3817 ut
3688 3759 3751 3813 τὸ

2101 3855 2295 3910 omnis
2344 3853 2582 3926 quidem
2625 3856 2704 3923 τῷ
2741 3853 2957 3924 aliquis
3006 3853 3262 3925 praebeat
3310 3851 3508 3922 ipsum
3562 3851 3762 3921 subje-

334 3949 498 4001 ctum
527 3961 678 4012 esse,
709 3944 769 4000 id
797 3950 997 4001 autem
1024 3943 1086 3997 τὸ
1117 3945 1332 4017 aliquis
1381 3944 1624 4017 recipiat
1661 3950 1901 4018 propter
1951 3949 2221 4001 mutuam
2269 3942 2720 4010 cohaerentiam;
2773 3941 2901 3996 ideo
2947 3941 3133 3996 ambae
3183 3935 3526 4008 ὑπάλληλοι,
3558 3940 3615 3995 id
3647 3943 3759 4010 est,

338 4033 496 4091 286
527 4033 882 4090 subalternae
910 4038 1127 4091 vocatae
1156 4039 1319 4090 sunt.
1352 4034 1567 4089 Iisdem
1597 4035 1925 4090 rationibus
1957 4033 2312 4090 subalternae
2341 4036 2481 4087 sunt
2509 4032 2684 4087 etiam
2713 4028 2777 4083 τὸ
2811 4029 3007 4086 nullus
3035 4035 3092 4085 et
3121 4047 3237 4086 non
3269 4029 3485 4085 omnis.

411 4128 513 4197 κγ’.
546 4121 610 4176 Ei
643 4119 700 4176 δὲ
737 4121 826 4176 καὶ
872 4125 990 4184 τοῖς
1041 4119 1393 4193 ὑπαλλήλοις
1443 4121 1648 4197 γένεσιν
1693 4123 1746 4176 οἱ
1803 4120 2001 4197 παρόν-

333 4231 425 4274 τες
457 4209 756 4288 ἁρμόζουσι
789 4208 970 4288 λόγοι,
1002 4209 1275 4266 σκοπείτω
1307 4211 1335 4264 ὁ
1369 4209 1720 4282 ἐξεταστικός.

409 4384 508 4443 κδ’.
540 4388 603 4442 Ἡ
638 4388 733 4462 μὲν
784 4384 876 4442 οὖν
917 4392 1026 4452 πᾶς
1072 4388 1164 4443 καὶ
1208 4390 1244 4458 ἡ
1298 4385 1474 4450 οὐδεὶς
1524 4385 1780 4442 ἐναντίαι·
1823 4389 1859 4457 ἡ
1918 4387 1999 4449 τὶς

333 4476 430 4532 καὶ
479 4476 542 4532 οὐ
589 4483 694 4540 πᾶς
742 4477 1072 4534 ὑπεναντίαν
1123 4480 1159 4548 ἡ
1201 4482 1307 4540 πᾶς
1349 4477 1440 4532 καὶ
1488 4477 1595 4549 τὶς,
1627 4477 1716 4531 καὶ
1765 4476 1916 4540 αὖθις
1963 4478 2000 4546 ἡ

334 4562 518 4628 οὐδείς
545 4566 637 4621 καὶ
666 4569 703 4636 ἡ
735 4565 797 4621 οὐ
827 4572 932 4629 πᾶς
979 4565 1320 4638 ὑπάλληλοι’
1378 4565 1537 4640 μόναι
1570 4563 1627 4620 δὲ
1655 4570 1764 4620 τῶν
1812 4565 2000 4622 ἄλλων

2179 4124 2269 4180 23.
2304 4122 2513 4178 Utrum
2562 4124 2759 4175 autem
2811 4135 2941 4191 qua
2986 4119 3080 4174 hic
3126 4119 3403 4174 dicuntur
3453 4116 3768 4191 generibus

2111 4209 2473 4268 subalternis
2523 4214 2876 4281 congruant,
2938 4211 3250 4265 accuratus
3325 4207 3407 4262 rei
3463 4206 3771 4279 indagator

2111 4300 2459 4356 consideret.

2179 4390 2270 4444 24.
2303 4386 2374 4441 Τὸ
2404 4386 2596 4443 omnis
2628 4385 2809 4459 igitur
2837 4389 2895 4442 et
2939 4385 3140 4442 nullus
3171 4383 3516 4452 contrariae;
3551 4381 3771 4454 aliquis

2111 4483 2169 4534 et
2197 4495 2312 4533 non
2345 4476 2534 4532 omnis
2584 4475 3005 4532 subcontrariae
3034 4493 3047 4543 ;
3077 4475 3272 4531 omnis
3325 4477 3382 4530 et
3435 4472 3674 4544 aliquis,
3706 4487 3773 4527 ac

2113 4567 2327 4624 iterum
2359 4564 2558 4620 nullus
2588 4569 2646 4620 et
2676 4581 2792 4621 non
2826 4564 3045 4631 omnis,
3079 4563 3437 4621 subalternaa
3467 4565 3609 4618 sunt
3639 4577 3770 4633 pro-

335 4653 652 4729 προτάσεων
719 4654 1078 4734 ἀντιφατικῶς
1159 4635 1440 4727 ἀλλήλαις
1505 4653 1852 4729 ἀντίκεινται,
1914 4654 1995 4710 καὶ

2118 4655 2450 4729 positiones.
2511 4653 2659 4710 Solae
2715 4658 2910 4710 autem
2963 4670 3032 4709 ex
3081 4652 3214 4709 aliis
3270 4650 3775 4724 propositionibus

338 4741 641 4819 διαιροῦσιν
701 4743 784 4800 ἀεὶ
824 4746 925 4814 τὴν
983 4743 1242 4817 ἀλήθειαν
1293 4745 1384 4800 καὶ
1429 4746 1492 4800 τὸ
1542 4741 1740 4819 ψεῦδος
1770 4747 1806 4814 ἡ
1838 4744 2004 4808 καθό-

339 4831 446 4888 λου
474 4835 812 4912 καταφατική
859 4834 1016 4904 καὶὴ
1053 4835 1250 4911 μερικὴ
1301 4834 1634 4912 ἀποφατικήο
1689 4833 1780 4888 καὶ
1837 4833 2002 4889 πάλιν

339 4924 381 4991 ἡ
447 4924 642 4998 μερικὴ
714 4925 1050 5001 καταφατική
1103 4924 1194 4978 καὶ
1252 4926 1288 4993 ἡ
1347 4922 1587 4978 καθόλου
1666 4923 2000 5000 ἀποφατική⁶

338 5008 513 5088 ἤγουν
545 5014 581 5082 ἡ
614 5018 720 5075 πᾶς
751 5012 839 5068 καὶ
889 5012 952 5068 οὐ
998 5018 1125 5076 πᾶς’
1177 5013 1272 5068 καὶ
1323 5015 1358 5083 ἡ
1399 5013 1480 5075 τὶς
1527 5013 1619 5067 καὶ
1668 5009 1865 5075 οὐδείς·
1916 5011 2006 5067 καὶ

341 5105 508 5156 τοῦτο
539 5100 764 5164 εἷκότως
775 5147 787 5160 .

418 5196 512 5247 κε’.
544 5190 617 5245 Αἱ
653 5191 748 5263 μὲν
790 5191 892 5267 γὰρ
926 5189 1157 5246 ἐναντίαι
1208 5190 1345 5246 κατὰ
1393 5191 1456 5246 τὸ
1505 5193 1662 5247 ποιὸν
1723 5189 2010 5269 διαφέρου-

343 5298 434 5333 σαι
465 5279 826 5357 (καταφατικὴ
861 5280 966 5355 γὰρ
997 5282 1032 5349 ἡ
1085 5279 1180 5353 μία
1224 5279 1315 5333 καὶ
1371 5282 1406 5349 ἡ
1463 5279 1618 5356 ἑτέρα
1673 5280 2008 5357 ἀποφατική)

343 5366 514 5422 ποσὸν
575 5362 765 5443 ἔχουσι
814 5367 878 5422 τὸ
927 5366 1078 5424 αὐτό.
1125 5366 1224 5422 Καὶ
1273 5368 1439 5446 ἄμφω
1482 5369 1584 5445 γὰρ
1642 5364 1903 5432 καθόλου·
1957 5368 2012 5422 αἱ

349 5454 657 5509 ὑπεναντίαι
699 5455 957 5519 ὡσαύτως
1013 5459 1093 5528 τῷ
1148 5460 1294 5528 ποιῷ
1355 5453 1706 5534 διαφέρουσαι
1760 5458 1824 5512 τὸ
1883 5455 2012 5510 αὐτὸ

347 5544 518 5598 ποσὸν
547 5541 758 5620 ἔχουσι.
793 5545 1022 5621 Μερικαὶ
1049 5545 1151 5622 γὰρ
1181 5543 1272 5600 καί
1333 5542 1519 5622 ἄμφω·
1575 5547 1630 5600 αἱ
1692 5543 2012 5616 ὑπάλληλοι

347 5631 663 5690 τούναντίον
713 5635 849 5690 κατά
877 5635 939 5690 τὸ
967 5636 1133 5690 ποσὸν
1194 5632 1573 5714 διαφέρουσαι,
1604 5636 1762 5691 ποιὸν
1822 5630 2014 5712 ἔχουσι

354 5723 421 5783 τὸ
478 5721 630 5785 αὐτό.
689 5725 752 5783 Ἦ
794 5725 890 5802 μὲν
933 5725 1034 5808 γὰρ
1105 5723 1205 5804 μία
1261 5725 1485 5808 συζυγία
1538 5726 1603 5786 τὸ
1656 5725 2018 5810 καταφατικὸν

2114 4743 2575 4801 contradictoriae
2620 4743 2732 4800 sibi
2762 4743 3012 4799 invicem
3044 4746 3450 4815 opponuntur,
3483 4745 3543 4796 et
3569 4755 3775 4794 verum

2114 4833 2449 4906 falsumque
2481 4849 2714 4905 semper
2743 4831 3012 4888 dividunt
3041 4829 3392 4886 universalis
3421 4827 3778 4885 afﬁrmativa

2115 4928 2174 4980 et
2203 4921 2578 4995 particularis
2605 4921 2895 4994 negativa,
2926 4924 2983 4976 et
3030 4921 3246 4975 iterum
3279 4917 3664 4991 particularis
3693 4916 3777 4971 af-

2118 5011 2411 5067 ﬁrmativa
2440 5014 2496 5066 et
2525 5008 2874 5065 universalis
2907 5008 3193 5081 negativa,
3227 5007 3336 5063 hoc
3361 5011 3470 5074 est,
3498 5011 3693 5061 omnis
3724 5009 3783 5060 et

2119 5117 2236 5157 non
2268 5099 2484 5167 omnis,
2517 5115 2584 5155 ac
2615 5098 2827 5171 aliquis
2870 5103 2929 5154 et
2955 5097 3156 5153 nullus
3183 5115 3196 5166 ;
3225 5097 3404 5168 idque
3435 5095 3660 5152 merito.

2189 5190 2280 5244 25.
2313 5188 2538 5244 Etenim
2570 5187 2878 5243 contraria:
2928 5187 3256 5243 secundum
3290 5184 3645 5258 qualitatem
3676 5182 3786 5238 dif-

2120 5279 2372 5335 ferentes
2412 5277 2554 5348 (una
2599 5277 2818 5348 quippe
2867 5275 3238 5344 afﬁrmativa,
3274 5274 3458 5329 altera
3509 5271 3777 5344 negativa

2123 5367 2233 5439 est)
2263 5367 2526 5422 eamdem
2558 5366 2947 5437 quantitatem
2979 5363 3198 5418 habent
3229 5380 3242 5418 :
3279 5362 3560 5417 nimirum
3591 5361 3777 5416 amba

2125 5454 2483 5512 universales
2513 5460 2673 5510 sunt.
2709 5454 2922 5510 Eodem
2974 5453 3142 5508 modo
3195 5450 3616 5507 subcontrariae
3643 5466 3782 5520 qua-

2126 5545 2287 5600 litate
2335 5544 2672 5599 differentes
2743 5542 3011 5598 eamdem
3076 5541 3468 5613 quantitatem
3540 5539 3781 5609 habent,

2127 5634 2344 5708 quippe
2377 5633 2552 5688 etiam
2583 5632 2770 5688 ambae
2799 5630 3186 5706 particulares
3227 5634 3386 5686 sunt.
3422 5627 3788 5686 Subalterna:

2129 5725 2333 5783 contra
2377 5721 2704 5798 quantitate
2751 5720 3086 5780 differentes
3119 5719 3387 5781 eamdem
3437 5717 3785 5792 qualitatem
