4126 6462
491 407 605 468 911
1744 403 2173 468 NICEPHORI
2217 401 2662 466 BLEMMIDE
3765 401 3862 463 912

489 537 711 594 habent
740 554 753 594 :
788 554 908 594 una
936 538 1089 595 enim
1121 538 1456 611 conjugatio
1486 538 1924 605 afﬁrmativum,
1958 537 2081 593 alte1

2193 539 2221 604 λ
2253 530 2395 610 ἔχει,
2426 536 2462 604 ἡ
2496 530 2540 588 δ’
2589 533 2745 610 ἑτέρα
2788 533 2853 588 τὸ
2900 528 3257 609 ἀποφατικόν.
3291 530 3377 585 Ἐν
3424 526 3637 605 ἑκατέρᾳ
3675 524 3730 586 δὲ
3770 536 3860 587 τῶν

488 626 829 701 negativum
860 627 1039 683 habet
1071 645 1085 683 :
1119 628 1181 684 in
1212 633 1462 701 utraque
1503 633 1696 684 autem
1727 626 2081 700 conjugatim

2250 629 2544 699 συζυγιῶν,
2575 625 2639 679 τὸ
2669 625 2833 679 ποσὸν
2867 622 3034 697 μόνον
3069 619 3349 700 διάφορον.
3380 625 3441 677 Ἦ
3498 626 3597 684 πᾶς
3650 622 3746 698 γὰρ
3781 643 3861 678 κα-

486 717 637 775 287
671 715 798 773 sola
827 716 1130 790 quantitas
1177 718 1408 774 diversa
1446 722 1559 773 est.
1591 717 1820 773 Etenim
1849 716 1913 769 τὸ
1945 731 2081 772 omn

2247 713 2437 782 θόλου,
2468 713 2559 768 καὶ
2589 715 2624 783 ἠ
2656 712 2739 776 τὶς
2776 714 2995 788 μερικη.
3030 710 3129 767 Καὶ
3162 709 3312 773 αὖθις
3339 712 3375 781 ἡ
3407 707 3580 774 οὐδεὶς
3634 709 3860 784 καθόλου,

483 804 831 862 universalis
863 823 878 875 ;
912 810 971 862 et
991 804 1056 860 τὸ
1088 806 1303 879 aliquis
1352 805 1723 878 particularis
1758 822 1769 861 :
1805 823 1871 861 ac
1900 806 2081 861 iterun

2245 802 2336 857 καὶ
2366 806 2401 873 ἡ
2435 802 2498 857 ού
2527 807 2633 865 πᾶς
2669 803 2887 877 μερική.
2921 800 3085 856 Ποιὸε
3120 801 3215 873 μὲν
3250 800 3347 855 οὗν
3400 797 3509 855 ἐστι
3555 799 3616 855 τὸ
3659 820 3862 879 καταφα-

480 891 547 947 τὸ
577 892 778 950 nullus
824 894 1218 964 universalis;
1271 900 1475 951 etnon
1524 894 1716 950 omnis
1764 893 2081 967 particular

2243 893 2393 947 τικὸν
2452 892 2487 962 ἢ
2544 889 2896 970 ἀποφατικόν·
2957 891 3123 946 ποσὸν
3176 887 3254 962 δὲ,
3286 890 3350 945 τὸ
3402 888 3696 959 καθόλουῆ
3731 909 3861 966 μερι-

483 986 593 1039 est.
623 982 883 1048 Qualitas
915 983 1095 1056 igitur
1124 983 1362 1056 quidem
1387 988 1475 1041 est
1505 984 1925 1040 afﬁrmativum
1956 987 2014 1039 et
2034 1001 2081 1038 n4

2244 980 2359 1036 κόν.
2410 987 2583 1036 Πᾶσαι
2638 980 2820 1036 τοίνυν
2880 979 2935 1035 a't
2988 978 3234 1055 συζυγίαι
3286 982 3395 1034 τῶν
3456 977 3775 1056 προτάσεων,
3822 977 3865 1033 έν

481 1071 744 1143 gativum
776 1087 791 1126 :
825 1071 1123 1144 quantitas
1156 1077 1374 1145 autem,
1403 1072 1732 1129 universale
1762 1077 1864 1128 aut
1882 1072 2081 1145 partim

2244 1072 2331 1132 αἷς
2360 1071 2422 1126 τὸ
2454 1069 2715 1141 ἐναντίον,
2749 1069 2801 1125 έν
2842 1071 2928 1132 αἶς
2970 1069 3035 1125 τὸ
3087 1067 3425 1141 ὑπεναντίον,
3461 1067 3511 1124 ἐν
3562 1069 3643 1130 αἷς
3683 1068 3740 1123 τὸ
3784 1067 3867 1122 ὑπο

477 1158 620 1216 lare.
653 1160 872 1217 Omnes
899 1160 1084 1234 igitur
1102 1162 1571 1234 propositionum
1595 1160 2081 1234 conjugationes,i

2252 1158 2504 1231 ἀλληλον
2550 1160 2685 1215 κατά
2734 1181 2785 1215 τι
2838 1159 2933 1232 μὲν
2983 1162 3327 1230 κοινωνοῦσι,
3358 1158 3495 1213 κατά
3533 1178 3585 1212 τι
3634 1154 3690 1211 δὲ
3716 1154 3871 1234 διαφέ-

480 1248 697 1320 quibus
713 1251 1095 1320 contrarium,
1110 1250 1170 1307 in
1183 1250 1401 1323 quibus
1413 1251 1911 1322 subcontrarium,
1929 1253 1987 1306 in
2006 1268 2081 1323 qu

2246 1269 2451 1323 ρουσιν.
2490 1254 2552 1304 Ἡ
2609 1246 2679 1315 δὲ,
2733 1247 2976 1304 καθόλου
3047 1248 3388 1326 καταφατικὴ
3463 1246 3553 1302 καὶ
3612 1247 3648 1316 ἡ
3700 1245 3869 1322 μερικὴ

478 1335 591 1392 bus
621 1336 1030 1393 subalternum
1059 1342 1170 1408 est,
1186 1339 1514 1394 secundum
1545 1338 1688 1410 quid
1711 1337 2081 1393 commuican

2243 1337 2577 1414 ἀποφατικὴ,
2621 1336 2711 1392 καὶ
2769 1337 2908 1393 κατὰ
2962 1336 3025 1391 τὸ
3079 1336 3236 1391 ποιὸν
3296 1333 3387 1391 καὶ
3434 1335 3570 1390 κατά
3617 1334 3679 1389 τὸ
3728 1331 3870 1388 ποσὸν

478 1429 538 1481 et
565 1426 893 1482 secundum
924 1426 1067 1499 quid
1118 1426 1415 1483 differunt.
1451 1427 1628 1498 Atqui
1673 1425 2023 1482 universalis
2053 1443 2081 1482 a

2247 1425 2582 1502 μαχόμεναι,
2613 1423 2827 1481 τελείαν
2861 1423 3052 1501 ἔχουσι
3081 1425 3182 1494 τήν
3234 1424 3372 1501 πρὸς
3420 1420 3670 1494 ἀλλήλας
3713 1420 3872 1500 Stupo-

478 1513 770 1570 ﬂrmativa
783 1520 841 1572 et
856 1515 1228 1587 particularis
1245 1516 1514 1589 negativa
1533 1532 1669 1571 cum
1699 1514 1985 1587 qualitate
2004 1519 2081 1571 tu]

2243 1514 2359 1588 ράν·
2423 1514 2606 1592 ὥσπερ
2656 1512 2724 1584 δὴ
2773 1513 2864 1570 καὶ
2893 1516 2929 1584 ἡ
2986 1512 3182 1590 μερική
3230 1510 3568 1591 καταφατική
3616 1510 3870 1580 καὶὴκα-

475 1605 802 1675 quantitate
830 1611 1161 1678 pugnantes
1191 1605 1510 1678 perfectam
1541 1605 1615 1660 ad
1646 1621 1710 1662 se
1739 1605 1987 1660 invicem
2019 1604 2079 1659 di

2242 1603 2409 1659 θόλου
2467 1605 2800 1683 ἀποφατική.
2852 1603 2946 1659 Διὸ
3018 1600 3109 1658 καί
3184 1599 3447 1657 ἀδύνατον
3515 1599 3867 1672 συναληθεύειν

474 1692 780 1749 ferentiam
810 1693 1029 1750 habent
1054 1713 1071 1748 :
1096 1695 1600 1766 quemadmodum
1626 1709 1771 1749 sane
1798 1693 1975 1749 etiam
1998 1710 2081 1766 pa]

2242 1692 2404 1756 αὐτὰς
2459 1695 2495 1763 ἢ
2558 1690 2958 1769 συμψεύδεσθαι
3009 1693 3255 1749 πώποτε.
3317 1691 3442 1747 Ἐπὶ
3494 1691 3589 1764 μὲν
3640 1690 3737 1767 γὰρ
3789 1690 3871 1757 τῆς

475 1780 744 1838 ticularis
792 1783 1146 1839 afﬁrmativa
1175 1787 1233 1839 et
1272 1783 1621 1839 universalis
1666 1782 1955 1856 negativa.
1987 1782 2081 1840 Prc

2241 1781 2533 1857 ἀναγκαίας
2614 1781 2756 1852 ὕλης
2836 1780 3221 1852 ἀληθευουσῶν
3276 1784 3385 1836 τῶν
3444 1779 3779 1856 καταφάσεων
3827 1776 3871 1831 αἱ

474 1874 676 1941 pterea
703 1870 879 1927 etiam
901 1871 1048 1944 ipsis
1074 1871 1252 1927 simul
1275 1889 1475 1928 verum
1495 1876 1598 1928 aut
1626 1870 1841 1928 falsum
1863 1889 2081 1944 unqual

2193 1913 2206 1948 ,
2241 1869 2537 1948 ἀποφάσεις
2568 1868 2782 1945 ψευδεῖς
2816 1869 2971 1941 εἰσιν,
3003 1869 3091 1925 ἐπὶ
3142 1876 3243 1940 τῆς
3275 1866 3544 1925 ἀδυνάτου
3584 1865 3643 1923 δὲ
3683 1868 3743 1923 τὸ
3791 1862 3872 1939 ἔμ-

472 1958 666 2014 dicere
711 1964 801 2015 est
850 1960 1239 2032 impossibile.
1281 1962 1430 2016 Nam
1483 1961 1545 2016 in
1600 1960 1846 2017 materia
1889 1962 2081 2032 quidel

2193 1951 2207 1974 ’
2237 1958 2422 2035 παλιν·
2474 1959 2563 2015 ἐπὶ
2610 1967 2713 2029 τῆς
2772 1956 3135 2035 ἐνδεχομένης
3195 1958 3293 2033 μία
3339 1957 3637 2037 κατάφασις
3693 1951 3871 2029 ψευδής

471 2048 803 2104 necessaria
829 2064 1034 2105 verum
1064 2049 1398 2106 dicentibus
1427 2049 1922 2106 afﬁrmationibus
1953 2066 2081 2124 negt

2237 2048 2272 2117 ἡ
2322 2046 2581 2120 καθόλου,
2611 2049 2701 2104 καὶ
2758 2050 2794 2119 ἡ
2852 2048 3252 2127 ἀντιφάσκουσα
3306 2046 3478 2122 ταύτῃ
3534 2045 3788 2124 ἀπόφασις
3836 2045 3867 2110 ἡ

471 2135 658 2192 tiones
688 2136 848 2193 falsae
879 2144 1056 2194 sunt:
1092 2138 1154 2193 in
1186 2137 1545 2210 impossibili
1566 2144 1763 2195 autem
1794 2139 1917 2195 vice
1938 2141 2081 2195 ver’s:

2242 2138 2439 2212 μερική
2492 2135 2723 2209 ἀληθής·
2774 2138 2866 2192 καὶ
2919 2137 3017 2211 μία
3057 2138 3355 2215 κατάφασις
3416 2134 3656 2207 ἀληθὴς,
3700 2137 3735 2203 ἡ
3792 2152 3870 2205 με·

466 2223 532 2280 In
562 2224 939 2298 contingente
967 2243 1088 2282 una
1121 2227 1433 2284 afﬁrmatio
1482 2245 1610 2300 quas
1641 2228 1992 2284 universalis
2024 2228 2081 2284 fa

2236 2227 2387 2301 Ρική,
2426 2226 2519 2282 καὶ
2565 2230 2601 2298 ἡ
2652 2227 3049 2307 ἀντιφάσκουσα
3092 2227 3262 2301 ταύτῃ
3314 2226 3587 2305 ἀπόφασις
3641 2226 3677 2295 ἡ
3728 2219 3869 2278 καθό-

466 2328 574 2382 sa;
603 2317 662 2369 et
684 2312 823 2371 huic
849 2315 1256 2372 contradicens
1286 2316 1518 2390 negatio
1536 2316 1932 2389 particularis,
1954 2333 2121 2373 vera:
2235 2313 2338 2370 λου
2368 2313 2592 2390 ψευδής.

467 2416 536 2458 ac
566 2418 691 2458 una
719 2402 1034 2461 afﬁrmatio
1056 2420 1185 2476 quas
1206 2408 1296 2461 est
1315 2404 1881 2478 particularis,vera;
1910 2409 1968 2462 et
1986 2405 2125 2462 huic

467 2491 875 2549 contradicens
904 2492 1135 2567 negatio
1164 2493 1535 2563 universalis,
1565 2494 1716 2552 falsa
1742 2499 1851 2552 est.

540 2597 695 2656 288
722 2598 814 2655 26.
847 2603 1131 2657 Caeterum
1171 2600 1332 2658 haud
1379 2601 1839 2659 existimandum
1873 2606 1962 2658 est
1992 2620 2081 2675 pa]

2300 2601 2399 2665 κς’-
2433 2600 2508 2656 Οὐ
2546 2601 2659 2678 χρὴ
2721 2598 2769 2656 δ’
2826 2593 3235 2673 ὑπολαμϐάνειν
3292 2600 3399 2670 τήν
3474 2598 3704 2677 μερικὴν
3754 2591 3870 2651 ἀπύ-

463 2686 773 2745 ticularem
805 2689 1178 2763 negationem
1207 2690 1269 2747 in
1320 2691 1570 2747 materia
1596 2690 1953 2765 impossibili
1983 2708 2081 2748 cur

2229 2710 2385 2766 φασιν
2430 2688 2516 2744 ἐπὶ
2543 2697 2646 2760 τῆς
2677 2686 2941 2745 ἀδυνάτου
2989 2687 3135 2760 ὕλης
3177 2692 3249 2763 τῇ
3290 2686 3544 2754 καθόλου
3600 2684 3870 2764 καταφάσει

466 2775 785 2834 universali
804 2778 1115 2851 negatione
1132 2779 1311 2836 simul
1334 2779 1552 2837 falsum
1573 2781 1787 2846 dicere.
1804 2780 1962 2837 velut
1980 2798 2081 2837 cun

2228 2775 2649 2853 συμψεύδεσθαι.
2725 2780 2852 2833 Οἷον
2887 2851 2895 2858 ⁹
2931 2781 3027 2852 τῇ,
3083 2781 3198 2840 Πᾶς
3266 2777 3565 2855 ἅνθρωπος
3645 2773 3870 2858 ἵπταται,

460 2879 533 2921 ea
560 2865 766 2923 Omnis
792 2867 966 2925 homo
986 2867 1161 2939 volat,
1186 2868 1492 2937 hanc,Non
1519 2869 1712 2925 omnis
1734 2870 1911 2926 homo
1938 2870 2081 2928 volai

2222 2867 2347 2937 τὴν,
2406 2866 2479 2922 Οὐ
2530 2873 2637 2929 πᾶς
2694 2868 2983 2943 ἄνθρωπος
3033 2863 3280 2923 ῗτπαται.
3336 2863 3486 2921 Οὐδὲ
3535 2866 3640 2943 γὰρ
3696 2865 3754 2933 ἡ,
3809 2857 3871 2915 οὗ

458 2952 663 3026 Neque
707 2956 865 3013 enim
909 2955 975 3010 τὸ
1007 2974 1123 3014 non
1173 2957 1388 3027 omnis,
1421 2974 1491 3015 ex
1535 2959 1885 3014 necessitate
1932 2960 2081 3016 simu

2222 2960 2350 3027 πᾶς,
2399 2954 2452 3026 ἐξ
2505 2955 2748 3031 ἀνάγκης
2797 2953 3093 3031 συνεισάγει
3150 2954 3251 3023 τήν
3290 2973 3385 3018 τις
3435 2953 3580 3010 ὥστε
3632 2954 3752 3022 τὴν,
3803 2945 3866 3003 Οὔ

453 3041 634 3100 infert
656 3043 720 3099 τὸ
750 3044 991 3119 aliquis,
1020 3051 1087 3102 ut
1134 3047 1279 3116 hac,
1311 3047 1438 3104 Non
1487 3048 1682 3104 omnis
1724 3047 1902 3104 homo
1934 3049 2081 3106 volat

2219 3050 2326 3108 πᾶς
2384 3045 2668 3121 ἄνθρωπος
2718 3042 2965 3114 ἵπταται,
3023 3043 3189 3099 ταυτὸ
3247 3040 3406 3119 λέγει
3483 3047 3579 3119 τῇ,
3636 3042 3725 3104 Τὶς
3790 3040 3870 3093 ἄν’

451 3131 612 3189 idem
640 3133 694 3190 ei
746 3134 922 3205 dicat,
951 3134 1183 3209 Aliquis
1224 3136 1403 3193 homo
1431 3136 1607 3192 volat.
1638 3138 1867 3193 Etenim
1895 3137 1959 3191 τὸ
1991 3155 2081 3195 n01

2218 3135 2436 3208 θρωπος
2482 3132 2727 3192 ἵπταται.
2786 3135 2857 3190 Τὸ
2907 3133 3033 3210 γὰρ,
3083 3132 3159 3188 Οὐ
3215 3138 3344 3207 πᾶς,
3396 3133 3532 3190 αὐτὸ
3584 3132 3701 3188 καθ’
3748 3125 3864 3184 αὐτὸ

450 3221 666 3290 omnis,
715 3222 913 3295 ipsum
960 3240 1065 3297 per
1111 3224 1373 3299 seipsum
1420 3225 1706 3282 duntaxat
1752 3226 2076 3299 accipimus

2217 3218 2572 3298 λαμϐάνομεν
2633 3223 2822 3298 μόνον,
2850 3223 2925 3286 ὡς
2982 3220 3121 3278 ῗδίαν
3182 3217 3311 3300 ἔχον
3378 3221 3636 3297 δύναμιν,
3667 3220 3778 3276 καθ’
3801 3218 3857 3287 ἣν

450 3310 622 3382 quasi
650 3284 1593 3386 propriam.habens‘potestatem,
1622 3331 1741 3386 qua
1779 3284 2081 3388 prafdeﬁni

2206 3284 2306 3368 τὸν.
2329 3319 2435 3376 πᾶς
2478 3284 2922 3391 .npocbiopte'pov
2982 3284 3422 3388 dvatpei,”pn3tv
3484 3284 3856 3388 ἐπισυρόμεναι

446 3397 669 3456 tionem
696 3402 795 3454 τοῦ
825 3402 1020 3458 omnis
1049 3402 1234 3469 tollat,
1267 3407 1333 3459 ut
1352 3402 1522 3470 nihil,
1547 3402 1706 3459 aliud
1737 3405 2012 3461 attrahat.
2032 3406 2081 3461 Ir

2204 3397 2409 3479 ἕτερον.
2459 3403 2572 3481 Ἐφ’
2629 3404 2704 3457 ὧν
2763 3399 2855 3457 όῦν
2914 3399 3253 3478 πραγμάτων
3312 3402 3379 3458 τὸ
3436 3407 3546 3465 πᾶς
3600 3395 3856 3475 ψεύδεται,

449 3487 668 3559 quibus
697 3488 881 3562 igitur
909 3491 1084 3547 rebus
1120 3490 1184 3544 τὸ
1213 3492 1406 3547 omnis
1454 3493 1756 3565 mentitur,
1791 3492 1852 3548 in
1884 3493 2005 3550 illis
2031 3492 2081 3547 τε

2206 3489 2290 3545 ἐπ’
2346 3490 2565 3546 ἐκείνων
2623 3488 2879 3563 ἀληθεύει
2921 3490 2987 3546 τὸ
3019 3489 3081 3545 οὗ
3111 3495 3238 3563 πᾶς,
3272 3489 3353 3554 ὡς
3413 3495 3514 3546 τοῦ
3570 3495 3675 3551 πᾶς
3731 3486 3861 3542 ἀναι-

444 3592 563 3632 non
593 3577 787 3634 omnis
814 3595 1019 3635 verum
1050 3580 1213 3648 dicit,
1232 3585 1298 3635 ut
1325 3582 1483 3652 quod
1511 3584 1610 3635 τοῦ
1640 3582 1832 3639 omnis
1852 3583 2081 3641 tollendi

2205 3579 2439 3652 ρετικὸν.
2473 3576 2637 3634 Οὐδὲν
2698 3580 2803 3655 γὰρ
2860 3576 3046 3655 ἕτερόν
3098 3598 3261 3656 φησιν
3296 3578 3326 3633 ὁ
3379 3576 3590 3654 λέγων,
3644 3576 3750 3647 ὅτι,
3796 3569 3860 3627 Ού

442 3664 783 3722 facultatem
834 3666 1066 3723 habeat.
1100 3668 1258 3723 Nihil
1305 3669 1463 3725 enim
1513 3669 1672 3726 aliud
1719 3671 1804 3727 ait
1829 3672 2090 3740 idicens:

439 3750 569 3811 Non
598 3755 794 3813 omnis
823 3756 998 3827 homo
1028 3757 1205 3826 volat,
1240 3774 1442 3831 quam,
1467 3774 1585 3815 non
1608 3763 1699 3815 est
1722 3760 1834 3816 hoc
1862 3777 2089 3833 verum,

437 3844 596 3916 quod
626 3845 821 3901 omnis
848 3845 1026 3901 homo
1073 3844 1247 3902 volet.
1276 3850 1561 3904 Praeterea
1588 3849 2091 3921 quemadmodum

434 3932 809 4005 particularis
836 3934 1153 3992 afﬁrmatio
1178 3952 1315 4008 pars
1336 3940 1427 3992 est
1459 3937 1805 3994 universalis
1838 3941 2093 3996 afﬁrma-

432 4020 612 4079 tionis
646 4038 659 4079 :
690 4022 776 4079 ita
801 4024 981 4080 etiam
1028 4023 1406 4097 particularis
1456 4026 1687 4099 negatio
1739 4028 2088 4086 universalis

432 4111 764 4184 negationis
798 4129 938 4186 pars
958 4117 1066 4170 est.
1090 4114 1382 4180 Quoniam
1411 4113 1594 4188 igitur
1613 4115 1990 4188 particularis
2006 4118 2088 4174 af-

432 4200 688 4258 ﬁrmatio
733 4202 951 4274 partim
1009 4202 1249 4274 quidem
1294 4208 1531 4275 propter
1576 4204 1835 4276 seipsam
1881 4221 2085 4262 verum

432 4288 595 4361 dicit,
653 4295 720 4346 ut
764 4291 825 4346 in
875 4292 1254 4364 contingente
1303 4293 1594 4348 materia:
1629 4293 1842 4365 partim
1888 4298 2083 4351 autem

429 4383 668 4451 propter
691 4379 1079 4437 universalem
1109 4381 1500 4454 negationem,
1532 4382 1704 4453 cujus
1735 4398 1873 4453 pars
1896 4388 2005 4454 est,
2020 4390 2087 4440 ut

426 4466 493 4522 in
522 4468 768 4525 materia
811 4469 1146 4526 necessaria
1186 4468 1261 4542 (si
1304 4470 1461 4526 enim
1510 4470 1705 4526 omnis
1749 4470 1924 4527 homo
1961 4489 2082 4530 res-

425 4555 601 4629 pirat,
631 4557 809 4613 etiam
848 4557 1062 4630 aliquis
1090 4557 1269 4614 homo
1309 4558 1601 4630 respirat).
1634 4558 1787 4616 289
1818 4558 1942 4615 Erit
1973 4561 2083 4618 hoc

2201 3673 2306 3729 πᾶς
2364 3665 2653 3743 ἄνθρωπος
2710 3665 2953 3740 ἴπταται,
2983 3668 3020 3737 ἢ
3081 3665 3165 3721 ὅτι
3223 3665 3325 3722 οὐκ
3387 3664 3504 3723 ἔστι
3555 3670 3740 3736 τοῦτο,
3785 3660 3859 3716 ὅτι

2199 3761 2309 3818 πᾶς
2357 3754 2641 3831 ἄνθρωπος
2700 3754 2944 3813 Ἱπταται.
3005 3758 3125 3812 Ἔτι
3184 3752 3373 3832 ὥσπερ
3426 3759 3465 3826 ἡ
3524 3755 3723 3833 μερική
3774 3770 3862 3806 κα-

2198 3843 2427 3923 τάφασις
2482 3852 2585 3914 τῆς
2640 3843 2882 3910 καθόλου
2936 3844 3289 3923 καταφάσεως
3353 3843 3527 3922 μέρος
3577 3842 3738 3899 ἐστίν*
3776 3839 3860 3895 οὕ-

2197 3954 2276 3987 τω
2306 3933 2461 4003 καὶὴ
2506 3934 2703 4008 μερικὴ
2763 3933 3033 4012 ἀπόφασις
3083 3939 3188 4003 τῆς
3237 3932 3490 3990 καθόλου
3549 3928 3858 4012 ἀποφάσεως

2203 4020 2366 4099 μέρος
2421 4021 2586 4080 ἐστίν.
2647 4023 2797 4079 Ἐπεὶ
2857 4027 2986 4099 γοῦν
3042 4025 3078 4092 ἡ
3142 4023 3341 4098 μερικὴ
3422 4021 3727 4102 κατάφασις
3786 4023 3855 4085 πῆ

2201 4111 2296 4183 μὲν
2355 4108 2425 4166 δι’
2482 4112 2679 4182 ἑαυτὴν
2735 4110 3014 4182 ἀληθεύει,
3045 4110 3285 4187 καθάπερ
3345 4110 3441 4167 ἐπὶ
3489 4119 3596 4183 τῆς
3649 4107 3858 4191 ἐνδεχο-

2201 4199 2371 4275 μένης
2421 4198 2586 4275 ὕλης,
2615 4202 2696 4270 πῆ
2734 4197 2793 4255 δὲ
2841 4197 2932 4256 διὰ
2986 4201 3086 4270 τὴν
3145 4199 3393 4265 καθόλου
3449 4200 3772 4281 κατάφασιν,
3800 4198 3858 4264 ἧς

2199 4290 2364 4366 μέρος
2437 4290 2546 4345 ἐστὶ
2621 4289 2861 4367 καθάπερ
2939 4289 3028 4345 ἐπὶ
3092 4295 3194 4360 τῆς
3248 4290 3559 4367 ἀναγκαίας
3609 4289 3749 4361 ὕλης
3795 4282 3859 4360 (εἶ

2195 4379 2300 4455 γὰρ
2386 4384 2490 4442 πᾶς
2577 4379 2860 4455 ἄνθρωπος
2943 4378 3191 4453 ἀναπνεῖ,
3244 4378 3337 4452 κρὶ
3407 4380 3501 4444 τὶς
3583 4377 3857 4454 ἄνθρωπος

2194 4468 2458 4541 ἀναπνεῖ),
2497 4469 2646 4524 τοῦτ’
2700 4467 2848 4524 ἔσται
2901 4468 2991 4524 καὶ
3051 4467 3140 4524 ἐπὶ
3195 4474 3297 4538 τῆς
3354 4476 3599 4547 μερικῆς
3656 4462 3855 4544 ἀποφά*

2194 4579 2352 4621 σεως.
2403 4558 2503 4614 Καὶ
2560 4557 2696 4629 αὕτη
2754 4557 2857 4634 γὰρ
2914 4564 2991 4628 πῆ
3056 4559 3151 4632 μὲν
3184 4556 3454 4628 ἀληθεύει
3519 4556 3592 4614 δι’
3649 4554 3854 4622 ἑαυτὴν,

423 4645 601 4702 etiam
631 4645 691 4701 in
720 4645 1060 4720 particulari
1089 4647 1418 4720 negatione.
1443 4646 1588 4703 Nam
1617 4653 1675 4704 et
1704 4648 1835 4720 ipsa
1864 4651 2078 4722 partim

2193 4646 2264 4709 ὡς
2296 4645 2385 4702 ἐπὶ
2411 4654 2512 4717 τῆς
2544 4645 2915 4723 ἐνδεχομένης
2964 4644 3128 4721 ὕλης,
3160 4652 3237 4716 πῆ
3289 4643 3351 4702 δὲ
3395 4645 3493 4703 διὰ
3541 4648 3647 4718 τὴν
3701 4639 3853 4707 καθό-

423 4734 663 4807 quidem
694 4740 932 4808 propter
951 4735 1208 4809 seipsam
1238 4752 1441 4794 verum
1473 4736 1635 4808 dicit,
1659 4742 1725 4792 ut
1754 4737 1813 4792 in
1844 4738 2073 4795 contin-

421 4828 594 4896 gente
623 4824 869 4881 materia
901 4840 914 4881 :
948 4824 1163 4895 partim
1188 4828 1383 4880 autem
1416 4829 1654 4898 prOpter
1684 4826 2076 4883 universalem

422 4912 815 4986 negationem,
849 4917 917 4969 ut
944 4914 1004 4969 in
1047 4913 1425 4986 impossibili.
1458 4914 1516 4969 Si
1547 4915 1706 4971 enim
1738 4914 1941 4972 nullus
1972 4916 2076 4973 ho-

422 5017 521 5058 mo
548 5001 704 5058 volat
735 5020 750 5058 :
778 5003 957 5060 etiam
988 5019 1107 5059 non
1150 5002 1343 5060 omnis
1394 5002 1568 5060 homo
1596 5003 1769 5060 volat.
1803 5004 2008 5077 Itaque
2037 5006 2073 5075 ἡ

420 5105 537 5147 non
566 5091 761 5148 omnis
790 5092 851 5147 in
879 5091 1234 5165 impossibili
1264 5093 1513 5150 materia
1542 5098 1780 5167 propter
1806 5092 1906 5161 τὴν
1939 5095 2073 5151 nul-

416 5177 514 5236 lus
541 5196 746 5237 verum
792 5180 952 5250 dicit,
1002 5182 1504 5254 quemadmodum
1556 5182 1735 5239 etiam
1764 5183 1801 5252 ἡ
1855 5182 2073 5256 aliquis

415 5274 653 5342 propter
676 5269 776 5339 τὴν
808 5271 1024 5327 omnis.

483 5378 573 5432 27.
629 5378 915 5435 Caeterum
957 5377 1172 5451 duplex
1220 5383 1313 5435 est
1363 5378 1808 5447 necessarium;
1884 5395 2070 5435 unum

412 5465 653 5537 quidem
698 5466 931 5539 proprie
979 5468 1135 5540 quod
1184 5467 1452 5539 subjecto
1508 5484 1740 5540 semper
1786 5467 1958 5537 inest,
2005 5473 2071 5525 ut

410 5552 523 5610 soli
550 5550 769 5610 moveri
797 5558 855 5611 et
884 5554 1103 5612 homini
1129 5555 1422 5628 respirare
1456 5573 1469 5611 :
1503 5556 1756 5613 alterum
1785 5573 1919 5614 vero
1950 5574 2069 5614 non

411 5643 665 5715 proprie,
698 5645 854 5715 quod
899 5660 968 5699 ex
1017 5646 1368 5702 necessitate
1400 5650 1509 5714 est,
1545 5646 1891 5720 quantisper
1918 5664 2067 5719 prae-

411 5728 673 5790 dicatum
703 5732 968 5806 subjecto
995 5731 1150 5791 inest
1197 5749 1212 5791 :
1260 5734 1421 5793 velut
1467 5734 1770 5794 obscurari
1818 5736 2002 5794 solem
2033 5754 2069 5795 ει

2187 4732 2290 4790 λου
2322 4735 2587 4811 ἀπόφασιν
2636 4736 2818 4813 ὥσπερ
2867 4735 2957 4791 ἐπὶ
3014 4738 3114 4806 τῆς
3171 4732 3467 4792 ἀδυνάτου.
3503 4736 3571 4791 El
3622 4735 3728 4812 γὰρ
3775 4728 3854 4786 ού-

2187 4821 2296 4888 δεὶς
2328 4825 2616 4900 ἄνθρωπος
2635 4823 2881 4896 τίπταται,
2913 4826 3004 4880 καὶ
3061 4823 3126 4879 ού
3183 4829 3289 4887 πᾶς
3349 4822 3651 4901 ἄνθρωπος
3702 4819 3850 4876 ἵπτα-

2181 4934 2291 4971 ται.
2327 4914 2617 4987 Ἀληθεύει
2658 4914 2762 4993 ἄρα
2805 4918 2841 4985 ἡ
2876 4914 2938 4970 οὐ
2994 4919 3100 4977 πᾶς
3145 4913 3234 4970 ἐπὶ
3285 4920 3394 4985 τῆς
3454 4912 3725 4970 ἀδυνάτου
3772 4905 3851 4993 διὰ

2182 5004 2282 5072 τὴν
2315 5002 2513 5067 οὐδείς’
2566 5003 2748 5082 ὥσπερ
2800 5004 2892 5060 καὶ
2921 5003 3068 5075 ἠτὶς
3100 5002 3188 5059 ἐπὶ
3243 5010 3345 5073 τῆς
3408 5003 3715 5081 ἀναγκαίας
3769 4992 3848 5052 διὰ

2181 5113 2281 5162 την
2314 5113 2441 5156 πας.

2249 5381 2329 5449 κζ’
2336 5423 2349 5437 .
2383 5380 2570 5436 Διττὸν
2617 5377 2676 5435 δὲ
2716 5380 2780 5435 τὸ
2832 5380 3141 5455 ἀναγκαῖον
3191 5378 3256 5432 τὸ
3304 5376 3405 5449 μὲν
3460 5374 3690 5454 κυρίως,
3721 5368 3843 5441 ὅπερ

2176 5472 2256 5539 τῷ
2288 5468 2631 5544 ὑποκειμένῳ
2672 5468 2907 5545 ὑπάρχει
2958 5467 3060 5522 ἀεί’
3111 5466 3186 5529 ὡς
3237 5468 3315 5537 τῷ
3366 5463 3531 5539 ἡλίῳ
3574 5465 3641 5520 τὸ
3687 5462 3842 5519 κινεῖ-

2178 5558 2318 5629 σθαι,
2349 5557 2440 5613 καὶ
2486 5561 2568 5631 τῷ
2629 5558 2904 5633 ἀνθρώπῳ
2959 5556 3022 5611 τὸ
3081 5555 3357 5610 ἀναπνεῖν·
3391 5553 3463 5609 τὸ
3519 5551 3580 5608 δὲ
3632 5551 3710 5626 μὴ
3754 5565 3840 5602 κυ-

2178 5645 2331 5722 ρίως,
2364 5645 2496 5723 ὅπερ
2538 5645 2677 5702 ἐστὶν
2712 5641 2765 5718 ἐξ
2806 5647 3044 5723 ἀνάγκης
3078 5643 3183 5699 ἔστ’
3240 5642 3299 5699 ἂν
3352 5646 3441 5716 τῷ
3503 5635 3840 5713 ὑποκειμένῳ

2171 5737 2236 5793 τὸ
2290 5736 2765 5815 κατηγορούμενον
2925 5736 3039 5792 οἷον
3089 5734 3153 5791 τὸ
3224 5730 3682 5812 ἐπιπροσθεῖσθαι
3747 5725 3834 5784 τὸν
