4126 6430
336 430 457 496 917
1690 437 1980 501 ΕΡῙΤΟΜ

2100 430 2400 498 LOGIGA.
3643 435 3765 500 918

407 594 478 605 -
504 565 559 643 3.
586 564 722 643 Quae
746 568 1151 643 proposiiiones
1190 571 1639 643 imprwdefinita:
1665 573 1777 627 sint
1814 587 1911 641 per
1936 568 2261 641 epiphoram
2318 568 2530 643 repetit.
2574 599 2632 643 7-
2662 568 2715 622 4.
2760 566 3001 643 (Easdem
3042 566 3284 639 deﬁnitis
3323 570 3758 641 particularibus

405 638 769 713 aequipolleré
798 638 868 695 ei:
895 641 1187 697 Aristotele
1212 638 1471 699 ostendit.
1496 673 1563 685 -
1592 638 1873 708 5.Probat,
1905 638 2002 712 per
2023 638 2210 713 'partes
2241 649 2354 695 tam
2382 639 2446 694 de
2492 639 2964 711 a/ﬁrmationibm
2990 638 3153 713 quam
3182 638 3565 711 negatiombus
3593 645 3762 699 inde-

403 709 602 781 ﬁnitis,
662 727 976 783 quanquam
1023 713 1105 768 Ιικ
1149 716 1348 784 saepius
1395 715 1804 771 universalihus
1849 709 2235 784 tequz‘polleant
2289 728 2452 782 quam
2485 709 2914 781 particularz'bus
2955 709 3336 784 deﬁnitis.i'—
3379 714 3433 770 6.
3475 717 3515 770 A
3568 731 3757 771 conse-

404 785 608 870 quente
629 784 827 870 probat
856 786 1009 870 quod
1030 783 1341 870 indeﬁnite?
1367 787 1596 870 perinde
1624 795 1683 870 ut
1712 785 1956 870 deﬁnita?
1985 783 2044 840 in
2067 784 2305 865 materia
2352 785 2709 870 contingenti
2763 784 2931 865 simul
2972 799 3170 870 uerum.
3207 783 3412 870 dicant,
3461 790 3515 870 et
3570 794 3758 870 tamen

403 853 578 929 etiarn
601 856 663 908 ut
708 853 1165 929 contrudit-tortae—
1207 853 1383 929 accipi
1430 859 1660 928 possint,
1710 853 1982 929 quatenus
2012 872 2215 929 negans
2268 853 2565 923 inde/inita
2583 871 2683 929 pro
2713 856 3023 910 universali
3050 856 3343 929 accipitur.
3375 888 3444 896 —
3473 858 3526 910 7.
3561 862 3640 913 De
3669 861 3759 913 in-

402 924 639 1000 deﬁnito
661 927 1030 1000 afﬁrmatione
1053 944 1152 1000 per
1179 924 1499 1000 epiphoram
1556 930 1700 985 idem
1715 924 1957 1000 'repelz't,

2018 928 2165 998 quod
2256 929 2407 981 uinto
2436 928 2679 981 membro
2703 929 3016 998 pr0posuz't.
3062 956 3126 966 —
3159 928 3212 979 8.
3249 930 3450 982 Provat
3479 930 3761 1000 exemplo-

2018 1000 2094 1054 πί
2139 943 2516 1067 afﬁrmatione
2559 1000 2919 1067 negationem
2957 997 3311 1066 indeﬁnitum
3365 999 3524 1054 modo
3572 1002 3758 1067 parti-

397 997 1027 1072 particularisdeﬁuita?
1054 997 1381 1072 negationis
1426 1004 1591 1072 facta?
1646 1018 1718 1057 ea:
1762 997 2094 1072 particulari
2139 997 2527 1072 aﬂirmatione
2559 1000 2919 1072 negationem
2957 997 3311 1072 inde/initam
3365 999 3524 1054 modo
3572 997 3758 1071 parti-

399 1067 625 1145 culari,_
646 1069 811 1145 modo
829 1067 1189 1145 universalis
1216 1067 1502 1145 negationi
1526 1067 1902 1145 wquipolterc.
1934 1103 2001 1111 —
2029 1072 2086 1125 9.
2137 1067 2285 1145 Idem
2315 1068 2550 1145 ostendit
2574 1067 2828 1145 exemplo
2844 1070 3235 1145 particular-is
3251 1067 3588 1145 negationis
3598 1074 3757 1145 factm

401 1154 472 1216 ea:
518 1140 1260 1216 universalia/ﬁrmatione.
1293 1140 1361 1183 4
1393 1144 1549 1200 294
1580 1140 1960 1216 iOfExplicat
1999 1140 2263 1214 quomodo
2303 1142 2710 1216 propositiones
2736 1140 3023 1216 deﬁnitae,
3071 1140 3396 1210 inde/initae,
3451 1140 3760 1216 singulares

400 1214 463 1263 in
506 1212 937 1286 oppositionsz
965 1215 1359 1286 quoadvernm
1389 1224 1439 1271 et
1464 1217 1671 1286 falsum
1698 1212 2051 1272 dividendum
2078 1212 2409 1270 conueniant
2430 1216 2482 1268 et
2512 1212 2864 1285 diﬂerant.—
2898 1214 3100 1268 11.Per
3128 1212 3760 1284 occupationem’discri-

396 1280 651 1338 τηϐητοῦ
687 1280 990 1356 μέλλοντος
1017 1284 1108 1339 καὶ
1138 1282 1395 1359 ἐσομένου
1425 1280 1682 1360 adplicat.

950 1582 1207 1638 ΚΕΦΑΛ.
1240 1582 1358 1637 ΚΘ’.

664 1666 795 1744 Περὶ
827 1667 1292 1746 ἀπροσδιορίστων
1323 1669 1662 1748 προτάσεων.

394 1755 459 1813 α’.
525 1754 995 1833 Ἀπροσδιόριςτοι
1055 1761 1346 1835 προτάσεις
1405 1760 1559 1833 εἰσὶν,
1593 1760 1712 1815 ὅσαι
1743 1758 1984 1815 καθόλου

2011 1581 2070 1648 Α

2682 1581 2921 1641 CAPUT
2960 1581 3159 1639 XXIX.

2401 1672 2478 1727 De
2497 1672 2937 1744 imprwdeﬁnitis
2963 1672 3446 1745 pr0positionibus.

2170 1761 2219 1815 1.
2253 1760 2723 1833 Impraedeﬁnitaa
2771 1761 3201 1834 propositiones
3248 1766 3407 1829 sunt,
3458 1765 3753 1835 quotquot

324 1838 550 1921 ἔχουσαι
594 1844 723 1902 τοὺς
776 1846 1174 1922 ὐποκειμένους
1222 1849 1399 1927 χωρίς
1446 1871 1505 1905 τε
1550 1846 1980 1926 προσδιορισμοῦ

2100 1849 2453 1906 universalia
2468 1850 2735 1920 subjecta
2753 1850 3038 1908 habentes
3057 1856 3116 1907 et
3135 1850 3261 1908 sine
3290 1851 3751 1924 prmdeﬁnitione

324 1934 414 1989 καὶ
443 1935 623 2011 χωρὶς
653 1933 855 2013 ἄρθρου
886 1939 1271 2017 προφέρονται.

398 2023 464 2099 β’.
495 2024 566 2079 Τὸ
594 2026 696 2102 γὰρ
738 2024 933 2103 ἄρθρον
978 2024 1146 2099 δηλοῖ
1197 2028 1291 2101 μὲν
1342 2029 1431 2084 καὶ
1476 2030 1575 2099 τὴν
1625 2032 1722 2083 τοῦ
1764 2029 1982 2084 ὑποκει-

325 2114 485 2187 μένου
538 2115 656 2187 μεθ’
700 2115 762 2170 οὗ
811 2114 1057 2171 τάττεται
1108 2117 1281 2195 φύσιν,
1333 2115 1501 2189 δηλοῖ
1549 2116 1607 2173 δὲ
1652 2119 1743 2173 καὶ
1780 2118 1849 2174 τὰ
1878 2118 1982 2173 ὑπὸ

316 2200 383 2256 τὸ
411 2206 659 2257 τοιοῦτον
716 2203 1070 2278 ὑποκείμενον
1126 2207 1341 2282 μερικά,
1392 2206 1482 2262 ὅτε
1531 2206 1621 2262 καὶ
1671 2208 1771 2277 τὴν
1817 2204 1983 2262 δόνα-

322 2310 413 2364 μιν
464 2286 581 2366 ἔχει
623 2296 721 2347 τοῦ
770 2298 878 2357 πᾶς
927 2291 1382 2370 προσδιορισμοῦ·
1418 2298 1552 2368 οἷον,
1605 2296 1651 2352 εἰ
1705 2297 1799 2370 μὲν
1829 2293 1980 2352 εἷίιτο-

319 2398 435 2451 μεν,
495 2385 548 2434 ‘0
600 2377 890 2457 ἄνθρωπος
948 2380 1091 2445 εἶδός
1148 2382 1280 2457 ἐστι,
1332 2385 1396 2439 τὸ
1448 2385 1648 2440 ένιαῖον
1692 2389 1790 2441 τοῦ
1818 2384 1979 2440 καθό-

316 2465 417 2523 λου
472 2467 761 2545 ἀνθρώπου
831 2472 1174 2546 σημαίνομεν
1213 2519 1227 2545 ,
1285 2472 1350 2528 τὸ
1410 2472 1626 2528 πάντων
1682 2478 1790 2528 τῶν
1848 2475 1983 2529 κατὰ

319 2557 486 2634 μέρος
542 2559 840 2633 ἀνθρώπων
901 2559 1300 2631 συλληπτικόν·
1358 2562 1405 2617 εἰ
1464 2560 1523 2617 δὲ
1576 2583 1637 2639 γε
1693 2564 1980 2641 φήσομεν,

314 2646 373 2701 Ὃ
432 2644 724 2723 ἅνθρωπος
778 2648 914 2718 ζῶόν
975 2649 1108 2723 ἐστι,
1165 2645 1291 2707 τότε
1350 2648 1629 2725 δηλοῦμεν
1691 2651 1861 2706 πάντα
1915 2651 1983 2705 τὰ

320 2733 423 2789 ὑπὸ
451 2736 543 2790 τὸν
584 2734 888 2811 ἄνθρωπον,
942 2737 1068 2808 ἤτοι
1115 2741 1178 2795 τὸ
1227 2739 1563 2814 ἀνθρώπειον
1596 2737 1739 2802 εἶδος
1780 2741 1978 2813 ἅτομα,

318 2824 407 2878 καὶ
467 2822 619 2880 οὐδὲν
677 2824 819 2882 ἅλλο
879 2828 1076 2907 φαμὲν,
1125 2829 1162 2899 ἢ
1214 2828 1297 2884 ὅτι
1345 2835 1450 2891 πᾶς
1498 2826 1781 2904 ἄνθρωπος
1842 2828 1977 2899 ζῶόν

322 2911 478 2968 ἐστιν.
534 2914 682 2969 Ἐπεὶ
740 2920 872 2992 γοῦν
921 2917 984 2972 τὸ
1042 2915 1236 2994 ἄρθρον
1288 2919 1379 2973 καὶ
1408 2916 1595 2973 πολλὰ
1634 2918 1980 2996 συνεμφαίνει
2012 2951 2061 3016 Β

321 3001 410 3056 καὶ
464 3001 521 3058 ἓν
557 3049 571 3076 ,
631 3000 722 3059 διᾶ
793 3010 955 3061 τοῦτο
1029 3007 1119 3061 καὶ
1177 3007 1316 3084 πρὸς
1365 3008 1466 3077 τὴν
1523 3012 1629 3062 τῶν
1677 3006 1983 3063 καθολικῶν

321 3091 659 3166 πραγμάτων
705 3090 1300 3171 συμπαραλαμϐάνεται
1361 3094 1605 3167 δήλωσιν
1644 3118 1655 3130 ·
1720 3097 1795 3159 ὡς
1854 3095 1977 3151 ὅταν

320 3176 592 3257 λέγωμεν,
650 3183 706 3236 Ὁ
760 3181 1069 3259 ἅνθρωπος,
1115 3185 1180 3240 τὸ
1232 3189 1392 3257 ζῶον,
1423 3188 1460 3255 ἡ
1494 3182 1763 3256 αἶ’σθησις.
1807 3184 1983 3243 Ἀλλᾶ

316 3268 409 3324 καὶ
458 3270 595 3346 πρὸς
638 3272 739 3341 τὴν
781 3277 888 3327 τῶν
943 3272 1272 3348 μοναδικῶν·
1322 3274 1397 3337 ὡς
1444 3269 1571 3329 ὅταν
1624 3275 1891 3351 λέγωμεν.
1924 3276 1981 3328 Ὀ

316 3354 505 3427 ¹ἥλιος,
535 3361 571 3429 ἡ
605 3359 833 3434 σελήνη,
865 3361 955 3417 καὶ
987 3363 1015 3418 ὁ
1048 3361 1252 3441 Πέτρος
1291 3363 1381 3418 καὶ
1433 3364 1461 3418 6
1504 3360 1742 3426 Παῦλος.
1777 3362 1983 3419 Ἐνίοτε

318 3443 377 3501 δὲ
422 3447 555 3503 κάπὶ
602 3454 701 3504 τοῦ
771 3450 1137 3529 ὑπερέχοντος
1183 3456 1291 3507 τῶν
1340 3451 1657 3529 ὁμοστίχων
1712 3447 1981 3527 λαμϐάνε-

313 3554 424 3590 ται·
456 3537 589 3593 καθὸ
624 3539 718 3594 τὸν
770 3540 987 3597 Παῦλον
1040 3539 1291 3613 δηλῶσαι
1342 3539 1673 3617 βουλόμενοί
1722 3563 1917 3620 φαμεν,
1953 3541 1981 3597 ὁ

315 3624 677 3699 Ἀπόστολος,
707 3628 798 3683 καὶ
828 3630 920 3685 τὸν
951 3625 1141 3703 Δαϐὶδ,
1174 3632 1202 3686 6
1232 3633 1553 3710 Προφήτης.

2093 1942 2152 1994 et
2180 1938 2307 1995 sine
2335 1937 2584 1995 articulo
2615 1939 3012 2011 proferuntur.

2162 2028 2217 2084 2.
2247 2028 2473 2084 Etenim
2505 2028 2791 2085 articulus
2820 2034 2878 2085 et
2907 2028 3155 2101 subjecti
3187 2045 3321 2085 cum
3362 2045 3477 2103 quo
3508 2030 3750 2103 ponitur

2093 2121 2367 2173 naturam
2406 2116 2705 2186 declarat;
2758 2122 2815 2173 et
2841 2134 2977 2174 vero
3007 2118 3186 2175 etiam
3218 2118 3595 2191 particularia
3634 2121 3745 2177 sub

2091 2206 2385 2278 ejusmodi
2417 2207 2681 2279 subjecto
2711 2207 2989 2275 declarat,
3023 2208 3259 2280 quando
3300 2207 3478 2264 etiam
3522 2210 3745 2281 praede-

2090 2295 2397 2364 finitionis,
2430 2296 2617 2367 ipsius
2664 2296 2859 2352 omnis
2908 2295 3151 2364 scilicet,
3182 2296 3303 2352 vim
3352 2296 3548 2355 habet.
3582 2298 3750 2355 Velut

2092 2384 2144 2441 si
2172 2384 2517 2451 dixerimus,
2548 2384 2606 2437 Ὁ
2637 2381 2922 2460 ἄνθρωπος
2946 2385 3166 2458 (homo)
3194 2390 3288 2442 est
3314 2386 3747 2458 species,unam

2091 2477 2360 2530 naturam
2406 2473 2760 2530 universalis
2807 2474 3066 2530 hominis
3112 2491 3318 2531 omnes
3366 2473 3749 2547 particulares

2091 2562 2364 2619 homines
2385 2579 2510 2619 com
2521 2563 2979 2635 prehendentem
3002 2563 3537 2636 signiﬁcamus.Sin
3551 2568 3749 2621 autem

2091 2650 2436 2723 dixerimus,
2467 2649 2524 2702 Ὀ
2557 2646 2842 2725 ἅνθρωπος
2866 2653 2955 2706 est
2981 2649 3378 2721 animal,tunc
3409 2650 3609 2707 omnia
3636 2650 3750 2707 sub

2090 2739 2329 2796 homine
2360 2757 2463 2796 seu
2493 2739 2758 2795 humana
2790 2738 2983 2810 specie
3012 2738 3318 2795 individua
3353 2738 3747 2807 declaramus,

2091 2833 2150 2885 et
2177 2829 2325 2884 nihil
2356 2828 2516 2885 aliud
2543 2828 2821 2899 dicimus,
2854 2844 3035 2900 quam
3068 2828 3224 2900 quod
3252 2828 3447 2885 omnis
3476 2828 3653 2885 homo
3675 2829 3754 2885 sit

2092 2918 2332 2974 animal.
2366 2919 2656 2985 Quoniam
2688 2917 2872 2991 igitur
2901 2916 3187 2973 articulus
3235 2922 3290 2972 et
3340 2916 3529 2973 multa
3571 2917 3751 2974 simul

2092 3007 2367 3081 patefacit
2384 3012 2444 3063 et
2468 3024 2677 3078 unum,
2700 3010 3010 3078 eapropter
3025 3004 3203 3063 etiam
3229 3007 3301 3062 ad
3323 3006 3750 3063 universalium

2092 3112 2290 3153 rerum
2322 3095 2776 3152 declarationem
2809 3094 3225 3151 coassumitur.
3254 3094 3450 3150 Veluti
3498 3095 3548 3150 si
3592 3095 3750 3151 dica-

2091 3203 2249 3258 mus,
2282 3186 2339 3238 Ὁ
2370 3181 2656 3260 ἅνθρωπος
2688 3184 2932 3258 (homo),
2972 3182 3035 3237 τὸ
3088 3186 3225 3252 ζῶον
3276 3183 3566 3257 (animal),
3598 3185 3635 3254 ἡ
3662 3179 3748 3238 αἶ’-

2092 3276 2280 3343 σθησις
2310 3275 2590 3348 (sensus).
2624 3274 2737 3331 Sed
2765 3279 2823 3330 et
2873 3274 3024 3331 295
3080 3274 3153 3329 ad
3204 3273 3602 3329 solitariarum
3634 3274 3749 3346 (re-

2092 3382 2224 3421 rum
2253 3382 2387 3420 cum
2418 3380 2620 3421 earum
2663 3381 2788 3436 quas
2816 3363 2908 3419 sui
2950 3362 3108 3435 juris
3154 3364 3313 3434 sunt,
3347 3367 3490 3418 tunc
3536 3361 3750 3419 indivi-

2091 3456 2344 3511 duarum
2375 3452 2829 3509 declarationem
2862 3450 3147 3507 articulus
3178 3451 3603 3523 coassumitur)
3636 3468 3650 3506 :
3683 3456 3751 3509 ut

2092 3544 2142 3601 si
2174 3544 2462 3611 dicamus,
2496 3542 2553 3594 Ὀ
2584 3539 2747 3610 ἥλιος
2779 3540 2934 3614 (sol),
2965 3541 3001 3609 ἡ
3034 3537 3237 3610 σελήνη
3267 3539 3475 3613 (luna),
3499 3545 3557 3596 et
3585 3539 3613 3593 6
3643 3538 3747 3595 Πέ-

2092 3653 2217 3709 τρος
2248 3632 2498 3706 (Petrus)
2531 3636 2587 3687 et
2616 3630 2644 3683 6
2673 3628 2894 3691 Παῦλος
2922 3630 3207 3703 (Paulus).
3238 3630 3539 3687 Interdum
3570 3629 3748 3686 etiam

315 3714 389 3771 de
420 3717 783 3789 praecellente
813 3720 966 3777 inter
1003 3738 1103 3778 eos
1133 3722 1231 3793 qui
1271 3723 1537 3794 ejusdem
1587 3725 1729 3777 sunt
1774 3722 2000 3780 ordinis
2040 3722 2347 3779 sumitur:
2401 3725 2694 3791 quatenus
2747 3719 2994 3775 Paulum
3040 3717 3301 3775 indicare
3348 3717 3609 3775 volentes
3657 3718 3748 3775 di-

318 3805 532 3875 cimus,
565 3806 594 3860 6
626 3806 964 3871 Ἀπόστολος
996 3810 1378 3883 (Apostolus),
1419 3815 1477 3867 et
1507 3811 1784 3868 Davidem
1816 3810 1845 3864 6
1880 3816 1980 3887 [1pc

2100 3832 2175 3882 ne:
2205 3810 2557 3884 (Propheta).

389 3894 458 3969 γ’.
489 3896 647 3950 Ὅσαι
699 3896 883 3952 τοίνυν
927 3901 1035 3953 τῶν
1093 3899 1406 3976 προτάσεων
1463 3894 1689 3974 ἔχουσαι
1745 3898 1980 3955 καθόλου

2165 3903 2219 3956 3.
2253 3902 2550 3972 Quotquot
2572 3898 2754 3971 igitur
2780 3896 3210 3970 propositiones
3228 3895 3587 3952 universalia
3607 3895 3748 3951 sub-

317 3981 447 4044 τοὺς
524 3983 915 4059 ὑποκειμένους
992 3983 1116 4042 ἄνευ
1173 3984 1609 4064 προσδιορισμοῦ
1664 3985 1701 4055 ἥ
1780 3984 1982 4064 ἄρθρου

317 4070 689 4146 προτείνονται
723 4118 738 4145 ,
789 4072 1083 4130 καλοῦνται
1134 4072 1618 4152 ἀπροσδιόριστοι,
1678 4072 1715 4144 ἤ
1774 4074 1981 4152 ἀδιόρι-

317 4178 435 4214 στοι
465 4177 479 4190 ·
542 4163 659 4217 οἷον
696 4208 711 4234 ,
770 4164 1090 4240 Ἀνθρωπος
1150 4169 1484 4241 περιπατεῖ,
1540 4164 1859 4240 Ἄνθρωπος
1917 4164 1979 4220 οὐ

317 4268 419 4325 περ
429 4255 624 4309 ιπατεῖ.

390 4333 453 4392 δ’.
512 4338 719 4403 Ταύτας
780 4337 838 4395 δὲ
895 4362 1060 4419 φησιν
1121 4343 1149 4396 ὁ
1210 4339 1597 4417 Ἀριστοτέλης
1649 4345 1765 4402 τοῖς
1808 4360 1980 4417 προσ-

319 4422 704 4503 διωρισμέναις
736 4434 987 4502 μερικαῖς
1016 4427 1383 4504 ῖσοδυναμεῖν.

389 4517 447 4572 ε’.
504 4515 663 4573 Ἀλλ’
721 4519 778 4572 αἱ
851 4519 946 4592 μὲν
1000 4519 1326 4597 καταφάσεις
1383 4517 1803 4597 ἀναμφιλέκτως
1864 4518 1977 4573 ἰσο-

319 4601 620 4679 δυναμοῦσι
669 4612 790 4670 ταῖς
844 4604 1232 4682 διωρισμέναις
1295 4613 1543 4685 μερικαῖς
1601 4608 1975 4686 καταφάσεσιν·

319 4693 374 4747 αἱ
432 4690 479 4749 δ’
539 4694 838 4774 ἀποφάσεις
884 4696 1018 4752 ποτε
1067 4698 1161 4770 μὲν
1214 4694 1599 4771 ἰσοδυναμοῦσι
1663 4703 1783 4759 ταῖς
1845 4697 1979 4771 μετᾶ

319 4779 724 4860 προδιορισμοῦ
801 4790 1048 4862 μερικαῖς
1121 4785 1469 4863 ἀποφάσεσι,
1519 4786 1652 4841 ποτέ
1726 4783 1784 4840 δὲ
1856 4792 1976 4848 ταῖς

319 4870 579 4927 καθόλου·
634 4871 723 4928 καί
776 4872 1014 4947 μάλιστα
1058 4880 1177 4937 ταῖς
1206 4874 1464 4933 καθόλου.
1510 4872 1719 4951 Σχεδὸν
1746 4874 1847 4951 γὰρ
1878 4873 1974 4929 οὐ·

322 4958 432 5024 δεὶς
481 4966 588 5017 τῶν
642 4961 892 5018 παλαιῶν
962 4962 1079 5019 ἀντὶ
1126 4970 1230 5034 τῆς
1310 4972 1540 5041 μερικῆς
1612 4961 1977 5039 διωρισμένης

319 5049 647 5129 ἀποφάσεως
717 5056 787 5127 τῇ
860 5049 1158 5129 ἀδιορίστῳ
1235 5053 1587 5129 χρησάμενος
1663 5051 1905 5131 φαίνεται
1958 5095 1971 5108 .

318 5142 511 5213 Ὅμως
593 5146 713 5204 ταῖς
814 5139 1095 5220 διαφόροις
1189 5141 1637 5220 ἀποφαινομένων
1744 5141 1974 5206 ἐννοίαις

320 5227 611 5285 ἀκολουθεῖ
638 5229 730 5285 καὶ
759 5232 795 5300 ἡ
832 5231 908 5304 μὴ
941 5228 1274 5306 διωρισμένη
1308 5230 1595 5309 ἀπόφασις.

391 5320 455 5383 ς’.
510 5320 665 5384 Ὅθεν
722 5279 965 5390 ἐτέὶιῄτέῆς
1022 5279 1389 5395 ἐζδεᾶομένης
1423 5279 1608 5392 Ῐῦλης,
1667 5319 1747 5397 ἐφ’
1802 5322 1869 5388 ἧς
1916 5279 2050 5373 αἱΒ

323 5408 540 5486 μερικαὶ
617 5406 1109 5485 προσδιωρισμέναι
1187 5407 1644 5481 συναληθεόουσιν
1705 5454 1719 5481 ,
1778 5410 1815 5477 ἡ
1890 5408 1974 5470 τὶς

322 5495 579 5570 δηλονότι
608 5497 760 5569 καὶὴ
793 5497 856 5554 οὐ
903 5504 1029 5561 πᾶς·
1078 5496 1167 5552 ἐπὶ
1212 5497 1417 5568 ταύτης
1461 5498 1551 5553 καὶ
1602 5499 1659 5553 αἱ
1706 5498 1781 5570 μή
1808 5517 1976 5573 προσ-

323 5584 674 5664 διωρισμέναι
731 5586 1196 5660 συναληθεύουσι,
1249 5588 1341 5643 καὶ
1397 5586 1562 5643 πάλιν
1614 5586 1977 5665 ἀντιφατικῶς

327 5676 737 5733 ἀντικείσονται.

404 5768 463 5835 ζ’.
522 5768 587 5825 Ἥ
650 5766 745 5840 μὲν
804 5762 895 5821 οὖν
953 5763 1260 5841 ἀδιόριστος
1310 5768 1603 5847 κατάφασις
1662 5763 1973 5839 ἱσοδυναμει

2084 3992 2243 4062 jecta
2298 3989 2520 4045 habent
2577 3993 2636 4043 et
2694 3987 2821 4043 sine
2880 3986 3272 4059 praedeﬁtione
3324 3989 3426 4039 aut
3499 3983 3746 4041 articulo

2090 4081 2521 4152 proponuntur,
2553 4075 3000 4147 impraedifinitae
3049 4078 3154 4129 aut
3182 4073 3507 4130 indeﬁnitte
3533 4089 3746 4129 vocan-

2088 4172 2221 4236 tur;
2254 4165 2413 4223 velut
2442 4165 2755 4240 Ἀνθρωπος
2794 4163 3016 4235 (homo)
3065 4161 3332 4218 ambulat
3379 4179 3393 4218 :
3446 4161 3743 4236 Ανθρωπος

2090 4256 2308 4329 (homo)
2340 4271 2456 4311 non
2490 4253 2774 4311 ambulat.

2161 4345 2214 4399 4.
2247 4348 2427 4399 Porro
2466 4342 2575 4399 has
2621 4341 2905 4398 Aristoles
2946 4339 3326 4414 praedeﬂnitis
3372 4339 3745 4412 particulari-

2089 4434 2202 4490 bus
2232 4431 2604 4505 zequipollere
2636 4432 2736 4487 ait.

2159 4524 2214 4580 5.
2240 4522 2654 4579 Verumtamen
2678 4520 3101 4577 afﬁrmationes
3122 4518 3266 4573 citra
3286 4517 3744 4574 controversiam

2089 4612 2348 4667 deﬁnitis
2360 4609 2815 4683 particularibus
2830 4610 2892 4665 af
2894 4608 3328 4664 ﬁrmationibus
3343 4605 3740 4679 aequipollent.

2089 4699 2441 4773 Negationes
2469 4715 2626 4765 vero,
2660 4697 2806 4754 alias
2836 4714 2970 4754 cum
3005 4694 3464 4770 praedeﬁnitione
3491 4695 3745 4766 particu-

2088 4789 2313 4845 laribus
2336 4787 2768 4859 negationihus,
2793 4786 2939 4844 alias
2962 4784 3393 4842 universalihus
3413 4788 3471 4839 et
3490 4783 3743 4840 maxime

2087 4876 2519 4933 universalihus
2566 4875 2983 4949 (aequipollent.
3042 4875 3225 4930 Nemo
3276 4872 3433 4929 enim
3493 4872 3611 4929 fere
3672 4888 3744 4930 ex

2085 4968 2381 5023 veteribus
2411 4982 2516 5039 pro
2546 4964 2890 5038 particulari
2941 4963 3185 5020 definita
3231 4962 3541 5035 negatione
3593 4977 3740 5018 usus

2086 5072 2215 5111 esse
2240 5055 2471 5111 videtur
2498 5054 2827 5110 indeﬁnite.
2861 5052 3264 5109 Nihilominus
3299 5055 3493 5107 tamen
3524 5050 3599 5105 ad
3627 5049 3738 5106 dif-

2085 5146 2335 5202 ferentes
2366 5142 2806 5200 enuntiantium
2838 5142 3107 5198 notiones
3156 5139 3538 5212 consequitur
3584 5138 3739 5196 296

2085 5232 2263 5290 etiam
2296 5250 2412 5289 non
2444 5232 2686 5288 deﬁnita
2714 5232 2843 5304 (seu
2874 5230 3201 5302 indeﬁnite)
3232 5228 3484 5303 negatio.

2150 5322 2206 5378 6.
2241 5321 2405 5378 Unde
2428 5321 2487 5376 in
2521 5320 2891 5393 contingente
2925 5317 3172 5374 materia
3218 5318 3281 5373 in
3334 5333 3453 5389 qua
3482 5314 3739 5388 particu-

2084 5411 2238 5467 lares
2287 5408 2661 5483 przedeﬁnitaa
2710 5407 2890 5463 simul
2937 5424 3140 5463 verum
3188 5406 3410 5473 dicunt,
3442 5405 3478 5473 ἡ
3524 5402 3740 5475 aliquis

2085 5500 2309 5557 scilicet
2336 5504 2394 5555 et
2421 5500 2457 5567 ἡ
2492 5515 2607 5554 non
2640 5497 2834 5553 omnis
2867 5513 2879 5552 :
2914 5496 2974 5551 in
3013 5497 3123 5553 hac
3154 5496 3331 5552 etiam
3362 5511 3478 5551 non
3518 5493 3741 5566 praede-

2086 5589 2263 5645 ﬁnitae
2295 5587 2473 5645 simul
2501 5603 2702 5643 verum
2736 5586 2924 5653 aiunt,
2955 5590 3012 5641 et
3041 5602 3250 5642 rursus
3293 5580 3741 5641 contradictoris

2084 5681 2483 5751 opponuntur.

2155 5769 2210 5821 7.
2244 5766 2553 5824 Indeﬁnita
2596 5765 2777 5838 igitur
2822 5765 3134 5821 afﬁrmatio
3184 5763 3310 5821 sine
3353 5759 3739 5834 ambiguitate
