  <div class='ocr_page' id='page_1' title='image "/cluster/home/n/w/nwhite01/storage/ocr_20150623/142/coo.31924054870476/467.png"; bbox 0 0 4126 6462; ppageno 0'>
   <div class='ocr_carea' id='block_1_1' title="bbox 382 429 499 491">
    <p class='ocr_par' dir='ltr' id='par_1_1' title="bbox 382 429 499 491">
     <span class='ocr_line' id='line_1_1' title="bbox 382 429 499 491; baseline 0 0"><span class='ocrx_word' id='word_1_1' title='bbox 382 429 499 491; x_wconf 78' lang='grc'>919</span> 
     </span>
    </p>
   </div>
   <div class='ocr_carea' id='block_1_2' title="bbox 1635 421 2551 488">
    <p class='ocr_par' dir='ltr' id='par_1_2' title="bbox 1635 421 2551 488">
     <span class='ocr_line' id='line_1_2' title="bbox 1635 421 2551 488; baseline -0.005 0"><span class='ocrx_word' id='word_1_2' title='bbox 1635 427 1685 488; x_wconf 88' lang='grc' dir='ltr'><strong>Ν</strong></span> <span class='ocrx_word' id='word_1_3' title='bbox 1692 424 2067 488; x_wconf 78' lang='lat' dir='ltr'><strong>ICEPHORI</strong></span> <span class='ocrx_word' id='word_1_4' title='bbox 2108 421 2551 485; x_wconf 69' lang='lat' dir='ltr'>BLEMMIDIE</span> 
     </span>
    </p>
   </div>
   <div class='ocr_carea' id='block_1_3' title="bbox 3698 419 3815 487">
    <p class='ocr_par' dir='ltr' id='par_1_3' title="bbox 3698 419 3815 487">
     <span class='ocr_line' id='line_1_3' title="bbox 3698 419 3815 487; baseline 0 -3"><span class='ocrx_word' id='word_1_5' title='bbox 3698 419 3815 487; x_wconf 60' lang='lat' dir='ltr'>ego</span> 
     </span>
    </p>
   </div>
   <div class='ocr_carea' id='block_1_4' title="bbox 382 544 2058 632">
    <p class='ocr_par' dir='ltr' id='par_1_4' title="bbox 382 555 2038 632">
     <span class='ocr_line' id='line_1_4' title="bbox 382 555 2038 632; baseline -0.002 -17"><span class='ocrx_word' id='word_1_6' title='bbox 382 557 636 616; x_wconf 67' lang='lat' dir='ltr'>deﬁnitae</span> <span class='ocrx_word' id='word_1_7' title='bbox 695 558 1037 632; x_wconf 87' lang='lat' dir='ltr'>particulari</span> <span class='ocrx_word' id='word_1_8' title='bbox 1096 558 1411 615; x_wconf 82' lang='lat' dir='ltr'>afﬁrmatio</span> <span class='ocrx_word' id='word_1_9' title='bbox 1467 557 1818 631; x_wconf 67' lang='lat' dir='ltr'>equivalet:</span> <span class='ocrx_word' id='word_1_10' title='bbox 1876 555 2038 613; x_wconf 87' lang='lat' dir='ltr'>velut</span> 
     </span>
    </p>
   </div>
   <div class='ocr_carea' id='block_1_5' title="bbox 2175 544 3810 632">
    <p class='ocr_par' dir='ltr' id='par_1_5' title="bbox 2175 544 3810 630">
     <span class='ocr_line' id='line_1_5' title="bbox 2175 544 3810 630; baseline 0.006 -25"><span class='ocrx_word' id='word_1_11' title='bbox 2267 549 2595 628; x_wconf 79' lang='grc' dir='ltr'>διωρισμένη</span> <span class='ocrx_word' id='word_1_12' title='bbox 2645 553 2843 626; x_wconf 80' lang='grc' dir='ltr'>μερικῇ</span> <span class='ocrx_word' id='word_1_13' title='bbox 2890 549 3183 630; x_wconf 76' lang='grc' dir='ltr'>καταφάσει</span> <span class='ocrx_word' id='word_1_14' title='bbox 3214 547 3395 626; x_wconf 87' lang='grc' dir='ltr'>χωρὶς</span> <span class='ocrx_word' id='word_1_15' title='bbox 3446 544 3810 629; x_wconf 77' lang='grc' dir='ltr'>ἀμφιϐολίας,</span> 
     </span>
    </p>
   </div>
   <div class='ocr_carea' id='block_1_6' title="bbox 381 648 2038 721">
    <p class='ocr_par' dir='ltr' id='par_1_6' title="bbox 381 648 2038 721">
     <span class='ocr_line' id='line_1_6' title="bbox 381 648 2038 721; baseline -0.003 -16"><span class='ocrx_word' id='word_1_16' title='bbox 381 650 527 717; x_wconf 69' lang='lat' dir='ltr'>haec,</span> <span class='ocrx_word' id='word_1_17' title='bbox 560 649 747 706; x_wconf 87' lang='lat' dir='ltr'>Homo</span> <span class='ocrx_word' id='word_1_18' title='bbox 779 653 869 705; x_wconf 87' lang='lat' dir='ltr'>est</span> <span class='ocrx_word' id='word_1_19' title='bbox 889 651 1115 721; x_wconf 89' lang='lat' dir='ltr'>justus,</span> <span class='ocrx_word' id='word_1_20' title='bbox 1149 648 1306 714; x_wconf 88' lang='lat' dir='ltr'>huic,</span> <span class='ocrx_word' id='word_1_21' title='bbox 1336 648 1565 720; x_wconf 80' lang='lat' dir='ltr'>Aliquis</span> <span class='ocrx_word' id='word_1_22' title='bbox 1596 648 1770 704; x_wconf 90' lang='lat' dir='ltr'>homo</span> <span class='ocrx_word' id='word_1_23' title='bbox 1802 648 2038 718; x_wconf 87' lang='lat' dir='ltr'>estjus—</span> 
     </span>
    </p>
   </div>
   <div class='ocr_carea' id='block_1_7' title="bbox 381 743 501 794">
    <p class='ocr_par' dir='ltr' id='par_1_7' title="bbox 381 743 501 794">
     <span class='ocr_line' id='line_1_7' title="bbox 381 743 501 794; baseline 0 0"><span class='ocrx_word' id='word_1_24' title='bbox 381 743 501 794; x_wconf 90' lang='lat' dir='ltr'>tus.</span> 
     </span>
    </p>
   </div>
   <div class='ocr_carea' id='block_1_8' title="bbox 451 824 2041 898">
    <p class='ocr_par' dir='ltr' id='par_1_8' title="bbox 451 824 2041 898">
     <span class='ocr_line' id='line_1_8' title="bbox 451 824 2041 898; baseline -0.002 -16"><span class='ocrx_word' id='word_1_25' title='bbox 451 828 506 883; x_wconf 91' lang='lat'>8.</span> <span class='ocrx_word' id='word_1_26' title='bbox 541 827 1055 891; x_wconf 85' lang='lat' dir='ltr'>Quemadmodum</span> <span class='ocrx_word' id='word_1_27' title='bbox 1108 842 1246 898; x_wconf 90' lang='lat' dir='ltr'>ergo</span> <span class='ocrx_word' id='word_1_28' title='bbox 1296 826 1358 881; x_wconf 89' lang='lat' dir='ltr'>in</span> <span class='ocrx_word' id='word_1_29' title='bbox 1409 826 1653 882; x_wconf 84' lang='lat' dir='ltr'>deﬁnita</span> <span class='ocrx_word' id='word_1_30' title='bbox 1698 824 2041 898; x_wconf 89' lang='lat' dir='ltr'>particulari</span> 
     </span>
    </p>
   </div>
   <div class='ocr_carea' id='block_1_9' title="bbox 385 915 2040 988">
    <p class='ocr_par' dir='ltr' id='par_1_9' title="bbox 385 915 2040 988">
     <span class='ocr_line' id='line_1_9' title="bbox 385 915 2040 988; baseline -0.001 -15"><span class='ocrx_word' id='word_1_31' title='bbox 385 916 799 983; x_wconf 86' lang='lat' dir='ltr'>affirmatione,</span> <span class='ocrx_word' id='word_1_32' title='bbox 833 915 1127 988; x_wconf 85' lang='lat' dir='ltr'>siquidem</span> <span class='ocrx_word' id='word_1_33' title='bbox 1159 915 1350 988; x_wconf 90' lang='lat' dir='ltr'>posita</span> <span class='ocrx_word' id='word_1_34' title='bbox 1380 916 1556 971; x_wconf 84' lang='lat' dir='ltr'>luerit</span> <span class='ocrx_word' id='word_1_35' title='bbox 1604 915 1892 987; x_wconf 87' lang='lat' dir='ltr'>particula</span> <span class='ocrx_word' id='word_1_36' title='bbox 1941 931 2040 971; x_wconf 89' lang='lat' dir='ltr'>ne—</span> 
     </span>
    </p>
   </div>
   <div class='ocr_carea' id='block_1_10' title="bbox 386 1003 2042 1080">
    <p class='ocr_par' dir='ltr' id='par_1_10' title="bbox 386 1003 2042 1080">
     <span class='ocr_line' id='line_1_10' title="bbox 386 1003 2042 1080; baseline -0.002 -18"><span class='ocrx_word' id='word_1_37' title='bbox 386 1006 604 1080; x_wconf 87' lang='lat' dir='ltr'>gativa,</span> <span class='ocrx_word' id='word_1_38' title='bbox 638 1004 783 1060; x_wconf 88' lang='lat' dir='ltr'>alias</span> <span class='ocrx_word' id='word_1_39' title='bbox 823 1004 1238 1076; x_wconf 87' lang='lat' dir='ltr'>particularem</span> <span class='ocrx_word' id='word_1_40' title='bbox 1288 1004 1679 1077; x_wconf 80' lang='lat' dir='ltr'>negationem,</span> <span class='ocrx_word' id='word_1_41' title='bbox 1713 1004 1860 1060; x_wconf 91' lang='lat' dir='ltr'>alias</span> <span class='ocrx_word' id='word_1_42' title='bbox 1912 1003 2042 1059; x_wconf 86' lang='lat' dir='ltr'>uni-</span> 
     </span>
    </p>
   </div>
   <div class='ocr_carea' id='block_1_11' title="bbox 384 1092 2042 1164">
    <p class='ocr_par' dir='ltr' id='par_1_11' title="bbox 384 1092 2042 1164">
     <span class='ocr_line' id='line_1_11' title="bbox 384 1092 2042 1164; baseline -0.002 -14"><span class='ocrx_word' id='word_1_43' title='bbox 384 1093 673 1151; x_wconf 86' lang='lat' dir='ltr'>versalem</span> <span class='ocrx_word' id='word_1_44' title='bbox 702 1092 883 1148; x_wconf 81' lang='lat' dir='ltr'>efﬁcit</span> <span class='ocrx_word' id='word_1_45' title='bbox 915 1111 928 1149; x_wconf 90' lang='lat'>:</span> <span class='ocrx_word' id='word_1_46' title='bbox 962 1092 1138 1149; x_wconf 91' lang='lat' dir='ltr'>veluti</span> <span class='ocrx_word' id='word_1_47' title='bbox 1167 1109 1302 1149; x_wconf 89' lang='lat' dir='ltr'>cum</span> <span class='ocrx_word' id='word_1_48' title='bbox 1334 1093 1444 1149; x_wconf 87' lang='lat' dir='ltr'>hoc</span> <span class='ocrx_word' id='word_1_49' title='bbox 1474 1092 1892 1164; x_wconf 88' lang='lat' dir='ltr'>audiverimus,</span> <span class='ocrx_word' id='word_1_50' title='bbox 1924 1092 2042 1148; x_wconf 85' lang='lat' dir='ltr'>Ali-</span> 
     </span>
    </p>
   </div>
   <div class='ocr_carea' id='block_1_12' title="bbox 387 1180 2044 1257">
    <p class='ocr_par' dir='ltr' id='par_1_12' title="bbox 387 1180 2044 1257">
     <span class='ocr_line' id='line_1_12' title="bbox 387 1180 2044 1257; baseline -0.002 -18"><span class='ocrx_word' id='word_1_51' title='bbox 387 1182 523 1257; x_wconf 87' lang='lat' dir='ltr'>quis</span> <span class='ocrx_word' id='word_1_52' title='bbox 552 1182 728 1238; x_wconf 92' lang='lat' dir='ltr'>homo</span> <span class='ocrx_word' id='word_1_53' title='bbox 757 1199 873 1237; x_wconf 91' lang='lat' dir='ltr'>non</span> <span class='ocrx_word' id='word_1_54' title='bbox 905 1185 993 1237; x_wconf 91' lang='lat' dir='ltr'>est</span> <span class='ocrx_word' id='word_1_55' title='bbox 1014 1182 1238 1253; x_wconf 90' lang='lat' dir='ltr'>justus,</span> <span class='ocrx_word' id='word_1_56' title='bbox 1273 1182 1567 1254; x_wconf 83' lang='lat' dir='ltr'>siquidem</span> <span class='ocrx_word' id='word_1_57' title='bbox 1613 1180 1865 1255; x_wconf 85' lang='lat' dir='ltr'>negandi</span> <span class='ocrx_word' id='word_1_58' title='bbox 1912 1197 2044 1254; x_wconf 88' lang='lat' dir='ltr'>par-</span> 
     </span>
    </p>
   </div>
   <div class='ocr_carea' id='block_1_13' title="bbox 386 1270 2046 1342">
    <p class='ocr_par' dir='ltr' id='par_1_13' title="bbox 386 1270 2046 1342">
     <span class='ocr_line' id='line_1_13' title="bbox 386 1270 2046 1342; baseline -0.001 -14"><span class='ocrx_word' id='word_1_59' title='bbox 386 1271 633 1328; x_wconf 88' lang='lat' dir='ltr'>ticulam</span> <span class='ocrx_word' id='word_1_60' title='bbox 681 1271 751 1326; x_wconf 90' lang='lat' dir='ltr'>ad</span> <span class='ocrx_word' id='word_1_61' title='bbox 800 1270 863 1324; x_wconf 86' lang='grc' dir='ltr'>τὸ</span> <span class='ocrx_word' id='word_1_62' title='bbox 916 1270 1132 1342; x_wconf 84' lang='lat' dir='ltr'>aliquis</span> <span class='ocrx_word' id='word_1_63' title='bbox 1177 1271 1667 1337; x_wconf 81' lang='lat' dir='ltr'>exaudiverimus,</span> <span class='ocrx_word' id='word_1_64' title='bbox 1696 1271 1850 1326; x_wconf 86' lang='lat' dir='ltr'>idem</span> <span class='ocrx_word' id='word_1_65' title='bbox 1907 1270 2046 1326; x_wconf 84' lang='lat' dir='ltr'>huic</span> 
     </span>
    </p>
   </div>
   <div class='ocr_carea' id='block_1_14' title="bbox 388 1359 2046 1434">
    <p class='ocr_par' dir='ltr' id='par_1_14' title="bbox 388 1359 2046 1434">
     <span class='ocr_line' id='line_1_14' title="bbox 388 1359 2046 1434; baseline -0.001 -17"><span class='ocrx_word' id='word_1_66' title='bbox 388 1361 724 1434; x_wconf 83' lang='lat' dir='ltr'>signiﬁcare</span> <span class='ocrx_word' id='word_1_67' title='bbox 755 1364 1035 1431; x_wconf 84' lang='lat' dir='ltr'>putamus</span> <span class='ocrx_word' id='word_1_68' title='bbox 1061 1378 1074 1415; x_wconf 91' lang='lat'>:</span> <span class='ocrx_word' id='word_1_69' title='bbox 1098 1377 1215 1415; x_wconf 90' lang='lat' dir='ltr'>non</span> <span class='ocrx_word' id='word_1_70' title='bbox 1247 1359 1480 1431; x_wconf 85' lang='lat' dir='ltr'>aliquis,</span> <span class='ocrx_word' id='word_1_71' title='bbox 1505 1361 1625 1416; x_wconf 89' lang='lat' dir='ltr'>sive</span> <span class='ocrx_word' id='word_1_72' title='bbox 1646 1360 1869 1427; x_wconf 87' lang='lat' dir='ltr'>nullus,</span> <span class='ocrx_word' id='word_1_73' title='bbox 1892 1360 2046 1432; x_wconf 91' lang='lat' dir='ltr'>quod</span> 
     </span>
    </p>
   </div>
   <div class='ocr_carea' id='block_1_15' title="bbox 390 1447 2048 1521">
    <p class='ocr_par' dir='ltr' id='par_1_15' title="bbox 390 1447 2048 1521">
     <span class='ocr_line' id='line_1_15' title="bbox 390 1447 2048 1521; baseline -0.001 -16"><span class='ocrx_word' id='word_1_74' title='bbox 390 1449 764 1506; x_wconf 86' lang='lat' dir='ltr'>manifestius</span> <span class='ocrx_word' id='word_1_75' title='bbox 814 1452 1075 1521; x_wconf 80' lang='lat' dir='ltr'>apparet,</span> <span class='ocrx_word' id='word_1_76' title='bbox 1110 1449 1157 1503; x_wconf 88' lang='lat' dir='ltr'>si</span> <span class='ocrx_word' id='word_1_77' title='bbox 1202 1447 1288 1520; x_wconf 87' lang='grc' dir='ltr'>τὸ,</span> <span class='ocrx_word' id='word_1_78' title='bbox 1339 1449 1465 1503; x_wconf 88' lang='lat' dir='ltr'>Non</span> <span class='ocrx_word' id='word_1_79' title='bbox 1514 1452 1605 1504; x_wconf 91' lang='lat' dir='ltr'>est</span> <span class='ocrx_word' id='word_1_80' title='bbox 1652 1453 1786 1505; x_wconf 87' lang='lat' dir='ltr'>ante</span> <span class='ocrx_word' id='word_1_81' title='bbox 1832 1448 2048 1520; x_wconf 85' lang='lat' dir='ltr'>aliquis</span> 
     </span>
    </p>
   </div>
   <div class='ocr_carea' id='block_1_16' title="bbox 389 1536 2048 1610">
    <p class='ocr_par' dir='ltr' id='par_1_16' title="bbox 389 1536 2048 1610">
     <span class='ocr_line' id='line_1_16' title="bbox 389 1536 2048 1610; baseline -0.001 -15"><span class='ocrx_word' id='word_1_82' title='bbox 389 1540 565 1595; x_wconf 85' lang='lat' dir='ltr'>fuerit</span> <span class='ocrx_word' id='word_1_83' title='bbox 594 1539 852 1610; x_wconf 90' lang='lat' dir='ltr'>positum</span> <span class='ocrx_word' id='word_1_84' title='bbox 886 1536 1105 1593; x_wconf 90' lang='lat' dir='ltr'>:veluti</span> <span class='ocrx_word' id='word_1_85' title='bbox 1137 1537 1247 1593; x_wconf 88' lang='lat' dir='ltr'>hoc</span> <span class='ocrx_word' id='word_1_86' title='bbox 1297 1554 1416 1593; x_wconf 90' lang='lat' dir='ltr'>non</span> <span class='ocrx_word' id='word_1_87' title='bbox 1468 1543 1558 1594; x_wconf 89' lang='lat' dir='ltr'>est</span> <span class='ocrx_word' id='word_1_88' title='bbox 1603 1537 1822 1610; x_wconf 86' lang='lat' dir='ltr'>aliquis</span> <span class='ocrx_word' id='word_1_89' title='bbox 1870 1538 2048 1594; x_wconf 89' lang='lat' dir='ltr'>homo</span> 
     </span>
    </p>
   </div>
   <div class='ocr_carea' id='block_1_17' title="bbox 390 1626 2050 1700">
    <p class='ocr_par' dir='ltr' id='par_1_17' title="bbox 390 1626 2050 1700">
     <span class='ocr_line' id='line_1_17' title="bbox 390 1626 2050 1700; baseline -0.001 -17"><span class='ocrx_word' id='word_1_90' title='bbox 390 1627 746 1683; x_wconf 86' lang='lat' dir='ltr'>immortalis</span> <span class='ocrx_word' id='word_1_91' title='bbox 770 1644 783 1695; x_wconf 94' lang='lat'><strong>;</strong></span> <span class='ocrx_word' id='word_1_92' title='bbox 817 1627 908 1683; x_wconf 90' lang='lat' dir='ltr'>sin</span> <span class='ocrx_word' id='word_1_93' title='bbox 931 1629 1131 1681; x_wconf 87' lang='lat' dir='ltr'>autem</span> <span class='ocrx_word' id='word_1_94' title='bbox 1154 1626 1408 1700; x_wconf 87' lang='lat' dir='ltr'>negandi</span> <span class='ocrx_word' id='word_1_95' title='bbox 1434 1626 1783 1699; x_wconf 85' lang='lat' dir='ltr'>particulam</span> <span class='ocrx_word' id='word_1_96' title='bbox 1813 1627 1884 1683; x_wconf 92' lang='lat' dir='ltr'>ad</span> <span class='ocrx_word' id='word_1_97' title='bbox 1910 1644 2050 1699; x_wconf 62' lang='lat' dir='ltr'>prae-</span> 
     </span>
    </p>
   </div>
   <div class='ocr_carea' id='block_1_18' title="bbox 392 1715 2050 1789">
    <p class='ocr_par' dir='ltr' id='par_1_18' title="bbox 392 1715 2050 1789">
     <span class='ocr_line' id='line_1_18' title="bbox 392 1715 2050 1789; baseline 0.001 -17"><span class='ocrx_word' id='word_1_98' title='bbox 392 1716 650 1772; x_wconf 82' lang='lat' dir='ltr'>dicatum</span> <span class='ocrx_word' id='word_1_99' title='bbox 682 1715 1176 1787; x_wconf 82' lang='lat' dir='ltr'>exaudiverimus,</span> <span class='ocrx_word' id='word_1_100' title='bbox 1210 1716 1367 1771; x_wconf 87' lang='lat' dir='ltr'>idem</span> <span class='ocrx_word' id='word_1_101' title='bbox 1405 1717 1739 1789; x_wconf 80' lang='lat' dir='ltr'>significare</span> <span class='ocrx_word' id='word_1_102' title='bbox 1770 1722 2050 1789; x_wconf 86' lang='lat' dir='ltr'>putamus</span> 
     </span>
    </p>
   </div>
   <div class='ocr_carea' id='block_1_19' title="bbox 392 1804 2049 1878">
    <p class='ocr_par' dir='ltr' id='par_1_19' title="bbox 392 1804 2049 1878">
     <span class='ocr_line' id='line_1_19' title="bbox 392 1804 2049 1878; baseline 0 -17"><span class='ocrx_word' id='word_1_103' title='bbox 392 1821 527 1861; x_wconf 91' lang='lat' dir='ltr'>cum</span> <span class='ocrx_word' id='word_1_104' title='bbox 589 1805 741 1878; x_wconf 92' lang='lat' dir='ltr'>quod</span> <span class='ocrx_word' id='word_1_105' title='bbox 802 1809 910 1873; x_wconf 87' lang='lat' dir='ltr'>est,</span> <span class='ocrx_word' id='word_1_106' title='bbox 954 1821 1069 1859; x_wconf 91' lang='lat' dir='ltr'>non</span> <span class='ocrx_word' id='word_1_107' title='bbox 1120 1805 1338 1872; x_wconf 90' lang='lat' dir='ltr'>omnis,</span> <span class='ocrx_word' id='word_1_108' title='bbox 1371 1804 1482 1861; x_wconf 92' lang='lat' dir='ltr'>hoc</span> <span class='ocrx_word' id='word_1_109' title='bbox 1540 1809 1648 1873; x_wconf 88' lang='lat' dir='ltr'>est,</span> <span class='ocrx_word' id='word_1_110' title='bbox 1681 1822 1798 1861; x_wconf 88' lang='lat' dir='ltr'>non</span> <span class='ocrx_word' id='word_1_111' title='bbox 1856 1806 2049 1861; x_wconf 90' lang='lat' dir='ltr'>omnis</span> 
     </span>
    </p>
   </div>
   <div class='ocr_carea' id='block_1_20' title="bbox 2148 636 3813 718">
    <p class='ocr_par' dir='ltr' id='par_1_20' title="bbox 2148 636 3813 718">
     <span class='ocr_line' id='line_1_20' title="bbox 2148 636 3813 718; baseline -0.001 -21"><span class='ocrx_word' id='word_1_112' title='bbox 2148 643 2223 704; x_wconf 85' lang='grc' dir='ltr'>ὡς</span> <span class='ocrx_word' id='word_1_113' title='bbox 2255 639 2486 718; x_wconf 78' lang='grc' dir='ltr'>εἷ’ρηται·</span> <span class='ocrx_word' id='word_1_114' title='bbox 2521 643 2634 697; x_wconf 76' lang='grc' dir='ltr'>οἷον</span> <span class='ocrx_word' id='word_1_115' title='bbox 2666 644 2726 711; x_wconf 84' lang='grc' dir='ltr'>ἠ,</span> <span class='ocrx_word' id='word_1_116' title='bbox 2775 642 3099 717; x_wconf 73' lang='grc' dir='ltr'>’Ἄνθρωπος</span> <span class='ocrx_word' id='word_1_117' title='bbox 3138 636 3345 702; x_wconf 81' lang='grc' dir='ltr'>δίκαιός</span> <span class='ocrx_word' id='word_1_118' title='bbox 3398 636 3544 710; x_wconf 77' lang='grc' dir='ltr'>ἐστι,</span> <span class='ocrx_word' id='word_1_119' title='bbox 3585 644 3678 714; x_wconf 78' lang='grc' dir='ltr'>τῇ,</span> <span class='ocrx_word' id='word_1_120' title='bbox 3725 641 3813 705; x_wconf 85' lang='grc' dir='ltr'>Τὶς</span> 
     </span>
    </p>
   </div>
   <div class='ocr_carea' id='block_1_21' title="bbox 2148 727 2868 808">
    <p class='ocr_par' dir='ltr' id='par_1_21' title="bbox 2148 727 2868 808">
     <span class='ocr_line' id='line_1_21' title="bbox 2148 727 2868 808; baseline -0.004 -22"><span class='ocrx_word' id='word_1_121' title='bbox 2148 727 2434 808; x_wconf 73' lang='grc' dir='ltr'>ἄνθρωπος</span> <span class='ocrx_word' id='word_1_122' title='bbox 2467 727 2674 793; x_wconf 84' lang='grc' dir='ltr'>δίκαιός</span> <span class='ocrx_word' id='word_1_123' title='bbox 2705 729 2868 785; x_wconf 79' lang='grc' dir='ltr'>ἐστιν.</span> 
     </span>
    </p>
   </div>
   <div class='ocr_carea' id='block_1_22' title="bbox 2219 815 3812 897">
    <p class='ocr_par' dir='ltr' id='par_1_22' title="bbox 2219 815 3812 897">
     <span class='ocr_line' id='line_1_22' title="bbox 2219 815 3812 897; baseline 0.001 -23"><span class='ocrx_word' id='word_1_124' title='bbox 2219 821 2292 891; x_wconf 89' lang='grc' dir='ltr'>η’.</span> <span class='ocrx_word' id='word_1_125' title='bbox 2336 823 2539 896; x_wconf 84' lang='grc' dir='ltr'>Ὥσπερ</span> <span class='ocrx_word' id='word_1_126' title='bbox 2591 817 2681 875; x_wconf 77' lang='grc' dir='ltr'>οὖν</span> <span class='ocrx_word' id='word_1_127' title='bbox 2733 817 2821 875; x_wconf 74' lang='grc' dir='ltr'>ἐπὶ</span> <span class='ocrx_word' id='word_1_128' title='bbox 2866 824 2968 890; x_wconf 87' lang='grc' dir='ltr'>τῆς</span> <span class='ocrx_word' id='word_1_129' title='bbox 3013 815 3383 895; x_wconf 75' lang='grc' dir='ltr'>διωρισμένης</span> <span class='ocrx_word' id='word_1_130' title='bbox 3439 826 3676 897; x_wconf 80' lang='grc' dir='ltr'>μερικῆς</span> <span class='ocrx_word' id='word_1_131' title='bbox 3722 841 3812 875; x_wconf 87' lang='grc' dir='ltr'>κα-</span> 
     </span>
    </p>
   </div>
   <div class='ocr_carea' id='block_1_23' title="bbox 2147 906 3812 987">
    <p class='ocr_par' dir='ltr' id='par_1_23' title="bbox 2147 906 3812 987">
     <span class='ocr_line' id='line_1_23' title="bbox 2147 906 3812 987; baseline 0 -23"><span class='ocrx_word' id='word_1_132' title='bbox 2147 909 2448 987; x_wconf 83' lang='grc' dir='ltr'>ταφάσεως,</span> <span class='ocrx_word' id='word_1_133' title='bbox 2483 906 2537 965; x_wconf 80' lang='grc' dir='ltr'>εἷ’</span> <span class='ocrx_word' id='word_1_134' title='bbox 2557 929 2619 986; x_wconf 89' lang='grc' dir='ltr'>γε</span> <span class='ocrx_word' id='word_1_135' title='bbox 2657 912 2790 983; x_wconf 77' lang='grc' dir='ltr'>τεθῇ</span> <span class='ocrx_word' id='word_1_136' title='bbox 2838 910 2902 964; x_wconf 86' lang='grc' dir='ltr'>τὸ</span> <span class='ocrx_word' id='word_1_137' title='bbox 2952 906 3241 984; x_wconf 78' lang='grc' dir='ltr'>ἀρνητικὸν</span> <span class='ocrx_word' id='word_1_138' title='bbox 3291 906 3518 984; x_wconf 88' lang='grc' dir='ltr'>μόριον,</span> <span class='ocrx_word' id='word_1_139' title='bbox 3556 910 3694 965; x_wconf 77' lang='grc' dir='ltr'>ποτὶ</span> <span class='ocrx_word' id='word_1_140' title='bbox 3723 911 3812 983; x_wconf 71' lang='grc' dir='ltr'>μὲν</span> 
     </span>
    </p>
   </div>
   <div class='ocr_carea' id='block_1_24' title="bbox 2157 994 3815 1077">
    <p class='ocr_par' dir='ltr' id='par_1_24' title="bbox 2157 994 3815 1077">
     <span class='ocr_line' id='line_1_24' title="bbox 2157 994 3815 1077; baseline 0.001 -24"><span class='ocrx_word' id='word_1_141' title='bbox 2157 1000 2386 1075; x_wconf 78' lang='grc' dir='ltr'>μερικὴν</span> <span class='ocrx_word' id='word_1_142' title='bbox 2436 997 2728 1077; x_wconf 85' lang='grc' dir='ltr'>ἀπόφασιν,</span> <span class='ocrx_word' id='word_1_143' title='bbox 2774 998 2909 1054; x_wconf 80' lang='grc' dir='ltr'>ποτὲ</span> <span class='ocrx_word' id='word_1_144' title='bbox 2957 994 3016 1052; x_wconf 77' lang='grc' dir='ltr'>δὲ</span> <span class='ocrx_word' id='word_1_145' title='bbox 3062 994 3300 1053; x_wconf 80' lang='grc' dir='ltr'>καθόλου</span> <span class='ocrx_word' id='word_1_146' title='bbox 3343 1001 3524 1052; x_wconf 79' lang='grc' dir='ltr'>ποιεῖ·</span> <span class='ocrx_word' id='word_1_147' title='bbox 3578 999 3696 1053; x_wconf 86' lang='grc' dir='ltr'>οἷον</span> <span class='ocrx_word' id='word_1_148' title='bbox 3735 999 3815 1054; x_wconf 82' lang='grc' dir='ltr'>τὸ.</span> 
     </span>
    </p>
   </div>
   <div class='ocr_carea' id='block_1_25' title="bbox 2150 1081 3816 1163">
    <p class='ocr_par' dir='ltr' id='par_1_25' title="bbox 2150 1081 3816 1163">
     <span class='ocr_line' id='line_1_25' title="bbox 2150 1081 3816 1163; baseline 0 -22"><span class='ocrx_word' id='word_1_149' title='bbox 2150 1087 2244 1150; x_wconf 88' lang='grc' dir='ltr'>Τὶς</span> <span class='ocrx_word' id='word_1_150' title='bbox 2292 1086 2571 1163; x_wconf 81' lang='grc' dir='ltr'>ἄνθρωπος</span> <span class='ocrx_word' id='word_1_151' title='bbox 2623 1084 2834 1151; x_wconf 88' lang='grc' dir='ltr'>δίκαιος</span> <span class='ocrx_word' id='word_1_152' title='bbox 2883 1086 2984 1142; x_wconf 76' lang='grc' dir='ltr'>οὐκ</span> <span class='ocrx_word' id='word_1_153' title='bbox 3030 1081 3196 1155; x_wconf 78' lang='grc' dir='ltr'>ἔστιν,</span> <span class='ocrx_word' id='word_1_154' title='bbox 3247 1084 3605 1160; x_wconf 83' lang='grc' dir='ltr'>ἀκούσαντες,</span> <span class='ocrx_word' id='word_1_155' title='bbox 3647 1086 3694 1142; x_wconf 84' lang='grc' dir='ltr'>εί</span> <span class='ocrx_word' id='word_1_156' title='bbox 3726 1087 3816 1160; x_wconf 74' lang='grc' dir='ltr'>μὲν</span> 
     </span>
    </p>
   </div>
   <div class='ocr_carea' id='block_1_26' title="bbox 2153 1174 3818 1254">
    <p class='ocr_par' dir='ltr' id='par_1_26' title="bbox 2153 1174 3818 1254">
     <span class='ocr_line' id='line_1_26' title="bbox 2153 1174 3818 1254; baseline -0.002 -21"><span class='ocrx_word' id='word_1_157' title='bbox 2153 1178 2291 1254; x_wconf 84' lang='grc' dir='ltr'>πρὸς</span> <span class='ocrx_word' id='word_1_158' title='bbox 2345 1177 2408 1232; x_wconf 86' lang='grc' dir='ltr'>τὸ</span> <span class='ocrx_word' id='word_1_159' title='bbox 2447 1175 2530 1239; x_wconf 76' lang='grc' dir='ltr'>τῖς</span> <span class='ocrx_word' id='word_1_160' title='bbox 2575 1177 2675 1246; x_wconf 82' lang='grc' dir='ltr'>τήν</span> <span class='ocrx_word' id='word_1_161' title='bbox 2727 1175 2947 1252; x_wconf 80' lang='grc' dir='ltr'>ἄρνησιν</span> <span class='ocrx_word' id='word_1_162' title='bbox 2994 1174 3404 1250; x_wconf 78' lang='grc' dir='ltr'>ἐξακούσαιμεν,</span> <span class='ocrx_word' id='word_1_163' title='bbox 3442 1176 3644 1232; x_wconf 85' lang='grc' dir='ltr'>ταυτὸν</span> <span class='ocrx_word' id='word_1_164' title='bbox 3695 1174 3818 1231; x_wconf 74' lang='grc' dir='ltr'>οἰώ-</span> 
     </span>
    </p>
   </div>
   <div class='ocr_carea' id='block_1_27' title="bbox 2160 1262 3821 1344">
    <p class='ocr_par' dir='ltr' id='par_1_27' title="bbox 2160 1262 3821 1344">
     <span class='ocr_line' id='line_1_27' title="bbox 2160 1262 3821 1344; baseline -0.001 -22"><span class='ocrx_word' id='word_1_165' title='bbox 2160 1278 2296 1340; x_wconf 84' lang='grc' dir='ltr'>μεθα</span> <span class='ocrx_word' id='word_1_166' title='bbox 2352 1265 2636 1339; x_wconf 78' lang='grc' dir='ltr'>σημαίνειν</span> <span class='ocrx_word' id='word_1_167' title='bbox 2689 1270 2770 1338; x_wconf 80' lang='grc' dir='ltr'>τῷ</span> <span class='ocrx_word' id='word_1_168' title='bbox 2826 1263 2974 1329; x_wconf 73' lang='grc' dir='ltr'>οὔτις</span> <span class='ocrx_word' id='word_1_169' title='bbox 3035 1262 3208 1323; x_wconf 75' lang='grc' dir='ltr'>εἴτουν</span> <span class='ocrx_word' id='word_1_170' title='bbox 3269 1262 3476 1329; x_wconf 77' lang='grc' dir='ltr'>οὐδείς’</span> <span class='ocrx_word' id='word_1_171' title='bbox 3531 1263 3667 1342; x_wconf 78' lang='grc' dir='ltr'>ὅπερ</span> <span class='ocrx_word' id='word_1_172' title='bbox 3706 1264 3821 1344; x_wconf 79' lang='grc' dir='ltr'>φαί-</span> 
     </span>
    </p>
   </div>
   <div class='ocr_carea' id='block_1_28' title="bbox 2155 1352 3817 1434">
    <p class='ocr_par' dir='ltr' id='par_1_28' title="bbox 2155 1352 3817 1434">
     <span class='ocr_line' id='line_1_28' title="bbox 2155 1352 3817 1434; baseline -0.002 -23"><span class='ocrx_word' id='word_1_173' title='bbox 2155 1376 2296 1411; x_wconf 89' lang='grc' dir='ltr'>νεται</span> <span class='ocrx_word' id='word_1_174' title='bbox 2348 1356 2692 1434; x_wconf 78' lang='grc' dir='ltr'>σαφέστερον,</span> <span class='ocrx_word' id='word_1_175' title='bbox 2746 1355 2792 1409; x_wconf 81' lang='grc' dir='ltr'>εί</span> <span class='ocrx_word' id='word_1_176' title='bbox 2837 1356 2900 1410; x_wconf 88' lang='grc' dir='ltr'>τὸ</span> <span class='ocrx_word' id='word_1_177' title='bbox 2950 1354 3060 1410; x_wconf 84' lang='grc' dir='ltr'>Οὐκ</span> <span class='ocrx_word' id='word_1_178' title='bbox 3089 1352 3202 1411; x_wconf 78' lang='grc' dir='ltr'>ἔστι</span> <span class='ocrx_word' id='word_1_179' title='bbox 3252 1356 3384 1429; x_wconf 79' lang='grc' dir='ltr'>τεθῇ</span> <span class='ocrx_word' id='word_1_180' title='bbox 3433 1355 3547 1429; x_wconf 88' lang='grc' dir='ltr'>πρὸ</span> <span class='ocrx_word' id='word_1_181' title='bbox 3593 1359 3694 1410; x_wconf 79' lang='grc' dir='ltr'>τοῦ</span> <span class='ocrx_word' id='word_1_182' title='bbox 3720 1354 3817 1417; x_wconf 88' lang='grc' dir='ltr'>τίς·</span> 
     </span>
    </p>
   </div>
   <div class='ocr_carea' id='block_1_29' title="bbox 2156 1440 3819 1521">
    <p class='ocr_par' dir='ltr' id='par_1_29' title="bbox 2156 1440 3819 1521">
     <span class='ocr_line' id='line_1_29' title="bbox 2156 1440 3819 1521; baseline -0.001 -21"><span class='ocrx_word' id='word_1_183' title='bbox 2156 1445 2233 1507; x_wconf 86' lang='grc' dir='ltr'>ὡς</span> <span class='ocrx_word' id='word_1_184' title='bbox 2261 1446 2345 1517; x_wconf 88' lang='grc' dir='ltr'>τὸ,</span> <span class='ocrx_word' id='word_1_185' title='bbox 2379 1444 2489 1499; x_wconf 85' lang='grc' dir='ltr'>Οὐκ</span> <span class='ocrx_word' id='word_1_186' title='bbox 2535 1443 2646 1499; x_wconf 79' lang='grc' dir='ltr'>ἔστι</span> <span class='ocrx_word' id='word_1_187' title='bbox 2673 1465 2758 1506; x_wconf 88' lang='grc' dir='ltr'>τις</span> <span class='ocrx_word' id='word_1_188' title='bbox 2808 1441 3091 1519; x_wconf 80' lang='grc' dir='ltr'>ἅνθρωπος</span> <span class='ocrx_word' id='word_1_189' title='bbox 3140 1443 3423 1506; x_wconf 86' lang='grc' dir='ltr'>ἀθάνατος.</span> <span class='ocrx_word' id='word_1_190' title='bbox 3474 1443 3544 1499; x_wconf 80' lang='grc' dir='ltr'>Εἰ</span> <span class='ocrx_word' id='word_1_191' title='bbox 3589 1440 3649 1500; x_wconf 75' lang='grc' dir='ltr'>δὲ</span> <span class='ocrx_word' id='word_1_192' title='bbox 3690 1444 3819 1521; x_wconf 86' lang='grc' dir='ltr'>πρὸς</span> 
     </span>
    </p>
   </div>
   <div class='ocr_carea' id='block_1_30' title="bbox 2153 1529 3819 1611">
    <p class='ocr_par' dir='ltr' id='par_1_30' title="bbox 2153 1529 3819 1611">
     <span class='ocr_line' id='line_1_30' title="bbox 2153 1529 3819 1611; baseline -0.002 -21"><span class='ocrx_word' id='word_1_193' title='bbox 2153 1535 2245 1590; x_wconf 88' lang='grc' dir='ltr'>τὸν</span> <span class='ocrx_word' id='word_1_194' title='bbox 2320 1532 2802 1610; x_wconf 77' lang='grc' dir='ltr'>κατηγορούμενον</span> <span class='ocrx_word' id='word_1_195' title='bbox 2876 1534 2976 1602; x_wconf 78' lang='grc' dir='ltr'>τήν</span> <span class='ocrx_word' id='word_1_196' title='bbox 3055 1529 3281 1611; x_wconf 78' lang='grc' dir='ltr'>ἄρνησιν</span> <span class='ocrx_word' id='word_1_197' title='bbox 3362 1532 3755 1607; x_wconf 79' lang='grc' dir='ltr'>έξακούσαιμεν</span> <span class='ocrx_word' id='word_1_198' title='bbox 3805 1574 3819 1601; x_wconf 90' lang='grc'>,</span> 
     </span>
    </p>
   </div>
   <div class='ocr_carea' id='block_1_31' title="bbox 2155 1619 3820 1699">
    <p class='ocr_par' dir='ltr' id='par_1_31' title="bbox 2155 1619 3820 1699">
     <span class='ocr_line' id='line_1_31' title="bbox 2155 1619 3820 1699; baseline 0 -21"><span class='ocrx_word' id='word_1_199' title='bbox 2155 1623 2348 1679; x_wconf 88' lang='grc' dir='ltr'>ταυτὸν</span> <span class='ocrx_word' id='word_1_200' title='bbox 2404 1624 2651 1697; x_wconf 66' lang='grc' dir='ltr'>οἰώμεθα</span> <span class='ocrx_word' id='word_1_201' title='bbox 2700 1621 2979 1697; x_wconf 77' lang='grc' dir='ltr'>σημαίνειν</span> <span class='ocrx_word' id='word_1_202' title='bbox 3032 1627 3113 1695; x_wconf 78' lang='grc' dir='ltr'>τῷ</span> <span class='ocrx_word' id='word_1_203' title='bbox 3170 1622 3232 1677; x_wconf 83' lang='grc' dir='ltr'>οὐ</span> <span class='ocrx_word' id='word_1_204' title='bbox 3289 1628 3443 1691; x_wconf 80' lang='grc' dir='ltr'>πᾶς,</span> <span class='ocrx_word' id='word_1_205' title='bbox 3503 1619 3704 1699; x_wconf 73' lang='grc' dir='ltr'>ἤγουν,</span> <span class='ocrx_word' id='word_1_206' title='bbox 3762 1621 3820 1677; x_wconf 81' lang='grc' dir='ltr'>οὗ</span> 
     </span>
    </p>
   </div>
   <div class='ocr_carea' id='block_1_32' title="bbox 2156 1708 3820 1788">
    <p class='ocr_par' dir='ltr' id='par_1_32' title="bbox 2156 1708 3820 1788">
     <span class='ocr_line' id='line_1_32' title="bbox 2156 1708 3820 1788; baseline -0.002 -21"><span class='ocrx_word' id='word_1_207' title='bbox 2156 1719 2263 1774; x_wconf 78' lang='grc' dir='ltr'>πᾶς</span> <span class='ocrx_word' id='word_1_208' title='bbox 2322 1708 2608 1788; x_wconf 79' lang='grc' dir='ltr'>ἅνθρωπος</span> <span class='ocrx_word' id='word_1_209' title='bbox 2668 1708 2876 1773; x_wconf 89' lang='grc' dir='ltr'>δίκαιός</span> <span class='ocrx_word' id='word_1_210' title='bbox 2935 1710 3098 1766; x_wconf 78' lang='grc' dir='ltr'>ἐστιν·</span> <span class='ocrx_word' id='word_1_211' title='bbox 3154 1709 3298 1765; x_wconf 73' lang='grc' dir='ltr'>οὕτω</span> <span class='ocrx_word' id='word_1_212' title='bbox 3347 1711 3489 1788; x_wconf 45' lang='grc' dir='ltr'>κάπὶ</span> <span class='ocrx_word' id='word_1_213' title='bbox 3536 1718 3641 1782; x_wconf 86' lang='grc' dir='ltr'>τῆς</span> <span class='ocrx_word' id='word_1_214' title='bbox 3683 1708 3820 1773; x_wconf 82' lang='grc' dir='ltr'>ἀδιο-</span> 
     </span>
    </p>
   </div>
   <div class='ocr_carea' id='block_1_33' title="bbox 2161 1799 3817 1880">
    <p class='ocr_par' dir='ltr' id='par_1_33' title="bbox 2161 1799 3817 1880">
     <span class='ocr_line' id='line_1_33' title="bbox 2161 1799 3817 1880; baseline -0.002 -24"><span class='ocrx_word' id='word_1_215' title='bbox 2161 1800 2347 1877; x_wconf 89' lang='grc' dir='ltr'>ρίστου</span> <span class='ocrx_word' id='word_1_216' title='bbox 2406 1800 2728 1879; x_wconf 79' lang='grc' dir='ltr'>ἀποφάσεως</span> <span class='ocrx_word' id='word_1_217' title='bbox 2762 1846 2777 1873; x_wconf 91' lang='grc'>,</span> <span class='ocrx_word' id='word_1_218' title='bbox 2835 1800 2970 1856; x_wconf 76' lang='grc' dir='ltr'>κατὰ</span> <span class='ocrx_word' id='word_1_219' title='bbox 3023 1801 3125 1869; x_wconf 84' lang='grc' dir='ltr'>τὴν</span> <span class='ocrx_word' id='word_1_220' title='bbox 3179 1803 3287 1854; x_wconf 81' lang='grc' dir='ltr'>τῶν</span> <span class='ocrx_word' id='word_1_221' title='bbox 3363 1799 3817 1880; x_wconf 67' lang='grc' dir='ltr'>ἀποφαινομένων</span> 
     </span>
    </p>
   </div>
   <div class='ocr_carea' id='block_1_34' title="bbox 391 1887 2058 1994">
    <p class='ocr_par' dir='ltr' id='par_1_34' title="bbox 391 1893 2050 1965">
     <span class='ocr_line' id='line_1_34' title="bbox 391 1893 2050 1965; baseline 0.001 -16"><span class='ocrx_word' id='word_1_222' title='bbox 391 1893 566 1949; x_wconf 90' lang='lat' dir='ltr'>homo</span> <span class='ocrx_word' id='word_1_223' title='bbox 596 1898 686 1948; x_wconf 92' lang='lat' dir='ltr'>est</span> <span class='ocrx_word' id='word_1_224' title='bbox 706 1894 954 1964; x_wconf 88' lang='lat' dir='ltr'>justus:</span> <span class='ocrx_word' id='word_1_225' title='bbox 1008 1893 1092 1949; x_wconf 80' lang='lat' dir='ltr'>sic</span> <span class='ocrx_word' id='word_1_226' title='bbox 1139 1895 1316 1949; x_wconf 84' lang='lat' dir='ltr'>etiam</span> <span class='ocrx_word' id='word_1_227' title='bbox 1368 1894 1673 1949; x_wconf 76' lang='lat' dir='ltr'>indeﬁnite</span> <span class='ocrx_word' id='word_1_228' title='bbox 1742 1896 2050 1965; x_wconf 86' lang='lat' dir='ltr'>negatione</span> 
     </span>
    </p>
   </div>
   <div class='ocr_carea' id='block_1_35' title="bbox 2175 1887 3818 1994">
    <p class='ocr_par' dir='ltr' id='par_1_35' title="bbox 2175 1887 3818 1965">
     <span class='ocr_line' id='line_1_35' title="bbox 2175 1887 3818 1965; baseline -0.001 -21"><span class='ocrx_word' id='word_1_229' title='bbox 2175 1889 2422 1961; x_wconf 70' lang='lat' dir='ltr'>iw’wom,</span> <span class='ocrx_word' id='word_1_230' title='bbox 2473 1888 2563 1945; x_wconf 70' lang='grc' dir='ltr'>καὶ</span> <span class='ocrx_word' id='word_1_231' title='bbox 2592 1890 2654 1945; x_wconf 85' lang='grc' dir='ltr'>τὸ</span> <span class='ocrx_word' id='word_1_232' title='bbox 2707 1890 2926 1965; x_wconf 85' lang='grc' dir='ltr'>μερικὸν</span> <span class='ocrx_word' id='word_1_233' title='bbox 2975 1889 3154 1944; x_wconf 82' lang='grc' dir='ltr'>καὶτὸ</span> <span class='ocrx_word' id='word_1_234' title='bbox 3184 1887 3432 1945; x_wconf 86' lang='grc' dir='ltr'>καθόλου</span> <span class='ocrx_word' id='word_1_235' title='bbox 3480 1889 3818 1963; x_wconf 80' lang='grc' dir='ltr'>σημαίνεται,</span> 
     </span>
    </p>
   </div>
   <div class='ocr_carea' id='block_1_36' title="bbox 391 1976 2058 2055">
    <p class='ocr_par' dir='ltr' id='par_1_36' title="bbox 391 1981 2053 2055">
     <span class='ocr_line' id='line_1_36' title="bbox 391 1981 2053 2055; baseline 0.001 -17"><span class='ocrx_word' id='word_1_236' title='bbox 391 1999 496 2055; x_wconf 92' lang='lat' dir='ltr'>pro</span> <span class='ocrx_word' id='word_1_237' title='bbox 527 1981 969 2037; x_wconf 88' lang='lat' dir='ltr'>enuntiantium</span> <span class='ocrx_word' id='word_1_238' title='bbox 1004 1982 1235 2037; x_wconf 84' lang='lat' dir='ltr'>dianoea</span> <span class='ocrx_word' id='word_1_239' title='bbox 1280 1982 1405 2053; x_wconf 87' lang='lat' dir='ltr'>(seu</span> <span class='ocrx_word' id='word_1_240' title='bbox 1443 1984 1755 2052; x_wconf 88' lang='lat' dir='ltr'>sententia)</span> <span class='ocrx_word' id='word_1_241' title='bbox 1809 1984 1959 2039; x_wconf 73' lang='lat'>291</span> <span class='ocrx_word' id='word_1_242' title='bbox 1994 1988 2053 2039; x_wconf 91' lang='lat' dir='ltr'>et</span> 
     </span>
    </p>
   </div>
   <div class='ocr_carea' id='block_1_37' title="bbox 2175 1976 3819 2055">
    <p class='ocr_par' dir='ltr' id='par_1_37' title="bbox 2175 1976 3819 2055">
     <span class='ocr_line' id='line_1_37' title="bbox 2175 1976 3819 2055; baseline -0.002 -21"><span class='ocrx_word' id='word_1_243' title='bbox 2175 1986 2259 2049; x_wconf 76' lang='grc' dir='ltr'>τῆς</span> <span class='ocrx_word' id='word_1_244' title='bbox 2320 1980 2597 2054; x_wconf 73' lang='grc' dir='ltr'>ἀρνήσεως</span> <span class='ocrx_word' id='word_1_245' title='bbox 2657 1978 3114 2051; x_wconf 79' lang='grc' dir='ltr'>συνταττομένης⁹</span> <span class='ocrx_word' id='word_1_246' title='bbox 3175 1978 3250 2041; x_wconf 83' lang='grc' dir='ltr'>ὡς</span> <span class='ocrx_word' id='word_1_247' title='bbox 3309 1978 3456 2055; x_wconf 87' lang='grc' dir='ltr'>πρὸς</span> <span class='ocrx_word' id='word_1_248' title='bbox 3514 1979 3580 2034; x_wconf 84' lang='grc' dir='ltr'>τὸ</span> <span class='ocrx_word' id='word_1_249' title='bbox 3629 1979 3713 2041; x_wconf 78' lang='grc' dir='ltr'>τὶς</span> <span class='ocrx_word' id='word_1_250' title='bbox 3761 1976 3819 2031; x_wconf 84' lang='grc' dir='ltr'>τὸ</span> 
     </span>
    </p>
   </div>
   <div class='ocr_carea' id='block_1_38' title="bbox 394 2070 2051 2145">
    <p class='ocr_par' dir='ltr' id='par_1_38' title="bbox 394 2070 2051 2145">
     <span class='ocr_line' id='line_1_38' title="bbox 394 2070 2051 2145; baseline 0.002 -18"><span class='ocrx_word' id='word_1_251' title='bbox 394 2070 746 2145; x_wconf 88' lang='lat' dir='ltr'>particulare</span> <span class='ocrx_word' id='word_1_252' title='bbox 767 2076 823 2126; x_wconf 90' lang='lat' dir='ltr'>et</span> <span class='ocrx_word' id='word_1_253' title='bbox 843 2070 1175 2126; x_wconf 76' lang='lat' dir='ltr'>universale</span> <span class='ocrx_word' id='word_1_254' title='bbox 1195 2072 1581 2143; x_wconf 84' lang='lat' dir='ltr'>signiﬁcatur,</span> <span class='ocrx_word' id='word_1_255' title='bbox 1606 2072 1747 2128; x_wconf 90' lang='lat' dir='ltr'>dum</span> <span class='ocrx_word' id='word_1_256' title='bbox 1771 2072 2051 2130; x_wconf 83' lang='lat' dir='ltr'>inficiatio</span> 
     </span>
    </p>
   </div>
   <div class='ocr_carea' id='block_1_39' title="bbox 393 2159 2054 2231">
    <p class='ocr_par' dir='ltr' id='par_1_39' title="bbox 393 2159 2054 2231">
     <span class='ocr_line' id='line_1_39' title="bbox 393 2159 2054 2231; baseline 0.002 -15"><span class='ocrx_word' id='word_1_257' title='bbox 393 2159 485 2217; x_wconf 90' lang='lat' dir='ltr'>vel</span> <span class='ocrx_word' id='word_1_258' title='bbox 517 2164 582 2215; x_wconf 90' lang='lat' dir='ltr'>ut</span> <span class='ocrx_word' id='word_1_259' title='bbox 611 2176 745 2215; x_wconf 89' lang='lat' dir='ltr'>cum</span> <span class='ocrx_word' id='word_1_260' title='bbox 768 2163 849 2230; x_wconf 82' lang='grc' dir='ltr'>τῷ</span> <span class='ocrx_word' id='word_1_261' title='bbox 881 2159 1116 2231; x_wconf 89' lang='lat' dir='ltr'>aliquis,</span> <span class='ocrx_word' id='word_1_262' title='bbox 1149 2162 1305 2231; x_wconf 90' lang='lat' dir='ltr'>quod</span> <span class='ocrx_word' id='word_1_263' title='bbox 1339 2162 1599 2231; x_wconf 83' lang='lat' dir='ltr'>potentia</span> <span class='ocrx_word' id='word_1_264' title='bbox 1640 2162 1701 2217; x_wconf 91' lang='lat' dir='ltr'>in</span> <span class='ocrx_word' id='word_1_265' title='bbox 1748 2162 2054 2219; x_wconf 75' lang='lat' dir='ltr'>indefinite</span> 
     </span>
    </p>
   </div>
   <div class='ocr_carea' id='block_1_40' title="bbox 396 2248 2056 2323">
    <p class='ocr_par' dir='ltr' id='par_1_40' title="bbox 396 2248 2056 2323">
     <span class='ocr_line' id='line_1_40' title="bbox 396 2248 2056 2323; baseline 0.002 -19"><span class='ocrx_word' id='word_1_266' title='bbox 396 2249 706 2321; x_wconf 89' lang='lat' dir='ltr'>negatione</span> <span class='ocrx_word' id='word_1_267' title='bbox 735 2248 1070 2303; x_wconf 88' lang='lat' dir='ltr'>continetur</span> <span class='ocrx_word' id='word_1_268' title='bbox 1094 2248 1181 2304; x_wconf 83' lang='lat' dir='ltr'>vel</span> <span class='ocrx_word' id='word_1_269' title='bbox 1216 2253 1280 2303; x_wconf 93' lang='lat' dir='ltr'>ut</span> <span class='ocrx_word' id='word_1_270' title='bbox 1310 2266 1444 2304; x_wconf 90' lang='lat' dir='ltr'>cum</span> <span class='ocrx_word' id='word_1_271' title='bbox 1468 2251 1781 2321; x_wconf 66' lang='lat' dir='ltr'>predicato</span> <span class='ocrx_word' id='word_1_272' title='bbox 1815 2254 2056 2323; x_wconf 77' lang='lat' dir='ltr'>conjun-</span> 
     </span>
    </p>
   </div>
   <div class='ocr_carea' id='block_1_41' title="bbox 397 2338 2052 2412">
    <p class='ocr_par' dir='ltr' id='par_1_41' title="bbox 397 2338 2052 2412">
     <span class='ocr_line' id='line_1_41' title="bbox 397 2338 2052 2412; baseline 0.002 -18"><span class='ocrx_word' id='word_1_273' title='bbox 397 2339 576 2412; x_wconf 86' lang='lat' dir='ltr'>gitur.</span> <span class='ocrx_word' id='word_1_274' title='bbox 613 2339 800 2412; x_wconf 87' lang='lat' dir='ltr'>Magis</span> <span class='ocrx_word' id='word_1_275' title='bbox 830 2338 1009 2409; x_wconf 82' lang='lat' dir='ltr'>igitur</span> <span class='ocrx_word' id='word_1_276' title='bbox 1037 2339 1213 2394; x_wconf 89' lang='lat' dir='ltr'>etiam</span> <span class='ocrx_word' id='word_1_277' title='bbox 1246 2339 1369 2394; x_wconf 60' lang='lat' dir='ltr'>haec</span> <span class='ocrx_word' id='word_1_278' title='bbox 1399 2340 1471 2395; x_wconf 91' lang='lat' dir='ltr'>ad</span> <span class='ocrx_word' id='word_1_279' title='bbox 1514 2340 1841 2397; x_wconf 87' lang='lat' dir='ltr'>universale</span> <span class='ocrx_word' id='word_1_280' title='bbox 1871 2342 2052 2399; x_wconf 85' lang='lat' dir='ltr'>decli-</span> 
     </span>
    </p>
   </div>
   <div class='ocr_carea' id='block_1_42' title="bbox 402 2418 2054 2500">
    <p class='ocr_par' dir='ltr' id='par_1_42' title="bbox 402 2418 2054 2500">
     <span class='ocr_line' id='line_1_42' title="bbox 402 2418 2054 2500; baseline 0.002 -16"><span class='ocrx_word' id='word_1_281' title='bbox 402 2432 524 2499; x_wconf 87' lang='lat' dir='ltr'>nat,</span> <span class='ocrx_word' id='word_1_282' title='bbox 555 2445 690 2483; x_wconf 90' lang='lat' dir='ltr'>cum</span> <span class='ocrx_word' id='word_1_283' title='bbox 722 2428 795 2483; x_wconf 89' lang='lat' dir='ltr'>ab</span> <span class='ocrx_word' id='word_1_284' title='bbox 827 2418 1186 2483; x_wconf 67' lang='lat' dir='ltr'>inﬁciatione</span> <span class='ocrx_word' id='word_1_285' title='bbox 1218 2429 1549 2500; x_wconf 71' lang='lat' dir='ltr'>negationis</span> <span class='ocrx_word' id='word_1_286' title='bbox 1601 2430 1912 2486; x_wconf 86' lang='lat' dir='ltr'>fecerimus</span> <span class='ocrx_word' id='word_1_287' title='bbox 1942 2431 2054 2487; x_wconf 89' lang='lat' dir='ltr'>ini-</span> 
     </span>
    </p>
   </div>
   <div class='ocr_carea' id='block_1_43' title="bbox 401 2517 1651 2590">
    <p class='ocr_par' dir='ltr' id='par_1_43' title="bbox 401 2517 1651 2590">
     <span class='ocr_line' id='line_1_43' title="bbox 401 2517 1651 2590; baseline 0.002 -17"><span class='ocrx_word' id='word_1_288' title='bbox 401 2518 577 2587; x_wconf 88' lang='lat' dir='ltr'>tium,</span> <span class='ocrx_word' id='word_1_289' title='bbox 609 2517 869 2573; x_wconf 88' lang='lat' dir='ltr'>dicentes</span> <span class='ocrx_word' id='word_1_290' title='bbox 903 2535 915 2572; x_wconf 93' lang='lat'>:</span> <span class='ocrx_word' id='word_1_291' title='bbox 950 2518 1074 2573; x_wconf 92' lang='lat' dir='ltr'>Non</span> <span class='ocrx_word' id='word_1_292' title='bbox 1107 2522 1197 2573; x_wconf 89' lang='lat' dir='ltr'>est</span> <span class='ocrx_word' id='word_1_293' title='bbox 1226 2517 1402 2574; x_wconf 91' lang='lat' dir='ltr'>homo</span> <span class='ocrx_word' id='word_1_294' title='bbox 1425 2520 1651 2590; x_wconf 88' lang='lat' dir='ltr'>justus.</span> 
     </span>
    </p>
   </div>
   <div class='ocr_carea' id='block_1_44' title="bbox 470 2606 2057 2664">
    <p class='ocr_par' dir='ltr' id='par_1_44' title="bbox 470 2606 2057 2664">
     <span class='ocr_line' id='line_1_44' title="bbox 470 2606 2057 2664; baseline 0.001 -3"><span class='ocrx_word' id='word_1_295' title='bbox 470 2607 526 2661; x_wconf 88' lang='lat'>9.</span> <span class='ocrx_word' id='word_1_296' title='bbox 558 2606 654 2661; x_wconf 87' lang='lat' dir='ltr'>Sic</span> <span class='ocrx_word' id='word_1_297' title='bbox 700 2622 834 2662; x_wconf 86' lang='lat' dir='ltr'>vero</span> <span class='ocrx_word' id='word_1_298' title='bbox 884 2606 1060 2663; x_wconf 89' lang='lat' dir='ltr'>etiam</span> <span class='ocrx_word' id='word_1_299' title='bbox 1114 2606 1173 2661; x_wconf 91' lang='lat' dir='ltr'>in</span> <span class='ocrx_word' id='word_1_300' title='bbox 1226 2607 1542 2663; x_wconf 87' lang='lat' dir='ltr'>universali</span> <span class='ocrx_word' id='word_1_301' title='bbox 1588 2608 1981 2664; x_wconf 83' lang='lat' dir='ltr'>afﬁrmatione</span> <span class='ocrx_word' id='word_1_302' title='bbox 2007 2608 2057 2664; x_wconf 94' lang='lat' dir='ltr'>si</span> 
     </span>
    </p>
   </div>
   <div class='ocr_carea' id='block_1_45' title="bbox 400 2694 2055 2767">
    <p class='ocr_par' dir='ltr' id='par_1_45' title="bbox 400 2694 2055 2767">
     <span class='ocr_line' id='line_1_45' title="bbox 400 2694 2055 2767; baseline 0.001 -16"><span class='ocrx_word' id='word_1_303' title='bbox 400 2698 654 2767; x_wconf 90' lang='lat' dir='ltr'>ponatur</span> <span class='ocrx_word' id='word_1_304' title='bbox 683 2694 963 2750; x_wconf 82' lang='lat' dir='ltr'>inﬁciatio</span> <span class='ocrx_word' id='word_1_305' title='bbox 996 2698 1131 2751; x_wconf 84' lang='lat' dir='ltr'>ante</span> <span class='ocrx_word' id='word_1_306' title='bbox 1160 2699 1268 2763; x_wconf 92' lang='lat' dir='ltr'>est,</span> <span class='ocrx_word' id='word_1_307' title='bbox 1301 2700 1359 2751; x_wconf 92' lang='lat' dir='ltr'>et</span> <span class='ocrx_word' id='word_1_308' title='bbox 1404 2696 1493 2752; x_wconf 91' lang='lat' dir='ltr'>vel</span> <span class='ocrx_word' id='word_1_309' title='bbox 1537 2698 1609 2752; x_wconf 87' lang='lat' dir='ltr'>ad</span> <span class='ocrx_word' id='word_1_310' title='bbox 1652 2696 1715 2751; x_wconf 86' lang='grc' dir='ltr'>τὸ</span> <span class='ocrx_word' id='word_1_311' title='bbox 1747 2697 1941 2753; x_wconf 89' lang='lat' dir='ltr'>omnis</span> <span class='ocrx_word' id='word_1_312' title='bbox 1969 2697 2055 2753; x_wconf 90' lang='lat' dir='ltr'>vel</span> 
     </span>
    </p>
   </div>
   <div class='ocr_carea' id='block_1_46' title="bbox 400 2783 2058 2860">
    <p class='ocr_par' dir='ltr' id='par_1_46' title="bbox 400 2783 2058 2860">
     <span class='ocr_line' id='line_1_46' title="bbox 400 2783 2058 2860; baseline 0.001 -20"><span class='ocrx_word' id='word_1_313' title='bbox 400 2784 470 2840; x_wconf 92' lang='lat' dir='ltr'>ad</span> <span class='ocrx_word' id='word_1_314' title='bbox 506 2783 886 2856; x_wconf 73' lang='lat' dir='ltr'>praedicatum</span> <span class='ocrx_word' id='word_1_315' title='bbox 920 2783 1280 2856; x_wconf 86' lang='lat' dir='ltr'>subintelligi</span> <span class='ocrx_word' id='word_1_316' title='bbox 1313 2786 1536 2857; x_wconf 88' lang='lat' dir='ltr'>possit;</span> <span class='ocrx_word' id='word_1_317' title='bbox 1590 2787 1782 2842; x_wconf 89' lang='lat' dir='ltr'>evenit</span> <span class='ocrx_word' id='word_1_318' title='bbox 1824 2792 1890 2842; x_wconf 89' lang='lat' dir='ltr'>ut</span> <span class='ocrx_word' id='word_1_319' title='bbox 1920 2803 2058 2860; x_wconf 83' lang='lat' dir='ltr'>pro-</span> 
     </span>
    </p>
   </div>
   <div class='ocr_carea' id='block_1_47' title="bbox 399 2872 2056 2949">
    <p class='ocr_par' dir='ltr' id='par_1_47' title="bbox 399 2872 2056 2949">
     <span class='ocr_line' id='line_1_47' title="bbox 399 2872 2056 2949; baseline 0.001 -20"><span class='ocrx_word' id='word_1_320' title='bbox 399 2872 610 2945; x_wconf 88' lang='lat' dir='ltr'>positio</span> <span class='ocrx_word' id='word_1_321' title='bbox 642 2877 934 2944; x_wconf 88' lang='lat' dir='ltr'>quatenus</span> <span class='ocrx_word' id='word_1_322' title='bbox 961 2873 1202 2944; x_wconf 89' lang='lat' dir='ltr'>quidem</span> <span class='ocrx_word' id='word_1_323' title='bbox 1233 2874 1802 2949; x_wconf 70' lang='lat' dir='ltr'>(praadeﬁnitionem)</span> <span class='ocrx_word' id='word_1_324' title='bbox 1839 2874 1901 2928; x_wconf 85' lang='grc' dir='ltr'>τὸ</span> <span class='ocrx_word' id='word_1_325' title='bbox 1932 2892 2056 2931; x_wconf 91' lang='lat' dir='ltr'>om-</span> 
     </span>
    </p>
   </div>
   <div class='ocr_carea' id='block_1_48' title="bbox 400 2961 2058 3037">
    <p class='ocr_par' dir='ltr' id='par_1_48' title="bbox 400 2961 2058 3037">
     <span class='ocr_line' id='line_1_48' title="bbox 400 2961 2058 3037; baseline 0.002 -20"><span class='ocrx_word' id='word_1_326' title='bbox 400 2962 494 3017; x_wconf 90' lang='lat' dir='ltr'>nis</span> <span class='ocrx_word' id='word_1_327' title='bbox 522 2961 700 3031; x_wconf 85' lang='lat' dir='ltr'>tollit,</span> <span class='ocrx_word' id='word_1_328' title='bbox 732 2961 889 3017; x_wconf 90' lang='lat' dir='ltr'>idem</span> <span class='ocrx_word' id='word_1_329' title='bbox 922 2979 1058 3017; x_wconf 90' lang='lat' dir='ltr'>cum</span> <span class='ocrx_word' id='word_1_330' title='bbox 1104 2962 1442 3035; x_wconf 88' lang='lat' dir='ltr'>particulari</span> <span class='ocrx_word' id='word_1_331' title='bbox 1490 2965 1798 3037; x_wconf 88' lang='lat' dir='ltr'>negatione</span> <span class='ocrx_word' id='word_1_332' title='bbox 1846 2965 2058 3035; x_wconf 85' lang='lat' dir='ltr'>valeat,</span> 
     </span>
    </p>
   </div>
   <div class='ocr_carea' id='block_1_49' title="bbox 400 3051 2060 3126">
    <p class='ocr_par' dir='ltr' id='par_1_49' title="bbox 400 3051 2060 3126">
     <span class='ocr_line' id='line_1_49' title="bbox 400 3051 2060 3126; baseline 0.003 -22"><span class='ocrx_word' id='word_1_333' title='bbox 400 3051 559 3122; x_wconf 91' lang='lat' dir='ltr'>quod</span> <span class='ocrx_word' id='word_1_334' title='bbox 592 3051 963 3106; x_wconf 80' lang='lat' dir='ltr'>manifestius</span> <span class='ocrx_word' id='word_1_335' title='bbox 992 3056 1255 3123; x_wconf 87' lang='lat' dir='ltr'>apparet,</span> <span class='ocrx_word' id='word_1_336' title='bbox 1286 3052 1335 3108; x_wconf 89' lang='lat' dir='ltr'>si</span> <span class='ocrx_word' id='word_1_337' title='bbox 1365 3051 1427 3105; x_wconf 88' lang='grc' dir='ltr'>τὸ</span> <span class='ocrx_word' id='word_1_338' title='bbox 1459 3070 1574 3108; x_wconf 89' lang='lat' dir='ltr'>non</span> <span class='ocrx_word' id='word_1_339' title='bbox 1606 3060 1697 3109; x_wconf 91' lang='lat' dir='ltr'>est</span> <span class='ocrx_word' id='word_1_340' title='bbox 1745 3054 1803 3109; x_wconf 91' lang='lat' dir='ltr'>in</span> <span class='ocrx_word' id='word_1_341' title='bbox 1844 3054 2060 3126; x_wconf 89' lang='lat' dir='ltr'>princi-</span> 
     </span>
    </p>
   </div>
   <div class='ocr_carea' id='block_1_50' title="bbox 403 3137 2062 3211">
    <p class='ocr_par' dir='ltr' id='par_1_50' title="bbox 403 3137 2062 3211">
     <span class='ocr_line' id='line_1_50' title="bbox 403 3137 2062 3211; baseline 0.002 -18"><span class='ocrx_word' id='word_1_342' title='bbox 403 3137 500 3211; x_wconf 91' lang='lat' dir='ltr'>pio</span> <span class='ocrx_word' id='word_1_343' title='bbox 532 3138 951 3211; x_wconf 90' lang='lat' dir='ltr'>propositionis</span> <span class='ocrx_word' id='word_1_344' title='bbox 982 3143 1251 3210; x_wconf 89' lang='lat' dir='ltr'>ponatur.</span> <span class='ocrx_word' id='word_1_345' title='bbox 1284 3139 1458 3195; x_wconf 87' lang='lat' dir='ltr'>Velut</span> <span class='ocrx_word' id='word_1_346' title='bbox 1491 3156 1505 3194; x_wconf 90' lang='lat'>:</span> <span class='ocrx_word' id='word_1_347' title='bbox 1560 3141 1684 3195; x_wconf 89' lang='lat' dir='ltr'>Non</span> <span class='ocrx_word' id='word_1_348' title='bbox 1733 3151 1820 3196; x_wconf 84' lang='lat' dir='ltr'>est</span> <span class='ocrx_word' id='word_1_349' title='bbox 1869 3141 2062 3197; x_wconf 90' lang='lat' dir='ltr'>omnis</span> 
     </span>
    </p>
   </div>
   <div class='ocr_carea' id='block_1_51' title="bbox 405 3226 2061 3300">
    <p class='ocr_par' dir='ltr' id='par_1_51' title="bbox 405 3226 2061 3300">
     <span class='ocr_line' id='line_1_51' title="bbox 405 3226 2061 3300; baseline 0.002 -19"><span class='ocrx_word' id='word_1_350' title='bbox 405 3227 584 3282; x_wconf 91' lang='lat' dir='ltr'>homo</span> <span class='ocrx_word' id='word_1_351' title='bbox 615 3226 879 3298; x_wconf 87' lang='lat' dir='ltr'>sapiens:</span> <span class='ocrx_word' id='word_1_352' title='bbox 906 3230 1198 3298; x_wconf 89' lang='lat' dir='ltr'>quatenus</span> <span class='ocrx_word' id='word_1_353' title='bbox 1219 3244 1352 3283; x_wconf 90' lang='lat' dir='ltr'>vero</span> <span class='ocrx_word' id='word_1_354' title='bbox 1378 3229 1757 3300; x_wconf 73' lang='lat' dir='ltr'>przedicatum</span> <span class='ocrx_word' id='word_1_355' title='bbox 1780 3234 2061 3297; x_wconf 88' lang='lat' dir='ltr'>removet,</span> 
     </span>
    </p>
   </div>
   <div class='ocr_carea' id='block_1_52' title="bbox 406 3300 2135 3388">
    <p class='ocr_par' dir='ltr' id='par_1_52' title="bbox 406 3300 2135 3388">
     <span class='ocr_line' id='line_1_52' title="bbox 406 3300 2135 3388; baseline 0.003 -19"><span class='ocrx_word' id='word_1_356' title='bbox 406 3314 724 3370; x_wconf 84' lang='lat' dir='ltr'>universali</span> <span class='ocrx_word' id='word_1_357' title='bbox 755 3316 1048 3388; x_wconf 79' lang='lat' dir='ltr'>nega‘tioni</span> <span class='ocrx_word' id='word_1_358' title='bbox 1083 3316 1306 3388; x_wconf 72' lang='lat' dir='ltr'>aequale</span> <span class='ocrx_word' id='word_1_359' title='bbox 1325 3318 1504 3372; x_wconf 91' lang='lat' dir='ltr'>robur</span> <span class='ocrx_word' id='word_1_360' title='bbox 1529 3318 1779 3375; x_wconf 87' lang='lat' dir='ltr'>habeat:</span> <span class='ocrx_word' id='word_1_361' title='bbox 1816 3323 1901 3386; x_wconf 88' lang='lat' dir='ltr'>ut,</span> <span class='ocrx_word' id='word_1_362' title='bbox 1932 3319 2065 3375; x_wconf 83' lang='lat' dir='ltr'>Om-</span> <span class='ocrx_word' id='word_1_363' title='bbox 2092 3300 2135 3366; x_wconf 68' lang='grc' dir='ltr'>Ο</span> 
     </span>
    </p>
   </div>
   <div class='ocr_carea' id='block_1_53' title="bbox 405 3403 2060 3478">
    <p class='ocr_par' dir='ltr' id='par_1_53' title="bbox 405 3403 2060 3478">
     <span class='ocr_line' id='line_1_53' title="bbox 405 3403 2060 3478; baseline 0.003 -19"><span class='ocrx_word' id='word_1_364' title='bbox 405 3403 499 3459; x_wconf 90' lang='lat' dir='ltr'>nis</span> <span class='ocrx_word' id='word_1_365' title='bbox 530 3403 707 3459; x_wconf 87' lang='lat' dir='ltr'>homo</span> <span class='ocrx_word' id='word_1_366' title='bbox 738 3421 853 3460; x_wconf 90' lang='lat' dir='ltr'>non</span> <span class='ocrx_word' id='word_1_367' title='bbox 886 3409 975 3461; x_wconf 86' lang='lat' dir='ltr'>est</span> <span class='ocrx_word' id='word_1_368' title='bbox 1000 3405 1258 3478; x_wconf 89' lang='lat' dir='ltr'>sapiens,</span> <span class='ocrx_word' id='word_1_369' title='bbox 1281 3407 1435 3478; x_wconf 90' lang='lat' dir='ltr'>quod</span> <span class='ocrx_word' id='word_1_370' title='bbox 1456 3406 1613 3462; x_wconf 90' lang='lat' dir='ltr'>idem</span> <span class='ocrx_word' id='word_1_371' title='bbox 1645 3412 1734 3463; x_wconf 90' lang='lat' dir='ltr'>est</span> <span class='ocrx_word' id='word_1_372' title='bbox 1762 3423 1895 3463; x_wconf 91' lang='lat' dir='ltr'>cum</span> <span class='ocrx_word' id='word_1_373' title='bbox 1918 3408 2060 3465; x_wconf 88' lang='lat' dir='ltr'>hoc:</span> 
     </span>
    </p>
   </div>
   <div class='ocr_carea' id='block_1_54' title="bbox 407 3491 1231 3567">
    <p class='ocr_par' dir='ltr' id='par_1_54' title="bbox 407 3491 1231 3567">
     <span class='ocr_line' id='line_1_54' title="bbox 407 3491 1231 3567; baseline 0 -19"><span class='ocrx_word' id='word_1_374' title='bbox 407 3491 617 3548; x_wconf 90' lang='lat' dir='ltr'>Nullus</span> <span class='ocrx_word' id='word_1_375' title='bbox 648 3492 825 3549; x_wconf 90' lang='lat' dir='ltr'>homo</span> <span class='ocrx_word' id='word_1_376' title='bbox 853 3498 943 3549; x_wconf 89' lang='lat' dir='ltr'>est</span> <span class='ocrx_word' id='word_1_377' title='bbox 974 3494 1231 3567; x_wconf 88' lang='lat' dir='ltr'>sapiens.</span> 
     </span>
    </p>
   </div>
   <div class='ocr_carea' id='block_1_55' title="bbox 480 3582 2063 3659">
    <p class='ocr_par' dir='ltr' id='par_1_55' title="bbox 480 3582 2063 3659">
     <span class='ocr_line' id='line_1_55' title="bbox 480 3582 2063 3659; baseline 0.004 -24"><span class='ocrx_word' id='word_1_378' title='bbox 480 3582 568 3637; x_wconf 93' lang='grc'>10.</span> <span class='ocrx_word' id='word_1_379' title='bbox 600 3582 746 3638; x_wconf 88' lang='lat' dir='ltr'>Cum</span> <span class='ocrx_word' id='word_1_380' title='bbox 771 3587 969 3638; x_wconf 89' lang='lat' dir='ltr'>autem</span> <span class='ocrx_word' id='word_1_381' title='bbox 999 3586 1119 3639; x_wconf 90' lang='lat' dir='ltr'>tres</span> <span class='ocrx_word' id='word_1_382' title='bbox 1150 3588 1291 3639; x_wconf 87' lang='lat' dir='ltr'>sunt</span> <span class='ocrx_word' id='word_1_383' title='bbox 1324 3583 1791 3656; x_wconf 89' lang='lat' dir='ltr'>pr0positionum</span> <span class='ocrx_word' id='word_1_384' title='bbox 1815 3585 2063 3659; x_wconf 87' lang='lat' dir='ltr'>species,</span> 
     </span>
    </p>
   </div>
   <div class='ocr_carea' id='block_1_56' title="bbox 406 3671 2062 3747">
    <p class='ocr_par' dir='ltr' id='par_1_56' title="bbox 406 3671 2062 3747">
     <span class='ocr_line' id='line_1_56' title="bbox 406 3671 2062 3747; baseline 0.004 -23"><span class='ocrx_word' id='word_1_385' title='bbox 406 3686 619 3742; x_wconf 88' lang='lat' dir='ltr'>nempe</span> <span class='ocrx_word' id='word_1_386' title='bbox 649 3671 1593 3743; x_wconf 65' lang='lat' dir='ltr'>praedeﬁnitae,etimprtedeﬁnitaa</span> <span class='ocrx_word' id='word_1_387' title='bbox 1623 3678 1679 3729; x_wconf 92' lang='lat' dir='ltr'>et</span> <span class='ocrx_word' id='word_1_388' title='bbox 1710 3673 2062 3747; x_wconf 87' lang='lat' dir='ltr'>singulares:</span> 
     </span>
    </p>
   </div>
   <div class='ocr_carea' id='block_1_57' title="bbox 409 3758 2068 3833">
    <p class='ocr_par' dir='ltr' id='par_1_57' title="bbox 409 3758 2068 3833">
     <span class='ocr_line' id='line_1_57' title="bbox 409 3758 2068 3833; baseline 0.004 -20"><span class='ocrx_word' id='word_1_389' title='bbox 409 3758 787 3830; x_wconf 68' lang='lat' dir='ltr'>praedeﬁnitae</span> <span class='ocrx_word' id='word_1_390' title='bbox 818 3759 1059 3831; x_wconf 89' lang='lat' dir='ltr'>quidem</span> <span class='ocrx_word' id='word_1_391' title='bbox 1089 3765 1147 3815; x_wconf 90' lang='lat' dir='ltr'>et</span> <span class='ocrx_word' id='word_1_392' title='bbox 1177 3760 1640 3830; x_wconf 68' lang='lat' dir='ltr'>impraedeﬁnitaa</span> <span class='ocrx_word' id='word_1_393' title='bbox 1669 3764 1863 3833; x_wconf 90' lang='lat' dir='ltr'>quoad</span> <span class='ocrx_word' id='word_1_394' title='bbox 1894 3779 2068 3819; x_wconf 90' lang='lat' dir='ltr'>omne</span> 
     </span>
    </p>
   </div>
   <div class='ocr_carea' id='block_1_58' title="bbox 406 3848 2068 3924">
    <p class='ocr_par' dir='ltr' id='par_1_58' title="bbox 406 3848 2068 3924">
     <span class='ocr_line' id='line_1_58' title="bbox 406 3848 2068 3924; baseline 0.003 -22"><span class='ocrx_word' id='word_1_395' title='bbox 406 3851 645 3919; x_wconf 89' lang='lat' dir='ltr'>tempus</span> <span class='ocrx_word' id='word_1_396' title='bbox 675 3848 746 3902; x_wconf 88' lang='lat' dir='ltr'>ad</span> <span class='ocrx_word' id='word_1_397' title='bbox 779 3848 1164 3905; x_wconf 86' lang='lat' dir='ltr'>dividendum</span> <span class='ocrx_word' id='word_1_398' title='bbox 1193 3866 1398 3905; x_wconf 86' lang='lat' dir='ltr'>verum</span> <span class='ocrx_word' id='word_1_399' title='bbox 1432 3854 1489 3906; x_wconf 91' lang='lat' dir='ltr'>et</span> <span class='ocrx_word' id='word_1_400' title='bbox 1519 3850 1737 3906; x_wconf 84' lang='lat' dir='ltr'>falsum</span> <span class='ocrx_word' id='word_1_401' title='bbox 1768 3852 1987 3924; x_wconf 87' lang='lat' dir='ltr'>pariter</span> <span class='ocrx_word' id='word_1_402' title='bbox 2006 3868 2068 3907; x_wconf 90' lang='lat' dir='ltr'>se</span> 
     </span>
    </p>
   </div>
   <div class='ocr_carea' id='block_1_59' title="bbox 412 3936 2067 4013">
    <p class='ocr_par' dir='ltr' id='par_1_59' title="bbox 412 3936 2067 4013">
     <span class='ocr_line' id='line_1_59' title="bbox 412 3936 2067 4013; baseline 0.004 -22"><span class='ocrx_word' id='word_1_403' title='bbox 412 3936 670 4001; x_wconf 89' lang='lat' dir='ltr'>habent;</span> <span class='ocrx_word' id='word_1_404' title='bbox 706 3936 1034 4009; x_wconf 86' lang='lat' dir='ltr'>singulares</span> <span class='ocrx_word' id='word_1_405' title='bbox 1065 3942 1261 3993; x_wconf 90' lang='lat' dir='ltr'>autem</span> <span class='ocrx_word' id='word_1_406' title='bbox 1293 3938 1353 3993; x_wconf 92' lang='lat' dir='ltr'>in</span> <span class='ocrx_word' id='word_1_407' title='bbox 1386 3940 1718 3995; x_wconf 87' lang='lat' dir='ltr'>necessaria</span> <span class='ocrx_word' id='word_1_408' title='bbox 1746 3946 1803 3996; x_wconf 89' lang='lat' dir='ltr'>et</span> <span class='ocrx_word' id='word_1_409' title='bbox 1847 3941 2067 4013; x_wconf 89' lang='lat' dir='ltr'>impos-</span> 
     </span>
    </p>
   </div>
   <div class='ocr_carea' id='block_1_60' title="bbox 413 4023 2070 4102">
    <p class='ocr_par' dir='ltr' id='par_1_60' title="bbox 413 4023 2070 4102">
     <span class='ocr_line' id='line_1_60' title="bbox 413 4023 2070 4102; baseline 0.003 -22"><span class='ocrx_word' id='word_1_410' title='bbox 413 4023 571 4080; x_wconf 89' lang='lat' dir='ltr'>sibili</span> <span class='ocrx_word' id='word_1_411' title='bbox 603 4025 849 4081; x_wconf 90' lang='lat' dir='ltr'>materia</span> <span class='ocrx_word' id='word_1_412' title='bbox 877 4026 1065 4097; x_wconf 84' lang='lat' dir='ltr'>quoad</span> <span class='ocrx_word' id='word_1_413' title='bbox 1118 4043 1291 4082; x_wconf 89' lang='lat' dir='ltr'>omne</span> <span class='ocrx_word' id='word_1_414' title='bbox 1351 4027 1503 4084; x_wconf 75' lang='lat'>298</span> <span class='ocrx_word' id='word_1_415' title='bbox 1552 4028 1788 4100; x_wconf 88' lang='lat' dir='ltr'>quidem</span> <span class='ocrx_word' id='word_1_416' title='bbox 1833 4034 2070 4102; x_wconf 90' lang='lat' dir='ltr'>tempus</span> 
     </span>
    </p>
   </div>
   <div class='ocr_carea' id='block_1_61' title="bbox 417 4112 2072 4190">
    <p class='ocr_par' dir='ltr' id='par_1_61' title="bbox 417 4112 2072 4190">
     <span class='ocr_line' id='line_1_61' title="bbox 417 4112 2072 4190; baseline 0.004 -23"><span class='ocrx_word' id='word_1_417' title='bbox 417 4112 657 4167; x_wconf 84' lang='lat' dir='ltr'>definite</span> <span class='ocrx_word' id='word_1_418' title='bbox 687 4130 888 4168; x_wconf 87' lang='lat' dir='ltr'>verum</span> <span class='ocrx_word' id='word_1_419' title='bbox 923 4122 979 4169; x_wconf 82' lang='lat' dir='ltr'>et</span> <span class='ocrx_word' id='word_1_420' title='bbox 1009 4114 1223 4170; x_wconf 86' lang='lat' dir='ltr'>falsum</span> <span class='ocrx_word' id='word_1_421' title='bbox 1256 4116 1562 4184; x_wconf 86' lang='lat' dir='ltr'>dividunt;</span> <span class='ocrx_word' id='word_1_422' title='bbox 1606 4117 1665 4172; x_wconf 92' lang='lat' dir='ltr'>in</span> <span class='ocrx_word' id='word_1_423' title='bbox 1696 4117 2072 4190; x_wconf 87' lang='lat' dir='ltr'>contingente</span> 
     </span>
    </p>
   </div>
   <div class='ocr_carea' id='block_1_62' title="bbox 413 4204 2072 4278">
    <p class='ocr_par' dir='ltr' id='par_1_62' title="bbox 413 4204 2072 4278">
     <span class='ocr_line' id='line_1_62' title="bbox 413 4204 2072 4278; baseline 0.004 -21"><span class='ocrx_word' id='word_1_424' title='bbox 413 4217 547 4257; x_wconf 87' lang='lat' dir='ltr'>vero</span> <span class='ocrx_word' id='word_1_425' title='bbox 578 4204 768 4273; x_wconf 88' lang='lat' dir='ltr'>quoad</span> <span class='ocrx_word' id='word_1_426' title='bbox 817 4221 1072 4274; x_wconf 82' lang='lat' dir='ltr'>praesens</span> <span class='ocrx_word' id='word_1_427' title='bbox 1113 4209 1169 4259; x_wconf 89' lang='lat' dir='ltr'>et</span> <span class='ocrx_word' id='word_1_428' title='bbox 1199 4207 1556 4276; x_wconf 76' lang='lat' dir='ltr'>praeteritum</span> <span class='ocrx_word' id='word_1_429' title='bbox 1588 4206 1847 4277; x_wconf 85' lang='lat' dir='ltr'>definite,</span> <span class='ocrx_word' id='word_1_430' title='bbox 1881 4208 2072 4278; x_wconf 90' lang='lat' dir='ltr'>quoad</span> 
     </span>
    </p>
   </div>
   <div class='ocr_carea' id='block_1_63' title="bbox 416 4291 2072 4367">
    <p class='ocr_par' dir='ltr' id='par_1_63' title="bbox 416 4291 2072 4367">
     <span class='ocr_line' id='line_1_63' title="bbox 416 4291 2072 4367; baseline 0.004 -22"><span class='ocrx_word' id='word_1_431' title='bbox 416 4291 681 4345; x_wconf 88' lang='lat' dir='ltr'>futurum</span> <span class='ocrx_word' id='word_1_432' title='bbox 712 4291 1017 4347; x_wconf 80' lang='lat' dir='ltr'>indefinite</span> <span class='ocrx_word' id='word_1_433' title='bbox 1044 4309 1056 4346; x_wconf 90' lang='lat'>:</span> <span class='ocrx_word' id='word_1_434' title='bbox 1084 4292 1261 4361; x_wconf 89' lang='lat' dir='ltr'>velut,</span> <span class='ocrx_word' id='word_1_435' title='bbox 1293 4298 1558 4349; x_wconf 87' lang='lat' dir='ltr'>Socrates</span> <span class='ocrx_word' id='word_1_436' title='bbox 1588 4295 1935 4367; x_wconf 88' lang='lat' dir='ltr'>disputabit,</span> <span class='ocrx_word' id='word_1_437' title='bbox 1950 4302 2072 4365; x_wconf 88' lang='lat' dir='ltr'>aut,</span> 
     </span>
    </p>
   </div>
   <div class='ocr_carea' id='block_1_64' title="bbox 419 4380 2076 4455">
    <p class='ocr_par' dir='ltr' id='par_1_64' title="bbox 419 4380 2076 4455">
     <span class='ocr_line' id='line_1_64' title="bbox 419 4380 2076 4455; baseline 0.004 -21"><span class='ocrx_word' id='word_1_438' title='bbox 419 4380 689 4435; x_wconf 87' lang='lat' dir='ltr'>Socrates</span> <span class='ocrx_word' id='word_1_439' title='bbox 738 4397 855 4435; x_wconf 90' lang='lat' dir='ltr'>non</span> <span class='ocrx_word' id='word_1_440' title='bbox 906 4381 1253 4453; x_wconf 84' lang='lat' dir='ltr'>disputabit.</span> <span class='ocrx_word' id='word_1_441' title='bbox 1288 4383 1451 4446; x_wconf 92' lang='lat' dir='ltr'>Quod</span> <span class='ocrx_word' id='word_1_442' title='bbox 1501 4384 1657 4438; x_wconf 88' lang='lat' dir='ltr'>enim</span> <span class='ocrx_word' id='word_1_443' title='bbox 1701 4382 1939 4455; x_wconf 89' lang='lat' dir='ltr'>quidem</span> <span class='ocrx_word' id='word_1_444' title='bbox 1973 4388 2076 4440; x_wconf 90' lang='lat' dir='ltr'>aut</span> 
     </span>
    </p>
   </div>
   <div class='ocr_carea' id='block_1_65' title="bbox 417 4468 2074 4543">
    <p class='ocr_par' dir='ltr' id='par_1_65' title="bbox 417 4468 2074 4543">
     <span class='ocr_line' id='line_1_65' title="bbox 417 4468 2074 4543; baseline 0.003 -21"><span class='ocrx_word' id='word_1_445' title='bbox 417 4468 829 4540; x_wconf 89' lang='lat' dir='ltr'>disputaturus</span> <span class='ocrx_word' id='word_1_446' title='bbox 860 4475 963 4525; x_wconf 90' lang='lat' dir='ltr'>aut</span> <span class='ocrx_word' id='word_1_447' title='bbox 992 4487 1109 4525; x_wconf 90' lang='lat' dir='ltr'>non</span> <span class='ocrx_word' id='word_1_448' title='bbox 1131 4470 1545 4543; x_wconf 88' lang='lat' dir='ltr'>disputaturus</span> <span class='ocrx_word' id='word_1_449' title='bbox 1563 4471 1660 4542; x_wconf 89' lang='lat' dir='ltr'>sit,</span> <span class='ocrx_word' id='word_1_450' title='bbox 1693 4471 2074 4527; x_wconf 81' lang='lat' dir='ltr'>manifestum</span> 
     </span>
    </p>
   </div>
   <div class='ocr_carea' id='block_1_66' title="bbox 423 4556 2075 4631">
    <p class='ocr_par' dir='ltr' id='par_1_66' title="bbox 423 4556 2075 4631">
     <span class='ocr_line' id='line_1_66' title="bbox 423 4556 2075 4631; baseline 0.003 -20"><span class='ocrx_word' id='word_1_451' title='bbox 423 4568 532 4612; x_wconf 88' lang='lat' dir='ltr'>est.</span> <span class='ocrx_word' id='word_1_452' title='bbox 566 4556 706 4613; x_wconf 90' lang='lat' dir='ltr'>Utra</span> <span class='ocrx_word' id='word_1_453' title='bbox 737 4563 933 4612; x_wconf 88' lang='lat' dir='ltr'>autem</span> <span class='ocrx_word' id='word_1_454' title='bbox 966 4560 1449 4615; x_wconf 87' lang='lat' dir='ltr'>contradictionis</span> <span class='ocrx_word' id='word_1_455' title='bbox 1483 4577 1618 4631; x_wconf 88' lang='lat' dir='ltr'>pars</span> <span class='ocrx_word' id='word_1_456' title='bbox 1649 4560 1770 4615; x_wconf 90' lang='lat' dir='ltr'>sive</span> <span class='ocrx_word' id='word_1_457' title='bbox 1816 4561 2075 4616; x_wconf 83' lang='lat' dir='ltr'>afﬁrma-</span> 
     </span>
    </p>
   </div>
   <div class='ocr_carea' id='block_1_67' title="bbox 2163 2064 3818 2147">
    <p class='ocr_par' dir='ltr' id='par_1_67' title="bbox 2163 2064 3818 2147">
     <span class='ocr_line' id='line_1_67' title="bbox 2163 2064 3818 2147; baseline -0.001 -24"><span class='ocrx_word' id='word_1_458' title='bbox 2163 2066 2390 2141; x_wconf 84' lang='grc' dir='ltr'>δυνάμει</span> <span class='ocrx_word' id='word_1_459' title='bbox 2440 2066 2834 2145; x_wconf 84' lang='grc' dir='ltr'>περιεχόμενον</span> <span class='ocrx_word' id='word_1_460' title='bbox 2886 2067 2936 2122; x_wconf 86' lang='grc' dir='ltr'>έν</span> <span class='ocrx_word' id='word_1_461' title='bbox 2977 2071 3047 2141; x_wconf 83' lang='grc' dir='ltr'>τῇ</span> <span class='ocrx_word' id='word_1_462' title='bbox 3097 2064 3396 2143; x_wconf 84' lang='grc' dir='ltr'>ἀδιορίστῳ</span> <span class='ocrx_word' id='word_1_463' title='bbox 3442 2066 3818 2147; x_wconf 74' lang='grc' dir='ltr'>καταφάσει,ἢ</span> 
     </span>
    </p>
   </div>
   <div class='ocr_carea' id='block_1_68' title="bbox 2162 2154 3825 2234">
    <p class='ocr_par' dir='ltr' id='par_1_68' title="bbox 2162 2154 3825 2234">
     <span class='ocr_line' id='line_1_68' title="bbox 2162 2154 3825 2234; baseline -0.001 -22"><span class='ocrx_word' id='word_1_464' title='bbox 2162 2158 2237 2220; x_wconf 85' lang='grc' dir='ltr'>ὡς</span> <span class='ocrx_word' id='word_1_465' title='bbox 2288 2158 2426 2234; x_wconf 86' lang='grc' dir='ltr'>πρὸς</span> <span class='ocrx_word' id='word_1_466' title='bbox 2471 2157 2537 2212; x_wconf 83' lang='grc' dir='ltr'>τὸ</span> <span class='ocrx_word' id='word_1_467' title='bbox 2580 2156 3085 2232; x_wconf 74' lang='grc' dir='ltr'>κατηγορούμενον.</span> <span class='ocrx_word' id='word_1_468' title='bbox 3134 2154 3361 2213; x_wconf 81' lang='grc' dir='ltr'>Μᾶλλον</span> <span class='ocrx_word' id='word_1_469' title='bbox 3419 2158 3519 2231; x_wconf 78' lang='grc' dir='ltr'>μὶν</span> <span class='ocrx_word' id='word_1_470' title='bbox 3570 2155 3662 2212; x_wconf 78' lang='grc' dir='ltr'>οὖν</span> <span class='ocrx_word' id='word_1_471' title='bbox 3696 2156 3825 2211; x_wconf 85' lang='grc' dir='ltr'>ἀπο-</span> 
     </span>
    </p>
   </div>
   <div class='ocr_carea' id='block_1_69' title="bbox 2162 2243 3823 2321">
    <p class='ocr_par' dir='ltr' id='par_1_69' title="bbox 2162 2243 3823 2321">
     <span class='ocr_line' id='line_1_69' title="bbox 2162 2243 3823 2321; baseline -0.002 -19"><span class='ocrx_word' id='word_1_472' title='bbox 2162 2245 2335 2303; x_wconf 88' lang='grc' dir='ltr'>κλίνει</span> <span class='ocrx_word' id='word_1_473' title='bbox 2364 2246 2454 2301; x_wconf 80' lang='grc' dir='ltr'>καὶ</span> <span class='ocrx_word' id='word_1_474' title='bbox 2486 2245 2620 2316; x_wconf 78' lang='grc' dir='ltr'>αὕτη</span> <span class='ocrx_word' id='word_1_475' title='bbox 2670 2246 2806 2321; x_wconf 87' lang='grc' dir='ltr'>πρὸς</span> <span class='ocrx_word' id='word_1_476' title='bbox 2854 2246 2918 2300; x_wconf 85' lang='grc' dir='ltr'>τὸ</span> <span class='ocrx_word' id='word_1_477' title='bbox 2962 2243 3225 2318; x_wconf 84' lang='grc' dir='ltr'>καθόλου,</span> <span class='ocrx_word' id='word_1_478' title='bbox 3273 2246 3404 2302; x_wconf 74' lang='grc' dir='ltr'>ὅταν</span> <span class='ocrx_word' id='word_1_479' title='bbox 3450 2246 3561 2303; x_wconf 88' lang='grc' dir='ltr'>ἀπὸ</span> <span class='ocrx_word' id='word_1_480' title='bbox 3607 2252 3708 2316; x_wconf 84' lang='grc' dir='ltr'>τῆς</span> <span class='ocrx_word' id='word_1_481' title='bbox 3738 2246 3823 2318; x_wconf 89' lang='grc' dir='ltr'>ἀρ-</span> 
     </span>
    </p>
   </div>
   <div class='ocr_carea' id='block_1_70' title="bbox 2161 2331 3827 2414">
    <p class='ocr_par' dir='ltr' id='par_1_70' title="bbox 2161 2331 3827 2414">
     <span class='ocr_line' id='line_1_70' title="bbox 2161 2331 3827 2414; baseline -0.002 -24"><span class='ocrx_word' id='word_1_482' title='bbox 2161 2338 2366 2408; x_wconf 75' lang='grc' dir='ltr'>νήσεως</span> <span class='ocrx_word' id='word_1_483' title='bbox 2424 2336 2715 2409; x_wconf 88' lang='grc' dir='ltr'>ποιώμεθα</span> <span class='ocrx_word' id='word_1_484' title='bbox 2766 2341 2867 2404; x_wconf 80' lang='grc' dir='ltr'>τῆς</span> <span class='ocrx_word' id='word_1_485' title='bbox 2924 2334 3243 2413; x_wconf 78' lang='grc' dir='ltr'>ἀποφάσεως</span> <span class='ocrx_word' id='word_1_486' title='bbox 3299 2337 3404 2406; x_wconf 77' lang='grc' dir='ltr'>τήν</span> <span class='ocrx_word' id='word_1_487' title='bbox 3467 2335 3674 2414; x_wconf 79' lang='grc' dir='ltr'>ἀρχὴν,</span> <span class='ocrx_word' id='word_1_488' title='bbox 3725 2331 3827 2387; x_wconf 79' lang='grc' dir='ltr'>Οὐκ</span> 
     </span>
    </p>
   </div>
   <div class='ocr_carea' id='block_1_71' title="bbox 2165 2421 3188 2502">
    <p class='ocr_par' dir='ltr' id='par_1_71' title="bbox 2165 2421 3188 2502">
     <span class='ocr_line' id='line_1_71' title="bbox 2165 2421 3188 2502; baseline 0.001 -22"><span class='ocrx_word' id='word_1_489' title='bbox 2165 2422 2306 2480; x_wconf 78' lang='grc' dir='ltr'>ἔστιν</span> <span class='ocrx_word' id='word_1_490' title='bbox 2340 2421 2623 2502; x_wconf 80' lang='grc' dir='ltr'>ἄνθρωπος</span> <span class='ocrx_word' id='word_1_491' title='bbox 2654 2421 2886 2496; x_wconf 85' lang='grc' dir='ltr'>δίκαιος,</span> <span class='ocrx_word' id='word_1_492' title='bbox 2919 2421 3188 2500; x_wconf 84' lang='grc' dir='ltr'>λέγοντες.</span> 
     </span>
    </p>
   </div>
   <div class='ocr_carea' id='block_1_72' title="bbox 2239 2600 3824 2681">
    <p class='ocr_par' dir='ltr' id='par_1_72' title="bbox 2239 2600 3824 2681">
     <span class='ocr_line' id='line_1_72' title="bbox 2239 2600 3824 2681; baseline -0.002 -23"><span class='ocrx_word' id='word_1_493' title='bbox 2239 2605 2304 2660; x_wconf 86' lang='grc' dir='ltr'>θ’.</span> <span class='ocrx_word' id='word_1_494' title='bbox 2351 2602 2505 2658; x_wconf 72' lang='grc' dir='ltr'>Οὕτω</span> <span class='ocrx_word' id='word_1_495' title='bbox 2550 2602 2641 2658; x_wconf 82' lang='grc' dir='ltr'>καὶ</span> <span class='ocrx_word' id='word_1_496' title='bbox 2688 2601 2785 2657; x_wconf 89' lang='grc' dir='ltr'>κάν</span> <span class='ocrx_word' id='word_1_497' title='bbox 2835 2606 2905 2677; x_wconf 77' lang='grc' dir='ltr'>τῇ</span> <span class='ocrx_word' id='word_1_498' title='bbox 2950 2600 3191 2666; x_wconf 80' lang='grc' dir='ltr'>καθόλου</span> <span class='ocrx_word' id='word_1_499' title='bbox 3240 2604 3539 2681; x_wconf 75' lang='grc' dir='ltr'>καταφάσει</span> <span class='ocrx_word' id='word_1_500' title='bbox 3595 2608 3696 2673; x_wconf 85' lang='grc' dir='ltr'>τῆς</span> <span class='ocrx_word' id='word_1_501' title='bbox 3741 2601 3824 2676; x_wconf 86' lang='grc' dir='ltr'>ἀρ-</span> 
     </span>
    </p>
   </div>
   <div class='ocr_carea' id='block_1_73' title="bbox 2167 2689 3822 2768">
    <p class='ocr_par' dir='ltr' id='par_1_73' title="bbox 2167 2689 3822 2768">
     <span class='ocr_line' id='line_1_73' title="bbox 2167 2689 3822 2768; baseline 0.003 -21"><span class='ocrx_word' id='word_1_502' title='bbox 2167 2695 2378 2764; x_wconf 76' lang='grc' dir='ltr'>νήσεως</span> <span class='ocrx_word' id='word_1_503' title='bbox 2436 2693 2727 2765; x_wconf 74' lang='grc' dir='ltr'>τιθεμένης</span> <span class='ocrx_word' id='word_1_504' title='bbox 2781 2692 2888 2768; x_wconf 82' lang='grc' dir='ltr'>πρὸ</span> <span class='ocrx_word' id='word_1_505' title='bbox 2943 2696 3041 2747; x_wconf 77' lang='grc' dir='ltr'>τοῦ</span> <span class='ocrx_word' id='word_1_506' title='bbox 3097 2690 3230 2759; x_wconf 82' lang='grc' dir='ltr'>ἐστι,</span> <span class='ocrx_word' id='word_1_507' title='bbox 3291 2692 3385 2747; x_wconf 77' lang='grc' dir='ltr'>καὶ</span> <span class='ocrx_word' id='word_1_508' title='bbox 3447 2689 3748 2765; x_wconf 70' lang='grc' dir='ltr'>δυναμένης</span> <span class='ocrx_word' id='word_1_509' title='bbox 3789 2690 3822 2758; x_wconf 73' lang='grc' dir='ltr'><strong>ἢ</strong></span> 
     </span>
    </p>
   </div>
   <div class='ocr_carea' id='block_1_74' title="bbox 2166 2779 3821 2858">
    <p class='ocr_par' dir='ltr' id='par_1_74' title="bbox 2166 2779 3821 2858">
     <span class='ocr_line' id='line_1_74' title="bbox 2166 2779 3821 2858; baseline -0.004 -20"><span class='ocrx_word' id='word_1_510' title='bbox 2166 2783 2304 2858; x_wconf 83' lang='grc' dir='ltr'>πρὸς</span> <span class='ocrx_word' id='word_1_511' title='bbox 2329 2782 2394 2837; x_wconf 81' lang='grc' dir='ltr'>τὸ</span> <span class='ocrx_word' id='word_1_512' title='bbox 2445 2788 2550 2844; x_wconf 87' lang='grc' dir='ltr'>πᾶς</span> <span class='ocrx_word' id='word_1_513' title='bbox 2582 2782 2617 2851; x_wconf 73' lang='grc' dir='ltr'><strong>ἢ</strong></span> <span class='ocrx_word' id='word_1_514' title='bbox 2651 2781 2787 2856; x_wconf 89' lang='grc' dir='ltr'>πρὸς</span> <span class='ocrx_word' id='word_1_515' title='bbox 2830 2782 2894 2836; x_wconf 88' lang='grc' dir='ltr'>τὸ</span> <span class='ocrx_word' id='word_1_516' title='bbox 2937 2780 3421 2858; x_wconf 80' lang='grc' dir='ltr'>κατηγορούμενον</span> <span class='ocrx_word' id='word_1_517' title='bbox 3471 2779 3821 2855; x_wconf 77' lang='grc' dir='ltr'>ἐξακούεσθαι,</span> 
     </span>
    </p>
   </div>
   <div class='ocr_carea' id='block_1_75' title="bbox 2167 2867 3823 2947">
    <p class='ocr_par' dir='ltr' id='par_1_75' title="bbox 2167 2867 3823 2947">
     <span class='ocr_line' id='line_1_75' title="bbox 2167 2867 3823 2947; baseline -0.004 -20"><span class='ocrx_word' id='word_1_518' title='bbox 2167 2867 2453 2945; x_wconf 79' lang='grc' dir='ltr'>συμϐαίνει</span> <span class='ocrx_word' id='word_1_519' title='bbox 2518 2872 2619 2941; x_wconf 81' lang='grc' dir='ltr'>τήν</span> <span class='ocrx_word' id='word_1_520' title='bbox 2677 2870 2934 2943; x_wconf 88' lang='grc' dir='ltr'>πρότασιν</span> <span class='ocrx_word' id='word_1_521' title='bbox 2973 2917 2986 2941; x_wconf 88' lang='grc'>,</span> <span class='ocrx_word' id='word_1_522' title='bbox 3042 2870 3117 2935; x_wconf 84' lang='grc' dir='ltr'>ὡς</span> <span class='ocrx_word' id='word_1_523' title='bbox 3178 2871 3271 2944; x_wconf 81' lang='grc' dir='ltr'>μὲν</span> <span class='ocrx_word' id='word_1_524' title='bbox 3332 2871 3661 2947; x_wconf 77' lang='grc' dir='ltr'>ἀναιροῦσαν</span> <span class='ocrx_word' id='word_1_525' title='bbox 3715 2872 3823 2929; x_wconf 86' lang='grc' dir='ltr'>ταῖς</span> 
     </span>
    </p>
   </div>
   <div class='ocr_carea' id='block_1_76' title="bbox 2167 2955 3824 3038">
    <p class='ocr_par' dir='ltr' id='par_1_76' title="bbox 2167 2955 3824 3038">
     <span class='ocr_line' id='line_1_76' title="bbox 2167 2955 3824 3038; baseline -0.004 -22"><span class='ocrx_word' id='word_1_526' title='bbox 2167 2966 2292 3034; x_wconf 80' lang='grc' dir='ltr'>πᾶς,</span> <span class='ocrx_word' id='word_1_527' title='bbox 2338 2964 2407 3034; x_wconf 81' lang='grc' dir='ltr'>τῇ</span> <span class='ocrx_word' id='word_1_528' title='bbox 2459 2959 2598 3015; x_wconf 82' lang='grc' dir='ltr'>κατά</span> <span class='ocrx_word' id='word_1_529' title='bbox 2651 2960 2814 3036; x_wconf 91' lang='grc' dir='ltr'>μέρος</span> <span class='ocrx_word' id='word_1_530' title='bbox 2855 2958 3120 3038; x_wconf 81' lang='grc' dir='ltr'>ἀποφάσει</span> <span class='ocrx_word' id='word_1_531' title='bbox 3170 2959 3365 3015; x_wconf 88' lang='grc' dir='ltr'>ταυτὸν</span> <span class='ocrx_word' id='word_1_532' title='bbox 3420 2959 3653 3036; x_wconf 80' lang='grc' dir='ltr'>ἰσχύειν·</span> <span class='ocrx_word' id='word_1_533' title='bbox 3702 2955 3824 3030; x_wconf 77' lang='grc' dir='ltr'>ὅπερ</span> 
     </span>
    </p>
   </div>
   <div class='ocr_carea' id='block_1_77' title="bbox 2170 3046 3828 3128">
    <p class='ocr_par' dir='ltr' id='par_1_77' title="bbox 2170 3046 3828 3128">
     <span class='ocr_line' id='line_1_77' title="bbox 2170 3046 3828 3128; baseline -0.004 -24"><span class='ocrx_word' id='word_1_534' title='bbox 2170 3047 2492 3128; x_wconf 88' lang='grc' dir='ltr'>σαφέστερον</span> <span class='ocrx_word' id='word_1_535' title='bbox 2570 3047 2814 3126; x_wconf 82' lang='grc' dir='ltr'>φαίνεται</span> <span class='ocrx_word' id='word_1_536' title='bbox 2887 3048 3173 3121; x_wconf 88' lang='grc' dir='ltr'>τιθεμένου</span> <span class='ocrx_word' id='word_1_537' title='bbox 3227 3052 3324 3103; x_wconf 77' lang='grc' dir='ltr'>τοῦ</span> <span class='ocrx_word' id='word_1_538' title='bbox 3400 3048 3503 3103; x_wconf 81' lang='grc' dir='ltr'>οὐκ</span> <span class='ocrx_word' id='word_1_539' title='bbox 3561 3046 3670 3102; x_wconf 83' lang='grc' dir='ltr'>ἔστι</span> <span class='ocrx_word' id='word_1_540' title='bbox 3724 3048 3828 3100; x_wconf 81' lang='grc' dir='ltr'>κατ’</span> 
     </span>
    </p>
   </div>
   <div class='ocr_carea' id='block_1_78' title="bbox 2172 3132 3829 3215">
    <p class='ocr_par' dir='ltr' id='par_1_78' title="bbox 2172 3132 3829 3215">
     <span class='ocr_line' id='line_1_78' title="bbox 2172 3132 3829 3215; baseline -0.004 -22"><span class='ocrx_word' id='word_1_541' title='bbox 2172 3138 2346 3215; x_wconf 80' lang='grc' dir='ltr'>ἀρχὰς</span> <span class='ocrx_word' id='word_1_542' title='bbox 2393 3144 2494 3207; x_wconf 82' lang='grc' dir='ltr'>τῆς</span> <span class='ocrx_word' id='word_1_543' title='bbox 2545 3135 2861 3211; x_wconf 86' lang='grc' dir='ltr'>προτάσεως</span> <span class='ocrx_word' id='word_1_544' title='bbox 2893 3154 2906 3167; x_wconf 73' lang='grc' dir='ltr'><strong><em>ο</em></strong></span> <span class='ocrx_word' id='word_1_545' title='bbox 2959 3135 3095 3206; x_wconf 77' lang='grc' dir='ltr'>οἷον,</span> <span class='ocrx_word' id='word_1_546' title='bbox 3146 3135 3258 3191; x_wconf 81' lang='grc' dir='ltr'>Οὐκ</span> <span class='ocrx_word' id='word_1_547' title='bbox 3303 3132 3424 3193; x_wconf 63' lang='grc' dir='ltr'>ἔστι</span> <span class='ocrx_word' id='word_1_548' title='bbox 3479 3141 3586 3198; x_wconf 77' lang='grc' dir='ltr'>πᾶς</span> <span class='ocrx_word' id='word_1_549' title='bbox 3642 3133 3829 3209; x_wconf 79' lang='grc' dir='ltr'>ἄνθρω-</span> 
     </span>
    </p>
   </div>
   <div class='ocr_carea' id='block_1_79' title="bbox 2170 3221 3826 3304">
    <p class='ocr_par' dir='ltr' id='par_1_79' title="bbox 2170 3221 3826 3304">
     <span class='ocr_line' id='line_1_79' title="bbox 2170 3221 3826 3304; baseline -0.003 -23"><span class='ocrx_word' id='word_1_550' title='bbox 2170 3247 2274 3289; x_wconf 88' lang='grc' dir='ltr'>πος</span> <span class='ocrx_word' id='word_1_551' title='bbox 2332 3225 2516 3304; x_wconf 72' lang='grc' dir='ltr'>σοφός’</span> <span class='ocrx_word' id='word_1_552' title='bbox 2573 3225 2648 3287; x_wconf 86' lang='grc' dir='ltr'>ὡς</span> <span class='ocrx_word' id='word_1_553' title='bbox 2709 3221 2768 3280; x_wconf 77' lang='grc' dir='ltr'>δὲ</span> <span class='ocrx_word' id='word_1_554' title='bbox 2834 3224 2896 3280; x_wconf 86' lang='grc' dir='ltr'>τὸ</span> <span class='ocrx_word' id='word_1_555' title='bbox 2951 3224 3436 3302; x_wconf 85' lang='grc' dir='ltr'>κατηγορούμενον</span> <span class='ocrx_word' id='word_1_556' title='bbox 3498 3226 3826 3300; x_wconf 79' lang='grc' dir='ltr'>ἀναιροῦσαν,</span> 
     </span>
    </p>
   </div>
   <div class='ocr_carea' id='block_1_80' title="bbox 2170 3311 3828 3393">
    <p class='ocr_par' dir='ltr' id='par_1_80' title="bbox 2170 3311 3828 3393">
     <span class='ocr_line' id='line_1_80' title="bbox 2170 3311 3828 3393; baseline 0 -23"><span class='ocrx_word' id='word_1_557' title='bbox 2170 3320 2240 3391; x_wconf 78' lang='grc' dir='ltr'>τῇ</span> <span class='ocrx_word' id='word_1_558' title='bbox 2271 3314 2513 3372; x_wconf 79' lang='grc' dir='ltr'>καθόλου</span> <span class='ocrx_word' id='word_1_559' title='bbox 2544 3313 2810 3393; x_wconf 86' lang='grc' dir='ltr'>ἀποφάσει</span> <span class='ocrx_word' id='word_1_560' title='bbox 2861 3313 3174 3369; x_wconf 82' lang='grc' dir='ltr'>ίσοσθενεῖν·</span> <span class='ocrx_word' id='word_1_561' title='bbox 3226 3313 3367 3387; x_wconf 77' lang='grc' dir='ltr'>οἷον,</span> <span class='ocrx_word' id='word_1_562' title='bbox 3400 3320 3518 3377; x_wconf 79' lang='grc' dir='ltr'>Πᾶς</span> <span class='ocrx_word' id='word_1_563' title='bbox 3559 3311 3828 3386; x_wconf 77' lang='grc' dir='ltr'>ἅνθρωπος</span> 
     </span>
    </p>
   </div>
   <div class='ocr_carea' id='block_1_81' title="bbox 2172 3399 3825 3483">
    <p class='ocr_par' dir='ltr' id='par_1_81' title="bbox 2172 3399 3825 3483">
     <span class='ocr_line' id='line_1_81' title="bbox 2172 3399 3825 3483; baseline 0 -23"><span class='ocrx_word' id='word_1_564' title='bbox 2172 3405 2338 3483; x_wconf 84' lang='grc' dir='ltr'>σοφὸς</span> <span class='ocrx_word' id='word_1_565' title='bbox 2372 3403 2472 3460; x_wconf 82' lang='grc' dir='ltr'>οὐκ</span> <span class='ocrx_word' id='word_1_566' title='bbox 2499 3399 2659 3459; x_wconf 76' lang='grc' dir='ltr'>ἔστιν·</span> <span class='ocrx_word' id='word_1_567' title='bbox 2695 3402 2827 3480; x_wconf 79' lang='grc' dir='ltr'>ὅπερ</span> <span class='ocrx_word' id='word_1_568' title='bbox 2847 3402 3040 3459; x_wconf 88' lang='grc' dir='ltr'>ταυτόν</span> <span class='ocrx_word' id='word_1_569' title='bbox 3067 3403 3176 3459; x_wconf 80' lang='grc' dir='ltr'>ἐστι</span> <span class='ocrx_word' id='word_1_570' title='bbox 3197 3407 3297 3477; x_wconf 76' lang='grc' dir='ltr'>τῷ,</span> <span class='ocrx_word' id='word_1_571' title='bbox 3329 3401 3526 3466; x_wconf 81' lang='grc' dir='ltr'>Οὐδεὶς</span> <span class='ocrx_word' id='word_1_572' title='bbox 3556 3403 3825 3483; x_wconf 80' lang='grc' dir='ltr'>ἄνθρωπος</span> 
     </span>
    </p>
   </div>
   <div class='ocr_carea' id='block_1_82' title="bbox 2172 3492 2700 3572">
    <p class='ocr_par' dir='ltr' id='par_1_82' title="bbox 2172 3492 2700 3572">
     <span class='ocr_line' id='line_1_82' title="bbox 2172 3492 2700 3572; baseline 0.002 -23"><span class='ocrx_word' id='word_1_573' title='bbox 2172 3494 2337 3572; x_wconf 89' lang='grc' dir='ltr'>σοφός</span> <span class='ocrx_word' id='word_1_574' title='bbox 2370 3492 2539 3570; x_wconf 88' lang='grc' dir='ltr'>σοφός</span> <span class='ocrx_word' id='word_1_575' title='bbox 2569 3492 2700 3550; x_wconf 78' lang='grc' dir='ltr'>ἐστι.</span> 
     </span>
    </p>
   </div>
   <div class='ocr_carea' id='block_1_83' title="bbox 2250 3577 3824 3658">
    <p class='ocr_par' dir='ltr' id='par_1_83' title="bbox 2250 3577 3824 3658">
     <span class='ocr_line' id='line_1_83' title="bbox 2250 3577 3824 3658; baseline -0.004 -21"><span class='ocrx_word' id='word_1_576' title='bbox 2250 3584 2294 3640; x_wconf 89' lang='grc' dir='ltr'>ι’.</span> <span class='ocrx_word' id='word_1_577' title='bbox 2330 3587 2504 3657; x_wconf 80' lang='grc' dir='ltr'>Τριῶν</span> <span class='ocrx_word' id='word_1_578' title='bbox 2536 3579 2583 3637; x_wconf 91' lang='grc' dir='ltr'>δ’</span> <span class='ocrx_word' id='word_1_579' title='bbox 2613 3581 2783 3636; x_wconf 73' lang='grc' dir='ltr'>ὅντων</span> <span class='ocrx_word' id='word_1_580' title='bbox 2839 3578 2999 3637; x_wconf 82' lang='grc' dir='ltr'>είδῶν</span> <span class='ocrx_word' id='word_1_581' title='bbox 3047 3585 3156 3637; x_wconf 81' lang='grc' dir='ltr'>τῶν</span> <span class='ocrx_word' id='word_1_582' title='bbox 3200 3581 3544 3658; x_wconf 85' lang='grc' dir='ltr'>προτάσεων,</span> <span class='ocrx_word' id='word_1_583' title='bbox 3576 3577 3700 3651; x_wconf 74' lang='grc' dir='ltr'>ἤτοι</span> <span class='ocrx_word' id='word_1_584' title='bbox 3724 3578 3824 3632; x_wconf 84' lang='grc' dir='ltr'>τῶν</span> 
     </span>
    </p>
   </div>
   <div class='ocr_carea' id='block_1_84' title="bbox 2174 3667 3824 3748">
    <p class='ocr_par' dir='ltr' id='par_1_84' title="bbox 2174 3667 3824 3748">
     <span class='ocr_line' id='line_1_84' title="bbox 2174 3667 3824 3748; baseline -0.005 -22"><span class='ocrx_word' id='word_1_585' title='bbox 2174 3668 2693 3747; x_wconf 89' lang='grc' dir='ltr'>προσδιωρισμένων</span> <span class='ocrx_word' id='word_1_586' title='bbox 2730 3716 2743 3737; x_wconf 85' lang='grc'>,</span> <span class='ocrx_word' id='word_1_587' title='bbox 2800 3673 2909 3725; x_wconf 82' lang='grc' dir='ltr'>τῶν</span> <span class='ocrx_word' id='word_1_588' title='bbox 2977 3667 3452 3748; x_wconf 86' lang='grc' dir='ltr'>ἀπροσδιορίστων</span> <span class='ocrx_word' id='word_1_589' title='bbox 3493 3715 3508 3742; x_wconf 89' lang='grc'>,</span> <span class='ocrx_word' id='word_1_590' title='bbox 3566 3669 3654 3725; x_wconf 81' lang='grc' dir='ltr'>καὶ</span> <span class='ocrx_word' id='word_1_591' title='bbox 3726 3667 3824 3720; x_wconf 86' lang='grc' dir='ltr'>τῶν</span> 
     </span>
    </p>
   </div>
   <div class='ocr_carea' id='block_1_85' title="bbox 2174 3750 3825 3836">
    <p class='ocr_par' dir='ltr' id='par_1_85' title="bbox 2174 3750 3825 3836">
     <span class='ocr_line' id='line_1_85' title="bbox 2174 3750 3825 3836; baseline -0.005 -21"><span class='ocrx_word' id='word_1_592' title='bbox 2174 3759 2473 3815; x_wconf 87' lang='grc' dir='ltr'>καθέκαστα</span> <span class='ocrx_word' id='word_1_593' title='bbox 2504 3803 2520 3829; x_wconf 84' lang='grc'>,</span> <span class='ocrx_word' id='word_1_594' title='bbox 2569 3760 2626 3814; x_wconf 78' lang='grc' dir='ltr'>αἱ</span> <span class='ocrx_word' id='word_1_595' title='bbox 2686 3761 2780 3833; x_wconf 75' lang='grc' dir='ltr'>μὲν</span> <span class='ocrx_word' id='word_1_596' title='bbox 2834 3757 3330 3836; x_wconf 84' lang='grc' dir='ltr'>προσδιωρισμέναι</span> <span class='ocrx_word' id='word_1_597' title='bbox 3391 3760 3484 3816; x_wconf 87' lang='grc' dir='ltr'>καὶ</span> <span class='ocrx_word' id='word_1_598' title='bbox 3548 3750 3825 3835; x_wconf 83' lang='grc' dir='ltr'>ἀπροσδιό-</span> 
     </span>
    </p>
   </div>
   <div class='ocr_carea' id='block_1_86' title="bbox 2180 3839 3827 3927">
    <p class='ocr_par' dir='ltr' id='par_1_86' title="bbox 2180 3839 3827 3927">
     <span class='ocr_line' id='line_1_86' title="bbox 2180 3839 3827 3927; baseline 0.002 -25"><span class='ocrx_word' id='word_1_599' title='bbox 2180 3869 2352 3922; x_wconf 90' lang='grc' dir='ltr'>ριστοι</span> <span class='ocrx_word' id='word_1_600' title='bbox 2410 3848 2548 3904; x_wconf 81' lang='grc' dir='ltr'>κατὰ</span> <span class='ocrx_word' id='word_1_601' title='bbox 2602 3848 2773 3903; x_wconf 86' lang='grc' dir='ltr'>πάντα</span> <span class='ocrx_word' id='word_1_602' title='bbox 2820 3847 3022 3924; x_wconf 89' lang='grc' dir='ltr'>χρόνον</span> <span class='ocrx_word' id='word_1_603' title='bbox 3083 3846 3294 3922; x_wconf 87' lang='grc' dir='ltr'>ὁμοίως</span> <span class='ocrx_word' id='word_1_604' title='bbox 3353 3847 3548 3927; x_wconf 78' lang='grc' dir='ltr'>ἔχουσι</span> <span class='ocrx_word' id='word_1_605' title='bbox 3593 3843 3727 3922; x_wconf 85' lang='grc' dir='ltr'>πρὸς</span> <span class='ocrx_word' id='word_1_606' title='bbox 3771 3839 3827 3894; x_wconf 73' lang='grc' dir='ltr'>τὸ</span> 
     </span>
    </p>
   </div>
   <div class='ocr_carea' id='block_1_87' title="bbox 2180 3928 3823 4014">
    <p class='ocr_par' dir='ltr' id='par_1_87' title="bbox 2180 3928 3823 4014">
     <span class='ocr_line' id='line_1_87' title="bbox 2180 3928 3823 4014; baseline -0.007 -21"><span class='ocrx_word' id='word_1_607' title='bbox 2180 3936 2407 4014; x_wconf 82' lang='grc' dir='ltr'>διαιρεῖν</span> <span class='ocrx_word' id='word_1_608' title='bbox 2452 3938 2516 3993; x_wconf 84' lang='grc' dir='ltr'>τὸ</span> <span class='ocrx_word' id='word_1_609' title='bbox 2580 3934 2778 4012; x_wconf 75' lang='grc' dir='ltr'>ψεῦδος</span> <span class='ocrx_word' id='word_1_610' title='bbox 2845 3937 2935 3992; x_wconf 80' lang='grc' dir='ltr'>καὶ</span> <span class='ocrx_word' id='word_1_611' title='bbox 2980 3938 3079 4007; x_wconf 75' lang='grc' dir='ltr'>τήν</span> <span class='ocrx_word' id='word_1_612' title='bbox 3130 3935 3413 4008; x_wconf 74' lang='grc' dir='ltr'>ἀλήθειανο</span> <span class='ocrx_word' id='word_1_613' title='bbox 3466 3938 3523 3992; x_wconf 76' lang='grc' dir='ltr'>αἱ</span> <span class='ocrx_word' id='word_1_614' title='bbox 3571 3933 3629 3990; x_wconf 73' lang='grc' dir='ltr'>δὲ</span> <span class='ocrx_word' id='word_1_615' title='bbox 3680 3928 3823 3994; x_wconf 82' lang='grc' dir='ltr'>καθέ-</span> 
     </span>
    </p>
   </div>
   <div class='ocr_carea' id='block_1_88' title="bbox 2174 4017 3827 4103">
    <p class='ocr_par' dir='ltr' id='par_1_88' title="bbox 2174 4017 3827 4103">
     <span class='ocr_line' id='line_1_88' title="bbox 2174 4017 3827 4103; baseline -0.004 -20"><span class='ocrx_word' id='word_1_616' title='bbox 2174 4048 2348 4083; x_wconf 76' lang='grc' dir='ltr'>·καστα</span> <span class='ocrx_word' id='word_1_617' title='bbox 2399 4027 2537 4081; x_wconf 85' lang='grc' dir='ltr'>κατά</span> <span class='ocrx_word' id='word_1_618' title='bbox 2590 4026 2765 4081; x_wconf 88' lang='grc' dir='ltr'>πάντα</span> <span class='ocrx_word' id='word_1_619' title='bbox 2827 4026 2921 4100; x_wconf 73' lang='grc' dir='ltr'>μὲν</span> <span class='ocrx_word' id='word_1_620' title='bbox 2977 4025 3178 4103; x_wconf 86' lang='grc' dir='ltr'>χρόνον</span> <span class='ocrx_word' id='word_1_621' title='bbox 3234 4024 3324 4081; x_wconf 83' lang='grc' dir='ltr'>ἐπὶ</span> <span class='ocrx_word' id='word_1_622' title='bbox 3381 4027 3482 4097; x_wconf 78' lang='grc' dir='ltr'>τῆς</span> <span class='ocrx_word' id='word_1_623' title='bbox 3555 4017 3827 4103; x_wconf 85' lang='grc' dir='ltr'>ἀναγκαίας</span> 
     </span>
    </p>
   </div>
   <div class='ocr_carea' id='block_1_89' title="bbox 2181 4102 3825 4190">
    <p class='ocr_par' dir='ltr' id='par_1_89' title="bbox 2181 4102 3825 4190">
     <span class='ocr_line' id='line_1_89' title="bbox 2181 4102 3825 4190; baseline -0.005 -19"><span class='ocrx_word' id='word_1_624' title='bbox 2181 4114 2321 4187; x_wconf 79' lang='grc' dir='ltr'>ὕλης</span> <span class='ocrx_word' id='word_1_625' title='bbox 2361 4117 2451 4171; x_wconf 83' lang='grc' dir='ltr'>καὶ</span> <span class='ocrx_word' id='word_1_626' title='bbox 2507 4113 2770 4170; x_wconf 85' lang='grc' dir='ltr'>ἀδυνάτου</span> <span class='ocrx_word' id='word_1_627' title='bbox 2814 4111 3113 4190; x_wconf 86' lang='grc' dir='ltr'>διαιρούσιν</span> <span class='ocrx_word' id='word_1_628' title='bbox 3166 4114 3491 4190; x_wconf 83' lang='grc' dir='ltr'>ὡρισμένως</span> <span class='ocrx_word' id='word_1_629' title='bbox 3534 4112 3598 4177; x_wconf 77' lang='grc' dir='ltr'>τὸ</span> <span class='ocrx_word' id='word_1_630' title='bbox 3646 4102 3825 4184; x_wconf 77' lang='grc' dir='ltr'>ψεῦδος</span> 
     </span>
    </p>
   </div>
   <div class='ocr_carea' id='block_1_90' title="bbox 2179 4190 3828 4279">
    <p class='ocr_par' dir='ltr' id='par_1_90' title="bbox 2179 4190 3828 4279">
     <span class='ocr_line' id='line_1_90' title="bbox 2179 4190 3828 4279; baseline -0.007 -19"><span class='ocrx_word' id='word_1_631' title='bbox 2179 4203 2271 4260; x_wconf 80' lang='grc' dir='ltr'>καί</span> <span class='ocrx_word' id='word_1_632' title='bbox 2324 4205 2424 4274; x_wconf 75' lang='grc' dir='ltr'>τήν</span> <span class='ocrx_word' id='word_1_633' title='bbox 2484 4203 2743 4275; x_wconf 80' lang='grc' dir='ltr'>ἀλήθειαν</span> <span class='ocrx_word' id='word_1_634' title='bbox 2779 4224 2792 4236; x_wconf 87' lang='grc'>·</span> <span class='ocrx_word' id='word_1_635' title='bbox 2854 4203 2943 4259; x_wconf 80' lang='grc' dir='ltr'>ἐπὶ</span> <span class='ocrx_word' id='word_1_636' title='bbox 2997 4200 3055 4258; x_wconf 77' lang='grc' dir='ltr'>δὲ</span> <span class='ocrx_word' id='word_1_637' title='bbox 3127 4209 3230 4272; x_wconf 84' lang='grc' dir='ltr'>τῆς</span> <span class='ocrx_word' id='word_1_638' title='bbox 3288 4201 3653 4279; x_wconf 74' lang='grc' dir='ltr'>ἐνδεχομένης</span> <span class='ocrx_word' id='word_1_639' title='bbox 3705 4190 3828 4279; x_wconf 73' lang='grc' dir='ltr'>κατά</span> 
     </span>
    </p>
   </div>
   <div class='ocr_carea' id='block_1_91' title="bbox 2183 4278 3827 4367">
    <p class='ocr_par' dir='ltr' id='par_1_91' title="bbox 2183 4278 3827 4367">
     <span class='ocr_line' id='line_1_91' title="bbox 2183 4278 3827 4367; baseline -0.009 -18"><span class='ocrx_word' id='word_1_640' title='bbox 2183 4293 2356 4349; x_wconf 90' lang='grc' dir='ltr'>πάντα</span> <span class='ocrx_word' id='word_1_641' title='bbox 2403 4294 2498 4366; x_wconf 75' lang='grc' dir='ltr'>μὲν</span> <span class='ocrx_word' id='word_1_642' title='bbox 2545 4293 2638 4348; x_wconf 88' lang='grc' dir='ltr'>τὸν</span> <span class='ocrx_word' id='word_1_643' title='bbox 2696 4291 2961 4348; x_wconf 76' lang='grc' dir='ltr'>ἐνεστῶτα</span> <span class='ocrx_word' id='word_1_644' title='bbox 2996 4290 3088 4347; x_wconf 83' lang='grc' dir='ltr'>καὶ</span> <span class='ocrx_word' id='word_1_645' title='bbox 3137 4278 3563 4367; x_wconf 86' lang='grc' dir='ltr'>παρεληλυθότα</span> <span class='ocrx_word' id='word_1_646' title='bbox 3609 4278 3827 4367; x_wconf 62' lang='grc' dir='ltr'>ὡρισμέ-</span> 
     </span>
    </p>
   </div>
   <div class='ocr_carea' id='block_1_92' title="bbox 2183 4366 3826 4456">
    <p class='ocr_par' dir='ltr' id='par_1_92' title="bbox 2183 4366 3826 4456">
     <span class='ocr_line' id='line_1_92' title="bbox 2183 4366 3826 4456; baseline -0.006 -20"><span class='ocrx_word' id='word_1_647' title='bbox 2183 4404 2315 4448; x_wconf 88' lang='grc' dir='ltr'>νως,</span> <span class='ocrx_word' id='word_1_648' title='bbox 2343 4382 2482 4436; x_wconf 86' lang='grc' dir='ltr'>κατὰ</span> <span class='ocrx_word' id='word_1_649' title='bbox 2531 4378 2590 4436; x_wconf 75' lang='grc' dir='ltr'>δὲ</span> <span class='ocrx_word' id='word_1_650' title='bbox 2634 4382 2727 4436; x_wconf 88' lang='grc' dir='ltr'>τὸν</span> <span class='ocrx_word' id='word_1_651' title='bbox 2782 4379 3057 4454; x_wconf 84' lang='grc' dir='ltr'>μέλλοντα</span> <span class='ocrx_word' id='word_1_652' title='bbox 3104 4366 3395 4456; x_wconf 75' lang='grc' dir='ltr'>ἀορίστωςο</span> <span class='ocrx_word' id='word_1_653' title='bbox 3447 4379 3582 4446; x_wconf 84' lang='grc' dir='ltr'>οἷον,</span> <span class='ocrx_word' id='word_1_654' title='bbox 3623 4366 3826 4445; x_wconf 84' lang='grc' dir='ltr'>Σωκρά-</span> 
     </span>
    </p>
   </div>
   <div class='ocr_carea' id='block_1_93' title="bbox 2182 4456 3821 4546">
    <p class='ocr_par' dir='ltr' id='par_1_93' title="bbox 2182 4456 3821 4546">
     <span class='ocr_line' id='line_1_93' title="bbox 2182 4456 3821 4546; baseline -0.007 -20"><span class='ocrx_word' id='word_1_655' title='bbox 2182 4493 2286 4542; x_wconf 85' lang='grc' dir='ltr'>της</span> <span class='ocrx_word' id='word_1_656' title='bbox 2318 4468 2640 4543; x_wconf 84' lang='grc' dir='ltr'>διαλέξεται,</span> <span class='ocrx_word' id='word_1_657' title='bbox 2672 4470 2732 4539; x_wconf 78' lang='grc' dir='ltr'>ἢ,</span> <span class='ocrx_word' id='word_1_658' title='bbox 2785 4470 3084 4546; x_wconf 81' lang='grc' dir='ltr'>Σωκράτης</span> <span class='ocrx_word' id='word_1_659' title='bbox 3133 4466 3197 4524; x_wconf 77' lang='grc' dir='ltr'>οὐ</span> <span class='ocrx_word' id='word_1_660' title='bbox 3227 4465 3549 4542; x_wconf 77' lang='grc' dir='ltr'>διαλέξεται,</span> <span class='ocrx_word' id='word_1_661' title='bbox 3595 4467 3707 4517; x_wconf 80' lang='grc' dir='ltr'>’Ότι</span> <span class='ocrx_word' id='word_1_662' title='bbox 3738 4456 3821 4531; x_wconf 73' lang='grc' dir='ltr'>μὲν</span> 
     </span>
    </p>
   </div>
   <div class='ocr_carea' id='block_1_94' title="bbox 2184 4549 3821 4637">
    <p class='ocr_par' dir='ltr' id='par_1_94' title="bbox 2184 4549 3821 4637">
     <span class='ocr_line' id='line_1_94' title="bbox 2184 4549 3821 4637; baseline -0.003 -28"><span class='ocrx_word' id='word_1_663' title='bbox 2184 4562 2286 4637; x_wconf 71' lang='grc' dir='ltr'>γὰρ</span> <span class='ocrx_word' id='word_1_664' title='bbox 2334 4560 2370 4630; x_wconf 78' lang='grc' dir='ltr'>ἢ</span> <span class='ocrx_word' id='word_1_665' title='bbox 2423 4557 2745 4632; x_wconf 85' lang='grc' dir='ltr'>διαλέξεται,</span> <span class='ocrx_word' id='word_1_666' title='bbox 2779 4558 2814 4628; x_wconf 71' lang='grc' dir='ltr'><strong>ἢ</strong></span> <span class='ocrx_word' id='word_1_667' title='bbox 2850 4558 2912 4614; x_wconf 84' lang='grc' dir='ltr'>ού</span> <span class='ocrx_word' id='word_1_668' title='bbox 2963 4556 3286 4629; x_wconf 84' lang='grc' dir='ltr'>διαλέξεται,</span> <span class='ocrx_word' id='word_1_669' title='bbox 3333 4555 3504 4628; x_wconf 75' lang='grc' dir='ltr'>δῆλον</span> <span class='ocrx_word' id='word_1_670' title='bbox 3539 4574 3553 4588; x_wconf 76' lang='grc' dir='ltr'><strong><em>ο</em></strong></span> <span class='ocrx_word' id='word_1_671' title='bbox 3585 4549 3821 4637; x_wconf 49' lang='grc' dir='ltr'>ὁπότερόν</span> 
     </span>
    </p>
   </div>
   <div class='ocr_carea' id='block_1_95' title="bbox 418 4632 2058 4737">
    <p class='ocr_par' dir='ltr' id='par_1_95' title="bbox 418 4646 2058 4721">
     <span class='ocr_line' id='line_1_95' title="bbox 418 4646 2058 4721; baseline 0.002 -20"><span class='ocrx_word' id='word_1_672' title='bbox 418 4646 499 4701; x_wconf 87' lang='lat' dir='ltr'>tio</span> <span class='ocrx_word' id='word_1_673' title='bbox 532 4646 652 4701; x_wconf 88' lang='lat' dir='ltr'>sive</span> <span class='ocrx_word' id='word_1_674' title='bbox 700 4647 931 4719; x_wconf 88' lang='lat' dir='ltr'>negatio</span> <span class='ocrx_word' id='word_1_675' title='bbox 981 4664 1182 4703; x_wconf 83' lang='lat' dir='ltr'>verum</span> <span class='ocrx_word' id='word_1_676' title='bbox 1232 4649 1407 4719; x_wconf 92' lang='lat' dir='ltr'>dicat,</span> <span class='ocrx_word' id='word_1_677' title='bbox 1452 4650 1524 4705; x_wconf 93' lang='lat' dir='ltr'>de</span> <span class='ocrx_word' id='word_1_678' title='bbox 1574 4649 1768 4705; x_wconf 83' lang='lat' dir='ltr'>futuro</span> <span class='ocrx_word' id='word_1_679' title='bbox 1817 4654 2058 4721; x_wconf 69' lang='lat' dir='ltr'>tempori</span> 
     </span>
    </p>
   </div>
   <div class='ocr_carea' id='block_1_96' title="bbox 2175 4632 3824 4737">
    <p class='ocr_par' dir='ltr' id='par_1_96' title="bbox 2188 4632 3824 4737">
     <span class='ocr_line' id='line_1_96' title="bbox 2188 4632 3824 4737; baseline -0.005 -32"><span class='ocrx_word' id='word_1_680' title='bbox 2188 4632 2267 4705; x_wconf 60' lang='grc' dir='ltr'>δὲ⁷</span> <span class='ocrx_word' id='word_1_681' title='bbox 2299 4656 2402 4719; x_wconf 83' lang='grc' dir='ltr'>τῆς</span> <span class='ocrx_word' id='word_1_682' title='bbox 2454 4650 2786 4728; x_wconf 85' lang='grc' dir='ltr'>ἀντιφάσεως</span> <span class='ocrx_word' id='word_1_683' title='bbox 2844 4646 3101 4720; x_wconf 85' lang='grc' dir='ltr'>ἀληθεύει</span> <span class='ocrx_word' id='word_1_684' title='bbox 3164 4646 3378 4724; x_wconf 88' lang='grc' dir='ltr'>μόριον,</span> <span class='ocrx_word' id='word_1_685' title='bbox 3438 4643 3545 4737; x_wconf 52' lang='grc' dir='ltr'>εἴτε</span> <span class='ocrx_word' id='word_1_686' title='bbox 3600 4643 3633 4711; x_wconf 81' lang='grc' dir='ltr'><strong>ἡ</strong></span> 
     </span>
    </p>
   </div>
   <div class='ocr_carea' id='block_1_97' title="bbox 430 4734 1213 4792">
    <p class='ocr_par' dir='ltr' id='par_1_97' title="bbox 430 4734 1213 4792">
     <span class='ocr_line' id='line_1_97' title="bbox 430 4734 1213 4792; baseline 0.003 -3"><span class='ocrx_word' id='word_1_687' title='bbox 430 4750 546 4791; x_wconf 90' lang='lat' dir='ltr'>non</span> <span class='ocrx_word' id='word_1_688' title='bbox 578 4734 712 4790; x_wconf 87' lang='lat' dir='ltr'>licet</span> <span class='ocrx_word' id='word_1_689' title='bbox 736 4735 972 4791; x_wconf 85' lang='lat' dir='ltr'>definite</span> <span class='ocrx_word' id='word_1_690' title='bbox 1003 4736 1213 4792; x_wconf 87' lang='lat' dir='ltr'>dicere.</span> 
     </span>
    </p>
   </div>
   <div class='ocr_carea' id='block_1_98' title="bbox 500 4914 2083 4990">
    <p class='ocr_par' dir='ltr' id='par_1_98' title="bbox 500 4914 2083 4990">
     <span class='ocr_line' id='line_1_98' title="bbox 500 4914 2083 4990; baseline 0.004 -23"><span class='ocrx_word' id='word_1_691' title='bbox 500 4915 588 4970; x_wconf 90' lang='grc'>11.</span> <span class='ocrx_word' id='word_1_692' title='bbox 641 4914 928 4970; x_wconf 81' lang='lat' dir='ltr'>Ditt&#39;erunt</span> <span class='ocrx_word' id='word_1_693' title='bbox 987 4915 1243 4988; x_wconf 88' lang='lat' dir='ltr'>denique</span> <span class='ocrx_word' id='word_1_694' title='bbox 1294 4915 1356 4969; x_wconf 84' lang='grc' dir='ltr'>τὸ</span> <span class='ocrx_word' id='word_1_695' title='bbox 1417 4914 1621 4988; x_wconf 89' lang='grc' dir='ltr'>μέλλον</span> <span class='ocrx_word' id='word_1_696' title='bbox 1679 4918 1742 4972; x_wconf 89' lang='grc' dir='ltr'>τὸ</span> <span class='ocrx_word' id='word_1_697' title='bbox 1803 4916 2083 4990; x_wconf 76' lang='grc' dir='ltr'>ἐσόμενον.</span> 
     </span>
    </p>
   </div>
   <div class='ocr_carea' id='block_1_99' title="bbox 430 4999 2083 5075">
    <p class='ocr_par' dir='ltr' id='par_1_99' title="bbox 430 4999 2083 5075">
     <span class='ocr_line' id='line_1_99' title="bbox 430 4999 2083 5075; baseline 0.005 -19"><span class='ocrx_word' id='word_1_698' title='bbox 430 5002 578 5056; x_wconf 89' lang='lat' dir='ltr'>Nam</span> <span class='ocrx_word' id='word_1_699' title='bbox 609 5001 669 5055; x_wconf 86' lang='grc' dir='ltr'>τὸ</span> <span class='ocrx_word' id='word_1_700' title='bbox 702 4999 958 5073; x_wconf 80' lang='grc' dir='ltr'>ἐσόμενον</span> <span class='ocrx_word' id='word_1_701' title='bbox 993 5008 1106 5069; x_wconf 88' lang='lat' dir='ltr'>est,</span> <span class='ocrx_word' id='word_1_702' title='bbox 1140 5005 1292 5075; x_wconf 91' lang='lat' dir='ltr'>quod</span> <span class='ocrx_word' id='word_1_703' title='bbox 1344 5010 1501 5059; x_wconf 91' lang='lat' dir='ltr'>certo</span> <span class='ocrx_word' id='word_1_704' title='bbox 1550 5011 1897 5063; x_wconf 85' lang='lat' dir='ltr'>eventurum</span> <span class='ocrx_word' id='word_1_705' title='bbox 1946 5012 2036 5064; x_wconf 85' lang='lat' dir='ltr'>est</span> <span class='ocrx_word' id='word_1_706' title='bbox 2068 5024 2083 5065; x_wconf 90' lang='lat'>:</span> 
     </span>
    </p>
   </div>
   <div class='ocr_carea' id='block_1_100' title="bbox 2188 4722 3821 4817">
    <p class='ocr_par' dir='ltr' id='par_1_100' title="bbox 2188 4722 3821 4817">
     <span class='ocr_line' id='line_1_100' title="bbox 2188 4722 3821 4817; baseline -0.023 0"><span class='ocrx_word' id='word_1_707' title='bbox 2188 4759 2367 4817; x_wconf 63' lang='grc' dir='ltr'>φασιῆ</span> <span class='ocrx_word' id='word_1_708' title='bbox 2401 4735 2509 4793; x_wconf 44' lang='lat' dir='ltr'>Si,“</span> <span class='ocrx_word' id='word_1_709' title='bbox 2549 4722 2598 4808; x_wconf 40' lang='grc' dir='ltr'>ἡ.</span> <span class='ocrx_word' id='word_1_710' title='bbox 2631 4738 2919 4817; x_wconf 76' lang='grc' dir='ltr'>ἀπόφασις,</span> <span class='ocrx_word' id='word_1_711' title='bbox 2975 4722 3297 4813; x_wconf 80' lang='grc' dir='ltr'>ὡρισμένως</span> <span class='ocrx_word' id='word_1_712' title='bbox 3344 4735 3444 4792; x_wconf 79' lang='grc' dir='ltr'>οὐκ</span> <span class='ocrx_word' id='word_1_713' title='bbox 3489 4729 3627 4790; x_wconf 76' lang='grc' dir='ltr'>ἔστιν</span> <span class='ocrx_word' id='word_1_714' title='bbox 3671 4722 3821 4783; x_wconf 69' lang='grc' dir='ltr'>εἰπεῖν</span> 
     </span>
    </p>
   </div>
   <div class='ocr_carea' id='block_1_101' title="bbox 2192 4825 2643 4901">
    <p class='ocr_par' dir='ltr' id='par_1_101' title="bbox 2192 4825 2643 4901">
     <span class='ocr_line' id='line_1_101' title="bbox 2192 4825 2643 4901; baseline 0.004 -18"><span class='ocrx_word' id='word_1_715' title='bbox 2192 4826 2279 4883; x_wconf 79' lang='grc' dir='ltr'>ἐπὶ</span> <span class='ocrx_word' id='word_1_716' title='bbox 2316 4825 2643 4901; x_wconf 83' lang='grc' dir='ltr'>μέλλοντος.</span> 
     </span>
    </p>
   </div>
   <div class='ocr_carea' id='block_1_102' title="bbox 2268 4893 3820 4991">
    <p class='ocr_par' dir='ltr' id='par_1_102' title="bbox 2268 4893 3820 4991">
     <span class='ocr_line' id='line_1_102' title="bbox 2268 4893 3820 4991; baseline -0.006 -21"><span class='ocrx_word' id='word_1_717' title='bbox 2268 4893 2350 4973; x_wconf 47' lang='grc' dir='ltr'>ια).</span> <span class='ocrx_word' id='word_1_718' title='bbox 2387 4917 2681 4991; x_wconf 85' lang='grc' dir='ltr'>Διενήνοχε</span> <span class='ocrx_word' id='word_1_719' title='bbox 2713 4913 2771 4970; x_wconf 76' lang='grc' dir='ltr'>δὲ</span> <span class='ocrx_word' id='word_1_720' title='bbox 2796 4914 2860 4970; x_wconf 85' lang='grc' dir='ltr'>τὸ</span> <span class='ocrx_word' id='word_1_721' title='bbox 2912 4913 3118 4987; x_wconf 83' lang='grc' dir='ltr'>μέλλον</span> <span class='ocrx_word' id='word_1_722' title='bbox 3147 4913 3239 4970; x_wconf 82' lang='grc' dir='ltr'>καὶ</span> <span class='ocrx_word' id='word_1_723' title='bbox 3283 4914 3348 4970; x_wconf 81' lang='grc' dir='ltr'>τὸ</span> <span class='ocrx_word' id='word_1_724' title='bbox 3380 4912 3653 4985; x_wconf 80' lang='grc' dir='ltr'>ἐσόμενον.</span> <span class='ocrx_word' id='word_1_725' title='bbox 3684 4893 3820 4961; x_wconf 69' lang='grc' dir='ltr'>Ἔσδ-</span> 
     </span>
    </p>
   </div>
   <div class='ocr_carea' id='block_1_103' title="bbox 2197 4994 3817 5081">
    <p class='ocr_par' dir='ltr' id='par_1_103' title="bbox 2197 4994 3817 5081">
     <span class='ocr_line' id='line_1_103' title="bbox 2197 4994 3817 5081; baseline -0.007 -21"><span class='ocrx_word' id='word_1_726' title='bbox 2197 5026 2353 5079; x_wconf 88' lang='grc' dir='ltr'>μενον</span> <span class='ocrx_word' id='word_1_727' title='bbox 2413 5006 2510 5079; x_wconf 73' lang='grc' dir='ltr'>μὲν</span> <span class='ocrx_word' id='word_1_728' title='bbox 2570 5008 2671 5081; x_wconf 86' lang='grc' dir='ltr'>γάρ</span> <span class='ocrx_word' id='word_1_729' title='bbox 2734 5003 2846 5059; x_wconf 82' lang='grc' dir='ltr'>ἐστι</span> <span class='ocrx_word' id='word_1_730' title='bbox 2915 5004 2979 5059; x_wconf 87' lang='grc' dir='ltr'>τὸ</span> <span class='ocrx_word' id='word_1_731' title='bbox 3063 5003 3361 5074; x_wconf 79' lang='grc' dir='ltr'>έξάππντος</span> <span class='ocrx_word' id='word_1_732' title='bbox 3432 4994 3817 5081; x_wconf 49' lang='grc' dir='ltr'>έκϐησόμξγονς</span> 
     </span>
    </p>
   </div>
   <div class='ocr_carea' id='block_1_104' title="bbox 425 5068 2058 5175">
    <p class='ocr_par' dir='ltr' id='par_1_104' title="bbox 425 5068 2058 5167">
     <span class='ocr_line' id='line_1_104' title="bbox 425 5068 2058 5167; baseline 0.004 -23"><span class='ocrx_word' id='word_1_733' title='bbox 425 5091 603 5156; x_wconf 88' lang='lat' dir='ltr'>velut,</span> <span class='ocrx_word' id='word_1_734' title='bbox 637 5068 829 5146; x_wconf 60' lang='lat' dir='ltr'>{Estas</span> <span class='ocrx_word' id='word_1_735' title='bbox 858 5068 1436 5161; x_wconf 70' lang='lat' dir='ltr'>erit,Hiemserit.Tb</span> <span class='ocrx_word' id='word_1_736' title='bbox 1470 5089 1676 5165; x_wconf 85' lang='grc' dir='ltr'>μέλλον</span> <span class='ocrx_word' id='word_1_737' title='bbox 1711 5101 1907 5152; x_wconf 88' lang='lat' dir='ltr'>autem</span> <span class='ocrx_word' id='word_1_738' title='bbox 1927 5112 2058 5167; x_wconf 58' lang='lat' dir='ltr'>quor</span> 
     </span>
    </p>
   </div>
   <div class='ocr_carea' id='block_1_105' title="bbox 2175 5068 3818 5175">
    <p class='ocr_par' dir='ltr' id='par_1_105' title="bbox 2193 5068 3818 5175">
     <span class='ocr_line' id='line_1_105' title="bbox 2193 5068 3818 5175; baseline -0.008 -26"><span class='ocrx_word' id='word_1_739' title='bbox 2193 5068 2331 5165; x_wconf 72' lang='grc' dir='ltr'>οἷον,</span> <span class='ocrx_word' id='word_1_740' title='bbox 2390 5068 2594 5148; x_wconf 50' lang='grc' dir='ltr'>Ἔσται.</span> <span class='ocrx_word' id='word_1_741' title='bbox 2633 5068 2808 5167; x_wconf 83' lang='grc' dir='ltr'>θέρος,</span> <span class='ocrx_word' id='word_1_742' title='bbox 2870 5094 3058 5147; x_wconf 83' lang='grc' dir='ltr'>Ἔσται</span> <span class='ocrx_word' id='word_1_743' title='bbox 3101 5068 3352 5168; x_wconf 44' lang='grc' dir='ltr'>-χειμώψ</span> <span class='ocrx_word' id='word_1_744' title='bbox 3417 5084 3616 5164; x_wconf 90' lang='grc' dir='ltr'>μέλλον</span> <span class='ocrx_word' id='word_1_745' title='bbox 3646 5076 3726 5175; x_wconf 34' lang='grc' dir='ltr'>’δὲ</span> <span class='ocrx_word' id='word_1_746' title='bbox 3763 5068 3818 5175; x_wconf 50' lang='grc' dir='ltr'>ἐξ</span> 
     </span>
    </p>
   </div>
   <div class='ocr_carea' id='block_1_106' title="bbox 426 5165 2058 5256">
    <p class='ocr_par' dir='ltr' id='par_1_106' title="bbox 426 5165 2058 5254">
     <span class='ocr_line' id='line_1_106' title="bbox 426 5165 2058 5254; baseline 0.003 -22"><span class='ocrx_word' id='word_1_747' title='bbox 426 5179 654 5233; x_wconf 89' lang='lat' dir='ltr'>evenire</span> <span class='ocrx_word' id='word_1_748' title='bbox 685 5184 741 5234; x_wconf 92' lang='lat' dir='ltr'>et</span> <span class='ocrx_word' id='word_1_749' title='bbox 771 5197 887 5235; x_wconf 91' lang='lat' dir='ltr'>non</span> <span class='ocrx_word' id='word_1_750' title='bbox 943 5180 1172 5236; x_wconf 88' lang='lat' dir='ltr'>evenire</span> <span class='ocrx_word' id='word_1_751' title='bbox 1220 5186 1460 5253; x_wconf 88' lang='lat' dir='ltr'>potest:</span> <span class='ocrx_word' id='word_1_752' title='bbox 1511 5182 1689 5254; x_wconf 92' lang='lat' dir='ltr'>velut,</span> <span class='ocrx_word' id='word_1_753' title='bbox 1736 5184 1840 5239; x_wconf 85' lang='lat' dir='ltr'>Hic</span> <span class='ocrx_word' id='word_1_754' title='bbox 1887 5165 2058 5240; x_wconf 28' lang='lat' dir='ltr'>in—fan,</span> 
     </span>
    </p>
   </div>
   <div class='ocr_carea' id='block_1_107' title="bbox 2175 5165 3817 5256">
    <p class='ocr_par' dir='ltr' id='par_1_107' title="bbox 2193 5165 3817 5256">
     <span class='ocr_line' id='line_1_107' title="bbox 2193 5165 3817 5256; baseline -0.004 -18"><span class='ocrx_word' id='word_1_755' title='bbox 2193 5178 2414 5252; x_wconf 78' lang='grc' dir='ltr'>ἐκϐῆναι</span> <span class='ocrx_word' id='word_1_756' title='bbox 2469 5182 2559 5237; x_wconf 82' lang='grc' dir='ltr'>καὶ</span> <span class='ocrx_word' id='word_1_757' title='bbox 2611 5165 2701 5256; x_wconf 72' lang='grc' dir='ltr'>μη</span> <span class='ocrx_word' id='word_1_758' title='bbox 2743 5177 2965 5251; x_wconf 73' lang='grc' dir='ltr'>ἐκϐῆναι</span> <span class='ocrx_word' id='word_1_759' title='bbox 3028 5165 3343 5255; x_wconf 79' lang='grc' dir='ltr'>δυνάμενον·</span> <span class='ocrx_word' id='word_1_760' title='bbox 3403 5181 3539 5235; x_wconf 79' lang='grc' dir='ltr'>οἷον.</span> <span class='ocrx_word' id='word_1_761' title='bbox 3593 5165 3717 5235; x_wconf 71' lang='grc' dir='ltr'>Τόδε</span> <span class='ocrx_word' id='word_1_762' title='bbox 3764 5165 3817 5256; x_wconf 55' lang='grc' dir='ltr'>ττξ</span> 
     </span>
    </p>
   </div>
   <div class='ocr_carea' id='block_1_108' title="bbox 428 5265 2083 5338">
    <p class='ocr_par' dir='ltr' id='par_1_108' title="bbox 428 5265 2083 5338">
     <span class='ocr_line' id='line_1_108' title="bbox 428 5265 2083 5338; baseline 0.006 -20"><span class='ocrx_word' id='word_1_763' title='bbox 428 5265 541 5320; x_wconf 87' lang='lat' dir='ltr'>erit</span> <span class='ocrx_word' id='word_1_764' title='bbox 574 5268 1020 5338; x_wconf 90' lang='lat' dir='ltr'>grammaticus.</span> <span class='ocrx_word' id='word_1_765' title='bbox 1067 5270 1294 5325; x_wconf 89' lang='lat' dir='ltr'>Etenim</span> <span class='ocrx_word' id='word_1_766' title='bbox 1346 5270 1628 5328; x_wconf 82' lang='lat' dir='ltr'>infantem</span> <span class='ocrx_word' id='word_1_767' title='bbox 1682 5273 1807 5329; x_wconf 87' lang='lat' dir='ltr'>ﬁeri</span> <span class='ocrx_word' id='word_1_768' title='bbox 1860 5278 1919 5329; x_wconf 91' lang='lat' dir='ltr'>et</span> <span class='ocrx_word' id='word_1_769' title='bbox 1966 5290 2083 5329; x_wconf 90' lang='lat' dir='ltr'>non</span> 
     </span>
    </p>
   </div>
   <div class='ocr_carea' id='block_1_109' title="bbox 431 5353 1494 5430">
    <p class='ocr_par' dir='ltr' id='par_1_109' title="bbox 431 5353 1494 5430">
     <span class='ocr_line' id='line_1_109' title="bbox 431 5353 1494 5430; baseline 0.007 -24"><span class='ocrx_word' id='word_1_770' title='bbox 431 5353 559 5408; x_wconf 85' lang='lat' dir='ltr'>fieri</span> <span class='ocrx_word' id='word_1_771' title='bbox 589 5357 1044 5426; x_wconf 89' lang='lat' dir='ltr'>grammaticum</span> <span class='ocrx_word' id='word_1_772' title='bbox 1077 5355 1167 5413; x_wconf 86' lang='lat' dir='ltr'>est</span> <span class='ocrx_word' id='word_1_773' title='bbox 1196 5358 1494 5430; x_wconf 86' lang='lat' dir='ltr'>possibile.</span> 
     </span>
    </p>
   </div>
   <div class='ocr_carea' id='block_1_110' title="bbox 2197 5243 3815 5350">
    <p class='ocr_par' dir='ltr' id='par_1_110' title="bbox 2197 5243 3815 5350">
     <span class='ocr_line' id='line_1_110' title="bbox 2197 5243 3815 5350; baseline -0.028 0"><span class='ocrx_word' id='word_1_774' title='bbox 2197 5243 2392 5350; x_wconf 61' lang='lat' dir='ltr'>pPé‘i’O‘</span> <span class='ocrx_word' id='word_1_775' title='bbox 2422 5269 2565 5326; x_wconf 72' lang='grc' dir='ltr'><strong>ἔσται</strong></span> <span class='ocrx_word' id='word_1_776' title='bbox 2596 5243 3000 5348; x_wconf 36' lang='grc' dir='ltr'>ἐράμματικόν.</span> <span class='ocrx_word' id='word_1_777' title='bbox 3052 5243 3284 5326; x_wconf 79' lang='grc' dir='ltr'>Δυνατὸν</span> <span class='ocrx_word' id='word_1_778' title='bbox 3333 5268 3437 5346; x_wconf 78' lang='grc' dir='ltr'>γὰρ</span> <span class='ocrx_word' id='word_1_779' title='bbox 3484 5243 3815 5342; x_wconf 77' lang='grc' dir='ltr'>γενέσθαικαὶ</span> 
     </span>
    </p>
   </div>
   <div class='ocr_carea' id='block_1_111' title="bbox 2195 5358 3314 5436">
    <p class='ocr_par' dir='ltr' id='par_1_111' title="bbox 2195 5358 3314 5436">
     <span class='ocr_line' id='line_1_111' title="bbox 2195 5358 3314 5436; baseline 0.004 -21"><span class='ocrx_word' id='word_1_780' title='bbox 2195 5361 2271 5433; x_wconf 78' lang='grc' dir='ltr'>μὴ</span> <span class='ocrx_word' id='word_1_781' title='bbox 2305 5358 2548 5435; x_wconf 87' lang='grc' dir='ltr'>γενέσθαι</span> <span class='ocrx_word' id='word_1_782' title='bbox 2577 5360 2641 5414; x_wconf 90' lang='grc' dir='ltr'>τὸ</span> <span class='ocrx_word' id='word_1_783' title='bbox 2678 5359 2875 5436; x_wconf 84' lang='grc' dir='ltr'>βρέφος</span> <span class='ocrx_word' id='word_1_784' title='bbox 2907 5358 3314 5435; x_wconf 84' lang='grc' dir='ltr'>γραμματικόν.</span> 
     </span>
    </p>
   </div>
  </div>
