  <div class='ocr_page' id='page_1' title='image "/cluster/home/n/w/nwhite01/storage/ocr_20150623/142/coo.31924054870476/469.png"; bbox 0 0 4126 6430; ppageno 0'>
   <div class='ocr_carea' id='block_1_1' title="bbox 424 385 543 449">
    <p class='ocr_par' dir='ltr' id='par_1_1' title="bbox 424 385 543 449">
     <span class='ocr_line' id='line_1_1' title="bbox 424 385 543 449; baseline 0.008 -1"><span class='ocrx_word' id='word_1_1' title='bbox 424 385 543 449; x_wconf 79' lang='lat'>923</span> 
     </span>
    </p>
   </div>
   <div class='ocr_carea' id='block_1_2' title="bbox 1664 406 2571 475">
    <p class='ocr_par' dir='ltr' id='par_1_2' title="bbox 1664 406 2571 475">
     <span class='ocr_line' id='line_1_2' title="bbox 1664 406 2571 475; baseline 0.009 -8"><span class='ocrx_word' id='word_1_2' title='bbox 1664 406 2089 471; x_wconf 84' lang='lat' dir='ltr'>NICEPHORI</span> <span class='ocrx_word' id='word_1_3' title='bbox 2130 407 2571 475; x_wconf 68' lang='lat' dir='ltr'>BLEMMIDE</span> 
     </span>
    </p>
   </div>
   <div class='ocr_carea' id='block_1_3' title="bbox 3704 427 3808 492">
    <p class='ocr_par' dir='ltr' id='par_1_3' title="bbox 3704 427 3808 492">
     <span class='ocr_line' id='line_1_3' title="bbox 3704 427 3808 492; baseline 0.048 -5"><span class='ocrx_word' id='word_1_4' title='bbox 3704 427 3808 492; x_wconf 70' lang='grc'>924</span> 
     </span>
    </p>
   </div>
   <div class='ocr_carea' id='block_1_4' title="bbox 421 524 2057 636">
    <p class='ocr_par' dir='ltr' id='par_1_4' title="bbox 421 524 2057 613">
     <span class='ocr_line' id='line_1_4' title="bbox 421 524 2057 613; baseline 0.013 -37"><span class='ocrx_word' id='word_1_5' title='bbox 421 524 691 596; x_wconf 88' lang='lat' dir='ltr'>negativa</span> <span class='ocrx_word' id='word_1_6' title='bbox 719 527 1007 598; x_wconf 86' lang='lat' dir='ltr'>particula</span> <span class='ocrx_word' id='word_1_7' title='bbox 1057 530 1255 604; x_wconf 91' lang='lat' dir='ltr'>ipsum</span> <span class='ocrx_word' id='word_1_8' title='bbox 1302 538 1679 610; x_wconf 75' lang='lat' dir='ltr'>praedicatum</span> <span class='ocrx_word' id='word_1_9' title='bbox 1711 558 1745 596; x_wconf 89' lang='lat' dir='ltr'>a</span> <span class='ocrx_word' id='word_1_10' title='bbox 1803 542 2057 613; x_wconf 89' lang='lat' dir='ltr'>subjectc</span> 
     </span>
    </p>
   </div>
   <div class='ocr_carea' id='block_1_5' title="bbox 2174 524 3808 636">
    <p class='ocr_par' dir='ltr' id='par_1_5' title="bbox 2183 539 3808 636">
     <span class='ocr_line' id='line_1_5' title="bbox 2183 539 3808 636; baseline 0.012 -40"><span class='ocrx_word' id='word_1_11' title='bbox 2183 539 2279 597; x_wconf 84' lang='grc' dir='ltr'>δύο</span> <span class='ocrx_word' id='word_1_12' title='bbox 2323 540 2681 617; x_wconf 86' lang='grc' dir='ltr'>λαμϐάνεται,</span> <span class='ocrx_word' id='word_1_13' title='bbox 2727 552 2825 603; x_wconf 77' lang='grc' dir='ltr'>τοῦ</span> <span class='ocrx_word' id='word_1_14' title='bbox 2872 549 3162 627; x_wconf 77' lang='grc' dir='ltr'>ἀρνητικοῦ</span> <span class='ocrx_word' id='word_1_15' title='bbox 3214 552 3412 631; x_wconf 78' lang='grc' dir='ltr'>μορίου</span> <span class='ocrx_word' id='word_1_16' title='bbox 3454 554 3516 611; x_wconf 83' lang='grc' dir='ltr'>τὸ</span> <span class='ocrx_word' id='word_1_17' title='bbox 3564 553 3808 636; x_wconf 82' lang='grc' dir='ltr'>διακεκρί-</span> 
     </span>
    </p>
   </div>
   <div class='ocr_carea' id='block_1_6' title="bbox 417 610 1288 681">
    <p class='ocr_par' dir='ltr' id='par_1_6' title="bbox 417 610 1288 681">
     <span class='ocr_line' id='line_1_6' title="bbox 417 610 1288 681; baseline 0.017 -15"><span class='ocrx_word' id='word_1_18' title='bbox 417 610 739 672; x_wconf 89' lang='lat' dir='ltr'>discretum</span> <span class='ocrx_word' id='word_1_19' title='bbox 769 633 900 674; x_wconf 90' lang='lat' dir='ltr'>esse</span> <span class='ocrx_word' id='word_1_20' title='bbox 928 624 1288 681; x_wconf 81' lang='lat' dir='ltr'>ostendente.</span> 
     </span>
    </p>
   </div>
   <div class='ocr_carea' id='block_1_7' title="bbox 485 792 2066 883">
    <p class='ocr_par' dir='ltr' id='par_1_7' title="bbox 485 792 2066 883">
     <span class='ocr_line' id='line_1_7' title="bbox 485 792 2066 883; baseline 0.013 -37"><span class='ocrx_word' id='word_1_21' title='bbox 485 792 539 847; x_wconf 89' lang='lat'>5.</span> <span class='ocrx_word' id='word_1_22' title='bbox 572 793 635 849; x_wconf 93' lang='lat' dir='ltr'>In</span> <span class='ocrx_word' id='word_1_23' title='bbox 670 797 1187 883; x_wconf 77' lang='lat' dir='ltr'>propositionibus</span> <span class='ocrx_word' id='word_1_24' title='bbox 1235 820 1371 877; x_wconf 85' lang='lat' dir='ltr'>ergo</span> <span class='ocrx_word' id='word_1_25' title='bbox 1420 808 1657 878; x_wconf 85' lang='lat' dir='ltr'>quidem</span> <span class='ocrx_word' id='word_1_26' title='bbox 1707 826 1775 864; x_wconf 86' lang='lat' dir='ltr'>ex</span> <span class='ocrx_word' id='word_1_27' title='bbox 1803 811 2066 883; x_wconf 88' lang='lat' dir='ltr'>subjecto</span> 
     </span>
    </p>
   </div>
   <div class='ocr_carea' id='block_1_8' title="bbox 414 882 2067 971">
    <p class='ocr_par' dir='ltr' id='par_1_8' title="bbox 414 882 2067 971">
     <span class='ocr_line' id='line_1_8' title="bbox 414 882 2067 971; baseline 0.013 -37"><span class='ocrx_word' id='word_1_28' title='bbox 414 884 473 935; x_wconf 91' lang='lat' dir='ltr'>et</span> <span class='ocrx_word' id='word_1_29' title='bbox 502 882 812 953; x_wconf 69' lang='lat' dir='ltr'>praedicata</span> <span class='ocrx_word' id='word_1_30' title='bbox 844 885 894 941; x_wconf 90' lang='lat' dir='ltr'>si</span> <span class='ocrx_word' id='word_1_31' title='bbox 953 888 1056 943; x_wconf 86' lang='lat' dir='ltr'>ﬁat</span> <span class='ocrx_word' id='word_1_32' title='bbox 1113 894 1364 964; x_wconf 85' lang='lat' dir='ltr'>negatio,</span> <span class='ocrx_word' id='word_1_33' title='bbox 1426 898 1736 966; x_wconf 69' lang='lat' dir='ltr'>prmdicato</span> <span class='ocrx_word' id='word_1_34' title='bbox 1779 882 2067 971; x_wconf 87' lang='lat' dir='ltr'>particula</span> 
     </span>
    </p>
   </div>
   <div class='ocr_carea' id='block_1_9' title="bbox 413 968 2063 1061">
    <p class='ocr_par' dir='ltr' id='par_1_9' title="bbox 413 968 2063 1061">
     <span class='ocr_line' id='line_1_9' title="bbox 413 968 2063 1061; baseline 0.013 -39"><span class='ocrx_word' id='word_1_35' title='bbox 413 968 790 1029; x_wconf 89' lang='lat' dir='ltr'>inﬁciationis</span> <span class='ocrx_word' id='word_1_36' title='bbox 821 977 1232 1050; x_wconf 86' lang='lat' dir='ltr'>conjungenda</span> <span class='ocrx_word' id='word_1_37' title='bbox 1273 988 1383 1038; x_wconf 90' lang='lat' dir='ltr'>est.</span> <span class='ocrx_word' id='word_1_38' title='bbox 1415 987 1488 1040; x_wconf 89' lang='lat' dir='ltr'>At</span> <span class='ocrx_word' id='word_1_39' title='bbox 1520 1002 1649 1042; x_wconf 90' lang='lat' dir='ltr'>vero</span> <span class='ocrx_word' id='word_1_40' title='bbox 1683 988 1739 1042; x_wconf 88' lang='lat' dir='ltr'>in</span> <span class='ocrx_word' id='word_1_41' title='bbox 1800 988 2063 1061; x_wconf 91' lang='lat' dir='ltr'>proposi-</span> 
     </span>
    </p>
   </div>
   <div class='ocr_carea' id='block_1_10' title="bbox 412 1058 2063 1146">
    <p class='ocr_par' dir='ltr' id='par_1_10' title="bbox 412 1058 2063 1146">
     <span class='ocr_line' id='line_1_10' title="bbox 412 1058 2063 1146; baseline 0.013 -35"><span class='ocrx_word' id='word_1_42' title='bbox 412 1058 673 1115; x_wconf 84' lang='lat' dir='ltr'>tionibus</span> <span class='ocrx_word' id='word_1_43' title='bbox 704 1077 773 1117; x_wconf 82' lang='lat' dir='ltr'>ex</span> <span class='ocrx_word' id='word_1_44' title='bbox 803 1064 959 1122; x_wconf 74' lang='lat'>302</span> <span class='ocrx_word' id='word_1_45' title='bbox 994 1068 1164 1124; x_wconf 88' lang='lat' dir='ltr'>tertio</span> <span class='ocrx_word' id='word_1_46' title='bbox 1195 1074 1585 1143; x_wconf 66' lang='lat' dir='ltr'>apprazdicato</span> <span class='ocrx_word' id='word_1_47' title='bbox 1610 1058 2063 1146; x_wconf 34' lang='lat' dir='ltr'>ejusmodi&#39;inﬁ-</span> 
     </span>
    </p>
   </div>
   <div class='ocr_carea' id='block_1_11' title="bbox 413 1146 2061 1239">
    <p class='ocr_par' dir='ltr' id='par_1_11' title="bbox 413 1146 2061 1239">
     <span class='ocr_line' id='line_1_11' title="bbox 413 1146 2061 1239; baseline 0.014 -39"><span class='ocrx_word' id='word_1_48' title='bbox 413 1146 685 1206; x_wconf 90' lang='lat' dir='ltr'>oiationis</span> <span class='ocrx_word' id='word_1_49' title='bbox 718 1152 1023 1222; x_wconf 87' lang='lat' dir='ltr'>particula,</span> <span class='ocrx_word' id='word_1_50' title='bbox 1079 1162 1489 1231; x_wconf 67' lang='lat' dir='ltr'>apprzedioato,</span> <span class='ocrx_word' id='word_1_51' title='bbox 1556 1182 1764 1238; x_wconf 84' lang='lat' dir='ltr'>nempe</span> <span class='ocrx_word' id='word_1_52' title='bbox 1795 1166 1908 1239; x_wconf 86' lang='lat' dir='ltr'>ipsi</span> <span class='ocrx_word' id='word_1_53' title='bbox 1942 1172 2061 1232; x_wconf 85' lang='lat' dir='ltr'>Est,</span> 
     </span>
    </p>
   </div>
   <div class='ocr_carea' id='block_1_12' title="bbox 411 1239 2063 1320">
    <p class='ocr_par' dir='ltr' id='par_1_12' title="bbox 411 1239 2063 1320">
     <span class='ocr_line' id='line_1_12' title="bbox 411 1239 2063 1320; baseline 0.013 -29"><span class='ocrx_word' id='word_1_54' title='bbox 411 1239 469 1291; x_wconf 90' lang='lat' dir='ltr'>et</span> <span class='ocrx_word' id='word_1_55' title='bbox 526 1254 642 1293; x_wconf 90' lang='lat' dir='ltr'>non</span> <span class='ocrx_word' id='word_1_56' title='bbox 683 1239 782 1295; x_wconf 94' lang='lat' dir='ltr'>alii</span> <span class='ocrx_word' id='word_1_57' title='bbox 838 1242 1011 1299; x_wconf 82' lang='lat' dir='ltr'>alicui</span> <span class='ocrx_word' id='word_1_58' title='bbox 1093 1248 1427 1320; x_wconf 89' lang='lat' dir='ltr'>adjugenda</span> <span class='ocrx_word' id='word_1_59' title='bbox 1482 1259 1590 1308; x_wconf 88' lang='lat' dir='ltr'>est.</span> <span class='ocrx_word' id='word_1_60' title='bbox 1644 1255 2063 1313; x_wconf 83' lang='lat' dir='ltr'>Afﬁrmationis</span> 
     </span>
    </p>
   </div>
   <div class='ocr_carea' id='block_1_13' title="bbox 410 1324 2062 1416">
    <p class='ocr_par' dir='ltr' id='par_1_13' title="bbox 410 1324 2062 1416">
     <span class='ocr_line' id='line_1_13' title="bbox 410 1324 2062 1416; baseline 0.015 -37"><span class='ocrx_word' id='word_1_61' title='bbox 410 1324 567 1381; x_wconf 90' lang='lat' dir='ltr'>enim</span> <span class='ocrx_word' id='word_1_62' title='bbox 597 1326 796 1398; x_wconf 84' lang='lat' dir='ltr'>hujus,</span> <span class='ocrx_word' id='word_1_63' title='bbox 827 1333 1013 1388; x_wconf 87' lang='lat' dir='ltr'><strong>Homo</strong></span> <span class='ocrx_word' id='word_1_64' title='bbox 1040 1338 1130 1389; x_wconf 87' lang='lat' dir='ltr'>est</span> <span class='ocrx_word' id='word_1_65' title='bbox 1158 1336 1402 1408; x_wconf 84' lang='lat' dir='ltr'>animal,</span> <span class='ocrx_word' id='word_1_66' title='bbox 1433 1343 1663 1414; x_wconf 82' lang='lat' dir='ltr'>negatio</span> <span class='ocrx_word' id='word_1_67' title='bbox 1703 1349 1793 1400; x_wconf 91' lang='lat' dir='ltr'>est</span> <span class='ocrx_word' id='word_1_68' title='bbox 1822 1362 1952 1416; x_wconf 65' lang='lat' dir='ltr'>quae</span> <span class='ocrx_word' id='word_1_69' title='bbox 1974 1346 2062 1400; x_wconf 89' lang='lat' dir='ltr'>di-</span> 
     </span>
    </p>
   </div>
   <div class='ocr_carea' id='block_1_14' title="bbox 408 1412 2063 1503">
    <p class='ocr_par' dir='ltr' id='par_1_14' title="bbox 408 1412 2063 1503">
     <span class='ocr_line' id='line_1_14' title="bbox 408 1412 2063 1503; baseline 0.014 -35"><span class='ocrx_word' id='word_1_70' title='bbox 408 1412 698 1480; x_wconf 87' lang='lat' dir='ltr'>cit,Homo</span> <span class='ocrx_word' id='word_1_71' title='bbox 728 1435 843 1475; x_wconf 93' lang='lat' dir='ltr'>non</span> <span class='ocrx_word' id='word_1_72' title='bbox 868 1425 959 1477; x_wconf 90' lang='lat' dir='ltr'>est</span> <span class='ocrx_word' id='word_1_73' title='bbox 982 1423 1220 1495; x_wconf 84' lang='lat' dir='ltr'>animal,</span> <span class='ocrx_word' id='word_1_74' title='bbox 1254 1444 1370 1483; x_wconf 90' lang='lat' dir='ltr'>non</span> <span class='ocrx_word' id='word_1_75' title='bbox 1402 1412 1535 1486; x_wconf 65' lang='lat' dir='ltr'>haec</span> <span class='ocrx_word' id='word_1_76' title='bbox 1555 1449 1683 1503; x_wconf 78' lang='lat' dir='ltr'>quae</span> <span class='ocrx_word' id='word_1_77' title='bbox 1712 1433 2063 1501; x_wconf 85' lang='lat' dir='ltr'>dicit,Homo</span> 
     </span>
    </p>
   </div>
   <div class='ocr_carea' id='block_1_15' title="bbox 408 1507 915 1565">
    <p class='ocr_par' dir='ltr' id='par_1_15' title="bbox 408 1507 915 1565">
     <span class='ocr_line' id='line_1_15' title="bbox 408 1507 915 1565; baseline 0.016 -7"><span class='ocrx_word' id='word_1_78' title='bbox 408 1507 499 1559; x_wconf 88' lang='lat' dir='ltr'>est</span> <span class='ocrx_word' id='word_1_79' title='bbox 526 1521 643 1560; x_wconf 91' lang='lat' dir='ltr'>non</span> <span class='ocrx_word' id='word_1_80' title='bbox 676 1507 915 1565; x_wconf 84' lang='lat' dir='ltr'>animal.</span> 
     </span>
    </p>
   </div>
   <div class='ocr_carea' id='block_1_16' title="bbox 479 1594 2118 1682">
    <p class='ocr_par' dir='ltr' id='par_1_16' title="bbox 479 1594 2118 1682">
     <span class='ocr_line' id='line_1_16' title="bbox 479 1594 2118 1682; baseline 0.013 -35"><span class='ocrx_word' id='word_1_81' title='bbox 479 1594 535 1647; x_wconf 84' lang='lat'>6.</span> <span class='ocrx_word' id='word_1_82' title='bbox 567 1597 700 1651; x_wconf 58' lang='lat' dir='ltr'>Haec</span> <span class='ocrx_word' id='word_1_83' title='bbox 729 1598 887 1653; x_wconf 91' lang='lat' dir='ltr'>enim</span> <span class='ocrx_word' id='word_1_84' title='bbox 912 1600 1223 1659; x_wconf 91' lang='lat' dir='ltr'>afﬁrmatio</span> <span class='ocrx_word' id='word_1_85' title='bbox 1249 1621 1318 1660; x_wconf 83' lang='lat' dir='ltr'>ex</span> <span class='ocrx_word' id='word_1_86' title='bbox 1338 1609 1799 1679; x_wconf 89' lang='lat' dir='ltr'>transpositione</span> <span class='ocrx_word' id='word_1_87' title='bbox 1829 1610 2059 1682; x_wconf 88' lang='lat' dir='ltr'>dicitur,</span> <span class='ocrx_word' id='word_1_88' title='bbox 2114 1604 2118 1608; x_wconf 55' lang='grc'><strong>”</strong></span> 
     </span>
    </p>
   </div>
   <div class='ocr_carea' id='block_1_17' title="bbox 408 1685 2064 1771">
    <p class='ocr_par' dir='ltr' id='par_1_17' title="bbox 408 1685 2064 1771">
     <span class='ocr_line' id='line_1_17' title="bbox 408 1685 2064 1771; baseline 0.014 -37"><span class='ocrx_word' id='word_1_89' title='bbox 408 1685 715 1753; x_wconf 84' lang='lat' dir='ltr'>propterea</span> <span class='ocrx_word' id='word_1_90' title='bbox 760 1689 914 1758; x_wconf 89' lang='lat' dir='ltr'>quod</span> <span class='ocrx_word' id='word_1_91' title='bbox 963 1693 1325 1764; x_wconf 88' lang='lat' dir='ltr'>transposita</span> <span class='ocrx_word' id='word_1_92' title='bbox 1355 1698 1609 1769; x_wconf 87' lang='lat' dir='ltr'>negandi</span> <span class='ocrx_word' id='word_1_93' title='bbox 1672 1699 1967 1771; x_wconf 91' lang='lat' dir='ltr'>particula</span> <span class='ocrx_word' id='word_1_94' title='bbox 1995 1716 2064 1756; x_wconf 85' lang='lat' dir='ltr'>ex</span> 
     </span>
    </p>
   </div>
   <div class='ocr_carea' id='block_1_18' title="bbox 409 1772 2061 1856">
    <p class='ocr_par' dir='ltr' id='par_1_18' title="bbox 409 1772 2061 1856">
     <span class='ocr_line' id='line_1_18' title="bbox 409 1772 2061 1856; baseline 0.015 -34"><span class='ocrx_word' id='word_1_95' title='bbox 409 1772 799 1841; x_wconf 66' lang='lat' dir='ltr'>appraadicato</span> <span class='ocrx_word' id='word_1_96' title='bbox 829 1776 889 1831; x_wconf 90' lang='lat' dir='ltr'>in</span> <span class='ocrx_word' id='word_1_97' title='bbox 919 1780 1324 1851; x_wconf 66' lang='lat' dir='ltr'>praedicatum,</span> <span class='ocrx_word' id='word_1_98' title='bbox 1357 1802 1457 1854; x_wconf 90' lang='lat' dir='ltr'>per</span> <span class='ocrx_word' id='word_1_99' title='bbox 1486 1786 1832 1856; x_wconf 88' lang='lat' dir='ltr'>hujusmodi</span> <span class='ocrx_word' id='word_1_100' title='bbox 1867 1794 2061 1845; x_wconf 87' lang='lat' dir='ltr'>trans-</span> 
     </span>
    </p>
   </div>
   <div class='ocr_carea' id='block_1_19' title="bbox 415 1859 2062 1950">
    <p class='ocr_par' dir='ltr' id='par_1_19' title="bbox 415 1859 2062 1950">
     <span class='ocr_line' id='line_1_19' title="bbox 415 1859 2062 1950; baseline 0.014 -38"><span class='ocrx_word' id='word_1_101' title='bbox 415 1859 763 1928; x_wconf 89' lang='lat' dir='ltr'>positionem</span> <span class='ocrx_word' id='word_1_102' title='bbox 797 1868 1028 1939; x_wconf 90' lang='lat' dir='ltr'>negatio</span> <span class='ocrx_word' id='word_1_103' title='bbox 1080 1870 1183 1925; x_wconf 89' lang='lat' dir='ltr'>ﬁat</span> <span class='ocrx_word' id='word_1_104' title='bbox 1233 1872 1577 1930; x_wconf 88' lang='lat' dir='ltr'>afﬁrmatio:</span> <span class='ocrx_word' id='word_1_105' title='bbox 1632 1882 1733 1932; x_wconf 88' lang='lat' dir='ltr'>aut</span> <span class='ocrx_word' id='word_1_106' title='bbox 1775 1879 1925 1948; x_wconf 86' lang='lat' dir='ltr'>quod</span> <span class='ocrx_word' id='word_1_107' title='bbox 1958 1895 2062 1950; x_wconf 92' lang='lat' dir='ltr'>pro</span> 
     </span>
    </p>
   </div>
   <div class='ocr_carea' id='block_1_20' title="bbox 407 1939 2140 2031">
    <p class='ocr_par' dir='ltr' id='par_1_20' title="bbox 407 1939 2140 2031">
     <span class='ocr_line' id='line_1_20' title="bbox 407 1939 2140 2031; baseline 0.014 -30"><span class='ocrx_word' id='word_1_108' title='bbox 407 1946 572 2005; x_wconf 88' lang='lat' dir='ltr'>ﬁnito</span> <span class='ocrx_word' id='word_1_109' title='bbox 592 1952 906 2022; x_wconf 63' lang='lat' dir='ltr'>praedicata</span> <span class='ocrx_word' id='word_1_110' title='bbox 921 1959 1300 2031; x_wconf 89' lang='lat' dir='ltr'>transpositio</span> <span class='ocrx_word' id='word_1_111' title='bbox 1320 1961 1570 2029; x_wconf 90' lang='lat' dir='ltr'>inﬁnito,</span> <span class='ocrx_word' id='word_1_112' title='bbox 1590 1966 1755 2022; x_wconf 86' lang='lat' dir='ltr'>ﬁnito</span> <span class='ocrx_word' id='word_1_113' title='bbox 1777 1939 2058 2024; x_wconf 71' lang='lat' dir='ltr'>nimirum</span> <span class='ocrx_word' id='word_1_114' title='bbox 2092 1939 2140 2006; x_wconf 83' lang='lat' dir='ltr'><strong>B</strong></span> 
     </span>
    </p>
   </div>
   <div class='ocr_carea' id='block_1_21' title="bbox 407 2036 2058 2127">
    <p class='ocr_par' dir='ltr' id='par_1_21' title="bbox 407 2036 2058 2127">
     <span class='ocr_line' id='line_1_21' title="bbox 407 2036 2058 2127; baseline 0.013 -37"><span class='ocrx_word' id='word_1_115' title='bbox 407 2036 660 2106; x_wconf 89' lang='lat' dir='ltr'>sublato,</span> <span class='ocrx_word' id='word_1_116' title='bbox 693 2058 762 2097; x_wconf 80' lang='lat' dir='ltr'>ex</span> <span class='ocrx_word' id='word_1_117' title='bbox 810 2045 1101 2114; x_wconf 80' lang='lat' dir='ltr'>ejusmodi</span> <span class='ocrx_word' id='word_1_118' title='bbox 1140 2052 1600 2122; x_wconf 87' lang='lat' dir='ltr'>transpositione</span> <span class='ocrx_word' id='word_1_119' title='bbox 1628 2056 1924 2127; x_wconf 65' lang='lat' dir='ltr'>praedicati</span> <span class='ocrx_word' id='word_1_120' title='bbox 1958 2057 2058 2112; x_wconf 93' lang='lat' dir='ltr'>de-</span> 
     </span>
    </p>
   </div>
   <div class='ocr_carea' id='block_1_22' title="bbox 404 2124 1120 2192">
    <p class='ocr_par' dir='ltr' id='par_1_22' title="bbox 404 2124 1120 2192">
     <span class='ocr_line' id='line_1_22' title="bbox 404 2124 1120 2192; baseline 0.015 -13"><span class='ocrx_word' id='word_1_121' title='bbox 404 2124 626 2184; x_wconf 80' lang='lat' dir='ltr'>clarata</span> <span class='ocrx_word' id='word_1_122' title='bbox 656 2129 760 2185; x_wconf 91' lang='lat' dir='ltr'>ﬁat</span> <span class='ocrx_word' id='word_1_123' title='bbox 788 2132 1120 2192; x_wconf 85' lang='lat' dir='ltr'>afﬁrmatio.</span> 
     </span>
    </p>
   </div>
   <div class='ocr_carea' id='block_1_23' title="bbox 475 2414 2058 2501">
    <p class='ocr_par' dir='ltr' id='par_1_23' title="bbox 475 2414 2058 2501">
     <span class='ocr_line' id='line_1_23' title="bbox 475 2414 2058 2501; baseline 0.014 -34"><span class='ocrx_word' id='word_1_124' title='bbox 475 2414 528 2469; x_wconf 89' lang='lat'>7.</span> <span class='ocrx_word' id='word_1_125' title='bbox 564 2415 889 2489; x_wconf 89' lang='lat' dir='ltr'>Propositio</span> <span class='ocrx_word' id='word_1_126' title='bbox 919 2422 1103 2494; x_wconf 85' lang='lat' dir='ltr'>igitur</span> <span class='ocrx_word' id='word_1_127' title='bbox 1159 2424 1302 2491; x_wconf 72' lang='lat' dir='ltr'>haec,</span> <span class='ocrx_word' id='word_1_128' title='bbox 1337 2427 1520 2485; x_wconf 89' lang='lat' dir='ltr'>Homo</span> <span class='ocrx_word' id='word_1_129' title='bbox 1552 2436 1641 2486; x_wconf 88' lang='lat' dir='ltr'>est</span> <span class='ocrx_word' id='word_1_130' title='bbox 1670 2449 1785 2488; x_wconf 92' lang='lat' dir='ltr'>non</span> <span class='ocrx_word' id='word_1_131' title='bbox 1818 2433 2058 2501; x_wconf 86' lang='lat' dir='ltr'>animal,</span> 
     </span>
    </p>
   </div>
   <div class='ocr_carea' id='block_1_24' title="bbox 407 2502 2057 2589">
    <p class='ocr_par' dir='ltr' id='par_1_24' title="bbox 407 2502 2057 2589">
     <span class='ocr_line' id='line_1_24' title="bbox 407 2502 2057 2589; baseline 0.015 -33"><span class='ocrx_word' id='word_1_132' title='bbox 407 2502 722 2562; x_wconf 87' lang='lat' dir='ltr'>afﬁrmatio</span> <span class='ocrx_word' id='word_1_133' title='bbox 752 2513 860 2571; x_wconf 86' lang='lat' dir='ltr'>est,</span> <span class='ocrx_word' id='word_1_134' title='bbox 885 2527 999 2566; x_wconf 91' lang='lat' dir='ltr'>non</span> <span class='ocrx_word' id='word_1_135' title='bbox 1034 2515 1285 2585; x_wconf 88' lang='lat' dir='ltr'>negatio.</span> <span class='ocrx_word' id='word_1_136' title='bbox 1312 2517 1417 2581; x_wconf 88' lang='lat' dir='ltr'>Qui</span> <span class='ocrx_word' id='word_1_137' title='bbox 1449 2519 1605 2575; x_wconf 89' lang='lat' dir='ltr'>enim</span> <span class='ocrx_word' id='word_1_138' title='bbox 1638 2521 2057 2589; x_wconf 85' lang='lat' dir='ltr'>dixerit,Homo</span> 
     </span>
    </p>
   </div>
   <div class='ocr_carea' id='block_1_25' title="bbox 404 2596 2054 2683">
    <p class='ocr_par' dir='ltr' id='par_1_25' title="bbox 404 2596 2054 2683">
     <span class='ocr_line' id='line_1_25' title="bbox 404 2596 2054 2683; baseline 0.014 -37"><span class='ocrx_word' id='word_1_139' title='bbox 404 2596 493 2647; x_wconf 90' lang='lat' dir='ltr'>est</span> <span class='ocrx_word' id='word_1_140' title='bbox 524 2610 638 2650; x_wconf 91' lang='lat' dir='ltr'>non</span> <span class='ocrx_word' id='word_1_141' title='bbox 672 2597 910 2668; x_wconf 86' lang='lat' dir='ltr'>animal,</span> <span class='ocrx_word' id='word_1_142' title='bbox 972 2601 1117 2657; x_wconf 87' lang='lat' dir='ltr'>dixit</span> <span class='ocrx_word' id='word_1_143' title='bbox 1170 2603 1467 2663; x_wconf 84' lang='lat' dir='ltr'>hominem</span> <span class='ocrx_word' id='word_1_144' title='bbox 1499 2625 1627 2666; x_wconf 89' lang='lat' dir='ltr'>esse</span> <span class='ocrx_word' id='word_1_145' title='bbox 1663 2628 1780 2666; x_wconf 92' lang='lat' dir='ltr'>non</span> <span class='ocrx_word' id='word_1_146' title='bbox 1814 2611 2054 2683; x_wconf 88' lang='lat' dir='ltr'>animal,</span> 
     </span>
    </p>
   </div>
   <div class='ocr_carea' id='block_1_26' title="bbox 404 2682 2055 2774">
    <p class='ocr_par' dir='ltr' id='par_1_26' title="bbox 404 2682 2055 2774">
     <span class='ocr_line' id='line_1_26' title="bbox 404 2682 2055 2774; baseline 0.014 -39"><span class='ocrx_word' id='word_1_147' title='bbox 404 2682 507 2737; x_wconf 89' lang='lat' dir='ltr'>sed</span> <span class='ocrx_word' id='word_1_148' title='bbox 538 2683 700 2741; x_wconf 90' lang='lat' dir='ltr'>aliud</span> <span class='ocrx_word' id='word_1_149' title='bbox 732 2687 874 2758; x_wconf 90' lang='lat' dir='ltr'>quid</span> <span class='ocrx_word' id='word_1_150' title='bbox 901 2697 1111 2761; x_wconf 78' lang='lat' dir='ltr'>praeter</span> <span class='ocrx_word' id='word_1_151' title='bbox 1150 2695 1389 2752; x_wconf 89' lang='lat' dir='ltr'>animal.</span> <span class='ocrx_word' id='word_1_152' title='bbox 1426 2699 1530 2763; x_wconf 90' lang='lat' dir='ltr'>Qui</span> <span class='ocrx_word' id='word_1_153' title='bbox 1595 2704 1789 2755; x_wconf 88' lang='lat' dir='ltr'>autem</span> <span class='ocrx_word' id='word_1_154' title='bbox 1822 2702 2055 2774; x_wconf 83' lang='lat' dir='ltr'>dixerit,</span> 
     </span>
    </p>
   </div>
   <div class='ocr_carea' id='block_1_27' title="bbox 399 2769 2054 2861">
    <p class='ocr_par' dir='ltr' id='par_1_27' title="bbox 399 2769 2054 2861">
     <span class='ocr_line' id='line_1_27' title="bbox 399 2769 2054 2861; baseline 0.014 -36"><span class='ocrx_word' id='word_1_155' title='bbox 399 2769 585 2828; x_wconf 89' lang='lat' dir='ltr'>Homo</span> <span class='ocrx_word' id='word_1_156' title='bbox 616 2790 734 2831; x_wconf 88' lang='lat' dir='ltr'>non</span> <span class='ocrx_word' id='word_1_157' title='bbox 765 2781 857 2833; x_wconf 90' lang='lat' dir='ltr'>est</span> <span class='ocrx_word' id='word_1_158' title='bbox 886 2778 1125 2847; x_wconf 88' lang='lat' dir='ltr'>animal,</span> <span class='ocrx_word' id='word_1_159' title='bbox 1159 2781 1257 2839; x_wconf 92' lang='lat' dir='ltr'>ille</span> <span class='ocrx_word' id='word_1_160' title='bbox 1288 2785 1358 2840; x_wconf 90' lang='lat' dir='ltr'>de</span> <span class='ocrx_word' id='word_1_161' title='bbox 1395 2786 1631 2843; x_wconf 89' lang='lat' dir='ltr'>homine</span> <span class='ocrx_word' id='word_1_162' title='bbox 1663 2790 1893 2861; x_wconf 87' lang='lat' dir='ltr'>negavit</span> <span class='ocrx_word' id='word_1_163' title='bbox 1922 2807 2054 2848; x_wconf 92' lang='lat' dir='ltr'>eum</span> 
     </span>
    </p>
   </div>
   <div class='ocr_carea' id='block_1_28' title="bbox 400 2861 2053 2948">
    <p class='ocr_par' dir='ltr' id='par_1_28' title="bbox 400 2861 2053 2948">
     <span class='ocr_line' id='line_1_28' title="bbox 400 2861 2053 2948; baseline 0.013 -35"><span class='ocrx_word' id='word_1_164' title='bbox 400 2874 530 2915; x_wconf 91' lang='lat' dir='ltr'>esse</span> <span class='ocrx_word' id='word_1_165' title='bbox 559 2861 800 2930; x_wconf 89' lang='lat' dir='ltr'>animal,</span> <span class='ocrx_word' id='word_1_166' title='bbox 850 2870 908 2922; x_wconf 89' lang='lat' dir='ltr'>et</span> <span class='ocrx_word' id='word_1_167' title='bbox 955 2868 1237 2926; x_wconf 88' lang='lat' dir='ltr'>indicavit</span> <span class='ocrx_word' id='word_1_168' title='bbox 1280 2890 1395 2929; x_wconf 92' lang='lat' dir='ltr'>non</span> <span class='ocrx_word' id='word_1_169' title='bbox 1445 2876 1638 2933; x_wconf 89' lang='lat' dir='ltr'>inesse</span> <span class='ocrx_word' id='word_1_170' title='bbox 1668 2878 1777 2933; x_wconf 91' lang='lat' dir='ltr'>hoc</span> <span class='ocrx_word' id='word_1_171' title='bbox 1808 2878 2053 2948; x_wconf 89' lang='lat' dir='ltr'>homini,</span> 
     </span>
    </p>
   </div>
   <div class='ocr_carea' id='block_1_29' title="bbox 401 2952 2055 3036">
    <p class='ocr_par' dir='ltr' id='par_1_29' title="bbox 401 2952 2055 3036">
     <span class='ocr_line' id='line_1_29' title="bbox 401 2952 2055 3036; baseline 0.013 -32"><span class='ocrx_word' id='word_1_172' title='bbox 401 2964 532 3005; x_wconf 87' lang='lat' dir='ltr'>esse</span> <span class='ocrx_word' id='word_1_173' title='bbox 562 2952 803 3010; x_wconf 88' lang='lat' dir='ltr'>animal.</span> <span class='ocrx_word' id='word_1_174' title='bbox 836 2955 1067 3013; x_wconf 86' lang='lat' dir='ltr'>Dictum</span> <span class='ocrx_word' id='word_1_175' title='bbox 1114 2965 1313 3017; x_wconf 88' lang='lat' dir='ltr'>autem</span> <span class='ocrx_word' id='word_1_176' title='bbox 1364 2968 1453 3019; x_wconf 91' lang='lat' dir='ltr'>est</span> <span class='ocrx_word' id='word_1_177' title='bbox 1482 2966 1635 3036; x_wconf 86' lang='lat' dir='ltr'>quod</span> <span class='ocrx_word' id='word_1_178' title='bbox 1667 2969 2055 3026; x_wconf 88' lang='lat' dir='ltr'>enuntiativa-</span> 
     </span>
    </p>
   </div>
   <div class='ocr_carea' id='block_1_30' title="bbox 407 3042 2054 3129">
    <p class='ocr_par' dir='ltr' id='par_1_30' title="bbox 407 3042 2054 3129">
     <span class='ocr_line' id='line_1_30' title="bbox 407 3042 2054 3129; baseline 0.013 -36"><span class='ocrx_word' id='word_1_179' title='bbox 407 3055 536 3095; x_wconf 88' lang='lat' dir='ltr'>rum</span> <span class='ocrx_word' id='word_1_180' title='bbox 596 3042 949 3117; x_wconf 89' lang='lat' dir='ltr'>orationum,</span> <span class='ocrx_word' id='word_1_181' title='bbox 982 3063 1113 3118; x_wconf 71' lang='lat' dir='ltr'>quas</span> <span class='ocrx_word' id='word_1_182' title='bbox 1161 3050 1303 3106; x_wconf 88' lang='lat' dir='ltr'>dicit</span> <span class='ocrx_word' id='word_1_183' title='bbox 1360 3053 1579 3125; x_wconf 90' lang='lat' dir='ltr'>aliquid</span> <span class='ocrx_word' id='word_1_184' title='bbox 1612 3055 1786 3112; x_wconf 88' lang='lat' dir='ltr'>alicui</span> <span class='ocrx_word' id='word_1_185' title='bbox 1839 3058 2054 3129; x_wconf 91' lang='lat' dir='ltr'>inesse,</span> 
     </span>
    </p>
   </div>
   <div class='ocr_carea' id='block_1_31' title="bbox 405 3129 2058 3215">
    <p class='ocr_par' dir='ltr' id='par_1_31' title="bbox 405 3129 2058 3215">
     <span class='ocr_line' id='line_1_31' title="bbox 405 3129 2058 3215; baseline 0.013 -33"><span class='ocrx_word' id='word_1_186' title='bbox 405 3132 495 3183; x_wconf 86' lang='lat' dir='ltr'>est</span> <span class='ocrx_word' id='word_1_187' title='bbox 544 3129 857 3188; x_wconf 89' lang='lat' dir='ltr'>afﬁrmatio</span> <span class='ocrx_word' id='word_1_188' title='bbox 900 3152 913 3202; x_wconf 91' lang='lat'><strong>;</strong></span> <span class='ocrx_word' id='word_1_189' title='bbox 966 3152 1097 3207; x_wconf 73' lang='lat' dir='ltr'>qua:</span> <span class='ocrx_word' id='word_1_190' title='bbox 1146 3144 1341 3197; x_wconf 88' lang='lat' dir='ltr'>autem</span> <span class='ocrx_word' id='word_1_191' title='bbox 1373 3141 1515 3197; x_wconf 88' lang='lat' dir='ltr'>dicit</span> <span class='ocrx_word' id='word_1_192' title='bbox 1552 3161 1666 3199; x_wconf 90' lang='lat' dir='ltr'>non</span> <span class='ocrx_word' id='word_1_193' title='bbox 1720 3145 1934 3215; x_wconf 86' lang='lat' dir='ltr'>inesse,</span> <span class='ocrx_word' id='word_1_194' title='bbox 1967 3154 2058 3204; x_wconf 89' lang='lat' dir='ltr'>est</span> 
     </span>
    </p>
   </div>
   <div class='ocr_carea' id='block_1_32' title="bbox 406 3216 2058 3301">
    <p class='ocr_par' dir='ltr' id='par_1_32' title="bbox 406 3216 2058 3301">
     <span class='ocr_line' id='line_1_32' title="bbox 406 3216 2058 3301; baseline 0.013 -31"><span class='ocrx_word' id='word_1_195' title='bbox 406 3216 660 3290; x_wconf 85' lang='lat' dir='ltr'>negatio,</span> <span class='ocrx_word' id='word_1_196' title='bbox 690 3221 1018 3280; x_wconf 87' lang='lat' dir='ltr'>Afﬁrmatio</span> <span class='ocrx_word' id='word_1_197' title='bbox 1045 3225 1227 3298; x_wconf 84' lang='lat' dir='ltr'>igitur</span> <span class='ocrx_word' id='word_1_198' title='bbox 1254 3234 1346 3285; x_wconf 90' lang='lat' dir='ltr'>est</span> <span class='ocrx_word' id='word_1_199' title='bbox 1374 3232 1528 3288; x_wconf 76' lang='lat'>303</span> <span class='ocrx_word' id='word_1_200' title='bbox 1559 3233 1686 3301; x_wconf 91' lang='lat' dir='ltr'>hoc,</span> <span class='ocrx_word' id='word_1_201' title='bbox 1745 3234 1928 3293; x_wconf 90' lang='lat' dir='ltr'>Homo</span> <span class='ocrx_word' id='word_1_202' title='bbox 1968 3242 2058 3293; x_wconf 91' lang='lat' dir='ltr'>est</span> 
     </span>
    </p>
   </div>
   <div class='ocr_carea' id='block_1_33' title="bbox 404 3307 871 3365">
    <p class='ocr_par' dir='ltr' id='par_1_33' title="bbox 404 3307 871 3365">
     <span class='ocr_line' id='line_1_33' title="bbox 404 3307 871 3365; baseline 0.013 -6"><span class='ocrx_word' id='word_1_203' title='bbox 404 3321 523 3360; x_wconf 90' lang='lat' dir='ltr'>non</span> <span class='ocrx_word' id='word_1_204' title='bbox 575 3307 795 3364; x_wconf 90' lang='lat' dir='ltr'>animal</span> <span class='ocrx_word' id='word_1_205' title='bbox 858 3328 871 3365; x_wconf 92' lang='lat'><strong>:</strong></span> 
     </span>
    </p>
   </div>
   <div class='ocr_carea' id='block_1_34' title="bbox 400 3398 899 3455">
    <p class='ocr_par' dir='ltr' id='par_1_34' title="bbox 400 3398 899 3455">
     <span class='ocr_line' id='line_1_34' title="bbox 400 3398 899 3455; baseline 0.014 -7"><span class='ocrx_word' id='word_1_206' title='bbox 400 3408 517 3449; x_wconf 90' lang='lat' dir='ltr'>non</span> <span class='ocrx_word' id='word_1_207' title='bbox 544 3400 634 3451; x_wconf 90' lang='lat' dir='ltr'>est</span> <span class='ocrx_word' id='word_1_208' title='bbox 661 3398 899 3455; x_wconf 90' lang='lat' dir='ltr'>animal.</span> 
     </span>
    </p>
   </div>
   <div class='ocr_carea' id='block_1_35' title="bbox 470 3500 2054 3591">
    <p class='ocr_par' dir='ltr' id='par_1_35' title="bbox 470 3500 2054 3591">
     <span class='ocr_line' id='line_1_35' title="bbox 470 3500 2054 3591; baseline 0.016 -37"><span class='ocrx_word' id='word_1_209' title='bbox 470 3500 523 3555; x_wconf 91' lang='lat'>8.</span> <span class='ocrx_word' id='word_1_210' title='bbox 560 3501 773 3560; x_wconf 87' lang='lat' dir='ltr'>Eodem</span> <span class='ocrx_word' id='word_1_211' title='bbox 822 3508 994 3565; x_wconf 91' lang='lat' dir='ltr'>modo</span> <span class='ocrx_word' id='word_1_212' title='bbox 1043 3511 1222 3568; x_wconf 89' lang='lat' dir='ltr'>etiam</span> <span class='ocrx_word' id='word_1_213' title='bbox 1271 3513 1451 3587; x_wconf 89' lang='lat' dir='ltr'>hujus</span> <span class='ocrx_word' id='word_1_214' title='bbox 1481 3518 1910 3591; x_wconf 86' lang='lat' dir='ltr'>afﬁrmationis,</span> <span class='ocrx_word' id='word_1_215' title='bbox 1944 3523 2054 3579; x_wconf 91' lang='lat' dir='ltr'>So-</span> 
     </span>
    </p>
   </div>
   <div class='ocr_carea' id='block_1_36' title="bbox 404 3593 2055 3672">
    <p class='ocr_par' dir='ltr' id='par_1_36' title="bbox 404 3593 2055 3672">
     <span class='ocr_line' id='line_1_36' title="bbox 404 3593 2055 3672; baseline 0.015 -29"><span class='ocrx_word' id='word_1_216' title='bbox 404 3593 594 3646; x_wconf 88' lang='lat' dir='ltr'>crates</span> <span class='ocrx_word' id='word_1_217' title='bbox 634 3596 723 3648; x_wconf 91' lang='lat' dir='ltr'>est</span> <span class='ocrx_word' id='word_1_218' title='bbox 772 3595 994 3663; x_wconf 86' lang='lat' dir='ltr'>justus,</span> <span class='ocrx_word' id='word_1_219' title='bbox 1050 3601 1278 3672; x_wconf 88' lang='lat' dir='ltr'>negatio</span> <span class='ocrx_word' id='word_1_220' title='bbox 1322 3609 1430 3672; x_wconf 89' lang='lat' dir='ltr'>est,</span> <span class='ocrx_word' id='word_1_221' title='bbox 1480 3607 1742 3665; x_wconf 85' lang='lat' dir='ltr'>Socrates</span> <span class='ocrx_word' id='word_1_222' title='bbox 1789 3627 1906 3667; x_wconf 92' lang='lat' dir='ltr'>non</span> <span class='ocrx_word' id='word_1_223' title='bbox 1965 3616 2055 3668; x_wconf 91' lang='lat' dir='ltr'>est</span> 
     </span>
    </p>
   </div>
   <div class='ocr_carea' id='block_1_37' title="bbox 397 3676 2054 3769">
    <p class='ocr_par' dir='ltr' id='par_1_37' title="bbox 397 3676 2054 3769">
     <span class='ocr_line' id='line_1_37' title="bbox 397 3676 2054 3769; baseline 0.015 -38"><span class='ocrx_word' id='word_1_224' title='bbox 397 3676 624 3749; x_wconf 86' lang='lat' dir='ltr'>justus,</span> <span class='ocrx_word' id='word_1_225' title='bbox 658 3698 775 3737; x_wconf 90' lang='lat' dir='ltr'>non</span> <span class='ocrx_word' id='word_1_226' title='bbox 835 3683 979 3754; x_wconf 65' lang='lat' dir='ltr'>haec,</span> <span class='ocrx_word' id='word_1_227' title='bbox 1028 3688 1295 3747; x_wconf 88' lang='lat' dir='ltr'>Socrates</span> <span class='ocrx_word' id='word_1_228' title='bbox 1353 3699 1444 3749; x_wconf 88' lang='lat' dir='ltr'>est</span> <span class='ocrx_word' id='word_1_229' title='bbox 1498 3713 1615 3751; x_wconf 93' lang='lat' dir='ltr'>non</span> <span class='ocrx_word' id='word_1_230' title='bbox 1639 3698 1863 3769; x_wconf 91' lang='lat' dir='ltr'>justus.</span> <span class='ocrx_word' id='word_1_231' title='bbox 1922 3700 2054 3758; x_wconf 68' lang='lat' dir='ltr'>Haec</span> 
     </span>
    </p>
   </div>
   <div class='ocr_carea' id='block_1_38' title="bbox 406 3767 2053 3861">
    <p class='ocr_par' dir='ltr' id='par_1_38' title="bbox 406 3767 2053 3861">
     <span class='ocr_line' id='line_1_38' title="bbox 406 3767 2053 3861; baseline 0.016 -40"><span class='ocrx_word' id='word_1_232' title='bbox 406 3767 563 3824; x_wconf 91' lang='lat' dir='ltr'>enim</span> <span class='ocrx_word' id='word_1_233' title='bbox 594 3786 663 3825; x_wconf 81' lang='lat' dir='ltr'>ex</span> <span class='ocrx_word' id='word_1_234' title='bbox 690 3774 1148 3847; x_wconf 88' lang='lat' dir='ltr'>transpositione</span> <span class='ocrx_word' id='word_1_235' title='bbox 1178 3785 1268 3836; x_wconf 90' lang='lat' dir='ltr'>est</span> <span class='ocrx_word' id='word_1_236' title='bbox 1289 3767 1713 3852; x_wconf 17' lang='lat' dir='ltr'>afﬁrmatioiet</span> <span class='ocrx_word' id='word_1_237' title='bbox 1742 3788 1923 3861; x_wconf 88' lang='lat' dir='ltr'>hujus</span> <span class='ocrx_word' id='word_1_238' title='bbox 1954 3808 2053 3847; x_wconf 90' lang='lat' dir='ltr'>ne-</span> 
     </span>
    </p>
   </div>
   <div class='ocr_carea' id='block_1_39' title="bbox 403 3857 2050 3946">
    <p class='ocr_par' dir='ltr' id='par_1_39' title="bbox 403 3857 2050 3946">
     <span class='ocr_line' id='line_1_39' title="bbox 403 3857 2050 3946; baseline 0.016 -36"><span class='ocrx_word' id='word_1_239' title='bbox 403 3857 561 3929; x_wconf 87' lang='lat' dir='ltr'>gatio</span> <span class='ocrx_word' id='word_1_240' title='bbox 617 3864 726 3927; x_wconf 88' lang='lat' dir='ltr'>est,</span> <span class='ocrx_word' id='word_1_241' title='bbox 759 3862 1025 3922; x_wconf 86' lang='lat' dir='ltr'>Socrates</span> <span class='ocrx_word' id='word_1_242' title='bbox 1075 3885 1191 3924; x_wconf 89' lang='lat' dir='ltr'>non</span> <span class='ocrx_word' id='word_1_243' title='bbox 1237 3875 1327 3927; x_wconf 90' lang='lat' dir='ltr'>est</span> <span class='ocrx_word' id='word_1_244' title='bbox 1372 3890 1488 3929; x_wconf 91' lang='lat' dir='ltr'>non</span> <span class='ocrx_word' id='word_1_245' title='bbox 1534 3876 1758 3946; x_wconf 88' lang='lat' dir='ltr'>justus.</span> <span class='ocrx_word' id='word_1_246' title='bbox 1794 3857 2050 3935; x_wconf 79' lang='lat' dir='ltr'>Similem</span> 
     </span>
    </p>
   </div>
   <div class='ocr_carea' id='block_1_40' title="bbox 402 3944 2052 4040">
    <p class='ocr_par' dir='ltr' id='par_1_40' title="bbox 402 3944 2052 4040">
     <span class='ocr_line' id='line_1_40' title="bbox 402 3944 2052 4040; baseline 0.015 -40"><span class='ocrx_word' id='word_1_247' title='bbox 402 3944 465 4001; x_wconf 89' lang='lat' dir='ltr'>in</span> <span class='ocrx_word' id='word_1_248' title='bbox 504 3948 746 4006; x_wconf 88' lang='lat' dir='ltr'>modum</span> <span class='ocrx_word' id='word_1_249' title='bbox 802 3953 979 4009; x_wconf 89' lang='lat' dir='ltr'>etiam</span> <span class='ocrx_word' id='word_1_250' title='bbox 1031 3955 1234 4029; x_wconf 90' lang='lat' dir='ltr'>hujus,</span> <span class='ocrx_word' id='word_1_251' title='bbox 1282 3944 1625 4021; x_wconf 84' lang='lat' dir='ltr'>Aristoteles</span> <span class='ocrx_word' id='word_1_252' title='bbox 1674 3972 1765 4023; x_wconf 90' lang='lat' dir='ltr'>est</span> <span class='ocrx_word' id='word_1_253' title='bbox 1794 3968 2052 4040; x_wconf 91' lang='lat' dir='ltr'>philoso-</span> 
     </span>
    </p>
   </div>
   <div class='ocr_carea' id='block_1_41' title="bbox 401 4034 2049 4130">
    <p class='ocr_par' dir='ltr' id='par_1_41' title="bbox 401 4034 2049 4130">
     <span class='ocr_line' id='line_1_41' title="bbox 401 4034 2049 4130; baseline 0.015 -41"><span class='ocrx_word' id='word_1_254' title='bbox 401 4034 625 4107; x_wconf 84' lang='lat' dir='ltr'>phans;</span> <span class='ocrx_word' id='word_1_255' title='bbox 638 4041 871 4112; x_wconf 84' lang='lat' dir='ltr'>negotio</span> <span class='ocrx_word' id='word_1_256' title='bbox 890 4045 1345 4115; x_wconf 86' lang='lat' dir='ltr'>est,Aristoteles</span> <span class='ocrx_word' id='word_1_257' title='bbox 1361 4068 1477 4107; x_wconf 88' lang='lat' dir='ltr'>non</span> <span class='ocrx_word' id='word_1_258' title='bbox 1495 4059 1585 4110; x_wconf 89' lang='lat' dir='ltr'>est</span> <span class='ocrx_word' id='word_1_259' title='bbox 1605 4034 2049 4130; x_wconf 62' lang='lat' dir='ltr'>philosbphans.</span> 
     </span>
    </p>
   </div>
   <div class='ocr_carea' id='block_1_42' title="bbox 403 4124 2053 4215">
    <p class='ocr_par' dir='ltr' id='par_1_42' title="bbox 403 4124 2053 4215">
     <span class='ocr_line' id='line_1_42' title="bbox 403 4124 2053 4215; baseline 0.016 -37"><span class='ocrx_word' id='word_1_260' title='bbox 403 4128 479 4179; x_wconf 82' lang='lat' dir='ltr'>At</span> <span class='ocrx_word' id='word_1_261' title='bbox 507 4124 981 4193; x_wconf 88' lang='lat' dir='ltr'>hoc,Aristoteles</span> <span class='ocrx_word' id='word_1_262' title='bbox 1002 4139 1093 4191; x_wconf 89' lang='lat' dir='ltr'>est</span> <span class='ocrx_word' id='word_1_263' title='bbox 1114 4152 1231 4193; x_wconf 90' lang='lat' dir='ltr'>non</span> <span class='ocrx_word' id='word_1_264' title='bbox 1262 4124 1706 4215; x_wconf 41' lang='lat' dir='ltr'>philosopha—ns;</span> <span class='ocrx_word' id='word_1_265' title='bbox 1740 4124 2053 4204; x_wconf 76' lang='lat' dir='ltr'>afﬁrmatio</span> 
     </span>
    </p>
   </div>
   <div class='ocr_carea' id='block_1_43' title="bbox 403 4216 2052 4300">
    <p class='ocr_par' dir='ltr' id='par_1_43' title="bbox 403 4216 2052 4300">
     <span class='ocr_line' id='line_1_43' title="bbox 403 4216 2052 4300; baseline 0.016 -32"><span class='ocrx_word' id='word_1_266' title='bbox 403 4216 495 4269; x_wconf 87' lang='lat' dir='ltr'>est</span> <span class='ocrx_word' id='word_1_267' title='bbox 522 4218 903 4290; x_wconf 88' lang='lat' dir='ltr'>transposita,</span> <span class='ocrx_word' id='word_1_268' title='bbox 937 4225 1107 4295; x_wconf 89' lang='lat' dir='ltr'>cujus</span> <span class='ocrx_word' id='word_1_269' title='bbox 1144 4229 1376 4300; x_wconf 80' lang='lat' dir='ltr'>negatio</span> <span class='ocrx_word' id='word_1_270' title='bbox 1422 4237 1533 4298; x_wconf 84' lang='lat' dir='ltr'>est,</span> <span class='ocrx_word' id='word_1_271' title='bbox 1564 4233 1903 4293; x_wconf 87' lang='lat' dir='ltr'>Aristoteles</span> <span class='ocrx_word' id='word_1_272' title='bbox 1937 4255 2052 4294; x_wconf 92' lang='lat' dir='ltr'>non</span> 
     </span>
    </p>
   </div>
   <div class='ocr_carea' id='block_1_44' title="bbox 408 4306 1122 4383">
    <p class='ocr_par' dir='ltr' id='par_1_44' title="bbox 408 4306 1122 4383">
     <span class='ocr_line' id='line_1_44' title="bbox 408 4306 1122 4383; baseline 0.017 -25"><span class='ocrx_word' id='word_1_273' title='bbox 408 4306 499 4359; x_wconf 89' lang='lat' dir='ltr'>est</span> <span class='ocrx_word' id='word_1_274' title='bbox 527 4321 644 4361; x_wconf 90' lang='lat' dir='ltr'>non</span> <span class='ocrx_word' id='word_1_275' title='bbox 674 4306 1122 4383; x_wconf 70' lang='lat' dir='ltr'>philosopharis.</span> 
     </span>
    </p>
   </div>
   <div class='ocr_carea' id='block_1_45' title="bbox 477 4411 2054 4506">
    <p class='ocr_par' dir='ltr' id='par_1_45' title="bbox 477 4411 2054 4506">
     <span class='ocr_line' id='line_1_45' title="bbox 477 4411 2054 4506; baseline 0.016 -40"><span class='ocrx_word' id='word_1_276' title='bbox 477 4411 532 4467; x_wconf 86' lang='lat'>9.</span> <span class='ocrx_word' id='word_1_277' title='bbox 587 4413 651 4468; x_wconf 93' lang='lat' dir='ltr'>In</span> <span class='ocrx_word' id='word_1_278' title='bbox 708 4415 1204 4479; x_wconf 87' lang='lat' dir='ltr'>afﬁrmationibus</span> <span class='ocrx_word' id='word_1_279' title='bbox 1252 4425 1410 4481; x_wconf 90' lang='lat' dir='ltr'>enim</span> <span class='ocrx_word' id='word_1_280' title='bbox 1440 4444 1509 4483; x_wconf 77' lang='lat' dir='ltr'>ex</span> <span class='ocrx_word' id='word_1_281' title='bbox 1562 4430 1733 4486; x_wconf 85' lang='lat' dir='ltr'>tertio</span> <span class='ocrx_word' id='word_1_282' title='bbox 1765 4435 2054 4506; x_wconf 74' lang='lat' dir='ltr'>appraedi-</span> 
     </span>
    </p>
   </div>
   <div class='ocr_carea' id='block_1_46' title="bbox 408 4502 2057 4596">
    <p class='ocr_par' dir='ltr' id='par_1_46' title="bbox 408 4502 2057 4596">
     <span class='ocr_line' id='line_1_46' title="bbox 408 4502 2057 4596; baseline 0.015 -41"><span class='ocrx_word' id='word_1_283' title='bbox 408 4504 537 4557; x_wconf 81' lang='lat' dir='ltr'>cato</span> <span class='ocrx_word' id='word_1_284' title='bbox 567 4502 619 4558; x_wconf 88' lang='lat' dir='ltr'>si</span> <span class='ocrx_word' id='word_1_285' title='bbox 648 4506 901 4579; x_wconf 85' lang='lat' dir='ltr'>negandi</span> <span class='ocrx_word' id='word_1_286' title='bbox 931 4509 1223 4580; x_wconf 89' lang='lat' dir='ltr'>particula</span> <span class='ocrx_word' id='word_1_287' title='bbox 1251 4515 1565 4586; x_wconf 73' lang='lat' dir='ltr'>praedicata</span> <span class='ocrx_word' id='word_1_288' title='bbox 1587 4502 1930 4592; x_wconf 74' lang='lat' dir='ltr'>simpliciter</span> <span class='ocrx_word' id='word_1_289' title='bbox 1960 4541 2057 4596; x_wconf 88' lang='lat' dir='ltr'>ap-</span> 
     </span>
    </p>
   </div>
   <div class='ocr_carea' id='block_1_47' title="bbox 403 4596 2058 4670">
    <p class='ocr_par' dir='ltr' id='par_1_47' title="bbox 403 4596 2058 4670">
     <span class='ocr_line' id='line_1_47' title="bbox 403 4596 2058 4670; baseline 0.015 -25"><span class='ocrx_word' id='word_1_290' title='bbox 403 4596 681 4663; x_wconf 89' lang='lat' dir='ltr'>ponatur,</span> <span class='ocrx_word' id='word_1_291' title='bbox 741 4611 810 4650; x_wconf 86' lang='lat' dir='ltr'>ex</span> <span class='ocrx_word' id='word_1_292' title='bbox 856 4599 1315 4670; x_wconf 89' lang='lat' dir='ltr'>transpositione</span> <span class='ocrx_word' id='word_1_293' title='bbox 1346 4605 1764 4664; x_wconf 87' lang='lat' dir='ltr'>afﬁrmationes</span> <span class='ocrx_word' id='word_1_294' title='bbox 1798 4610 1955 4668; x_wconf 86' lang='lat' dir='ltr'>facit.</span> <span class='ocrx_word' id='word_1_295' title='bbox 1988 4614 2058 4668; x_wconf 92' lang='lat' dir='ltr'>Et</span> 
     </span>
    </p>
   </div>
   <div class='ocr_carea' id='block_1_48' title="bbox 2188 633 3806 724">
    <p class='ocr_par' dir='ltr' id='par_1_48' title="bbox 2188 633 3806 724">
     <span class='ocr_line' id='line_1_48' title="bbox 2188 633 3806 724; baseline 0.012 -39"><span class='ocrx_word' id='word_1_296' title='bbox 2188 634 2305 686; x_wconf 89' lang='grc' dir='ltr'>σθαι</span> <span class='ocrx_word' id='word_1_297' title='bbox 2356 633 2419 688; x_wconf 86' lang='grc' dir='ltr'>τὸ</span> <span class='ocrx_word' id='word_1_298' title='bbox 2467 637 2936 714; x_wconf 81' lang='grc' dir='ltr'>κατηγορούμενον</span> <span class='ocrx_word' id='word_1_299' title='bbox 2999 640 3104 696; x_wconf 84' lang='grc' dir='ltr'>ἀπὸ</span> <span class='ocrx_word' id='word_1_300' title='bbox 3153 647 3250 698; x_wconf 74' lang='grc' dir='ltr'>τοῦ</span> <span class='ocrx_word' id='word_1_301' title='bbox 3307 644 3658 718; x_wconf 88' lang='grc' dir='ltr'>ὑποκειμένου</span> <span class='ocrx_word' id='word_1_302' title='bbox 3721 648 3806 724; x_wconf 82' lang='grc' dir='ltr'>έμ-</span> 
     </span>
    </p>
   </div>
   <div class='ocr_carea' id='block_1_49' title="bbox 2179 721 2484 799">
    <p class='ocr_par' dir='ltr' id='par_1_49' title="bbox 2179 721 2484 799">
     <span class='ocr_line' id='line_1_49' title="bbox 2179 721 2484 799; baseline 0.023 -24"><span class='ocrx_word' id='word_1_303' title='bbox 2179 721 2484 799; x_wconf 88' lang='grc' dir='ltr'>φαίνοντος.</span> 
     </span>
    </p>
   </div>
   <div class='ocr_carea' id='block_1_50' title="bbox 2249 811 3803 903">
    <p class='ocr_par' dir='ltr' id='par_1_50' title="bbox 2249 811 3803 903">
     <span class='ocr_line' id='line_1_50' title="bbox 2249 811 3803 903; baseline 0.012 -39"><span class='ocrx_word' id='word_1_304' title='bbox 2249 811 2305 866; x_wconf 85' lang='grc' dir='ltr'>ε’.</span> <span class='ocrx_word' id='word_1_305' title='bbox 2340 811 2460 866; x_wconf 80' lang='grc' dir='ltr'>Ἐπὶ</span> <span class='ocrx_word' id='word_1_306' title='bbox 2517 814 2611 887; x_wconf 72' lang='grc' dir='ltr'>μὲν</span> <span class='ocrx_word' id='word_1_307' title='bbox 2658 813 2748 870; x_wconf 73' lang='grc' dir='ltr'>οὖν</span> <span class='ocrx_word' id='word_1_308' title='bbox 2795 820 2901 872; x_wconf 83' lang='grc' dir='ltr'>τῶν</span> <span class='ocrx_word' id='word_1_309' title='bbox 2956 817 3006 891; x_wconf 78' lang='grc' dir='ltr'>ἐξ</span> <span class='ocrx_word' id='word_1_310' title='bbox 3058 819 3414 893; x_wconf 88' lang='grc' dir='ltr'>ὑποκειμένου</span> <span class='ocrx_word' id='word_1_311' title='bbox 3461 823 3549 878; x_wconf 83' lang='grc' dir='ltr'>καὶ</span> <span class='ocrx_word' id='word_1_312' title='bbox 3590 846 3803 903; x_wconf 84' lang='grc' dir='ltr'>κατηγο-</span> 
     </span>
    </p>
   </div>
   <div class='ocr_carea' id='block_1_51' title="bbox 2178 901 3805 993">
    <p class='ocr_par' dir='ltr' id='par_1_51' title="bbox 2178 901 3805 993">
     <span class='ocr_line' id='line_1_51' title="bbox 2178 901 3805 993; baseline 0.012 -41"><span class='ocrx_word' id='word_1_313' title='bbox 2178 901 2446 974; x_wconf 87' lang='grc' dir='ltr'>ρουμένου</span> <span class='ocrx_word' id='word_1_314' title='bbox 2489 903 2826 979; x_wconf 83' lang='grc' dir='ltr'>προτάσεων,</span> <span class='ocrx_word' id='word_1_315' title='bbox 2875 907 3165 983; x_wconf 85' lang='grc' dir='ltr'>γινομένης</span> <span class='ocrx_word' id='word_1_316' title='bbox 3204 917 3305 980; x_wconf 79' lang='grc' dir='ltr'>τῆς</span> <span class='ocrx_word' id='word_1_317' title='bbox 3358 911 3690 993; x_wconf 70' lang='grc' dir='ltr'>ἀποφάσεως,</span> <span class='ocrx_word' id='word_1_318' title='bbox 3735 901 3805 989; x_wconf 81' lang='grc' dir='ltr'>τῷ</span> 
     </span>
    </p>
   </div>
   <div class='ocr_carea' id='block_1_52' title="bbox 2175 994 3803 1081">
    <p class='ocr_par' dir='ltr' id='par_1_52' title="bbox 2175 994 3803 1081">
     <span class='ocr_line' id='line_1_52' title="bbox 2175 994 3803 1081; baseline 0.011 -39"><span class='ocrx_word' id='word_1_319' title='bbox 2175 994 2640 1066; x_wconf 71' lang='grc' dir='ltr'>κατηγορουμένῳ</span> <span class='ocrx_word' id='word_1_320' title='bbox 2683 996 2974 1051; x_wconf 88' lang='grc' dir='ltr'>συναπτέον</span> <span class='ocrx_word' id='word_1_321' title='bbox 3018 999 3081 1053; x_wconf 88' lang='grc' dir='ltr'>τὸ</span> <span class='ocrx_word' id='word_1_322' title='bbox 3140 1000 3238 1068; x_wconf 76' lang='grc' dir='ltr'>τῆς</span> <span class='ocrx_word' id='word_1_323' title='bbox 3284 1001 3559 1076; x_wconf 83' lang='grc' dir='ltr'>ἀρνήσεως</span> <span class='ocrx_word' id='word_1_324' title='bbox 3609 1003 3803 1081; x_wconf 81' lang='grc' dir='ltr'>μόριον’</span> 
     </span>
    </p>
   </div>
   <div class='ocr_carea' id='block_1_53' title="bbox 2176 1075 3810 1169">
    <p class='ocr_par' dir='ltr' id='par_1_53' title="bbox 2176 1075 3810 1169">
     <span class='ocr_line' id='line_1_53' title="bbox 2176 1075 3810 1169; baseline 0.012 -39"><span class='ocrx_word' id='word_1_325' title='bbox 2176 1075 2263 1131; x_wconf 83' lang='grc' dir='ltr'>ἐπὶ</span> <span class='ocrx_word' id='word_1_326' title='bbox 2321 1075 2379 1133; x_wconf 76' lang='grc' dir='ltr'>δὲ</span> <span class='ocrx_word' id='word_1_327' title='bbox 2444 1085 2552 1135; x_wconf 84' lang='grc' dir='ltr'>τῶν</span> <span class='ocrx_word' id='word_1_328' title='bbox 2634 1081 2693 1137; x_wconf 81' lang='grc' dir='ltr'>ἐκ</span> <span class='ocrx_word' id='word_1_329' title='bbox 2763 1085 2948 1160; x_wconf 78' lang='grc' dir='ltr'>τρίτου</span> <span class='ocrx_word' id='word_1_330' title='bbox 3005 1075 3617 1166; x_wconf 80' lang='grc' dir='ltr'>προσκατηγορουμένου</span> <span class='ocrx_word' id='word_1_331' title='bbox 3680 1075 3810 1169; x_wconf 68' lang='grc' dir='ltr'>προ-</span> 
     </span>
    </p>
   </div>
   <div class='ocr_carea' id='block_1_54' title="bbox 2173 1167 3807 1251">
    <p class='ocr_par' dir='ltr' id='par_1_54' title="bbox 2173 1167 3807 1251">
     <span class='ocr_line' id='line_1_54' title="bbox 2173 1167 3807 1251; baseline 0.012 -33"><span class='ocrx_word' id='word_1_332' title='bbox 2173 1167 2376 1221; x_wconf 87' lang='grc' dir='ltr'>τάσεων</span> <span class='ocrx_word' id='word_1_333' title='bbox 2420 1173 2499 1241; x_wconf 82' lang='grc' dir='ltr'>τῷ</span> <span class='ocrx_word' id='word_1_334' title='bbox 2542 1179 3147 1251; x_wconf 86' lang='grc' dir='ltr'>προσκατηγορουμένῳ</span> <span class='ocrx_word' id='word_1_335' title='bbox 3195 1179 3485 1235; x_wconf 88' lang='grc' dir='ltr'>συναπτέον</span> <span class='ocrx_word' id='word_1_336' title='bbox 3533 1182 3594 1236; x_wconf 88' lang='grc' dir='ltr'>τὸ</span> <span class='ocrx_word' id='word_1_337' title='bbox 3639 1187 3807 1237; x_wconf 84' lang='grc' dir='ltr'>τοιοῦ-</span> 
     </span>
    </p>
   </div>
   <div class='ocr_carea' id='block_1_55' title="bbox 2171 1259 3810 1340">
    <p class='ocr_par' dir='ltr' id='par_1_55' title="bbox 2171 1259 3810 1340">
     <span class='ocr_line' id='line_1_55' title="bbox 2171 1259 3810 1340; baseline 0.01 -31"><span class='ocrx_word' id='word_1_338' title='bbox 2171 1273 2263 1309; x_wconf 77' lang='grc' dir='ltr'>τον</span> <span class='ocrx_word' id='word_1_339' title='bbox 2294 1263 2397 1326; x_wconf 82' lang='grc' dir='ltr'>τῆς</span> <span class='ocrx_word' id='word_1_340' title='bbox 2428 1259 2706 1335; x_wconf 78' lang='grc' dir='ltr'>ἀρνήσεως</span> <span class='ocrx_word' id='word_1_341' title='bbox 2760 1263 2974 1340; x_wconf 82' lang='grc' dir='ltr'>μόριον,</span> <span class='ocrx_word' id='word_1_342' title='bbox 3023 1270 3103 1338; x_wconf 83' lang='grc' dir='ltr'>τῷ</span> <span class='ocrx_word' id='word_1_343' title='bbox 3151 1262 3261 1322; x_wconf 77' lang='grc' dir='ltr'>ἔστι</span> <span class='ocrx_word' id='word_1_344' title='bbox 3312 1265 3566 1340; x_wconf 82' lang='grc' dir='ltr'>δηλονότι</span> <span class='ocrx_word' id='word_1_345' title='bbox 3607 1270 3693 1325; x_wconf 82' lang='grc' dir='ltr'>καὶ</span> <span class='ocrx_word' id='word_1_346' title='bbox 3722 1270 3810 1326; x_wconf 76' lang='grc' dir='ltr'>οὐκ</span> 
     </span>
    </p>
   </div>
   <div class='ocr_carea' id='block_1_56' title="bbox 2174 1342 3810 1431">
    <p class='ocr_par' dir='ltr' id='par_1_56' title="bbox 2174 1342 3810 1431">
     <span class='ocr_line' id='line_1_56' title="bbox 2174 1342 3810 1431; baseline 0.011 -34"><span class='ocrx_word' id='word_1_347' title='bbox 2174 1342 2334 1417; x_wconf 85' lang='grc' dir='ltr'>ἄλλῳ</span> <span class='ocrx_word' id='word_1_348' title='bbox 2381 1347 2504 1401; x_wconf 86' lang='grc' dir='ltr'>τινί.</span> <span class='ocrx_word' id='word_1_349' title='bbox 2553 1354 2661 1420; x_wconf 85' lang='grc' dir='ltr'>Τῆς</span> <span class='ocrx_word' id='word_1_350' title='bbox 2709 1354 2835 1429; x_wconf 80' lang='grc' dir='ltr'>γὰρ,</span> <span class='ocrx_word' id='word_1_351' title='bbox 2881 1355 2938 1408; x_wconf 71' lang='grc' dir='ltr'>Ὀ</span> <span class='ocrx_word' id='word_1_352' title='bbox 2975 1355 3258 1431; x_wconf 83' lang='grc' dir='ltr'>ἄνθρωπος</span> <span class='ocrx_word' id='word_1_353' title='bbox 3308 1356 3442 1427; x_wconf 82' lang='grc' dir='ltr'>ζῶόν</span> <span class='ocrx_word' id='word_1_354' title='bbox 3490 1358 3621 1431; x_wconf 78' lang='grc' dir='ltr'>ἐστι,</span> <span class='ocrx_word' id='word_1_355' title='bbox 3661 1379 3810 1414; x_wconf 86' lang='grc' dir='ltr'>κατα-</span> 
     </span>
    </p>
   </div>
   <div class='ocr_carea' id='block_1_57' title="bbox 2175 1434 3810 1524">
    <p class='ocr_par' dir='ltr' id='par_1_57' title="bbox 2175 1434 3810 1524">
     <span class='ocr_line' id='line_1_57' title="bbox 2175 1434 3810 1524; baseline 0.01 -37"><span class='ocrx_word' id='word_1_356' title='bbox 2175 1434 2390 1510; x_wconf 78' lang='grc' dir='ltr'>φάσεως</span> <span class='ocrx_word' id='word_1_357' title='bbox 2439 1436 2708 1516; x_wconf 88' lang='grc' dir='ltr'>ἀπόφασίς</span> <span class='ocrx_word' id='word_1_358' title='bbox 2757 1442 2898 1497; x_wconf 80' lang='grc' dir='ltr'>ἐστιν</span> <span class='ocrx_word' id='word_1_359' title='bbox 2946 1445 2981 1513; x_wconf 81' lang='grc' dir='ltr'><strong>ἡ</strong></span> <span class='ocrx_word' id='word_1_360' title='bbox 3034 1441 3283 1521; x_wconf 88' lang='grc' dir='ltr'>λέγουσα,</span> <span class='ocrx_word' id='word_1_361' title='bbox 3334 1447 3391 1500; x_wconf 78' lang='lat'><strong>&#39;0</strong></span> <span class='ocrx_word' id='word_1_362' title='bbox 3439 1448 3712 1524; x_wconf 83' lang='grc' dir='ltr'>ἄνθρωπος</span> <span class='ocrx_word' id='word_1_363' title='bbox 3756 1447 3810 1503; x_wconf 80' lang='grc' dir='ltr'>οὗ</span> 
     </span>
    </p>
   </div>
   <div class='ocr_carea' id='block_1_58' title="bbox 2174 1522 2501 1591">
    <p class='ocr_par' dir='ltr' id='par_1_58' title="bbox 2174 1522 2501 1591">
     <span class='ocr_line' id='line_1_58' title="bbox 2174 1522 2501 1591; baseline 0.024 -16"><span class='ocrx_word' id='word_1_364' title='bbox 2174 1522 2309 1591; x_wconf 79' lang='grc' dir='ltr'>ζῶόν</span> <span class='ocrx_word' id='word_1_365' title='bbox 2339 1523 2501 1584; x_wconf 82' lang='grc' dir='ltr'>ἐστιν.</span> 
     </span>
    </p>
   </div>
   <div class='ocr_carea' id='block_1_59' title="bbox 2244 1614 3809 1706">
    <p class='ocr_par' dir='ltr' id='par_1_59' title="bbox 2244 1614 3809 1706">
     <span class='ocr_line' id='line_1_59' title="bbox 2244 1614 3809 1706; baseline 0.003 -30"><span class='ocrx_word' id='word_1_366' title='bbox 2244 1618 2308 1676; x_wconf 86' lang='grc' dir='ltr'>ς’.</span> <span class='ocrx_word' id='word_1_367' title='bbox 2341 1614 2492 1686; x_wconf 75' lang='grc' dir='ltr'>Αὕτη</span> <span class='ocrx_word' id='word_1_368' title='bbox 2550 1618 2650 1695; x_wconf 82' lang='grc' dir='ltr'>γὰρ</span> <span class='ocrx_word' id='word_1_369' title='bbox 2708 1618 2767 1676; x_wconf 84' lang='grc' dir='ltr'>έκ</span> <span class='ocrx_word' id='word_1_370' title='bbox 2825 1625 3155 1696; x_wconf 73' lang='grc' dir='ltr'>μεταθέσεως</span> <span class='ocrx_word' id='word_1_371' title='bbox 3210 1625 3508 1706; x_wconf 78' lang='grc' dir='ltr'>κατάφασις</span> <span class='ocrx_word' id='word_1_372' title='bbox 3567 1626 3809 1703; x_wconf 86' lang='grc' dir='ltr'>λέγεται,</span> 
     </span>
    </p>
   </div>
   <div class='ocr_carea' id='block_1_60' title="bbox 2173 1696 3809 1793">
    <p class='ocr_par' dir='ltr' id='par_1_60' title="bbox 2173 1696 3809 1793">
     <span class='ocr_line' id='line_1_60' title="bbox 2173 1696 3809 1793; baseline 0.01 -39"><span class='ocrx_word' id='word_1_373' title='bbox 2173 1696 2263 1756; x_wconf 79' lang='grc' dir='ltr'>διὰ</span> <span class='ocrx_word' id='word_1_374' title='bbox 2313 1703 2394 1774; x_wconf 88' lang='grc' dir='ltr'>τὸ,</span> <span class='ocrx_word' id='word_1_375' title='bbox 2445 1707 2820 1777; x_wconf 74' lang='grc' dir='ltr'>μετατεθέντος</span> <span class='ocrx_word' id='word_1_376' title='bbox 2870 1718 2967 1768; x_wconf 76' lang='grc' dir='ltr'>τοῦ</span> <span class='ocrx_word' id='word_1_377' title='bbox 3015 1714 3310 1791; x_wconf 80' lang='grc' dir='ltr'>ἀρνητικοῦ</span> <span class='ocrx_word' id='word_1_378' title='bbox 3361 1696 3581 1793; x_wconf 80' lang='grc' dir='ltr'>μορίου,</span> <span class='ocrx_word' id='word_1_379' title='bbox 3629 1696 3686 1771; x_wconf 74' lang='grc' dir='ltr'>έκ</span> <span class='ocrx_word' id='word_1_380' title='bbox 3721 1696 3809 1771; x_wconf 72' lang='grc' dir='ltr'>τοὺ</span> 
     </span>
    </p>
   </div>
   <div class='ocr_carea' id='block_1_61' title="bbox 2170 1798 3814 1883">
    <p class='ocr_par' dir='ltr' id='par_1_61' title="bbox 2170 1798 3814 1883">
     <span class='ocr_line' id='line_1_61' title="bbox 2170 1798 3814 1883; baseline 0.002 -28"><span class='ocrx_word' id='word_1_381' title='bbox 2170 1798 2794 1871; x_wconf 85' lang='grc' dir='ltr'>προσκατηγορουμένου</span> <span class='ocrx_word' id='word_1_382' title='bbox 2870 1802 2948 1865; x_wconf 83' lang='grc' dir='ltr'>εἷς</span> <span class='ocrx_word' id='word_1_383' title='bbox 3023 1803 3115 1859; x_wconf 88' lang='grc' dir='ltr'>τὸν</span> <span class='ocrx_word' id='word_1_384' title='bbox 3183 1804 3702 1883; x_wconf 69' lang='grc' dir='ltr'>κατηγορούμενον,</span> <span class='ocrx_word' id='word_1_385' title='bbox 3758 1803 3814 1860; x_wconf 75' lang='grc' dir='ltr'>ἐκ</span> 
     </span>
    </p>
   </div>
   <div class='ocr_carea' id='block_1_62' title="bbox 2171 1880 3809 1973">
    <p class='ocr_par' dir='ltr' id='par_1_62' title="bbox 2171 1880 3809 1973">
     <span class='ocr_line' id='line_1_62' title="bbox 2171 1880 3809 1973; baseline 0.009 -41"><span class='ocrx_word' id='word_1_386' title='bbox 2171 1880 2269 1949; x_wconf 65' lang='grc' dir='ltr'>τῆς</span> <span class='ocrx_word' id='word_1_387' title='bbox 2345 1883 2603 1955; x_wconf 72' lang='grc' dir='ltr'>τοιαύτης</span> <span class='ocrx_word' id='word_1_388' title='bbox 2679 1890 3008 1960; x_wconf 87' lang='grc' dir='ltr'>μεταθέσεως</span> <span class='ocrx_word' id='word_1_389' title='bbox 3081 1895 3181 1963; x_wconf 79' lang='grc' dir='ltr'>τὴν</span> <span class='ocrx_word' id='word_1_390' title='bbox 3259 1880 3528 1973; x_wconf 80' lang='grc' dir='ltr'>ἀπόφασιν</span> <span class='ocrx_word' id='word_1_391' title='bbox 3588 1893 3809 1971; x_wconf 88' lang='grc' dir='ltr'>γενέσθαι</span> 
     </span>
    </p>
   </div>
   <div class='ocr_carea' id='block_1_63' title="bbox 2169 1971 3813 2059">
    <p class='ocr_par' dir='ltr' id='par_1_63' title="bbox 2169 1971 3813 2059">
     <span class='ocr_line' id='line_1_63' title="bbox 2169 1971 3813 2059; baseline 0.009 -36"><span class='ocrx_word' id='word_1_392' title='bbox 2169 1971 2503 2048; x_wconf 76' lang='grc' dir='ltr'>κατάφασινο</span> <span class='ocrx_word' id='word_1_393' title='bbox 2563 1973 2601 2044; x_wconf 73' lang='grc' dir='ltr'>ἤ</span> <span class='ocrx_word' id='word_1_394' title='bbox 2649 1977 2739 2032; x_wconf 88' lang='grc' dir='ltr'>καὶ</span> <span class='ocrx_word' id='word_1_395' title='bbox 2800 1979 2916 2034; x_wconf 89' lang='grc' dir='ltr'>ἀντὶ</span> <span class='ocrx_word' id='word_1_396' title='bbox 2970 1986 3072 2036; x_wconf 75' lang='grc' dir='ltr'>τοῦ</span> <span class='ocrx_word' id='word_1_397' title='bbox 3130 1983 3441 2059; x_wconf 85' lang='grc' dir='ltr'>ὡρισμένου</span> <span class='ocrx_word' id='word_1_398' title='bbox 3496 2003 3813 2058; x_wconf 86' lang='grc' dir='ltr'>κατηγορου-</span> 
     </span>
    </p>
   </div>
   <div class='ocr_carea' id='block_1_64' title="bbox 2173 2055 3812 2149">
    <p class='ocr_par' dir='ltr' id='par_1_64' title="bbox 2173 2055 3812 2149">
     <span class='ocr_line' id='line_1_64' title="bbox 2173 2055 3812 2149; baseline 0.009 -38"><span class='ocrx_word' id='word_1_399' title='bbox 2173 2055 2337 2130; x_wconf 85' lang='grc' dir='ltr'>μένου</span> <span class='ocrx_word' id='word_1_400' title='bbox 2415 2066 2793 2134; x_wconf 84' lang='grc' dir='ltr'>μετατεθέντος</span> <span class='ocrx_word' id='word_1_401' title='bbox 2868 2069 3127 2146; x_wconf 83' lang='grc' dir='ltr'>ἀορίστου</span> <span class='ocrx_word' id='word_1_402' title='bbox 3168 2055 3190 2142; x_wconf 39' lang='grc'>,”</span> <span class='ocrx_word' id='word_1_403' title='bbox 3241 2055 3496 2149; x_wconf 85' lang='grc' dir='ltr'>ἀρθέντος</span> <span class='ocrx_word' id='word_1_404' title='bbox 3571 2055 3812 2143; x_wconf 84' lang='grc' dir='ltr'>δηλονότι</span> 
     </span>
    </p>
   </div>
   <div class='ocr_carea' id='block_1_65' title="bbox 2166 2150 3810 2235">
    <p class='ocr_par' dir='ltr' id='par_1_65' title="bbox 2166 2150 3810 2235">
     <span class='ocr_line' id='line_1_65' title="bbox 2166 2150 3810 2235; baseline 0.011 -35"><span class='ocrx_word' id='word_1_405' title='bbox 2166 2151 2263 2201; x_wconf 76' lang='grc' dir='ltr'>τοῦ</span> <span class='ocrx_word' id='word_1_406' title='bbox 2316 2150 2664 2227; x_wconf 81' lang='grc' dir='ltr'>ὡρισμένου,</span> <span class='ocrx_word' id='word_1_407' title='bbox 2725 2155 2785 2212; x_wconf 83' lang='grc' dir='ltr'>ἐκ</span> <span class='ocrx_word' id='word_1_408' title='bbox 2836 2160 2937 2228; x_wconf 75' lang='grc' dir='ltr'>τῆς</span> <span class='ocrx_word' id='word_1_409' title='bbox 3002 2159 3260 2231; x_wconf 84' lang='grc' dir='ltr'>τοιαύτης</span> <span class='ocrx_word' id='word_1_410' title='bbox 3323 2163 3655 2235; x_wconf 80' lang='grc' dir='ltr'>μεταθέσεως</span> <span class='ocrx_word' id='word_1_411' title='bbox 3721 2162 3810 2214; x_wconf 70' lang='grc' dir='ltr'>τοῦ</span> 
     </span>
    </p>
   </div>
   <div class='ocr_carea' id='block_1_66' title="bbox 2168 2240 3814 2327">
    <p class='ocr_par' dir='ltr' id='par_1_66' title="bbox 2168 2240 3814 2327">
     <span class='ocr_line' id='line_1_66' title="bbox 2168 2240 3814 2327; baseline 0.008 -36"><span class='ocrx_word' id='word_1_412' title='bbox 2168 2240 2653 2315; x_wconf 84' lang='grc' dir='ltr'>κατηγορουμένου</span> <span class='ocrx_word' id='word_1_413' title='bbox 2726 2246 2826 2315; x_wconf 76' lang='grc' dir='ltr'>τὴν</span> <span class='ocrx_word' id='word_1_414' title='bbox 2902 2244 3241 2318; x_wconf 81' lang='grc' dir='ltr'>δηλωθεῖσαν</span> <span class='ocrx_word' id='word_1_415' title='bbox 3318 2253 3569 2327; x_wconf 88' lang='grc' dir='ltr'>γενέσθαι</span> <span class='ocrx_word' id='word_1_416' title='bbox 3643 2251 3814 2305; x_wconf 88' lang='grc' dir='ltr'>κατά-</span> 
     </span>
    </p>
   </div>
   <div class='ocr_carea' id='block_1_67' title="bbox 2168 2347 2342 2404">
    <p class='ocr_par' dir='ltr' id='par_1_67' title="bbox 2168 2347 2342 2404">
     <span class='ocr_line' id='line_1_67' title="bbox 2168 2347 2342 2404; baseline 0.011 -25"><span class='ocrx_word' id='word_1_417' title='bbox 2168 2347 2342 2404; x_wconf 91' lang='grc' dir='ltr'>φασιν.</span> 
     </span>
    </p>
   </div>
   <div class='ocr_carea' id='block_1_68' title="bbox 2243 2419 3814 2505">
    <p class='ocr_par' dir='ltr' id='par_1_68' title="bbox 2243 2419 3814 2505">
     <span class='ocr_line' id='line_1_68' title="bbox 2243 2419 3814 2505; baseline 0.005 -31"><span class='ocrx_word' id='word_1_418' title='bbox 2243 2420 2302 2487; x_wconf 87' lang='grc' dir='ltr'>ζ’.</span> <span class='ocrx_word' id='word_1_419' title='bbox 2334 2419 2397 2475; x_wconf 88' lang='grc' dir='ltr'>Ἡ</span> <span class='ocrx_word' id='word_1_420' title='bbox 2438 2420 2641 2491; x_wconf 86' lang='grc' dir='ltr'>τοίνυν,</span> <span class='ocrx_word' id='word_1_421' title='bbox 2681 2428 2736 2477; x_wconf 69' lang='lat'>,‘0</span> <span class='ocrx_word' id='word_1_422' title='bbox 2780 2421 3065 2502; x_wconf 83' lang='grc' dir='ltr'>ἄνθρωπος</span> <span class='ocrx_word' id='word_1_423' title='bbox 3113 2428 3175 2484; x_wconf 82' lang='grc' dir='ltr'>οὐ</span> <span class='ocrx_word' id='word_1_424' title='bbox 3229 2429 3365 2499; x_wconf 83' lang='grc' dir='ltr'>ζῶόν</span> <span class='ocrx_word' id='word_1_425' title='bbox 3434 2430 3566 2502; x_wconf 83' lang='grc' dir='ltr'>ἐστι,</span> <span class='ocrx_word' id='word_1_426' title='bbox 3622 2427 3814 2505; x_wconf 83' lang='grc' dir='ltr'>πρύτα-</span> 
     </span>
    </p>
   </div>
   <div class='ocr_carea' id='block_1_69' title="bbox 2168 2509 3813 2597">
    <p class='ocr_par' dir='ltr' id='par_1_69' title="bbox 2168 2509 3813 2597">
     <span class='ocr_line' id='line_1_69' title="bbox 2168 2509 3813 2597; baseline 0.007 -36"><span class='ocrx_word' id='word_1_427' title='bbox 2168 2529 2251 2570; x_wconf 92' lang='grc' dir='ltr'>σις</span> <span class='ocrx_word' id='word_1_428' title='bbox 2307 2509 2602 2588; x_wconf 80' lang='grc' dir='ltr'>κατάφασίς</span> <span class='ocrx_word' id='word_1_429' title='bbox 2656 2511 2819 2586; x_wconf 79' lang='grc' dir='ltr'>ἐστιν,</span> <span class='ocrx_word' id='word_1_430' title='bbox 2879 2516 2978 2572; x_wconf 76' lang='grc' dir='ltr'>οὐκ</span> <span class='ocrx_word' id='word_1_431' title='bbox 3028 2517 3317 2597; x_wconf 88' lang='grc' dir='ltr'>ἀπόφασις.</span> <span class='ocrx_word' id='word_1_432' title='bbox 3377 2520 3444 2574; x_wconf 73' lang='grc'>’0</span> <span class='ocrx_word' id='word_1_433' title='bbox 3487 2521 3590 2597; x_wconf 72' lang='grc' dir='ltr'>γὰρ</span> <span class='ocrx_word' id='word_1_434' title='bbox 3639 2518 3813 2588; x_wconf 74' lang='grc' dir='ltr'>εἰπὼν,</span> 
     </span>
    </p>
   </div>
   <div class='ocr_carea' id='block_1_70' title="bbox 2166 2597 3812 2686">
    <p class='ocr_par' dir='ltr' id='par_1_70' title="bbox 2166 2597 3812 2686">
     <span class='ocr_line' id='line_1_70' title="bbox 2166 2597 3812 2686; baseline 0.007 -36"><span class='ocrx_word' id='word_1_435' title='bbox 2166 2597 2222 2650; x_wconf 77' lang='lat'><strong>&#39;0</strong></span> <span class='ocrx_word' id='word_1_436' title='bbox 2280 2598 2562 2676; x_wconf 82' lang='grc' dir='ltr'>ἅνθρωπος</span> <span class='ocrx_word' id='word_1_437' title='bbox 2618 2601 2679 2656; x_wconf 81' lang='grc' dir='ltr'>οὐ</span> <span class='ocrx_word' id='word_1_438' title='bbox 2742 2604 2878 2673; x_wconf 82' lang='grc' dir='ltr'>ζῶόν</span> <span class='ocrx_word' id='word_1_439' title='bbox 2936 2606 3113 2678; x_wconf 82' lang='grc' dir='ltr'>ἐστιν,</span> <span class='ocrx_word' id='word_1_440' title='bbox 3172 2606 3338 2685; x_wconf 78' lang='grc' dir='ltr'>ἔφησε</span> <span class='ocrx_word' id='word_1_441' title='bbox 3391 2610 3492 2665; x_wconf 78' lang='grc' dir='ltr'>τὸν</span> <span class='ocrx_word' id='word_1_442' title='bbox 3544 2610 3812 2686; x_wconf 86' lang='grc' dir='ltr'>ἄνθρωπον</span> 
     </span>
    </p>
   </div>
   <div class='ocr_carea' id='block_1_71' title="bbox 2168 2687 3810 2773">
    <p class='ocr_par' dir='ltr' id='par_1_71' title="bbox 2168 2687 3810 2773">
     <span class='ocr_line' id='line_1_71' title="bbox 2168 2687 3810 2773; baseline 0.01 -34"><span class='ocrx_word' id='word_1_443' title='bbox 2168 2687 2301 2741; x_wconf 77' lang='grc' dir='ltr'>εἶναι</span> <span class='ocrx_word' id='word_1_444' title='bbox 2364 2690 2439 2763; x_wconf 82' lang='grc' dir='ltr'>μή</span> <span class='ocrx_word' id='word_1_445' title='bbox 2493 2694 2652 2763; x_wconf 82' lang='grc' dir='ltr'>ζῶον,</span> <span class='ocrx_word' id='word_1_446' title='bbox 2704 2692 2831 2749; x_wconf 90' lang='grc' dir='ltr'>ἀλλ’</span> <span class='ocrx_word' id='word_1_447' title='bbox 2878 2690 3060 2771; x_wconf 70' lang='grc' dir='ltr'>ἕτερόν</span> <span class='ocrx_word' id='word_1_448' title='bbox 3110 2717 3163 2751; x_wconf 87' lang='grc' dir='ltr'>τι</span> <span class='ocrx_word' id='word_1_449' title='bbox 3194 2698 3340 2773; x_wconf 86' lang='grc' dir='ltr'>παρά</span> <span class='ocrx_word' id='word_1_450' title='bbox 3384 2698 3453 2754; x_wconf 86' lang='grc' dir='ltr'>τὸ</span> <span class='ocrx_word' id='word_1_451' title='bbox 3487 2703 3640 2769; x_wconf 83' lang='grc' dir='ltr'>ζῶον.</span> <span class='ocrx_word' id='word_1_452' title='bbox 3673 2699 3730 2754; x_wconf 71' lang='grc' dir='ltr'><strong>Ὀ</strong></span> <span class='ocrx_word' id='word_1_453' title='bbox 3759 2693 3810 2750; x_wconf 75' lang='grc' dir='ltr'>δὲ</span> 
     </span>
    </p>
   </div>
   <div class='ocr_carea' id='block_1_72' title="bbox 2167 2777 3813 2857">
    <p class='ocr_par' dir='ltr' id='par_1_72' title="bbox 2167 2777 3813 2857">
     <span class='ocr_line' id='line_1_72' title="bbox 2167 2777 3813 2857; baseline 0.005 -26"><span class='ocrx_word' id='word_1_454' title='bbox 2167 2777 2357 2848; x_wconf 85' lang='grc' dir='ltr'>εἰπὼν,</span> <span class='ocrx_word' id='word_1_455' title='bbox 2417 2780 2474 2833; x_wconf 88' lang='grc' dir='ltr'>Ὃ</span> <span class='ocrx_word' id='word_1_456' title='bbox 2527 2781 2812 2857; x_wconf 81' lang='grc' dir='ltr'>ἄνθρωπος</span> <span class='ocrx_word' id='word_1_457' title='bbox 2874 2788 3009 2853; x_wconf 82' lang='grc' dir='ltr'>ζῶον</span> <span class='ocrx_word' id='word_1_458' title='bbox 3065 2785 3165 2841; x_wconf 79' lang='grc' dir='ltr'>οὐκ</span> <span class='ocrx_word' id='word_1_459' title='bbox 3217 2785 3383 2845; x_wconf 78' lang='grc' dir='ltr'>ἔστιν,</span> <span class='ocrx_word' id='word_1_460' title='bbox 3445 2787 3642 2850; x_wconf 77' lang='grc' dir='ltr'>ἐκεῖνος</span> <span class='ocrx_word' id='word_1_461' title='bbox 3697 2783 3813 2841; x_wconf 85' lang='grc' dir='ltr'>ἀπέ-</span> 
     </span>
    </p>
   </div>
   <div class='ocr_carea' id='block_1_73' title="bbox 2166 2870 3811 2945">
    <p class='ocr_par' dir='ltr' id='par_1_73' title="bbox 2166 2870 3811 2945">
     <span class='ocr_line' id='line_1_73' title="bbox 2166 2870 3811 2945; baseline 0.005 -24"><span class='ocrx_word' id='word_1_462' title='bbox 2166 2888 2304 2945; x_wconf 87' lang='grc' dir='ltr'>φησε</span> <span class='ocrx_word' id='word_1_463' title='bbox 2358 2873 2456 2923; x_wconf 78' lang='grc' dir='ltr'>τοῦ</span> <span class='ocrx_word' id='word_1_464' title='bbox 2515 2870 2801 2945; x_wconf 83' lang='grc' dir='ltr'>ἀνθρώπου</span> <span class='ocrx_word' id='word_1_465' title='bbox 2850 2874 2913 2928; x_wconf 89' lang='grc' dir='ltr'>τὸ</span> <span class='ocrx_word' id='word_1_466' title='bbox 2965 2874 3100 2929; x_wconf 81' lang='grc' dir='ltr'>εἶναι</span> <span class='ocrx_word' id='word_1_467' title='bbox 3160 2880 3295 2945; x_wconf 84' lang='grc' dir='ltr'>ζῶον</span> <span class='ocrx_word' id='word_1_468' title='bbox 3346 2877 3532 2933; x_wconf 83' lang='grc' dir='ltr'>αὐτόν·</span> <span class='ocrx_word' id='word_1_469' title='bbox 3563 2876 3651 2932; x_wconf 80' lang='grc' dir='ltr'>καὶ</span> <span class='ocrx_word' id='word_1_470' title='bbox 3701 2872 3811 2944; x_wconf 80' lang='grc' dir='ltr'>ἐδή-</span> 
     </span>
    </p>
   </div>
   <div class='ocr_carea' id='block_1_74' title="bbox 2167 2955 3809 3038">
    <p class='ocr_par' dir='ltr' id='par_1_74' title="bbox 2167 2955 3809 3038">
     <span class='ocr_line' id='line_1_74' title="bbox 2167 2955 3809 3038; baseline 0.004 -26"><span class='ocrx_word' id='word_1_471' title='bbox 2167 2955 2339 3012; x_wconf 87' lang='grc' dir='ltr'>λωσεν</span> <span class='ocrx_word' id='word_1_472' title='bbox 2392 2957 2473 3013; x_wconf 81' lang='grc' dir='ltr'>ὅτι</span> <span class='ocrx_word' id='word_1_473' title='bbox 2525 2960 2634 3036; x_wconf 78' lang='grc' dir='ltr'>οὐχ</span> <span class='ocrx_word' id='word_1_474' title='bbox 2684 2960 2917 3038; x_wconf 84' lang='grc' dir='ltr'>ὑπάρχει</span> <span class='ocrx_word' id='word_1_475' title='bbox 2966 2967 3046 3035; x_wconf 86' lang='grc' dir='ltr'>τῷ</span> <span class='ocrx_word' id='word_1_476' title='bbox 3097 2965 3369 3038; x_wconf 84' lang='grc' dir='ltr'>ἀνθρώπῳ</span> <span class='ocrx_word' id='word_1_477' title='bbox 3408 2967 3472 3021; x_wconf 85' lang='grc' dir='ltr'>τὸ</span> <span class='ocrx_word' id='word_1_478' title='bbox 3505 2970 3641 3035; x_wconf 79' lang='grc' dir='ltr'>ζῶον</span> <span class='ocrx_word' id='word_1_479' title='bbox 3670 2965 3809 3019; x_wconf 79' lang='grc' dir='ltr'>εἶναι.</span> 
     </span>
    </p>
   </div>
   <div class='ocr_carea' id='block_1_75' title="bbox 2165 3042 3810 3131">
    <p class='ocr_par' dir='ltr' id='par_1_75' title="bbox 2165 3042 3810 3131">
     <span class='ocr_line' id='line_1_75' title="bbox 2165 3042 3810 3131; baseline 0.002 -31"><span class='ocrx_word' id='word_1_480' title='bbox 2165 3042 2395 3121; x_wconf 84' lang='grc' dir='ltr'>Εἷ¹ρηται</span> <span class='ocrx_word' id='word_1_481' title='bbox 2457 3046 2503 3103; x_wconf 86' lang='grc' dir='ltr'>δ’</span> <span class='ocrx_word' id='word_1_482' title='bbox 2562 3048 2644 3105; x_wconf 77' lang='grc' dir='ltr'>ὅτι</span> <span class='ocrx_word' id='word_1_483' title='bbox 2693 3055 2802 3106; x_wconf 83' lang='grc' dir='ltr'>τῶν</span> <span class='ocrx_word' id='word_1_484' title='bbox 2858 3051 3242 3131; x_wconf 79' lang='grc' dir='ltr'>ἀποφαντικῶν</span> <span class='ocrx_word' id='word_1_485' title='bbox 3298 3053 3484 3131; x_wconf 86' lang='grc' dir='ltr'>λόγων</span> <span class='ocrx_word' id='word_1_486' title='bbox 3519 3057 3547 3109; x_wconf 87' lang='grc' dir='ltr'>ὁ</span> <span class='ocrx_word' id='word_1_487' title='bbox 3595 3054 3686 3128; x_wconf 87' lang='grc' dir='ltr'>μέν</span> <span class='ocrx_word' id='word_1_488' title='bbox 3714 3071 3810 3107; x_wconf 90' lang='grc' dir='ltr'>τινι</span> 
     </span>
    </p>
   </div>
   <div class='ocr_carea' id='block_1_76' title="bbox 2168 3135 3815 3220">
    <p class='ocr_par' dir='ltr' id='par_1_76' title="bbox 2168 3135 3815 3220">
     <span class='ocr_line' id='line_1_76' title="bbox 2168 3135 3815 3220; baseline 0.004 -30"><span class='ocrx_word' id='word_1_489' title='bbox 2168 3135 2432 3213; x_wconf 85' lang='grc' dir='ltr'>ὑπάρχειν</span> <span class='ocrx_word' id='word_1_490' title='bbox 2483 3160 2535 3193; x_wconf 90' lang='grc' dir='ltr'>τι</span> <span class='ocrx_word' id='word_1_491' title='bbox 2583 3138 2766 3196; x_wconf 62' lang='grc' dir='ltr'>λέᾹων</span> <span class='ocrx_word' id='word_1_492' title='bbox 2813 3140 3112 3220; x_wconf 88' lang='grc' dir='ltr'>κατάφασίς</span> <span class='ocrx_word' id='word_1_493' title='bbox 3165 3142 3327 3199; x_wconf 77' lang='grc' dir='ltr'>ἐστιν’</span> <span class='ocrx_word' id='word_1_494' title='bbox 3385 3146 3413 3200; x_wconf 90' lang='grc' dir='ltr'>ὁ</span> <span class='ocrx_word' id='word_1_495' title='bbox 3463 3142 3521 3200; x_wconf 67' lang='grc' dir='ltr'>δὲ</span> <span class='ocrx_word' id='word_1_496' title='bbox 3555 3145 3628 3218; x_wconf 80' lang='grc' dir='ltr'>μὴ</span> <span class='ocrx_word' id='word_1_497' title='bbox 3663 3142 3815 3217; x_wconf 86' lang='grc' dir='ltr'>ὑπάρ-</span> 
     </span>
    </p>
   </div>
   <div class='ocr_carea' id='block_1_77' title="bbox 2165 3227 3811 3308">
    <p class='ocr_par' dir='ltr' id='par_1_77' title="bbox 2165 3227 3811 3308">
     <span class='ocr_line' id='line_1_77' title="bbox 2165 3227 3811 3308; baseline 0.01 -30"><span class='ocrx_word' id='word_1_498' title='bbox 2165 3245 2285 3301; x_wconf 87' lang='grc' dir='ltr'>χειν</span> <span class='ocrx_word' id='word_1_499' title='bbox 2338 3227 2627 3305; x_wconf 84' lang='grc' dir='ltr'>ἀπόφασις.</span> <span class='ocrx_word' id='word_1_500' title='bbox 2688 3229 2995 3308; x_wconf 85' lang='grc' dir='ltr'>Κατάφασις</span> <span class='ocrx_word' id='word_1_501' title='bbox 3055 3233 3159 3308; x_wconf 84' lang='grc' dir='ltr'>ἄρα</span> <span class='ocrx_word' id='word_1_502' title='bbox 3214 3232 3324 3288; x_wconf 76' lang='grc' dir='ltr'>ἐστὶ</span> <span class='ocrx_word' id='word_1_503' title='bbox 3382 3235 3469 3304; x_wconf 87' lang='grc' dir='ltr'>τὸ,</span> <span class='ocrx_word' id='word_1_504' title='bbox 3515 3236 3572 3289; x_wconf 68' lang='grc' dir='ltr'>Ὀ</span> <span class='ocrx_word' id='word_1_505' title='bbox 3619 3231 3811 3306; x_wconf 76' lang='grc' dir='ltr'>ἅνθρω-</span> 
     </span>
    </p>
   </div>
   <div class='ocr_carea' id='block_1_78' title="bbox 933 3313 2057 3399">
    <p class='ocr_par' dir='ltr' id='par_1_78' title="bbox 933 3315 2053 3395">
     <span class='ocr_line' id='line_1_78' title="bbox 933 3315 2053 3395; baseline 0.013 -27"><span class='ocrx_word' id='word_1_506' title='bbox 933 3315 1163 3386; x_wconf 88' lang='lat' dir='ltr'>negatio</span> <span class='ocrx_word' id='word_1_507' title='bbox 1216 3322 1413 3376; x_wconf 89' lang='lat' dir='ltr'>autem</span> <span class='ocrx_word' id='word_1_508' title='bbox 1445 3320 1647 3395; x_wconf 87' lang='lat' dir='ltr'>hujus,</span> <span class='ocrx_word' id='word_1_509' title='bbox 1681 3323 1790 3380; x_wconf 91' lang='lat' dir='ltr'>hoc</span> <span class='ocrx_word' id='word_1_510' title='bbox 1822 3342 1835 3380; x_wconf 86' lang='lat'><strong>:</strong></span> <span class='ocrx_word' id='word_1_511' title='bbox 1869 3324 2053 3383; x_wconf 90' lang='lat' dir='ltr'>Homo</span> 
     </span>
    </p>
   </div>
   <div class='ocr_carea' id='block_1_79' title="bbox 2174 3313 3812 3399">
    <p class='ocr_par' dir='ltr' id='par_1_79' title="bbox 2174 3315 3812 3399">
     <span class='ocr_line' id='line_1_79' title="bbox 2174 3315 3812 3399; baseline 0.004 -30"><span class='ocrx_word' id='word_1_512' title='bbox 2174 3336 2267 3377; x_wconf 80' lang='grc' dir='ltr'>πος</span> <span class='ocrx_word' id='word_1_513' title='bbox 2318 3315 2379 3370; x_wconf 84' lang='grc' dir='ltr'>ού</span> <span class='ocrx_word' id='word_1_514' title='bbox 2435 3317 2572 3386; x_wconf 81' lang='grc' dir='ltr'>ζῶόν</span> <span class='ocrx_word' id='word_1_515' title='bbox 2619 3316 2781 3373; x_wconf 76' lang='grc' dir='ltr'>ἐστιν’</span> <span class='ocrx_word' id='word_1_516' title='bbox 2832 3315 3104 3399; x_wconf 86' lang='grc' dir='ltr'>ἀπόφασις</span> <span class='ocrx_word' id='word_1_517' title='bbox 3153 3318 3211 3376; x_wconf 74' lang='grc' dir='ltr'>δὲ</span> <span class='ocrx_word' id='word_1_518' title='bbox 3252 3320 3453 3379; x_wconf 88' lang='grc' dir='ltr'>τούτου</span> <span class='ocrx_word' id='word_1_519' title='bbox 3509 3324 3593 3394; x_wconf 86' lang='grc' dir='ltr'>τὸ,</span> <span class='ocrx_word' id='word_1_520' title='bbox 3647 3323 3702 3375; x_wconf 89' lang='grc' dir='ltr'>Ὃ</span> <span class='ocrx_word' id='word_1_521' title='bbox 3729 3319 3812 3374; x_wconf 75' lang='grc' dir='ltr'>ἄν·</span> 
     </span>
    </p>
   </div>
   <div class='ocr_carea' id='block_1_80' title="bbox 2166 3406 2977 3481">
    <p class='ocr_par' dir='ltr' id='par_1_80' title="bbox 2166 3406 2977 3481">
     <span class='ocr_line' id='line_1_80' title="bbox 2166 3406 2977 3481; baseline 0.01 -23"><span class='ocrx_word' id='word_1_522' title='bbox 2166 3416 2385 3481; x_wconf 90' lang='grc' dir='ltr'>θρωπος</span> <span class='ocrx_word' id='word_1_523' title='bbox 2418 3406 2480 3460; x_wconf 81' lang='grc' dir='ltr'>ού</span> <span class='ocrx_word' id='word_1_524' title='bbox 2515 3411 2652 3476; x_wconf 80' lang='grc' dir='ltr'>ζῶον</span> <span class='ocrx_word' id='word_1_525' title='bbox 2686 3407 2787 3465; x_wconf 80' lang='grc' dir='ltr'>οὐκ</span> <span class='ocrx_word' id='word_1_526' title='bbox 2814 3407 2977 3469; x_wconf 84' lang='grc' dir='ltr'>ἔστιν.</span> 
     </span>
    </p>
   </div>
   <div class='ocr_carea' id='block_1_81' title="bbox 2235 3512 3811 3595">
    <p class='ocr_par' dir='ltr' id='par_1_81' title="bbox 2235 3512 3811 3595">
     <span class='ocr_line' id='line_1_81' title="bbox 2235 3512 3811 3595; baseline 0 -27"><span class='ocrx_word' id='word_1_527' title='bbox 2235 3513 2308 3583; x_wconf 86' lang='grc' dir='ltr'>η’.</span> <span class='ocrx_word' id='word_1_528' title='bbox 2367 3512 2639 3576; x_wconf 80' lang='grc' dir='ltr'>Ὡσαύτως</span> <span class='ocrx_word' id='word_1_529' title='bbox 2691 3515 2784 3570; x_wconf 79' lang='grc' dir='ltr'>καὶ</span> <span class='ocrx_word' id='word_1_530' title='bbox 2836 3522 2978 3587; x_wconf 84' lang='grc' dir='ltr'>τῆς,</span> <span class='ocrx_word' id='word_1_531' title='bbox 3039 3515 3339 3595; x_wconf 87' lang='grc' dir='ltr'>Σωκράτης</span> <span class='ocrx_word' id='word_1_532' title='bbox 3403 3517 3611 3580; x_wconf 85' lang='grc' dir='ltr'>δίκαιός</span> <span class='ocrx_word' id='word_1_533' title='bbox 3664 3514 3767 3571; x_wconf 82' lang='grc' dir='ltr'>ἐστι</span> <span class='ocrx_word' id='word_1_534' title='bbox 3798 3555 3811 3581; x_wconf 91' lang='grc'>,</span> 
     </span>
    </p>
   </div>
   <div class='ocr_carea' id='block_1_82' title="bbox 2162 3602 3812 3684">
    <p class='ocr_par' dir='ltr' id='par_1_82' title="bbox 2162 3602 3812 3684">
     <span class='ocr_line' id='line_1_82' title="bbox 2162 3602 3812 3684; baseline 0.004 -29"><span class='ocrx_word' id='word_1_535' title='bbox 2162 3602 2514 3680; x_wconf 78' lang='grc' dir='ltr'>καταφάσεως</span> <span class='ocrx_word' id='word_1_536' title='bbox 2570 3602 2840 3681; x_wconf 84' lang='grc' dir='ltr'>ἀπόφασίς</span> <span class='ocrx_word' id='word_1_537' title='bbox 2911 3604 3053 3660; x_wconf 76' lang='grc' dir='ltr'>ἐστιν</span> <span class='ocrx_word' id='word_1_538' title='bbox 3113 3609 3149 3677; x_wconf 76' lang='grc' dir='ltr'>ἡ</span> <span class='ocrx_word' id='word_1_539' title='bbox 3188 3652 3204 3676; x_wconf 95' lang='grc'>,</span> <span class='ocrx_word' id='word_1_540' title='bbox 3254 3607 3559 3684; x_wconf 87' lang='grc' dir='ltr'>Σωκράτης</span> <span class='ocrx_word' id='word_1_541' title='bbox 3617 3602 3812 3662; x_wconf 86' lang='grc' dir='ltr'>δίκαιος</span> 
     </span>
    </p>
   </div>
   <div class='ocr_carea' id='block_1_83' title="bbox 2164 3688 3811 3771">
    <p class='ocr_par' dir='ltr' id='par_1_83' title="bbox 2164 3688 3811 3771">
     <span class='ocr_line' id='line_1_83' title="bbox 2164 3688 3811 3771; baseline -0.001 -26"><span class='ocrx_word' id='word_1_542' title='bbox 2164 3690 2265 3745; x_wconf 83' lang='grc' dir='ltr'>οὐκ</span> <span class='ocrx_word' id='word_1_543' title='bbox 2318 3688 2481 3746; x_wconf 78' lang='grc' dir='ltr'>ἔστιν’</span> <span class='ocrx_word' id='word_1_544' title='bbox 2543 3692 2605 3746; x_wconf 84' lang='grc' dir='ltr'>οὐ</span> <span class='ocrx_word' id='word_1_545' title='bbox 2668 3694 2776 3767; x_wconf 81' lang='grc' dir='ltr'>μὴν</span> <span class='ocrx_word' id='word_1_546' title='bbox 2829 3696 2889 3764; x_wconf 82' lang='grc' dir='ltr'>ἡ,</span> <span class='ocrx_word' id='word_1_547' title='bbox 2949 3696 3250 3771; x_wconf 87' lang='grc' dir='ltr'>Σωκράτης</span> <span class='ocrx_word' id='word_1_548' title='bbox 3298 3696 3368 3752; x_wconf 81' lang='grc' dir='ltr'>οὗ</span> <span class='ocrx_word' id='word_1_549' title='bbox 3422 3694 3630 3758; x_wconf 84' lang='grc' dir='ltr'>δίκαιός</span> <span class='ocrx_word' id='word_1_550' title='bbox 3659 3692 3811 3749; x_wconf 75' lang='grc' dir='ltr'>ἔστιν.</span> 
     </span>
    </p>
   </div>
   <div class='ocr_carea' id='block_1_84' title="bbox 2165 3775 3813 3865">
    <p class='ocr_par' dir='ltr' id='par_1_84' title="bbox 2165 3775 3813 3865">
     <span class='ocr_line' id='line_1_84' title="bbox 2165 3775 3813 3865; baseline 0.005 -32"><span class='ocrx_word' id='word_1_551' title='bbox 2165 3775 2315 3850; x_wconf 69' lang='grc' dir='ltr'>Αὕτη</span> <span class='ocrx_word' id='word_1_552' title='bbox 2364 3785 2467 3857; x_wconf 83' lang='grc' dir='ltr'>γὰρ</span> <span class='ocrx_word' id='word_1_553' title='bbox 2516 3780 2576 3836; x_wconf 85' lang='grc' dir='ltr'>ἐκ</span> <span class='ocrx_word' id='word_1_554' title='bbox 2634 3783 2970 3856; x_wconf 87' lang='grc' dir='ltr'>μεταθέσεως</span> <span class='ocrx_word' id='word_1_555' title='bbox 3024 3786 3257 3862; x_wconf 87' lang='grc' dir='ltr'>ὑπάρχει</span> <span class='ocrx_word' id='word_1_556' title='bbox 3300 3785 3621 3865; x_wconf 86' lang='grc' dir='ltr'>κατάφασις.</span> <span class='ocrx_word' id='word_1_557' title='bbox 3665 3778 3813 3840; x_wconf 80' lang='grc' dir='ltr'>Ἀπό-</span> 
     </span>
    </p>
   </div>
   <div class='ocr_carea' id='block_1_85' title="bbox 2164 3867 3808 3950">
    <p class='ocr_par' dir='ltr' id='par_1_85' title="bbox 2164 3867 3808 3950">
     <span class='ocr_line' id='line_1_85' title="bbox 2164 3867 3808 3950; baseline 0.001 -26"><span class='ocrx_word' id='word_1_558' title='bbox 2164 3890 2323 3948; x_wconf 85' lang='grc' dir='ltr'>φασις</span> <span class='ocrx_word' id='word_1_559' title='bbox 2373 3867 2431 3925; x_wconf 73' lang='grc' dir='ltr'>δὲ</span> <span class='ocrx_word' id='word_1_560' title='bbox 2482 3870 2685 3943; x_wconf 87' lang='grc' dir='ltr'>ταύτης</span> <span class='ocrx_word' id='word_1_561' title='bbox 2727 3875 2786 3943; x_wconf 83' lang='grc' dir='ltr'>ἡ,</span> <span class='ocrx_word' id='word_1_562' title='bbox 2838 3875 3138 3950; x_wconf 88' lang='grc' dir='ltr'>Σωκράτης</span> <span class='ocrx_word' id='word_1_563' title='bbox 3189 3874 3251 3931; x_wconf 85' lang='grc' dir='ltr'>ού</span> <span class='ocrx_word' id='word_1_564' title='bbox 3285 3873 3497 3938; x_wconf 86' lang='grc' dir='ltr'>δίκαιος</span> <span class='ocrx_word' id='word_1_565' title='bbox 3530 3874 3629 3930; x_wconf 85' lang='grc' dir='ltr'>ούκ</span> <span class='ocrx_word' id='word_1_566' title='bbox 3656 3869 3808 3926; x_wconf 79' lang='grc' dir='ltr'>ἔστιν.</span> 
     </span>
    </p>
   </div>
   <div class='ocr_carea' id='block_1_86' title="bbox 2161 3958 3808 4044">
    <p class='ocr_par' dir='ltr' id='par_1_86' title="bbox 2161 3958 3808 4044">
     <span class='ocr_line' id='line_1_86' title="bbox 2161 3958 3808 4044; baseline 0.002 -31"><span class='ocrx_word' id='word_1_567' title='bbox 2161 3958 2400 4032; x_wconf 84' lang='grc' dir='ltr'>Ὁμοίως</span> <span class='ocrx_word' id='word_1_568' title='bbox 2456 3959 2547 4015; x_wconf 87' lang='grc' dir='ltr'>καὶ</span> <span class='ocrx_word' id='word_1_569' title='bbox 2604 3965 2702 4016; x_wconf 77' lang='grc' dir='ltr'>τοῦ</span> <span class='ocrx_word' id='word_1_570' title='bbox 2736 4006 2750 4032; x_wconf 93' lang='grc'>,</span> <span class='ocrx_word' id='word_1_571' title='bbox 2812 3962 3201 4035; x_wconf 86' lang='grc' dir='ltr'>Ἀριστοτέλης</span> <span class='ocrx_word' id='word_1_572' title='bbox 3253 3963 3573 4044; x_wconf 80' lang='grc' dir='ltr'>φιλοσοφῶν</span> <span class='ocrx_word' id='word_1_573' title='bbox 3629 3962 3761 4018; x_wconf 83' lang='grc' dir='ltr'>ἐστιν</span> <span class='ocrx_word' id='word_1_574' title='bbox 3793 4004 3808 4030; x_wconf 90' lang='grc'>,</span> 
     </span>
    </p>
   </div>
   <div class='ocr_carea' id='block_1_87' title="bbox 2162 4047 3806 4132">
    <p class='ocr_par' dir='ltr' id='par_1_87' title="bbox 2162 4047 3806 4132">
     <span class='ocr_line' id='line_1_87' title="bbox 2162 4047 3806 4132; baseline 0.001 -30"><span class='ocrx_word' id='word_1_575' title='bbox 2162 4047 2430 4126; x_wconf 85' lang='grc' dir='ltr'>ἀπόφασις</span> <span class='ocrx_word' id='word_1_576' title='bbox 2485 4050 2590 4122; x_wconf 91' lang='grc' dir='ltr'>τὸ,</span> <span class='ocrx_word' id='word_1_577' title='bbox 2652 4051 3038 4126; x_wconf 85' lang='grc' dir='ltr'>Ἀριστοτέλης</span> <span class='ocrx_word' id='word_1_578' title='bbox 3113 4051 3432 4132; x_wconf 76' lang='grc' dir='ltr'>φιλοσοφῶν</span> <span class='ocrx_word' id='word_1_579' title='bbox 3503 4052 3603 4109; x_wconf 81' lang='grc' dir='ltr'>οὐκ</span> <span class='ocrx_word' id='word_1_580' title='bbox 3657 4048 3761 4105; x_wconf 76' lang='grc' dir='ltr'>ἔστι</span> <span class='ocrx_word' id='word_1_581' title='bbox 3793 4088 3806 4103; x_wconf 90' lang='grc'><strong>.</strong></span> 
     </span>
    </p>
   </div>
   <div class='ocr_carea' id='block_1_88' title="bbox 2162 4135 3811 4219">
    <p class='ocr_par' dir='ltr' id='par_1_88' title="bbox 2162 4135 3811 4219">
     <span class='ocr_line' id='line_1_88' title="bbox 2162 4135 3811 4219; baseline 0.003 -28"><span class='ocrx_word' id='word_1_582' title='bbox 2162 4138 2232 4192; x_wconf 87' lang='grc' dir='ltr'>Τὸ</span> <span class='ocrx_word' id='word_1_583' title='bbox 2263 4135 2340 4207; x_wconf 76' lang='grc' dir='ltr'>δὲ,</span> <span class='ocrx_word' id='word_1_584' title='bbox 2376 4138 2759 4214; x_wconf 87' lang='grc' dir='ltr'>Ἀριστοτέλης</span> <span class='ocrx_word' id='word_1_585' title='bbox 2777 4139 2839 4195; x_wconf 81' lang='grc' dir='ltr'>ού</span> <span class='ocrx_word' id='word_1_586' title='bbox 2862 4140 3176 4219; x_wconf 80' lang='grc' dir='ltr'>φιλοσοφῶν</span> <span class='ocrx_word' id='word_1_587' title='bbox 3209 4141 3372 4213; x_wconf 80' lang='grc' dir='ltr'>ἐστιν,</span> <span class='ocrx_word' id='word_1_588' title='bbox 3397 4143 3459 4199; x_wconf 82' lang='grc' dir='ltr'>ἐκ</span> <span class='ocrx_word' id='word_1_589' title='bbox 3491 4140 3811 4218; x_wconf 77' lang='grc' dir='ltr'>μεταθέσεως</span> 
     </span>
    </p>
   </div>
   <div class='ocr_carea' id='block_1_89' title="bbox 2162 4226 3807 4309">
    <p class='ocr_par' dir='ltr' id='par_1_89' title="bbox 2162 4226 3807 4309">
     <span class='ocr_line' id='line_1_89' title="bbox 2162 4226 3807 4309; baseline 0.001 -26"><span class='ocrx_word' id='word_1_590' title='bbox 2162 4226 2454 4305; x_wconf 81' lang='grc' dir='ltr'>κατάφασίς</span> <span class='ocrx_word' id='word_1_591' title='bbox 2483 4227 2646 4283; x_wconf 83' lang='grc' dir='ltr'>ἐστιν·</span> <span class='ocrx_word' id='word_1_592' title='bbox 2681 4229 2949 4308; x_wconf 86' lang='grc' dir='ltr'>ἀπόφασις</span> <span class='ocrx_word' id='word_1_593' title='bbox 2981 4228 3039 4286; x_wconf 72' lang='grc' dir='ltr'>δὲ</span> <span class='ocrx_word' id='word_1_594' title='bbox 3085 4231 3280 4287; x_wconf 89' lang='grc' dir='ltr'>τούτου</span> <span class='ocrx_word' id='word_1_595' title='bbox 3307 4231 3393 4307; x_wconf 80' lang='grc' dir='ltr'>τὸ,</span> <span class='ocrx_word' id='word_1_596' title='bbox 3434 4226 3807 4309; x_wconf 84' lang='grc' dir='ltr'>Ἀριστοτέλης</span> 
     </span>
    </p>
   </div>
   <div class='ocr_carea' id='block_1_90' title="bbox 2163 4316 2891 4397">
    <p class='ocr_par' dir='ltr' id='par_1_90' title="bbox 2163 4316 2891 4397">
     <span class='ocr_line' id='line_1_90' title="bbox 2163 4316 2891 4397; baseline 0.001 -23"><span class='ocrx_word' id='word_1_597' title='bbox 2163 4318 2226 4374; x_wconf 83' lang='grc' dir='ltr'>οὐ</span> <span class='ocrx_word' id='word_1_598' title='bbox 2257 4316 2571 4397; x_wconf 80' lang='grc' dir='ltr'>φιλοσοφῶν</span> <span class='ocrx_word' id='word_1_599' title='bbox 2601 4318 2701 4373; x_wconf 84' lang='grc' dir='ltr'>ούκ</span> <span class='ocrx_word' id='word_1_600' title='bbox 2728 4316 2891 4376; x_wconf 78' lang='grc' dir='ltr'>ἔστιν.</span> 
     </span>
    </p>
   </div>
   <div class='ocr_carea' id='block_1_91' title="bbox 2238 4422 3810 4505">
    <p class='ocr_par' dir='ltr' id='par_1_91' title="bbox 2238 4422 3810 4505">
     <span class='ocr_line' id='line_1_91' title="bbox 2238 4422 3810 4505; baseline -0.003 -22"><span class='ocrx_word' id='word_1_601' title='bbox 2238 4426 2302 4483; x_wconf 86' lang='grc' dir='ltr'>θ’.</span> <span class='ocrx_word' id='word_1_602' title='bbox 2338 4425 2459 4480; x_wconf 82' lang='grc' dir='ltr'>Ἐπὶ</span> <span class='ocrx_word' id='word_1_603' title='bbox 2512 4427 2614 4501; x_wconf 82' lang='grc' dir='ltr'>γὰρ</span> <span class='ocrx_word' id='word_1_604' title='bbox 2665 4430 2773 4481; x_wconf 72' lang='grc' dir='ltr'>τῶν</span> <span class='ocrx_word' id='word_1_605' title='bbox 2831 4426 2891 4482; x_wconf 84' lang='grc' dir='ltr'>ἐκ</span> <span class='ocrx_word' id='word_1_606' title='bbox 2944 4426 3130 4503; x_wconf 75' lang='grc' dir='ltr'>τρίτου</span> <span class='ocrx_word' id='word_1_607' title='bbox 3191 4422 3810 4505; x_wconf 80' lang='grc' dir='ltr'>προσκατηγορουμένου</span> 
     </span>
    </p>
   </div>
   <div class='ocr_carea' id='block_1_92' title="bbox 2164 4509 3810 4595">
    <p class='ocr_par' dir='ltr' id='par_1_92' title="bbox 2164 4509 3810 4595">
     <span class='ocr_line' id='line_1_92' title="bbox 2164 4509 3810 4595; baseline -0.004 -25"><span class='ocrx_word' id='word_1_608' title='bbox 2164 4517 2512 4594; x_wconf 81' lang='grc' dir='ltr'>καταφάσεων</span> <span class='ocrx_word' id='word_1_609' title='bbox 2563 4513 2754 4579; x_wconf 81' lang='grc' dir='ltr'>ἁπλῶς</span> <span class='ocrx_word' id='word_1_610' title='bbox 2808 4519 2872 4571; x_wconf 83' lang='grc' dir='ltr'>τὸ</span> <span class='ocrx_word' id='word_1_611' title='bbox 2921 4517 3208 4592; x_wconf 86' lang='grc' dir='ltr'>ἀρνητικὸν</span> <span class='ocrx_word' id='word_1_612' title='bbox 3283 4517 3478 4595; x_wconf 87' lang='grc' dir='ltr'>μόριον</span> <span class='ocrx_word' id='word_1_613' title='bbox 3540 4509 3810 4592; x_wconf 85' lang='grc' dir='ltr'>προστιθέ-</span> 
     </span>
    </p>
   </div>
   <div class='ocr_carea' id='block_1_93' title="bbox 2170 4606 3807 4683">
    <p class='ocr_par' dir='ltr' id='par_1_93' title="bbox 2170 4606 3807 4683">
     <span class='ocr_line' id='line_1_93' title="bbox 2170 4606 3807 4683; baseline -0.001 -24"><span class='ocrx_word' id='word_1_614' title='bbox 2170 4625 2329 4679; x_wconf 89' lang='grc' dir='ltr'>μενον</span> <span class='ocrx_word' id='word_1_615' title='bbox 2377 4610 2457 4678; x_wconf 81' lang='grc' dir='ltr'>τῷ</span> <span class='ocrx_word' id='word_1_616' title='bbox 2503 4606 2967 4683; x_wconf 88' lang='grc' dir='ltr'>κατηγορουμένῳ</span> <span class='ocrx_word' id='word_1_617' title='bbox 3013 4608 3109 4669; x_wconf 83' lang='grc' dir='ltr'>τὰς</span> <span class='ocrx_word' id='word_1_618' title='bbox 3155 4606 3217 4662; x_wconf 80' lang='grc' dir='ltr'>ἐκ</span> <span class='ocrx_word' id='word_1_619' title='bbox 3249 4606 3620 4679; x_wconf 85' lang='grc' dir='ltr'>μευταθέσεως</span> <span class='ocrx_word' id='word_1_620' title='bbox 3656 4619 3807 4657; x_wconf 81' lang='grc' dir='ltr'>κατα-</span> 
     </span>
    </p>
   </div>
   <div class='ocr_carea' id='block_1_94' title="bbox 403 4679 2057 4773">
    <p class='ocr_par' dir='ltr' id='par_1_94' title="bbox 403 4679 2055 4772">
     <span class='ocr_line' id='line_1_94' title="bbox 403 4679 2055 4772; baseline 0.015 -38"><span class='ocrx_word' id='word_1_621' title='bbox 403 4679 523 4736; x_wconf 91' lang='lat' dir='ltr'>sive</span> <span class='ocrx_word' id='word_1_622' title='bbox 552 4682 752 4739; x_wconf 92' lang='lat' dir='ltr'>omnia</span> <span class='ocrx_word' id='word_1_623' title='bbox 807 4701 876 4740; x_wconf 82' lang='lat' dir='ltr'>ex</span> <span class='ocrx_word' id='word_1_624' title='bbox 931 4687 1148 4758; x_wconf 89' lang='lat' dir='ltr'>quibus</span> <span class='ocrx_word' id='word_1_625' title='bbox 1205 4693 1495 4761; x_wconf 90' lang='lat' dir='ltr'>ejusmodi</span> <span class='ocrx_word' id='word_1_626' title='bbox 1544 4703 1634 4753; x_wconf 89' lang='lat' dir='ltr'>est</span> <span class='ocrx_word' id='word_1_627' title='bbox 1663 4702 2055 4772; x_wconf 89' lang='lat' dir='ltr'>compositum</span> 
     </span>
    </p>
   </div>
   <div class='ocr_carea' id='block_1_95' title="bbox 2174 4679 3811 4773">
    <p class='ocr_par' dir='ltr' id='par_1_95' title="bbox 2174 4679 3811 4773">
     <span class='ocr_line' id='line_1_95' title="bbox 2174 4679 3811 4773; baseline -0.002 -24"><span class='ocrx_word' id='word_1_628' title='bbox 2174 4694 2350 4773; x_wconf 65' lang='grc' dir='ltr'>φάσεις</span> <span class='ocrx_word' id='word_1_629' title='bbox 2407 4701 2574 4750; x_wconf 85' lang='grc' dir='ltr'>ποιεῖ·</span> <span class='ocrx_word' id='word_1_630' title='bbox 2793 4694 2853 4750; x_wconf 79' lang='grc' dir='ltr'>ἐκ</span> <span class='ocrx_word' id='word_1_631' title='bbox 2907 4693 3176 4751; x_wconf 85' lang='grc' dir='ltr'>πλειόνων</span> <span class='ocrx_word' id='word_1_632' title='bbox 3231 4693 3290 4751; x_wconf 77' lang='grc' dir='ltr'>δὲ</span> <span class='ocrx_word' id='word_1_633' title='bbox 3338 4695 3590 4751; x_wconf 90' lang='grc' dir='ltr'>σύνθετον</span> <span class='ocrx_word' id='word_1_634' title='bbox 3623 4689 3703 4762; x_wconf 83' lang='grc' dir='ltr'>εἷή</span> <span class='ocrx_word' id='word_1_635' title='bbox 3751 4686 3811 4742; x_wconf 78' lang='grc' dir='ltr'>τὸ</span> 
     </span>
    </p>
   </div>
   <div class='ocr_carea' id='block_1_96' title="bbox 400 4769 2051 4861">
    <p class='ocr_par' dir='ltr' id='par_1_96' title="bbox 400 4769 2051 4861">
     <span class='ocr_line' id='line_1_96' title="bbox 400 4769 2051 4861; baseline 0.014 -36"><span class='ocrx_word' id='word_1_636' title='bbox 400 4769 449 4825; x_wconf 90' lang='lat' dir='ltr'>si</span> <span class='ocrx_word' id='word_1_637' title='bbox 481 4770 657 4826; x_wconf 88' lang='lat' dir='ltr'>etiam</span> <span class='ocrx_word' id='word_1_638' title='bbox 690 4788 758 4828; x_wconf 84' lang='lat' dir='ltr'>ex</span> <span class='ocrx_word' id='word_1_639' title='bbox 805 4772 1075 4846; x_wconf 89' lang='lat' dir='ltr'>pluribus</span> <span class='ocrx_word' id='word_1_640' title='bbox 1106 4780 1484 4851; x_wconf 76' lang='lat' dir='ltr'>praedicatum</span> <span class='ocrx_word' id='word_1_641' title='bbox 1516 4786 1596 4841; x_wconf 90' lang='lat' dir='ltr'>sit</span> <span class='ocrx_word' id='word_1_642' title='bbox 1642 4769 2051 4861; x_wconf 77' lang='lat' dir='ltr'>compositum,</span> 
     </span>
    </p>
   </div>
   <div class='ocr_carea' id='block_1_97' title="bbox 399 4858 2052 4946">
    <p class='ocr_par' dir='ltr' id='par_1_97' title="bbox 399 4858 2052 4946">
     <span class='ocr_line' id='line_1_97' title="bbox 399 4858 2052 4946; baseline 0.015 -34"><span class='ocrx_word' id='word_1_643' title='bbox 399 4858 472 4913; x_wconf 92' lang='lat' dir='ltr'>de</span> <span class='ocrx_word' id='word_1_644' title='bbox 501 4861 766 4932; x_wconf 88' lang='lat' dir='ltr'>subjecto</span> <span class='ocrx_word' id='word_1_645' title='bbox 798 4862 1074 4921; x_wconf 86' lang='lat' dir='ltr'>dicantur</span> <span class='ocrx_word' id='word_1_646' title='bbox 1120 4872 1528 4939; x_wconf 87' lang='lat' dir='ltr'>essentialiter,</span> <span class='ocrx_word' id='word_1_647' title='bbox 1560 4858 2052 4946; x_wconf 78' lang='lat' dir='ltr'>quemadmodum</span> 
     </span>
    </p>
   </div>
   <div class='ocr_carea' id='block_1_98' title="bbox 399 4948 2052 5035">
    <p class='ocr_par' dir='ltr' id='par_1_98' title="bbox 399 4948 2052 5035">
     <span class='ocr_line' id='line_1_98' title="bbox 399 4948 2052 5035; baseline 0.015 -33"><span class='ocrx_word' id='word_1_648' title='bbox 399 4948 460 5003; x_wconf 87' lang='lat' dir='ltr'>in</span> <span class='ocrx_word' id='word_1_649' title='bbox 514 4949 994 5022; x_wconf 87' lang='lat' dir='ltr'>deﬁnitionibus;</span> <span class='ocrx_word' id='word_1_650' title='bbox 1025 4955 1144 5012; x_wconf 88' lang='lat' dir='ltr'>sive</span> <span class='ocrx_word' id='word_1_651' title='bbox 1188 4975 1257 5013; x_wconf 84' lang='lat' dir='ltr'>ex</span> <span class='ocrx_word' id='word_1_652' title='bbox 1308 4959 1401 5016; x_wconf 92' lang='lat' dir='ltr'>his</span> <span class='ocrx_word' id='word_1_653' title='bbox 1450 4963 1668 5035; x_wconf 88' lang='lat' dir='ltr'>aliquid</span> <span class='ocrx_word' id='word_1_654' title='bbox 1728 4970 2052 5025; x_wconf 88' lang='lat' dir='ltr'>secundum</span> 
     </span>
    </p>
   </div>
   <div class='ocr_carea' id='block_1_99' title="bbox 402 5038 2053 5121">
    <p class='ocr_par' dir='ltr' id='par_1_99' title="bbox 402 5038 2053 5121">
     <span class='ocr_line' id='line_1_99' title="bbox 402 5038 2053 5121; baseline 0.015 -30"><span class='ocrx_word' id='word_1_655' title='bbox 402 5038 697 5107; x_wconf 86' lang='lat' dir='ltr'>accidens,</span> <span class='ocrx_word' id='word_1_656' title='bbox 758 5046 825 5097; x_wconf 91' lang='lat' dir='ltr'>ut</span> <span class='ocrx_word' id='word_1_657' title='bbox 853 5058 988 5098; x_wconf 90' lang='lat' dir='ltr'>cum</span> <span class='ocrx_word' id='word_1_658' title='bbox 1045 5045 1388 5121; x_wconf 85' lang='lat' dir='ltr'>dixerimus,</span> <span class='ocrx_word' id='word_1_659' title='bbox 1443 5052 1712 5111; x_wconf 88' lang='lat' dir='ltr'>Socrates</span> <span class='ocrx_word' id='word_1_660' title='bbox 1763 5062 1851 5113; x_wconf 90' lang='lat' dir='ltr'>est</span> <span class='ocrx_word' id='word_1_661' title='bbox 1879 5057 2053 5114; x_wconf 90' lang='lat' dir='ltr'>homo</span> 
     </span>
    </p>
   </div>
   <div class='ocr_carea' id='block_1_100' title="bbox 400 5126 2053 5208">
    <p class='ocr_par' dir='ltr' id='par_1_100' title="bbox 400 5126 2053 5208">
     <span class='ocr_line' id='line_1_100' title="bbox 400 5126 2053 5208; baseline 0.014 -28"><span class='ocrx_word' id='word_1_662' title='bbox 400 5126 592 5199; x_wconf 81' lang='lat' dir='ltr'>albus,</span> <span class='ocrx_word' id='word_1_663' title='bbox 625 5133 853 5201; x_wconf 89' lang='lat' dir='ltr'>oportet</span> <span class='ocrx_word' id='word_1_664' title='bbox 895 5134 1147 5205; x_wconf 89' lang='lat' dir='ltr'>negandi</span> <span class='ocrx_word' id='word_1_665' title='bbox 1197 5138 1545 5208; x_wconf 88' lang='lat' dir='ltr'>particulam</span> <span class='ocrx_word' id='word_1_666' title='bbox 1602 5145 1762 5199; x_wconf 89' lang='lat' dir='ltr'>omni</span> <span class='ocrx_word' id='word_1_667' title='bbox 1811 5162 1913 5201; x_wconf 91' lang='lat' dir='ltr'>seu</span> <span class='ocrx_word' id='word_1_668' title='bbox 1944 5147 2053 5202; x_wconf 90' lang='lat' dir='ltr'>toti</span> 
     </span>
    </p>
   </div>
   <div class='ocr_carea' id='block_1_101' title="bbox 399 5216 2052 5307">
    <p class='ocr_par' dir='ltr' id='par_1_101' title="bbox 399 5216 2052 5307">
     <span class='ocr_line' id='line_1_101' title="bbox 399 5216 2052 5307; baseline 0.014 -38"><span class='ocrx_word' id='word_1_669' title='bbox 399 5216 714 5287; x_wconf 72' lang='lat' dir='ltr'>praedicata</span> <span class='ocrx_word' id='word_1_670' title='bbox 747 5223 1124 5293; x_wconf 89' lang='lat' dir='ltr'>anteponi,ut</span> <span class='ocrx_word' id='word_1_671' title='bbox 1153 5226 1600 5287; x_wconf 85' lang='lat' dir='ltr'>afﬁrmationem</span> <span class='ocrx_word' id='word_1_672' title='bbox 1630 5249 1699 5289; x_wconf 82' lang='lat' dir='ltr'>ex</span> <span class='ocrx_word' id='word_1_673' title='bbox 1728 5235 2052 5307; x_wconf 86' lang='lat' dir='ltr'>transposi-</span> 
     </span>
    </p>
   </div>
   <div class='ocr_carea' id='block_1_102' title="bbox 397 5305 2050 5393">
    <p class='ocr_par' dir='ltr' id='par_1_102' title="bbox 397 5305 2050 5393">
     <span class='ocr_line' id='line_1_102' title="bbox 397 5305 2050 5393; baseline 0.014 -35"><span class='ocrx_word' id='word_1_674' title='bbox 397 5305 557 5361; x_wconf 89' lang='lat' dir='ltr'>tione</span> <span class='ocrx_word' id='word_1_675' title='bbox 586 5306 889 5365; x_wconf 85' lang='lat' dir='ltr'>faciamus.</span> <span class='ocrx_word' id='word_1_676' title='bbox 925 5311 1116 5378; x_wconf 90' lang='lat' dir='ltr'>Velut,</span> <span class='ocrx_word' id='word_1_677' title='bbox 1151 5314 1333 5371; x_wconf 88' lang='lat' dir='ltr'>Homo</span> <span class='ocrx_word' id='word_1_678' title='bbox 1363 5322 1452 5373; x_wconf 91' lang='lat' dir='ltr'>est</span> <span class='ocrx_word' id='word_1_679' title='bbox 1490 5321 1710 5377; x_wconf 89' lang='lat' dir='ltr'>animal</span> <span class='ocrx_word' id='word_1_680' title='bbox 1742 5324 2050 5393; x_wconf 83' lang='lat' dir='ltr'>rationale,</span> 
     </span>
    </p>
   </div>
   <div class='ocr_carea' id='block_1_103' title="bbox 394 5393 2052 5481">
    <p class='ocr_par' dir='ltr' id='par_1_103' title="bbox 394 5393 2052 5481">
     <span class='ocr_line' id='line_1_103' title="bbox 394 5393 2052 5481; baseline 0.013 -32"><span class='ocrx_word' id='word_1_681' title='bbox 394 5393 659 5463; x_wconf 87' lang='lat' dir='ltr'>mortale,</span> <span class='ocrx_word' id='word_1_682' title='bbox 693 5397 1094 5471; x_wconf 56' lang='lat' dir='ltr'>intelligentia</span> <span class='ocrx_word' id='word_1_683' title='bbox 1132 5409 1189 5459; x_wconf 90' lang='lat' dir='ltr'>et</span> <span class='ocrx_word' id='word_1_684' title='bbox 1240 5406 1499 5463; x_wconf 64' lang='lat' dir='ltr'>scientia:</span> <span class='ocrx_word' id='word_1_685' title='bbox 1528 5425 1729 5481; x_wconf 86' lang='lat' dir='ltr'>capax.</span> <span class='ocrx_word' id='word_1_686' title='bbox 1763 5413 1881 5469; x_wconf 91' lang='lat' dir='ltr'>Hoc</span> <span class='ocrx_word' id='word_1_687' title='bbox 1912 5414 2052 5470; x_wconf 89' lang='lat' dir='ltr'>sim-</span> 
     </span>
    </p>
   </div>
   <div class='ocr_carea' id='block_1_104' title="bbox 394 5480 2053 5567">
    <p class='ocr_par' dir='ltr' id='par_1_104' title="bbox 394 5480 2053 5567">
     <span class='ocr_line' id='line_1_104' title="bbox 394 5480 2053 5567; baseline 0.014 -33"><span class='ocrx_word' id='word_1_688' title='bbox 394 5480 526 5553; x_wconf 86' lang='lat' dir='ltr'>plex</span> <span class='ocrx_word' id='word_1_689' title='bbox 555 5487 644 5537; x_wconf 89' lang='lat' dir='ltr'>est</span> <span class='ocrx_word' id='word_1_690' title='bbox 672 5486 1004 5545; x_wconf 85' lang='lat' dir='ltr'>afﬁrmatio.</span> <span class='ocrx_word' id='word_1_691' title='bbox 1042 5492 1122 5545; x_wconf 88' lang='lat' dir='ltr'><strong>Ex</strong></span> <span class='ocrx_word' id='word_1_692' title='bbox 1151 5480 1615 5567; x_wconf 13' lang='lat' dir='ltr'>transpositioneﬁ</span> <span class='ocrx_word' id='word_1_693' title='bbox 1646 5505 1842 5557; x_wconf 91' lang='lat' dir='ltr'>autem</span> <span class='ocrx_word' id='word_1_694' title='bbox 1895 5503 2053 5558; x_wconf 87' lang='lat' dir='ltr'>afﬁr-</span> 
     </span>
    </p>
   </div>
   <div class='ocr_carea' id='block_1_105' title="bbox 403 5569 2051 5664">
    <p class='ocr_par' dir='ltr' id='par_1_105' title="bbox 403 5569 2051 5664">
     <span class='ocr_line' id='line_1_105' title="bbox 403 5569 2051 5664; baseline 0.013 -38"><span class='ocrx_word' id='word_1_695' title='bbox 403 5569 581 5626; x_wconf 89' lang='lat' dir='ltr'>matio</span> <span class='ocrx_word' id='word_1_696' title='bbox 612 5578 718 5645; x_wconf 82' lang='lat' dir='ltr'>est,</span> <span class='ocrx_word' id='word_1_697' title='bbox 768 5576 951 5633; x_wconf 90' lang='lat' dir='ltr'>Homo</span> <span class='ocrx_word' id='word_1_698' title='bbox 982 5580 1139 5636; x_wconf 75' lang='lat'>304</span> <span class='ocrx_word' id='word_1_699' title='bbox 1186 5587 1275 5637; x_wconf 90' lang='lat' dir='ltr'>est</span> <span class='ocrx_word' id='word_1_700' title='bbox 1306 5601 1417 5639; x_wconf 92' lang='lat' dir='ltr'>non</span> <span class='ocrx_word' id='word_1_701' title='bbox 1474 5587 1691 5644; x_wconf 89' lang='lat' dir='ltr'>animal</span> <span class='ocrx_word' id='word_1_702' title='bbox 1751 5591 2051 5664; x_wconf 88' lang='lat' dir='ltr'>rationale,</span> 
     </span>
    </p>
   </div>
   <div class='ocr_carea' id='block_1_106' title="bbox 403 5659 2052 5751">
    <p class='ocr_par' dir='ltr' id='par_1_106' title="bbox 403 5659 2052 5751">
     <span class='ocr_line' id='line_1_106' title="bbox 403 5659 2052 5751; baseline 0.015 -36"><span class='ocrx_word' id='word_1_703' title='bbox 403 5659 670 5727; x_wconf 87' lang='lat' dir='ltr'>mortale,</span> <span class='ocrx_word' id='word_1_704' title='bbox 701 5664 1101 5737; x_wconf 74' lang='lat' dir='ltr'>intelligentiae</span> <span class='ocrx_word' id='word_1_705' title='bbox 1132 5674 1189 5724; x_wconf 90' lang='lat' dir='ltr'>et</span> <span class='ocrx_word' id='word_1_706' title='bbox 1218 5672 1472 5729; x_wconf 85' lang='lat' dir='ltr'>scientiae</span> <span class='ocrx_word' id='word_1_707' title='bbox 1512 5680 1790 5747; x_wconf 85' lang='lat' dir='ltr'>capax.Et</span> <span class='ocrx_word' id='word_1_708' title='bbox 1818 5659 2052 5751; x_wconf 73' lang='lat' dir='ltr'>iterum,</span> 
     </span>
    </p>
   </div>
   <div class='ocr_carea' id='block_1_107' title="bbox 401 5748 2056 5843">
    <p class='ocr_par' dir='ltr' id='par_1_107' title="bbox 401 5748 2056 5843">
     <span class='ocr_line' id='line_1_107' title="bbox 401 5748 2056 5843; baseline 0.014 -38"><span class='ocrx_word' id='word_1_709' title='bbox 401 5748 671 5806; x_wconf 84' lang='lat' dir='ltr'>Socrates</span> <span class='ocrx_word' id='word_1_710' title='bbox 728 5759 818 5812; x_wconf 91' lang='lat' dir='ltr'>est</span> <span class='ocrx_word' id='word_1_711' title='bbox 873 5756 1046 5814; x_wconf 92' lang='lat' dir='ltr'>homo</span> <span class='ocrx_word' id='word_1_712' title='bbox 1104 5757 1512 5834; x_wconf 89' lang='lat' dir='ltr'>philosophus,</span> <span class='ocrx_word' id='word_1_713' title='bbox 1571 5765 1763 5837; x_wconf 90' lang='lat' dir='ltr'>albus,</span> <span class='ocrx_word' id='word_1_714' title='bbox 1806 5748 2056 5843; x_wconf 62' lang='lat' dir='ltr'>simplea</span> 
     </span>
    </p>
   </div>
   <div class='ocr_carea' id='block_1_108' title="bbox 2163 4773 3806 4861">
    <p class='ocr_par' dir='ltr' id='par_1_108' title="bbox 2163 4773 3806 4861">
     <span class='ocr_line' id='line_1_108' title="bbox 2163 4773 3806 4861; baseline -0.006 -22"><span class='ocrx_word' id='word_1_715' title='bbox 2163 4783 2660 4861; x_wconf 85' lang='grc' dir='ltr'>κατηγορούμενον·</span> <span class='ocrx_word' id='word_1_716' title='bbox 2720 4782 2826 4840; x_wconf 68' lang='grc' dir='ltr'>εἴτε</span> <span class='ocrx_word' id='word_1_717' title='bbox 2883 4785 3096 4839; x_wconf 87' lang='grc' dir='ltr'>πάντων</span> <span class='ocrx_word' id='word_1_718' title='bbox 3157 4784 3209 4856; x_wconf 73' lang='grc' dir='ltr'>ἐξ</span> <span class='ocrx_word' id='word_1_719' title='bbox 3266 4786 3339 4840; x_wconf 82' lang='grc' dir='ltr'>ὧν</span> <span class='ocrx_word' id='word_1_720' title='bbox 3392 4783 3716 4840; x_wconf 88' lang='grc' dir='ltr'>συντέθειται</span> <span class='ocrx_word' id='word_1_721' title='bbox 3749 4773 3806 4831; x_wconf 84' lang='grc' dir='ltr'>τὸ</span> 
     </span>
    </p>
   </div>
   <div class='ocr_carea' id='block_1_109' title="bbox 2160 4866 3803 4951">
    <p class='ocr_par' dir='ltr' id='par_1_109' title="bbox 2160 4866 3803 4951">
     <span class='ocr_line' id='line_1_109' title="bbox 2160 4866 3803 4951; baseline 0 -24"><span class='ocrx_word' id='word_1_722' title='bbox 2160 4879 2407 4929; x_wconf 79' lang='grc' dir='ltr'>τοιοῦτον</span> <span class='ocrx_word' id='word_1_723' title='bbox 2439 4875 2575 4929; x_wconf 86' lang='grc' dir='ltr'>κατά</span> <span class='ocrx_word' id='word_1_724' title='bbox 2603 4878 2699 4929; x_wconf 75' lang='grc' dir='ltr'>τοῦ</span> <span class='ocrx_word' id='word_1_725' title='bbox 2739 4874 3100 4949; x_wconf 87' lang='grc' dir='ltr'>ὑποκειμένου</span> <span class='ocrx_word' id='word_1_726' title='bbox 3150 4872 3473 4951; x_wconf 80' lang='grc' dir='ltr'>λεγομένων</span> <span class='ocrx_word' id='word_1_727' title='bbox 3513 4866 3803 4935; x_wconf 83' lang='grc' dir='ltr'>οὐσιωδῶς,</span> 
     </span>
    </p>
   </div>
   <div class='ocr_carea' id='block_1_110' title="bbox 2162 4957 3802 5040">
    <p class='ocr_par' dir='ltr' id='par_1_110' title="bbox 2162 4957 3802 5040">
     <span class='ocr_line' id='line_1_110' title="bbox 2162 4957 3802 5040; baseline -0.007 -22"><span class='ocrx_word' id='word_1_728' title='bbox 2162 4965 2402 5038; x_wconf 85' lang='grc' dir='ltr'>καθάπερ</span> <span class='ocrx_word' id='word_1_729' title='bbox 2434 4963 2520 5017; x_wconf 82' lang='grc' dir='ltr'>ἐπὶ</span> <span class='ocrx_word' id='word_1_730' title='bbox 2571 4968 2679 5018; x_wconf 77' lang='grc' dir='ltr'>τῶν</span> <span class='ocrx_word' id='word_1_731' title='bbox 2712 4965 2980 5040; x_wconf 74' lang='grc' dir='ltr'>ὁρισμῶν,</span> <span class='ocrx_word' id='word_1_732' title='bbox 3034 4961 3140 5019; x_wconf 59' lang='lat' dir='ltr'>sifts</span> <span class='ocrx_word' id='word_1_733' title='bbox 3174 4964 3266 5019; x_wconf 91' lang='grc' dir='ltr'>καί</span> <span class='ocrx_word' id='word_1_734' title='bbox 3306 4985 3458 5025; x_wconf 91' lang='grc' dir='ltr'>τινος</span> <span class='ocrx_word' id='word_1_735' title='bbox 3506 4962 3567 5017; x_wconf 77' lang='grc' dir='ltr'>ἐκ</span> <span class='ocrx_word' id='word_1_736' title='bbox 3610 4957 3802 5015; x_wconf 85' lang='grc' dir='ltr'>τούτων</span> 
     </span>
    </p>
   </div>
   <div class='ocr_carea' id='block_1_111' title="bbox 2161 5047 3804 5128">
    <p class='ocr_par' dir='ltr' id='par_1_111' title="bbox 2161 5047 3804 5128">
     <span class='ocr_line' id='line_1_111' title="bbox 2161 5047 3804 5128; baseline -0.002 -21"><span class='ocrx_word' id='word_1_737' title='bbox 2161 5054 2299 5107; x_wconf 81' lang='grc' dir='ltr'>κατὰ</span> <span class='ocrx_word' id='word_1_738' title='bbox 2355 5047 2724 5126; x_wconf 76' lang='grc' dir='ltr'>συμϐεϐηκόςο</span> <span class='ocrx_word' id='word_1_739' title='bbox 2786 5053 2861 5116; x_wconf 83' lang='grc' dir='ltr'>ὡς</span> <span class='ocrx_word' id='word_1_740' title='bbox 2922 5048 3046 5109; x_wconf 75' lang='grc' dir='ltr'>ὅταν</span> <span class='ocrx_word' id='word_1_741' title='bbox 3107 5051 3370 5128; x_wconf 57' lang='grc' dir='ltr'>εἷδπωμεν,</span> <span class='ocrx_word' id='word_1_742' title='bbox 3420 5059 3476 5107; x_wconf 80' lang='lat'><strong>&#39;0</strong></span> <span class='ocrx_word' id='word_1_743' title='bbox 3521 5048 3804 5126; x_wconf 81' lang='grc' dir='ltr'>Σωκράτης</span> 
     </span>
    </p>
   </div>
   <div class='ocr_carea' id='block_1_112' title="bbox 2162 5136 3802 5220">
    <p class='ocr_par' dir='ltr' id='par_1_112' title="bbox 2162 5136 3802 5220">
     <span class='ocr_line' id='line_1_112' title="bbox 2162 5136 3802 5220; baseline -0.004 -24"><span class='ocrx_word' id='word_1_744' title='bbox 2162 5139 2448 5218; x_wconf 77' lang='grc' dir='ltr'>ἅνθρωπος</span> <span class='ocrx_word' id='word_1_745' title='bbox 2508 5138 2703 5204; x_wconf 86' lang='grc' dir='ltr'>λευκός</span> <span class='ocrx_word' id='word_1_746' title='bbox 2758 5141 2870 5197; x_wconf 81' lang='grc' dir='ltr'>ἐστι</span> <span class='ocrx_word' id='word_1_747' title='bbox 2903 5186 2917 5213; x_wconf 97' lang='grc'>,</span> <span class='ocrx_word' id='word_1_748' title='bbox 2975 5143 3089 5220; x_wconf 85' lang='grc' dir='ltr'>χρή</span> <span class='ocrx_word' id='word_1_749' title='bbox 3147 5142 3212 5197; x_wconf 86' lang='grc' dir='ltr'>τὸ</span> <span class='ocrx_word' id='word_1_750' title='bbox 3270 5141 3562 5216; x_wconf 85' lang='grc' dir='ltr'>ἀρνητικὸν</span> <span class='ocrx_word' id='word_1_751' title='bbox 3626 5136 3802 5213; x_wconf 87' lang='grc' dir='ltr'>μόριον</span> 
     </span>
    </p>
   </div>
   <div class='ocr_carea' id='block_1_113' title="bbox 2161 5222 3804 5329">
    <p class='ocr_par' dir='ltr' id='par_1_113' title="bbox 2161 5222 3804 5329">
     <span class='ocr_line' id='line_1_113' title="bbox 2161 5222 3804 5329; baseline -0.002 -42"><span class='ocrx_word' id='word_1_752' title='bbox 2161 5231 2504 5308; x_wconf 85' lang='grc' dir='ltr'>προτίθεσθαι</span> <span class='ocrx_word' id='word_1_753' title='bbox 2578 5234 2675 5285; x_wconf 78' lang='grc' dir='ltr'>τοῦ</span> <span class='ocrx_word' id='word_1_754' title='bbox 2732 5231 3214 5308; x_wconf 79' lang='grc' dir='ltr'>κατηγορουμένου</span> <span class='ocrx_word' id='word_1_755' title='bbox 3260 5231 3464 5294; x_wconf 86' lang='grc' dir='ltr'>παντὸς</span> <span class='ocrx_word' id='word_1_756' title='bbox 3499 5277 3513 5304; x_wconf 95' lang='grc'>,</span> <span class='ocrx_word' id='word_1_757' title='bbox 3568 5227 3659 5329; x_wconf 46' lang='grc' dir='ltr'>ἷί-να</span> 
     </span>
    </p>
   </div>
   <div class='ocr_carea' id='block_1_114' title="bbox 2164 5314 3803 5398">
    <p class='ocr_par' dir='ltr' id='par_1_114' title="bbox 2164 5314 3803 5398">
     <span class='ocr_line' id='line_1_114' title="bbox 2164 5314 3803 5398; baseline -0.004 -21"><span class='ocrx_word' id='word_1_758' title='bbox 2164 5321 2223 5377; x_wconf 83' lang='grc' dir='ltr'>ἐκ</span> <span class='ocrx_word' id='word_1_759' title='bbox 2299 5322 2632 5395; x_wconf 88' lang='grc' dir='ltr'>μεταθέσεως</span> <span class='ocrx_word' id='word_1_760' title='bbox 2707 5321 3003 5398; x_wconf 85' lang='grc' dir='ltr'>κατάφασιν</span> <span class='ocrx_word' id='word_1_761' title='bbox 3083 5322 3406 5395; x_wconf 85' lang='grc' dir='ltr'>ποιήσωμεν</span> <span class='ocrx_word' id='word_1_762' title='bbox 3462 5342 3475 5356; x_wconf 93' lang='grc'><strong>·</strong></span> <span class='ocrx_word' id='word_1_763' title='bbox 3544 5319 3654 5374; x_wconf 79' lang='grc' dir='ltr'>οἷον</span> <span class='ocrx_word' id='word_1_764' title='bbox 3704 5358 3717 5384; x_wconf 86' lang='grc'>,</span> <span class='ocrx_word' id='word_1_765' title='bbox 3754 5314 3803 5361; x_wconf 86' lang='grc' dir='ltr'>Ὁ</span> 
     </span>
    </p>
   </div>
   <div class='ocr_carea' id='block_1_115' title="bbox 2163 5406 3803 5488">
    <p class='ocr_par' dir='ltr' id='par_1_115' title="bbox 2163 5406 3803 5488">
     <span class='ocr_line' id='line_1_115' title="bbox 2163 5406 3803 5488; baseline -0.005 -22"><span class='ocrx_word' id='word_1_766' title='bbox 2163 5410 2450 5485; x_wconf 79' lang='grc' dir='ltr'>ἅνθρωπος</span> <span class='ocrx_word' id='word_1_767' title='bbox 2512 5414 2649 5480; x_wconf 80' lang='grc' dir='ltr'>ζῶον</span> <span class='ocrx_word' id='word_1_768' title='bbox 2702 5408 2942 5488; x_wconf 77' lang='grc' dir='ltr'>λογικὸν,</span> <span class='ocrx_word' id='word_1_769' title='bbox 2986 5410 3200 5481; x_wconf 85' lang='grc' dir='ltr'>θνητὸν,</span> <span class='ocrx_word' id='word_1_770' title='bbox 3245 5414 3341 5466; x_wconf 78' lang='grc' dir='ltr'>νοῦ</span> <span class='ocrx_word' id='word_1_771' title='bbox 3371 5411 3464 5466; x_wconf 84' lang='grc' dir='ltr'>καὶ</span> <span class='ocrx_word' id='word_1_772' title='bbox 3494 5406 3803 5477; x_wconf 66' lang='grc' dir='ltr'>ἐπιστήμης</span> 
     </span>
    </p>
   </div>
   <div class='ocr_carea' id='block_1_116' title="bbox 2164 5497 3800 5580">
    <p class='ocr_par' dir='ltr' id='par_1_116' title="bbox 2164 5497 3800 5580">
     <span class='ocr_line' id='line_1_116' title="bbox 2164 5497 3800 5580; baseline -0.006 -23"><span class='ocrx_word' id='word_1_773' title='bbox 2164 5499 2404 5558; x_wconf 83' lang='grc' dir='ltr'>δεκτικόν</span> <span class='ocrx_word' id='word_1_774' title='bbox 2456 5500 2597 5556; x_wconf 77' lang='grc' dir='ltr'>ἐστι’</span> <span class='ocrx_word' id='word_1_775' title='bbox 2657 5505 2820 5556; x_wconf 79' lang='grc' dir='ltr'>τοῦτο</span> <span class='ocrx_word' id='word_1_776' title='bbox 2876 5497 3026 5571; x_wconf 79' lang='grc' dir='ltr'>ἁπλῆ</span> <span class='ocrx_word' id='word_1_777' title='bbox 3084 5499 3383 5580; x_wconf 88' lang='grc' dir='ltr'>κατάφασις</span> <span class='ocrx_word' id='word_1_778' title='bbox 3427 5543 3440 5559; x_wconf 93' lang='grc'><strong>.</strong></span> <span class='ocrx_word' id='word_1_779' title='bbox 3510 5501 3601 5554; x_wconf 87' lang='grc' dir='ltr'>Ἐκ</span> <span class='ocrx_word' id='word_1_780' title='bbox 3657 5508 3800 5580; x_wconf 79' lang='grc' dir='ltr'>μετα-</span> 
     </span>
    </p>
   </div>
   <div class='ocr_carea' id='block_1_117' title="bbox 2162 5579 3799 5686">
    <p class='ocr_par' dir='ltr' id='par_1_117' title="bbox 2162 5579 3799 5686">
     <span class='ocr_line' id='line_1_117' title="bbox 2162 5579 3799 5686; baseline -0.001 -40"><span class='ocrx_word' id='word_1_781' title='bbox 2162 5590 2358 5654; x_wconf 83' lang='grc' dir='ltr'>θέσεως</span> <span class='ocrx_word' id='word_1_782' title='bbox 2392 5588 2451 5645; x_wconf 77' lang='grc' dir='ltr'>δὲ</span> <span class='ocrx_word' id='word_1_783' title='bbox 2495 5590 2815 5669; x_wconf 87' lang='grc' dir='ltr'>κατάφασις,</span> <span class='ocrx_word' id='word_1_784' title='bbox 2860 5591 2917 5643; x_wconf 87' lang='grc' dir='ltr'>Ὁ</span> <span class='ocrx_word' id='word_1_785' title='bbox 2948 5579 3242 5667; x_wconf 86' lang='grc' dir='ltr'>ἄνθρωπος</span> <span class='ocrx_word' id='word_1_786' title='bbox 3270 5588 3335 5645; x_wconf 83' lang='grc' dir='ltr'>ού</span> <span class='ocrx_word' id='word_1_787' title='bbox 3389 5593 3526 5686; x_wconf 61' lang='grc' dir='ltr'>ζῶον</span> <span class='ocrx_word' id='word_1_788' title='bbox 3573 5579 3799 5686; x_wconf 53' lang='grc' dir='ltr'>λογικὸγγ</span> 
     </span>
    </p>
   </div>
   <div class='ocr_carea' id='block_1_118' title="bbox 2164 5673 3801 5753">
    <p class='ocr_par' dir='ltr' id='par_1_118' title="bbox 2164 5673 3801 5753">
     <span class='ocr_line' id='line_1_118' title="bbox 2164 5673 3801 5753; baseline -0.006 -17"><span class='ocrx_word' id='word_1_789' title='bbox 2164 5683 2378 5753; x_wconf 88' lang='grc' dir='ltr'>θνητὸν,</span> <span class='ocrx_word' id='word_1_790' title='bbox 2437 5684 2534 5735; x_wconf 77' lang='grc' dir='ltr'>νοῦ</span> <span class='ocrx_word' id='word_1_791' title='bbox 2585 5681 2674 5735; x_wconf 80' lang='grc' dir='ltr'>καὶ</span> <span class='ocrx_word' id='word_1_792' title='bbox 2727 5679 3037 5753; x_wconf 79' lang='grc' dir='ltr'>ἐπιστήμης</span> <span class='ocrx_word' id='word_1_793' title='bbox 3090 5677 3335 5735; x_wconf 81' lang='grc' dir='ltr'>δεκτικὸν</span> <span class='ocrx_word' id='word_1_794' title='bbox 3394 5677 3526 5736; x_wconf 74' lang='grc' dir='ltr'>ἐστι.</span> <span class='ocrx_word' id='word_1_795' title='bbox 3576 5673 3671 5731; x_wconf 86' lang='grc' dir='ltr'>Καὶ</span> <span class='ocrx_word' id='word_1_796' title='bbox 3711 5673 3801 5723; x_wconf 84' lang='grc' dir='ltr'>πά-</span> 
     </span>
    </p>
   </div>
   <div class='ocr_carea' id='block_1_119' title="bbox 2164 5761 3794 5849">
    <p class='ocr_par' dir='ltr' id='par_1_119' title="bbox 2164 5761 3794 5849">
     <span class='ocr_line' id='line_1_119' title="bbox 2164 5761 3794 5849; baseline -0.001 -21"><span class='ocrx_word' id='word_1_797' title='bbox 2164 5770 2274 5843; x_wconf 91' lang='grc' dir='ltr'>λιν,</span> <span class='ocrx_word' id='word_1_798' title='bbox 2328 5772 2628 5847; x_wconf 87' lang='grc' dir='ltr'>Σωκράτης</span> <span class='ocrx_word' id='word_1_799' title='bbox 2686 5766 2972 5846; x_wconf 79' lang='grc' dir='ltr'>ἅνθρωπος</span> <span class='ocrx_word' id='word_1_800' title='bbox 3030 5768 3333 5849; x_wconf 81' lang='grc' dir='ltr'>φιλόσοφος</span> <span class='ocrx_word' id='word_1_801' title='bbox 3393 5767 3582 5828; x_wconf 87' lang='grc' dir='ltr'>λευκὸς</span> <span class='ocrx_word' id='word_1_802' title='bbox 3631 5761 3794 5827; x_wconf 64' lang='grc' dir='ltr'>ἐστιν,</span> 
     </span>
    </p>
   </div>
  </div>
