4126 6430
338 397 458 458 925

340 531 490 599 ἁπλῆ
577 530 891 608 κατάφασις·
971 528 1032 584 ἐκ
1117 527 1451 602 μεταθέσεως
1537 523 1594 582 δὲ

343 619 644 696 Σωκράτης
673 619 773 675 οὐκ
803 616 1086 694 ἄνθρωπος
1118 617 1416 694 φιλόσοφος
1451 617 1640 678 λευκός
1682 616 1812 670 ἐστι.

416 728 466 785 ι’.
527 730 654 789 Πῶς
706 728 798 800 μὲν
851 723 942 782 οὗν
988 726 1192 802 γίνεται
1241 728 1277 795 ἡ
1337 724 1604 803 ἀπόφασις
1662 723 1713 778 ἐν
1771 727 1890 784 ταῖς
1945 721 1996 792 ἐξ

343 815 709 889 ὑποκειμένου
757 815 848 872 καὶ
919 816 1397 892 κατηγορουμένου
1463 812 1802 890 προτάσεσιν,
1852 809 1998 867 ἀλλὰ

342 904 410 975 δὴ
468 905 564 960 κάν
631 909 750 968 ταῖς
805 905 865 960 ἐκ
917 905 1104 982 τρίτου
1178 901 1804 981 προσκατηγορουμένου
1864 898 1998 955 διεί-

342 995 568 1067 ληπται.
625 997 636 1007 ’

417 1085 502 1139 ια’.
533 1087 649 1140 Ἵνα
680 1082 738 1140 δὲ
765 1084 861 1140 κάν
914 1090 1032 1148 ταῖς
1093 1086 1226 1158 μετᾶ
1278 1083 1484 1158 τρόπου
1542 1079 1859 1158 προτάσεσιν
1920 1078 1996 1141 ὡς

342 1169 461 1228 δέον
493 1175 529 1242 ἡ
578 1171 848 1251 ἀπόφασις
894 1173 1133 1248 γίνηται,
1164 1177 1242 1244 τῷ
1289 1172 1479 1248 τρόπῳ
1523 1169 1840 1224 συντακτέον
1896 1167 1995 1236 τὴν

342 1259 588 1339 ἄρνησιν.
648 1267 754 1317 Τοῦ
807 1262 930 1339 γὰρ,
993 1259 1308 1338 Ἐνδέχεται
1385 1258 1678 1336 Σωκράτην
1743 1255 1997 1334 βαδίζειν,

341 1350 610 1430 ἀπόφασίς
688 1350 797 1407 ἐστι
845 1352 928 1422 τὸ,
979 1351 1088 1407 Οὐκ
1153 1349 1428 1427 ἐνδέχεται
1486 1347 1782 1426 Σωκράτην
1847 1343 1998 1423 βαδί-

349 1447 480 1512 ζειν.
513 1443 584 1497 Τὸ
634 1439 712 1513 δὲ,
759 1439 1069 1519 Ἐνδέχεται
1128 1443 1428 1518 Σωκράτην
1490 1441 1566 1514 μή
1631 1435 1888 1516 βαδίζειν,
1943 1437 2004 1491 ἐκ

346 1530 678 1605 μεταθέσεως
767 1532 877 1587 ἐστι
940 1532 1260 1610 κατάφασιςο
1341 1529 1610 1607 ἀπόφασις
1678 1525 1736 1582 δὲ
1806 1526 2003 1581 τούτου

341 1620 424 1693 τὸ,
458 1620 569 1676 Οὐκ
600 1619 882 1697 ἐνδέχεται
913 1619 1209 1697 Σωκράτην
1251 1620 1326 1694 μὴ
1366 1617 1626 1696 βαδίζειν.

420 1799 510 1874 ιβ’.
572 1798 783 1854 Γίνεται
833 1800 928 1872 μὲν
980 1800 1085 1875 γὰρ
1134 1797 1403 1876 ἀπόφασις
1455 1795 1542 1851 ἐπὶ
1583 1800 1689 1851 τῶν
1738 1793 2000 1849 τοιούτων

1703 390 2054 456 EPITOME
2095 393 2404 456 LOGICA.

1675 524 1993 602 κατάφασις,

2132 526 2444 584 Lfﬁrmatio.
2477 530 2554 582 At
2582 542 2652 583 ex
2679 523 3137 598 transpositione
3178 521 3488 580 afﬁrmatio
3518 526 3626 590 est,
3657 522 3762 579 So-

3643 387 3766 449 926

2109 622 2298 672 crates
2328 622 2417 672 est
2449 633 2565 672 non
2595 616 2768 672 homo
2799 615 3209 689 philosophus,
3242 614 3435 669 albus.

2180 725 2266 779 10.
2299 725 2600 790 Quomodo
2634 724 2816 796 igitur
2861 724 2920 778 in
2971 720 3472 796 propositionibus
3516 736 3586 775 ex
3615 719 3759 774 sub-

2097 813 2254 884 jecto
2285 817 2341 869 et
2375 814 2704 885 praedicata,
2748 815 2850 869 sed
2901 817 2958 868 et
3012 813 3072 867 in
3131 809 3631 883 propositionibus
3689 824 3758 863 ex

2104 903 2274 959 tertio
2305 902 2690 976 appraedicato
2723 904 2824 959 ﬁat
2854 901 3084 974 negatio
3115 901 3506 972 disceptatum
3539 900 3646 953 est.

2178 1083 2266 1138 11.
2292 1082 2367 1138 Ut
2391 1086 2586 1138 autem
2618 1082 2792 1138 etiam
2845 1083 2902 1137 in
2958 1079 3464 1153 propositionibus
3508 1073 3755 1133 modali-

2107 1173 2220 1228 bus
2250 1172 2482 1244 negatio
2513 1173 2634 1244 ﬁat,
2669 1171 3168 1244 quemadmodum
3211 1171 3458 1241 oportet,
3492 1164 3762 1238 negativa

2111 1261 2399 1334 particula
2423 1262 2595 1317 modo
2623 1261 3035 1332 conjungenda
3056 1263 3164 1315 est.
3189 1259 3378 1328 Hujus
3408 1257 3588 1324 enim,
3613 1254 3760 1310 Con-

2109 1350 2285 1422 tingit
2331 1351 2628 1406 Socratem
2681 1347 3005 1418 ambulare,
3039 1346 3270 1419 negatio
3301 1349 3409 1414 est,
3441 1345 3568 1399 Non
3622 1359 3764 1398 con-

2110 1439 2286 1513 tingit
2313 1439 2612 1495 Socratem
2644 1436 2964 1493 ambulare.
2999 1441 3073 1491 At
3108 1435 3191 1502 τὸ,
3226 1434 3526 1506 Contingit
3556 1433 3763 1489 Socra-

2110 1534 2230 1586 tem
2261 1546 2376 1585 non
2410 1527 2733 1593 ambulare,
2765 1525 3078 1582 afﬁrmatio
3123 1529 3214 1581 est
3260 1542 3329 1580 ex
3359 1521 3766 1595 transpositio-

2112 1636 2185 1675 ne
2219 1635 2231 1674 :
2266 1620 2435 1690 cujus
2456 1616 2686 1690 negatio
2716 1619 2827 1684 est,
2849 1616 2976 1672 Non
3004 1614 3290 1686 contingit
3315 1614 3614 1670 Socratem
3644 1628 3762 1668 non

2113 1707 2438 1764 ambulare.

2188 1801 2273 1854 12.
2303 1799 2396 1854 Fit
2424 1797 2580 1854 enim
2603 1795 2906 1869 negatioin
2924 1793 3215 1866 ejusmodi
3243 1790 3768 1864 propositionibus,

344 1889 687 1962 προτάσεων,
740 1889 829 1943 καὶ
876 1893 957 1961 τῷ
1011 1886 1122 1943 ἔστι
1172 1884 1632 1962 συμπλεκομένης
1685 1892 1787 1954 τῆς
1844 1884 2006 1960 ἀρνή-

2132 1889 2166 1945 si
2201 1889 2380 1945 etiam
2407 1888 2582 1942 verbo
2614 1890 2692 1942 est
2719 1883 3099 1940 inﬁciationis
3116 1881 3405 1955 particula
3425 1879 3768 1954 applicetur,

347 1999 504 2050 σεως,
555 1976 682 2033 ὅταν
733 1977 863 2033 αὐτὸ
915 1975 982 2046 δὴ
1032 1978 1095 2033 τὸ
1144 1973 1221 2032 ἔτι
1271 1971 1640 2050 λαμϐάνωμεν
1697 1975 1815 2029 κατ’
1862 1972 2003 2047 ἐνέρ-

344 2087 490 2144 γειαν
523 2066 576 2121 ἐν
607 2072 730 2129 ταῖς
789 2066 1064 2129 τοιαύταις
1118 2065 1406 2140 προτάσεσι
1462 2065 1699 2126 τιθέντες
1755 2083 2008 2139 πραγμα-

345 2160 513 2218 τικῶς
557 2157 634 2230 μὴ
670 2155 855 2229 μέντοι
891 2156 1054 2230 μόνον
1113 2159 1456 2217 συννοοῦντες
1515 2152 1665 2208 αὐτό·
1715 2154 1828 2207 οἷον
1880 2150 2004 2207 ὅταν

347 2246 410 2300 οὐ
442 2245 711 2322 λέγωμεν.
755 2245 989 2301 Δυνατὸν
1035 2245 1129 2300 τὸν
1165 2243 1460 2320 Σωκράτην
1511 2241 1854 2322 φιλοσοφεῖν,
1879 2239 2007 2297 ἀλλ’

347 2332 497 2404 ὅταν,
531 2333 765 2390 Δυνατόν
821 2334 930 2390 ἐστι
981 2335 1074 2389 τὸν
1139 2332 1434 2409 Σωκράτην
1491 2329 1832 2410 φιλοσοφεῖν.
1867 2329 2004 2385 Ταύ-

345 2445 447 2494 της
503 2425 608 2501 γᾶρ
667 2430 771 2494 τῆς
827 2425 1176 2502 καταφάσεως
1232 2421 1499 2500 ἀπόφασις
1553 2420 1643 2476 καὶ
1682 2423 1740 2492 ἡ,
1776 2419 2004 2474 Δυνατόν

346 2512 456 2567 ἐστι
505 2514 597 2568 τὸν
660 2512 960 2589 Σωκράτην
1019 2512 1360 2591 φιλοσοφεῖν·
1403 2510 1492 2566 καὶ
1524 2512 1585 2580 ἡ,
1618 2509 1848 2564 Δυνατὸν
1910 2508 2010 2563 οὐκ

346 2599 458 2656 ἔστι
497 2602 588 2657 τὸν
651 2603 949 2679 Σωκράτην
996 2601 1332 2680 φιλοσοφεῖν.
1383 2597 1559 2657 Ἀλλὰ
1613 2604 1856 2675 κρεῖττον
1916 2597 2007 2652 καὶ

346 2690 743 2770 ἀσφαλέστερον
772 2693 835 2747 τὸ
866 2691 1001 2746 κατὰ
1052 2688 1226 2753 πάσας
1279 2690 1378 2752 τὰς
1419 2687 1722 2767 ἆποφάσέις
1783 2687 1835 2742 ἐν
1887 2692 2006 2749 ταῖς

353 2781 487 2856 μετὰ
540 2780 748 2858 τρόπου
797 2780 1091 2857 προτάσεσι
1138 2779 1448 2855 προτιθέναι
1505 2781 1604 2832 τοῦ
1658 2775 1866 2851 τρόπου
1910 2776 2009 2844 τὴν

351 2866 598 2948 ἄρνησιν·
635 2867 730 2925 εἴτ’
761 2868 1004 2946 ἔχουσιν,
1041 2865 1136 2923 εἴτ’
1185 2868 1284 2923 οὐκ
1329 2865 1518 2944 ἔχουσι
1565 2866 1628 2921 τὸ
1679 2863 1788 2921 ἔστι
1845 2885 2012 2942 προσ-

349 2959 621 3032 κείμενον’
673 2960 762 3015 καὶ
812 2965 932 3032 τῆς,
985 2957 1213 3013 Δυνατόν
1257 2956 1366 3012 ἐστι
1426 2954 1721 3033 Σωκράτην
1789 2954 2013 3032 φιλοσο-

353 3054 493 3128 φεῖν,
523 3049 874 3128 καταφάσεως
924 3047 1191 3126 ἀπόφασιν
1240 3045 1443 3102 τιθέναι
1492 3047 1614 3118 τὴν,
1664 3044 1737 3100 Οὐ
1787 3042 2008 3100 δυνατόν

354 3138 464 3194 ἐστι
533 3137 831 3215 Σωκράτην
895 3135 1234 3217 φιλοσοφεῖν.
1285 3134 1558 3198 Ὡσαύτως
1609 3132 1668 3189 δὲ
1714 3134 1847 3188 κάπὶ
1900 3137 2009 3188 τῶν

353 3225 542 3283 ἄλλων
571 3231 680 3283 τῶν
709 3226 918 3302 ὁμοίων
951 3232 1150 3282 ποιεῖν.

427 3335 516 3410 ιγ’.
550 3335 636 3390 Ἐν
697 3332 756 3390 δὲ
803 3338 924 3396 ταῖς
981 3333 1274 3410 προτάσεσι
1320 3331 1389 3387 τὰ
1440 3331 1679 3406 ὀνόματα
1731 3330 2010 3404 μετατιθέ-

353 3445 490 3498 μενα
546 3423 639 3478 καὶ
690 3425 759 3479 τὰ
830 3422 1051 3500 ῥήματα
1114 3421 1278 3478 ταυτὸ
1337 3420 1589 3495 σημαίνει
1645 3417 1736 3475 διὰ
1789 3418 2012 3482 παντός.

351 3513 483 3588 Περὶ
519 3513 614 3587 μὲν
645 3513 750 3588 γὰρ
806 3513 869 3568 τὸ
923 3508 1192 3589 εὔρυθμον
1247 3511 1338 3565 καὶ
1395 3511 1558 3588 σαφὲς
1615 3516 1716 3580 τῆς
1771 3508 2011 3584 ἀπαγγε-

352 3601 478 3666 λίας
529 3601 636 3658 οὐκ
689 3600 888 3678 ὀλίγην
939 3599 1204 3680 διαφορὰν
1235 3603 1271 3670 ἡ
1300 3598 1487 3655 τοιάδε
1539 3599 1688 3673 τάξις
1732 3603 1841 3654 τῶν
1899 3597 2016 3652 ὀνο-

358 3692 544 3764 μάτων
607 3691 698 3746 καὶ
771 3694 878 3747 τῶν
947 3690 1209 3766 ῥημάτων
1277 3688 1582 3766 ἐργάζεται’
1639 3687 1765 3764 περὶ
1842 3684 1900 3742 δὲ
1953 3687 2017 3742 τὸ

353 3775 756 3854 σημαινόμενον
801 3778 930 3835 οὐδὲ
971 3779 1096 3854 μίαν
1146 3784 1296 3834 ποιεῖ
1333 3780 1432 3848 τήν
1488 3775 1814 3854 ἐναλλαγήν.
1846 3777 2018 3832 Ταυτὸ

354 3870 456 3946 γὰρ
515 3869 769 3943 σημαίνει
835 3869 900 3924 τὸ
952 3867 1144 3940 εἰπεῖν,
1205 3869 1389 3922 Ἔστιν
1449 3864 1726 3940 ἄνθρωπος
1788 3863 2018 3938 δίκαιος,

355 3959 469 4031 καὶ,
521 3960 676 4013 Ἔστι
725 3956 934 4019 δίκαιος
985 3955 1288 4033 ἄνθρωπος,
1317 3957 1429 4029 καὶ,
1465 3955 1684 4018 Δίκαιος
1738 3955 2018 4029 ἄνθρωπός

360 4045 494 4118 ἐστι,
526 4046 638 4125 καὶ,
671 4044 996 4122 ’Ἄνθρωπός
1023 4044 1134 4101 ἐστι
1168 4043 1398 4106 δίκαιος.

433 4132 516 4190 ιδ’.
551 4134 707 4190 Οὕτω
739 4132 798 4190 δὲ
824 4135 915 4190 καὶ
948 4136 1236 4212 ἄρνητικον
1299 4133 1512 4210 μόριον,
1550 4133 1684 4207 μετὰ
1737 4137 1833 4187 τοῦ
1889 4132 2021 4209 ὅρου

359 4225 406 4295 ᾧ
491 4224 829 4295 συνέζευκται
941 4222 1383 4298 μετατιθέμενον,
1486 4224 1648 4277 ταυτὸ
1746 4221 2024 4295 σημαίνει.

355 4315 529 4369 Ταυτὸ
588 4315 695 4390 γὰρ
773 4323 915 4369 ἐστιν
991 4312 1182 4385 εἰπεῖν,
1242 4312 1353 4367 Οὐκ
1403 4309 1544 4366 ἔστιν
1600 4311 1885 4384 ἅνθρωπος
1940 4307 2023 4364 δί-

357 4422 538 4476 καιος,
588 4402 702 4475 καὶ,
754 4401 864 4457 Οὐκ
932 4397 1046 4457 ἔστι
1115 4398 1324 4464 δίκαιος
1395 4401 1698 4477 ἄνθρωπος,
1765 4399 1878 4470 καὶ,
1929 4399 2023 4453 Δί-

357 4511 513 4554 καιος
545 4490 832 4569 ἄνθρωπος
879 4490 981 4546 οὐκ
1028 4488 1161 4564 ἔστι,
1200 4489 1316 4559 καὶ,
1372 4490 1694 4567 Ἀνθρωπος
1755 4487 1855 4544 οὐκ
1910 4486 2021 4544 ἔστι

361 4575 596 4643 δίκαιος.

437 4674 514 4727 ιε’.
551 4667 695 4724 Αὐτὸ
750 4668 939 4741 μέντοι
980 4667 1042 4723 τὸ
1090 4666 1378 4743 ἀρνητικὸν
1431 4667 1622 4744 μόριον
1673 4667 2022 4740 μετατιθέμε-
2054 4650 2100 4715 D

363 4778 454 4814 νον
483 4760 602 4814 καθ’
653 4757 805 4830 αὑτὸ,
835 4757 1168 4812 παντάπασιν
1215 4754 1528 4828 ἐξαλλάττει
1584 4755 1682 4818 τὰς
1738 4756 2024 4832 προτάσεις

361 4847 454 4902 καὶ
505 4852 587 4920 τῷ
637 4847 732 4921 μὲν
786 4847 1132 4920 ὑποκειμένῳ
1177 4844 1622 4920 συμπλεκόμενον
1669 4850 1818 4900 ποιεῖ
1870 4844 2029 4899 κατά-

365 4957 522 5012 φασιν
580 4936 634 5007 ὲξ
689 4935 945 5010 ἀορίστου
1003 4934 1385 5008 ὑποκειμένου,
1444 4936 1584 5004 οἷον,
1644 4933 1754 4988 Ούκ
1826 4932 2029 5010 ἅνθρω-

363 5048 464 5090 πος
528 5024 739 5088 δίκαιός
805 5024 936 5080 ἐστι·
969 5029 1048 5097 τῷ
1105 5022 1164 5079 δὲ
1219 5024 1682 5100 κατηγορουμένῳ
1732 5022 2025 5102 κατάφασιν

364 5115 425 5171 ἐκ
480 5114 842 5190 μεταθέσεως,
906 5114 1043 5186 οἷον,
1105 5114 1424 5190 Ἀνθρωπος
1481 5113 1543 5169 οὐ
1610 5111 1814 5177 δίκαιός
1894 5113 2025 5168 ἐστι’

361 5209 442 5278 τῷ
497 5202 557 5260 δὲ
601 5200 1206 5280 προσκατηγορουμένῳ
1264 5202 1554 5282 ἀπόφασιν,
1587 5204 1726 5275 οἷον,
1785 5207 2029 5280 ’Ἄνθρω-

365 5315 469 5357 πος
529 5292 744 5356 δίκαιος
795 5291 896 5348 οὐκ
952 5285 1118 5350 ἔστιν.
1148 5291 1381 5366 Ὁμοίως
1440 5289 1499 5347 δὲ
1553 5291 1643 5347 καί
1697 5313 1808 5346 τισι
1855 5313 2028 5369 προσ-

367 5381 683 5461 διορισμοῖς
741 5379 1213 5457 συμπλεκόμενον.
1279 5382 1398 5438 Ἐπὶ
1456 5381 1559 5456 γὰρ
1599 5386 1716 5455 τοῦ,
1775 5387 1885 5444 Πᾶς
1943 5377 2030 5437 ἅν-

364 5475 584 5552 θρωπος
636 5471 846 5535 δίκαιός
904 5469 1036 5543 ἐστι,
1067 5471 1131 5525 τὸ
1183 5473 1282 5540 τῆς
1342 5471 1624 5548 ἀρνήσεως
1687 5468 1901 5547 μόριον,
1948 5475 2028 5542 τῷ

366 5571 472 5627 πᾶς
527 5561 948 5641 προσδιορισμῷ
1014 5560 1490 5635 συμπλεκόμενον,
1553 5560 1820 5638 ἀπόφασιν
1882 5566 2032 5615 ποιεῖ

364 5655 487 5726 τήν,
549 5654 621 5709 Οὐ
680 5659 787 5714 πᾶς
847 5653 1135 5726 ἄνθρωπος
1203 5648 1412 5712 δίκαιός
1476 5649 1606 5704 ἐστι’
1665 5655 1744 5722 τῷ
1802 5647 1878 5719 δὲ,
1938 5649 2030 5712 Τὶς

370 5741 658 5820 ἅνθρωπος
698 5740 904 5803 δίκαιός
952 5739 1086 5812 ἐστι,
1115 5740 1252 5796 κατᾶ
1308 5740 1401 5795 τὸν
1457 5738 1539 5801 τὶς
1597 5735 2027 5816 προσδιορισμὸν

2115 1995 2250 2034 cum
2283 1977 2565 2032 nimirum
2607 1975 2803 2047 ipsum
2836 1976 2936 2030 Est
2966 1977 3095 2029 acta
3143 1971 3466 2043 accipimus
3495 1969 3556 2025 in
3608 1970 3766 2041 ejus-

2116 2068 2274 2122 modi
2323 2064 2849 2138 propositionibus,
2881 2066 2938 2118 et
2965 2062 3026 2118 id
3075 2061 3270 2132 reipsa
3313 2059 3611 2132 ponimus,
3648 2073 3766 2112 non

2116 2161 2348 2212 tantum
2396 2153 2900 2226 subintelligimus
2931 2170 2943 2209 :
2975 2150 3135 2207 velut
3182 2166 3316 2206 cum
3363 2166 3481 2204 non
3512 2147 3768 2202 dicimus

2116 2245 2400 2302 Possibile
2431 2245 2732 2300 Socratem
2765 2239 3184 2316 philosophari,
3217 2239 3318 2294 sed
3349 2255 3486 2294 cum
3515 2236 3770 2292 dicimus

2117 2333 2405 2390 Possibile
2442 2338 2532 2389 est
2560 2334 2860 2388 Socratem
2908 2328 3330 2402 philosophari.
3365 2327 3554 2398 Hujus
3608 2324 3766 2381 enim

2118 2423 2528 2480 aifirmationis
2549 2422 2702 2478 305
2727 2420 2958 2492 negatio
2980 2423 3069 2475 est
3096 2421 3153 2474 et
3182 2417 3327 2487 haec,
3347 2433 3463 2472 non
3494 2413 3776 2487 possibile

2119 2518 2208 2570 est
2253 2514 2553 2570 Socratem
2598 2508 2998 2583 philosophari
3035 2526 3047 2564 :
3080 2512 3138 2563 et
3165 2507 3286 2562 haec
3317 2523 3432 2561 non
3465 2507 3553 2562 est
3583 2502 3772 2576 possi-

2117 2603 2234 2658 bile
2262 2607 2558 2658 Socratem
2591 2597 3010 2672 pbilosophari.
3044 2596 3157 2651 Sed
3203 2595 3416 2650 melius
3448 2598 3538 2649 est
3565 2597 3623 2648 et
3671 2596 3772 2647 tu-

2118 2693 2238 2748 tius
2267 2692 2330 2747 in
2374 2691 2651 2746 omnibus
2699 2687 3025 2759 negationis
3067 2685 3539 2758 propositionum
3571 2682 3770 2738 moda—

2120 2783 2266 2838 lium
2303 2779 2721 2836 inﬁciationem
2768 2778 2942 2834 modo
2992 2789 3364 2849 praeponere;
3417 2773 3538 2828 sive
3585 2771 3682 2827 ille
3710 2770 3776 2824 τὸ

2119 2871 2222 2927 Est
2251 2871 2548 2941 adjectum
2587 2868 2707 2924 sive
2737 2884 2854 2922 non
2898 2865 3191 2931 habeant;
3225 2867 3282 2918 et
3309 2863 3483 2933 hujus
3513 2861 3774 2916 afﬁrma-

2119 2961 2320 3030 tionis,
2355 2957 2637 3014 Possibile
2668 2960 2757 3013 est
2808 2956 3107 3011 Socratem
3139 2949 3564 3025 philosophari,
3596 2966 3775 3022 nega-

2121 3049 2340 3106 tionem
2377 3046 2734 3103 constituere
2781 3045 2952 3108 hanc,
2987 3043 3113 3098 Non
3146 3039 3428 3113 possibile
3457 3043 3547 3095 est
3576 3039 3776 3093 Socra-

2121 3143 2240 3195 tem
2265 3135 2670 3209 philosophari
2696 3153 2708 3204 ;
2762 3137 2818 3190 et
2845 3133 3048 3189 eodem
3093 3131 3265 3186 modo
3315 3129 3375 3184 in
3406 3128 3537 3184 aliis
3569 3126 3778 3184 simili-

2122 3229 2237 3284 bus
2266 3228 2474 3284 facere.

2198 3336 2284 3391 13.
2317 3339 2494 3390 Porro
2549 3333 2611 3388 in
2665 3329 3172 3404 propositionibus
3221 3325 3461 3383 nomina
3499 3327 3558 3380 et
3603 3323 3782 3379 verba

2124 3425 2174 3481 si
2204 3425 2690 3494 transponantur,
2723 3421 2880 3476 idem
2927 3433 3161 3489 semper
3191 3415 3546 3488 signiﬁcant.
3579 3411 3780 3477 Quoad

2125 3515 2366 3586 quidem
2389 3511 2653 3584 rhythmi
2677 3513 3041 3566 venustatem
3066 3510 3123 3562 et
3151 3503 3630 3578 perspicuitatem
3653 3517 3785 3574 pro-

2126 3601 2405 3674 nuntiati,
2437 3619 2554 3657 non
2586 3600 2857 3671 exiguam
2889 3594 3278 3652 differentiam
3306 3592 3443 3649 talis
3473 3591 3782 3648 nominum

2127 3697 2186 3750 et
2215 3692 2526 3748 verborum
2576 3689 2720 3744 ordo
2763 3689 3041 3743 causatur
3091 3701 3104 3740 :
3157 3688 3216 3740 at
3246 3683 3440 3755 quoad
3489 3679 3784 3754 signiﬁca-

2127 3789 2276 3849 tum,
2309 3778 2538 3834 nullam
2571 3777 2958 3833 mutationem
2992 3771 3191 3829 efﬁcit.
3217 3773 3376 3827 Idem
3408 3769 3565 3826 enim
3597 3767 3786 3840 signi-

2129 3870 2308 3925 ﬁcant
2339 3868 2549 3937 dicere,
2582 3867 2684 3921 Est
2731 3865 2906 3920 homo
2949 3864 3176 3934 justus,
3211 3865 3290 3930 et,
3319 3861 3422 3916 Est
3457 3860 3660 3931 justus
3690 3857 3790 3912 ho-

2131 3975 2249 4030 mo,
2282 3963 2357 4025 et,
2389 3958 2598 4013 Justus
2627 3955 2803 4010 homo
2834 3957 2944 4024 est,
2976 3957 3054 4019 et,
3086 3953 3272 4007 Homo
3305 3955 3394 4006 est
3417 3949 3640 4020 justus.

2204 4139 2290 4192 14.
2325 4139 2411 4191 Ita
2437 4151 2572 4190 vero
2602 4133 2778 4189 etiam
2810 4131 3064 4204 negandi
3107 4128 3398 4202 particula
3421 4144 3553 4183 cum
3585 4124 3786 4181 termi-

2131 4240 2206 4280 no
2237 4223 2330 4278 cui
2361 4223 2677 4292 conjugata
2706 4223 2797 4274 est
2845 4218 2894 4275 si
2941 4221 3384 4289 transponatur,
3415 4215 3573 4272 idem
3603 4214 3787 4286 signi-

2131 4314 2284 4368 ﬁcat.
2322 4312 2480 4366 Idem
2511 4309 2669 4366 enim
2701 4314 2792 4364 est
2837 4308 3051 4379 dicere,
3082 4307 3209 4362 Non
3240 4310 3332 4361 est
3359 4305 3538 4360 homo
3561 4305 3785 4374 justus,

2132 4405 2209 4469 et,
2244 4402 2371 4456 Non
2404 4404 2493 4456 est
2514 4401 2718 4470 justus
2747 4398 2947 4464 homo,
2980 4400 3056 4468 et,
3082 4396 3291 4452 Justus
3323 4394 3500 4450 homo
3531 4409 3649 4448 non
3678 4395 3787 4463 est,

2131 4495 2209 4559 et,
2243 4490 2427 4546 Homo
2461 4506 2575 4544 non
2607 4487 2938 4558 estjustus.

2207 4669 2293 4724 15.
2325 4669 2462 4740 Ipsa
2489 4672 2690 4723 tamen
2708 4663 2962 4738 negandi
2987 4660 3275 4736 particula
3305 4661 3355 4716 si
3388 4677 3490 4732 per
3517 4675 3580 4715 se
3602 4663 3791 4716 trans-

2138 4761 2411 4832 ponatur,
2473 4757 2629 4813 306
2689 4753 3117 4827 propositiones
3193 4751 3431 4806 omnino
3488 4748 3787 4812 immutat,

2137 4852 2196 4902 et
2225 4847 2489 4918 subjecto
2543 4844 2778 4918 quidem
2834 4845 3104 4897 conserta
3151 4837 3602 4907 afﬁrmationem
3650 4835 3790 4891 facit

2138 4951 2206 4990 ex
2236 4936 2466 4989 inﬁnito
2515 4933 2801 5003 subjecto,
2833 4929 3011 4998 velut,
3045 4930 3171 4984 Non
3220 4927 3395 4982 homo
3419 4927 3621 4994 justus
3651 4928 3742 4979 est
3775 4940 3788 4978 :

2138 5024 2450 5096 pra—:dicato
2481 5027 2700 5088 autem,
2732 5019 3187 5077 afﬁrmationem
3212 5015 3654 5086 transpositam,
3679 5013 3794 5069 vel-

2139 5118 2223 5180 ut,
2255 5113 2441 5168 Homo
2484 5115 2575 5167 est
2620 5128 2736 5166 non
2783 5111 2988 5181 justus
3039 5123 3054 5162 :
3103 5105 3491 5178 appredicato
3541 5102 3792 5175 denique

2139 5202 2646 5276 negationemzut,
2670 5202 2850 5255 Homo
2882 5214 2996 5253 non
3028 5200 3117 5251 est
3138 5196 3360 5266 justus.
3395 5191 3585 5249 Simili
3614 5192 3792 5247 ratio-

2139 5309 2212 5349 ne
2254 5292 2434 5348 etiam
2467 5290 2515 5346 si
2547 5289 2847 5362 aliquibus
2876 5283 3440 5358 praedeﬁnitionibus
3469 5280 3796 5354 applicetur

2138 5381 2417 5454 (negandi
2447 5377 2758 5452 particula,
2788 5375 3158 5449 negationem
3194 5372 3373 5443 facit).
3399 5372 3545 5429 Nam
3575 5371 3634 5425 in
3657 5370 3788 5438 hoc,

2139 5469 2342 5527 Omnis
2375 5469 2551 5525 homo
2584 5473 2674 5524 est
2691 5469 2915 5538 justus,
2950 5463 3000 5520 si
3044 5461 3298 5534 negandi
3331 5459 3619 5533 particula
3648 5477 3795 5532 pra;-

2140 5559 2466 5616 deﬁnitioni
2538 5557 2731 5612 omnis
2793 5556 3168 5626 adjungatur,
3227 5550 3597 5624 negationem
3655 5549 3796 5604 facit

2139 5650 2312 5714 hanc,
2347 5648 2470 5703 Non
2517 5647 2709 5702 omnis
2759 5645 2931 5701 homo
2965 5647 3054 5697 cst
3099 5641 3302 5712 justus
3338 5656 3351 5695 :
3386 5639 3521 5694 huic
3571 5643 3791 5706 autem,

2138 5737 2235 5799 Τίς
2275 5737 2539 5810 (aliquis)
2568 5736 2746 5792 homo
2767 5738 2857 5791 est
2875 5736 3097 5806 justus,
3117 5731 3165 5786 si
3190 5731 3361 5802 juxta
3378 5726 3794 5801 praedeﬁnitio-
