4126 6456
361 413 482 477 92⁸1

1620 426 2045 490 NICEPHORI
2088 425 2530 490 BLEMMID/E

3669 417 3784 484 928

369 564 503 604 nem
557 547 774 623 aliquis
819 558 1210 627 componatur
1253 557 1651 629 (inﬁciationis
1702 561 2016 632 particula)

2151 561 2541 632 συντιθέμενον,
2602 557 2867 636 ἀπόφασιν
2941 560 3108 628 ποιεῖ,
3164 553 3287 629 τὴν,
3346 549 3512 616 Οὔτις
3583 554 3782 632 ἂνθρω-

366 640 735 711 negationem
783 643 962 699 efficit
1009 645 1182 714 hanc,
1215 643 1376 709 Οὔτις
1405 651 1543 722 (non
1576 651 1814 722 aliquis)
1843 651 2018 706 homo

366 733 456 785 est
477 729 703 800 justus.

437 817 524 874 16.
557 818 669 875 Sed
700 820 841 891 quia
868 821 929 874 τὸ
959 819 1107 884 οὔτις
1153 825 1278 897 (pro
1311 826 1531 893 nullus)
1563 829 1752 900 magis
1799 833 1888 884 est
1917 845 2018 901 po-

366 905 580 962 eticum
611 911 814 979 (quam
865 912 1208 985 oratorium)
1240 933 1344 987 pro
1374 915 1474 972 illo
1506 918 1661 988 quod
1711 917 2014 973 communi

366 996 500 1050 usui
560 996 844 1055 familiare
922 1005 1030 1070 est,
1095 1005 1420 1059 assumitur
1488 1004 1550 1059 τὸ
1633 1002 1802 1071 οὔτις,
1862 1007 2017 1079 quod

368 1085 651 1157 aqualem
680 1091 760 1157 τῷ
790 1083 936 1150 οὔτις
967 1090 1083 1146 vim
1119 1097 1175 1146 et
1217 1094 1396 1148 robur
1425 1094 1620 1150 habet.
1656 1098 2021 1168 Quapropter

367 1173 428 1230 in
479 1175 586 1230 hac
634 1179 960 1249 negatione,
1009 1179 1070 1234 οὗ
1115 1181 1196 1242 τὶς
1241 1184 1378 1255 (non
1425 1184 1661 1257 aliquis)
1710 1185 1884 1241 homo
1933 1190 2023 1241 est

361 1265 586 1334 justus,
619 1267 912 1337 siquidem
958 1269 1022 1323 τὸ
1055 1270 1117 1324 οὐ
1163 1270 1246 1332 τὶς
1297 1274 1628 1344 proferatur
1671 1280 1911 1330 accentu
1960 1275 2018 1328 in

369 1353 582 1410 ultima
612 1355 856 1428 syllaba,
893 1359 1081 1430 primo
1113 1362 1349 1432 quidem
1382 1364 1713 1419 Graecorum
1746 1365 1880 1419 usui
1911 1365 2020 1418 mi-

368 1459 482 1499 nus
532 1449 736 1501 notum
780 1452 886 1513 est,
920 1452 978 1504 et
1025 1449 1269 1522 insuper
1318 1452 1494 1508 etiam
1546 1455 1736 1526 magis
1784 1453 2022 1508 abusive

369 1531 569 1602 (quam
602 1535 854 1608 proprie)
902 1537 1136 1606 dicitur,
1170 1542 1319 1596 307
1374 1542 1639 1614 nihilque
1687 1542 1919 1597 ﬁnitum
1962 1543 2019 1596 in

370 1622 701 1694 quantitate
757 1625 1074 1696 signiﬁcat.
1134 1629 1350 1686 Verum
1411 1632 1567 1688 enim
1624 1637 1713 1688 est
1770 1632 1899 1697 hoc,
1960 1629 2021 1684 ού

366 1709 450 1770 τὶς
479 1711 617 1782 (non
667 1711 904 1785 aliquis)
937 1715 1110 1772 homo
1153 1719 1355 1789 justus
1399 1725 1508 1785 est,
1541 1737 1673 1775 cum
1721 1721 1768 1775 si
1804 1720 2022 1792 plures,

360 1799 509 1871 justi
559 1802 718 1871 sint;
771 1806 899 1858 tum
951 1805 1001 1860 si
1049 1806 1269 1874 nullus,
1310 1809 1515 1879 justus
1563 1809 1824 1865 exsistat.
1879 1809 2024 1863 Hinc

2135 671 2238 711 πος
2269 647 2474 710 δίκαιός
2508 646 2665 704 ἐστιν.

2203 828 2284 895 ιζ’.
2343 824 2502 885 Ἀλλ’
2551 825 2665 880 ἐπεὶ
2714 826 2777 880 τὸ
2825 823 2972 887 οὔτις
3021 824 3481 898 ποιητικώτερον,
3527 823 3639 878 ἀντ’
3697 823 3784 878 αύ-

2127 921 2223 970 τοῦ
2275 910 2759 990 παραλαμϐάνεται
2826 915 2888 969 τὸ
2938 917 3007 988 τῇ
3066 917 3225 987 κοινῇ
3280 915 3488 988 χρήσει
3548 912 3786 985 σύνηθες,

2127 1004 2190 1060 τὸ
2252 1002 2446 1075 οὐδεὶς,
2482 1004 2615 1080 ὅπερ
2675 999 2790 1079 ἔχει
2843 1005 2942 1072 τήν
3000 999 3119 1072 ἷ’σην
3159 1006 3239 1073 τῷ
3289 998 3442 1063 οὔτις
3489 1000 3671 1076 ἰσχύν.
3704 1001 3790 1056 Διὸ

2127 1093 2217 1148 καὶ
2247 1097 2281 1163 ἡ
2316 1093 2605 1169 ἀπόφασις,
2639 1091 2826 1154 Οὐδεὶς
2869 1090 3155 1168 ἄνθρωπος
3207 1089 3420 1152 δίκαιός
3473 1089 3641 1158 ἐστιν,
3677 1089 3788 1161 ὀξυ-

2127 1183 2302 1244 τόνως
2350 1183 2532 1254 μέντοι
2583 1182 2644 1235 τὸ
2693 1180 2754 1234 ού
2806 1181 2887 1242 τὶς
2938 1178 3374 1258 προφερόμενον,
3416 1183 3639 1254 πρῶτον
3701 1179 3790 1252 μὲν

2128 1275 2197 1345 τῇ
2245 1268 2691 1345 Ἐλληνικωτὲρᾳ
2737 1272 2934 1346 ’χρήσει
2995 1268 3094 1322 οὐκ
3152 1266 3434 1344 ἔγνωσται.
3499 1265 3656 1336 Πλὴν
3707 1267 3791 1322 καὶ

2131 1359 2712 1435 καταχρηστικώτερον
2815 1358 3107 1433 λεγόμενον
3191 1357 3256 1411 τὸ
3332 1355 3396 1410 οὐ
3464 1355 3574 1427 τὶς,
3646 1354 3790 1411 οὐδὲν

2132 1448 2433 1522 ὡρισμένον
2502 1448 2752 1520 σημαίνει
2819 1448 2954 1503 κατὰ
3018 1445 3208 1504 ποσόν.
3256 1445 3500 1515 Ἀληθὶς
3559 1445 3664 1521 γὰρ
3712 1445 3790 1516 τὸ,

2133 1538 2206 1592 Ού
2235 1537 2318 1600 τὶς
2379 1534 2666 1613 ἅνθρωπος
2725 1535 2931 1599 δίκαιός
2992 1535 3122 1607 ἐστι,
3157 1536 3247 1589 καὶ
3294 1533 3576 1589 πλειόνων
3629 1531 3791 1587 ὄντων

2134 1625 2380 1697 δικαίων,
2439 1626 2530 1680 καὶ
2603 1623 2832 1699 μηδενὸς
2915 1622 3128 1682 δικαίου
3206 1624 3582 1700 ὑπάρχοντος.
3645 1625 3791 1686 Ὅθεν

2133 1716 2223 1770 καὶ
2275 1713 2364 1769 διὰ
2411 1716 2511 1783 τὴν
2562 1714 2822 1785 τοιαύτην
2870 1713 3142 1788 ἀοριστίαν
3192 1709 3450 1775 οὐδόλως
3501 1711 3554 1767 ἐν
3603 1713 3792 1788 χρήσει

2130 1805 2193 1860 τὸ
2217 1809 2464 1859 τοιοῦτον
2496 1802 2746 1874 ὁξύτονον
2777 1803 2839 1857 οὐ
2866 1803 2951 1865 τὶς
2981 1802 3208 1877 γίνεται.

369 1888 542 1945 etiam
605 1894 840 1962 propter
889 1894 1246 1964 ejuscemodi
1300 1896 1689 1954 inﬁnitionem
1739 1898 1849 1953 hoc
1879 1896 1941 1950 τὸ
1995 1894 2056 1948 οὐ
2116 1893 2224 1962 τὶς,
2279 1911 2412 1950 cum
2473 1899 2718 1950 accentu
2773 1893 2833 1948 in
2893 1892 3123 1961 ultima,
3158 1907 3543 1964 nequaquam
3601 1890 3660 1946 in
3692 1906 3796 1946 usu

369 1982 476 2033 est.

439 2068 526 2122 17.
559 2067 1066 2130 Quemadmodum
1099 2077 1296 2129 autem
1333 2077 1600 2147 negativa
1630 2077 1938 2148 particula,
1971 2075 2022 2130 si
2052 2077 2099 2141 B

370 2172 474 2228 per
501 2173 564 2211 se
593 2157 832 2228 quidem
881 2166 1322 2234 transponatur,
1357 2182 1425 2220 ex
1471 2166 1601 2222 aliis
1633 2165 1779 2221 alias
1810 2182 2020 2237 propo-

369 2245 614 2302 sitiones
646 2247 825 2303 efﬁcit.
859 2267 870 2303 :
907 2250 996 2304 sin
1031 2257 1226 2307 autem
1269 2271 1402 2310 cum
1439 2255 1725 2326 particula
1758 2254 2022 2327 proposi-

367 2334 565 2402 tionis,
599 2337 691 2391 cui
725 2337 783 2391 in
818 2338 1102 2411 principio
1135 2344 1448 2412 conjuncta
1494 2349 1618 2399 erat
1648 2345 2021 2400 omnifariam

367 2425 810 2495 transponatur,
837 2429 1105 2484 eamdem
1130 2430 1616 2502 signiﬁcationem
1652 2435 1862 2488 retinet
1894 2453 1906 2486 :
1943 2434 2024 2487 ita

368 2529 510 2568 sane
533 2513 711 2569 etiam
742 2517 1230 2586 praedeﬁnitioncs
1263 2521 1311 2575 si
1365 2538 1466 2592 per
1505 2539 1567 2578 se
1597 2523 1835 2593 quidem
1867 2526 2024 2576 tran-

368 2599 667 2658 slocentur
712 2605 1163 2679 prepositiones,
1197 2609 1492 2666 interdum
1540 2615 1802 2666 evertant
1849 2616 1904 2666 et
1957 2628 2022 2665 ex

364 2688 519 2744 veris
549 2689 728 2747 falsas
760 2692 1038 2752 efﬁciant.

441 2797 527 2851 18.
563 2796 665 2851 Sin
717 2815 850 2855 vero
899 2817 1030 2856 cum
1082 2803 1370 2874 terminis,
1407 2805 1624 2877 quibus
1671 2806 1838 2860 initio
1887 2819 2067 2859 con-c

369 2889 534 2940 sertis
565 2886 812 2959 fuerant,
849 2891 1300 2962 transferantur,
1325 2896 1557 2950 easdem
1596 2894 2024 2966 propositiones

369 2976 710 3031 custodiunt
740 2995 752 3031 :
788 2983 874 3044 ut,
906 2979 1111 3036 Omnis
1155 2982 1330 3038 homo
1377 2989 1468 3038 est
1496 2984 1734 3049 animal,
1767 2985 1868 3039 Est
1897 2984 2024 3039 ani-

369 3063 486 3119 mal
513 3065 708 3120 omnis
737 3066 913 3121 homo
946 3084 957 3122 :
997 3068 1177 3124 Homo
1211 3072 1424 3136 omnis,
1460 3072 1677 3127 animal
1710 3078 1798 3128 est
1829 3090 1842 3127 :
1878 3074 2024 3127 Ani-

370 3150 509 3219 mal,
540 3153 734 3208 omnis
767 3155 942 3210 homo
973 3162 1084 3212 est.
1122 3160 1187 3213 Et
1218 3165 1510 3232 quotquot
1540 3161 1672 3217 aliis
1701 3161 1804 3217 illa
1834 3162 2025 3218 modis

365 3242 666 3314 variegare
695 3244 999 3317 contingit.

445 3348 530 3402 19.
565 3349 727 3412 Quod
760 3351 808 3405 si
851 3356 1048 3408 autem
1097 3361 1542 3427 consequentes,
1575 3357 1692 3413 sive
1723 3358 1901 3413 simul
1931 3375 2025 3413 ve-

2206 2072 2285 2140 ιζ’.
2323 2071 2570 2146 Καθάπερ
2632 2067 2689 2124 δὲ
2737 2069 2800 2124 τὸ
2848 2069 3183 2148 ἀποφατικὸν
3238 2063 3463 2144 μόριον,
3509 2068 3627 2121 καθ’
3675 2063 3796 2119 αὐτὸ

2133 2162 2227 2233 μὲν
2295 2159 2731 2232 μετατιθέμενον,
2783 2156 2958 2220 ἄλλας
3005 2158 3057 2228 ἐξ
3117 2157 3304 2213 ἄλλων
3360 2156 3459 2218 τὰς
3521 2153 3798 2228 προτάσεις

2131 2255 2298 2305 ποιεῖ·
2338 2250 2474 2321 μετά
2529 2246 2586 2302 δὲ
2643 2269 2704 2322 γε
2758 2253 2856 2302 τοῦ
2921 2247 3116 2321 μορίου
3174 2253 3275 2315 τῆς
3334 2246 3676 2321 προτάσεως,
3725 2243 3795 2313 ᾧ·

2130 2361 2234 2394 τινι
2282 2335 2772 2412 συμπεπλεγμένον
2825 2337 2893 2405 ἦν
2939 2336 2990 2407 ἐξ
3039 2336 3221 2412 ἀρχῆς
3279 2332 3795 2404 παντοδαπῶς-με-

2129 2429 2502 2500 τατιθέμενον,
2560 2428 2658 2495 τὴν
2720 2425 2886 2494 αὐτὴν
2943 2431 3104 2501 τηρεῖ
3183 2424 3468 2502 πρότασινο
3533 2422 3675 2478 οὕτω
3732 2417 3793 2486 δὴ

2130 2517 2220 2572 καὶ
2271 2519 2323 2572 οἱ
2384 2513 2808 2592 προσδιορισμοὶ
2871 2516 2987 2570 καθ’
3037 2513 3230 2576 αὐτοὺς
3311 2514 3412 2587 μὲν
3479 2508 3793 2586 μεταταττό-

2136 2627 2286 2679 μενοι
2336 2606 2430 2668 τὰς
2484 2604 2770 2680 προτάσεις
2817 2603 2989 2659 ἐνίοτε
3043 2602 3462 2681 ἀναστρέφουσι,
3515 2600 3605 2656 καὶ
3671 2602 3790 2673 ψευ-

2135 2693 2244 2758 δεῖς
2275 2700 2523 2750 ποιοῦσιν
2559 2693 2607 2767 ἐξ
2640 2693 2885 2764 ἀληθῶν.

2209 2804 2298 2873 ιη’.
2335 2801 2483 2860 Μετᾶ
2517 2802 2696 2874 μέντοι
2726 2805 2835 2856 τῶν
2887 2799 3028 2877 ὅρων
3081 2802 3164 2863 οἷς
3206 2799 3255 2873 ἐξ
3300 2801 3490 2875 ἀρχῆς
3543 2793 3796 2852 συνεπλά-

2135 2914 2302 2962 κησαν
2376 2886 2884 2964 μεταϐιϐαζόμενοι,
2944 2890 3038 2951 τὰς
3107 2889 3272 2951 αὐτὰς
3354 2886 3646 2966 προτάσεις
3703 2905 3794 2961 φυ-

2135 2981 2444 3037 λάττουσιν’
2515 2981 2656 3052 οἷον,
2719 2985 2830 3041 Πᾶς
2891 2977 3178 3054 ἄνθρωπος
3240 2978 3384 3046 ζῶόν
3467 2978 3600 3045 ἐστι,
3657 2978 3791 3027 Ζῶον

2133 3078 2237 3132 πᾶς
2270 3069 2552 3147 ἄνθρωπός
2606 3070 2738 3143 ἐστι,
2770 3071 3090 3142 ’Ἄνθρωπος
3139 3074 3242 3129 πᾶς
3290 3063 3435 3136 ζῶόν
3489 3065 3622 3131 ἐστι,
3655 3067 3790 3118 Ζῶον

2134 3167 2238 3223 πᾶς
2270 3158 2554 3236 ἄνθρωπός
2585 3159 2716 3217 ἐστι.
2752 3159 2850 3214 Καὶ
2876 3160 3094 3234 ὁσαχῶς
3126 3155 3318 3220 ἄλλως
3363 3155 3637 3232 ἐνδέχεται
3684 3150 3790 3207 δια-

2134 3249 2356 3305 πλέκειν
2389 3248 2542 3306 αὐτοὶ.

2210 3357 2294 3420 ι()’.
2328 3355 2391 3409 Εἰ
2453 3353 2754 3427 μέλλοιμεν
2830 3351 2888 3408 δὲ
2953 3353 3044 3408 καὶ
3104 3353 3198 3414 τὰς
3276 3347 3789 3416 συνακολουθούσας,

374 3451 508 3492 rum
538 3442 642 3492 aut
663 3435 880 3494 falsum
899 3441 1162 3498 dicentes
1189 3459 1390 3500 omnes
1415 3446 1844 3517 propositiones
1867 3447 2024 3501 inve-

2151 3441 2314 3500 :i’souv
2382 3442 2853 3514 συναληθευούσας
2900 3443 2937 3512 ἢ
2995 3443 3087 3498 καὶ
3156 3437 3609 3516 συμψευδομένας
3667 3433 3798 3511 εὑρί-

376 3523 502 3579 nire
531 3523 826 3595 volumus,
858 3528 960 3583 tali
1011 3535 1246 3585 utemur
1275 3532 1496 3604 regula.
1532 3535 1594 3588 In
1627 3535 1787 3589 omni
1819 3550 2030 3606 propo-

377 3611 588 3669 sitione
621 3630 747 3685 quat
780 3621 882 3671 aut
932 3617 1166 3673 ﬁnitum
1197 3619 1372 3675 habet
1422 3622 1776 3693 subjectum,
1809 3628 1911 3679 aut
1939 3623 2031 3678 in-

377 3701 611 3758 ﬁnitum
638 3721 651 3770 ;
684 3704 838 3760 308
870 3711 927 3761 et
958 3710 1062 3762 aut
1089 3709 1341 3779 simplex
1369 3715 1458 3765 est
1489 3718 1591 3765 aut
1621 3713 1984 3784 transposita
2015 3729 2028 3768 :

377 3795 436 3846 et
465 3792 788 3848 secundum
841 3797 1230 3866 quantitatem
1282 3800 1515 3870 quidem
1549 3806 1652 3856 aut
1683 3802 2033 3858 universalis

380 3883 482 3934 aut
512 3880 901 3954 particularis,
935 3889 1038 3939 aut
1085 3886 1403 3959 singularis
1437 3894 1538 3943 aut
1566 3889 1908 3958 indefinita;
1942 3907 2031 3946 se-

380 3969 641 4025 cundum
673 3971 1016 4040 qualitatem
1047 3991 1180 4030 vero
1211 3981 1312 4032 aut
1341 3979 1691 4034 afﬁrmativa
1723 3986 1823 4034 aut
1855 3996 2034 4052 nega--

381 4058 500 4113 tiva
529 4064 618 4114 est
650 4076 662 4115 :
697 4062 1032 4133 subjectum
1083 4065 1320 4136 quidem
1366 4069 1685 4123 terminum
1737 4070 1795 4122 in
1830 4086 2035 4124 conse-

384 4149 708 4220 quentibus
737 4152 809 4205 ad
843 4169 904 4207 se
934 4152 1182 4209 invicem
1210 4158 1711 4227 propositionibus
1759 4161 2033 4214 eumdem

385 4240 451 4292 ut
481 4242 537 4292 et
565 4238 955 4309 quantitatem
987 4243 1246 4313 ;servari,
1279 4249 1485 4300 caetera
1508 4262 1643 4300 vero
1675 4247 1872 4302 omnia
1903 4264 2034 4302 mu-

382 4326 495 4382 tari
527 4331 769 4398 oportet.

456 4417 548 4471 20.
579 4418 1013 4475 Attendendum
1047 4425 1241 4477 autem
1273 4439 1344 4477 ne
1377 4441 1480 4495 pro
1506 4424 1824 4496 pradicato
1854 4430 2038 4481 totam

388 4506 868 4578 propositionem,
904 4509 1004 4563 sed
1053 4511 1472 4582 propositionis
1524 4518 1748 4585 partem
1797 4515 2044 4587 accipia-

389 4612 544 4652 mus.
575 4596 660 4651 Sit
689 4597 846 4652 enim
880 4602 944 4652 ut
972 4597 1031 4652 in
1062 4599 1368 4671 hypothesi
1403 4600 1724 4674 propositio
1758 4602 1900 4669 haec,
1934 4603 2041 4658 Ho-

391 4701 486 4740 mo
517 4689 605 4741 est
645 4686 868 4755 justus,
902 4692 1132 4758 oportet
1159 4687 1222 4741 τὸ
1275 4689 1473 4758 homo,
1507 4707 1610 4761 pro
1661 4692 1947 4762 subjecto,
1977 4691 2042 4745 τὸ

384 4775 592 4846 justus
617 4780 725 4841 est,
755 4793 861 4848 pro
894 4776 1205 4848 pradicato
1235 4778 1514 4850 accipere.

459 4955 550 5009 21.
598 4953 742 5009 Huic
801 4953 1016 5028 regulae
1067 4955 1116 5010 si
1169 4957 1565 5023 attendamus,
1622 4965 2048 5031 consequentes

395 5045 826 5118 propositiones
856 5061 1062 5100 omnes
1107 5046 1472 5102 inveniemus
1501 5065 1513 5102 :
1549 5047 1708 5103 velut
1737 5049 1796 5104 in
1829 5049 2046 5120 praede-

393 5133 578 5188 ﬁnitis
628 5133 786 5204 huic,
821 5134 1024 5190 Omnis
1071 5135 1243 5190 homo
1294 5140 1383 5191 est
1432 5136 1673 5204 animal,
1727 5155 1854 5208 quae
1904 5139 2046 5193 sim-

394 5221 528 5294 plex
557 5226 648 5278 est
699 5223 1045 5279 universalis
1091 5224 1426 5292 afﬁrmatio,
1459 5225 1583 5280 haec
1612 5230 1702 5281 est
1733 5227 2050 5298 transposi-

392 5311 552 5367 tione
584 5311 933 5368 universalis
983 5314 1216 5383 negatio
1265 5330 1632 5385 consequens
1669 5320 1760 5370 est
1791 5333 1802 5370 :
1837 5315 2048 5372 Nullus

393 5400 567 5455 homo
599 5404 689 5455 est
716 5417 828 5455 non
859 5401 1120 5478 anim'al‘:
1153 5406 1211 5456 et
1240 5401 1376 5458 huic
1422 5401 1673 5472 simplici
1705 5403 2048 5474 particulari

396 5489 798 5557 affirmationi,
831 5474 1284 5561 Aliquis-homo
1317 5497 1404 5546 cst
1435 5490 1842 5564 philosophus,
1873 5494 2049 5564 parti-

397 5577 613 5633 cularis
643 5579 874 5651 negatio
923 5597 992 5635 ex
1028 5581 1498 5652 ,transpositione
1541 5597 1907 5653 consequens
1933 5587 2043 5650 est,

397 5666 524 5720 Non
555 5667 746 5722 omnis
774 5668 950 5723 homo
983 5664 1082 5724 est'
1102 5687 1216 5725 non
1244 5669 1650 5741 philosOphus.

468 5753 558 5809 22.
589 5755 826 5827 Oportet
855 5755 1011 5810 enim
1045 5756 1103 5810 in
1143 5757 1643 5830 consequentibus
1690 5758 2043 5830 propositio-

2142 3555 2283 3589 σκειν
2333 3537 2519 3588 πασῶν
2581 3537 2688 3587 τῶν
2743 3530 3082 3607 προτάσεων,
3133 3531 3317 3586 κανόνι
3374 3529 3612 3602 τοιούτῳ
3661 3544 3794 3602 χρη-

2143 3623 2349 3696 σόμεθα
2395 3622 2572 3693 πάσης
2619 3622 2957 3697 προτάσεως,
2989 3621 3026 3690 ἢ
3067 3619 3374 3694 ὡρισμένον
3426 3618 3663 3694 ἐχούσης
3713 3610 3796 3666 τὸν

2144 3711 2522 3785 ὑποκείμενον,
2572 3710 2607 3779 ἢ
2660 3711 2932 3785 ἀόριστον·
2979 3709 3069 3764 καὶ
3119 3709 3156 3778 ἢ
3219 3706 3402 3778 ἁπλῆς
3465 3704 3630 3775 οὔσης
3676 3702 3712 3770 ἢ
3742 3698 3796 3785 ἐκ

2147 3784 2501 3874 μεταθέσεως·
2552 3798 2641 3854 καὶ
2691 3784 2827 3853 κατὰ
2877 3799 2972 3867 μὲν
3017 3798 3080 3853 τὸ
3129 3798 3297 3852 ποσὸν
3347 3799 3384 3868 ἢ
3417 3794 3654 3852 καθόλου
3709 3784 3793 3891 05:

2144 3912 2244 3960 σης
2347 3891 2571 3966 μερικὴς
2620 3889 2655 3960 ἢ
2707 3886 3024 3964 ἀδιορίστου
3071 3887 3107 3957 ἢ
3153 3887 3243 3941 καὶ
3295 3887 3621 3941 καθέκαστα·
3671 3886 3796 3966 κατὰ

2145 3977 2202 4033 δὲ
2247 3979 2310 4033 τὸ
2358 3964 2516 4032 ποιὸν
2558 3978 2593 4046 ἢ
2625 3984 2995 4055 καταφατικῆς
3039 3977 3075 4045 ἢ
3126 3975 3494 4054 ἀποφατικῆς·
3546 3970 3656 4046 χρὴ

2149 4068 2242 4140 μὲν
2304 4066 2658 4139 ὑποκείμενον
2736 4064 2863 4142 ὅρον
2939 4064 3300 4142 φυλάττεσθαι
3355 4064 3450 4118 τὸν
3502 4059 3656 4115 αὐτὸν

2143 4138 2251 4210 τῶν
2330 4138 2842 4209 συνακολουθουσῶν
2916 4138 3195 4223 ἀλλήλαις
3266 4153 3606 4228 προτάσεων,
3660 4138 3794 4198 ἀλλᾶ

2148 4242 2215 4313 δὴ
2287 4243 2377 4298 καὶ
2443 4245 2504 4297 τὸ
2571 4243 2761 4298 ποσόν·
2822 4241 2994 4297 πάντα
3052 4239 3110 4296 δὲ
3166 4242 3235 4296 τὰ
3307 4240 3481 4297 λοιπὰ
3548 4230 3795 4292 ἐναλλάτ-

2144 4335 2345 4389 τεσθαι.

2218 4429 2284 4480 κ’.
2336 4421 2665 4498 Προσεκτὲον
2717 4418 2775 4474 δὲ
2821 4421 2895 4493 μὴ
2945 4417 3156 4474 τελείαν
3209 4413 3505 4492 λαμϐάνειν
3550 4406 3792 4490 πρότασιν

2147 4514 2238 4568 τὸν
2285 4509 2782 4587 κατηγορούμενον,
2832 4507 2978 4563 ἀλλὰ
3030 4509 3194 4583 μέρος
3242 4506 3577 4585 προτάσεως.
3628 4504 3792 4587 ’Ἐστξυ

2149 4603 2249 4678 γὰρ
2301 4601 2376 4663 ὡς
2411 4579 2781 4662 issi-{incessat
2831 4579 3181 4673 πρότασις-ἠ,
3216 4579 3538 4673 Ἀνθρωπος
3589 4579 3792 4678 δίκαιός

2320 4693 2411 4743 Δεῖ
2464 4689 2527 4743 τὸ
2590 4690 2706 4760 μὲν,
2761 4685 3046 4763 ἄνθρωπος
3097 4683 3454 4759 ὑποκείμενον
3505 4668 3792 4763 λαϐεῖν,τό

2076 4813 2120 4876 D
2154 4776 2231 4851 δὲ,
2266 4773 2471 4839 δίκαιός
2526 4757 2658 4849 ἐστι,
2690 4757 3217 4876 κατηγορούμενον-1
3245 4757 3338 4830 καὶ
3399 4773 3478 4847 μὴ
3536 4766 3662 4824 ὅλον
3713 4757 3790 4829 τὸν

2152 4869 2472 4942 ’Ἄνθρωπος
2506 4864 2715 4928 δίκαιός
2747 4865 2881 4937 ἐστι,
2911 4863 3409 4940 κατηγορούμενον.

2226 4936 2328 5012 ita".
2368 4955 2555 5027 Τούτῳ
2582 4959 2662 5026 τῷ
2705 4953 2890 5009 κανόνι
2939 4952 3304 5030 προσέχοντες
3347 4954 3445 5012 τὰς
3492 4936 3794 5038 συγαξεολῖυ·

2159 5044 2356 5108 θούσας
2413 5041 2702 5119 προτάσεις
2765 5028 2993 5103 ἀπάσαςν
3027 5028 3352 5117 εὑρήσομεν·
3393 5039 3505 5093 οῖον
3559 5028 3659 5119 ἐπὶ-
3691 5028 3787 5078 τῶν

2157 5114 2672 5208 προσδιωρισμένων
2731 5134 2826 5205 τῇ,
2883 5134 2996 5191 Πᾶς
3074 5114 3358 5205 ἅνθρωπος
3435 5121 3570 5195 ζῶόν
3643 5114 3786 5208 ἐστιν»

2157 5220 2308 5296 ἁπλῇ
2369 5205 2501 5296 οὔσῃ
2564 5221 2857 5297 καταφάσει
2939 5216 3196 5290 καθόλον,
3255 5220 3290 5287 ἠ
3351 5215 3411 5272 ἐκ
3478 5205 3787 5287 μεταθέσεως

2155 5310 2392 5367 καθόλου
2440 5309 2706 5388 ἀπόφασις
2755 5305 3166 5382 συνακολουθεῖ,
3193 5309 3256 5378 ἡ,
3286 5302 3475 5366 Οὖδεὶς
3529 5297 3787 5388 ἅνθρωπῗς

2156 5401 2219 5455 ού
2288 5400 2422 5469 ζῶόν
2502 5367 2634 5454 ἐστι·
2693 5367 2784 5453 καὶ
2849 5401 2942 5472 τῇ,
3013 5394 3104 5459 Ti;
3150 5367 3785 5482 léiv'tipwrroc_cptlddoié¢

2155 5465 2319 5559 ἐστιν.
2368 5487 2519 5562 ἁπλῇ
2587 5485 2720 5562 οὔσῃ
2767 5465 3062 5564 mairem
3122 5465 3340 5562 μεριδέῇ
3387 5485 3423 5552 ἡ
3469 5465 3532 5535 δέ
3583 5465 3783 5567 "imo?

2157 5601 2295 5641 σεως
2369 5560 2564 5655 μερικὴ
2647 5560 2928 5655 ἀπόφασις·
2996 5560 3406 5646 συνακολουθεῖ,
3456 5570 3514 5639 ἠ,
3577 5560 3646 5617 Οὔ
3689 5560 3782 5609 πᾶς

2156 5666 2439 5741 ἅνθρωπος
2470 5666 2532 5722 οὐ
2559 5664 2859 5744 φιλόσοφός
2889 5665 3023 5721 ἕστιο
3148 5750 3155 5752 _
3425 5747 3434 5752 _
3669 5724 3752 5752 ,βλ

2227 5758 2330 5832 κβΙ·
2377 5757 2495 5831 Χρὴ
2555 5757 2659 5832 γὰρ
2717 5756 2816 5824 τὴν
2878 5754 2975 5828 μὶν
3029 5750 3323 5830 κατάφασιν
3380 5747 3604 5828 γίνεσθαι
3659 5747 3778 5787 απο-
