4126 6430
361 392 482 454 929

1739 387 2094 450 EPITOME
2136 389 2448 451 LOGICA.

3660 401 3782 462 930

361 543 519 602 φασιν
563 521 650 576 ἐπὶ
692 525 800 577 τῶν
860 519 1393 590 συνακολουθουσῶν,
1451 519 1540 574 καὶ
1595 520 1692 588 τὴν
1746 518 2010 596 ἀπόφασιν
2043 519 2100 586 Α
2129 521 2173 573 [ιθ

2144 518 2302 575 Jibus
2334 521 2782 578 afﬁrmationem
2837 523 3075 595 quidem
3116 525 3240 580 ﬁeri
3282 528 3687 600 negationem;
3722 535 3781 587 et

358 611 679 689 κατάφασιν,
735 611 833 679 τὴν
896 607 1075 679 ἁπλῆν
1129 608 1189 663 ἐκ
1244 607 1600 682 μεταθέσεως,
1660 608 1749 662 καὶ
1805 609 1904 676 τὴν
1961 607 2021 664 ἐκ

365 699 695 775 μεταθέσεως
754 698 934 769 ἁπλῆν
970 720 982 733 ·
1041 695 1221 754 τᾶλλα
1276 697 1366 753 καὶ
1434 696 1606 752 πάντα
1659 694 2017 775 φυλάττεσθαι

362 785 756 863 ἀπαράλλακτα
791 807 803 818 ·
867 788 981 840 οἷον
1035 786 1099 840 τὸ
1166 784 1404 841 καθόλου
1484 783 1658 859 μένειν
1728 781 1968 839 καθόλου
2004 831 2016 842 .

360 877 460 931 Καὶ
489 876 553 930 τὸ
607 875 850 952 μερικὸν,
902 874 1143 950 μερικὸνο
1176 874 1238 929 τὸ
1286 871 1813 950 προσδιωρισμὲνον,
1847 894 2017 949 προσ-

363 962 741 1041 διωρισμὲνοψ
799 963 888 1019 καὶ
945 962 1008 1018 τὸ
1068 961 1392 1040 ἀδιόριστον,
1450 960 1778 1036 ἀδιόριστον·
1830 963 1918 1017 καὶ
1957 964 2020 1018 τὸ

363 1052 663 1110 καθὲκαστα
712 1100 726 1126 ,
803 1053 1100 1117 καθὲκαστα
1157 1070 1168 1083 ⁸

362 1142 522 1198 αὐτόν
532 1184 545 1197 .

435 1233 536 1308 κγ’.
597 1233 752 1295 Ὅθεν
809 1234 904 1306 τῇ,
962 1231 1263 1306 Σωκράτης
1323 1227 1530 1292 δίκαιός
1585 1230 1735 1302 ἐστι,
1798 1251 2021 1285 συνακο-

363 1319 625 1392 λουθήσει
656 1323 714 1392 ἡ,
750 1320 1050 1395 Σωκράτης
1080 1319 1142 1374 οὐ
1175 1316 1382 1381 δίκαιος
1416 1317 1516 1373 οὐκ
1546 1315 1678 1376 ἔστι.

434 1407 534 1467 κδ’.
605 1409 706 1463 Καὶ
782 1407 1048 1464 ἀνάπαλιν
1119 1413 1188 1483 τῇ
1226 1453 1241 1478 ,
1299 1409 1619 1484 Ἀνθρωπος
1692 1407 2021 1483 πολυμαθής

363 1499 530 1572 ἐστιν,
561 1502 621 1571 ἡ,
654 1499 977 1574 Ἀνθρωπος
1013 1497 1075 1552 οὐ
1102 1495 1429 1570 πολυμαθὴς
1459 1496 1558 1552 οὐκ
1586 1496 1750 1554 ἔστιν.

436 1589 531 1645 κε’.
565 1585 742 1644 Ἀλλὰ
787 1584 869 1642 δεῖ
915 1586 1159 1656 ἐνταῦθα,
1208 1584 1376 1664 ἤγουν
1427 1587 1480 1642 ἐν
1526 1592 1646 1649 ταῖς
1691 1585 2025 1665 ἀδιορίστοις

364 1677 706 1752 προτάσεσι,
772 1677 1082 1749 μεμνῆσθαι
1129 1675 1293 1752 οὗπερ
1353 1674 1648 1751 εἰρήκαμεν
1707 1676 1968 1753 πρότερον
2008 1695 2020 1707 ⁸

367 1766 449 1822 ὅτι
507 1767 562 1821 αἱ
607 1766 902 1844 ἀποφάσεις
950 1770 1104 1820 αὗται
1153 1764 1252 1820 οὐκ
1312 1763 1730 1838 ἰσοδυναμοῦσιν
1788 1766 2022 1845 ἀναμφι-

1228 1053 1318 1107 καὶ
1397 1053 1460 1107 τὸ
1533 1051 1884 1125 ὑποκείμενον
1957 1053 2020 1106 τὸ

2129 610 2282 663 309
2364 613 2733 683 negationem
2771 653 2785 677 ,
2866 615 3368 685 aftirmationem;
3430 619 3779 690 simplicem,

2126 699 2547 769 transpositam
2575 720 2588 760 :
2623 706 2680 755 et
2699 703 3143 772 transpositam,
3171 704 3503 776 simplicem
3531 732 3544 776 ;
3577 713 3784 764 cmtera

2127 803 2260 842 vero
2319 788 2516 842 omnia
2573 788 2857 846 invariata
2909 793 3124 846 servari
3180 811 3193 848 :
3251 793 3412 848 velut
3456 797 3785 853 universale

2132 892 2370 931 manere
2419 877 2785 947 universale;
2821 879 3192 950 particulare,
3232 883 3604 953 particulare,
3638 903 3784 956 prse-

2130 964 2920 1040 delinitum,pra3deﬁnitium
2943 986 2956 1032 ;
2982 968 3782 1042 indeﬁnitum,indefinitum,

2128 1057 2185 1107 et
2212 1052 2530 1126 singulare,
2560 1055 2893 1128 singulare;
2930 1074 2996 1112 ac
3027 1059 3382 1129 subjectum,
3411 1060 3584 1118 idem.

2200 1234 2289 1288 23.
2324 1233 2485 1288 Unde
2518 1233 2677 1299 huic,
2725 1234 2994 1290 Socrates
3025 1240 3115 1292 est
3155 1237 3382 1308 justus,
3423 1256 3786 1310 consequens

2131 1321 2241 1377 erit
2269 1322 2412 1387 haec,
2445 1323 2710 1379 Socrates
2741 1339 2856 1378 non
2888 1328 2976 1379 est
3005 1342 3123 1380 non
3160 1325 3386 1396 justus.

2201 1412 2293 1466 24.
2327 1413 2396 1467 Et
2417 1410 2675 1466 vicissim
2719 1411 2879 1479 huic,
2917 1414 3096 1468 Homo
3128 1420 3218 1470 est
3247 1414 3604 1489 multiscius,
3637 1419 3783 1488 haec,

2131 1504 2318 1556 Homo
2350 1516 2466 1555 non
2507 1504 2596 1555 est
2625 1517 2741 1556 non
2773 1500 3129 1558 multiscius.

2203 1591 2294 1645 25.
2312 1589 2422 1645 Sed
2437 1589 2533 1644 hic
2562 1589 2843 1644 nimirum
2860 1589 2918 1644 in
2942 1590 3265 1648 indeﬁnitis
3285 1593 3787 1665 propositionibus

2135 1677 2474 1734 meminisse
2505 1681 2733 1749 oportet
2752 1679 2882 1749 ejus
2915 1679 2986 1733 de
3015 1696 3130 1750 quo
3163 1685 3297 1736 ante
3328 1681 3608 1754 diximus,
3630 1688 3786 1757 quod

2133 1769 2223 1823 hae
2255 1766 2592 1840 negationes
2624 1767 2780 1822 haud
2829 1768 3051 1839 absque
3099 1771 3492 1829 controversia
3531 1774 3786 1844 particu-

366 1855 575 1917 λὲκτως
622 1859 742 1917 ταῖς
796 1859 1062 1931 μερικαῖς.
1094 1856 1254 1908 Ὥστε
1301 1857 1358 1924 ἠ,
1393 1855 1717 1930 ’Ἄνθρωπος
1749 1855 1810 1910 οὐ
1849 1855 2022 1910 πολυ-
2053 1883 2103 1949 Β
2135 1856 2173 1912 lt

2144 1857 2358 1912 laribus
2401 1855 2832 1928 aequipolleant.
2890 1857 3078 1920 Quare
3135 1857 3256 1914 haec
3314 1862 3569 1932 negatio,
3601 1863 3786 1920 Homo

370 1946 543 2018 μαθής
603 1943 703 1999 οὐκ
755 1941 899 1998 ςἐστιν
943 1990 956 2015 ,
1020 1938 1288 2022 ἀπόφασις
1347 1943 1446 1997 οὐκ
1499 1943 1741 2020 ἐναργῶς
1799 1966 2024 1999 συνακο-

367 2033 626 2104 λουθήσει
681 2037 776 2107 τῇ,
833 2033 1156 2109 ’Ἄνθρωπος
1211 2030 1540 2105 πολυμαθής
1602 2033 1785 2088 ἐστιν’
1847 2033 1898 2087 ἐν
1944 2039 2022 2105 τῷ

362 2128 518 2196 ποσῷ
579 2121 960 2196 θεωρουμένης
1021 2118 1371 2195 ἐξαλλαγῆς*
1433 2116 1487 2174 εἷ’
1535 2141 1596 2196 γε
1647 2125 1753 2175 τῶν
1816 2123 2022 2191 ἀπροσ-

365 2209 651 2286 διορίστων
712 2211 1027 2288 προτάσεων
1086 2211 1141 2264 αἱ
1203 2210 1297 2283 μὲν
1346 2209 1670 2285 καταφάσεις
1717 2211 2019 2266 ἷσοσθενοῦ-

361 2322 443 2355 σιν
473 2299 938 2376 ὁμολογουμένως
969 2304 1089 2361 ταῖς
1123 2303 1392 2376 μερικαῖς,
1425 2299 1480 2352 αἱ
1512 2296 1558 2354 δ’
1588 2299 1884 2376 ἀποφάσεις
1916 2302 2022 2378 οὐχ

363 2389 537 2453 οὕτως
569 2387 793 2466 ἔχουσαι
827 2386 1126 2466 φαίνονναι.

2136 1963 2250 2002 non
2284 1950 2373 2001 est
2402 1963 2515 2001 non
2559 1945 2914 2012 multiscius,
2947 1947 3017 2001 ad
3076 1947 3247 2016 hanc,
3281 1949 3463 2005 Homo
3515 1957 3606 2007 est
3636 1953 3786 2008 mul-

2131 2036 2358 2102 tiscius,
2419 2035 2720 2091 evidenter
2781 2050 2896 2089 non
2973 2041 3399 2108 consequenter
3457 2055 3470 2093 :
3531 2055 3669 2096 cum
3724 2042 3786 2097 in

2133 2125 2459 2196 quantitate
2496 2122 2770 2178 evariatio
2829 2129 3143 2194 spectetur,
3202 2125 3494 2196 siquidem
3552 2129 3784 2201 imprae-

2133 2213 2508 2268 deﬁnitarum
2539 2212 3006 2284 propositionum
3027 2212 3445 2270 afﬁrmationes
3475 2217 3790 2288 particula-

2131 2303 2295 2358 ribus
2327 2302 2625 2356 communi
2655 2299 2921 2356 omnium
2943 2317 3235 2358 consensu
3266 2303 3552 2376 aequalem
3583 2306 3700 2362 vim
3730 2311 3789 2362 et

2133 2392 2313 2447 robur
2342 2389 2930 2462 babent,negationes
2952 2395 3150 2446 autem
3174 2408 3290 2447 non
3319 2393 3404 2449 ita
3426 2409 3554 2450 sese
3574 2393 3790 2452 habere

2137 2479 2602 2552 conspiciuntur.

1252 2604 1409 2661 810
1438 2605 1643 2661 Tabula
1669 2607 1866 2678 capitis
1895 2609 1985 2678 30,
2016 2609 2086 2666 de
2114 2607 2491 2681 afﬁrmatione
2519 2607 2570 2658 et
2597 2609 2909 2672 negatione.

1230 2729 1916 2806 inpropositionibus‘ex
1957 2735 2210 2806 subjecto
2263 2741 2318 2788 et
2368 2731 2670 2803 praedicato
2699 2728 3108 2796 constantibus,
3163 2731 3275 2802 ipsi
3320 2733 3667 2802 praedicato;
3719 2743 3778 2792 ut

369 2805 441 2862 Ut
483 2803 582 2859 fiat
625 2802 884 2874 negatio,
915 2801 1120 2871 adjun-

440 2876 624 2946 genda
638 2882 720 2931 est
734 2874 979 2945 negandi
997 2889 1122 2944 par-

443 2947 618 3003 ticula
642 2961 761 3002 non

1300 2801 1462 2857 Plato
1492 2817 1606 2857 non
1635 2802 1882 2872 disserit,

1301 3014 1436 3070 lare.

1229 3154 1436 3209 praepos

398 3207 653 3285 Negandi
677 3211 954 3284 particula
976 3227 1093 3268 non
1149 3142 1174 3350 3
1303 3211 1436 3275 mal,

1227 3285 1436 3350 postpo:

373 3421 522 3475 811
545 3418 866 3474 Affirmatio
883 3434 950 3474 ex
969 3384 1158 3648 ηοω-ἑ

444 3491 756 3561 spositione
793 3491 1002 3546 dicilur
1033 3490 1116 3545 vel

443 3563 593 3633 quod

444 3491 756 3561 spositione
793 3491 1002 3546 dicilur
1033 3490 1116 3545 vel

1229 2872 1286 2946 in
1323 2873 1802 2946 propositionibus
1826 2892 1893 2931 ex
1920 2875 2083 2931 tertio
2111 2893 2220 2946 app

1230 2944 1314 3017 in_
1349 2945 1829 3015 propositionibus
1885 2944 2233 3014 modalibus,
2295 2947 2490 3013 modo,
2551 2953 2642 3013 ut,
2699 2958 2816 2998 non
2887 2945 3166 3014 contingit
3236 2946 3529 3017 Platqnem
3585 2944 3788 3007 ambu-

2227 2875 2509 2940 raadicato,
2537 2871 2934 2942 apprmdicato,
2968 2879 3046 2947 ut,
3079 2872 3238 2947 Plato
3267 2889 3384 2947 non
3416 2881 3498 2931 est
3527 2878 3713 2947 rudis;

1229 3139 1528 3213 praeposita
1581 3139 1960 3211 appraedicato
2010 3141 2144 3198 facit
2197 3143 2559 3213 negationem
2615 3140 2958 3211 simplicem,
3001 3150 3081 3206 ut,
3126 3140 3295 3198 homo
3348 3159 3468 3200 non
3521 3152 3605 3201 est
3659 3149 3792 3205 ani-

1227 3282 1539 3352 postposita
1568 3282 1700 3338 facit
1729 3281 2165 3340 afﬁrmationem
2197 3301 2265 3340 ex
2298 3283 2759 3354 transpositione,
2793 3289 2874 3352 ut,
2910 3281 3078 3338 homo
3109 3289 3193 3338 est
3216 3299 3335 3340 non
3363 3287 3596 3344 animal.

1233 3378 1479 3452 negandi
1512 3380 1786 3449 particula
1819 3396 1884 3436 ex
1913 3382 2275 3452 apprzedicati
2310 3382 2432 3437 loco
2464 3389 2706 3452 ponatur
2735 3381 2794 3436 in
2825 3381 2949 3436 loco
2982 3380 3290 3450 praedicati,

1233 3467 1333 3519 pro
1362 3451 1524 3506 finito
1556 3453 1858 3520 praedicato
1891 3459 2293 3523 tranSponatur
2323 3454 2636 3520 inﬁnitum,
2669 3453 2830 3509 linito
2860 3452 3101 3518 sublato,

1229 3523 1366 3578 ordo
1396 3523 1818 3596 consecutionis
1845 3524 1916 3579 sit
1947 3525 2322 3595 transpositus
2353 3541 2366 3580 :
2401 3525 2609 3596 quippe
2637 3527 2706 3580 ad
2737 3524 3054 3594 simplicem
3103 3526 3465 3595 negationem
3492 3527 3796 3590 afﬁrmatio

2939 3692 3378 3752 afﬁrmationem
3434 3713 3504 3754 ex
3570 3699 3798 3760 inﬁnito

3011 3764 3286 3838 subjecto,

2939 3834 3378 3914 aflirmationem
3425 3857 3494 3896 ex
3546 3851 3799 3914 transpo-

3012 3907 3216 3985 sitione
3283 3911 3368 3965 vel
3439 3907 3800 3985 negationem

3013 3977 3354 4048 simplicem,

443 3563 593 3633 quod
1127 3563 1149 3648 (
1301 3595 1640 3666 transposita
1665 3597 2051 3666 consequitur,
2084 3563 2384 3653 etEUcoutra.

1503 3693 1729 3748 nomini

463 3873 720 3944 Negandi
758 3872 1034 3942 particula
1142 3836 1168 3944 )
1429 3836 1784 3906 Ρῐωάἱειιιοιιὶ

609 3945 877 4014 adjuncta

1422 4048 1799 4118 appraedicato

1248 4119 1445 4192 signis,
1460 4117 1649 4176 omnis
1668 4127 1720 4174 et
1740 4117 1950 4188 aliquis

2039 3840 2065 4169 ἓ
2371 3909 2507 3965 facit

2940 4048 3378 4124 afﬁrmationem
3451 4053 3796 4124 simplicem,

3013 4122 3370 4191 negationem
3401 4122 3743 4196 simplicem.

1382 4243 1522 4300 Ordo
1551 4243 1946 4300 consecutionis
1969 4239 2426 4311 prepositionum,
2455 4240 2614 4311 cujus
2642 4239 2758 4296 haec
2784 4245 2995 4312 regula.
3062 4262 3067 4267 ·

440 4361 595 4439 3Ῑβ
625 4361 714 4415 Ad
744 4360 1196 4439 afﬁrmationem
1225 4357 1559 4439 simplicem
1584 4370 1998 4439 quamcunque
2024 4354 2298 4439 sequitur
2327 4355 2557 4426 negatio
2570 4357 2968 4430 tranSposita;
3002 4365 3060 4417 et
3088 4369 3291 4419 contra
3321 4366 3390 4420 ad
3424 4367 3798 4439 negationem

367 4433 697 4506 simplicem
729 4433 999 4504 sequitur
1027 4425 1767 4502 afﬁrmatio-transposuit.
1801 4425 2063 4498 Exempli
2092 4425 2278 4498 gratia
2313 4443 2326 4480 :

1720 4541 2132 4616 Afﬁrmationes
2161 4541 2458 4613 simplices.

1589 4668 1792 4724 Omnis
1822 4667 1993 4723 homo
2026 4670 2113 4723 est
2135 4666 2321 4736 justus

2903 4546 3225 4618 Negationes
3263 4554 3626 4624 transpositam

2735 4670 3141 4747 Nullusﬂhomo
3172 4681 3255 4730 est
3289 4692 3404 4732 non
3434 4679 3623 4747 justus

2735 4742 2863 4799 Non
2892 4745 3098 4815 aliquis
3129 4746 3298 4802 homo
3329 4756 3412 4803 est
3435 4742 3560 4805 non
3587 4750 3777 4820 justus

2736 4871 2992 4943 Socrates
3023 4885 3140 4924 non
3171 4877 3253 4926 est
3287 4888 3403 4927 non
3429 4873 3624 4943 justus

2738 4939 2920 4996 Homo
2951 4956 3066 4996 non
3090 4949 3173 4997 est
3203 4958 3322 4999 non
3342 4939 3662 5003 multiscius

2863 5169 3274 5240 Afﬁrmationes
3304 5175 3674 5244 transpositw.

2741 5293 2942 5368 omnis
2976 5298 3143 5368 homo
3173 5301 3260 5352 est
3287 5313 3405 5353 non
3431 5299 3617 5368 justus

2741 5365 2955 5435 Aliquis
2989 5366 3158 5422 homo
3189 5377 3272 5423 est
3305 5385 3420 5425 non
3435 5365 3636 5441 ‘justus

728 4706 1099 4764 Ρτθθδθδθίίδθ
1561 4706 1806 4810 illiilli}
1823 4706 2007 4795 ’ῑιᾌῖῆᾌ
2026 4706 2331 4808 ἒὲἱὲῗιὲἱῖιέ

760 4867 1074 4935 Singularis
1586 4864 1841 4919 Socrates
1873 4869 1956 4918 est
1975 4862 2162 4935 justus

764 4933 1069 4996 Ind’elinita
1587 4935 1771 4991 Homo
1801 4941 1888 4990 est
1915 4933 2237 4990 multiscius

1883 5058 2299 5129 Consequentes.

1765 5165 2097 5236 Negationes
2125 5165 2416 5236 simplices.

737 5329 1111 5387 prmdeﬁnim
1560 5287 1796 5431 ZNullus
1825 5289 1997 5345 homo
2027 5296 2110 5345 est
2133 5289 2324 5372 justus

1590 5361 1810 5430 Aliquis
1841 5361 2010 5417 homo
2040 5368 2126 5416 est
2147 5370 2337 5432 Justus

751 5479 1074 5557 Singularis
1587 5487 1846 5557 Socrates
1875 5500 1995 5542 non
2024 5491 2108 5540 est
2127 5485 2319 5557 justus

759 5551 1068 5609 Indeﬁnita
1591 5555 1771 5614 Homo
1800 5572 1918 5614 non
1943 5563 2027 5614 est
2048 5551 2372 5615 multiscius

2738 5489 3000 5564 Socrates
3029 5499 3112 5548 est
3142 5508 3258 5548 non
3285 5494 3473 5564 justus

2741 5562 2920 5620 Homo
2952 5570 3032 5620 est
3064 5580 3180 5622 non
3210 5562 3529 5625 multiscius
