4126 6434
413 411 527 470 931
1668 410 1714 466 Ν
1725 404 2096 468 ICEPHORI
2139 406 2584 468 BLEMMIDIE
3705 413 3812 473 932

1673 593 2016 649 SYNOPSIS
2054 593 2333 648 CAPITIS
2372 592 2565 649 XXXI.

1447 709 1598 756 QUOD
1637 708 1738 748 EST
1776 709 1847 747 DE
1885 706 2233 748 SYLLOGISMO
2273 709 2338 746 ΕΤ
2375 708 2788 748 CONVERSIONE.

410 847 564 904 313
598 847 648 900 1.
682 845 1081 917 Syllogismum
1137 845 1355 917 deﬁnit.
1381 876 1450 885 —
1475 845 1544 917 2Ἄ
1585 845 1973 917 Deﬁnitionem
2014 843 2255 914 emplicat
2298 843 2596 917 secundum
2640 844 2891 914 singulas
2934 845 3265 917 particulas.
3295 875 3366 884 —
3392 845 3466 917 ,3.
3520 843 3809 917 Occupatio.

480 934 581 988 cur
608 919 668 972 in
697 909 1018 986 deﬁnitione
1043 909 1282 988 ponatur
1307 915 1370 968 τὸ
1402 935 1458 967 σν
1470 909 1704 986 μϐχίνεὶ,
1739 916 1794 970 id
1827 924 1904 970 est
1947 932 2064 970 ever

2186 947 2251 956 —-
2282 917 2333 969 4.
2366 916 2643 986 Epiphora
2693 909 2764 970 e5:
2793 909 2948 986 quot'
2968 923 3020 970 et
3048 915 3248 986 quibus
3294 916 3629 988 syllogismis
3656 909 3808 987 ’ὀμω-

479 987 689 1070 viii):qu
716 986 1124 1070 usurpaturéet
1150 991 1474 1070 primo-pro
1519 993 1627 1070 τοις
1656 995 1898 1070 conserto
1945 1004 2018 1070 ea;
2043 989 2348 1057 przmissis
2374 996 2425 1070 et
2471 988 2841 1070 conclusione,
2875 988 3155 1070 qucrnon
3193 986 3368 1070 etiam
3411 986 3669 1070 deﬁnitus
3708 986 3812 1070 fuit

484 1065 535 1115 et
557 1058 768 1115 duobus
814 1058 1081 1131 exemplis
1128 1059 1461 1115 declaratur.
1495 1091 1562 1098 —
1593 1061 1648 1131 7.
1680 1059 1884 1131 Deinde
1930 1061 2104 1113 etiam
2130 1075 2232 1129 pro
2277 1060 2617 1113 conclusione
2648 1063 2881 1113 tantum.
2917 1089 2984 1099 —
3012 1058 3090 1131 8.7
3119 1058 3445 1129 Syllogismi
3480 1058 3740 1130 simplicis
3763 1068 3810 1115 et

481 1134 763 1202 compositi
809 1130 1130 1202 (li/ferentia
1180 1132 1475 1186 indicatur.
1508 1161 1576 1169 —
1626 1130 1679 1183 9.
1717 1130 1942 1186 Omnem
1989 1132 2416 1201 propositionem
2462 1146 2531 1185 ex
2558 1131 2796 1202 subjecto
2848 1134 2901 1202 et
2938 1130 3236 1200 praedicata
3289 1131 3558 1185 constitui
3602 1147 3670 1186 ex
3711 1136 3808 1185 ter-

482 1201 671 1257 minis.
703 1235 771 1242 —
819 1204 904 1257 10.
941 1205 1214 1271 Quantum
1259 1206 1311 1257 et
1353 1202 1717 1273 prmdicatum
1764 1201 1835 1254 ad
1864 1202 2162 1271 subjectum
2207 1205 2258 1257 et
2283 1203 2589 1272 subjectum
2645 1201 2715 1256 ad
2743 1201 3104 1273 praedicatum
3130 1217 3244 1256 esse
3284 1201 3481 1256 debeat
3529 1204 3589 1256 in
3635 1218 3810 1271 propo-

479 1276 697 1330 sitione.
747 1305 816 1314 ——
869 1275 952 1328 11.
989 1275 1132 1342 Quid
1179 1275 1249 1328 sit
1279 1275 1340 1328 in
1366 1277 1474 1328 toto
1522 1289 1656 1328 esse.
1691 1304 1760 1312 —
1787 1274 1872 1326 12.
1925 1273 2067 1340 Quid
2095 1275 2166 1328 sit
2212 1273 2324 1328 dici
2350 1273 2414 1328 de
2460 1274 2630 1328 omni.
2665 1305 2732 1312 —
2785 1273 2870 1326 13.
2906 1274 3058 1340 Quod
3088 1281 3171 1327 est
3217 1274 3277 1327 in
3319 1277 3432 1328 toto
3482 1289 3591 1328 esse
3619 1278 3667 1328 et
3712 1274 3812 1328 dici

480 1346 545 1400 de
574 1347 724 1400 omni
781 1348 841 1400 in
861 1346 1325 1416 propositionibus
1381 1346 1754 1416 afﬁrmativis,
1791 1344 1934 1398 zdem
1990 1353 2072 1398 est
2116 1360 2227 1399 non
2265 1348 2327 1398 in
2383 1349 2493 1400 toto
2546 1352 2770 1416 esseet
2824 1345 2940 1399 dici
2993 1344 3058 1399 de
3110 1345 3264 1399 nullo
3321 1346 3386 1398 in
3430 1345 3813 1416 gnegativisn-

486 1419 570 1472 14.
607 1417 746 1484 Quid
773 1414 882 1472 non
913 1414 974 1470 in
1003 1426 1106 1472 toto
1135 1433 1267 1472 esse.
1315 1449 1382 1456 —
1415 1418 1502 1472 15.
1535 1416 1673 1484 Quid
1700 1415 1811 1471 dici
1859 1416 1924 1470 de
1949 1417 2125 1470 nullo.
2162 1447 2227 1456 —
2261 1417 2346 1470 16.
2395 1417 2626 1486 Proprie
2666 1415 2844 1470 dictus
2872 1416 3223 1487 syllogismus
3265 1414 3534 1487 simplex,
3567 1417 3812 1471 nimirum

483 1497 610 1560 quot
639 1489 834 1543 habeat
879 1489 1284 1559 propositiones
1312 1505 1409 1543 seu
1454 1489 1788 1558 praemissas.
1820 1517 1891 1560 7—
1920 1487 2006 1540 17.
2043 1487 2327 1559 Quomodo
2376 1487 2467 1543 hae
2517 1487 2954 1558 distinguantur.
2990 1519 3056 1527 —
3107 1488 3192 1543 18.
3230 1488 3364 1543 Utra
3409 1490 3586 1560 major
3628 1503 3811 1559 propo-

482 1559 608 1614 sitio
663 1560 905 1614 dicatur.
937 1591 1004 1600 ——
1036 1561 1123 1615 19.
1185 1561 1321 1616 Utra
1351 1561 1552 1614 minor.
1586 1589 1656 1598 —-
1682 1560 1773 1613 20.
1804 1559 2238 1631 Inﬁcompositis
2291 1560 2623 1629 syllogismis
2661 1573 2788 1631 qua
2835 1560 3140 1629 propositio
3194 1560 3480 1629 analogice
3539 1560 3714 1631 major
3755 1561 3814 1631 et

482 1575 608 1614 snio
663 1575 905 1614 dicatur.
937 1591 1004 1600 —-
1036 1575 1123 1615 ιν.
1185 1575 1321 1616 Utra
1351 1576 1552 1614 minor.
1586 1589 1656 1598 —-
1682 1575 1773 1613 zu.
1804 1575 1871 1612 ιη
1925 1575 2238 1630 compositis
2291 1575 2623 1629 syllogismis
2661 1575 2788 1684 qua
2835 1575 3140 1629 propositio
3194 1575 3480 1629 analogice
3539 1575 3714 1631 major
3766 1575 3812 1613 et

481 1633 665 1686 minor
692 1631 926 1686 dicatur.
962 1662 1030 1670 —
1075 1632 1167 1685 21.
1204 1631 1334 1698 Qua
1360 1632 1663 1702 propositio
1694 1631 1754 1685 in
1801 1630 2116 1701 syllogismo
2145 1630 2401 1700 deterior,
2429 1645 2555 1701 quae
2582 1647 2669 1686 me
2695 1631 2784 1702 ior
2812 1646 2937 1686 cum
2965 1632 3024 1702 in
3056 1632 3369 1698 quantitate
3415 1638 3532 1688 tum
3561 1631 3622 1686 in
3649 1629 3812 1702 quali-

483 1704 654 1758 litate.
686 1733 756 1742 ——
783 1706 873 1756 22.
907 1702 1056 1769 Quod
1098 1701 1424 1758 deteriorem
1465 1706 1683 1772 partem
1732 1705 1994 1774 sequatur
2035 1703 2330 1774 conclusio,
2379 1701 2834 1774 quemadmodum
2879 1701 3196 1758 inductione
3222 1703 3492 1772 probatur
3542 1701 3809 1774 modorum

481 1775 968 1846 syllogisticorum.
1004 1805 1071 1814 —
1102 1775 1258 1829 814
1312 1774 1401 1827 23.
1437 1778 1522 1829 Ea:
1576 1772 1810 1827 duabus‘
1845 1774 2115 1843 negativis
2170 1773 2494 1846 etgduabus
2535 1773 2971 1846 particularibus
3020 1772 3812 1846 prxmissisﬂnullumusyllof

481 1843 720 1914 gismum
747 1847 890 1916 ﬁeri.
936 1876 1003 1886 —
1028 1846 1119 1900 24.
1152 1847 1235 1900 Ad
1275 1846 1573 1900 secundam
1597 1849 1810 1915 partem
1857 1845 2056 1914 capitis
2084 1845 2386 1911 acceditur,
2419 1848 2471 1899 et
2516 1843 2798 1900 conversio
2826 1843 3174 1901 describitur.
3207 1875 3276 1916 έ-
3305 1845 3398 1900 25.
3450 1843 3729 1900 Dividitur
3753 1843 3812 1897 ab

480 1919 700 1989 objecta.
736 1915 804 1958 4—
848 1917 938 1970 26.
974 1918 1082 1971 Per
1132 1918 1511 1987 pra’cisionem
1565 1917 1841 1970 conversio
1891 1917 2261 1970 terminorum
2307 1916 2654 1986 simplicium
2700 1917 2968 1985 tangitur.
2998 1947 3069 1957 —-
3095 1918 3186 1971 27.
3235 1915 3527 1973 Conversio
3576 1916 3816 2041 syllogis-

480 2005 698 2041 morum
744 1988 1070 2041 declaratur.
1103 2019 1174 2027 -—
1225 1991 1315 2041 28.
1350 1992 1415 2041 In
1466 1988 1923 2041 vrovositionibus
1971 2001 2098 2041 auae
2150 1990 2427 2041 conversio
2473 1990 2794 2041 continuem
2841 1992 3060 2041 vocetur
3099 1996 3153 2041 et
3198 2004 3393 2041 auare.
3449 2021 3516 2030 —
3561 1989 3596 2040 2
3637 2030 3648 2040 .
3699 1987 3814 2041 Ouz

479 1987 698 2043 morum
744 1988 1070 2044 declaratur.
1103 2019 1174 2027 —
1225 1991 1315 2042 28.
1350 1992 1415 2042 In
1461 1988 1923 2059 propositionibus
1971 2001 2098 2056 qua
2150 1990 2427 2042 conversio
2473 1990 2794 2057 contingens
2841 1992 3060 2043 vocetur
3099 1996 3153 2044 et
3198 2004 3393 2059 quare.
3449 2021 3516 2030 —
3561 1987 3814 2059 29.,Quz:

481 2061 757 2115 conversio
803 2076 932 2114 cum
962 2061 1424 2130 contrapositione
1454 2064 1506 2113 et
1538 2076 1639 2113 cur
1668 2061 1748 2110 ita
1796 2058 2074 2113 indicatur
2104 2068 2154 2114 et
2184 2076 2347 2131 quam
2395 2059 2503 2114 late
2543 2063 2755 2129 pateat.
2788 2089 2856 2098 —
2885 2061 2973 2114 30.
3009 2061 3143 2129 Qum
3188 2058 3472 2116 cbnversio
3520 2058 3748 2129 simplex
3772 2058 3815 2131 et

482 2132 743 2202 quomodo
792 2131 1108 2201 deﬁniatur.
1142 2129 1208 2171 +—
1239 2132 1327 2185 31.
1359 2132 1587 2185 Docetur
1635 2133 1695 2184 in
1722 2133 1898 2200 specie
1941 2129 2205 2200 quomodo
2250 2132 2642 2202 propositiones
2692 2131 2930 2201 singulae
2959 2139 3370 2201 convertantur,
3403 2139 3456 2187 et
3499 2132 3678 2202 primo
3705 2129 3816 2200 qui-

482 2203 604 2258 dem
648 2202 988 2258 universalis
1034 2203 1402 2273 a/ﬁrmativa.
1435 2233 1504 2242 ——
1532 2203 1621 2256 32.
1656 2202 1805 2269 Quod
1851 2202 2185 2258 universalis
2214 2219 2420 2273 negans
2461 2204 2762 2274 propositio
2793 2205 2853 2257 in
2902 2205 3061 2258 rebus
3091 2204 3532 2274 contingentibus
3559 2218 3668 2257 non
3706 2215 3816 2255 con-

478 2277 726 2330 vertatur
755 2276 816 2330 in
844 2277 1102 2346 seipsam.

2784 2633 3038 2686 ΚΕΦΑΛ.
3093 2630 3220 2687 ΛΑ’.

2467 2718 2598 2793 Περὶ
2633 2715 3009 2793 συλλογισμοῦ
3037 2718 3127 2772 καὶ
3158 2718 3546 2796 ἀντιπροφῆς·

2245 2807 2310 2864 α’.
2345 2803 2729 2882 Συλλογισμός
2780 2805 2890 2860 ἐστι
2941 2804 3127 2882 λόγος,
3173 2805 3223 2860 έν
3274 2807 3320 2873 ᾦ
3365 2803 3619 2869 τεθέντων
3667 2803 3811 2855 τινῶν

1006 2629 1240 2686 CAPUT
1280 2629 1468 2685 XXXI.
2093 2631 2148 2698 Α

780 2719 853 2774 De
889 2719 1207 2790 syllogismo
1237 2728 1294 2774 et
1319 2721 1685 2774 conversione.

481 2809 532 2862 1.
565 2806 953 2879 Syllogismus
976 2812 1066 2862 est
1096 2807 1279 2862 oratio
1302 2808 1360 2861 in
1392 2823 1507 2878 qua
1528 2807 1734 2878 positis
1769 2805 2065 2876 aliquibus

407 2898 567 2956 aliud
601 2897 742 2969 quid
777 2897 848 2951 ab
881 2897 953 2952 iis
985 2914 1112 2968 quae
1173 2897 1362 2969 posita
1400 2902 1541 2952 sunt
1597 2913 1667 2952 ex
1718 2894 2064 2952 necessitate

407 2987 618 3052 evenit,
654 2989 959 3058 propterea
989 2986 1141 3056 quod
1173 2985 1296 3041 haec
1332 2989 1493 3040 sunt.

474 3077 532 3130 2.
564 3073 950 3147 Syllogismus
1014 3074 1171 3130 enim
1212 3079 1300 3130 est
1329 3074 1514 3129 oratio
1544 3091 1614 3129 ex
1645 3073 1981 3129 nominibus
2009 3075 2066 3127 et

407 3164 601 3219 verbis
631 3163 952 3234 composita
984 3179 997 3218 :
1031 3163 1091 3217 in
1128 3179 1245 3233 qua
1301 3179 1445 3218 sana
1501 3163 1784 3230 oratione,
1833 3161 2062 3234 positis,

417 3251 527 3308 hoc
555 3257 664 3323 est,
697 3252 1000 3308 consensis
1033 3251 1330 3323 aliquibus
1360 3252 1504 3322 (haec
1538 3257 1736 3306 autem
1765 3254 1907 3305 sunt
1937 3267 2066 3322 pro-

413 3341 756 3416 positiones)
807 3341 996 3412 quoad
1025 3357 1259 3396 omnem
1309 3341 1716 3396 necessitatem
1759 3340 1906 3396 315
1941 3356 2064 3394 eve-

412 3431 522 3500 nit,
557 3435 866 3503 propterea
885 3430 1037 3500 quod
1070 3429 1160 3484 hac
1190 3429 1412 3485 scilicet
1441 3429 1867 3501 propositiones
1899 3433 2062 3494 sunt,

413 3519 571 3575 aliud
595 3519 732 3590 quid
758 3519 830 3573 ab
851 3519 1138 3589 ejusmodi
1162 3518 1684 3590 propositionibus,
1709 3534 1893 3572 unum
1920 3522 2065 3588 puta

412 3613 468 3663 et
501 3607 752 3677 ﬁnitum,
782 3608 934 3677 quod
967 3612 1057 3662 est
1085 3607 1402 3662 conclusio.

484 3697 537 3753 3.
571 3701 714 3752 Cum
745 3701 940 3752 autem
971 3697 1029 3751 in
1061 3696 1398 3751 definitione
1429 3696 1684 3768 positum
1718 3695 1815 3764 sit,
1865 3713 1934 3751 ex
1963 3713 2064 3750 ne-

413 3786 705 3852 cessitate,
753 3803 824 3841 ne
857 3785 990 3856 quis
1021 3787 1167 3840 forte
1205 3785 1518 3853 existimet,
1553 3785 1611 3840 in
1662 3784 1789 3840 sola
1821 3784 2066 3839 materia

410 3875 743 3930 necessaria
774 3874 1209 3930 conclusionem
1269 3875 1431 3944 sequi
1486 3874 1558 3928 ad
1611 3874 2058 3945 propositiones,

407 3964 471 4017 τὸ
501 3964 1012 4035 evenit,adjectum
1043 3963 1277 4019 est.Hoc
1309 3968 1504 4018 autem
1539 3963 1861 4035 signiﬁcat,
1894 3967 2063 4016 natu-

409 4053 609 4109 raliter
637 4052 1136 4125 propositionibus
1194 4068 1539 4108 concurrere
1578 4050 2063 4123 (conclusionem)

409 4142 518 4198 hoc
549 4147 657 4210 est,
692 4135 1002 4214 cum'ipsis
1033 4143 1122 4214 (ut
1174 4140 1527 4214 etymologia
1556 4141 1737 4196 Graeci
1779 4141 1937 4196 verbi
1969 4157 2065 4196 ex-

409 4233 720 4304 primatur)
747 4231 963 4287 venire.

480 4319 532 4375 4.
566 4320 771 4376 Omnis
802 4321 984 4393 igitur
1009 4320 1258 4392 simplex
1317 4319 1697 4392 syllogismus
1739 4336 1807 4374 ex
1836 4319 2067 4374 duabus

405 4412 636 4465 constat
667 4409 1168 4481 propositionibus
1200 4414 1256 4464 et
1285 4408 1682 4478 conclusione,
1715 4426 1841 4478 quas
1876 4425 1910 4462 a
1940 4426 2068 4481 pro-

406 4497 798 4570 positionibus
857 4497 1086 4553 diversa
1141 4503 1250 4564 est,
1284 4515 1404 4553 una
1459 4502 1517 4552 et
1574 4498 1760 4568 ﬁnita,
1811 4497 1920 4552 hoc
1977 4503 2069 4554 est

407 4586 740 4642 afﬁrmante
794 4585 882 4642 vel
941 4592 1208 4659 negante,
1270 4586 1587 4642 uinversali
1641 4591 1743 4642 aut
1799 4585 2065 4658 particu-

408 4674 538 4732 lari.

475 4765 530 4818 5.
565 4763 906 4820 Necessario
938 4768 1134 4819 autem
1173 4769 1228 4819 et
1277 4763 1758 4838 irrefragabiliter
1813 4765 1874 4820 in
1907 4767 2066 4821 omni

407 4852 656 4907 materia
684 4853 875 4908 evenit
903 4869 916 4920 ;
951 4853 1430 4925 quandoquidem
1489 4855 1646 4909 idem
1677 4858 1767 4909 est
1799 4871 1864 4909 ac
1895 4855 1944 4908 si
1979 4855 2067 4910 di-

408 4943 636 4995 ceretur
666 4956 680 4994 :
715 4939 1012 4995 conclusio
1044 4942 1422 5012 consequitur
1470 4941 1900 5013 propositiones
1951 4960 2066 4998 non

410 5032 646 5099 propter
675 5032 946 5084 naturam
979 5046 1196 5097 rerum,
1243 5031 1346 5086 sed
1379 5034 1614 5103 propter
1641 5029 1899 5102 positum
1935 5048 2068 5103 pro-

411 5116 770 5187 positionum
797 5135 810 5184 ;
845 5135 974 5187 quae
996 5118 1216 5174 scilicet
1246 5119 1676 5191 propositiones
1708 5119 2066 5175 sufﬁcientes

412 5208 552 5258 sunt
577 5193 580 5197 ’
604 5205 677 5259 ad
711 5206 1144 5262 conclusionem
1176 5207 1588 5278 colligendam,
1621 5206 1786 5262 nulla
1841 5207 1956 5262 alia
1994 5209 2066 5273 ad

411 5293 602 5363 ipsam
631 5295 1028 5365 propositione
1059 5297 1410 5368 indigentes.

2171 2892 2352 2970 ἕτερόν
2381 2917 2432 2951 τι
2462 2899 2570 2951 τῶν
2601 2894 2864 2969 κειμένων
2899 2895 2950 2967 ἐξ
2974 2895 3212 2971 ἀνάγκης
3245 2891 3534 2969 συμϐαίνει
3563 2897 3640 2965 τῷ
3665 2892 3814 2944 ταῦτα

2175 2984 2329 3039 εἶναι.

2248 3074 2314 3149 β’.
2358 3072 2534 3148 Λόγος
2584 3074 2688 3149 γάρ
2739 3073 2879 3127 ἐστιν
2935 3074 2962 3127 ὁ
3012 3071 3411 3150 συλλογισμὸς,
3447 3071 3498 3143 ἐξ
3550 3065 3810 3141 ὀνομάτων

2171 3161 2262 3216 καί
2306 3161 2564 3238 ῥημάτων
2617 3160 2988 3236 συγκείμενος,
3042 3161 3094 3217 ἐν
3143 3163 3190 3235 ᾧ
3241 3159 3307 3232 δὴ
3358 3161 3510 3238 λόγῳ
3549 3157 3809 3223 τεθέντων,

2173 3248 2345 3306 εἷίτουν
2393 3249 2846 3326 ὁμολογηθέντων
2876 3255 3039 3306 τινῶν
3095 3253 3283 3323 (ταῦτα
3342 3250 3404 3306 δέ
3462 3249 3562 3304 εἶσι
3619 3239 3806 3321 προτά-

2174 3343 2327 3415 σεις),
2375 3341 2511 3395 κατά
2557 3345 2727 3394 πᾶσαν
2797 3341 3032 3417 ἀνάγκην
3085 3335 3397 3412 συμϐαίνει,
3450 3337 3538 3393 διὰ
3577 3336 3639 3391 τὸ
3694 3331 3810 3386 εἶναι

2168 3429 2366 3492 ταύτας
2425 3427 2490 3498 δὴ
2545 3430 2642 3491 τὰς
2698 3429 2986 3504 προτάσεις
3038 3425 3219 3505 ἕτερόν
3281 3450 3331 3482 τι
3394 3432 3502 3483 τῶν
3561 3419 3806 3479 τοιούτων

2171 3519 2504 3594 προτάσεων,
2534 3517 2589 3572 ἓν
2623 3515 2882 3588 δηλονότι
2934 3518 3024 3572 καὶ
3069 3516 3393 3593 ὡρισμένον,
3438 3515 3569 3590 ὅπερ
3617 3508 3724 3566 ἐστὶ
3757 3503 3812 3558 τὸ

2174 3605 2556 3681 συμπέρασμα.

2241 3697 2306 3771 γ’.
2359 3694 2611 3756 Τεθέντος
2660 3691 2718 3749 δὲ
2763 3699 2862 3750 τοῦ
2909 3693 2962 3766 ἐξ
3010 3695 3249 3771 ἀνάγκης
3301 3695 3354 3750 ἐν
3411 3698 3491 3766 τῷ
3539 3689 3687 3764 λόγῳ
3720 3683 3812 3771 τοῦ

2173 3764 2574 3857 συλλογισμοῦ,
2619 3781 2710 3836 τίνα
2759 3785 2834 3856 μή
2889 3764 2974 3845 τις
3030 3764 3158 3845 ἴσως
3205 3764 3295 3838 έπὶ
3330 3764 3507 3856 μόνης
3563 3764 3812 3832 ὑπολάϐοι

2171 3879 2272 3942 τῆς
2333 3873 2622 3947 ἀναγκαίας
2695 3869 2834 3941 ὕλης
2891 3869 3114 3936 ἕπεσθαι
3173 3873 3237 3928 τὸ
3296 3873 3656 3946 συμπέρασμα
3705 3861 3809 3947 ταῖς

2174 3962 2510 4038 προτάσεσι,
2567 3961 2630 4014 τὸ
2703 3955 2985 4033 συμϐαίνει
3063 3961 3438 4034 προστέθειται
3476 4004 3489 4016 .
3548 3957 3710 4010 Τοῦτο
3761 3941 3812 3998 δὲ

2177 4049 2390 4122 δηλοῖ,
2446 4049 2509 4105 τὰ
2580 4049 2891 4125 συντρέχειν
2965 4055 3203 4127 φυσικῶς
3278 4056 3399 4113 ταῖς
3461 4041 3809 4122 προτάσεσιν,

2173 4138 2340 4218 ἤγουν
2419 4138 2510 4194 σὺν
2588 4137 2776 4202 αὐταῖς
2859 4138 3060 4214 βαίνειν
3097 4185 3111 4211 ,
3172 4140 3247 4202 ὡς
3300 4139 3361 4194 ἂν
3421 4133 3563 4193 εἷ’ποι
3634 4129 3810 4197 ἐτυμο-

2176 4229 2356 4305 λογῶν
2367 4273 2379 4286 .

2248 4303 2309 4374 3'.
2342 4324 2454 4381 Πᾶς
2501 4316 2680 4373 τοίνυν
2729 4315 2937 4379 ἁπλοῦς
2990 4314 3366 4393 συλλογισμὸς
3413 4314 3474 4370 έκ
3519 4303 3808 4400 προτάσεωγ

2176 4406 2481 4463 συνίσταται
2542 4405 2636 4462 δύο
2671 4451 2687 4478 ,
2745 4406 2836 4460 καὶ
2915 4405 3372 4482 συμπεράσματος
3449 4400 3812 4482 ἑτέρουῄπαρα

2172 4498 2269 4559 τὰς
2343 4497 2630 4574 προτάσεις
2708 4490 2865 4557 ὄντος
2899 4541 2913 4566 ,
2975 4495 3092 4557 ἑνός
3161 4515 3222 4550 τε
3293 4494 3386 4550 καὶ
3459 4480 3807 4574 ὡρισμένουλ

2256 4557 2265 4559 -
2389 4557 2397 4574 .
2901 4557 2911 4566 ,
3509 4557 3518 4562 .

2175 4590 2569 4663 καταφατικοῦ,
2624 4585 2896 4639 τουτέστιν
2955 4584 2991 4653 ἢ
3053 4584 3391 4661 ἀποφατικοῦ
3424 4627 3438 4655 ,
3497 4569 3726 4638 καθόλου
3777 4557 3808 4624 ἢ

2181 4681 2424 4752 μερικοῦ.
3593 4750 3605 4761 ⁸
3703 4742 3712 4761 ⁷

2349 4764 2802 4840 ’Πναγκασμένως
2855 4760 2914 4817 δὲ
2955 4763 3045 4818 καὶ
3093 4761 3479 4835 ἀπαραιτήτως
3525 4750 3609 4808 ἐπὶ
3648 4750 3806 4840 “ii”?

2175 4853 2314 4925 ὕλης
2375 4849 2678 4926 συμϐαίνει·
2727 4852 2919 4907 ταυτὸν
2973 4848 3019 4906 δ’
3078 4851 3271 4924 εἰπεῖν,
3329 4836 3725 4937 συνακολουθεῖ
3751 4841 3804 4877 το

2176 4941 2538 5018 συμπέρασμα
2611 4945 2731 5004 ταῖς
2809 4939 3128 5014 προτάσεσιν
3163 4984 3176 5010 ,
3237 4939 3298 4993 οὗ
3359 4935 3451 4992 διὰ
3513 4930 3609 4997 τὴν
3666 4927 3803 5014 φὺσξν

2173 5036 2280 5087 τῶν
2331 5031 2705 5107 πραγμάτων,
2769 5027 2916 5084 ἀλλά
2967 5026 3057 5083 διὰ
3111 5030 3208 5098 τὴν
3259 5026 3400 5082 θέσιν
3458 5024 3564 5076 τῶν
3617 5019 3798 5114 τξροτα·

2177 5141 2334 5176 σεων.
2370 5121 2439 5174 Αἱ
2489 5116 2554 5188 δὴ
2608 5119 2897 5195 προτάσεις
2948 5116 3231 5194 αὐτάρκεις
3287 5116 3388 5170 εἶσὶ
3435 5108 3570 5187 πρὸς
3610 5108 3673 5204 “to,
3698 5108 3801 5204 σονς

2175 5215 2392 5284 αγαγεῖν
2439 5209 2503 5262 τὸ
2551 5191 2934 5284 συμπέρασμα,
2989 5191 3262 5281 μηδεμιᾶς
3309 5203 3486 5273 ἄλλης
3509 5191 3798 5270 προτάσεως

2175 5298 2312 5370 πρὸς
2341 5301 2502 5351 τοῦτο
2536 5293 2807 5368 δεόμεναι.

482 5383 536 5435 6.
570 5346 781 5437 Tdtum
823 5389 924 5439 aut
968 5385 1098 5453 hoc,
1131 5346 1262 5441 dujte
1312 5385 1739 5458 propositiones
1797 5385 2064 5442 videlicet

2219 5346 2313 5449 Γςι,
2345 5390 2512 5440 Τοῦτο
2546 5381 2591 5438 δ’
2633 5346 2788 5452 ῦλον,
2841 5385 2896 5438 αἱ
2942 5381 3037 5438 δύο
3088 5385 3377 5460 προτάσεις
3428 5364 3632 5445 δηλαδῆ

413 5485 546 5523 cum
575 5471 972 5540 conclusione,
1005 5474 1521 5548 syllogismus,hoc
1553 5479 1661 5541 est,
1697 5474 2065 5531 ratiocinatio

411 5564 652 5611 vocatur
708 5560 862 5614 316
912 5565 1064 5631 quod
1118 5581 1186 5618 ex
1233 5564 1521 5635 ejusmodi
1565 5563 2064 5634 propositionibus

412 5658 520 5716 per
549 5646 1006 5720 conclusionem,
1040 5651 1479 5720 ratiocinemur,
1513 5651 1623 5707 hoc
1651 5656 1761 5716 est,
1806 5669 1941 5707 cum
1974 5670 2064 5708 ra-

408 5731 572 5795 tione
601 5735 947 5813 colligamus
977 5739 1038 5798 id
1066 5741 1220 5816 quod
1254 5741 1327 5800 ad
1355 5740 1753 5800 ostensionem
1783 5745 1875 5800 est
1929 5757 2064 5818 pro-

2176 5475 2265 5530 καὶ
2328 5480 2426 5530 τοῦ
2506 5474 2960 5548 συμπεράσματος
3002 5520 3016 5545 ,
3076 5471 3323 5528 καλεῖται
3401 5458 3794 5548 συλλογισμοῗ)

2175 5564 2361 5640 ὅτιπερ
2414 5564 2473 5618 ἐκ
2518 5567 2624 5617 τῶν
2679 5561 2943 5616 τοιούτων
2992 5561 3303 5638 προτάσεων
3351 5558 3439 5614 διὰ
3483 5549 3576 5606 τοὖ
3614 5543 3795 5640 “of:

2176 5620 2448 5731 ράσμέιτος
2494 5650 2974 5728 συλλογιζόμεθα·
3008 5620 3256 5706 τόυτέστι
3305 5644 3596 5731 συνάγοεξεν

2173 5706 2496 5810 ζιῶήςιτὸήεὶς
2552 5706 2712 5817 δεῖξιν
2737 5706 3132 5822 ῗπροκείμενον.
3185 5706 3458 5815 Συλλογὴῑ
3636 5706 3793 5784 λόγων
