4126 6422
322 369 441 431 933

1681 362 2033 425 EPITOME
2077 364 2382 425 LOGICA.

3626 373 3747 436 934

327 498 471 554 ἐστὶν
504 498 533 553 6
563 495 956 574 συλλογισμός.
989 493 1279 571 Πρόκειται
1329 497 1460 587 γοῦν
1488 495 1623 566 ἡμῖν
1654 490 1815 587 ,ἴσως
1873 490 1980 547 δεῖ·
2008 542 2025 587 Α

2146 494 2373 552 asitum.
2405 495 2795 569 Syllogismus
2852 497 3009 554 enim
3041 499 3378 557 orationum
3409 503 3535 574 (seu
3565 505 3741 561 ratio-

329 588 411 659 ξαι
476 588 576 656 τήν
636 584 864 662 λογικὴν
933 585 1119 659 ψυχὴν
1198 581 1522 655 ἀεικίνητον,
1578 580 1667 637 καί
1742 579 1977 657 λέγομεν

330 675 527 739 οὕτως·
570 677 634 732 Ἠ
691 673 889 751 λογικὴ
940 675 1093 749 ψυχὴ
1148 670 1519 741 αὐτοκίνητος·
1568 674 1730 726 τοῦτο
1785 666 1983 747 πρύτα-

333 787 438 827 σις·
511 764 576 820 τὸ
649 762 1001 833 αὐτοκίνητον
1087 760 1416 831 ἀεικίνητον·
1478 760 1632 836 ὲτέρα
1704 759 1987 836 πρότασις,

334 852 564 915 Ταύταις
611 853 703 908 οὗν
747 856 867 909 ταῖς
918 849 1038 906 δυσὶ
1087 849 1406 927 προτάσεσιν
1457 848 1509 921 ἐξ
1548 850 1790 925 ἀνάγκης
1846 850 1992 904 συνέ-

337 962 495 997 πεται
526 942 634 1015 (τὸ)
688 940 1071 1015 συμπέρασμα,
1133 939 1217 994 δτι
1267 941 1304 1010 ἡ
1366 939 1561 1015 λογική
1622 942 1775 1014 ψυχὴ
1824 938 1991 994 ἀεικί-

2092 585 2258 657 nnm)
2291 588 2380 641 est
2410 584 2631 658 sylloge
2654 589 2782 657 (seu
2814 587 3229 660 collectio).Est
3259 589 3543 649 nimirum
3574 596 3747 651 nobis

2091 673 2343 746 exempli
2372 674 2561 747 gratia
2615 676 2982 748 propositum
3039 679 3365 749 ostendere,
3400 681 3746 740 rationalem

2098 762 2355 819 animam
2410 780 2644 835 semper
2672 781 2801 821 esse
2855 765 3163 832 mobilem,
3217 772 3274 823 et
3326 769 3409 824 sic
3440 770 3744 829 dicimus:

2098 852 2312 907 Anima
2369 853 2669 909 rationalis
2700 871 2734 909 a
2764 870 2826 909 se
2858 861 2947 909 est
2976 856 3229 912 mobilis.
3266 857 3383 914 Hoc
3424 866 3513 914 est
3546 878 3761 934 propo-

2103 941 2257 997 sitio.
2313 942 2476 1007 Quod
2530 948 2618 998 est
2648 961 2682 998 a
2711 961 2774 999 se
2833 944 3071 1014 mobile,
3105 950 3195 1001 est
3227 963 3460 1019 semper
3502 951 3716 1008 mobile
3753 969 3766 1007 ε

338 1052 523 1103 νητος.
553 1034 722 1086 Τοῦτο
753 1028 813 1086 δὲ
841 1031 908 1100 ἦν
935 1030 998 1085 τὸ
1042 1028 1117 1091 εἰς
1168 1026 1328 1099 δεῖξιν
1377 1027 1751 1104 προκείμενον.
1786 1026 1996 1089 ’Ἄλλος

2146 1029 2290 1086 itera
2321 1031 2663 1103 propositio.
2686 1033 2770 1089 Ad
2808 1032 2912 1088 has
2947 1033 3128 1106 igitur
3154 1035 3303 1091 duas
3335 1039 3771 1109 propositiones

339 1119 506 1176 πάλιν
538 1117 912 1197 συλλογισμὸς
943 1116 1013 1174 δι’
1045 1116 1107 1173 οὗ
1148 1120 1248 1188 τὴν
1294 1115 1526 1194 λογικήν
1574 1118 1755 1194 ψυχὴν
1804 1117 1996 1172 ἀθάνα-

339 1231 434 1265 τον
484 1206 788 1282 δείκνυμεν.
822 1209 886 1263 Ἣ
938 1207 1134 1285 λογικὴ
1186 1208 1341 1283 ψυχὴ
1395 1205 1721 1277 ἀεικίνητος·
1768 1206 1831 1261 τὸ
1889 1209 1997 1261 άει-

343 1299 587 1369 κίνητον,
647 1297 931 1361 ἀθάνατον·
973 1300 1009 1367 ὴ
1069 1295 1267 1373 λογική
1326 1297 1480 1371 ψυχὴ
1541 1297 1644 1369 ἄρα
1719 1294 2002 1357 ἀθάνατος.

350 1387 462 1443 Μία
513 1386 800 1461 πρότασις,
847 1387 911 1441 Ἡ
969 1384 1171 1461 λογικὴ
1240 1386 1394 1461 ψυχή
1463 1383 1791 1453 ἀεικίνητος·
1853 1384 2009 1460 ὲτὲρα

348 1476 631 1553 πρότασις,
683 1475 754 1529 Τὸ
808 1472 1117 1544 ἀεικίνητον
1164 1473 1446 1529 ἀθάνατον.
1496 1474 1875 1549 Συμπέρασμα
1929 1470 2007 1543 δὲ,

348 1566 413 1620 Ἥ
471 1562 669 1640 λογική
724 1564 879 1639 ψυχή
911 1561 1195 1627 ἀθάνατος·
1261 1561 1394 1639 ὅπερ
1453 1561 1506 1632 ἐξ
1556 1561 1800 1638 ἀνάγκης
1854 1582 2012 1632 συνη-

348 1649 661 1723 κολούθησε
732 1655 852 1713 ταῖς
928 1649 1246 1728 ληφθείσαις
1316 1651 1662 1727 προτάσεσιν,
1719 1647 1903 1728 ἕτερον
1956 1650 2015 1705 ὃν

350 1740 481 1817 παρ’
510 1738 695 1803 αὐτάς.

357 1830 518 1904 quod
549 1834 639 1886 est
666 1846 901 1903 semper
930 1829 1167 1898 mobile,
1201 1834 1291 1887 est
1319 1830 1671 1887 immortale.
1704 1831 2009 1889 Conclusio
2039 1833 2309 1903 denique,
2360 1832 2559 1888 anima
2608 1833 2908 1890 rationalis
2957 1839 3049 1891 est
3088 1835 3440 1895 immortalis

2105 1136 2175 1176 ex
2212 1120 2559 1176 necessitate
2590 1121 2972 1191 consequitur
3001 1123 3299 1180 conclusio
3331 1143 3346 1181 :
3393 1127 3652 1184 animam
3684 1148 3772 1186 ra-

2111 1208 2388 1264 tionalem
2419 1225 2549 1265 esse
2566 1226 2796 1282 semper
2828 1210 3129 1267 mobilem.
3165 1217 3282 1268 Hoc
3313 1219 3513 1271 autem
3544 1225 3670 1273 erat
3700 1220 3775 1275 ad

2114 1297 2511 1354 ostensionem
2525 1299 3183 1371 propositum.Rursum
3200 1301 3351 1359 alius
3365 1304 3773 1379 syllogismus,

2121 1403 2236 1459 quo
2268 1386 2528 1442 animam
2560 1388 2901 1444 rationalem
2934 1390 3329 1447 immortalem
3362 1408 3493 1450 esse
3522 1398 3781 1453 ostendi-

2121 1492 2276 1531 mus.
2310 1476 2520 1532 Anima
2551 1477 2853 1533 rationalis
2884 1485 2976 1533 est
3022 1495 3255 1551 semper
3308 1483 3582 1553 mobilis;
3619 1487 3773 1556 quod

2123 1569 2213 1621 est
2242 1581 2474 1638 semper
2503 1565 2720 1621 mobile
2750 1571 2840 1623 est
2870 1568 3240 1637 immortale;
3275 1587 3412 1644 ergo
3454 1574 3652 1631 anima
3684 1592 3783 1631 ra-

2123 1652 2363 1709 tionalis
2412 1658 2503 1711 est
2562 1654 2933 1711 immortalis.
3011 1661 3139 1713 Una
3196 1660 3541 1733 propositio,
3585 1663 3786 1720 anima

2127 1742 2433 1799 rationalis
2463 1747 2553 1798 est
2580 1760 2815 1815 semper
2843 1744 3098 1802 mobilis.
3132 1748 3402 1805 Secunda
3431 1752 3778 1823 prepositio,

3488 1856 3501 1895 :
3558 1857 3687 1912 quae
3715 1857 3785 1898 ex

358 1920 709 1976 necessitate
738 1920 811 1975 ad
841 1924 1111 1992 sumptas
1141 1919 1572 1993 propositiones
1602 1926 1917 1977 consecuta
1944 1928 2054 1991 est,
2086 1939 2220 1979 cum
2252 1923 2323 1977 ab
2356 1921 2501 1993 ipsis
2533 1921 2764 1978 diversa
2793 1923 2888 1980 sit.

432 2008 492 2076 ζ’.
527 2008 668 2063 Ποτὲ
697 2004 756 2062 δὲ
788 2008 880 2062 καὶ
909 2007 1040 2063 αὐτὸ
1074 2008 1135 2063 τὸ
1183 2005 1547 2085 συμπέρασμα
1597 2006 1845 2064 καλεῖται
1891 2008 2018 2065 συλ-

2192 2013 2247 2066 7.
2278 2010 2716 2083 Nonnunquam
2749 2020 2942 2070 autem
2973 2015 3149 2071 etiam
3182 2015 3310 2087 ipsa
3338 2016 3636 2074 conclusio
3664 2019 3783 2092 syl-

357 2094 652 2172 λογισμὸς,
684 2096 759 2160 ὡς
810 2097 878 2152 τὰ
934 2094 1198 2152 διεστῶτα
1223 2096 1274 2151 ἐν
1315 2101 1434 2159 τοῖς
1490 2095 1702 2173 λόγοις,
1735 2094 1909 2153 εἶ’τουν
1964 2096 2016 2153 ἐν

355 2191 478 2248 ταῖς
535 2185 847 2263 προτάσεσι,
892 2185 1020 2249 τοὺς
1090 2187 1291 2262 ἄκρους
1338 2185 1501 2262 ὅρους
1567 2186 1733 2265 φημὶ,
1791 2185 2021 2262 συνάγον

361 2275 505 2349 ὁμοῦ
535 2275 625 2329 καὶ
656 2275 734 2337 ὡς
777 2272 1038 2352 συλλέγνν
1096 2276 1196 2345 τὴν
1251 2274 1303 2330 ἐν
1353 2282 1483 2330 πᾶσι
1529 2280 1648 2337 τοῖς
1704 2274 1854 2351 ὅροις
1911 2272 2019 2329 διε-

363 2384 504 2439 σπαρ
513 2364 680 2437 μὲνην
713 2361 1008 2436 ἀπόδειξιν.

436 2472 510 2541 η’.
560 2472 618 2525 Ὀ
683 2469 865 2526 τοίνυν
925 2470 1127 2547 κυρίως
1202 2468 1577 2548 ωλλογισμὸς
1627 2472 1655 2525 ὁ
1704 2468 1913 2533 ἁπλοῦς
1966 2470 2026 2525 ἐκ

365 2559 683 2638 προτάσεων
753 2560 1059 2616 συνίσταται
1100 2558 1217 2634 δύο,
1248 2560 1339 2617 καὶ
1395 2566 1494 2617 τοῦ
1542 2562 2020 2636 συμπεράσματος.

370 2651 440 2707 Οἱ
471 2646 529 2704 δὲ
560 2647 803 2705 σύνθετοι
850 2648 1220 2727 συλλογισμοὶ
1270 2649 1331 2705 ἐκ
1385 2649 1653 2706 πλειόνων
1711 2652 2026 2727 προτάσεων

369 2737 696 2816 σύγκεινται.
756 2740 986 2795 Δυνατὸν
1042 2740 1145 2817 γὰρ
1199 2738 1260 2795 ἐκ
1311 2744 1417 2794 τῶν
1467 2738 1773 2817 εἰρημένων
1830 2738 2029 2796 συλλο-

370 2832 607 2904 γισμῶν,
664 2825 755 2883 ἕνα
839 2828 1121 2892 συνθέντας
1208 2829 1397 2885 εἰπεῖν.
1456 2830 1518 2884 Ἡ
1592 2827 1794 2905 λογική
1869 2830 2024 2905 ψυχὴ

371 2916 752 2988 αὐτοκίνητος·
809 2918 874 2973 τὸ
941 2917 1296 2989 αὐτοκίνητον
1364 2917 1690 2989 ἀεικίνητον·
1747 2918 1813 2973 τὸ
1864 2918 2029 2974 ἀεικί-

368 3027 527 3078 νητον
557 3006 840 3063 ἀθάνατον·
873 3010 909 3077 ἡ
943 3006 1146 3083 λογικὴ
1177 3008 1332 3083 ψυχὴ
1358 3008 1463 3084 ἄρα
1489 3007 1772 3071 ἀθάνατος.

443 3276 503 3332 θ’.
537 3279 690 3331 Πᾶσα
744 3273 804 3330 δὲ
857 3274 1117 3352 πρότασις
1166 3274 1219 3346 ἐξ
1278 3275 1637 3351 ὑποκειμένου
1711 3274 1801 3331 καὶ
1857 3296 2025 3345 κατη-

2130 2099 2419 2173 logismus
2468 2101 2615 2156 311
2653 2106 2912 2168 vocatur,
2960 2108 3023 2158 ut
3080 2122 3206 2177 quae
3257 2105 3537 2163 distantia
3566 2108 3627 2163 in
3658 2125 3784 2165 ora-

2134 2189 2394 2245 tionibus
2427 2188 2545 2245 sive
2575 2189 2635 2244 in
2670 2191 3168 2262 propositionibus
3198 2200 3509 2261 extremos,
3541 2195 3786 2268 inquam

2130 2277 2438 2344 terminos,
2466 2279 2527 2334 in
2549 2295 2737 2335 unum
2769 2286 2958 2353 cogat,
2991 2284 3049 2337 et
3069 2281 3397 2354 dispersam
3427 2283 3486 2339 in
3508 2286 3787 2342 omnibus

2132 2366 2400 2423 terminis
2447 2368 3009 2425 demonstrationem
3039 2371 3211 2442 quasi
3242 2371 3504 2445 colligat.

2203 2476 2259 2529 8.
2290 2474 2398 2538 Qui
2426 2474 2607 2548 igitur
2636 2475 2868 2548 proprie
2888 2479 2979 2533 est
3007 2476 3789 2553 syllogismus,nempe,sim-

2134 2563 2286 2635 plex,
2344 2579 2414 2619 ex
2451 2564 2683 2621 duabus
2740 2565 3237 2637 propositionibus
3294 2572 3353 2623 et
3411 2568 3787 2627 conclusione

2135 2652 2535 2708 constituitur.
2559 2652 2668 2717 Qui
2700 2659 2896 2709 autem
2928 2656 3237 2727 compositi
3270 2667 3411 2713 sunt
3439 2658 3789 2732 syllogismi,

2136 2757 2205 2796 ex
2235 2739 2504 2813 pluribus
2560 2741 3058 2814 propositionibus
3118 2750 3416 2801 constant.
3463 2747 3790 2805 Possumus

2137 2830 2295 2886 enim
2325 2847 2394 2885 ex
2422 2830 2597 2886 dictis
2629 2829 2989 2903 syllogismis
3017 2849 3133 2889 uno
3151 2834 3412 2891 confecto
3444 2835 3790 2905 dicere,ani-

2139 2935 2237 2973 ma
2266 2918 2570 2974 rationalis
2619 2924 2709 2975 est
2732 2936 2766 2975 a
2796 2937 2857 2975 se
2888 2921 3123 2978 mobilis
3154 2939 3168 2978 :
3200 2924 3355 2994 quod
3387 2941 3422 2980 a
3454 2942 3517 2981 se
3544 2931 3634 2982 est
3665 2944 3790 2983 mo-

2134 3006 2272 3076 bile,
2305 3012 2393 3063 est
2423 3024 2657 3080 semper
2701 3008 2917 3065 mobile
2949 3026 2962 3064 :
2996 3012 3153 3082 quod
3191 3016 3282 3068 est
3311 3028 3543 3085 semper
3574 3016 3790 3073 mobile

2136 3101 2227 3153 est
2254 3096 2606 3153 immortale.
2637 3097 2787 3170 Ergo
2818 3098 3019 3154 anima
3070 3099 3373 3158 rationalis
3423 3107 3512 3160 est
3539 3102 3788 3161 immor-

2140 3185 2293 3243 talis.

2207 3276 2262 3331 9.
2317 3278 2600 3331 Caeterum
2648 3277 2843 3333 omnis
2907 3278 3227 3350 propositio
3289 3297 3359 3337 ex
3406 3282 3668 3353 subjecto
3733 3288 3793 3341 et

372 3364 710 3441 γορουμὲνου
766 3363 1093 3420 συνίσταται·
1153 3365 1206 3419 οἳ
1268 3364 1424 3439 μόνοι
1500 3366 1590 3420 καὶ
1648 3363 1769 3442 ὅροι
1824 3363 2025 3457 κυρίως

2146 3365 2453 3437 praedicato
2483 3366 2885 3436 constituitur,
2918 3367 3017 3437 qui
3047 3367 3224 3424 etiam
3257 3368 3369 3426 soli
3396 3371 3627 3443 proprie
3674 3376 3792 3429 ter-

375 3451 531 3511 εἷσίν.
562 3452 657 3515 Εἷς
713 3451 910 3516 αὐτοὺς
966 3454 1068 3530 γὰρ
1118 3452 1410 3509 ἀναλύεααι
1440 3456 1475 3524 ἡ
1526 3454 1806 3531 πρότασις,
1848 3453 1925 3516 ὡς
1956 3449 2031 3515 εἵς

376 3562 499 3597 τινα
522 3546 771 3619 στοιχεῖα
796 3541 887 3598 καὶ
916 3542 1138 3617 πρώτας
1170 3542 1364 3619 ἀρχάς.

454 3633 507 3689 ι’.
538 3631 638 3686 Καὶ
695 3631 724 3685 6
785 3633 879 3705 μὲν
939 3631 1415 3708 κατηγορούμενος
1471 3633 1506 3702 ἢ
1571 3631 1768 3706 μείζων
1827 3628 2037 3709 ὀφείλει

383 3718 517 3776 εἶναι
546 3724 646 3775 τοῦ
678 3720 1059 3795 ὑποκειμένου,
1089 3720 1126 3791 ἢ
1160 3718 1292 3783 ἴσος·
1343 3719 1580 3777 ἐλάττων
1642 3719 1700 3776 δὲ
1756 3718 2034 3795 οὐδαμῶς·

382 3806 501 3864 ὁδὲ
568 3831 632 3885 γε
700 3810 1056 3883 ὑποκείμενος
1103 3810 1139 3879 ἢ
1195 3809 1496 3880 ἐλάττωνῆ
1529 3807 1664 3872 ἴσος·
1725 3810 1924 3884 μείζων
1981 3806 2039 3864 δὲ

387 3894 665 3972 οὐδαμῶς.

463 3988 546 4045 ια’.
578 3990 738 4042 Ὅταν
792 3988 888 4061 μὲν
934 3988 1026 4042 οὖν
1081 3986 1143 4043 ἐκ
1193 3992 1292 4043 τοῦ
1349 3987 1706 4062 ὑποκειμένου
1752 3988 1891 4065 πρὸς
1946 3988 2037 4043 τὸν

387 4075 860 4153 κατηγορούμενον
908 4075 1218 4153 ἐρχώμεθα,
1252 4074 1469 4152 λέγεται
1522 4076 1573 4132 ἐν
1619 4074 1757 4151 ὅλῳ,
1790 4077 1864 4139 ὡς
1920 4075 2044 4131 ὅταν

390 4161 651 4239 εἷ’πωμεν·
708 4167 772 4222 Ἡ
842 4164 1042 4241 λογική
1120 4167 1273 4241 ψυχή
1350 4164 1724 4237 αὐτοκίνητοςο
1782 4163 1954 4241 ἤγουν
2003 4167 2041 4235 ἡ

389 4251 588 4331 λογική
621 4255 776 4331 ψυχὴ
809 4253 861 4310 ἐν
891 4254 1051 4310 παντὶ
1087 4258 1169 4326 τῷ
1218 4254 1579 4329 αὐτοκινήτῳ,
1612 4251 1649 4325 ἤ
1680 4253 1731 4310 ἐν
1790 4252 1908 4328 ὅλῳ
1965 4258 2044 4327 τῷ

391 4343 757 4417 αὐτοκινήτῳ.
793 4345 879 4399 Ἐν
907 4341 1024 4417 ὅλῳ
1067 4344 1169 4421 γὰρ
1200 4343 1543 4418 αὐτοκινήτῳ
1571 4346 1607 4414 ἡ
1641 4343 1836 4421 λογική
1888 4346 2041 4421 ψυχὴ

391 4433 468 4496 ὡς
531 4434 694 4510 μέρος
753 4433 882 4493 ἐστί.
934 4434 1135 4490 Ταυτὸν
1194 4430 1253 4489 δέ
1310 4432 1448 4489 ἐστιν
1506 4434 1697 4506 εἷπεῖν,
1729 4436 1793 4488 Ἥ
1845 4431 2043 4511 λογική

390 4523 545 4599 ψυχὴ
597 4521 650 4578 ἐν
694 4521 813 4597 ὅλῳ
862 4527 943 4596 τῷ
996 4522 1354 4596 αὐτοκινήτῳ·
1405 4522 1494 4578 καὶ
1541 4526 1577 4594 ἡ
1629 4522 1829 4599 λογικὴ
1889 4525 2043 4599 ψυχὴ

395 4610 774 4681 αὐτοκίνητος.

2146 3454 2288 3513 mini
2319 3458 2477 3510 sunt.
2512 3454 2574 3509 In
2600 3454 2761 3527 ipsos
2791 3456 2969 3525 enim,
3019 3462 3086 3513 ut
3116 3458 3176 3513 in
3205 3457 3496 3516 elementa
3524 3461 3791 3531 quadam

2144 3546 2202 3598 et
2230 3544 2419 3614 prima
2449 3542 2757 3616 principia,
2790 3543 3120 3601 resolvitur.

2219 3633 2303 3686 10.
2337 3633 2401 3686 Et
2431 3632 2779 3705 praedicatus
2808 3634 3044 3704 quidem
3076 3636 3415 3710 (terminus)
3447 3643 3549 3694 aut
3605 3640 3797 3712 major

2146 3737 2274 3776 esse
2301 3721 2471 3777 debet
2498 3723 2890 3794 subjecto,aut
2917 3723 3178 3795 aequalis,
3199 3743 3573 3799 nequaquam
3598 3733 3796 3785 autem

2146 3811 2359 3865 minor.
2394 3814 2467 3866 At
2494 3828 2630 3867 vero
2662 3813 2987 3884 subjectus,
3017 3818 3121 3868 aut
3151 3816 3362 3886 minor,
3397 3821 3499 3873 aut
3530 3817 3794 3890 aequalis,

2150 3915 2524 3971 nequaquam
2557 3904 2754 3955 autem
2785 3902 2994 3972 major.

2224 3990 2310 4043 11.
2343 3989 2487 4044 Cum
2517 3988 2697 4061 igitur
2723 4006 2792 4044 ex
2822 3991 3085 4061 subjecto
3115 3994 3187 4047 ad
3212 3993 3589 4064 praedicatum
3633 3996 3796 4052 veni-

2152 4094 2307 4143 mus,
2340 4076 2400 4132 in
2432 4081 2551 4133 toto
2581 4077 2815 4146 dicitur,
2843 4083 2911 4134 ut
2936 4096 3069 4135 cum
3101 4081 3442 4138 dixerimus.
3476 4084 3691 4140 Anima
3716 4101 3804 4140 ra-

2150 4163 2389 4222 tionalis
2418 4169 2506 4222 est
2535 4182 2570 4222 a
2598 4182 2661 4222 se
2693 4166 2949 4239 mobilis,
2995 4167 3105 4224 hoc
3134 4173 3245 4238 est,
3276 4170 3473 4227 anima
3496 4171 3802 4230 rationalis

2154 4258 2244 4311 est
2300 4254 2454 4310 318
2508 4253 2568 4310 in
2622 4255 2783 4311 omni
2843 4271 2909 4312 eo
2969 4258 3127 4329 quod
3158 4262 3247 4314 est
3274 4276 3310 4315 ο,
3338 4277 3400 4316 se
3431 4260 3668 4331 mobile,
3700 4264 3805 4318 aut

2155 4343 2355 4399 anima
2384 4343 2687 4400 rationalis
2717 4349 2807 4401 est
2835 4345 2894 4400 in
2927 4350 3071 4414 toto,
3105 4348 3263 4418 quod
3287 4365 3324 4404 a
3352 4365 3415 4405 se
3444 4349 3659 4407 mobile
3688 4354 3801 4407 est.

2155 4434 2220 4487 In
2246 4436 2363 4488 toto
2393 4431 2550 4488 enim
2582 4434 2737 4505 quod
2760 4452 2795 4489 a
2824 4450 2886 4490 se
2915 4435 3130 4492 mobile
3159 4438 3474 4505 est,anima
3502 4438 3805 4496 rationalis

2156 4527 2223 4576 ut
2254 4538 2388 4594 pars
2416 4525 2525 4578 est.
2557 4523 2722 4578 Idem
2751 4528 2950 4579 autem
2974 4529 3063 4581 est
3090 4525 3302 4593 dicere,
3332 4526 3530 4584 anima
3555 4527 3809 4585 rationa-

2155 4610 2230 4668 lis
2257 4611 2317 4666 in
2347 4615 2467 4667 toto
2498 4616 2612 4678 est,
2642 4612 2798 4684 quod
2830 4629 2864 4667 a
2894 4628 2957 4668 se
2986 4618 3077 4670 est
3105 4614 3321 4671 mobile
3348 4640 3364 4685 ;
3397 4619 3454 4672 et
3481 4616 3680 4673 anima
3709 4633 3805 4673 ra-

2160 4699 2397 4756 tionalis
2427 4703 2517 4755 est
2546 4717 2581 4755 a
2610 4716 2673 4756 se
2704 4700 2963 4757 mobilis.

470 4789 559 4866 ιβ’.
591 4792 753 4846 ’Ὀταν
786 4790 844 4848 δὲ
879 4793 1015 4869 πρὸς
1060 4790 1152 4848 τὰν
1209 4791 1559 4867 ὑποκείμενον
1621 4789 1681 4846 ἐκ
1732 4795 1830 4846 τοῦ
1878 4811 2015 4863 κατη

2233 4789 2321 4845 12.
2356 4788 2502 4845 Cum
2532 4807 2668 4847 vero
2698 4806 2767 4846 ex
2814 4790 3125 4863 praedicata
3156 4794 3229 4848 ad
3277 4794 3608 4866 subjeetum
3638 4794 3807 4851 veni-

393 4880 731 4955 γορουμένου
789 4880 1103 4958 ἐρχώμεθα,
1160 4880 1285 4936 τότε
1339 4879 1552 4958 λέγεται
1608 4879 1745 4936 κατὰ
1825 4879 2046 4944 παντός·

396 4966 472 5030 ὡς
529 4966 655 5024 ὅταν
700 4966 965 5043 εἷ’πωμεν,
996 4970 1067 5024 Τὸ
1118 4969 1471 5041 αὐτοκίνητον
1531 4969 1665 5025 κατᾶ
1714 4968 1892 5040 πάσης
1946 4973 2047 5044 ψυ-

394 5063 506 5132 χῆς
555 5056 808 5134 λογικῆς·
839 5057 877 5129 ἤ
918 5058 1109 5121 οὕτως.
1163 5059 1233 5113 Τὸ
1287 5058 1636 5130 αὐτοκίνητον
1694 5062 1837 5134 πάσῃ
1893 5062 2048 5135 ψυχῇ

396 5143 595 5222 λογικῇ
632 5148 886 5225 ὑπάρχει,
916 5153 1079 5204 τοῦτο
1112 5147 1378 5224 λέγοντες,
1411 5146 1494 5202 ὅτι
1523 5148 1591 5203 τὰ
1646 5146 1825 5223 ἄτομα
1877 5147 2051 5204 πάντα

396 5241 500 5305 τῆς
533 5235 764 5312 λογικῆς
796 5240 980 5315 ψυχῆς
1012 5234 1127 5316 ἔχει
1159 5238 1222 5293 τὸ
1260 5236 1393 5292 εἶναι
1443 5237 1535 5292 καὶ
1579 5234 1834 5313 λέγεσθαι
1889 5237 2048 5294 αὐτο-

394 5323 613 5396 κίνητα.

471 5438 553 5509 ιγ.
582 5436 787 5510 Ὥσπερ
835 5433 893 5489 δὲ
938 5434 1002 5490 τὸ
1044 5433 1096 5489 ἐν
1147 5431 1286 5505 ὅλῳ,
1320 5433 1411 5488 καὶ
1452 5433 1515 5487 τὸ
1561 5433 1698 5488 κατὰ
1744 5434 1941 5497 παντὸς
1999 5433 2052 5490 ἐν

392 5526 514 5584 ταῖς
571 5529 957 5602 καταφατικαῖς
1011 5521 1352 5599 προτάσεσιν,
1393 5519 1567 5585 οὕτως
1621 5521 1673 5577 ἐν
1737 5529 1858 5586 ταῖς
1915 5524 2049 5579 ἀπο-

396 5617 647 5691 φατικαῖς
674 5613 738 5668 τὸ
770 5613 869 5669 οὐκ
900 5612 951 5669 ἐν
983 5611 1101 5686 ὅλῳ
1130 5611 1221 5667 καὶ
1249 5612 1312 5666 τὸ
1341 5612 1457 5666 κατ’
1490 5608 1725 5674 οὐδενός.

473 5697 559 5759 ιδ’.
589 5703 750 5759 Ὅταν
804 5704 898 5778 μὲν
949 5702 1051 5783 γὰρ
1107 5701 1194 5758 ἐπὶ
1245 5705 1353 5757 τῶν
1413 5706 1787 5783 καταφατικῶν
1846 5704 2052 5782 προτά-

2162 4896 2313 4944 mus,
2347 4882 2488 4933 tunc
2535 4879 2607 4934 de
2656 4880 2814 4935 omni
2863 4879 3077 4935 dicitur
3121 4898 3134 4937 :
3187 4886 3253 4937 ut
3281 4899 3416 4938 cum
3464 4883 3806 4954 dixerimus,

2159 4968 2313 5040 quod
2344 4972 2434 5023 est
2487 4984 2521 5022 a
2580 4984 2643 5023 se
2683 4968 2916 5037 mobile,
2949 4969 3021 5025 de
3073 4971 3233 5026 omni
3281 4972 3482 5028 anima
3535 4971 3809 5028 rationali

2160 5056 2558 5128 (dicitur),aut
2587 5057 2851 5129 ita,quod
2883 5063 2973 5114 est
3002 5075 3036 5113 a
3068 5075 3129 5114 se
3156 5059 3392 5128 mobile,
3414 5061 3573 5117 omni
3599 5062 3810 5117 animae

2160 5144 2435 5201 rationali
2466 5146 2639 5213 inest,
2668 5146 2777 5202 hoc
2831 5147 3109 5203 nimirum
3141 5149 3402 5206 dicentes
3432 5149 3633 5205 omnia
3660 5150 3811 5205 indi-

2158 5235 2339 5291 vidua
2388 5234 2596 5291 anima:
2637 5236 2940 5292 rationalis
2995 5237 3209 5323 babere
3242 5238 3347 5295 hoc
3401 5239 3559 5312 quod
3606 5238 3726 5295 sint
3752 5242 3813 5296 et

2160 5325 2433 5381 dicantur
2462 5342 2497 5380 a
2524 5340 2587 5380 se
2623 5324 2881 5381 mobilia.

2234 5432 2319 5487 13.
2348 5432 2852 5497 Quemadmodum
2883 5438 3079 5490 autem
3108 5435 3168 5489 in
3198 5440 3320 5492 toto
3351 5439 3410 5491 et
3456 5435 3528 5492 de
3557 5434 3718 5493 omni
3746 5437 3807 5493 in

2161 5521 2528 5578 afﬁrmativis
2562 5522 3060 5593 propositionibus
3094 5542 3107 5581 :
3140 5524 3221 5580 ita
3249 5524 3313 5578 τὸ
3344 5542 3459 5582 non
3491 5527 3551 5581 in
3580 5529 3705 5583 toto
3755 5531 3813 5583 et

2160 5612 2232 5667 de
2263 5608 2424 5666 nullo
2455 5609 2515 5665 in
2549 5610 2832 5682 negativis
2864 5613 3362 5686 propositionibus
3397 5617 3554 5671 sunt.

2236 5702 2322 5759 14.
2358 5703 2501 5759 Cum
2530 5701 2689 5757 enim
2717 5718 2752 5757 a
2782 5703 3047 5777 subjecto
3079 5705 3148 5762 ad
3184 5705 3567 5781 praedicatum
3591 5704 3656 5763 in
3677 5720 3812 5781 pro-
