4094 6426
313 369 428 430 935

1573 361 1998 422 NIGEPHORI
2042 359 2483 424 BLEMMIDE

3619 363 3746 428 936

311 501 705 574 positionibus
737 498 1024 571 negativis
1043 496 1481 560 venimus,tunc
1512 494 1730 550 dicitur
1759 511 1874 549 non
1900 493 1957 558 in

2088 513 2206 547 remv
2259 492 2318 548 ἐκ
2367 499 2464 549 τοῦ
2515 495 2872 567 ὑποκειμένου
2919 496 3058 572 πρὸς
3107 495 3200 552 τὸν
3249 495 3738 572 κατηγορούμενον

311 595 456 648 toto.
487 589 680 656 Velut,
704 589 888 644 Homo
910 604 1025 642 non
1057 592 1146 642 est
1176 585 1569 641 inanimatam
1603 601 1615 638 :
1651 583 1962 650 aut,Homo

313 697 428 736 non
458 683 549 735 est
579 679 640 733 in
667 681 786 732 toto
816 676 1140 732 inanimato
1168 694 1181 742 ;
1217 692 1320 747 pro
1372 690 1459 740 eo,
1503 676 1682 728 Homo
1730 689 1844 727 non
1875 676 1965 727 est

313 785 448 843 pars
479 765 810 823 inanimati.

386 947 471 1002 15.
497 945 643 1002 Cum
677 947 871 1000 autem
897 960 965 998 ex
996 943 1308 1015 praedicato
1340 941 1411 996 ad
1445 940 1775 1010 subjectum
1809 937 1963 994 veni-

313 1052 468 1103 mus,
501 1039 644 1089 tunc
673 1033 743 1088 de
772 1031 933 1086 nullo
978 1031 1211 1097 dicitur,
1241 1030 1418 1097 velut,
1453 1029 1850 1083 lnanimatum
1891 1027 1964 1082 de

313 1123 477 1179 nullo
506 1122 744 1177 homine
773 1125 992 1189 est,aut
1022 1120 1416 1175 inanimatum
1449 1116 1594 1172 nulli
1627 1116 1851 1172 homini
1874 1117 1964 1171 in-

313 1216 423 1282 est,
457 1211 567 1267 hoc
595 1215 704 1278 est,
736 1211 892 1266 319
939 1208 1169 1264 nullum
1202 1209 1478 1264 humanae
1507 1206 1719 1278 speciei
1752 1205 1962 1261 indivi-

313 1302 500 1357 duum
532 1299 1021 1372 deprehendetur,
1045 1299 1280 1365 habere,
1303 1298 1460 1368 quod
1494 1297 1570 1352 sit
1601 1300 1703 1351 aut
1733 1295 1966 1350 dicatur

313 1390 727 1446 inanimatum.

388 1481 474 1536 16.
507 1483 663 1534 Duas
693 1477 874 1550 igitur
919 1476 1348 1550 propositiones
1408 1475 1584 1531 habet
1614 1474 1845 1546 proprie
1875 1474 1962 1527 di-

315 1573 444 1625 ctus
473 1566 871 1640 syllogismus,
905 1583 1115 1639 nempe
1144 1565 1411 1638 simplex.

388 1658 476 1713 17.
529 1656 641 1712 Sed
691 1672 807 1712 uno
859 1671 1063 1711 earum
1125 1655 1336 1726 major,
1384 1653 1567 1709 altera
1621 1651 1815 1707 minor
1860 1667 1966 1707 vo-

315 1750 499 1802 catur.

2071 581 2385 658 ἐρχώμεθα,
2413 584 2538 638 τότε
2569 583 2786 659 λέγεται
2834 584 2933 640 ούκ
2981 585 3034 639 ἐν
3084 584 3224 657 ὅλῳο
3258 587 3394 659 οἷον,
3426 587 3483 640 '0
3524 585 3742 658 ἄνθρω-

2070 692 2173 733 πος
2207 673 2416 748 ἄψυχον
2469 673 2568 728 οὐκ
2597 670 2754 728 ἔστιν’
2788 674 2846 746 ἢ,
2883 675 2938 728 Ὀ
2971 675 3254 750 ἅνθρωπος
3285 674 3386 730 ούκ
3425 676 3477 730 ἒν
3511 674 3629 748 ὅλῳ
3656 681 3744 747 τῷ

2071 760 2272 836 ἀψύχῳ
2303 761 2460 817 ἐστίν·
2494 762 2611 818 ἀντὶ
2657 767 2778 835 τοῦ,
2810 764 2988 840 Μέρος
3040 763 3140 818 οὐκ
3168 760 3279 819 ἔστι
3321 767 3420 819 τοῦ
3453 764 3674 841 ἀψύχου
3710 762 3743 820 6

2074 847 2376 925 ἄνθρωπος.

2148 940 2225 994 ιε’.
2258 942 2417 994 Ὅταν
2479 938 2536 995 δὲ
2592 941 2726 1015 πρὸς
2781 941 2874 996 τὸν
2925 941 3282 1016 ὑποκείμενον
3343 943 3403 998 ἐκ
3455 947 3555 998 τοῦ
3604 963 3742 999 κατ-

2072 1027 2456 1103 ηγορουμένου
2507 1028 2825 1106 έρχώμεθα,
2861 1029 2986 1086 τότε
3038 1030 3254 1106 λέγεται
3314 1033 3431 1086 κατ’
3491 1029 3743 1095 οὐδενός·

2072 1117 2210 1186 οἷον,
2257 1117 2328 1171 Τὸ
2387 1119 2602 1194 ἄψυχον
2660 1121 2778 1174 κατ’
2833 1117 3051 1182 οὐδενὸς
3101 1119 3394 1196 ἀνθρώπου
3454 1119 3616 1175 ἐστίν’
3673 1120 3742 1195 ἢ,

2071 1205 2141 1259 Τὸ
2201 1206 2412 1282 ἄψυχον
2493 1205 2669 1262 οὐδενὶ
2727 1207 3000 1285 ἀνθρώπῳ
3060 1208 3296 1285 ὑπάρχει
3337 1223 3350 1240 ⁸
3408 1209 3687 1265 τουτέστιν
3730 1252 3746 1264 .

2073 1291 2236 1348 Οὐδὲν
2291 1299 2388 1350 τοῦ
2437 1296 2774 1372 ἀνθρωπείου
2827 1295 3005 1360 εἴδους
3059 1298 3278 1372 ἀτόμων
3325 1296 3454 1375 ἔχον
3509 1298 3746 1374 εὑρεθή-

2073 1403 2219 1437 σεται
2247 1383 2310 1437 τὸ
2343 1383 2477 1438 εἶναι
2506 1386 2542 1454 ἢ
2576 1385 2820 1461 λέγεσθαι
2853 1383 3088 1462 ἄψυχον.

2147 1477 2232 1536 ις’.
2281 1471 2387 1527 Δύο
2440 1474 2534 1545 μὶν
2581 1473 2673 1530 οὖν
2724 1477 3012 1551 προτάσεις
3060 1477 3090 1532 6
3119 1475 3324 1554 κυρίως
3369 1472 3487 1552 ἔχει
3533 1475 3748 1533 συλλο-

2069 1561 2268 1638 γισμὸς
2298 1563 2326 1617 6
2358 1562 2590 1626 ἁπλοῦς.

2150 1650 2232 1718 ιζ’.
2290 1647 2447 1707 Ἀλλ’
2504 1654 2539 1721 ἡ
2603 1654 2697 1726 μὶν
2758 1653 2934 1709 αὐτῶν
2987 1653 3236 1710 καλεῖται
3298 1655 3535 1728 μείζων,
3593 1653 3631 1726 ἡ
3695 1648 3748 1711 δ’

2075 1737 2313 1793 ἐλάττων
2326 1784 2338 1797 .

386 1835 472 1890 18.
505 1836 572 1891 Et
595 1836 785 1906 major
805 1834 1043 1906 quidem
1068 1831 1382 1905 quasillum
1407 1833 1728 1889 terminum
1753 1830 1960 1902 praedi-

2151 1829 2240 1897 ιη’.
2293 1828 2390 1882 Καὶ
2449 1827 2648 1901 μείζων
2711 1833 2805 1905 μὲν
2857 1834 2892 1901 ἠ
2941 1833 3034 1887 τὸν
3084 1831 3209 1908 ὅρον
3259 1831 3462 1889 ἐκεῖνον
3535 1831 3747 1910 ἔχουσα

315 1929 509 1980 catum
542 1924 738 1992 habet,
772 1940 947 1996 quem
979 1924 1154 1978 etiam
1187 1922 1505 1978 conclusio.

387 2032 472 2086 19.
507 2034 642 2097 Qua:
675 2035 869 2086 autem
928 2034 1129 2099 restat,
1193 2029 1385 2084 minor
1414 2033 1501 2084 est
1535 2045 1548 2082 :
1582 2028 1739 2083 velut
1767 2027 1826 2081 in
1857 2025 1965 2081 hoc

318 2119 661 2194 syllogismo
694 2137 707 2174 :
767 2120 978 2174 Anima
1017 2123 1107 2174 est
1163 2135 1395 2190 semper
1427 2118 1703 2185 mobilis;
1736 2131 1968 2186 semper

315 2209 531 2266 mobile
561 2214 654 2264 est
680 2208 1052 2275 immortale;
1096 2224 1232 2279 ergo
1264 2207 1464 2263 anima
1494 2213 1584 2262 est
1613 2204 1967 2261 immortalis

315 2299 502 2370 Major
529 2297 850 2370 pmpositio
878 2303 966 2354 est
987 2314 1114 2368 quis
1147 2297 1288 2352 dicit
1321 2314 1334 2352 :
1369 2298 1610 2368 Semper
1633 2294 1849 2351 mobile
1879 2299 1968 2350 est

313 2386 669 2443 immortale.
720 2387 908 2442 Habet
954 2387 1111 2442 enim
1163 2385 1498 2441 immortale
1536 2385 1912 2458 praedicatum
1950 2401 1962 2439 :

315 2477 472 2548 quod
503 2475 682 2532 etiam
712 2475 1073 2531 conclusioni
1119 2474 1390 2530 similiter
1441 2474 1820 2546 pradicatum
1853 2477 1963 2528 est.

314 2565 462 2622 Nam
493 2564 791 2621 conclusio
815 2565 898 2620 sic
917 2564 1091 2620 habet
1126 2580 1139 2618 :
1171 2563 1382 2618 Anima
1405 2561 1754 2618 immortalis
1787 2563 1968 2616 est.At

315 2655 510 2711 minor
533 2654 852 2727 propositio
880 2658 971 2710 est
1000 2670 1127 2725 quas
1158 2652 1320 2724 dicit,
1353 2653 1611 2708 animam
1643 2668 1770 2708 esse
1812 2667 1964 2707 sem-

314 2761 418 2818 per
447 2742 744 2799 mobilem.

383 2832 473 2887 20.
509 2833 573 2886 In
606 2830 948 2902 compositis
989 2835 1184 2886 autem
1237 2828 1597 2903 syllogismis
1639 2829 1965 2885 secundum

313 2920 751 2993 pr0portionem
784 2922 973 2990 major
1002 2926 1092 2975 est
1122 2920 1273 2975 inter
1303 2936 1506 2974 omnes
1538 2918 1966 2991 proportiones,

315 3027 444 3082 qua
466 3010 846 3081 praedicatum
869 3009 1048 3065 habet
1075 3009 1347 3064 eumdem
1365 3007 1887 3079 terminum,quem
1911 3012 1968 3062 et

313 3099 612 3155 conclusio
637 3124 651 3166 ;
685 3097 876 3154 minor
906 3103 1129 3167 autem,
1155 3115 1282 3170 quae
1305 3097 1463 3152 hunc
1492 3097 1812 3152 terminum
1848 3113 1965 3152 non

313 3189 510 3244 habet.
545 3187 612 3244 Et
640 3188 882 3260 insuper
909 3187 1102 3243 minor
1158 3187 1480 3260 propositio
1509 3191 1599 3242 est
1645 3203 1774 3258 quaa
1807 3186 1963 3241 idem

314 3278 650 3348 subiectum
680 3277 856 3333 habet
886 3279 1041 3348 quod
1073 3279 1130 3332 et
1157 3275 1476 3332 conclusio.

384 3385 477 3440 21.
509 3383 732 3440 Dicitur
759 3399 930 3456 porro
955 3383 1131 3438 etiam
1164 3382 1417 3438 deterior
1441 3387 1498 3437 et
1529 3381 1733 3438 melior
1761 3397 1968 3453 propo-

316 3473 452 3530 sitio
483 3473 541 3528 in
583 3471 944 3545 syllogismo.
1007 3471 1289 3535 Quoniam
1352 3472 1507 3528 320
1564 3471 1721 3526 enim
1779 3470 1970 3524 omnis

315 3563 636 3637 propositio
666 3567 724 3618 et
752 3561 1141 3633 quantitatem
1174 3561 1351 3616 habet
1381 3561 1506 3632 (aut
1545 3561 1702 3615 enim
1740 3560 1970 3614 univer-

315 3651 456 3709 salis
516 3655 618 3708 aut
687 3650 1061 3724 particularis
1119 3651 1228 3722 est)
1303 3653 1360 3706 et
1435 3649 1777 3722 qualitatem
1851 3648 1974 3718 (aut

314 3741 472 3797 enim
505 3740 858 3796 afﬂrmativa
889 3743 992 3796 aut
1021 3740 1288 3812 negativa
1316 3744 1431 3810 est,
1465 3739 1716 3794 deterior
1736 3738 1972 3807 quidem

314 3834 403 3886 est
441 3831 770 3886 secundum
801 3828 1186 3899 quantitatem
1220 3826 1593 3899 particularis
1632 3825 1970 3896 universali,

313 3919 642 3976 secundum
663 3918 1008 3991 qualitatem
1033 3922 1228 3973 autem
1256 3917 1523 3989 negativa
1545 3917 1797 3971 deterior
1819 3914 1971 3970 afﬁr-

315 4007 553 4074 mativa;
587 4007 940 4079 relinquitur
972 4007 1107 4062 inde
1129 4005 1403 4061 meliores
1424 4021 1556 4061 esse
1579 4004 1970 4060 universalem

315 4095 659 4168 particulari
689 4100 747 4152 et
784 4095 1192 4152 afﬁrmativam
1222 4094 1508 4167 negativa.

381 4186 474 4242 22.
508 4185 865 4242 Deteriorem
897 4189 1091 4240 autem
1124 4201 1192 4240 ex
1222 4183 1724 4256 prapositionibus
1776 4183 1970 4254 sequi-

311 4277 414 4330 tur
443 4274 763 4331 conclusio.
786 4275 842 4330 Si
876 4275 1060 4346 igitur
1088 4291 1156 4330 eo
1183 4274 1412 4330 duabus
1445 4273 1812 4329 afﬁrmativis
1841 4290 1972 4328 con-

314 4363 536 4420 stiterit
563 4363 940 4436 syllogismus
971 4368 1027 4419 et
1057 4362 1328 4418 ambalus
1351 4361 1972 4428 universalibus,nulla

313 4453 376 4508 in
405 4452 518 4508 hoc
555 4452 878 4524 propositio
909 4457 1000 4508 est
1030 4451 1301 4520 deterior,
1336 4455 1393 4508 et
1424 4451 1534 4506 erit
1550 4453 1724 4506 etiam
1741 4450 1971 4507 conclu-

315 4541 403 4599 sio
450 4542 803 4597 afﬁrmativa
840 4546 898 4596 et
926 4540 1262 4597 universali.
1297 4541 1398 4596 Sin
1446 4557 1580 4596 vero
1624 4557 1694 4596 ex
1741 4541 1972 4597 duabus

2075 1917 2574 1993 κατηγορούμενον,
2609 1919 2774 1996 ὅνπερ
2803 1923 2894 1975 καὶ
2923 1923 2986 1976 τὸ
3018 1923 3401 2000 συμπέρασμα.

2149 2026 2229 2076 ιϐ’.
2289 2022 2561 2079 Ἐλάττων
2619 2021 2676 2081 δέ
2728 2025 2866 2082 ἐστιν
2923 2031 2957 2098 ἡ
3018 2028 3243 2104 λογικήο
3297 2030 3410 2084 οἷον
3457 2028 3542 2084 ἐπὶ
3583 2030 3647 2085 τὸ
3683 2027 3745 2085 δὲ

2072 2116 2169 2167 τοῦ
2202 2110 2601 2188 συλλογισμοῦ⁸
2635 2116 2696 2170 Ἡ
2745 2119 2899 2192 ψυχὴ
2951 2111 3277 2188 ἀεικίνητος
3321 2119 3382 2173 τὸ
3425 2117 3738 2189 ἀεικίνητον

2075 2200 2357 2256 ἀθάνατον·
2408 2204 2442 2272 ἡ
2493 2205 2646 2279 ψυχὴ
2699 2205 2801 2278 ἄρα
2859 2206 3140 2270 ἀθάνατος.
3203 2207 3412 2276 Μείζων
3473 2205 3741 2285 πρότασίς

2076 2289 2215 2344 ἐστιν
2263 2293 2298 2360 ἡ
2347 2289 2600 2367 λέγουσα·
2653 2294 2722 2348 Τὸ
2772 2294 3079 2366 ἀεικίνητον
3126 2296 3411 2368 ἀθάνατον,
3462 2293 3578 2373 ἔχει
3631 2297 3743 2374 γὰρ

2073 2379 2136 2433 τὸ
2205 2379 2466 2442 ἀθάνατον
2541 2384 3064 2458 κατηγορούμενονο
3126 2384 3258 2461 ὅπερ
3333 2385 3446 2440 ἐστὶ
3517 2385 3608 2440 καὶ
3662 2389 3747 2458 τῷ

2075 2469 2491 2542 συμπεράσματι
2561 2471 2771 2544 ὁμοίως
2848 2473 3320 2551 κατηγορούμενον
3375 2520 3388 2533 .
3459 2475 3530 2529 Τὸ
3601 2495 3745 2548 συμ-

2073 2555 2325 2631 πέρασμα
2393 2558 2497 2634 γάρ
2565 2562 2599 2629 ἡ
2675 2563 2828 2637 ψυχὴ
2917 2562 3174 2625 ἀθάνατος
3235 2605 3248 2618 .
3325 2561 3600 2618 Ἐλάττων
3686 2559 3749 2619 δὲ

2073 2645 2333 2721 πρότασίς
2417 2646 2555 2702 ἐστιν
2633 2651 2668 2719 ἡ
2749 2648 2982 2727 λέγουσα
3058 2651 3142 2706 ὅτι
3219 2653 3253 2722 ἡ
3333 2653 3488 2728 ψυχή
3567 2652 3742 2708 ἀεικί-

2073 2755 2264 2804 νητος.

2144 2826 2210 2881 κ’.
2259 2824 2384 2880 Ἐπὶ
2434 2824 2491 2880 δὲ
2531 2831 2640 2882 τῶν
2694 2827 2953 2884 συνθέτων
3012 2828 3405 2906 συλλογισμῶν
3456 2829 3747 2908 ἀναλόγως

2079 2912 2275 2986 μείζων
2325 2915 2417 2988 μὲν
2470 2912 2581 2970 ἔστι
2631 2922 2814 2971 πασῶν
2864 2918 3178 2994 προτάσεων
3229 2921 3264 2988 ἡ
3315 2917 3520 2994 ἔχουσα
3566 2940 3746 2990 κατηο

2073 3003 2407 3078 γορούμενον
2464 3006 2555 3060 τὸν
2607 3005 2766 3060 αὐτὸν
2814 3006 2961 3081 ὅρον,
3006 3007 3166 3084 ὅνπερ
3214 3008 3304 3062 καὶ
3352 3008 3416 3062 τὸ
3463 3008 3749 3084 συμπέρα-

2075 3111 2204 3164 σμα·
2262 3091 2499 3148 ἐλάττων
2552 3091 2609 3150 δὲ
2659 3097 2694 3164 ἡ
2749 3096 2840 3149 τὸν
2891 3101 3140 3152 τοιοῦτον
3201 3095 3327 3172 ὅρον
3381 3099 3457 3170 μὴ
3509 3095 3745 3173 ἔχουσα*

2073 3178 2164 3234 καί
2212 3178 2290 3235 ἔτι
2349 3179 2588 3237 ἐλάττων
2642 3186 2677 3254 ἡ
2730 3180 2934 3259 ἔχουσα
2996 3185 3088 3240 τὸν
3147 3184 3306 3241 αὐτὸν
3356 3185 3748 3260 ὑποκείμενον,

1995 3248 2036 3314 C
2076 3267 2240 3346 ὅνπερ
2269 3270 2357 3324 καὶ
2383 3271 2446 3326 τὸ
2470 3271 2854 3349 συμπέρασμα.

2149 3377 2251 3432 κα¹.
2301 3378 2524 3453 Λέγεται
2572 3376 2628 3433 δὲ
2678 3379 2767 3434 καὶ
2815 3378 3018 3456 χείρων
3065 3380 3328 3457 πρότασις
3375 3380 3428 3436 ἐν
3479 3379 3753 3458 συλλογι-

2081 3469 2224 3537 σμῷ,
2275 3466 2362 3520 καὶ
2419 3467 2700 3542 κρείττωνο
2762 3467 2876 3522 ἐπεὶ
2933 3469 3034 3544 γὰρ
3091 3475 3236 3524 πᾶσα
3289 3468 3590 3546 πρότασις,
3648 3472 3748 3526 καὶ

2079 3555 2245 3608 ποσὸν
2279 3551 2393 3630 ἔχει
2546 3559 2647 3634 γὰρ
2696 3556 2936 3621 καθόλου
2984 3557 3019 3626 ἢ
3058 3559 3277 3634 μερική)
3325 3557 3416 3613 καὶ
3463 3558 3748 3634 ποιόν.

2081 3643 2185 3718 γὰρ
2244 3646 2604 3722 καταφατικὴ,
2662 3642 2699 3715 ἥ
2760 3647 3092 3724 ἀποφατική)
3135 3688 3147 3701 .
3209 3647 3413 3725 χείρων
3477 3650 3571 3722 μὲν
3627 3645 3748 3704 ἔστι

2081 3733 2216 3786 κατά
2271 3735 2378 3806 (τὸ)
2433 3735 2600 3789 ποσὸν
2654 3741 2756 3805 τῆς
2811 3735 3050 3791 καθόλου
3097 3737 3132 3805 ἡ
3187 3739 3408 3812 μερική⁹
3449 3737 3652 3814 χείρων
3685 3735 3752 3794 δὲ

2079 3819 2170 3873 καὶ
2224 3822 2361 3876 κατά
2415 3823 2478 3877 τὸ
2535 3824 2692 3878 ποιὸν
2738 3826 2838 3894 τῆς
2892 3832 3262 3903 καταφατικῆς
3319 3827 3354 3894 ἡ
3404 3825 3744 3904 ἀποφατική.

2081 3911 2284 3964 Λοιπὸν
2341 3912 2620 3987 κρείττους
2677 3915 2712 3982 ἡ
2770 3908 3010 3969 καθόλου
3067 3921 3169 3984 τῆς
3225 3917 3493 3990 μερικῆς,
3551 3914 3640 3970 καὶ
3701 3919 3739 3986 ἡ

2079 4002 2416 4078 καταφατικὴ
2447 4007 2547 4070 τῆς
2577 4002 2938 4081 ἀποφατικῆς.

2148 4181 2254 4255 κβ’.
2288 4184 2364 4254 Τῇ
2394 4179 2602 4257 χείρονι
2650 4178 2708 4236 δὲ
2753 4186 2861 4237 τῶν
2912 4183 3226 4258 προτάσεων
3275 4179 3463 4238 ἕπεται
3509 4182 3572 4237 τὸ
3602 4202 3740 4255 συμ-

2079 4267 2366 4345 πέρασμα.
2418 4269 2482 4324 Εἰ
2533 4271 2626 4345 μὲν
2674 4268 2763 4326 οὖν
2833 4271 2892 4326 ἐκ
2944 4268 3039 4325 δύο
3080 4276 3456 4350 καταφατικῶν
3515 4268 3738 4338 συστοίη

2081 4359 2110 4412 6
2157 4356 2528 4435 συλγογισμὸς
2577 4360 2666 4414 καὶ
2706 4360 2908 4438 ἀμφοῖν
2947 4359 3204 4415 καθόλου·
3260 4358 3492 4433 οὐδεμία
3537 4358 3742 4436 πρότα-

2081 4467 2164 4509 σις
2197 4447 2248 4502 ἐν
2276 4447 2455 4521 τούτῳ
2507 4448 2708 4526 χείρων
2755 4447 2886 4504 ἐστί.
2939 4449 3037 4504 Καὶ
3087 4445 3231 4504 ἔσται
3283 4450 3345 4504 τὸ
3376 4449 3744 4525 συμπέρασμα

2077 4536 2167 4590 καὶ
2226 4539 2585 4615 καταφατικὸν
2641 4538 2730 4593 καὶ
2785 4537 3024 4594 καθόλου
3058 4555 3070 4570 ⁶
3106 4537 3164 4593 ἂν
3225 4535 3273 4594 δ’
3330 4537 3391 4594 ἐκ
3445 4535 3543 4594 δύο
3581 4558 3744 4594 κατα·-

317 4629 686 4686 afiirmativis
718 4630 1199 4702 propositonibus
1231 4629 1608 4702 syllogismus
1638 4630 1832 4695 fuerit,
1858 4646 1969 4684 una

2088 4631 2320 4704 φατικῶν
2380 4622 2460 4696 εἷῆ
2539 4628 2851 4702 προτάσεων
2910 4629 2937 4683 6
2995 4626 3373 4704 συλλογισμὸς
3411 4674 3426 4699 ,
3488 4633 3583 4697 τῆς
3647 4626 3744 4699 μὲν

315 4718 654 4784 universali,
685 4717 868 4774 altera
899 4718 1262 4790 particulari,
1290 4720 1568 4790 quoniam
1602 4719 1972 4790 particularis

316 4807 632 4864 universali
654 4811 744 4863 est
759 4808 1034 4877 deterior,
1055 4813 1119 4863 ut
1135 4807 1358 4863 dictum
1381 4812 1498 4875 est;
1521 4809 1818 4865 conclusio
1845 4826 1973 4880 quae

315 4897 468 4953 hanc
497 4897 843 4953 deteriorem
877 4897 1146 4968 sequitur
1175 4896 1284 4951 erit
1311 4895 1684 4968 particularis
1714 4898 1972 4953 afﬁrma-

315 4986 453 5042 tiva.
488 4986 653 5052 Quod
702 4985 751 5059 si
804 5002 1045 5042 rursum
1093 5001 1162 5041 ex
1217 5001 1339 5040 una
1384 4985 1755 5053 afﬁrmativa,
1791 4985 1976 5042 altera

315 5073 606 5147 negativa,
641 5078 700 5129 et
725 5090 859 5130 vero
890 5074 1181 5130 ambabus
1227 5074 1657 5130 universalibus
1706 5073 1973 5147 syllogis-

317 5179 452 5219 mus
483 5167 788 5219 consertus
818 5163 1015 5230 fuerit,
1046 5163 1346 5219 conclusio
1404 5163 1642 5234 quidem
1675 5163 1973 5219 universa-

313 5251 389 5307 lis
420 5252 1035 5324 erit(quandoquidem
1067 5252 1232 5308 nulla
1253 5252 1571 5324 propositio
1603 5253 1976 5324 particularis

316 5340 724 5412 est),negativa
754 5345 1050 5408 tamen,ut
1081 5359 1208 5413 quae
1233 5341 1582 5397 deteriorem
1613 5341 1674 5396 in
1695 5341 1978 5413 qualitate

318 5429 464 5484 821
504 5429 964 5499 propositionem
999 5436 1300 5502 sequatur.
1328 5431 1430 5486 Sin
1458 5431 1708 5502 denique
1739 5447 1807 5486 ex
1838 5449 1975 5503 par-

317 5516 550 5571 ticulari
582 5517 934 5574 afﬁrmativa
951 5522 1008 5574 et
1030 5519 1353 5575 universali
1384 5520 1976 5592 negativa,perfectus

319 5604 496 5660 fuerit
526 5603 928 5679 syllogismus,
972 5607 1272 5663 conclusio
1327 5609 1594 5679 sequitur
1632 5609 1692 5664 in
1745 5611 1977 5680 quanti-

318 5694 440 5751 tate
470 5691 708 5766 quidem
737 5693 1178 5772 partioularem,
1237 5697 1300 5755 in
1333 5696 1620 5772 qualitate
1647 5704 1843 5757 autem
1876 5717 1976 5758 ne-

2089 4721 2217 4788 μιᾶς
2273 4714 2534 4788 καθόλου,
2580 4719 2679 4785 τῆς
2728 4716 2910 4794 ἑτέρας
2960 4715 3018 4772 δὲ
3073 4724 3323 4794 μερικῆς·
3375 4716 3492 4770 έπεὶ
3539 4715 3744 4791 χείρων

2085 4803 2248 4873 ἐστὶν,
2281 4804 2357 4866 ὡς
2408 4801 2639 4879 εἴρηται,
2687 4811 2786 4874 τῆς
2833 4805 3073 4869 καθόλου
3122 4809 3156 4876 ἡ
3213 4807 3432 4880 μερική·
3471 4804 3640 4878 ταύτῃ
3671 4800 3741 4872 δὴ

2081 4898 2151 4968 τῇ
2195 4893 2408 4968 χείρονι
2457 4893 2722 4967 ἑπόμενον
2783 4893 2848 4950 τὰ
2895 4895 3261 4972 συμπέρασμα
3313 4890 3457 4949 ἔσται
3521 4893 3744 4970 μερικόν

2082 4983 2444 5062 καταφατικόν
2479 5030 2490 5042 .
2551 4986 2650 5042 Ἂν
2713 4981 2759 5040 δ’
2836 4983 2895 5040 ἐκ
2959 4991 3084 5058 μιᾶς
3166 4985 3259 5057 μὲν
3328 4983 3695 5060 καταφατικῆς
3725 5025 3741 5052 ,

2085 5073 2268 5146 ἑτέρας
2327 5070 2384 5128 δὲ
2440 5073 2805 5153 ἀποφατικῆς,
2845 5073 2936 5128 καὶ
2994 5075 3196 5152 ἀμφοῖν
3230 5070 3288 5127 δὲ
3337 5070 3577 5136 καθόλου
3609 5091 3745 5143 συμ-

2084 5159 2319 5232 πλακείη
2376 5160 2777 5239 συλλογισμόςο
2835 5158 2986 5216 ἔσται
3043 5163 3104 5217 τὸ
3163 5161 3528 5237 συμπέρασμα
3581 5155 3742 5223 καθό-

2085 5249 2189 5306 λου
2244 5253 2339 5324 μὲν
2388 5251 2626 5330 (ἐπείπερ
2677 5249 2906 5325 οὐδεμία
2951 5249 3209 5328 πρότασις
3263 5250 3503 5326 μερική),
3536 5249 3746 5327 ἀποφα-

2084 5342 2232 5396 τικὸν
2268 5339 2324 5396 δὲ
2351 5346 2420 5416 τῇ
2471 5343 2684 5417 χείρονι
2732 5343 2868 5397 κατά
2917 5341 2979 5396 τὸ
3023 5342 3180 5396 ποιὸν
3231 5339 3487 5416 προτάσει
3537 5337 3742 5411 ἑπόμε-

2085 5451 2176 5485 νον
2214 5449 2226 5462 ⁸
2283 5430 2342 5486 ἂν
2404 5429 2450 5486 δ’
2480 5431 2538 5486 ἐκ
2600 5439 2828 5507 μερικῆς
2881 5436 3252 5508 καταφατικῆς
3285 5473 3298 5500 ,
3357 5428 3448 5482 καὶ
3503 5424 3743 5482 καθολου

2085 5518 2427 5598 ἀποφατικῆς
2490 5521 2841 5592 ἀπαρτισθείη
2899 5517 3272 5595 συλλογισμὸς
3307 5564 3320 5589 ,
3380 5515 3747 5586 ἀκολουθήσει

2083 5611 2148 5665 τὸ
2198 5611 2560 5684 συμπέρασμα
2605 5613 2674 5684 τῇ
2727 5612 3067 5688 καταφατικῇ
3117 5608 3212 5682 μὶν
3256 5607 3395 5662 κατά
3449 5608 3514 5663 τὸ
3557 5606 3746 5679 ποσὸν,

2084 5702 2156 5778 τῇ
2194 5699 2505 5783 ἀποφατικῇ
2556 5696 2616 5758 δὲ
2662 5700 2800 5758 κατὰ
2843 5700 2907 5756 τὸ
2956 5697 3137 5756 ποιόν·
3187 5697 3276 5756 καὶ
3325 5694 3474 5758 ἔσται
3525 5696 3746 5779 μερικὸν
