4094 6418
498 343 614 402 939

1752 336 2175 400 NIGEPHORI
2222 335 2662 398 BLEMMIDIE

3773 351 3875 410 9‘0

487 473 705 543 jcctus,
731 471 980 545 simplex
1010 473 1075 526 fit
1102 471 1422 527 conversio.
1446 470 1704 542 Simplex
1734 469 1888 524 enim
1918 484 2148 524 conver-

2265 467 2735 540 κατηγορούμενος
2795 468 3168 543 ὑποκείμενος,
3201 471 3406 546 γίνεται
3468 476 3503 544 ἡ
3553 474 3695 546 ἁπλῆ
3748 477 3876 533 ἀντι-

497 562 583 617 sio
635 568 725 616 est
774 561 1110 616 communio
1161 562 1410 616 duarum
1447 560 1910 631 propositionum
1955 557 2149 629 quoad

500 656 818 721 utrumque
846 650 1190 715 terminum,
1225 656 1288 705 ut
1323 651 1462 704 ordo
1495 650 1731 720 quidem
1762 648 2146 702 terminorum

499 744 779 795 mutetur.
812 741 914 795 sed
949 739 1203 810 qualitas
1244 740 1446 794 eadem
1483 738 1802 793 retineatur
1830 753 1963 792 cum
1994 736 2149 791 veri-

499 828 638 885 tatis
675 844 986 884 consensu.

571 917 659 971 31.
694 917 982 982 Quoniam
1013 921 1208 972 autem
1243 917 1302 971 in
1335 917 1526 990 specie
1558 919 1809 988 quatuor
1857 918 1998 969 sunt
2023 930 2151 985 pro-

500 1005 840 1078 positiones,
883 1005 1226 1061 universalis
1282 1006 1606 1074 afﬁrmans,
1654 1002 2006 1060 universalis
2053 1019 2150 1058 ne-

499 1109 666 1166 gans,
701 1095 857 1150 324
887 1093 1257 1166 particularis
1290 1095 1612 1164 afﬁrmans,
1648 1091 2016 1165 particularis
2047 1108 2146 1146 ne-

498 1198 646 1255 gans
680 1199 693 1237 :
729 1183 1075 1240 universalis
1105 1183 1342 1254 quidem
1385 1183 1735 1238 affirmativa
1776 1182 1835 1236 in
1885 1179 2148 1252 particu-

499 1271 682 1328 larem
736 1273 1129 1328 afﬁrmantem
1185 1273 1380 1344 quoad
1435 1272 1650 1328 dictam
1711 1271 2148 1327 conversionem

498 1361 826 1433 simplicem
851 1366 1246 1429 convertetur;
1270 1360 1444 1429 velut,
1471 1361 1675 1416 Omnis
1707 1360 1881 1416 homo
1911 1366 2000 1416 est
2031 1359 2149 1414 ani-

498 1450 647 1519 mal;
681 1455 756 1519 et,
788 1452 1090 1517 Quoddam
1119 1450 1339 1507 animal
1377 1456 1463 1506 est
1493 1451 1690 1506 homo.

569 1539 658 1592 32.
692 1538 1044 1595 Universalis
1085 1544 1280 1594 autem
1327 1538 1594 1610 negativa
1625 1537 1684 1592 in
1716 1537 1967 1609 seipsam
2005 1553 2018 1590 :
2051 1551 2146 1590 ve-

499 1627 606 1694 lut,
638 1626 848 1683 Nullus
879 1628 1053 1684 homo
1099 1632 1190 1684 est
1235 1627 1482 1683 rationis
1513 1642 1746 1699 expers;
1779 1629 1856 1692 et,
1907 1623 2147 1680 Nullum

499 1717 743 1772 rationis
772 1733 977 1788 expers
1006 1722 1094 1773 est
1123 1717 1319 1772 homo.

567 1807 656 1860 33.
702 1807 772 1862 Et
827 1823 960 1862 vero
1013 1805 1188 1861 etiam
1247 1803 1620 1878 particularis
1677 1803 2028 1860 affirmativa
2085 1801 2145 1856 in

497 1894 751 1966 seipsam
799 1898 1170 1950 convertetur
1201 1913 1214 1950 :
1248 1893 1424 1957 velut,
1461 1892 1690 1964 Aliquis
1737 1892 1912 1948 homo
1943 1897 2034 1947 est
2061 1890 2145 1946 al-

496 1983 637 2050 bus;
670 1989 746 2050 et,
780 1983 1017 2055 Aliquid
1050 1983 1249 2038 album
1282 1987 1372 2038 est
1395 1981 1589 2037 homo.

564 2072 654 2126 34.
686 2077 760 2127 At
789 2071 1160 2144 particularis
1209 2071 1477 2143 negativa
1526 2071 1585 2124 in
1630 2069 1772 2126 solis
1802 2069 2144 2140 contingen-

493 2159 655 2217 tibus
712 2163 886 2217 rebus
942 2162 1004 2216 in
1062 2161 1319 2232 seipsam
1379 2159 1755 2214 convertitur.
1788 2158 1976 2223 Velut,
2019 2158 2144 2212 Non

493 2251 688 2305 omnis
717 2250 892 2305 homo
923 2249 1185 2322 quinque
1215 2248 1416 2320 digitis
1447 2252 1536 2302 est
1578 2247 1878 2319 praeditus,
1913 2251 1986 2316 et,
2017 2246 2142 2301 Non

493 2355 668 2394 omne
705 2339 862 2410 quod
907 2338 1169 2410 quinque
1219 2337 1420 2410 digitis
1469 2341 1556 2392 est
1605 2336 1935 2408 praeditum,
1969 2335 2144 2390 homo

493 2431 601 2483 est.
637 2428 699 2482 In
730 2427 863 2483 aliis
893 2432 1088 2483 autem
1111 2426 1332 2497 (rebus)
1360 2442 1546 2498 neque
1577 2425 1637 2480 in
1669 2425 1923 2496 seipsam
1956 2441 2145 2495 neque

494 2515 554 2571 in
613 2514 1001 2571 universalem
1061 2515 1389 2585 negativam
1443 2514 1821 2569 convertitur.
1873 2513 1928 2566 Si
1988 2514 2142 2568 enim

493 2603 814 2660 dixerimus
847 2621 860 2658 :
893 2603 1019 2659 Non
1077 2619 1249 2658 omne
1303 2601 1520 2657 animal
1578 2606 1666 2657 est
1723 2618 1911 2673 equus
1961 2619 1972 2656 :
2027 2618 2143 2657 non

491 2708 735 2764 possum
765 2692 940 2748 etiam
971 2693 1182 2762 dicere,
1198 2692 1325 2748 Non
1349 2691 1542 2748 omnis
1571 2707 1759 2762 equus
1789 2695 1879 2746 est
1900 2689 2140 2757 animal,

492 2787 615 2838 aut.
647 2781 858 2837 Nullus
887 2798 1078 2854 equus
1109 2787 1198 2836 est
1239 2779 1478 2836 animal.
1513 2779 1719 2835 Omnis
1767 2779 1923 2834 enim
1956 2794 2144 2850 equus

491 2875 580 2927 est
610 2870 849 2927 animal.
888 2871 1030 2926 Hinc
1081 2869 1257 2926 etiam
1290 2869 1637 2942 reprobatur
1684 2868 1983 2924 conversio
2014 2869 2142 2939 ejus

491 2975 617 3032 qua:
647 2966 736 3016 est
765 2976 882 3016 non
915 2958 1108 3015 omnis
1138 2957 1535 3032 (particularis
1565 2957 1844 3029 negativae
1875 2957 2140 3029 proposi-

486 3049 708 3122 tionis).

557 3139 648 3193 35.
679 3138 791 3194 Sed
824 3153 1010 3210 neque
1058 3136 1405 3193 universalis
1452 3152 1673 3208 negans
1704 3135 1761 3188 in
1795 3133 2136 3206 contingen-

2177 1847 2283 1912 B2

2259 558 2488 632 στροφή.
2545 555 2728 626 Ἃπλῆ
2779 557 2879 633 γὰρ
2938 558 3265 638 ἀντιστροφή
3337 561 3448 617 ἐστι
3503 564 3746 620 κοινωνία
3795 564 3874 622 δύο

2259 643 2568 718 προτάσεων
2629 651 2742 700 κατ’
2802 645 3146 724 ἀμφοτέρους
3217 649 3346 712 τοὺς
3423 650 3606 726 ὅρους,
3650 661 3744 724 τῆς
3796 657 3872 728 μὲν

2255 733 2456 802 τάξεως
2487 737 2595 788 τῶν
2630 734 2770 810 ὅρων
2822 731 3218 810 ἀμειϐομένης,
3249 744 3346 794 τοῦ
3391 737 3449 795 δὲ
3497 747 3656 797 ποιοῦ
3698 741 3875 821 φυλατ-

2255 823 2489 894 τομένου
2525 823 2659 894 μετά
2686 826 2782 878 τοῦ
2814 822 3224 895 συναληθεῦειν.

2330 907 2432 966 λα’.
2491 910 2638 964 Ἐπεὶ
2697 909 2755 966 δὲ
2809 913 2925 967 κατ’
2989 911 3129 976 εἶδος
3205 914 3455 994 τέσσαρες
3512 919 3569 973 αἱ
3622 922 3874 996 προτάσεις

2259 997 2380 1069 εἰσί,
2433 998 2670 1062 καθόλου
2725 1003 3082 1079 καταφατική,
3133 1001 3373 1059 καθόλου
3430 1005 3752 1085 ἀποφατικὴ,
3797 1031 3874 1082 με·

2259 1089 2383 1162 ρικὴ
2438 1090 2796 1165 κπαφατική,
2861 1092 3057 1166 μερική
3126 1093 3476 1170 ἀποφατικήο
3531 1099 3565 1166 ἡ
3630 1098 3720 1171 μὲν
3767 1110 3872 1162 καθ-

2262 1174 2395 1229 ὀλου
2459 1179 2794 1255 καταφατική
2847 1179 2983 1256 πρὸς
3054 1182 3153 1250 τήν
3235 1184 3463 1258 μερικὴν
3545 1188 3873 1264 καταφατικήν

2259 1265 2594 1339 ἀντιστρέφει
2652 1268 2788 1321 κατὰ
2857 1270 2957 1338 τὴν
3040 1269 3292 1346 ῥηθεῖσαν
3371 1274 3726 1354 ἀντιστροφὴν
3793 1276 3873 1344 τήν

2257 1352 2470 1423 ἁπλῆν·
2531 1357 2666 1429 οἷον,
2729 1363 2839 1421 Πᾶς
2898 1356 3181 1436 ἅνθρωπος
3244 1366 3427 1431 ζῶονο
3484 1365 3596 1435 καὶ,
3640 1352 3710 1423 Ti.
3763 1369 3872 1434 ζῶον

2258 1438 2562 1518 ἅνθρωπος.

2329 1528 2438 1606 λβ’.
2471 1533 2531 1587 Ἡ
2581 1530 2639 1588 δὲ
2687 1534 2922 1591 καθόλου
2977 1537 3286 1616 ἀποφατικὴ
3339 1541 3479 1616 πρὸς
3522 1541 3730 1612 ἑαυτὴν,
3761 1544 3870 1612 οἷον,

2257 1617 2443 1707 Οὐδεὶς
2497 1619 2778 1699 ἄνθρωπος
2837 1621 3037 1702 ἄλογός
3093 1625 3241 1683 ἐστι·
3297 1629 3411 1702 καὶ,
3472 1627 3633 1686 Οὐδὲν
3699 1628 3869 1707 ἄλογον

2258 1705 2541 1783 ἅνθρωπός
2573 1709 2704 1768 ἐστι.

2330 1793 2430 1873 λγ’.
2461 1798 2559 1852 Καὶ
2613 1801 2648 1869 ἡ
2709 1803 2905 1878 μερική
2962 1799 3020 1857 δὲ
3091 1807 3430 1883 καταφατικὴ
3504 1807 3639 1883 πρὸς
3710 1806 3869 1874 ἑαυτήν

2258 1886 2620 1965 ἀντιστρέφει·
2683 1890 2820 1962 οῖον,
2879 1891 2970 1953 Τὶς
3046 1890 3330 1970 ἅνθρωπος
3406 1892 3622 1969 λευκὸς,
3676 1895 3778 1968 καὶ,
3825 1895 3870 1948 Τῖ

2258 1972 2449 2030 λευκὸν
2480 1977 2781 2052 ἅνθρωπος.

2328 2062 2428 2118 λδ’.
2466 2067 2527 2121 Ἡ
2559 2063 2615 2120 δέ
2661 2088 2724 2142 γε
2781 2070 2976 2145 μερικὴ
3036 2071 3344 2148 ἀποφατική
3412 2072 3502 2128 ἐπὶ
3564 2075 3735 2148 μόνων
3782 2077 3868 2128 τῶν

2255 2150 2628 2230 ἐνδεχομένων
2682 2159 3020 2233 πραγμάτων
3088 2160 3427 2240 ἀντιστρέφει
3491 2164 3625 2240 πρὸς
3671 2164 3867 2232 ὲαυτην·

2255 2242 2390 2314 οἷον,
2467 2242 2539 2296 Οὐ
2610 2250 2716 2307 πᾶς
2791 2244 3071 2322 ἄνθρωπος
3153 2246 3617 2314 πενταδάκτυλος·
3669 2249 3772 2322 καὶ,
3815 2249 3869 2304 Οὐ

2253 2337 2355 2385 πᾶν
2413 2331 2844 2388 πενταδάκτυλον
2908 2333 3223 2412 ἄνθρωπος·
3284 2338 3374 2393 ἐπὶ
3430 2337 3489 2395 δὲ
3542 2345 3648 2396 τῶν
3719 2337 3871 2394 ἄλλων

2255 2417 2377 2474 οὔτε
2432 2421 2570 2496 πρὸς
2631 2421 2824 2492 ἑαυτὴν
2879 2423 3236 2504 ἀντιστρέφει,
3297 2423 3428 2483 οὔτε
3479 2429 3614 2504 πρὸς
3667 2429 3758 2498 τὴν
3799 2446 3870 2480 και

2255 2506 2421 2572 θόλου
2477 2510 2839 2588 ἀποφατικήν.
2876 2511 2934 2566 Εἰ
2988 2515 3088 2589 γὰρ
3147 2511 3429 2589 εἷίποιμεν,
3481 2517 3554 2572 Οὐ
3610 2522 3708 2572 πᾶν
3759 2519 3867 2584 ζῶον

2247 2594 2437 2671 ἵππος,
2472 2597 2533 2653 οὐ
2566 2596 2839 2673 δυνάμεθα
2871 2601 3040 2656 εἰπεῖν
3071 2601 3180 2677 καί,
3214 2602 3288 2658 Οὐ
3337 2611 3450 2668 πᾶς
3502 2604 3670 2668 ἵππος
3728 2608 3866 2674 ζῶον·

2251 2685 2310 2758 ἢ,
2371 2684 2558 2750 Οὐδεὶς
2625 2687 2798 2752 ἵππος
2887 2695 3061 2759 ζῶον·
3143 2697 3248 2755 πᾶς
3333 2693 3442 2770 γὰρ
3517 2692 3683 2756 ἵππος
3762 2687 3868 2761 ζῶόν

2254 2773 2417 2833 ἐστιν.
2459 2777 2611 2831 Ὅθεν
2668 2777 2758 2832 καὶ
2817 2776 3277 2854 ἀποδοκιμάζεται
3326 2783 3363 2852 ἡ
3425 2781 3738 2861 ἀντιστροφὴ
3788 2781 3865 2847 τῆς

2253 2863 2315 2919 οὐ
2344 2869 2472 2927 πᾶς.

2322 3127 2417 3187 λε’.
2451 3128 2608 3186 Ἀλλ’
2638 3128 2753 3187 οὐδ’
2797 3134 2832 3202 ἡ
2877 3132 3114 3189 καθόλου
3169 3134 3484 3215 ἀποφατική
3539 3137 3627 3194 ἐπί
3681 3158 3737 3213 γε
3782 3137 3867 3190 τῶν

485 3227 646 3283 tibus
677 3227 916 3298 quidem
949 3228 1124 3283 rebus
1165 3226 1224 3281 in
1256 3225 1511 3297 seipsam
1558 3225 1708 3281 325
1760 3223 2133 3280 convertitur.
2168 3240 2170 3262 ε

2265 3217 2620 3296 ἑνδεχομένων
2698 3220 3033 3301 ἀντιστρέφει
3104 3223 3242 3297 πρὸς
3295 3225 3518 3298 ἑαυτήν,
3578 3233 3721 3283 ’Ἐστι
3791 3223 3864 3297 μὲν

487 3315 689 3372 Dicere
717 3315 875 3371 enim
906 3315 1041 3371 licet
1061 3315 1215 3387 quod
1247 3313 1546 3385 contingat
1574 3311 1804 3368 nullum
1837 3313 2135 3368 hominem

489 3403 709 3472 lavare;
743 3421 862 3459 non
899 3403 1035 3459 licet
1083 3410 1302 3470 autem,
1335 3402 1712 3458 conversione
1743 3401 1914 3468 facta,
1947 3403 2138 3457 dicere

492 3493 649 3564 quod
681 3493 982 3565 contingat
1024 3492 1255 3548 nullum
1286 3490 1486 3546 levans
1516 3507 1644 3547 esse
1674 3491 1995 3546 hominem.
2029 3491 2136 3546 La-

491 3585 588 3636 vat
633 3581 790 3637 enim
840 3597 1028 3652 equus
1080 3586 1136 3636 et
1189 3579 1327 3647 bos;
1388 3595 1492 3634 nec
1543 3596 1747 3635 verum
1802 3584 1892 3635 est
1948 3579 2140 3635 dicere

493 3671 650 3742 quod
683 3670 988 3742 contingat
1034 3674 1100 3725 ut
1148 3685 1337 3740 equus
1368 3674 1424 3724 et
1470 3670 1576 3724 bos
1632 3686 1748 3724 non
1807 3669 1884 3723 sit
1940 3668 2135 3724 homo.

492 3759 740 3816 Necesse
770 3759 925 3814 enim
957 3759 1152 3830 potius
1181 3763 1271 3814 est
1318 3758 1438 3814 haec
1487 3775 1602 3813 non
1635 3774 1763 3812 esse
1793 3757 2089 3813 hominem
2125 3774 2138 3812 :

491 3849 604 3904 hoc
644 3854 752 3916 est,
784 3847 1151 3920 impossibile
1201 3851 1292 3903 est
1344 3864 1560 3918 equum
1621 3853 1720 3902 aut
1777 3848 1982 3902 bovem
2013 3863 2142 3902 esse

488 3937 810 3994 hominem.
843 3937 1003 4001 Quod
1055 3936 1209 3992 enim
1255 3951 1490 3992 necesse
1537 3940 1627 3991 est
1678 3952 1793 3991 non
1851 3952 2000 4004 esse,
2034 3935 2142 3991 hoc

488 4023 855 4098 impossibile
885 4028 975 4079 est
1003 4039 1151 4079 esse.
1177 4023 1340 4088 Quod
1381 4026 1575 4078 autem
1609 4028 1799 4095 potest
1822 4027 1900 4094 {et
1929 4039 2058 4079 esse
2089 4028 2145 4078 et

489 4129 605 4170 non
637 4129 786 4184 esse,
823 4113 928 4168 hoc
959 4112 1296 4184 contingere
1326 4111 1597 4167 dicimus.

2245 3311 2350 3385 γὰρ
2423 3308 2616 3379 εἰπεῖν,
2667 3310 2742 3372 ὡς
2825 3309 3099 3388 ἐνδέχεται
3163 3311 3373 3388 μηδένα
3432 3319 3707 3394 ἄνθρωπον
3759 3311 3864 3370 λού-

2248 3409 2464 3461 σασθαι·
2528 3397 2626 3452 οὐκ
2691 3393 2804 3453 ἔστι
2881 3396 2938 3454 δὲ
3010 3400 3099 3455 καὶ
3177 3393 3625 3480 ἀντιστρέψαντας
3704 3403 3861 3470 εἰπεῖν,

2248 3485 2332 3540 ὅτι
2392 3483 2663 3562 ἐνδέχεται
2722 3484 2928 3560 μηδένα
3003 3488 3298 3564 λουόμενον
3386 3492 3661 3571 ἄνθρωπον
3737 3490 3860 3547 εἶναι.

2249 3575 2474 3630 Λούεται
2533 3577 2634 3651 γὰρ
2691 3576 2782 3630 καὶ
2823 3574 2996 3640 ἵππος
3069 3579 3158 3633 καὶ
3239 3581 3394 3656 βοῦς,
3453 3584 3545 3638 καὶ
3611 3582 3705 3638 οὐκ
3744 3577 3856 3634 ἔστιν

2249 3663 2450 3735 ἀληθὲς
2498 3664 2561 3718 τὸ
2621 3662 2798 3739 λέγειν
2849 3666 2942 3720 τὸν
2994 3663 3164 3722 ἵππον
3195 3668 3231 3738 ἢ
3276 3671 3368 3724 τὸν
3407 3672 3535 3748 βοῦν
3587 3668 3858 3745 ἐνδέχεσθαι

2255 3755 2329 3826 μὴ
2386 3753 2520 3808 εἶναι
2581 3750 2890 3829 ἄνθρωπον.
2953 3756 3194 3831 Ἀνάγκη
3273 3759 3380 3836 γὰρ
3461 3759 3669 3834 μᾶλλον
3725 3761 3863 3813 ταῦτα

2255 3843 2330 3914 μὴ
2401 3842 2529 3897 εἶναι
2590 3839 2910 3917 ἄνθρωπον·
2967 3846 3240 3901 τουτέστιν
3303 3845 3562 3906 ἀδύνατον
3621 3849 3747 3904 εἶναι
3792 3844 3863 3898 τὸν

2245 3929 2414 3986 ἵππον
2466 3931 2501 4000 ἢ
2558 3931 2649 3986 τὸν
2715 3933 2841 4005 βοῦν
2903 3929 3211 4010 ἄνθρωπον.
3268 3937 3330 3990 Ὃ
3381 3940 3487 4015 γὰρ
3562 3938 3751 4013 ἀνάγκη
3803 3931 3864 4005 μὴ

2253 4020 2409 4089 εἶναι,
2440 4021 2587 4074 τοῦτ’
2619 4017 2879 4076 ἀδύνατον
2931 4021 3096 4076 εἶναι·
3159 4023 3188 4078 ὃ
3238 4021 3296 4078 δὲ
3347 4021 3566 4082 δύναται
3622 4025 3706 4081 καὶ
3758 4021 3865 4077 εἶναι

2251 4109 2342 4164 καὶ
2378 4109 2452 4182 μὴ
2482 4108 2639 4179 εἶναι,
2670 4110 2820 4164 τοῦτ’
2849 4106 3160 4186 ἐνδέχεσθαι
3193 4111 3446 4190 λέγομεν.

1462 4233 1677 4291 Tabula
1705 4236 1904 4307 capitis
1932 4236 2022 4306 31,
2052 4235 2118 4293 de
2147 4235 2467 4309 syllogismo
2496 4243 2548 4291 et
2576 4235 2940 4294 conversione.

551 4443 920 4515 Syllogismus
951 4448 1175 4498 vocatur
1235 4345 1270 4611 ἱ

573 4695 728 4750 326
768 4692 1136 4762 Syllogismus

721 4765 871 4820 alius
898 4771 982 4819 est

1335 4909 1432 4958 aut
1459 4904 1672 4973 minus,

1336 4983 1426 5030 aut
1460 4974 1706 5056 aquale;

1336 5063 1455 5104 non
1486 5063 1706 5102 minus.

1331 5157 1429 5210 aut
1457 5153 1671 5220 minus,

1331 5233 1427 5281 aut
1455 5223 1704 5306 aequale;

1332 5312 1450 5353 non
1482 5312 1684 5367 majus.

514 4943 894 5000 Praedicatum
935 4941 1189 5012 subjecto

692 5013 860 5070 debet
888 5029 1014 5069 esse

693 5264 858 5321 debet
887 5278 1010 5319 esse

1463 5483 1650 5531 catum
1683 5475 1940 5530 venimus

1330 5563 1397 5603 ex
1425 5547 1730 5629 praedicam
1771 5547 1840 5629 ad
1881 5547 2072 5616 subje-

1473 5625 1629 5676 ctum
1672 5625 1931 5675 venimus

478 5476 540 5532 In
570 5477 1055 5548 proposmonibus
1074 5476 1199 5532 aﬂir

513 5194 841 5264 Subjectum
885 5192 1184 5261 praedicam
1232 5159 1260 5358 ξ

693 5264 858 5321 debet
887 5278 1010 5319 esse

669 5477 1055 5547 posmenibus
1074 5452 1257 5680 τισὶν-ἰ

669 5548 954 5606 ulantibus
982 5551 1028 5604 si

1332 5421 1400 5460 ex
1451 5402 1706 5473 subjecto
1752 5404 1819 5458 ad
1871 5404 2073 5473 praedi-
2137 5417 2155 5456 γ

1343 4333 1675 4410 plerumque
1700 4341 1877 4389 totum
1910 4334 2198 4410 boc,_duee
2227 4335 2642 4410 pr0positiones
2671 4335 3252 4410 cum__concl_usione;
3278 4345 3574 4410 quatenus
3599 4334 3863 4410 deﬁnitur;

1414 4405 1778 4475 syllogismus
1808 4413 1891 4482 est
1920 4406 2096 4462 oratio
2145 4407 2206 4482 in
2227 4402 2366 4476 _qua
2409 4405 2607 4476 positis
2653 4405 2942 4482 aliquibus
2965 4408 3124 4482 aliud
3155 4402 3290 4480 quid
3312 4402 3412 4466 'ab
3458 4412 3529 4468 iis
3575 4425 3693 4482 quae
3718 4402 3864 4478 posit!

1413 4483 1545 4531 sunt
1576 4492 1641 4532 ex
1674 4477 2007 4533 necessitate
2036 4478 2244 4544 evenit,
2277 4484 2574 4548 propterea
2601 4478 2747 4546 quod
2783 4476 2902 4532 haec
2931 4479 3081 4548 sint;

1341 4548 1625 4603 interdum
1655 4549 1825 4603 etiam
1854 4549 1976 4618 ipsa
2005 4548 2317 4605 conclusio.

1337 4654 1600 4725 simplex,
1631 4655 1723 4724 qui
1756 4670 1823 4710 ex
1853 4654 2076 4711 duabus
2109 4653 2590 4726 propositionibus
2618 4662 2674 4726 et
2695 4655 3070 4713 conclusione
3094 4665 3348 4726 constat;

1336 4717 1706 4802 compositus,
1739 4726 1845 4802 q_ui_
1865 4741 1934 4782 ex
1981 4717 2242 4797 pluribus
2291 4725 3022 4802 propositionibusconstat
3051 4735 3105 4785 et
3138 4729 3212 4802 in
3263 4717 3347 4785 tot
3392 4729 3672 4802 simplices
3713 4717 3850 4794 syllo-

1405 4798 1618 4868 gismos
1649 4795 2130 4870 resolutum—quot
2167 4795 2337 4870 supra
2366 4795 2505 4855 duas
2534 4795 2675 4854 alias
2705 4797 2873 4854 habet
2901 4799 3316 4871 proportiones.

3147 5405 3210 5463 in
3235 5411 3351 5464 toto

2505 5513 2715 5570 dicitur
3038 5425 3073 5694 ἱ

3141 5622 3212 5682 de
3235 5620 3393 5687 omni
