4094 6428
244 414 357 479 941

244 622 315 675 In
364 619 846 691 propositionibus
884 636 991 678 ne-

552 622 846 677 sitionibus
884 622 1025 747 ne-z
1225 628 1414 677 catum
1446 622 1725 690 venimus,

552 690 682 747 tivis
716 694 768 747 si
1103 709 1169 747 ex
1222 693 1523 747 nraadicato
1553 692 1621 747 ad
1654 707 1718 747 su

481 707 682 762 gauvis
716 707 768 748 ει

1103 709 1169 749 ex
1221 693 1523 763 praedicato
1553 692 1621 747 ad
1654 691 1843 762 subje-

1193 767 1353 820 ctum
1380 763 1764 820 convertimur

1608 414 1957 477 EPITOME
2005 414 2307 478 LOGICA.

1103 564 1172 606 ex
1221 548 1474 620 subjecto
1520 549 1586 633 ad
1638 548 1848 621 praedi-

1225 628 1414 677 calum
1446 636 1725 690 venimus,

1103 709 1169 749 θπ
1194 691 1843 793 ..ἓξῗίάῖθέὲῖηῗέςὲὲ¹3.⁵θ“
1916 561 1948 793 ἔ

3540 418 3660 476 942

2917 563 3039 604 non
3068 547 3130 603 in
3169 553 3303 603 toto.

2278 655 2487 711 dicitur

2920 760 2993 817 de
3023 760 3205 816 nullo.

1105 867 1366 925 terminis
1396 886 1410 925 :
1442 876 1522 937 ut,
1555 872 1721 925 Pater
1749 874 1833 925 est
1860 866 1966 923 ﬁlii
2001 867 2177 936 Pater,
2204 874 2258 924 et
2287 866 2438 925 ﬁlius
2468 868 2642 939 patris
2672 866 2854 935 ﬁlius;

285 941 437 1000 837
471 943 773 1015 Conversio
801 958 960 1015 spec-

475 1021 563 1070 tur
590 1014 678 1071 vel
709 1014 771 1072 in

1179 1086 1374 1140 fertur.

1104 940 1613 1012 pmpositionibus,
1641 942 1711 996 de
1738 956 1847 1010 qua
1875 946 2096 1012 postea;

1105 1007 1484 1083 syllogismis,
1544 1007 1675 1069 cum
1743 1007 2113 1068 conclusione
2175 1017 2408 1082 accepta
2462 1019 2517 1067 et
2572 1011 2748 1067 altera
2807 1011 3232 1082 praemissarum
3298 1007 3516 1081 reliqua
3570 1008 3666 1066 in-

1103 1189 1240 1247 ordo
1269 1190 1644 1247 terminorum
1682 1195 1952 1259 servatur,
1983 1185 2104 1243 sola
2152 1189 2394 1259 qualitas
2427 1196 2690 1257 mutatur,
2724 1195 2778 1243 et
2824 1193 2907 1259 est
2952 1187 3291 1258 contingens
3321 1186 3663 1259 conversio:

250 1451 317 1526 lu
363 1470 736 1555 conversione
783 1484 960 1542 propo

486 1551 759 1598 sitionum

1178 1687 1250 1741 do
1274 1687 1649 1742 terminorum
1672 1694 1855 1741 muta-

1180 1764 1298 1825 tur;
1323 1764 1377 1813 et
1398 1757 1639 1827 simplex
1660 1763 1852 1828 appet-

1181 1829 1356 1897 latur;
1389 1836 1584 1899 estque
1611 1829 1698 1884 vel

1110 1935 1486 2005 quantitatem

1110 2074 1442 2146 qualitatem
1868 1944 1893 2146 ἒ

1106 1614 1349 1686 qualitas
1365 1621 1636 1685 servatur,
1650 1613 1748 1670 sed
1768 1630 1856 1670 or-

1178 1687 1250 1741 do
1274 1687 1649 1742 tcrminorum
1672 1694 1855 1741 muta-

1180 1764 1298 1825 tur;
1323 1764 1377 1813 et
1398 1757 1639 1827 simplex
1660 1622 1903 1876 appet-2

1181 1829 1356 1876 lamr:
1389 1836 1584 1876 estque
1611 1829 1695 1876 vel

280 1964 596 2036 Propositio
619 1965 863 2022 deterior
892 1974 975 2022 est
1012 1937 1039 2145 ἱ

468 2038 784 2094 secundum

468 2038 784 2094 secundum
1012 2038 1039 2145 ξ
1110 2074 1442 2147 qualitatem

1103 1200 1240 1247 ordo
1269 1200 1644 1247 terminorum
1682 1200 1952 1256 servatur,
1983 1200 2104 1243 sora
2152 1200 2394 1259 qualitas
2427 1200 2690 1257 mutatur,
2724 1200 2778 1243 et
2824 1200 2907 1243 est
2952 1200 3291 1258 contingens
3321 1201 3616 1244 conversto
3649 1202 3663 1241 :

1174 1261 1524 1385 3t,.tAliquis
1574 1260 1743 1316 homo
1790 1258 1955 1329 lavat,
2011 1259 2233 1327 Aliquis
2281 1260 2452 1317 homo
2512 1276 2629 1317 non
2682 1261 2848 1315 lavat.
2880 1258 2948 1314 Et
3004 1259 3315 1329 improprie
3371 1256 3667 1315 conversio

1105 1346 1614 1458 neclferlbliinorum
1647 1401 1785 1457 ordo
1818 1416 1922 1455 nec
1952 1400 2193 1471 qualitas
2237 1408 2520 1465 servatur;
2555 1409 2608 1456 et
2639 1409 2720 1457 est
2748 1402 3041 1457 conversio
3090 1415 3188 1471 per
3234 1384 3667 1471 contrapositio-

1181 1490 1348 1541 nem;
1380 1484 1459 1541 ut,
1495 1475 1672 1529 Homo
1702 1477 1789 1528 est
1816 1472 2061 1539 animal;
2094 1480 2167 1539 et,
2199 1474 2356 1537 Quod
2393 1489 2507 1528 non
2537 1481 2620 1528 est
2648 1472 2858 1528 animal
2895 1488 3012 1527 non
3043 1478 3127 1526 est
3158 1470 3347 1527 homo.

1106 1613 1748 1686 qualitasservatur,sed
1768 1630 1856 1670 or-
1965 1614 2207 1685 simplex
2256 1615 2670 1685 homonyma»,
2704 1621 2784 1681 ut,
2815 1612 3021 1670 Nullus
3067 1611 3241 1671 homo
3286 1620 3371 1670 est
3423 1612 3590 1685 lapis,
3618 1618 3667 1669 et

1178 1687 1250 1741 do
1274 1687 1649 1742 terminorum
1672 1694 1855 1741 muta-
2036 1684 2233 1741 nullus
2266 1686 2408 1757 lapis
2438 1695 2525 1742 est
2558 1687 2750 1753 homo,

1180 1622 1900 1859 li’ﬁé.‘i‘§if‘ltle§f.PP°"i
1966 1757 2731 1859 υεξηδεοῑὲίειξιιυέελφεὲ
2779 1755 2949 1812 ιιοπιο
2979 1762 3063 1811 εει
3089 1755 3336 1823 anim“
3368 1761 3445 1823 ειν
3485 1754 3667 1821 θυοδ·

1217 1346 1402 1387 lculll‘.

1105 1384 1614 1458 ncc'terrninorum
1647 1401 1785 1457 ordo
1818 1416 1922 1455 nec
1952 1400 2193 1471 qualitas
2237 1408 2520 1465 servatur;
2555 1409 2608 1456 et
2639 1409 2720 1457 est
2748 1402 3041 1457 conversio
3090 1415 3188 1471 per
3234 1384 3667 1471 contrapositio-

1181 1490 1348 1541 nem;
1380 1484 1459 1541 ut,
1495 1475 1672 1529 Homo
1702 1477 1789 1528 est
1816 1470 2061 1539 animal;
2094 1480 2167 1539 et,
2199 1474 2356 1537 Quod
2393 1489 2507 1528 non
2537 1481 2620 1528 est
2648 1472 2858 1528 animal
2895 1488 3012 1527 non
3043 1478 3127 1526 est
3158 1470 3347 1527 homo.

1965 1614 2207 1685 simplex
2256 1615 2670 1685 homonyma»,
2704 1621 2784 1681 ut,
2815 1612 3021 1670 Nullus
3067 1611 3241 1671 homo
3286 1620 3371 1670 est
3423 1612 3590 1685 lapis,
3618 1618 3676 1669 et

2036 1684 2233 1741 nullus
2266 1686 2408 1757 lapis
2438 1684 2525 1742 εει
2558 1687 2750 1753 homo,

1966 1771 2067 1827 per
2094 1754 2383 1823 accidens,
2416 1765 2496 1826 ut,
2529 1758 2731 1813 Omnis
2779 1755 2949 1812 homo
2979 1762 3063 1811 est
3089 1755 3336 1823 animal;
3368 1761 3445 1823 et,
3485 1754 3673 1821 Quod-

2037 1828 2168 1883 dam
2199 1827 2410 1884 animal
2436 1835 2521 1884 est
2552 1830 2743 1885 homo.

2043 1935 2349 1993 universali
2393 1935 2752 2006 particularis
2838 1933 2857 2006 ί
2935 1935 3028 1990 sed
3075 1933 3409 2006 deteriorem
3460 1937 3674 2006 partem

2935 1935 3028 1990 sed
3075 1933 3409 1990 deteriorem
3460 1937 3674 2004 partem

3003 2020 3098 2062 seu
3124 2005 3474 2076 praemissam
3493 2002 3678 2075 sequi-

2832 1933 2857 2153 ;
3004 2085 3094 2133 tur
3123 2075 3437 2134 conclusio.

2073 2075 2398 2134 afﬁrmante
2428 2092 2642 2149 negans
2834 2075 2856 2149 Ι
3004 2085 3094 2133 tur
3123 2075 3437 2134 conclusio.

1360 2282 1523 2342 828
1577 2281 1951 2344 SYNOPSIS
2002 2283 2304 2344 CAPlTlS
2351 2283 2591 2345 XXXII.

1475 2404 1631 2458 QUOD
1675 2404 1785 2450 EST
1828 2404 1905 2450 DE
1947 2406 2164 2450 TBIBUS
2206 2406 2473 2452 FIGURIS.

255 2503 317 2562 ι·
356 2499 529 2587 Οτιρά
554 2509 612 2587 εἰ
639 2520 827 2587 Quare
856 2503 920 2587 ίῃ
946 2501 1287 2587 syllogismo
1313 2504 1584 2587 simplici
1597 2514 1714 2565 tres
1739 2504 1874 2587 sint
1883 2505 2142 2587 proprie
2161 2506 2426 2566 termini.
2459 2542 2538 2550 —
2593 2508 2654 2567 2.
2687 2505 2798 2567 Illi
2821 2506 3063 2568 termini
3072 2504 3199 2587 qui
3219 2500 3512 2587 et_qua_les
3537 2499 3680 2587 siut.

333 2617 414 2626 —
441 2584 502 2668 3_.
533 2580 1298 2668 Exemplarisdeclaratio.
1333 2580 1498 2644 -’4.
1534 2580 1962 2668 Communis—et
1985 2580 2211 2668 medius
2243 2587 2529 2646 terminus
2557 2606 2617 2668 in
2663 2580 3181 2668 propositionibus
3211 2580 3532 2668 trifariam
3560 2580 3680 2641 dtis-

332 2661 609 2747 ponitur.
642 2660 1010 2747 ~——5._Hinc
1058 2673 1172 2747 tres
1216 2664 1436 2747 ﬁgurae
1479 2664 1963 2745 syllogismorum
1989 2667 2314 2747 oriuntur.
2347 2701 2425 2711 —-
2455 2668 2514 2747 6.
2553 2660 2786 2728 Ρνῦηᾱ
2805 2667 3033 2747 ﬁgura.
3072 2667 3233 2747 —;77.
3269 2660 3568 2747 Secunda.
3602 2694 3683 2703 —

337 2741 418 2826 8._
437 2741 678 2826 Tertia.
698 2777 773 2788 —
801 2745 863 2826 9.
899 2741 1296 2826 Singularum
1323 2741 1665 2826 ﬁgurarum
1694 2754 1838 2825 quot
1865 2745 2413 2826 modifyllogistici
2440 2745 2503 2804 in
2530 2748 2740 2826 specie.
2775 2741 2960 2808 4-le
2996 2744 3167 2809 Medi
3187 2742 3553 2826 syllogistici
3573 2758 3684 2800 cur

335 2822 513 2914 etiam
546 2823 990 2914 coniugationes
1016 2822 1395 2914 syllpgzitiea?
1440 2822 1743 2914 dicantur.
1777 2860 1855 2869 —
1884 2827 1979 2884 11.
2018 2822 2379 2914 Ρτξρανὰνμτη
2430 2822 2613 2914 trium
2637 2837 2788 2914 φησι
2812 2822 3683 2914 syllogisticw_'conj}tgatzbnes

336 2903 456 2962 sint
488 2903 550 2985 in
579 2903 943 2985 universum.
976 2903 1061 2948 -ξ
1083 2903 1186 2965 12.
1220 2904 1429 2965 Trium
1458 2904 1798 2984 ﬁgurarum
1829 2924 1959 2985 qua:
1991 2903 2343 2967 communia.
2376 2940 2456 2951 —
2487 2910 2583 2968 13.

2674 2926 2773 2988 uae
2798 2902 3057 2988 propria
3102 2907 3313 2988 nmina?
3342 2902 3578 2988 ﬁgurae:
3609 2933 3684 2947 --

341 2985 437 3066 14.
475 2981 616 3057 Qum
643 2982 930 3066 secunda.
964 3018 1043 3027 -—
1074 2988 1168 3066 15.
1209 2985 1349 3066 Quae
1379 2981 1586 3045 tertiae.
1622 3019 1700 3028 —
1733 2981 2205 3046 i6fAdmonitio
2235 2986 2306 3046 de
2342 2981 2855 3048 commumtatibas
2887 2981 3069 3047 trium
3098 2981 3685 3066 ﬁgurarum_ubiqu€

339 3062 736 3148 oéserqandis.
773 3097 849 3108 -—-
880 3067 979 3148 17.
1016 3064 1173 3126 Urdo
1218 3065 1583 3145 ﬁgurarum.
1618 3099 1695 3110 —
1727 3067 1822 3148 18.
1861 3065 2039 3148 Ratio
2083 3066 2331 3127 ordinis.
2354 3102 2444 3148 γ-
2487 3069 2588 3128 19.
2644 3068 2878 3148 Repetit
2925 3067 3086 3148 quod
3098 3062 3294 3126 'modi
3331 3062 3692 3145 syllogistici

338 3144 462 3203 sint
485 3142 862 3224 singularum
888 3142 1250 3225 ﬁgurarum,
1273 3142 1339 3206 ἐτ
1366 3164 1603 3206 causam
1634 3146 1929 3206 variantis
1955 3165 2189 3207 numer:
2218 3147 2500 3228 explicat.

880 3385 1136 3439 ΚΕΦΔΛ.
1178 3383 1298 3438 ΑΒ’.

684 3469 817 3547 Περὶ
844 3474 952 3525 τῶν
980 3474 1148 3548 τριῶν
1179 3470 1505 3546 σχημάτων.

334 3559 401 3615 α’.
451 3559 537 3613 Ἔν
586 3561 666 3630 τῷ
715 3556 877 3631 ἁπλῷ
941 3556 1305 3635 συλλογισμῷ
1350 3565 1498 3635 τρεῖς
1544 3559 1751 3636 κυρίως
1799 3558 1921 3635 ὅροι

262 3645 405 3702 εἷσε.
470 3645 574 3701 Δύο
628 3647 733 3724 γὰρ
793 3646 1083 3724 προτάσεις
1138 3648 1166 3703 6
1223 3645 1433 3711 ἁπλοὺς
1490 3644 1605 3725 ἔχει
1655 3646 1919 3724 συλλογι-

261 3734 420 3809 σμὸς,
460 3735 533 3791 ὧν
592 3735 788 3807 ἑκάστη
850 3732 947 3791 δύο
1004 3737 1261 3807 κέκτηται
1322 3734 1504 3813 ὅρους
1564 3734 1658 3792 ἕνα
1708 3737 1922 3793 ὑποκεί-

268 3844 451 3898 μενον,
509 3823 600 3880 καὶ
665 3820 758 3880 ἕνα
807 3825 1283 3903 κατηγορούμενον
1320 3868 1331 3880 .
1392 3825 1551 3882 Ἀλλ’
1624 3823 1761 3881 ἴδιον
1828 3827 1921 3900 μὲν

264 3911 384 3990 ἔχει
414 3912 506 3969 τὸν
538 3908 633 3968 ἕνα
675 3919 787 3969 τῶν
839 3913 1002 3990 ὅρων,
1055 3915 1147 3970 τὸν
1197 3912 1256 3970 δὲ
1280 3912 1476 3971 λοιπὸν
1506 3919 1574 3990 τῇ
1608 3916 1764 3991 ἑτέρᾳ
1790 3936 1922 3991 προ-

262 4002 413 4057 τάσει
442 4001 648 4060 κοινόν.

342 4091 411 4165 β’.
467 4092 629 4146 ’Ὡστε
683 4096 832 4168 τρεῖς
892 4088 1013 4167 ὅροι
1051 4091 1145 4146 τὸν
1196 4089 1403 4147 ἁπλοῦν
1453 4097 1735 4147 συνιστῶσι
1795 4093 1923 4147 συλ-

269 4178 557 4256 λογισμόνο
591 4179 645 4234 οἱ
677 4176 773 4258 δύο
809 4176 962 4250 ἴδιοι,
993 4180 1083 4236 καὶ
1114 4181 1143 4236 6
1171 4180 1382 4244 κοινός.
1421 4183 1484 4235 O't
1536 4182 1628 4255 μὲν
1662 4179 1754 4236 οὖν
1793 4178 1922 4236 ἴδιοι

268 4269 448 4346 ἄκρου
482 4268 511 4324 6
542 4264 600 4324 δὲ
627 4268 808 4332 κοινὸς
839 4270 1023 4342 μέσος.

341 4445 390 4520 γ’
424 4486 438 4501 .
498 4446 624 4501 Οἴον
677 4441 815 4501 ἔστω
882 4445 1143 4522 πρότασις
1178 4488 1193 4516 ,
1248 4447 1305 4500 'O
1379 4444 1666 4523 ἄνθρωπος
1740 4450 1874 4516 ζῶον
1914 4486 1926 4500 .

267 4533 461 4610 Ἑτέρα
513 4532 797 4612 πρότασις,
856 4535 927 4590 Τὸ
986 4539 1127 4604 ζῶον
1185 4534 1357 4590 οὐσία.
1415 4534 1643 4597 Ταύταις
1694 4532 1761 4604 δὴ
1808 4540 1928 4598 ταῖς

273 4618 396 4677 δυσὶ
450 4623 739 4699 προτάσεσι
808 4623 873 4679 τὸ
933 4628 1071 4693 ζῶον
1130 4623 1257 4701 ὅρος
1312 4623 1512 4686 κοινός·
1574 4625 1602 4679 ὁ
1661 4621 1719 4678 δὲ
1770 4623 1929 4687 αὐτὸς

273 4709 405 4786 ὅρος
460 4711 552 4766 καὶ
608 4712 772 4785 μέσος
832 4712 993 4769 ἐστίν.
1049 4709 1218 4776 ’Ίδιος
1267 4713 1325 4768 δὲ
1369 4713 1459 4769 καὶ
1507 4710 1669 4789 ἄκρος
1711 4711 1930 4789 ὅροςτῇ

279 4800 375 4873 μὲν
429 4804 537 4855 τῶν
598 4801 911 4876 προτάσεων
978 4801 1006 4857 ὀ
1069 4801 1375 4878 ἅνθρωπος,
1430 4806 1499 4876 τῇ
1562 4799 1620 4857 δὲ
1665 4804 1700 4873 ἡ
1756 4801 1929 4857 οὐσία.

277 4888 649 4964 Συναγόμενοι
700 4887 758 4945 δὲ
805 4892 858 4945 οἱ
901 4911 1063 4968 ακροι
1109 4896 1214 4946 τῶν
1261 4890 1403 4968 ὅρων
1454 4891 1531 4954 εἷς
1586 4893 1785 4964 ταυτὸ,
1843 4890 1931 4946 καὶ

276 4979 394 5033 οῖον
471 4977 747 5052 ἒνούμενοι
824 4978 1188 5057 συμπέρασμα
1257 4979 1499 5057 γίνονται
1538 5024 1550 5037 .
1612 4980 1675 5035 Εἰ
1742 4980 1846 5057 γὰρ
1907 4981 1935 5035 6

278 5063 564 5144 ἅνθρωπος
619 5072 796 5141 ζῶον,
854 5068 945 5123 καὶ
1009 5069 1073 5124 τὸ
1134 5073 1269 5138 ζῶον
1327 5068 1501 5143 οὐσία,
1565 5070 1593 5125 6
1652 5067 1933 5145 ἅνθρωπος

278 5154 437 5210 οὐσία
467 5154 628 5213 ἐστίν.

353 5330 416 5393 δ’.
450 5335 508 5389 Ὀ
546 5332 728 5390 τοίνυν
775 5333 959 5397 κοινὸς
1005 5335 1096 5391 καὶ
1151 5337 1314 5410 μέσος
1353 5336 1504 5415 ὅρος,
1555 5339 1584 5393 6
1632 5334 1714 5401 δὶς
1765 5336 1816 5392 ἐν
1866 5338 1937 5411 τῇ

278 5422 521 5499 συνθήκῃ
575 5428 685 5480 τῶν
742 5423 1054 5502 προτάσεων
1108 5421 1525 5501 λαμϐανόμενος
1581 5426 1617 5497 ἢ
1661 5426 1797 5482 κατᾶ
1842 5427 1935 5500 μὲν

276 5511 380 5581 τὴν
440 5511 565 5586 μίαν
605 5517 714 5568 τῶν
768 5512 1083 5591 προτάσεων
1134 5513 1436 5588 ὐπόκειται,
1477 5515 1752 5571 τουτέστιν
1805 5515 1938 5570 ὑπο-

280 5600 531 5675 κείμενός
561 5601 695 5673 ἐστι,
727 5604 863 5659 κατὰ
904 5600 962 5658 δὲ
988 5604 1088 5675 τήν
1110 5601 1308 5675 μᾶλλην
1350 5609 1751 5681 κατηγορεῖται,
1784 5625 1940 5660 τουτ-

284 5688 400 5748 ἐστι
453 5692 934 5768 κατηγορούμενος
994 5693 1154 5751 ἐστιν·
1214 5695 1249 5766 ἢ
1312 5694 1402 5751 καὶ
1456 5695 1573 5751 κατ’
1631 5692 1796 5776 άμφω
1842 5695 1940 5760 τὰς

1945 3387 2001 3452 Α

2615 3385 2846 3443 CAPUT
2882 3383 3103 3441 XXXII.

2574 3476 2649 3531 De
2692 3477 2874 3531 tribus
2919 3473 3137 3545 ﬁguris.

2103 3565 2154 3619 1.
2190 3563 2252 3618 In
2294 3563 2547 3636 simplici
2597 3563 2935 3637 syllogismo
2982 3568 3103 3619 tres
3157 3560 3390 3635 proprie
3445 3557 3681 3616 termini

2032 3656 2191 3708 sunt.
2217 3657 2370 3708 Duas
2390 3653 2545 3708 enim
2581 3651 3007 3725 propositiones
3029 3650 3280 3724 simplex
3302 3648 3682 3722 syllogismus

2032 3742 2229 3812 habet,
2270 3757 2521 3813 quarum
2581 3746 2833 3813 utraque
2891 3741 3040 3797 duos
3096 3739 3320 3797 obtinet
3374 3736 3680 3803 terminos,

2031 3847 2216 3886 unum
2249 3831 2603 3903 subjectum,
2627 3836 2685 3887 et
2705 3831 2955 3886 alterum
2986 3824 3521 3901 praedicatum.S_ed
3552 3838 3682 3897 pro-

2033 3919 2226 3991 prium
2267 3919 2508 3991 quidem
2556 3918 2731 3975 habet
2778 3935 2964 3974 unum
3004 3917 3348 3988 terminum,
3381 3913 3677 3987 reliquum

2033 4008 2196 4064 alteri
2228 4006 2610 4080 propositioni
2642 4022 3040 4064 communem.
3472 4020 3479 4031 '

2101 4098 2156 4152 2.
2198 4097 2353 4154 829
2413 4099 2601 4162 Quare
2655 4100 2775 4153 tres
2825 4095 3061 4152 termini
3117 4093 3445 4167 simplicem
3502 4090 3686 4165 syllo-

2033 4185 2292 4260 gismum
2341 4186 2755 4241 constituunt:
2789 4185 2906 4241 duo
2961 4184 3177 4258 proprii
3227 4187 3284 4240 et
3329 4180 3684 4239 communis.

2035 4274 2259 4346 Proprii
2290 4274 2525 4346 quidem
2559 4273 2742 4346 igitur
2783 4273 3023 4330 extremi
3060 4291 3073 4330 :
3106 4271 3439 4329 communis
3468 4273 3689 4341 autem,

2039 4363 2289 4419 medius.

2109 4453 2163 4506 3.
2196 4450 2369 4507 Velut
2395 4450 2473 4507 sit
2500 4450 2820 4523 propositio
2845 4467 2858 4506 :
2894 4451 3076 4506 Homo
3105 4455 3197 4506 est
3227 4446 3468 4505 animal.
3494 4446 3695 4502 Altera

2042 4539 2363 4614 propositio
2397 4555 2410 4596 :
2443 4539 2679 4596 Animal
2717 4544 2808 4596 est
2852 4538 3207 4595 substantia.
3237 4536 3341 4593 Bis
3370 4551 3513 4592 sane
3540 4535 3693 4590 dua-

2040 4630 2152 4686 bus
2181 4628 2703 4700 propositionibus,
2735 4627 2974 4700 animal,
3008 4625 3342 4683 communis
3380 4628 3470 4681 est
3498 4622 3697 4680 termi-

2041 4735 2174 4773 nus.
2206 4717 2319 4774 Sed
2350 4722 2410 4774 et
2436 4716 2593 4773 idem
2625 4716 2917 4774 terminus
2954 4716 3131 4773 etiam
3163 4714 3394 4772 medius
3419 4716 3528 4770 est.
3563 4712 3696 4767 Pro-

2043 4806 2206 4879 prius
2256 4809 2453 4861 autem
2511 4811 2568 4861 et
2615 4811 2910 4862 extremus
2965 4804 3258 4861 terminus
3313 4801 3399 4857 illi
3457 4799 3696 4873 quidem

2044 4894 2451 4968 propositioni,
2484 4894 2659 4951 homo
2692 4911 2708 4952 :
2740 4894 2878 4950 huic
2907 4898 3124 4964 autem,
3155 4889 3510 4949 substantia.
3534 4888 3699 4953 Quod

2046 4984 2096 5041 si
2128 4983 2372 5039 extremi
2424 4983 2659 5039 termini
2699 4982 3051 5056 colligantur
3098 4982 3158 5037 in
3206 4996 3391 5037 unum
3441 4982 3499 5034 et
3541 4978 3704 5034 velut

2045 5072 2349 5143 uniantur,
2372 5071 2671 5128 conclusio
2702 5071 3061 5128 efﬁciuntur.
3083 5070 3143 5126 Si
3172 5068 3329 5126 enim
3357 5068 3556 5139 homo,
3580 5066 3705 5122 ani-

2048 5159 2166 5218 mal
2200 5178 2213 5217 :
2245 5165 2303 5217 et
2331 5159 2572 5233 animal,
2605 5159 2971 5230 substantia;
3004 5159 3180 5216 homo
3212 5157 3394 5231 (ergo)
3424 5157 3703 5213 substan-

2047 5250 2133 5307 tia
2165 5253 2274 5307 est.

2120 5340 2173 5394 4.
2208 5338 2551 5396 Communis
2579 5337 2764 5412 igitur
2807 5342 2867 5393 et
2911 5336 3141 5394 medius
3167 5334 3455 5393 terminus
3484 5338 3574 5390 est
3601 5331 3707 5404 qui

2050 5428 2140 5485 bis
2171 5428 2232 5484 in
2283 5426 2750 5501 propositionum
2793 5426 3219 5500 compositione
3266 5423 3574 5497 accipitur,
3607 5425 3710 5477 aut

2048 5517 2111 5573 in
2142 5533 2262 5574 una
2310 5517 2549 5588 quidem
2605 5516 3004 5590 propositione
3062 5514 3395 5586 subjicitur,
3427 5512 3538 5569 hoc
3594 5513 3708 5579 est,

2052 5607 2355 5678 subjectus
2383 5610 2500 5674 est;
2532 5607 2593 5661 in
2642 5605 2826 5661 altera
2870 5622 3006 5663 vero
3057 5605 3428 5677 praedicatur,
3458 5602 3567 5657 hoc
3595 5603 3707 5672 est,

2052 5696 2405 5772 pradicatus
2431 5700 2556 5765 est;
2588 5700 2692 5751 aut
2718 5694 2895 5757 etiam
2938 5695 2996 5752 in
3040 5694 3330 5751 ambabus
3362 5689 3711 5767 propositio-
