4094 6422
495 369 612 432 943
1745 369 2171 433 NICEPHORI
2215 367 2656 431 BLEMMIDAE
3760 367 3856 429 944

495 504 672 560 nibus
716 503 1109 576 praedicatur:
1143 508 1246 560 aut
1288 505 1467 560 etiam
1513 504 1574 560 in
1621 504 1910 561 ambabus
1959 503 2140 575 subji-

2263 503 2543 578 προτάσεις
2600 503 3002 577 κατηγορεῖται·
3059 499 3096 568 ἣ
3153 498 3244 552 καὶ
3300 497 3414 552 κατ’
3469 494 3627 576 ἄμφω
3670 496 3858 554 ὑπόκει-

494 593 667 649 citur.

2263 611 2362 645 ται.

565 683 620 737 5.
655 681 723 737 Et
751 681 832 737 ita
861 685 979 737 tres
1009 683 1208 754 ﬁgurae
1241 681 1716 755 syllogismorum
1749 683 2058 754 prodeunt.

2327 681 2384 738 ε’.
2420 679 2517 735 Καὶ
2562 679 2704 735 οὕτω
2752 678 2876 756 τρία
2933 679 3194 755 σχήματα
3251 673 3630 753 συλλογισμῶν
3674 675 3859 755 ἀναφαί-
4004 747 4005 770 ἦ

2252 786 2421 823 νεται.
4004 797 4005 802 ‘

2327 857 2370 890 ρ’
2424 856 2485 890 D2
2525 857 2618 890 ..ὶυ
2658 856 2758 890 υᾹΑ
2813 856 2840 890 Ᾱ
2883 854 3063 890 νλιυλρ
3107 853 3196 890 νηὶ
3247 854 3408 890 ..ἐι-νυ
3456 852 3579 890 ΚΑΛ».
3625 852 3746 890 νηί-ιδ
3781 853 3856 890 ..ἓν
4004 807 4005 890 ί

2327 857 2390 919 ς’.
2423 856 2487 910 Εἰ
2524 857 2618 929 μὲν
2658 856 2758 932 γὰρ
2813 856 2840 909 ὁ
2883 854 3063 916 κοινὸς
3107 853 3198 909 καὶ
3246 854 3408 926 μέσος
3456 852 3579 929 ὅρος
3625 852 3748 909 κατὰ
3781 853 3856 927 μὲν

2253 945 2351 1013 τήν
2411 944 2534 1018 μίαν
2592 949 2700 1000 τῶν
2743 945 3054 1020 προτάσεων
3105 947 3186 1015 τῷ
3243 939 3394 1020 ἄκρῳ
3444 943 3726 1016 ὑπόκειται,
3749 943 3860 998 κατὰ

2255 1030 2314 1088 δὲ
2367 1035 2466 1102 τὴν
2517 1033 2696 1110 ἑτέραν
2751 1039 2849 1089 τοῦ
2902 1031 3101 1088 λοιποῦ
3157 1030 3324 1109 ἄκρου
3380 1037 3763 1108 κατηγορεῖται,
3809 1032 3860 1086 τὸ

2253 1127 2471 1198 πρῶτον
2516 1122 2722 1197 γίνεται
2765 1125 2958 1197 σχῆμα
2991 1141 3004 1154 ’
3060 1123 3196 1193 οἷον,
3242 1123 3298 1176 Ὁ
3329 1118 3604 1197 ἅνθρωπος
3649 1126 3786 1190 ζῶον·
3810 1121 3860 1176 τὸ

2258 1217 2393 1280 ζῶον
2422 1212 2593 1266 οὐσία³
2629 1213 2656 1266 ὁ
2689 1209 2971 1287 ἅνθρωπος
3001 1210 3174 1268 οὐσία.

563 864 619 916 6.
652 862 711 917 Si
759 861 918 917 enim
974 861 1308 917 communis
1358 867 1415 917 et
1471 864 1701 918 medius
1757 862 2046 917 terminus
2085 861 2144 915 in

495 967 613 1005 una
641 949 1040 1022 propositione
1070 954 1324 1006 extremo
1365 951 1465 1005 uni
1505 951 1838 1021 subjicitur,
1870 952 1929 1005 in
1963 950 2147 1006 aitera

493 1043 692 1095 autem
720 1039 791 1093 de
821 1043 1078 1093 extremo
1119 1039 1341 1111 reliquo
1381 1040 1749 1110 praedicatur,
1783 1040 1974 1112 prima
2006 1040 2144 1095 obo-

491 1127 645 1183 ritur
673 1127 883 1199 ﬁgura.
914 1126 1089 1184 Velut
1123 1145 1135 1182 ε
1170 1128 1354 1183 Homo
1384 1132 1474 1184 est
1518 1129 1765 1198 animal;
1809 1128 2028 1184 animal
2058 1133 2147 1184 est

493 1215 856 1282 substantia;
892 1216 1068 1272 homo
1099 1221 1189 1272 est
1219 1217 1569 1273 substantia.

561 1322 618 1377 7.
651 1322 814 1388 Quod
845 1323 895 1379 si
925 1326 1122 1378 autem
1165 1323 1341 1379 etiam
1371 1325 1431 1378 in
1471 1328 1718 1396 utraque
1747 1325 2140 1398 propositione

2327 1321 2366 1387 ζ’
2401 1364 2414 1377 .
2471 1318 2533 1372 Εἰ
2593 1316 2651 1372 δὲ
2706 1319 2796 1372 καὶ
2853 1319 2973 1381 καθ’
3028 1318 3278 1394 ἑκατέραν
3347 1321 3452 1373 τῶν
3508 1319 3796 1394 προτάσεων
3839 1316 3861 1370 ὁ

493 1411 650 1467 idem
698 1412 1030 1467 communis
1059 1417 1116 1467 et
1147 1413 1377 1468 medius
1431 1414 1719 1469 terminus
1751 1415 1906 1471 830
1935 1414 2140 1487 praedi-

2263 1407 2414 1470 αὐτὸς
2467 1408 2648 1471 κοινὸς
2705 1408 2796 1462 καὶ
2857 1406 3018 1481 μέσος
3075 1405 3204 1484 ὅρος
3260 1412 3634 1484 κατηγορεῖται
3671 1406 3753 1462 καὶ
3775 1405 3860 1480 ἆμ-

493 1503 660 1556 catur
687 1499 862 1556 etiam
906 1501 978 1555 de
1023 1501 1286 1573 utrisque
1319 1502 1616 1571 extremis,
1652 1503 1910 1559 secunda
1957 1504 2140 1577 ﬁgura

2263 1497 2493 1574 ροτέρων
2552 1501 2657 1552 τῶν
2719 1495 2922 1573 ἄκρων,
2978 1497 3041 1551 τὸ
3099 1493 3347 1572 δεύτερον
3401 1496 3600 1572 γίνεται
3655 1497 3859 1571 σχῆμ’

492 1589 766 1645 efﬁcitur.
793 1587 1010 1646 Velut:
1047 1590 1229 1646 Homo
1275 1595 1365 1646 est
1411 1591 1660 1660 animal;
1712 1591 1864 1665 lapis
1907 1609 2024 1649 non
2057 1596 2140 1648 est

2263 1588 2388 1660 οἷον,
2419 1591 2473 1639 ‘0
2503 1584 2785 1661 ἄνθρωπος
2846 1591 3004 1658 ζῶον,
3037 1587 3066 1642 ὁ
3097 1583 3248 1650 λίθος
3275 1585 3338 1642 οὗ
3369 1591 3527 1657 ζῶον·
3563 1587 3590 1643 ὁ
3619 1583 3861 1662 ἄνθρωπος

491 1677 741 1747 animal;
775 1677 948 1734 homo
975 1696 1091 1734 non
1123 1685 1213 1735 est
1243 1679 1415 1752 lapis.

2263 1677 2316 1731 οὐ
2343 1673 2516 1738 λίθος.

556 1785 611 1840 8.
646 1786 809 1851 Quod
841 1785 891 1841 si
923 1786 1178 1858 denique
1217 1787 1395 1843 etiam
1444 1788 1504 1842 in
1557 1788 1846 1844 ambabus
1877 1789 2140 1860 proposi-

2324 1785 2394 1853 η’.
2428 1783 2491 1838 Εἰ
2551 1779 2610 1838 δὲ
2661 1784 2750 1837 καὶ
2806 1784 2924 1838 κατ’
2978 1780 3144 1860 ἄμφω
3199 1781 3298 1846 τὰς
3345 1781 3628 1860 προτάσεις
3675 1782 3702 1837 ὁ
3731 1779 3864 1841 αὐτὸς

486 1874 748 1930 tionibus
777 1874 934 1930 idem
957 1876 1295 1931 communis
1317 1881 1373 1932 et
1403 1877 1632 1932 medius
1654 1878 1944 1934 terminus
1964 1877 2140 1934 etiam

2263 1871 2548 1938 ιοινὸς·καὶ
2579 1871 2740 1946 μέσος
2769 1871 2896 1948 ὅρος
2923 1869 3014 1926 καί
3042 1875 3159 1933 τοῖς
3190 1868 3339 1926 δυσὶν
3376 1869 3559 1948 ἄκροις
3601 1869 3863 1936 ὑπόκειται,

485 1963 723 2036 utrique
753 1967 1010 2020 extremo
1060 1965 1396 2036 subjicitur,
1429 1967 1600 2022 tertia
1645 1966 1836 2038 ﬁgura
1872 1967 2138 2039 emergit.

2263 1962 2313 2016 τὸ
2337 1961 2521 2036 τρίτον
2573 1961 2776 2036 γίνεται
2819 1967 3034 2035 σχῆμα·
3089 1962 3224 2030 οἷον,
3269 1961 3326 2014 Ὀ
3361 1958 3640 2037 ἄνθρωπος
3670 1963 3810 2030 ζῶον,
3842 1956 3863 2009 ὁ

485 2053 696 2109 Velut:
723 2054 907 2110 Homo
938 2056 1030 2109 est
1057 2054 1306 2122 animal;
1340 2054 1518 2110 homo
1538 2059 1629 2111 est
1659 2055 1972 2125 rationale;
2004 2073 2140 2130 ergo

2263 2052 2532 2127 ἱνθρωπος
2564 2048 2808 2127 λογικόν·
2829 2051 2883 2105 τὶ
2920 2055 3056 2119 ζωον
3093 2048 3335 2127 λογικόν.

489 2141 711 2198 animal
743 2145 833 2198 est
861 2142 1162 2199 rationale.

555 2232 611 2286 9.
646 2232 847 2286 Prima
895 2232 1078 2304 igitur
1120 2233 1309 2306 ﬁgura
1338 2229 1727 2306 Syllogisticos
1762 2235 1967 2291 modos
1998 2252 2143 2306 qua-

488 2324 623 2376 tuor
652 2320 896 2386 obtinet,
926 2321 1174 2376 totidem
1216 2321 1394 2376 etiam
1437 2323 1723 2392 secunda;
1753 2324 1926 2378 tertia
1957 2324 2145 2394 ﬁgura

491 2427 591 2467 sex
621 2409 799 2466 habet
825 2410 1031 2466 modos
1062 2409 1472 2483 syllogisticos.

2318 2233 2384 2286 ﬁ'.
2416 2231 2486 2285 Τὸ
2517 2232 2609 2304 μὲν
2644 2228 2735 2284 οὖν
2767 2235 2983 2307 πρῶτον
3031 2237 3227 2306 σχῆμα
3275 2227 3723 2306 συλΛογιστικοὺς
3761 2224 3864 2301 τρό-

2252 2342 2388 2383 πους
2433 2319 2689 2389 κέκτηται
2736 2322 3017 2396 τέσσαρας
3067 2319 3361 2382 τοσούτους
3423 2317 3482 2375 δὲ
3535 2319 3622 2374 καὶ
3665 2318 3724 2373 τὸ
3774 2313 3864 2370 δεὺ-

2249 2430 2424 2486 τερον.
2484 2409 2554 2463 Τὸ
2612 2407 2669 2464 δὲ
2709 2409 2892 2486 τρίτον
2953 2416 3148 2485 σχῆμα
3197 2409 3437 2486 τρόπους
3490 2407 3604 2485 ἔχει
3647 2403 3866 2480 συλλογι-

2254 2498 2468 2561 στικοὺς
2495 2495 2572 2569 ἕξ.

559 2590 646 2645 10.
677 2588 1031 2664 Syllogistici
1083 2593 1278 2645 autem
1338 2589 1496 2645 modi
1545 2589 1722 2644 etiam
1773 2589 2140 2662 syllogisticze

2330 2592 2378 2645 ι’.
2442 2585 2866 2664 Συλλογιπικοὶ
2939 2585 2997 2643 δὲ
3066 2588 3261 2665 τρόποι
3334 2590 3431 2644 καὶ
3495 2580 3867 2663 ουλλογιστικαί

491 2679 935 2753 conjugationes
976 2678 1452 2734 denominantur.
1488 2683 1625 2734 Duae
1671 2679 1829 2734 enim
1878 2681 2140 2752 proposi-

2263 2677 2494 2755 συζυγίαι
2567 2676 3047 2752 κατονομάζονται.
3110 2677 3214 2732 Δύο
3273 2678 3382 2754 γὰρ
3448 2677 3724 2754 προτάσεις
3776 2669 3867 2727 καθ’

484 2768 676 2824 tiones
707 2769 1032 2825 secundum
1081 2785 1266 2824 unum
1299 2768 1620 2823 terminum
1669 2770 1990 2841 conjugatze
2020 2771 2140 2826 sin-

2263 2765 2341 2822 ἒνα
2395 2766 2520 2844 ὅρον
2578 2766 2991 2842 συνεζευγμέναι
3039 2770 3146 2822 τῶν
3195 2765 3464 2822 τοιούτων
3514 2765 3722 2841 τρόπων
3766 2757 3866 2816 ἕκα-

489 2857 659 2930 gulos
689 2857 902 2913 horum
933 2857 1243 2913 modorum
1271 2857 1556 2912 efﬁciunt.

2263 2877 2374 2911 πον
2410 2854 2822 2931 ἀπεργάζονται.

563 2966 650 3020 11.
684 2966 900 3021 Omnes
925 2965 1090 3037 proin
1114 2963 1480 3036 syllogisticae
1503 2965 1942 3035 conjugationes
1964 2967 2140 3022 trium

2328 2965 2412 3017 ια’.
2445 2968 2618 3017 Πᾶσαι
2648 2961 2825 3016 τοίνυν
2859 2959 3104 3036 συζυγίαι
3137 2958 3552 3038 συλλογιστικαὶ
3594 2964 3695 3016 τῶν
3730 2958 3866 3034 τριῶν

491 3054 840 3127 ﬁgurarum,
890 3055 1012 3109 sive
1071 3053 1230 3108 modi
1284 3051 1647 3126 syllogistici,
1698 3043 2140 3125 quatu‘ordecim

2263 3051 2579 3126 σχημάτων,
2631 3047 2802 3106 εἶτουν
2849 3049 3044 3127 τρόποι
3095 3047 3554 3126 συλλογιστικοὶ,
3611 3050 3864 3104 ποσοῦνται

489 3143 846 3200 efﬁciuntur.

2263 3140 2505 3218 τέσσαρες
2534 3141 2622 3195 καὶ
2657 3137 2804 3196 δέκα.

563 3251 648 3304 12.
683 3249 1032 3305 Communia
1067 3247 1307 3319 quidem
1358 3248 1540 3320 igitur
1587 3249 1768 3304 trium
1817 3251 2140 3323 ﬁgurarum

2327 3249 2416 3323 ιβ’.
2472 3249 2638 3303 Κοινὰ
2696 3246 2790 3321 μὲν
2847 3245 2937 3302 οὖν
2994 3251 3101 3300 τῶν
3137 3231 3326 3323 ⁴τριῶν
3388 3247 3681 3323 σχημάτων
3738 3238 3861 3308 εἶσὶ,

490 3344 652 3406 sunt,
685 3337 1013 3411 quamlibet
1060 3353 1263 3392 earum
1312 3337 1528 3392 habere
1585 3340 1915 3394 necessario
1958 3358 2137 3396 unam

2263 3338 2312 3392 τὸ
2365 3337 2486 3409 μίαν
2531 3341 2638 3391 τῶν
2690 3337 2999 3410 προτάσεων
3057 3333 3203 3411 ἔχειν
3245 3332 3468 3392 ἕκαστον
3525 3335 3693 3391 αὐτῶν
3728 3347 3866 3386 κατα·

488 3427 950 3500 propositionem
982 3427 1394 3494 afﬁrmantem,
1429 3431 1486 3482 et
1515 3445 1693 3482 unam
1726 3429 2134 3486 universalem.

489 3517 639 3572 331
676 3521 740 3572 In
785 3514 948 3570 nulla
993 3515 1149 3570 enim
1201 3516 1390 3588 ﬁgura
1445 3516 1822 3588 syllogismus
1877 3536 2138 3591 unquam

488 3609 591 3660 aut
622 3621 691 3660 ex
722 3605 954 3660 duabus
985 3605 1270 3676 negativis
1301 3609 1403 3659 aut
1449 3621 1519 3660 ex
1564 3607 1794 3661 duabus
1825 3609 2139 3680 particula-

487 3693 652 3749 ribus
685 3692 1028 3750 constiterit.
1061 3695 1187 3749 Haec
1212 3693 1393 3765 igitur
1419 3694 1610 3750 tribus
1639 3696 1846 3768 ﬁguris
1876 3715 2138 3755 commu-

487 3782 587 3838 nia
614 3785 773 3838 sunt.
1187 3815 1191 3820 -
1549 3795 1558 3805 '

558 3873 646 3928 13.
679 3871 921 3943 Propria
949 3875 1143 3928 autem
1189 3873 1390 3944 primae
1421 3873 1658 3945 quidem
1695 3875 1916 3948 ﬁgurae,
1950 3875 2140 3932 mino-

486 3977 612 4017 rem
643 3960 1101 4033 propositionem
1134 3977 1368 4034 semper
1396 3962 1611 4018 habere
1640 3964 2054 4037 afﬁrmantem,
2082 3971 2141 4022 et

488 4052 774 4122 majorem
830 4067 1059 4122 semper
1115 4050 1531 4118 universalem,
1579 4052 1698 4106 sive
1745 4053 2137 4110 afﬁrmantem

486 4140 608 4196 sive
637 4143 968 4212 negantem.
992 4145 1075 4193 Ac
1095 4137 1320 4212 colligit
1340 4139 1460 4194 haec
1483 4141 1672 4212 ﬁgura
1695 4145 1752 4196 et
1772 4142 2137 4198 afﬁrmantes

485 4232 544 4286 et
571 4233 874 4302 negantes,
906 4233 964 4283 et
996 4227 1351 4284 universales
1390 4232 1446 4284 et
1483 4228 1871 4301 particulares
1901 4231 2134 4287 conclu-

485 4333 698 4374 8101168.

553 4497 639 4550 14.
674 4495 954 4552 Secundae
985 4496 1184 4569 ﬁgurae
1218 4495 1456 4569 propria
1497 4502 1657 4563 sunt,
1692 4499 1974 4568 majorem
2006 4517 2134 4571 pro-

2252 3428 2480 3504 φατικήν
2539 3425 2590 3496 ἐξ
2647 3423 2906 3502 ἀνάγκης,
2965 3424 3055 3480 καὶ
3117 3425 3243 3498 μίαν
3301 3423 3560 3482 καθόλου.
3609 3430 3688 3479 Ἐν
3718 3415 3864 3476 οὐδενὶ

2249 3503 2352 3592 γὰρ
2380 3520 2488 3570 τῶν
2540 3513 2844 3590 σχημάτων
2897 3514 3119 3585 συσταίη
3165 3515 3299 3569 ποτὲ
3344 3513 3710 3590 συλλογισμὸς
3748 3510 3779 3579 ἢ
3821 3503 3868 3560 ἐκ

2251 3600 2346 3658 δύο
2378 3603 2725 3681 ἀποφατικῶν
2754 3604 3091 3679 προτάσεων,
3120 3603 3156 3672 ἢ
3191 3602 3250 3657 ἐκ
3294 3600 3393 3659 δύο
3442 3607 3692 3680 μερικῶν.
3721 3600 3867 3654 Ταῦτα

2254 3692 2346 3765 μὲν
2379 3689 2470 3746 οὖν
2502 3696 2609 3746 τῶν
2639 3696 2802 3769 τριῶν
2829 3693 3132 3768 σχημάτων
3163 3694 3340 3750 κοινά.

2327 3871 2407 3946 ιγ’.
2441 3867 2585 3926 ’Ἰδιᾶ
2609 3867 2667 3924 δὲ
2692 3874 2790 3925 τοῦ
2824 3870 2918 3944 μὲν
2950 3871 3172 3947 πρώτου
3203 3873 3495 3946 σχήματος
3523 3871 3586 3927 τὸ
3617 3871 3711 3940 τήν
3743 3862 3870 3922 ἐλάτ-

2246 3979 2378 4012 τονα
2437 3954 2696 4035 πρότασιν
2755 3955 2900 4034 ἔχειν
2960 3959 3042 4014 ἀεὶ
3102 3963 3474 4039 καταφατικὴν
3510 4007 3526 4033 ,
3585 3957 3686 4016 εἷίτε
3736 3950 3868 4016 καθά

2250 4045 2350 4102 λου
2384 4091 2398 4117 ,
2459 4046 2564 4104 εἴτε
2625 4049 2850 4125 μερικὴν
2887 4095 2901 4120 ,
2959 4048 3050 4103 καὶ
3103 4050 3166 4104 τὸ
3223 4051 3324 4120 τήν
3384 4051 3606 4124 μείζονα
3657 4044 3866 4110 καθόλου

2249 4133 2532 4199 διαπαντὸς
2567 4184 2580 4209 ,
2663 4135 2769 4193 sifts
2841 4139 3209 4217 καταφατικήν
3242 4185 3256 4212 ,
3317 4137 3426 4195 εἲίτε
3500 4135 3862 4216 ἀποφατικήν’

2247 4225 2464 4302 συνάγει
2541 4223 2598 4280 δὲ
2669 4227 2733 4282 τὸ
2805 4231 3052 4282 τοιοῦτον
3131 4234 3327 4304 σχῆμα
3403 4229 3494 4285 καὶ
3564 4217 3865 4301 καταφατικᾶ

2245 4315 2334 4369 καὶ
2409 4315 2716 4394 ἀποφατικὰ
2784 4316 3216 4392 συμπεράσματα
3248 4362 3262 4390 ,
3341 4318 3431 4374 καὶ
3507 4315 3732 4373 καθόλου
3790 4306 3863 4365 καἱ

2247 4403 2460 4480 μερικά.

2318 4490 2426 4550 ιδ’.
2486 4498 2592 4548 Τοῦ
2665 4491 2914 4570 δευτέρου
2972 4497 3262 4571 σχήματος
3312 4493 3429 4552 ἷ¹δια
3482 4496 3544 4551 τὸ
3609 4493 3743 4570 ἔχειν
3795 4484 3860 4540 ἀεὶ

478 4584 829 4658 positionem
863 4601 1092 4655 semper
1123 4584 1511 4640 universalem
1551 4585 1788 4653 habere,
1820 4587 1940 4642 sive
1973 4588 2130 4643 afﬁr-

2263 4579 2482 4636 ιαθόλου
2536 4584 2635 4651 τήν
2701 4581 2923 4656 μείζονα
2976 4583 3234 4658 πρότασιν
3265 4631 3280 4657 ,
3340 4583 3450 4640 εἷίτε
3503 4575 3859 4658 καταφατικῆνν

2270 4668 2295 4679 ,ι
2413 4670 2426 4679 .
2698 4674 2707 4679 ,
2873 4670 2959 4679 Η-.
3095 4671 3133 4679 ιι-
3245 4677 3268 4679 ,Α
3532 4671 3542 4679 ι
3657 4674 3682 4679 _
3817 4661 3828 4679 Ι

477 4678 740 4730 mantem
771 4674 894 4729 sive
919 4679 1251 4746 negantem.
1276 4675 1424 4740 Quin
1458 4674 1652 4746 potius
1677 4674 1786 4730 hoc
1819 4693 2132 4732 commune

2263 4668 2347 4725 ἴτε
2402 4670 2762 4749 ἀποφατικήν·
2826 4670 3038 4745 μᾶλλον
3091 4671 3148 4727 δὲ
3175 4677 3336 4728 τοῦτο
3395 4671 3576 4728 κοινὰν
3619 4674 3694 4742 τῷ
3732 4661 3858 4749 πρῴ-

475 4768 563 4821 est
586 4767 642 4819 et
662 4763 863 4834 primae
885 4768 943 4818 et
973 4764 1240 4818 secundm
1270 4764 1498 4835 ﬁgurae;
1524 4763 1902 4835 singulariter
1933 4770 2128 4822 autem

2263 4781 2318 4831 τῳ
2345 4781 2405 4814 τε
2433 4747 2533 4814 καὶὴ
2584 4757 2817 4836 δευτέρῳ
2877 4763 3146 4836 σχήματι⁶
3194 4761 3394 4838 κυρίως
3457 4759 3512 4816 δὲ
3565 4764 3659 4816 τοῦ
3708 4747 3858 4838 δευτέ-

475 4853 747 4908 secundae
780 4852 979 4924 ﬁgurae
1019 4852 1254 4923 propria
1285 4856 1423 4906 sunt
1455 4851 1739 4906 minorem
1778 4855 2128 4925 propositio-

2263 4869 2337 4901 νου
2397 4850 2684 4922 σχήματος
2743 4845 2853 4903 ἴδια
2907 4851 2970 4904 τὸ
3022 4852 3122 4920 τήν
3183 4850 3393 4906 ἐλάττω
3446 4851 3717 4926 πρότασιν,
3772 4836 3857 4895 εἴτε

473 4958 609 4997 nem
642 4940 875 5008 habere,
919 4939 1009 4995 vel
1063 4941 1454 4995 afﬁrmantem
1504 4940 1591 4995 vel
1646 4947 1977 5013 negantem,
2011 4944 2130 5000 sive

2263 4940 2602 5015 ιαταφατικήν
2668 4936 2814 5014 ἔχειν
2856 4984 2869 5010 ,
2939 4936 3045 4994 εἷ’τε
3089 4941 3428 5018 ἀποφατικήν
3465 4987 3478 5011 ,
3539 4940 3575 5008 ἢ
3648 4929 3854 4996 καθόλου

471 5029 817 5086 universalis
848 5030 967 5085 sive
1008 5029 1378 5101 particularis
1427 5029 1532 5096 sit;
1595 5034 1651 5085 et
1705 5031 2127 5102 propositiones

2263 5024 2395 5081 ιῦσαν
2451 5028 2486 5096 ἢ
2551 5029 2800 5102 μερικήν*
2855 5027 2943 5082 καὶ
3001 5029 3064 5083 τὸ
3114 5035 3297 5103 τηρεῖν
3347 5028 3577 5083 πάντοτε
3623 5026 3713 5085 τὰς
3740 5037 3851 5103 προέ

470 5118 792 5174 dissimiles
823 5120 1030 5190 ﬁgura,
1056 5119 1176 5174 sive
1207 5119 1486 5190 qualitate
1509 5118 1848 5188 dissimiles,
1873 5120 1980 5175 hoc
2014 5126 2122 5192 est,

2269 5116 2412 5178 άσεις
2462 5117 3010 5191 ἀνομοιοσχήμονας,
3061 5115 3233 5172 εἷίτουν
3287 5117 3580 5191 ἀνομοίους
3637 5109 3762 5168 κατὰ
3799 5102 3850 5192 ’τὸ

468 5224 648 5263 unam
699 5207 959 5279 quidem,
1005 5208 1222 5262 utravis
1280 5208 1476 5273 fuerit,
1525 5209 1939 5276 afﬁrmantem,
1990 5210 2122 5265 reli-

2263 5205 2432 5259 τοιόψ
2469 5202 2637 5280 ἤγουν
2707 5207 2807 5274 τήν
2872 5205 2996 5279 μίαν
3061 5207 3156 5280 μὲν
3212 5207 3578 5285 καταφατικήν
3637 5199 3743 5257 οἵαν
3794 5190 3846 5259 δή

471 5312 646 5367 quam
709 5301 1040 5368 negantem.
1102 5295 1333 5367 Colligit
1389 5301 1584 5350 autem
1645 5297 1765 5351 haec
1823 5298 2011 5368 ﬁgura
2068 5303 2124 5355 et

2267 5314 2369 5366 ινα,
2429 5295 2528 5363 τήν
2591 5293 2649 5348 δὲ
2707 5292 2907 5364 λοιπήν
2958 5295 3317 5374 ἀποφατικήν.
3361 5294 3586 5370 Συνάγει
3637 5289 3690 5346 δὲ
3713 5287 3848 5342 τοῦτο

469 5384 830 5440 universales
877 5390 934 5440 et
982 5385 1367 5457 particulares
1418 5384 1840 5453 conclusiones,
1887 5402 2118 5442 verum-

2265 5382 2292 5436 ὸ
2346 5386 2538 5458 σχῆμα
2593 5384 2683 5438 καὶ
2743 5384 2982 5448 καθόλου
3037 5385 3126 5440 καὶ
3188 5385 3380 5459 μερικὰ
3435 5381 3846 5457 συμπεράσματαν

467 5476 665 5528 tamen
706 5477 986 5546 negantes
1034 5490 1260 5540 omnes,
1295 5478 1352 5528 et
1383 5472 1608 5529 nullam
1648 5489 1910 5544 unquam
1962 5475 2118 5529 afﬁr-

2263 5469 2375 5541 τλῆν
2435 5473 2741 5552 ἀποφατικὰ
2797 5473 2990 5546 πάντα,
3051 5475 3142 5528 καὶ
3201 5472 3353 5530 οὐδὲν
3413 5470 3666 5529 οὐδέποτε
3716 5478 3848 5519 κατα·

469 5565 746 5618 mantem.

2271 5561 2454 5616 ατικόν
2467 5607 2478 5618 .

540 5667 626 5724 15.
659 5671 863 5727 Tertia;
894 5671 1091 5744 ﬁgurae
1145 5669 1450 5744 proprium
1481 5670 1695 5726 habere
1744 5686 1975 5744 semper
2005 5671 2117 5727 mi-

2303 5670 2377 5726 ιε’.
2427 5674 2532 5724 Τοῦ
2587 5669 2772 5748 τρίτου
2831 5672 3122 5748 σχήμασος
3180 5667 3318 5727 ξ’διον
3365 5669 3428 5724 τὸ
3475 5666 3616 5744 ἔχειν
3663 5657 3737 5715 ἀεὶ
3761 5652 3842 5724 ’τήν
