4094 6430
293 403 410 466 9ιῦ

1655 401 2007 465 ΕΡΙΤΟΜΕ
2050 402 2359 466 LOGIGA.

3589 404 3707 465 946

292 533 506 592 ἐλάττω
565 535 820 614 πρότασιν
881 537 1286 616 καταφατικήν,
1344 531 1452 592 εἴτε
1505 533 1742 592 καθόλου
1776 581 1789 605 ,
1847 534 1951 590 εἶτε

2072 554 2264 593 norem
2315 539 2771 610 propositionem
2805 539 2959 597 882
2992 539 3384 596 afﬁrmantem
3418 538 3538 594 sive
3589 536 3722 592 uni-

296 626 545 702 μερικήν.
607 623 831 682 Μᾶλλον
891 622 948 681 δὲ
1002 630 1163 680 τοῦτο
1217 625 1398 681 κοινὸν
1465 630 1544 698 τῷ
1599 625 1805 700 πρώτῳ
1861 625 1951 680 καί

291 715 463 791 τρίτῳ
525 717 820 792 σχήματι.
881 715 1090 792 Κυρίως
1151 713 1209 770 δὲ
1262 719 1361 784 τοῦ
1414 714 1601 791 τρίτου
1663 717 1950 790 σχήματος

290 801 431 859 ἴδιον
489 805 553 860 τὸ
599 802 746 880 ἔχειν
812 805 912 873 τὴν
959 804 1126 878 μείζω
1181 804 1440 882 πρότασιν
1471 806 1608 860 κατά
1663 805 1726 860 τὸ
1783 805 1949 860 ποσὸν

290 890 608 972 ἀδιάφορον,
657 893 693 962 ἢ
744 892 984 958 καθόλου
1035 891 1295 965 δηλονότι
1339 895 1376 963 ἢ
1431 895 1681 969 μερικὴν,
1712 893 1748 963 ἢ
1793 914 1952 948 κατα-

292 983 526 1061 φατικὴν
575 979 736 1037 οὖσαν
788 981 822 1051 ἢ
875 981 1246 1062 ἀποφατικήν.
1299 982 1528 1058 Συνάγει
1578 980 1636 1038 δὲ
1663 984 1726 1037 τὸ
1769 981 1949 1058 τρίτον

291 1079 490 1149 σχῆμα
557 1071 648 1128 καὶ
721 1074 1058 1151 καταφατικὰ
1128 1072 1218 1127 καὶ
1299 1072 1606 1151 ἀποφατικὰ
1672 1071 1948 1148 συμπερά-

291 1179 492 1235 σματα’
548 1158 698 1231 πλὴν
757 1162 826 1216 τὰ
880 1163 1059 1217 πάντα
1114 1163 1328 1238 μερικᾶ,
1377 1162 1467 1216 καὶ
1516 1159 1669 1217 οὐδὲν
1713 1159 1950 1216 καθόλου

290 1250 446 1306 ποτέ.

368 1340 453 1404 ις’.
485 1339 919 1416 Παρατηρητέον
955 1337 1013 1395 δὲ
1050 1338 1120 1395 τὰ
1165 1341 1324 1394 κοινὰ
1362 1344 1471 1395 τῶν
1518 1345 1682 1416 τριῶν
1732 1339 1953 1416 σχημά-

289 1449 400 1486 των
461 1429 802 1504 ἁπανταχοῦ·
862 1429 925 1484 τὸ
990 1431 1130 1502 μήτε
1188 1431 1413 1506 μερικάς
1469 1429 1602 1485 εἶναι
1646 1429 1736 1485 καὶ
1785 1430 1952 1507 ἄμφω

289 1520 388 1581 τὰς
433 1519 726 1593 προτάσεις
775 1516 828 1573 ἐν
880 1516 1056 1574 οὐδενὶ
1101 1523 1210 1574 τῶν
1262 1517 1596 1594 σχημάτων,
1649 1521 1788 1593 μήτε
1841 1520 1947 1593 μὴν

291 1608 458 1685 ἄμφω
484 1606 840 1686 ἀποφατικάς.

364 1697 448 1766 ιζ’.
499 1697 731 1772 Πρώτην
786 1696 882 1770 μὲν
931 1694 1022 1750 οὖν
1069 1697 1216 1768 τάξιν
1270 1696 1438 1751 ἐκεῖνο
1487 1701 1594 1751 τῶν
1645 1699 1946 1774 σχημάτων

289 1784 519 1848 εἰκότως
575 1784 922 1864 ἀπείληφεν,
980 1786 1011 1841 ’ὁ
1063 1787 1238 1841 πάντα
1309 1787 1553 1862 συνάγειν
1610 1783 1828 1840 δύναται
1884 1787 1952 1841 τὰ

2063 627 2347 682 versalem
2383 629 2504 683 sive
2530 628 2966 700 particularem.
2993 629 3142 694 Quin
3167 629 3361 701 potius
3383 627 3490 682 hoc
3518 642 3723 682 secun-

2063 715 2150 770 da:
2182 721 2238 771 et
2264 717 2443 772 tertia:
2475 719 2676 789 ﬁguras
2720 734 3030 773 commune
3060 721 3167 773 est.
3195 715 3583 788 Singulariter
3612 733 3716 770 au-

2061 809 2180 861 tem
2211 806 2393 861 tertiae
2445 807 2644 879 ﬁgura:
2696 807 2997 879 proprium
3029 810 3137 874 est,
3170 805 3386 861 habere
3431 804 3714 876 majorem

2062 895 2520 967 propositionem
2552 895 3004 964 indifferentem,
3032 899 3134 951 aut
3179 893 3568 950 universalem
3601 893 3715 949 sci-

2061 984 2200 1040 licet
2231 988 2331 1039 aut
2370 984 2806 1058 particularem,
2842 985 2963 1041 sive
3007 985 3311 1040 afﬁrmans
3341 983 3420 1038 sit
3467 983 3587 1039 sive
3616 998 3716 1038 ne-

2063 1089 2231 1146 gans.
2264 1073 2496 1146 Colligit
2525 1079 2721 1130 autem
2753 1074 2928 1130 tertia
2964 1074 3153 1147 ﬁgura
3181 1077 3239 1128 et
3267 1072 3630 1128 afﬁrmantes
3661 1075 3720 1127 et

2061 1167 2345 1235 negantes
2397 1162 2825 1232 conclusiones,
2874 1167 3279 1220 verumtamen
3337 1159 3718 1234 particulares

2062 1268 2268 1308 omnes
2300 1256 2356 1308 et
2381 1251 2607 1307 nullam
2638 1269 2902 1324 unquam
2935 1251 3347 1308 universalem.

2137 1343 2226 1396 16.
2260 1341 2703 1398 Observandum
2750 1345 2945 1397 autem
2994 1340 3334 1398 communia
3357 1339 3473 1395 tria
3501 1339 3716 1412 ﬁgura-

2063 1448 2196 1486 rum
2234 1431 2454 1502 ubique
2501 1446 2652 1499 esse,
2687 1435 2751 1486 ut
2799 1447 2987 1503 neque
3043 1431 3228 1486 ambae
3285 1428 3715 1502 propositiones

2061 1519 2123 1575 in
2155 1519 2278 1576 ulla
2307 1521 2498 1592 ﬁgura
2543 1520 2927 1592 particulares
2973 1521 3114 1586 sint,
3146 1535 3339 1591 neque
3385 1519 3570 1574 amba:
3614 1534 3714 1573 ne-

2059 1613 2286 1683 gantes.

2135 1701 2222 1755 17.
2255 1699 2518 1754 Primum
2551 1699 2792 1770 quidem
2841 1698 3022 1772 igitur
3061 1698 3326 1755 ordinem
3372 1697 3477 1753 illa
3523 1697 3714 1770 ﬁgura

2060 1788 2268 1845 merito
2298 1789 2542 1861 accepit,
2565 1805 2694 1860 quae
2726 1805 2930 1844 omnes
2957 1791 3150 1860 potest
3177 1786 3450 1859 colligere
3477 1785 3713 1842 conclu-

289 1875 724 1952 συμπεράσματα
755 1896 770 1909 ο
827 1877 896 1930 τὰ
949 1874 1323 1954 καταφατικὰ,
1380 1873 1448 1930 τὰ
1500 1875 1827 1953 ἀποφατικὰ,
1885 1877 1952 1930 τὰ

366 1962 446 1979 -.κ
651 1965 666 1979 .
914 1965 926 1979 .
1009 1965 1078 1979 ....
1172 1962 1197 1979 ε.
1302 1965 1312 1979 .
1483 1961 1525 1979 ρ..
1638 1964 1682 1979 ι..
1786 1966 1809 1979 η

2072 1879 2257 1935 siones
2287 1877 2672 1946 afﬁrmantes,
2703 1881 3003 1950 negantes,
3036 1876 3416 1944 universales,
3450 1875 3714 1948 particu-

287 1962 552 2033 καθόλου,
606 1965 676 2018 τὰ
736 1965 951 2039 μερικά.
1009 1965 1117 2032 Τὴν
1169 1962 1418 2041 δευτέραν
1479 1961 1538 2019 δὲ
1590 1964 1734 2035 τάξιν
1786 1966 1816 2019 ὃ
1858 1987 1950 2020 κα-

282 2053 574 2132 ταφατικὸν
639 2053 733 2126 μὲν
813 2052 876 2108 οὐ
950 2054 1169 2128 συνάγει
1227 2052 1590 2130 συμπέρασμα
1633 2071 1647 2085 ⁸
1705 2055 1842 2117 τέως
1901 2052 1946 2109 δ’

289 2140 382 2198 οὖν
427 2141 781 2218 συμπεραίνει
823 2141 915 2197 καὶ
963 2140 1204 2206 καθόλου
1252 2143 1343 2197 καὶ
1398 2144 1614 2220 μερικά.
1673 2145 1780 2212 Τήν
1831 2143 1947 2219 τρί-

284 2252 386 2303 την
447 2228 506 2286 δὲ
547 2230 637 2286 καὶ
697 2228 930 2287 ὑστάτχν
987 2227 1157 2307 ἔλαχε
1208 2231 1354 2303 τάξιν
1413 2233 1442 2287 ὃ
1485 2234 1820 2311 καταφατικὰ
1853 2234 1946 2308 μὲν

285 2321 380 2377 καὶ
467 2320 778 2400 ἀποφατικὰ
857 2318 1244 2397 συλλογίζεται
1279 2366 1294 2393 ,
1350 2318 1498 2392 πλὴν
1573 2324 1779 2377 ἅπαντα
1853 2345 1948 2398 με-

291 2409 438 2487 ρικά.

366 2500 459 2570 ιη’.
518 2503 770 2575 Κρεῖττον
827 2498 928 2576 γὰρ
987 2505 1202 2575 σχῆμα,
1260 2501 1352 2554 καὶ
1399 2498 1478 2562 εἷς
1507 2497 1780 2570 ἀπόδειξιν
1808 2519 1950 2577 χρη-

292 2588 618 2664 σιμώτερον,
679 2587 813 2664 ὅπερ
854 2585 1045 2652 ἁπλῶς
1103 2585 1341 2643 καθόλου
1396 2587 1636 2664 συνάγει,
1685 2593 1784 2644 τοῦ
1837 2611 1950 2663 μη-

292 2675 378 2734 δὲν
431 2676 670 2734 καθόλου
730 2676 1056 2754 συνάγοντος
1098 2721 1111 2734 .
1172 2675 1344 2732 Πάλιν
1398 2677 1642 2754 κρεῖττόν
1696 2677 1886 2749 ἐστιν,
1921 2679 1950 2733 ’ὀ

292 2765 656 2844 καταφατικὸν
735 2765 974 2821 καθόλου
1058 2766 1304 2842 συνάγειν
1385 2763 1622 2823 δύναται.
1696 2772 1772 2841 Τῇ
1847 2769 1948 2844 γὰρ

295 2853 648 2930 ἀποδεικτικῇ
739 2855 1015 2930 ἐπιστήμῃ
1088 2853 1447 2930 διασερόντως
1526 2857 1620 2930 μὲν
1693 2855 1954 2911 ἐσπούδα-

297 2965 415 2999 σται
468 2945 531 3000 τὸ
578 2943 819 3008 καθόλου
877 2945 1234 3022 καταφατικὸν
1291 2941 1504 3016 μᾶλλον
1548 2950 1646 2999 τοῦ
1687 2945 1953 3023 ἀποφατι-

297 3038 416 3090 κοῦ.
466 3033 538 3088 Τὸ
590 3034 685 3106 μὲν
732 3034 836 3110 γὰρ
879 3035 948 3088 τὰ
995 3028 1123 3088 ὄντα
1167 3031 1571 3102 κατασκευάζει·
1620 3035 1681 3088 τὸ
1731 3033 1776 3089 δ’
1817 3035 1951 3089 ἀπο-

302 3122 523 3200 φατικὸν
563 3123 631 3177 τὰ
681 3123 758 3196 μὴ
806 3117 952 3179 ὄντα.
1004 3121 1209 3195 Πολλῷ
1258 3119 1314 3177 δὲ
1341 3128 1584 3198 κρεῖττον
1634 3123 1723 3178 καὶ
1752 3125 1952 3198 τιμιώ-

300 3231 457 3288 τερον
487 3215 585 3267 τοῦ
616 3213 692 3285 μὴ
745 3207 900 3274 ὄντος
948 3211 1012 3266 τὸ
1064 3206 1144 3268 ὄν.
1196 3213 1342 3267 Κατὰ
1389 3209 1635 3286 δεύτερον
1686 3210 1743 3268 δὲ
1791 3211 1953 3290 λόγον

2061 1985 2172 2024 res.
2208 1968 2541 2024 Secundum
2603 1971 2801 2023 autem
2858 1967 2919 2022 in
2973 1967 3178 2022 ordine
3231 1965 3426 2021 locum
3465 1981 3554 2032 ea,
3585 1981 3714 2036 quas

2061 2058 2198 2113 licet
2228 2057 2625 2112 afﬁrmantem
2656 2074 2774 2112 non
2806 2055 3041 2128 colligat
3069 2054 3527 2124 conclusionem,
3551 2053 3713 2110 colli-

2059 2147 2144 2220 git
2189 2150 2386 2202 tamen
2419 2149 2476 2202 et
2505 2145 2868 2201 universales
2913 2149 2970 2201 et
3020 2143 3424 2218 partioulares.
3449 2143 3714 2199 Tertium

2058 2239 2114 2292 et
2174 2233 2455 2290 ultimum
2512 2234 2708 2290 locum
2767 2234 2978 2291 sortita
3031 2238 3140 2300 est,
3173 2251 3301 2306 quas
3354 2233 3716 2288 afﬁrmantes

2057 2324 2299 2395 quidem
2348 2328 2406 2380 et
2451 2328 2733 2396 negantes
2770 2323 2990 2397 colligit
3020 2322 3447 2390 conclusiones,
3481 2338 3713 2378 verum-

2055 2417 2253 2468 tamen
2286 2429 2492 2469 omnes
2523 2412 2924 2484 particulares.

2130 2503 2218 2556 18.
2251 2500 2459 2557 Melior
2487 2501 2645 2557 enim
2685 2502 2876 2574 ﬁgura
2923 2505 2980 2557 et
3028 2502 3099 2556 ad
3150 2499 3712 2556 demonstrationem

2058 2590 2483 2647 conducibilior
2524 2607 2653 2662 quas
2700 2590 3046 2662 simpliciter
3090 2589 3418 2646 universale
3468 2588 3709 2662 colligit,

2060 2697 2238 2752 quam
2262 2696 2329 2735 ea
2350 2697 2477 2752 qua:
2504 2679 2650 2735 nihil
2683 2681 2838 2736 333
2871 2678 3200 2735 universale
3221 2677 3460 2751 colligit.
3487 2679 3709 2734 Iterum

2064 2768 2267 2824 melior
2295 2773 2386 2824 est
2432 2786 2561 2840 quas
2611 2767 2942 2824 universale
2972 2768 3389 2823 afﬁrmativum
3437 2765 3710 2838 colligere

2063 2862 2272 2929 potest.
2329 2857 2797 2913 Demonstrativa
2852 2855 3009 2912 enim
3067 2855 3313 2911 scientia
3368 2853 3716 2911 universalis

2064 2947 2400 3003 afﬁrmativi
2455 2947 2832 3018 potissimum
2881 2945 3146 3002 studiosa
3175 2948 3286 3016 est,
3318 2943 3508 3016 magis
3539 2960 3716 3015 quam

2067 3035 2342 3108 negativi.
2377 3035 2523 3090 Illud
2575 3035 2730 3090 enim
2779 3035 2940 3090 entia
2989 3034 3318 3101 conﬁrmat,
3359 3032 3491 3101 hoc,
3536 3047 3719 3104 nega-

2064 3125 2249 3180 tivum
2305 3141 2420 3180 non
2466 3125 2642 3180 entia.
2679 3125 2854 3195 Atqui
2887 3140 2992 3179 ens
3030 3139 3146 3178 non
3196 3127 3330 3178 ente
3381 3120 3566 3176 multo
3599 3137 3720 3176 me-

2067 3214 2184 3270 lius
2213 3218 2302 3270 est
2330 3219 2388 3270 et
2418 3213 2842 3271 honorabilius.
2877 3211 3235 3269 Secundaria
3273 3214 3470 3267 autem
3501 3208 3724 3266 ratione

301 3281 394 3354 καὶ
447 3303 545 3356 τοῦ
596 3281 837 3356 καθόλου
894 3301 1231 3380 ἀποφατικοῦ
1290 3281 1596 3380 ἐφρόντισεν
1651 3304 1687 3372 ἡ
1737 3281 1953 3357 ἀπόδει-

2072 3307 2126 3358 st
2155 3303 2505 3359 universalis
2535 3302 2792 3377 negativi
2831 3302 3118 3358 rationem
3147 3301 3326 3356 habet
3355 3300 3721 3355 demonstra-

301 3388 407 3460 ξες³
448 3387 702 3464 ἠμέλησε
751 3388 812 3446 δὲ
850 3395 959 3445 τῶν
1012 3394 1269 3467 μερικῶν·
1303 3390 1420 3446 ἐπεὶ
1465 3392 1534 3447 τά
1576 3389 1814 3447 καθόλου
1859 3397 1955 3464 ζη-

299 3482 404 3553 τεῖ,
435 3479 526 3534 καὶ
554 3476 680 3554 περί
709 3478 846 3535 αὐτὰ
871 3479 1232 3556 καταγίνεται.

383 3568 467 3626 ιϐ’.
498 3567 702 3643 Τρόποι
753 3566 813 3624 δὲ
861 3566 1275 3646 συλλογιστικοί
1319 3573 1418 3625 τοῦ
1467 3571 1688 3647 πρώτου
1736 3573 1959 3646 σχήμα-

303 3677 397 3720 τος
453 3655 707 3735 τέσσαρες
743 3679 756 3693 ·
809 3659 900 3713 καὶ
963 3663 1062 3714 τοῦ
1136 3657 1388 3734 δευτὲρου
1442 3661 1694 3736 τεσσαρες
1729 3677 1741 3692 ⁸
1800 3659 1856 3731 ’ἐξ
1904 3659 1963 3716 δὲ

302 3749 404 3802 τοῦ
442 3747 652 3824 τρίτου.
705 3749 851 3803 Κατᾶ
913 3749 1009 3822 μὲν
1058 3748 1164 3826 γὰρ
1218 3749 1282 3805 τὸ
1333 3752 1551 3825 πρῶτον
1613 3757 1809 3826 σχῆμα
1865 3747 1960 3806 δύο

302 3837 427 3892 τινὰ
483 3836 1024 3915 παραφυλασσομεθα
1056 3855 1069 3868 ·
1127 3837 1192 3892 τὸ
1261 3836 1537 3912 μηδέποτε
1592 3839 1692 3907 τήν
1752 3837 1962 3895 ἐλάττω

301 3924 566 4002 πρότασιν
629 3926 972 4005 ἆποφατικήν
1033 3925 1189 3996 εἶναι,
1256 3928 1397 3999 μήτε
1450 3927 1550 3997 τήν
1605 3926 1774 4001 μείζω
1809 3947 1962 4001 μερι-

301 4016 429 4086 κήν.
489 4012 766 4077 Ὡσαύτως
824 4011 882 4069 δὲ
938 4015 1076 4070 κατὰ
1126 4015 1191 4069 τὸ
1241 4013 1488 4093 δεύτερον
1548 4014 1665 4071 δύο·
1695 4016 1760 4071 τὸ
1794 4013 1965 4090 μηδα-

309 4106 429 4179 μῶς
485 4102 620 4158 εἶναι
669 4104 770 4166 τὰς
816 4101 1105 4176 προτάσεις
1155 4103 1634 4180 ὁμοιοσχήμονας,
1689 4107 1827 4178 μήτε
1865 4107 1966 4174 τήν

308 4192 483 4267 μείζω
527 4192 664 4248 ποτέ
723 4194 989 4270 μερικήν.
1041 4192 1188 4248 Κατᾶ
1245 4190 1303 4248 δὲ
1354 4193 1418 4248 τὸ
1473 4193 1655 4269 τρίτον
1699 4193 1756 4250 ’ἐν
1799 4193 1962 4266 μόνον

307 4281 548 4358 ὑπάρχει
605 4281 669 4337 τὸ
717 4283 1110 4358 παρατήρημα·
1166 4283 1230 4336 τὸ
1290 4279 1564 4356 μηδέποτε
1606 4283 1707 4352 τήν
1758 4280 1966 4337 ἐλάττω

305 4368 572 4446 πρότασιν
647 4370 990 4450 ἀποφπικήν
1060 4370 1192 4426 εἶναι
1227 4415 1240 4428 .
1298 4373 1452 4436 Ὅθεν
1539 4366 1782 4448 εὐλόγως
1854 4376 1964 4427 τῶν

307 4457 500 4518 ἄλλων
543 4457 640 4514 δύο
687 4459 992 4535 σχημάτων
1034 4459 1134 4515 ἀνά
1175 4459 1432 4536 τὲσςαρας
1483 4459 1718 4534 ἐχόντων
1769 4457 1969 4515 συλλο-

305 4547 558 4627 γιστικᾶς
587 4549 844 4624 συζυγίας
873 4549 938 4605 τὸ
961 4547 1146 4628 τρίτον
1175 4548 1231 4624 ’ἐξ
1263 4549 1644 4627 ἐκληρώσατο.

2065 3391 2180 3459 tio;
2216 3391 2594 3464 particularia
2631 3395 2829 3448 autem
2861 3389 3126 3464 negligit,
3159 3388 3437 3462 quoniam
3485 3387 3720 3444 univer-

2066 3480 2215 3536 salia
2243 3479 2455 3553 quaerit
2484 3485 2542 3536 et
2569 3480 2723 3536 circa
2750 3479 2883 3553 ipsa
2911 3483 3252 3551 occupatur.

2145 3571 2232 3624 19.
2265 3570 2419 3626 Modi
2459 3573 2658 3626 autem
2707 3569 3048 3642 syllogistici
3096 3569 3300 3640 prima:
3347 3568 3547 3640 ﬁgure
3578 3571 3722 3624 sunt

2071 3664 2346 3731 quatuor,
2377 3663 2436 3715 et
2464 3659 2733 3715 secundae
2775 3663 3048 3730 quatuor,
3081 3658 3262 3714 tertiae
3294 3674 3412 3713 sex.
3445 3659 3507 3713 In
3531 3657 3725 3729 prima

2073 3749 2231 3804 enim
2292 3749 2482 3820 ﬁgura
2531 3749 2648 3804 duo
2698 3748 2965 3819 quaedam
2995 3763 3411 3819 praecavemus,
3452 3750 3518 3802 ut
3570 3763 3724 3802 nun-

2073 3855 2252 3911 quam
2285 3837 2476 3893 minor
2505 3829 2823 3909 propositio
2852 3837 3122 3908 negativa
3149 3852 3339 3907 neque
3374 3837 3564 3907 major
3593 3852 3728 3908 par-

2073 3925 2338 3982 ticularis
2369 3926 2466 3998 sit.
2490 3927 2708 3982 Eodem
2739 3925 2912 3980 modo
2935 3925 2994 3979 in
3027 3925 3289 3980 secunda
3311 3925 3427 3979 duo
3456 3928 3561 3979 :ut
3591 3941 3731 3979 neu-

2071 4016 2297 4087 tiquam
2331 4014 2756 4088 propositiones
2787 4014 2908 4070 sint
2945 4014 3136 4085 ﬁgura
3182 4012 3428 4084 similes,
3460 4029 3566 4069 nec
3597 4030 3730 4068 ma-

2066 4107 2166 4176 jor
2195 4120 2459 4176 unquam
2491 4102 2881 4175 particularis.
2917 4103 2981 4158 In
3013 4101 3184 4158 tertia
3211 4102 3464 4174 denique
3491 4101 3728 4175 (ﬁgura)

2076 4211 2195 4249 una
2223 4196 2456 4248 tantum
2488 4191 2719 4248 exsistit
2760 4191 3107 4260 observatio,
3141 4194 3207 4245 ut
3253 4207 3560 4262 nunquam
3591 4207 3724 4262 pro-

2076 4281 2287 4355 positio
2319 4282 2532 4348 minor,
2555 4280 2824 4353 negativa
2854 4279 2948 4335 sit.
2978 4280 3165 4344 Quare
3188 4281 3323 4351 jure
3351 4279 3560 4336 merito
3588 4296 3724 4335 cum

2076 4375 2294 4428 caeteras
2325 4370 2455 4426 duas
2499 4371 2700 4443 ﬁgurae
2731 4371 2803 4426 ad
2835 4374 3089 4442 quatuor
3117 4368 3374 4425 habeant
3416 4367 3728 4442 syllogisti-

2077 4477 2172 4517 cas
2203 4459 2667 4532 conjugationes,
2693 4459 2865 4514 tertia
2893 4475 2994 4515 sex
3023 4458 3231 4515 sortita
3258 4463 3368 4514 est.

1370 4731 1529 4788 884
1562 4731 1772 4788 Tabula
1797 4734 2002 4804 capitis
2027 4733 2118 4803 32,
2151 4732 2217 4788 de
2245 4731 2418 4788 tribus
2445 4732 2660 4803 ﬁguris.

1167 4899 1282 4967 una
1311 4883 1556 4967 quidem.
1573 4884 1961 4967 propositione
1988 4885 2308 4956 subjicitur,
2341 4885 2404 4940 in
2433 4883 2611 4940 altera
2639 4897 2772 4939 vero
2800 4881 3160 4953 praedicatur,
3188 4887 3243 4938 et
3271 4879 3524 4938 oboritur
3551 4878 3737 4951 prima

306 4953 532 5012 Medius
551 4953 829 5012 terminus
843 4953 950 5026 qui
969 4953 1088 5026 bis\
1237 4955 1420 5026 ﬁgura
1450 4953 1934 5025 syllOgis‘morum.

381 5026 443 5082 in
464 5025 946 5098 propositionibus
967 5041 1058 5082 ac-

382 5097 611 5170 cipitur,
644 5104 739 5154 aut
769 5098 832 5154 in
1066 5097 1090 5170 Ι
1237 5113 1382 5170 rum.

1166 5022 1443 5082 ambabus
1482 5022 1978 5098 propositionibus
2023 5028 2382 5099 praedicatur,
2425 5032 2482 5082 et
2531 5025 2668 5082 hinc
2715 5031 2799 5081 est
2845 5024 3096 5082 secunda
3140 5024 3321 5096 ﬁgura
3366 5022 3734 5094 syllogismo-

1167 5168 1443 5226 ambabus
1471 5168 1791 5241 subjicitur,
1823 5177 1880 5229 et
1905 5171 2143 5242 emergit
2173 5170 2337 5228 tertia
2364 5169 2562 5240 ﬁgura.
