4094 6426
271 452 393 514 949
1636 449 1984 513 EPITOME
2028 449 2336 526 LOGICA.
3573 446 3691 508 950

1929 597 1986 672 β.
2583 614 2647 679 γ.

1214 687 1375 760 λέ)ος
1877 682 2030 763 ζῶον
2440 683 2751 775 ἅνθρωπος

1873 1115 2002 1192 οὐδ.

1775 1292 1910 1317 κη-γη-
1937 1277 2214 1321 .____'__/

332 1381 396 1443 δ’.
432 1381 696 1461 Δεύτερος
740 1383 950 1470 τρόπος
993 1391 1094 1443 τοῦ
1139 1387 1363 1465 πρώτου
1410 1389 1721 1466 σχήματος,
1770 1387 1832 1450 ὃς
1862 1387 1922 1444 ἐκ

2102 1390 2155 1446 4.
2184 1389 2485 1446 Secundus
2534 1389 2748 1444 modus
2791 1387 2994 1460 primaa
3025 1387 3251 1460 ﬁgura,
3283 1384 3385 1458 qui
3433 1400 3503 1440 ex
3549 1383 3683 1440 uni-

255 1471 498 1539 καθόλου
551 1479 926 1554 καταφατικῆς
983 1483 1087 1548 τῆς
1146 1476 1480 1547 ἐλάττονος,
1538 1475 1628 1531 καὶ
1685 1475 1872 1532 καθόλι

2072 1477 2248 1536 ersali
2279 1477 2668 1534 afﬁrmatione
2707 1476 2932 1532 minore
2979 1479 3038 1532 et
3074 1472 3389 1531 universali
3419 1473 3687 1546 negativa

254 1563 601 1643 ἀποφατικῆς
639 1572 742 1636 τῆς
796 1566 1080 1641 μείζονος,
1130 1566 1466 1645 ἀποφατικὸν
1522 1563 1761 1620 καθόλου
1810 1587 1871 1620 συ

2067 1569 2260 1640 najore
2299 1568 2626 1640 negativam
2674 1565 3065 1622 universalem
3095 1563 3315 1636 colligit
3361 1561 3684 1618 conclusio-

258 1654 378 1730 ἀγει
438 1655 822 1731 συμπέρασμα·
879 1657 993 1711 οἷον
1048 1655 1109 1712 ἐκ
1162 1660 1260 1712 τοῦ
1317 1655 1370 1711 ἐν
1416 1653 1535 1728 ὅλῳ
1582 1655 1674 1709 καὶ
1717 1653 1816 1709 οὐκ
1862 1654 1875 1710 ἕ

2062 1674 2164 1714 .em
2203 1676 2216 1713 :
2244 1655 2406 1713 velut
2435 1673 2504 1712 ex
2532 1673 2600 1712 eo
2633 1657 2788 1729 quod
2821 1659 2913 1712 est
2940 1655 3002 1710 in
3030 1657 3150 1710 toto
3181 1657 3240 1708 et
3271 1670 3388 1710 non
3417 1652 3478 1707 in
3509 1655 3632 1708 toto
3666 1668 3679 1706 :

257 1741 396 1817 δλῳο
430 1749 544 1807 Πᾶς
573 1740 856 1822 ἄνθρωπος
909 1750 1070 1816 ζῶον*
1126 1744 1278 1804 οὐδὲν
1329 1749 1465 1816 ζῶον
1517 1744 1690 1808 λίθος·
1739 1743 1874 1800 οὐδεῖ

2120 1746 2232 1802 mis
2262 1745 2438 1801 homo
2477 1745 2729 1812 animal;
2779 1743 3006 1800 nullum
3055 1742 3274 1799 animal
3327 1742 3522 1815 lapis:
3557 1741 3685 1797 nul-
3735 1751 3737 1754 ‘

259 1831 550 1912 ἄνθρωπος
606 1833 782 1898 λίθος.
843 1836 944 1892 Καὶ
1001 1835 1196 1899 οὕτως·
1257 1837 1315 1890 Ὀ
1365 1837 1646 1913 ονθρωπος
1697 1834 1749 1890 ἐν
1799 1833 1876 1889 δλι

2064 1853 2123 1892 .18
2171 1836 2349 1891 homo
2399 1835 2568 1907 lapis.
2603 1835 2672 1889 Et
2703 1834 2786 1890 sic
2820 1850 2832 1890 :
2865 1833 3050 1889 Homo
3107 1832 3165 1888 in
3224 1836 3348 1888 toto
3407 1830 3681 1899 animali;

260 1923 342 1991 τῷ
369 1921 518 2005 ζώιρο
566 1921 649 1977 τὸ.
683 1926 822 1992 ζῶον
871 1924 971 1980 οὐκ
1024 1923 1074 1979 ἐν
1125 1923 1244 1997 ὅλῳ
1279 1928 1360 1996 τῷ
1389 1921 1550 1996 λίθῳ·
1579 1925 1608 1978 6
1638 1924 1877 1998 ἄνθρωπε

2062 1923 2250 1979 nimal
2281 1941 2399 1978 non
2429 1923 2489 1977 in
2519 1926 2641 1978 toto
2688 1922 2911 1995 lapide;
2943 1921 3120 1978 homo
3170 1938 3284 1976 non
3333 1920 3390 1975 in
3441 1922 3562 1975 toto
3595 1918 3679 1974 la-

258 2008 312 2064 ἒν
335 2007 456 2082 ὅλῳ
499 2014 582 2083 τῷ
631 2009 776 2084 λίθῳ
825 2012 925 2068 οὐκ
972 2009 1132 2068 ἔστιν’
1182 2010 1354 2089 ἤγουν
1407 2011 1515 2087 οὐχ
1556 2011 1875 2088 ὑπάρχειμὲ

2072 2012 2166 2067 ide
2195 2028 2208 2066 :
2238 2011 2347 2067 hoc
2376 2015 2483 2081 est,
2516 2011 2691 2068 homo
2721 2028 2839 2067 non
2886 2010 3113 2066 exsistit
3157 2026 3294 2081 pars
3323 2008 3536 2081 lapidis
3569 2024 3581 2062 :
3617 2011 3684 2063 ut

260 2115 356 2171 ρος
402 2102 500 2152 τοῦ
553 2098 715 2164 λίθου
767 2101 795 2155 6
845 2099 1157 2179 ἅνθρωπος,
1207 2101 1280 2164 ὡς
1330 2100 1464 2156 εἶναι
1495 2099 1587 2155 τὸν
1638 2100 1788 2156 λίθον
1825 2101 1877 2173 μέ

2064 2100 2181 2173 apis
2212 2100 2451 2172 quidem
2481 2092 2693 2170 tOtum,
2717 2100 2891 2155 homo
2923 2102 3120 2154 autem
3151 2115 3286 2171 pars
3313 2097 3477 2153 illius
3506 2100 3681 2153 esset.

257 2183 413 2255 ὅλον,
445 2185 611 2242 αὐτοῦ
637 2186 695 2243 δέ
723 2210 777 2243 τι
815 2191 980 2265 μέρος
1026 2190 1120 2245 τὸν
1175 2191 1476 2266 ἄνθρωπον.
1530 2191 1623 2244 Ἐκ
1652 2193 1748 2243 τοῦ
1786 2209 1874 2243 κατ

2064 2191 2114 2244 1x
2160 2206 2226 2244 eo
2284 2189 2439 2260 quod
2491 2192 2580 2243 est
2627 2189 2698 2244 de
2745 2187 2905 2243 nullo
2935 2192 2994 2243 et
3022 2188 3093 2243 de
3138 2186 3300 2243 omni
3335 2205 3348 2241 :
3381 2185 3554 2258 Lapis
3609 2185 3681 2240 de

260 2271 502 2344 μηδενὸς
558 2277 649 2332 καὶ
705 2279 842 2333 κατὰ
897 2279 1097 2341 παντός
1133 2301 1146 2314 ·
1205 2281 1261 2332 Ὀ
1310 2276 1464 2341 λίθος
1521 2280 1639 2332 κατ’
1703 2275 1877 2332 οὐδενὲ

2065 2277 2194 2333 ιυιιο
2233 2277 2495 2347 animali,
2532 2277 2750 2332 animal
2802 2278 2874 2332 de
2922 2276 3081 2332 omni
3130 2275 3397 2342 homine;
3430 2275 3580 2346 lapis
3613 2274 3682 2329 de

271 2363 436 2431 ζώουο
485 2365 549 2420 τὸ
601 2370 737 2436 ζῶον
780 2369 919 2423 κατὰ
958 2366 1154 2430 παντὸς
1202 2367 1514 2443 ἀνθρώπου’
1559 2368 1587 2421 6
1627 2365 1776 2429 λίθος
1807 2387 1888 2421 καθ

2063 2365 2195 2421 ιυΙΙο
2226 2365 2483 2422 homine.
2508 2366 2668 2421 Idem
2700 2369 2896 2420 autem
2920 2365 3132 2421 Graecis
3164 2369 3252 2420 est
3279 2364 3414 2417 κατὰ
3447 2359 3680 2434 μηδενὸς

270 2449 505 2515 οὐδενός.
560 2455 661 2510 Καὶ
717 2455 937 2520 οὕτως’
995 2459 1052 2511 Ὁ
1104 2455 1259 2522 λίθος
1331 2454 1510 2512 οὐδενί
1577 2456 1701 2528 ζώῳ
1761 2455 1887 2531 ὑπάε

2060 2453 2122 2509 μαὶ
2151 2455 2268 2508 κατ’
2298 2451 2537 2515 οὐδενός.
2565 2455 2636 2510 Et
2661 2455 2746 2510 sic
2777 2473 2790 2510 :
2828 2454 3003 2526 Lapis
3047 2453 3192 2510 nulli
3225 2453 3465 2510 animali
3494 2453 3677 2520 inest;

269 2561 382 2618 χειο
437 2544 502 2599 τὸ
559 2548 698 2614 ζῶον
749 2545 910 2602 παντὶ
965 2546 1256 2620 ἀνθρώπῳ·
1318 2547 1346 2600 6
1394 2544 1549 2610 λίθος
1598 2541 1702 2620 ἄρα
1745 2542 1886 2599 οὔδει

2067 2543 2253 2601 nimal
2311 2544 2471 2601 omni
2524 2543 2780 2611 homini;
2812 2543 2964 2616 lapis
3017 2543 3198 2615 igitur
3255 2541 3403 2599 nulli
3458 2541 3684 2598 homini

268 2630 538 2710 ἀνθρώπῳ
562 2633 820 2713 ὑπάρχει.

596 2635 820 2713 πάρχει.
2036 2633 2209 2689 inest.

1305 2796 1372 2840 α.
1973 2773 2039 2854 β.
2596 2793 2696 2860 μγ.

1209 2870 1580 2967 γελαστικόν
1848 2868 2160 2960 ἄνθρωπος
2594 2856 2754 2940 ζῶον

348 3558 406 3618 ε’.
436 3557 629 3635 Τρίτος
683 3557 890 3636 τρόπος
940 3564 1040 3615 τοῦ
1086 3561 1312 3637 πρώτου
1362 3563 1621 3640 σχήματο
1669 3564 1699 3619 6
1742 3562 1802 3623 ἐκ
1844 3569 1965 3634 δια-ί

2111 3566 2167 3622 5.
2199 3565 2430 3624 Tertius
2463 3565 2678 3621 modus
2707 3562 2910 3636 primae
2951 3559 3154 3632 ﬁgurae
3185 3560 3274 3616 est
3302 3556 3404 3630 qui
3434 3573 3504 3613 ex
3532 3555 3697 3612 afﬁr-

273 3653 578 3727 ταφατικῆς
637 3655 866 3724 μερικῆς
931 3655 1032 3720 τῆς
1081 3648 1371 3714 ἐλάττονος
1418 3652 1509 3706 καὶ
1556 3651 1796 3718 καθόλου
1843 3673 1890 3708 κε

2082 3655 2261 3712 iativa
2289 3652 2630 3727 particulari
2659 3652 2882 3708 minore
2914 3654 2972 3706 et
3007 3646 3322 3706 universali
3351 3645 3699 3702 afﬁrmativa

276 3744 579 3814 ταφατικῆς
637 3745 737 3808 τῆς
798 3737 1045 3812 μείζονος
1119 3740 1339 3817 μερικὸν
1393 3743 1753 3820 καταφατικὸν
1815 3763 1893 3796 σοι

2086 3745 2268 3816 iajore
2310 3741 2727 3816 particularem
2773 3739 3185 3796 afﬁrmativam
3217 3735 3442 3808 colligit
3472 3734 3703 3791 conclu-

278 3827 425 3902 άγων
484 3827 867 3904 συμπέρασμα·
921 3830 1038 3884 οἷον
1096 3828 1157 3884 ἐκ
1209 3833 1307 3885 τοῦ
1367 3829 1418 3884 ἐν
1479 3828 1623 3904 ὅλῳθ
1678 3830 1739 3885 Τὶ
1795 3835 1895 3900 ζῶε

2085 3833 2272 3889 ionem
2310 3849 2323 3887 :
2357 3833 2514 3888 velut
2557 3830 2710 3888 338
2762 3847 2832 3885 ex
2861 3844 2926 3884 eo
2958 3828 3112 3899 quod
3148 3829 3238 3882 est
3285 3826 3346 3880 in
3394 3828 3514 3880 toto
3547 3843 3561 3880 :
3594 3823 3702 3880 Ali-

279 3913 584 3993 ἄνθρωπος’
634 3921 740 3978 πᾶς
786 3913 1072 3994 ἄνθρωπος
1116 3915 1459 3995 γελαστικόν·
1489 3917 1542 3976 τί
1592 3923 1728 3989 ζῶον
1770 3919 1896 3994 γελα

2089 3922 2204 3977 uod
2236 3919 2455 3976 animal
2486 3919 2695 3987 homo;
2743 3918 2936 3974 omnis
2965 3916 3144 3972 homo
3169 3913 3427 3982 risibile;
3461 3912 3700 3985 aliquod

280 4005 480 4064 στικόν.
542 4005 642 4061 Καὶ
691 4005 855 4062 οὕτωσ
912 4005 974 4060 Ti
1033 4011 1171 4076 ζῶον
1231 4007 1282 4062 ἐν
1340 4006 1456 4064 δΛω
1510 4013 1590 4081 τῷ
1640 4009 1897 4085 ἀνθρώπιι

2086 4009 2267 4066 nimal
2325 4007 2569 4064 risibile.
2599 4009 2670 4063 Et
2715 4006 2800 4062 sic
2832 4022 2846 4062 :
2879 4005 3128 4076 Aliquod
3186 4003 3405 4059 animal
3463 4002 3523 4056 in
3580 4005 3701 4057 toto

278 4101 388 4159 πᾶς
446 4092 731 4171 ἅνθρωπος
789 4095 842 4150 ἐν
902 4093 1020 4168 ὅλῳ
1078 4100 1158 4168 τῷ
1210 4094 1535 4172 γελαστικῷ·
1585 4097 1638 4151 τὶ
1696 4102 1834 4167 ζῶον
1883 4097 1895 4152 ἓ

2091 4099 2314 4166 omine;
2343 4096 2536 4152 omnis
2567 4096 2742 4151 homo
2772 4097 2832 4149 in
2882 4099 3002 4150 toto
3036 4092 3274 4160 risibili;
3307 4091 3544 4163 aliquod
3575 4090 3701 4145 ani-

281 4182 402 4258 ὅλῳ
443 4189 524 4258 τῷ
570 4183 898 4261 γελαστικῷ.
952 4186 1047 4240 Ἐκ
1100 4189 1198 4240 τοῦ
1243 4185 1380 4240 κατᾶ
1425 4185 1628 4248 παντὸς
1675 4186 1766 4240 καὶ
1804 4207 1898 4241 κατ

2084 4187 2168 4242 nal
2199 4187 2259 4241 in
2305 4190 2428 4241 toto
2460 4183 2688 4240 risibili.
2720 4185 2803 4238 Ex
2831 4199 2896 4239 eo
2929 4183 3084 4254 quod
3137 4187 3226 4238 est
3255 4182 3326 4236 de
3356 4180 3514 4236 omni
3544 4184 3602 4236 et
3631 4181 3701 4236 de

278 4291 448 4336 τινος’
501 4273 573 4328 Τὸ
619 4273 936 4350 γελαστικὸν
991 4275 1128 4328 κατὰ
1174 4275 1373 4336 παντὸς
1427 4276 1734 4349 ἀνθρώπου·
1792 4276 1820 4330 ὁ
1851 4273 1895 4329 ἄη

2086 4277 2248 4349 liquo
2283 4293 2296 4331 :
2331 4273 2574 4330 Risibile
2607 4275 2677 4329 de
2709 4273 2869 4329 omni
2900 4273 3168 4341 homine;
3200 4271 3374 4326 homo
3405 4271 3477 4326 de
3506 4268 3701 4342 aliquo

280 4367 503 4441 θρωπος
549 4365 687 4419 κατά
737 4385 886 4426 τινος
937 4365 1099 4433 ζώου·
1152 4363 1216 4418 τὸ
1259 4361 1577 4440 γελαστικὸν
1620 4366 1756 4419 κατά
1790 4385 1897 4418 τινε

2088 4364 2324 4432 nimali;
2357 4363 2580 4419 risibile
2628 4363 2700 4418 de
2750 4361 2946 4434 aliquo
2988 4359 3247 4416 animali.
3277 4361 3347 4414 Et
3397 4360 3480 4416 sic
3515 4377 3527 4415 :
3557 4358 3704 4414 Risi-

285 4454 468 4524 ζώου.
530 4453 628 4509 Καὶ
686 4452 849 4508 οὕτω·
904 4453 974 4507 Τὸ
1030 4451 1348 4527 γελαστικὸν
1410 4453 1566 4508 παντὶ
1621 4454 1890 4529 ἀνθρώπῳ

2086 4455 2167 4508 ile
2212 4452 2372 4509 omni
2403 4451 2660 4518 homini;
2709 4450 2886 4505 homo
2935 4449 3109 4506 alicui
3159 4448 3428 4517 animali;
3480 4445 3703 4503 risibile

282 4544 313 4598 6
345 4538 629 4618 ἄνθρωπός
658 4564 764 4598 τινι
800 4543 946 4614 ζώῳ’
977 4543 1040 4597 τὸ
1069 4541 1382 4617 γελαστικόν
1415 4564 1518 4597 τινι
1552 4543 1698 4616 ζώῳ.

904 4561 946 4613 μ’
977 4543 1040 4597 τὸ
1069 4541 1382 4617 γελαστικόν
1415 4564 1518 4597 τινι
1552 4543 1698 4616 ζώῳ.
2051 4543 2223 4598 alicui
2261 4541 2521 4597 animali.

357 4633 422 4698 ς’.
478 4631 710 4700 Δυνατὸν
769 4628 825 4687 δὲ
882 4631 973 4687 καὶ
1030 4631 1148 4686 ἀντὶ
1202 4637 1301 4687 τοῦ
1368 4631 1454 4694 τὶς
1507 4629 1941 4706 προσδιορισμοῦ

2122 4634 2178 4686 6.
2224 4635 2549 4686 Possumus
2605 4633 2803 4684 autem
2860 4629 3037 4685 etiam
3091 4645 3194 4700 pro
3251 4625 3707 4699 pradeﬁnitione

281 4716 617 4799 προσλαϐεῖν
669 4719 970 4798 ὡρισμένον
1020 4742 1072 4776 τι
1117 4720 1412 4797 πρόσωπον
1461 4725 1568 4775 τῶν
1619 4714 1898 4784 καθέκαστι

2092 4737 2183 4776 seu
2216 4720 2406 4791 signo)
2454 4717 2670 4788 aliquis
2713 4716 2940 4772 ﬁnitam
2990 4716 3248 4788 aliquam
3298 4731 3610 4788 personam
3639 4731 3709 4770 ex

281 4812 376 4867 καὶ
431 4811 501 4866 τὰ
554 4809 692 4866 αὐτά
739 4809 905 4866 πάλιν
958 4814 1292 4887 συναγαγεῖν·
1347 4811 1486 4882 οἷον,
1537 4810 1592 4863 Ὀ
1643 4809 1898 4883 Σωκράτῖ

2089 4808 2384 4882 ingularib
2397 4824 2463 4862 us
2495 4822 2818 4875 assumere,
2842 4813 2898 4861 et
2929 4821 3136 4862 rursus
3165 4805 3370 4861 eadem
3396 4803 3705 4877 colligere:

283 4898 598 4976 ἅνθρωπος·
655 4905 760 4962 πᾶς
823 4895 1105 4975 ἄνθρωπος
1161 4896 1500 4974 γελαστικόν·
1562 4899 1590 4953 6
1642 4898 1900 4973 Σωκράτη

2091 4897 2233 4954 eluti
2268 4913 2280 4952 :
2316 4897 2585 4952 Socrates
2636 4895 2841 4964 homo;
2873 4894 3065 4950 omnis
3113 4894 3290 4950 homo
3321 4893 3577 4961 risibile;
3606 4898 3708 4949 So-

284 4987 393 5066 ἄρα
448 4987 788 5066 γελαστικόν.
849 4989 949 5044 Καὶ
1006 4987 1171 5044 πάλιν
1209 5010 1221 5023 ο
1280 4988 1351 5042 Τὸ
1421 4985 1737 5064 γελαστικὸν
1809 5007 1901 5040 κατ

2093 4991 2247 5042 rates
2276 4985 2459 5058 igitur
2500 4984 2743 5040 risibile.
2776 4988 2844 5038 Et
2885 5000 3094 5040 rursus
3123 5001 3137 5038 :
3171 4983 3416 5040 Risibile
3447 4983 3518 5038 de
3548 4981 3708 5038 omni

281 5079 484 5142 παντὸς
515 5079 821 5156 ἀνθρώπου·
861 5079 890 5134 6
933 5076 1219 5154 ἅνθρωπος
1268 5079 1404 5132 κατὰ
1447 5081 1545 5132 τοῦ
1596 5076 1898 5153 Σωκράτουι

2091 5075 2328 5147 ιοωὶοθς
2362 5074 2538 5131 homo
2577 5075 2650 5129 de
2696 5074 2961 5142 Socrate;
2993 5073 3220 5130 risibile
3266 5073 3450 5147 igitur
3495 5073 3566 5129 de
3612 5076 3708 5128 So-

281 5171 350 5227 τὸ
382 5169 702 5246 γελαστικὸν
736 5167 840 5244 ἄρα
866 5169 1004 5225 κατᾶ
1029 5171 1128 5224 τοῦ
1159 5165 1509 5245 Σωκράτους.
2058 5166 2236 5220 crate.

1321 5321 1388 5365 α.
1991 5295 2053 5375 β.
2650 5317 2710 5379 γ.

1223 5397 1296 5460 τὸ
1330 5384 1684 5466 σολοικίζειν
1799 5391 2238 5483 γραμματικός
2571 5388 2743 5454 Αἱθιο

1600 5550 1731 5604 Οὐδ.
2323 5566 2414 5604 τοι

1998 5775 2046 5814 π

1979 5894 2046 5962 o6
