4094 6488
372 417 496 479 953
1737 413 2090 477 EPITOME
2131 412 2444 477 LOGICA.
3670 415 3793 478 954

378 543 554 620 ἤγουν
639 555 1005 626 καταφατικῆς
1075 554 1176 618 τῆς
1257 545 1562 619 ἐλάττονος,
1637 547 1726 602 καὶ
1791 544 1993 602 καθόλο

2175 553 2230 604 st
2274 549 2647 620 afﬁrmativa,
2694 549 2948 620 minore;
2998 553 3056 606 et
3112 548 3424 607 universali
3512 551 3792 623 privativa

383 640 729 712 στερητικῆς,
775 637 969 692 ταυτὸν
1021 633 1090 690 δι’
1121 637 1312 708 εἰπεῖν,
1361 637 1703 715 ἀποφατικῆς
1752 643 1853 706 τῆς
1915 635 2000 708 μεί

2172 639 2322 694 idem
2355 645 2443 694 est
2474 643 2668 694 autem
2702 639 2893 695 dicere
2936 639 3223 712 negativa)
3251 641 3637 697 universalem
3672 641 3789 712 pri-

386 729 540 794 ζονος
562 746 575 758 ·
611 729 824 804 συνάγει
852 724 954 801 (δὲ)
985 725 1345 802 συμπέρασμα
1391 723 1628 780 καθόλου
1684 725 1993 801 στερῃτικόν

2175 727 2396 782 'ativam
2459 727 2680 800 colligit
2732 729 3169 785 conclusionem
3203 748 3214 785 :
3248 729 3425 801 velut,
3472 730 3655 786 Homo
3703 733 3792 786 est

383 815 520 886 οἷον,
554 818 611 870 Ὁ
640 814 921 892 ἄνθρωπος
977 820 1142 885 ζῶον·
1203 816 1230 869 ὁ
1281 813 1451 886 λίθος,
1487 814 1548 869 οὐ
1596 819 1731 884 ζῶον
1763 833 1776 846 ·
1828 810 2000 891 ἄνθρω

2172 816 2366 872 Lnimal
2417 835 2430 872 :
2481 818 2628 889 lapis
2660 835 2774 873 non
2828 822 2918 874 est
2963 817 3211 888 animal;
3246 820 3426 893 (ergo)
3454 818 3629 875 homo
3674 835 3789 876 non

380 927 482 969 πος
511 905 614 984 ἄρα
643 905 704 961 οὗ
739 905 911 969 λίθος.

817 911 911 969 loc.
2145 910 2234 962 est
2262 905 2434 979 lapis.

1341 1454 1400 1601 β
1613 1508 1743 1581 οὐδ.
2369 1539 2415 1578 π

2017 1666 2082 1731 μ.

1955 1731 2139 1814 ζῶον.

1579 1993 1708 2067 οὐδ.
1927 1994 1960 2350 ἰ
2128 2000 2165 2346 ἶ
2391 2017 2441 2058 π

1579 2270 1721 2346 κίθος
2397 2263 2441 2328 ἆ

1454 2298 1509 2338 ν.
1555 2270 1721 2346 λίθος
1793 2273 1823 2349 ί
2023 2354 2090 2425 ’ὃ
2301 2272 2334 2340 3
2397 2260 2708 2346 ἄνθρωπος

1984 2383 2050 2423 0U
2099 2412 2115 2425 ι

1984 2383 2089 2425 ουο
2099 2412 2115 2426 .

453 2563 553 2618 Καὶ
586 2561 789 2619 πάλιν⁹
840 2566 911 2620 Τὸ
959 2563 1095 2636 ζῶον
1124 2567 1240 2622 κατ’
1273 2564 1491 2623 οὐδενὸς
1541 2565 1730 2623 λίθου·
1781 2568 1844 2623 τὸ
1899 2571 2070 2638 ζῶονξ

2215 2570 2287 2625 Et
2315 2568 2530 2624 iterum
2563 2585 2577 2624 :
2608 2565 2844 2623 Animal
2891 2566 2961 2622 de
3006 2563 3169 2621 nullo
3214 2564 3440 2638 lapide;
3473 2561 3690 2621 animal
3721 2563 3793 2620 de

382 2652 520 2706 κατά
575 2653 775 2716 παντὸς
835 2655 1155 2730 ἀνθρώπου·
1215 2657 1244 2711 ὁ
1303 2654 1459 2720 λίθος
1517 2655 1621 2730 ἄρα
1671 2658 1788 2712 κατ’
1829 2654 1999 2712 οὐδενὲ

1965 2656 2046 2719 νὸς
2154 2658 2316 2714 omni
2345 2657 2614 2726 homine;
2644 2655 2795 2728 lapis
2825 2656 3005 2728 igitur
3031 2656 3103 2712 de
3129 2653 3292 2710 nullo
3322 2653 3582 2710 homine.

389 2741 700 2815 ἀνθρώπου.

459 2829 521 2886 δ’.
575 2832 833 2909 Δεύτερος
883 2833 1086 2909 τρόπος
1143 2833 1303 2890 τοῦδε
1348 2839 1446 2890 τοῦ
1496 2837 1785 2911 σχήματος
1841 2834 1900 2889 ἐκ
1943 2854 2040 2889 κα-

2223 2838 2276 2892 4.
2309 2837 2616 2892 Secundus
2643 2835 2856 2891 modus
2895 2833 3075 2906 hujus
3123 2834 3322 2908 figurae
3368 2850 3436 2890 ex
3484 2833 3799 2891 universali

385 2921 553 2985 θόλου
609 2931 930 2998 στερητικῆς
993 2931 1094 2994 τῆς
1163 2924 1471 2995 ἐλάττονος,
1527 2924 1616 2980 καὶ
1674 2929 2002 3000 ιιατηγορικῆ

2185 2927 2439 2981 .rivativa
2488 2925 2732 2991 minore,
2765 2929 2822 2980 et
2851 2923 3189 2980 attributiva
3237 2923 3552 2980 universali
3582 2926 3802 2994 majore

387 3008 629 3067 καθόλου
679 3021 783 3084 τῆς
820 3019 1097 3086 μειζονος·
1132 3015 1343 3091 συνάγει
1403 3011 1460 3068 δὲ
1515 3014 1604 3068 καὶ
1667 3013 1824 3074 αὐτὸς
1881 3012 2004 3068 καθό

2184 3015 2455 3086 constat);
2487 3013 2710 3087 colligit
2737 3017 2932 3069 autem
2982 3017 3040 3068 et
3087 3013 3214 3085 ipse
3259 3010 3647 3069 universalem
3684 3014 3801 3085 pri-

382 3097 483 3156 λου
516 3103 831 3178 στερητικόν
858 3121 870 3133 ·
905 3105 1044 3174 οἷον,
1078 3101 1268 3166 Οὐδεὶς
1300 3103 1451 3165 λίθος
1488 3107 1624 3172 ζῶον
1651 3121 1662 3134 '
1695 3109 1798 3165 πᾶς
1832 3099 1999 3178 ἅνθρω

2189 3105 2405 3160 ativam
2452 3103 2934 3176 (conclusionem)
2969 3119 2982 3158 :
3017 3101 3193 3169 velut,
3225 3101 3433 3157 Nullus
3481 3101 3632 3174 lapis
3679 3101 3803 3158 ani-

382 3211 485 3253 πος
520 3195 686 3261 ζῶον³
719 3189 896 3256 οὐδεὶς
929 3189 1079 3248 λίθον
1113 3190 1215 3263 ἄρα
1245 3191 1551 3270 ἄνθρωπος.

2191 3191 2272 3248 λοι
2304 3211 2317 3248 :
2352 3192 2550 3248 omnis
2602 3191 2779 3249 homo
2830 3196 2919 3248 est
2965 3189 3202 3262 animal,
3254 3191 3454 3248 nullus
3510 3191 3661 3264 lapis
3717 3195 3808 3248 est

2148 3282 2346 3340 homo.

2089 4045 2206 4110 μο.

2028 4109 2187 4193 ζῶον
2199 4169 2213 4182 .

1741 4398 1791 4438 π
1995 4368 2030 4724 ﬁ
2202 4381 2235 4722 Ϊ
2464 4369 2593 4441 οὐδ.

1741 4667 1786 4718 ›ς
2473 4644 2593 4708 λίθ(

1369 4669 1428 4714 ν.
1474 4641 1786 4729 ἄνθρωπος
1856 4646 1889 4722 ί
2088 4731 2156 4803 ’δ
2370 4655 2403 4717 λ
2473 4638 2734 4719 λίθος

2048 4758 2115 4800 ου
2164 4790 2179 4803 .

2048 4758 2153 4803 ουο
2164 4790 2179 4805 .

452 4945 510 5004 ε’.
548 4945 741 5023 Τρίτος
797 4947 1003 5022 τρόπος
1061 4947 1230 5022 ἐστὶν,
1290 4949 1350 5012 ὃς
1410 4950 1470 5006 ἐκ
1527 4957 1756 5028 μερικῆς
1810 4971 2045 5030 καταφα-

2225 4953 2281 5009 5.
2313 4949 2548 5009 Tertius
2579 4950 2791 5007 modus
2819 4951 2926 5019 est,
2959 4948 3058 5020 qui
3089 4963 3160 5004 ex
3187 4944 3528 5020 particulari
3555 4945 3810 5004 afﬁrma-

384 5042 546 5105 τικῆς
603 5039 703 5107 τῆς
767 5034 1079 5107 ἐλάττονος,
1137 5039 1227 5093 καὶ
1299 5038 1539 5095 καθόλου
1608 5047 1711 5111 τῆς
1772 5039 2001 5114 μείζονοι

2189 5042 2276 5098 iva
2334 5041 2580 5108 minore,
2612 5044 2670 5097 et
2720 5037 3003 5112 privativa
3056 5034 3375 5092 universali
3432 5035 3674 5108 majore,
3706 5051 3806 5093 ne-

381 5123 717 5203 ἀποφατικὸν
799 5127 1022 5202 μερικὸν
1109 5124 1520 5204 συλλογίζεται·
1581 5130 1717 5200 οἷον,
1775 5129 1836 5183 Τὶ
1904 5133 1998 5199 ζῶε

2188 5132 2408 5188 'ativam
2438 5129 2854 5203 particularem
2895 5126 3278 5183 ratiocinatur
3304 5124 3805 5198 (conclusionem),

376 5211 638 5289 λογικόν·
704 5213 857 5271 οὐδὲν
891 5212 1094 5289 ἄλογον
1145 5213 1408 5272 λονικόν⁶
1470 5217 1532 5273 οὐ
1589 5224 1693 5273 πᾶν
1729 5223 1864 5288 ζῶον
1916 5216 1993 5275 ἄλη

2187 5221 2329 5290 elut,
2359 5219 2610 5292 Aliquod
2662 5217 2882 5275 animal
2927 5215 3246 5286 rationale;
3295 5213 3525 5271 nullum
3574 5214 3803 5272 irratio-

374 5325 494 5382 γον·
2152 5310 2283 5368 nale
2313 5309 2635 5378 rationale;
2667 5325 2783 5367 non
2815 5323 2990 5363 omne
3018 5304 3237 5362 animal
3268 5304 3622 5361 irrationale.
