4094 6464
352 428 470 491 955
1603 446 2027 511 NICEPHORI
2075 450 2512 515 BLEMMIDIE

1342 599 2737 1226 Ω

1913 1233 2163 1327 λογικόν

1775 1749 2115 1839 L__.
2212 1749 2324 1838 ,λ
2386 1750 2538 1835 ζῶον
2577 1749 2633 1834 ξ.

2028 1880 2102 1922 π.

2032 1951 2103 2020 οὗ

406 2045 459 2144 εξ.
491 2046 744 2144 Quartus
776 2051 986 2144 modus
1027 2055 1135 2144 est,
1169 2054 1271 2128 qui
1320 2073 1390 2114 ex
1430 2060 1699 2133 negativa
1728 2060 1988 2134 particu-

2176 2063 2247 2126 ς’.
2300 2063 2567 2139 Τέταρτος
2623 2061 2681 2119 δὲ
2726 2065 2934 2141 τρόπος
3000 2066 3165 2137 ἐστὶν,
3209 2064 3359 2129 ὅστις
3417 2066 3468 2140 ἐξ
3521 2067 3744 2144 ἀποφατι

336 2130 443 2187 lari
477 2135 721 2206 minore,
746 2142 803 2194 et
822 2140 1171 2199 affirmativa
1195 2130 1752 2222 universali'majore
1773 2155 1831 2206 et
1860 2152 1985 2224 ipse

2108 2157 2195 2221 ιῆς
2259 2160 2487 2228 μερικῆς
2562 2160 2663 2223 τῆς
2723 2154 3032 2225 ἐλάττονος,
3088 2156 3179 2211 καὶ
3234 2163 3604 2235 Μταφατικῆς
3646 2175 3735 2209 κα-

336 2222 745 2321 pa‘rticularem
806 2231 1133 2302 negativam
1191 2235 1411 2309 colligit
1453 2222 1979 2311 (conclusionem):

2108 2222 2386 2311 lolcon-:5;
2448 2222 2720 2315 μείζονος,
2751 2244 3099 2321 συμπεραίνει
3156 2245 3246 2299 καὶ
3304 2222 3470 2307 αὐτὸς
3531 2244 3737 2317 μερικὸν

334 2310 511 2381 velut,
544 2317 669 2369 Non
702 2333 874 2374 omne
903 2318 1102 2377 album
1134 2323 1383 2395 animal;
1425 2328 1619 2383 omnis
1649 2328 1824 2384 homo
1856 2310 1982 2385 ani-

2108 2330 2426 2406 ἰποφατικόν
2448 2349 2461 2363 ⁸
2522 2332 2659 2387 οἷον·
2688 2333 2761 2387 Οὐ
2791 2340 2893 2388 πᾶν
2928 2330 3118 2388 λευκὸν
3150 2336 3312 2403 ζῶον·
3376 2341 3481 2396 πᾶς
3540 2332 3732 2408 ἄνθρω-

337 2399 483 2468 mal;
516 2419 631 2459 non
661 2422 833 2463 omne
863 2407 1064 2467 album
1095 2411 1292 2471 homo.

2108 2439 2192 2480 τος
2228 2423 2395 2487 ζῶονο
2431 2419 2492 2475 οὐ
2524 2428 2626 2477 πᾶν
2663 2421 2853 2478 λευκὸν
2882 2422 3189 2497 ἅνθρωπος.

1983 3174 2141 3257 ζῶον

1697 3444 1747 3486 π
1956 3436 2002 3486 Ι
2146 3436 2192 3486 \
2437 3436 2486 3475 π

1327 3731 1379 3772 ν.
1429 3708 1743 3798 ἄνθρωπος
1818 3705 1850 3788 ί
2322 3703 2356 3779 δ
2424 3700 2638 3763 λευκξν
2676 3686 2728 3768 ξ.

2082 3823 2133 3866 π

2065 3892 2137 3965 οὗ

401 3994 555 4051 842
586 3996 642 4050 7.
674 3996 745 4052 Et
772 3996 833 4053 hi
866 3999 1102 4071 quidem
1144 4003 1301 4059 modi
1331 4021 1537 4061 verum
1568 4022 1639 4061 ex
1663 4003 1817 4060 veris
1848 4019 1982 4075 pro-

2166 4000 2225 4068 ζ’.
2261 3997 2361 4053 Καὶ
2421 3996 2573 4052 οὗτοι
2635 3996 2731 4070 μὶν
2791 3998 2845 4051 οἱ
2898 3995 3097 4072 τρόποι
3150 3996 3214 4051 τὸ
3269 3992 3474 4065 ἀληθὲς
3522 3989 3571 4060 ἐξ
3608 3984 3734 4052 ἀλη-

332 4083 725 4156 positionibus
773 4087 1188 4148 concludentes
1220 4093 1563 4167 syllogistici
1605 4098 1662 4150 et
1703 4096 1983 4149 vocantur

2108 4092 2203 4154 )i'ov
2268 4088 2579 4163 προτάσεων
2650 4086 3128 4163 συμπεραίνοντες,
3185 4076 3592 4167 συλλογιστικοὶ
3646 4091 3731 4127 κα·

3639 452 3755 515 956

1571 1517 1704 1592 οὐδ.

1380 1783 1433 1820 ν.
1482 1758 1710 1849 ἄλογον

335 4177 392 4227 et
450 4178 633 4229 sunt:
668 4175 769 4247 qui
819 4181 1015 4233 autem
1070 4185 1275 4251 praeter
1328 4199 1428 4239 eos
1486 4188 1643 4252 sunt,
1678 4186 1985 4254 propterea

336 4263 492 4333 quod
518 4267 576 4318 et
602 4280 737 4319 vera
767 4270 825 4321 et
856 4267 1002 4323 falsa
1031 4269 1327 4343 colligant,
1360 4276 1418 4327 et
1457 4272 1733 4327 dicuntur
1762 4275 1818 4326 et
1846 4274 1986 4325 sunt

334 4350 677 4424 asyllogisti.
722 4354 1030 4412 Evidenter
1075 4360 1232 4414 enim
1291 4377 1360 4415 ex
1418 4361 1644 4417 duabus
1699 4359 1985 4432 negativis

336 4440 767 4497 universalibus
798 4446 1298 4517 propositionibus
1346 4453 1403 4504 et
1448 4466 1649 4504 verum
1680 4454 1738 4504 et
1770 4447 1985 4504 falsum

336 4529 708 4586 concluditur
739 4548 752 4585 :
786 4548 989 4588 verum
1037 4536 1276 4607 quidem
1321 4536 1403 4593 ita
1433 4554 1446 4591 :
1481 4538 1691 4593 Nullus
1720 4537 1868 4609 lapis
1898 4541 1989 4592 est

334 4618 541 4687 homo;
588 4619 790 4676 nullus
838 4637 1028 4694 equus
1076 4629 1167 4679 est
1217 4625 1423 4693 homo;
1459 4625 1662 4682 nullus
1719 4625 1869 4697 lapis
1900 4629 1989 4681 est

334 4724 561 4779 equus:
589 4708 806 4765 falsum
838 4715 1033 4767 autem
1063 4728 1076 4768 :
1102 4712 1311 4770 Nullus
1343 4715 1518 4771 homo
1548 4714 1721 4784 volat;
1755 4713 1985 4771 nullum

333 4795 620 4854 rationale
646 4798 833 4869 volat;
866 4798 1067 4857 nullus
1097 4800 1273 4859 homo
1304 4807 1395 4859 est
1423 4803 1747 4860 rationalis.

403 4886 456 4941 8.
490 4886 775 4947 Cmterum
808 4888 981 4949 tertia
1021 4888 1213 4962 ﬁgura
1255 4894 1345 4950 est
1391 4892 1628 4964 quando
1656 4891 1988 4951 communis

334 4978 393 5031 et
436 4976 668 5036 medius
716 4976 1010 5037 terminus
1068 4978 1246 5036 etiam
1303 4979 1542 5053 utrique
1595 4985 1988 5038 extremorum

331 5064 639 5136 subjectus
670 5064 866 5123 fuerit.
1256 5092 1258 5094 τ

402 5154 454 5209 9.
490 5153 647 5211 Modi
677 5156 875 5212 autem
907 5153 1093 5215 tertiae
1123 5156 1325 5229 ﬁgurae
1356 5161 1498 5215 sunt
1527 5175 1645 5217 sex.

408 5244 494 5299 10.
527 5243 596 5299 Et
622 5244 853 5315 primus
880 5244 1120 5315 quidem
1150 5246 1252 5318 qui
1275 5262 1344 5302 ex
1364 5248 1598 5307 duabus
1627 5247 1991 5305 afﬁrmativis

341 5330 770 5388 universalibus
813 5332 1312 5404 propositionibus
1364 5336 1778 5408 particularem
1827 5337 1992 5391 afﬁr-

342 5421 619 5477 mativam
667 5420 892 5500 colligit
919 5420 1392 5493 conclusionem;
1442 5428 1528 5493 ut,
1563 5426 1769 5481 Omnis
1816 5425 1993 5481 homo

343 5512 430 5564 est
458 5509 711 5578 animal;
758 5510 951 5566 omnis
1008 5509 1336 5582 homoest
1391 5514 1703 5582 rationale;
1756 5512 1991 5587 aliquod

342 5596 560 5654 animal
617 5602 706 5655 est
761 5598 1063 5656 rationale.
1122 5595 1463 5659 Et'iterum
1506 5621 1519 5659 :
1562 5602 1865 5661 Rationale
1921 5603 1994 5660 de

346 5687 506 5741 omni
552 5687 818 5757 homine;
852 5689 1069 5746 animal
1101 5691 1174 5746 de
1203 5692 1363 5747 omni
1411 5693 1677 5763 homine;
1712 5691 1995 5749 rationale

345 5772 528 5847 igitur
552 5774 625 5832 de
652 5778 909 5851 quodam
943 5778 1205 5836 animali.

2094 4176 2313 4233 λοῦνταί
2340 4196 2402 4230 τε
2428 4174 2519 4230 καὶ
2552 4173 2714 4228 εἷ’σίν·
2762 4175 2813 4229 οἱ
2862 4171 2920 4229 δὲ
2964 4174 3091 4248 παρ’
3129 4172 3349 4241 αὐτοὺς,
3381 4170 3471 4227 διὰ
3513 4165 3574 4222 τὰ
3620 4180 3731 4216 συν·

2094 4266 2241 4340 ἀγειν
2286 4264 2375 4319 καὶ
2426 4263 2605 4333 ἀληθῆ
2656 4263 2746 4318 καὶ
2796 4260 2990 4337 ψευδῆ,
3040 4263 3131 4318 καὶ
3184 4259 3433 4338 λέγονται
3477 4256 3565 4313 καὶ
3616 4268 3733 4321 τυγ-

2095 4355 2351 4430 χάνουσιν
2406 4351 2817 4427 ἀσυλλόγιστοι.
2877 4350 2984 4410 Ἴδε
3034 4353 3157 4428 γὰρ,
3219 4349 3280 4406 ἐκ
3340 4348 3436 4405 δύο
3502 4357 3735 4418 στερητι-

2096 4448 2206 4499 κῶν
2236 4442 2475 4498 καθόλου
2526 4441 2837 4517 προτάσεων
2872 4441 2963 4496 καὶ
2992 4440 3056 4497 τὸ
3112 4438 3314 4511 ἀληθὲς
3364 4437 3453 4494 καὶ
3506 4433 3568 4489 τὸ
3620 4432 3735 4517 hijs?

2098 4531 2184 4595 δὶς
2249 4514 2707 4605 συμπεραίνεται·
2763 4532 2826 4586 τὸ
2889 4530 2982 4604 μὲν
3046 4529 3249 4601 ἀληθὲς
3309 4526 3504 4598 οὕτως,
3562 4514 3734 4575 Οὐδεὶς

2099 4623 2249 4684 λίθος
2283 4620 2601 4695 ἄνθρωπος’
2635 4618 2815 4682 οὐδεὶς
2841 4617 3013 4682 ἵππος
3050 4620 3354 4693 ἅνθρωπος·
3388 4612 3560 4672 οὐδεὶς
3593 4606 3733 4708 λίθῗς

2093 4710 2297 4773 ἵππος*
2345 4710 2409 4765 τὸ
2460 4707 2518 4764 δὲ
2555 4707 2773 4783 ψευδὲς·
2828 4707 3016 4770 Οὐδεὶς
3046 4704 3601 4784 ἄνθρωπος’ίπταται·
3653 4704 3735 4746 οὑ·

2100 4797 2185 4855 δὲν
2221 4798 2443 4875 λογικὸν
2464 4796 2720 4853 ⁴ίπταται⁶
2768 4794 2945 4859 οὐδεὶς
2978 4797 3262 4873 ἄνθρωπος
3292 4790 3564 4880 λογικόςο-
3717 4862 3731 4880 π

2170 4890 2241 4960 η’.
2277 4894 2486 4966 Σχῆμα
2565 4884 2623 4942 δὲ
2704 4885 2886 4963 τρίτον
2973 4885 3137 4960 ἐστὶν,
3171 4884 3297 4941 ὅταν
3348 4885 3379 4939 ὁ
3432 4875 3604 4966 κοινὸς
3653 4875 3732 4927 καί

2104 4978 2265 5053 μέσος
2483 4975 2573 5033 καὶ
2622 4960 2954 5054 ἀμφοτέροις
2982 4980 3099 5038 τοῖς
3152 4975 3340 5052 ἄκροις
3399 4960 3731 5034 ὑποκείμενος

2100 5063 2184 5137 εἴη
2196 5111 2210 5125 .

2173 5156 2237 5212 θ’.
2270 5154 2473 5230 Τρόποι
2507 5151 2565 5210 δέ
2595 5153 2697 5208 εἰσι
2724 5157 2823 5209 τοῦ
2848 5152 3035 5229 τρίτου
3065 5154 3355 5230 σχήματος

2176 5245 2226 5301 ι’.
2272 5243 2373 5298 Καὶ
2449 5246 2669 5319 πρῶτος
2749 5243 2869 5317 μὶν,
2942 5240 3091 5305 ὅστις
3162 5240 3223 5297 ἐκ
3297 5237 3393 5295 δύο
3462 5237 3728 5319 καταφατι-

2103 5338 2213 5389 κῶν
2273 5318 2512 5388 καθόλου
2570 5333 2885 5405 προτάσεων
2957 5330 3181 5409 μερικὸν
3224 5318 3576 5406 καταφατικὸν
3625 5323 3733 5409 σονς

2103 5422 2226 5497 ἄγει
2308 5388 2711 5499 σομπὲρασρα·
2785 5422 2924 5495 οἷον,
2957 5388 3044 5475 ι’ὁ
3126 5388 3408 5496 ἅνθρωπός
3480 5410 3636 5499 ζῷᾳοψ
3668 5388 3729 5499 ,ξ

2107 5478 2390 5586 ἅνθρωπος
2453 5478 2664 5588 οίίικόο·
2714 5508 2767 5566 τὶ
2818 5478 2953 5580 ζῶόν
3014 5478 3261 5588 λογικόν.
3320 5478 3421 5565 Καὶ
3471 5478 3645 5588 πέλω»
3668 5478 3728 5535 Τὸ

2103 5585 2329 5677 λογικὸν
2358 5585 2508 5656 κατὰ.
2544 5600 2746 5664 παντὸς
2775 5600 3064 5675 ἀνθρώπου
3078 5585 3110 5636 ’⁷
3142 5601 3205 5656 τὸ
3243 5601 3381 5671 ζῶον
3430 5585 3562 5646 κατὰ

2102 5672 2199 5753 τὸς
2250 5691 2577 5768 ἀνθρώπουο
2632 5690 2696 5745 τὸ
2763 5672 2983 5768 λογικὸν
3042 5685 3146 5765 ἄρα
3197 5687 3334 5746 κατά
3383 5696 3527 5740 τινος
3581 5672 3727 5738 (mm
