4094 6412
389 374 508 439 959

392 599 595 657 butiva
625 599 849 654 minore
879 604 938 654 et
965 597 1246 671 privativa
1277 596 1591 653 universali
1623 599 1843 669 majore
1875 597 2047 669 parti-

392 688 651 744 cularem
702 687 1027 759 negativam
1080 686 1304 759 colligit
1350 686 1783 742 conclusionem
1816 702 1829 740 :
1862 685 2042 756 velut,

393 778 626 850 Aliquis
658 777 809 849 lapis
839 782 929 833 est
957 776 1160 845 albus;
1194 775 1394 831 nullus
1440 775 1591 847 lapis
1638 779 1728 831 est
1776 773 1994 831 animal
2028 792 2042 830 :

396 883 511 922 non
541 867 723 940 igitur
751 883 923 922 omne
952 866 1153 923 album
1183 868 1274 921 est
1303 863 1545 920 animal.

1396 1134 1445 1173 π

1326 1199 1483 1284 ζῶον

1633 1533 1765 1607 οὒδ.

1646 373 2071 436 NICEPHORI
2115 371 2554 435 BLEMMIDE

467 511 550 565 13.
586 512 841 573 Quartus
889 509 1103 565 modus
1131 511 1221 563 est
1263 507 1361 579 qui
1395 523 1463 563 ex
1491 507 1828 580 particulari
1877 507 2045 564 attri-
2075 510 2129 575 Α

2077 1223 2146 1264 ου

3667 369 3773 434 960

2235 506 2315 581 ιγ’.
2376 504 2638 576 Τέταρτος
2692 502 2894 581 τρόπος
2954 504 2983 557 ὁ
3040 501 3099 559 ἐκ
3159 504 3382 580 μερικῆς
3434 510 3776 579 κατηγορικῆς

2153 601 2253 663 τῆς
2288 591 2576 655 ἐλάττονος
2624 593 2714 647 καὶ
2763 599 3086 669 στερητικῆς
3133 590 3369 648 καθόλου
3413 600 3515 662 τῆς
3557 592 3779 665 μείζονος

2157 683 2398 757 συνάγων
2454 681 2672 756 μερικὸν
2723 680 3053 760 ἀποφατικόν
3085 700 3098 713 '
3151 682 3287 754 οἷον,
3336 680 3433 744 Τὶς
3486 679 3629 742 λίθος
3670 679 3778 737 λευ-

2155 770 2249 833 κός
2284 767 2459 832 οὐδεὶς
2492 768 2644 833 λίθος
2679 774 2838 839 ζῶον·
2874 768 2973 825 οὐκ
3000 770 3103 847 ἄρα
3130 774 3233 825 πᾶν
3267 768 3456 826 λευκὸν
3491 774 3654 840 ζῶον.

2680 1201 2895 1260 λευκον

2047 1831 2214 1901 ’λίθος

1426 1950 2818 2457 θ

476 2780 562 2834 14.
594 2779 847 2844 Quintus
895 2783 1108 2839 modus
1140 2786 1230 2839 est
1267 2785 1369 2856 qui
1418 2801 1488 2841 ex
1538 2784 1856 2842 universali
1902 2785 2059 2841 afﬁr-
2090 2789 2139 2855 B

2244 2778 2327 2840 18'.
2388 2781 2642 2855 Πέμπτος
2715 2778 2920 2856 τρόπος
2997 2782 3026 2836 ὁ
3093 2780 3153 2837 ἐκ
3209 2781 3453 2838 καθόλου
3520 2757 3797 2860 κάταφικῆς

403 2868 626 2925 mativa
684 2870 909 2927 minore
940 2876 997 2927 et
1036 2872 1377 2944 particulari
1433 2874 1784 2930 afﬁrmativa
1838 2874 2061 2945 majore

2183 2877 2270 2940 τῆς
2328 2868 2638 2939 ἐλάττονος,
2698 2868 2787 2924 καὶ
2849 2876 3077 2946 μερικῆς
3130 2878 3508 2949 καταφατικῆς
3552 2877 3649 2940 τῆς
3697 2866 3800 2941 μεί-

402 2956 757 3029 particulare
807 2960 1214 3016 attributivum
1264 2961 1560 3019 concludit
1593 2981 1606 3019 :
1647 2962 1823 3031 velut,
1857 2962 2063 3019 Omnis

2183 2965 2349 3032 ζονος,
2392 2957 2771 3035 συμπεραίνων
2826 2959 3044 3033 μερικὸν
3092 2960 3479 3037 κατηγορικόν·
3536 2961 3663 3031 οἷον,
3704 2960 3801 3016 Πᾶς

404 3046 580 3102 homo
610 3051 701 3103 est
731 3047 949 3104 animal
974 3066 988 3118 ;
1019 3050 1237 3122 aliquis
1264 3049 1441 3108 homo
1470 3056 1561 3107 est
1591 3051 1792 3120 albus;
1823 3050 2061 3124 aliquod

403 3134 644 3205 animal,
678 3135 902 3193 album.

1383 3387 1434 3429 π

1313 3451 1473 3538 ζῶον
2048 3474 2146 3525 τ’·

2174 3049 2460 3124 ἄνθρωπος
2520 3052 2657 3117 ζῶον
2691 3064 2705 3078 ⁸
2764 3046 2848 3110 τὶς
2928 3044 3210 3125 ἅνθρωπος
3284 3046 3483 3114 λευκός
3516 3068 3529 3081 ·
3579 3049 3632 3103 τί
3680 3049 3801 3117 ζῶον

2173 3134 2386 3193 λευκόν.

2675 3457 2897 3520 ’λευκον

479 5030 566 5085 15.
601 5030 811 5087 Sextus
849 5031 1103 5106 denique
1150 5038 1208 5090 et
1253 5035 1501 5092 ultimus
1548 5035 1761 5091 modus
1816 5036 1924 5102 est,
1956 5033 2059 5105 qui

2245 5032 2325 5088 ιε’.
2385 5032 2576 5093 Ἕκτος
2629 5026 2687 5085 δὲ
2741 5029 2831 5084 καὶ
2886 5025 3199 5089 τελευταῖος
3249 5024 3453 5103 τρόπος
3512 5023 3647 5080 ἐστὶν
3692 5014 3795 5074 ὁὲκ

406 5134 474 5173 ex
506 5118 817 5176 universali
850 5121 1189 5179 attributiva
1230 5124 1456 5181 minore
1488 5128 1545 5180 et
1572 5123 1854 5197 privativa
1882 5122 2062 5195 parti-

407 5208 590 5263 culari
656 5210 875 5281 majore
940 5212 1356 5284 particularem
1427 5213 1828 5271 ratiocinando
1884 5212 2063 5267 infert

409 5296 893 5372 (conclusionem)
927 5316 940 5355 :
971 5301 1153 5370 velut,
1204 5302 1408 5359 Omnis
1458 5303 1633 5359 homo
1664 5307 1755 5359 est
1798 5300 2059 5369 animal;

409 5400 527 5441 non
560 5386 754 5442 omnis
792 5387 969 5446 homo
998 5394 1089 5447 est
1117 5391 1311 5465 niger;
1345 5408 1461 5448 non
1506 5407 1680 5448 omne
1726 5389 1945 5448 animal
1974 5394 2065 5447 est

408 5474 667 5547 nigrum.

481 5563 642 5619 844
691 5564 779 5619 16.
822 5566 1147 5626 Possumus
1196 5573 1392 5627 autem
1441 5570 1619 5627 etiam
1668 5568 1837 5626 aliter
1880 5584 1951 5626 ex
1995 5584 2064 5625 eo

416 5652 575 5723 quod
612 5656 703 5709 est
727 5652 787 5709 in
818 5658 938 5713 toto
968 5662 1026 5714 et
1056 5675 1169 5715 non
1201 5659 1262 5715 in
1293 5663 1415 5717 toto
1443 5654 1717 5733 colligere
1745 5674 1949 5716 omnes
1979 5675 2066 5715 se-

416 5742 619 5797 cundm
649 5746 709 5797 et
736 5743 917 5799 tertias
948 5746 1148 5819 figurae
1187 5747 1560 5821 syllogismos
1594 5765 1608 5805 :
1638 5748 1842 5803 itidem
1888 5751 1945 5803 et
1990 5748 2064 5804 ab

415 5846 481 5887 eo
511 5831 669 5903 quod
699 5835 789 5888 est
817 5832 888 5889 de
918 5836 1079 5891 omni
1110 5839 1169 5892 et
1210 5837 1282 5893 de
1323 5836 1486 5893 nullo
1521 5854 1534 5892 :
1566 5837 2065 5909 quemadmodum

411 5919 474 5974 in
504 5919 698 5991 prima
735 5920 927 5994 ﬁgura
978 5927 1037 5979 et
1082 5941 1190 5981 nos
1239 5926 1573 5984 communis
1614 5932 1672 5983 et
1716 5925 2064 5985 universalis

410 6006 660 6082 exempli
689 6010 881 6082 gratia
909 6010 1178 6072 fecimus.
1700 6010 1703 6015 ’

2168 5120 2404 5177 καθόλου
2462 5126 2835 5197 κατηγορικῆς
2880 5124 2983 5189 τῆς
3036 5114 3325 5180 ἐλάττονος
3358 5161 3374 5189 ,
3429 5115 3519 5171 καὶ
3572 5126 3794 5197 στερητι-

2169 5217 2272 5280 κῆς
2304 5209 2390 5265 ἐπῖ
2435 5211 2634 5285 μέρους
2680 5196 2782 5279 τῆς
2834 5206 3100 5281 μείζονος,
3148 5206 3368 5283 μερικὸν
3417 5196 3794 5277 συλλογιζόμε-

2170 5320 2257 5362 νος
2316 5298 2650 5378 ἀποφατικὸν
2708 5296 3091 5375 συμπέρασμα,
3148 5295 3262 5353 οἷον
3293 5314 3310 5332 ο
3366 5298 3482 5358 Πᾶς
3534 5292 3793 5378 ἄνθρωπος

2174 5393 2336 5460 ζῶον·
2395 5369 2460 5447 οδ
2516 5392 2623 5453 «is
2682 5369 2971 5465 ἄνθρωπος
2998 5369 3218 5463 τμέλαςο
3276 5385 3343 5443 οὗ
3384 5388 3490 5442 π’ἄν
3534 5383 3664 5453 ζῶον
3710 5369 3793 5450 μέ-

2170 5478 2292 5537 λαν.

2246 5570 2333 5634 ις’.
2396 5568 2628 5624 Δυνατὸν
2686 5563 2746 5622 δὲ
2797 5563 2890 5622 καὶ
2944 5560 3134 5628 ἄλλως
3190 5563 3252 5622 ἐκ
3305 5566 3405 5620 τοῦ
3450 5561 3503 5618 ἰν
3559 5557 3670 5630 ὅλῳ
3714 5547 3793 5609 καὶ

2172 5657 2273 5713 οὐκ
2341 5656 2395 5713 ἐν
2474 5654 2594 5729 ὅλῳ
2668 5658 2986 5733 συναγαγεῖν
3059 5652 3191 5717 τοὺς
3255 5657 3354 5710 τοῦ
3422 5635 3789 5733 δευτέρου-Μῖ

2170 5746 2358 5822 τρίτου
2416 5727 2705 5822 σχήματος
2762 5727 3176 5821 σάλλογισμοὺς
3224 5742 3455 5803 ἅπαντας
3486 5758 3503 5775 ο
3556 5727 3787 5822 «heathen

2170 5816 2263 5891 καὶ
2292 5834 2400 5891 ἀπὸ
2573 5835 2707 5891 κατᾶ
2750 5816 2978 5903 παντὸς,
3023 5816 3115 5889 καὶ
3164 5834 3285 5889 κατ’
3330 5826 3583 5891 οὐδενός·
3626 5816 3787 5884 καθὼς

2172 5924 2227 5982 ἐν
2256 5928 2337 5997 τῷ
2363 5925 2568 6001 πρώτῳ
2616 5926 2867 6003 σχήματι
2919 5921 3011 5979 καὶ
3054 5925 3221 5998 ἡμεῖς
3270 5916 3617 5999 ὑποδείγματι
3650 5905 3785 5968 ἕνεκα

2088 6060 2099 6074 .
2168 6016 2359 6075 κοινοῦ
2383 6014 2477 6074 ul
2499 6011 2801 6075 καθολικοῦ
2826 6012 3228 6091 πεποιήκαμεν.
