4094 6412
402 377 521 441 963

979 508 1217 564 CAPUT
1256 507 1471 564 XXXV.

400 619 477 674 De
502 618 749 674 secundae
777 618 829 672 et
864 618 1052 674 tertia
1089 616 1159 686 ﬁg

735 693 788 744 et
815 687 880 743 de
909 688 1236 744 abductione
1261 687 1332 742 ad
1363 686 1717 758 impossibile.

473 869 524 924 1.
557 866 1042 940 Syllogismorum
1089 865 1187 922 alii
1236 865 1474 938 perfecti
1519 865 1706 922 vocati
1753 868 1915 932 sunt,
1947 863 2046 920 alii

398 956 746 1030 imperfecti.

467 1049 520 1102 2.
557 1045 797 1102 Perfecti
847 1044 1108 1116 quidem,
1141 1043 1242 1115 qui
1288 1045 1446 1100 844
1477 1048 1616 1100 sunt
1663 1043 1867 1115 prima
1897 1043 2044 1115 ﬁgu-

397 1153 514 1204 rae;
557 1134 882 1207 imperfecti
930 1137 1150 1199 autem,
1183 1133 1284 1204 qui
1333 1133 1603 1188 secundae
1654 1135 1711 1187 et
1741 1131 1943 1186 tertiae.
1977 1132 2048 1186 Et

397 1225 634 1298 perfecti
666 1223 901 1295 quidem
950 1221 1150 1293 prima
1185 1222 1381 1293 ﬁgurae
1411 1220 1696 1276 nominati
1726 1224 1866 1275 sunt
1911 1235 2042 1291 pro-

396 1319 595 1386 pterea
651 1314 805 1383 quod
855 1310 1252 1366 ostensionem
1301 1315 1519 1365 rectam
1567 1314 1624 1364 et
1672 1309 2041 1364 manifestam

395 1404 507 1476 ipsi
556 1419 658 1475 per
701 1401 929 1473 seipsos
973 1400 1224 1467 faciant;
1279 1401 1399 1454 sive
1445 1399 1518 1454 ab
1550 1415 1617 1454 eo
1663 1399 1818 1469 quod
1867 1403 1955 1453 est
1983 1399 2040 1453 in

386 1497 528 1558 toto,
563 1491 683 1547 sive
715 1491 787 1546 ab
819 1507 885 1546 eo
936 1490 1093 1560 quod
1147 1492 1236 1543 est
1265 1488 1336 1543 de
1365 1486 1548 1558 omni,
1600 1486 2038 1542 ratiocinemur.

387 1581 612 1637 Etenim
643 1597 712 1635 ex
742 1595 859 1634 uno
897 1583 1156 1633 extremo
1187 1578 1260 1633 ad
1310 1581 1594 1633 aeternum
1647 1591 1749 1650 per
1779 1575 2040 1631 medium

388 1674 446 1726 et
475 1684 848 1725 communem
877 1666 1204 1722 terminum
1234 1666 1590 1722 efficiuntur.

457 1760 510 1814 3.
544 1757 615 1813 Et
661 1755 1139 1828 quandoquidem
1181 1771 1248 1810 ex
1299 1771 1366 1809 eo
1420 1754 1574 1826 quod
1624 1757 1713 1809 est
1758 1753 1830 1808 de
1878 1753 2039 1807 omni

1639 371 2063 436 NICEPHORI
2107 367 2547 436 BLEMMIDIE

2079 507 2133 573 A

1164 630 1284 672 arae
1329 615 1646 670 reductiona
1692 614 1762 671 ad
1787 615 2047 686 primam,

3677 369 3784 446 θοι

2770 512 3025 565 ΚΕΦΑΛ.
3068 515 3156 564 ΛΕ
3179 553 3191 566 .

2161 593 2291 667 Περὶ
2350 601 2448 683 τῆς
2496 600 2594 686 τοῦ
2646 593 2906 686 κδευτέρου
2961 597 3051 654 καὶ
3115 597 3301 671 τρίτου
3331 604 3634 686 ,σχήματος
3677 606 3782 661 ἀνα-

2228 673 2413 794 γωγῆς
2473 667 2550 730 εἷς
2606 669 2669 722 τὸ
2727 667 2944 740 πρῶτον
3005 667 3218 745 σχῆμα,
3257 671 3348 726 καὶ
3391 667 3529 748 ’περὶ
3576 677 3667 744 τῆς
3721 677 3784 739 εἰς

2265 747 2489 793 ὸυνατον
2523 739 2844 794 ἀπαγωγῆς.

2305 760 2357 792 υν
2365 759 2489 793 ατον
2523 759 2844 816 απαγωγης.

2228 863 2292 919 α’.
2327 865 2448 920 Τῶν
2481 861 2866 940 συλλογισμῶν
2900 865 2952 920 οἱ
2997 866 3090 938 μὲν
3139 863 3444 939 ἐκλήθησαν
3495 867 3709 940 τέλειοι,
3737 873 3783 928 οἱ

2156 948 2214 1006 δὲ
2252 950 2480 1026 ἀτελεῖς.

2228 1040 2293 1115 β’.
2323 1039 2534 1096 Τέλειοι
2568 1042 2661 1114 μὲν
2717 1043 2769 1097 οἱ
2814 1047 2912 1098 τοῦ
2968 1044 3190 1119 πρώτου
3249 1049 3558 1122 σχήματος,
3591 1047 3780 1111 ἀτελεῖς

2155 1125 2214 1184 δὲ
2236 1131 2271 1198 ἡ
2301 1133 2398 1184 τοῦ
2429 1126 2682 1207 δευτέρου
2711 1132 2801 1186 καὶ
2831 1131 3038 1207 τρίτου.
3073 1133 3173 1188 Καὶ
3212 1133 3415 1190 τέλειοι
3462 1136 3556 1209 μὲν
3607 1137 3656 1191 οἱ
3695 1142 3782 1192 τοῦ

2151 1218 2372 1293 πρώτου
2403 1219 2691 1293 σχήματος
2725 1218 3143 1294 ὠνομάσθησαν,
3178 1218 3316 1276 διότι
3365 1225 3465 1293 τὴν
3509 1221 3665 1298 δεῖξιν
3712 1225 3785 1281 εὖ·

2151 1307 2294 1361 θεῖαν
2372 1311 2650 1362 ποιοῦνται
2708 1308 2798 1363 καὶ
2873 1307 3102 1384 φανερᾶν
3161 1308 3315 1365 αὐτοὶ
3381 1313 3502 1376 καθ’
3559 1313 3780 1376 ὲαυτούς⁴

2150 1394 2244 1448 κᾶν
2276 1395 2382 1449 ἀπὸ
2409 1400 2508 1450 τοῦ
2533 1395 2586 1450 ἐν
2637 1394 2771 1468 ὅλῳ,
2804 1395 2899 1451 κᾶν
2949 1397 3053 1451 ἀπὸ
3101 1402 3198 1452 τοῦ
3246 1400 3382 1454 κατὰ
3427 1402 3624 1464 παντὸς
3667 1399 3782 1456 συλ-

2153 1482 2501 1558 λογίζωνται.
2538 1486 2635 1540 Καὶ
2665 1487 2766 1562 γὰρ
2799 1486 2850 1556 ἐξ
2884 1486 3000 1548 ἐνὸς
3037 1487 3203 1562 ἄκρου
3253 1490 3390 1564 πρὸς
3442 1491 3658 1566 θάτερον
3709 1488 3785 1544 διὰ

2149 1577 2247 1627 τοῦ
2283 1574 2448 1646 μέσου
2476 1574 2714 1648 γίνονται
2745 1575 2836 1630 καὶ
2865 1580 3067 1632 κοινοῦ.

2220 1752 2285 1826 γ’.
2323 1751 2420 1806 Καὶ
2478 1750 2568 1807 ὅτε
2628 1752 2722 1824 μὲν
2779 1751 2838 1808 ἐκ
2890 1758 2988 1809 τοῦ
3043 1755 3178 1810 κατᾶ
3244 1755 3448 1818 παντὸς
3507 1757 3784 1834 συμπεραί-

388 1845 746 1904 concludunt
770 1844 842 1900 ad
891 1843 1178 1898 minorem
1228 1846 1286 1897 et
1336 1847 1662 1919 extremum
1714 1842 2033 1896 terminum

2158 1860 2295 1893 IOUO’L
2327 1840 2464 1914 πρὸς
2502 1839 2594 1894 τὸν
2635 1839 2844 1896 ἐλάττω
2872 1841 2962 1896 καὶ
2989 1838 3218 1918 ἔσχατον
3250 1842 3376 1919 ὅρον
3407 1843 3468 1899 ἐκ
3494 1849 3590 1899 τοῦ
3643 1845 3785 1921 πρώ-

388 1953 457 1992 ex
499 1936 692 2009 primo
749 1939 809 1990 et
854 1935 1075 2004 majore
1123 1931 1373 1987 termino
1434 1931 1889 2004 progrediuntur
1935 1946 2037 2003 per

388 2025 582 2098 ipsum
606 2024 864 2080 medium
893 2027 953 2077 et
981 2036 1356 2077 communem
1387 2020 1728 2090 terminum,
1762 2019 1863 2091 qui
1895 2036 2035 2076 sane

390 2113 717 2171 communis
747 2116 805 2168 et
835 2110 1063 2166 medius
1091 2110 1382 2166 terminus
1403 2109 1624 2180 majore
1656 2110 1892 2180 quidem
1923 2114 2034 2164 ter-

391 2204 548 2260 mino
596 2203 813 2270 minor,
861 2201 1088 2255 minore
1135 2203 1332 2255 autem
1381 2199 1569 2270 major
1619 2202 1745 2262 est;
1794 2203 1852 2252 et
1899 2197 2034 2252 hinc

389 2293 563 2349 etiam
596 2295 816 2347 natura;
845 2287 1317 2346 consecutionem
1348 2293 1406 2343 et
1425 2287 1692 2343 ordinem
1717 2287 2030 2359 effugiant:

389 2381 669 2454 quoniam
702 2384 760 2435 et
796 2383 1006 2434 natura
1034 2394 1105 2433 ex
1151 2376 1670 2432 universalioribus
1718 2381 1775 2430 et
1803 2375 2033 2446 simpli-

390 2470 646 2527 cioribus
677 2470 748 2524 ad
771 2466 1214 2541 particulariora
1242 2470 1298 2522 et
1328 2464 1516 2537 magis
1545 2465 1870 2537 composita
1899 2465 2032 2520 des—

385 2561 604 2617 cendit.

456 2651 509 2706 4.
545 2648 786 2714 Quando
835 2650 1029 2701 autem
1080 2661 1148 2700 ex
1177 2661 1242 2700 eo
1292 2643 1447 2715 quod
1497 2642 1671 2698 estin
1720 2645 1840 2698 toto
1872 2639 2033 2696 colli-

386 2742 552 2811 gunt,
585 2743 726 2792 tunc
771 2734 1057 2807 apertiore
1105 2738 1163 2789 et
1192 2733 1392 2788 sensui
1441 2732 1666 2786 notiore
1712 2730 1805 2786 via
1837 2746 2032 2801 proce-

386 2829 610 2894 dentes,
644 2843 713 2882 ex
750 2826 974 2880 minore
1021 2821 1271 2878 termino
1303 2837 1405 2893 per
1434 2819 1693 2876 medium
1745 2820 1895 2875 bono
1927 2819 2033 2874 ite-

387 2933 519 2972 rum
549 2915 752 2971 ordine
783 2915 854 2969 ad
887 2913 1171 2983 majorem
1201 2911 1463 2976 veniunt,
1491 2913 1547 2964 et
1575 2910 1659 2964 sic
1693 2910 1968 2980 utrinque
2000 2925 2034 2962 a

388 3011 543 3062 recta
571 3008 627 3060 et
657 3003 969 3058 manifesta
1015 2999 1349 3056 ostensione
1381 3014 1496 3053 non
1521 2998 1813 3068 aberrant,
1847 2998 1947 3052 sed
1979 3001 2035 3051 et

388 3109 633 3166 superne
656 3093 952 3158 deorsum,
978 3095 1035 3144 et
1058 3089 1283 3144 inferne
1304 3104 1544 3143 sursum
1565 3087 1852 3159 gradatim
1877 3087 2031 3142 348

386 3182 787 3240 necessarium
810 3179 1106 3244 exhibent,
1121 3175 1566 3248 compositivam
1584 3180 1640 3232 et
1655 3174 2031 3231 resolutivam

386 3272 726 3330 methodum
757 3267 1063 3324 imitando.

455 3363 510 3417 5.
559 3361 652 3416 Sic
700 3358 937 3430 quidem
986 3356 1166 3429 igitur
1213 3359 1270 3411 et
1315 3358 1554 3426 propter
1592 3353 1744 3410 hanc
1791 3369 2030 3409 causam

385 3452 578 3526 prima
607 3450 796 3521 figura
822 3451 1027 3502 vocata
1073 3444 1202 3499 fuit.
1234 3444 1500 3499 Secunda
1548 3448 1742 3498 autem
1775 3449 1832 3498 et
1859 3443 2033 3498 tertia

385 3542 574 3613 ﬁgura
622 3537 974 3609 imperfectas
1023 3534 1190 3590 dicta:
1235 3539 1394 3600 sunt,
1429 3533 1585 3604 quod
1636 3533 1774 3604 ipsae
1826 3549 1929 3604 per
1971 3549 2032 3588 se

385 3627 783 3685 ostensionem
829 3619 1048 3680 rectam
1097 3628 1154 3678 et
1209 3622 1578 3678 manifestam
1629 3637 1743 3676 non
1795 3620 2031 3690 faciant,

383 3718 485 3773 sed
518 3715 714 3789 potius
761 3712 1060 3784 obliquam
1112 3715 1169 3766 et
1218 3709 1622 3766 absconditam
1654 3715 1721 3764 ut
1767 3726 1895 3780 quae
1927 3726 2032 3765 nec

385 3811 603 3863 natura)
635 3821 740 3860 nec
769 3817 982 3858 sensus
1012 3804 1345 3872 respectum
1380 3799 1615 3853 habent.

450 3897 504 3951 6.
539 3893 808 3951 Secunda
831 3891 986 3948 enim
1023 3891 1211 3961 ﬁgura
1253 3905 1322 3944 ex
1369 3905 1434 3944 eo
1467 3889 1623 3959 quod
1653 3891 1741 3942 est
1769 3888 1842 3942 de
1873 3887 2033 3942 omni

381 3984 772 4043 ostensionem
809 3981 969 4044 facit,
1025 3981 1098 4034 ab
1131 3976 1562 4033 universalibus
1612 3977 1683 4032 ad
1716 3976 2030 4048 particula-

378 4076 530 4132 riora
577 4070 988 4146 progreditur;
1027 4072 1085 4123 et
1132 4068 1344 4123 iterum
1395 4065 1702 4122 retrocedit
1743 4083 1810 4121 ac
1842 4081 2034 4120 recur-

385 4163 480 4231 rit,
512 4168 569 4220 et
597 4161 767 4235 quasi
816 4177 850 4215 a
897 4162 1050 4214 recto
1083 4157 1430 4221 deerrasset,
1462 4155 1675 4210 iterum
1717 4172 1785 4211 ex
1832 4153 2034 4226 priori-

385 4254 497 4310 bus
529 4257 585 4308 et
614 4247 1134 4306 universalioribus
1162 4244 1465 4316 principiis
1497 4244 1568 4298 ad
1617 4243 1732 4300 alia
1773 4243 2032 4315 particu-

385 4341 598 4398 lariora
627 4338 907 4410 procedit.
930 4335 1173 4400 Quando
1194 4337 1389 4389 autem
1419 4333 1542 4387 haec
1558 4332 1816 4387 secunda
1846 4331 2035 4403 ﬁgura

383 4447 453 4488 ex
484 4447 550 4486 eo
583 4429 737 4501 quod
769 4431 857 4483 est
887 4425 945 4480 in
977 4425 1136 4481 omni
1170 4422 1410 4495 colligit,
1442 4427 1581 4477 tunc
1615 4437 1684 4476 ex
1719 4419 2030 4492 particula-

383 4520 638 4577 rioribus
685 4519 753 4573 ad
808 4512 1229 4571 universaliora
1273 4512 1590 4583 procedens
1635 4510 1699 4564 fit
1744 4515 2022 4582 retrogra-

2142 1948 2240 1982 του
2285 1929 2374 1982 καὶ
2431 1929 2676 2001 μείζονος
2731 1929 2982 2008 φέρονται
3025 1928 3096 1985 δι’
3149 1931 3316 1988 αὐτοῦ
3370 1952 3468 1987 του
3525 1933 3683 2007 μέσου
3732 1953 3782 1985 τε

2143 2017 2233 2070 καὶ
2259 2021 2462 2072 κοινοῦ”’
2492 2018 2550 2080 ’ὸς
2584 2016 2651 2087 δὴ
2682 2019 2864 2081 κοινὸς
2899 2020 2988 2075 καὶ
3042 2019 3202 2094 μέσος
3248 2026 3348 2076 τοῦ
3399 2020 3646 2096 μείζονος
3693 2021 3777 2094 μὲν

2145 2104 2404 2174 ἐλάττων,
2458 2110 2556 2162 τοῦ
2621 2104 2906 2170 ἐλάττονος
2956 2105 3015 2162 δὲ
3064 2107 3262 2181 μείζων
3320 2109 3455 2166 ἐστί·
3515 2111 3778 2172 κάντεῦθεν

2145 2193 2354 2270 φύσεως
2401 2194 2724 2250 ἀκολουθίαν
2787 2197 2876 2252 καὶ
2936 2196 3081 2267 τάξιν
3161 2197 3590 2269 ἐξεικονίζουσιν.
3645 2199 3778 2256 Ἐπεὶ

2140 2284 2232 2338 καὶ
2279 2286 2313 2353 ἡ
2358 2283 2514 2361 φύσις
2574 2283 2633 2339 ἐκ
2687 2290 2794 2340 τῶν
2851 2284 3300 2364 καθολικωτέρων
3353 2289 3448 2344 καὶ
3505 2285 3782 2344 ἁπλουστέ-

2145 2393 2251 2448 ρων
2327 2371 2414 2427 ἐπί
2454 2374 2522 2428 τὰ
2579 2377 2917 2451 μερικώτερα
2993 2371 3300 2433 καταϐαίνει
3371 2378 3466 2434 καὶ
3534 2377 3781 2433 συνθετώ-

2144 2481 2291 2538 τερα.

2216 2635 2279 2696 δ’.
2305 2641 2464 2694 Ὅταν
2524 2636 2658 2696 δ’ἐκ
2713 2645 2810 2696 τοῦ
2867 2641 2919 2697 ἐν
2979 2640 3097 2716 δ’λῳ
3146 2641 3486 2720 συλλέγωσι,
3516 2645 3639 2700 τότε
3693 2645 3779 2712 τὴν

2145 2728 2465 2806 σαφεστέραν
2509 2729 2599 2784 καὶ
2646 2735 2714 2804 τῇ
2773 2729 3018 2801 αἰσθήσει
3092 2733 3524 2811 γνωριμωτέραν
3575 2732 3778 2789 ὁδεύον-

2141 2837 2250 2884 τες,
2284 2817 2343 2873 ἐκ
2369 2822 2466 2873 τοῦ
2499 2817 2783 2882 ἐλάττονος
2815 2817 2945 2896 ὅρου
2993 2817 3081 2876 διὰ
3127 2825 3224 2876 τοῦ
3277 2821 3446 2896 μέσου
3495 2823 3657 2879 πάλιν
3710 2821 3782 2876 εύ-

2140 2906 2348 2970 τάκτως
2393 2904 2648 2984 ἔρχονται
2697 2907 2832 2985 πρὸς
2880 2910 2971 2964 τὸν
3028 2910 3217 2983 μείζω·
3249 2911 3339 2966 καὶ
3393 2911 3571 2975 οὕτως
3615 2909 3779 2967 ἑκατέ-

2145 2999 2311 3073 ρωθεν
2382 3004 2482 3066 τῆς
2551 2996 2755 3060 εὐθείας
2813 2997 2902 3052 καὶ
2965 3003 3194 3076 φανερᾶς
3251 2999 3312 3054 ού
3371 2997 3780 3078 διαμαρτάνουσι

2144 3085 2378 3159 δείξεωςο
2438 3084 2566 3140 ἀλλ’
2617 3083 2816 3142 ἄνωθέν
2876 3108 2934 3142 τε
2987 3089 3157 3160 κάτω,
3217 3089 3306 3143 καὶ
3391 3090 3630 3145 κάτωθεν
3686 3087 3780 3142 ἅνω

2141 3171 2486 3248 κλιμακηδὸν
2517 3175 2580 3229 τὸ
2610 3173 2896 3251 ἀναγκαῖον
2949 3173 3271 3248 δεικνύουσι,
3302 3177 3392 3232 καὶ
3443 3181 3544 3250 τὴν
3595 3176 3781 3254 διαιρε-

2064 3245 2106 3311 C
2141 3266 2299 3334 τικῆν
2335 3263 2663 3338 μιμούμενοι
2692 3265 2782 3320 καὶ
2811 3265 2910 3334 τὴν
2945 3265 3294 3337 ἀναλυτικήν.

2212 3355 2270 3412 ε’.
2303 3352 2457 3408 Οὕτω
2493 3354 2587 3424 μὲν
2617 3351 2708 3408 οὗν
2739 3355 2830 3408 καὶ
2873 3351 2963 3408 διὰ
3009 3359 3176 3410 ταῦτα
3225 3355 3288 3410 τὸ
3342 3361 3564 3433 πρῶτον
3605 3361 3780 3432 σχῆμα

2138 3441 2346 3499 τέλειον
2379 3440 2661 3512 κέκληται.
2693 3443 2764 3496 Τὸ
2803 3439 3048 3519 δεύτερον
3101 3441 3159 3498 δὲ
3206 3443 3296 3498 καὶ
3343 3446 3528 3522 τρίτον
3574 3443 3778 3522 ὲρῥέθη-

2141 3553 2233 3586 σαν
2264 3529 2456 3599 ἀτελῆ,
2489 3526 2629 3584 διότι
2657 3531 2756 3598 τὴν
2792 3529 2951 3600 δεῖξιν
2987 3530 3086 3586 οὐκ
3115 3531 3321 3596 εὐθεῖαν
3373 3538 3655 3590 ποιοῦνται
3699 3529 3776 3585 καὶ

2142 3619 2368 3698 φανερὰν
2433 3617 2567 3673 αὐτὰ
2624 3619 2740 3673 καθ’
2796 3620 2976 3674 ἑαυτά·
3034 3618 3256 3676 σκολιὰν
3318 3617 3375 3676 δὲ
3439 3621 3650 3696 μᾶλλον
3699 3618 3778 3674 καὶ

2139 3708 2544 3784 κεκρυμμένηψ
2595 3703 2719 3762 οὔτε
2773 3708 2908 3785 πρὸς
2965 3707 3142 3786 φύσιν,
3185 3706 3308 3764 οὕτε
3359 3711 3498 3786 πρὸς
3545 3707 3776 3780 αἶ’σθησιν

2146 3796 2438 3874 βλέποντα.

2213 3888 2278 3951 ς’.
2308 3887 2378 3940 Τὸ
2422 3886 2514 3960 μὲν
2563 3885 2666 3962 γὰρ
2707 3883 2952 3960 δεύτερον
2998 3893 3194 3963 σχῆμα
3241 3889 3341 3957 τὴν
3393 3886 3553 3960 δεῖξιν
3600 3883 3775 3943 ποιού-

2146 3997 2298 4048 μενον
2356 3973 2415 4029 έκ
2466 3979 2562 4029 τοῦ
2617 3975 2752 4029 κατὰ
2809 3975 3007 4037 παντὸς
3068 3975 3126 4030 ἐκ
3180 3980 3288 4030 τῶν
3342 3974 3778 4050 καθολικωτέρων

2142 4063 2230 4118 ἐπὶ
2278 4063 2346 4118 τὰ
2407 4064 2745 4139 μερικώτερα
2800 4064 3051 4142 φέρεται·
3111 4064 3201 4119 καὶ
3259 4065 3411 4128 αὖθις
3486 4061 3776 4131 ἀναποδίζει

2140 4152 2230 4207 καὶ
2293 4149 2699 4228 ὃπισθοδρομεῖ’
2731 4153 2822 4206 καὶ
2881 4154 2994 4207 οἷον
3052 4152 3440 4224 ἀποπλανηθὲν
3484 4159 3580 4209 τοῦ
3628 4154 3776 4228 ὀρθοὖ

2140 4239 2304 4296 πάλιν
2355 4242 2417 4296 ἐκ
2462 4246 2568 4296 τῶν
2618 4240 2896 4316 προτέρων
2930 4239 3064 4316 (καὶ)
3103 4239 3557 4320 καθολικωτέρων
3608 4242 3774 4317 ἀρχῶν

2141 4329 2223 4384 ἐπ’
2254 4328 2402 4384 ἄλλα
2430 4330 2644 4408 φέρεται
2677 4330 3036 4406 μερικώτερα.
3067 4333 3226 4386 Ὅταν
3259 4328 3308 4385 δ’
3337 4329 3400 4386 ἐκ
3433 4335 3533 4388 τοῦ
3578 4329 3630 4386 ἐν
3672 4326 3777 4398 ὅλῳ

2141 4419 2342 4495 συνάγῃ
2369 4423 2530 4474 τοῦτο
2558 4419 2621 4474 τὸ
2652 4426 2848 4493 σχῆμα
2874 4420 2936 4474 τὸ
2969 4417 3239 4494 δεύτερον,
3271 4419 3396 4476 τότε
3443 4419 3506 4476 ἐκ
3546 4424 3652 4475 τῶν
3698 4436 3777 4490 με·

2141 4505 2450 4585 ρικωτέρων
2505 4506 2591 4562 ἐπὶ
2645 4509 2713 4562 τὰ
2767 4506 3178 4585 καθολικώτερα
3233 4505 3642 4586 προερχόμενον
3689 4525 3776 4560 πα-

384 4610 644 4672 diens,et
673 4604 884 4679 prioris
906 4601 1176 4676 principii
1207 4600 1366 4656 velut
1385 4599 1568 4656 oblita
1582 4615 1650 4654 ex
1682 4598 1795 4654 alio
1814 4599 1886 4654 ad
1913 4599 2031 4670 pri-

2158 4597 2509 4674 tzpndpeurov
2559 4595 2785 4672 γίνεται,
2835 4597 2924 4652 καὶ
2971 4605 3073 4666 τῆς
3118 4597 3386 4674 προτέρας
3449 4599 3629 4675 ἀρχῆς
3674 4594 3772 4649 οἷον

383 4711 546 4752 mam
578 4699 796 4749 metam
828 4691 1116 4746 defertur:
1143 4693 1317 4759 atque
1345 4687 1428 4742 ita
1457 4687 1779 4742 confortam
1809 4691 1866 4741 et
1895 4702 2031 4742 con-

383 4785 574 4840 fusam
607 4779 1000 4838 ostensionem
1033 4776 1228 4833 efﬁcit.

449 4963 507 5016 7.
537 4957 713 5032 Atqui
740 4957 878 5014 huic
906 4956 1106 5029 ﬁgura:
1137 4971 1167 5010 e
1197 4954 1424 5010 diverso
1451 4953 1624 5009 tertia
1655 4953 1860 5009 atfecta
1891 4957 1979 5009 est
2011 4971 2023 5009 :

381 5034 449 5108 ut
477 5067 604 5123 qum
632 5065 701 5105 ex
730 5063 796 5104 eo
823 5062 940 5118 quo
968 5049 1059 5101 est
1087 5045 1158 5099 de
1187 5043 1370 5109 omni,
1404 5043 1518 5098 duo
1551 5042 1789 5114 quidem
1819 5043 2030 5115 princi-

383 5141 502 5213 pia,
551 5154 726 5195 unam
789 5140 983 5192 autem
1053 5137 1270 5188 metam
1321 5131 1822 5204 particulariorem
1877 5132 2031 5203 prin-

383 5228 591 5300 cipiis;
623 5242 692 5283 ex
719 5241 785 5282 eo
835 5228 1028 5281 autem
1059 5222 1217 5294 quod
1261 5226 1351 5276 est
1378 5221 1438 5276 in
1488 5225 1608 5277 toto
1656 5237 1840 5276 unum
1872 5221 2026 5277 349

385 5317 626 5390 quidem
650 5313 1030 5387 principium,
1062 5312 1164 5368 sed
1195 5311 1343 5366 duas
1391 5313 1579 5366 metas
1607 5310 1711 5366 tali
1743 5309 2030 5383 principio

387 5403 835 5461 universaliores
869 5402 1104 5457 habeat.

456 5494 510 5547 8.
539 5492 822 5556 Quoniam
871 5489 1049 5562 igitur
1077 5491 1204 5543 duae
1250 5489 1449 5560 ﬁguris
1476 5489 1734 5542 secunda
1780 5492 1836 5542 et
1864 5488 2032 5544 tertia

386 5585 608 5638 rectam
666 5578 1059 5635 ostensionem
1120 5577 1354 5648 assequi
1420 5594 1536 5632 non
1584 5576 1915 5648 quiverunt,
1977 5581 2034 5632 et

389 5667 597 5728 exinde
643 5669 818 5726 etiam
865 5666 1216 5742 imperfecte
1266 5671 1480 5722 vocatis
1529 5670 1670 5723 sunt
1710 5683 1724 5734 ;
1775 5667 1848 5722 ad
1897 5681 2032 5740 per-

2144 4684 2611 4759 ἐπιλαθόμενονέξ
2647 4685 2830 4760 ἑτέρας
2862 4687 3078 4764 φέρεται
3127 4686 3266 4762 πρὸς
3318 4687 3380 4741 τὸ
3436 4692 3647 4763 πρῶτον
3695 4701 3774 4736 κα-

2139 4775 2408 4848 τάντημα·
2458 4773 2548 4828 καὶ
2601 4773 2745 4828 οὕτω
2798 4775 2898 4842 τὴν
2957 4771 3119 4845 δεῖξιν
3174 4774 3642 4848 συνεπραμμὲνην
3695 4766 3772 4823 καὶ

2142 4863 2554 4939 συγκεχυμένην
2588 4861 2888 4938 ἐργάζεται.

2211 4953 2272 5020 ζ’.
2321 4948 2640 5025 Τοῦμπαλιν
2693 4945 2750 5004 δὲ
2803 4949 2983 5023 τούτῳ
3038 4955 3118 5024 τῷ
3173 4949 3422 5026 σχήματι
3477 4952 3671 5026 πάσχει
3717 4940 3772 4997 τὸ

2136 5038 2340 5117 τρίτον·
2377 5039 2437 5094 έκ
2471 5039 2564 5113 μὲν
2595 5043 2694 5094 τοῦ
2723 5038 2860 5094 κατὰ
2887 5040 3106 5110 παντὸς,
3141 5036 3236 5094 δύο
3266 5040 3363 5102 τὰς
3418 5041 3587 5116 ἀρχὰς
3635 5034 3769 5110 ἔχον,

2136 5129 2192 5184 ἓν
2239 5126 2297 5184 δὲ
2340 5128 2405 5184 τὸ
2451 5127 2772 5202 κατάντημα
2824 5129 3188 5204 μερικώτερον
3233 5133 3342 5184 τῶν
3393 5129 3600 5206 ἀρχῶν·
3632 5124 3686 5179 ἐκ
3723 5117 3772 5174 δὲ

2137 5222 2234 5273 τοῦ
2284 5217 2335 5272 ἐν
2389 5215 2507 5290 ὅλῳ
2558 5217 2682 5290 μίαν
2737 5217 2830 5291 μὲν
2867 5218 2966 5286 τὴν
2998 5216 3201 5293 ἀρχὴν,
3237 5215 3331 5273 δύο
3355 5214 3412 5272 δὲ
3439 5219 3507 5273 τὰ
3535 5209 3772 5278 καταντή-

2143 5327 2286 5380 ματα
2313 5304 2721 5384 καθολικώτερα
2747 5313 2849 5377 τῆς
2877 5305 3141 5378 τοιαύτης
3172 5306 3371 5384 ἀρχῆς.

2213 5486 2282 5555 η’.
2317 5485 2464 5541 Ἐπεὶ
2492 5489 2621 5560 γοῦν
2647 5485 2715 5540 τὰ
2746 5482 2840 5540 δύο
2889 5486 3149 5560 σχήματα
3195 5485 3257 5539 τὸ
3305 5482 3547 5558 δεύτερον
3589 5476 3673 5534 καὶ
3713 5471 3767 5526 τὸ

2140 5573 2322 5650 τρίτον
2380 5574 2650 5653 ἐφικέσθαι
2705 5581 2808 5643 τῆς
2855 5574 3058 5636 εὐθείας
3111 5571 3327 5644 δείξεως
3377 5571 3439 5626 οὗ
3485 5567 3763 5635 δεδύνηται,

2140 5665 2232 5722 καὶ
2279 5661 2451 5735 ἀτελη
2496 5663 2808 5729 τούντεῦθεν
2879 5659 3215 5735 ἐκλήθησαν
3269 5660 3479 5719 δέονται
3519 5658 3648 5735 πρὸς
3688 5669 3763 5705 τε·
