4094 6444
333 360 455 424 965

1692 357 2044 420 EPITOME
2086 357 2394 419 LOGICA.

334 491 580 564 λείωσιν,
612 491 786 549 εἷίτουν
843 492 983 568 πρὸς
1033 494 1132 562 τὴν
1195 492 1272 554 εἰς
1327 491 1390 546 τὸ
1449 491 1597 553 εὐθὲς
1641 497 1741 560 τῆς
1772 488 2022 562 δείξεωςέ

2136 491 2410 548 actionem
2439 491 2563 548 sive
2592 491 2664 548 ad
2697 491 2805 548 hoc
2829 496 2896 548 ut
2925 493 2996 548 ad
3029 493 3439 553 rectitudinem
3469 502 3754 557 ostensio-

332 579 548 655 ἄνοδον,
600 583 963 660 ἀντιστροφῶν
1012 603 1071 637 τε
1127 580 1339 654 ἁπλῶν,
1379 583 1470 636 καὶ
1516 587 1616 650 τῆς
1665 579 1744 642 εἷς
1789 576 1988 634 ἀδύνα-

333 689 426 727 τον
458 670 550 727 καί
582 667 782 727 ἄτοπον
812 672 1126 747 ἀναγωγῆς.

407 852 473 908 θ’.
506 849 708 906 Γίνεται
757 848 814 906 δὲ
860 851 896 920 ἡ
934 849 1160 920 τοιαύτη
1211 847 1502 924 ἀπαγωγὴ,
1535 846 1659 904 ὅταν
1707 844 1860 908 τινὸς
1911 845 1993 900 οἱ-

339 939 452 994 ονεῖ
497 943 577 1012 τῷ
631 941 728 994 τοῦ
785 935 1162 1015 συλλογισμοῦ
1205 935 1622 1012 συμπεράσματι
1675 932 1995 1009 ἀντιλέγον-

338 1049 456 1099 τος,
486 1028 524 1097 ﬁ
568 1031 669 1101 μιᾷ
712 1048 818 1083 τινι
869 1030 974 1082 τῶν
1026 1026 1339 1100 προτάσεων
1382 1023 1560 1096 τεθείη
1611 1025 1674 1080 τὸ
1719 1025 1996 1103 ἀντιφατι-

341 1121 453 1180 κῶς
483 1115 882 1190 ἀντικείμενον·
933 1114 1214 1170 κάντεῦθεν
1277 1113 1570 1190 συναχθείη
1633 1109 1886 1168 ἀδύνατόν
1944 1134 1996 1167 τι

341 1203 432 1259 καὶ
463 1202 694 1260 εἱτοτιτον⁸
743 1201 1002 1260 ἀδύνατον
1039 1204 1157 1277 μὲν,
1191 1201 1267 1266 ὡς
1309 1202 1446 1280 πρὸς
1485 1203 1548 1258 τὸ
1595 1207 1841 1280 πρᾶγμα,
1875 1199 1999 1256 ἄτο-

341 1313 444 1349 πον
477 1289 556 1365 δὲ,
589 1293 664 1356 ὡς
695 1293 832 1370 πρὸς
859 1292 952 1348 τὸν
987 1291 1171 1370 λόγον.

419 1474 468 1530 ι’.
503 1473 630 1527 Οἴον
677 1472 766 1528 ἐπὶ
823 1476 922 1528 τοῦ
975 1466 1242 1548 παρόντος
1300 1468 1716 1546 συλλογισμοῦ·
1767 1468 1840 1525 Οὐ
1897 1473 2000 1525 πᾶν

347 1561 542 1618 λευκὸν
577 1566 712 1631 ζῶον
734 1580 748 1594 ο
799 1566 906 1624 πᾶς
937 1559 1222 1638 ἄνθρωπος
1257 1564 1392 1630 ζῶον
1421 1581 1434 1594 ο
1486 1558 1549 1614 ού
1593 1564 1696 1614 πᾶν
1729 1556 1834 1636 ἄρα
1879 1557 2003 1614 λευ-

349 1651 442 1707 κὸν
477 1647 788 1728 ἅνθρωπος·
851 1646 907 1704 εἷ’
943 1671 1028 1712 τις
1075 1647 1290 1720 ένσταίη
1337 1649 1413 1722 μὴ
1467 1647 1670 1720 ἀληθὲς
1733 1647 1868 1704 εἶναι
1919 1649 2004 1719 τὸ,

353 1737 426 1795 Οὐ
478 1743 582 1794 πᾶν
635 1737 829 1794 λευκὸν
886 1735 1205 1815 ἄνθρωπος’
1258 1733 1404 1793 ἔσται
1463 1737 1822 1815 ἆντιφατικῶς
1863 1735 2008 1808 αὐτῷ

2100 580 2194 634 nis
2243 580 2579 651 perveniant
2639 585 2765 636 tum
2824 580 3192 654 simplicibus
3248 588 3752 662 conversionibus,

2099 674 2228 725 tum
2260 670 2610 728 abductione
2636 671 2708 726 ad
2739 670 3104 743 impossibile
3134 675 3576 750 absurdumque
3606 679 3756 735 indi-

2144 763 2263 815 ent.

2144 775 2263 815 ent.

2103 775 2227 904 g9.
2263 847 2354 905 Fit
2410 852 2605 906 autem
2663 850 2956 922 ejusmodi
3013 851 3310 921 abductio,
3354 856 3589 926 quando
3645 856 3758 913 ali-

2105 937 2239 1010 quis
2302 937 2478 994 veluti
2545 939 2910 995 conclusioni
2977 939 3304 1013 syllogismi
3372 945 3755 1017 contradicat,

2105 1031 2207 1082 aut
2256 1028 2356 1082 uni
2403 1044 2473 1083 ex
2519 1027 3040 1100 propositionibus,
3086 1030 3535 1089 contradictoris
3586 1051 3760 1107 repu-

2107 1131 2295 1188 gnans
2338 1121 2671 1188 sumptum;
2723 1121 2781 1173 et
2835 1117 2973 1172 inde
3028 1117 3392 1190 impossibile
3449 1121 3672 1194 aliquid
3704 1129 3763 1180 et

2107 1205 2428 1260 absurdum
2477 1203 2788 1261 collectum
2836 1205 3013 1261 fuerit
3055 1223 3068 1260 :
3112 1207 3480 1279 impossibile
3519 1211 3758 1284 quidem

2108 1297 2176 1349 ut
2205 1294 2396 1366 quoad
2446 1309 2602 1361 rem;
2655 1293 2979 1349 absurdum
3005 1311 3159 1362 vero,
3196 1300 3260 1351 ut
3305 1299 3498 1368 quoad
3546 1300 3760 1356 oratio-

2111 1399 2246 1438 nem
2257 1423 2270 1437 .

2184 1471 2273 1527 10.
2305 1469 2478 1527 Velut
2533 1469 2593 1525 in
2643 1476 2932 1544 praesente
2983 1472 3326 1546 syllogismo
3361 1493 3374 1530 :
3408 1477 3534 1532 Non
3592 1495 3766 1535 omne

2113 1559 2316 1616 album
2346 1557 2597 1627 animal;
2639 1559 2833 1616 omnis
2883 1560 3055 1618 homo
3116 1562 3368 1632 animal;
3421 1582 3539 1622 non
3595 1585 3770 1624 omne

2113 1649 2297 1722 igitur
2324 1648 2522 1704 album
2555 1647 2728 1704 homo
2759 1665 2772 1704 :
2807 1649 2856 1705 si
2889 1650 3022 1722 quis
3052 1651 3233 1708 instet
3259 1670 3374 1709 non
3409 1670 3538 1712 esse
3565 1673 3769 1713 verum

2115 1738 2247 1808 hoc,
2277 1736 2403 1793 Non
2433 1753 2606 1793 omne
2635 1736 2836 1793 album
2868 1744 2959 1794 est
2988 1739 3188 1806 homo,
3210 1742 3321 1797 erit
3343 1743 3590 1817 (verum)
3615 1747 3771 1818 quod

355 1825 718 1902 ἀντικείμενον
759 1823 962 1898 ἀληθὲς
1006 1827 1091 1900 τὸ,
1134 1830 1246 1882 Πᾶν
1293 1825 1483 1929 λευκδν
1545 1824 1851 1903 ἄνθρωπος.
1887 1825 2009 1880 Ἐπὶ

2136 1829 2169 1882 ιὶ
2220 1825 2668 1883 contradictoris
2719 1827 3054 1899 opponitur,
3087 1828 3273 1885 Omne
3323 1831 3524 1888 album
3574 1834 3772 1891 homo.

355 1918 571 1972 πάντων
602 1917 704 1994 γὰρ
731 1919 838 1971 τῶν
867 1911 1038 1971 ὅντων
1066 1937 1127 1972 τε
1151 1915 1244 1970 καὶ
1287 1917 1364 1989 μή
1417 1910 1588 1969 ὄντων
1638 1913 1859 1991 θάτερον
1914 1913 2011 1989 μό-

359 2026 475 2082 ριον
521 2011 624 2076 τῆς
668 2004 1001 2082 ἀντιφάσεως
1051 2001 1272 2079 ἀληθὲς,
1305 2004 1366 2059 τὸ
1416 2000 1460 2058 δ’
1510 1999 1652 2058 ἄλλο
1703 2000 1918 2078 ψευδές.
1949 2002 2016 2058 Εἰ

355 2093 530 2150 τοίνυν
585 2092 670 2167 τὸ,
726 2093 800 2148 Οὐ
875 2099 978 2148 πᾶν
1038 2091 1228 2149 λευκὸν
1289 2089 1574 2170 ἄνθρωπος
1645 2089 1729 2162 εἴη
1789 2089 2014 2167 ψευδές·

356 2179 503 2239 ἔσται
558 2181 626 2253 δὴ
687 2181 891 2254 ἀληθὲς
950 2182 1002 2254 ἐξ
1063 2183 1300 2260 ἀνάγκης
1351 2183 1415 2238 τὸ
1454 2182 1811 2258 ἀντιφατικῶς
1871 2180 2018 2254 αύτῷ

359 2271 752 2346 ἀντικείμενον,
803 2271 936 2347 ὅπερ
987 2269 1100 2327 ἐστί
1145 2272 1230 2344 τὸ,
1282 2276 1394 2328 Πᾶν
1455 2270 1647 2326 λευκὸν
1707 2271 2016 2347 ἄνθρωπος.

361 2361 713 2419 Ἀντίκεινται
770 2362 876 2437 γὰρ
933 2359 1297 2439 ἀντιφατικῶς
1355 2357 1635 2431 ἀλλήλαις
1679 2361 1714 2428 ἡ
1767 2364 1872 2421 πᾶς
1929 2357 2018 2414 καὶ

360 2452 398 2521 ἦ
450 2449 512 2506 οὗ
560 2455 698 2512 πᾶς’
747 2447 838 2505 καὶ
881 2447 1046 2504 πάλιν
1085 2452 1122 2520 ἡ
1169 2448 1252 2512 τὶς
1303 2449 1393 2504 καὶ
1422 2451 1458 2519 ἡ
1489 2445 1689 2511 οὐδείς.
1721 2448 1785 2503 Εἰ
1841 2448 2018 2503 τοίνυν

365 2536 455 2595 διὰ
499 2540 599 2609 τὴν
645 2536 909 2610 ἔνστασιν,
949 2543 1060 2594 Πᾶν
1110 2536 1301 2594 λευκὸν
1356 2539 1659 2615 ἄνθρωπος,
1688 2536 1755 2606 ἦν
1808 2534 1866 2592 δὲ
1926 2536 2023 2610 μία

364 2628 625 2702 πρότασις
672 2632 772 2683 τοῦ
817 2627 1061 2690 τεθέντος
1111 2625 1488 2703 συλλογισμοῦ
1533 2627 1616 2697 τὸ,
1659 2631 1773 2689 Πᾶς
1815 2624 2020 2702 ἄνθρω-

366 2729 469 2780 πος
522 2721 690 2786 ζῶονο
763 2711 1023 2780 λαϐόντες
1082 2717 1182 2787 τὴν
1247 2717 1505 2787 τοιαύτην
1586 2715 1868 2792 πρότασιν,
1931 2713 2021 2768 καὶ

367 2807 467 2877 τήν
526 2804 586 2861 ἐκ
655 2811 758 2876 τῆς
824 2804 1119 2868 ένστάσεως
1166 2808 1264 2860 τοῦ
1313 2803 1718 2880 ἀντιλέγοντος,
1773 2807 2019 2858 τοιοῦτον

367 2896 673 2967 ποιήσομεν
707 2888 1110 2971 συλλογισμόν·
1164 2898 1274 2948 Πᾶν
1320 2891 1512 2948 λευκὸν
1548 2893 1865 2966 ἄνθρωπος’
1917 2896 2021 2954 πᾶς

369 2985 652 3060 ἄνθρωπος
685 2986 854 3053 ζῶον·
903 2987 1006 3038 πᾶν
1053 2981 1245 3038 λευκὸν
1299 2985 1459 3052 ζῶον.
1493 2979 1650 3037 Ἀλλ’
1690 2981 1756 3050 ἦν
1806 2979 1918 3051 καὶ,
1949 2979 2022 3034 Οὐ

369 3077 472 3127 πᾶν
523 3068 716 3126 λευκὸν
767 3075 927 3141 ζῶον,
967 3070 1228 3147 πρότασις
1275 3067 1690 3147 ὡμολογημένη
1746 3069 1882 3125 κατά
1929 3070 2020 3124 τὸν

368 3159 633 3236 πρότερον
689 3156 1091 3235 συλλογισμόν.
1149 3158 1302 3214 Οὕτω
1357 3159 1461 3235 γὰρ
1534 3158 1681 3236 εἶχεν
1739 3157 1940 3221 ἐκεῖνος
1996 3158 2024 3213 ὁ

2125 1918 2191 1973 In
2222 1915 2499 1972 omnibus
2547 1915 2704 1971 enim
2753 1931 2888 1972 cum
2938 1933 3064 1988 quae
3113 1923 3272 1986 sunt,
3305 1924 3432 1976 tum
3480 1938 3608 1993 quae
3658 1940 3773 1980 non

2127 2010 2289 2072 sunt,
2317 2003 2500 2060 altera
2545 2003 3024 2061 contradictionis
3054 2022 3188 2078 pars
3216 2025 3369 2081 vera,
3397 2009 3581 2067 altera
3627 2012 3778 2069 falsa

2126 2099 2234 2151 est.
2266 2094 2428 2158 Quod
2461 2094 2509 2150 si
2550 2093 2729 2166 igitur
2773 2093 2904 2161 hoc,
2936 2094 3061 2150 Non
3107 2113 3280 2153 omne
3327 2099 3526 2155 album
3574 2101 3772 2169 homo,

2127 2183 2341 2240 falsum
2393 2181 2586 2252 fuerit,
2618 2198 2821 2237 verum
2872 2183 3075 2256 utique
3123 2185 3296 2241 fuerit
3332 2189 3488 2245 350
3518 2191 3674 2261 quod
3725 2191 3777 2247 ei

2128 2269 2574 2329 contradictoris
2604 2271 2949 2343 opponitur;
2993 2275 3148 2344 quod
3196 2281 3306 2342 est,
3340 2276 3526 2334 Omne
3573 2278 3776 2336 album

2129 2367 2218 2418 est
2247 2361 2441 2416 homo.
2465 2359 2923 2416 Contradictorie
2953 2361 3110 2418 enim
3142 2371 3518 2435 opponuntur
3547 2369 3659 2423 sibi
3688 2369 3778 2425 iu-

2129 2450 2313 2506 vicem
2345 2447 2817 2521 (propositiones)
2851 2449 3043 2505 omnis
3065 2459 3122 2506 et
3143 2469 3257 2508 non
3280 2456 3493 2524 omnis,
3519 2473 3781 2513 rursum-

2131 2555 2245 2611 que
2273 2536 2490 2610 aliquis
2519 2541 2577 2592 et
2606 2536 2824 2594 nullus.
2848 2538 2908 2594 Si
2939 2539 3122 2611 igitur
3150 2547 3387 2614 propter
3410 2544 3776 2616 instantiam,

2131 2627 2317 2683 Omne
2353 2625 2552 2682 album
2601 2624 2806 2694 homo;
2855 2633 2980 2683 erat
3033 2634 3228 2685 autem
3287 2648 3405 2687 una
3459 2635 3780 2707 pr0pcsitio

2133 2714 2457 2788 syllogismi
2505 2713 2677 2786 positi
2727 2714 2891 2770 haec:
2933 2717 3137 2773 Omnis
3190 2719 3365 2776 homo
3412 2722 3654 2789 animal,
3687 2741 3781 2780 ac-

2132 2811 2298 2876 cepta
2326 2803 2436 2859 hac
2465 2802 2860 2875 pr0pcsitione
2907 2809 2966 2860 et
3009 2822 3077 2862 ea
3123 2823 3250 2878 quis
3299 2813 3388 2864 est
3436 2827 3506 2866 ex
3552 2818 3780 2868 contra-

2133 2893 2382 2950 dicentis
2431 2891 2730 2961 instantia,
2762 2891 2938 2949 talem
2989 2893 3398 2968 syllogismum
3447 2897 3779 2958 faciemus:

2134 2984 2321 3038 Omne
2358 2980 2558 3038 album
2606 2981 2810 3053 homo;
2843 2983 3038 3039 omnis
3085 2982 3261 3041 homo
3306 2987 3555 3057 animal;
3607 3006 3784 3046 omne

2135 3069 2336 3127 album
2368 3068 2608 3126 animal.
2641 3069 2751 3126 Sed
2790 3075 2916 3126 erat
2961 3072 3138 3128 etiam
3187 3091 3304 3130 non
3357 3092 3530 3132 omne
3583 3078 3782 3134 album

2136 3159 2397 3234 (animal)
2420 3159 2746 3215 secundum
2777 3160 3027 3232 priorem
3059 3161 3467 3236 syllogismum
3500 3183 3787 3225 consensa

370 3230 767 3327 συλλογισμός·
811 3230 892 3304 Ού
950 3230 1052 3304 πᾶν
1111 3247 1302 3304 λευκὸν
1365 3230 1524 3318 ζῶονο
1583 3230 1688 3310 πᾶς
1741 3245 2022 3325 ἅνθρωπος

2137 3230 2194 3306 et
2223 3249 2543 3322 approbata
2587 3230 2926 3320 propositio.
2959 3250 3055 3306 Sic
3092 3230 3249 3308 enim
3279 3252 3378 3309 ille
3406 3253 3787 3329 syllogismus

374 3343 534 3409 ζῶον·
586 3338 649 3394 ού
696 3344 800 3393 πᾶν
870 3336 1064 3394 λευκὸν
1118 3333 1419 3413 ἅνθρωπος.
1471 3337 1570 3392 Διά
1614 3341 1745 3413 γοῦν
1793 3338 1895 3406 τήν
1947 3335 2029 3393 ἔν-

373 3443 557 3483 στασιν
586 3425 934 3498 ἠκολούθησε
960 3427 1024 3482 τὸ
1053 3431 1157 3482 πᾶν
1192 3424 1380 3481 λευκὸν
1434 3425 1567 3481 εἶναι
1621 3430 1778 3496 ζῶον.
1813 3431 1923 3481 Πᾶν
1975 3423 2033 3481 δὲ

376 3515 570 3572 λευκὸν
635 3520 770 3586 ζῶον
823 3515 977 3587 εἶναι,
1028 3514 1118 3570 καὶ
1171 3513 1234 3569 ού
1281 3520 1384 3570 πᾶν
1442 3513 1633 3570 λευκὸν
1689 3519 1824 3583 ζῶον
1874 3514 2030 3586 εἶναι,

377 3602 635 3660 ἀδύνατον
693 3607 764 3679 τῇ
823 3602 976 3683 φύσει
1030 3607 1128 3659 τοῦ
1184 3604 1527 3680 πράγματος,
1575 3603 1664 3658 καὶ
1714 3601 1912 3658 ἄτοπον
1968 3603 2033 3657 τὸ

379 3693 558 3771 λέγειν
611 3691 749 3764 ὅλην
801 3695 900 3762 τὴν
959 3692 1236 3772 ἀντίφασιν
1295 3690 1579 3763 ἀληθεύειν
1625 3693 1766 3765 ὁμοῦ
1815 3691 1902 3747 ἐπὶ
1930 3696 2032 3747 τοῦ

380 3783 548 3838 αὐτοῦ
576 3782 665 3838 καὶ
697 3782 836 3854 ἑνὸς,
866 3782 1165 3850 τουτέστιν,
1197 3783 1226 3836 ὁ
1255 3786 1504 3844 τοιοῦτος
1553 3780 1715 3858 λόγος
1765 3780 1863 3836 οὐκ
1916 3777 2032 3857 ἔχει

377 3862 547 3926 τόπον
603 3871 693 3926 καὶ
750 3871 939 3947 χώραν
998 3867 1345 3946 παραδοχῆς,
1397 3868 1522 3926 ἀλλ’
1579 3867 1690 3924 ἐστὶ
1749 3867 2033 3932 παντελῶς

378 3956 787 4037 ἀπαράδεκτος·
835 3959 898 4013 τὸ
947 3955 1205 4014 ἀδύνατόν
1255 3979 1312 4013 τε
1358 3959 1448 4013 καὶ
1478 3956 1682 4013 ἄτοπον
1729 3961 1800 4032 τῇ
1849 3957 2034 4013 ἐνστά-

377 4071 458 4105 σει
488 4053 586 4104 τοῦ
635 4046 1011 4125 ἀντιλέγοντος
1058 4045 1466 4118 ἠκολούθησαν.
1496 4049 1650 4103 Ὅθεν
1695 4044 1889 4122 ψευδὲς
1942 4048 2034 4121 μέν

371 4139 438 4194 τὸ
493 4145 599 4209 τῆς
659 4137 973 4210 ἐνστάσεως,
1024 4135 1227 4206 ἀληθὲς
1287 4131 1345 4190 δὲ
1397 4135 1461 4190 τὸ
1521 4136 1885 4213 συμπέρασμα
1935 4139 2034 4191 τοῦ

371 4224 642 4304 προτέρου
691 4223 1093 4302 συλλογισμοῦ,
1139 4221 1227 4293 τὰ,
1277 4223 1350 4278 Οὐ
1400 4229 1502 4279 πᾶν
1577 4221 1769 4280 λευκὰν
1825 4221 2032 4301 ἅνθρω-

371 4336 499 4378 πος.
539 4316 610 4371 Τὸ
659 4311 707 4370 δ’
737 4312 866 4370 αύτὸ
915 4311 1175 4370 ἀδύνατόν
1219 4334 1278 4368 τε
1326 4312 1416 4368 καὶ
1466 4309 1666 4369 ἄτοπον
1710 4310 1897 4369 ἕπεται
1943 4312 2033 4368 καὶ

375 4405 694 4481 προτάσεως
725 4400 832 4459 εἷ’τε
857 4409 959 4472 τῆς
1005 4399 1295 4464 ἐλάττονος
1340 4397 1446 4457 εἷιτε
1492 4409 1593 4473 τῆς
1637 4402 1883 4476 μείζονος
1929 4402 2032 4472 λη-

379 4492 606 4573 φθείσης
637 4489 872 4568 ψευδοῦς
903 4491 956 4547 έν
989 4489 1348 4568 συλλογισμῷ
1393 4489 1708 4564 σωζομένου
1751 4495 1849 4546 τοῦ
1893 4494 2036 4567 σχή-

387 4603 554 4658 ματος
586 4583 797 4659 ὑγιοῦς.
827 4585 1027 4636 Τοῦτον
1065 4581 1160 4654 μὲν
1195 4577 1286 4635 οῦν
1337 4579 1430 4635 τὸν
1478 4580 1682 4658 τρόπον
1710 4583 1745 4651 ἡ
1779 4579 1856 4644 εἷς
1913 4577 2038 4636 ἀδύ-

383 4691 542 4726 νατον
571 4669 810 4727 τελεῖται
839 4669 1109 4746 ἀπαγωγή
1121 4713 1134 4727 .

457 4851 561 4908 κα’.
590 4851 790 4928 Καιρὸς
835 4845 895 4905 δὲ
933 4847 1129 4904 λοιπὸν
1173 4846 1303 4911 τοὺς
1345 4850 1442 4902 τοῦ
1491 4843 1742 4924 δευτέρου
1793 4845 1884 4902 καί
1925 4847 2038 4923 τρί-

385 4959 483 4995 του
514 4941 802 5014 σχήματος
836 4935 1292 5014 συλλογιστικοὺς
1319 4935 1555 5014 τρόπους
1588 4935 1664 4999 εἷς
1705 4935 1769 4990 τὸ
1817 4939 2035 5012 πρῶτον

386 5035 586 5106 σχῆμα
614 5023 686 5083 δι’
717 5024 1130 5103 ὑποδειγμάτων
1159 5025 1468 5102 ἀναγαγεῖν.

462 5117 553 5195 ιβ’.
604 5119 830 5194 Πρῶτος
878 5114 1064 5172 τοίνυν
1110 5113 1318 5192 τρόπος
1361 5118 1460 5170 τοῦ
1517 5111 1768 5191 δευτέρου
1817 5116 2037 5190 σχήμα-

382 5227 500 5276 τος,
532 5209 644 5267 Πᾶς
693 5203 976 5281 ἄνθρωπος
1027 5207 1191 5273 ζῶον·
1243 5199 1421 5266 οὐδεὶς
1453 5200 1608 5267 λίθος
1642 5205 1809 5271 ζῶον·
1860 5197 2039 5264 οὐδεὶς

382 5297 666 5373 ἄνθρωπος
717 5292 893 5357 λίθος.
951 5290 1157 5348 Τούτου
1217 5289 1284 5362 δὴ
1349 5293 1447 5346 τοῦ
1510 5289 1886 5368 συλλογισμοῦ
1939 5291 2041 5360 τὴν

385 5385 556 5463 μείζω
611 5381 872 5460 πρότασιν
932 5381 1401 5459 ἀντιστρέψαντες,
1447 5380 1540 5436 τὸν
1610 5377 1856 5458 δεύτερον
1907 5379 2042 5457 τρό-

381 5497 484 5533 πον
532 5477 630 5529 τοῦ
677 5471 898 5546 πρώτου
945 5473 1236 5548 σχήματος
1288 5467 1671 5544 έκτελέσομεν·
1725 5467 1841 5525 ἐπεὶ
1870 5469 1971 5546 γὰρ
2002 5471 2038 5540 ἠ

387 5560 567 5625 οὐδεὶς
641 5557 974 5639 ἀντιστρέφει
1047 5559 1184 5637 πρὸς
1254 5560 1471 5630 ἑαυτήν⁸
1530 5559 1575 5614 εἷ
1635 5555 1811 5622 οὐδεὶς
1888 5557 2042 5623 λίθος

393 5656 555 5727 ζῶον,
584 5651 674 5709 καὶ
705 5647 859 5708 οὐδὲν
896 5654 1033 5721 ζῶον
1065 5647 1240 5714 λίθος.
1272 5653 1386 5713 Πᾶς
1421 5644 1482 5707 δὲ
1526 5645 1812 5726 ἄνθρωπος
1876 5651 2036 5720 ζῶονε

2140 3337 2394 3394 habebat
2425 3355 2438 3394 :
2473 3337 2597 3393 Non
2631 3354 2804 3394 omne
2851 3337 3049 3395 album
3088 3341 3335 3410 animal;
3369 3343 3563 3400 omnis
3610 3344 3786 3402 homo

2141 3426 2395 3494 animal;
2429 3444 2545 3483 non
2594 3443 2767 3483 omne
2816 3426 3017 3484 album
3047 3428 3244 3487 homo.
3280 3433 3517 3505 Propter
3562 3434 3788 3505 instan-

2139 3517 2284 3572 tiam
2316 3516 2496 3589 igitur
2524 3523 2794 3572 secutum
2824 3522 2931 3585 est,
2956 3533 3130 3575 omne
3159 3519 3360 3577 album
3385 3503 3515 3579 esse
3543 3503 3786 3581 animal.

2141 3605 2316 3678 Atqui
2337 3621 2510 3662 omne
2540 3604 2739 3660 album
2767 3622 2898 3662 esse
2921 3607 3138 3663 animal
3161 3615 3219 3665 et
3240 3627 3357 3666 non
3387 3629 3560 3668 omne
3588 3613 3789 3671 album

2142 3711 2271 3751 esse
2320 3693 2561 3762 animal,
2596 3694 2961 3767 impossibile
2989 3701 3079 3753 est
3122 3700 3314 3771 quoad
3364 3701 3446 3757 rei
3493 3707 3788 3772 naturam,

2142 3788 2200 3840 et
2230 3783 2552 3839 absurdum
2587 3789 2676 3839 est
2706 3784 2896 3841 dicere
2935 3789 3118 3842 totam
3150 3790 3672 3848 contradictionem
3706 3793 3792 3849 si-

2143 3871 2266 3928 mul
2298 3872 2368 3928 de
2398 3889 2515 3927 uno
2562 3875 2620 3927 et
2665 3873 2869 3928 eodem
2900 3890 3096 3929 veram
3128 3890 3286 3945 esse;
3335 3877 3445 3934 hoc
3495 3885 3604 3948 est,
3637 3882 3792 3952 ejus-

2144 3961 2301 4016 modi
2330 3959 2515 4016 oratio
2545 3977 2662 4016 non
2694 3964 2782 4016 est
2823 3959 2944 4017 ullo
2975 3964 3147 4019 modo
3177 3965 3500 4036 probanda,
3532 3969 3632 4024 sed
3664 3986 3790 4025 om-

2143 4049 2283 4106 nino
2311 4049 2726 4122 improbanda;
2757 4048 3074 4122 ipsumque
3102 4051 3466 4125 impossibile
3495 4062 3554 4113 et
3584 4057 3790 4114 absur-

2144 4139 2286 4194 dum
2333 4141 2405 4193 ad
2454 4138 2798 4194 instantiam
2848 4139 3302 4198 contradicentis
3357 4149 3624 4201 secutum
3679 4152 3790 4203 est.

2143 4226 2308 4282 Unde
2335 4227 2486 4284 851
2523 4225 2739 4282 falsum
2777 4226 3015 4299 quidem
3046 4235 3137 4284 est
3165 4231 3320 4302 quod
3351 4236 3439 4289 est
3469 4249 3538 4290 ex
3567 4234 3793 4292 instan-

2143 4315 2253 4384 tia;
2287 4330 2421 4371 vera
2467 4319 2664 4371 autem
2714 4315 2926 4387 prioris
2964 4315 3287 4389 syllogismi
3335 4325 3426 4376 est
3474 4323 3792 4396 conclusio,

2144 4403 2288 4471 haec,
2314 4419 2430 4459 non
2461 4419 2633 4459 omne
2663 4403 2862 4459 album
2890 4404 3084 4461 homo.
3108 4407 3267 4463 Idem
3295 4415 3490 4466 autem
3523 4428 3657 4468 cum
3691 4413 3799 4470 im-

2145 4491 2422 4565 possibile
2451 4495 2581 4548 tum
2621 4493 2945 4550 absurdum
2995 4496 3266 4568 sequitur
3294 4499 3343 4555 si
3375 4501 3550 4556 etiam
3583 4519 3794 4576 propo-

2067 4603 2115 4669 D
2146 4580 2279 4637 sitio
2312 4581 2430 4636 sive
2469 4580 2665 4637 minor
2709 4581 2830 4637 sive
2877 4583 3065 4654 major
3112 4584 3278 4655 falsa,
3331 4593 3570 4660 sumpta
3601 4590 3796 4658 fuerit,

2149 4669 2469 4726 dummodo
2500 4670 2691 4743 ﬁgura
2735 4687 2880 4726 sana
2925 4677 3207 4729 servetur.
3239 4674 3358 4732 Hoc
3395 4677 3578 4750 igitur
3623 4681 3797 4738 modo

2146 4758 2419 4815 deductio
2448 4758 2522 4814 ad
2553 4757 2924 4831 imppssibile
2953 4761 3271 4833 perﬁcitur.

2219 4847 2306 4902 11.
2339 4846 2624 4903 Caeterum
2663 4848 2836 4904 modo
2866 4853 3100 4922 tempus
3148 4857 3238 4907 est
3283 4854 3674 4928 syllogisticos
3705 4874 3800 4914 se-

2148 4937 2352 4992 cundae
2383 4940 2442 4992 et
2469 4935 2650 4992 tertiae
2693 4937 2895 5011 ﬁgurae
2926 4940 3132 4997 modos
3162 4942 3234 4998 ad
3266 4944 3519 5014 primam
3547 4946 3800 5020 ﬁguram

2148 5041 2252 5098 per
2279 5023 2544 5097 exempla
2570 5025 2908 5082 reducendi.

2221 5115 2307 5169 12.
2341 5114 2572 5170 Primus
2621 5114 2803 5188 igitur
2832 5118 3106 5174 secundae
3151 5119 3351 5193 ﬁguras
3403 5123 3616 5180 modus
3664 5130 3798 5182 est:

2149 5203 2350 5260 Omnis
2381 5201 2558 5260 homo
2607 5205 2856 5274 animal;
2891 5206 3093 5263 nullus
3123 5207 3274 5280 lapis
3316 5211 3570 5281 animal;
3601 5213 3802 5270 nullus

2149 5291 2326 5349 homo
2367 5291 2539 5365 lapis.
2573 5293 2760 5366 Hujus
2791 5311 2932 5351 sane
2963 5295 3285 5369 syllogismi
3336 5301 3618 5372 majorem
3669 5320 3801 5376 pro-

2149 5381 2500 5455 positionem
2567 5381 2617 5439 si
2678 5384 3157 5454 converterimus,
3213 5389 3541 5446 secundum
3599 5393 3804 5462 primae

2151 5472 2350 5544 ﬁgurae
2405 5471 2644 5526 modum
2677 5472 3020 5529 efﬁciemus.
3055 5477 3202 5540 Quia
3251 5477 3407 5532 enim
3456 5479 3801 5551 (propositio

2152 5559 2499 5616 universalis
2521 5561 2810 5634 negativa)
2835 5562 3035 5619 nullus
3063 5565 3122 5619 in
3147 5566 3402 5638 seipsam
3425 5571 3804 5639 convertitur,

2151 5649 2201 5706 si
2233 5647 2435 5706 nullus
2464 5647 2616 5723 lapis
2645 5649 2894 5721 animal;
2925 5652 3105 5710 etiam
3127 5653 3356 5713 nullum
3380 5656 3597 5715 animal
3628 5657 3803 5734 lapis,
