4094 6420
305 358 428 428 9.89

1666 363 2016 426 EPITOME
2059 364 2367 426 LOGIGA.

3603 367 3725 428 9'70

383 497 469 560 ις’.
501 494 656 552 Οὕτω
693 496 785 571 μὶν
816 493 906 552 οὖν
936 496 1000 552 τὸ
1039 491 1285 572 δεύτερον
1331 502 1524 573 σχῆμα
1571 495 1646 558 είς
1693 498 1755 552 τὸ
1802 499 1955 566 πρῶ-

2149 500 2234 553 16.
2261 498 2354 554 Sio
2385 498 2622 569 quidem
2654 497 2833 570 igitur
2863 499 3121 554 secunda
3149 499 3337 571 ﬁgura
3365 499 3436 554 ad
3468 498 3722 571 primam

303 608 398 642 τον
426 585 695 662 ἀνάγεται.
726 587 796 640 Τὸ
826 585 1005 662 τρίτον
1040 583 1097 640 δὲ
1127 584 1320 646 οὕτως·

382 676 464 744 ιζ’.
495 680 549 728 '0
579 679 794 751 πρῶτος
825 674 1028 748 θρόπος
1073 678 1172 729 τοῦ
1230 674 1414 750 τρίτου
1475 677 1786 752 σχήματος⁸
1843 679 1954 734 Πᾶς

305 765 588 842 ἄνθρωπος
623 768 777 833 ζῶονο
809 770 914 826 πᾶς
942 763 1223 841 ἅνθρωπος
1257 761 1502 838 λογιγόν·
1554 763 1606 818 τὶ
1659 769 1796 834 ζῶον
1857 761 1954 816 λο-

299 853 472 929 γικόν.
534 854 946 932 ’Δντεστράφθω
1000 855 1034 922 ἡ
1095 851 1355 908 ἐλάττων·
1390 853 1454 907 Ei.
1513 859 1615 915 πᾶς
1674 851 1958 929 ἄνθρωπος

305 946 465 1011 ζῶον·
505 941 596 997 καὶ
643 942 698 995 τὶ
749 946 887 1010 ζῶον
937 939 1238 1018 ἅνθρωπος·
1272 947 1375 1003 πᾶς
1406 940 1464 996 δὲ
1509 943 1794 1017 ἄνθρωπος
1855 939 1958 994 λο-

298 1030 474 1108 γικόν·
504 1030 558 1085 τὶ
595 1035 732 1100 ζῶον
761 1028 864 1107 ἄρα
895 1028 1140 1105 λογικόν.
1169 1029 1238 1086 Εἴ
1281 1033 1355 1104 μή
1411 1051 1463 1084 τι
1509 1035 1646 1100 ζῶον
1705 1029 1955 1105 λογικόν·

301 1115 456 1175 οὐδὲν
491 1123 631 1188 ζῶον
664 1117 912 1194 λογικόν.
947 1124 1058 1180 Πᾶς
1109 1116 1168 1174 ὃὶ
1225 1119 1504 1194 ἄνθρωπος
1563 1122 1719 1188 ζῶονο
1753 1117 1800 1173 εί
1856 1124 1960 1179 πᾶς

303 1206 589 1285 ἄνθρωπος
649 1211 809 1280 ζῶον,
869 1207 959 1262 καὶ
1028 1205 1182 1263 οὐδὲν
1262 1212 1396 1278 ζῶον
1473 1206 1718 1284 λογικόν·
1780 1204 1960 1269 οὐδεὶς

302 1296 449 1354 ἔσται
477 1293 762 1372 ἄνθρωπος
793 1295 1040 1372 λογικός.
1074 1295 1234 1352 ’Δλλ’
1270 1295 1517 1353 ὑπέκειτο
1548 1296 1640 1352 καὶ
1669 1301 1798 1358 πᾶς.

2068 587 2388 642 reducitur.
2422 589 2618 642 Tertia
2649 594 2843 642 autem
2877 587 2978 643 sic.

2137 679 2223 731 17.
2260 677 2492 731 Primus
2542 678 2752 732 modus
2783 677 2964 731 tertiae
3012 677 3208 749 figurae
3245 693 3257 731 :
3293 677 3498 732 Omnis
3545 678 3720 734 homo

2067 765 2324 831 animal;
2375 766 2571 821 omnis
2623 766 2819 833 homo,
2872 766 3191 833 rationale;
3247 767 3542 838 quoddam
3595 765 3719 821 ani-

2067 853 2206 920 mal,
2241 854 2548 910 rationale.
2577 855 2767 910 Minor
2797 861 3200 911 convertatur:
3231 856 3290 910 Si
3322 856 3514 910 omnis
3544 855 3721 911 homo

2069 942 2287 998 animal
2316 961 2330 1010 ;
2366 948 2423 998 et
2457 945 2752 1015 quoddam
2801 943 3018 999 animal
3051 943 3268 1011 homo;
3299 943 3491 999 omnis
3521 948 3722 998 autem

2068 1030 2266 1100 homo,
2287 1031 2571 1087 rationale
2600 1033 2928 1104 ;quoddam
2961 1032 3141 1105 igitur
3170 1031 3388 1088 animal
3417 1030 3722 1088 rationale.

2067 1119 2185 1192 (Sic
2237 1121 2474 1191 quidem
2508 1121 2820 1188 ostensive,
2853 1138 2957 1193 per
3001 1120 3365 1192 impossibile
3393 1138 3526 1178 vero
3569 1120 3653 1176 ita
3682 1120 3724 1192 :)

2069 1207 2130 1263 Si
2162 1225 2278 1264 non
2309 1209 2607 1281 quoddam
2630 1209 3195 1278 animal,rationale;
3228 1209 3459 1266 nullum
3483 1209 3725 1278 animal,

2070 1296 2376 1353 rationale.
2421 1296 2626 1354 Omnis
2675 1303 2872 1354 autem
2921 1299 3118 1368 homo,
3152 1297 3393 1355 animal.
3427 1299 3486 1354 Si
3533 1296 3728 1355 omnis

302 1389 480 1446 homo
529 1386 772 1460 animal,
823 1392 882 1444 et
931 1386 1164 1464 nullum
1215 1387 1455 1459 animal,
1504 1387 1825 1456 rationale;
1876 1384 2078 1442 nullus
2130 1386 2308 1442 homo
2357 1388 2470 1442 erit
2519 1387 2824 1445 rationale.
2874 1388 2984 1444 Sed
3036 1387 3478 1460 supponebatur
3523 1389 3728 1455 etiam,

305 1493 520 1535 omnia.

377 1566 470 1636 ιη’.
520 1566 578 1621 '0
635 1562 882 1639 δεύτερος
937 1564 1138 1641 τρόπος
1199 1566 1317 1638 [τοῦ
1374 1563 1562 1641 τρίτου
1622 1565 1951 1639 σχήματος]-

304 1658 456 1709 Πᾶσα
483 1652 624 1728 χιὼν
657 1651 848 1734 λευκή·
882 1649 1112 1726 οὐδεμία
1142 1654 1282 1728 χιὼν
1340 1657 1498 1722 ζῶον·
1549 1651 1612 1707 οὐ
1657 1657 1762 1706 πᾶν
1821 1649 1954 1706 λαυ-

2142 1565 2230 1621 18.
2267 1566 2572 1621 Secundus
2618 1566 2829 1622 modus
2863 1565 3046 1622 tertiae
3077 1565 3276 1638 ﬁgura:
3311 1582 3326 1622 :
3358 1564 3564 1621 Omnis
3603 1565 3724 1634 nix,

2069 1652 2202 1709 alba
2236 1671 2248 1709 ε
2284 1654 2449 1710 nulla
2497 1653 2614 1724 nix,
2648 1653 2867 1710 animal
2902 1671 2915 1711 :
2951 1672 3066 1710 non
3116 1671 3290 1710 omne
3335 1653 3559 1725 album,
3590 1654 3722 1710 ani-

299 1741 394 1797 κὸν
445 1745 600 1810 ζῶον.
650 1740 1058 1819 Ἀντεστράφθω
1109 1743 1145 1810 ἡ
1190 1739 1450 1796 ἐλάττων
1496 1740 1560 1796 Εἰ
1613 1745 1760 1795 πᾶσα
1815 1740 1955 1815 χιὼν

2088 1741 2207 1798 nal.
2259 1744 2647 1799 Convertatur
2675 1743 2868 1799 minor
2901 1761 2914 1799 :
2948 1743 3008 1800 Si
3038 1743 3231 1799 omnis
3280 1742 3399 1811 nix,
3433 1741 3605 1812 alba;
3640 1747 3719 1816 et,

304 1829 494 1901 λευκή·
529 1828 619 1884 καὶ
648 1827 701 1885 τὶ
743 1827 934 1884 λευκὸν
986 1829 1148 1905 ’χιών⁸
1199 1826 1430 1903 οὐδεμία
1478 1826 1536 1884 δὲ
1593 1829 1734 1904 χιὼν
1796 1831 1958 1897 ζῶονσ

303 1918 364 1976 οὐ
395 1924 498 1974 πᾶν
533 1919 636 1994 ἄρα
664 1916 858 1973 λευκὸν
912 1922 1070 1986 ζῶον·
1123 1917 1168 1973 εί
1219 1919 1296 1991 μὴ
1352 1922 1536 1972 τοῦτο·
1595 1923 1706 1972 Πᾶν
1766 1915 1957 1972 λευκὸν

306 2013 464 2079 ζῶον·
497 2005 610 2064 ἔστι
667 2004 727 2063 δὲ
775 2007 865 2062 καὶ
925 2013 1070 2062 πᾶσα
1122 2007 1262 2082 χιὼν
1295 2006 1488 2078 λευκή.
1516 2007 1704 2061 Τοίνυν
1739 2004 1786 2060 εί
1816 2011 1962 2060 πᾶσα

305 2098 447 2174 χιὼν
504 2095 699 2167 λευκή·
751 2101 855 2151 πᾶν
905 2093 963 2151 δὲ
1019 2094 1210 2151 λευκὸν
1263 2100 1423 2166 ζῶον·
1473 2100 1619 2150 πᾶσα
1665 2094 1807 2172 χιὼν
1858 2091 1962 2170 ἄρα

275 2192 470 2276 ,ζῶοψ
500 2191 598 2243 Ἥν
632 2183 691 2241 δὲ
718 2185 808 2241 καὶ
840 2182 1069 2260 οὐδεμία
1097 2185 1238 2261 χιὼν
1273 2189 1432 2254 ζῶον.

380 2372 465 2430 ιθ’.
497 2366 554 2418 '0
597 2363 783 2442 τρίτος
844 2363 1068 2440 τρόπος⁶
1117 2363 1210 2426 Τὶς
1268 2364 1553 2440 ἅνθρωπος
1617 2361 1803 2436 μέλας’
1855 2367 1958 2423 πᾶς

307 2452 590 2532 ἅνθρωπος
665 2458 825 2523 ζῶον·
877 2452 929 2507 τὶ
1014 2450 1182 2526 μέλαν
1246 2456 1407 2522 ζῶον.
1461 2450 1866 2528 Ἀντεστράφθω
1923 2451 1960 2519 ἡ

307 2544 569 2601 ἐλάττων*
600 2540 666 2599 Ε⁹ί
692 2563 776 2605 τις
833 2543 1117 2616 ἄνθρωπος
1179 2541 1368 2612 μέλας”
1399 2542 1489 2596 καὶ
1539 2541 1593 2596 τὶ
1656 2539 1824 2614 μέλαν
1869 2540 1960 2594 ἄν·

310 2644 552 2710 θρωπος’
603 2637 708 2693 πᾶς
767 2627 826 2686 δὲ
882 2627 1166 2706 ἅνθρωπος
1245 2634 1404 2700 ζῶονο
1471 2628 1610 2684 ὥστε
1673 2629 1727 2683 τὶ
1789 2626 1959 2702 μέλαν

311 2727 471 2792 ζῶον·
505 2721 550 2776 εἰ
579 2724 739 2776 τοῦτο
769 2716 981 2793 ψευδὲς.
1015 2715 1174 2775 οὐδὲν
1235 2716 1404 2793 μέλαν
1458 2723 1616 2788 ζῶοψ
1665 2717 1750 2780 τὶς
1782 2714 1840 2771 δὲ
1870 2716 1960 2770 ἄν-

300 2812 521 2886 θρωπος
574 2807 764 2883 μέλας.
817 2808 882 2863 Εἰ
931 2808 1014 2870 τὶς
1078 2805 1363 2882 ἅνθρωπος
1421 2804 1612 2880 μέλας,
1660 2806 1750 2860 καὶ
1806 2801 1960 2860 οὐδὲν

306 2897 475 2975 μέλαν
519 2902 674 2970 ζῶον·
709 2897 771 2953 οὐ
799 2903 904 2960 πᾶς
933 2894 1218 2973 ἄνθρωπος
1250 2900 1412 2966 ζῶον.
1444 2897 1544 2950 Ἥν
1579 2893 1635 2950 δὲ
1683 2895 1774 2950 καὶ
1833 2900 1959 2956 πᾶς.

375 3167 533 3225 κ’.⁹0
589 3167 844 3243 τέταρτος
897 3163 1118 3241 τρόπος.
1149 3164 1242 3229 Ti;
1302 3164 1456 3228 λίθος
1514 3162 1731 3227 λευκός·
1782 3161 1960 3226 οὐδεὶς

302 3255 460 3320 λίθος
520 3259 680 3326 ζῶον
715 3253 778 3310 οὐ
838 3260 941 3309 πᾶν
1003 3253 1192 3310 λευκὸν
1242 3259 1400 3324 ζῶον.
1462 3255 1873 3331 ’Δντεστράφθω
1928 3255 1964 3322 ἡ

304 3345 575 3404 ἐλάττων.
619 3341 686 3400 Ei’
725 3365 809 3406 τις
843 3341 998 3406 λίθος
1048 3341 1263 3417 λευκὸς,
1293 3343 1384 3398 καὶ
1436 3343 1489 3398 τὶ
1544 3340 1736 3399 λευκὰν
1789 3340 1964 3406 λίθος’

306 3431 488 3497 οὐδεὶς
535 3430 594 3488 δὲ
650 3431 804 3495 λίθος
863 3436 1022 3502 ζῶον⁸
1057 3431 1119 3486 οὐ
1173 3438 1276 3487 πᾶν
1337 3433 1439 3508 ἄρα
1483 3431 1674 3488 λευκὸν
1732 3436 1888 3500 ζῶον·
1922 3431 1968 3486 εἰ

300 3528 470 3581 τοῦτο
500 3522 601 3578 οὐκ
629 3519 794 3595 ἔστιν,
821 3519 968 3577 ἔσται
998 3527 1101 3576 πᾶν
1157 3519 1348 3576 λευκὸν
1403 3525 1559 3590 ζῶον·
1595 3518 1704 3576 ἔστι
1767 3519 1825 3575 δὲ
1879 3521 1969 3575 καὶ

300 3613 389 3675 τὶς
447 3610 603 3675 λίθος
657 3609 869 3673 λευκόςο
906 3611 952 3666 εί
1009 3611 1092 3672 τὶς
1149 3609 1302 3674 λίθος
1362 3608 1577 3673 λευκός·
1629 3617 1732 3664 πᾶν
1785 3607 1843 3664 δὲ
1907 3610 1970 3663 τὸ

303 3701 500 3758 λευκὸν
563 3704 724 3772 ζῶονο
783 3699 868 3763 τὶς
931 3697 1086 3762 λίθος
1147 3704 1307 3768 ζῶον.
1365 3697 1525 3754 Ἀλλ’
1576 3697 1824 3754 ὑπέκειτο
1880 3697 1970 3752 καὶ

306 3788 513 3854 οὐδείς.

382 3971 482 4027 κα’.
516 3974 570 4024 '0
617 3969 867 4043 πέμπτος
917 3967 1138 4045 τρόπος.
1171 3973 1283 4031 Πᾶς
1340 3963 1618 4045 ἅνθρωπος
1679 3970 1839 4036 ζῶον
1887 3965 1972 4027 τὶς

311 4056 602 4136 ἄνθρωπος
644 4056 858 4121 λευκός·
899 4057 956 4132 τὶ
1016 4061 1153 4127 ζῶον
1202 4053 1414 4112 λευκόν.
1467 4056 1878 4133 Ἀντεστράφθω
1935 4056 1972 4123 ἡ

317 4148 540 4223 μείζων·
573 4145 644 4202 Ei’
667 4147 752 4209 τὶς
797 4148 1076 4224 ἅνθρωπος
1140 4145 1353 4216 λευκὸς,
1385 4145 1474 4200 καὶ
1529 4145 1583 4200 τὶ
1641 4144 1832 4200 λευκὸν
1892 4141 1976 4197 ἅν-

311 4241 558 4314 θρωπος·
617 4242 724 4299 πᾶς
779 4233 838 4291 δὲ
912 4233 1198 4308 ἄνθρωπος
1278 4238 1436 4303 ζῶον·
1486 4235 1540 4288 τὶ
1616 4232 1719 4308 ἄρα
1786 4231 1976 4288 λευκὸν

320 4331 478 4397 ζῶον.
512 4327 932 4404 ’Δντεστράφθω
969 4323 1061 4381 καὶ
1106 4324 1170 4379 τὸ
1219 4324 1600 4400 συμπέρασμαο
1637 4323 1700 4378 Εἴ
1747 4322 1800 4375 τὶ
1851 4320 1974 4376 λευ-

317 4417 414 4472 κὸν
448 4419 607 4486 ζῶονο
638 4415 729 4470 καὶ
757 4415 812 4470 τὶ
845 4419 982 4485 ζῶον
1017 4413 1226 4472 λευκόν.

387 4594 495 4671 κβ’.
527 4595 585 4647 Ὃ
634 4589 792 4655 ἕκτος
836 4586 1039 4669 τρόπος
1098 4593 1187 4648 καὶ
1245 4590 1490 4653 ὕστατος·
1526 4596 1635 4652 Πᾶς
1693 4585 1973 4666 ἄνθρωπος

321 4687 479 4754 ζῶον·
515 4681 578 4738 οὗ
607 4687 713 4745 πᾶς
744 4681 1030 4758 ἅνθρωπος
1067 4679 1257 4756 μέλας·
1310 4679 1371 4734 οὗ
1419 4685 1522 4735 πᾶν
1586 4683 1722 4749 ζῶον
1782 4677 1973 4752 μέλαν.

314 4770 481 4828 Ἀλλ’
511 4771 671 4834 οὗτος
705 4772 732 4826 ὁ
761 4771 965 4847 τρόπος
991 4771 1130 4848 πρὸς
1174 4770 1238 4824 κὸ
1269 4773 1484 4846 πρῶτον
1515 4775 1711 4845 σχῆμα
1767 4765 1838 4822 δι’
1885 4769 1977 4822 ἀν-

313 4867 619 4938 τιστροφῆς
674 4859 775 4915 οὐκ
816 4859 1089 4934 ἀνάγεται.
1143 4858 1349 4913 Γίνεται
1409 4857 1510 4934 γὰρ
1559 4855 1618 4911 ἐκ
1668 4853 1763 4911 δύο
1825 4877 1978 4933 μερι-

317 4953 437 5006 κῶν
495 4953 811 5025 προτάσεων
869 4948 1008 5025 πρὸς
1053 4951 1152 5016 τὴν
1205 4948 1288 5010 τὶς
1351 4945 1802 5024 ἀντιστρεφούσης
1880 4953 2014 5024 τῆς.

318 5044 452 5101 πᾶς.
495 5041 648 5093 Ὅθεν
705 5036 794 5092 διὰ
851 5038 1024 5111 μόνης
1081 5044 1182 5106 τῆς
1231 5035 1306 5098 είς
1368 5033 1628 5090 ἀδύνατον
1679 5032 1983 5088 τελειοῦται

322 5128 646 5204 ἀπαγωγῆς·
681 5127 727 5182 εἶ
757 5127 860 5203 γὰρ
892 5124 1083 5202 ψευδὲς
1110 5127 1173 5180 τὸ
1206 5126 1282 5198 μὴ
1341 5130 1443 5178 πᾶν
1503 5128 1640 5192 ζῶον
1697 5123 1830 5176 εἶναι
1891 5122 1985 5196 μέ-

327 5217 454 5288 λαν,
515 5215 714 5288 ἀληθὲς
767 5215 826 5271 ἂν
888 5213 970 5287 εἴη
1025 5215 1088 5269 τὸ
1144 5214 1505 5292 ἀντιφατικῶς
1592 5211 1986 5285 ἀντικείμενον,

323 5303 501 5382 ⁴ἤγουν
530 5305 596 5360 τὸ
623 5311 728 5360 πᾶν
785 5310 923 5374 ζῶον
985 5304 1118 5359 εἶναι
1175 5301 1365 5377 μέλαν.
1419 5299 1574 5359 Ἀλλ’
1622 5301 1688 5369 ἦν
1740 5301 1829 5356 καὶ
1885 5308 1989 5364 πᾶς

325 5393 620 5470 ἄνθρωπος
651 5398 812 5464 ζῶον.
844 5394 908 5448 Εἰ
951 5392 1131 5448 τοίνυν
1191 5399 1293 5454 πᾶς
1347 5389 1626 5464 ἄνθρωπος
1691 5393 1848 5459 ζῶον·
1891 5397 1994 5445 πᾶν

2071 1829 2312 1904 aliquod
2342 1831 2494 1888 355
2547 1833 2702 1903 quod
2735 1832 2958 1900 album,
2991 1832 3087 1888 nix
3121 1848 3134 1888 :
3169 1831 3334 1887 nulla
3371 1835 3568 1887 autem
3601 1831 3723 1899 nix,

2071 1920 2290 1977 animal
2327 1938 2338 1977 :
2374 1939 2490 1976 non
2520 1937 2657 1994 ergo
2689 1938 2859 1978 omne
2891 1921 3432 1989 album,animal.Si
3463 1919 3573 1976 hoc
3603 1937 3722 1977 non

2071 2010 2170 2079 sit,
2221 2027 2394 2066 omne
2447 2011 2668 2078 album,
2720 2011 2833 2066 erit
2877 2010 3117 2067 animal.
3149 2011 3251 2066 Est
3297 2013 3493 2066 autem
3545 2010 3724 2066 etiam

2071 2099 2264 2156 omnis
2315 2100 2416 2155 nix
2465 2098 2636 2165 alba;
2667 2099 2850 2172 igitur
2899 2100 2949 2155 si
2977 2099 3170 2155 omnis
3215 2099 3334 2166 nix,
3367 2098 3519 2171 alba,
3551 2113 3726 2154 omne

2071 2192 2267 2244 autem
2320 2188 2543 2256 album,
2594 2188 2853 2256 animal;
2886 2189 3081 2244 omnis
3127 2205 3264 2261 ergo
3313 2188 3431 2256 nix,
3481 2186 3722 2244 animal.

2073 2279 2210 2332 Erat
2241 2281 2438 2334 autem
2464 2277 2640 2333 etiam
2671 2277 2838 2332 nulla
2869 2278 2987 2345 nix,
3020 2277 3260 2333 animal.

2144 2368 2230 2423 19,
2261 2368 2496 2422 Tertius
2529 2367 2743 2423 modus
2780 2385 2792 2422 :
2823 2366 3052 2438 Aliquis
3083 2366 3453 2438 homo,niger
3483 2384 3498 2422 :
3533 2365 3727 2423 omnis

2070 2455 2247 2510 homo
2279 2454 2498 2511 animal
2532 2472 2545 2510 :
2581 2454 2816 2527 aliquod
2869 2456 3107 2527 nigrum
3139 2455 3376 2511 animal.
3411 2457 3725 2513 Converte-

2072 2548 2170 2599 tur
2217 2544 2410 2600 minor
2460 2562 2473 2600 :
2526 2545 2585 2600 Si
2637 2544 2852 2616 aliquis
2898 2544 3097 2610 homo,
3148 2545 3330 2618 niger,
3381 2548 3440 2601 et
3490 2544 3726 2615 aliquod

2073 2633 2307 2705 nigrum
2360 2634 2534 2689 homo
2564 2632 2674 2688 erit
2707 2651 2719 2689 :
2751 2634 2944 2689 omnis
2989 2638 3185 2690 autem
3237 2635 3410 2690 homo
3453 2633 3674 2690 animal
3707 2651 3723 2690 :

2073 2739 2253 2794 quare
2285 2722 2521 2794 aliquod
2554 2723 2790 2794 nigrum
2822 2721 3063 2778 animal.
3101 2724 3202 2778 Sin
3233 2723 3344 2779 hoe
3375 2723 3591 2780 falsum
3625 2721 3723 2790 sit,

2073 2811 2306 2867 nullum
2338 2813 2570 2885 nigrum
2605 2813 2715 2868 erit
2745 2811 2962 2867 animal
2998 2829 3011 2867 :
3045 2811 3262 2884 aliquis
3292 2817 3489 2868 autem
3521 2811 3720 2879 homo,

2073 2900 2257 2972 niger.
2292 2901 2353 2956 Si
2402 2900 2621 2974 aliquis
2652 2901 2828 2957 homo
2874 2901 3077 2974 niger;
3110 2906 3166 2957 et
3208 2901 3437 2957 nullum
3487 2901 3723 2972 nigrum

2072 2988 2443 3058 animal,non
2475 2990 2667 3046 omnis
2698 2990 2874 3046 homo
2905 2990 3290 3047 animal.Erat
3318 2994 3516 3046 autem
3545 2988 3724 3045 etiam

2073 3077 2266 3134 omnis
2296 3078 2494 3150 (homo
2525 3078 2787 3151 animal).

2145 3168 2235 3223 20.
2270 3170 2522 3233 Quartus
2554 3169 2801 3224 modus:
2826 3167 3053 3240 Aliquis
3083 3169 3255 3242 lapis,
3276 3169 3446 3225 albus
3480 3184 3494 3224 :
3528 3167 3727 3224 nullus

2078 3256 2228 3330 lapis
2259 3257 2480 3312 animal
2514 3275 2526 3313 :
2557 3275 2672 3313 non
2705 3273 2878 3314 omne
2909 3257 3108 3313 album
3142 3257 3382 3313 animal.
3416 3257 3729 3313 Converte-

2079 3350 2175 3401 tur
2205 3346 2398 3401 minor
2433 3361 2446 3401 :
2482 3347 2540 3416 Si
2575 3345 2788 3418 aliquis
2820 3345 2990 3418 lapis,
3025 3345 3195 3402 albus
3230 3363 3243 3402 :
3278 3347 3451 3402 etiam
3492 3345 3730 3418 aliquod

2081 3434 2305 3502 album,
2358 3433 2528 3507 lapis.
2583 3434 2790 3490 Nullus
2839 3441 3033 3490 autem
3083 3435 3254 3507 lapis,
3305 3435 3563 3503 animal;
3605 3434 3733 3490 Non

2081 3541 2218 3596 ergo
2265 3541 2438 3579 omne
2488 3523 2714 3592 album,
2765 3524 3006 3578 animal.
3061 3525 3117 3578 Si
3170 3524 3279 3580 hoc
3327 3542 3444 3580 non
3497 3523 3596 3589 sit,
3625 3523 3736 3580 erit

2083 3630 2255 3670 omne
2288 3612 2866 3681 album,animal.Est
2895 3619 3092 3669 autem
3124 3614 3299 3669 etiam
3324 3615 3539 3687 aliquis
3559 3613 3733 3687 lapis,

2082 3702 2274 3758 albus.
2308 3702 2370 3757 Si
2397 3701 2608 3774 aliquis
2642 3701 2816 3774 lapis,
2850 3702 3018 3758 albus
3053 3721 3066 3759 :
3100 3719 3272 3758 omne
3301 3709 3500 3760 autem
3532 3702 3735 3759 album

2083 3790 2305 3848 animal
2339 3808 2351 3844 :
2387 3790 2602 3862 aliquis
2657 3791 2825 3862 lapis,
2858 3791 3098 3846 animal.
3131 3792 3242 3847 Sed
3293 3793 3738 3864 supponebatur

2082 3882 2262 3937 etiam
2295 3879 2494 3936 nullus
2525 3879 2699 3952 (lapis
2729 3879 2992 3951 animal).

2157 3970 2312 4027 856
2343 3969 2433 4024 21.
2465 3969 2716 4033 Quintus
2749 3969 2960 4024 modus
2989 3973 3101 4035 est,
3133 3969 3337 4026 Omnis
3377 3970 3574 4037 homo,
3609 3969 3734 4026 ani-

2086 4059 2204 4114 mal
2238 4075 2251 4115 :
2287 4057 2501 4130 aliquis
2534 4057 2710 4113 homo
2743 4057 2932 4125 albus,
2967 4057 3205 4130 aliquod
3238 4058 3480 4125 animal,
3508 4057 3732 4114 album.

2085 4147 2470 4203 Convertatur
2499 4147 2688 4216 major
2719 4163 2732 4201 :
2765 4146 2822 4200 Si
2855 4145 3069 4218 aliquis
3102 4146 3296 4213 homo,
3330 4147 3522 4212 albus,
3549 4139 3739 4202 etali-

2086 4236 2243 4308 quod
2293 4235 2494 4291 album
2529 4235 2722 4290 homo.
2758 4235 2962 4291 Omnis
3011 4241 3207 4291 autem
3246 4236 3444 4307 homo,
3476 4235 3736 4306 animal;

2088 4324 2326 4397 aliquod
2357 4341 2492 4396 ergo
2519 4324 2721 4380 album
2749 4325 3380 4382 animal.Convertatur
3399 4327 3574 4381 etiam
3606 4342 3742 4381 con-

2089 4415 2274 4471 clusio
2303 4431 2315 4469 :
2351 4414 2411 4470 Si
2453 4412 2691 4486 aliquod
2740 4413 2965 4480 album,
2997 4413 3256 4484 animal;
3290 4415 3469 4471 etiam
3500 4414 3739 4486 aliquod

2007 4491 2055 4556 D
2087 4503 2309 4560 animal
2339 4501 2558 4558 album.

2155 4593 2246 4648 22.
2301 4593 2512 4648 Sextus
2562 4597 2619 4647 et
2672 4592 2916 4648 ultimus
2965 4594 3177 4649 modus
3229 4612 3242 4650 :
3293 4593 3496 4649 Omnis
3542 4593 3744 4658 homo,

2087 4681 2306 4737 animal
2343 4698 2356 4736 :
2390 4699 2503 4736 non
2536 4681 2730 4737 omnis
2785 4681 2984 4749 homo,
3016 4681 3183 4755 niger
3217 4700 3229 4737 :
3262 4699 3378 4738 non
3410 4699 3586 4739 omne
3617 4681 3745 4738 ani-

2088 4771 2225 4839 mal,
2263 4770 2521 4842 nigrum.
2555 4771 2667 4825 Sed
2702 4771 2796 4826 hic
2827 4771 3040 4827 modus
3070 4772 3142 4826 ad
3177 4771 3427 4844 primam
3476 4788 3577 4844 per
3607 4787 3743 4827 con-

2087 4859 2415 4917 versionem
2447 4876 2563 4915 non
2596 4859 2916 4925 reducitur,
2952 4860 3042 4915 Fit
3072 4861 3228 4915 enim
3261 4877 3329 4916 ex
3359 4861 3590 4917 duabus
3620 4876 3750 4932 par-

2091 4948 2440 5004 ticularibus
2473 4948 3145 5020 propositionibus,dum
3178 4948 3554 5021 (universalis
3584 4948 3745 5004 afﬁr-

2094 5038 2334 5105 mativa)
2412 5038 2605 5093 omnis
2662 5037 2722 5092 in
2794 5037 3224 5108 (particularem
3309 5037 3746 5109 affirmativam)

2097 5126 2309 5198 aliquis
2358 5128 2733 5181 convertitur.
2768 5125 2932 5181 Unde
2970 5144 3072 5197 per
3102 5127 3286 5183 solam
3335 5127 3746 5188 deductionem

2099 5217 2172 5271 ad
2219 5214 2583 5286 impossibile
2614 5215 2930 5287 perﬁcitur.
2965 5215 3023 5269 Si
3054 5215 3213 5270 enim
3264 5215 3480 5271 falsum
3509 5215 3619 5272 hoc
3647 5215 3746 5284 sit,

2100 5322 2214 5360 non
2246 5320 2418 5359 omne
2466 5303 2683 5358 animal
2715 5321 2843 5359 esse
2872 5305 3129 5376 nigrum,
3161 5321 3365 5360 verum
3399 5305 3574 5361 fuerit
3612 5321 3749 5360 con-

2101 5394 2448 5450 tradictione
2479 5392 2836 5464 oppositum,
2858 5391 2968 5447 hoc
2998 5395 3299 5460 nimirum,
3334 5410 3508 5449 omne
3533 5392 3754 5449 animal

328 5481 392 5540 δὶ
455 5489 593 5554 ζῶον
657 5481 849 5557 μέλαν’
878 5490 984 5546 πᾶς
1033 5480 1320 5558 ἅνθρωπος
1386 5479 1574 5554 μέλας.
1608 5479 1880 5535 Ὑπέκειτο
1939 5479 1965 5536 δ

2105 5502 2234 5540 esse
2283 5483 2538 5555 nigrum.
2589 5482 2697 5536 Sed
2748 5489 2872 5538 erat
2919 5485 3118 5550 etiam,
3159 5484 3350 5538 omnis
3398 5484 3572 5540 homo
3627 5486 3758 5538 ani-

331 5573 426 5632 καὶ
455 5574 518 5631 τὸ
548 5573 610 5629 οὐ
642 5579 770 5642 πᾶς,
807 5572 941 5650 ὅπερ
972 5573 1191 5629 ἄτοπον.

614 5705 876 5763 Ριτιιοιι..
931 5704 1045 5766 Ga.
1092 5701 1318 5764 CXLll.

2109 5574 2248 5630 mal.
2291 5573 2451 5638 Quod
2502 5572 2549 5627 si
2600 5571 2780 5644 igitur
2828 5573 3020 5627 omnis
3072 5573 3245 5629 homo
3296 5573 3556 5642 animal;
3589 5588 3763 5630 omne

3404 5702 3475 5764 31
