4094 6436
446 362 559 424 971

1696 360 2125 425 NICEPHORI
2166 359 2610 425 BLEMMID/E

3728 360 3827 428 972

448 496 645 550 autem
692 492 909 549 animal
958 493 1232 566 nigrum;
1271 493 1463 550 omnis
1512 494 1707 565 homo,
1762 493 1946 567 niger.
1997 493 2451 566 Supponebatur
2502 498 2697 551 autem
2750 493 2948 566 etiam,
2999 508 3118 551 non
3161 493 3356 552 omnis
3404 494 3601 567 (homo
3647 495 3828 573 niger).

449 583 606 655 quod
639 583 963 639 absurdum
996 587 1110 639 est.

520 745 610 800 23.
642 744 790 800 Fieri
834 749 1031 800 autem
1064 749 1253 818 potest
1297 746 1471 801 etiam
1504 745 1672 801 aliter
1719 760 1787 800 ex
1825 761 1891 800 eo
1940 744 2093 815 quod
2126 745 2179 811 Α,

448 837 540 889 est
572 834 631 888 in
661 838 783 890 toto
812 838 868 889 et
901 836 1095 889 nonin
1127 840 1247 891 toto
1268 835 1518 890 duarum
1553 835 1913 905 reliquarum
1939 834 2088 890 351

445 922 771 995 ﬁgurarum
802 924 873 977 ad
906 924 1158 994 primam
1189 923 1690 979 reductio.Eodem
1723 924 1892 978 modo
1920 922 2095 977 etiam

445 1026 515 1065 ex
542 1027 609 1067 eo
639 1012 795 1082 quod
841 1016 931 1066 est
960 1012 1031 1067 de
1062 1014 1223 1068 omni
1252 1017 1309 1067 et
1333 1014 1403 1067 de
1435 1011 1617 1078 nullo,
1653 1011 1771 1067 sive
1803 1028 1904 1083 per
1953 1028 2093 1066 con-

441 1099 770 1155 versionem
818 1100 940 1156 sive
988 1117 1091 1172 per
1140 1102 1549 1157 deductionem
1598 1100 1669 1156 ad
1728 1099 2097 1173 impossibile

445 1188 707 1244 reductio
737 1189 1027 1259 ejusmodi
1060 1189 1367 1245 efﬁciatur.

516 1294 606 1349 24.
638 1293 923 1351 Caterum
953 1297 1234 1366 quoniam
1285 1295 1674 1377 philosophia,
1709 1297 2092 1368 quemadmo-

448 1383 591 1438 dum
622 1400 773 1456 seape
818 1383 1042 1439 dictum
1073 1388 1180 1454 est,
1210 1384 1561 1441 universalia
1600 1386 1807 1457 quaerit
1835 1392 1893 1441 et
1939 1385 2093 1441 circa

448 1489 518 1529 ea
547 1476 865 1545 occupatur
909 1476 965 1528 et
993 1474 1203 1529 tertius
1251 1478 1616 1547 quartusque
1649 1475 1862 1530 modus
1893 1474 2092 1547 primae

446 1561 647 1634 ﬁgures
678 1560 1053 1633 particularia
1081 1562 1448 1635 colligunt,et
1479 1563 1589 1636 ipsi
1625 1564 1695 1618 ad
1727 1564 1959 1619 eosdem
1994 1564 2094 1636 qui

448 1648 855 1707 universaliter
902 1650 960 1705 in
992 1652 1196 1707 eadem
1229 1652 1420 1723 prima
1450 1653 1639 1725 ﬁgura
1686 1652 1987 1725 colligunt,
2021 1654 2091 1709 ad

445 1739 703 1810 primum
735 1738 978 1811 inquam
1010 1744 1066 1794 et
1087 1742 1410 1795 secundum
1447 1741 1686 1797 modum
1711 1742 2093 1807 reducuntur,

444 1843 577 1882 cum
610 1828 775 1900 prius
805 1828 1137 1884 ostensione
1168 1846 1270 1900 per
1300 1829 1665 1901 impossibile
1698 1831 1770 1885 ad
1804 1830 2096 1886 universa-

442 1916 578 1972 liter
606 1915 946 1989 colligentes
968 1917 1027 1971 in
1051 1918 1309 1973 secunda
1340 1919 1528 1990 figura
1557 1923 1613 1973 et
1633 1920 1840 1974 exinde
1872 1936 1974 1991 per
1994 1936 2092 1976 eos

442 2005 514 2060 ad
563 2003 923 2061 universales
970 2006 1174 2078 primae
1221 2007 1421 2079 ﬁgurae
1476 2006 1850 2081 syllogismos
1918 2009 2091 2064 redu-

442 2098 675 2149 cuntur.

513 2201 604 2256 25.
637 2200 811 2257 Velut
837 2201 1045 2258 tertius
1078 2203 1291 2260 modus
1320 2202 1524 2277 primae
1556 2204 1755 2277 ﬁgurae
1792 2223 1804 2261 :
1838 2205 2090 2277 Aliquod

444 2289 685 2347 animal:
718 2289 894 2347 homo
922 2309 936 2361 ;
968 2293 1162 2349 omnis
1191 2292 1388 2365 homo,
1418 2294 1639 2350 risibile
1666 2312 1679 2363 ;
1712 2293 1949 2366 aliquod
1975 2294 2097 2351 ani-

446 2378 586 2451 mal,
619 2379 843 2437 risibile
874 2398 887 2437 :
921 2381 973 2436 si
1003 2398 1118 2438 non
1151 2387 1241 2439 est
1285 2382 1521 2455 aliquod
1557 2383 1798 2451 animal,
1829 2384 2093 2453 risibile;

445 2467 674 2525 nullum
706 2469 1175 2538 animal,risibile
1202 2472 1439 2528 erit.Est
1466 2478 1660 2529 autem
1693 2473 1870 2529 etiam
1901 2474 2095 2530 omnis

445 2557 644 2626 homo,
678 2557 920 2625 risibile,
950 2564 1008 2615 et
1047 2558 1343 2632 colligitur
1384 2562 1555 2632 juxta
1585 2563 1912 2618 secundum
1968 2579 2090 2618 mo-

442 2646 586 2701 dum
616 2647 886 2703 secundse
916 2648 1115 2720 ﬁgurae
1148 2666 1162 2704 :
1197 2648 1430 2705 nullum
1461 2649 1700 2719 animal,
1734 2650 2091 2724 homo.Sup-

442 2736 771 2808 ponebatur
799 2741 994 2792 autem
1024 2737 1202 2793 etiam
1233 2737 1469 2809 aliquod
1502 2738 1721 2795 animal
1752 2740 1949 2796 homo.

515 2843 606 2898 26.
669 2843 923 2908 Quartus
984 2844 1196 2900 modus
1251 2845 1456 2917 primae
1531 2847 1729 2919 ﬁgurae
1792 2864 1805 2903 :
1866 2847 2094 2919 Aliquis

445 2931 710 3004 Ethiops
739 2933 1162 3005 grammaticus
1194 2952 1207 2989 :
1242 2933 1442 2989 nullus
1472 2936 1896 3007 grammaticus
1937 2937 2093 2994 858

449 3020 741 3078 solmcista
772 3038 785 3076 :
822 3039 938 3078 non
985 3022 1179 3078 omnis
1207 3022 1475 3095 JEthiops
1524 3024 1839 3081 solmcista.
1868 3026 1925 3079 Si
1977 3042 2094 3081 non

448 3116 539 3168 est
566 3111 696 3182 ‘hoc
723 3111 993 3182 (verum),
1024 3111 1220 3168 omnis
1264 3112 1531 3185 Ethiops
1577 3113 1731 3186 (erit)
1780 3116 2091 3172 soloecista.

442 3200 616 3272 Atqui
663 3200 841 3257 etiam
898 3200 1099 3257 nullus
1157 3201 1577 3274 grammaticus
1634 3208 1724 3259 est
1778 3203 2092 3263 solaecista.

443 3290 751 3363 Colligitur
806 3306 942 3363 ergo
999 3291 1059 3345 in
1116 3290 1304 3362 primo
1337 3292 1509 3347 modo
1567 3293 1835 3348 secundae
1868 3293 2090 3362 ﬁfiuraa,

440 3378 652 3435 Nullus
670 3379 1868 3453 Ethiops,grammaticus.Supponebatur
1894 3391 2090 3441 autem

439 3468 616 3525 etiam
649 3466 864 3540 aliquis
894 3468 1180 3540 (Ethiops
1211 3468 1543 3541 soloecista).

507 3575 600 3630 27.
658 3574 944 3639 Quoniam
994 3575 1174 3647 igitur
1216 3576 1427 3632 tertius
1476 3581 1534 3632 et
1580 3583 1825 3649 quartus
1874 3581 2087 3636 modus

435 3663 642 3736 prima;
666 3665 866 3736 ﬁgurae
897 3665 969 3720 ad
993 3665 1263 3720 secundae
1287 3666 1487 3739 ﬁgurae
1520 3667 1879 3723 universales
1911 3668 2085 3741 syllo-

435 3751 659 3825 gismos
691 3753 1064 3809 referuntur:
1096 3752 1158 3808 hi
1188 3759 1384 3811 autem
1417 3755 1627 3810 iterum
1661 3758 1731 3810 ad
1764 3774 1862 3811 eos
1898 3757 1999 3829 qui
2030 3758 2089 3812 in

436 3841 629 3914 prima
646 3843 833 3914 ﬁgura
851 3841 1255 3898 universaliter
1271 3842 2087 3915 colligunt,quemadmodum

435 3935 571 3987 ante
626 3931 1015 4000 ostendimus,
1049 3932 1445 4002 reducuntur;
1506 3933 1649 3989 satis
1707 3934 2088 3991 manifestum

435 4025 543 4090 est,
577 4021 733 4092 quod
783 4021 957 4076 etiam
1007 4021 1216 4078 tertius
1265 4022 1477 4078 modus
1526 4023 1727 4094 primae
1778 4024 1977 4096 ﬁgura:
2031 4028 2088 4079 et

437 4114 684 4181 quartus
732 4109 803 4165 ad
845 4109 1252 4166 universaliter
1297 4110 1717 4168 concludentes
1766 4112 1825 4167 in
1881 4113 2085 4169 eadem

433 4198 628 4270 prima
682 4199 873 4271 ﬁgura
932 4199 1278 4255 referantur.
1319 4200 1466 4255 Nam
1523 4204 1581 4256 et
1634 4201 1744 4257 hoc
1803 4202 2085 4274 exemplis

433 4291 961 4343 commonstratum
1011 4293 1118 4344 est.
1154 4288 1339 4361 Igitur
1388 4289 1565 4345 etiam
1616 4290 1687 4345 ad
1738 4290 1995 4362 primum
2029 4297 2085 4348 et

430 4381 759 4432 secundum
810 4378 1050 4433 modum
1080 4377 1282 4449 primae
1331 4378 1531 4451 ﬁgurae
1565 4395 1770 4434 omnes
1820 4381 2084 4453 redigen—

428 4470 544 4534 tur,
578 4482 683 4522 nec
714 4465 836 4521 ulla
866 4467 1098 4538 uspiam
1131 4466 1506 4539 particularis
1536 4467 1835 4524 conclusio
1866 4486 2082 4527 secun-

427 4555 574 4611 dum
602 4554 756 4611 hanc
787 4554 1131 4611 methodum
1160 4555 1506 4612 invenietur.

2123 2118 2172 2182 B

2280 744 2384 818 κγ’.
2418 744 2646 798 Δυνατὸν
2680 740 2854 798 δὲκαὶ
2913 741 3100 806 ἄλλως
3132 744 3191 799 ἐκ
3217 749 3315 800 τοῦ
3357 744 3411 799 ἐν
3464 742 3582 818 ὅλῳ
3625 746 3707 800 καὶ
3749 746 3830 802 οὐκ

2205 830 2255 885 ἐν
2290 830 2408 905 ὅλῳ
2466 835 2791 904 ποιήσασθαι
2831 834 2929 902 τὴν
2986 833 3085 896 εἷς
3117 834 3180 889 τὸ
3220 838 3440 910 πρῶτον
3503 836 3687 910 σχῆμα
3733 840 3821 891 τῶν

2204 919 2414 976 λοιπῶν
2477 919 2572 976 δύο
2616 922 2916 998 σχημάτων
2971 922 3275 999 ἀναγωγήν.
3309 921 3585 985 Ὡσαύτως
3633 921 3727 997 (δὲ)
3751 926 3826 979 καὶ

2205 1010 2310 1063 ἀπὸ
2340 1013 2437 1064 τοῦ
2466 1010 2602 1064 κατά
2631 1011 2830 1072 παντὸς
2863 1011 2953 1065 καὶ
2985 1013 3101 1066 κατ’
3131 1008 3367 1073 οὐδενός·
3401 1009 3499 1066 κᾶν
3547 1032 3605 1067 τε
3647 1017 3713 1066 τι’
3755 1012 3827 1065 ἀν-

2201 1106 2495 1176 τιστροφῆς
2543 1101 2578 1167 ἡ
2637 1098 2863 1170 τοιαύτη
2913 1099 3166 1176 ἀναγωγὴ
3218 1099 3612 1178 ἐκπεραίνοιτο,
3643 1097 3733 1156 κᾶν
3780 1121 3829 1155 τε

2206 1183 2295 1241 διὰ
2322 1194 2422 1257 τῆς
2458 1188 2533 1250 εἷς
2567 1184 2771 1243 ἄτοπον
2806 1188 3129 1265 ἀπαγωγῆς.

2272 1290 2375 1351 κδ’.
2409 1291 2570 1349 Ἀλλ’
2600 1293 2713 1348 ἐπεὶ
2749 1292 3065 1373 φιλοσοφία,
3096 1295 3236 1350 καθά
3288 1292 3565 1357 πολλάκις
3624 1292 3826 1369 εἴρηται,

2201 1382 2269 1437 τὰ
2319 1380 2557 1437 καθόλου
2617 1388 2786 1455 ζητεῖ,
2828 1383 2917 1437 καὶ
2975 1384 3100 1460 περὶ
3158 1383 3292 1439 αὐτὰ
3349 1384 3701 1461 καταγίνεται·
3757 1404 3832 1456 με·

2206 1471 2328 1547 ρικά
2359 1469 2416 1526 δὲ
2447 1470 2759 1548 συνάγουσιν
2792 1471 2823 1528 ὅ
2862 1494 2921 1528 τε
2968 1472 3151 1548 τρίτος
3200 1473 3291 1528 καὶ
3347 1474 3376 1528 ὁ
3426 1474 3677 1549 τέταρτος
3722 1471 3827 1547 τρό-

2202 1581 2301 1622 πος
2329 1565 2426 1616 τοῦ
2456 1562 2677 1637 πρώτου
2709 1563 3020 1638 σχήματος,
3048 1562 3328 1639 ἀνάγονται
3387 1563 3480 1619 καὶ
3537 1561 3685 1618 αὐτοὶ
3726 1560 3831 1634 πρὶς

2200 1649 2328 1712 τοὺς
2356 1650 2407 1704 ἐν
2437 1655 2515 1722 τῷ
2546 1649 2691 1722 αὐτῷ
2746 1652 2949 1727 πρώτῳ
2996 1653 3245 1728 σχήματι
3294 1652 3356 1706 τὸ
3417 1650 3651 1716 καθόλου
3701 1647 3831 1704 συνά-

2199 1760 2413 1814 γοντας,
2446 1741 2536 1794 τὸν
2569 1744 2784 1815 πρῶτον
2843 1741 3045 1817 τρόπον
3091 1741 3236 1819 φημὶ
3291 1740 3384 1797 καὶ
3434 1741 3526 1796 τὸν
3586 1737 3828 1813 δεύτερον·

2201 1828 2463 1905 πρότερον
2494 1833 2563 1903 τῇ
2597 1827 2665 1883 δι’
2712 1827 2970 1884 ἀδυνάτου
3030 1827 3188 1901 δείξει
3248 1830 3387 1907 πρὸς
3444 1828 3573 1891 τοὺς
3626 1827 3675 1883 έν
3728 1824 3828 1881 δευ-

2198 1916 2340 1991 τέρῳ
2398 1920 2643 1993 σχήματι
2700 1918 2763 1973 τὸ
2819 1917 3055 1973 καθόλου
3114 1919 3441 1995 συνάγοντας
3500 1916 3826 1994 ἀναγόμενοι,

2198 2005 2287 2060 καὶ
2321 2003 2390 2060 δι’
2421 2006 2594 2061 αὐτῶν
2629 2003 2811 2061 ἔκτοτε
2858 2008 2996 2083 πρὸς
3042 2006 3170 2069 τοὺς
3215 2012 3314 2063 τοῦ
3363 2008 3587 2084 πρώτου
3636 2005 3832 2081 σχήμα-

2200 2114 2291 2157 τος
2321 2092 2558 2149 καθόλου
2591 2093 3022 2172 συλλογισμούς.

2277 2203 2370 2259 κε’.
2400 2204 2525 2257 Οἴον
2555 2204 2583 2257 ὁ
2624 2202 2804 2277 τρίτος
2859 2203 3060 2278 τρόπος
3119 2208 3218 2260 τοῦ
3272 2204 3499 2281 πρώτου
3551 2203 3828 2279 σχήματος

2204 2292 2265 2345 Ti
2321 2296 2457 2361 ζῶον
2512 2291 2813 2367 ἄνθρωπος’
2894 2300 2999 2355 πᾶς
3074 2288 3359 2369 ἅνθρωπος
3416 2290 3742 2369 γελαστικόν·
3787 2286 3829 2341 τὶ

2207 2385 2343 2449 ζῶον
2399 2382 2737 2457 γελαστικόν·
2794 2382 2840 2437 εἶ’
2896 2384 2971 2455 μὴ
3032 2380 3144 2438 ἔστι
3196 2405 3250 2439 τι
3313 2388 3450 2454 ζῶον
3517 2378 3828 2459 γελαστικόν

2204 2467 2356 2525 οὐδὲν
2389 2475 2523 2540 ζῶον
2558 2469 2702 2526 ἔσται
2751 2470 3092 2547 γελαστικόν.
3143 2474 3295 2528 ’Ἐστι
3359 2471 3419 2529 δὲ
3464 2472 3555 2529 καὶ
3609 2475 3707 2533 πᾶς
3760 2468 3831 2522 ἄνα

2202 2561 2421 2635 θρωπος
2468 2560 2806 2635 γελαστικὸν,
2863 2561 2953 2616 καὶ
3001 2563 3285 2637 συνάγεται
3334 2563 3476 2618 κατὰ
3507 2562 3618 2616 -τὸν
3676 2555 3829 2613 δεύτε-

2205 2669 2295 2725 ρον
2328 2648 2529 2725 τρόπον
2562 2654 2660 2705 τοῦ
2713 2648 2964 2726 δευτέρου
3013 2653 3324 2728 σχήματος,
3366 2649 3533 2707 Οὐδὲν
3586 2654 3713 2719 ζῶον
3761 2643 3830 2699 ἄν⁴

2204 2740 2446 2815 θρωπος.
2476 2739 2749 2795 Ὑπέκειτο
2781 2737 2838 2795 δὲ
2864 2740 2975 2812 καὶ,
3007 2741 3068 2795 Ti
3102 2746 3237 2810 ζῶον
3273 2739 3579 2819 ἅνθρωπος.

2273 2852 2373 2909 κς’.
2419 2846 2476 2899 Ὀ
2531 2847 2787 2923 τέταρτος
2844 2846 3046 2923 τρόπος
3115 2851 3208 2904 τεῦ
3264 2850 3492 2926 πρώτου
3548 2846 3827 2922 σχήματος·

2201 2935 2290 2997 Τὶς
2318 2934 2517 3009 Αἰθίοψ
2563 2936 2967 3012 γραμματικός
3021 2934 3199 2999 οὐδεὶς
3243 2935 3626 3014 γραμματικὸς
3670 2929 3829 2986 σολοι-

2202 3026 2415 3095 κιστής·
2449 3024 2511 3079 οὐ
2559 3031 2663 3086 πᾶς
2707 3025 2903 3099 Αἰθίοψ
2952 3024 3322 3097 σολοικιστής.
3387 3026 3450 3083 Et
3511 3026 3586 3099 μή
3666 3023 3826 3085 τοῦτθν

2202 3119 2307 3176 πᾶς
2335 3113 2533 3188 Αἰθίοψ
2563 3113 2933 3184 σολοικιστής
2969 3110 3076 3169 ἔσνι
3118 3112 3177 3171 δὲ
3218 3115 3310 3171 καὶ
3373 3112 3553 3177 οὐδεὶς
3604 3125 3827 3187 γραμμα-

2200 3205 2350 3265 τικὸς
2437 3200 2806 3274 σολοικιστής·
2884 3205 3168 3280 συνάγεται
3243 3204 3429 3261 τοίνυν
3490 3203 3541 3258 ἐν
3621 3196 3828 3271 δευτέρῳ

2199 3292 2388 3369 τρόπῳ
2416 3297 2512 3347 τοῦ
2544 3290 2793 3365 δευτέρου
2837 3295 3143 3369 σχήματος,
3179 3291 3370 3358 Οὐδεὶς
3418 3290 3621 3365 Αἰθίοψ
3672 3304 3824 3364 γραμ-

2205 3381 2449 3456 ματικός.
2484 3382 2755 3437 Ὑπέκειτο
2785 3380 2843 3437 δὲ
2870 3383 2960 3437 καὶ
2990 3382 3092 3446 τίς.
3182 3448 3185 3451 Α

2267 3583 2365 3647 κζ’.
2402 3576 2551 3632 Ἐπεί
2605 3578 2784 3633 τοίνυν
2817 3579 2845 3633 ὁ
2892 3578 3075 3655 τρίτος
3132 3578 3223 3634 καὶ
3267 3580 3295 3634 ὁ
3342 3580 3597 3647 τέταρτος
3650 3567 3826 3646 τρόπος

2194 3672 2295 3721 τοῦ
2326 3667 2550 3743 πρώτου
2576 3670 2865 3743 σχήματος
2896 3668 2972 3731 εἷς
3002 3668 3128 3731 τοὺς
3171 3673 3269 3723 τοῦ
3324 3665 3576 3744 δευτέρου
3628 3660 3829 3744 allii“:

2195 3777 2288 3818 τος
2371 3738 2722 3834 ἀναφέρονται
2807 3754 3045 3812 καθόλου
3104 3738 3532 3834 συλλογισμούς·
3592 3750 3732 3806 οὗτοι
3779 3738 3827 3795 δὲ

2194 3843 2361 3899 πάλιν
2417 3844 2705 3920 ἀνάγονται
2762 3847 2900 3921 πρὸς
2953 3845 3081 3909 τοὺς
3127 3845 3178 3901 έν
3211 3852 3289 3919 τῷ
3316 3848 3525 3924 πρώτῳ
3581 3839 3823 3915 σχήματιι

2194 3936 2257 3990 τὸ
2325 3933 2561 3989 καθόλου
2637 3936 2981 4011 συνάγοντας,
3039 3935 3279 4012 καθάπερ
3369 3926 3822 4013 προϋπεδείξαμεν·

2195 4020 2427 4095 εὔδηλον
2462 4023 2543 4079 ὅτι
2574 4024 2664 4079 καὶ
2697 4027 2725 4080 ὁ
2753 4026 2936 4101 τρίτος
2967 4025 3172 4101 τρόπος
3200 4030 3298 4081 τοῦ
3346 4025 3568 4103 πρώτου
3626 4015 3821 4103 σχήμα-

2192 4134 2310 4186 τος,
2369 4114 2457 4168 καὶ
2509 4114 2536 4168 ὁ
2577 4099 2833 4191 τέταρτος
2894 4115 2970 4177 εἷς
3004 4099 3155 4177 Ὕτοὺς
3206 4114 3257 4170 ἐν
3312 4099 3459 4186 αὐτῷ
3516 4113 3593 4182 τῷ
3644 4099 3821 4179 πρώτῳ

2194 4205 2440 4277 σχήματι
2492 4204 2553 4257 τὸ
2612 4203 2853 4268 καθόλου
2909 4203 3374 4282 συμπεραίνοντας
3431 4196 3819 4282 ἀναχθήσονται.

2293 4271 2500 4355 ’πάντες
2548 4290 2607 4348 δὲ
2650 4271 3013 4370 συλλογισμοὶ
3082 4271 3221 4371 πρὸς
3271 4294 3336 4349 τὸ
3385 4271 3599 4368 πρῶτ-δν
3650 4271 3817 4376 ᾇναφὲξ

2194 4400 2376 4454 ρονται
2436 4389 2630 4458 σχῆμα
2691 4383 2800 4456 (καὶ
2856 4387 3019 4438 τοῦτο
3091 4384 3193 4458 γὰρ
3280 4371 3688 4444 ὑποδέδεικται)·
3739 4371 3815 4468 κξιί

2186 4471 2321 4545 πρὸς
2350 4470 2444 4525 τὸν
2477 4476 2694 4547 πρῶτον
2750 4468 2853 4548 ἄρα
2907 4471 2998 4527 καὶ
3059 4469 3308 4548 δεύτερον
3335 4464 3536 4549 τρόπον
3566 4463 3811 4553 τοῦιπριίς-

2186 4580 2283 4613 του
2333 4561 2621 4635 σχήματος
2662 4554 3184 4632 ἀναϐιϐασθήσονται
3231 4561 3558 4635 σύμπαντες,
3605 4544 3689 4642 καὶ
3740 4556 3817 4642 ορ-

2190 4644 2276 4702 δῖεν
2329 4634 2675 4724 εὑρεθήσεταί
2705 4670 2812 4704 που
2845 4650 3211 4727 συμπέρασμα
3267 4634 3491 4727 μερικὸν
3537 4634 3665 4698 κατὰ
3703 4634 3811 4684 ’παιδ’

2191 4758 2289 4808 την
2321 4739 2420 4807 τὴν
2458 4735 2714 4811 μέθοδον.

1769 4996 1921 5054 359
1964 4998 2168 5056 Tabula
2193 4998 2393 5073 capitis
2421 4998 2509 5055 35.

480 5291 803 5363 Syllogismi
833 5300 965 5349 sunt
995 5293 1093 5348 alii
1174 5217 1200 5438 ἓ

1347 5379 1490 5433 opus
1524 5361 1754 5418 habent.

538 5486 738 5541 Cesare
868 5512 889 5541 χ
1457 5498 1479 5541 l
1558 5484 1823 5541 Celarent

484 5557 797 5613 Cameslres
873 5557 889 5615 ί
931 5558 1218 5615 reducilur
1246 5566 1430 5615 osten-

538 5498 738 5541 Lzesare
1558 5498 1716 5541 uelat

528 5562 797 5613 ameslres
868 5512 893 5755 ξ
931 5558 1218 5615 reducilur
1246 5498 1481 5755 θείου-ἕ
1556 5555 1716 5611 Celar

528 5627 751 5683 Festino
1067 5646 1185 5686 Sive
1213 5632 1280 5686 ad
1559 5627 1716 5683 Ferio

532 5696 740 5755 Baroco
1554 5699 1716 5755 Nullu

532 5696 740 5756 Baroco
869 5696 890 5755 Ι
1453 5696 1481 5755 \
1554 5699 1790 5758 Nullum

1558 5493 1823 5541 Celarent

1556 5555 1816 5611 Celarent
2013 5493 2037 5756 ξ
2072 5569 2170 5624 per
2198 5554 2555 5624 impossibile

1559 5627 1716 5683 Ferio
2274 5627 2342 5683 ad

1556 5699 1790 5756 Nullum
2593 5636 2619 5754 ί

1278 5219 1531 5289 perfecti,
1568 5224 1629 5274 ut
1658 5218 1752 5289 qui
1785 5224 1921 5272 sunt
1952 5216 2151 5286 primae
2190 5215 2409 5287 ﬁgurae,
2592 5288 2597 5289 ί
2716 5287 2723 5289 Α
3520 5278 3535 5289 _
3610 5267 3670 5289 Δ,

1275 5265 2439 5361 ἶῑῖιρξῖξέξιίῖξδῖ’ᾳῖιῖ“ἐυ”ῐίί“ὲῖοιῖιῗιῖέε”ἑι
2477 5288 2655 5345 tertia:
2697 5287 2889 5361 ﬁgurae
2942 5291 3038 5361 qui
3086 5290 3417 5347 reductiona
3469 5278 3539 5338 ad
3592 5265 3804 5344 Ρτίωδω

2690 5484 2849 5540 Ferio
3042 5501 3076 5542 o
3105 5492 3158 5542 et
3189 5502 3223 5541 a

2690 5502 2849 5567 1‘6le
3042 5502 3076 5567 ο
3105 5502 3158 5542 οι
3189 5502 3223 5541 a

2689 5560 2942 5683 332:...”
3039 5502 3306 5772 .1213}

2689 5698 2927 5758 Barbara
3040 5717 3073 5756 a
3102 5709 3157 5757 et
3185 5716 3219 5757 ο

2274 5620 2342 5683 ad

2685 5626 2942 5683 Cclareut
3039 5646 3072 5683 a
3114 5630 3220 5685 eti

2685 5698 2927 5758 Barbara
3040 5717 3073 5756 a
3102 5709 3157 5757 et
3185 5716 3219 5757 ο
