4094 6436
438 383 554 443 975

1693 377 2115 439 NIGEPHORI
2157 377 2598 440 BLEMMIDE

3700 379 3800 445 916

436 518 622 571 eatur.
655 513 758 570 Hic
799 513 956 570 enim
987 512 1372 584 disseparatio
1421 515 1480 568 et
1525 510 1841 584 disjunctio
1890 511 2080 567 consi-

2212 509 2440 565 ιαλεῖται
2494 508 2888 586 διεζευγμένον.
2936 513 3227 586 Θεωρεῖται
3285 509 3390 586 γὰρ
3431 510 3662 576 ἐνταυθοῖ
3703 509 3803 567 δια-

437 604 700 660 deratur.

508 693 562 747 4.
596 691 828 747 Primus
857 690 1094 763 quidem
1127 691 1307 762 igitur
1337 691 1548 745 modus
1578 688 2081 762 hypotheticorum

439 780 763 838 secundum
795 779 1241 836 continuitatem
1272 784 1360 835 est
1388 779 1489 850 qui
1521 779 1811 850 positione
1851 784 2082 834 antece-

439 869 630 926 dentis
661 868 837 926 simul
870 869 1044 924 infert
1072 884 1439 940 consequens
1466 885 1479 924 :
1510 866 1711 934 veluti,
1742 867 1802 923 Si
1834 885 1945 922 nox
1973 871 2080 933 est,

439 959 527 1016 sol
557 959 712 1014 infra
737 962 956 1014 terram
987 962 1092 1014 est.
1107 957 1283 1028 Atqui
1315 974 1430 1012 non
1457 960 1584 1022 est;
1619 955 1704 1011 sol
1735 955 2084 1028 igiturinfra

438 1052 656 1104 terram
687 1051 794 1103 est.

508 1135 562 1192 5.
595 1135 902 1192 Secundus
933 1135 1143 1191 modus
1165 1136 1334 1207 juxta
1353 1133 1795 1190 continuitatem
1824 1131 2084 1205 syllogis-

440 1242 672 1281 morum
705 1223 1207 1298 hypotheticorum
1237 1227 1346 1293 est,
1379 1223 1479 1294 qui
1509 1237 1580 1277 ex
1608 1222 1930 1278 remotione
1953 1237 2086 1277 con-

438 1313 741 1387 sequentis
769 1311 948 1370 simul
979 1315 1233 1368 removet
1259 1313 1610 1368 antecedens
1644 1328 1657 1366 :
1690 1311 1941 1380 velut,Si
1974 1309 2085 1366 hoc

438 1403 615 1460 homo
645 1406 754 1474 est,
785 1407 843 1458 et
871 1401 1088 1458 animal
1115 1401 1405 1472 est.Atqui
1436 1417 1552 1456 non
1581 1404 1670 1455 est
1699 1399 1917 1455 animal
1945 1415 2082 1467 ;ne-

440 1507 554 1564 que
581 1490 763 1563 igitur
789 1490 964 1545 homo
993 1493 1103 1545 est.
1126 1490 1189 1544 In
1219 1489 1330 1544 hoc
1362 1493 1557 1544 autem
1589 1487 1762 1544 modo
1793 1493 1953 1543 totus
1981 1503 2085 1560 per

438 1579 638 1637 omnia
665 1579 965 1635 character
991 1581 1254 1634 servatur
1279 1576 1678 1634 conversionis
1707 1593 1810 1648 per
1853 1581 2083 1632 contra-

439 1668 809 1742 positionem.

505 1758 560 1813 6.
595 1756 768 1812 Porro
798 1755 1257 1812 existimandum
1289 1771 1405 1810 non
1434 1758 1544 1822 est,
1578 1755 1638 1810 in
1671 1753 1896 1810 utrovis
1929 1754 2082 1809 368

2192 597 2481 675 χωρισμὸς
2509 599 2599 654 καὶ
2623 596 2905 671 διάζευξις.

2264 683 2326 743 δ’.
2389 693 2611 764 Πρῶτος
2680 689 2774 760 μὲν
2829 685 2920 742 οὗν
2976 687 3180 764 τρόπος
3256 691 3366 743 τῶν
3422 689 3728 744 ὑποθετικῶν
3777 692 3801 745 6

2191 777 2326 831 κατά
2382 778 2660 852 συνέχειαν
2693 823 2707 848 ,
2760 781 2828 851 τῇ
2886 777 3026 832 θέσει
3080 783 3178 832 τοῦ
3235 776 3541 852 ἡγουμένου
3597 779 3804 832 συνεισά-

2191 888 2298 940 γων
2331 868 2393 920 τὸ
2424 865 2708 939 ἑπόμενονο
2751 867 2884 936 οἷον,
2935 867 2995 921 El
3041 864 3149 921 ἔστι
3198 866 3306 937 νὺξ,
3341 867 3369 921 ὁ
3398 865 3558 935 ἥλιος
3584 866 3695 932 ὑπὸ
3719 873 3804 943 γῆν

2194 953 2356 1012 ἐστιν.
2418 953 2595 1011 Ἀλλά
2651 956 2758 1028 μὴν
2818 951 2927 1010 ἔστι
2985 954 3095 1026 νύξ·
3130 957 3158 1010 6
3207 954 3369 1024 ἥλιος
3425 952 3524 1032 ἄρα
3572 955 3668 1010 ὑπὸ
3716 961 3801 1030 γῆν

2195 1041 2354 1097 ἐστιν.

2265 1133 2320 1185 ε”
2377 1130 2633 1207 Δεύτερος
2680 1131 2883 1209 τρόπος
2934 1133 2962 1186 6
3019 1133 3156 1186 κο.τά
3207 1133 3507 1208 συνέχειαν,
3564 1135 3630 1205 τῇ
3673 1130 3806 1184 ἀναι-

2195 1221 2336 1294 ρέσει
2381 1225 2480 1275 τοῦ
2527 1220 2796 1294 ἑπομένου
2836 1225 3164 1298 συναναιρῶν
3209 1221 3272 1276 τὸ
3319 1219 3634 1296 ἡγούμενον⁸
3689 1220 3806 1291 οἷον,

2193 1309 2256 1364 Εἰ
2286 1307 2409 1364 τόδε
2457 1309 2738 1384 ἄνθρωπός
2787 1309 2919 1380 ἐστι,
2970 1310 3061 1365 καὶ
3113 1309 3247 1378 ζῶόν
3301 1309 3461 1365 ἐστιν.
3511 1305 3680 1365 Ἀλλὰ
3715 1308 3805 1380 μὴν

2196 1401 2329 1467 ζῶον
2363 1397 2463 1453 οὐκ
2510 1395 2672 1453 ἔστιν·
2724 1395 2850 1453 οὐδὲ
2878 1399 3161 1474 ἄνθρωπος
3202 1395 3324 1473 ἄρα.
3359 1400 3443 1453 Ἐν
3471 1395 3643 1470 τούτῳ
3670 1392 3722 1451 δὲ
3743 1398 3809 1467 τῷ

2190 1487 2380 1562 τρόπῳ
2410 1487 2634 1556 σώζεται
2668 1485 2883 1561 σύμπας
2914 1489 2943 1543 6
2972 1488 3256 1565 χαρακτὴρ
3298 1490 3397 1557 τῆς
3446 1486 3535 1542 σὺν
3580 1485 3808 1541 ἀντιθέσει

2193 1575 2571 1654 ἀντιστροφῆς.

2265 1756 2329 1818 ς’.
2362 1753 2435 1808 Οὐ
2479 1751 2562 1808 δεῖ
2609 1751 2666 1809 δὲ
2713 1753 2954 1828 νομίζειν
2997 1753 3050 1809 ἐν
3091 1755 3434 1829 ὁποτερῳοῦν
3479 1752 3675 1808 τούτων
3719 1752 3810 1804 τῶν

438 1845 650 1903 horum
682 1846 934 1901 duorum
964 1845 1275 1901 modorum
1309 1859 1545 1900 necesse
1575 1859 1703 1899 esse
1735 1843 2085 1899 affirmative

2212 1842 2290 1898 ἲύο
2359 1843 2575 1918 τρόπων
2644 1843 2933 1919 ἀναγκαῖον
2994 1843 3126 1898 εἶναι
3182 1846 3557 1921 καταφατικῶς
3614 1840 3813 1896 πάντοτε

2212 1931 2222 1946 ι
2323 1926 2353 1946 ο
2374 1932 2383 1946 ι
2588 1933 2602 1946 \
2666 1934 2681 1946 ι
2776 1932 2789 1946 1
2912 1931 2924 1946 Ι
3174 1932 3188 1946 ι
3271 1932 3285 1946 \
3343 1933 3357 1946 ο
3427 1931 3438 1946 Ι
3657 1930 3706 1946 11η
3744 1924 3783 1946 δι

439 1950 673 2007 semper
707 1934 968 2006 accipere
1015 1934 1364 1988 antecedens
1413 1938 1471 1988 et
1521 1948 1910 2005 consequens.
1941 1933 2087 1988 Con-

439 2023 613 2097 tingit
657 2023 816 2079 enim
873 2021 1051 2078 etiam
1100 2030 1351 2093 utraque
1396 2021 1741 2078 afﬁrmative
1807 2021 2090 2094 accipere,

438 2112 939 2185 quemadmodum
969 2111 1029 2165 in
1058 2110 1231 2166 modo
1262 2109 1434 2166 dictis
1462 2109 1768 2182 exemplis.
1805 2110 1954 2166 Fieri
1986 2127 2092 2165 au-

435 2206 554 2258 tem
584 2205 777 2274 potest
803 2199 980 2256 etiam
1011 2203 1076 2254 ut
1102 2199 1190 2254 vel
1222 2203 1470 2271 utraque
1499 2199 1619 2255 sint
1649 2200 1918 2272 negativa
1943 2217 1956 2268 ;
1990 2204 2092 2254 aut

437 2291 788 2346 antecedens
837 2288 1074 2361 quidem
1104 2287 1542 2357 afﬁrmativum,
1575 2304 1941 2360 consequens
1987 2306 2088 2343 au-

436 2385 556 2437 tem
587 2380 946 2452 negativum,
976 2382 1078 2435 aut
1105 2381 1328 2433 contra.

506 2469 563 2524 7.
599 2468 680 2524 Ex
728 2466 993 2538 utrisque
1041 2466 1325 2539 negativis
1366 2467 1526 2538 prior
1574 2467 1785 2522 modus
1821 2484 1833 2521 :
1865 2467 1922 2521 Si
1974 2483 2090 2521 non

439 2563 530 2614 est
566 2557 675 2613 hoc
726 2555 966 2626 animal,
1000 2572 1189 2627 neque
1236 2556 1410 2611 homo
1459 2559 1567 2611 est.
1604 2556 1784 2628 Atqui
1835 2573 1950 2610 non
2001 2559 2094 2611 est

440 2645 679 2701 animal.
700 2645 900 2717 Neque
931 2643 1110 2716 igitur
1138 2645 1312 2699 homo
1343 2646 1814 2700 est.Antecedens
1845 2644 2086 2715 quidem

437 2735 621 2807 igitur
675 2738 764 2790 est
837 2733 899 2788 in
957 2733 1066 2788 hoc
1141 2732 1545 2800 conditionali,
1606 2750 1723 2788 non
1783 2746 1912 2789 esse
1983 2734 2090 2788 hoc

441 2822 660 2880 animal
681 2838 1077 2894 :consequens
1109 2822 1440 2888 autem,hoc
1470 2839 1587 2877 non
1618 2839 1748 2878 esse
1766 2822 2088 2878 hominem.

442 2911 738 2969 Positione
765 2912 946 2984 igitur
989 2912 1167 2982 hujus
1197 2911 1353 2983 quod
1386 2927 1502 2966 non
1533 2911 1610 2966 sit
1639 2909 1879 2982 animal,
1913 2910 2090 2966 simul

442 3001 775 3068 inferimus,
822 3018 939 3056 non
989 3016 1117 3055 esse
1162 2999 1484 3055 hominem.
1546 2999 1834 3055 Posterior
1880 3001 2091 3056 modus

443 3108 512 3148 ex
539 3091 770 3147 duobus
799 3089 1084 3162 negativis
1107 3105 1120 3144 :
1145 3087 1206 3144 Si
1236 3105 1352 3144 non
1383 3093 1473 3144 est
1500 3088 1609 3144 hoc
1640 3088 1881 3158 animal,
1903 3105 2091 3161 neque

443 3179 620 3236 homo
650 3183 760 3234 est.
785 3178 962 3250 Atqui
993 3177 1168 3233 homo
1199 3181 1325 3245 est;
1355 3193 1491 3249 ergo
1523 3177 1700 3233 etiam
1732 3177 1948 3232 animal
1977 3183 2085 3232 est.

2202 1926 2498 2004 λαμϐάνειν
2548 1933 2610 1986 τὸ
2657 1931 2956 2008 ἡγούμενόν
2998 1953 3057 1986 τε
3101 1932 3191 1987 καὶ
3231 1932 3295 1986 τὸ
3343 1931 3626 2006 ἑπόμενον.
3657 1924 3812 1982 Ἐνδὲ-

2201 2039 2356 2095 χεται
2421 2021 2514 2094 μὲν
2572 2021 2672 2097 γὰρ
2721 2020 2810 2075 καὶ
2878 2018 3042 2099 ἄμφω
3088 2024 3467 2099 καταφατικῶς
3523 2013 3811 2092 λαμϐάνειν,

2202 2110 2276 2172 ὡς
2351 2109 2437 2164 ἐπὶ
2512 2115 2618 2165 τῶν
2676 2115 2963 2186 προσεχῶς
3023 2109 3322 2185 εἰρημένων
3386 2105 3811 2184 ὑποδειγμάτων.

2202 2197 2432 2254 Δυνατόν
2476 2196 2534 2254 δὲ
2577 2200 2668 2254 καὶ
2719 2197 2884 2276 ἄμφω
2930 2219 2989 2273 γε
3035 2199 3364 2278 ἀποφατικὰ,
3393 2197 3430 2270 ἥ
3459 2199 3522 2254 τὸ
3550 2197 3640 2271 μὲν
3665 2191 3814 2269 ἡγού-

2205 2305 2363 2358 μενον
2390 2286 2770 2362 καταφατικὸν,
2801 2286 2864 2340 τὸ
2913 2283 2960 2340 δ’
3006 2280 3270 2360 ἑπόμενον
3315 2283 3664 2366 ἀποφατικὸν,
3698 2279 3732 2351 ἤ
3757 2279 3810 2334 τὸ

2201 2373 2489 2432 ἀνάπαλιν.

2277 2465 2337 2532 ζ’.
2370 2463 2492 2518 Οἴον
2541 2462 2600 2519 ἐκ
2642 2461 2737 2519 δύο
2784 2463 3132 2542 ἀποφατικῶν
3165 2465 3193 2519 6
3238 2468 3460 2541 πρῶτος
3507 2460 3724 2540 τρόπος·
3765 2455 3817 2512 Εἰ

2205 2555 2280 2627 μὴ
2313 2549 2424 2608 ἔστι
2455 2550 2580 2608 τόδε
2611 2558 2771 2622 ζῶον,
2819 2550 2944 2608 οὐδὲ
2993 2552 3278 2630 ἄνθρωπός
3327 2553 3494 2610 ἐστίν.
3534 2549 3698 2609 Ἀκλὰ
3726 2546 3815 2620 μὴν

2202 2643 2300 2698 οὐκ
2327 2639 2438 2697 ἔστι
2480 2647 2638 2711 ζῶον.
2691 2639 2828 2696 Οὐδὲ
2876 2639 3160 2716 ἅνθρωπος
3206 2643 3310 2718 ἄρα
3363 2642 3526 2699 ἐστίν.
3577 2636 3817 2714 ⁸Ηγοὺμε-

2183 2752 2290 2814 ,νον
2353 2731 2446 2804 μὲν
2499 2731 2599 2806 γὰρ
2655 2729 2707 2785 έν
2764 2730 2942 2803 τούτῳ
3003 2735 3083 2803 τῷ
3140 2732 3446 2804 ὑποθετικῷ
3499 2730 3562 2786 τὸ
3603 2728 3674 2802 μὴ
3704 2723 3818 2814 εἶναι

2197 2817 2323 2875 τόδε
2368 2824 2523 2889 ζῶονσ
2570 2820 2832 2893 ἑπόμενον
2885 2817 2944 2874 δὲ
2991 2820 3053 2874 τὸ
3106 2821 3181 2893 μὴ
3239 2819 3377 2875 εἶναι
3423 2818 3711 2895 ἄνθρωπον.
3754 2813 3816 2884 Τῇ

2201 2911 2340 2974 θέσει
2399 2913 2526 2985 γοῦν
2580 2913 2677 2964 τοῦ
2735 2911 2809 2983 μὴ
2860 2908 2995 2963 εἶναι
3052 2913 3187 2978 ζῶον
3243 2909 3619 2985 συνεισάγομεν
3665 2899 3816 2974 τὸμὴ

2202 2999 2334 3054 εἶναι
2367 2996 2668 3072 ἄνθρωπον.
2722 2999 2778 3052 Ὁ
2810 2995 3056 3074 δεύτερος
3104 2997 3306 3074 τρόπος
3347 2997 3409 3054 ἐκ
3435 3001 3542 3053 τῶν
3583 2992 3673 3050 δύο
3701 2991 3818 3046 ἀπο-

2200 3110 2438 3166 φατικων
2474 3106 2486 3118 ·
2547 3087 2610 3141 Εἴ
2661 3088 2737 3160 μὴ
2787 3085 2897 3142 ἔστι
2955 3084 3080 3141 τόδε
3139 3091 3275 3156 ζῶον
3305 3133 3320 3160 ,
3385 3084 3510 3142 οὐδὲ
3561 3077 3816 3158 ἄνθρωπός

2201 3175 2362 3231 ἐστιν.
2426 3173 2602 3230 Ἀλλά
2661 3175 2767 3248 μὴν
2827 3173 3110 3250 ἄνθρωπός
3164 3173 3274 3230 ἐστι
3311 3195 3324 3208 ο
3388 3174 3478 3230 καὶ
3556 3177 3684 3242 ζῶον
3737 3168 3823 3243 ἄρα

441 3269 810 3324 Antecedens
855 3260 1094 3338 quidem
1125 3267 1184 3321 in
1217 3266 1323 3320 hoc
1353 3271 1462 3334 est,
1495 3283 1611 3322 non
1661 3283 1789 3322 esse
1817 3265 2037 3322 animal
2071 3283 2084 3322 :

2212 3265 2358 3321 ἐστίν.
2413 3264 2743 3340 Ἡγούμενον
2797 3264 2892 3337 μὲν
2952 3265 3005 3318 έν
3048 3264 3228 3337 τούτῳ
3280 3265 3346 3319 τὸ
3401 3265 3478 3338 μὴ
3524 3262 3651 3316 εἶναι
3684 3262 3818 3328 ζῶον³

444 3372 807 3428 consequens
834 3359 1029 3410 autem
1061 3354 1191 3422 hoc,
1224 3371 1340 3409 non
1373 3370 1501 3410 esse
1534 3355 1853 3411 hominem.
1891 3356 2091 3411 Remo-

442 3446 602 3502 tione
630 3445 808 3518 igitur
837 3444 1160 3515 hujus,non
1191 3460 1320 3499 esse
1349 3443 1668 3511 hominem,
1703 3443 1881 3499 simul
1913 3445 2086 3500 etiam

445 3539 777 3590 removetur
821 3549 938 3588 non
967 3549 1096 3588 esse
1142 3531 1380 3588 animal.
1413 3533 1569 3589 364
1615 3534 1790 3604 Atqui
1845 3550 1981 3589 cum
2029 3531 2092 3586 τὸ

447 3640 564 3680 non
591 3639 717 3679 esse
747 3625 1098 3690 removetur,
1126 3619 1188 3674 τὸ
1219 3637 1348 3678 esse
1380 3622 1636 3693 ponitur.

515 3731 571 3786 8.
631 3730 710 3785 Ex
763 3729 1138 3785 antecedente
1185 3729 1532 3784 affirmativo
1589 3734 1648 3784 et
1703 3733 2094 3800 consequente

446 3820 713 3892 negativo
743 3817 903 3890 prior
932 3817 1142 3874 modus
1162 3817 1263 3887 hic
1294 3822 1383 3873 est
1415 3834 1428 3872 :
1464 3818 1521 3873 Si
1553 3818 1678 3874 dies
1707 3823 1948 3883 est,nox
1979 3835 2093 3874 non

446 3913 554 3966 est.
585 3906 759 3978 Atqui
807 3906 933 3962 dies
964 3910 1089 3974 est;
1122 3923 1235 3960 nox
1285 3907 1466 3978 igitur
1497 3923 1614 3962 non
1662 3913 1768 3962 est.
1807 3908 2096 3963 Posterior

446 3997 658 4054 modus
691 4013 705 4051 :
741 3995 800 4051 Si
851 4011 1036 4051 unum
1066 3999 1222 4050 esset
1269 3995 1465 4067 homo,
1497 4013 1802 4068 nunquam
1853 3996 2091 4053 doleret.

446 4085 624 4159 Atqui
652 4086 844 4153 dolet;
879 4101 994 4140 non
1025 4084 1208 4157 igitur
1235 4090 1326 4140 est
1353 4103 1557 4141 unum.

516 4177 572 4232 9.
606 4176 688 4231 Ex
715 4175 1093 4231 antecedente
1120 4175 1386 4246 negativo
1417 4180 1474 4230 et
1502 4179 1892 4248 consequente
1935 4176 2094 4231 affir-

448 4265 665 4321 mativo
695 4266 855 4337 prior
884 4263 1094 4319 modus
1125 4263 1257 4319 hic:
1290 4264 1348 4318 Si
1381 4264 1505 4319 dies
1536 4281 1652 4319 non
1684 4269 1794 4332 est,
1826 4265 1912 4320 sol
1943 4265 2097 4320 infra

446 4361 664 4410 terram
715 4358 822 4411 est.
851 4353 960 4408 Sed
993 4353 1117 4408 dies
1147 4369 1264 4407 non
1313 4358 1439 4421 est;
1471 4353 1560 4408 sol
1591 4353 1770 4425 igitur
1800 4354 1952 4409 infra
1979 4358 2094 4410 ter-

447 4460 574 4500 ram
621 4447 730 4499 est.
782 4442 1072 4498 Posterior
1125 4441 1335 4497 modus
1394 4443 1499 4498 :Si
1547 4460 1663 4499 non
1718 4449 1872 4499 esset
1919 4443 2094 4500 homo

446 4532 828 4604 compositus,
845 4530 1095 4602 simplex
1117 4536 1175 4586 et
1196 4531 1487 4587 uniforme
1509 4536 1665 4588 esset
1685 4533 1838 4604 quod
1862 4537 2096 4588 sanaret

2202 3354 2465 3428 ἑπόμενον
2498 3351 2556 3409 δὲ
2583 3354 2645 3408 τὸ
2679 3355 2755 3425 μὴ
2799 3353 2929 3408 εἶναι
2979 3351 3281 3429 ἄνθρωπον.
3331 3358 3412 3427 Τῇ
3462 3356 3594 3428 γοῦν
3641 3343 3823 3422 ἀναιρέ-

2203 3465 2280 3498 σει
2309 3447 2406 3498 τοῦ
2443 3445 2517 3516 μὴ
2553 3443 2687 3498 εἶναι
2726 3440 3008 3519 ἄνθρωπον
3057 3442 3354 3519 ἀναιρεῖται
3403 3442 3493 3498 καὶ
3538 3441 3599 3495 τὸ
3647 3437 3719 3511 μὴ
3763 3432 3824 3488 εἷ-

2201 3555 2287 3587 ναι
2323 3538 2479 3602 ζῶον·
2513 3531 2905 3606 ἀναιρουμένου
2964 3529 3022 3586 δὲ
3075 3536 3172 3586 τοῦ
3234 3533 3309 3606 μὴ
3369 3532 3504 3586 εἶναι
3547 3528 3736 3584 τίθεται
3776 3520 3828 3575 τὸ

2205 3623 2358 3677 εἶναι.

2274 3729 2325 3798 η’
2358 3750 2371 3762 ο
2433 3728 2517 3797 Ἐξ
2585 3728 2897 3802 ἡγουμένου
2972 3729 3339 3806 καταφατικοῦ
3416 3727 3511 3783 καὶ
3587 3718 3826 3806 ἑπομένῳ

2206 3819 2541 3895 ἀποφατικοῦ
2587 3821 2810 3892 πρῶτοσ
2854 3816 3058 3890 τρόπος
3115 3803 3308 3878 οὗτος·
3369 3817 3437 3871 El
3493 3815 3669 3888 ἡμέρα
3713 3803 3824 3895 ἐστὶ,

2203 3905 2293 3976 νὺξ
2327 3894 2426 3961 οὐκ
2472 3903 2634 3962 ἔστιν.
2685 3904 2861 3961 Ἀλλά
2911 3907 3017 3978 μὴν
3062 3905 3263 3983 ἡμέρα’
3295 3905 3428 3961 ἐστί·
3479 3903 3570 3975 νὺξ
3609 3899 3706 3977 ἄρα
3747 3894 3829 3983 οὐκ

2205 3992 2367 4051 ἔστιν.
2399 3998 2456 4051 Ὃ
2501 3993 2747 4072 δεύτερος
2793 3995 3018 4072 τρόπος.
3069 3996 3135 4049 El
3164 3981 3220 4050 ἓν
3274 3996 3303 4050 ὁ
3348 3995 3649 4071 ἅνθρωπος,
3693 3981 3824 4042 οὐδὲ·

2204 4093 2321 4140 ποτ’
2352 4084 2411 4140 ἂν
2442 4081 2636 4161 ἤλγεεν
2667 4081 2895 4159 (ἤλγει).
2931 4082 3122 4159 ’Δλγεῖ
3152 4080 3230 4139 δέ·
3264 4083 3366 4139 οὐκ
3396 4079 3499 4158 ἄρα
3524 4078 3580 4137 ἓν
3608 4079 3757 4135 ἐστιν.

2274 4176 2317 4228 θ’
2348 4219 2360 4230 .
2423 4173 2508 4244 Ἐξ
2586 4173 2923 4252 ἀποφατικοῦ
2979 4171 3291 4248 ἡγουμένου
3347 4173 3439 4228 καὶ
3495 4161 3826 4252 καταφατικοῦ

2205 4261 2474 4336 ἑπομένου
2530 4250 2748 4338 πρῶτος
2795 4261 2999 4339 τρόπος
3057 4261 3215 4324 οὗτος
3244 4303 3256 4316 .
3311 4260 3483 4338 Εἴπερ
3561 4258 3656 4315 οὐκ
3707 4250 3823 4339 ἔστιν

2203 4352 2404 4428 ἡμέρα,
2440 4354 2468 4407 ὁ
2497 4337 2660 4420 ἥλιος
2703 4351 2807 4406 ὑπὸ
2834 4337 2958 4426 -γῆν
3001 4352 3166 4407 ἐστιν.
3199 4349 3381 4406 Ἄλλὰ
3414 4337 3521 4425 μὴν
3553 4345 3723 4421 ἡμέρα
3748 4337 3830 4394 οὐκ

2204 4437 2346 4495 ἔστιν
2383 4460 2396 4474 ⁶
2455 4442 2483 4495 ὁ
2550 4439 2712 4509 ἥλιος
2763 4437 2867 4516 ἄρα
2925 4439 3028 4494 ὑπὸ
3085 4443 3186 4514 γῆν
3245 4439 3386 4494 ἔστιν
3423 4482 3435 4494 .
3496 4440 3552 4492 Ὃ
3613 4431 3828 4516 δεύτερος

2204 4529 2426 4604 τρόπος
2478 4529 2541 4584 El
2589 4528 2690 4583 οὐκ
2733 4512 2859 4597 ἦντὸ
2904 4512 3189 4606 ἅνθρωπος
3238 4528 3509 4599 σύνθετος,
3561 4512 3824 4606 ἁπλοῦνξν

444 4601 664 4691 ipsum.
697 4617 876 4689 Atqui
927 4601 1043 4671 non
1074 4623 1164 4673 est
1212 4616 1461 4688 simplex
1491 4623 1547 4673 et
1594 4601 1885 4674 unil‘orme
1937 4620 2088 4690 quod

2212 4601 2270 4688 ἦν
2315 4618 2403 4673 καὶ
2458 4615 2738 4691 μονοειδὲς
2784 4618 2847 4672 τὸ
2897 4601 3130 4692 ἰώμενον
3173 4617 3355 4675 αὐτόν.
3411 4614 3591 4673 Ἀλλά
3625 4611 3724 4686 μὴν
3748 4601 3828 4659 οὐκ

445 4713 618 4765 sanat
645 4707 841 4779 ipsum
869 4724 882 4775 ;
917 4707 1092 4761 homo
1121 4705 1300 4777 igitur
1331 4711 1421 4762 est
1448 4707 1831 4780 compositus.

519 4885 605 4942 10.
658 4884 726 4941 Hi
775 4883 1011 4956 quidem
1062 4883 1242 4956 Igitur
1288 4885 1402 4940 duo
1467 4886 1625 4942 modi
1667 4903 1736 4941 ex
1781 4885 2092 4958 hypothesi

445 4975 922 5049 syllogismorum
981 4979 1139 5041 sunt,
1199 4979 1256 5030 et
1312 4973 1395 5029 sic
1463 4975 1902 5030 constituuntur
1959 4993 2092 5031 cum

434 5067 607 5136 juxta
635 5064 1104 5132 continuitatem,
1138 5069 1202 5118 ut
1231 5063 1452 5118 dictum
1483 5069 1591 5132 est,
1623 5065 2040 5135 producantur.

517 5173 605 5227 11.
664 5173 879 5227 Eorum
938 5175 1134 5226 autem
1194 5171 1294 5242 qui
1352 5171 1675 5226 secundum
1751 5171 2092 5228 distantiam

445 5262 842 5333 proferuntur,
876 5261 975 5314 ubi
1007 5259 1181 5314 etiam
1217 5276 1582 5331 consequens
1614 5275 1682 5314 ex
1713 5260 1886 5315 rebus
1929 5261 2091 5317 diﬁ‘e-

445 5349 711 5404 rentibus
741 5354 1152 5414 constat,unus
1178 5353 1269 5404 est
1297 5365 1364 5403 ex
1395 5349 1663 5419 negativa
1696 5349 2094 5420 complexione

446 5439 548 5509 qui
579 5437 866 5509 positione
901 5439 1076 5493 unius
1097 5454 1299 5493 eorum
1332 5455 1457 5509 qua:
1487 5442 1627 5492 sunt
1648 5438 1706 5492 in
1737 5455 2093 5509 consequen-

445 5532 523 5596 te,
555 5526 848 5598 reliquum
879 5531 980 5581 aut
1009 5527 1236 5598 reliqua
1264 5530 1539 5582 removet.
1564 5526 1867 5598 Accipitur
1895 5533 2092 5584 autem

447 5612 543 5668 hic
565 5616 774 5670 modus
802 5614 888 5670 vel
915 5615 972 5669 in
1001 5616 1176 5671 rebus
1207 5613 1367 5671 nullo
1390 5633 1631 5687 prorsus
1659 5617 1832 5671 modo
1864 5619 2091 5689 Opposi-

445 5699 543 5770 tis,
572 5702 660 5759 vel
708 5703 767 5760 in
799 5704 1050 5760 mediate
1079 5705 1364 5778 oppositis
1395 5713 1452 5762 et
1499 5705 1761 5762 medium
1787 5705 2089 5763 inﬁnitum

2205 4703 2345 4762 ἔστιν
2375 4705 2582 4762 ἁπλοῦν
2612 4707 2702 4762 καὶ
2737 4703 3016 4780 μονοειδὲς
3043 4707 3107 4761 τὸ
3141 4707 3371 4781 ἰώμενον
3395 4704 3577 4761 αὐτόν·
3609 4699 3826 4761 «ιῐύνθιῖ⁸¹τ⁰’ς

2205 4798 2306 4874 ἄρα
2335 4798 2364 4850 ὁ
2398 4797 2699 4871 ἄνθρωπυς.

2277 4887 2327 4942 ι’.
2361 4882 2520 4940 Οὗτοι
2557 4885 2651 4958 μὲν
2681 4883 2771 4940 οὖν
2823 4885 2874 4939 οἱ
2925 4883 3020 4939 δύο
3068 4880 3264 4961 τρόποι
3314 4889 3423 4939 τῶν
3456 4883 3508 4954 ἐξ
3552 4876 3824 4936 ὑποθέσεως

2203 4973 2612 5050 συλλογισμῶν,
2645 4973 2733 5029 καί
2781 4973 2924 5029 οὕτω
2974 4974 3311 5030 συνίστανται
3359 4974 3497 5028 κατά
3544 4969 3820 5042 συνέχειαν)

2205 5064 2280 5126 ὡς
2311 5060 2544 5139 εἴρηται,
2577 5053 2997 5140 προαγόμενοι.⁴

2279 5172 2362 5227 ια’.
2421 5174 2535 5224 Τῶν
2592 5167 2649 5224 δὲ
2707 5169 3132 5248 προφερομένων
3188 5169 3321 5225 κατὰ
3380 5167 3682 5232 διάστασιν,
3723 5155 3824 5248 ῗνξξ

2202 5261 2292 5313 καί
2353 5256 2584 5336 διάφορα
2641 5238 2932 5334 πράνματα
2960 5238 3041 5313 ’τὸ
3092 5258 3373 5332 ἑπόμενον,
3410 5260 3439 5312 6
3477 5256 3568 5330 μὲν
3615 5251 3744 5336 ἔστιν
3781 5238 3824 5307 Et

2204 5333 2545 5426 ἀποφατικῆς
2597 5346 2922 5420 συμπλοκῆς
2978 5351 3046 5421 τῇ
3093 5347 3230 5425 θέσει
3287 5351 3394 5402 τῶν
3446 5349 3542 5400 τοῦ
3587 5333 3822 5410 ἑπομένου

2203 5423 2334 5499 ἑνὸς*
2377 5437 2608 5513 ἀναιρῶν
2667 5437 2731 5491 τὸ
2785 5434 2989 5513 ἕτερον,
3049 5435 3085 5506 ἥ
3136 5423 3203 5492 τά
3256 5434 3451 5513 ἕτερα.
3512 5423 3820 5505 Λαμϐάνεται

2202 5523 2249 5580 δ’
2288 5526 2446 5588 οὗτος
2491 5525 2528 5596 ἤ
2577 5524 2662 5580 ἐπὶ
2705 5523 2812 5580 τῶν
2867 5524 2995 5598 μηδ’
3046 5524 3192 5588 ὅλως
3242 5523 3621 5597 ἀντικειμένων
3668 5526 3814 5609 πραγς

2205 5616 2386 5686 μάτων
2447 5613 2483 5684 ἤ
2545 5615 2632 5669 ἐπὶ
2708 5621 2813 5669 τῶν
2876 5617 3252 5688 ἀντικειμένων
3328 5613 3577 5687 ἐμμέσως
3638 5603 3718 5660 καἰ
3766 5603 3815 5648 τὸ

2205 5703 2364 5779 μέσον
2415 5704 2653 5782 ἐχόντων
2703 5705 2952 5783 ἀόριστον
2982 5748 2996 5763 .
3059 5705 3179 5759 Ἐπὶ
3233 5707 3340 5760 τῶν
3403 5699 3648 5776 ἐμμέσως
3697 5689 3814 5745 ἀντι·
