4094 6434
306 460 426 523 977

1654 463 2002 526 EPITOME
2045 466 2325 528 LOGICA
2340 510 2354 527 .

3593 464 3715 527 978

306 591 593 667 κειμένων,
648 591 737 649 καὶ
795 592 1046 672 ἀόριστον
1104 592 1344 671 ἐχόντων
1403 594 1467 651 τὸ
1525 594 1707 670 μέσον,
1768 596 1961 659 οὕτως·

2088 600 2455 658 habentibus.
2506 602 2568 656 In
2617 600 2868 658 mediate
2893 600 3129 674 quidem
3176 601 3460 675 oppositis
3491 607 3548 659 et
3593 619 3723 661 me-

304 684 365 736 Ὁ
418 682 580 757 κόραξ
642 683 770 760 οὐχὶ
800 684 936 758 (καὶ)
969 684 1162 747 λευκὸς
1205 686 1294 739 καὶ
1349 683 1519 759 μέλας
1575 684 1736 741 ἐστίν.
1789 684 1966 741 Ἀλλὰ

312 772 420 844 μὴν
452 771 640 845 μέλας·
675 772 774 827 οὐκ
831 771 933 850 ἄρα
989 771 1204 835 λευκός.
1257 775 1358 829 Καὶ
1416 774 1603 831 πάλιν·
1654 777 1711 828 Ὀ
1766 774 1963 836 κύκνος

308 860 439 937 ούχὶ
486 861 576 915 καὶ
622 860 812 924 λευκὸς
868 862 958 917 καὶ
1020 861 1188 935 μέλας
1255 862 1385 936 έστῖ,
1442 864 1532 919 καὶ
1610 862 1796 940 κιρῥὸς
1874 864 1964 919 καὶ

309 948 488 1027 φαιός.
522 948 702 1006 Ἀλλὰ
746 952 853 1024 μὴν
908 950 1119 1013 λευκός·
1181 953 1279 1007 οὐκ
1334 951 1436 1029 ἄρα
1490 955 1559 1008 τὰ
1615 951 1803 1009 λοιπὰ.
1842 952 1962 1008 Ἐπὶ

306 1043 415 1093 τῶν
453 1038 553 1093 οὐκ
583 1040 967 1112 ἀντικειμένων
1017 1040 1208 1103 οὕτως’
1251 1043 1321 1097 Τὸ
1370 1043 1647 1119 ὁρώμενον
1699 1041 1827 1117 οὐχὶ
1876 1039 1963 1096 καί

310 1127 590 1204 ἅνθρωπος
628 1127 717 1183 καὶ
741 1128 913 1190 ἵππος
962 1129 1051 1185 καὶ
1107 1131 1238 1204 βοῦς
1270 1131 1359 1186 καὶ
1409 1130 1554 1185 κύων
1597 1130 1757 1187 ἐστίν.
1792 1129 1965 1187 Ἀλλᾶ

314 1219 420 1291 μὴν
482 1218 785 1293 ἄνθρωπος·
845 1217 946 1273 ούκ
998 1219 1100 1293 ἄρα
1153 1220 1221 1275 τὰ
1273 1216 1449 1294 ἕτερα.
1495 1220 1594 1274 Καὶ
1648 1220 1806 1281 οῦτος
1869 1219 1962 1292 μὶν

306 1304 491 1381 τρίτος
516 1305 724 1381 τρόπος
750 1310 860 1361 τῶν
894 1307 1249 1372 ὑποθετικῶν.

383 1414 474 1489 ιβ’.
507 1414 768 1490 Τέταρτος
802 1415 829 1469 ὁ
863 1413 923 1469 ἐκ
969 1412 1342 1484 διαζευκτικοῦ
1389 1420 1457 1489 τῇ
1512 1416 1653 1470 θέσει
1707 1420 1814 1471 τῶν
1867 1420 1964 1471 τοῦ

310 1502 583 1575 ἑπομένου
615 1503 732 1565 ἑνὸς
762 1502 825 1558 τὸ
857 1500 1051 1559 λοιπὸν
1083 1504 1319 1581 ἀναιρων
1366 1505 1402 1575 ἢ
1436 1506 1504 1561 τὰ
1562 1504 1748 1561 λοιπά.
1810 1513 1961 1577 Λαμ-

311 1587 527 1650 6ἀνεται
585 1589 632 1647 δ’
680 1592 837 1654 οὗτος
890 1592 976 1647 έπί
1032 1614 1090 1648 τε
1144 1598 1253 1649 τῶν
1282 1593 1496 1667 ἀμέσως
1556 1595 1961 1667 ἀντικειμένων,

312 1680 400 1737 ἐπί
463 1702 522 1736 τε
584 1686 693 1736 τῶν
768 1681 1042 1755 ἐμμέσως,
1094 1682 1201 1739 ἀλλ
1248 1684 1550 1759 ὡρισμένον
1610 1682 1849 1758 ἐχόντων
1900 1682 1964 1736 τὸ

314 1771 501 1845 μέσον.
533 1769 632 1825 Καὶ
678 1769 894 1842 ἀμέσως
948 1771 1065 1844 μὲν,
1099 1771 1196 1842 ὡς,
1229 1772 1286 1824 Ὀ
1337 1768 1466 1825 δέκα
1512 1773 1546 1840 ἢ
1594 1769 1779 1848 ἄρτιός
1821 1769 1961 1824 έστιν

309 1858 646 1935 ἣπεριττός.
707 1857 883 1916 Ἀλλὰ
936 1861 1043 1932 μὴν
1104 1857 1313 1937 ἄρτιος·
1373 1860 1472 1915 οὐκ
1527 1858 1630 1935 ἄρα
1686 1859 1959 1935 περιττός.

2073 690 2236 746 dium
2290 690 2586 747 infinitum
2643 691 2996 748 habentibus
3053 692 3177 757 sic;
3218 696 3434 749 Corvus
3489 710 3603 749 non
3662 696 3722 750 et

2074 779 2240 851 niger
2267 785 2325 835 et
2353 780 2524 836 albus
2554 786 2660 836 est.
2692 782 2864 853 Atqui
2898 781 3063 854 niger
3090 787 3216 850 est;
3242 782 3392 839 365
3436 799 3550 838 non
3582 798 3720 855 ergo

2074 868 2264 924 albus.
2297 870 2368 924 Et
2393 869 2607 925 iterum
2642 887 2655 924 :
2684 869 2915 942 Cygnus
2945 888 3059 927 non
3092 875 3150 926 et
3188 871 3355 927 albus
3385 876 3442 926 et
3471 871 3636 943 niger
3665 876 3723 928 et

2074 956 2271 1013 fulvus
2304 962 2361 1013 et
2394 958 2595 1013 fuscus
2626 960 2913 1029 est.Atqui
2943 958 3148 1027 albus;
3183 977 3297 1014 non
3329 976 3466 1032 ergo
3492 964 3716 1016 caetera.

2076 1046 2137 1101 1n
2170 1046 2243 1102 iis
2275 1063 2402 1118 qua:
2434 1063 2549 1101 non
2582 1052 2959 1117 opponuntur
2988 1048 3072 1103 sic
3097 1064 3108 1102 :
3136 1048 3297 1111 Quod
3330 1048 3581 1119 videtur,
3605 1065 3721 1104 non

2074 1139 2131 1190 et
2159 1135 2333 1191 homo
2366 1140 2421 1190 et
2450 1136 2554 1191 bos
2585 1139 2642 1190 et
2670 1135 2831 1190 canis
2862 1137 3159 1209 est.Atqui
3190 1136 3404 1207 homo;
3437 1154 3552 1192 non
3584 1153 3719 1210 ergo

2074 1228 2130 1279 et
2178 1229 2404 1279 caetera.
2439 1225 2505 1279 Et
2560 1224 2651 1280 hic
2683 1225 2920 1296 quidem
2952 1226 3161 1281 tertius
3208 1225 3719 1298 bypotheticorum

2074 1314 2285 1369 modus
2316 1318 2423 1368 est.

2146 1421 2494 1485 12.Quartus
2522 1419 2623 1491 qui
2652 1437 2720 1475 ex
2748 1420 3098 1491 disjunctivo
3130 1425 3403 1478 constans
3434 1421 3723 1495 positione

2074 1509 2250 1563 unius
2302 1526 2503 1563 eorum
2536 1526 2664 1580 quae
2714 1514 2853 1564 sunt
2879 1510 2940 1564 in
2980 1513 3394 1583 consequente,
3428 1510 3723 1583 reliquum

2074 1601 2176 1653 aut
2203 1596 2431 1669 reliqua
2476 1601 2749 1653 removet.
2781 1598 3076 1669 Accipitur
3124 1604 3321 1655 autem
3353 1598 3449 1655 hic
3492 1615 3627 1654 cum
3659 1600 3721 1656 in

2074 1686 2147 1740 iis
2180 1703 2309 1757 quas
2340 1686 2698 1757 immediate,
2722 1690 2848 1741 tum
2881 1704 3007 1758 quas
3038 1686 3290 1743 mediate
3320 1692 3723 1761 opponuntur,

2075 1775 2175 1830 sed
2207 1774 2463 1829 medium
2496 1775 2729 1831 finitum
2761 1775 3433 1833 habent.Etimmediate
3458 1776 3720 1849 quidem,

2074 1867 2157 1931 ut,
2192 1867 2398 1918 Decem
2453 1868 2553 1918 aut
2581 1880 2688 1934 par
2717 1868 2818 1919 aut
2846 1864 3039 1935 impar
3085 1869 3191 1921 est.
3219 1866 3397 1937 Atqui
3430 1883 3571 1938 par;
3605 1883 3722 1923 non

311 1947 603 2024 Ἐμμέσως
662 1945 720 2004 δὲ
777 1948 866 2005 καὶ
923 1948 1259 2024 ὡρισμένως,
1320 1951 1458 2021 οἷον,
1512 1947 1644 2005 Τόδε
1723 1946 1885 2043 τοῦδε
1930 1948 1965 2017 ἢ

2088 1967 2209 2023 argo
2258 1952 2467 2024 impar.
2503 1952 2752 2008 Mediate
2803 1958 3001 2009 autem
3033 1959 3091 2010 et
3120 1954 3305 2021 ﬁnite,
3349 1954 3525 2010 veluti
3559 1970 3572 2010 :
3604 1954 3723 2011 Hoc

317 2036 498 2113 μεῖζόν
561 2036 725 2109 ἐστιν,
776 2038 811 2107 ἦ
857 2036 1102 2110 ἔλαττον,
1156 2040 1191 2107 ἢ
1244 2034 1374 2096 ἴσον.
1425 2038 1602 2095 Ἀλλὰ
1671 2038 1778 2111 μὴν
1851 2033 1963 2092 ἴσον

308 2127 498 2205 τυχόν·
534 2125 635 2182 οὐκ
662 2123 765 2203 ἄρα
800 2132 982 2200 μεῖζον
1016 2124 1131 2182 οὐδ’
1160 2125 1406 2185 ἔλαττον.

385 2238 471 2293 ιγ.
520 2215 775 2289 Πέμπτος
823 2216 1027 2292 τρόπος
1070 2217 1097 2270 ὁ
1150 2214 1209 2271 ἐκ
1256 2213 1648 2286 διαζευκτικοῦ,
1695 2218 1765 2289 τῇ
1824 2216 1969 2269 ἀναι-

311 2306 455 2382 ρέσει
507 2309 617 2360 τῶν
647 2309 745 2359 τοῦ
775 2305 1045 2377 ἑπομένου
1077 2305 1213 2374 ὲνὸς,
1248 2306 1282 2373 ἣ
1337 2304 1427 2359 καὶ
1456 2307 1563 2358 τῶν
1596 2300 1781 2360 ἄλλων
1822 2305 1968 2379 παρὰ

306 2395 370 2450 τὸ
398 2392 475 2466 ἓν,
509 2393 771 2472 εἰσφέρων
798 2394 863 2448 τὸ
894 2393 1110 2451 λοιπόν.
1145 2389 1487 2467 Λαμϐάνεται
1548 2390 1605 2447 δὲ
1660 2392 1749 2447 καὶ
1808 2392 1964 2454 οὗτος

310 2483 391 2562 ἐφ’
449 2483 524 2538 ὧν
579 2481 673 2537 καὶ
717 2481 1046 2558 ὁτέταρτος·
1082 2484 1219 2555 οἷον,
1250 2484 1307 2536 Ὀ
1356 2482 1411 2553 ἓξ
1468 2483 1503 2551 ἢ
1557 2480 1739 2556 ἄρτιός
1800 2481 1962 2553 ἐστιν,

308 2574 344 2642 ἢ
399 2570 675 2648 περιττός.
727 2567 906 2627 Ἀλλά
965 2573 1073 2644 μὴν
1128 2570 1228 2626 οὐκ
1275 2568 1386 2626 ἔστι
1443 2570 1716 2647 περιττός.
1780 2568 1963 2647 ἄρτιος

310 2662 431 2736 ἄρα.
466 2659 565 2716 Καὶ
624 2656 811 2714 πάλιν·
845 2664 899 2713 Ὁ
950 2659 1004 2730 ἓξ
1034 2662 1068 2729 ἣ
1095 2659 1309 2722 τέλειός
1364 2658 1529 2731 ἐστιν,
1561 2662 1595 2729 ἢ
1650 2658 1872 2731 ἀτελὴς,
1931 2661 1965 2729 ἦ

312 2747 636 2827 ὑπερτελής.
669 2746 847 2805 Ἀλλὰ
906 2750 1013 2822 μὴν
1066 2745 1177 2805 οὔτ’
1228 2749 1447 2822 ἀτελής,
1479 2746 1593 2814 οὔθ’
1637 2747 1960 2825 ὑπερτελής·

307 2834 521 2905 τέλειός
553 2836 694 2893 ἐστιν
728 2836 850 2912 ἄρα.

386 3014 470 3076 ιδ’.
500 3016 662 3072 Οὗτοι
708 3015 885 3071 τοίνυν
936 3016 988 3070 οἰ
1030 3021 1178 3093 τρεῖς
1223 3016 1439 3091 τρόποι,
1491 3017 1629 3070 κατὰ
1699 3012 1961 3086 διάζευξιν

316 3106 659 3182 ὑπάρχοντες
687 3105 777 3160 καὶ
811 3103 1105 3177 διάστασιν,
1137 3104 1281 3160 οὕτω
1311 3104 1692 3184 προφέρονται.

387 3197 465 3252 ιε’.
507 3194 609 3250 Καὶ
658 3195 761 3269 γὰρ
816 3192 905 3249 ὅτε
962 3190 1235 3268 μηδαμῶς
1295 3193 1614 3248 ἀντικεινται
1669 3195 1737 3248 τὰ
1790 3194 1961 3269 πράγ-

313 3303 475 3356 ματα,
523 3284 558 3352 ἢ
606 3282 927 3338 ἀντίκεινται
970 3284 1090 3355 μὲν,
1132 3281 1260 3338 ἀλλ’
1306 3281 1559 3355 ἐμμέσως
1606 3282 1698 3337 καὶ
1754 3282 1816 3336 τὸ
1869 3282 1963 3355 μέ-

2077 2040 2176 2096 illo
2226 2046 2325 2097 aut
2355 2043 2548 2112 majus
2579 2047 2687 2107 est,
2723 2046 2826 2097 aut
2875 2043 3072 2099 minus
3118 2047 3221 2098 aut
3267 2042 3510 2116 aequale.
3542 2043 3724 2117 Atqui

2078 2130 2297 2202 aequale
2329 2130 2594 2186 fortassis
2623 2148 2637 2198 ;
2671 2148 2787 2186 non
2819 2147 2955 2204 ergo
2986 2132 3181 2203 majus
3214 2148 3401 2204 neque
3431 2131 3649 2188 minus.

2152 2219 2235 2274 13.
2270 2219 2521 2282 Quintus
2576 2220 2788 2276 modus
2819 2220 2918 2291 qui
2950 2236 3019 2275 ex
3066 2220 3415 2292 disjunctivo
3445 2224 3724 2279 constans

2079 2310 2397 2365 remotiore
2449 2308 2629 2364 unius
2658 2325 2873 2365 eorum.
2899 2326 3025 2381 quae
3056 2314 3195 2364 sunt
3219 2310 3279 2364 in
3329 2314 3725 2382 consequente

2077 2400 2178 2451 aut
2209 2397 2457 2453 aliorum
2487 2401 2695 2468 praeter
2723 2415 2930 2469 unum,
2961 2398 3133 2453 infert
3163 2398 3724 2474 reliquum.Accipi-

2076 2490 2171 2540 tur
2201 2490 2400 2542 autem
2431 2492 2485 2542 et
2514 2487 2607 2541 hic
2642 2487 2713 2542 iis
2736 2486 2795 2541 in
2828 2487 3004 2542 rebus
3035 2487 3095 2542 in
3126 2488 3343 2559 quibus
3372 2492 3432 2543 et
3450 2492 3722 2558 quartus.

2074 2574 2270 2630 Veluti
2304 2593 2317 2630 :
2351 2576 2462 2631 Sex
2509 2578 2610 2631 aut
2637 2592 2743 2648 par
2771 2579 2862 2631 est
2890 2578 2993 2631 aut
3019 2574 3229 2647 impar.
3266 2575 3445 2648 Atqui
3487 2592 3603 2632 non
3633 2581 3726 2634 est

2073 2663 2302 2736 impar;
2336 2680 2471 2736 ergo
2503 2664 2703 2736 par.Et
2730 2664 2943 2720 iterum
2978 2681 2991 2719 :
3026 2664 3135 2719 Sex
3168 2668 3271 2720 aut
3300 2664 3591 2736 perfectus
3619 2670 3723 2721 aut

2074 2754 2228 2809 380
2260 2753 2659 2825 imperfectus,
2692 2758 2794 2808 aut
2824 2752 3137 2825 plusquam
3169 2754 3461 2825 perfectus
3491 2756 3581 2809 est
3596 2753 3723 2825 (nu-

2074 2841 2315 2913 merus).
2348 2841 2525 2913 Atqui
2555 2858 2745 2922 neque
2776 2842 3372 2913 imperfectus,neque
3402 2841 3718 2914 plusquam
3747 2868 3754 2877 -

2073 2932 2363 3003 perfectus
2392 2948 2405 2999 ;
2435 2931 2619 3003 igitur
2647 2930 2939 3002 perfectus
2969 2934 3075 2986 est.

2146 3021 2232 3075 14.
2270 3019 2334 3074 Hi
2383 3019 2567 3092 igitur
2595 3023 2715 3075 tres
2767 3019 2925 3075 modi
2953 3019 3054 3091 qui
3103 3035 3173 3075 ex
3220 3019 3615 3090 disjunctione
3663 3021 3723 3075 et

2073 3108 2357 3164 distantia
2386 3112 2543 3175 sunt,
2576 3108 2659 3163 ita
2688 3108 3085 3181 proferuntur.

2145 3199 2232 3252 15.
2262 3198 2409 3252 Cum
2457 3196 2615 3251 enim
2646 3212 2738 3251 res
2786 3212 3160 3269 nequaquam
3191 3200 3587 3269 opponuntur,
3621 3200 3724 3252 aut

2078 3285 2710 3358 apponunturquidem
2741 3286 2841 3341 sed
2875 3286 3125 3341 mediate
3155 3290 3212 3341 et
3240 3286 3502 3341 medium
3532 3284 3725 3340 infini-

312 3348 404 3427 σον
450 3348 703 3449 ἀόριστον
766 3348 1007 3448 ἔχουσιν·
1057 3348 1489 3426 ἀδύνατονίτότε
1542 3376 1702 3425 πᾶσιν
1749 3348 1964 3441 ἐπεξελ-

2256 3348 2505 3441 habent;
2528 3374 2653 3428 ﬁeri
2684 3389 2798 3429 non
2831 3378 3045 3446 potest,
3078 3377 3144 3429 ut
3193 3378 3333 3429 tunc
3365 3373 3565 3429 omnia
3594 3389 3725 3445 per-

313 3463 447 3529 θεῖν,
505 3461 595 3516 καὶ
658 3458 747 3515 διὰ
799 3465 959 3517 τοῦτο
1038 3459 1422 3530 διαζευκτικῶς
1493 3459 1593 3516 οὐκ
1642 3456 1753 3515 ἔστι
1803 3464 1969 3515 ταῦτα

311 3554 670 3627 προαγαγεῖν·
722 3545 836 3604 οὔτ’
867 3547 932 3604 αῦ
980 3554 1049 3624 τῇ
1102 3549 1368 3623 ἀναιρέσει
1413 3554 1511 3604 τοῦ
1551 3549 1734 3622 ἑτέρου
1783 3550 1816 3618 ἢ
1860 3553 1966 3602 τῶν

313 3640 513 3715 ἑτέρων
568 3639 875 3714 εἰσαγαγεῖν
904 3640 967 3693 τὸ
997 3637 1214 3695 λοιπόν.
1248 3637 1384 3695 Οὐδὲ
1426 3640 1550 3715 γὰρ,
1584 3638 1630 3693 εἰ
1686 3639 1762 3711 μή
1825 3635 1965 3692 ἔστιν

314 3725 626 3805 ἅνθρωπος,
657 3724 769 3798 ἤδη
795 3724 969 3790 ’ἰππος
1000 3726 1159 3783 ἐστίν·
1192 3723 1304 3782 οὔτ’
1333 3726 1398 3782 αὖ
1439 3727 1488 3782 εἴ
1530 3726 1628 3781 οὐκ
1673 3725 1783 3781 ἔστι
1843 3726 1966 3781 λευ-

310 3818 406 3873 κὸν
435 3818 470 3885 ἣ
502 3813 696 3890 μέλαν,
737 3811 887 3872 ἔσται
937 3817 1112 3895 φαιόν·
1144 3816 1325 3872 τοίνυν
1372 3816 1488 3871 ἀντὶ
1547 3817 1642 3889 μὲν
1696 3820 1793 3871 τοῦ
1852 3813 1967 3870 δια-

315 3909 595 3975 ζευκτικοῦ
653 3906 924 3980 χρηστέον
980 3908 1049 3978 τῇ
1100 3912 1202 3975 τῆς
1259 3904 1579 3982 ἀποφάσεως
1644 3902 1963 3977 συμπλοκῇ·

308 3997 380 4068 τῇ
432 3992 572 4059 θέσει
623 3989 682 4048 δὲ
729 3997 829 4047 τοῦ
878 3992 1063 4069 ἑτέρου
1107 3992 1171 4047 τὸ
1216 3989 1399 4069 ἕτερον
1460 3992 1764 4069 ἀναιρετέον
1823 3994 1858 4061 ἣ
1901 3994 1969 4047 τὰ

308 4079 487 4160 ἕτερα.
520 4082 667 4137 Οἷον·
702 4081 843 4157 Οὐχὶ
873 4082 964 4138 καὶ
993 4081 1137 4137 κύων
1184 4082 1275 4138 καὶ
1326 4080 1491 4144 λύκος
1546 4080 1656 4137 ἐστὶ
1707 4082 1770 4137 τὸ
1825 4081 1967 4157 ὁρώ-

316 4190 499 4246 μενον⁹
534 4170 681 4227 ἀλλᾶ
716 4172 822 4244 μὴν
875 4170 1062 4233 λύκος·
1097 4170 1197 4225 οὐκ
1251 4168 1355 4247 ἄρα
1408 4170 1576 4226 κύων.
1625 4170 1725 4231 Καὶ
1777 4169 1964 4225 πάλιν·

312 4260 426 4317 Οὐκ
472 4257 697 4339 ἐρυθρὰν
742 4260 805 4314 τὸ
852 4258 982 4315 αὐτὸ
1029 4259 1163 4334 (καὶ)
1216 4264 1491 4339 φοινικοῦν
1562 4259 1817 4336 ὑπάρχει,
1877 4258 1967 4313 καὶ

311 4353 651 4428 πορφυροῦν,
701 4346 793 4405 καὶ
842 4348 1051 4425 ὠχρόν.
1113 4348 1292 4405 Ἀλλᾶ
1350 4349 1457 4422 μὴν
1518 4352 1818 4426 φοινικοῦν·
1870 4347 1970 4402 οὐκ

312 4434 417 4515 ἄρα
441 4440 510 4493 τὰ
536 4434 715 4515 ἕτερα.

386 4527 473 4590 ις’.
504 4529 634 4581 ’Ὀτε
682 4522 741 4581 δὲ
782 4527 818 4595 ἢ
871 4526 1088 4600 ἀμέσως
1153 4525 1473 4582 ἀντίκεινται
1546 4525 1613 4579 τὰ
1677 4526 1969 4601 πράγματα

308 4617 347 4684 ἢ
395 4614 650 4690 ἰμμέσως
698 4615 814 4688 μὲν,
865 4613 1165 4691 ὡρισμένον
1216 4612 1273 4670 δὲ
1316 4615 1379 4669 τὸ
1449 4613 1609 4688 μέσον
1671 4614 1809 4669 ἐστὶν
1870 4613 1964 4668 αύ-

2077 3480 2385 3519 curramus
2419 3480 2432 3518 :
2465 3468 2523 3518 et
2551 3480 2618 3519 ea
2649 3463 2719 3518 de
2749 3479 2928 3519 causa
2958 3480 3074 3518 non
3105 3461 3239 3519 licet
3268 3462 3390 3518 ulla
3419 3461 3726 3533 disjuncti-

2077 3570 2146 3609 ve
2195 3553 2471 3624 proferre,
2502 3568 2692 3624 neque
2738 3551 2915 3607 etiam
2966 3551 3287 3607 remotione
3341 3551 3583 3607 alterius
3637 3550 3726 3607 vel

2077 3639 2328 3697 aliorum
2362 3639 2655 3711 reliquum
2696 3639 2947 3707 inferre;
2980 3656 3169 3712 neque
3199 3640 3377 3712 enim,
3412 3640 3462 3694 si
3493 3656 3608 3695 non
3638 3643 3729 3703 est

2077 3728 2546 3799 homo,prolinus
2575 3745 2759 3797 equus
2787 3733 2893 3784 est.
2928 3729 3126 3800 Neque
3157 3745 3384 3795 rursus,
3410 3728 3459 3785 si
3492 3745 3609 3783 non
3639 3731 3730 3784 est

2075 3818 2274 3873 album
2309 3826 2411 3873 aut
2436 3817 2929 3889 nigrum,fuscum
2961 3817 3107 3884 erit;
3132 3834 3237 3889 pro
3258 3816 3613 3889 disjunctiva
3633 3832 3729 3873 ne-

2078 3907 2331 3979 gationis
2362 3905 2762 3978 complexione
2792 3906 3076 3960 utendum
3103 3923 3117 3974 ;
3142 3906 3317 3961 unius
3347 3909 3545 3961 autem
3576 3905 3729 3977 posi-

2075 3996 2234 4051 tione
2255 3995 2543 4067 reliquum
2564 3999 2667 4050 aut
2687 3993 2911 4066 reliqua
2931 3994 3499 4051 removenda.Veluti
3522 4011 3535 4049 :
3561 3995 3724 4061 Quod

2074 4085 2307 4139 videtur
2353 4101 2469 4139 non
2516 4082 2694 4139 simul
2746 4087 2804 4138 et
2850 4083 3013 4139 canis
3058 4088 3116 4139 et
3161 4083 3339 4156 lupus
3387 4087 3497 4141 est.
3546 4083 3729 4155 Atqui

2077 4173 2255 4245 lupus
2304 4177 2429 4239 est;
2462 4189 2577 4228 non
2630 4188 2766 4245 ergo
2806 4171 2965 4228 canis
2995 4177 3103 4228 est.
3155 4173 3225 4227 Et
3271 4172 3485 4229 iterum
3517 4188 3530 4227 :
3567 4172 3725 4228 idem

2079 4279 2193 4318 non
2226 4266 2284 4317 et
2312 4262 2558 4316 rubrum
2589 4265 2647 4316 et
2677 4260 2992 4334 puniceum
3017 4265 3074 4316 et
3103 4277 3465 4333 purpureum
3486 4264 3543 4317 et
3563 4260 3728 4334 palli-

2077 4352 2220 4406 dum
2254 4350 2498 4406 exsistit.
2529 4349 2699 4422 Atqui
2732 4349 3046 4421 puniceum
3072 4368 3085 4418 ;
3110 4366 3227 4404 non
3256 4365 3393 4421 ergo
3424 4353 3652 4406 caetera.

2151 4529 2238 4582 16.
2271 4527 2512 4591 Quando
2535 4530 2731 4583 autem
2755 4530 2856 4582 aut
2876 4525 3213 4583 immediate
3235 4542 3327 4581 res
3347 4528 3730 4599 opponuntur

2081 4622 2184 4672 aut
2214 4617 2466 4672 mediate
2495 4616 2756 4688 quidem,
2790 4616 2891 4672 sed
2923 4616 3155 4671 finitum
3182 4615 3401 4671 habent
3442 4615 3726 4686 medium,

310 4708 451 4773 τοῖς,
480 4702 604 4760 τότε
635 4699 1019 4773 διαζευκτικῶς
1066 4706 1534 4781 προαχθήσονται·
1583 4703 1674 4757 καὶ
1732 4704 1807 4776 μή
1868 4703 1965 4775 μό-

2088 4710 2219 4761 tunc
2250 4705 2600 4775 disjunctive
2632 4705 3028 4776 producentur
3051 4729 3065 4771 ;
3088 4720 3195 4759 nec
3224 4708 3454 4758 tantum
3487 4702 3727 4776 positio-

312 4813 404 4851 vov
458 4792 872 4869 ἀναιρεθήσεται
931 4793 997 4848 τὸ
1056 4788 1239 4869 ἕτερον
1302 4794 1337 4862 ἣ
1381 4794 1449 4848 τὰ
1501 4789 1657 4868 ἱέτερα
1710 4796 1778 4864 τῇ
1830 4791 1970 4855 θέσει

309 4884 409 4936 τοῦ
440 4881 580 4954 δνός,
615 4879 873 4936 ἀλλὰκαὶ
926 4885 995 4955 τῇ
1050 4881 1312 4958 ἀναιρέσει
1370 4886 1478 4937 τῶν
1535 4879 1721 4937 ἄλλων
1752 4882 1971 4951 τεθήσε-

310 4989 401 5025 ται
430 4970 494 5025 τὸ
525 4968 876 5044 λειπόμενον.

385 5063 468 5128 ιζ’.
514 5061 743 5134 Ἕτερος
788 5057 993 5135 τρόπος
1059 5061 1207 5136 παρὰ
1268 5058 1396 5121 τοὺς
1461 5057 1784 5135 εἰρημένους
1833 5060 1861 5113 ὁ
1917 5058 1969 5130 ἐξ

311 5143 460 5202 ὅλων
495 5146 800 5212 ὑποθέσεων
843 5148 1131 5213 συνεστὼς,
1164 5148 1224 5210 ’ὸς
1268 5148 1359 5203 καὶ
1409 5146 1478 5202 δι’
1527 5146 1660 5203 ὅλου
1720 5148 1969 5203 ὑποθετι-

305 5235 403 5297 κὸς
438 5234 784 5309 ὀνομάζεται,
817 5233 1131 5312 πρόσληψιν
1194 5238 1269 5310 μὴ
1322 5234 1489 5312 ἔχων,
1523 5234 1650 5291 ἀλλ’
1708 5235 1758 5308 ἐξ
1803 5238 1968 5312 ἡγου-

312 5323 488 5399 μένων
515 5324 607 5379 καὶ
642 5323 925 5398 ἑπομένων
958 5324 1289 5398 ποιούμενος
1318 5326 1381 5380 τὸ
1408 5326 1789 5398 συμπέρασμα.

384 5432 475 5502 ιη’.
528 5430 771 5487 Δείκνυσι
823 5429 903 5502 δὲ,
952 5431 1096 5494 τίνος
1165 5426 1341 5504 ὄντος,
1387 5432 1439 5487 τί
1491 5430 1632 5486 ἔστιν
1688 5433 1722 5500 ἢ
1770 5432 1821 5486 τί
1873 5432 1971 5487 οὐκ

312 5518 479 5590 ἔστιν,
512 5519 663 5583 αὖθις
707 5542 767 5576 τε
821 5520 966 5583 τίνος
1027 5522 1103 5595 μὴ
1157 5516 1336 5593 ὄντος,
1379 5521 1433 5577 τί
1492 5519 1632 5576 ἔστιν
1692 5523 1727 5590 ἢ
1770 5520 1823 5587 τί
1873 5521 1972 5576 οὐκ

311 5607 447 5668 ἔστι.

393 5698 475 5756 ιθ’.
505 5697 604 5753 Καὶ
632 5697 780 5760 τίνος
814 5699 908 5768 μὲν
937 5694 1092 5760 ὄντος
1139 5697 1193 5751 τί
1242 5697 1402 5769 ἐστιν,
1435 5698 1625 5760 οὕτως·
1665 5697 1722 5753 Εἰ
1764 5699 1792 5751 ὁ
1840 5698 1968 5760 Οεὸς

321 5783 552 5861 δίκαιος,
585 5784 940 5849 ἀνταπόδοσίς
972 5786 1081 5842 ἐστι
1129 5791 1237 5842 τῶν
1298 5782 1672 5865 βεϐιωμένων·
1715 5786 1758 5841 εἰ
1813 5786 1968 5841 ἀντα-

2080 4812 2152 4849 ne
2177 4795 2355 4850 unius
2402 4794 2692 4865 reliquum
2724 4798 2829 4848 aut
2853 4792 3080 4864 reliqua
3108 4792 3584 4860 removebuutur,
3624 4791 3728 4848 sed

2079 4884 2255 4941 etiam
2287 4889 2626 4939 caeterorum
2658 4882 2978 4939 remotione
3008 4882 3163 4953 quod
3191 4881 3486 4953 reliquum
3516 4884 3606 4938 est
3625 4897 3727 4954 po-

2078 4977 2269 5031 netur.

2151 5062 2301 5117 367
2340 5061 2427 5114 17.
2460 5057 2629 5114 Alius
2680 5059 2892 5114 modus
2940 5062 3031 5113 est
3062 5075 3095 5113 a
3123 5057 3295 5113 dictis
3327 5057 3426 5129 qui
3474 5074 3546 5115 ex
3590 5056 3731 5113 totis

2078 5149 2504 5222 hypothesibus
2554 5151 2804 5218 constat,
2837 5147 2933 5217 qui
2966 5146 3142 5202 etiam
3174 5163 3242 5202 ex
3269 5151 3389 5202 toto
3444 5145 3731 5219 hypothe-

2078 5239 2254 5303 ticus,
2285 5237 2384 5309 qui
2418 5254 2533 5293 non
2562 5237 2738 5291 habet
2768 5236 3231 5307 assumptionem
3270 5235 3372 5291 sed
3403 5251 3473 5290 ex
3501 5239 3730 5292 antece-

2080 5328 2357 5383 dentibus
2386 5331 2444 5381 et
2473 5325 2968 5396 consequentibus
2998 5323 3432 5380 conclusionem
3474 5323 3729 5381 conﬁcit.

2154 5435 2239 5489 18.
2275 5432 2541 5487 Ostendit
2589 5435 2783 5486 autem
2810 5431 2964 5501 quod
2995 5429 3310 5486 exsistente
3340 5430 3482 5503 quid
3513 5431 3593 5486 sit
3628 5435 3732 5487 aut

2081 5521 2220 5594 quid
2253 5538 2369 5577 non
2400 5520 2477 5576 sit
2500 5526 2585 5589 ;et
2613 5536 2817 5575 rursus
2849 5536 2964 5590 quo
2996 5536 3110 5575 non
3145 5519 3461 5575 exsistente
3490 5519 3633 5591 quid
3655 5520 3734 5587 sit

2080 5616 2184 5666 aut
2214 5610 2353 5683 quid
2383 5627 2498 5665 non
2531 5609 2626 5664 sit.

2154 5701 2239 5753 19.
2274 5699 2344 5754 Et
2388 5698 2625 5770 quidem
2658 5713 2774 5769 quo
2824 5697 3138 5754 exsistente
3185 5696 3325 5768 quid
3358 5697 3454 5768 sit,
3505 5696 3589 5754 ita
3618 5713 3632 5752 :
3667 5697 3728 5753 Si

2084 5793 2235 5845 Deus
2265 5793 2355 5845 est
2368 5790 2737 5860 justus,tunc
2760 5786 2939 5843 invita
2960 5786 3246 5843 factorum
3273 5790 3363 5843 est
3384 5785 3688 5842 retributio
3713 5804 3727 5854 ;
