4094 6422
443 430 564 493 979

1695 430 2121 495 NICEPHORI
2165 428 2605 493 BLEMMIDJE

3718 422 3816 486 980

445 566 497 621 si
525 563 587 620 in
616 562 739 620 vita
759 563 1045 621 factorum
1075 567 1165 620 est
1186 564 1718 632 retributio,anima
1738 564 2088 622 immortalis
2118 566 2153 631 Α

2221 559 2426 624 τόδοσίς
2460 560 2567 616 ἐστι
2626 563 2733 614 τῶν
2793 552 3165 635 βεϐιωμένων,
3198 551 3459 617 ἀθάνατος
3519 556 3554 625 ἡ
3585 555 3743 631 ψυχή’
3777 556 3813 611 εἰ

446 658 574 720 est;
606 653 654 708 si
685 669 822 726 ergo
857 658 1009 709 Deus
1032 655 1236 724 justus
1263 659 1371 723 est,
1394 656 1589 710 anima
1609 655 1960 710 immortalis
1983 660 2088 709 est.

450 744 573 809 Quo
603 743 916 799 exsistente
945 742 1086 815 quid
1117 760 1232 799 non
1265 743 1446 812 sit,ita
1479 762 1491 799 :
1527 744 1584 799 Si
1618 745 1813 798 anima
1846 744 2096 799 rationa-

445 833 523 891 lis
570 836 661 888 est
713 848 748 887 ο.
799 848 863 888 se
909 831 1166 898 mobilis,
1216 850 1516 904 nunquam
1579 833 1903 888 constiterit
1950 834 2093 904 quin

448 925 786 992 moveatur;
820 921 868 977 si
901 938 1204 993 nunquam
1238 922 1562 977 constiterit
1597 922 1735 993 quin
1772 927 2091 989 moveatur,

447 1027 565 1067 non
596 1011 1088 1083 corrumpetur.Si
1119 1011 1298 1083 igitur
1326 1013 1524 1066 anima
1545 1012 1845 1066 rationalis
1868 1016 1955 1066 est
1977 1028 2009 1065 a
2034 1028 2094 1066 se

447 1099 705 1170 mobilis,
729 1116 843 1155 non
876 1103 1431 1172 corrumpetur.0uo
1463 1118 1576 1155 non
1610 1102 1923 1156 exsistente
1954 1100 2091 1171 quid

449 1191 550 1257 sit,
584 1188 667 1244 ita
699 1206 712 1244 :
746 1188 803 1243 Si
856 1205 970 1244 non
1003 1194 1092 1243 est
1120 1190 1267 1255 dies,
1302 1207 1413 1244 nox
1465 1195 1589 1256 est;
1623 1190 1669 1245 si
1706 1207 1821 1244 nox
1866 1195 1974 1258 est,
2008 1188 2094 1244 sol

447 1277 603 1334 infra
646 1281 864 1333 terram
895 1282 1003 1333 est.
1035 1278 1093 1333 Si
1137 1279 1317 1349 igitur
1346 1296 1461 1333 non
1511 1283 1599 1334 est
1630 1278 1774 1345 dies,
1808 1278 1893 1334 sol
1944 1279 2096 1334 intra

447 1370 667 1422 terram
715 1369 824 1422 est.
859 1368 982 1433 Quo
1011 1384 1126 1422 non
1172 1368 1480 1423 exsistente
1513 1368 1653 1439 quid
1689 1385 1803 1422 non
1837 1369 1931 1438 sit,
1964 1368 2046 1423 ita
2078 1385 2091 1423 :

447 1455 506 1510 Si
530 1454 685 1528 quod
712 1458 880 1511 sanat
903 1454 1201 1511 hominem
1216 1460 1742 1528 aegrotantem,non
1766 1465 1852 1512 est
1871 1475 2092 1527 unum;

448 1560 560 1601 nac
589 1559 775 1599 unum
829 1547 919 1599 est
947 1560 980 1599 a
1010 1561 1123 1616 quo
1166 1549 1423 1615 aegrotat.
1457 1544 1517 1599 Si
1565 1562 1680 1600 non
1713 1550 1801 1600 est
1848 1563 2031 1600 unum
2064 1564 2099 1601 θ.

451 1649 568 1707 quo
597 1636 839 1705 aegrotat
868 1631 1042 1689 homo
1069 1659 1083 1701 ;
1114 1650 1229 1689 non
1262 1639 1351 1689 est
1380 1633 1628 1705 simplex
1659 1639 1715 1689 et
1744 1635 2095 1707 incomposi-

448 1726 568 1779 tus.
602 1721 661 1778 Si
691 1721 872 1794 igitur
903 1721 1055 1793 quod
1087 1727 1256 1777 sanat
1299 1722 1597 1778 hominem
1630 1739 1745 1778 non
1778 1727 1867 1779 est
1891 1740 2094 1790 unum,

449 1810 627 1869 homo
658 1827 775 1866 non
804 1814 895 1866 est
922 1809 1171 1883 simplex
1200 1815 1256 1866 et
1284 1810 1731 1881 incompositus.

2205 653 2233 705 6
2265 650 2395 711 Θεὸς
2452 646 2553 724 ἄρα
2606 646 2830 717 δίκαιος,
2876 642 3134 708 ἀθάνατός
3192 645 3333 701 ἐστιν
3389 647 3425 713 ἡ
3485 643 3812 719 ψυχή.Τίνος

2204 735 2381 805 ὄντος,
2412 738 2463 792 τί
2509 737 2607 791 οὐκ
2664 735 2821 806 ἔστιν,
2857 736 3047 798 οὕτως·
3082 736 3143 791 El
3202 732 3341 789 ἔστιν
3374 736 3409 803 ἡ
3441 731 3635 809 λογικὴ
3684 734 3812 808 ψυχὴ

2204 828 2578 897 αὐτοκίνητος,
2612 824 2673 880 οὕ
2704 847 2834 880 ποτε
2866 826 3019 896 σταίη
3068 830 3165 879 τοῦ
3213 825 3492 879 κινεῖσθαι·
3543 822 3588 878 εἰ
3636 823 3815 895 μήποτε

2205 918 2359 987 σταίη
2421 922 2518 971 τοῦ
2571 918 2848 985 κινεῖσθαι,
2903 915 2964 970 οὐ
3023 913 3373 993 φθαρήσέται.
3434 912 3501 967 Εἴ
3558 909 3689 966 ἔστιν
3735 910 3818 985 ἄρα

2203 1011 2237 1078 ἡ
2288 1007 2487 1081 λογική
2549 1006 2701 1080 ψυχὴ
2758 1004 3132 1076 αὑτοκίνητος,
3178 1004 3239 1059 οὗ
3306 1004 3653 1081 φθαρήσεται.
3688 1000 3816 1062 Τίνος

2209 1100 2284 1172 μή
2319 1092 2496 1167 ὄντος,
2528 1095 2579 1149 τί
2612 1092 2776 1168 ἔστιν)
2806 1094 3005 1156 οὕτως’
3046 1094 3114 1149 Ei’
3166 1094 3265 1149 οὐκ
3315 1090 3454 1147 ἔστιν
3514 1090 3705 1166 ἡμέρα,
3745 1090 3818 1159 νύξ

2206 1187 2367 1242 ἐστιν·
2428 1186 2564 1256 εἶνὺξ
2623 1184 2786 1251 ἐστιν,
2820 1183 3042 1253 ὁῆλιος
3096 1183 3197 1238 ὑπὸ
3255 1189 3355 1259 γῆν
3412 1182 3575 1238 ἐστιν.
3629 1179 3687 1235 El
3738 1175 3821 1254 ἄρα

2205 1277 2305 1331 οὑκ
2338 1275 2475 1331 ἔστιν
2509 1276 2710 1349 ἡμέρα,
2763 1275 2792 1328 6
2842 1271 3007 1342 ἥλιος
3069 1273 3172 1327 ὑπὸ
3217 1278 3319 1347 γῆν
3372 1269 3504 1327 ἐστι.
3560 1267 3706 1331 Τίνος
3757 1269 3817 1340 μὴ

2206 1361 2462 1434 ὅντος,τί
2494 1364 2592 1419 οὐκ
2640 1359 2779 1418 ἔστιν
2841 1361 3035 1424 οὕτως·
3066 1362 3133 1417 Εἴ
3183 1362 3245 1416 τὸ
3305 1360 3538 1433 ἰώμενον
3595 1362 3821 1413 νοσοῦντα

2204 1457 2295 1511 τὸν
2332 1453 2611 1528 ἄνθρωπον
2646 1452 2745 1507 οὐκ
2796 1450 2933 1506 ἔστιν
2989 1450 3069 1518 ἓν,
3101 1448 3214 1505 οὐδ’
3271 1449 3410 1505 ἐστὶν
3467 1448 3523 1503 ’ἐν
3584 1448 3666 1525 ὑφ’
3717 1442 3819 1501 ὅτου

2204 1550 2371 1601 νοσεῖ.
2407 1544 2467 1598 Εἰ
2498 1541 2555 1597 δὲ
2609 1544 2682 1616 μὴ
2744 1539 2883 1596 ἔστιν
2942 1540 2997 1595 ’ἐν
3059 1541 3145 1620 ὑφ’
3176 1539 3304 1595 ὅτου
3342 1544 3508 1595 νοσεῖ.
3562 1538 3657 1593 οὐκ
3706 1533 3818 1593 ἔστιν

2208 1632 2417 1694 ἁπλοῦς
2470 1634 2497 1686 ὁ
2547 1628 2830 1707 ἅνθρωπος
2883 1631 2974 1685 καὶ
3031 1629 3338 1691 ἀσύνθετος.
3387 1630 3456 1684 Εἴ
3501 1628 3562 1683 τὸ
3620 1627 3818 1699 ἰώμενον

2206 1721 2308 1795 ἄρα
2345 1726 2605 1777 νοσοῦντα
2660 1722 2752 1775 τὸν
2786 1718 3065 1796 ἄνθρωπον
3099 1718 3198 1773 οὑκ
3254 1717 3394 1773 ἔστιν
3448 1716 3531 1789 ἓν,
3563 1716 3658 1772 οὑκ
3708 1714 3822 1770 ἔστιν

2206 1811 2413 1873 ἁπλοῦς
2450 1812 2477 1865 6
2510 1806 2790 1883 ἄνθρωπος
2823 1809 2912 1864 καὶ
2939 1808 3248 1873 ἀσύνθετος.

525 1898 679 1998 898
708 1898 799 1953 20.
831 1897 1065 1998 Primus
1094 1899 1835 1998 modus-hypotheticorum
1861 1900 1967 1998 qui
2001 1917 2095 1998 se:
2128 1934 2153 1998 Ι

2276 1902 2340 1955 κ’.
2376 1905 2603 1977 Πρῶτος
2652 1899 2852 1975 τρόπος
2914 1903 3022 1954 τῶν
3096 1898 3429 1952 ὑποθετικῶν
3481 1896 3509 1951 6
3554 1895 3683 1951 κατὰ
3724 1914 3824 1949 συν-

453 1988 714 2044 cundum
741 1986 1185 2043 continuitatem
1202 1988 1490 2059 positione
1512 1989 1907 2045 antecedentis
1921 1989 2098 2045 simul

446 2075 602 2133 tollit
619 2076 1322 2149 consequensQSecundus
1354 2078 1564 2132 modus
1590 2077 2098 2149 bypotheticorum

451 2165 552 2239 qui
575 2166 901 2222 secundum
924 2164 1367 2221 continuitatem
1400 2167 1721 2222 remotione
1742 2184 2099 2239 consequen-

449 2253 530 2312 tis
557 2261 818 2311 removet
847 2255 1217 2310 antecedens.
1247 2255 1481 2311 Tertius
1514 2257 1725 2311 modus
1764 2256 2099 2329 hypotheti-

451 2359 656 2401 corum
688 2343 790 2415 qui
822 2344 1149 2399 secundum
1181 2343 1523 2399 distantiam
1553 2362 1622 2400 ex
1650 2346 1919 2416 negativa
1948 2362 2103 2401 com-

457 2430 725 2507 plexione
776 2436 1057 2487 constans
1085 2432 1263 2487 unius
1294 2449 1495 2488 eorum
1529 2450 1656 2505 quae
1688 2438 1826 2489 sunt
1869 2436 1927 2489 in
1960 2451 2102 2490 con-

457 2525 739 2595 sequente
767 2520 1075 2593 positione,
1105 2519 1396 2592 reliquum
1441 2529 1541 2577 aut
1570 2522 1798 2595 reliqua
1826 2529 2100 2580 removet.

456 2610 711 2676 Quartus
741 2609 1249 2683 bypotheticorum
1274 2610 1373 2683 qui
1404 2612 1729 2667 secundum
1762 2613 2103 2668 distantiam

454 2717 526 2757 ex
554 2699 908 2773 disjunctivo
956 2704 1233 2756 constans
1263 2701 1441 2755 unius
1473 2717 1675 2756 eorum
1707 2718 1835 2772 quae
1874 2708 2013 2757 sunt
2042 2703 2103 2757 in

455 2793 849 2861 consequente
879 2788 1187 2860 positione,
1216 2788 1441 2861 reliqua
1492 2789 1664 2845 tollit.
1698 2790 1948 2855 Quintus
1980 2808 2105 2848 mo-

453 2878 567 2935 dus
616 2876 1127 2952 hypotheticorum
1160 2878 1261 2949 qui
1310 2879 1637 2934 secundum
1668 2879 2007 2936 distantiam
2039 2897 2107 2936 ex

452 2966 811 3039 disjunctivo
867 2970 1146 3023 constans
1176 2967 1496 3023 remotione
1540 2968 1718 3024 unius
1746 2985 1946 3024 eorum
1979 2986 2106 3041 qua;

452 3059 596 3112 sunt
650 3054 710 3110 in
741 3060 1137 3127 consequente
1192 3059 1295 3111 aut
1351 3055 1599 3111 aliorum
1658 3063 1866 3128 praeter
1922 3075 2107 3114 unum

446 3144 625 3202 infert
681 3143 1000 3217 reliquum.
1058 3144 1269 3200 Sextus
1326 3145 1538 3200 modus
1597 3144 2105 3218 hypotheticorum

2209 1991 2408 2066 έχειαν,
2441 1993 2509 2063 τῇ
2552 1989 2689 2052 Θέσει
2738 1991 2834 2042 τοῦ
2882 1986 3194 2062 ἡγουμένου
3247 1987 3573 2061 συνεισάγων
3628 1984 3685 2039 τὸ
3720 1982 3825 2038 ἑπό-

2214 2100 2394 2153 μενον.
2458 2077 2714 2152 Δεύτερος
2768 2077 2972 2153 τρόπος
3050 2080 3158 2131 τῶν
3246 2075 3580 2130 ὑποθετικῶν
3637 2074 3664 2128 6
3714 2073 3827 2127 κατὰ

2210 2171 2509 2245 συνέχειαν,
2562 2171 2631 2241 τῇ
2693 2165 2959 2242 ἀναιρέσει
3023 2169 3122 2220 τοῦ
3198 2164 3469 2238 ἑπομένου
3535 2164 3826 2238 συναναιρῶν

2206 2260 2269 2314 τὸ
2299 2257 2625 2333 ἡγούμενον.
2656 2256 2851 2331 Τρίτος
2878 2254 3083 2330 τρόπος
3111 2258 3218 2309 τῶν
3270 2254 3602 2318 ὑποθετικῶν
3651 2253 3677 2307 6
3717 2249 3830 2305 κατᾶ

2211 2345 2507 2415 διάστασιν,
2557 2344 2608 2416 ἐξ
2657 2345 3000 2423 ἀποφατικῆς
3055 2341 3384 2416 συμπλοκῆς
3433 2346 3502 2417 τῇ
3559 2342 3690 2406 θέσει
3738 2341 3827 2393 τῶν

2208 2440 2306 2491 τοῦ
2373 2436 2636 2507 ἑπομένου
2703 2433 2820 2496 ἑνὸς
2880 2434 3113 2509 ἀναιρῶν
3171 2432 3235 2486 τὸ
3287 2429 3537 2506 ἓτερονῆ
3571 2431 3635 2484 τὰ
3678 2425 3827 2503 ἕτερα.

2210 2524 2470 2600 Τέταρτος
2508 2522 2709 2596 τρόπος
2764 2544 2872 2577 των
2928 2523 3260 2576 ὑποθετικῶν
3320 2521 3348 2574 6
3398 2520 3535 2576 κατὰ
3591 2516 3826 2574 διάστασιν

2213 2613 2273 2668 ἐκ
2304 2611 2695 2682 διαζευκτικοῦ,
2728 2616 2796 2685 τῇ
2830 2610 2970 2666 θέσει
3012 2615 3118 2665 τῶν
3166 2614 3264 2665 τοῦ
3313 2609 3583 2683 ἑπομένου
3638 2608 3741 2669 ἑνὸς
3779 2606 3830 2660 τὸ

2215 2703 2410 2759 λοιπὸν
2466 2703 2720 2777 ἀναιρῶν,
2754 2702 2787 2770 ἣ
2835 2700 2902 2755 τὰ
2950 2698 3137 2757 λοιπά.
3188 2698 3451 2772 Πέμπτος
3502 2697 3697 2773 τρόπος
3741 2698 3828 2749 τῶν

2217 2793 2544 2847 ὑποθετικῶν
2605 2791 2632 2844 ὁ
2691 2790 2827 2845 κατά
2900 2786 3171 2843 διάστασιν
3227 2786 3287 2843 ἐκ
3342 2784 3727 2858 διαζευκτικοῦ,
3774 2786 3830 2856 τῇ

2216 2880 2479 2954 ἀναιρέσει
2508 2883 2612 2933 τῶν
2662 2882 2759 2933 τοῦ
2818 2878 3087 2950 ἑπομένου
3146 2877 3284 2948 ἑνὸς,
3318 2878 3351 2945 ἣ
3381 2877 3473 2932 καὶ
3527 2881 3629 2931 τῶν
3676 2871 3834 2929 ἄλλων

2216 2969 2361 3042 παρὰ
2390 2969 2451 3022 τὸ
2480 2967 2556 3038 ἓν,
2591 2967 2850 3044 εἰσφέρων
2884 2966 2947 3020 τὸ
2998 2964 3216 3021 λοιπόν.
3247 2967 3443 3029 Ἕκτος
3498 2965 3693 3042 τρόπος
3744 2964 3831 3016 τῶν

2219 3058 2549 3112 ὑποθετικῶν
2608 3057 2636 3110 6
2696 3054 2745 3128 ἐξ
2805 3052 2949 3109 ὅλων
3040 3055 3337 3110 ὑποθέσεων
3428 3054 3705 3123 συνεστὼς,
3762 3047 3835 3104 καὶ

2216 3144 2556 3219 καλούμενος
2587 3142 2655 3200 δι’
2686 3143 2820 3199 ὅλου
2854 3143 3189 3206 ὑποθετικός.

459 3233 564 3308 qui
593 3249 663 3291 ex
691 3233 831 3291 totis
861 3233 1288 3307 hypothesibus
1319 3238 1550 3290 constat
1579 3240 1636 3289 et
1662 3252 1728 3290 ex
1758 3240 1879 3292 toto
1908 3236 2321 3310 hypotheticus
2350 3240 2609 3294 vocatur.

1146 3446 1354 3515 Tabula
1382 3449 1578 3519 capiti:
1605 3449 1693 3517 36,
1727 3450 1802 3506 De
1829 3448 2189 3522 hypotheticis
2215 3465 2311 3506 seu
2337 3448 2804 3506 conditionalibus
2834 3448 3183 3521 syllogismis.

1313 3608 1656 3664 antecedens
1729 3617 1782 3666 et
1856 3626 2057 3668 conse-

455 3680 660 3739 Omnis
698 3679 1063 3752 syllogismus
1105 3677 1231 3752 by—)
1386 3695 1588 3750 quens,

571 3750 892 3826 potheticus
921 3750 1088 3807 habet
1150 3750 1162 3752 ἡ
1208 3750 1230 3826 )
1313 3754 1759 3826 assumptionem
1813 3762 1866 3810 et
1914 3769 2056 3810 con-

1387 3822 1727 3881 clusionem.

1312 4019 1432 4076 Duo
1484 4021 1805 4099 secundum
1852 4023 2033 4080 conti-
2075 3963 2100 4099 ς

1513 4093 1789 4149 unitatem

1310 4536 1445 4592 Tres
1470 4538 1780 4592 secundum
1812 4537 2027 4594 distan-

525 4610 830 4652 μυιιιῠιιυυι
847 4610 940 4635 υιιι
953 4610 1233 4649 διιυιιουλΧ
1603 4610 1735 4663 tiam

521 4651 681 4709 modi
1230 4650 1242 4709 l

451 4507 607 4566 860
620 4506 1086 4579 Syllogismorum
1100 4006 1249 4649 ης

523 4579 940 4649 potheticorum
953 4582 1088 4635 sunt
1099 4593 1194 4633 sex

523 4579 940 4652 potheticorum
953 4582 1088 4635 sunt
1099 4593 1194 4633 sex

1196 4650 1242 5225 (
1309 5049 1465 5105 Unus
1493 5064 1562 5105 ex
1595 5054 1709 5105 toto
1750 5049 2027 5121 hypothe-

1407 5121 1552 5177 ticus
1583 5122 1679 5191 qui
1708 5123 1953 5179 ostendit

1407 5121 1552 5177 ticus
1583 5122 1679 5191 qui
1708 5123 1953 5179 ostendit

445 5315 766 5375 Inlduobus

560 5386 1023 5461 ypotheticorum
1101 5390 1198 5461 qui

520 5459 684 5532 sunt"
700 5460 1013 5515 secundum
1028 5462 1045 5532 ζ
1059 5459 1196 5517 con-

520 5528 845 5585 tinuitatem
894 5528 1198 5589 sumuntur

795 5317 994 5401 primis
1012 5318 1199 5401 modis

519 5317 766 5444 Eduobus
795 5317 994 5401 primis
1012 5318 1199 5375 modis

560 5386 1023 5459 ypotheucorum
1101 5390 1198 5461 qui

520 5459 684 5514 sunt'
700 5460 1013 5515 secundum
1028 5462 1045 5532 ζ
1059 5476 1196 5517 con-

520 5528 845 5655 tiquitatem
894 5539 1198 5589 sumuntur

519 5615 585 5656 ve

2173 3952 2223 4006 1.

2169 4094 2224 4148 2.

2169 4290 2219 4344 1.

2166 4504 2219 4557 2.

2167 4716 2220 4769 3.

3131 3607 3572 3665 continuitatem
3596 3613 3645 3664 et
3673 3606 3839 3662 dicun-

3203 3687 3293 3735 tur
3321 3695 3672 3744 connexum;

3131 3750 3465 3807 distantiam
3513 3758 3568 3807 et
3614 3751 3844 3807 dicuntur

3205 3822 3579 3893 disjunctum.

2207 3610 2341 3667 Haec
2399 3610 2512 3665 duo
2569 3608 2931 3680 proferuntur

2277 3682 2589 3738 secundum
2618 3681 2706 3737 vel

3078 3662 3111 3887 ἱ

2258 3949 2365 4016 Qui
2421 3948 2704 4020 positione
2759 3945 3146 4004 antecedentis
3202 3945 3373 4003 simul
3442 3947 3613 4005 infert
3670 3955 3842 4001 conse-

2257 4036 2709 4219 ιιῗιξίιιοῑὶοιιε
2752 4089 3154 4161 consequentis
3200 4089 3373 4146 simul
3423 4093 3669 4147 removet
3710 4090 3844 4142 ante-

2277 4180 2342 4219 ce
2385 4179 2506 4219 ens.

2277 4179 2506 4221 cedens.

2256 4289 2337 4344 Ex
2369 4288 2628 4359 negativa
2656 4285 3053 4359 complexione
3090 4290 3362 4341 constans
3401 4285 3676 4359 positione
3704 4280 3842 4359 unius

2273 4357 2468 4416 eorum
2501 4375 2623 4429 quae
2656 4365 2788 4413 sunt
2826 4358 2887 4413 in
2918 4363 3323 4429 consequente,
3355 4357 3634 4429 reliquum
3661 4358 3747 4409 aut
3772 4362 3841 4405 re-

2277 4447 2383 4499 qua
2412 4437 2682 4487 removet.

2255 4498 2337 4557 E’x
2393 4502 2735 4575 disjunctivo
2793 4506 3064 4555 constans
3121 4498 3405 4575 positione
3459 4499 3628 4555 unius
3674 4502 3840 4575 eorum

2280 4590 2407 4642 quae
2467 4565 2598 4627 sunt
2640 4571 2701 4628 in
2734 4565 3141 4641 consequente;
3180 4570 3463 4641 reliquum
3517 4575 3612 4625 aut
3657 4565 3841 4632 reliqua

2278 4648 2547 4700 removet.

2256 4717 2335 4771 Ex
2381 4715 2723 4785 disjunctivo
2772 4720 3059 4782 constans,
3108 4713 3422 4769 remotione
3466 4711 3634 4767 unius
3675 4714 3839 4764 eorum

2275 4803 2399 4857 quae
2433 4793 2565 4857 sunt
2598 4786 2657 4841 in
2688 4793 3073 4857 consequente
3092 4785 3452 4842 autaliorum
3475 4790 3670 4855 prater
3691 4785 3838 4835 unum

2277 4856 2446 4913 infert
2475 4856 2781 4929 reliquum.

2172 5020 2223 5073 1.
2257 5020 2378 5085 Quo
2410 5018 2684 5074 existente
2712 5015 2800 5072 vel
3052 4985 3073 5118 ἱ
3395 4979 3514 5107 ξίίξξι
3540 5049 3629 5105 δίε,

2166 5162 2221 5215 2.
2256 5161 2375 5227 Quo
2409 5175 2527 5216 non
2556 5160 2832 5216 existente
2870 5166 2953 5215 est
3051 5128 3077 5279 ἓ
3396 5123 3485 5250 ii“);

1307 5391 1651 5448 antecedens
1680 5398 1733 5445 et
1763 5404 2118 5460 consequens
2146 5390 2314 5446 ambo
2346 5390 2431 5445 vel

3131 5195 3184 5247 2.
3220 5192 3366 5260 Quid
3398 5208 3515 5250 non
3542 5190 3630 5246 sit.

3128 5316 3483 5385 atﬁrmativa,

3049 5318 3073 5532 έ
3129 5458 3409 5531 negativa.

3129 5458 3409 5531 negativa.

1306 5553 1649 5609 antecedens
1678 5550 2085 5606 afﬁrmalivum
2116 5556 2168 5605 et
2198 5565 2554 5618 consequens
2584 5548 2928 5617 negativum.

1307 5625 1648 5680 antecedens
1677 5623 2022 5694 negativum,
2057 5636 2416 5692 consequens
2444 5621 2867 5678 aiiirmativum.
