4094 6442
304 450 424 523 981
1679 452 2032 519 EPITOME
2073 450 2386 518 LOGICA.
3597 441 3716 506 982

1430 643 1527 698 87
1536 642 1586 699 0
1626 641 1967 699 SYNOPSIS
2004 641 2286 697 CAPITlS
2322 638 2588 696 XXXVII.

1327 766 1479 815 QUOD
1546 767 1646 807 EST
1711 766 1783 805 DE
1847 764 2223 805 SOPHISMATIS
2287 764 2346 802 IN
2413 762 2690 804 DICTIONE.

310 877 495 959 1.S_e:c
539 880 825 959 enumerat
853 890 973 948 qua
1024 874 1345 959 sophisticae
1382 877 1443 931 in
1482 875 1719 959 dictione
1743 872 2011 959 .eleachos
2056 875 2282 959 faciem.
2311 904 2379 913 -—
2430 873 2486 926 2.
2516 873 2787 959 Primum,
2820 867 3047 959 modum
3079 862 3518 959 'fOphoslg'cozum
3563 858 3711 959 elen-

380 956 611 1031 chog‘um
661 964 733 1004 ea:
759 930 1110 1031 horrzioiiynz'id
1150 949 1588 1031 per_exemplurn
1638 946 1877 1031 declarat
1917 955 1968 1002 et
2013 930 2244 1031 oétcndit
2296 961 2411 1027 qua.
2446 945 2677 1031 ratione.
2706 930 3251 1031 solvenduszsitk'—
3403 930 3714 1031 Secui’iduin

378 1002 600 1102 se...
627 1002 1081 1102 εᾱεῖαηιριιξδιιίςι
1134 1002 1593 1102 enemy—1.4.
1628 1018 1956 1102 secundem.
1983 1016 2204 1102 modum
2244 1002 2517 1102 ιίρεέηις».
2545 1015 2856 1102 ἀίειίπριξίτ-
2890 1043 2960 1051 -
2996 1011 3050 1064 ⁵ο
3107 1006 3417 1102 οςσαραίίον
3461 1003 3605 1102 “"3?
3651 1002 3715 1056 ίη

380 1090 757 1174 hoc_sc§undo
803 1074 960 1146 niodo
1006 1074 1757 1174 signiﬁcationisndinversitai
1804 1089 2104 1174 cooriotur:
2156 1119 2229 1174 —-.
2256 1074 2333 1142 6.’
2364 1074 2880 1174 Tertium'moc'ium
2907 1081 3161 1174 proporat:
3190 1074 3262 1164 eoi
3306 1074 3710 1146 compositione.

377 1196 447 1206 —
562 1164 833 1247 Quaﬁtuin
863 1178 947 1247 ea:
992 1151 1280 1218 diuisione.
1312 1193 1380 1247 -_—
1426 1162 1481 1218 8.
1512 1162 1761 1247 Ostendit
1805 1162 1873 1247 ao
1897 1161 2027 1216 aliis
2072 1161 2168 1247 hos.
2195 1159 2327 1243 deos
2368 1158 2554 1247 modos
2599 1151 2947 1247 elenchorm'n
2993 1151 3412 1247 s’pfphigticprum
3460 1160 3561 1247 ρνὲ
3604 1158 3717 1198 ιιηο

372 1216 1033 1365 ἔρεφῖξὲηξξςὶξηραίὴιιιηι
1062 1216 1402 1291 Vcaiaccentu
1445 1216 1696 1306 proponit
1749 1232 1971 1289 modum
2009 1232 2432 1303 sophisticorum
2476 1229 2844 1287 elcnchorum.
2896 1257 2964 1267 —-
3014 1216 3099 1279 10.
3134 1221 3359 1277 Sextum
3405 1216 3480 1274 ea:
3525 1216 3717 1288 ﬁgura

924 1602 1179 1655 ΚΕΦΔΛ.
1222 1600 1340 1656 ΛΖ’.

555 1687 689 1765 Περὶ
717 1692 826 1743 τῶν
856 1689 1004 1765 παρὰ
1028 1688 1128 1758 τὴν
1169 1686 1309 1761 λέξιν
1345 1686 1713 1765 σοφισμάτων.

375 1777 444 1836 α’.
501 1779 577 1832 Τὰ
647 1782 909 1833 ποιοῦντα
983 1775 1113 1840 τοὺς
1178 1776 1521 1856 σοφιστικοὺς
1582 1776 1851 1851 ἐλέγχους
1904 1771 1959 1845 ἱέξ

302 1866 438 1923 εἰσιν
492 1867 544 1922 ἐν
600 1870 670 1941 τῇ
729 1864 893 1938 λέξει,
955 1866 1268 1941 ὁμωνυμία,
1323 1861 1652 1945 ἀμφιϐολία,
1696 1864 1956 1936 σύνθεσις,

304 1952 587 2031 διαίρεσις,
617 1952 922 2033 προσῳδίαι,
951 1957 1145 2031 σχῆμα
1176 1953 1396 2029 λέξεως.

380 2135 445 2211 β’.
504 2135 659 2211 Παρά
710 2134 810 2204 τὴν
872 2132 1189 2209 ὁμωνυμίαν
1241 2133 1334 2206 μὲν
1394 2132 1653 2211 σόφισμω
1706 2133 1843 2205 υἶον,
1883 2133 1959 2187 Τὰ

304 2221 494 2281 δέοντα
551 2221 723 2301 ἀγαθά
779 2222 912 2280 ἐστι.
971 2223 1046 2278 Τὰ
1099 2223 1238 2278 κακὰ
1289 2220 1477 2278 δέοντά
1525 2222 1656 2280 ἐστι.
1708 2222 1785 2277 Τὰ
1822 2221 1959 2276 κακά

303 2313 410 2388 ἄρα
454 2311 627 2390 ἀγαθά
674 2312 849 2369 ἐστιν.
885 2312 1206 2386 Ὁμώνυμον
1248 2310 1473 2367 ἐνταῦθα
1516 2312 1579 2366 τὸ
1623 2308 1960 2381 δέον.Δηλοῖ

301 2403 407 2478 γὰρ
455 2402 519 2458 τὸ
567 2401 703 2480 πρός
750 2424 802 2457 τι
854 2404 1134 2478 χρήσιμον
1188 2401 1278 2456 καὶ
1320 2401 1383 2456 τὸ
1413 2402 1530 2465 καθ’
1562 2400 1692 2455 αὐτὸ
1736 2399 1952 2475 ἀγαθόν.

303 2493 390 2548 Ἐν
431 2492 524 2564 μὲν
577 2491 669 2546 οὖν
718 2495 787 2565 τῇ
847 2490 1092 2546 ἐλάττονι
1147 2491 1403 2567 προτάσει
1461 2494 1530 2564 τῇ
1581 2488 1834 2565 λεγούσῃ,
1885 2490 1958 2544 Τὰ

303 2580 444 2636 κακὰ
475 2577 685 2650 δέοντα,
734 2581 797 2635 τὸ
848 2577 967 2636 δέον
1022 2580 1139 2635 ἀντὶ
1164 2585 1261 2635 τοῦ
1299 2580 1581 2656 χρησίμου
1606 2576 1953 2656 παρείληται.

304 2669 616 2747 Χρημάτων
692 2669 797 2746 γὰρ
882 2670 1191 2747 ἀφαιρέσεις
1227 2714 1241 2739 ,
1319 2668 1410 2724 καὶ
1489 2668 1782 2744 καθείρξεις
1866 2669 1956 2722 καὶ

308 2758 588 2835 μάστιγες,
646 2758 740 2813 καὶ
792 2759 862 2813 τὰ
915 2763 1175 2828 τοιαῦτα,
1232 2760 1350 2822 καθ’
1407 2757 1541 2813 αὐτὰ
1589 2753 1718 2812 ὄντα
1770 2759 1908 2812 κακὰ
1941 2802 1954 2828 ,

303 2848 561 2925 χρήσιμά
632 2846 742 2910 ἐςτι
799 2847 935 2924 πρὸς
992 2846 1120 2910 τοὺς
1176 2844 1465 2920 δεομένους
1522 2850 1906 2924 σωφρονισμοῦ
1941 2889 1953 2902 .

302 2937 453 2993 Κατὰ
499 2934 555 2992 δὲ
611 2936 711 3005 τήν
762 2935 929 3009 μείζω
982 2935 1263 3013 πρότασιν,
1314 2935 1525 3013 λέγεται
1579 2937 1643 2991 τὸ
1692 2933 1827 3007 δέον,
1880 2934 1956 2998 ὡς

304 3026 425 3083 καθ’
458 3025 589 3081 αὐτὸ
620 3025 841 3102 ἀγαθόν.
874 3024 973 3080 Καὶ
1012 3024 1186 3088 οὕτως
1235 3024 1296 3079 ἐκ
1338 3032 1438 3094 τῆς
1489 3024 1807 3098 ὁμωνυμίας
1840 3020 1961 3099 εὗρε

310 3115 499 3193 χώραν
533 3115 562 3169 6
591 3113 1033 3191 παραλογισμός.
1067 3114 1183 3189 Χρὴ
1227 3112 1426 3182 τοίνυν,
1478 3112 1788 3185 ὁμωνύμων
1822 3111 1958 3188 ἐρω-

309 3203 597 3278 τωμένων,
668 3200 1005 3259 διαστέλλειν
1059 3204 1128 3256 τὰ
1190 3201 1566 3276 σημαινόμενα
1597 3246 1612 3273 ,
1670 3200 1759 3256 καὶ
1817 3200 1960 3256 οὕτω

307 3294 412 3363 τὴν
466 3291 752 3368 ἀπόκρισιν
823 3289 1040 3371 ἀσφαλῆ
1100 3293 1460 3365 ποιουμένους
1493 3338 1507 3363 ,
1554 3291 1645 3346 τὸν
1706 3290 1963 3368 σοφιστὴν
2006 3344 2009 3347 .

309 3380 732 3459 ἀποκρούεσθαι.
765 3385 992 3456 Πρῶτος
1027 3380 1121 3455 μὶν
1155 3379 1246 3436 οὖν
1279 3381 1568 3457 σοφισμὸς,
1618 3381 1646 3434 6
1676 3381 1823 3456 παρά
1860 3380 1959 3448 τὴν

309 3470 628 3547 ὁμωνυμίαν
657 3469 789 3529 έστί.

380 3562 450 3638 γ’.
512 3558 769 3636 Δεύτερος
828 3560 857 3614 ὁ
914 3559 1061 3636 παρὰ
1098 3560 1197 3627 τήν
1249 3553 1603 3636 ἀμφιϐολίαν·
1659 3558 1793 3631 οἷον,
1841 3558 1965 3632 ⁷Αρ²

313 3651 345 3707 ὃ
374 3649 632 3726 γινώσκει
680 3669 783 3721 τις,
834 3652 995 3704 τοῦτο
1042 3649 1297 3724 γινώσκει
1329 3667 1342 3718 ;
1378 3648 1632 3703 Γινώσκει
1682 3644 1740 3702 δέ
1781 3667 1864 3710 τις
1904 3646 1965 3700 τὸ

314 3737 497 3815 ξύλον.
559 3737 633 3794 Τὸ
692 3735 853 3809 ξύλον
912 3735 1015 3814 ἄρα
1064 3737 1337 3814 γινώσκει.
1385 3737 1457 3791 Τὸ
1498 3737 1750 3813 γινώσκει
1808 3733 1970 3813 ἀμφί-

317 3822 508 3884 ϐολον.
559 3824 632 3882 Οὐ
681 3826 785 3902 γάρ
835 3824 947 3881 ἐστι
996 3827 1180 3903 σαφὲς,
1218 3826 1446 3901 πότερον
1498 3827 1526 3880 6
1554 3826 1832 3901 γινώσκων
1884 3821 1971 3878 λέ-

318 3937 471 3994 γεται
525 3914 834 3991 γινώσκειν,
893 3912 931 3985 ἤ
986 3915 1050 3970 τὸ
1106 3914 1509 3990 γινωσκόμενον
1570 3914 1705 3969 εἶναι
1767 3914 1830 3968 τὸ
1885 3934 1971 3988 γι-

317 4009 551 4061 νῶσκον.
586 4004 687 4059 Καὶ
714 4001 903 4059 πάλινο
955 4004 1076 4080 Ἆρ’
1122 4000 1235 4059 ἔστι
1283 4008 1517 4079 σιγῶντα
1549 4003 1727 4079 λέγειν
1764 4022 1778 4072 ;
1811 4001 1970 4078 Οὐχί.

317 4094 380 4150 Τί
431 4090 478 4149 δ’
530 4091 656 4149 ὅταν
702 4090 838 4169 λέγῃ
881 4113 967 4155 τις
1015 4091 1148 4163 ξύλα
1191 4092 1281 4147 καὶ
1327 4090 1536 4162 λίθους,
1587 4090 1648 4146 οὐ
1698 4090 1846 4166 λέγει
1896 4110 1974 4143 σι-

319 4187 502 4259 γῶντα
533 4201 548 4252 ;
579 4187 765 4239 Ἔστιν
812 4177 938 4259 ἄρα·
971 4185 1202 4258 σιγῶντα
1258 4181 1434 4257 λέγειν
1463 4225 1478 4239 .
1538 4174 1970 4257 Ἀμφιϐἀλλεται

319 4272 383 4327 τὸ
412 4274 673 4348 σιγῶντα,
722 4275 828 4326 ποῦ
874 4271 1116 4326 τακτέον
1150 4270 1376 4348 πότερον
1425 4271 1562 4346 πρὸς
1599 4267 1691 4325 τὸν
1725 4267 1970 4345 λέγοντα,

1987 1599 2043 1666 Α

2624 1594 2854 1652 CAPUT
2890 1590 3158 1648 XXXVII.

2484 1688 2558 1742 De
2584 1684 2932 1757 saphismatis
2955 1683 3017 1736 in
3044 1680 3300 1735 dictione.

2140 1780 2192 1834 1.
2232 1782 2339 1833 Sex
2370 1780 2509 1832 sunt
2540 1792 2670 1847 qua:
2720 1770 3070 1845 sophisticos
3100 1765 3373 1824 elenchos
3405 1761 3624 1819 faciunt
3652 1760 3711 1816 in

2067 1866 2368 1934 dictione;
2420 1863 2797 1936 homonymia
2852 1855 3294 1933 (aequivocatio),
3355 1848 3717 1924 amphibolia

2066 1953 2489 2027 (ambiguitas),
2521 1949 2890 2022 compositio,
2919 1946 3148 2015 divisio,
3181 1942 3455 2017 prosodia
3484 1942 3716 2013 (accen-

2066 2044 2209 2116 tus),
2239 2044 2430 2115 ﬁgura
2457 2040 2751 2097 dictionis.

2139 2137 2197 2190 2.
2227 2138 2307 2189 Ex
2352 2129 2734 2203 homonymia
2782 2125 3131 2198 sophisma:
3184 2119 3433 2193 exempli
3480 2117 3715 2192 gratia:

2065 2222 2140 2277 Τὰ
2171 2218 2356 2276 δέοντα
2387 2223 2528 2276 sunt
2574 2216 2907 2274 bona.Mola
2936 2217 3075 2270 sunt
3117 2208 3323 2265 δέοντα.
3356 2207 3508 2266 Mala
3536 2207 3719 2279 igitur

2066 2314 2224 2369 bona
2254 2315 2412 2367 sunt.
2446 2308 2551 2364 Hic
2578 2307 2641 2371 τὸ
2675 2302 2792 2360 δέον
2825 2310 2915 2361 est
2960 2304 3405 2374 homonymum.
3437 2297 3718 2368 Designat

2067 2403 2224 2459 enim
2251 2406 2309 2457 et
2354 2399 2508 2471 quod
2541 2396 2683 2452 utile
2711 2400 2801 2451 est
2846 2394 2919 2449 ad
2953 2391 3196 2463 aliquid,
3230 2395 3288 2445 et
3315 2389 3471 2459 quod
3522 2402 3624 2457 per
3652 2401 3716 2441 se

2069 2493 2289 2548 bonum
2322 2488 2501 2545 est.In
2525 2485 2750 2542 minore
2771 2483 3009 2555 quidem
3039 2477 3435 2553 propositione
3464 2475 3715 2543 dicente,

2065 2580 2218 2637 Mala
2267 2582 2409 2634 sunt
2456 2572 2662 2641 δέοντα,
2692 2573 2754 2626 τὸ
2804 2568 2921 2626 δέον
2955 2572 3104 2627 371
3163 2585 3266 2640 pro
3299 2565 3429 2622 utili
3481 2578 3715 2620 assum-

2066 2671 2234 2739 ptum
2266 2662 2767 2721 est.Pecuniarum
2798 2659 2952 2714 enim
2985 2655 3406 2727 ademptiones,
3434 2657 3490 2709 et
3518 2667 3715 2708 carce-

2068 2774 2199 2812 rum
2232 2771 2413 2828 poena
2443 2757 2500 2808 et
2528 2753 2709 2824 ﬂagra
2736 2754 2794 2805 et
2823 2746 3134 2820 ejusmodi,
3170 2760 3303 2800 cum
3335 2758 3439 2814 per
3467 2758 3531 2797 se
3560 2739 3718 2796 mala

2069 2846 2208 2910 sint,
2259 2843 2427 2899 utilia
2476 2846 2676 2895 tamen
2722 2842 2863 2893 sunt
2906 2836 2979 2892 ad
3034 2851 3133 2891 eos
3182 2831 3285 2905 qui
3331 2828 3718 2902 castigatione

2068 2935 2356 3006 indigent.
2390 2933 2453 2987 In
2488 2930 2710 3000 majore
2741 2931 2935 2982 autem
2968 2921 3366 2996 propositione
3391 2918 3453 2972 τὸ
3486 2914 3603 2971 δέον
3635 2917 3723 2972 di-

2070 3005 2222 3080 citur
2251 3026 2315 3077 ut
2361 3037 2464 3093 per
2508 3035 2570 3075 se
2621 3017 2863 3072 bonum.
2895 3016 3081 3083 Atque
3121 3013 3203 3066 ita
3232 3026 3302 3066 ex
3344 3005 3725 3079 homonymia

2070 3111 2502 3184 paralogismus
2553 3105 2724 3177 (falsa
2781 3101 3168 3167 ratiocinatio)
3229 3099 3423 3155 locum
3480 3095 3722 3151 invenit.

2071 3201 2311 3272 Oportet
2341 3198 2523 3270 igitur
2552 3212 2688 3251 cum
2717 3195 3074 3265 homonyma
3102 3187 3406 3245 ratiocinio
3430 3186 3721 3241 inducun-

2072 3295 2170 3345 tur
2198 3288 2560 3359 distinguere
2581 3284 3109 3356 significata,atque
3130 3278 3214 3335 sic
3234 3277 3467 3332 ﬁrmam
3489 3290 3726 3346 respon-

2076 3380 2299 3436 sionem
2331 3375 2595 3432 faciendo
2630 3371 2954 3444 sophistam
2986 3367 3285 3441 repellere.
3320 3364 3582 3421 Primum
3611 3360 3726 3435 igi-

2076 3473 2195 3533 tur,
2229 3468 2335 3522 hoc
2366 3482 2436 3521 ex
2463 3460 2845 3534 homonymia
2872 3458 3177 3531 sophisma
3205 3459 3314 3511 est.

2151 3561 2206 3615 3.
2236 3557 2569 3613 Secundum
2620 3571 2690 3610 ex
2718 3550 3124 3624 ambiguitate.
3154 3547 3347 3614 Velut,
3377 3545 3530 3601 Num
3571 3540 3727 3614 quod

2082 3647 2297 3720 aliquis
2328 3644 2649 3718 cognoscit,
2683 3642 2791 3697 hoc
2834 3636 3172 3712 cognoscit?
3198 3633 3506 3708 Cognoscit
3534 3635 3731 3688 autem

2083 3737 2300 3810 aliquis
2349 3735 2599 3808 lignum.
2633 3733 2779 3800 Ergo
2810 3729 3039 3802 lignum
3071 3723 3401 3799 cognoscit;
3430 3720 3494 3776 16
3519 3736 3733 3791 cogno-

2084 3807 2200 3884 scit
2218 3829 2309 3881 est
2334 3807 2701 3895 ambiguum.
2735 3819 2861 3877 Non
2893 3816 3050 3873 enim
3075 3818 3305 3870 constat
3328 3815 3527 3867 utrum
3556 3808 3609 3865 is
3635 3807 3738 3880 qui

2085 3913 2407 3988 cognoscit,
2438 3912 2667 3967 dicatur
2708 3920 3095 3979 cognoscere;
3128 3920 3201 3958 an
3232 3901 3388 3974 quod
3435 3895 3739 3970 cognosci-

2086 3987 2339 4072 tur,esse
2369 4014 2751 4073 cognoscens.
2773 3997 2844 4051 Et
2871 4010 3078 4049 rursus
3107 4008 3120 4047 :
3154 3991 3310 4047 Num
3340 3988 3478 4045 licet
3505 3987 3743 4059 σιγῶντα

2087 4090 2325 4149 dicere?
2373 4089 2523 4144 Non.
2576 4086 2746 4157 Quid,
2800 4100 2873 4140 an
2923 4098 3057 4138 cum
3105 4080 3239 4152 quis
3287 4077 3430 4133 dicit
3476 4074 3638 4146 ligna
3683 4076 3744 4128 et

2086 4181 2333 4254 lapides,
2368 4192 2563 4233 nonne
2607 4175 2749 4230 dicit
2780 4175 3017 4245 σιγῶντα
3038 4170 3067 4225 ?
3095 4169 3254 4224 Licet
3280 4166 3464 4239 igitur
3502 4164 3742 4236 σιγῶντα

2089 4251 2300 4326 dicere.
2353 4263 2727 4338 Ambiguitur
2769 4260 2834 4314 τὸ
2881 4261 3119 4333 σιγῶντα
3165 4273 3281 4328 quo
3329 4251 3745 4309 referendum?

321 4357 449 4431 ἤτοι
482 4341 579 4415 τὸν
625 4341 935 4436 ἄνθρωπον,
983 4356 1020 4430 ἤ
1057 4358 1194 4437 πρὸς
1241 4341 1310 4415 τά
1355 4341 1647 4435 λεγόμενα,
1694 4341 1862 4433 ἤγουν
1910 4357 1970 4411 τὰ

2090 4359 2164 4416 ad
2197 4356 2585 4420 dicentemne,
2620 4351 2740 4408 sive
2771 4349 3073 4406 hominem
3101 4363 3115 4414 ;
3146 4361 3220 4400 an
3249 4358 3384 4398 vero
3414 4341 3485 4397 ad
3517 4355 3586 4396 ea
3615 4353 3745 4411 quae

320 4450 635 4526 πράγματα.

397 4535 462 4595 δ’.
497 4539 793 4613 Διενήνοχε
839 4534 899 4593 δὲ
944 4542 1043 4593 τοῦ
1089 4537 1237 4614 παρά
1276 4538 1374 4607 τὴν
1426 4538 1745 4610 ὁμωνυμιαν
1778 4534 1979 4610 νρόπου

325 4628 355 4682 ὁ
385 4628 533 4699 παρὰ
559 4626 661 4696 τὴν
706 4621 1072 4706 ἀμφιϐολίαν
1124 4626 1206 4680 ὅτι
1238 4626 1267 4680 ὁ
1320 4626 1415 4700 μὲν
1460 4627 1608 4702 παρὰ
1633 4625 1732 4693 τὴν
1767 4625 1980 4697 ὁμωνυ-

332 4717 461 4791 μίαν
515 4714 569 4787 έξ
625 4715 793 4771 αὐτοῦ
847 4721 946 4771 τοῦ
1008 4715 1276 4790 ὀνόματος
1330 4713 1562 4794 διάφορα
1616 4713 1980 4788 σημαίνοντος

323 4806 424 4875 τὴν
481 4804 694 4876 ἀπάτην
749 4804 970 4882 εἰσάγει·
1003 4806 1032 4860 ὁ
1077 4803 1135 4860 δὲ
1186 4806 1334 4883 παρὰ
1385 4805 1484 4872 τὴν
1542 4798 1877 4882 ἀμφιϐολίαν
1924 4802 1985 4857 ἐκ

323 4897 423 4950 τοῖ’)
468 4891 644 4969 λόγου
691 4899 930 4950 ποιεῖται
975 4896 1076 4965 τὴν
1125 4893 1357 4966 πλάνην,
1407 4891 1706 4965 δηλοῦντος
1751 4890 1858 4967 οὐχ
1902 4887 1982 4949 ἓν.

327 4981 675 5054 Ἐκληπτέον
730 4980 788 5038 δὲ
838 4983 1004 5059 λόγον
1055 4983 1280 5039 ἐνταῦθα
1322 4983 1423 5052 τήν
1469 4986 1577 5037 τῶν
1620 4981 1813 5052 λέξεων
1864 4978 1985 5035 σύν-

328 5070 505 5145 ταξιν,
563 5066 746 5145 ϐνομα
793 5069 851 5127 δὲ
890 5073 992 5141 τὴν
1041 5070 1184 5141 λέξιν
1224 5069 1434 5134 ἁπλῶς.
1485 5071 1555 5125 Τὸ
1588 5071 1681 5144 μὲν
1714 5070 1817 5146 γὰρ
1865 5067 1982 5124 δέον

333 5158 502 5232 δηλοῖ
528 5159 706 5216 πλείω
735 5161 872 5216 κατὰ
898 5166 1070 5216 πᾶσαν
1100 5164 1305 5216 πτῶσιν
1358 5158 1836 5233 μετακλινόμενον,
1869 5156 1985 5212 ὅθεν

327 5249 419 5305 καὶ
451 5249 749 5323 ὁμώνυμον
779 5247 1013 5326 λέγεται.

400 5338 460 5395 ε’.
492 5338 566 5392 Τὸ
601 5334 660 5393 δὲ
687 5339 941 5413 γινώσκει
969 5338 1061 5394 καὶ
1100 5338 1164 5392 τὸ
1210 5342 1467 5413 σιγῶντα,
1518 5335 1608 5393 καί
1634 5336 1702 5392 τὰ
1739 5340 1982 5411 τοιαῦτα,
2040 5394 2043 5395 ,

325 5426 397 5483 τὰ
422 5423 657 5506 διάφορα
684 5428 972 5502 σημαίνειν
1026 5425 1191 5502 ἔσχον
1255 5425 1321 5481 ἐκ
1369 5433 1471 5497 τῆς
1526 5423 1745 5482 τοιᾶσδε
1798 5427 1983 5482 συντά-

328 5519 488 5591 ξεως.
546 5517 705 5581 Ὅθεν
753 5514 808 5572 εἷ’
855 5538 939 5580 τις
1009 5515 1183 5579 οὕτως
1241 5515 1371 5590 ἐρεῖ.
1429 5518 1491 5571 Ὃ
1550 5514 1659 5591 ἐγὼ
1713 5516 1983 5591 γινώσκω,

333 5605 508 5662 έκεῖνο
555 5607 786 5683 γνώσκω
820 5651 833 5664 .
886 5607 988 5662 Καὶ
1041 5604 1208 5661 πάλιν
1242 5649 1256 5677 ,
1317 5607 1415 5682 Δρ’
1470 5601 1583 5660 ἔστι
1658 5626 1743 5660 σοι
1807 5602 1988 5679 λέγειν

2091 4448 2395 4512 dicuntur,
2425 4444 2496 4499 ad
2528 4459 2620 4498 res
2643 4439 2946 4495 nimirum.

2162 4538 2214 4591 4.
2249 4534 2452 4591 Diﬂ‘ert
2481 4534 2675 4587 autem
2701 4529 2915 4584 modus
2947 4543 3016 4581 ex
3047 4520 3412 4595 amphibolia
3438 4518 3513 4575 ab
3543 4532 3611 4573 eo
3643 4514 3746 4587 qui

2091 4643 2160 4682 ex
2224 4622 2625 4695 homonymio,
2676 4618 2831 4690 quod
2880 4616 2982 4688 qui
3034 4631 3103 4670 ex
3159 4607 3539 4682 homonymia
3592 4604 3748 4695 ³72

2093 4719 2201 4786 est,
2235 4731 2303 4770 ex
2336 4692 2465 4784 ipso
2497 4710 2733 4766 nomine
2782 4708 3012 4762 diversa
3042 4701 3413 4775 signiﬁcante
3457 4692 3750 4766 deceptio-

2095 4819 2229 4860 nem
2280 4800 2548 4867 inducit;
2582 4798 2683 4870 qui
2737 4798 2935 4851 autem
2986 4809 3055 4846 ex
3102 4786 3487 4860 ambiguitate
3539 4787 3648 4850 est,
3681 4796 3752 4838 ex

2095 4891 2356 4950 oratione
2409 4906 2526 4944 non
2560 4868 2746 4943 unum
2796 4882 3165 4956 signiﬁcante
3212 4873 3548 4934 committit.
3579 4868 3749 4927 Acci-

2094 4981 2310 5054 pienda
2358 4983 2552 5035 autem
2586 4980 2677 5033 est
2724 4973 2821 5030 hic
2869 4969 3056 5027 oratio
3085 4983 3191 5040 pro
3238 4963 3563 5021 dictionum
3610 4975 3748 5015 con-

2095 5045 2415 5127 structione
2446 5084 2460 5135 ;
2494 5082 2707 5123 nomen
2738 5079 2843 5137 pro
2873 5059 3127 5116 dictione
3157 5048 3600 5127 simpliciter.T6
3629 5045 3749 5103 δέον

2094 5160 2251 5216 enim
2300 5156 2461 5214 omni
2494 5173 2635 5213 casu
2668 5151 3027 5209 declinatum
3080 5146 3252 5220 plura
3280 5145 3520 5200 denotat
3551 5157 3564 5196 :
3598 5139 3755 5195 unde

2094 5249 2272 5305 etiam
2305 5247 2729 5319 homonymum
2762 5239 2999 5297 dicitur.

2165 5339 2220 5392 5.
2280 5334 2351 5390 Τὸ
2405 5333 2660 5409 γινώσκει
2720 5334 2919 5388 autem
2977 5330 3035 5383 et
3092 5324 3159 5377 τὰ
3212 5324 3447 5396 σιγῶντα
3518 5322 3577 5375 et
3627 5333 3756 5389 qua:

2096 5430 2239 5485 sunt
2273 5405 2454 5496 hujus
2484 5422 2716 5496 generis
2747 5418 2900 5491 quod
2934 5417 3164 5472 diversa
3192 5410 3623 5496 signiﬁcante;
3648 5405 3755 5460 tali

2101 5515 2301 5588 aliqua
2347 5494 2781 5570 constructione
2829 5507 3071 5562 habent.
3104 5501 3268 5559 Unde
3298 5500 3348 5557 si
3377 5497 3512 5571 quis
3555 5494 3750 5563 dicat;

2097 5585 2259 5672 Quod
2312 5620 2418 5675 ego
2471 5613 2781 5672 cognosco,
2832 5594 2978 5650 illud
3029 5605 3335 5665 cognosco.
3368 5588 3438 5643 Et
3482 5585 3747 5641 iterum:

330 5671 700 5784 ctydw1t';16
775 5691 1087 5784 ἀμφίϐολόν
1133 5671 1286 5784 ἐστιν
1327 5671 1504 5752 ούδέν.
1535 5694 1600 5750 Ei
1650 5691 1707 5749 δὲ
1757 5693 1818 5749 τὸ
1869 5671 1970 5749 δέοι

2094 5671 2304 5750 Utrum
2350 5671 2490 5747 licet
2538 5671 2646 5745 tibi
2694 5688 2915 5760 σιγῶντι
2963 5681 3044 5755 (id
3095 5683 3185 5736 est
3230 5675 3446 5748 silenti)
3495 5672 3687 5729 dicere
3722 5671 3751 5727 ?

333 5784 537 5861 ἀγαθὸν
587 5781 731 5840 εἷ’ποι
780 5807 885 5860 τις,
917 5783 954 5857 ἤ
987 5782 1096 5842 ἔστι
1140 5790 1219 5858 τῷ
1271 5782 1446 5840 δέοντι
1478 5784 1697 5862 ἀγαθὸν,
1739 5782 1773 5853 ἦ
1809 5783 1986 5839 ὁπωσ-

2100 5783 2330 5840 nullum
2364 5786 2454 5837 est
2484 5778 2848 5851 ambiguum.
2884 5772 3048 5837 Quod
3101 5769 3151 5826 si
3183 5770 3379 5825 autem
3411 5762 3627 5836 aliquis
3659 5760 3749 5815 di-
