4094 6478
388 450 509 511 983
1642 445 2051 508 NlCEPHOBl

2170 444 2550 508 LEMMIDE
3683 441 3798 505 986

388 582 558 648 xerit,
588 578 652 635 τὸ
684 577 805 635 δέον
840 580 1061 637 bonum
1091 583 1198 647 est,
1215 583 1316 636 aut
1345 580 1562 636 bonum
1595 581 1751 635 inest
1777 583 1855 649 τῷ
1886 576 2037 632 δέον-

2170 581 2245 630 ιῦν
2303 574 2490 639 ἄλλως
2529 623 2542 648 ,
2600 585 2635 646 ἠ
2690 579 2787 632 τοῦ
2843 573 3056 636 δέοντος
3126 573 3425 647 ὁμωνυμία
3481 572 3792 653 φυλάσσεται

386 691 464 742 τι,
498 674 599 726 aut
644 685 994 741 quocunque
1020 669 1132 724 alio
1181 670 1371 734 modo,
1408 669 1781 740 bomonymia
1807 670 1902 720 τοῦ
1951 662 2044 719 δὲ-

390 780 545 820 οντος
579 776 812 831 semper
842 764 1128 814 servatur.

459 850 514 905 6.
547 847 775 904 Tertius
825 849 1037 902 modus
1081 863 1150 902 ex
1197 847 1639 918 compositione.
1689 845 1908 901 Velut:
1942 844 2050 900 Se-

391 939 536 994 dens
567 941 756 1010 potest
784 935 1107 992 ambulare.
1142 936 1410 991 Socrates
1440 937 1624 991 sedet.
1660 936 1806 1007 Ergo
1853 935 2052 1010 Socraj

390 1031 481 1083 tes
526 999 808 1081 ambulat.
858 1024 1075 1080 Verum
1128 1025 1300 1079 etiam
1361 1041 1474 1079 non
1524 999 1814 1080 ambulat.
1874 999 2055 1079 Sedet

391 1116 696 1172 nimirum.
722 1114 1158 1187 Paralogismus
1183 1130 1252 1168 ex
1282 1113 1703 1185 compositione
1741 1117 1907 1167 ortus
1939 1110 2050 1167 est'

393 1204 709 1279 Oportebat
761 1205 940 1267 enim,
976 1204 1128 1258 sicut
1178 1203 1236 1257 in
1287 1205 1509 1275 majore
1563 1201 1965 1274 propositione
1988 1199 2050 1252 16

391 1297 606 1368 potest,
622 1298 678 1349 et
705 1293 767 1347 τὸ
799 1291 1100 1349 ambulare
1133 1293 1202 1347 de
1231 1292 1424 1347 medio
1454 1291 1706 1345 termino
1738 1290 2055 1362 praedicata

393 1383 649 1452 fuerant,
676 1382 761 1437 ita
790 1382 965 1436 etiam
997 1381 1057 1435 in
1089 1379 1462 1436 conclusione
1491 1378 1555 1432 τὸ
1588 1384 1782 1452 potest
1808 1395 1943 1434 cum
1972 1380 2053 1447 τῷ

393 1469 1047 1542 ambulare,composite
1077 1471 1231 1525 378
1261 1474 1318 1524 et
1348 1469 1713 1539 conjunctim
1743 1469 1814 1523 de
1844 1469 2052 1523 Socra-

390 1564 450 1617 te
478 1560 633 1615 dicta
661 1558 864 1624 fuisse,
895 1575 1010 1614 non
1056 1557 1118 1612 τὸ
1147 1558 1413 1614 ambulat
1441 1559 1743 1614 duntaxat.
1781 1559 1927 1613 Cum
1961 1574 2050 1612 er-

390 1664 466 1722 go
513 1648 575 1703 in
604 1646 979 1703 conclusione
1028 1647 1376 1718 compositio
1405 1663 1520 1702 non
1554 1647 1724 1719 plene
1771 1647 1923 1702 facta
1952 1645 2048 1713 sit,

390 1735 825 1810 paralogismus
854 1753 923 1791 ex
952 1736 1380 1808 compositione
1404 1740 1572 1792 ortus
1604 1739 1711 1791 est.

461 1915 517 1970 7.
553 1914 804 1978 Quartus
852 1917 942 1970 est
971 1914 1023 1970 is
1072 1914 1284 1970 modus
1332 1913 1432 1986 qui
1483 1918 1572 1970 est
1617 1930 1686 1969 ex
1736 1913 2039 1968 divisione.

391 2001 578 2072 Velut,
611 2004 878 2074 Quinque
929 2007 1069 2059 sunt
1101 2003 1216 2058 tria
1244 2007 1300 2058 et
1329 2003 1466 2058 duo.
1499 2002 1638 2058 Tria
1669 2006 1724 2057 et
1752 2003 1870 2058 duo
1903 2006 2041 2057 sunt

391 2092 644 2166 imparia
671 2098 728 2148 et
774 2094 956 2165 paria.
988 2093 1257 2164 Quinque
1301 2092 1485 2165 igitur
1524 2092 1776 2164 imparia
1827 2095 2051 2147 suntet

391 2182 576 2256 paria.
609 2181 926 2254 Sophisma
972 2187 1062 2237 est
1091 2199 1160 2238 ex
1192 2181 1502 2248 divisione,
1535 2186 1844 2253 propterea
1893 2181 2047 2252 quod

388 2270 651 2343 quinque
679 2270 739 2326 in
771 2269 995 2326 minore
1026 2269 1420 2343 propositione
1451 2269 1638 2324 divisa
1665 2273 1818 2325 sunt
1851 2269 1912 2324 in
1937 2269 2051 2324 tria

387 2364 446 2417 et
474 2361 628 2428 duo;
661 2363 719 2415 et
748 2359 994 2415 seorsim
1026 2360 1098 2414 de
1129 2359 1391 2431 quolibet
1421 2359 1579 2414 dicat
1613 2359 1802 2431 major
1845 2375 2053 2430 propo-

387 2448 545 2518 sitio,
579 2448 735 2521 quod
779 2449 893 2504 tria
930 2452 986 2504 et
1037 2449 1152 2504 duo
1183 2465 1286 2518 per
1332 2465 1394 2503 se
1444 2453 1690 2521 uterque
1734 2464 2047 2516 numerus,

392 2537 492 2594 ille
537 2538 776 2610 quidem
805 2538 1014 2610 impar,
1064 2537 1159 2593 hic
1186 2554 1292 2609 par
1329 2537 1406 2592 sit
1438 2555 1451 2592 :
1486 2537 1696 2592 deinde
1726 2553 1859 2592 vero
1909 2553 2049 2592 con-

395 2625 584 2684 clusio
632 2627 896 2682 enuntiet
926 2627 995 2681 de
1029 2627 1288 2698 quinque
1316 2625 1495 2681 simul
1526 2642 1594 2680 ea
1625 2642 1755 2696 quae
1801 2626 1872 2680 de
1903 2624 2052 2697 ipsis

395 2717 664 2790 partibus
711 2731 781 2771 ex
832 2716 1047 2788 quibus
1124 2719 1394 2771 constant
1437 2715 1497 2769 in
1550 2713 2048 2787 propositionibus

395 2805 554 2862 dicta
582 2805 842 2861 fuerunt.

463 2911 519 2967 8.
550 2913 624 2967 At
651 2909 834 2983 aliqui
883 2911 1124 2968 modum
1153 2928 1340 2966 unum
1393 2910 1494 2984 qui
1523 2925 1593 2966 ex
1623 2909 2052 2982 compositione

391 3004 450 3057 et
477 2999 763 3056 divisione
809 3004 899 3056 est
929 3003 1256 3072 posuerunt
1289 3018 1302 3055 :
1336 3003 1641 3072 propterea
1688 2999 1844 3071 quod
1894 2999 2050 3054 idem

390 3089 548 3160 quod
596 3089 671 3145 ab
719 3089 830 3144 hoc
877 3088 1162 3144 dividitur
1210 3092 1602 3160 componatur
1649 3086 1757 3153 illi,
1790 3092 1848 3142 et
1895 3088 2050 3158 quod

388 3177 530 3233 huic
561 3177 1269 3249 componitur,dividatur
1300 3177 1372 3232 ab
1404 3176 1504 3232 illo
1539 3193 1555 3233 ι
1584 3175 1835 3248 exempli
1862 3176 2052 3249 gratia

391 3265 454 3321 in
504 3265 943 3339 paralogismo:
999 3266 1260 3337 quinque
1311 3264 1495 3320 divisa
1544 3269 1683 3320 sunt
1732 3264 1791 3319 in
1837 3265 1950 3320 tria
1994 3269 2052 3321 et

2158 665 2405 721 πάντοτε.

2232 852 2293 909 ς’.
2339 843 2530 916 Τρίτος
2583 845 2783 921 τρόπος
2842 843 2871 897 6
2921 841 3066 918 παρὰ
3119 841 3383 897 σύνθεσινο
3439 843 3581 912 οἷον,
3628 843 3688 900 Ὁ
3715 863 3798 898 κα-

2162 937 2398 1007 θήμενος
2459 932 2677 989 δύναται
2736 929 2970 1009 βαδίζειν
3008 977 3020 989 .
3081 933 3136 986 Ὀ
3190 930 3496 1003 Σωκράτης
3561 930 3794 1001 κάθηται·

2160 1024 2218 1077 ’0
2273 1023 2568 1099 Σωκράτης
2624 1020 2726 1098 ἄρα
2786 1019 3030 1097 βαδίζει.
3089 1017 3267 1075 Ἀλλὰ
3323 1017 3385 1074 δὲ
3441 1019 3505 1075 οὗ
3568 1017 3796 1097 βαδίζει.

2162 1111 2400 1181 Κάθηται
2447 1111 2590 1185 γάρ.
2642 1112 2698 1166 Ὀ
2744 1109 3162 1187 παραλογισμὸς
3217 1109 3368 1186 παρὰ
3423 1109 3526 1179 τὴν
3577 1109 3795 1165 σύνθεσιν

2161 1202 2402 1277 γέγονεν.
2435 1198 2581 1256 Ἔδει
2631 1200 2756 1277 γὰρ,
2806 1199 3043 1275 καθάπερ
3087 1199 3139 1254 έν
3191 1202 3261 1273 τῇ
3299 1197 3511 1272 μείζονι
3561 1199 3800 1275 προτάσει

2159 1290 2222 1344 τὸ
2253 1287 2470 1344 δύναται
2501 1288 2590 1344 καὶ
2619 1288 2682 1343 τὸ
2736 1285 2971 1364 βαδίζειν
3021 1290 3117 1342 τοῦ
3169 1285 3335 1358 μέσου
3387 1285 3523 1363 ὅρου
3570 1287 3682 1360 ἅμα
3720 1307 3799 1343 κα·

2158 1375 2517 1455 τηλόρηνται,
2570 1377 2714 1432 οὕτω
2763 1375 2829 1446 δὴ
2884 1376 2978 1432 κάν
3025 1380 3106 1448 τῷ
3152 1377 3578 1450 συμπεράσματι
3621 1376 3683 1431 τὸ
3719 1373 3798 1430 δύ-

2159 1488 2313 1523 ναται
2362 1468 2496 1542 μετὰ
2541 1473 2639 1523 τοῦ
2691 1464 2929 1543 βαδίζειν
2992 1467 3419 1539 συντιθειμένως
3467 1466 3559 1522 καὶ
3610 1487 3800 1540 συνημ·

2164 1558 2339 1630 μένως
2372 1557 2638 1633 λεχθῆναι
2668 1558 2804 1611 κατὰ
2852 1557 3198 1632 Σωκράτους,
3230 1553 3361 1611 ἀλλ’
3405 1554 3540 1630 οὗγὶ
3570 1554 3632 1610 τὸ
3664 1551 3798 1630 βαδί-

2163 1651 2240 1716 ζει
2300 1646 2486 1719 μόνον.
2521 1643 2798 1708 Ἐλλιπῶς
2862 1641 2953 1700 οὖν
3015 1643 3069 1701 ἐν
3124 1648 3204 1716 τῷ
3251 1645 3674 1721 συμπεράσματι
3715 1650 3801 1712 τῆς

2161 1735 2454 1798 συνθέσεως
2511 1733 2812 1812 γεγονυίας,
2865 1735 2893 1790 6
2950 1734 3098 1809 παρὰ
3147 1734 3248 1802 τὴν
3299 1733 3548 1798 σύνθεσιν
3609 1731 3799 1809 ἐγένετο

2158 1822 2594 1902 παραλογισμός.

2234 1915 2294 1983 ζ’.
2340 1912 2602 1988 Τέταρτος
2646 1911 2850 1988 τρόπος
2897 1912 2927 1971 6
2971 1912 3120 1989 παρὰ
3163 1912 3265 1981 τὴν
3327 1908 3618 1988 διπίρεσιν.
3667 1909 3799 1980 Οἷον,

2157 2002 2232 2056 Τὰ
2259 2001 2416 2057 πέντε
2455 1999 2580 2078 τρία
2608 2001 2698 2056 καὶ
2754 1998 2870 2056 δύο·
2919 2001 2986 2056 τὰ
3012 1999 3139 2077 τρία
3183 2000 3274 2055 κάὶ
3307 1998 3407 2055 δύο
3457 1999 3680 2076 περιττὰ
3721 1996 3798 2052 καὶ

2161 2093 2338 2168 ἄρτιαο
2388 2090 2454 2146 τὰ
2498 2089 2657 2146 πέντε
2704 2087 2807 2166 ἄρα
2843 2091 3068 2164 περιττὰ
3113 2088 3203 2145 καὶ
3247 2086 3430 2165 ἄρτια.
3463 2089 3536 2144 T6
3583 2086 3800 2165 σόφισμα

2161 2181 2308 2254 παρὰ
2333 2179 2432 2249 τὴν
2483 2176 2764 2255 διαίρεσιν,
2812 2175 2902 2233 διὰ
2941 2179 3004 2234 τὸ
3047 2175 3337 2254 διῃρῆσθαι
3385 2178 3456 2236 τὰ
3495 2177 3656 2240 ,πέντε
3680 2174 3801 2231 κατὰ

2159 2269 2260 2337 τὴν
2315 2265 2526 2323 ἐλάττω
2582 2267 2839 2343 πρότασιν
2899 2267 2975 2330 εἲς
3031 2265 3156 2342 τρία
3209 2266 3300 2322 καὶ
3344 2264 3444 2323 δύο
3479 2312 3494 2339 ,
3555 2264 3643 2321 καὶ
3704 2259 3802 2334 ἰδίᾳ

2161 2357 2284 2435 περὶ
2317 2357 2543 2412 ἑκάστου
2591 2357 2688 2426 τήν
2745 2356 2912 2430 μείζω
2957 2355 3216 2432 πρότασιν
3269 2355 3468 2428 εἰπεῖν,
3521 2353 3601 2411 ὅτι
3630 2354 3658 2409 6
3693 2350 3800 2427 τρία

2158 2446 2248 2502 καὶ
2288 2447 2316 2502 6
2375 2445 2470 2501 δύο
2527 2447 2643 2501 καθ’
2694 2445 2881 2501 ἑαυτὸν
2928 2441 3154 2507 ἕκαστος
3203 2445 3440 2519 ἀριθμὸς
3491 2445 3520 2500 6
3573 2443 3663 2518 μὶν
3704 2437 3800 2498 ἔστι

2159 2536 2434 2613 περιττὸς,
2477 2537 2504 2591 6
2558 2533 2603 2589 δ’
2651 2531 2860 2611 ἄρτιοςο
2913 2533 3008 2590 εἴτ’
3054 2534 3441 2612 ἀποφήνασθαι
3493 2533 3557 2589 τὸ
3614 2529 3800 2603 συμπέ-

2161 2645 2341 2702 ρασμα
2398 2624 2523 2700 περὶ
2578 2629 2676 2679 τοῦ
2735 2625 2895 2679 πέντε
2951 2624 3112 2697 ὁμοῦ,
3167 2624 3235 2678 τὰ
3289 2623 3420 2699 περὶ
3477 2626 3586 2677 τῶν
3643 2618 3797 2674 αὐτῶν

2165 2719 2342 2790 μερῶν
2400 2713 2452 2784 έξ
2508 2715 2582 2769 ὧν
2647 2714 3019 2786 συντέθειται,
3066 2717 3186 2774 ταῖς
3263 2713 3589 2788 προτάσεσιν
3665 2707 3796 2782 εἰρη-

2164 2803 2312 2877 μένα.

2231 2911 2302 2981 η’.
2362 2909 2514 2972 Τινὲς
2574 2906 2633 2964 δὲ
2685 2907 2886 2981 τρόπον
2945 2905 3042 2964 ἕνα
3083 2909 3175 2964 τὸν
3233 2907 3386 2982 παρᾶ
3440 2905 3675 2964 σύνθεσιν
3719 2899 3796 2958 καὶ

2161 2997 2420 3076 διαίρεσιν
2470 2997 2670 3071 ἔθεντο,
2722 2995 2812 3052 διὰ
2863 2997 2928 3054 τὸ
2982 2997 3046 3054 τὸ
3097 2997 3228 3053 αὐτὸ
3285 2994 3666 3072 διαιρούμενον
3704 2989 3796 3048 ἀπὸ

2158 3085 2317 3144 τοῦδε
2344 3086 2679 3151 συντίθεσθαι
2729 3083 2893 3158 τῷδε,
2935 3085 3027 3142 καὶ
3075 3085 3459 3160 συντιθέμενον
3505 3080 3644 3157 τῷδε
3671 3077 3795 3136 διαι-

2161 3178 2363 3252 ρεῖσθαι
2421 3176 2526 3231 ἀπὸ
2581 3172 2778 3231 τοῦδε.
2839 3177 2964 3230 Οἷον
3023 3173 3111 3230 ἐπὶ
3163 3179 3262 3230 τοῦ
3319 3172 3664 3247 δηλωθέντος
3716 3171 3795 3223 νῦν

2161 3264 2585 3341 παραλογισμοῦ
2639 3265 2709 3318 τὰ
2759 3265 2915 3320 πέντε
2966 3261 3254 3340 διῄρηνται
3313 3265 3394 3327 εἰς
3451 3263 3522 3318 τὰ
3565 3258 3684 3338 τρία
3720 3253 3798 3310 καὶ

393 3327 531 3422 duo:
548 3359 602 3410 et
637 3327 928 3410 devtribus
959 3327 1198 3426 quidem
1230 3354 1610 3427 praedicatum
1644 3357 1733 3409 est
1763 3354 2051 3426 impar,de

2170 3327 2529 3411 τέδύωίιὰὶ
2579 3357 2684 3408 τῶν
2739 3355 2832 3426 μὲν
2880 3353 3006 3429 τρία
3031 3327 3408 3430 ’κατηγορήθη
3457 3352 3520 3408 16
3549 3327 3795 3425 περιττὸν,

393 3442 630 3498 duobus
677 3447 872 3498 autem
904 3460 1028 3514 par,
1052 3444 1225 3515 juxta
1281 3443 1650 3499 divisionem.
1684 3443 1962 3499 Praeteres
1994 3443 2055 3498 in

395 3531 767 3604 sophismata
811 3533 1084 3603 superius
1124 3533 1424 3605 proposito
1471 3531 1533 3586 16
1574 3532 1878 3588 ambulare
1907 3537 1965 3588 et
1992 3530 2055 3585 τὸ

397 3624 597 3693 potest
626 3621 696 3676 de
729 3621 967 3677 sedente
1005 3637 1108 3693 per
1145 3621 1628 3693 compositionem
1660 3623 1815 3677 374
1848 3622 2058 3692 praedi-

397 3712 528 3765 cata
577 3710 862 3765 fuerunt:
897 3709 1150 3766 divisum
1202 3715 1397 3766 autem
1449 3707 1512 3763 τὰ
1561 3709 1867 3766 ambulare
1915 3727 1950 3766 a
1978 3713 2058 3780 τῷ

395 3802 606 3872 potest,
633 3799 703 3855 de
726 3800 962 3856 Socrate
985 3800 1363 3872 praedicatum
1392 3799 1502 3856 fuit
1521 3799 1749 3856 defectu
1775 3799 2056 3856 admisso.

459 4066 516 4121 9.
547 4065 796 4132 Quintus
830 4068 1042 4123 modus
1071 4067 1291 4139 est,qui
1322 4084 1392 4123 ex
1428 4071 1671 4124 accentu
1706 4071 1832 4135 est;
1866 4067 2060 4123 velut:

391 4151 466 4208 Οὗ
494 4155 642 4228 (ubi)
674 4155 1148 4226 habitas,domus
1175 4161 1299 4224 est;
1328 4154 1400 4208 Οὐ
1438 4158 1599 4228 (non)
1630 4155 2064 4230 habitas,nega'

391 4243 473 4300 tio
524 4249 632 4299 est.
666 4244 888 4300 Domus
940 4245 1120 4317 igitur
1157 4245 1389 4317 negatio
1439 4250 1550 4300 est.
1611 4244 1930 4317 Sophisma
1973 4249 2064 4301 est

393 4349 464 4389 ex
498 4337 766 4390 accentu.
800 4338 864 4387 In
911 4333 1102 4405 priore
1135 4334 1292 4388 enim
1328 4332 1725 4405 propositione
1752 4331 1815 4386 τό
1848 4332 1910 4386 οὔ
1941 4333 2061 4405 spi-

395 4420 515 4477 ritu
547 4437 754 4493 aspero
803 4425 861 4477 et
888 4425 1026 4477 tono
1055 4421 1430 4477 circumﬂexo
1482 4423 1708 4487 datum,
1740 4423 1842 4477 ubi
1879 4421 2060 4495 signi-

397 4509 654 4578 ﬁcabat;
688 4510 748 4564 in
780 4512 1040 4566 secunda
1087 4511 1486 4583 propositione
1517 4527 1651 4566 cum
1686 4509 1802 4566 leni
1850 4511 2060 4582 spiritu

394 4601 454 4654 et
481 4600 610 4655 sine
642 4605 780 4654 tono
812 4603 1114 4670 acceptum
1151 4600 1522 4671 ncgationem
1554 4598 1894 4655 declaravit.

469 4794 557 4848 10.
587 4794 797 4850 Sextus
829 4794 1042 4850 modus
1073 4799 1163 4850 est
1191 4810 1221 4849 e
1251 4795 1442 4866 ﬁgura
1469 4794 2057 4851 dictionis.Nomina—

391 4884 492 4938 tur
521 4886 721 4937 autem
754 4881 870 4949 sic,
903 4882 1382 4954 quandoquidem
1418 4883 1756 4953 hujusmodi
1793 4884 2054 4957 conﬁgu-

392 4970 545 5028 ratio
623 4970 924 5040 dictionis,
986 4971 1516 5044 paralogismorum
1585 4972 1766 5044 hujus
1828 4973 2056 5045 generis

387 5076 569 5116 causa
617 5059 712 5115 sit.
767 5059 989 5128 Veluti,
1039 5060 1284 5130 discere,
1338 5067 1428 5117 est
1475 5061 1629 5117 circa
1677 5060 2052 5132 disciplinam

388 5149 641 5222 operari.
699 5149 938 5221 Operari
1010 5149 1163 5205 circa
1219 5150 1593 5222 disciplinam
1669 5155 1757 5205 est
1826 5152 2048 5208 docere.

383 5237 625 5295 Discere
680 5255 815 5310 ergo
848 5243 937 5295 est
988 5240 1213 5294 docere.
1267 5239 1583 5311 Sophisma
1630 5244 1719 5295 est
1748 5256 1818 5295 ex
1862 5241 2052 5313 ﬁgura

385 5326 688 5383 dictionis.
738 5327 1044 5384 Passivum
1077 5329 1235 5384 enim
1286 5328 1344 5382 in
1378 5329 1657 5393 activum,
1686 5334 1744 5384 et
1792 5329 2047 5384 activum

379 5415 444 5470 in
489 5415 792 5486 passivum
860 5418 1178 5488 ﬁguratum
1247 5422 1354 5473 est.
1405 5418 1643 5489 Operari
1689 5416 1846 5472 enim
1895 5417 2048 5472 circa

384 5502 764 5574 disciplinam
814 5510 871 5560 et
920 5507 1211 5576 passionis
1262 5513 1319 5562 et
1369 5508 1616 5564 actionis
1681 5506 2042 5562 declaranda

2165 3447 2272 3497 τῶν
2333 3440 2428 3497 δύο
2487 3440 2544 3497 δὲ
2597 3437 2780 3518 ἄρτιον
2841 3442 2978 3497 κατὰ
3034 3439 3309 3518 διαίρεσιν·
3370 3436 3796 3521 ἄμφω-δ’δμοῦ»

2165 3533 2227 3587 τὸ
2270 3530 2520 3607 περιττὸν
2569 3528 2826 3602 δηλονότι
2873 3530 2964 3586 καὶ
3018 3527 3243 3606 ἄρτιον,
3291 3535 3401 3587 τῶν
3451 3528 3609 3586 πέντε
3649 3542 3796 3590 xm-

2167 3621 2484 3696 γορήθησαν
2534 3620 2671 3675 κατὰ
2718 3618 2981 3676 σύνθεσιν.
3039 3616 3213 3675 Πάλιν
3272 3619 3363 3674 ἐπὶ
3415 3622 3515 3674 τοῦ
3571 3609 3799 3686 ἀνωτέρω

2171 3709 2428 3785 βήθέντος
2479 3707 2815 3786 σοφίσματος
2849 3752 2864 3778 ,
2920 3709 2985 3764 τὸ
3047 3706 3280 3785 βαδίζειν
3339 3709 3432 3764 καὶ
3485 3707 3548 3762 τὸ
3605 3700 3798 3786 δύναται

2166 3801 2265 3854 τοῦ
2310 3785 2617 3870 καθημένου
2666 3798 3122 3874 κατηγορήθησαν
3173 3798 3312 3854 κατὰ
3348 3797 3618 3852 σύνθεσιν
3675 3785 3796 3874 διαι-

2171 3886 2319 3964 ρεθὲν
2367 3883 2426 3940 δὲ
2470 3885 2533 3941 τὸ
2588 3885 2824 3962 βαδίζειν
2869 3871 2976 3941 άπὸ
3019 3889 3117 3941 τοῦ
3161 3882 3406 3959 δύναται,
3452 3886 3549 3940 τοῦ
3595 3871 3793 3949 Σωκρά-

2169 3996 2295 4038 τους
2325 3974 2720 4050 κατηγόρηται,
2749 3975 2842 4030 τὸν
2871 3971 3114 4050 ἔκλειψιν
3140 3974 3536 4051 ἀμειψάμενον.

2242 4071 2305 4130 θ’·
2354 4048 2612 4138 Πέμλπτος
2649 4048 2853 4140 τρόπος
2899 4065 2929 4119 6
2979 4048 3126 4138 παρὰ
3175 4048 3512 4141 προσῳδίαν·
3559 4059 3688 4115 οἷον·
3733 4048 3794 4141 0ιῦ

2170 4135 2504 4226 καταλύεις,
2586 4135 2732 4208 οἰκία
2789 4152 2931 4208 ἐστίν
2967 4171 2980 4185 ·
3042 4135 3105 4208 οὗ
3161 4135 3451 4214 κάταλόεις
3487 4192 3502 4220 ,
3559 4135 3794 4221 ἀπόφασίς

2171 4243 2331 4298 ἐστιν·
2365 4246 2400 4314 ἡ
2446 4241 2592 4298 οἱκία
2628 4243 2731 4317 ἄρα
2777 4241 3046 4320 ἀπόφασίς
3095 4240 3225 4299 ἐστι.
3279 4242 3434 4318 Παρὰ
3477 4238 3575 4305 τήν
3599 4247 3793 4309 προσφ-

2172 4331 2287 4389 δίαν
2336 4334 2399 4388 τὸ
2449 4331 2710 4410 σόφισμα.
2753 4331 2840 4386 Ἐν
2889 4319 2983 4405 μὶν
3032 4332 3134 4409 γὰρ
3175 4335 3246 4405 τῇ
3276 4331 3516 4409 προτέρᾳ
3541 4319 3790 4402 προτάσει,

2169 4423 2231 4478 τὸ
2289 4421 2352 4477 οὗ
2410 4422 2546 4494 μετά
2591 4419 2782 4482 δασέος
2824 4419 3132 4494 πνεύματος
3191 4420 3281 4475 καὶ
3337 4420 3498 4477 τόνου
3551 4423 3794 4494 περισπωσ

2175 4512 2334 4584 μένου
2379 4493 2530 4566 δοθὲν
2568 4552 2583 4578 ,
2629 4509 2692 4564 τὸ
2739 4507 2876 4564 ὅπου
2921 4508 3235 4581 ἐσήμαινενο
3279 4509 3332 4564 ἐν
3381 4507 3442 4564 δὲ
3484 4508 3553 4580 τῇ
3598 4493 3791 4584 δευῖέρφ

2170 4583 2427 4678 προτάσει
2489 4598 2624 4674 μετὰ
2676 4596 2844 4671 ψιλοῦ
2899 4596 3208 4671 πνεύματος
3265 4597 3491 4677 ληφθὲν,
3533 4590 3619 4648 καὶ
3653 4583 3789 4641 τόνοο

2076 4696 2124 4760 D
2155 4690 2332 4766 χωρὶς
2365 4685 2639 4759 ἐδήλωσεν
2671 4687 2888 4762 ἄρησιν.

2241 4797 2291 4852 ι’.
2323 4797 2520 4856 Ἕκτος
2546 4792 2750 4868 τρόπος
2776 4794 2804 4847 6
2825 4794 2972 4868 παρὰ
3000 4793 3062 4848 τὸ
3087 4799 3284 4868 σχῆμα
3303 4799 3404 4862 τῆς
3429 4789 3634 4860 λέξεως.
3663 4780 3785 4830 Ὀνο-

2169 4883 2392 4957 μάζεται
2421 4880 2468 4937 δ’
2499 4881 2923 4958 οὕτως,έπείπερ
2953 4882 2982 4936 ὁ
3003 4880 3163 4945 ποιός
3191 4884 3290 4952 τῆς
3320 4881 3514 4952 λέξεως
3545 4879 3785 4958 σχημιξτί·

2165 4973 2302 5046 σμὸς
2332 4969 2507 5033 αἷίτιος
2553 4975 2652 5026 τοῦ
2691 4968 2945 5026 τοιούτου
2979 4970 3178 5046 γίνεται
3209 4964 3635 5048 παραλογισμοῦ·
3663 4953 3784 5048 ρῖον,

2161 5043 2232 5116 T6
2268 5062 2552 5135 μανθάνειν
2583 5059 2818 5135 ἐνεργεῖν
2853 5057 2963 5114 ἐστι
2994 5043 3118 5136 περὶ
3165 5061 3263 5129 τὴν
3290 5043 3544 5134 ’μάθησιν
3571 5043 3784 5136 τῧξνερ⁸

2160 5131 2278 5226 γε’ίν⁷
2321 5149 2445 5225 περὶ
2495 5151 2593 5218 τὴν
2651 5131 2879 5222 μάθησιν
2923 5131 3192 5204 διδάσκειν
3239 5131 3372 5205 ἐστί·
3419 5147 3482 5201 τὸ
3529 5131 3779 5232 pavo“?!

2160 5241 2263 5316 ἄρα
2313 5237 2581 5294 διδάσκειν
2631 5237 2793 5292 ἐστίν.
2847 5242 2901 5290 '0
2936 5238 3202 5314 σοφισμὸς
3233 5238 3379 5316 παρᾶ
3406 5235 3466 5289 16
3691 5228 3778 5280 τῆς

2159 5308 2374 5398 λέξεως.
2410 5329 2840 5402 Ἐσχημάτισται
2887 5327 2988 5402 γὰρ
3015 5308 3425 5400 ’τὸ-μαθητικὸν
3463 5320 3538 5381 εἷς
3565 5308 3776 5402 ἐδ-ἐνεξ·

2154 5390 2402 5493 γητικὸν,
2433 5390 2616 5472 καίντδ
2647 5390 2989 5491 ἐνεργητικὸν
3043 5390 3226 5478 εἶς’τὸή
3256 5390 3566 5486 παθητικόν.
3594 5399 3660 5456 Τὸ
3682 5390 3774 5493 τὰρ

2156 5479 2400 5580 ἐνεργεῖν
2440 5505 2566 5580 περὶ
2594 5505 2694 5573 τήν
2731 5479 2741 5491 1
2754 5479 2984 5577 μάθησιν
3036 5504 3126 5560 καὶ
3170 5479 3367 5566 πάθους
3391 5479 3503 5556 ’καὶ
3533 5479 3771 5580 ἔνεργθείίξ

381 5563 725 5648 facultatem
757 5563 950 5648 habet.
987 5595 1056 5649 Et
1085 5595 1297 5650 iterum
1329 5613 1341 5650 ι
1377 5563 1527 5650 Num
1570 5596 1856 5667 contingit
1885 5596 2039 5651 idem

2170 5563 2460 5664 ἰηλωτικόν
2496 5563 2628 5648 έστι.
2654 5563 2781 5646 ’Καὶ
2830 5563 3017 5647 πάλιν·
3070 5595 3193 5670 'Ap’
3246 5563 3509 5669 ἐνδέχεται
3550 5579 3610 5670 τὸ
3650 5563 3764 5670 Ϋόξῗὸ

379 5678 563 5761 simul
616 5681 804 5738 facere
837 5687 894 5738 et
923 5683 1174 5738 fecisse?
1223 5702 1336 5739 non
1371 5701 1384 5738 :
1421 5683 1615 5750 Quid?
1645 5702 1718 5739 an
1753 5701 1867 5740 non
1899 5700 2037 5739 con-

2148 5651 2321 5738 πόιεῖν
2376 5683 2490 5756 ἅμα
2541 5682 2631 5737 καὶ
2679 5680 3038 5751 πεποιηκέναι
3073 5651 3278 5759 ;ὁόχί.
3332 5651 3397 5737 Τί
3439 5674 3482 5733 δ’
3511 5668 3602 5727 οὐκ
3647 5651 3768 5759 ἑνδές

377 5751 557 5839 tingit
604 5769 753 5827 idern
787 5769 967 5828 simul
1014 5771 1206 5828 videre
1255 5775 1404 5830 375
1440 5744 1510 5828 vet
1557 5773 1821 5829 vidisse?
1853 5790 2033 5845 quare

2170 5793 2288 5828 ἐται
2339 5772 2401 5826 τὸ
2448 5771 2578 5827 αὐτὸ
2637 5771 2724 5826 καὶ
2775 5771 2902 5847 ὁρᾷν
2949 5771 3062 5845 ἅμα
3111 5772 3200 5830 καὶ
3280 5765 3598 5845 ἑωρακέναιὶ
3637 5744 3765 5804 ὥστ’
