4094 6482
380 468 499 534 988

1721 464 2076 529 EPITOME
2117 464 2425 530 LOGIGA.

3660 461 3782 527 986

381 600 471 655 καὶ
528 602 701 655 ποιεῖν
754 595 845 654 καὶ
908 596 1292 667 πεποιηκέναι.
1353 595 1506 671 Παρᾶ
1558 595 1619 651 τὸ
1675 603 1868 672 σχῆμα
1922 603 2025 667 τῆς

2149 601 2194 654 at
2238 598 2425 654 facere
2465 600 2524 653 et
2573 596 2801 654 fecisse.
2856 596 2925 653 Et
2970 597 3080 652 hoc
3127 594 3433 668 sophisma
3476 612 3545 652 ex
3592 596 3782 668 ﬁgura

383 688 581 760 λέξεως
612 688 700 743 καὶ
747 691 910 743 τοῦτο
957 687 1018 741 τὸ
1061 685 1321 764 σόφισμα.
1370 685 1440 740 Τὸ
1489 686 1593 761 γὰρ
1642 687 1769 760 ὁρᾷν
1803 686 1891 741 καὶ
1939 685 2035 740 ἐω-

385 777 624 854 ρακέναι,
683 776 779 831 κᾶν
840 776 916 838 εἰς
970 774 1211 851 παρόντα
1264 774 1354 829 καὶ
1412 776 1820 851 παρῳχημένον
1864 774 2033 851 ἐσχη-

389 866 638 939 μάτισται
688 864 911 941 χρόνον,
952 863 1099 933 πλὴν
1137 862 1193 919 ἓν
1238 862 1492 935 σημαίνει
1538 862 1629 918 καὶ
1674 864 1738 919 τὸ
1786 862 1914 919 αὐτὸ
1946 860 2034 919 διὰ

384 955 447 1009 τὸ
505 954 623 1015 οἷον
674 950 924 1031 ἀχρόνως
970 954 1060 1008 καὶ
1102 950 1436 1015 ἆδιαστάτως
1485 955 1584 1022 τὴν
1644 951 1827 1029 ὅρασιν
1887 953 2031 1027 ἐνερ-

381 1049 517 1120 γεῖν,
571 1045 725 1107 Ὅθεν
780 1042 912 1119 ὅπερ
953 1063 1036 1105 τις
1084 1042 1203 1118 ὁρᾷ,
1253 1046 1416 1096 τοῦτο
1476 1041 1769 1118 μονονουχὶ
1816 1040 1906 1097 καὶ
1937 1042 2034 1097 ἑώ-

385 1153 533 1209 ρακε.
586 1137 767 1187 Ποιεῖν
819 1129 877 1187 δὲ
924 1131 1013 1187 καὶ
1062 1128 1418 1201 πεποιηκέναι
1463 1128 1526 1185 τὸ
1574 1130 1703 1185 αὐτὸ
1752 1129 1851 1185 οὐκ
1888 1127 2031 1185 ἐνδέ-

381 1242 542 1298 χεται
572 1224 685 1295 ἅμα
714 1220 804 1276 διὰ
827 1222 927 1290 τήν
960 1225 1065 1276 τῶν
1112 1220 1326 1297 χρόνων
1372 1217 1666 1276 διάστασιν.
1699 1219 1770 1274 Τὸ
1806 1220 1899 1293 μὲν
1930 1219 2032 1296 γὰρ

381 1315 559 1365 ποιεῖν
587 1310 849 1366 ἐνεστῶτα
876 1309 1076 1387 χρόνον
1110 1306 1295 1379 δηλοῖ·
1327 1309 1390 1364 τὸ
1443 1306 1501 1365 δὲ
1547 1309 1904 1379 πεποιηκέναι
1944 1309 2034 1363 τὸν

380 1398 826 1476 παρεληλυθότα.

2142 685 2414 742 dictionis
2460 690 2568 742 est.
2615 685 2826 741 Videre
2873 684 3030 741 enim
3074 689 3130 740 et
3172 685 3390 741 vidisse
3435 684 3670 740 tametsi
3720 685 3781 740 in

2144 791 2400 847 praesens
2429 780 2487 831 et
2519 774 2873 847 praeteritum
2897 775 3147 847 figurata
3173 779 3313 830 sunt
3332 792 3344 829 :
3364 791 3551 830 unum
3580 779 3781 830 tamen

2140 863 2415 936 idemque
2462 864 2820 936 signiﬁcant,
2860 868 3166 937 pr0pterea
3214 864 3366 935 quod
3414 864 3557 918 citra
3601 863 3782 919 inter-

2139 952 2359 1009 vallum
2408 957 2465 1008 et
2493 952 2833 1008 distantiam
2881 953 3026 1008 visio
3076 957 3364 1024 operetur.
3414 952 3576 1008 Unde
3625 952 3782 1023 quod

2142 1040 2275 1115 quis
2326 1042 2500 1110 videt,
2536 1046 2765 1097 tantum
2814 1058 2931 1097 non
2960 1042 3137 1097 etiam
3175 1041 3339 1096 vidit.
3375 1040 3533 1096 Idem
3586 1045 3784 1097 autem

2141 1130 2329 1186 facere
2357 1136 2414 1185 et
2444 1130 2650 1186 fecisse
2683 1135 2915 1202 propter
2964 1134 3297 1202 temporum
3328 1128 3669 1186 distantiam
3702 1128 3788 1183 si-

2142 1220 2265 1275 mul
2296 1238 2411 1276 non
2444 1220 2748 1293 contingit.
2781 1224 2986 1275 Facere
3020 1220 3176 1275 enim
3222 1236 3475 1291 praesens
3505 1223 3743 1292 tempus
3773 1236 3788 1286 ;

2141 1309 2349 1365 iecisse
2378 1314 2595 1381 autem,
2627 1309 2985 1381 prateritum
3015 1308 3293 1364 declarat.

1219 1542 1424 1617 Σχῆμα
1451 1538 1643 1618 κεφαλ.
1678 1538 1779 1614 λζ’,
1809 1539 1934 1618 περὶ
1965 1543 2072 1596 τῶν
2095 1540 2241 1616 παρᾶ
2267 1540 2365 1611 τὴν
2400 1538 2542 1612 λέξιν
2575 1540 2951 1619 σοφισμάτων.

1235 1682 1550 1756 semels.

1210 1810 1211 1813 γ
1235 1749 1565 1833 appetita,

378 1829 457 1885 Τὰ
502 1829 649 1903 παρὰ
678 1829 791 1903 τὴν
842 1828 985 1899 λέξιν
1040 1827 1162 1903 σο-ξ
1237 1827 1502 1903 ξύν’βεσις,

629 1895 887 1978 φίσματα.
917 1895 929 1899 ⁷
1140 1895 1161 1978 δ
1237 1895 1518 1978 διαίρεοξς,

1235 1966 1538 2046 προδφδέέι

1138 1700 1162 2063 ἑ

1235 2039 1430 2118 σχῆμα
1459 2039 1675 2114 λέξεως.

1379 2345 1593 2401 Tabula
1617 2347 1813 2419 capitis
1841 2346 1930 2418 37,
1961 2345 2029 2402 de
2055 2346 2413 2418 sophismatis
2440 2348 2505 2403 in
2533 2348 2805 2404 dictione.

372 2612 731 2686 Sophismata
768 2613 833 2670 in
870 2613 1117 2672 dictione

616 2690 749 2742 sunt
783 2701 881 2742 sex

1234 2614 1591 2684 compositio,

1232 2687 1459 2754 divisio,

1232 2765 1521 2825 accentus,

1232 2828 1413 2900 ﬁgura
1440 2827 1731 2886 dictionis.

1233 2471 1603 2541 homonymia
1632 2485 1731 2527 seu
1764 2470 2156 2542 aequivocatio,

1234 2482 1603 2541 homonymia

1232 2542 1607 2615 amphibolia,

1234 2614 1591 2684 compositio,

1232 2687 1459 2754 divisio,

1232 2765 1521 2825 accentus,

1232 2828 1413 2884 ﬁgura
1440 2828 1607 2884 dictio

1584 3068 1921 3128 SYNOPSIS
1958 3068 2239 3127 CAPITIS
2279 3068 2577 3128 XXXVIII.

1384 3173 1537 3221 QUOD
1574 3174 1677 3214 EST
1713 3174 1787 3214 DE
1822 3174 2199 3216 SOPHISMATIS
2235 3176 2419 3216 EXTRA
2456 3176 2785 3216 DIC’I’IONEM.

378 3273 431 3329 1.
452 3272 744 3346 Conjungit
798 3274 897 3330 hoc
918 3278 1112 3347 caput
1156 3291 1282 3331 cum
1334 3275 1635 3347 superiore.
1666 3304 1737 3316 —
1790 3275 1844 3347 2.
1878 3274 2089 3347 Septem
2147 3276 2337 3333 modos
2392 3277 2819 3344 sophisticorum
2867 3275 3218 3333 elenchorum
3268 3276 3433 3347 extra
3489 3274 3791 3347 dictionem

445 3345 750 3402 enumerat.
794 3374 863 3387 -
908 3346 961 3400 3.
998 3347 1253 3402 Primum
1296 3345 1521 3402 modum
1573 3362 1643 3402 ex
1692 3345 1970 3403 accidente
2014 3348 2286 3420 exemplis
2331 3348 2592 3403 declarat.
2642 3377 2712 3389 —-
2761 3349 2813 3404 4.
2869 3347 3119 3406 Ostendit
3158 3346 3461 3418 propositos
3496 3345 3791 3473 ξαν-ιιιοοὶ-

445 3432 584 3473 smos
612 3417 785 3472 trium.
833 3420 1199 3473 posteriorum
1221 3416 1605 3473 exemvlorum
1650 3434 1801 3473 posse
1829 3420 1998 3473 etiam
2052 3418 2127 3473 ad
2166 3418 2389 3473 modum
2439 3419 2818 3473 homonumiz
2862 3420 3127 3473 revocari.
3174 3446 3244 3459 —
3292 3418 3449 3473 876
3538 3457 3551 3472 .
3585 3416 3790 3473 Secun-

440 3432 584 3493 s_mos
612 3417 785 3493 trium.
830 3420 1199 3493 posteriorum
1221 3416 1605 3493 exemplorum
1649 3434 1801 3493 posse
1829 3420 1998 3473 etiam
2052 3418 2127 3473 ad
2166 3416 2389 3475 modum
2439 3419 2818 3493 homonymiz
2862 3420 3127 3493 revocari.
3158 3416 3270 3459 ’-“
3292 3418 3449 3493 ατο

441 3487 574 3564 dum
601 3487 843 3564 modum
869 3490 1130 3564 explicat,
1172 3498 1224 3564 et
1254 3487 1385 3564 quia
1411 3497 1493 3545 est
1541 3491 1871 3564 σοηιροείιιιε
1896 3496 2110 3562 partem
2136 3506 2233 3564 seu
2261 3492 2495 3564 speciem
2522 3487 2815 3564 utramque
2859 3490 3117 3546 describit
3142 3498 3194 3545 et
3222 3489 3490 3559 exemplis
3518 3488 3787 3545 declarat.

440 3560 587 3643 --_-_6.
617 3560 723 3643 Exﬁ
744 3561 1091 3643 ignoratione
1135 3561 1347 3643 elenchi
1392 3564 1626 3643 tertium
1660 3560 1921 3643 modum:
1941 3561 2191 3643 extemplo
2228 3560 2511 3643 patefacit.
2554 3560 2734 3643 -.-_77.‘
2778 3566 3050 3643 Quartum
3095 3576 3173 3643 e1:-
3214 3564 3573 3643 consequente
3604 3573 3792 3643 expo-

439 3633 544 3687 nit.
575 3631 744 3707 —_A8_.
778 3632 1056 3707 Quintum,
1082 3632 1373 3707 appetendo
1403 3636 1468 3707 et
1494 3632 1817 3700 accipiendo
1862 3630 2111 3707 ιιι-φωτί
2134 3634 2197 3688 in
2228 3630 2514 3705 principio
2560 3635 2671 3704 fuit
2711 3630 3071 3707 propositum,
3120 3633 3250 3707 sive
3280 3636 3345 3688 ut
3382 3630 3538 3688 alias
3575 3630 3791 3707 dicitur

438 3718 511 3759 eo:
550 3704 828 3775 petitione

439 3775 983 3845 interrogationibus.

984 4025 1241 4081 ΚΕΦΑΛ.
1274 4022 1402 4081 ΑΠ’.

582 4109 717 4186 Περὶ
754 4113 862 4165 τῶν
892 4108 1046 4173 ἐκτὸς
1073 4118 1174 4181 τῆς
1206 4110 1406 4185 λέξεως
1438 4113 1811 4190 σοφισμάτων.

439 4219 474 4253 α
492 4242 508 4258 .
537 4201 653 4255 Τῶν
682 4204 1089 4278 σοφισματικῶν
1113 4198 1332 4275 τρόπων
1359 4198 1415 4270 ἓξ
1450 4200 1544 4274 μέν
1576 4202 1723 4275 παρὰ
1748 4202 1849 4271 τὴν
1881 4198 2026 4271 λέξιν

374 4287 502 4361 εἶσὶ,
534 4287 660 4365 περῖ
691 4289 763 4343 ὧν
794 4308 1037 4366 προσεχς
1072 4289 1477 4363 ὑπεμνήσαμεν.

442 4376 511 4453 β’.
542 4377 711 4433 Ἐπ’-«εδ⁴
766 4374 824 4433 δὲ
878 4384 977 4448 τῆς
1040 4375 1237 4448 λέξεως
1285 4376 1456 4440 ἐκτόςο
1515 4378 1663 4454 παρὰ
1715 4378 1780 4432 τὸ
1826 4372 2028 4451 συμϐε-

367 4460 566 4537 ϐηκὸς,
597 4466 743 4544 παρᾶ
769 4468 833 4522 τὸ
862 4469 943 4536 πῆ
973 4466 1063 4522 καὶ
1112 4465 1325 4539 ἁπλῶς,
1357 4466 1504 4542 παρᾶ
1530 4467 1630 4535 τὴν
1661 4470 1760 4521 τοῦ
1791 4465 2030 4544 ἐλέγχου

370 4550 613 4630 ἄγνοιαν,
668 4553 817 4631 παρὰ
869 4555 935 4610 τὸ
992 4553 1285 4629 πέόμενον,
1340 4556 1487 4630 παρὰ
1538 4556 1602 4609 τὸ
1656 4555 1719 4609 τὸ
1777 4553 1831 4609 ἐν
1879 4555 2028 4631 ἀρχῇ

367 4643 659 4713 αἰτεῖσθαι,
708 4643 855 4721 παρὰ
897 4644 961 4699 τὸ
1012 4645 1216 4699 τιθέναι
1253 4644 1315 4699 τὸ
1373 4645 1449 4717 μὴ
1484 4641 1656 4699 αἴτιον
1708 4644 1785 4705 ὡς
1831 4641 2026 4699 αἴτιον·

363 4733 426 4796 ὃς
489 4732 558 4803 δὴ
619 4733 828 4810 τρόπος
884 4733 975 4789 καὶ
1039 4733 1116 4807 μὴ
1172 4735 1321 4807 παρὰ
1368 4738 1530 4789 τοῦτο
1581 4732 2027 4807 κατονομάζεται’

370 4822 518 4898 παρὰ
541 4821 606 4877 τὸ
637 4822 704 4878 τὰ
730 4820 909 4878 πλείω
940 4821 1269 4898 ἐρωτήματα
1296 4820 1352 4877 ἓν
1378 4827 1577 4880 ποιεῖν.

434 4999 507 5074 γ’.
539 5000 695 5074 Παρᾶ
716 4997 781 5054 τὰ
812 4994 1161 5073 συμϐεϐηκὸς
1196 4999 1309 5073 μὲν,
1342 5000 1479 5070 οἷον,
1498 5000 1555 5054 '0
1587 4998 1885 5074 Σωκράτης
1912 4996 2028 5056 ἓτε-

372 5106 469 5163 ρον
500 5086 817 5151 Πλάτωνος.
851 5089 909 5144 ’0
938 5087 1171 5144 Πλάτων
1204 5088 1509 5164 ἄνθρωπος·
1536 5088 1565 5143 ὁ
1599 5087 1897 5164 Σωκράτης
1927 5087 2031 5165 ἄρα

364 5173 549 5254 ῐυερόν
595 5197 652 5231 τι
697 5181 797 5234 τοῦ
840 5177 1152 5254 ἀνθρώπου.
1202 5177 1430 5253 Λέγεται
1461 5175 1521 5232 δὲ
1557 5179 1703 5253 παρᾶ
1730 5176 1794 5233 τὸ
1823 5173 2027 5251 σᾶμϐε-

373 5259 548 5337 ϐηχὸς
574 5264 661 5323 ὅτι
694 5266 773 5341 μὴ
802 5266 941 5322 κατὰ
960 5265 1119 5344 φύσιν
1139 5261 1322 5342 ἕτερόν
1354 5265 1517 5338 ἐστιν,
1552 5267 1581 5321 ὁ
1613 5265 1912 5342 Σωκράτης
1931 5270 2029 5322 τοῦ

357 5353 691 5429 Πλάτωνος,
741 5353 891 5411 ἀλλὰ
937 5356 1057 5410 καθ’
1104 5353 1394 5412 ὑπόστασιν
1420 5355 1634 5418 καὶτὰς
1668 5355 2027 5417 ὗποστατικὰς

2056 4028 2107 4094 Β

908 3702 1158 3777 νίηείρίὶζ
1191 3735 1260 3746 -
1305 3704 1356 3761 9.
1391 3703 1621 3760 Sextum
1663 3721 1700 3760 a
1725 3702 1978 3777 ponendo
2022 3720 2135 3762 non
2180 3702 2432 3761 causam‘
2456 3714 2520 3762 ut
2558 3702 2916 3763 causamf—
2963 3706 3052 3762 10.
3098 3705 3408 3776 Septimum
3451 3720 3488 3760 a
3529 3702 3787 3776 pluribus

2683 4024 2913 4083 CAPUT
2950 4023 3240 4084 XXXVIII.

2465 4114 2543 4170 De
2570 4113 2920 4187 sophismatis
2950 4116 3111 4170 extra
3138 4112 3459 4169 dictionem.

2213 4204 2264 4260 1.
2298 4202 2615 4275 Sophistici
2660 4202 2820 4259 modi
2849 4202 2911 4259 in
2942 4202 3197 4258 dictione
3225 4206 3365 4258 sunt
3394 4217 3514 4271 sex,
3537 4215 3791 4273 quorum

2140 4291 2508 4348 continenter
2537 4290 2896 4347 mentionem
2928 4289 3196 4347 fecimus.

2209 4384 2265 4436 2.
2298 4381 2475 4437 Extra
2522 4380 2860 4448 dictionem,
2906 4383 3177 4454 septem:
3223 4380 3303 4438 Ex
3350 4378 3670 4448 accidente,
3721 4394 3793 4435 ex

2141 4486 2209 4527 eo
2241 4471 2397 4542 quod
2423 4474 2513 4526 est
2541 4470 2973 4542 quadamtenus
3002 4473 3061 4525 et
3087 4468 3453 4543 simpliciter,
3467 4485 3536 4526 ex
3562 4468 3794 4543 ignora-

2139 4559 2298 4616 tione
2345 4558 2596 4630 elenchi,
2626 4576 2697 4615 ex
2727 4562 3140 4634 consequente,
3168 4575 3237 4616 ex
3271 4575 3338 4615 eo
3369 4558 3526 4631 quod
3573 4556 3794 4630 petitur

2139 4648 2201 4704 in
2231 4648 2521 4722 principio
2569 4647 2959 4721 propositum,
2992 4664 3061 4704 ex
3084 4664 3152 4706 eo
3182 4648 3339 4720 quod
3372 4647 3539 4721 ponit
3575 4645 3793 4720 aliquis

2142 4754 2259 4793 non
2311 4754 2551 4794 causam
2594 4743 2662 4793 ut
2711 4754 2973 4809 causam,
3023 4737 3125 4808 qui
3172 4737 3349 4793 etiam
3415 4736 3628 4793 modus
3673 4752 3789 4791 non

2139 4830 2376 4899 prapter
2421 4826 2532 4883 hoc
2577 4826 3034 4894 denominatur;
3068 4841 3138 4881 ex
3165 4842 3232 4884 eo
3270 4825 3429 4898 quod
3475 4823 3677 4898 plures
3706 4823 3794 4879 in-

2139 4915 2562 4987 terrogationes
2591 4914 2806 4985 aliquis
2835 4930 3015 4970 unam
3046 4913 3203 4970 facit.

2210 5006 2263 5061 3.
2313 5005 2397 5060 Ex
2442 5004 2743 5061 accidente
2799 5003 3059 5076 quidem,
3107 5001 3267 5059 velut
3319 5018 3333 5058 :
3390 5003 3656 5060 Socrates
3701 5005 3793 5057 est

2140 5093 2436 5150 diversum
2489 5092 2630 5166 quid
2663 5109 2698 5149 a
2742 5091 3005 5148 Platone.
3055 5091 3216 5149 Plato
3265 5095 3356 5147 est
3399 5091 3575 5147 homo
3607 5106 3623 5147 :
3652 5105 3790 5164 ergo

2138 5182 2404 5237 Socrates
2451 5181 2748 5237 diversum
2797 5179 2937 5252 quid
2989 5183 3080 5235 est
3131 5180 3205 5235 ab
3257 5178 3516 5236 homine.
3570 5178 3792 5236 Dicitur

2139 5274 2334 5327 autem
2367 5286 2437 5326 ex
2485 5269 2802 5337 accidente,
2837 5267 2976 5340 quia
3022 5268 3291 5324 Socrates
3324 5284 3359 5324 a
3387 5267 3629 5325 Platone
3674 5284 3791 5324 non

2140 5358 2462 5415 secundum
2496 5358 2907 5423 naturam,sed
2944 5356 3271 5412 secundum
3302 5356 3646 5430 hypostasin
3674 5356 3789 5429 (in-

360 5440 665 5513 ἷδιότητας.
696 5448 873 5507 Ταῦτα
922 5442 981 5499 δὲ
1025 5444 1201 5499 πάντα
1246 5444 1370 5520 περὶ
1415 5445 1517 5512 τὴν
1547 5443 1703 5522 φύσιν
1737 5443 1871 5499 εἰσὶν
1902 5441 2028 5500 ἀλλ’

2149 5446 2468 5520 dividuum)
2496 5453 2553 5503 et
2583 5446 2967 5520 praprietates
2996 5444 3794 5518 hypostaticas(individuan-

361 5531 423 5589 οὔ
454 5533 663 5611 φύσεις·
718 5532 786 5589 τὺ
833 5531 1201 5610 συμπέρασμα
1251 5529 1310 5587 δὲ
1361 5528 1545 5588 λαϐὼν
1595 5532 1703 5588 ἀπὸ
1743 5537 1855 5588 τῶν
1892 5533 2017 5608 περὶ

2149 5535 2418 5608 .es)877
2475 5536 2773 5591 diversum
2826 5539 2935 5590 est.
2970 5532 3101 5588 Hoc
3150 5538 3347 5589 autem
3387 5533 3587 5591 omnia
3635 5533 3792 5590 circa

359 5622 458 5690 τὴν
517 5622 702 5699 φύσιν.
761 5624 863 5692 τήν
920 5618 1214 5699 ἑτερότητα
1267 5620 1406 5699 πρὸς
1470 5623 1571 5690 τήν
1628 5621 1786 5700 φύσιν
1848 5625 2017 5695 μετή-

361 5730 534 5787 νεγκε.
589 5709 784 5784 Πάλιν,
839 5713 896 5766 '0
956 5711 1242 5787 ἄνθρωπος
1303 5714 1465 5780 ζῶον·
1523 5712 1586 5765 τὸ
1646 5715 1785 5779 ζῶον
1839 5710 2015 5786 γένος·

2131 5630 2428 5691 naturam,
2461 5640 2578 5679 non
2622 5629 2839 5679 natura
2871 5626 3036 5688 sunt,
3072 5621 3238 5693 atqui
3269 5621 3570 5678 conclusio
3600 5622 3789 5678 diver-

2130 5713 2364 5770 sitatem
2414 5713 2486 5771 ab
2517 5713 2590 5770 iis
2621 5716 2920 5784 sumptam
2982 5726 3111 5783 quae
3140 5710 3296 5766 circa
3324 5718 3597 5770 nativam
3628 5715 3788 5779 sunt,

362 5800 709 5883 ὁᾶνθρωπος
756 5802 861 5878 ἄρα
907 5801 1083 5876 γένος.
1125 5799 1246 5875 Καὶ,
1294 5805 1350 5853 Ὁ
1399 5798 1603 5878 Πέτρος
1649 5801 1955 5876 ἄνθρωπος’
1988 5801 2018 5855 ὁ

2149 5804 2202 5859 ιὰ
2245 5802 2436 5877 ipsam
2485 5806 2758 5860 naturam
2810 5798 3135 5858 transtulit.
3191 5800 3431 5872 Iterum,
3465 5799 3651 5859 Homo
3699 5804 3791 5859 est

3585 3416 3790 3475 Secun-
3868 3435 3877 3446 δ
