4094 6488
351 428 469 492 987

1599 436 2025 502 NICEPHORI
2067 436 2510 501 BLEMMIDE

3656 438 3772 502 988

351 563 818 634 animal,animal
848 571 938 626 est
967 586 1317 646 genus,ergo
1347 571 1521 629 homo
1552 579 1640 630 est
1668 576 1946 645 genus.Et
1978 588 1990 626 :

2117 571 2397 646 ἅνθρωπος
2444 566 2828 648 τρισύλλαϐον·
2873 571 2901 626 6
2948 568 3152 647 Πέτρος
3209 568 3311 647 ἄρα
3364 564 3766 645 τρισύλλαϐον.

354 653 561 711 Petrus
612 660 702 712 est
743 654 1066 732 ἅνθρωποςς
1116 657 1398 733 ἅνθρωπος
1446 667 1535 718 est
1583 662 1948 734 trisyllabum
1981 678 2001 722 ,'

367 758 502 814 ergo
552 749 761 802 Petrus
792 753 880 803 est
899 749 1289 822 trisyllabum.
1323 752 1450 806 Haec
1498 757 1554 807 et
1600 753 1726 822 ejus
1776 750 2004 823 generis

367 832 732 902 sophismata
761 853 830 891 ex
880 839 1174 894 accidente
1205 846 1378 909 sunt;
1414 858 1599 912 neque
1629 842 1784 895 enim
1818 857 2002 911 genus

363 920 434 977 de
466 923 703 981 homine
733 928 1123 984 essentialiter
1152 931 1519 1000 praedicatur,
1540 948 1726 1002 neque
1757 928 2005 1001 trisylla-

353 1011 494 1068 bum
525 1015 596 1070 de
630 1015 865 1072 homine
896 1018 1282 1075 essentialiter
1311 1020 1579 1075 eﬂertur:
1616 1027 1679 1075 ut
1709 1039 1775 1074 ex
1807 1037 2010 1075 neces-

355 1103 526 1158 sitate
556 1103 698 1159 illud
732 1107 970 1176 quidem
1001 1108 1072 1161 de
1121 1108 1376 1179 homine,
1409 1109 1516 1165 hoc
1548 1111 1617 1164 de
1650 1110 1812 1165 Petro
1845 1111 1998 1165 dice-

353 1195 531 1247 retur.
585 1193 730 1248 Cum
763 1200 957 1250 autem
1008 1198 1338 1267 praedicatio
1390 1200 1454 1254 fit
1507 1217 1616 1255 non
1671 1201 1995 1255 essentiali-

354 1285 462 1350 ter,
497 1282 597 1336 sed
652 1283 1104 1350 accidentaliter,
1140 1304 1255 1342 non
1288 1289 1487 1343 omnia
1514 1306 1640 1360 quae
1674 1290 1742 1343 de
1792 1290 1997 1360 praedi-

353 1374 480 1425 cato
511 1370 807 1444 dicuntur,
841 1391 1077 1431 necesse
1120 1380 1210 1431 est
1238 1377 1412 1432 etiam
1464 1378 1535 1432 de
1566 1379 1829 1448 subjecto
1860 1380 1994 1433 dici.

353 1459 582 1516 Rursus
611 1461 671 1516 in
704 1466 962 1518 secunda
992 1465 1180 1536 figura
1209 1483 1220 1521 :
1258 1467 1367 1521 Mel
1401 1468 1788 1522 intentionem
1820 1474 1875 1523 et
1910 1486 1996 1524 re-

354 1549 697 1606 missionem
745 1569 858 1607 non
892 1554 1158 1626 suscipit,
1193 1556 1361 1611 dulce
1408 1557 1790 1613 intentionem
1823 1563 1879 1613 et
1909 1575 1996 1613 re-

354 1637 695 1695 missionem
755 1642 1022 1714 suscipit,
1083 1660 1218 1716 ergo
1293 1645 1406 1700 mel
1465 1663 1579 1701 non
1638 1653 1726 1702 est
1806 1647 1993 1704 dulce.

350 1726 421 1782 Et
450 1727 661 1784 iterum
696 1747 708 1784 :
741 1729 952 1786 Album
983 1736 1072 1788 est
1099 1735 1424 1790 secundum
1459 1736 1646 1806 magis
1690 1742 1746 1792 et
1777 1739 1993 1793 minus.

352 1816 976 1889 Cygnus,nix,cerussa
1007 1823 1330 1878 secundum
1364 1825 1552 1896 magis
1574 1829 1629 1880 et
1659 1826 1855 1882 minus
1881 1844 1991 1882 non

2111 665 2284 714 Ταῦτα
2341 661 2428 715 καὶ
2479 662 2545 716 τὰ
2598 667 2819 717 τοιαῦτα
2877 661 3184 739 σοφίσματα
3242 660 3389 736 παρὰ
3443 658 3513 714 τὸ
3572 655 3769 734 συμϐε-

2113 743 2303 818 ϐηκός·
2356 749 2477 805 οὕτε
2529 752 2632 827 γὰρ
2694 752 2834 820 ζώου
2890 753 3266 826 κατηγορεῖται
3323 748 3388 804 τὸ
3460 747 3622 825 γένος
3681 749 3768 804 οὗ·

2113 835 2348 904 σιωδῶς,
2405 839 2527 894 οὕτε
2572 845 2669 894 τσῦ
2719 840 3005 914 ἀνθρώπου
3053 839 3114 893 τὸ
3159 833 3540 914 τρισύλλαϐον
3575 837 3766 892 ούσιω-

2114 925 2340 999 δῶς,⁹ίν’
2393 927 2442 998 ἐξ
2492 928 2728 1005 ἀνάγκης
2772 930 2834 983 τὸ
2888 929 2980 1002 μὲν
3030 928 3163 983 κατά
3210 933 3307 983 τοῦ
3355 927 3680 1002 ἀνθρώπου,
3711 927 3768 981 τὸ

2113 1014 2169 1070 δὲ
2196 1017 2331 1071 κατὰ
2381 1021 2474 1071 τοῦ
2507 1017 2711 1092 Πέτρου
2761 1017 3026 1092 λεχθεῖεν.
3063 1015 3358 1089 Γινομένης
3415 1013 3480 1070 δὲ
3531 1024 3635 1085 τῆς
3679 1037 3767 1070 κα-

2109 1106 2372 1182 τηγορίας
2428 1108 2502 1179 μὴ
2554 1104 2854 1177 οὐσιωδῶς,
2904 1105 3032 1162 ἀλλ’
3083 1103 3463 1176 ἐπουσιωδῶς,
3518 1105 3629 1181 οὐχ
3677 1104 3770 1160 ὅσα

2110 1197 2244 1250 κατά
2296 1201 2391 1249 τοῦ
2461 1197 2936 1272 κατηγορουμένου
3017 1195 3280 1270 λέγεται,
3337 1196 3498 1250 ταῦτ’
3563 1195 3766 1269 ἀνάγκη

2108 1285 2197 1338 καὶ
2254 1286 2389 1338 κατά
2442 1289 2540 1339 τοῦ
2601 1284 2953 1357 ὑποκειμένου
3010 1282 3260 1360 λέγεσθαι
3317 1283 3540 1339 πάντα.
3601 1282 3764 1339 Πάλιν

2110 1373 2161 1427 ἐν
2223 1370 2457 1447 δευτέρῳ
2519 1376 2786 1450 σχηματι-
2847 1374 2926 1430 Τὸ
2983 1371 3109 1446 μέλι
3170 1372 3414 1428 ἐπίτασιν
3467 1372 3562 1427 καὶ
3596 1373 3763 1428 ἄνεσιν

2108 1461 2206 1516 ούκ
2262 1460 2589 1537 ἐπιδέχεται·
2647 1463 2712 1517 τὸ
2768 1461 2942 1536 γλυκὺ
2991 1461 3228 1517 ἐπίτασιν
3279 1461 3370 1516 καὶ
3428 1462 3614 1516 ἄνεσιν
3656 1460 3764 1516 ἐπι-

2108 1549 2345 1627 δέχεται·
2377 1553 2439 1606 τὸ
2472 1550 2601 1624 μέλι
2633 1540 2733 1627 ἄρα
2782 1552 2880 1606 οὐκ
2928 1547 3037 1606 ἔστι
3086 1550 3282 1626 γλυκύ.
3337 1550 3443 1605 Καὶ
3496 1549 3671 1615 αὖθις·
3700 1550 3766 1604 Τὸ

2107 1641 2296 1696 λευκὸν
2347 1642 2482 1696 κατὰ
2527 1640 2589 1696 τὰ
2637 1639 2850 1714 μᾶλλον
2893 1642 2983 1695 καὶ
3030 1640 3189 1710 ἧττόν
3241 1640 3407 1698 ἐστιν.
3444 1641 3504 1696 Ὀ
3552 1639 3766 1710 κύκνος,

2105 1734 2139 1800 ἡ
2173 1733 2336 1806 χιὼν,
2365 1731 2426 1785 τὸ
2469 1730 2786 1803 ψιμμίθιον,
2827 1731 2962 1785 κατὰ
2987 1730 3050 1785 τὸ
3085 1727 3295 1803 μᾶλλον
3327 1729 3424 1784 καὶ
3475 1732 3643 1799 ἧττον
3675 1727 3768 1783 οὐκ

2107 1819 2236 1874 εἶσίν
2275 1842 2286 1853 ·
2335 1819 2432 1874 οὐκ
2489 1821 2590 1894 ἄρα
2655 1824 2822 1874 ταῦτα
2877 1817 3061 1875 λευκά.
3122 1821 3274 1896 Ηαρὲ
3327 1819 3393 1873 τὸ
3455 1812 3767 1891 συμϐεόηὸς

352 1909 528 1973 sunt;
563 1923 677 1961 non
730 1925 866 1980 ergo
896 1909 1018 1964 haec
1047 1909 1181 1966 alba
1210 1917 1369 1968 sunt.
1406 1914 1483 1968 Ex
1531 1915 1827 1971 accidente
1858 1920 1997 1971 sunt

2117 1909 2171 1963 τὰ
2201 1908 2526 1984 σοφίσματα,
2564 1906 2652 1962 διὰ
2679 1909 2740 1962 τὸ
2775 1910 2915 1980 μήτε
2961 1913 3058 1963 τοῦ
3095 1907 3291 1964 λευκοῦ
3321 1908 3387 1962 τὸ
3426 1905 3644 1980 μᾶλλον
3679 1905 3764 1959 καὶ

2117 2001 2145 2014 ¹ν
2587 2004 2609 2014 δ
2646 1999 2670 2014 Α
2829 1997 2842 2014 9
2963 1995 3024 2014 θη
3198 1998 3210 2014 Ι
3381 2001 3411 2011 ν
3484 1993 3505 2014 Ἴ
3602 1994 3613 2014 1
3743 1993 3756 2012 ‘

353 1994 738 2065 sophismata,
788 2003 1095 2070 propterea
1146 2002 1301 2071 quod
1357 2018 1546 2073 neque
1597 2003 1658 2056 τὸ
1703 2005 1892 2077 magis
1943 2011 2001 2060 et

354 2084 552 2140 minus
600 2086 670 2140 de
701 2086 852 2152 albo,
886 2104 1075 2160 neque
1123 2089 1346 2145 intendi
1379 2095 1435 2145 et
1472 2092 1687 2146 remitti
1720 2095 1792 2148 de
1841 2094 1997 2150 dulci

352 2173 742 2230 essentialiter
771 2177 1178 2247 predicentur.

425 2280 579 2336 378
612 2282 662 2335 4.
705 2282 972 2338 Arbitror
1019 2289 1216 2340 autem
1245 2287 1294 2341 si
1341 2287 1474 2358 quis
1523 2287 1630 2343 hos
1679 2289 1998 2361 paralogis-

354 2383 483 2424 mos
514 2368 688 2426 etiam
721 2387 787 2426 ex
817 2371 1197 2446 homonymia
1225 2374 1600 2448 dicat,ipsum
1623 2395 1656 2432 a
1678 2395 1810 2432 vero
1843 2378 1998 2433 haud

353 2457 555 2529 procul
578 2459 984 2517 aberraturum
1015 2464 1351 2520 esse.Dulce
1372 2466 1528 2519 enim
1561 2473 1616 2520 et
1637 2466 1837 2522 album
1864 2485 1998 2523 cum

351 2547 512 2619 ipsas
545 2548 1251 2620 qualitates,dulcedinem
1285 2558 1342 2608 et
1371 2553 1721 2622 albedinem,
1751 2561 1875 2610 tum
1907 2557 2000 2610 in-

355 2652 532 2708 super
575 2637 706 2709 ipsa
757 2639 1140 2711 qualitatibus
1191 2643 1431 2714 praedita
1479 2660 1720 2714 corpora
1770 2645 1999 2716 signifi-

353 2731 509 2782 cant.
543 2730 690 2799 Ergo
741 2729 798 2782 in
840 2730 1164 2800 majoribus
1212 2732 1448 2802 quidem
1503 2733 2000 2804 propositionibus

353 2815 720 2887 sophismata
768 2817 924 2872 solas
973 2819 1284 2890 qualitates
1342 2821 1579 2890 dabant,
1631 2821 2000 2878 dulcedinem

354 2909 413 2960 et
462 2903 791 2960 albedinem
827 2923 838 2960 :
877 2907 936 2961 in
986 2909 1464 2965 conclusionibus
1517 2916 1708 2965 autem
1761 2929 2003 2983 corpora

354 2995 668 3049 sumebant
714 3011 847 3050 cum
881 2997 1281 3068 qualitatibus.
1317 2999 1414 3053 Sin
1465 3016 1598 3054 vero
1629 3002 1783 3070 quod
1834 3001 2002 3056 dulce

354 3087 413 3138 et
442 3084 596 3154 quod
627 3082 1300 3158 albumjproponebant,
1328 3089 1529 3144 eadem
1554 3089 1730 3144 etiam
1764 3089 1998 3145 conclu-

355 3171 560 3226 derent
583 3172 757 3238 ;nihil
790 3173 1055 3230 fortassis
1088 3176 1297 3231 rationi
1329 3177 1772 3233 dissentaneum
1804 3196 1999 3251 seque-

355 3264 555 3328 retur;
589 3277 773 3332 neque
820 3263 976 3318 enim
1010 3263 1122 3319 mel
1155 3270 1244 3320 est
1292 3267 1583 3336 ejusmodi
1613 3267 1781 3323 dulce
1831 3268 2002 3340 quale

354 3348 740 3405 intentionem
774 3355 831 3406 et
860 3353 1268 3409 remissionem
1302 3356 1569 3426 suscipit,
1590 3357 1699 3412 hoc
1731 3362 1838 3422 est,
1864 3357 1999 3412 dul-

356 3437 517 3493 cedo.
549 3438 746 3510 Neque
777 3456 999 3512 cygnus
1032 3447 1120 3498 est
1151 3443 1440 3513 ejusmodi
1472 3444 1670 3500 album
1703 3445 1874 3517 quale
1907 3463 1998 3502 se—

356 3527 643 3595 cundum}
664 3529 852 3601 magis
885 3533 942 3585 et
991 3531 1190 3588 minus
1221 3537 1328 3599 est,
1363 3533 1471 3589 hoc
1503 3539 1610 3601 est,
1641 3535 1864 3606 albedo,
1899 3535 1999 3590 sed

357 3615 531 3671 ambo
560 3616 736 3672 etiam
769 3634 1012 3690 corpora
1044 3624 1212 3688 sunt;
1247 3621 1359 3676 mel
1393 3622 1651 3694 quidem,
1685 3623 1852 3678 dulce
1883 3640 2002 3679 cor-

356 3720 470 3777 pus
497 3722 510 3773 ;
537 3708 598 3760 at
627 3706 1077 3778 cygnus,album
1110 3711 1418 3780 corpus.Et
1449 3718 1738 3782 quatenus
1761 3729 2003 3785 corpora

357 3795 800 3867 sunt,magis,et
829 3797 1027 3852 minus
1047 3814 1401 3870 omnemque
1426 3800 1809 3856 intentionem
1844 3807 1900 3856 et
1920 3819 2005 3857 re-

356 3882 852 3940 missionemmon
902 3887 1272 3958 suscipiunt;
1307 3890 1601 3945 servantia
1631 3891 1912 3945 nimirum
1943 3891 2002 3944 in

357 3971 569 4044 seipsis
600 3975 754 4044 quod
786 3974 870 4030 eis
901 3977 1226 4032 secundum
1258 3983 1529 4034 naturam
1561 3979 1839 4034 est.Talia
1866 3983 2005 4034 sunt

357 4061 458 4117 nix
485 4065 544 4118 et
567 4078 805 4119 cerussa
825 4069 881 4120 et
909 4065 1002 4120 his
1023 4065 1362 4123 similia.Sic
1383 4067 1558 4123 etiam
1580 4068 1739 4123 aliud
1764 4067 2004 4137 animal,

360 4151 532 4207 homo
581 4156 712 4221 est;
745 4157 802 4208 et
847 4153 1008 4210 aliud
1056 4156 1297 4228 animal,
1327 4174 1534 4229 genus.
1567 4157 1801 4212 Animal
1848 4158 2004 4212 enim

359 4240 599 4311 quidem
646 4257 833 4314 genus
882 4248 990 4316 est,
1024 4245 1366 4316 simpliciter
1413 4246 1652 4314 animal,
1694 4247 1846 4302 379
1897 4247 2006 4302 hoc

359 4333 467 4396 est,
501 4330 655 4400 quod
706 4333 1165 4404 omnes'fspecies
1214 4335 1680 4405 comprehendit,
1715 4353 1841 4406 quae
1890 4337 2010 4390 vita

359 4417 614 4489 perlecta
644 4419 1047 4492 designantur.
1065 4422 1250 4478 Homo
1283 4428 1476 4478 autem
1510 4424 1842 4479 istiusmodi
1876 4441 2006 4496 spe-

359 4506 580 4562 cierum
630 4525 749 4564 una
773 4513 882 4577 est,
915 4526 1046 4581 quae
1092 4511 1314 4582 species
1345 4514 1417 4568 ad
1449 4514 1761 4585 perfectam
1804 4515 2007 4580 vitam,

357 4595 599 4668 insuper
628 4601 684 4652 et
702 4598 1158 4654 rationalitatem
1201 4605 1255 4655 et
1275 4602 1600 4657 naturalem
1619 4603 2008 4674 aptitudinem

2107 2001 2268 2067 ἦττον
2317 1999 2728 2074 κατηγορεῖσθαι
2789 1995 3088 2070 ούσιωδῶς,
3139 1998 3276 2069 μήτε
3312 2001 3415 2051 τοῦ
3444 1993 3678 2072 γλυκέος
3706 1993 3764 2048 τὸ

2109 2086 2455 2142 ἐπιτείνεσθαι
2483 2087 2572 2142 καὶ
2603 2085 2867 2150 ἀνίεσθαι.

2182 2281 2242 2339 δ’.
2301 2285 2464 2356 Οἶμαι
2528 2282 2585 2337 δὲ
2639 2284 2764 2344 τοὺς
2818 2281 3100 2344 τοιούτους
3159 2279 3622 2356 παραλογισμοὺς
3655 2325 3669 2350 ,
3723 2273 3771 2330 εἷ’

2108 2395 2191 2436 τις
2224 2374 2315 2427 καὶ
2345 2374 2491 2448 παρᾶ
2519 2374 2616 2441 τήν
2670 2372 2990 2444 ὁμωνυμίαν
3035 2371 3166 2444 ἐρεῖ,
3217 2371 3306 2426 καὶ
3360 2371 3530 2431 οὗτος
3577 2368 3671 2423 οὐκ
3708 2367 3762 2420 ἂν

2111 2460 2522 2532 ἀποπλανηθείη
2582 2461 2772 2536 πόρρω
2829 2465 2926 2514 τοῦ
2987 2457 3249 2530 ἀληθοῦς.
3308 2461 3382 2514 Τὸ
3442 2457 3620 2534 γλυκὺ
3668 2456 3761 2530 γὰρ

2109 2552 2200 2606 καὶ
2256 2549 2318 2605 τὸ
2379 2550 2568 2605 λευκὸν
2631 2549 2935 2621 σημαντικά
2993 2548 3101 2603 ἐστι
3160 2549 3248 2603 καὶ
3291 2554 3404 2604 τῶν
3458 2549 3759 2615 ποιοτήτων

2113 2640 2306 2707 αὐτῶν,
2354 2647 2454 2708 τῆς
2510 2639 2854 2714 γλυκύτητος
2903 2636 3052 2713 λέγω
3109 2639 3198 2692 καὶ
3252 2645 3356 2707 τῆς
3416 2636 3758 2705 λευκότητος·

2114 2727 2259 2784 ἀλλὰ
2306 2726 2372 2798 δὴ
2427 2726 2516 2782 καῖ
2561 2733 2668 2782 τῶν
2717 2728 3116 2801 πεποιωμένων
3160 2728 3456 2800 σωμάτων.
3499 2725 3643 2781 Κατὰ
3675 2723 3760 2794 μὶν

2113 2816 2201 2872 οῦν
2247 2817 2342 2879 τὰς
2397 2817 2616 2891 μείζους
2669 2820 2978 2892 προτάσεις,
3028 2816 3325 2886 ποιότητας
3379 2816 3552 2889 μόνας
3585 2814 3760 2873 ἁπλῶς

2113 2905 2318 2962 ἐδίδουν
2379 2909 2429 2962 οἱ
2485 2908 2768 2985 σοφισμοὶ,
2827 2905 3142 2982 γλυκύτητα
3195 2905 3284 2960 καὶ
3340 2903 3666 2974 λευκότητα·
3714 2901 3760 2955 ἐν

2113 2994 2171 3052 δὲ
2198 3002 2315 3058 τοῖς
2347 2996 2755 3071 συλπεράσμασι
2803 2997 3030 3068 σώματα
3077 2995 3211 3069 μετὰ
3246 2997 3563 3066 ποιοτήτων
3596 2989 3756 3063 ἐλάμ-

2113 3081 2291 3141 ϐανον.
2326 3087 2388 3140 Εἰ
2421 3083 2467 3140 δ’
2497 3086 2524 3140 ὃ
2557 3083 2732 3161 γλυκὺ
2782 3085 2872 3139 καὶ
2903 3086 2931 3139 ’ὁ
2970 3084 3160 3140 λευκὸν
3208 3082 3548 3157 προέτεινον,
3598 3081 3761 3136 ἐκεῖνα

2110 3175 2200 3229 καὶ
2253 3174 2625 3250 συνεπέραινον
2663 3220 2677 3245 ,
2731 3170 2883 3228 οὐδὲν
2937 3171 2997 3227 ἂν
3059 3169 3187 3234 ἴσως
3242 3171 3543 3241 ἠκολούθει
3597 3167 3760 3244 παρά-

2113 3263 2298 3340 λογον.
2333 3262 2467 3318 Οὔτε
2496 3264 2599 3338 γὰρ
2638 3262 2702 3317 τὸ
2737 3261 2863 3335 μέλι
2912 3260 3085 3338 γλυκὺ
3135 3265 3386 3316 τοιοῦτον
3437 3262 3624 3316 ὁποῖον
3655 3254 3760 3311 ἐπί-

2109 3374 2260 3408 τασιν
2319 3352 2407 3407 καὶ
2486 3353 2661 3406 ἄνεσιν
2723 3349 3084 3426 ἐπιδέχεται,
3141 3351 3388 3405 τουτέστι
3447 3347 3758 3426 γλυκύτης,

2111 3438 2226 3496 οὔθ’
2257 3443 2285 3496 6
2315 3441 2509 3502 κύκνος
2559 3445 2775 3495 τοιοῦτο
2829 3438 3044 3510 λευκὸν,
3099 3439 3289 3494 ὁποῖον
3323 3439 3465 3494 κατά
3516 3437 3580 3492 τὸ
3631 3430 3757 3508 μᾶλ-

2111 3529 2207 3584 λον
2239 3531 2327 3584 καὶ
2385 3529 2548 3598 ἧττόν
2609 3528 2772 3601 ἐστιν,
2833 3526 3004 3603 ἤγουν
3054 3527 3337 3597 λευκότης·
3372 3524 3524 3582 ἀλλᾶ
3551 3525 3760 3596 σώματα

2111 3619 2199 3674 καὶ
2260 3616 2445 3697 ἄμφω·
2507 3619 2566 3674 τὸ
2631 3619 2726 3692 μὲν
2785 3616 2958 3694 γλυκὺ
3015 3621 3176 3690 σῶμα
3229 3618 3292 3672 τὸ
3343 3616 3496 3690 μέλι·
3539 3614 3600 3669 τὸ
3630 3611 3672 3666 δ’
3704 3605 3759 3664 αὖ

2111 3713 2271 3782 σῶμα
2320 3705 2512 3762 λευκὸν
2574 3709 2602 3762 6
2634 3708 2853 3770 κύκνος·
2906 3707 2998 3761 καὶ
3046 3707 3179 3771 καθὸ
3229 3707 3461 3779 σώματα
3508 3709 3600 3759 τοῦ
3633 3698 3759 3774 μᾶλ-

2113 3796 2209 3852 λον
2282 3797 2372 3852 καὶ
2443 3801 2539 3851 τοῦ
2594 3800 2756 3865 ἦντον
2814 3793 3135 3851 ἀνεπίδεκτα
3196 3795 3390 3869 μένει,
3452 3795 3541 3850 καὶ
3597 3791 3758 3857 πάσης

2115 3885 2411 3947 ἐπιτάσεώς
2437 3907 2496 3940 τε
2523 3885 2614 3940 καὶ
2668 3884 2921 3954 ἀνέσεως,
2973 3886 3220 3954 σώζοντα
3257 3882 3519 3955 δηλονότι
3548 3881 3610 3937 τὸ
3637 3875 3758 3934 κατά

2118 3975 2274 4053 φύσιν
2308 3974 2358 4029 ἐν
2411 3976 2642 4037 ἑαυτοῖς.
2693 3979 2924 4030 Τοιαῦτα
2971 3973 3062 4029 καὶ
3110 3977 3145 4044 ἡ
3177 3974 3341 4050 χιὼν,
3393 3973 3484 4028 καὶ
3531 3972 3592 4027 τὸ
3631 3971 3752 4042 ψιμ-

2121 4063 2320 4137 μίθιον,
2353 4063 2534 4118 καὶτὰ
2580 4062 2956 4140 παραπλήσια.
3009 4062 3165 4117 Οὕτω
3193 4063 3284 4117 καὶ
3329 4061 3473 4119 ἄλλο
3507 4061 3598 4134 μὲν
3628 4059 3751 4126 ζῶον

2117 4154 2144 4206 6
2177 4154 2477 4229 ἄνθρωπος,
2532 4150 2672 4209 ἄλλο
2724 4150 2781 4207 δὲ
2832 4156 2969 4222 ζῶον
3021 4152 3084 4206 τὸ
3132 4152 3308 4229 γένος.
3344 4157 3492 4207 Ζῶον
3545 4142 3754 4226 μὲνγὰρ

2113 4240 2268 4318 γένος
2298 4242 2360 4296 τὸ
2393 4240 2582 4303 ἁπλῶς
2635 4246 2794 4312 ζῶον,
2835 4239 3003 4318 ἤγουν
3053 4241 3116 4296 τὸ
3167 4245 3276 4296 τῶν
3329 4239 3488 4296 εἰδῶν
3527 4236 3754 4318 ἁπάντων

2117 4330 2513 4402 συλληπτικὸν,
2560 4337 2668 4385 τῶν
2717 4332 2854 4385 κατά
2893 4317 2998 4399 τήν
3041 4329 3250 4386 τελείαν
3301 4317 3755 4407 χαρακτηριζομέ-

2116 4443 2244 4478 νων,
2279 4422 2336 4474 Ὁ
2367 4418 2414 4475 δ’
2463 4422 2747 4496 ἄνθρωπος
2793 4419 2848 4474 ’ὲν
2903 4425 3010 4474 τῶν
3058 4418 3321 4474 τοιούτων
3371 4416 3551 4489 εἰδῶν,
3581 4407 3752 4483 ’ὀπρὸς

2115 4514 2186 4584 τῇ
2232 4509 2416 4582 τελείᾳ
2476 4513 2588 4580 ζωῇ
2643 4511 2794 4587 φέρει
2843 4509 2935 4563 καὶ
2991 4510 3089 4577 τὴν
3151 4505 3507 4583 λογικότητα,
3554 4500 3638 4558 καὶ
3663 4496 3750 4587 τήν

2120 4601 2256 4676 πρὸς
2307 4599 2370 4654 τὸ
2421 4584 2671 4675 δέχεσθαι
2715 4584 2809 4654 τὸν
2863 4597 3087 4675 θύραθεν
3131 4603 3259 4653 νοῦν
3301 4597 3518 4658 καὶτὰς
3549 4584 3751 4652 ἐπισττί’

359 4685 758 4758 intelligentia)
790 4691 848 4742 et
876 4688 1259 4744 scientiarum
1292 4690 1616 4746 forinsecus
1647 4692 2001 4764 accipienda-

2127 4710 2229 4763 μας
2261 4686 2682 4759 ἐπιτηδειότητα
2711 4689 2963 4766 φυσικὴν,
3018 4688 3341 4766 μορφωτικὰ
3385 4686 3591 4743 ἑαυτοῦ.
3623 4679 3748 4766 Ζῶογ

362 4791 495 4830 rum
518 4775 706 4846 ipsam
738 4775 1117 4833 informantia
1146 4778 1340 4834 habet.
1368 4780 1548 4835 Homo
1578 4781 1758 4854 igitur
1779 4799 1896 4837 non
1927 4787 2016 4838 est

360 4863 708 4936 simpliciter
757 4866 996 4938 animal,
1044 4868 1144 4922 sed
1195 4868 1606 4939 hujuscemodi
1655 4871 1894 4927 animal.
1944 4873 2016 4926 At

359 4951 770 5024 hujuscemodi
800 4955 1019 5016 animal
1053 4973 1167 5011 non
1198 4961 1286 5012 est
1315 4975 1522 5031 genus,
1555 4960 1656 5015 sed
1688 4962 1932 5031 species.

426 5062 478 5114 5.
513 5061 814 5117 Secundus
865 5062 1075 5118 modus
1124 5063 1580 5136 sophisticorum
1629 5065 2005 5122 elenchorum

359 5153 448 5205 est
496 5151 567 5206 ab
598 5166 664 5206 eo
715 5152 868 5222 quod
917 5157 1006 5208 est
1051 5154 1502 5224 quadamtenus,
1537 5171 1638 5211 seu
1687 5157 2012 5211 secundum

361 5239 502 5310 quid
535 5243 594 5294 et
642 5240 1004 5312 simpliciter.
1039 5242 1108 5296 Et
1151 5242 1388 5313 quidem
1419 5243 1481 5296 τὸ
1515 5245 1841 5300 secundum
1875 5247 2014 5318 quid

361 5331 602 5382 vocatur
647 5330 982 5400 praedicatio
1015 5331 1358 5402 composita,
1393 5349 1520 5402 quae
1576 5333 2018 5404 particulariora

362 5415 639 5471 declarat.
673 5418 914 5489 Semper
945 5419 1100 5474 enim
1134 5421 1588 5492 compositiones
1627 5423 2011 5492 particulares

363 5504 522 5558 facit.
555 5504 741 5566 Quare
789 5508 963 5562 etiam
992 5509 1207 5564 animal
1257 5511 1560 5578 rationale,
1596 5512 2009 5582 particularius

363 5595 454 5648 est
483 5608 658 5662 quam
689 5595 928 5650 animal.
959 5600 1032 5652 At
1058 5598 1121 5651 τὸ
1154 5599 1501 5670 simpliciter
1542 5599 1756 5655 dicitur
1787 5600 2008 5656 incom-

363 5677 557 5751 posita
588 5685 941 5756 praedicatio,
972 5703 1100 5756 quae
1131 5704 1223 5742 res
1255 5687 1701 5745 universaliores
1741 5691 2017 5760 patefacit

363 5781 440 5824 eu
491 5767 619 5840 sign
645 5773 818 5829 iﬁcat.
855 5773 1158 5846 Simplicia
1207 5774 1361 5831 enim
1397 5776 1739 5849 compositis
1783 5778 2012 5833 univer-

2125 4757 2231 4854 όύχ
2263 4757 2452 4840 ἁπλῶς
2486 4779 2513 4832 ὁ
2545 4757 2848 4854 ἄνθρωπος,
2895 4757 3042 4833 ἀλλᾶ
3086 4757 3333 4832 τόιοῦτον
3390 4779 3549 4846 ζῶον.
3595 4765 3659 4820 Τδ
3702 4757 3750 4813 δὲ

2123 4872 2370 4922 τοιοῦτον
2408 4872 2542 4936 ζῶον
2577 4866 2638 4921 ού
2671 4867 2852 4943 γένος,
2884 4864 3011 4922 ἀλλ’
3041 4864 3182 4929 εἶδός
3213 4866 3343 4922 ἐστι.

2199 5064 2255 5119 ε’.
2305 5062 2563 5140 Δεύτερος
2610 5063 2811 5140 τρόπος
2862 5067 2969 5117 τῶν
3024 5061 3176 5125 ἐκτὸς
3235 5069 3329 5133 τῆς
3380 5060 3568 5132 λέξεως
3615 5044 3745 5147 ἐλέγξ

2127 5172 2244 5228 χων
2298 5137 2706 5230 σοφιστικῶν-ὁ
2754 5153 2900 5227 παρὰ
2945 5151 3007 5206 τὸ
3055 5158 3131 5222 πῆ
3183 5152 3273 5206 καὶ
3321 5150 3526 5209 ἁπλῶς.
3564 5137 3742 5230 Καξπῆ

2130 5226 2222 5315 μὲν
2283 5226 2527 5296 καλεῖται
2601 5244 2635 5310 ἡ
2697 5226 2946 5302 σύνθετος
3023 5240 3324 5317 κατηγορία
3401 5226 3742 5330 μερικωτέρξον

2127 5329 2260 5386 οῦσα
2320 5328 2629 5401 δηλωτική.
2684 5330 2781 5384 Καὶ
2840 5331 2944 5406 γὰρ
3001 5331 3037 5399 ἡ
3090 5330 3325 5393 σύνθεσις
3384 5327 3463 5383 ἀεὶ
3507 5325 3742 5406 μερικεῡξι

2125 5421 2192 5474 τὰ
2238 5395 2553 5496 πράγματα.
2594 5395 2698 5474 ’Διὸ
2745 5395 2950 5473 καὶ-τὸ
2997 5395 3216 5495 λογικὸν
3267 5423 3371 5488 ζῶν
3420 5395 3744 5496 μερικώτερίξν

2129 5509 2239 5564 ἐστι
2283 5483 2404 5563 ’τοῦ
2452 5510 2613 5578 ζώου.
2665 5507 2883 5570 Ἃπλῶς
2941 5505 2999 5562 δὲ
3149 5505 3432 5568 ἀσύνθετος
3478 5483 3742 5596 κιιτηγξψία

2129 5598 2344 5674 λέγεται
2404 5645 2417 5669 ,
2503 5596 2954 5674 καθολικωτέρων
3040 5596 3359 5674 ὑπάρχουσα
3445 5590 3737 5680 πραγμάτιςλν

2129 5668 2453 5765 ἐμῷαντική.
2512 5689 2589 5742 Τὰ
2632 5688 2732 5764 γὰρ
2792 5668 2940 5743 ἁπλᾶ
2995 5691 3101 5741 τῶν
3151 5668 3426 5742 ’συνθέτων
3465 5668 3740 5735 καθολικώσ

2127 5798 2273 5853 τερα,
2308 5777 2515 5832 Γίνεται
2557 5775 2737 5832 τοίνυν
2786 5777 2814 5831 6
2845 5775 2991 5854 παρᾶ
3034 5777 3098 5831 τὸ
3144 5783 3220 5846 πῆ
3273 5775 3360 5831 καὶ
3390 5769 3564 5828 ἁπλῶς
3588 5767 3734 5826 MP”
