  <div class='ocr_page' id='page_1' title='image "/cluster/home/n/w/nwhite01/storage/ocr_20150623/142/coo.31924054870476/502.png"; bbox 0 0 4094 6474; ppageno 0'>
   <div class='ocr_carea' id='block_1_1' title="bbox 381 450 501 520">
    <p class='ocr_par' dir='ltr' id='par_1_1' title="bbox 381 450 501 520">
     <span class='ocr_line' id='line_1_1' title="bbox 381 450 501 520; baseline 0.042 -5"><span class='ocrx_word' id='word_1_1' title='bbox 381 450 501 520; x_wconf 82' lang='grc'>989</span> 
     </span>
    </p>
   </div>
   <div class='ocr_carea' id='block_1_2' title="bbox 1732 449 2426 516">
    <p class='ocr_par' dir='ltr' id='par_1_2' title="bbox 1732 449 2426 516">
     <span class='ocr_line' id='line_1_2' title="bbox 1732 449 2426 516; baseline -0.004 -1"><span class='ocrx_word' id='word_1_2' title='bbox 1732 449 2081 516; x_wconf 83' lang='lat' dir='ltr'>EPITOME</span> <span class='ocrx_word' id='word_1_3' title='bbox 2122 450 2426 515; x_wconf 85' lang='lat' dir='ltr'>LOGICA.</span> 
     </span>
    </p>
   </div>
   <div class='ocr_carea' id='block_1_3' title="bbox 3661 448 3783 514">
    <p class='ocr_par' dir='ltr' id='par_1_3' title="bbox 3661 448 3783 514">
     <span class='ocr_line' id='line_1_3' title="bbox 3661 448 3783 514; baseline 0.008 -1"><span class='ocrx_word' id='word_1_4' title='bbox 3661 448 3783 514; x_wconf 85' lang='lat'>990</span> 
     </span>
    </p>
   </div>
   <div class='ocr_carea' id='block_1_4' title="bbox 379 579 2023 661">
    <p class='ocr_par' dir='ltr' id='par_1_4' title="bbox 379 579 2023 661">
     <span class='ocr_line' id='line_1_4' title="bbox 379 579 2023 661; baseline -0.004 -20"><span class='ocrx_word' id='word_1_5' title='bbox 379 581 650 659; x_wconf 85' lang='grc' dir='ltr'>λογισμὸς</span> <span class='ocrx_word' id='word_1_6' title='bbox 696 579 733 654; x_wconf 71' lang='grc' dir='ltr'>ἢ</span> <span class='ocrx_word' id='word_1_7' title='bbox 784 580 908 639; x_wconf 76' lang='grc' dir='ltr'>ὅταν</span> <span class='ocrx_word' id='word_1_8' title='bbox 948 582 1017 639; x_wconf 78' lang='grc' dir='ltr'>τὰ</span> <span class='ocrx_word' id='word_1_9' title='bbox 1063 588 1139 653; x_wconf 87' lang='grc' dir='ltr'>πῆ</span> <span class='ocrx_word' id='word_1_10' title='bbox 1200 585 1666 661; x_wconf 79' lang='grc' dir='ltr'>κατηγορήσωμεν</span> <span class='ocrx_word' id='word_1_11' title='bbox 1726 585 1937 656; x_wconf 81' lang='grc' dir='ltr'>ἁπλῶς,</span> <span class='ocrx_word' id='word_1_12' title='bbox 1987 583 2023 652; x_wconf 70' lang='grc' dir='ltr'>ἢ</span> 
     </span>
    </p>
   </div>
   <div class='ocr_carea' id='block_1_5' title="bbox 2139 579 3777 661">
    <p class='ocr_par' dir='ltr' id='par_1_5' title="bbox 2140 582 3777 659">
     <span class='ocr_line' id='line_1_5' title="bbox 2140 582 3777 659; baseline -0.003 -16"><span class='ocrx_word' id='word_1_13' title='bbox 2140 586 2356 643; x_wconf 84' lang='lat' dir='ltr'>saliora</span> <span class='ocrx_word' id='word_1_14' title='bbox 2403 588 2559 642; x_wconf 89' lang='lat' dir='ltr'>sunt.</span> <span class='ocrx_word' id='word_1_15' title='bbox 2594 583 2682 641; x_wconf 89' lang='lat' dir='ltr'>Fit</span> <span class='ocrx_word' id='word_1_16' title='bbox 2708 582 2890 659; x_wconf 79' lang='lat' dir='ltr'>igitur</span> <span class='ocrx_word' id='word_1_17' title='bbox 2936 582 3009 640; x_wconf 90' lang='lat' dir='ltr'>ab</span> <span class='ocrx_word' id='word_1_18' title='bbox 3038 596 3105 640; x_wconf 92' lang='lat' dir='ltr'>eo</span> <span class='ocrx_word' id='word_1_19' title='bbox 3138 582 3293 656; x_wconf 89' lang='lat' dir='ltr'>quod</span> <span class='ocrx_word' id='word_1_20' title='bbox 3325 585 3414 640; x_wconf 91' lang='lat' dir='ltr'>est</span> <span class='ocrx_word' id='word_1_21' title='bbox 3451 583 3777 639; x_wconf 88' lang='lat' dir='ltr'>secundum</span> 
     </span>
    </p>
   </div>
   <div class='ocr_carea' id='block_1_6' title="bbox 374 672 2026 748">
    <p class='ocr_par' dir='ltr' id='par_1_6' title="bbox 374 672 2026 748">
     <span class='ocr_line' id='line_1_6' title="bbox 374 672 2026 748; baseline 0 -20"><span class='ocrx_word' id='word_1_22' title='bbox 374 673 444 728; x_wconf 82' lang='grc' dir='ltr'>τὰ</span> <span class='ocrx_word' id='word_1_23' title='bbox 494 672 687 736; x_wconf 75' lang='grc' dir='ltr'>ἁπλῶς</span> <span class='ocrx_word' id='word_1_24' title='bbox 731 676 1197 748; x_wconf 79' lang='grc' dir='ltr'>κατηγορήσωμεν</span> <span class='ocrx_word' id='word_1_25' title='bbox 1250 680 1350 744; x_wconf 83' lang='grc' dir='ltr'>πῆ,</span> <span class='ocrx_word' id='word_1_26' title='bbox 1384 673 1655 728; x_wconf 92' lang='grc' dir='ltr'>τουτέστιν</span> <span class='ocrx_word' id='word_1_27' title='bbox 1691 673 1727 742; x_wconf 73' lang='grc' dir='ltr'><strong>ἢ</strong></span> <span class='ocrx_word' id='word_1_28' title='bbox 1779 672 1903 729; x_wconf 81' lang='grc' dir='ltr'>ὅταν</span> <span class='ocrx_word' id='word_1_29' title='bbox 1958 674 2026 728; x_wconf 76' lang='grc' dir='ltr'>τὰ</span> 
     </span>
    </p>
   </div>
   <div class='ocr_carea' id='block_1_7' title="bbox 384 761 2023 839">
    <p class='ocr_par' dir='ltr' id='par_1_7' title="bbox 384 761 2023 839">
     <span class='ocr_line' id='line_1_7' title="bbox 384 761 2023 839; baseline 0.001 -23"><span class='ocrx_word' id='word_1_30' title='bbox 384 763 497 835; x_wconf 77' lang='grc' dir='ltr'>ἅμα</span> <span class='ocrx_word' id='word_1_31' title='bbox 553 763 643 817; x_wconf 87' lang='grc' dir='ltr'>καὶ</span> <span class='ocrx_word' id='word_1_32' title='bbox 699 762 965 825; x_wconf 72' lang='grc' dir='ltr'>συνθέτως</span> <span class='ocrx_word' id='word_1_33' title='bbox 1029 761 1480 838; x_wconf 79' lang='grc' dir='ltr'>κατηγορούμενα</span> <span class='ocrx_word' id='word_1_34' title='bbox 1556 766 2023 839; x_wconf 70' lang='grc' dir='ltr'>κανηγορῆσωμεν</span> 
     </span>
    </p>
   </div>
   <div class='ocr_carea' id='block_1_8' title="bbox 380 849 2024 924">
    <p class='ocr_par' dir='ltr' id='par_1_8' title="bbox 380 849 2024 924">
     <span class='ocr_line' id='line_1_8' title="bbox 380 849 2024 924; baseline -0.001 -17"><span class='ocrx_word' id='word_1_35' title='bbox 380 849 492 924; x_wconf 73' lang='grc' dir='ltr'>ἰδίᾳ</span> <span class='ocrx_word' id='word_1_36' title='bbox 538 851 625 906; x_wconf 83' lang='grc' dir='ltr'>καὶ</span> <span class='ocrx_word' id='word_1_37' title='bbox 676 852 994 913; x_wconf 78' lang='grc' dir='ltr'>ἀσυνθέτως’</span> <span class='ocrx_word' id='word_1_38' title='bbox 1040 851 1076 920; x_wconf 71' lang='grc' dir='ltr'><strong>ἢ</strong></span> <span class='ocrx_word' id='word_1_39' title='bbox 1122 853 1186 905; x_wconf 74' lang='grc' dir='ltr'>τὰ</span> <span class='ocrx_word' id='word_1_40' title='bbox 1236 849 1347 924; x_wconf 79' lang='grc' dir='ltr'>ἰδίᾳ</span> <span class='ocrx_word' id='word_1_41' title='bbox 1382 852 1470 906; x_wconf 82' lang='grc' dir='ltr'>καὶ</span> <span class='ocrx_word' id='word_1_42' title='bbox 1504 851 1801 915; x_wconf 89' lang='grc' dir='ltr'>ἀσυνθέτως</span> <span class='ocrx_word' id='word_1_43' title='bbox 1857 873 2024 922; x_wconf 87' lang='grc' dir='ltr'>κατη-</span> 
     </span>
    </p>
   </div>
   <div class='ocr_carea' id='block_1_9' title="bbox 377 939 2022 1018">
    <p class='ocr_par' dir='ltr' id='par_1_9' title="bbox 377 939 2022 1018">
     <span class='ocr_line' id='line_1_9' title="bbox 377 939 2022 1018; baseline -0.001 -23"><span class='ocrx_word' id='word_1_44' title='bbox 377 939 689 1017; x_wconf 84' lang='grc' dir='ltr'>γορούμενα</span> <span class='ocrx_word' id='word_1_45' title='bbox 789 941 930 1013; x_wconf 84' lang='grc' dir='ltr'>ὁμοῦ</span> <span class='ocrx_word' id='word_1_46' title='bbox 1015 939 1103 994; x_wconf 85' lang='grc' dir='ltr'>καὶ</span> <span class='ocrx_word' id='word_1_47' title='bbox 1189 941 1451 1003; x_wconf 88' lang='grc' dir='ltr'>συνθέτως</span> <span class='ocrx_word' id='word_1_48' title='bbox 1532 943 2022 1018; x_wconf 75' lang='grc' dir='ltr'>κατηγορήσωμεν.</span> 
     </span>
    </p>
   </div>
   <div class='ocr_carea' id='block_1_10' title="bbox 373 1027 2027 1107">
    <p class='ocr_par' dir='ltr' id='par_1_10' title="bbox 373 1027 2027 1107">
     <span class='ocr_line' id='line_1_10' title="bbox 373 1027 2027 1107; baseline -0.001 -23"><span class='ocrx_word' id='word_1_49' title='bbox 373 1035 482 1085; x_wconf 94' lang='grc' dir='ltr'>Τοῦ</span> <span class='ocrx_word' id='word_1_50' title='bbox 546 1028 813 1106; x_wconf 87' lang='grc' dir='ltr'>προτέρου</span> <span class='ocrx_word' id='word_1_51' title='bbox 880 1027 1246 1106; x_wconf 64' lang='grc' dir='ltr'>παράδειγμω</span> <span class='ocrx_word' id='word_1_52' title='bbox 1307 1031 1362 1084; x_wconf 72' lang='grc' dir='ltr'>Ὀ</span> <span class='ocrx_word' id='word_1_53' title='bbox 1436 1032 1615 1107; x_wconf 71' lang='grc' dir='ltr'>πατὴρ</span> <span class='ocrx_word' id='word_1_54' title='bbox 1681 1030 1875 1104; x_wconf 83' lang='grc' dir='ltr'>μείζων</span> <span class='ocrx_word' id='word_1_55' title='bbox 1930 1034 2027 1085; x_wconf 82' lang='grc' dir='ltr'>τοῦ</span> 
     </span>
    </p>
   </div>
   <div class='ocr_carea' id='block_1_11' title="bbox 374 1117 2030 1198">
    <p class='ocr_par' dir='ltr' id='par_1_11' title="bbox 374 1117 2030 1198">
     <span class='ocr_line' id='line_1_11' title="bbox 374 1117 2030 1198; baseline 0 -25"><span class='ocrx_word' id='word_1_56' title='bbox 374 1120 496 1174; x_wconf 77' lang='grc' dir='ltr'>υἱοῦ</span> <span class='ocrx_word' id='word_1_57' title='bbox 539 1123 619 1190; x_wconf 80' lang='grc' dir='ltr'>τῷ</span> <span class='ocrx_word' id='word_1_58' title='bbox 666 1119 842 1192; x_wconf 53' lang='grc' dir='ltr'>αἰτίαν</span> <span class='ocrx_word' id='word_1_59' title='bbox 891 1120 954 1174; x_wconf 86' lang='grc' dir='ltr'>τὸ</span> <span class='ocrx_word' id='word_1_60' title='bbox 1002 1117 1171 1175; x_wconf 49' lang='grc' dir='ltr'>αἴτιον</span> <span class='ocrx_word' id='word_1_61' title='bbox 1218 1119 1390 1198; x_wconf 87' lang='grc' dir='ltr'>φύσει·</span> <span class='ocrx_word' id='word_1_62' title='bbox 1440 1121 1468 1175; x_wconf 88' lang='lat'>6</span> <span class='ocrx_word' id='word_1_63' title='bbox 1515 1121 1695 1196; x_wconf 78' lang='grc' dir='ltr'>πατὴρ</span> <span class='ocrx_word' id='word_1_64' title='bbox 1755 1117 1856 1195; x_wconf 81' lang='grc' dir='ltr'>ἄρα</span> <span class='ocrx_word' id='word_1_65' title='bbox 1918 1119 2030 1192; x_wconf 87' lang='grc' dir='ltr'>μεί-</span> 
     </span>
    </p>
   </div>
   <div class='ocr_carea' id='block_1_12' title="bbox 375 1203 2024 1286">
    <p class='ocr_par' dir='ltr' id='par_1_12' title="bbox 375 1203 2024 1286">
     <span class='ocr_line' id='line_1_12' title="bbox 375 1203 2024 1286; baseline 0 -24"><span class='ocrx_word' id='word_1_66' title='bbox 375 1214 482 1277; x_wconf 87' lang='grc' dir='ltr'>ζων</span> <span class='ocrx_word' id='word_1_67' title='bbox 516 1212 610 1262; x_wconf 87' lang='grc' dir='ltr'>τοῦ</span> <span class='ocrx_word' id='word_1_68' title='bbox 637 1209 756 1263; x_wconf 73' lang='grc' dir='ltr'>υἱοῦ</span> <span class='ocrx_word' id='word_1_69' title='bbox 789 1208 962 1286; x_wconf 87' lang='grc' dir='ltr'>φύσει.</span> <span class='ocrx_word' id='word_1_70' title='bbox 994 1209 1145 1282; x_wconf 83' lang='grc' dir='ltr'>Παρά</span> <span class='ocrx_word' id='word_1_71' title='bbox 1174 1210 1234 1264; x_wconf 87' lang='grc' dir='ltr'>τὸ</span> <span class='ocrx_word' id='word_1_72' title='bbox 1284 1213 1364 1279; x_wconf 79' lang='grc' dir='ltr'>πῆ</span> <span class='ocrx_word' id='word_1_73' title='bbox 1418 1209 1508 1263; x_wconf 79' lang='grc' dir='ltr'>καὶ</span> <span class='ocrx_word' id='word_1_74' title='bbox 1570 1208 1760 1272; x_wconf 82' lang='grc' dir='ltr'>ἁπλῶς</span> <span class='ocrx_word' id='word_1_75' title='bbox 1816 1203 2024 1285; x_wconf 88' lang='grc' dir='ltr'>προέϐη</span> 
     </span>
    </p>
   </div>
   <div class='ocr_carea' id='block_1_13' title="bbox 368 1297 2028 1376">
    <p class='ocr_par' dir='ltr' id='par_1_13' title="bbox 368 1297 2028 1376">
     <span class='ocr_line' id='line_1_13' title="bbox 368 1297 2028 1376; baseline -0.001 -23"><span class='ocrx_word' id='word_1_76' title='bbox 368 1298 434 1353; x_wconf 89' lang='grc' dir='ltr'>τὸ</span> <span class='ocrx_word' id='word_1_77' title='bbox 466 1297 724 1376; x_wconf 89' lang='grc' dir='ltr'>σόφισμα.</span> <span class='ocrx_word' id='word_1_78' title='bbox 753 1299 853 1353; x_wconf 74' lang='grc' dir='ltr'>Καὶ</span> <span class='ocrx_word' id='word_1_79' title='bbox 910 1299 1013 1375; x_wconf 79' lang='grc' dir='ltr'>γὰρ</span> <span class='ocrx_word' id='word_1_80' title='bbox 1063 1300 1300 1375; x_wconf 79' lang='grc' dir='ltr'>ὁπατήρ</span> <span class='ocrx_word' id='word_1_81' title='bbox 1364 1300 1561 1372; x_wconf 86' lang='grc' dir='ltr'>μείζων</span> <span class='ocrx_word' id='word_1_82' title='bbox 1618 1300 1716 1354; x_wconf 90' lang='grc' dir='ltr'>τοῦ</span> <span class='ocrx_word' id='word_1_83' title='bbox 1773 1300 1893 1353; x_wconf 71' lang='grc' dir='ltr'>υἱοῦ</span> <span class='ocrx_word' id='word_1_84' title='bbox 1947 1303 2028 1370; x_wconf 80' lang='grc' dir='ltr'>τῷ</span> 
     </span>
    </p>
   </div>
   <div class='ocr_carea' id='block_1_14' title="bbox 369 1385 2027 1466">
    <p class='ocr_par' dir='ltr' id='par_1_14' title="bbox 369 1385 2027 1466">
     <span class='ocr_line' id='line_1_14' title="bbox 369 1385 2027 1466; baseline 0 -25"><span class='ocrx_word' id='word_1_85' title='bbox 369 1387 527 1466; x_wconf 86' lang='grc' dir='ltr'>φύσει</span> <span class='ocrx_word' id='word_1_86' title='bbox 580 1387 758 1460; x_wconf 74' lang='grc' dir='ltr'>αἰτίῳ,</span> <span class='ocrx_word' id='word_1_87' title='bbox 789 1385 961 1463; x_wconf 77' lang='grc' dir='ltr'>ἤγουν</span> <span class='ocrx_word' id='word_1_88' title='bbox 1009 1392 1089 1460; x_wconf 77' lang='grc' dir='ltr'>τῷ</span> <span class='ocrx_word' id='word_1_89' title='bbox 1147 1393 1375 1466; x_wconf 77' lang='grc' dir='ltr'>φυσικῷ,</span> <span class='ocrx_word' id='word_1_90' title='bbox 1411 1388 1472 1442; x_wconf 86' lang='grc' dir='ltr'>οὐ</span> <span class='ocrx_word' id='word_1_91' title='bbox 1502 1392 1582 1460; x_wconf 80' lang='grc' dir='ltr'>τῷ</span> <span class='ocrx_word' id='word_1_92' title='bbox 1624 1386 2027 1463; x_wconf 81' lang='grc' dir='ltr'>δημιουργικῷ·</span> 
     </span>
    </p>
   </div>
   <div class='ocr_carea' id='block_1_15' title="bbox 363 1473 2031 1553">
    <p class='ocr_par' dir='ltr' id='par_1_15' title="bbox 363 1473 2031 1553">
     <span class='ocr_line' id='line_1_15' title="bbox 363 1473 2031 1553; baseline 0.001 -24"><span class='ocrx_word' id='word_1_93' title='bbox 363 1474 549 1529; x_wconf 79' lang='grc' dir='ltr'>Τοίνυν</span> <span class='ocrx_word' id='word_1_94' title='bbox 607 1474 722 1530; x_wconf 69' lang='grc' dir='ltr'>ἐπεὶ</span> <span class='ocrx_word' id='word_1_95' title='bbox 783 1475 872 1531; x_wconf 83' lang='grc' dir='ltr'>καὶ</span> <span class='ocrx_word' id='word_1_96' title='bbox 929 1475 992 1529; x_wconf 88' lang='grc' dir='ltr'>τὸ</span> <span class='ocrx_word' id='word_1_97' title='bbox 1050 1473 1221 1530; x_wconf 54' lang='grc' dir='ltr'>αἷεειον</span> <span class='ocrx_word' id='word_1_98' title='bbox 1295 1476 1386 1531; x_wconf 79' lang='grc' dir='ltr'>καὶ</span> <span class='ocrx_word' id='word_1_99' title='bbox 1442 1476 1505 1530; x_wconf 87' lang='grc' dir='ltr'>τὸ</span> <span class='ocrx_word' id='word_1_100' title='bbox 1563 1476 1738 1553; x_wconf 86' lang='grc' dir='ltr'>φύσει,</span> <span class='ocrx_word' id='word_1_101' title='bbox 1793 1497 2031 1550; x_wconf 88' lang='grc' dir='ltr'>κατηγο-</span> 
     </span>
    </p>
   </div>
   <div class='ocr_carea' id='block_1_16' title="bbox 368 1563 2028 1642">
    <p class='ocr_par' dir='ltr' id='par_1_16' title="bbox 368 1563 2028 1642">
     <span class='ocr_line' id='line_1_16' title="bbox 368 1563 2028 1642; baseline 0.001 -23"><span class='ocrx_word' id='word_1_102' title='bbox 368 1566 601 1641; x_wconf 86' lang='grc' dir='ltr'>ρηθῆναι</span> <span class='ocrx_word' id='word_1_103' title='bbox 670 1563 961 1642; x_wconf 82' lang='grc' dir='ltr'>ὀφείλοντα</span> <span class='ocrx_word' id='word_1_104' title='bbox 1033 1572 1133 1638; x_wconf 77' lang='grc' dir='ltr'>πῆ,</span> <span class='ocrx_word' id='word_1_105' title='bbox 1190 1565 1281 1619; x_wconf 89' lang='grc' dir='ltr'>καὶ</span> <span class='ocrx_word' id='word_1_106' title='bbox 1360 1566 1502 1638; x_wconf 85' lang='grc' dir='ltr'>ὁμοῦ</span> <span class='ocrx_word' id='word_1_107' title='bbox 1578 1564 1667 1620; x_wconf 85' lang='grc' dir='ltr'>καὶ</span> <span class='ocrx_word' id='word_1_108' title='bbox 1739 1565 2028 1627; x_wconf 74' lang='grc' dir='ltr'>συνθέτως,</span> 
     </span>
    </p>
   </div>
   <div class='ocr_carea' id='block_1_17' title="bbox 369 1651 2031 1730">
    <p class='ocr_par' dir='ltr' id='par_1_17' title="bbox 369 1651 2031 1730">
     <span class='ocr_line' id='line_1_17' title="bbox 369 1651 2031 1730; baseline 0 -21"><span class='ocrx_word' id='word_1_109' title='bbox 369 1651 564 1715; x_wconf 83' lang='grc' dir='ltr'>ἁπλῶς</span> <span class='ocrx_word' id='word_1_110' title='bbox 619 1653 709 1708; x_wconf 86' lang='grc' dir='ltr'>καὶ</span> <span class='ocrx_word' id='word_1_111' title='bbox 759 1651 870 1725; x_wconf 79' lang='grc' dir='ltr'>ἰδίᾳ</span> <span class='ocrx_word' id='word_1_112' title='bbox 916 1653 1008 1707; x_wconf 83' lang='grc' dir='ltr'>καὶ</span> <span class='ocrx_word' id='word_1_113' title='bbox 1040 1654 1339 1716; x_wconf 85' lang='grc' dir='ltr'>ἀσυνθέτως</span> <span class='ocrx_word' id='word_1_114' title='bbox 1395 1657 1875 1730; x_wconf 72' lang='grc' dir='ltr'>κατηγορήθησαν,</span> <span class='ocrx_word' id='word_1_115' title='bbox 1910 1655 2031 1730; x_wconf 81' lang='grc' dir='ltr'>εὗρε</span> 
     </span>
    </p>
   </div>
   <div class='ocr_carea' id='block_1_18' title="bbox 369 1741 2026 1820">
    <p class='ocr_par' dir='ltr' id='par_1_18' title="bbox 369 1741 2026 1820">
     <span class='ocr_line' id='line_1_18' title="bbox 369 1741 2026 1820; baseline 0.001 -23"><span class='ocrx_word' id='word_1_116' title='bbox 369 1744 563 1819; x_wconf 81' lang='grc' dir='ltr'>’χώραν</span> <span class='ocrx_word' id='word_1_117' title='bbox 618 1744 646 1797; x_wconf 97' lang='lat'>6</span> <span class='ocrx_word' id='word_1_118' title='bbox 693 1742 1129 1819; x_wconf 87' lang='grc' dir='ltr'>παραλογισμός.</span> <span class='ocrx_word' id='word_1_119' title='bbox 1187 1748 1292 1798; x_wconf 88' lang='grc' dir='ltr'>Τοῦ</span> <span class='ocrx_word' id='word_1_120' title='bbox 1354 1741 1604 1820; x_wconf 87' lang='grc' dir='ltr'>δευτέρου</span> <span class='ocrx_word' id='word_1_121' title='bbox 1663 1741 2026 1820; x_wconf 81' lang='grc' dir='ltr'>παράδειγμα·</span> 
     </span>
    </p>
   </div>
   <div class='ocr_carea' id='block_1_19' title="bbox 372 1830 2027 1908">
    <p class='ocr_par' dir='ltr' id='par_1_19' title="bbox 372 1830 2027 1908">
     <span class='ocr_line' id='line_1_19' title="bbox 372 1830 2027 1908; baseline -0.001 -21"><span class='ocrx_word' id='word_1_122' title='bbox 372 1830 563 1906; x_wconf 83' lang='grc' dir='ltr'>Σίμων</span> <span class='ocrx_word' id='word_1_123' title='bbox 645 1830 866 1894; x_wconf 82' lang='grc' dir='ltr'>σκυτεὺς</span> <span class='ocrx_word' id='word_1_124' title='bbox 938 1832 1028 1886; x_wconf 81' lang='grc' dir='ltr'>καὶ</span> <span class='ocrx_word' id='word_1_125' title='bbox 1105 1831 1320 1908; x_wconf 87' lang='grc' dir='ltr'>ἀγαθός·</span> <span class='ocrx_word' id='word_1_126' title='bbox 1386 1838 1492 1894; x_wconf 80' lang='grc' dir='ltr'>πᾶς</span> <span class='ocrx_word' id='word_1_127' title='bbox 1551 1831 1772 1895; x_wconf 76' lang='grc' dir='ltr'>σκυτεὺς</span> <span class='ocrx_word' id='word_1_128' title='bbox 1830 1832 2027 1907; x_wconf 84' lang='grc' dir='ltr'>ἀγαθὸς</span> 
     </span>
    </p>
   </div>
   <div class='ocr_carea' id='block_1_20' title="bbox 370 1918 2104 2027">
    <p class='ocr_par' dir='ltr' id='par_1_20' title="bbox 370 1918 2104 2027">
     <span class='ocr_line' id='line_1_20' title="bbox 370 1918 2104 2027; baseline 0.001 -52"><span class='ocrx_word' id='word_1_129' title='bbox 370 1919 581 1998; x_wconf 77' lang='grc' dir='ltr'>εὐφυῶς</span> <span class='ocrx_word' id='word_1_130' title='bbox 641 1922 1021 1990; x_wconf 84' lang='grc' dir='ltr'>κατασκευάζει</span> <span class='ocrx_word' id='word_1_131' title='bbox 1070 1922 1138 1976; x_wconf 77' lang='grc' dir='ltr'>τὰ</span> <span class='ocrx_word' id='word_1_132' title='bbox 1196 1918 1413 1977; x_wconf 85' lang='grc' dir='ltr'>πέδιλα·</span> <span class='ocrx_word' id='word_1_133' title='bbox 1469 1920 1655 1994; x_wconf 90' lang='grc' dir='ltr'>Σίμων</span> <span class='ocrx_word' id='word_1_134' title='bbox 1711 1922 1773 1976; x_wconf 87' lang='grc' dir='ltr'>τὸ</span> <span class='ocrx_word' id='word_1_135' title='bbox 1831 1919 2026 1977; x_wconf 81' lang='grc' dir='ltr'>λοιπὸν</span> <span class='ocrx_word' id='word_1_136' title='bbox 2055 1961 2104 2027; x_wconf 82' lang='grc' dir='ltr'><strong>Β</strong></span> 
     </span>
     <span class='ocr_line' id='line_1_21' title="bbox 401 2007 1900 2027; baseline 0 0"><span class='ocrx_word' id='word_1_137' title='bbox 401 2010 416 2027; x_wconf 65' lang='grc' dir='ltr'><strong><em>Ἰ</em></strong></span> <span class='ocrx_word' id='word_1_138' title='bbox 508 2014 536 2026; x_wconf 75' lang='lat'><strong>~</strong></span> <span class='ocrx_word' id='word_1_139' title='bbox 930 2009 981 2027; x_wconf 61' lang='lat' dir='ltr'>In.</span> <span class='ocrx_word' id='word_1_140' title='bbox 1138 2010 1152 2027; x_wconf 84' lang='lat'><strong><em>\</em></strong></span> <span class='ocrx_word' id='word_1_141' title='bbox 1268 2007 1317 2027; x_wconf 60' lang='grc' dir='ltr'>,δ</span> <span class='ocrx_word' id='word_1_142' title='bbox 1346 2009 1366 2027; x_wconf 55' lang='grc' dir='ltr'>κ</span> <span class='ocrx_word' id='word_1_143' title='bbox 1486 2013 1555 2027; x_wconf 65' lang='grc' dir='ltr'>νη</span> <span class='ocrx_word' id='word_1_144' title='bbox 1652 2008 1696 2027; x_wconf 59' lang='grc' dir='ltr'>ἢ)</span> <span class='ocrx_word' id='word_1_145' title='bbox 1758 2012 1772 2027; x_wconf 74' lang='grc' dir='ltr'>ο</span> <span class='ocrx_word' id='word_1_146' title='bbox 1838 2010 1900 2027; x_wconf 68' lang='grc' dir='ltr'>-Ι</span> 
     </span>
    </p>
   </div>
   <div class='ocr_carea' id='block_1_21' title="bbox 365 2007 2021 2088">
    <p class='ocr_par' dir='ltr' id='par_1_21' title="bbox 365 2007 2021 2088">
     <span class='ocr_line' id='line_1_22' title="bbox 365 2007 2021 2088; baseline 0 -23"><span class='ocrx_word' id='word_1_147' title='bbox 365 2010 578 2088; x_wconf 78' lang='grc' dir='ltr'>εὐφυῶς</span> <span class='ocrx_word' id='word_1_148' title='bbox 648 2009 1028 2079; x_wconf 77' lang='grc' dir='ltr'>κατασκευάζει</span> <span class='ocrx_word' id='word_1_149' title='bbox 1094 2010 1162 2064; x_wconf 80' lang='grc' dir='ltr'>τὰ</span> <span class='ocrx_word' id='word_1_150' title='bbox 1218 2007 1435 2067; x_wconf 88' lang='grc' dir='ltr'>πέδιλα.</span> <span class='ocrx_word' id='word_1_151' title='bbox 1486 2013 1584 2066; x_wconf 88' lang='grc' dir='ltr'>Ἦν</span> <span class='ocrx_word' id='word_1_152' title='bbox 1649 2008 1696 2064; x_wconf 84' lang='grc' dir='ltr'>δ’</span> <span class='ocrx_word' id='word_1_153' title='bbox 1751 2012 1779 2065; x_wconf 89' lang='lat'>6</span> <span class='ocrx_word' id='word_1_154' title='bbox 1836 2010 2021 2085; x_wconf 85' lang='grc' dir='ltr'>Σίμων</span> 
     </span>
    </p>
   </div>
   <div class='ocr_carea' id='block_1_22' title="bbox 363 2097 2024 2177">
    <p class='ocr_par' dir='ltr' id='par_1_22' title="bbox 363 2097 2024 2177">
     <span class='ocr_line' id='line_1_23' title="bbox 363 2097 2024 2177; baseline 0.001 -22"><span class='ocrx_word' id='word_1_155' title='bbox 363 2099 464 2155; x_wconf 86' lang='grc' dir='ltr'>οὐκ</span> <span class='ocrx_word' id='word_1_156' title='bbox 492 2099 693 2175; x_wconf 86' lang='grc' dir='ltr'>ἀγαθὸς</span> <span class='ocrx_word' id='word_1_157' title='bbox 724 2100 825 2168; x_wconf 80' lang='grc' dir='ltr'>τήν</span> <span class='ocrx_word' id='word_1_158' title='bbox 855 2098 1081 2174; x_wconf 84' lang='grc' dir='ltr'>τέχνην,</span> <span class='ocrx_word' id='word_1_159' title='bbox 1115 2097 1264 2154; x_wconf 81' lang='grc' dir='ltr'>ἀλλὰ</span> <span class='ocrx_word' id='word_1_160' title='bbox 1292 2100 1381 2154; x_wconf 84' lang='grc' dir='ltr'>τὸν</span> <span class='ocrx_word' id='word_1_161' title='bbox 1422 2099 1648 2176; x_wconf 86' lang='grc' dir='ltr'>τρόπον.</span> <span class='ocrx_word' id='word_1_162' title='bbox 1681 2101 1751 2155; x_wconf 91' lang='grc' dir='ltr'>Τὸ</span> <span class='ocrx_word' id='word_1_163' title='bbox 1782 2100 2024 2177; x_wconf 76' lang='grc' dir='ltr'>σόφισμα</span> 
     </span>
    </p>
   </div>
   <div class='ocr_carea' id='block_1_23' title="bbox 362 2185 2020 2264">
    <p class='ocr_par' dir='ltr' id='par_1_23' title="bbox 362 2185 2020 2264">
     <span class='ocr_line' id='line_1_24' title="bbox 362 2185 2020 2264; baseline -0.001 -20"><span class='ocrx_word' id='word_1_164' title='bbox 362 2188 510 2264; x_wconf 84' lang='grc' dir='ltr'>παρά</span> <span class='ocrx_word' id='word_1_165' title='bbox 535 2189 597 2242; x_wconf 88' lang='grc' dir='ltr'>τὸ</span> <span class='ocrx_word' id='word_1_166' title='bbox 626 2195 703 2258; x_wconf 83' lang='grc' dir='ltr'>πῆ</span> <span class='ocrx_word' id='word_1_167' title='bbox 735 2189 826 2243; x_wconf 86' lang='grc' dir='ltr'>καὶ</span> <span class='ocrx_word' id='word_1_168' title='bbox 859 2188 1070 2250; x_wconf 77' lang='grc' dir='ltr'>ἁπλῶς·</span> <span class='ocrx_word' id='word_1_169' title='bbox 1111 2185 1174 2242; x_wconf 84' lang='grc' dir='ltr'>τὸ</span> <span class='ocrx_word' id='word_1_170' title='bbox 1205 2187 1304 2264; x_wconf 89' lang='grc' dir='ltr'>γάρ</span> <span class='ocrx_word' id='word_1_171' title='bbox 1335 2187 1535 2262; x_wconf 86' lang='grc' dir='ltr'>ἀγαθὸς</span> <span class='ocrx_word' id='word_1_172' title='bbox 1567 2189 1657 2244; x_wconf 82' lang='grc' dir='ltr'>καὶ</span> <span class='ocrx_word' id='word_1_173' title='bbox 1685 2189 1747 2245; x_wconf 86' lang='grc' dir='ltr'>τὸ</span> <span class='ocrx_word' id='word_1_174' title='bbox 1777 2189 2020 2259; x_wconf 79' lang='grc' dir='ltr'>σκυτεὺς,</span> 
     </span>
    </p>
   </div>
   <div class='ocr_carea' id='block_1_24' title="bbox 365 2275 2022 2355">
    <p class='ocr_par' dir='ltr' id='par_1_24' title="bbox 365 2275 2022 2355">
     <span class='ocr_line' id='line_1_25' title="bbox 365 2275 2022 2355; baseline 0 -22"><span class='ocrx_word' id='word_1_175' title='bbox 365 2275 558 2340; x_wconf 78' lang='grc' dir='ltr'>ἁπλῶς</span> <span class='ocrx_word' id='word_1_176' title='bbox 604 2276 692 2332; x_wconf 84' lang='grc' dir='ltr'>καὶ</span> <span class='ocrx_word' id='word_1_177' title='bbox 740 2275 851 2349; x_wconf 80' lang='grc' dir='ltr'>ἰδίᾳ</span> <span class='ocrx_word' id='word_1_178' title='bbox 910 2277 1001 2332; x_wconf 87' lang='grc' dir='ltr'>καὶ</span> <span class='ocrx_word' id='word_1_179' title='bbox 1062 2277 1360 2339; x_wconf 83' lang='grc' dir='ltr'>ἀσυνθέτως</span> <span class='ocrx_word' id='word_1_180' title='bbox 1426 2280 1872 2355; x_wconf 70' lang='grc' dir='ltr'>κατηγορηθέντα</span> <span class='ocrx_word' id='word_1_181' title='bbox 1924 2283 2022 2333; x_wconf 89' lang='grc' dir='ltr'>τοῦ</span> 
     </span>
    </p>
   </div>
   <div class='ocr_carea' id='block_1_25' title="bbox 363 2365 2021 2442">
    <p class='ocr_par' dir='ltr' id='par_1_25' title="bbox 363 2365 2021 2442">
     <span class='ocr_line' id='line_1_26' title="bbox 363 2365 2021 2442; baseline -0.001 -20"><span class='ocrx_word' id='word_1_182' title='bbox 363 2366 618 2440; x_wconf 82' lang='grc' dir='ltr'>Σίμωνος</span> <span class='ocrx_word' id='word_1_183' title='bbox 664 2368 802 2422; x_wconf 86' lang='grc' dir='ltr'>κατά</span> <span class='ocrx_word' id='word_1_184' title='bbox 851 2368 950 2436; x_wconf 81' lang='grc' dir='ltr'>τήν</span> <span class='ocrx_word' id='word_1_185' title='bbox 1011 2365 1223 2422; x_wconf 87' lang='grc' dir='ltr'>έλάττω</span> <span class='ocrx_word' id='word_1_186' title='bbox 1275 2366 1558 2442; x_wconf 81' lang='grc' dir='ltr'>πρότασιν,</span> <span class='ocrx_word' id='word_1_187' title='bbox 1604 2371 1682 2437; x_wconf 78' lang='grc' dir='ltr'>πῆ</span> <span class='ocrx_word' id='word_1_188' title='bbox 1732 2368 1820 2422; x_wconf 81' lang='grc' dir='ltr'>καὶ</span> <span class='ocrx_word' id='word_1_189' title='bbox 1880 2369 2021 2441; x_wconf 86' lang='grc' dir='ltr'>ὁμοῦ</span> 
     </span>
    </p>
   </div>
   <div class='ocr_carea' id='block_1_26' title="bbox 362 2454 1619 2534">
    <p class='ocr_par' dir='ltr' id='par_1_26' title="bbox 362 2454 1619 2534">
     <span class='ocr_line' id='line_1_27' title="bbox 362 2454 1619 2534; baseline 0.001 -23"><span class='ocrx_word' id='word_1_190' title='bbox 362 2457 499 2512; x_wconf 87' lang='grc' dir='ltr'>κατᾶ</span> <span class='ocrx_word' id='word_1_191' title='bbox 524 2457 624 2525; x_wconf 74' lang='grc' dir='ltr'>τὴν</span> <span class='ocrx_word' id='word_1_192' title='bbox 662 2455 832 2529; x_wconf 84' lang='grc' dir='ltr'>μείζω</span> <span class='ocrx_word' id='word_1_193' title='bbox 861 2456 952 2510; x_wconf 83' lang='grc' dir='ltr'>καὶ</span> <span class='ocrx_word' id='word_1_194' title='bbox 984 2455 1250 2517; x_wconf 82' lang='grc' dir='ltr'>συνθέτως</span> <span class='ocrx_word' id='word_1_195' title='bbox 1282 2454 1619 2534; x_wconf 75' lang='grc' dir='ltr'>ἐλήφθησαν.</span> 
     </span>
    </p>
   </div>
   <div class='ocr_carea' id='block_1_27' title="bbox 2135 671 3777 748">
    <p class='ocr_par' dir='ltr' id='par_1_27' title="bbox 2135 671 3777 748">
     <span class='ocr_line' id='line_1_28' title="bbox 2135 671 3777 748; baseline -0.002 -18"><span class='ocrx_word' id='word_1_196' title='bbox 2135 676 2272 748; x_wconf 91' lang='lat' dir='ltr'>quid</span> <span class='ocrx_word' id='word_1_197' title='bbox 2306 680 2363 731; x_wconf 93' lang='lat' dir='ltr'>et</span> <span class='ocrx_word' id='word_1_198' title='bbox 2393 674 2737 748; x_wconf 85' lang='lat' dir='ltr'>simpliciter</span> <span class='ocrx_word' id='word_1_199' title='bbox 2786 673 3232 747; x_wconf 89' lang='lat' dir='ltr'>paralogismus,</span> <span class='ocrx_word' id='word_1_200' title='bbox 3261 671 3351 729; x_wconf 87' lang='lat' dir='ltr'>vel</span> <span class='ocrx_word' id='word_1_201' title='bbox 3383 688 3516 727; x_wconf 91' lang='lat' dir='ltr'>cum</span> <span class='ocrx_word' id='word_1_202' title='bbox 3555 688 3624 728; x_wconf 91' lang='lat' dir='ltr'>ea</span> <span class='ocrx_word' id='word_1_203' title='bbox 3652 686 3777 740; x_wconf 67' lang='lat' dir='ltr'>quae</span> 
     </span>
    </p>
   </div>
   <div class='ocr_carea' id='block_1_28' title="bbox 2134 760 3773 836">
    <p class='ocr_par' dir='ltr' id='par_1_28' title="bbox 2134 760 3773 836">
     <span class='ocr_line' id='line_1_29' title="bbox 2134 760 3773 836; baseline -0.003 -15"><span class='ocrx_word' id='word_1_204' title='bbox 2134 766 2460 821; x_wconf 89' lang='lat' dir='ltr'>secundum</span> <span class='ocrx_word' id='word_1_205' title='bbox 2493 765 2633 836; x_wconf 90' lang='lat' dir='ltr'>quid</span> <span class='ocrx_word' id='word_1_206' title='bbox 2668 769 2829 830; x_wconf 91' lang='lat' dir='ltr'>sunt,</span> <span class='ocrx_word' id='word_1_207' title='bbox 2864 762 3212 835; x_wconf 81' lang='lat' dir='ltr'>simpliciter</span> <span class='ocrx_word' id='word_1_208' title='bbox 3240 760 3773 835; x_wconf 76' lang='lat' dir='ltr'>praedicaverimus;</span> 
     </span>
    </p>
   </div>
   <div class='ocr_carea' id='block_1_29' title="bbox 2134 849 3776 925">
    <p class='ocr_par' dir='ltr' id='par_1_29' title="bbox 2134 849 3776 925">
     <span class='ocr_line' id='line_1_30' title="bbox 2134 849 3776 925; baseline -0.002 -16"><span class='ocrx_word' id='word_1_209' title='bbox 2134 854 2223 909; x_wconf 87' lang='lat' dir='ltr'>vel</span> <span class='ocrx_word' id='word_1_210' title='bbox 2255 870 2390 909; x_wconf 91' lang='lat' dir='ltr'>cum</span> <span class='ocrx_word' id='word_1_211' title='bbox 2445 870 2512 909; x_wconf 89' lang='lat' dir='ltr'>ea</span> <span class='ocrx_word' id='word_1_212' title='bbox 2542 871 2669 925; x_wconf 69' lang='lat' dir='ltr'>quae</span> <span class='ocrx_word' id='word_1_213' title='bbox 2698 859 2838 909; x_wconf 90' lang='lat' dir='ltr'>sunt</span> <span class='ocrx_word' id='word_1_214' title='bbox 2867 851 3232 925; x_wconf 81' lang='lat' dir='ltr'>simpliciter,</span> <span class='ocrx_word' id='word_1_215' title='bbox 3268 849 3776 923; x_wconf 77' lang='lat' dir='ltr'>praedicaverimus</span> 
     </span>
    </p>
   </div>
   <div class='ocr_carea' id='block_1_30' title="bbox 2136 936 3777 1015">
    <p class='ocr_par' dir='ltr' id='par_1_30' title="bbox 2136 936 3777 1015">
     <span class='ocr_line' id='line_1_31' title="bbox 2136 936 3777 1015; baseline -0.005 -15"><span class='ocrx_word' id='word_1_216' title='bbox 2136 943 2460 1000; x_wconf 89' lang='lat' dir='ltr'>secundum</span> <span class='ocrx_word' id='word_1_217' title='bbox 2509 944 2647 1015; x_wconf 89' lang='lat' dir='ltr'>quid</span> <span class='ocrx_word' id='word_1_218' title='bbox 2681 962 2696 997; x_wconf 89' lang='lat'><strong><em>:</em></strong></span> <span class='ocrx_word' id='word_1_219' title='bbox 2730 943 2839 999; x_wconf 90' lang='lat' dir='ltr'>hoc</span> <span class='ocrx_word' id='word_1_220' title='bbox 2887 946 2995 1014; x_wconf 85' lang='lat' dir='ltr'>est,</span> <span class='ocrx_word' id='word_1_221' title='bbox 3027 942 3114 997; x_wconf 90' lang='lat' dir='ltr'>vel</span> <span class='ocrx_word' id='word_1_222' title='bbox 3165 957 3298 997; x_wconf 90' lang='lat' dir='ltr'>cum</span> <span class='ocrx_word' id='word_1_223' title='bbox 3330 956 3397 995; x_wconf 87' lang='lat' dir='ltr'>ea</span> <span class='ocrx_word' id='word_1_224' title='bbox 3427 956 3551 1011; x_wconf 66' lang='lat' dir='ltr'>quze</span> <span class='ocrx_word' id='word_1_225' title='bbox 3598 936 3777 994; x_wconf 85' lang='lat' dir='ltr'>simul</span> 
     </span>
    </p>
   </div>
   <div class='ocr_carea' id='block_1_31' title="bbox 2137 1028 3777 1105">
    <p class='ocr_par' dir='ltr' id='par_1_31' title="bbox 2137 1028 3777 1105">
     <span class='ocr_line' id='line_1_32' title="bbox 2137 1028 3777 1105; baseline -0.004 -16"><span class='ocrx_word' id='word_1_226' title='bbox 2137 1034 2292 1089; x_wconf 78' lang='lat'>380</span> <span class='ocrx_word' id='word_1_227' title='bbox 2324 1037 2379 1089; x_wconf 92' lang='lat' dir='ltr'>et</span> <span class='ocrx_word' id='word_1_228' title='bbox 2402 1033 2720 1105; x_wconf 88' lang='lat' dir='ltr'>composite</span> <span class='ocrx_word' id='word_1_229' title='bbox 2750 1033 3163 1105; x_wconf 67' lang='lat' dir='ltr'>praedicantur,</span> <span class='ocrx_word' id='word_1_230' title='bbox 3195 1028 3439 1086; x_wconf 87' lang='lat' dir='ltr'>seorsim</span> <span class='ocrx_word' id='word_1_231' title='bbox 3468 1032 3525 1084; x_wconf 90' lang='lat' dir='ltr'>et</span> <span class='ocrx_word' id='word_1_232' title='bbox 3555 1028 3777 1083; x_wconf 91' lang='lat' dir='ltr'>incom-</span> 
     </span>
    </p>
   </div>
   <div class='ocr_carea' id='block_1_32' title="bbox 2138 1116 3776 1195">
    <p class='ocr_par' dir='ltr' id='par_1_32' title="bbox 2138 1116 3776 1195">
     <span class='ocr_line' id='line_1_33' title="bbox 2138 1116 3776 1195; baseline -0.004 -17"><span class='ocrx_word' id='word_1_233' title='bbox 2138 1123 2323 1195; x_wconf 87' lang='lat' dir='ltr'>posite</span> <span class='ocrx_word' id='word_1_234' title='bbox 2354 1123 2860 1195; x_wconf 82' lang='lat' dir='ltr'>praedicaverimus</span> <span class='ocrx_word' id='word_1_235' title='bbox 2890 1140 2903 1190; x_wconf 91' lang='lat'><strong>;</strong></span> <span class='ocrx_word' id='word_1_236' title='bbox 2936 1120 3024 1177; x_wconf 89' lang='lat' dir='ltr'>vel</span> <span class='ocrx_word' id='word_1_237' title='bbox 3072 1137 3140 1176; x_wconf 87' lang='lat' dir='ltr'>ea</span> <span class='ocrx_word' id='word_1_238' title='bbox 3166 1137 3295 1191; x_wconf 73' lang='lat' dir='ltr'>quae</span> <span class='ocrx_word' id='word_1_239' title='bbox 3327 1117 3573 1175; x_wconf 90' lang='lat' dir='ltr'>seorsim</span> <span class='ocrx_word' id='word_1_240' title='bbox 3602 1120 3659 1172; x_wconf 91' lang='lat' dir='ltr'>et</span> <span class='ocrx_word' id='word_1_241' title='bbox 3688 1116 3776 1171; x_wconf 91' lang='lat' dir='ltr'>in-</span> 
     </span>
    </p>
   </div>
   <div class='ocr_carea' id='block_1_33' title="bbox 2137 1204 3782 1284">
    <p class='ocr_par' dir='ltr' id='par_1_33' title="bbox 2137 1204 3782 1284">
     <span class='ocr_line' id='line_1_34' title="bbox 2137 1204 3782 1284; baseline -0.004 -17"><span class='ocrx_word' id='word_1_242' title='bbox 2137 1212 2456 1283; x_wconf 85' lang='lat' dir='ltr'>composite</span> <span class='ocrx_word' id='word_1_243' title='bbox 2507 1213 2915 1284; x_wconf 69' lang='lat' dir='ltr'>praedicantur,</span> <span class='ocrx_word' id='word_1_244' title='bbox 2965 1208 3144 1265; x_wconf 86' lang='lat' dir='ltr'>simul</span> <span class='ocrx_word' id='word_1_245' title='bbox 3192 1213 3248 1264; x_wconf 87' lang='lat' dir='ltr'>et</span> <span class='ocrx_word' id='word_1_246' title='bbox 3311 1204 3669 1278; x_wconf 88' lang='lat' dir='ltr'>conjunctim</span> <span class='ocrx_word' id='word_1_247' title='bbox 3724 1208 3782 1260; x_wconf 90' lang='lat' dir='ltr'>et</span> 
     </span>
    </p>
   </div>
   <div class='ocr_carea' id='block_1_34' title="bbox 2137 1294 3777 1373">
    <p class='ocr_par' dir='ltr' id='par_1_34' title="bbox 2137 1294 3777 1373">
     <span class='ocr_line' id='line_1_35' title="bbox 2137 1294 3777 1373; baseline -0.004 -17"><span class='ocrx_word' id='word_1_248' title='bbox 2137 1301 2459 1372; x_wconf 89' lang='lat' dir='ltr'>composite</span> <span class='ocrx_word' id='word_1_249' title='bbox 2489 1299 3015 1373; x_wconf 70' lang='lat' dir='ltr'>praedicaverimus.</span> <span class='ocrx_word' id='word_1_250' title='bbox 3048 1296 3264 1353; x_wconf 86' lang='lat' dir='ltr'>Prioris</span> <span class='ocrx_word' id='word_1_251' title='bbox 3296 1294 3628 1366; x_wconf 80' lang='lat' dir='ltr'>exemplum</span> <span class='ocrx_word' id='word_1_252' title='bbox 3659 1296 3777 1350; x_wconf 84' lang='lat' dir='ltr'>est:</span> 
     </span>
    </p>
   </div>
   <div class='ocr_carea' id='block_1_35' title="bbox 2139 1382 3781 1461">
    <p class='ocr_par' dir='ltr' id='par_1_35' title="bbox 2139 1382 3781 1461">
     <span class='ocr_line' id='line_1_36' title="bbox 2139 1382 3781 1461; baseline -0.005 -16"><span class='ocrx_word' id='word_1_253' title='bbox 2139 1389 2306 1445; x_wconf 88' lang='lat' dir='ltr'>Pater</span> <span class='ocrx_word' id='word_1_254' title='bbox 2334 1390 2522 1461; x_wconf 84' lang='lat' dir='ltr'>major</span> <span class='ocrx_word' id='word_1_255' title='bbox 2552 1393 2640 1445; x_wconf 91' lang='lat' dir='ltr'>est</span> <span class='ocrx_word' id='word_1_256' title='bbox 2668 1388 2786 1444; x_wconf 86' lang='lat' dir='ltr'>ﬁlio</span> <span class='ocrx_word' id='word_1_257' title='bbox 2816 1404 3020 1445; x_wconf 91' lang='lat' dir='ltr'>causa:</span> <span class='ocrx_word' id='word_1_258' title='bbox 3046 1390 3234 1443; x_wconf 82' lang='lat' dir='ltr'>Causa</span> <span class='ocrx_word' id='word_1_259' title='bbox 3252 1389 3340 1441; x_wconf 88' lang='lat' dir='ltr'>est</span> <span class='ocrx_word' id='word_1_260' title='bbox 3360 1382 3781 1441; x_wconf 87' lang='lat' dir='ltr'>natura:Pater</span> 
     </span>
    </p>
   </div>
   <div class='ocr_carea' id='block_1_36' title="bbox 2139 1474 3781 1551">
    <p class='ocr_par' dir='ltr' id='par_1_36' title="bbox 2139 1474 3781 1551">
     <span class='ocr_line' id='line_1_37' title="bbox 2139 1474 3781 1551; baseline -0.004 -17"><span class='ocrx_word' id='word_1_261' title='bbox 2139 1479 2364 1551; x_wconf 87' lang='lat' dir='ltr'>(igitur)</span> <span class='ocrx_word' id='word_1_262' title='bbox 2390 1480 2579 1549; x_wconf 72' lang='lat' dir='ltr'>major</span> <span class='ocrx_word' id='word_1_263' title='bbox 2626 1477 2744 1533; x_wconf 83' lang='lat' dir='ltr'>{ilio</span> <span class='ocrx_word' id='word_1_264' title='bbox 2774 1482 3003 1533; x_wconf 89' lang='lat' dir='ltr'>natura.</span> <span class='ocrx_word' id='word_1_265' title='bbox 3035 1477 3120 1532; x_wconf 91' lang='lat' dir='ltr'>Ab</span> <span class='ocrx_word' id='word_1_266' title='bbox 3149 1493 3216 1532; x_wconf 92' lang='lat' dir='ltr'>eo</span> <span class='ocrx_word' id='word_1_267' title='bbox 3247 1474 3403 1547; x_wconf 92' lang='lat' dir='ltr'>quod</span> <span class='ocrx_word' id='word_1_268' title='bbox 3449 1476 3540 1530; x_wconf 86' lang='lat' dir='ltr'>est</span> <span class='ocrx_word' id='word_1_269' title='bbox 3570 1489 3781 1529; x_wconf 89' lang='lat' dir='ltr'>secun-</span> 
     </span>
    </p>
   </div>
   <div class='ocr_carea' id='block_1_37' title="bbox 2138 1562 3782 1639">
    <p class='ocr_par' dir='ltr' id='par_1_37' title="bbox 2138 1562 3782 1639">
     <span class='ocr_line' id='line_1_38' title="bbox 2138 1562 3782 1639; baseline -0.005 -15"><span class='ocrx_word' id='word_1_270' title='bbox 2138 1570 2281 1625; x_wconf 90' lang='lat' dir='ltr'>dum</span> <span class='ocrx_word' id='word_1_271' title='bbox 2314 1568 2453 1639; x_wconf 91' lang='lat' dir='ltr'>quid</span> <span class='ocrx_word' id='word_1_272' title='bbox 2486 1572 2543 1623; x_wconf 91' lang='lat' dir='ltr'>et</span> <span class='ocrx_word' id='word_1_273' title='bbox 2572 1566 2935 1639; x_wconf 87' lang='lat' dir='ltr'>simpliciter,</span> <span class='ocrx_word' id='word_1_274' title='bbox 2970 1566 3272 1638; x_wconf 88' lang='lat' dir='ltr'>sepbisma</span> <span class='ocrx_word' id='word_1_275' title='bbox 3302 1562 3583 1636; x_wconf 87' lang='lat' dir='ltr'>provenit.</span> <span class='ocrx_word' id='word_1_276' title='bbox 3612 1562 3782 1617; x_wconf 89' lang='lat' dir='ltr'>Pater</span> 
     </span>
    </p>
   </div>
   <div class='ocr_carea' id='block_1_38' title="bbox 2137 1653 3778 1729">
    <p class='ocr_par' dir='ltr' id='par_1_38' title="bbox 2137 1653 3778 1729">
     <span class='ocr_line' id='line_1_39' title="bbox 2137 1653 3778 1729; baseline -0.004 -16"><span class='ocrx_word' id='word_1_277' title='bbox 2137 1659 2294 1714; x_wconf 91' lang='lat' dir='ltr'>enim</span> <span class='ocrx_word' id='word_1_278' title='bbox 2323 1658 2511 1729; x_wconf 89' lang='lat' dir='ltr'>major</span> <span class='ocrx_word' id='word_1_279' title='bbox 2557 1661 2644 1713; x_wconf 90' lang='lat' dir='ltr'>est</span> <span class='ocrx_word' id='word_1_280' title='bbox 2670 1657 2811 1723; x_wconf 84' lang='lat' dir='ltr'>ﬁlio,</span> <span class='ocrx_word' id='word_1_281' title='bbox 2843 1673 3018 1712; x_wconf 89' lang='lat' dir='ltr'>causa</span> <span class='ocrx_word' id='word_1_282' title='bbox 3060 1658 3289 1722; x_wconf 89' lang='lat' dir='ltr'>natura,</span> <span class='ocrx_word' id='word_1_283' title='bbox 3322 1653 3432 1708; x_wconf 91' lang='lat' dir='ltr'>hoc</span> <span class='ocrx_word' id='word_1_284' title='bbox 3461 1655 3570 1723; x_wconf 87' lang='lat' dir='ltr'>est,</span> <span class='ocrx_word' id='word_1_285' title='bbox 3603 1654 3778 1707; x_wconf 89' lang='lat' dir='ltr'>natu-</span> 
     </span>
    </p>
   </div>
   <div class='ocr_carea' id='block_1_39' title="bbox 2137 1742 3781 1817">
    <p class='ocr_par' dir='ltr' id='par_1_39' title="bbox 2137 1742 3781 1817">
     <span class='ocr_line' id='line_1_40' title="bbox 2137 1742 3781 1817; baseline -0.004 -15"><span class='ocrx_word' id='word_1_286' title='bbox 2137 1746 2267 1813; x_wconf 90' lang='lat' dir='ltr'>rali,</span> <span class='ocrx_word' id='word_1_287' title='bbox 2301 1763 2418 1801; x_wconf 93' lang='lat' dir='ltr'>non</span> <span class='ocrx_word' id='word_1_288' title='bbox 2470 1745 2787 1801; x_wconf 90' lang='lat' dir='ltr'>conditrice</span> <span class='ocrx_word' id='word_1_289' title='bbox 2818 1746 2944 1817; x_wconf 87' lang='lat' dir='ltr'>(seu</span> <span class='ocrx_word' id='word_1_290' title='bbox 2975 1742 3303 1815; x_wconf 72' lang='lat' dir='ltr'>efﬁciente).</span> <span class='ocrx_word' id='word_1_291' title='bbox 3337 1742 3524 1806; x_wconf 84' lang='lat' dir='ltr'>Quare</span> <span class='ocrx_word' id='word_1_292' title='bbox 3561 1756 3696 1797; x_wconf 88' lang='lat' dir='ltr'>cum</span> <span class='ocrx_word' id='word_1_293' title='bbox 3721 1743 3781 1795; x_wconf 94' lang='lat' dir='ltr'>et</span> 
     </span>
    </p>
   </div>
   <div class='ocr_carea' id='block_1_40' title="bbox 2138 1828 3779 1907">
    <p class='ocr_par' dir='ltr' id='par_1_40' title="bbox 2138 1828 3779 1907">
     <span class='ocr_line' id='line_1_41' title="bbox 2138 1828 3779 1907; baseline -0.005 -15"><span class='ocrx_word' id='word_1_294' title='bbox 2138 1853 2317 1892; x_wconf 86' lang='lat' dir='ltr'>causa</span> <span class='ocrx_word' id='word_1_295' title='bbox 2345 1841 2402 1892; x_wconf 91' lang='lat' dir='ltr'>et</span> <span class='ocrx_word' id='word_1_296' title='bbox 2448 1834 2509 1889; x_wconf 85' lang='lat'>16</span> <span class='ocrx_word' id='word_1_297' title='bbox 2541 1840 2753 1891; x_wconf 89' lang='lat' dir='ltr'>natura</span> <span class='ocrx_word' id='word_1_298' title='bbox 2780 1851 2912 1907; x_wconf 86' lang='lat' dir='ltr'>quae</span> <span class='ocrx_word' id='word_1_299' title='bbox 2950 1834 3239 1889; x_wconf 85' lang='lat' dir='ltr'>debebant</span> <span class='ocrx_word' id='word_1_300' title='bbox 3267 1831 3588 1888; x_wconf 90' lang='lat' dir='ltr'>secundum</span> <span class='ocrx_word' id='word_1_301' title='bbox 3638 1828 3779 1901; x_wconf 90' lang='lat' dir='ltr'>quid</span> 
     </span>
    </p>
   </div>
   <div class='ocr_carea' id='block_1_41' title="bbox 2138 1917 3784 1997">
    <p class='ocr_par' dir='ltr' id='par_1_41' title="bbox 2138 1917 3784 1997">
     <span class='ocr_line' id='line_1_42' title="bbox 2138 1917 3784 1997; baseline -0.004 -16"><span class='ocrx_word' id='word_1_302' title='bbox 2138 1929 2195 1984; x_wconf 88' lang='lat' dir='ltr'>et</span> <span class='ocrx_word' id='word_1_303' title='bbox 2225 1925 2403 1981; x_wconf 79' lang='lat' dir='ltr'>simul</span> <span class='ocrx_word' id='word_1_304' title='bbox 2425 1929 2481 1981; x_wconf 91' lang='lat' dir='ltr'>et</span> <span class='ocrx_word' id='word_1_305' title='bbox 2507 1924 2828 1997; x_wconf 88' lang='lat' dir='ltr'>composite</span> <span class='ocrx_word' id='word_1_306' title='bbox 2855 1923 3165 1997; x_wconf 72' lang='lat' dir='ltr'>praedicata</span> <span class='ocrx_word' id='word_1_307' title='bbox 3194 1917 3697 1992; x_wconf 83' lang='lat' dir='ltr'>esse,simpliciter</span> <span class='ocrx_word' id='word_1_308' title='bbox 3723 1921 3784 1974; x_wconf 88' lang='lat' dir='ltr'>et</span> 
     </span>
    </p>
   </div>
   <div class='ocr_carea' id='block_1_42' title="bbox 2135 2007 3777 2086">
    <p class='ocr_par' dir='ltr' id='par_1_42' title="bbox 2135 2007 3777 2086">
     <span class='ocr_line' id='line_1_43' title="bbox 2135 2007 3777 2086; baseline -0.005 -15"><span class='ocrx_word' id='word_1_309' title='bbox 2135 2015 2383 2071; x_wconf 90' lang='lat' dir='ltr'>seorsim</span> <span class='ocrx_word' id='word_1_310' title='bbox 2415 2019 2471 2071; x_wconf 88' lang='lat' dir='ltr'>et</span> <span class='ocrx_word' id='word_1_311' title='bbox 2500 2014 2886 2086; x_wconf 89' lang='lat' dir='ltr'>incomposite</span> <span class='ocrx_word' id='word_1_312' title='bbox 2929 2012 3244 2086; x_wconf 69' lang='lat' dir='ltr'>praedicata</span> <span class='ocrx_word' id='word_1_313' title='bbox 3279 2010 3516 2080; x_wconf 86' lang='lat' dir='ltr'>fuerint,</span> <span class='ocrx_word' id='word_1_314' title='bbox 3549 2007 3777 2082; x_wconf 88' lang='lat' dir='ltr'>paralo-</span> 
     </span>
    </p>
   </div>
   <div class='ocr_carea' id='block_1_43' title="bbox 2130 2098 3776 2179">
    <p class='ocr_par' dir='ltr' id='par_1_43' title="bbox 2130 2098 3776 2179">
     <span class='ocr_line' id='line_1_44' title="bbox 2130 2098 3776 2179; baseline -0.004 -20"><span class='ocrx_word' id='word_1_315' title='bbox 2130 2105 2359 2179; x_wconf 91' lang='lat' dir='ltr'>gismus</span> <span class='ocrx_word' id='word_1_316' title='bbox 2386 2104 2581 2160; x_wconf 93' lang='lat' dir='ltr'>locum</span> <span class='ocrx_word' id='word_1_317' title='bbox 2634 2103 2874 2160; x_wconf 85' lang='lat' dir='ltr'>invenit.</span> <span class='ocrx_word' id='word_1_318' title='bbox 2913 2102 3255 2159; x_wconf 90' lang='lat' dir='ltr'>Posterioris</span> <span class='ocrx_word' id='word_1_319' title='bbox 3283 2098 3615 2173; x_wconf 83' lang='lat' dir='ltr'>exemplum</span> <span class='ocrx_word' id='word_1_320' title='bbox 3640 2101 3731 2154; x_wconf 81' lang='lat' dir='ltr'>est</span> <span class='ocrx_word' id='word_1_321' title='bbox 3761 2113 3776 2153; x_wconf 89' lang='lat'><strong>:</strong></span> 
     </span>
    </p>
   </div>
   <div class='ocr_carea' id='block_1_44' title="bbox 2130 2187 3778 2261">
    <p class='ocr_par' dir='ltr' id='par_1_44' title="bbox 2130 2187 3778 2261">
     <span class='ocr_line' id='line_1_45' title="bbox 2130 2187 3778 2261; baseline -0.004 -13"><span class='ocrx_word' id='word_1_322' title='bbox 2130 2193 2330 2248; x_wconf 85' lang='lat' dir='ltr'>Simon</span> <span class='ocrx_word' id='word_1_323' title='bbox 2363 2197 2528 2249; x_wconf 89' lang='lat' dir='ltr'>sutor</span> <span class='ocrx_word' id='word_1_324' title='bbox 2547 2196 2637 2248; x_wconf 91' lang='lat' dir='ltr'>est</span> <span class='ocrx_word' id='word_1_325' title='bbox 2665 2197 2722 2248; x_wconf 89' lang='lat' dir='ltr'>et</span> <span class='ocrx_word' id='word_1_326' title='bbox 2750 2193 2940 2249; x_wconf 88' lang='lat' dir='ltr'>bonus</span> <span class='ocrx_word' id='word_1_327' title='bbox 2965 2210 2978 2261; x_wconf 89' lang='lat'><strong>;</strong></span> <span class='ocrx_word' id='word_1_328' title='bbox 3005 2191 3197 2246; x_wconf 88' lang='lat' dir='ltr'>omnis</span> <span class='ocrx_word' id='word_1_329' title='bbox 3227 2191 3420 2246; x_wconf 89' lang='lat' dir='ltr'>bonus</span> <span class='ocrx_word' id='word_1_330' title='bbox 3450 2191 3617 2244; x_wconf 90' lang='lat' dir='ltr'>sutor</span> <span class='ocrx_word' id='word_1_331' title='bbox 3635 2187 3778 2243; x_wconf 87' lang='lat' dir='ltr'>scite</span> 
     </span>
    </p>
   </div>
   <div class='ocr_carea' id='block_1_45' title="bbox 2131 2275 3777 2353">
    <p class='ocr_par' dir='ltr' id='par_1_45' title="bbox 2131 2275 3777 2353">
     <span class='ocr_line' id='line_1_46' title="bbox 2131 2275 3777 2353; baseline -0.004 -16"><span class='ocrx_word' id='word_1_332' title='bbox 2131 2282 2364 2338; x_wconf 82' lang='lat' dir='ltr'>conficit</span> <span class='ocrx_word' id='word_1_333' title='bbox 2391 2281 2617 2338; x_wconf 87' lang='lat' dir='ltr'>calceos</span> <span class='ocrx_word' id='word_1_334' title='bbox 2644 2307 2660 2350; x_wconf 83' lang='lat'><strong>;</strong></span> <span class='ocrx_word' id='word_1_335' title='bbox 2688 2282 2891 2351; x_wconf 90' lang='lat' dir='ltr'>Simon</span> <span class='ocrx_word' id='word_1_336' title='bbox 2924 2297 3060 2353; x_wconf 89' lang='lat' dir='ltr'>ergo</span> <span class='ocrx_word' id='word_1_337' title='bbox 3094 2280 3235 2336; x_wconf 88' lang='lat' dir='ltr'>scite</span> <span class='ocrx_word' id='word_1_338' title='bbox 3262 2276 3496 2334; x_wconf 82' lang='lat' dir='ltr'>conficit</span> <span class='ocrx_word' id='word_1_339' title='bbox 3531 2275 3777 2333; x_wconf 82' lang='lat' dir='ltr'>calceos.</span> 
     </span>
    </p>
   </div>
   <div class='ocr_carea' id='block_1_46' title="bbox 2130 2366 3778 2443">
    <p class='ocr_par' dir='ltr' id='par_1_46' title="bbox 2130 2366 3778 2443">
     <span class='ocr_line' id='line_1_47' title="bbox 2130 2366 3778 2443; baseline -0.003 -18"><span class='ocrx_word' id='word_1_340' title='bbox 2130 2371 2310 2443; x_wconf 84' lang='lat' dir='ltr'>Atqui</span> <span class='ocrx_word' id='word_1_341' title='bbox 2342 2371 2544 2427; x_wconf 89' lang='lat' dir='ltr'>Simon</span> <span class='ocrx_word' id='word_1_342' title='bbox 2577 2372 2763 2427; x_wconf 90' lang='lat' dir='ltr'>bonus</span> <span class='ocrx_word' id='word_1_343' title='bbox 2793 2374 2935 2439; x_wconf 89' lang='lat' dir='ltr'>erat,</span> <span class='ocrx_word' id='word_1_344' title='bbox 2953 2387 3069 2426; x_wconf 91' lang='lat' dir='ltr'>non</span> <span class='ocrx_word' id='word_1_345' title='bbox 3101 2369 3340 2441; x_wconf 88' lang='lat' dir='ltr'>quidem</span> <span class='ocrx_word' id='word_1_346' title='bbox 3369 2366 3621 2435; x_wconf 86' lang='lat' dir='ltr'>arte,sed</span> <span class='ocrx_word' id='word_1_347' title='bbox 3652 2381 3778 2421; x_wconf 91' lang='lat' dir='ltr'>mo-</span> 
     </span>
    </p>
   </div>
   <div class='ocr_carea' id='block_1_47' title="bbox 2130 2453 3778 2533">
    <p class='ocr_par' dir='ltr' id='par_1_47' title="bbox 2130 2453 3778 2533">
     <span class='ocr_line' id='line_1_48' title="bbox 2130 2453 3778 2533; baseline -0.005 -17"><span class='ocrx_word' id='word_1_348' title='bbox 2130 2461 2638 2533; x_wconf 86' lang='lat' dir='ltr'>ribus.Sophisma</span> <span class='ocrx_word' id='word_1_349' title='bbox 2666 2465 2757 2516; x_wconf 89' lang='lat' dir='ltr'>est</span> <span class='ocrx_word' id='word_1_350' title='bbox 2785 2476 2854 2516; x_wconf 85' lang='lat' dir='ltr'>ex</span> <span class='ocrx_word' id='word_1_351' title='bbox 2879 2476 2945 2515; x_wconf 89' lang='lat' dir='ltr'>eo</span> <span class='ocrx_word' id='word_1_352' title='bbox 2978 2459 3132 2530; x_wconf 93' lang='lat' dir='ltr'>quod</span> <span class='ocrx_word' id='word_1_353' title='bbox 3163 2463 3251 2514; x_wconf 88' lang='lat' dir='ltr'>est</span> <span class='ocrx_word' id='word_1_354' title='bbox 3279 2456 3603 2513; x_wconf 89' lang='lat' dir='ltr'>secundum</span> <span class='ocrx_word' id='word_1_355' title='bbox 3636 2453 3778 2527; x_wconf 88' lang='lat' dir='ltr'>quid</span> 
     </span>
    </p>
   </div>
   <div class='ocr_carea' id='block_1_48' title="bbox 365 2542 3779 2621">
    <p class='ocr_par' dir='ltr' id='par_1_48' title="bbox 365 2542 3779 2621">
     <span class='ocr_line' id='line_1_49' title="bbox 365 2542 3779 2621; baseline -0.001 -18"><span class='ocrx_word' id='word_1_356' title='bbox 365 2551 425 2603; x_wconf 90' lang='lat' dir='ltr'>et</span> <span class='ocrx_word' id='word_1_357' title='bbox 454 2546 820 2618; x_wconf 85' lang='lat' dir='ltr'>simpliciter.</span> <span class='ocrx_word' id='word_1_358' title='bbox 873 2546 1021 2600; x_wconf 89' lang='lat' dir='ltr'>Nam</span> <span class='ocrx_word' id='word_1_359' title='bbox 1048 2545 1110 2599; x_wconf 88' lang='grc' dir='ltr'>τὸ</span> <span class='ocrx_word' id='word_1_360' title='bbox 1146 2546 1335 2601; x_wconf 90' lang='lat' dir='ltr'>bonus</span> <span class='ocrx_word' id='word_1_361' title='bbox 1384 2551 1443 2602; x_wconf 89' lang='lat' dir='ltr'>et</span> <span class='ocrx_word' id='word_1_362' title='bbox 1472 2551 1637 2603; x_wconf 90' lang='lat' dir='ltr'>sutor</span> <span class='ocrx_word' id='word_1_363' title='bbox 1667 2564 1794 2618; x_wconf 73' lang='lat' dir='ltr'>quea</span> <span class='ocrx_word' id='word_1_364' title='bbox 1843 2547 2187 2621; x_wconf 78' lang='lat' dir='ltr'>simpliciter</span> <span class='ocrx_word' id='word_1_365' title='bbox 2215 2554 2273 2605; x_wconf 93' lang='lat' dir='ltr'>et</span> <span class='ocrx_word' id='word_1_366' title='bbox 2325 2551 2568 2606; x_wconf 88' lang='lat' dir='ltr'>seorsim</span> <span class='ocrx_word' id='word_1_367' title='bbox 2600 2553 2659 2605; x_wconf 90' lang='lat' dir='ltr'>et</span> <span class='ocrx_word' id='word_1_368' title='bbox 2711 2548 3097 2621; x_wconf 90' lang='lat' dir='ltr'>incomposite</span> <span class='ocrx_word' id='word_1_369' title='bbox 3126 2546 3183 2602; x_wconf 92' lang='lat' dir='ltr'>in</span> <span class='ocrx_word' id='word_1_370' title='bbox 3242 2545 3466 2602; x_wconf 88' lang='lat' dir='ltr'>minore</span> <span class='ocrx_word' id='word_1_371' title='bbox 3514 2542 3779 2617; x_wconf 89' lang='lat' dir='ltr'>proposi-</span> 
     </span>
    </p>
   </div>
   <div class='ocr_carea' id='block_1_49' title="bbox 367 2634 3669 2710">
    <p class='ocr_par' dir='ltr' id='par_1_49' title="bbox 367 2634 3669 2710">
     <span class='ocr_line' id='line_1_50' title="bbox 367 2634 3669 2710; baseline 0 -20"><span class='ocrx_word' id='word_1_372' title='bbox 367 2635 526 2691; x_wconf 86' lang='lat' dir='ltr'>tione</span> <span class='ocrx_word' id='word_1_373' title='bbox 555 2634 626 2690; x_wconf 90' lang='lat' dir='ltr'>de</span> <span class='ocrx_word' id='word_1_374' title='bbox 655 2635 890 2691; x_wconf 89' lang='lat' dir='ltr'>Simone</span> <span class='ocrx_word' id='word_1_375' title='bbox 921 2635 1231 2706; x_wconf 70' lang='lat' dir='ltr'>praedicata</span> <span class='ocrx_word' id='word_1_376' title='bbox 1263 2636 1515 2702; x_wconf 89' lang='lat' dir='ltr'>fuerunt,</span> <span class='ocrx_word' id='word_1_377' title='bbox 1546 2637 1869 2692; x_wconf 89' lang='lat' dir='ltr'>secundum</span> <span class='ocrx_word' id='word_1_378' title='bbox 1903 2637 2039 2708; x_wconf 89' lang='lat' dir='ltr'>quid</span> <span class='ocrx_word' id='word_1_379' title='bbox 2074 2643 2132 2696; x_wconf 89' lang='lat' dir='ltr'>et</span> <span class='ocrx_word' id='word_1_380' title='bbox 2160 2639 2338 2695; x_wconf 87' lang='lat' dir='ltr'>simul</span> <span class='ocrx_word' id='word_1_381' title='bbox 2368 2643 2425 2695; x_wconf 92' lang='lat' dir='ltr'>et</span> <span class='ocrx_word' id='word_1_382' title='bbox 2453 2640 2771 2710; x_wconf 88' lang='lat' dir='ltr'>composite</span> <span class='ocrx_word' id='word_1_383' title='bbox 2800 2639 2859 2693; x_wconf 90' lang='lat' dir='ltr'>in</span> <span class='ocrx_word' id='word_1_384' title='bbox 2893 2638 3115 2710; x_wconf 83' lang='lat' dir='ltr'>majore</span> <span class='ocrx_word' id='word_1_385' title='bbox 3145 2640 3385 2709; x_wconf 90' lang='lat' dir='ltr'>sumpta</span> <span class='ocrx_word' id='word_1_386' title='bbox 3412 2635 3669 2692; x_wconf 83' lang='lat' dir='ltr'>fuerunt.</span> 
     </span>
    </p>
   </div>
   <div class='ocr_carea' id='block_1_50' title="bbox 443 2738 2017 2817">
    <p class='ocr_par' dir='ltr' id='par_1_50' title="bbox 443 2738 2017 2817">
     <span class='ocr_line' id='line_1_51' title="bbox 443 2738 2017 2817; baseline 0.001 -21"><span class='ocrx_word' id='word_1_387' title='bbox 443 2741 507 2804; x_wconf 85' lang='grc' dir='ltr'>ς’.</span> <span class='ocrx_word' id='word_1_388' title='bbox 538 2739 729 2815; x_wconf 78' lang='grc' dir='ltr'>Τρίτος</span> <span class='ocrx_word' id='word_1_389' title='bbox 759 2738 963 2817; x_wconf 86' lang='grc' dir='ltr'>τρόπος</span> <span class='ocrx_word' id='word_1_390' title='bbox 993 2740 1140 2816; x_wconf 86' lang='grc' dir='ltr'>παρά</span> <span class='ocrx_word' id='word_1_391' title='bbox 1186 2741 1285 2809; x_wconf 76' lang='grc' dir='ltr'>τὴν</span> <span class='ocrx_word' id='word_1_392' title='bbox 1336 2745 1434 2795; x_wconf 89' lang='grc' dir='ltr'>τοῦ</span> <span class='ocrx_word' id='word_1_393' title='bbox 1491 2738 1730 2817; x_wconf 84' lang='grc' dir='ltr'>ἐλέγχου</span> <span class='ocrx_word' id='word_1_394' title='bbox 1774 2739 2017 2817; x_wconf 81' lang='grc' dir='ltr'>ἄγνοιαν·</span> 
     </span>
    </p>
   </div>
   <div class='ocr_carea' id='block_1_51' title="bbox 370 2826 2018 2908">
    <p class='ocr_par' dir='ltr' id='par_1_51' title="bbox 370 2826 2018 2908">
     <span class='ocr_line' id='line_1_52' title="bbox 370 2826 2018 2908; baseline 0.002 -26"><span class='ocrx_word' id='word_1_395' title='bbox 370 2829 504 2886; x_wconf 77' lang='grc' dir='ltr'>οἷον,</span> <span class='ocrx_word' id='word_1_396' title='bbox 537 2829 613 2883; x_wconf 87' lang='grc' dir='ltr'>Τά</span> <span class='ocrx_word' id='word_1_397' title='bbox 643 2826 770 2884; x_wconf 84' lang='grc' dir='ltr'>δέκα</span> <span class='ocrx_word' id='word_1_398' title='bbox 800 2826 1080 2884; x_wconf 88' lang='grc' dir='ltr'>διπλάσια·</span> <span class='ocrx_word' id='word_1_399' title='bbox 1132 2830 1198 2884; x_wconf 77' lang='grc' dir='ltr'>τὰ</span> <span class='ocrx_word' id='word_1_400' title='bbox 1246 2826 1373 2884; x_wconf 85' lang='grc' dir='ltr'>δέκα</span> <span class='ocrx_word' id='word_1_401' title='bbox 1421 2830 1482 2885; x_wconf 84' lang='grc' dir='ltr'>οὐ</span> <span class='ocrx_word' id='word_1_402' title='bbox 1543 2828 1822 2886; x_wconf 86' lang='grc' dir='ltr'>διπλάσια·</span> <span class='ocrx_word' id='word_1_403' title='bbox 1883 2832 2018 2908; x_wconf 88' lang='grc' dir='ltr'>πρὸς</span> 
     </span>
    </p>
   </div>
   <div class='ocr_carea' id='block_1_52' title="bbox 374 2915 2020 2995">
    <p class='ocr_par' dir='ltr' id='par_1_52' title="bbox 374 2915 2020 2995">
     <span class='ocr_line' id='line_1_53' title="bbox 374 2915 2020 2995; baseline 0.002 -23"><span class='ocrx_word' id='word_1_404' title='bbox 374 2919 469 2992; x_wconf 69' lang='grc' dir='ltr'>μὲν</span> <span class='ocrx_word' id='word_1_405' title='bbox 498 2917 599 2994; x_wconf 79' lang='grc' dir='ltr'>γὰρ</span> <span class='ocrx_word' id='word_1_406' title='bbox 630 2919 697 2973; x_wconf 80' lang='grc' dir='ltr'>τά</span> <span class='ocrx_word' id='word_1_407' title='bbox 724 2916 880 2974; x_wconf 86' lang='grc' dir='ltr'>πέντε</span> <span class='ocrx_word' id='word_1_408' title='bbox 912 2915 1190 2974; x_wconf 90' lang='grc' dir='ltr'>διπλάσια·</span> <span class='ocrx_word' id='word_1_409' title='bbox 1241 2919 1377 2995; x_wconf 88' lang='grc' dir='ltr'>πρὸς</span> <span class='ocrx_word' id='word_1_410' title='bbox 1431 2917 1576 2974; x_wconf 83' lang='grc' dir='ltr'>ἄλλα</span> <span class='ocrx_word' id='word_1_411' title='bbox 1625 2916 1682 2974; x_wconf 75' lang='grc' dir='ltr'>δὲ</span> <span class='ocrx_word' id='word_1_412' title='bbox 1729 2919 1790 2973; x_wconf 88' lang='grc' dir='ltr'>οὐ</span> <span class='ocrx_word' id='word_1_413' title='bbox 1823 2918 2020 2976; x_wconf 85' lang='grc' dir='ltr'>διπλά-</span> 
     </span>
    </p>
   </div>
   <div class='ocr_carea' id='block_1_53' title="bbox 367 3004 2022 3085">
    <p class='ocr_par' dir='ltr' id='par_1_53' title="bbox 367 3004 2022 3085">
     <span class='ocr_line' id='line_1_54' title="bbox 367 3004 2022 3085; baseline 0.001 -23"><span class='ocrx_word' id='word_1_414' title='bbox 367 3027 476 3064; x_wconf 88' lang='grc' dir='ltr'>σια.</span> <span class='ocrx_word' id='word_1_415' title='bbox 534 3008 610 3063; x_wconf 74' lang='grc' dir='ltr'>Τὰ</span> <span class='ocrx_word' id='word_1_416' title='bbox 667 3004 929 3063; x_wconf 88' lang='grc' dir='ltr'>διπλάσια</span> <span class='ocrx_word' id='word_1_417' title='bbox 974 3012 1259 3085; x_wconf 82' lang='grc' dir='ltr'>τοιγαροῦν</span> <span class='ocrx_word' id='word_1_418' title='bbox 1323 3007 1384 3062; x_wconf 90' lang='grc' dir='ltr'>οὐ</span> <span class='ocrx_word' id='word_1_419' title='bbox 1444 3005 1723 3064; x_wconf 89' lang='grc' dir='ltr'>διπλάσια.</span> <span class='ocrx_word' id='word_1_420' title='bbox 1801 3008 2022 3085; x_wconf 88' lang='grc' dir='ltr'>Λέγεται</span> 
     </span>
    </p>
   </div>
   <div class='ocr_carea' id='block_1_54' title="bbox 373 3094 2022 3175">
    <p class='ocr_par' dir='ltr' id='par_1_54' title="bbox 373 3094 2022 3175">
     <span class='ocr_line' id='line_1_55' title="bbox 373 3094 2022 3175; baseline 0 -23"><span class='ocrx_word' id='word_1_421' title='bbox 373 3094 432 3152; x_wconf 76' lang='grc' dir='ltr'>δὶ</span> <span class='ocrx_word' id='word_1_422' title='bbox 478 3097 626 3173; x_wconf 86' lang='grc' dir='ltr'>παρά</span> <span class='ocrx_word' id='word_1_423' title='bbox 670 3098 769 3165; x_wconf 70' lang='grc' dir='ltr'>τὴν</span> <span class='ocrx_word' id='word_1_424' title='bbox 816 3100 915 3151; x_wconf 88' lang='grc' dir='ltr'>τοῦ</span> <span class='ocrx_word' id='word_1_425' title='bbox 963 3094 1196 3173; x_wconf 83' lang='grc' dir='ltr'>ἐλέγχου</span> <span class='ocrx_word' id='word_1_426' title='bbox 1246 3095 1484 3173; x_wconf 83' lang='grc' dir='ltr'>ἄγνοιαν,</span> <span class='ocrx_word' id='word_1_427' title='bbox 1518 3096 1599 3152; x_wconf 83' lang='grc' dir='ltr'>ὅτι</span> <span class='ocrx_word' id='word_1_428' title='bbox 1631 3100 1778 3175; x_wconf 86' lang='grc' dir='ltr'>παρά</span> <span class='ocrx_word' id='word_1_429' title='bbox 1824 3099 1884 3152; x_wconf 86' lang='grc' dir='ltr'>τὸ</span> <span class='ocrx_word' id='word_1_430' title='bbox 1946 3100 2022 3172; x_wconf 75' lang='grc' dir='ltr'>μὴ</span> 
     </span>
    </p>
   </div>
   <div class='ocr_carea' id='block_1_55' title="bbox 366 3183 2025 3264">
    <p class='ocr_par' dir='ltr' id='par_1_55' title="bbox 366 3183 2025 3264">
     <span class='ocr_line' id='line_1_56' title="bbox 366 3183 2025 3264; baseline 0.001 -23"><span class='ocrx_word' id='word_1_431' title='bbox 366 3187 651 3264; x_wconf 85' lang='grc' dir='ltr'>γινώσκειν</span> <span class='ocrx_word' id='word_1_432' title='bbox 703 3184 794 3241; x_wconf 77' lang='grc' dir='ltr'>τὸν</span> <span class='ocrx_word' id='word_1_433' title='bbox 841 3185 1294 3263; x_wconf 81' lang='grc' dir='ltr'>ἀποκρινόμενον,</span> <span class='ocrx_word' id='word_1_434' title='bbox 1332 3183 1461 3249; x_wconf 69' lang='grc' dir='ltr'>ἴσως</span> <span class='ocrx_word' id='word_1_435' title='bbox 1499 3183 1557 3241; x_wconf 74' lang='grc' dir='ltr'>δὲ</span> <span class='ocrx_word' id='word_1_436' title='bbox 1601 3186 1692 3241; x_wconf 88' lang='grc' dir='ltr'>καὶ</span> <span class='ocrx_word' id='word_1_437' title='bbox 1734 3188 1825 3242; x_wconf 87' lang='grc' dir='ltr'>τὸν</span> <span class='ocrx_word' id='word_1_438' title='bbox 1885 3187 2025 3264; x_wconf 81' lang='grc' dir='ltr'>ἐρω-</span> 
     </span>
    </p>
   </div>
   <div class='ocr_carea' id='block_1_56' title="bbox 364 3270 2028 3353">
    <p class='ocr_par' dir='ltr' id='par_1_56' title="bbox 364 3270 2028 3353">
     <span class='ocr_line' id='line_1_57' title="bbox 364 3270 2028 3353; baseline 0.001 -23"><span class='ocrx_word' id='word_1_439' title='bbox 364 3279 564 3345; x_wconf 82' lang='grc' dir='ltr'>τῶντα,</span> <span class='ocrx_word' id='word_1_440' title='bbox 612 3273 669 3330; x_wconf 87' lang='grc' dir='ltr'>τί</span> <span class='ocrx_word' id='word_1_441' title='bbox 724 3272 864 3330; x_wconf 77' lang='grc' dir='ltr'>ἐστιν</span> <span class='ocrx_word' id='word_1_442' title='bbox 930 3271 1183 3352; x_wconf 77' lang='grc' dir='ltr'>ἔλεγχος,</span> <span class='ocrx_word' id='word_1_443' title='bbox 1234 3270 1502 3349; x_wconf 88' lang='grc' dir='ltr'>λαμϐάνει</span> <span class='ocrx_word' id='word_1_444' title='bbox 1549 3274 1714 3330; x_wconf 88' lang='grc' dir='ltr'>τόπον</span> <span class='ocrx_word' id='word_1_445' title='bbox 1773 3277 1801 3330; x_wconf 89' lang='grc' dir='ltr'>ὁ</span> <span class='ocrx_word' id='word_1_446' title='bbox 1860 3297 2028 3353; x_wconf 90' lang='grc' dir='ltr'>παρα-</span> 
     </span>
    </p>
   </div>
   <div class='ocr_carea' id='block_1_57' title="bbox 2196 2741 3778 2817">
    <p class='ocr_par' dir='ltr' id='par_1_57' title="bbox 2196 2741 3778 2817">
     <span class='ocr_line' id='line_1_58' title="bbox 2196 2741 3778 2817; baseline -0.003 -16"><span class='ocrx_word' id='word_1_447' title='bbox 2196 2747 2250 2801; x_wconf 88' lang='grc'>6.</span> <span class='ocrx_word' id='word_1_448' title='bbox 2283 2746 2513 2802; x_wconf 87' lang='lat' dir='ltr'>Tertius</span> <span class='ocrx_word' id='word_1_449' title='bbox 2545 2746 2755 2801; x_wconf 92' lang='lat' dir='ltr'>modus</span> <span class='ocrx_word' id='word_1_450' title='bbox 2786 2750 2874 2801; x_wconf 89' lang='lat' dir='ltr'>est</span> <span class='ocrx_word' id='word_1_451' title='bbox 2894 2762 2963 2801; x_wconf 85' lang='lat' dir='ltr'>ex</span> <span class='ocrx_word' id='word_1_452' title='bbox 2991 2743 3357 2817; x_wconf 87' lang='lat' dir='ltr'>ignoratione</span> <span class='ocrx_word' id='word_1_453' title='bbox 3394 2741 3620 2799; x_wconf 87' lang='lat' dir='ltr'>elenchi</span> <span class='ocrx_word' id='word_1_454' title='bbox 3647 2759 3661 2797; x_wconf 90' lang='lat'><strong>:</strong></span> <span class='ocrx_word' id='word_1_455' title='bbox 3689 2744 3778 2812; x_wconf 92' lang='lat' dir='ltr'>ut,</span> 
     </span>
    </p>
   </div>
   <div class='ocr_carea' id='block_1_58' title="bbox 2129 2829 3781 2907">
    <p class='ocr_par' dir='ltr' id='par_1_58' title="bbox 2129 2829 3781 2907">
     <span class='ocr_line' id='line_1_59' title="bbox 2129 2829 3781 2907; baseline -0.004 -16"><span class='ocrx_word' id='word_1_456' title='bbox 2129 2836 2338 2892; x_wconf 87' lang='lat' dir='ltr'>Decem</span> <span class='ocrx_word' id='word_1_457' title='bbox 2369 2835 2516 2890; x_wconf 75' lang='lat'>881</span> <span class='ocrx_word' id='word_1_458' title='bbox 2546 2838 2686 2890; x_wconf 88' lang='lat' dir='ltr'>sunt</span> <span class='ocrx_word' id='word_1_459' title='bbox 2715 2834 2929 2907; x_wconf 91' lang='lat' dir='ltr'>dupla;</span> <span class='ocrx_word' id='word_1_460' title='bbox 2954 2834 3149 2890; x_wconf 89' lang='lat' dir='ltr'>decem</span> <span class='ocrx_word' id='word_1_461' title='bbox 3183 2848 3301 2888; x_wconf 92' lang='lat' dir='ltr'>non</span> <span class='ocrx_word' id='word_1_462' title='bbox 3331 2834 3471 2888; x_wconf 88' lang='lat' dir='ltr'>sunt</span> <span class='ocrx_word' id='word_1_463' title='bbox 3499 2829 3781 2903; x_wconf 88' lang='lat' dir='ltr'>dupla(ad</span> 
     </span>
    </p>
   </div>
   <div class='ocr_carea' id='block_1_59' title="bbox 2132 2921 3779 2996">
    <p class='ocr_par' dir='ltr' id='par_1_59' title="bbox 2132 2921 3779 2996">
     <span class='ocr_line' id='line_1_60' title="bbox 2132 2921 3779 2996; baseline -0.003 -17"><span class='ocrx_word' id='word_1_464' title='bbox 2132 2924 2393 2996; x_wconf 90' lang='lat' dir='ltr'>quinque</span> <span class='ocrx_word' id='word_1_465' title='bbox 2422 2923 2578 2980; x_wconf 91' lang='lat' dir='ltr'>enim</span> <span class='ocrx_word' id='word_1_466' title='bbox 2609 2923 2885 2979; x_wconf 88' lang='lat' dir='ltr'>dicuntur</span> <span class='ocrx_word' id='word_1_467' title='bbox 2913 2922 3119 2995; x_wconf 87' lang='lat' dir='ltr'>dupla:</span> <span class='ocrx_word' id='word_1_468' title='bbox 3147 2923 3219 2977; x_wconf 90' lang='lat' dir='ltr'>ad</span> <span class='ocrx_word' id='word_1_469' title='bbox 3254 2921 3435 2977; x_wconf 89' lang='lat' dir='ltr'>alium</span> <span class='ocrx_word' id='word_1_470' title='bbox 3465 2935 3779 2975; x_wconf 89' lang='lat' dir='ltr'>numerum</span> 
     </span>
    </p>
   </div>
   <div class='ocr_carea' id='block_1_60' title="bbox 2133 3007 3783 3085">
    <p class='ocr_par' dir='ltr' id='par_1_60' title="bbox 2133 3007 3783 3085">
     <span class='ocr_line' id='line_1_61' title="bbox 2133 3007 3783 3085; baseline -0.004 -16"><span class='ocrx_word' id='word_1_471' title='bbox 2133 3030 2249 3069; x_wconf 92' lang='lat' dir='ltr'>non</span> <span class='ocrx_word' id='word_1_472' title='bbox 2299 3012 2522 3085; x_wconf 88' lang='lat' dir='ltr'>dupla).</span> <span class='ocrx_word' id='word_1_473' title='bbox 2557 3013 2745 3085; x_wconf 89' lang='lat' dir='ltr'>Dupla</span> <span class='ocrx_word' id='word_1_474' title='bbox 2786 3012 2967 3085; x_wconf 87' lang='lat' dir='ltr'>igitur</span> <span class='ocrx_word' id='word_1_475' title='bbox 2995 3027 3109 3066; x_wconf 88' lang='lat' dir='ltr'>non</span> <span class='ocrx_word' id='word_1_476' title='bbox 3139 3013 3279 3067; x_wconf 92' lang='lat' dir='ltr'>sunt</span> <span class='ocrx_word' id='word_1_477' title='bbox 3325 3008 3523 3081; x_wconf 90' lang='lat' dir='ltr'>dupla.</span> <span class='ocrx_word' id='word_1_478' title='bbox 3560 3007 3783 3063; x_wconf 88' lang='lat' dir='ltr'>Dicitur</span> 
     </span>
    </p>
   </div>
   <div class='ocr_carea' id='block_1_61' title="bbox 2134 3096 3781 3174">
    <p class='ocr_par' dir='ltr' id='par_1_61' title="bbox 2134 3096 3781 3174">
     <span class='ocr_line' id='line_1_62' title="bbox 2134 3096 3781 3174; baseline -0.004 -17"><span class='ocrx_word' id='word_1_479' title='bbox 2134 3106 2329 3158; x_wconf 87' lang='lat' dir='ltr'>autem</span> <span class='ocrx_word' id='word_1_480' title='bbox 2360 3117 2430 3156; x_wconf 84' lang='lat' dir='ltr'>ex</span> <span class='ocrx_word' id='word_1_481' title='bbox 2458 3101 2821 3174; x_wconf 86' lang='lat' dir='ltr'>ignoratione</span> <span class='ocrx_word' id='word_1_482' title='bbox 2850 3099 3098 3168; x_wconf 90' lang='lat' dir='ltr'>elenchi,</span> <span class='ocrx_word' id='word_1_483' title='bbox 3126 3098 3265 3170; x_wconf 88' lang='lat' dir='ltr'>quia</span> <span class='ocrx_word' id='word_1_484' title='bbox 3293 3114 3363 3153; x_wconf 82' lang='lat' dir='ltr'>ex</span> <span class='ocrx_word' id='word_1_485' title='bbox 3391 3113 3458 3152; x_wconf 90' lang='lat' dir='ltr'>eo</span> <span class='ocrx_word' id='word_1_486' title='bbox 3507 3096 3657 3169; x_wconf 90' lang='lat' dir='ltr'>quod</span> <span class='ocrx_word' id='word_1_487' title='bbox 3692 3112 3781 3151; x_wconf 91' lang='lat' dir='ltr'>re-</span> 
     </span>
    </p>
   </div>
   <div class='ocr_carea' id='block_1_62' title="bbox 2135 3184 3785 3263">
    <p class='ocr_par' dir='ltr' id='par_1_62' title="bbox 2135 3184 3785 3263">
     <span class='ocr_line' id='line_1_63' title="bbox 2135 3184 3785 3263; baseline -0.005 -15"><span class='ocrx_word' id='word_1_488' title='bbox 2135 3191 2434 3263; x_wconf 83' lang='lat' dir='ltr'>spondens</span> <span class='ocrx_word' id='word_1_489' title='bbox 2465 3191 2608 3263; x_wconf 88' lang='lat' dir='ltr'>quin</span> <span class='ocrx_word' id='word_1_490' title='bbox 2641 3196 2699 3246; x_wconf 93' lang='lat' dir='ltr'>et</span> <span class='ocrx_word' id='word_1_491' title='bbox 2745 3190 3114 3261; x_wconf 88' lang='lat' dir='ltr'>interrogans</span> <span class='ocrx_word' id='word_1_492' title='bbox 3144 3188 3291 3244; x_wconf 89' lang='lat' dir='ltr'>forte</span> <span class='ocrx_word' id='word_1_493' title='bbox 3319 3184 3505 3243; x_wconf 88' lang='lat' dir='ltr'>nescit</span> <span class='ocrx_word' id='word_1_494' title='bbox 3533 3185 3673 3257; x_wconf 89' lang='lat' dir='ltr'>quid</span> <span class='ocrx_word' id='word_1_495' title='bbox 3705 3184 3785 3240; x_wconf 87' lang='lat' dir='ltr'>sit</span> 
     </span>
    </p>
   </div>
   <div class='ocr_carea' id='block_1_63' title="bbox 2135 3272 3785 3351">
    <p class='ocr_par' dir='ltr' id='par_1_63' title="bbox 2135 3272 3785 3351">
     <span class='ocr_line' id='line_1_64' title="bbox 2135 3272 3785 3351; baseline -0.004 -15"><span class='ocrx_word' id='word_1_496' title='bbox 2135 3279 2435 3346; x_wconf 90' lang='lat' dir='ltr'>elenchus,</span> <span class='ocrx_word' id='word_1_497' title='bbox 2478 3278 2910 3351; x_wconf 87' lang='lat' dir='ltr'>paralogismus</span> <span class='ocrx_word' id='word_1_498' title='bbox 2958 3277 3181 3334; x_wconf 85' lang='lat' dir='ltr'>obtinet</span> <span class='ocrx_word' id='word_1_499' title='bbox 3225 3274 3440 3331; x_wconf 90' lang='lat' dir='ltr'>locum.</span> <span class='ocrx_word' id='word_1_500' title='bbox 3492 3272 3785 3330; x_wconf 90' lang='lat' dir='ltr'>Elenchus</span> 
     </span>
    </p>
   </div>
   <div class='ocr_carea' id='block_1_64' title="bbox 370 3360 2023 3453">
    <p class='ocr_par' dir='ltr' id='par_1_64' title="bbox 370 3360 2023 3453">
     <span class='ocr_line' id='line_1_65' title="bbox 370 3360 2023 3453; baseline 0.001 -34"><span class='ocrx_word' id='word_1_501' title='bbox 370 3360 663 3453; x_wconf 79' lang='grc' dir='ltr'>λογισμός.</span> <span class='ocrx_word' id='word_1_502' title='bbox 694 3362 994 3453; x_wconf 11' lang='grc' dir='ltr'>γἜλεγχος</span> <span class='ocrx_word' id='word_1_503' title='bbox 1048 3362 1149 3453; x_wconf 84' lang='grc' dir='ltr'>γάρ</span> <span class='ocrx_word' id='word_1_504' title='bbox 1200 3361 1340 3418; x_wconf 80' lang='grc' dir='ltr'>ἐστιν</span> <span class='ocrx_word' id='word_1_505' title='bbox 1392 3363 1668 3453; x_wconf 78' lang='grc' dir='ltr'>ἀντίφασις</span> <span class='ocrx_word' id='word_1_506' title='bbox 1717 3369 1814 3419; x_wconf 90' lang='grc' dir='ltr'>τοῦ</span> <span class='ocrx_word' id='word_1_507' title='bbox 1859 3364 2023 3420; x_wconf 88' lang='grc' dir='ltr'>αὐτοῦ</span> 
     </span>
    </p>
   </div>
   <div class='ocr_carea' id='block_1_65' title="bbox 2139 3360 3785 3453">
    <p class='ocr_par' dir='ltr' id='par_1_65' title="bbox 2139 3364 3785 3437">
     <span class='ocr_line' id='line_1_66' title="bbox 2139 3364 3785 3437; baseline -0.003 -13"><span class='ocrx_word' id='word_1_508' title='bbox 2139 3368 2295 3424; x_wconf 90' lang='lat' dir='ltr'>enim</span> <span class='ocrx_word' id='word_1_509' title='bbox 2326 3372 2416 3423; x_wconf 92' lang='lat' dir='ltr'>est</span> <span class='ocrx_word' id='word_1_510' title='bbox 2444 3366 2824 3423; x_wconf 89' lang='lat' dir='ltr'>contradictio</span> <span class='ocrx_word' id='word_1_511' title='bbox 2846 3366 3111 3437; x_wconf 87' lang='lat' dir='ltr'>ejusdem</span> <span class='ocrx_word' id='word_1_512' title='bbox 3142 3368 3201 3420; x_wconf 87' lang='lat' dir='ltr'>et</span> <span class='ocrx_word' id='word_1_513' title='bbox 3229 3364 3300 3420; x_wconf 90' lang='lat' dir='ltr'>ad</span> <span class='ocrx_word' id='word_1_514' title='bbox 3332 3364 3622 3429; x_wconf 88' lang='lat' dir='ltr'>idem,nec</span> <span class='ocrx_word' id='word_1_515' title='bbox 3649 3378 3785 3419; x_wconf 90' lang='lat' dir='ltr'>vero</span> 
     </span>
    </p>
   </div>
   <div class='ocr_carea' id='block_1_66' title="bbox 366 3450 2021 3529">
    <p class='ocr_par' dir='ltr' id='par_1_66' title="bbox 366 3450 2021 3529">
     <span class='ocr_line' id='line_1_67' title="bbox 366 3450 2021 3529; baseline 0.002 -22"><span class='ocrx_word' id='word_1_516' title='bbox 366 3452 625 3529; x_wconf 81' lang='grc' dir='ltr'>καὶπρὸς</span> <span class='ocrx_word' id='word_1_517' title='bbox 651 3452 716 3508; x_wconf 87' lang='grc' dir='ltr'>τὸ</span> <span class='ocrx_word' id='word_1_518' title='bbox 747 3451 900 3522; x_wconf 85' lang='grc' dir='ltr'>αὐτὸ,</span> <span class='ocrx_word' id='word_1_519' title='bbox 936 3453 1011 3525; x_wconf 82' lang='grc' dir='ltr'><strong>μή</strong></span> <span class='ocrx_word' id='word_1_520' title='bbox 1076 3450 1260 3526; x_wconf 88' lang='grc' dir='ltr'>μέντοι</span> <span class='ocrx_word' id='word_1_521' title='bbox 1315 3452 1454 3529; x_wconf 85' lang='grc' dir='ltr'>πρὸς</span> <span class='ocrx_word' id='word_1_522' title='bbox 1514 3450 1656 3507; x_wconf 83' lang='grc' dir='ltr'>ἄλλο</span> <span class='ocrx_word' id='word_1_523' title='bbox 1714 3452 1803 3509; x_wconf 84' lang='grc' dir='ltr'>καὶ</span> <span class='ocrx_word' id='word_1_524' title='bbox 1858 3451 2021 3512; x_wconf 78' lang='grc' dir='ltr'>ἄλλο.</span> 
     </span>
    </p>
   </div>
   <div class='ocr_carea' id='block_1_67' title="bbox 363 3537 2022 3617">
    <p class='ocr_par' dir='ltr' id='par_1_67' title="bbox 363 3537 2022 3617">
     <span class='ocr_line' id='line_1_68' title="bbox 363 3537 2022 3617; baseline 0.001 -21"><span class='ocrx_word' id='word_1_525' title='bbox 363 3542 441 3596; x_wconf 87' lang='grc' dir='ltr'>Τὰ</span> <span class='ocrx_word' id='word_1_526' title='bbox 499 3538 626 3597; x_wconf 84' lang='grc' dir='ltr'>δέκα</span> <span class='ocrx_word' id='word_1_527' title='bbox 683 3538 741 3596; x_wconf 72' lang='grc' dir='ltr'>δὲ</span> <span class='ocrx_word' id='word_1_528' title='bbox 796 3541 935 3616; x_wconf 88' lang='grc' dir='ltr'>πρὸς</span> <span class='ocrx_word' id='word_1_529' title='bbox 988 3541 1056 3595; x_wconf 84' lang='grc' dir='ltr'>τὰ</span> <span class='ocrx_word' id='word_1_530' title='bbox 1110 3539 1270 3596; x_wconf 79' lang='grc' dir='ltr'>πέντε</span> <span class='ocrx_word' id='word_1_531' title='bbox 1330 3541 1425 3614; x_wconf 70' lang='grc' dir='ltr'>μὲν</span> <span class='ocrx_word' id='word_1_532' title='bbox 1486 3537 1696 3617; x_wconf 71' lang='grc' dir='ltr'>εἷ’ρηται</span> <span class='ocrx_word' id='word_1_533' title='bbox 1741 3539 2022 3599; x_wconf 69' lang='grc' dir='ltr'>διπλάσια*</span> 
     </span>
    </p>
   </div>
   <div class='ocr_carea' id='block_1_68' title="bbox 364 3626 1248 3704">
    <p class='ocr_par' dir='ltr' id='par_1_68' title="bbox 364 3626 1248 3704">
     <span class='ocr_line' id='line_1_69' title="bbox 364 3626 1248 3704; baseline 0 -18"><span class='ocrx_word' id='word_1_534' title='bbox 364 3631 502 3704; x_wconf 85' lang='grc' dir='ltr'>πρὸς</span> <span class='ocrx_word' id='word_1_535' title='bbox 533 3631 582 3685; x_wconf 88' lang='grc' dir='ltr'>τ’</span> <span class='ocrx_word' id='word_1_536' title='bbox 610 3629 756 3686; x_wconf 76' lang='grc' dir='ltr'>ἄλλα</span> <span class='ocrx_word' id='word_1_537' title='bbox 786 3626 845 3685; x_wconf 76' lang='grc' dir='ltr'>δὲ</span> <span class='ocrx_word' id='word_1_538' title='bbox 873 3629 936 3685; x_wconf 91' lang='grc' dir='ltr'>οὐ</span> <span class='ocrx_word' id='word_1_539' title='bbox 968 3627 1248 3686; x_wconf 88' lang='grc' dir='ltr'>διπλάσια.</span> 
     </span>
    </p>
   </div>
   <div class='ocr_carea' id='block_1_69' title="bbox 445 3721 2025 3799">
    <p class='ocr_par' dir='ltr' id='par_1_69' title="bbox 445 3721 2025 3799">
     <span class='ocr_line' id='line_1_70' title="bbox 445 3721 2025 3799; baseline -0.001 -23"><span class='ocrx_word' id='word_1_540' title='bbox 445 3722 507 3791; x_wconf 91' lang='grc' dir='ltr'>ζ’.</span> <span class='ocrx_word' id='word_1_541' title='bbox 539 3722 806 3798; x_wconf 87' lang='grc' dir='ltr'>Τέταρτος</span> <span class='ocrx_word' id='word_1_542' title='bbox 862 3722 1070 3798; x_wconf 89' lang='grc' dir='ltr'>τρόπος</span> <span class='ocrx_word' id='word_1_543' title='bbox 1128 3723 1156 3776; x_wconf 87' lang='lat'>6</span> <span class='ocrx_word' id='word_1_544' title='bbox 1218 3724 1365 3799; x_wconf 87' lang='grc' dir='ltr'>παρά</span> <span class='ocrx_word' id='word_1_545' title='bbox 1435 3722 1497 3776; x_wconf 87' lang='grc' dir='ltr'>τὸ</span> <span class='ocrx_word' id='word_1_546' title='bbox 1551 3721 1830 3795; x_wconf 72' lang='grc' dir='ltr'>ἓπόμενοψ</span> <span class='ocrx_word' id='word_1_547' title='bbox 1892 3723 2025 3794; x_wconf 77' lang='grc' dir='ltr'>οἷον,</span> 
     </span>
    </p>
   </div>
   <div class='ocr_carea' id='block_1_70' title="bbox 370 3809 2027 3889">
    <p class='ocr_par' dir='ltr' id='par_1_70' title="bbox 370 3809 2027 3889">
     <span class='ocr_line' id='line_1_71' title="bbox 370 3809 2027 3889; baseline 0 -24"><span class='ocrx_word' id='word_1_548' title='bbox 370 3809 717 3886; x_wconf 87' lang='grc' dir='ltr'>Δημόκριτος</span> <span class='ocrx_word' id='word_1_549' title='bbox 773 3810 961 3889; x_wconf 81' lang='grc' dir='ltr'>φεύγει</span> <span class='ocrx_word' id='word_1_550' title='bbox 1028 3811 1166 3884; x_wconf 81' lang='grc' dir='ltr'>πρὸς</span> <span class='ocrx_word' id='word_1_551' title='bbox 1244 3809 1469 3886; x_wconf 75' lang='grc' dir='ltr'>ἔρημον·</span> <span class='ocrx_word' id='word_1_552' title='bbox 1532 3812 1560 3865; x_wconf 90' lang='lat'>6</span> <span class='ocrx_word' id='word_1_553' title='bbox 1621 3810 1829 3889; x_wconf 82' lang='grc' dir='ltr'>φεύγων</span> <span class='ocrx_word' id='word_1_554' title='bbox 1890 3812 2027 3887; x_wconf 85' lang='grc' dir='ltr'>πρὸς</span> 
     </span>
    </p>
   </div>
   <div class='ocr_carea' id='block_1_71' title="bbox 367 3893 2026 3976">
    <p class='ocr_par' dir='ltr' id='par_1_71' title="bbox 367 3893 2026 3976">
     <span class='ocr_line' id='line_1_72' title="bbox 367 3893 2026 3976; baseline 0 -23"><span class='ocrx_word' id='word_1_555' title='bbox 367 3893 580 3975; x_wconf 69' lang='grc' dir='ltr'>ἔρημον</span> <span class='ocrx_word' id='word_1_556' title='bbox 641 3898 905 3974; x_wconf 86' lang='grc' dir='ltr'>μαίνεται.</span> <span class='ocrx_word' id='word_1_557' title='bbox 941 3899 1285 3976; x_wconf 83' lang='grc' dir='ltr'>Δημόκριτος</span> <span class='ocrx_word' id='word_1_558' title='bbox 1347 3897 1452 3976; x_wconf 79' lang='grc' dir='ltr'>ἄρα</span> <span class='ocrx_word' id='word_1_559' title='bbox 1504 3900 1768 3974; x_wconf 72' lang='grc' dir='ltr'>μαῖνεται.</span> <span class='ocrx_word' id='word_1_560' title='bbox 1800 3898 2026 3975; x_wconf 88' lang='grc' dir='ltr'>Λέγεται</span> 
     </span>
    </p>
   </div>
   <div class='ocr_carea' id='block_1_72' title="bbox 364 3984 2024 4065">
    <p class='ocr_par' dir='ltr' id='par_1_72' title="bbox 364 3984 2024 4065">
     <span class='ocr_line' id='line_1_73' title="bbox 364 3984 2024 4065; baseline 0 -21"><span class='ocrx_word' id='word_1_561' title='bbox 364 3984 424 4044; x_wconf 68' lang='grc' dir='ltr'>δὲ</span> <span class='ocrx_word' id='word_1_562' title='bbox 490 3988 638 4065; x_wconf 87' lang='grc' dir='ltr'>παρά</span> <span class='ocrx_word' id='word_1_563' title='bbox 706 3989 769 4044; x_wconf 87' lang='grc' dir='ltr'>τὸ</span> <span class='ocrx_word' id='word_1_564' title='bbox 841 3987 1130 4062; x_wconf 72' lang='grc' dir='ltr'>ἑπόμενον⁷</span> <span class='ocrx_word' id='word_1_565' title='bbox 1183 3986 1402 4065; x_wconf 81' lang='grc' dir='ltr'>ἐπείπερ</span> <span class='ocrx_word' id='word_1_566' title='bbox 1455 3984 1640 4044; x_wconf 70' lang='grc' dir='ltr'>ἕπεται</span> <span class='ocrx_word' id='word_1_567' title='bbox 1694 3993 1773 4060; x_wconf 79' lang='grc' dir='ltr'>τῷ</span> <span class='ocrx_word' id='word_1_568' title='bbox 1837 4009 2024 4062; x_wconf 85' lang='grc' dir='ltr'>μαινο-</span> 
     </span>
    </p>
   </div>
   <div class='ocr_carea' id='block_1_73' title="bbox 370 4074 2028 4155">
    <p class='ocr_par' dir='ltr' id='par_1_73' title="bbox 370 4074 2028 4155">
     <span class='ocr_line' id='line_1_74' title="bbox 370 4074 2028 4155; baseline 0.002 -25"><span class='ocrx_word' id='word_1_569' title='bbox 370 4077 518 4151; x_wconf 87' lang='grc' dir='ltr'>μένῳ</span> <span class='ocrx_word' id='word_1_570' title='bbox 566 4077 632 4132; x_wconf 84' lang='grc' dir='ltr'>τὸ</span> <span class='ocrx_word' id='word_1_571' title='bbox 679 4076 893 4155; x_wconf 77' lang='grc' dir='ltr'>φεύγειν</span> <span class='ocrx_word' id='word_1_572' title='bbox 941 4078 1080 4153; x_wconf 82' lang='grc' dir='ltr'>πρὸς</span> <span class='ocrx_word' id='word_1_573' title='bbox 1132 4074 1358 4154; x_wconf 73' lang='grc' dir='ltr'>ἕρημονο</span> <span class='ocrx_word' id='word_1_574' title='bbox 1407 4076 1555 4147; x_wconf 77' lang='grc' dir='ltr'>πλὴν</span> <span class='ocrx_word' id='word_1_575' title='bbox 1617 4076 1716 4132; x_wconf 86' lang='grc' dir='ltr'>οὐκ</span> <span class='ocrx_word' id='word_1_576' title='bbox 1760 4078 2028 4155; x_wconf 82' lang='grc' dir='ltr'>ἀντιστρέ-</span> 
     </span>
    </p>
   </div>
   <div class='ocr_carea' id='block_1_74' title="bbox 359 4162 2026 4245">
    <p class='ocr_par' dir='ltr' id='par_1_74' title="bbox 359 4162 2026 4245">
     <span class='ocr_line' id='line_1_75' title="bbox 359 4162 2026 4245; baseline 0.001 -24"><span class='ocrx_word' id='word_1_577' title='bbox 359 4186 465 4244; x_wconf 86' lang='grc' dir='ltr'>φει.</span> <span class='ocrx_word' id='word_1_578' title='bbox 499 4164 571 4220; x_wconf 89' lang='grc' dir='ltr'>Οὐ</span> <span class='ocrx_word' id='word_1_579' title='bbox 631 4166 736 4243; x_wconf 80' lang='grc' dir='ltr'>γὰρ</span> <span class='ocrx_word' id='word_1_580' title='bbox 791 4163 845 4221; x_wconf 81' lang='grc' dir='ltr'>εἷ’</span> <span class='ocrx_word' id='word_1_581' title='bbox 893 4186 980 4228; x_wconf 91' lang='grc' dir='ltr'>τις</span> <span class='ocrx_word' id='word_1_582' title='bbox 1036 4165 1218 4245; x_wconf 79' lang='grc' dir='ltr'>φεύγει</span> <span class='ocrx_word' id='word_1_583' title='bbox 1276 4166 1416 4242; x_wconf 82' lang='grc' dir='ltr'>πρὸς</span> <span class='ocrx_word' id='word_1_584' title='bbox 1470 4162 1712 4242; x_wconf 76' lang='grc' dir='ltr'>ἔρημον,</span> <span class='ocrx_word' id='word_1_585' title='bbox 1771 4163 1880 4237; x_wconf 74' lang='grc' dir='ltr'>ἤδη</span> <span class='ocrx_word' id='word_1_586' title='bbox 1936 4169 2026 4222; x_wconf 86' lang='grc' dir='ltr'>καὶ</span> 
     </span>
    </p>
   </div>
   <div class='ocr_carea' id='block_1_75' title="bbox 369 4252 2024 4332">
    <p class='ocr_par' dir='ltr' id='par_1_75' title="bbox 369 4252 2024 4332">
     <span class='ocr_line' id='line_1_76' title="bbox 369 4252 2024 4332; baseline 0 -22"><span class='ocrx_word' id='word_1_587' title='bbox 369 4255 636 4329; x_wconf 84' lang='grc' dir='ltr'>μαίνεται·</span> <span class='ocrx_word' id='word_1_588' title='bbox 698 4252 828 4310; x_wconf 80' lang='grc' dir='ltr'>ἀλλ’</span> <span class='ocrx_word' id='word_1_589' title='bbox 884 4253 1026 4310; x_wconf 73' lang='grc' dir='ltr'>ἔστιν</span> <span class='ocrx_word' id='word_1_590' title='bbox 1074 4256 1135 4319; x_wconf 80' lang='grc' dir='ltr'>ὃς</span> <span class='ocrx_word' id='word_1_591' title='bbox 1180 4259 1287 4310; x_wconf 80' lang='grc' dir='ltr'>τῶν</span> <span class='ocrx_word' id='word_1_592' title='bbox 1364 4255 1715 4332; x_wconf 73' lang='grc' dir='ltr'>ἀνθρωπίνων</span> <span class='ocrx_word' id='word_1_593' title='bbox 1770 4257 2024 4332; x_wconf 87' lang='grc' dir='ltr'>πραγμά-</span> 
     </span>
    </p>
   </div>
   <div class='ocr_carea' id='block_1_76' title="bbox 356 4343 2024 4423">
    <p class='ocr_par' dir='ltr' id='par_1_76' title="bbox 356 4343 2024 4423">
     <span class='ocr_line' id='line_1_77' title="bbox 356 4343 2024 4423; baseline -0.001 -23"><span class='ocrx_word' id='word_1_594' title='bbox 356 4365 468 4401; x_wconf 88' lang='grc' dir='ltr'>των</span> <span class='ocrx_word' id='word_1_595' title='bbox 560 4344 980 4423; x_wconf 79' lang='grc' dir='ltr'>ὑπερφρονήσας</span> <span class='ocrx_word' id='word_1_596' title='bbox 1075 4344 1356 4420; x_wconf 80' lang='grc' dir='ltr'>ἀταραξίαν</span> <span class='ocrx_word' id='word_1_597' title='bbox 1414 4345 1505 4399; x_wconf 84' lang='grc' dir='ltr'>καὶ</span> <span class='ocrx_word' id='word_1_598' title='bbox 1562 4343 1794 4420; x_wconf 81' lang='grc' dir='ltr'>ἡσυχίαν</span> <span class='ocrx_word' id='word_1_599' title='bbox 1855 4350 2024 4421; x_wconf 69' lang='grc' dir='ltr'>ζητεῖ,</span> 
     </span>
    </p>
   </div>
   <div class='ocr_carea' id='block_1_77' title="bbox 361 4429 2023 4510">
    <p class='ocr_par' dir='ltr' id='par_1_77' title="bbox 361 4429 2023 4510">
     <span class='ocr_line' id='line_1_78' title="bbox 361 4429 2023 4510; baseline -0.001 -21"><span class='ocrx_word' id='word_1_600' title='bbox 361 4433 461 4489; x_wconf 80' lang='grc' dir='ltr'>καὶ</span> <span class='ocrx_word' id='word_1_601' title='bbox 497 4430 588 4488; x_wconf 80' lang='grc' dir='ltr'>διὰ</span> <span class='ocrx_word' id='word_1_602' title='bbox 615 4438 776 4489; x_wconf 87' lang='grc' dir='ltr'>τοῦτο</span> <span class='ocrx_word' id='word_1_603' title='bbox 824 4434 961 4510; x_wconf 86' lang='grc' dir='ltr'>πρὸς</span> <span class='ocrx_word' id='word_1_604' title='bbox 1010 4432 1213 4495; x_wconf 87' lang='grc' dir='ltr'>τόπους</span> <span class='ocrx_word' id='word_1_605' title='bbox 1267 4430 1725 4510; x_wconf 86' lang='grc' dir='ltr'>ἀπηλλαγμένους</span> <span class='ocrx_word' id='word_1_606' title='bbox 1780 4429 2023 4507; x_wconf 85' lang='grc' dir='ltr'>θορύϐων</span> 
     </span>
    </p>
   </div>
   <div class='ocr_carea' id='block_1_78' title="bbox 362 4520 2024 4598">
    <p class='ocr_par' dir='ltr' id='par_1_78' title="bbox 362 4520 2024 4598">
     <span class='ocr_line' id='line_1_79' title="bbox 362 4520 2024 4598; baseline 0 -21"><span class='ocrx_word' id='word_1_607' title='bbox 362 4521 662 4598; x_wconf 81' lang='grc' dir='ltr'>ἀναχωρεῖ·</span> <span class='ocrx_word' id='word_1_608' title='bbox 695 4523 876 4584; x_wconf 87' lang='grc' dir='ltr'>καθὼς</span> <span class='ocrx_word' id='word_1_609' title='bbox 908 4522 1000 4576; x_wconf 82' lang='grc' dir='ltr'>καὶ</span> <span class='ocrx_word' id='word_1_610' title='bbox 1041 4523 1069 4575; x_wconf 91' lang='lat'>6</span> <span class='ocrx_word' id='word_1_611' title='bbox 1122 4520 1302 4596; x_wconf 78' lang='grc' dir='ltr'>ἰατρὸς</span> <span class='ocrx_word' id='word_1_612' title='bbox 1361 4520 1726 4596; x_wconf 80' lang='grc' dir='ltr'>Ἱπποκράτης</span> <span class='ocrx_word' id='word_1_613' title='bbox 1786 4523 1814 4575; x_wconf 86' lang='grc' dir='ltr'><strong>ὁ</strong></span> <span class='ocrx_word' id='word_1_614' title='bbox 1872 4526 2024 4585; x_wconf 79' lang='grc' dir='ltr'>Κῶος</span> 
     </span>
    </p>
   </div>
   <div class='ocr_carea' id='block_1_79' title="bbox 366 4608 2025 4688">
    <p class='ocr_par' dir='ltr' id='par_1_79' title="bbox 366 4608 2025 4688">
     <span class='ocr_line' id='line_1_80' title="bbox 366 4608 2025 4688; baseline 0 -22"><span class='ocrx_word' id='word_1_615' title='bbox 366 4609 633 4682; x_wconf 69' lang='grc' dir='ltr'>ἐπέστησε</span> <span class='ocrx_word' id='word_1_616' title='bbox 667 4610 907 4672; x_wconf 89' lang='grc' dir='ltr'>ἀκούσας</span> <span class='ocrx_word' id='word_1_617' title='bbox 969 4608 1051 4665; x_wconf 78' lang='grc' dir='ltr'>ὅτι</span> <span class='ocrx_word' id='word_1_618' title='bbox 1114 4609 1459 4684; x_wconf 87' lang='grc' dir='ltr'>Δημόκριτος</span> <span class='ocrx_word' id='word_1_619' title='bbox 1517 4610 1689 4685; x_wconf 75' lang='grc' dir='ltr'>ἐμάνη</span> <span class='ocrx_word' id='word_1_620' title='bbox 1743 4612 1833 4665; x_wconf 81' lang='grc' dir='ltr'>καὶ</span> <span class='ocrx_word' id='word_1_621' title='bbox 1888 4612 2025 4688; x_wconf 89' lang='grc' dir='ltr'>πρὸς</span> 
     </span>
    </p>
   </div>
   <div class='ocr_carea' id='block_1_80' title="bbox 370 4696 959 4775">
    <p class='ocr_par' dir='ltr' id='par_1_80' title="bbox 370 4696 959 4775">
     <span class='ocr_line' id='line_1_81' title="bbox 370 4696 959 4775; baseline 0 -20"><span class='ocrx_word' id='word_1_622' title='bbox 370 4696 586 4775; x_wconf 79' lang='grc' dir='ltr'>ἔρημον</span> <span class='ocrx_word' id='word_1_623' title='bbox 622 4699 959 4775; x_wconf 80' lang='grc' dir='ltr'>ἀνεχώρησε.</span> 
     </span>
    </p>
   </div>
   <div class='ocr_carea' id='block_1_81' title="bbox 435 4805 2024 4883">
    <p class='ocr_par' dir='ltr' id='par_1_81' title="bbox 435 4805 2024 4883">
     <span class='ocr_line' id='line_1_82' title="bbox 435 4805 2024 4883; baseline -0.001 -20"><span class='ocrx_word' id='word_1_624' title='bbox 435 4813 505 4877; x_wconf 86' lang='grc' dir='ltr'>η’.</span> <span class='ocrx_word' id='word_1_625' title='bbox 535 4806 794 4881; x_wconf 83' lang='grc' dir='ltr'>Πέμπτος</span> <span class='ocrx_word' id='word_1_626' title='bbox 842 4805 1045 4883; x_wconf 88' lang='grc' dir='ltr'>τρόπος</span> <span class='ocrx_word' id='word_1_627' title='bbox 1094 4808 1240 4881; x_wconf 89' lang='grc' dir='ltr'>παρά</span> <span class='ocrx_word' id='word_1_628' title='bbox 1283 4807 1345 4861; x_wconf 86' lang='grc' dir='ltr'>τὸ</span> <span class='ocrx_word' id='word_1_629' title='bbox 1412 4805 1671 4871; x_wconf 79' lang='grc' dir='ltr'>αἰτεῖσθαι</span> <span class='ocrx_word' id='word_1_630' title='bbox 1732 4806 1820 4862; x_wconf 85' lang='grc' dir='ltr'>καὶ</span> <span class='ocrx_word' id='word_1_631' title='bbox 1880 4805 2024 4882; x_wconf 89' lang='grc' dir='ltr'>λαμ-</span> 
     </span>
    </p>
   </div>
   <div class='ocr_carea' id='block_1_82' title="bbox 363 4890 2022 4972">
    <p class='ocr_par' dir='ltr' id='par_1_82' title="bbox 363 4890 2022 4972">
     <span class='ocr_line' id='line_1_83' title="bbox 363 4890 2022 4972; baseline -0.001 -21"><span class='ocrx_word' id='word_1_632' title='bbox 363 4890 542 4951; x_wconf 80' lang='grc' dir='ltr'>ϐάνειν</span> <span class='ocrx_word' id='word_1_633' title='bbox 584 4896 649 4951; x_wconf 86' lang='grc' dir='ltr'>τὸ</span> <span class='ocrx_word' id='word_1_634' title='bbox 695 4894 748 4950; x_wconf 79' lang='grc' dir='ltr'>ἐν</span> <span class='ocrx_word' id='word_1_635' title='bbox 797 4896 968 4972; x_wconf 81' lang='grc' dir='ltr'>ἀρχῇ,</span> <span class='ocrx_word' id='word_1_636' title='bbox 1000 4893 1167 4972; x_wconf 74' lang='grc' dir='ltr'>ἤγουν</span> <span class='ocrx_word' id='word_1_637' title='bbox 1217 4897 1280 4950; x_wconf 89' lang='grc' dir='ltr'>τὸ</span> <span class='ocrx_word' id='word_1_638' title='bbox 1322 4895 1677 4972; x_wconf 86' lang='grc' dir='ltr'>προκείμενον</span> <span class='ocrx_word' id='word_1_639' title='bbox 1724 4896 1801 4959; x_wconf 79' lang='grc' dir='ltr'>εἰς</span> <span class='ocrx_word' id='word_1_640' title='bbox 1862 4893 2022 4967; x_wconf 76' lang='grc' dir='ltr'>δεῖξιν</span> 
     </span>
    </p>
   </div>
   <div class='ocr_carea' id='block_1_83' title="bbox 369 4982 2024 5061">
    <p class='ocr_par' dir='ltr' id='par_1_83' title="bbox 369 4982 2024 5061">
     <span class='ocr_line' id='line_1_84' title="bbox 369 4982 2024 5061; baseline -0.001 -22"><span class='ocrx_word' id='word_1_641' title='bbox 369 4984 576 5049; x_wconf 86' lang='grc' dir='ltr'>τιθέναι</span> <span class='ocrx_word' id='word_1_642' title='bbox 638 4982 819 5060; x_wconf 81' lang='grc' dir='ltr'>ὥσπερ</span> <span class='ocrx_word' id='word_1_643' title='bbox 883 4983 1342 5060; x_wconf 84' lang='grc' dir='ltr'>ὁμολογούμενον·</span> <span class='ocrx_word' id='word_1_644' title='bbox 1405 4987 1542 5057; x_wconf 79' lang='grc' dir='ltr'>οἷον,</span> <span class='ocrx_word' id='word_1_645' title='bbox 1595 4984 1875 5061; x_wconf 87' lang='grc' dir='ltr'>πρόκειται</span> <span class='ocrx_word' id='word_1_646' title='bbox 1948 4984 2024 5047; x_wconf 83' lang='grc' dir='ltr'>εἷς</span> 
     </span>
    </p>
   </div>
   <div class='ocr_carea' id='block_1_84' title="bbox 376 5070 2028 5149">
    <p class='ocr_par' dir='ltr' id='par_1_84' title="bbox 376 5070 2028 5149">
     <span class='ocr_line' id='line_1_85' title="bbox 376 5070 2028 5149; baseline 0 -21"><span class='ocrx_word' id='word_1_647' title='bbox 376 5070 538 5145; x_wconf 82' lang='grc' dir='ltr'>δεῖξιν</span> <span class='ocrx_word' id='word_1_648' title='bbox 592 5074 654 5128; x_wconf 89' lang='lat'>16</span> <span class='ocrx_word' id='word_1_649' title='bbox 709 5075 810 5143; x_wconf 72' lang='grc' dir='ltr'>τήν</span> <span class='ocrx_word' id='word_1_650' title='bbox 856 5074 1041 5149; x_wconf 74' lang='grc' dir='ltr'>ψυχὴν</span> <span class='ocrx_word' id='word_1_651' title='bbox 1098 5072 1231 5128; x_wconf 78' lang='grc' dir='ltr'>εἶναι</span> <span class='ocrx_word' id='word_1_652' title='bbox 1263 5073 1542 5129; x_wconf 88' lang='grc' dir='ltr'>ἀθάνατον.</span> <span class='ocrx_word' id='word_1_653' title='bbox 1574 5074 1742 5129; x_wconf 89' lang='grc' dir='ltr'>Τοῦτό</span> <span class='ocrx_word' id='word_1_654' title='bbox 1798 5073 1908 5129; x_wconf 79' lang='grc' dir='ltr'>ἐστι</span> <span class='ocrx_word' id='word_1_655' title='bbox 1965 5075 2028 5128; x_wconf 87' lang='grc' dir='ltr'>τὸ</span> 
     </span>
    </p>
   </div>
   <div class='ocr_carea' id='block_1_85' title="bbox 366 5160 2024 5240">
    <p class='ocr_par' dir='ltr' id='par_1_85' title="bbox 366 5160 2024 5240">
     <span class='ocr_line' id='line_1_86' title="bbox 366 5160 2024 5240; baseline 0 -23"><span class='ocrx_word' id='word_1_656' title='bbox 366 5160 418 5217; x_wconf 72' lang='grc' dir='ltr'>ἐν</span> <span class='ocrx_word' id='word_1_657' title='bbox 449 5161 624 5239; x_wconf 78' lang='grc' dir='ltr'>ἀρχῇ,</span> <span class='ocrx_word' id='word_1_658' title='bbox 654 5162 717 5217; x_wconf 88' lang='lat'>16</span> <span class='ocrx_word' id='word_1_659' title='bbox 745 5161 1188 5240; x_wconf 83' lang='grc' dir='ltr'>προηγούμενον,</span> <span class='ocrx_word' id='word_1_660' title='bbox 1218 5160 1287 5217; x_wconf 88' lang='grc' dir='ltr'>δι’</span> <span class='ocrx_word' id='word_1_661' title='bbox 1327 5163 1357 5218; x_wconf 78' lang='grc' dir='ltr'><strong>’ὀ</strong></span> <span class='ocrx_word' id='word_1_662' title='bbox 1415 5162 1623 5239; x_wconf 88' lang='grc' dir='ltr'>γίνεται</span> <span class='ocrx_word' id='word_1_663' title='bbox 1680 5164 1708 5217; x_wconf 86' lang='grc' dir='ltr'>ὁ</span> <span class='ocrx_word' id='word_1_664' title='bbox 1763 5160 2024 5240; x_wconf 88' lang='grc' dir='ltr'>συλλογι-</span> 
     </span>
    </p>
   </div>
   <div class='ocr_carea' id='block_1_86' title="bbox 370 5247 2024 5331">
    <p class='ocr_par' dir='ltr' id='par_1_86' title="bbox 370 5247 2024 5331">
     <span class='ocr_line' id='line_1_87' title="bbox 370 5247 2024 5331; baseline 0.001 -25"><span class='ocrx_word' id='word_1_665' title='bbox 370 5251 532 5326; x_wconf 85' lang='grc' dir='ltr'>σμός.</span> <span class='ocrx_word' id='word_1_666' title='bbox 564 5247 639 5307; x_wconf 77' lang='lat' dir='ltr'>E’t’</span> <span class='ocrx_word' id='word_1_667' title='bbox 682 5273 766 5315; x_wconf 87' lang='grc' dir='ltr'>τις</span> <span class='ocrx_word' id='word_1_668' title='bbox 823 5248 915 5307; x_wconf 81' lang='grc' dir='ltr'>οὗν</span> <span class='ocrx_word' id='word_1_669' title='bbox 976 5248 1141 5308; x_wconf 58' lang='grc' dir='ltr'>εἱίποι.</span> <span class='ocrx_word' id='word_1_670' title='bbox 1174 5251 1256 5307; x_wconf 76' lang='grc' dir='ltr'>ὅτι</span> <span class='ocrx_word' id='word_1_671' title='bbox 1287 5252 1350 5308; x_wconf 90' lang='grc' dir='ltr'>Ἡ</span> <span class='ocrx_word' id='word_1_672' title='bbox 1407 5254 1558 5330; x_wconf 77' lang='grc' dir='ltr'>ψυχὴ</span> <span class='ocrx_word' id='word_1_673' title='bbox 1617 5250 1904 5331; x_wconf 79' lang='grc' dir='ltr'>ἄφθαρτος·</span> <span class='ocrx_word' id='word_1_674' title='bbox 1961 5254 2024 5308; x_wconf 87' lang='grc' dir='ltr'>τὸ</span> 
     </span>
    </p>
   </div>
   <div class='ocr_carea' id='block_1_87' title="bbox 370 5339 2018 5420">
    <p class='ocr_par' dir='ltr' id='par_1_87' title="bbox 370 5339 2018 5420">
     <span class='ocr_line' id='line_1_88' title="bbox 370 5339 2018 5420; baseline -0.002 -23"><span class='ocrx_word' id='word_1_675' title='bbox 370 5339 640 5420; x_wconf 72' lang='grc' dir='ltr'>ἄφθαρτον</span> <span class='ocrx_word' id='word_1_676' title='bbox 691 5341 971 5406; x_wconf 88' lang='grc' dir='ltr'>ἀθάνατον·</span> <span class='ocrx_word' id='word_1_677' title='bbox 1023 5343 1058 5411; x_wconf 81' lang='grc' dir='ltr'>ἡ</span> <span class='ocrx_word' id='word_1_678' title='bbox 1117 5343 1271 5416; x_wconf 73' lang='grc' dir='ltr'>ψυχὴ</span> <span class='ocrx_word' id='word_1_679' title='bbox 1347 5339 1449 5419; x_wconf 80' lang='grc' dir='ltr'>ἄρα</span> <span class='ocrx_word' id='word_1_680' title='bbox 1518 5342 1800 5407; x_wconf 55' lang='grc' dir='ltr'>ἀθάνατος</span> <span class='ocrx_word' id='word_1_681' title='bbox 1862 5342 2018 5397; x_wconf 81' lang='grc' dir='ltr'>οὗτος</span> 
     </span>
    </p>
   </div>
   <div class='ocr_carea' id='block_1_88' title="bbox 363 5424 2018 5506">
    <p class='ocr_par' dir='ltr' id='par_1_88' title="bbox 363 5424 2018 5506">
     <span class='ocr_line' id='line_1_89' title="bbox 363 5424 2018 5506; baseline -0.001 -21"><span class='ocrx_word' id='word_1_682' title='bbox 363 5428 594 5485; x_wconf 73' lang='grc' dir='ltr'>αἰτεῖται</span> <span class='ocrx_word' id='word_1_683' title='bbox 656 5430 749 5485; x_wconf 85' lang='grc' dir='ltr'>καὶ</span> <span class='ocrx_word' id='word_1_684' title='bbox 808 5424 1073 5503; x_wconf 86' lang='grc' dir='ltr'>λαμϐάνει</span> <span class='ocrx_word' id='word_1_685' title='bbox 1130 5429 1193 5483; x_wconf 85' lang='grc' dir='ltr'>τὸ</span> <span class='ocrx_word' id='word_1_686' title='bbox 1246 5428 1298 5484; x_wconf 78' lang='grc' dir='ltr'>ἐν</span> <span class='ocrx_word' id='word_1_687' title='bbox 1352 5430 1501 5506; x_wconf 80' lang='grc' dir='ltr'>ἀρχῇ</span> <span class='ocrx_word' id='word_1_688' title='bbox 1539 5430 1603 5485; x_wconf 90' lang='grc' dir='ltr'>τὸ</span> <span class='ocrx_word' id='word_1_689' title='bbox 1664 5431 2018 5503; x_wconf 80' lang='grc' dir='ltr'>ζητούμενονο</span> 
     </span>
    </p>
   </div>
   <div class='ocr_carea' id='block_1_89' title="bbox 359 5515 2016 5595">
    <p class='ocr_par' dir='ltr' id='par_1_89' title="bbox 359 5515 2016 5595">
     <span class='ocr_line' id='line_1_90' title="bbox 359 5515 2016 5595; baseline 0.001 -23"><span class='ocrx_word' id='word_1_690' title='bbox 359 5515 497 5573; x_wconf 74' lang='grc' dir='ltr'>Οὐδὲ</span> <span class='ocrx_word' id='word_1_691' title='bbox 540 5520 644 5595; x_wconf 81' lang='grc' dir='ltr'>γὰρ</span> <span class='ocrx_word' id='word_1_692' title='bbox 698 5515 983 5594; x_wconf 78' lang='grc' dir='ltr'>διενήνοχε</span> <span class='ocrx_word' id='word_1_693' title='bbox 1018 5520 1116 5573; x_wconf 89' lang='grc' dir='ltr'>τοῦ</span> <span class='ocrx_word' id='word_1_694' title='bbox 1161 5517 1425 5573; x_wconf 82' lang='grc' dir='ltr'>ἀθανάτου</span> <span class='ocrx_word' id='word_1_695' title='bbox 1470 5519 1607 5574; x_wconf 88' lang='grc' dir='ltr'>κατά</span> <span class='ocrx_word' id='word_1_696' title='bbox 1670 5520 1768 5588; x_wconf 80' lang='grc' dir='ltr'>τήν</span> <span class='ocrx_word' id='word_1_697' title='bbox 1835 5540 2016 5591; x_wconf 78' lang='grc' dir='ltr'>σημα-</span> 
     </span>
    </p>
   </div>
   <div class='ocr_carea' id='block_1_90' title="bbox 369 5604 2010 5685">
    <p class='ocr_par' dir='ltr' id='par_1_90' title="bbox 369 5604 2010 5685">
     <span class='ocr_line' id='line_1_91' title="bbox 369 5604 2010 5685; baseline 0 -25"><span class='ocrx_word' id='word_1_698' title='bbox 369 5605 485 5662; x_wconf 84' lang='grc' dir='ltr'>σίαν</span> <span class='ocrx_word' id='word_1_699' title='bbox 513 5608 579 5663; x_wconf 85' lang='grc' dir='ltr'>τὸ</span> <span class='ocrx_word' id='word_1_700' title='bbox 610 5604 901 5685; x_wconf 76' lang='grc' dir='ltr'>ἄφθαρτον,</span> <span class='ocrx_word' id='word_1_701' title='bbox 937 5607 982 5661; x_wconf 76' lang='grc' dir='ltr'>εἰ</span> <span class='ocrx_word' id='word_1_702' title='bbox 1017 5608 1093 5681; x_wconf 82' lang='grc' dir='ltr'>μή</span> <span class='ocrx_word' id='word_1_703' title='bbox 1142 5608 1276 5662; x_wconf 84' lang='grc' dir='ltr'>κατά</span> <span class='ocrx_word' id='word_1_704' title='bbox 1328 5607 1496 5681; x_wconf 84' lang='grc' dir='ltr'>μόνην</span> <span class='ocrx_word' id='word_1_705' title='bbox 1554 5610 1656 5677; x_wconf 75' lang='grc' dir='ltr'>τὴν</span> <span class='ocrx_word' id='word_1_706' title='bbox 1709 5609 2010 5685; x_wconf 85' lang='grc' dir='ltr'>προφοράν.</span> 
     </span>
    </p>
   </div>
   <div class='ocr_carea' id='block_1_91' title="bbox 349 5694 2007 5774">
    <p class='ocr_par' dir='ltr' id='par_1_91' title="bbox 349 5694 2007 5774">
     <span class='ocr_line' id='line_1_92' title="bbox 349 5694 2007 5774; baseline 0 -24"><span class='ocrx_word' id='word_1_707' title='bbox 349 5696 523 5751; x_wconf 86' lang='grc' dir='ltr'>Τουτὸ</span> <span class='ocrx_word' id='word_1_708' title='bbox 558 5696 664 5772; x_wconf 83' lang='grc' dir='ltr'>γάρ</span> <span class='ocrx_word' id='word_1_709' title='bbox 694 5696 832 5751; x_wconf 86' lang='grc' dir='ltr'>κατά</span> <span class='ocrx_word' id='word_1_710' title='bbox 856 5697 958 5765; x_wconf 82' lang='grc' dir='ltr'>τὴν</span> <span class='ocrx_word' id='word_1_711' title='bbox 996 5694 1200 5751; x_wconf 83' lang='grc' dir='ltr'>ἔννοιαν</span> <span class='ocrx_word' id='word_1_712' title='bbox 1254 5695 1511 5761; x_wconf 88' lang='grc' dir='ltr'>ἀθάνατόν</span> <span class='ocrx_word' id='word_1_713' title='bbox 1560 5719 1621 5751; x_wconf 89' lang='grc' dir='ltr'>τε</span> <span class='ocrx_word' id='word_1_714' title='bbox 1658 5697 1749 5751; x_wconf 82' lang='grc' dir='ltr'>καὶ</span> <span class='ocrx_word' id='word_1_715' title='bbox 1806 5695 2007 5774; x_wconf 77' lang='grc' dir='ltr'>ἄφθαρ-</span> 
     </span>
    </p>
   </div>
   <div class='ocr_carea' id='block_1_92' title="bbox 2138 3450 3785 3529">
    <p class='ocr_par' dir='ltr' id='par_1_92' title="bbox 2138 3450 3785 3529">
     <span class='ocr_line' id='line_1_93' title="bbox 2138 3450 3785 3529; baseline -0.004 -17"><span class='ocrx_word' id='word_1_716' title='bbox 2138 3458 2210 3512; x_wconf 91' lang='lat' dir='ltr'>ad</span> <span class='ocrx_word' id='word_1_717' title='bbox 2243 3457 2402 3512; x_wconf 85' lang='lat' dir='ltr'>aliud</span> <span class='ocrx_word' id='word_1_718' title='bbox 2434 3461 2610 3529; x_wconf 90' lang='lat' dir='ltr'>atque</span> <span class='ocrx_word' id='word_1_719' title='bbox 2639 3454 3003 3528; x_wconf 88' lang='lat' dir='ltr'>aliud.Atqui</span> <span class='ocrx_word' id='word_1_720' title='bbox 3032 3454 3233 3511; x_wconf 89' lang='lat' dir='ltr'>decem</span> <span class='ocrx_word' id='word_1_721' title='bbox 3264 3453 3335 3509; x_wconf 92' lang='lat' dir='ltr'>ad</span> <span class='ocrx_word' id='word_1_722' title='bbox 3366 3450 3625 3525; x_wconf 91' lang='lat' dir='ltr'>quinque</span> <span class='ocrx_word' id='word_1_723' title='bbox 3655 3450 3785 3523; x_wconf 90' lang='lat' dir='ltr'>qui-</span> 
     </span>
    </p>
   </div>
   <div class='ocr_carea' id='block_1_93' title="bbox 2136 3539 3786 3619">
    <p class='ocr_par' dir='ltr' id='par_1_93' title="bbox 2136 3539 3786 3619">
     <span class='ocr_line' id='line_1_94' title="bbox 2136 3539 3786 3619; baseline -0.004 -17"><span class='ocrx_word' id='word_1_724' title='bbox 2136 3547 2266 3602; x_wconf 89' lang='lat' dir='ltr'>dem</span> <span class='ocrx_word' id='word_1_725' title='bbox 2300 3544 2519 3619; x_wconf 84' lang='lat' dir='ltr'>dupla;</span> <span class='ocrx_word' id='word_1_726' title='bbox 2551 3546 2623 3601; x_wconf 92' lang='lat' dir='ltr'>ad</span> <span class='ocrx_word' id='word_1_727' title='bbox 2656 3545 2835 3601; x_wconf 90' lang='lat' dir='ltr'>alium</span> <span class='ocrx_word' id='word_1_728' title='bbox 2867 3547 3066 3600; x_wconf 90' lang='lat' dir='ltr'>autem</span> <span class='ocrx_word' id='word_1_729' title='bbox 3096 3557 3406 3599; x_wconf 87' lang='lat' dir='ltr'>numerum</span> <span class='ocrx_word' id='word_1_730' title='bbox 3436 3556 3554 3596; x_wconf 91' lang='lat' dir='ltr'>non</span> <span class='ocrx_word' id='word_1_731' title='bbox 3604 3539 3786 3613; x_wconf 91' lang='lat' dir='ltr'>dupla</span> 
     </span>
    </p>
   </div>
   <div class='ocr_carea' id='block_1_94' title="bbox 2136 3635 2435 3691">
    <p class='ocr_par' dir='ltr' id='par_1_94' title="bbox 2136 3635 2435 3691">
     <span class='ocr_line' id='line_1_95' title="bbox 2136 3635 2435 3691; baseline -0.003 0"><span class='ocrx_word' id='word_1_732' title='bbox 2136 3635 2435 3691; x_wconf 88' lang='lat' dir='ltr'>dicuntur.</span> 
     </span>
    </p>
   </div>
   <div class='ocr_carea' id='block_1_95' title="bbox 2207 3718 3784 3791">
    <p class='ocr_par' dir='ltr' id='par_1_95' title="bbox 2207 3718 3784 3791">
     <span class='ocr_line' id='line_1_96' title="bbox 2207 3718 3784 3791; baseline -0.004 -12"><span class='ocrx_word' id='word_1_733' title='bbox 2207 3726 2262 3780; x_wconf 89' lang='lat'>7.</span> <span class='ocrx_word' id='word_1_734' title='bbox 2295 3727 2549 3791; x_wconf 89' lang='lat' dir='ltr'>Quartus</span> <span class='ocrx_word' id='word_1_735' title='bbox 2595 3724 2807 3780; x_wconf 91' lang='lat' dir='ltr'>modus</span> <span class='ocrx_word' id='word_1_736' title='bbox 2837 3726 2927 3779; x_wconf 91' lang='lat' dir='ltr'>est</span> <span class='ocrx_word' id='word_1_737' title='bbox 2973 3738 3043 3778; x_wconf 84' lang='lat' dir='ltr'>ex</span> <span class='ocrx_word' id='word_1_738' title='bbox 3087 3724 3502 3791; x_wconf 90' lang='lat' dir='ltr'>consequente,</span> <span class='ocrx_word' id='word_1_739' title='bbox 3533 3718 3784 3790; x_wconf 81' lang='lat' dir='ltr'>exempli</span> 
     </span>
    </p>
   </div>
   <div class='ocr_carea' id='block_1_96' title="bbox 2136 3807 3784 3886">
    <p class='ocr_par' dir='ltr' id='par_1_96' title="bbox 2136 3807 3784 3886">
     <span class='ocr_line' id='line_1_97' title="bbox 2136 3807 3784 3886; baseline -0.005 -16"><span class='ocrx_word' id='word_1_740' title='bbox 2136 3814 2743 3886; x_wconf 82' lang='lat' dir='ltr'>gratiazDemocritus</span> <span class='ocrx_word' id='word_1_741' title='bbox 2775 3813 2925 3885; x_wconf 91' lang='lat' dir='ltr'>fugit</span> <span class='ocrx_word' id='word_1_742' title='bbox 2953 3812 3025 3867; x_wconf 91' lang='lat' dir='ltr'>ad</span> <span class='ocrx_word' id='word_1_743' title='bbox 3057 3812 3352 3866; x_wconf 87' lang='lat' dir='ltr'>desertum</span> <span class='ocrx_word' id='word_1_744' title='bbox 3376 3808 3508 3881; x_wconf 87' lang='lat' dir='ltr'>;qui</span> <span class='ocrx_word' id='word_1_745' title='bbox 3541 3807 3691 3880; x_wconf 84' lang='lat' dir='ltr'>fugit</span> <span class='ocrx_word' id='word_1_746' title='bbox 3710 3808 3784 3863; x_wconf 90' lang='lat' dir='ltr'>ad</span> 
     </span>
    </p>
   </div>
   <div class='ocr_carea' id='block_1_97' title="bbox 2137 3894 3787 3971">
    <p class='ocr_par' dir='ltr' id='par_1_97' title="bbox 2137 3894 3787 3971">
     <span class='ocr_line' id='line_1_98' title="bbox 2137 3894 3787 3971; baseline -0.005 -13"><span class='ocrx_word' id='word_1_747' title='bbox 2137 3902 2687 3971; x_wconf 88' lang='lat' dir='ltr'>desertum,insanit</span> <span class='ocrx_word' id='word_1_748' title='bbox 2711 3920 2724 3971; x_wconf 91' lang='lat'><strong>;</strong></span> <span class='ocrx_word' id='word_1_749' title='bbox 2752 3899 3118 3957; x_wconf 87' lang='lat' dir='ltr'>Democritus</span> <span class='ocrx_word' id='word_1_750' title='bbox 3148 3915 3285 3971; x_wconf 90' lang='lat' dir='ltr'>ergo</span> <span class='ocrx_word' id='word_1_751' title='bbox 3316 3894 3787 3953; x_wconf 82' lang='lat' dir='ltr'>insanit.Dicitur</span> 
     </span>
    </p>
   </div>
   <div class='ocr_carea' id='block_1_98' title="bbox 2137 3984 3786 4063">
    <p class='ocr_par' dir='ltr' id='par_1_98' title="bbox 2137 3984 3786 4063">
     <span class='ocr_line' id='line_1_99' title="bbox 2137 3984 3786 4063; baseline -0.006 -15"><span class='ocrx_word' id='word_1_752' title='bbox 2137 3997 2336 4047; x_wconf 91' lang='lat' dir='ltr'>autem</span> <span class='ocrx_word' id='word_1_753' title='bbox 2370 4009 2439 4047; x_wconf 80' lang='lat' dir='ltr'>ex</span> <span class='ocrx_word' id='word_1_754' title='bbox 2460 3989 3159 4063; x_wconf 82' lang='lat' dir='ltr'>consequente,quoniam</span> <span class='ocrx_word' id='word_1_755' title='bbox 3181 3986 3571 4042; x_wconf 88' lang='lat' dir='ltr'>insanientem</span> <span class='ocrx_word' id='word_1_756' title='bbox 3593 3984 3786 4056; x_wconf 90' lang='lat' dir='ltr'>sequi-</span> 
     </span>
    </p>
   </div>
   <div class='ocr_carea' id='block_1_99' title="bbox 2136 4071 3784 4151">
    <p class='ocr_par' dir='ltr' id='par_1_99' title="bbox 2136 4071 3784 4151">
     <span class='ocr_line' id='line_1_100' title="bbox 2136 4071 3784 4151; baseline -0.005 -16"><span class='ocrx_word' id='word_1_757' title='bbox 2136 4083 2234 4135; x_wconf 89' lang='lat' dir='ltr'>tur</span> <span class='ocrx_word' id='word_1_758' title='bbox 2263 4081 2462 4151; x_wconf 89' lang='lat' dir='ltr'>fugere</span> <span class='ocrx_word' id='word_1_759' title='bbox 2492 4080 2563 4135; x_wconf 82' lang='lat' dir='ltr'>ad</span> <span class='ocrx_word' id='word_1_760' title='bbox 2598 4079 3346 4134; x_wconf 78' lang='lat' dir='ltr'>desertumzverumtamen</span> <span class='ocrx_word' id='word_1_761' title='bbox 3366 4089 3481 4129; x_wconf 90' lang='lat' dir='ltr'>non</span> <span class='ocrx_word' id='word_1_762' title='bbox 3503 4071 3784 4128; x_wconf 87' lang='lat' dir='ltr'>converti-</span> 
     </span>
    </p>
   </div>
   <div class='ocr_carea' id='block_1_100' title="bbox 2138 4158 3781 4238">
    <p class='ocr_par' dir='ltr' id='par_1_100' title="bbox 2138 4158 3781 4238">
     <span class='ocr_line' id='line_1_101' title="bbox 2138 4158 3781 4238; baseline -0.005 -15"><span class='ocrx_word' id='word_1_763' title='bbox 2138 4172 2383 4223; x_wconf 90' lang='lat' dir='ltr'>tur.Non</span> <span class='ocrx_word' id='word_1_764' title='bbox 2416 4166 2573 4223; x_wconf 87' lang='lat' dir='ltr'>enim</span> <span class='ocrx_word' id='word_1_765' title='bbox 2606 4166 2656 4222; x_wconf 91' lang='lat' dir='ltr'>si</span> <span class='ocrx_word' id='word_1_766' title='bbox 2686 4166 2819 4238; x_wconf 90' lang='lat' dir='ltr'>quis</span> <span class='ocrx_word' id='word_1_767' title='bbox 2849 4165 2922 4220; x_wconf 84' lang='lat' dir='ltr'>ad</span> <span class='ocrx_word' id='word_1_768' title='bbox 2955 4165 3252 4220; x_wconf 87' lang='lat' dir='ltr'>desertum</span> <span class='ocrx_word' id='word_1_769' title='bbox 3283 4160 3575 4234; x_wconf 83' lang='lat' dir='ltr'>fugit,jam</span> <span class='ocrx_word' id='word_1_770' title='bbox 3604 4158 3781 4215; x_wconf 86' lang='lat' dir='ltr'>etiam</span> 
     </span>
    </p>
   </div>
   <div class='ocr_carea' id='block_1_101' title="bbox 2138 4248 3783 4326">
    <p class='ocr_par' dir='ltr' id='par_1_101' title="bbox 2138 4248 3783 4326">
     <span class='ocr_line' id='line_1_102' title="bbox 2138 4248 3783 4326; baseline -0.006 -13"><span class='ocrx_word' id='word_1_771' title='bbox 2138 4257 2394 4325; x_wconf 87' lang='lat' dir='ltr'>insanit;</span> <span class='ocrx_word' id='word_1_772' title='bbox 2430 4257 2531 4311; x_wconf 91' lang='lat' dir='ltr'>sed</span> <span class='ocrx_word' id='word_1_773' title='bbox 2562 4260 2653 4311; x_wconf 90' lang='lat' dir='ltr'>est</span> <span class='ocrx_word' id='word_1_774' title='bbox 2681 4254 2916 4326; x_wconf 84' lang='lat' dir='ltr'>aliquis,</span> <span class='ocrx_word' id='word_1_775' title='bbox 2936 4252 3037 4324; x_wconf 90' lang='lat' dir='ltr'>qui</span> <span class='ocrx_word' id='word_1_776' title='bbox 3067 4252 3243 4307; x_wconf 87' lang='lat' dir='ltr'>rebus</span> <span class='ocrx_word' id='word_1_777' title='bbox 3270 4249 3548 4306; x_wconf 87' lang='lat' dir='ltr'>humanis</span> <span class='ocrx_word' id='word_1_778' title='bbox 3577 4248 3783 4320; x_wconf 89' lang='lat' dir='ltr'>despe-</span> 
     </span>
    </p>
   </div>
   <div class='ocr_carea' id='block_1_102' title="bbox 2138 4335 3787 4417">
    <p class='ocr_par' dir='ltr' id='par_1_102' title="bbox 2138 4335 3787 4417">
     <span class='ocr_line' id='line_1_103' title="bbox 2138 4335 3787 4417; baseline -0.006 -16"><span class='ocrx_word' id='word_1_779' title='bbox 2138 4347 2271 4415; x_wconf 87' lang='lat' dir='ltr'>ctis,</span> <span class='ocrx_word' id='word_1_780' title='bbox 2322 4344 2905 4417; x_wconf 86' lang='lat' dir='ltr'>imperturbationem</span> <span class='ocrx_word' id='word_1_781' title='bbox 2952 4347 3011 4398; x_wconf 93' lang='lat' dir='ltr'>et</span> <span class='ocrx_word' id='word_1_782' title='bbox 3052 4338 3533 4412; x_wconf 85' lang='lat' dir='ltr'>tranquillitatem</span> <span class='ocrx_word' id='word_1_783' title='bbox 3575 4335 3787 4409; x_wconf 73' lang='lat' dir='ltr'>quaerit</span> 
     </span>
    </p>
   </div>
   <div class='ocr_carea' id='block_1_103' title="bbox 2137 4426 3782 4508">
    <p class='ocr_par' dir='ltr' id='par_1_103' title="bbox 2137 4426 3782 4508">
     <span class='ocr_line' id='line_1_104' title="bbox 2137 4426 3782 4508; baseline -0.007 -17"><span class='ocrx_word' id='word_1_784' title='bbox 2137 4440 2195 4491; x_wconf 93' lang='lat' dir='ltr'>et</span> <span class='ocrx_word' id='word_1_785' title='bbox 2225 4440 2530 4508; x_wconf 88' lang='lat' dir='ltr'>propterea</span> <span class='ocrx_word' id='word_1_786' title='bbox 2559 4434 2631 4489; x_wconf 91' lang='lat' dir='ltr'>ad</span> <span class='ocrx_word' id='word_1_787' title='bbox 2665 4435 2791 4489; x_wconf 91' lang='lat' dir='ltr'>loca</span> <span class='ocrx_word' id='word_1_788' title='bbox 2810 4449 2845 4487; x_wconf 92' lang='lat' dir='ltr'>a</span> <span class='ocrx_word' id='word_1_789' title='bbox 2872 4430 3229 4488; x_wconf 89' lang='lat' dir='ltr'>tumultibus</span> <span class='ocrx_word' id='word_1_790' title='bbox 3258 4428 3505 4485; x_wconf 89' lang='lat' dir='ltr'>liberata</span> <span class='ocrx_word' id='word_1_791' title='bbox 3532 4426 3782 4494; x_wconf 87' lang='lat' dir='ltr'>secedit;</span> 
     </span>
    </p>
   </div>
   <div class='ocr_carea' id='block_1_104' title="bbox 2137 4514 3784 4595">
    <p class='ocr_par' dir='ltr' id='par_1_104' title="bbox 2137 4514 3784 4595">
     <span class='ocr_line' id='line_1_105' title="bbox 2137 4514 3784 4595; baseline -0.005 -15"><span class='ocrx_word' id='word_1_792' title='bbox 2137 4523 2639 4595; x_wconf 86' lang='lat' dir='ltr'>quemadmodum</span> <span class='ocrx_word' id='word_1_793' title='bbox 2689 4523 2867 4578; x_wconf 89' lang='lat' dir='ltr'>etiam</span> <span class='ocrx_word' id='word_1_794' title='bbox 2898 4521 3163 4576; x_wconf 88' lang='lat' dir='ltr'>medicus</span> <span class='ocrx_word' id='word_1_795' title='bbox 3210 4518 3586 4590; x_wconf 86' lang='lat' dir='ltr'>Hippocrates</span> <span class='ocrx_word' id='word_1_796' title='bbox 3629 4514 3784 4571; x_wconf 84' lang='lat' dir='ltr'>Cous</span> 
     </span>
    </p>
   </div>
   <div class='ocr_carea' id='block_1_105' title="bbox 2135 4603 3781 4684">
    <p class='ocr_par' dir='ltr' id='par_1_105' title="bbox 2135 4603 3781 4684">
     <span class='ocr_line' id='line_1_106' title="bbox 2135 4603 3781 4684; baseline -0.006 -16"><span class='ocrx_word' id='word_1_797' title='bbox 2135 4612 2370 4679; x_wconf 87' lang='lat' dir='ltr'>institit,</span> <span class='ocrx_word' id='word_1_798' title='bbox 2404 4618 2717 4684; x_wconf 89' lang='lat' dir='ltr'>postquam</span> <span class='ocrx_word' id='word_1_799' title='bbox 2773 4609 2995 4666; x_wconf 90' lang='lat' dir='ltr'>audivit</span> <span class='ocrx_word' id='word_1_800' title='bbox 3023 4607 3417 4665; x_wconf 87' lang='lat' dir='ltr'>Democritum</span> <span class='ocrx_word' id='word_1_801' title='bbox 3448 4603 3781 4671; x_wconf 88' lang='lat' dir='ltr'>insaniisse,</span> 
     </span>
    </p>
   </div>
   <div class='ocr_carea' id='block_1_106' title="bbox 2137 4701 2981 4759">
    <p class='ocr_par' dir='ltr' id='par_1_106' title="bbox 2137 4701 2981 4759">
     <span class='ocr_line' id='line_1_107' title="bbox 2137 4701 2981 4759; baseline -0.005 0"><span class='ocrx_word' id='word_1_802' title='bbox 2137 4707 2194 4759; x_wconf 87' lang='lat' dir='ltr'>et</span> <span class='ocrx_word' id='word_1_803' title='bbox 2223 4702 2295 4758; x_wconf 89' lang='lat' dir='ltr'>ad</span> <span class='ocrx_word' id='word_1_804' title='bbox 2326 4702 2621 4757; x_wconf 90' lang='lat' dir='ltr'>desertum</span> <span class='ocrx_word' id='word_1_805' title='bbox 2649 4701 2981 4757; x_wconf 85' lang='lat' dir='ltr'>secessisse.</span> 
     </span>
    </p>
   </div>
   <div class='ocr_carea' id='block_1_107' title="bbox 2204 4800 3782 4877">
    <p class='ocr_par' dir='ltr' id='par_1_107' title="bbox 2204 4800 3782 4877">
     <span class='ocr_line' id='line_1_108' title="bbox 2204 4800 3782 4877; baseline -0.005 -14"><span class='ocrx_word' id='word_1_806' title='bbox 2204 4809 2259 4865; x_wconf 91' lang='lat'>8.</span> <span class='ocrx_word' id='word_1_807' title='bbox 2292 4808 2543 4875; x_wconf 84' lang='lat' dir='ltr'>Quintus</span> <span class='ocrx_word' id='word_1_808' title='bbox 2593 4809 2805 4863; x_wconf 90' lang='lat' dir='ltr'>modus</span> <span class='ocrx_word' id='word_1_809' title='bbox 2834 4811 2924 4863; x_wconf 89' lang='lat' dir='ltr'>est</span> <span class='ocrx_word' id='word_1_810' title='bbox 2953 4823 3023 4862; x_wconf 87' lang='lat' dir='ltr'>ex</span> <span class='ocrx_word' id='word_1_811' title='bbox 3072 4822 3158 4877; x_wconf 87' lang='lat' dir='ltr'>eo,</span> <span class='ocrx_word' id='word_1_812' title='bbox 3192 4805 3347 4877; x_wconf 90' lang='lat' dir='ltr'>quod</span> <span class='ocrx_word' id='word_1_813' title='bbox 3381 4802 3524 4876; x_wconf 92' lang='lat' dir='ltr'>petit</span> <span class='ocrx_word' id='word_1_814' title='bbox 3568 4800 3782 4873; x_wconf 86' lang='lat' dir='ltr'>aliquis</span> 
     </span>
    </p>
   </div>
   <div class='ocr_carea' id='block_1_108' title="bbox 2134 4889 3782 4970">
    <p class='ocr_par' dir='ltr' id='par_1_108' title="bbox 2134 4889 3782 4970">
     <span class='ocr_line' id='line_1_109' title="bbox 2134 4889 3782 4970; baseline -0.005 -17"><span class='ocrx_word' id='word_1_815' title='bbox 2134 4900 2193 4953; x_wconf 87' lang='lat' dir='ltr'>et</span> <span class='ocrx_word' id='word_1_816' title='bbox 2221 4896 2452 4970; x_wconf 90' lang='lat' dir='ltr'>accipit,</span> <span class='ocrx_word' id='word_1_817' title='bbox 2485 4896 2640 4953; x_wconf 73' lang='lat'>882</span> <span class='ocrx_word' id='word_1_818' title='bbox 2689 4896 2749 4952; x_wconf 89' lang='lat' dir='ltr'>id</span> <span class='ocrx_word' id='word_1_819' title='bbox 2782 4897 2937 4968; x_wconf 89' lang='lat' dir='ltr'>quod</span> <span class='ocrx_word' id='word_1_820' title='bbox 2968 4896 3029 4951; x_wconf 92' lang='lat' dir='ltr'>in</span> <span class='ocrx_word' id='word_1_821' title='bbox 3060 4892 3344 4968; x_wconf 88' lang='lat' dir='ltr'>principio</span> <span class='ocrx_word' id='word_1_822' title='bbox 3386 4895 3476 4949; x_wconf 91' lang='lat' dir='ltr'>est</span> <span class='ocrx_word' id='word_1_823' title='bbox 3502 4889 3782 4964; x_wconf 89' lang='lat' dir='ltr'>positum,</span> 
     </span>
    </p>
   </div>
   <div class='ocr_carea' id='block_1_109' title="bbox 2140 4981 3787 5058">
    <p class='ocr_par' dir='ltr' id='par_1_109' title="bbox 2140 4981 3787 5058">
     <span class='ocr_line' id='line_1_110' title="bbox 2140 4981 3787 5058; baseline -0.004 -16"><span class='ocrx_word' id='word_1_824' title='bbox 2140 4986 2251 5043; x_wconf 88' lang='lat' dir='ltr'>hoc</span> <span class='ocrx_word' id='word_1_825' title='bbox 2280 4991 2369 5043; x_wconf 87' lang='lat' dir='ltr'>est</span> <span class='ocrx_word' id='word_1_826' title='bbox 2396 5003 2463 5043; x_wconf 86' lang='lat' dir='ltr'>ex</span> <span class='ocrx_word' id='word_1_827' title='bbox 2484 5003 2549 5043; x_wconf 89' lang='lat' dir='ltr'>eo</span> <span class='ocrx_word' id='word_1_828' title='bbox 2581 4987 2736 5058; x_wconf 86' lang='lat' dir='ltr'>quod</span> <span class='ocrx_word' id='word_1_829' title='bbox 2767 4984 2980 5057; x_wconf 89' lang='lat' dir='ltr'>aliquis</span> <span class='ocrx_word' id='word_1_830' title='bbox 3001 4985 3060 5041; x_wconf 91' lang='lat' dir='ltr'>id</span> <span class='ocrx_word' id='word_1_831' title='bbox 3078 4984 3233 5058; x_wconf 89' lang='lat' dir='ltr'>quod</span> <span class='ocrx_word' id='word_1_832' title='bbox 3264 4984 3335 5039; x_wconf 90' lang='lat' dir='ltr'>ad</span> <span class='ocrx_word' id='word_1_833' title='bbox 3358 4981 3787 5039; x_wconf 90' lang='lat' dir='ltr'>ostendendum</span> 
     </span>
    </p>
   </div>
   <div class='ocr_carea' id='block_1_110' title="bbox 2138 5068 3785 5149">
    <p class='ocr_par' dir='ltr' id='par_1_110' title="bbox 2138 5068 3785 5149">
     <span class='ocr_line' id='line_1_111' title="bbox 2138 5068 3785 5149; baseline -0.005 -17"><span class='ocrx_word' id='word_1_834' title='bbox 2138 5080 2228 5132; x_wconf 90' lang='lat' dir='ltr'>est</span> <span class='ocrx_word' id='word_1_835' title='bbox 2274 5076 2662 5149; x_wconf 88' lang='lat' dir='ltr'>propositum,</span> <span class='ocrx_word' id='word_1_836' title='bbox 2695 5079 2761 5130; x_wconf 91' lang='lat' dir='ltr'>ut</span> <span class='ocrx_word' id='word_1_837' title='bbox 2806 5091 3157 5131; x_wconf 89' lang='lat' dir='ltr'>consensum</span> <span class='ocrx_word' id='word_1_838' title='bbox 3206 5072 3370 5146; x_wconf 90' lang='lat' dir='ltr'>ponit</span> <span class='ocrx_word' id='word_1_839' title='bbox 3420 5075 3477 5127; x_wconf 90' lang='lat' dir='ltr'>et</span> <span class='ocrx_word' id='word_1_840' title='bbox 3527 5068 3785 5143; x_wconf 88' lang='lat' dir='ltr'>accipit;</span> 
     </span>
    </p>
   </div>
   <div class='ocr_carea' id='block_1_111' title="bbox 2138 5159 3785 5237">
    <p class='ocr_par' dir='ltr' id='par_1_111' title="bbox 2138 5159 3785 5237">
     <span class='ocr_line' id='line_1_112' title="bbox 2138 5159 3785 5237; baseline -0.005 -16"><span class='ocrx_word' id='word_1_841' title='bbox 2138 5164 2388 5236; x_wconf 81' lang='lat' dir='ltr'>exempli</span> <span class='ocrx_word' id='word_1_842' title='bbox 2437 5164 2646 5237; x_wconf 83' lang='lat' dir='ltr'>gratia,</span> <span class='ocrx_word' id='word_1_843' title='bbox 2681 5165 2753 5219; x_wconf 90' lang='lat' dir='ltr'>ad</span> <span class='ocrx_word' id='word_1_844' title='bbox 2784 5163 3211 5220; x_wconf 90' lang='lat' dir='ltr'>ostendendum</span> <span class='ocrx_word' id='word_1_845' title='bbox 3260 5166 3350 5217; x_wconf 88' lang='lat' dir='ltr'>est</span> <span class='ocrx_word' id='word_1_846' title='bbox 3395 5159 3785 5233; x_wconf 88' lang='lat' dir='ltr'>propositum,</span> 
     </span>
    </p>
   </div>
   <div class='ocr_carea' id='block_1_112' title="bbox 2135 5249 3782 5323">
    <p class='ocr_par' dir='ltr' id='par_1_112' title="bbox 2135 5249 3782 5323">
     <span class='ocr_line' id='line_1_113' title="bbox 2135 5249 3782 5323; baseline -0.005 -13"><span class='ocrx_word' id='word_1_847' title='bbox 2135 5254 2394 5310; x_wconf 88' lang='lat' dir='ltr'>animam</span> <span class='ocrx_word' id='word_1_848' title='bbox 2427 5268 2557 5309; x_wconf 89' lang='lat' dir='ltr'>esse</span> <span class='ocrx_word' id='word_1_849' title='bbox 2587 5251 3128 5308; x_wconf 86' lang='lat' dir='ltr'>immortalem.Hoc</span> <span class='ocrx_word' id='word_1_850' title='bbox 3158 5251 3217 5305; x_wconf 92' lang='lat' dir='ltr'>in</span> <span class='ocrx_word' id='word_1_851' title='bbox 3248 5249 3535 5323; x_wconf 90' lang='lat' dir='ltr'>principio</span> <span class='ocrx_word' id='word_1_852' title='bbox 3566 5251 3655 5305; x_wconf 87' lang='lat' dir='ltr'>est</span> <span class='ocrx_word' id='word_1_853' title='bbox 3678 5262 3782 5319; x_wconf 87' lang='lat' dir='ltr'>po-</span> 
     </span>
    </p>
   </div>
   <div class='ocr_carea' id='block_1_113' title="bbox 2133 5336 3785 5414">
    <p class='ocr_par' dir='ltr' id='par_1_113' title="bbox 2133 5336 3785 5414">
     <span class='ocr_line' id='line_1_114' title="bbox 2133 5336 3785 5414; baseline -0.005 -16"><span class='ocrx_word' id='word_1_854' title='bbox 2133 5342 2542 5414; x_wconf 88' lang='lat' dir='ltr'>situm,ipsum</span> <span class='ocrx_word' id='word_1_855' title='bbox 2574 5342 3190 5413; x_wconf 86' lang='lat' dir='ltr'>antecedens,propter</span> <span class='ocrx_word' id='word_1_856' title='bbox 3218 5338 3373 5411; x_wconf 88' lang='lat' dir='ltr'>quod</span> <span class='ocrx_word' id='word_1_857' title='bbox 3406 5336 3785 5412; x_wconf 81' lang='lat' dir='ltr'>syllogismus</span> 
     </span>
    </p>
   </div>
   <div class='ocr_carea' id='block_1_114' title="bbox 2131 5424 3788 5502">
    <p class='ocr_par' dir='ltr' id='par_1_114' title="bbox 2131 5424 3788 5502">
     <span class='ocr_line' id='line_1_115' title="bbox 2131 5424 3788 5502; baseline -0.004 -16"><span class='ocrx_word' id='word_1_858' title='bbox 2131 5431 2387 5497; x_wconf 85' lang='lat' dir='ltr'>ﬁt.Quod</span> <span class='ocrx_word' id='word_1_859' title='bbox 2419 5431 2466 5486; x_wconf 91' lang='lat' dir='ltr'>si</span> <span class='ocrx_word' id='word_1_860' title='bbox 2500 5430 2632 5501; x_wconf 90' lang='lat' dir='ltr'>quis</span> <span class='ocrx_word' id='word_1_861' title='bbox 2665 5429 2847 5502; x_wconf 89' lang='lat' dir='ltr'>igitur</span> <span class='ocrx_word' id='word_1_862' title='bbox 2875 5431 3067 5485; x_wconf 88' lang='lat' dir='ltr'>dicat:</span> <span class='ocrx_word' id='word_1_863' title='bbox 3090 5428 3301 5484; x_wconf 87' lang='lat' dir='ltr'>Anima</span> <span class='ocrx_word' id='word_1_864' title='bbox 3329 5433 3419 5484; x_wconf 91' lang='lat' dir='ltr'>est</span> <span class='ocrx_word' id='word_1_865' title='bbox 3439 5424 3788 5496; x_wconf 87' lang='lat' dir='ltr'>incorrupti-</span> 
     </span>
    </p>
   </div>
   <div class='ocr_carea' id='block_1_115' title="bbox 2128 5514 3786 5589">
    <p class='ocr_par' dir='ltr' id='par_1_115' title="bbox 2128 5514 3786 5589">
     <span class='ocr_line' id='line_1_116' title="bbox 2128 5514 3786 5589; baseline -0.004 -14"><span class='ocrx_word' id='word_1_866' title='bbox 2128 5519 2264 5576; x_wconf 88' lang='lat' dir='ltr'>bilis</span> <span class='ocrx_word' id='word_1_867' title='bbox 2295 5518 2773 5587; x_wconf 88' lang='lat' dir='ltr'>;incorruptibile</span> <span class='ocrx_word' id='word_1_868' title='bbox 2803 5524 2893 5574; x_wconf 89' lang='lat' dir='ltr'>est</span> <span class='ocrx_word' id='word_1_869' title='bbox 2924 5517 3255 5573; x_wconf 87' lang='lat' dir='ltr'>immortale</span> <span class='ocrx_word' id='word_1_870' title='bbox 3280 5533 3450 5589; x_wconf 89' lang='lat' dir='ltr'>;ergo</span> <span class='ocrx_word' id='word_1_871' title='bbox 3481 5514 3679 5572; x_wconf 89' lang='lat' dir='ltr'>anima</span> <span class='ocrx_word' id='word_1_872' title='bbox 3697 5518 3786 5570; x_wconf 86' lang='lat' dir='ltr'>est</span> 
     </span>
    </p>
   </div>
   <div class='ocr_carea' id='block_1_116' title="bbox 2125 5607 2540 5664">
    <p class='ocr_par' dir='ltr' id='par_1_116' title="bbox 2125 5607 2540 5664">
     <span class='ocr_line' id='line_1_117' title="bbox 2125 5607 2540 5664; baseline -0.005 0"><span class='ocrx_word' id='word_1_873' title='bbox 2125 5607 2477 5664; x_wconf 89' lang='lat' dir='ltr'>immortalis</span> <span class='ocrx_word' id='word_1_874' title='bbox 2528 5627 2540 5663; x_wconf 90' lang='lat'>:</span> 
     </span>
    </p>
   </div>
   <div class='ocr_carea' id='block_1_117' title="bbox 2127 5690 3779 5770">
    <p class='ocr_par' dir='ltr' id='par_1_117' title="bbox 2127 5690 3779 5770">
     <span class='ocr_line' id='line_1_118' title="bbox 2127 5690 3779 5770; baseline -0.004 -17"><span class='ocrx_word' id='word_1_875' title='bbox 2127 5697 2277 5770; x_wconf 90' lang='lat' dir='ltr'>cipio</span> <span class='ocrx_word' id='word_1_876' title='bbox 2326 5700 2417 5751; x_wconf 89' lang='lat' dir='ltr'>est</span> <span class='ocrx_word' id='word_1_877' title='bbox 2446 5695 2726 5767; x_wconf 87' lang='lat' dir='ltr'>positum,</span> <span class='ocrx_word' id='word_1_878' title='bbox 2757 5694 2956 5767; x_wconf 89' lang='lat' dir='ltr'>ipsum</span> <span class='ocrx_word' id='word_1_879' title='bbox 3001 5695 3338 5768; x_wconf 81' lang='lat' dir='ltr'>quaesitum.</span> <span class='ocrx_word' id='word_1_880' title='bbox 3370 5693 3570 5765; x_wconf 87' lang='lat' dir='ltr'>Neque</span> <span class='ocrx_word' id='word_1_881' title='bbox 3621 5690 3779 5748; x_wconf 90' lang='lat' dir='ltr'>enim</span> 
     </span>
    </p>
   </div>
   <div class='ocr_carea' id='block_1_118' title="bbox 2593 5603 3786 5679">
    <p class='ocr_par' dir='ltr' id='par_1_118' title="bbox 2593 5603 3786 5679">
     <span class='ocr_line' id='line_1_119' title="bbox 2593 5603 3786 5679; baseline -0.003 -18"><span class='ocrx_word' id='word_1_882' title='bbox 2593 5607 2689 5662; x_wconf 88' lang='lat' dir='ltr'>hic</span> <span class='ocrx_word' id='word_1_883' title='bbox 2738 5607 2883 5679; x_wconf 89' lang='lat' dir='ltr'>petit</span> <span class='ocrx_word' id='word_1_884' title='bbox 2929 5612 2987 5663; x_wconf 91' lang='lat' dir='ltr'>et</span> <span class='ocrx_word' id='word_1_885' title='bbox 3056 5607 3268 5678; x_wconf 85' lang='lat' dir='ltr'>accipit</span> <span class='ocrx_word' id='word_1_886' title='bbox 3311 5605 3468 5678; x_wconf 89' lang='lat' dir='ltr'>quod</span> <span class='ocrx_word' id='word_1_887' title='bbox 3518 5605 3579 5660; x_wconf 90' lang='lat' dir='ltr'>in</span> <span class='ocrx_word' id='word_1_888' title='bbox 3626 5603 3786 5676; x_wconf 74' lang='lat' dir='ltr'>prin-</span> 
     </span>
    </p>
   </div>
   <div class='ocr_carea' id='block_1_119' title="bbox 350 5780 2023 5862">
    <p class='ocr_par' dir='ltr' id='par_1_119' title="bbox 350 5782 2007 5862">
     <span class='ocr_line' id='line_1_120' title="bbox 350 5782 2007 5862; baseline 0.001 -23"><span class='ocrx_word' id='word_1_889' title='bbox 350 5805 464 5841; x_wconf 88' lang='grc' dir='ltr'>τον.</span> <span class='ocrx_word' id='word_1_890' title='bbox 512 5787 668 5852; x_wconf 86' lang='grc' dir='ltr'>Ὅθεν</span> <span class='ocrx_word' id='word_1_891' title='bbox 722 5787 751 5840; x_wconf 88' lang='lat'>6</span> <span class='ocrx_word' id='word_1_892' title='bbox 805 5783 947 5840; x_wconf 75' lang='grc' dir='ltr'>οὕτω</span> <span class='ocrx_word' id='word_1_893' title='bbox 1000 5782 1460 5862; x_wconf 87' lang='grc' dir='ltr'>συλλογιζόμενος</span> <span class='ocrx_word' id='word_1_894' title='bbox 1515 5783 1777 5842; x_wconf 85' lang='grc' dir='ltr'>δείκνυσιν</span> <span class='ocrx_word' id='word_1_895' title='bbox 1829 5782 2007 5858; x_wconf 66' lang='grc' dir='ltr'>οὐδὲν,</span> 
     </span>
    </p>
   </div>
   <div class='ocr_carea' id='block_1_120' title="bbox 2139 5780 3785 5862">
    <p class='ocr_par' dir='ltr' id='par_1_120' title="bbox 2149 5780 3785 5861">
     <span class='ocr_line' id='line_1_121' title="bbox 2149 5780 3785 5861; baseline -0.004 -18"><span class='ocrx_word' id='word_1_896' title='bbox 2149 5784 2570 5857; x_wconf 86' lang='lat' dir='ltr'>ncorruptibile</span> <span class='ocrx_word' id='word_1_897' title='bbox 2602 5786 2674 5845; x_wconf 82' lang='lat' dir='ltr'>ab</span> <span class='ocrx_word' id='word_1_898' title='bbox 2697 5784 3017 5842; x_wconf 86' lang='lat' dir='ltr'>immortali</span> <span class='ocrx_word' id='word_1_899' title='bbox 3049 5784 3241 5857; x_wconf 86' lang='lat' dir='ltr'>quoad</span> <span class='ocrx_word' id='word_1_900' title='bbox 3264 5780 3755 5856; x_wconf 85' lang='lat' dir='ltr'>signiﬁcationem</span> <span class='ocrx_word' id='word_1_901' title='bbox 3767 5830 3785 5861; x_wconf 62' lang='lat'>,</span> 
     </span>
    </p>
   </div>
  </div>
