4094 6428
300 374 422 441 993

372 530 529 584 ~8.

1661 358 2009 437 EPITOME
2050 360 2356 437 LOGIGA.

554 528 844 600 Quomodo
888 524 1185 600 secundum
1210 525 1375 600 idem.
1407 556 1476 568 -
1521 525 1577 600 9.
1611 524 1883 600 Quomodo
1927 524 1999 600 ad
2026 524 2192 600 idem.
2223 554 2293 566 ——
2341 525 2429 579 10.

3596 370 3721 439 994

2463 524 2741 594 Quomodo
2789 522 2973 580 eodem
2999 526 3160 582 modo
3187 528 3240 582 et
3268 528 3327 582 in
3363 529 3551 585 eodem
3578 538 3714 586 tema

373 596 600 675 μονα-ἐ
638 604 658 653 Ι
674 607 698 655 l
719 598 891 675 .885
923 598 1208 675 Concludit
1237 598 1354 675 huic
1382 599 1569 675 omnia
1596 599 1873 675 requisita
1891 598 2033 675 scire
2061 597 2251 675 decere
2278 598 2527 675 eumqui
2547 596 2646 675 vet
2662 596 2804 675 falso
2832 597 3052 675 elenclio
3079 598 3550 675 decipinolitmet
3577 601 3718 657 decio

377 666 591 745 pientes,
616 673 932 745 convincere
976 686 1104 727 vero
1131 668 1536 745 etenchovelit.
1587 666 1777 745 -—_‘l2.
1810 666 2174 745 l3._0:tendit
2202 667 2462 745 quomodo
2493 666 2830 745 sopniSmgta
2859 670 2921 722 in
2949 668 3190 745 dictione
3218 669 3289 726 ad
3317 666 3720 745 ignorationem

380 739 594 799 elenchi
617 743 970 799 reducantur.
1002 772 1069 781 —
1120 741 1205 796 14.
1242 745 1325 797 Ex
1353 740 1722 810 homonymia.
1756 772 1825 782 -—
1871 739 1957 795 15.
1989 741 2073 811 Ex
2103 740 2459 809 amphibolia.
2492 769 2561 779 —-—-
2592 739 2679 793 16.
2714 740 2793 793 Ex
2821 742 3213 811 compositione
3251 751 3302 797 et
3328 739 3617 800 divisione.
3651 774 3719 785 -

384 816 471 871 17.
504 817 597 870 Ea:
627 819 884 871 accentu.
916 843 987 855 —
1016 815 1104 870 18.
1137 814 1222 868 Ea:
1249 812 1324 882 ﬁg

1326 829 1433 867 ura
1459 812 1733 886 dictionis.
1766 843 1836 853 ——
1866 811 1952 886 i_9.
1989 810 2274 886 concludit
2302 811 2367 866 de
2395 811 2746 886 sapitismati:
2778 813 2837 865 in
2886 810 3124 886 dictione
3151 814 3416 884 quomodo
3449 814 3518 869 ad
3563 819 3719 886 igno-

385 888 671 957 rationem,
708 886 923 941 etenchi
948 881 1303 957 reducantur.
1333 914 1403 923 —
1448 884 1539 938 20.
1576 883 1789 957 Transit
1837 883 1911 957 ad
1935 881 2273 957 sophismata
2298 886 2457 957 extra
2501 881 2827 957 dictionem,
2850 882 3112 957 quomodo
3140 881 3191 939 et
3238 886 3362 955 ipsa
3390 885 3462 940 ad
3486 881 3720 957 ignora-

383 958 590 1015 tionem
615 956 834 1013 elenchi
860 956 1229 1024 reducuntur,
1264 964 1315 1012 et
1337 957 1523 1027 primo
1547 953 1764 1026 quidem
1791 954 2077 1024 scphisma
2103 969 2175 1008 ea:
2202 954 2457 1025 pluribus
2495 954 3026 1027 interrogationibus
3071 971 3242 1027 unam
3262 953 3495 1027 faciens.
3513 953 3598 999 ’--
3626 958 3719 1015 21.

386 1032 427 1087 Α
456 1028 603 1101 dicto
626 1027 925 1084 secundum
954 1028 1085 1098 quid
1115 1035 1169 1084 et
1216 1025 1567 1101 simpliciter.
1597 1060 1662 1071 —
1690 1027 1783 1101 22.
1814 1027 1857 1082 Α
1894 1041 2007 1081 non
2051 1041 2220 1101 causa
2249 1029 2307 1080 ut
2351 1040 2539 1101 causa.
2572 1055 2650 1101 ——_
2697 1025 2788 1101 23.
2822 1026 2906 1080 Ea:
2942 1025 3215 1101 accidente
3243 1025 3297 1101 et
3344 1037 3723 1101 consequente.

387 1130 457 1142 —
485 1100 576 1174 24.
603 1102 698 1155 Ea:
723 1095 987 1174 petitione
1013 1102 1129 1174 ejus
1159 1098 1308 1174 quod
1320 1095 1387 1153 in
1410 1099 1698 1174 principio
1721 1100 1833 1174 fuit
1878 1096 2234 1174 propositum.
2269 1127 2335 1138 —
2364 1098 2456 1151 25.
2490 1095 2775 1152 Concludit
2821 1105 2871 1151 et
2901 1097 3147 1154 concedit
3175 1100 3346 1154 etiam
3374 1095 3526 1155 aliis'
3550 1100 3728 1158 modis

386 1169 734 1242 sophismata
751 1172 938 1227 omnia
968 1169 1047 1227 ad
1066 1169 1466 1243 ignorationem
1484 1169 1700 1229 elenchi
1728 1169 1918 1226 reduci
1944 1184 2119 1241 posse.

933 1436 1187 1506 ΚΕΦΑΑ.
1228 1454 1354 1506 Αοο.

1996 1450 2052 1516 Α

2638 1442 2872 1501 CAPUT
2910 1444 3155 1502 ΧΧΧῘΧ.

316 1538 451 1615 Περὶ
482 1535 970 1615 έλέγχουλοεαῖμὸτι
1002 1538 1196 1615 πάντες
1229 1537 1280 1591 οἱ
1309 1534 1718 1615 παραλογισμοὶ
1763 1534 1840 1597 εἷς
1868 1534 1969 1604 τὴν

2123 1546 2156 1591 ἐ
2179 1536 2417 1601 elencfw,
2467 1533 2684 1615 etquod
2729 1550 2935 1615 o_mne_:_
2956 1536 3332 1615 paralogismi
3375 1537 3449 1594 ad
3495 1540 3726 1611 ignora-

666 1605 764 1664 τοῦ
791 1606 1027 1685 ἐλέγχου
1057 1605 1273 1685 ἄγνοιαν
1299 1605 1612 1685 ἀνάγονται.

393 1718 460 1774 α’.
502 1714 773 1791 Ἔλεγχός
825 1714 965 1771 ἐστιν
1013 1715 1292 1793 ἀντίφασις
1335 1719 1433 1770 τοῦ
1490 1714 1655 1770 αὐτοῦ
1710 1714 1801 1768 καὶ
1858 1713 1973 1775 ἑνὸς

328 1808 406 1880 μὴ
469 1804 755 1878 ὀνόματος,
803 1802 951 1859 ἀλλὰ
1018 1805 1363 1880 πράγματος,
1416 1804 1507 1859 καὶ
1567 1803 1832 1876 ὀνόματος
1896 1802 1973 1875 μὴ

326 1895 667 1968 συνωνύμου,
718 1893 865 1949 ἀλλὰ
923 1898 1022 1948 τοῦ
1081 1893 1266 1966 αὐτοῦ,
1317 1893 1378 1948 ἐκ
1430 1897 1541 1949 τῶν
1600 1890 1863 1956 δοθέντων
1922 1888 1976 1961 ἐξ

325 1981 566 2059 ἀνάγκης
600 1984 675 2056 μὴ
713 1983 1216 2058 συναριθμουμένου
1271 1986 1369 2037 τοῦ
1419 1981 1470 2037 έν
1521 1981 1694 2058 ἀρχῇ,
1724 1981 1861 2036 κατὰ
1913 1981 1976 2035 τὸ

325 2071 457 2128 αὐτὸ
513 2070 604 2127 καὶ
649 2072 787 2148 πρὸς
843 2072 907 2126 τὸ
965 2069 1116 2141 αὐτὸ,
1154 2070 1243 2126 καὶ
1302 2070 1583 2145 ὡσαύτως,
1640 2071 1731 2126 καὶ
1790 2070 1843 2125 ἐν
1900 2073 1980 2142 τῷ

328 2160 477 2235 αύτῷ
507 2160 715 2237 χρόνῳ.

402 2251 469 2327 β’.
501 2249 689 2305 Τοίνυν
740 2249 790 2305 εἷ’
838 2248 1030 2324 μέλλει
1075 2262 1160 2312 τις
1209 2250 1285 2323 μὴ
1346 2247 1531 2311 καλῶς
1596 2247 1829 2325 λέγοντα
1884 2246 1977 2303 τόν

325 2336 858 2417 προσδιαλεγόμενον
923 2337 1258 2415 ἀνελέγχειν,
1307 2336 1516 2413 ὀφείλει
1562 2338 1627 2393 τὸ
1682 2338 1982 2411 ἀντικείμε-

326 2450 417 2485 νον
469 2427 733 2505 συνάγειν,
767 2427 925 2505 οὗρερ
971 2427 1032 2483 ἂν
1079 2429 1108 2482 6
1145 2425 1681 2504 προσδιαλεγόμενος
1739 2426 1977 2505 ἀποφαί-

328 2539 477 2573 νοιτο
511 2519 692 2592 (τοῦτο
719 2515 821 2593 γάρ
851 2515 990 2572 ἐστιν
1018 2519 1055 2586 ἡ
1087 2516 1419 2595 ἀντίφασις).

399 2614 464 2683 γ’.
501 2607 759 2681 Συνάγειν
791 2603 849 2661 δὲ
888 2606 988 2674 τὴν
1037 2604 1314 2683 ἀντίφασιν
1369 2604 1458 2659 ἐπὶ
1515 2609 1612 2660 τοῦ
1669 2604 1835 2659 αὐτοῦ
1892 2604 1983 2658 καὶ

333 2696 474 2764 ἑνὸς,
507 2694 569 2750 o6
604 2697 711 2769 μὴν
749 2694 831 2750 ἐπ’
884 2692 1059 2751 ἄλλου
1098 2695 1187 2749 καὶ
1236 2692 1431 2752 ἄλλου.
1464 2694 1537 2748 Τὸ
1583 2696 1707 2771 γὰρ,
1740 2692 1985 2754 εἴπόντος

332 2785 479 2846 τινὸς
524 2784 616 2838 τὸν
667 2783 1052 2857 Ἀριστοτέλην
1096 2784 1472 2859 τεχνολογεῖν,
1519 2780 1700 2857 ἕτερον
1771 2781 1985 2859 εἰρηκέ-

333 2886 419 2930 ναι
444 2873 537 2929 τὸν
570 2872 835 2928 Πλάτωνα
867 2873 943 2945 μὴ
990 2871 1361 2948 τεχνολογεῖν,
1394 2871 1493 2926 οὐκ
1534 2869 1677 2927 ἔστιν
1735 2869 1984 2947 ἔλεγχος.

340 2965 439 3018 Διά
465 2961 626 3018 τοῦτό
664 2975 828 3040 φησιν
861 2963 890 3017 6
921 2961 1149 3038 ὁρισμὸς
1198 2960 1474 3039 ἀντίφασιν
1521 2965 1619 3015 τοῦ
1678 2960 1842 3015 αὐτοῦ
1897 2958 1987 3014 καὶ

341 3052 458 3114 ἑνὸς
490 3048 625 3107 εἶναι
651 3052 744 3106 τὸν
775 3046 1033 3127 ἔλεγχον.

412 3138 475 3196 δ’.
511 3142 605 3209 Μή
660 3139 929 3213 ὀνόματος
1003 3137 1081 3209 δὲ,
1131 3137 1277 3195 ἀλλά
1345 3140 1687 3216 πράγματος,
1744 3138 1990 3193 τουτέστι

345 3232 421 3304 μὴ
484 3230 649 3303 μόνον
702 3228 989 3302 ὀνόματος,
1037 3225 1184 3283 ἀλλὰ
1227 3228 1317 3282 καὶ
1374 3229 1717 3305 πράγματος.
1769 3227 1832 3281 Εἰ
1887 3226 1989 3302 γὰρ

338 3319 395 3375 ἓν
450 3319 543 3394 μὶν
595 3318 828 3394 ὑπάρχει
874 3314 1139 3391 τοῦνομα.
1190 3314 1420 3395 διάφορα
1471 3314 1531 3372 δὲ
1583 3317 1653 3371 τὰ
1700 3317 1789 3372 ὑπ’
1826 3315 1991 3370 αὐτοῦ

340 3406 662 3482 δηλούμενα
688 3407 1003 3483 πράγματα,
1035 3408 1125 3462 καὶ
1169 3406 1197 3460 ὁ
1232 3406 1326 3479 μὲν
1377 3405 1462 3460 ἐπ’
1492 3403 1665 3461 ἄλλου
1722 3423 1992 3478 οημαινο-

2487 1606 2693 1661 tionem
2719 1606 2935 1661 etenchi
2962 1606 3316 1666 reducantur.

2156 1713 2208 1766 1.
2240 1710 2533 1766 Elenchus
2579 1715 2670 1767 est
2708 1712 3090 1769 contradictio
3130 1715 3306 1771 unius
3356 1721 3413 1772 et
3450 1719 3729 1790 ejusdem

2086 1816 2203 1857 non
2254 1800 2508 1856 nominis
2539 1801 2641 1855 sed
2697 1801 2817 1869 rei;
2848 1805 2906 1857 et
2944 1802 3202 1859 nominis
3232 1821 3347 1860 non
3397 1809 3726 1882 synonymi,

2087 1890 2187 1946 sed
2236 1890 2499 1960 ejusdem
2531 1905 2600 1944 ex
2628 1889 2701 1945 iis
2733 1905 2858 1961 quin
2890 1891 3025 1947 data
3071 1897 3213 1948 sunt
3244 1910 3314 1949 ex
3360 1898 3729 1967 necessitate,

2087 1996 2204 2035 non
2252 1981 2635 2034 annumerato
2662 1994 2728 2034 eo
2781 1980 2935 2050 quod
2962 1984 3051 2036 est
3089 1980 3150 2036 in
3181 1982 3467 2057 principio
3515 1999 3732 2043 secun-

2087 2069 2228 2124 dum
2257 2066 2413 2123 idem
2461 2071 2517 2123 et
2547 2067 2620 2122 ad
2651 2066 2828 2135 idem,
2859 2072 2916 2124 et
2962 2070 3164 2126 eodem
3200 2071 3392 2143 modo,
3424 2077 3481 2129 et
3522 2074 3729 2132 eodem

2087 2162 2369 2229 tempore.

2157 2250 2212 2301 2.
2246 2245 2305 2301 Si
2337 2244 2464 2300 vult
2488 2244 2668 2317 igitur
2696 2244 3060 2317 aliquis,non
3091 2251 3250 2304 recta
3277 2249 3568 2308 dicentem
3598 2269 3735 2310 eum

2091 2335 2192 2407 qui
2219 2350 2418 2390 secum
2450 2333 2605 2389 386
2636 2334 2859 2390 confert
2900 2336 3265 2409 redarguere,
3299 2340 3470 2396 debet
3499 2343 3734 2415 opposi-

2089 2428 2217 2480 tum
2240 2422 2512 2496 colligere
2532 2424 2661 2494 ejus
2682 2425 2838 2494 quod
2860 2425 3128 2481 enuntiat
3156 2426 3207 2482 is
3224 2426 3325 2499 qui
3354 2429 3576 2486 confert
3600 2447 3734 2488 cum

2090 2515 2217 2583 ipso
2242 2531 2256 2581 ;
2291 2512 2507 2584 quippe
2537 2511 2647 2567 hoc
2678 2517 2767 2568 est
2794 2515 3202 2571 contradictio.

2162 2603 2216 2658 3.
2249 2601 2530 2673 Colligere
2560 2607 2756 2657 autem
2787 2603 3307 2661 contradictionem
3339 2606 3399 2662 in
3432 2624 3548 2664 uno
3569 2612 3627 2664 et
3647 2624 3741 2667 eo-

2093 2692 2248 2755 dem,
2277 2706 2392 2744 non
2439 2688 2500 2744 in
2530 2689 2643 2744 alio
2682 2694 2856 2762 atque
2904 2690 3036 2746 alio.
3068 2691 3129 2747 Si
3158 2693 3315 2749 enim
3359 2711 3494 2751 cum
3525 2696 3740 2755 dixerit

2095 2778 2331 2850 aliquis,
2362 2777 2730 2834 Aristotelem
2763 2780 3075 2836 artificiose
3113 2780 3434 2854 disputare,
3463 2785 3616 2841 alius
3646 2786 3736 2843 in-

2098 2869 2285 2940 quiet,
2317 2866 2616 2922 Platonem
2649 2883 2763 2923 non
2794 2867 3096 2940 disputare
3134 2871 3469 2941 artiﬁciose,
3502 2891 3619 2930 non
3649 2880 3741 2932 est

2097 2957 2496 3013 contradictio.
2531 2960 2842 3028 Propterea
2871 2957 3014 3013 dicit
3042 2958 3743 3029 deﬁnitio,contradictio-

2098 3063 2232 3103 nem
2264 3061 2394 3102 esse
2420 3045 2596 3101 unius
2626 3049 2684 3101 et
2712 3046 2978 3115 ejusdem
3005 3045 3341 3106 elenchum.

2170 3136 2222 3190 4.
2259 3136 2385 3191 Non
2442 3140 2637 3191 autem
2686 3135 2965 3203 nominis,
3012 3137 3114 3192 sed
3163 3137 3268 3205 rei,
3314 3139 3422 3196 hoc
3468 3145 3577 3213 est,
3625 3154 3744 3198 non

2098 3228 2328 3281 tantum
2359 3223 2635 3294 nominis,
2669 3224 2772 3281 sed
2800 3224 2979 3281 etiam
3008 3224 3173 3282 τοί,δὶ
3204 3228 3361 3283 enim
3394 3245 3581 3285 unum
3612 3231 3746 3302 qui-

2100 3314 2232 3369 dem
2276 3328 2489 3367 nomen
2522 3313 2713 3381 fuerit,
2745 3318 2803 3369 et
2845 3329 2979 3370 vero
3008 3331 3100 3371 res
3132 3316 3369 3373 diversas
3418 3335 3544 3391 quae
3575 3319 3647 3374 ab
3677 3335 3746 3376 eo

2100 3401 2504 3471 declarantur;
2533 3405 2592 3458 et
2620 3418 2777 3458 unus
2806 3403 3044 3475 quidem
3072 3406 3131 3460 in
3164 3405 3277 3461 alio
3306 3406 3631 3480 signiﬁcato
3662 3423 3753 3465 as-

345 3496 511 3573 μένου
541 3494 664 3567 δοίη
693 3496 784 3551 τὸν
819 3494 1010 3572 λόγον,
1042 3496 1070 3550 ὁ
1100 3492 1150 3550 δ’
1178 3494 1261 3573 ἐφ’
1318 3494 1501 3572 ἐτέρου
1556 3497 1850 3566 ποιήσοιτο
1896 3494 1993 3563 τὴν

2123 3492 2295 3564 ιὶεῐιοι
2321 3492 2665 3558 orationem,
2696 3490 2844 3548 alter
2870 3496 3066 3549 autem
3097 3494 3156 3549 in
3188 3493 3300 3552 alio
3340 3497 3750 3554 contradictio-

344 3585 647 3665 ἀντίφασιν,
678 3584 741 3639 o6
769 3582 977 3660 γίνεται
1009 3579 1262 3660 ἔλεγχος.

412 3681 473 3733 ε.
508 3672 664 3731 Ἀλλ’
693 3671 819 3729 οὐδὲ
857 3674 955 3728 τοῦ
994 3672 1308 3746 συνωνύμου
1359 3667 1627 3745 ὀνόματος
1674 3674 1710 3742 ἡ
1772 3669 1994 3749 ἀντίφα-

346 3780 429 3827 σις
482 3756 718 3840 ἔλεγχός
774 3762 907 3821 ἐστι.
949 3763 1020 3817 Τὸ
1076 3764 1181 3838 γὰρ
1239 3762 1430 3834 εἰπεῖν,
1491 3766 1635 3816 Ζῶοε
1687 3766 1995 3837 περιπατεῖ,

2104 3596 2240 3635 nem
2274 3580 2471 3647 faciat,
2503 3596 2619 3636 non
2650 3580 2716 3637 ﬁt
2744 3580 3044 3639 elenchus.

2174 3670 2228 3723 5.
2284 3669 2394 3725 Sed
2442 3685 2633 3742 neque
2689 3671 2999 3745 synonymi
3046 3673 3304 3731 nominis
3369 3676 3752 3733 contradictio

2106 3756 2385 3813 elenchus
2412 3758 2729 3815 est.Dicere
2757 3759 2939 3831 enim,
2959 3762 3191 3818 Animal
3222 3764 3509 3836 ambulat,
3534 3764 3757 3822 animal

349 3860 484 3925 ζῶον
539 3854 602 3909 o6
658 3858 961 3929 περιπατεῖ,
992 3851 1081 3907 καὶ
1132 3848 1297 3929 ἄμφω
1351 3872 1413 3927 γε
1467 3848 1677 3921 ἀληθῆ.
1728 3849 1993 3927 Ἔλεγχος

2123 3863 2226 3902 non
2258 3846 2542 3916 ambulat,
2578 3848 2755 3904 etiam
2789 3850 2960 3905 ambo
2989 3867 3127 3906 vera
3153 3852 3610 3910 sunt.Elenchus
3648 3855 3759 3927 igi-

348 3942 442 4000 οὖν
497 3943 635 3999 ἐστιν
685 3944 721 4012 ή
763 3946 863 3997 τοῦ
906 3940 1071 3995 αύτοῦ
1135 3941 1226 3995 καὶ
1296 3940 1413 4003 ἑνὸς
1473 3939 1743 4014 ὀνόματός
1795 3956 1855 3995 τε
1908 3938 1993 3994 καί

2123 3942 2208 3991 tur
2236 3940 2325 3991 est
2352 3935 2529 3992 unius
2558 3940 2617 3992 et
2645 3937 2911 4008 ejusdem
2942 3944 2999 3995 et
3030 3940 3288 3997 nominis
3316 3945 3374 3996 et
3403 3942 3487 3998 rei
3530 3946 3761 4000 contra-

350 4030 671 4108 πράγματος
703 4028 1007 4106 ἀντίφασις.

423 4126 487 4184 ς’.
548 4118 643 4174 Ἐκ
697 4122 802 4173 τῶν
888 4113 1148 4172 δοθέντων
1218 4115 1270 4188 ἐξ
1327 4117 1561 4193 ἀνάγκης
1635 4114 1998 4193 συναγομένη,

348 4207 444 4263 καὶ
471 4206 573 4262 οὐκ
598 4205 651 4280 ἐξ
684 4203 880 4282 ἑτέρων
909 4209 1094 4261 τινῶν.

428 4298 489 4366 ζ’.
522 4297 611 4366 Μὴ
670 4293 1174 4371 συναριθμουμένου
1244 4297 1340 4349 τοῦ
1398 4291 1450 4349 ἐν
1508 4292 1681 4370 ἀρχῇ,
1739 4292 2006 4361 τουτέστι,

2114 4024 2317 4080 dictio.

2183 4115 2238 4168 6.
2271 4113 2407 4176 Quae
2435 4130 2505 4170 ex
2533 4114 2686 4170 datis
2716 4116 3070 4186 necessario,
3122 4134 3238 4175 non
3287 4135 3357 4176 ex
3386 4118 3519 4177 aliis
3549 4118 3765 4193 aliqui-

2040 4190 2084 4259 C
2120 4204 2235 4260 bus
2263 4202 2572 4277 colligitur.

2186 4294 2240 4347 7.
2273 4291 2398 4349 Non
2420 4296 2803 4349 annumerato
2832 4311 2899 4352 eo
2930 4297 3086 4368 quod
3119 4300 3207 4353 est
3234 4295 3293 4352 in
3326 4297 3634 4373 principio,
3655 4298 3765 4357 hoc

357 4383 428 4441 δι’
486 4384 671 4461 ἑτέρου
732 4382 999 4456 ὀνόματος
1058 4376 1477 4456 λιομϐανομένου
1532 4384 1631 4436 τοῦ
1691 4383 1993 4455 ζητήματος

2123 4386 2210 4437 est
2251 4386 2316 4436 ut
2354 4399 2471 4438 non
2517 4388 2854 4439 assumatur
2901 4386 3144 4457 quastio
3195 4403 3298 4460 per
3345 4387 3506 4444 aliud
3554 4398 3769 4446 nomen

354 4474 471 4530 ἀντὶ
551 4471 865 4551 προτάσεως
932 4472 1008 4535 εἷς
1063 4472 1153 4527 τὸν

354 4567 525 4619 Τοῦτο
555 4562 657 4638 γὰρ
693 4559 926 4637 ὑπάρχει
957 4560 1022 4616 τὸ
1054 4558 1107 4615 ἐν
1139 4559 1312 4635 ἀρχῇ.

435 4748 504 4812 η’.
536 4741 636 4794 Καὶ
666 4740 802 4795 κατὰ
828 4738 892 4794 τὸ
922 4739 1053 4794 αὐτὸ
1086 4736 1145 4793 δὲ
1187 4740 1324 4815 χρὴ,
1359 4739 1437 4812 μή
1490 4739 1674 4811 μέντοι
1725 4739 1842 4793 κατ’
1874 4736 2017 4794 ἄλλο

362 4828 453 4886 καὶ
483 4826 626 4885 ἄλλο
678 4827 842 4905 μέρος
879 4832 977 4882 τοῦ
1010 4826 1369 4901 ὑποκειμένου
1423 4826 1661 4903 γίνεσθαι
1717 4828 1817 4896 τήν
1875 4826 2018 4882 ἀντί-

367 4939 545 4998 φασιν.
588 4918 651 4974 Εἷ
707 4918 813 4995 γὰρ
868 4917 930 4972 τὸ
984 4916 1115 4972 αὐτὸ
1170 4915 1330 4989 ξύλον
1391 4917 1525 4972 κατὰ
1582 4916 1676 4989 μὲν
1730 4914 1793 4970 τὰ
1844 4922 2021 4989 μῆκος

1241 4469 1404 4547 λόγον
1484 4477 1585 4541 τῆς
1663 4467 2008 4541 ἀποδείξεως.

2123 4470 2249 4527 loco
2295 4471 2709 4543 propositionis
2747 4472 2808 4528 in
2856 4474 3375 4533 demonstrationis
3422 4477 3772 4535 orationem.

2124 4564 2244 4658 Hoc
2270 4560 2426 4616 enim
2450 4566 2540 4619 est
2560 4562 2616 4616 id
2634 4561 2784 4618 887
2816 4565 2972 4637 quod
2998 4564 3109 4620 fuit
3127 4565 3495 4639 propositum
3529 4566 3589 4623 in
3612 4567 3775 4640 prin-

2128 4664 2302 4704 ClDlO.

2228 4665 2302 4704 10.

2184 4665 2251 4792 ἒ.
2300 4739 2408 4794 Sed
2459 4744 2517 4794 et
2561 4742 2887 4797 secundum
2931 4743 3218 4809 eamdem,
3273 4760 3390 4800 non
3448 4744 3774 4801 secundum

2129 4826 2306 4883 alium
2337 4832 2515 4899 atque
2544 4828 2719 4885 aliam
2751 4831 2998 4902 subjecti
3028 4837 3252 4903 partem
3281 4837 3512 4906 oportet
3544 4838 3778 4889 contra-

2130 4916 2443 4973 dictionem
2497 4918 2643 4973 ﬁeri.
2675 4918 2736 4975 Si
2765 4920 2922 4975 enim
2963 4920 3120 4976 idem
3174 4922 3401 4994 lignum
3449 4923 3777 4979 secundum

369 5007 585 5085 λέγοιτο
633 5005 867 5083 δίπηχυ,
897 5006 1033 5062 κατὰ
1075 5004 1134 5061 δὲ
1178 5006 1241 5061 τὸ
1287 5005 1496 5069 πλάτος
1548 5005 1608 5085 o6
1654 5002 1886 5082 δίπηχυο
1930 5004 2020 5059 καὶ

365 5097 567 5171 Αἰθίοψ
595 5097 731 5152 κατὰ
765 5098 857 5171 μὲν
888 5096 986 5164 τὴν
1019 5099 1116 5149 τοῦ
1164 5096 1416 5169 σώματος
1466 5094 1773 5172 ἐπιφάνειαν
1828 5092 2020 5168 μέλας,

366 5186 504 5242 κατᾶ
550 5183 607 5240 δὲ
647 5184 777 5247 τοὺς
827 5182 1052 5246 ὀδόντας
1099 5182 1162 5238 o6
1213 5182 1404 5257 μέλας,
1434 5180 1549 5238 οὐδ’
1593 5182 1765 5245 οὕτως
1820 5183 2024 5259 γίνεται

372 5270 636 5351 ἔλεγχος.

2136 5273 2219 5328 ita
2249 5274 2316 5328 fit
2343 5273 2648 5331 elenchus.

444 5366 508 5428 θ’.
560 5364 658 5418 Καὶ
708 5364 846 5440 πρὸς
895 5362 1025 5417 αὐτὸ
1075 5360 1133 5417 δὲ
1185 5364 1260 5435 μὴ
1324 5362 1505 5436 μέντοι
1553 5362 1691 5437 πρὸς
1747 5358 1889 5416 ἄλλο
1947 5357 1993 5415 δε

2204 5362 2260 5417 9.
2295 5362 2362 5418 Et
2385 5364 2459 5418 ad
2490 5364 2646 5419 idem
2676 5365 2936 5437 quidem,
2968 5383 3083 5422 non
3115 5371 3312 5424 autem
3345 5369 3414 5423 ad
3448 5367 3607 5423 aliud
3647 5383 3787 5424 con-

373 5450 736 5533 ἀντιφάσκειν.
789 5451 925 5507 Οὐδὲ
985 5452 1087 5529 γὰρ
1159 5450 1410 5528 ἐλέγχειν
1476 5450 1587 5506 ἐστὶ
1632 5450 1695 5504 τὸ
1748 5451 1840 5505 τὸν
1898 5447 1993 5505 δὲκι

2136 5451 2420 5507 tradicere
2451 5458 2696 5525 oportet.
2730 5453 2926 5526 Neque
2947 5457 3102 5511 enim
3130 5456 3238 5511 hoc
3262 5465 3346 5512 est
3369 5459 3785 5525 contradicere,

376 5544 558 5618 λέγειν
611 5544 747 5619 πρὸς
795 5543 884 5597 τὸν
944 5541 1100 5597 πέντε
1158 5538 1464 5611 διπλάσιον,
1517 5539 1578 5594 o6
1637 5539 1920 5595 διπλάσιον
1971 5538 1993 5595 δ

2138 5557 2272 5596 cum
2300 5542 2440 5597 dicit
2470 5542 2685 5614 aliquis
2715 5545 3019 5600 denarium
3049 5546 3295 5617 duplum
3324 5548 3395 5601 ad
3419 5547 3781 5618 quinarium,

379 5634 519 5711 πρὸς
549 5630 731 5709 ἕτερον
764 5631 1015 5707 ἀριθμόν.

2142 5630 2215 5685 ad
2244 5630 2421 5687 alium
2455 5637 2651 5687 autem
2684 5650 2997 5689 numerum
3031 5651 3147 5689 non
3177 5634 3452 5707 duplum.

455 5729 502 5777 ι’.
534 5721 607 5777 06
658 5721 823 5796 μόνον
856 5717 914 5776 δὲ
950 5720 1085 5777 κατᾶ
1136 5719 1200 5776 τὸ
1255 5718 1386 5775 αὐτὸ
1441 5717 1530 5774 καὶ
1579 5718 1716 5793 πρὸς
1774 5718 1835 5773 τὸ
1892 5717 1990 5773 αύτ

2214 5719 2432 5777 10.Non
2463 5720 2655 5778 solum
2686 5727 2884 5779 autem
2905 5724 3233 5781 secundum
3254 5723 3412 5781 idem
3439 5728 3500 5782 et
3526 5725 3601 5782 ad
3625 5724 3785 5785 idem

2131 5003 2582 5078 longitudinem,
2615 5008 2981 5077 bicubitum;
3014 5011 3339 5066 secundum
3378 5010 3777 5081 latitudinem,

2134 5112 2248 5151 non
2282 5095 2607 5153 bicubitum
2640 5096 2870 5154 dicatur
2893 5103 2980 5166 ;et
3008 5100 3271 5172 fEthiops
3295 5102 3486 5174 quoad
3517 5100 3782 5173 corporis

2133 5184 2502 5256 superﬁciem
2534 5186 2720 5259 niger,
2753 5188 2944 5260 quoad
2975 5189 3180 5245 dentes
3210 5206 3326 5246 non
3356 5190 3560 5262 niger;
3593 5205 3784 5262 neque
