4094 6426
442 394 563 459 995

1695 382 2122 452 NIGEPHORI
2165 379 2609 451 BLEMMIDIE

3709 378 3810 456 996

438 529 639 604 perﬁci
687 530 915 602 oportet
942 525 1485 593 contradictionem,
1519 524 1620 581 sed
1672 524 1847 580 etiam
1877 524 2064 580 eodem

2194 517 2464 576 τελεῖσθαι
2524 521 2637 597 χρή
2704 522 2804 589 τὴν
2862 519 3158 597 ἀντίφασιν,
3211 517 3358 576 ἆλλᾶ
3415 519 3503 575 καὶ
3562 521 3807 595 ὡσαύτως,

441 621 639 690 modo,
668 623 726 675 et
752 619 813 673 in
845 617 1047 674 eodem
1080 615 1579 688 tempore.Eodem
1612 613 1848 685 quidem
1879 613 2080 681 modo;

437 726 511 765 ne
541 709 810 765 dicamus
837 707 1143 772 infantem,
1175 706 1626 777 grammaticum
1657 707 1713 758 et
1742 720 1855 757 non
1889 719 2083 775 gram-

440 798 721 853 maticum
747 815 762 864 ;
785 803 887 852 aut
917 794 1627 863 dormientem,videntem
1659 796 1715 847 et
1744 809 1857 847 non
1887 792 2083 846 viden—

436 890 557 942 tem
589 902 603 940 :
639 902 824 942 unum
855 885 1094 957 quidem
1120 889 1274 949 actu,
1307 881 1557 937 alterum
1589 886 1785 936 autem
1827 879 2082 952 potentia

437 975 866 1047 accipiendo.[n
896 973 1098 1030 eodem
1129 973 1381 1044 denique
1409 977 1779 1042 tempore,ne
1808 970 2080 1025 eumdem

435 1064 957 1135 hominem,quoad
989 1062 1146 1117 aliud
1175 1066 1408 1131 tempus
1441 1058 1898 1130 malum;quoad
1921 1057 2079 1113 aliud

433 1156 693 1226 tempus,
726 1169 842 1209 non
875 1150 1097 1207 malum
1127 1150 1413 1206 dicamus.

507 1243 594 1297 11.
627 1242 758 1297 Heec
806 1240 1004 1296 omnia
1033 1238 1180 1296 scire
1210 1242 1434 1311 oportet
1479 1252 1637 1302 eum,
1669 1236 1769 1308 qui
1800 1235 1930 1292 aliis
1962 1252 2077 1291 non

433 1330 559 1387 vult
586 1315 774 1403 decipi
805 1334 864 1386 et
890 1328 1247 1401 decipientes
1275 1328 1647 1399 redarguere.

505 1438 594 1493 12.
628 1437 768 1493 Inde
798 1435 1177 1492 manifestum
1208 1432 1474 1505 est,888
1506 1432 1661 1505 quod
1691 1448 1895 1488 omnes
1915 1448 2079 1504 para-

432 1525 666 1600 logismi
699 1526 771 1582 ad
814 1524 1240 1598 ignorationem
1270 1521 1496 1579 elenchi
1545 1522 1870 1577 referantur
1896 1538 1909 1588 ;
1939 1536 2075 1576 cum

434 1616 556 1672 sint
584 1614 717 1672 falsi
748 1613 989 1687 quidam
1010 1618 1066 1669 et
1094 1611 1339 1685 captiosi
1369 1610 1679 1677 elenchi,et
1708 1626 1776 1665 ea
1806 1610 1877 1665 de
1899 1626 2077 1665 causa

433 1704 736 1777 sophistici
766 1702 989 1759 elenchi
1036 1707 1336 1768 vocentur,
1368 1705 1435 1755 ut
1464 1700 1619 1772 quod
1651 1697 1768 1754 illis
1798 1698 2073 1770 sophistas

432 1797 693 1862 utantur,
727 1792 941 1865 quibus
993 1789 1139 1845 nihil
1178 1789 1336 1845 aliud
1386 1805 1535 1844 curse
1566 1792 1675 1855 est,
1711 1804 1888 1858 quam
1938 1803 2073 1842 eum

431 1899 565 1938 cum
597 1899 710 1953 quo
739 1882 1066 1952 conferunt,
1097 1878 1388 1951 ejusmodi
1417 1876 1687 1933 coloratis
1719 1875 2072 1949 syllogismis
2103 1905 2150 1969 B

433 1971 717 2028 decioere.

500 1989 557 2027 :c1
601 1989 717 2027 ere.

500 1989 597 2116 13F.)
639 2060 699 2117 Si
751 2059 935 2133 igitur
1000 2074 1173 2115 verus
1220 2056 1501 2113 elenchus
1555 2054 1935 2112 contradictio
1984 2058 2074 2110 est

428 2149 607 2206 unius
638 2153 695 2204 et
723 2150 988 2221 ejusdem
1020 2164 1137 2204 non
1185 2151 1416 2203 tantum
1450 2145 1728 2212 nominis,
1761 2145 1863 2199 sed
1894 2144 2070 2199 etiam

427 2238 511 2294 rei
544 2256 557 2295 :
592 2238 692 2310 qui
725 2238 835 2293 hoc
864 2235 1116 2303 sciverit,
1149 2234 1532 2307 sophismatis
1579 2234 1640 2288 in
1671 2232 1924 2289 dictione
1954 2248 2068 2286 non

425 2327 525 2384 sed
535 2332 756 2383 ucetur.

496 2418 583 2472 14.
613 2417 761 2472 Nam
809 2420 866 2472 et
907 2414 1283 2487 homonymia
1334 2429 1435 2486 per
1483 2413 1769 2468 diversam
1814 2411 2070 2467 nominis

425 2505 915 2579 signiﬁcationem
947 2504 1208 2561 diversas
1238 2519 1329 2559 res
1360 2502 1605 2557 inducit.

496 2595 582 2650 15.
614 2595 685 2650 Et
716 2591 1076 2666 amphibolia
1105 2596 1339 2665 propter
1367 2591 1689 2647 orationem
1720 2593 1778 2645 et
1805 2594 2069 2646 constru-

422 2685 677 2741 ctionem
734 2700 860 2756 qua:
919 2698 1101 2738 unam
1157 2682 1404 2737 formam
1461 2696 1573 2735 non
1632 2678 1867 2747 habent,
1915 2678 2068 2733 circa

422 2790 607 2829 unum
641 2789 758 2829 non
785 2776 1072 2828 versatur.

495 2863 580 2917 16.
608 2865 678 2917 Et
704 2878 837 2918 vero
868 2859 1212 2932 compositio
1242 2858 1388 2915 alias
1418 2874 1510 2913 res
1552 2856 1894 2929 composite,
1919 2855 2065 2911 alias

421 2952 604 3007 divise
649 2950 923 3006 declarat.
973 2948 1153 3020 Atqui
1220 2947 1282 3003 in
1328 2946 1560 3020 proprie
1607 2946 1763 3001 dioto
1825 2944 2064 3001 elencho

420 3056 607 3096 unum
655 3044 713 3095 et
740 3039 895 3095 idem
926 3054 1168 3111 prorsus
1210 3040 1266 3093 et
1290 3040 1452 3093 extra
1500 3034 1982 3107 compositionem
2009 3038 2066 3090 et

419 3131 480 3186 in
511 3127 928 3201 compositione
958 3126 1243 3183 declarari
1270 3130 1517 3198 oportet.

490 3218 578 3272 17.
608 3218 897 3273 Accentus
956 3220 1154 3272 autem
1186 3219 1573 3288 preterquam
1613 3214 1770 3287 quod
1800 3214 2059 3271 diversas

417 3307 903 3381 signiﬁcationem
950 3306 1145 3374 infert,
1178 3321 1252 3360 ne
1281 3303 1519 3376 quidem
1572 3320 1757 3359 unum
1787 3304 2060 3376 idemque

415 3412 523 3469 per
552 3394 750 3452 omnia
779 3410 992 3451 nomen
1022 3397 1234 3450 servat.

491 3485 577 3541 18.
612 3484 727 3541 Sed
757 3488 815 3540 et
843 3482 1119 3539 dictionis
1148 3482 1419 3556 ﬁguratio
1451 3480 1941 3555 signiﬁcationem
1972 3498 2059 3539 re-

416 3589 549 3629 rum
579 3573 874 3628 immutat.

487 3662 572 3717 19.
604 3666 795 3734 Atque
825 3661 960 3717 hinc
991 3660 1051 3715 in
1082 3659 1261 3717 nullis
1291 3661 1671 3734 sophismatis
1699 3660 1759 3715 in
1807 3660 2062 3717 dictione

411 3768 600 3807 unum
629 3751 905 3823 idemque
930 3767 1064 3806 cum
1083 3766 1297 3806 nomen
1328 3755 1456 3805 tum
1477 3767 1597 3806 rem
1621 3750 1880 3807 invenire
1903 3751 2057 3819 licet,

413 3840 567 3898 889
625 3841 1127 3912 quemadmodum
1181 3840 1302 3896 veri
1367 3840 1593 3896 elenchi
1653 3840 1911 3896 deﬁnitio
1967 3856 2056 3895 re-

412 3929 613 4003 quirit.

479 4018 570 4075 20.
625 4017 734 4075 Ubi
790 4022 986 4076 autem
1034 4016 1227 4075 locum
1275 4015 1517 4075 habebit
1562 4017 1621 4073 id
1674 4018 1850 4073 etiam
1899 4017 2057 4088 quod

410 4106 608 4182 plures
636 4108 1123 4182 interrogationes
1155 4125 1335 4163 unam
1367 4108 1524 4175 facit,
1559 4112 1624 4163 ut
1653 4108 1827 4163 etiam
1860 4107 1929 4161 ad
1964 4123 2056 4161 so-

407 4195 707 4269 phismata
756 4201 917 4252 extra
954 4197 1269 4252 dictionem
1321 4195 1724 4268 respiciamus,
1758 4194 2049 4267 siquidem

408 4283 688 4340 elenchus
718 4284 897 4340 unius
927 4289 983 4340 et
1012 4284 1195 4341 solius
1247 4285 1330 4339 rei
1360 4288 1486 4339 tum
1518 4283 1794 4355 nominis,
1831 4300 1932 4339 nec
1963 4283 2048 4338 di-

407 4389 710 4430 versorum
742 4372 1263 4429 contradictionem
1294 4372 1717 4429 ratiocinator?

478 4480 570 4536 21.
602 4480 903 4546 Quomodo
935 4483 1132 4536 autem
1163 4479 1592 4552 paralogismus
1613 4496 1645 4534 a
1669 4480 1823 4535 dicto
1855 4495 2057 4536 secun-

410 4569 553 4624 dum
601 4568 743 4641 quid
789 4574 847 4625 et
903 4567 1258 4640 simpliciter
1290 4585 1424 4624 cum
1455 4567 1695 4624 elencho
1746 4569 2051 4640 jungetur,

2191 611 2281 663 καὶ
2335 609 2386 664 έν
2438 615 2515 682 τῷ
2564 610 2699 683 αὐιῷ
2757 610 2964 687 χρόνῳ.
2998 609 3267 672 Ὡσαύτως
3323 607 3556 682 μὲν,“ίνα
3613 612 3681 684 μὴ
3728 610 3805 667 λέ-

2190 720 2371 774 γωμεν
2432 698 2494 754 τὸ
2559 699 2756 778 βρέφος
2801 694 3179 776 γραμματικόν
3225 719 3285 754 τε
3323 698 3413 753 καὶ
3474 698 3533 753 οὐ
3580 720 3804 775 γραμμα-

2189 788 2360 843 τικόν·
2392 790 2426 858 ἢ
2466 789 2557 844 τὸν
2617 791 2967 863 κοιμώμενον
3024 790 3236 862 ὁρῶντα
3294 787 3383 842 καὶ
3445 787 3551 863 οὐχ
3604 790 3803 861 ὁρῶντα,

2188 878 2251 931 τὸ
2305 878 2398 949 μὲν
2447 878 2583 933 κατὰ
2627 880 2689 932 τὸ
2734 876 2981 952 δυνάμει,
3028 878 3091 932 τὸ
3149 874 3205 931 δὲ
3257 877 3393 931 κατὰ
3456 877 3520 931 τὸ
3591 876 3804 953 ἐνεργείᾳ

2192 961 2574 1039 λαμϐάνοντες·
2623 966 2675 1022 έν
2736 972 2813 1039 τῷ
2882 966 3027 1039 αὐτῷ
3076 964 3134 1021 δὲ
3200 966 3407 1041 χρόνῳ,
3451 964 3543 1020 ἵνα
3600 967 3671 1038 μὴ
3726 967 3802 1020 τὸν

2189 1055 2351 1110 αὐτὸν
2414 1054 2696 1133 ἄνθρωπον
2755 1054 3000 1131 λέγωμεν
3056 1056 3172 1110 κατ’
3230 1053 3400 1110 ἄλλον
3482 1054 3573 1127 μὶν
3633 1055 3803 1131 χρόνον

2189 1143 2412 1221 φαῦλον,
2445 1147 2561 1200 κατ’
2591 1144 2760 1201 ἄλλον
2795 1142 2853 1199 δὲ
2883 1142 3047 1199 πάλιν
3075 1143 3274 1221 χρόνον
3308 1143 3369 1198 οὐ
3403 1142 3623 1221 φαῦλον.

2261 1235 2346 1290 ια’.
2379 1238 2555 1289 Ταῦτα
2582 1235 2755 1288 πάντα
2794 1234 2971 1309 χρεὼν
3020 1230 3216 1288 εἰδέναι
3263 1233 3356 1287 τὸν
3409 1234 3484 1306 μή
3531 1233 3579 1287 τ’
3626 1232 3804 1286 ἀπατᾶ-

2186 1322 2324 1394 σθαι,
2357 1323 2447 1377 χαί
2475 1322 2605 1386 τοὺς
2636 1322 2946 1385 έπατῶντας
2984 1319 3230 1397 ἐλέγχειν
3265 1319 3616 1397 βουλόμενον.

2258 1430 2349 1505 ιβ’.
2420 1431 2689 1494 Ἐντεῦθεν
2754 1426 2921 1499 δῆλόν
2974 1427 3136 1501 ἐστιν,
3185 1427 3260 1490 ὡς
3310 1428 3364 1483 οἱ
3427 1425 3805 1501 παραλογισμοὶ

2183 1518 2378 1581 πάντες
2437 1519 2511 1580 εἰς
2568 1519 2665 1587 τὴν
2724 1522 2821 1573 τοῦ
2878 1515 3117 1594 ἐλέγχου
3171 1514 3384 1593 ἄγνοιαν
3452 1513 3801 1594 ἀναφέρονται,

2183 1604 2400 1679 ψευδεῖς
2444 1629 2587 1670 τινες
2636 1603 2780 1669 ὄντες
2828 1605 3053 1683 ἔλεγχοι
3108 1606 3199 1661 καὶ
3257 1604 3554 1676 ἆπατηλοὶ,
3605 1603 3687 1658 καὶ
3733 1599 3805 1656 διὰ

2180 1701 2340 1751 τοῦτο
2392 1697 2692 1775 σοφιστικοὶ
2736 1695 3069 1769 καλούμενοι
3118 1692 3368 1771 ἔλεγχοι,
3401 1695 3475 1757 ὡς
3530 1690 3802 1769 χρωμένων

2180 1785 2397 1847 τούτοις
2444 1791 2554 1840 τῶν
2596 1791 2886 1864 σοφιστῶν,
2926 1790 3033 1841 τῶν
3088 1782 3255 1858 μηδὲν
3304 1782 3446 1840 ἄλλο
3506 1778 3801 1838 ἐσπουδακό-

2179 1895 2308 1947 των,
2370 1875 2406 1943 ir)
2463 1875 2733 1936 τοιούτοις
2801 1875 3350 1951 κεχρωματισμένοις
3436 1870 3800 1947 συλλογισμοῖς

2186 1964 2277 2018 τὸν
2308 1962 2839 2041 προσδιαλεγόμενον
2870 1965 3072 2035 ἀπατᾷν
3084 2009 3097 2021 .

2258 2060 2341 2126 ιγ’.
2387 2053 2451 2108 Εἰ
2505 2054 2683 2109 τοίνυν
2730 2054 2758 2107 ὁ
2808 2052 3024 2123 ἀληθὴς
3084 2051 3315 2129 ἔλεγχος
3375 2047 3646 2128 ἀντίφασίς
3705 2044 3797 2099 ἐστι

2178 2145 2275 2195 τοῦ
2313 2142 2475 2197 αὐτοῦ
2524 2142 2612 2197 καὶ
2669 2143 2783 2205 ἑνὸς
2846 2144 2919 2215 μὴ
2985 2141 3147 2216 μόνον
3201 2140 3489 2214 ὀνόματος,
3539 2135 3674 2193 ἀλλὰ
3722 2132 3797 2188 καὶ

2178 2229 2519 2305 πράγματος·
2564 2232 2592 2284 6
2638 2235 2799 2286 τοῦτο
2840 2228 2999 2293 εἰδὼς
3047 2230 3147 2285 οὐκ
3201 2231 3260 2284 ἂν
3319 2225 3645 2306 παρασυρείη
3696 2227 3796 2282 τοῖς

2177 2319 2322 2395 παρὰ
2348 2321 2447 2388 τήν
2481 2320 2623 2390 λέξιν
2654 2321 3003 2398 σοφίσμασιν.

2254 2405 2335 2464 ιδ’.
2370 2412 2439 2463 ’Ἠ
2469 2430 2527 2464 τε
2550 2409 2650 2485 γὰρ
2683 2409 2975 2483 ὁμωνυμία
3032 2406 3263 2486 διάφορα
3325 2405 3524 2482 εἰσάγει
3554 2404 3618 2459 τὰ
3643 2400 3795 2477 πράγ-

2181 2518 2322 2569 ματα
2352 2495 2441 2552 διὰ
2468 2505 2566 2567 τῆς
2627 2496 2887 2575 διαφόρου
2921 2498 3186 2571 σημασίας
3215 2502 3312 2552 τοῦ
3355 2495 3639 2569 ὀνόματος.

2249 2588 2327 2641 ιε’.
2359 2584 2458 2640 Καὶ
2487 2589 2522 2656 ἡ
2555 2582 2864 2664 ἀμφιϐολία
2893 2584 2980 2641 διὰ
3007 2591 3104 2642 τοῦ
3130 2584 3298 2661 λόγου
3358 2585 3447 2640 καὶ
3502 2589 3603 2652 τῆς
3633 2576 3795 2633 συντά-

2176 2674 2305 2744 ξεως
2335 2676 2398 2730 τὸ
2431 2673 2702 2749 μονοειδὲς
2746 2675 2845 2730 οὐκ
2896 2674 3134 2750 ἐχόντων
3195 2674 3257 2730 οὐ
3310 2673 3436 2746 περὶ
3489 2670 3543 2727 ἓν
3601 2661 3794 2741 καταγί-

2173 2784 2338 2818 νεται.

2248 2855 2331 2916 ις’.
2366 2853 2464 2908 Καὶ
2487 2856 2521 2923 ἡ
2566 2852 2807 2916 σύνθεσις
2840 2850 2897 2909 δὲ
2926 2854 3074 2923 καὶὴ
3110 2850 3372 2929 διαίρεσις
3403 2847 3545 2906 ἄλλα
3572 2845 3660 2919 μὲν
3689 2858 3792 2896 συν-

2177 2941 2517 3016 τεθειμένως,
2551 2941 2697 2997 ἄλλα
2727 2941 2784 2998 δὲ
2837 2940 3182 3018 διῃρημένως
3229 2939 3465 3012 δηλοῦσι
3504 2935 3792 3013 πράγματα.

2172 3036 2264 3086 Δεῖ
2294 3029 2339 3086 δ’
2369 3031 2457 3087 ἐπὶ
2486 3035 2583 3087 τοῦ
2611 3030 2816 3108 κυρίως
2846 3030 3081 3107 ἐλέγχου
3109 3031 3173 3086 τὸ
3203 3030 3337 3085 αὐτὸ
3375 3029 3464 3086 καὶ
3507 3024 3561 3080 ἓν
3611 3018 3793 3091 δηλοῦ-

2169 3122 2289 3176 σθαι
2316 3120 2586 3184 παντοίως
2615 3121 2705 3176 καὶ
2736 3121 2910 3198 χωρὶς
2941 3120 3029 3176 καὶ
3065 3120 3198 3195 μετὰ
3223 3118 3536 3178 συνθέσεως.

2246 3216 2327 3280 ιζ’.
2370 3217 2431 3267 Ἦ
2483 3209 2541 3266 δὲ
2596 3197 2900 3288 προσῳδία,
2957 3211 3094 3287 πρὸς
3146 3213 3226 3283 τῷ
3284 3207 3576 3288 διαφόρους
3634 3197 3791 3288 φέρειν

2169 3279 2291 3363 τὰςῗ
2324 3301 2614 3375 σημασίας,
2641 3279 2772 3356 ὀὐδέ
2823 3279 3061 3373 τοῖίνομα
3118 3279 3402 3378 φυλάσσει·
3428 3279 3490 3352 τὸ
3547 3290 3669 3347 αὐτὸ
3717 3279 3794 3339 καὶ

2166 3389 2222 3445 ἓν
2248 3391 2383 3445 κατὰ
2410 3388 2604 3449 πάντα.

2244 3480 2332 3549 ιη’.
2362 3479 2461 3535 Καὶ
2494 3481 2523 3534 ὁ
2550 3482 2649 3549 τῆς
2690 3476 2889 3553 λέξεως
2947 3475 3005 3533 δὲ
3052 3477 3445 3554 σχηματισμὸς
3492 3474 3595 3527 τῶν
3637 3480 3789 3539 πραγ-

2078 3598 2081 3599 ν
2173 3569 2355 3642 μάτων
2389 3566 2699 3625 έναλλοὶττει
2731 3569 2829 3637 τὴν
2864 3565 3132 3639 δήλωσιν.

2243 3665 2326 3722 ιθ’.
2358 3658 2645 3714 Κάντεῢθεν
2725 3658 2824 3713 οὐκ
2896 3652 3036 3713 ἔστιν
3119 3657 3290 3733 εὑρεῖν
3349 3655 3399 3711 ἐν
3460 3646 3664 3733 οὐδενὶ.⁸
3697 3640 3789 3733 τῶλς

2167 3748 2313 3823 παρά
2367 3748 2466 3816 τὴν
2528 3745 2668 3817 λέξιν
2725 3747 3072 3825 σοφισμάτων
3131 3721 3194 3801 τό
3240 3744 3371 3802 αὐτὸ
3402 3739 3489 3799 καὶ
3533 3738 3585 3792 ἓν
3638 3721 3792 3825 ἔίνρμά

2167 3857 2225 3891 τε
2247 3816 2342 3891 ¹καὶ
2373 3842 2619 3912 πρᾶγμα,
2652 3816 2829 3898 καθὼς
2862 3816 2902 3891 ὁ-
2930 3840 3028 3891 τοῦ
3070 3833 3314 3906 ἀληθοῦς
3367 3832 3598 3905 ἐλέγχου
3646 3816 3789 3891 λόγος

2169 3926 2402 3981 ἀπαιτεῖ.

2237 4016 2301 4073 κ’.
2335 4019 2448 4070 Ποῦ
2478 4012 2524 4069 δ’
2552 4012 2655 4088 ἕξει
2716 4015 2903 4091 χώραν
2954 4014 3045 4069 καὶ
3098 4015 3126 4068 6
3155 4014 3223 4067 τὰ
3268 4011 3445 4069 πλείω
3491 3998 3789 4091 έρωτῄματα

2166 4108 2338 4159 ποιῶν
2371 4103 2444 4175 ἓν,
2474 4101 2564 4159 ’ίνα
2592 4103 2681 4159 καὶ
2719 4104 2856 4179 πρὸς
2901 4102 3030 4164 τοὺς
3089 4099 3189 4174 ἔξω
3227 4104 3328 4171 τῆς
3378 4097 3569 4169 λέξεως
3607 4083 3787 4181 ἴδωμέν

2170 4192 2491 4271 σοφισμοὺς,
2541 4191 2689 4268 εἷ’περ
2738 4192 2766 4245 6
2813 4186 3045 4267 ἔλεγχος
3104 4190 3221 4251 ἑνὸς
3292 4189 3382 4245 καὶ
3457 4181 3618 4257 μόνου
3672 4181 3790 4272 ςπρῗ

2166 4250 2374 4359 γματός
2529 4281 2618 4336 καὶ
2661 4250 2983 4354 όνόματοςῗ
3003 4250 3129 4334 ἀλλ’
3187 4250 3249 4333 οὗ
3320 4250 3587 4352 διαφόρων
3662 4250 3786 4312 ἀντί’

2168 4392 2323 4448 φασιν
2356 4368 2735 4446 συλλογίζεται
2758 4389 2772 4438 ;

2235 4479 2335 4533 κα’.
2369 4481 2493 4539 Πῶς
2544 4473 2591 4530 δ’
2639 4475 2697 4530 ἂν
2753 4476 2780 4529 ὁ
2838 4476 2986 4553 παρὰ
3037 4476 3100 4531 τὸ
3139 4478 3219 4544 πῆ
3266 4475 3356 4530 καὶ
3397 4465 3584 4553 ἁπλῶς
3633 4464 3782 4553 ξταραξ

2165 4565 2429 4643 λογισμὸς
2494 4565 2627 4640 μετὰ
2674 4568 2771 4619 τοῦ
2834 4542 3071 4640 ἐλέγχου
3121 4542 3374 4640 ταχθείη,
3436 4556 3508 4632 μὴ
3568 4542 3649 4643 ἐπ’ξῖ
3700 4542 3783 4643 to?

410 4674 547 4714 cum
575 4657 638 4713 in
672 4674 791 4714 una
835 4661 892 4714 et
919 4657 1124 4714 eadem
1156 4674 1218 4713 re
1249 4657 1763 4715 contradictionem
1814 4674 1931 4714 non
1962 4675 2059 4715 ra-

2194 4624 2341 4711 ιόνιέοῖ)ι
2379 4624 2628 4717 καὶιένὸς
2684 4624 3006 4730 πράγματος
3050 4624 3515 4729 πλλὲγιζόμενος
3568 4635 3660 4701 τὴν
3704 4624 3781 4677 ἀν-

406 4745 721 4802 tiocinetur
747 4750 769 4803 Ρ

478 4836 569 4891 22.
603 4835 767 4902 Quod
820 4836 872 4892 si
901 4836 1080 4893 etiam
1111 4854 1180 4893 ex
1209 4836 1361 4893 datis
1410 4836 1740 4893 necessario
1779 4835 2057 4892 elenchus

410 4925 739 4994 conﬁcitur,
773 4925 979 4998 utique
1008 4926 1109 4999 qui
1141 4942 1257 4982 non
1286 4929 1376 4982 est
1404 4942 1473 4982 ex
1503 4926 1656 4982 datis
1705 4926 2053 4993 necessario,

409 5014 567 5070 haud
599 5012 878 5072 elenchus
907 5016 1099 5084 fuerit,
1120 5014 1312 5088 qualis
1341 5019 1430 5071 est
1460 5015 1511 5071 is
1541 5014 1642 5087 qui
1672 5032 1788 5071 non
1816 5032 2057 5073 causam

410 5107 477 5160 ut
505 5120 747 5161 causam
777 5104 961 5178 ponit.

478 5193 569 5248 23.
600 5193 730 5249 Jam
775 5210 910 5250 vero
949 5194 1051 5266 qui
1098 5210 1167 5250 ex
1211 5194 1507 5250 accidente
1555 5198 1609 5250 et
1663 5198 2055 5267 consequente

410 5286 571 5349 sunt,
601 5281 712 5338 etsi
760 5283 934 5339 etiam
964 5300 1035 5339 ex
1070 5284 1222 5340 datis
1249 5283 1616 5340 'concludere
1646 5285 1936 5353 videntur,
1964 5289 2054 5339 ta-

410 5385 546 5426 men
590 5387 696 5427 nec
750 5371 864 5445 ipsi
912 5389 982 5429 ex
1029 5373 1374 5430 necessitate
1426 5373 1805 5429 concludunt.
1856 5378 2054 5445 Neque

410 5457 566 5513 enim
598 5477 725 5532 quas
756 5462 1064 5532 praedicalo
1114 5464 1438 5521 secundum
1470 5465 1784 5520 essentiam
1818 5481 1933 5520 non
1963 5464 2053 5518 in—

411 5550 571 5614 sunt,
603 5547 723 5605 hwc
755 5551 825 5606 de
854 5552 1115 5623 subjecto
1146 5553 1449 5625 pradicari
1481 5570 1715 5609 necesse
1744 5559 1868 5623 est;
1900 5554 2055 5610 unde

413 5634 729 5694 accidentis
758 5639 1136 5713 syllogismus
1154 5659 1268 5697 non
1300 5646 1483 5698 est.At
1513 5660 1646 5714 pars
1675 5644 1804 5714 ejus
1832 5643 1933 5714 qui
1964 5647 2053 5699 est

410 5735 482 5781 ex
509 5727 825 5801 accidente,
856 5729 908 5787 is
936 5729 1113 5788 etiam
1143 5735 1233 5788 est
1262 5731 1363 5804 qui
1394 5736 1483 5790 est
1512 5748 1581 5789 ex
1609 5737 2002 5805 consequente
2036 5749 2048 5789 :

2165 4744 2376 4813 τίφασιν
2404 4762 2419 4813 ;

2223 4766 2440 4909 ῗιέῗῗνὲἷ
2485 4831 2543 4887 δὲ
2585 4831 2688 4887 κάκ
2732 4837 2839 4887 τῶν
2887 4829 3152 4888 δοθέντων
3204 4830 3256 4902 ἐξ
3301 4829 3535 4901 ἀνάγκης
3575 4812 3620 4909 ἡ

2166 4893 2527 4999 χοςιγίνεται,
2559 4920 2776 4984 πάντως
2825 4922 2852 4975 6
2908 4922 2982 4994 μὴ
3032 4920 3092 4975 έκ
3143 4893 3256 4973 τῶν,
3283 4893 3540 4975 δοθέντων
3572 4898 3620 5002 ἐξ

2215 4971 2267 4985 η
2347 4971 2527 4991 -.-,π-,
2568 4971 2774 4984 "mm,
2830 4971 2848 4975 -
2918 4971 2982 4990 --Ἰ
3291 4971 3338 4975 η

2164 4971 2269 5083 ἕης
2318 4971 2425 5066 ⁸οὐκ
2475 5007 2728 5086 ἔλεγχος·
2765 4971 2954 5073 ὁποῖός
3006 5010 3124 5065 ὁτὸ
3185 5011 3260 5083 μὴ
3312 5002 3484 5064 αἴτιον
3529 4981 3685 5051 ’ῑτιθεἒς
3720 4971 3784 5027 ὡς

2166 5100 2363 5161 αἷιειον.

2235 5198 2332 5269 κγε.
2384 5193 2440 5246 το
2492 5188 2549 5246 δὲ
2606 5190 2751 5265 ποιρά
2790 5190 2853 5244 τὸ
2903 5183 3279 5263 συμϐεϐηκὸς,
3325 5181 3436 5250 καῖ’

2165 5283 2452 5356 ἑπόμενον,
2500 5281 2545 5335 εἶ
2592 5280 2679 5334 καὶ
2739 5276 2958 5334 δοκοῦσι
3017 5276 3397 5352 συμπεραίνειν
3450 5264 3507 5319 ἐκ
3558 5266 3658 5308 των

2165 5336 2380 5445 θέντων,
2444 5368 2570 5425 ἀλλ’
2642 5369 2703 5423 οὐ
2776 5336 3228 5445 συμπεραίνουσιν
3283 5366 3334 5436 ἐξ
3391 5353 3615 5449 ἀνᾴγδξηε
3651 5336 3765 5449 lor:

2316 5426 2319 5427 ν
2368 5426 2380 5445 ,
2846 5426 2856 5441 .
2957 5426 2967 5445 .
3320 5426 3334 5436 .

2164 5460 2335 5517 αὐτοί.
2388 5457 2523 5514 Οὐδὲ
2577 5459 2680 5536 γὰρ
2741 5457 2838 5512 ὅσα
2898 5458 2972 5531 μὴ
3031 5458 3147 5513 κατ’
3206 5455 3388 5511 οὐσίαν
3447 5426 3774 5546 ὑπάρχείὲῖῖ

2164 5506 2335 5517 "‘"""
2394 5506 2522 5514 '"'
2591 5506 2677 5536 l'T
2746 5506 2837 5512 ""
2898 5506 2972 5531 r“:
3034 5506 3127 5513 ’ππ
3210 5506 3342 5511 *νηί
3553 5506 3559 5509 -

2163 5548 2649 5627 κατηγορουμένῳ,
2735 5547 2881 5601 ταῦτ’
2963 5547 3170 5632 ἀνάγκη
3217 5630 3227 5632 μ
3270 5544 3367 5600 τοῦ
3455 5506 3772 5632 ὑποξξῗιμξζῗ

2165 5602 2541 5627 """ll’r"|”
2601 5602 2649 5621 ⁸⁷
3078 5602 3088 5621 Ι
3160 5602 3169 5617 ⁵
3680 5602 3697 5613 Γ

2163 5642 2597 5718 κατηγορεῖσθαι·
2654 5637 2769 5692 ὅθεν
2854 5641 2951 5692 τοῦ
3023 5630 3232 5709 συμϐεϐ
3244 5632 3469 5725 ηκότοςο
3501 5608 3656 5725 ξῦκλρ
3679 5602 3770 5725 εΣΞ

2167 5692 2768 5809 ᾦλλέγζέέέόξ.Μὲρος
2802 5724 2859 5783 δὲ
2887 5730 2984 5782 τοῦ
3023 5692 3169 5809 παρὰ
3216 5692 3278 5782 τό
3330 5692 3656 5792 συμϐεϐηκὸς
3695 5692 3752 5734 κα

3481 5174 3509 5227 ὁ
3554 5156 3689 5235 παρά
3728 5143 3780 5200 τὸ

3474 5282 3507 5317 κ
3558 5234 3658 5308 τῶν
3706 5234 3779 5290 δο-
