4094 6442
328 383 442 457 997

1679 368 2030 448 EPITOME
2073 383 2376 448 LOGICA.

3618 387 3738 454 998

329 526 358 580 6
387 525 534 602 παρὰ
577 525 639 578 τὸ
687 521 970 597 ἑπόμενον,
1024 519 1176 594 μόνῳ
1224 517 1562 576 διαλλάττων
1615 523 1695 591 τῷ
1753 512 2020 590 latim-1

2102 536 2194 574 100
2224 519 2346 575 solo
2377 520 2643 576 evarians
2675 519 2831 592 quod
2862 521 3145 589 majorem
3178 523 3636 594 pr0positionem
3667 542 3737 582 ex

325 635 434 671 νειν
492 615 590 684 τὴν
642 613 808 687 μείζω
864 610 1120 686 πρότασιν
1168 609 1228 664 ἐκ
1258 607 1646 682 διεψευσμένης
1698 608 1974 682 ἀντιστρο-

329 711 454 783 φῆς,
513 700 637 758 Οὐδ’
694 705 722 757 ὁ
777 701 922 778 παρὰ
974 700 1036 755 τὸ
1095 698 1357 772 ἑπόμενον
1412 699 1514 772 ἄρα
1569 696 1964 783 συλλογισμὸς,

330 781 510 866 ὥσπερ
560 789 674 848 οὐδ’
704 792 732 846 6
771 792 918 867 παρὰ
962 790 1026 844 τὸ
1067 783 1437 862 συμϐεϐηκός·
1489 784 1665 848 οὐδεὶς
1709 787 1810 861 γὰρ
1860 781 1976 860 ἔχει

327 884 390 937 τὸ
431 881 482 952 ἐξ
513 881 775 956 ἀνάγκης.
807 875 941 933 Οῦτε
968 877 1090 954 γὰρ,
1125 877 1170 930 εἰ
1210 877 1238 930 6
1269 877 1552 951 ἄνθρωπος
1607 877 1767 945 ζῶον,
1799 873 1860 926 τὸ
1918 871 1975 926 δὲ

333 976 469 1042 ζῶον
504 963 857 1040 δισύλλαϐον,
893 968 1098 1042 ἀνάγκη
1124 966 1215 1021 τὸν
1276 966 1558 1040 ἄνθρωπον
1612 963 1739 1017 εἶναι
1791 960 1977 1016 δισύλ-

330 1054 518 1116 λαϐον·
553 1058 668 1114 ἐπεὶ
725 1055 866 1130 μηδὲ
924 1060 1004 1128 τῷ
1061 1056 1186 1128 ζώῳ
1239 1053 1521 1128 πρόσεστιν
1581 1048 1862 1111 οὐσιωδῶς
1917 1051 1978 1103 τὸ

332 1143 686 1221 δισύλλαϐον,
738 1145 832 1202 τίνα
912 1145 1004 1200 καὶ
1065 1146 1201 1200 κατὰ
1254 1149 1350 1199 τοῦ
1408 1142 1695 1217 ἀνθρώπου
1753 1139 1974 1216 λεχθείη

334 1239 476 1308 ζώου
513 1237 901 1312 τυγχάνοντος.
932 1230 1054 1289 Οῦτ’
1085 1232 1234 1295 αὖθις
1284 1233 1329 1287 εἰ
1383 1233 1410 1287 6
1471 1231 1797 1304 μαινόμενος
1854 1228 1980 1306 φεύ-

329 1347 410 1403 γει
467 1327 602 1399 πρὸς
659 1321 891 1400 ἔρημον,
934 1321 1147 1392 ἀληθὴς
1205 1320 1384 1392 δήπου
1441 1321 1596 1389 καὶή
1630 1319 1978 1396 ἀντιστροφὴ,

326 1415 527 1485 τὸ,τὸν
588 1412 851 1492 φεύγοντα
906 1413 1044 1488 πρὸς
1105 1410 1310 1487 ἔρημον
1365 1406 1475 1480 ἤδη
1531 1409 1620 1464 καὶ
1683 1407 1981 1482 μαίνεσθαι,

332 1501 469 1558 Οὐδὲ
517 1501 619 1579 γάρ
666 1501 805 1557 ἐστιν
867 1501 988 1575 (οὐκ
1043 1498 1176 1573 ἔστι)
1216 1504 1295 1570 τῷ
1355 1496 1445 1552 διὰ
1501 1495 1822 1575 φιλοσοφίαν
1886 1501 1980 1564 ζη-

330 1598 516 1649 τοῦντι
542 1594 638 1655 τὰς
673 1590 916 1668 ἐρήμους
963 1591 1025 1644 τὸ
1077 1589 1374 1662 μαίνεσθαι,
1407 1587 1712 1642 τούναντίον
1761 1589 1983 1659 μενοῦν-

332 1705 394 1760 γε
452 1680 668 1756 μᾶλλον
715 1682 778 1735 τὸ
844 1684 1157 1758 σωφρονεῖν.
1218 1678 1314 1732 Διά
1392 1678 1540 1732 ταῦτ’
1598 1677 1699 1748 ἄρα
1754 1679 1834 1746 τῷ
1887 1678 2008 1728 τοῦΔ

337 1771 574 1846 ἐλέγχου
606 1768 720 1847 ὅρῳ
748 1770 810 1824 τὸ
841 1768 892 1838 ἐξ
937 1769 1174 1843 ἀνάγκης
1234 1766 1619 1842 προσκείμενον
1684 1762 1985 1838 ἀναγκαίως

2089 607 2236 663 falsa
2266 609 2639 664 conversione
2669 610 2898 680 accipit.
2931 611 3127 682 Neque
3159 612 3336 683 igitur
3365 614 3466 684 qui
3498 631 3566 670 ex
3597 632 3735 670 con-

2088 702 2392 768 sequente,
2424 698 2798 770 syllogismus
2841 703 2968 765 est;
3003 700 3502 769 quemadmodum
3552 721 3658 759 nec
3687 705 3738 759 is

2089 786 2189 855 qui
2219 803 2287 841 ex
2335 788 2489 840 390
2522 794 2913 858 consequente
2952 787 3063 858 (est
3113 789 3588 862 paralogismus),
3622 792 3736 864 syl-

2091 874 2375 945 logismus
2421 881 2538 942 est;
2575 877 3073 945 quemadmodum
3127 893 3230 932 nec
3263 879 3312 934 is
3345 880 3445 951 qui
3477 897 3545 935 ex
3587 881 3739 936 acci-

2091 963 2262 1018 dente
2291 969 2416 1030 est;
2453 969 2655 1019 neuter
2686 965 2841 1018 enim
2872 965 2928 1018 id
2961 965 3159 1034 habet,
3191 969 3344 1038 quod
3380 985 3446 1023 ex
3487 970 3739 1026 necessi-

2090 1056 2208 1106 tate
2255 1057 2364 1107 est.
2397 1053 2590 1122 Neque
2633 1054 2788 1107 enim
2820 1053 2869 1107 si
2904 1053 3076 1109 homo
3110 1061 3197 1110 est
3252 1057 3491 1126 animal,
3525 1058 3743 1114 animal

2093 1146 2290 1196 autem
2321 1147 2410 1196 est
2439 1141 2832 1213 trisyllabum,
2871 1158 3104 1198 necesse
3125 1149 3212 1200 est
3243 1149 3308 1200 ut
3337 1145 3512 1202 homo
3545 1148 3621 1203 sit
3642 1149 3744 1203 tri-

2093 1229 2391 1301 syllabus;
2425 1230 2900 1301 quandoquidem
2950 1249 3138 1303 neque
3167 1234 3407 1290 animali
3459 1238 3744 1292 essentia-

2091 1317 2223 1374 liter
2252 1318 2519 1374 convenit
2544 1318 2934 1390 trisyllabum,
2968 1327 3032 1375 ut
3059 1321 3236 1376 etiam
3286 1323 3358 1378 de
3387 1323 3624 1381 homine
3653 1326 3740 1382 di-

2093 1411 2339 1476 ceretur,
2373 1407 2473 1478 qui
2528 1408 2748 1478 (homo)
2783 1414 2871 1463 est
2924 1410 3162 1466 animal.
3196 1411 3392 1483 Neque
3445 1431 3653 1470 rursus
3693 1414 3746 1470 si

2094 1495 2398 1552 insaniens
2431 1497 2578 1567 fugit
2607 1497 2677 1550 ad
2709 1498 3170 1566 desertum,vera
3192 1501 3472 1557 nimirum
3504 1507 3592 1558 est
3614 1520 3749 1559 con-

2091 1585 2280 1640 versio
2314 1585 2456 1655 haec,
2491 1601 2627 1640 eum
2660 1585 2756 1656 qui
2793 1586 2941 1659 fugit
2969 1589 3041 1642 ad
3075 1589 3536 1662 desertum,jam
3569 1594 3744 1650 etiam

2095 1673 2373 1729 insanire.
2400 1673 2598 1745 Neque
2628 1675 2784 1730 enim
2818 1677 2989 1747 inest,
3023 1693 3138 1732 non
3191 1679 3362 1747 inest,
3395 1680 3661 1754 inquam,
3695 1683 3747 1739 ei

2096 1763 2197 1833 qui
2230 1767 2463 1833 propter
2494 1762 2926 1834 philosophiam
2958 1767 3167 1836 quaerit
3196 1768 3742 1840 deserta,insanire;

338 1860 628 1936 ἀποτρέπει
659 1857 786 1920 τούς
815 1879 874 1912 τε
901 1858 964 1912 τὸ
1008 1858 1084 1929 μὴ
1145 1853 1315 1910 αἶ’τιον
1362 1855 1437 1917 ὡς
1492 1851 1662 1909 αἷίειον
1721 1852 1982 1924 τιθέντας,

2102 1854 2194 1907 sed
2229 1858 2430 1906 contra
2477 1852 2670 1922 potius
2705 1869 2909 1922 sapere
2957 1861 3013 1908 et
3043 1857 3411 1913 moderatum
3457 1877 3604 1915 esse.
3643 1863 3749 1916 Ea-

339 1949 464 2011 τοὺς
491 1950 636 2025 παρὰ
671 1947 734 2002 τὸ
765 1941 1134 2020 συμϐεϐηκὸς,
1163 1945 1252 1999 καὶ
1301 1943 1430 2006 τούς
1479 1944 1626 2020 παρὰ
1670 1942 1732 1996 τὸ
1781 1941 1989 2014 ἑπόμε-

338 2060 430 2095 νον
461 2035 783 2116 σοφισμοός.

412 2303 512 2364 κδ’,
544 2303 678 2367 Τοὺς
710 2303 769 2359 δὲ
797 2304 858 2358 τὸ
887 2303 954 2378 ίέν
1004 2302 1154 2380 ἀρχῇ
1202 2300 1482 2361 αἰτοῦντας
1535 2292 1883 2370 ἀκροϐολίζει
1929 2297 1992 2351 τὸ

347 2397 423 2471 μὴ
455 2393 958 2472 συναριθμουμένου
987 2396 1083 2446 τοῦ
1115 2390 1166 2446 ἐν
1196 2389 1367 2467 ἀρχῇ.

413 2576 508 2632 κε’.
556 2571 656 2628 Καὶ
706 2570 893 2634 ἄλλως
953 2568 998 2625 δ’
1046 2569 1106 2625 ἂν
1157 2569 1301 2630 ἰσως
1353 2567 1411 2623 ἐκ
1469 2565 1741 2644 διαφόρων
1812 2568 1989 2640 μερῶν

341 2668 440 2719 τοῦ
466 2665 557 2719 τὸν
601 2660 786 2732 ἀληθῆ
835 2657 1134 2730 δηλοῦντος
1189 2655 1420 2733 ἔλεγχον
1474 2657 1727 2732 ὁρισμοῦ,
1766 2656 1840 2726 μὴ
1899 2649 1994 2707 ὅν-

343 2774 436 2816 τας
484 2751 751 2828 ἐλέγχους
799 2748 1082 2824 ἀπελέγξοι
1132 2747 1258 2809 τοὺς
1322 2744 1668 2824 σοφιστικοὺς
1726 2745 1754 2798 6
1815 2743 1989 2814 ἐξετα-

349 2839 551 2901 στικός.

2101 1946 2336 2012 propter
2366 1940 2545 2011 igitur
2572 1939 2634 1992 τὸ
2668 1957 2737 1996 ex
2770 1943 3118 1999 necessitate
3166 1946 3492 2002 deﬁnitioni
3522 1948 3748 2005 elenchi

2102 2031 2396 2100 adjectum
2430 2031 2758 2085 necessario
2789 2032 3077 2099 avertit,et
3105 2050 3173 2089 ea
3202 2051 3329 2106 qua:
3361 2053 3478 2092 non
3508 2053 3749 2095 causam

2103 2134 2204 2190 pro
2238 2134 2416 2172 causa
2459 2124 2705 2189 ponunt,
2739 2124 2795 2174 et
2845 2137 2973 2191 quin
3019 2138 3088 2177 ex
3136 2124 3429 2181 accidente
3459 2131 3517 2182 et
3545 2144 3746 2184 conse-

2102 2211 2318 2278 quente
2349 2212 2488 2262 sunt
2518 2207 2906 2278 sophismata.

2172 2296 2260 2350 24.
2298 2294 2402 2350 Illa
2433 2295 2684 2367 denique
2715 2314 2840 2368 quae
2867 2302 3076 2370 petunt
3107 2300 3164 2356 id
3189 2303 3342 2372 quod
3375 2303 3433 2360 in
3463 2305 3750 2378 principio

2103 2390 2192 2440 est
2235 2385 2628 2456 propositum,
2663 2387 2903 2459 configit
2948 2388 3077 2455 hoc,
3111 2407 3225 2446 non
3270 2402 3655 2452 annumerato
3684 2413 3752 2453 eo

2103 2475 2258 2545 quod
2291 2479 2380 2529 est
2412 2475 2470 2528 in
2505 2474 2806 2547 principio.

2175 2565 2263 2618 25.
2316 2567 2384 2616 Et
2431 2579 2562 2618 vero
2613 2564 2787 2620 etiam
2854 2567 3023 2623 aliter
3068 2569 3334 2626 fortassis
3381 2589 3450 2628 ex
3505 2574 3750 2634 diversis

2104 2652 2372 2724 partibus
2403 2652 2762 2709 deﬁnitionis
2803 2654 3111 2712 elenchum
3144 2675 3344 2715 verum
3378 2662 3751 2735 declarantis,

2105 2741 2455 2813 sophisticos
2487 2741 2758 2798 elenchos
2791 2751 3102 2803 accuratus
3133 2747 3443 2824 indagator
3481 2769 3595 2809 non
3627 2771 3756 2812 esse

2104 2848 2271 2887 veros
2303 2829 2575 2886 elenchos
2607 2833 2878 2903 arguerit.

1433 3051 1582 3107 395
1619 3049 1823 3105 Tabula
1850 3050 2045 3121 capitis
2071 3049 2161 3119 39,
2194 3047 2260 3103 de
2289 3047 2532 3120 elencho,
2565 3056 2671 3106 etc.

1350 3213 1376 3267 1

995 3284 1169 3342 unius
1217 3291 1271 3340 et
1316 3283 1570 3356 ejusdem
1619 3298 1736 3356 non

1069 3363 1285 3412 tantum
1319 3355 1593 3424 nominis,
1638 3355 1736 3410 sed

1067 3430 1235 3485 etiam
1266 3428 1366 3484 rei.

2487 3280 2855 3350 homonymia

2483 3352 2835 3423 amphibolia

2485 3426 2898 3506 compositione
3158 3426 3190 3506 Ι
3233 3431 3352 3489 haec
3382 3431 3538 3490 enim
3569 3435 3762 3492 omnia

2486 3496 2761 3554 divisione
3156 3496 3182 3563 1
3301 3507 3550 3562 diversas
3572 3523 3664 3563 res
3686 3507 3766 3563 ef-

2485 3575 2724 3624 accentu

2489 3639 2666 3709 figura
2695 3641 2966 3698 dictionis

2489 3711 2748 3786 pluribus
2813 3713 3123 3786 interroga-

3305 3577 3504 3634 liciunt
3524 3595 3537 3634 :
3559 3594 3760 3634 accen-

3304 3656 3392 3704 tus
3451 3653 3622 3706 etiam
3644 3651 3756 3732 .di-

3302 3737 3461 3777 versa
3502 3736 3756 3778 nomina.

2562 3783 2811 3840 tionibus

2489 3853 2657 3936 dicto.
2686 3926 2696 3940 .
2809 3858 3122 3940 secundum

479 3961 764 4052 E16991“
930 3926 964 4052 ί
1779 3926 1808 4052 λ
1851 3926 2452 4052 horumelenchire-\
2765 3935 2820 3982 et
2898 3931 3122 3999 51mph-

585 4042 809 4135 ?32...“,.
921 4042 958 4135 ἃ
1353 4066 1388 4117 2
1784 4042 1820 4135 2
1852 4042 2020 4135 "(itii

2102 4080 2256 4119 orum
2304 4066 2381 4135 ig-
2439 4042 2452 4060 ’
2793 4069 2827 4121 2

437 4105 810 4163 ⁰⁰⁰¹Γ⁸ί¹¹⁰ί¹⁰
932 4105 964 4346 1
1000 4153 1066 4193 ex
1097 4136 1166 4191 iis
1197 4149 1318 4205 quae
1349 4137 1476 4190 data
1517 4142 1650 4190 sunt
1675 4151 1739 4191 ex
1779 4105 1798 4192 ί
1923 4105 2220 4193 iioratione
2258 4105 2384 4206 pez-
2424 4142 2451 4346 ἓ
2495 4154 2613 4193 non
2644 4154 2814 4194 causa
2851 4147 2912 4195 ut
2956 4157 3131 4198 causa
3240 4147 3448 4218 quippe
3498 4164 3566 4203 ex
3623 4150 3768 4205 datis

1073 4209 1426 4263 necessitate.
1779 4212 1789 4226 '
1925 4216 2058 4265 cant
2080 4225 2280 4264 omnes
2295 4226 2387 4278 pa-
2496 4209 2787 4266 accidente
3173 4148 3202 4346 ξ
3311 4223 3632 4279 necessario
3649 4238 3768 4278 non

1780 4237 1811 4346 ‘
1928 4281 2215 4346 ralogismi
2245 4297 2312 4336 ex
2497 4289 2880 4346 consequente
3312 4293 3612 4346 colligunt.

1097 4153 1166 4191 us
1197 4149 1318 4205 quae
1349 4148 1476 4190 data
1517 4148 1739 4191 suntex
1779 4148 1788 4192 ι
1926 4148 2220 4193 norauone
2258 4153 2384 4206 pec-
2495 4154 2613 4193 non
2644 4154 2814 4194 causa
2851 4148 2912 4195 ut
2956 4157 3131 4198 causa
3240 4148 3448 4218 quippe
3498 4164 3566 4203 ex
3623 4150 3768 4205 datis

1073 4209 1426 4263 necessitate.
1779 4212 1789 4226 '
1925 4216 2387 4278 cantomnespa-
2424 4148 2451 4346 ἓ
2496 4209 2787 4266 accidente
3173 4148 3202 4359 ἒ
3311 4223 3632 4279 necessario
3649 4238 3768 4278 non

1358 4351 1387 4359 Α
1780 4237 1813 4359 ι
1928 4281 2215 4352 ralogismi
2245 4297 2312 4336 ex
2497 4289 2880 4359 consequente
3312 4293 3612 4359 colligunt.

1356 4351 1391 4404 3
1781 4281 1820 4407 ι
1928 4281 2215 4352 ralogismi
2245 4297 2312 4336 ex
2429 4281 2880 4407 \consequeréte
3173 4281 3200 4359 )
3312 4293 3612 4366 colligunt.

1003 4439 1126 4479 non
1218 4398 1590 4479 annlimerato
1682 4439 1748 4478 eo
1792 4398 1832 4640 ‘
2141 4455 2146 4460 -
2427 4398 2454 4640 ς
2498 4424 2772 4506 petitione
2800 4398 2832 4407 ν
2919 4398 3197 4640 ρπίοοί->

1075 4494 1224 4565 quod
1255 4495 1430 4550 estin
1463 4494 1748 4566 principio
2569 4511 2648 4578 pii
2704 4502 2765 4550 ut
2822 4495 2988 4567 vulgo
3039 4499 3132 4553 di-

1075 4565 1344 4636 positum.
1380 4639 1389 4640 ί
2568 4575 2735 4622 citur.

1075 4494 1224 4567 quod
1255 4495 1430 4550 estin
1463 4494 1748 4566 principio
1807 4494 1831 4567 1
2427 4494 2450 4567 ι
2509 4494 2512 4495 ⁷
2569 4496 2648 4564 pii
2704 4502 2765 4550 ut
2822 4494 2988 4567 vulgo
3039 4499 3132 4553 di-

1075 4565 1390 4642 positum._
1476 4565 1479 4566 ⁷
1819 4565 1832 4642 1
2432 4565 2452 4642 )
2568 4567 2735 4622 citur.
2814 4640 2824 4642 _
2926 4565 2941 4567 ’
3172 4565 3776 4642 γοιὶρεδδρρθιιιιὶο-

1367 4639 1399 4692 4
1822 4639 1832 4702 Ι
2425 4639 2449 4702 ἵ
2801 4640 2832 4693 4
3174 4639 3200 4702 ὶ
3279 4639 3420 4698 num
3437 4639 3778 4702 convenien-

1006 4709 1322 4781 secundum
1413 4709 1589 4778 idem,
1681 4711 1752 4766 ad
1816 4709 1829 4781 Ι
2425 4709 2838 4781 [igroratione
2971 4709 3199 4781 e1en-\
3280 4715 3356 4770 tia
3389 4717 3658 4773 ostendit.

1078 4709 1322 4765 cundum
1367 4643 1589 4778 4idem,
1681 4711 1752 4766 ad
1791 4643 1832 4900 λ
2423 4643 2452 4925 ξ
2497 4643 2838 4781 igrorationlé
2971 4711 3130 4768 elen-
3169 4643 3201 4925 5

1078 4780 1264 4852 idem,
1328 4782 1528 4838 eodem
1583 4783 1753 4838 modo
2569 4781 2662 4837 chi
2713 4782 2776 4838 in
2824 4784 3013 4854 specie
3052 4786 3134 4841 sic

1080 4859 1135 4908 at
1161 4854 1360 4910 eodem
1392 4859 1661 4924 tempore.
2568 4853 2740 4910 dicta.

1080 4859 1135 4908 at
1161 4854 1360 4910 eodem
1392 4859 1661 4924 tempore.
1791 4853 1811 4900 Ι
2425 4853 2452 4924 \
2568 4853 2740 4910 dicta.

1670 5193 2010 5250 SYNOPSIS
2051 5194 2331 5250 CAPITIS
2370 5195 2482 5250 XL.

1363 5333 1514 5381 QUOD
1548 5333 1648 5374 EST
1684 5335 1755 5373 DE
1794 5334 2304 5375 PROPOSITIONIBUS
2344 5337 2410 5374 ET
2447 5336 2838 5376 SYLLOGISMIS.

374 5515 996 5591 1.Divisiones_aliqaot
1044 5516 1437 5591 propositionis
1469 5518 1675 5591 repetit.
1707 5545 1775 5555 —-
1821 5517 1873 5570 2.
1910 5517 2209 5591 P_rivalan_z_
2248 5517 2672 5586 propositionem
2722 5516 3009 5591 describit.
3057 5521 3342 5574 ostendens
3391 5521 3559 5574 simul
3613 5539 3790 5591 quare

447 5604 572 5642 cum
617 5587 854 5659 simplex
881 5590 964 5662 sit
995 5590 1272 5658 privativa
1314 5587 1782 5662 tameng’dicatur.
1819 5619 1883 5628 —
1933 5589 1979 5641 3.
2023 5588 2457 5662 Prwdicutorum
2490 5592 2548 5640 in.
2575 5590 3037 5662 propositionibus
3083 5593 3425 5662 simplicibus
3473 5596 3586 5648 sive
3624 5587 3787 5647 'habi-

450 5663 570 5714 tum
599 5661 714 5714 sive
753 5660 1121 5733 privationem
1145 5659 1586 5731 signiﬁcantibus
1633 5668 1683 5714 ει
1722 5662 1779 5714 in
1811 5662 2158 5733 transpositis
2205 5660 2480 5714 diversam
2529 5661 2799 5733 rationem
2841 5661 3103 5731 explicat.
3155 5659 3222 5703 -ἓ-
3273 5665 3426 5719 392
3482 5665 3534 5718 4.
3586 5669 3792 5733 Monet,

448 5746 518 5788 ne
543 5746 643 5804 pro
688 5730 952 5804 exemplis
980 5730 1278 5806 proposita,
1323 5748 1426 5805 pro
1473 5733 1701 5804 integris
1741 5732 2210 5805 propositionibus
2255 5733 2626 5803 accipiantur,
2676 5731 2771 5787 sed
2810 5730 2922 5805 pro
2958 5734 3276 5805 pradicalis
3322 5739 3538 5792 tantum
3585 5745 3638 5793 et
3686 5730 3791 5809 pro
