4094 6488
365 484 514 546 1001

1731 481 2079 544 EPITOME
2123 481 2429 542 LOGICA.

3636 493 3645 541 l
3663 487 3785 545 002

363 615 468 692 γὰρ
498 635 587 670 και
621 615 709 669 ὑπ’
737 614 906 684 αὐτὴν
945 616 1195 670 τέτακται
1241 616 1386 686 παρὰ
1427 619 1506 686 τῷ
1548 612 1872 689 τεχνολόγῳ
1927 613 2015 668 καὶ

2155 614 2240 668 sub
2275 614 2403 685 ipsa
2427 614 2708 671 collocata
2737 620 2826 671 est
2880 618 3031 688 apud
3087 617 3368 673 artiﬁcem
3397 617 3697 689 (logicum)
3728 621 3788 673 et

365 703 424 757 ἐκ
512 701 874 777 μεταθέσεως,
937 702 1012 765 ὥς
1087 723 1218 759 τινε.
1291 699 1508 781 ἔφασαν,
1570 702 1818 779 εἷ’ρηται·
1883 700 2021 757 διότι

367 793 472 848 ὑπὸ
527 793 627 862 τήν
681 793 974 872 κατάφασιν
1027 795 1062 862 ἡ
1097 793 1388 870 ἀπόφασις,
1437 793 1527 847 καὶ
1587 793 1689 848 ὑπὸ
1736 795 1834 862 τὴν
1895 793 2025 847 ἀπό-

367 903 525 961 φασιν
553 885 588 951 ἡ
619 883 938 960 κατάφασις.

441 971 504 1034 ς’.
540 967 720 1026 Ἀλλὰ
763 974 880 1032 πῶς
931 969 1030 1025 ούκ
1077 969 1383 1042 ἐκλήθησαν
1417 969 1560 1025 οὕτω
1590 970 1678 1025 καὶ
1727 970 1780 1024 αἱ
1830 989 2022 1044 στερη-

368 1057 666 1129 τικαὶ,τὴν
721 1057 886 1128 αὐτὴν
929 1057 1254 1136 τεταγμέναι
1303 1060 1490 1130 τάξιν·
1546 1059 1690 1114 οὕτω
1745 1060 1849 1134 γὰρ
1909 1056 2023 1134 ἔχει

372 1151 409 1218 ἡ
437 1146 616 1218 τάξις·

445 1239 770 1313 Ἀνθρωπος
803 1232 1010 1299 δίκαιός
1041 1235 1206 1295 ἐστιν.

446 1327 767 1402 Ἀνθρωπος
797 1322 1002 1388 δίκαιος
1035 1325 1134 1381 οὐκ
1161 1324 1322 1383 ἔστιν.

445 1416 770 1492 ’Ἄνθρωπος
801 1411 986 1478 ἄδικος
1017 1414 1115 1470 οὐκ
1145 1412 1305 1472 ἔστιν.

447 1506 771 1580 Ἀνθρωπος
804 1501 868 1559 ἅδ
878 1503 988 1566 ικός
1021 1503 1108 1559 ἐστ
1118 1526 1181 1563 ιν.

448 1598 773 1667 ’Ἄνθρωπος
809 1591 872 1648 ού
904 1589 1112 1654 δίκαιος
1146 1593 1244 1647 οὐκ
1283 1591 1446 1649 ἐστιν.

449 1683 768 1758 Ἀνθρωπος
799 1681 862 1737 οὐ
895 1676 1101 1744 δίκαιός
1130 1677 1269 1736 ἔστιν

373 1773 570 1846 Ἡμεῖς
628 1771 721 1845 μὲν
783 1769 873 1826 οὖν
934 1768 1022 1826 διὰ
1071 1772 1123 1826 τί
1183 1771 1242 1826 ἐκ
1296 1766 1626 1844 μεταθέσεως
1704 1770 2029 1844 ὠνομάσθη-

381 1883 499 1928 σαν,
531 1861 605 1923 ὡς
659 1855 1017 1933 ὑπελὲϐομεν,
1067 1862 1513 1936 προειρήκαμεν
1568 1859 1651 1914 ὅτι
1710 1856 1788 1933 δὲ,
1828 1860 1887 1922 ’ὀς
1947 1857 2031 1913 ἄν·

2135 707 2198 757 ut
2221 703 2459 774 quidam
2495 704 2704 760 dicunt
2723 722 2792 761 ex
2818 706 3280 778 transpositione
3307 707 3463 763 dicta
3484 707 3644 778 quia,
3677 708 3789 762 sub

2135 793 2526 848 afﬁrmatione
2556 797 2645 849 est
2675 796 2926 867 negatio,
2958 800 3014 849 et
3049 796 3159 851 sub
3193 796 3501 868 negatione
3531 796 3788 851 afﬁrma-

2136 881 2241 935 tio.

2203 971 2355 1028 395
2390 973 2444 1026 6.
2479 972 2592 1027 Sed
2640 973 2935 1043 quomodo
2989 989 3106 1029 non
3156 973 3333 1029 etiam
3385 972 3678 1045 privativa
3709 973 3794 1028 sic

2133 1064 2348 1114 vocata:
2396 1063 2537 1115 sunt
2593 1077 2721 1133 quae
2779 1062 2983 1117 eodem
3030 1061 3393 1118 collocantur
3439 1061 3663 1117 ordine.
3696 1061 3791 1117 Sic

2134 1147 2291 1204 enim
2322 1149 2464 1204 ordo
2495 1148 2671 1205 habet
2694 1167 2708 1204 :

2205 1237 2311 1292 Est
2339 1237 2515 1293 homo
2538 1239 2764 1310 justus.

2207 1325 2334 1381 Non
2366 1330 2454 1383 est
2482 1326 2658 1384 homo
2683 1328 2907 1399 justus.

2206 1414 2333 1470 Non
2364 1419 2454 1470 est
2481 1414 2658 1471 homo
2689 1433 2804 1472 non
2827 1417 3050 1487 justus.

2205 1502 2333 1559 Non
2365 1508 2455 1559 est
2483 1503 2658 1560 homo
2681 1506 2900 1574 justus.

2209 1592 2313 1646 Est
2343 1592 2518 1648 homo
2545 1593 2763 1663 justus.

2209 1683 2310 1735 Est
2337 1679 2515 1736 homo
2549 1699 2665 1736 non
2689 1683 2912 1753 justus.

2210 1769 2327 1824 Nos
2357 1767 2538 1841 igitur
2570 1788 2752 1842 quare
2773 1788 2842 1827 ex
2861 1771 3319 1844 transpositione
3341 1772 3655 1829 nominatas
3678 1773 3799 1829 sint

2140 1862 2207 1913 ut
2236 1857 2724 1926 existimavimus,
2759 1865 2894 1916 ante
2935 1861 3212 1916 diximus.
3265 1863 3428 1927 Quod
3459 1867 3658 1918 autem
3693 1862 3798 1934 qui

383 1952 603 2027 θρωπος
662 1946 870 2011 δίκαιός
917 1948 1078 2021 ἐστιν,
1132 1949 1292 2011 οὗτος
1350 1947 1634 2022 ἄνθρωπος
1692 1945 1876 2010 ἄδικος
1935 1947 2034 2002 οὐκ

385 2037 408 2052 Ἰ
620 2039 634 2052 ι
673 2037 698 2052 ν
732 2040 755 2052 Λ
1020 2037 1032 2052 9
1097 2036 1144 2052 ﬂ!
1401 2037 1414 2052 9
1513 2033 1536 2052 ν
1858 2036 1870 2052 1
1963 2038 2024 2052 ΑΩ

2155 1958 2230 2010 ast
2253 1945 2452 2026 justus
2484 1950 2682 2018 homo,
2715 1950 2812 2005 hic
2845 1967 2959 2006 non
2991 1950 3068 2006 sit
3096 1950 3271 2006 homo
3301 1950 3650 2023 iniustus,et
3674 1968 3792 2007 non

382 2037 516 2111 ἔστι,
548 2039 638 2093 καὶ
668 2037 946 2114 ἅνθρωπος
978 2037 1040 2092 ού
1094 2036 1299 2100 δίκαιος
1360 2037 1458 2092 οὐκ
1511 2033 1644 2110 ἔστι,
1677 2036 1925 2115 φανερόν.
1958 2038 2031 2092 Οὐ

387 2129 494 2202 μὴν
538 2125 598 2182 δὲ
643 2127 702 2188 ὃς
762 2123 1044 2203 ἄνθρωπος
1104 2123 1312 2188 δίκαιος
1363 2125 1461 2180 οὐκ
1492 2124 1654 2197 ἔστιν,
1685 2123 1794 2196 ἤδη
1827 2126 1916 2180 καὶ
1947 2127 2034 2180 ἄν·

383 2218 603 2292 θρωπος
679 2211 866 2276 ἄδικός
941 2212 1074 2271 ἐστι.
1133 2214 1204 2268 Τὸ
1275 2213 1380 2287 γάρ
1453 2214 1664 2290 νεογνὸν
1752 2211 2034 2290 ἅνθρωπος

383 2301 592 2365 δίκαιος
650 2301 749 2356 οὐκ
807 2299 984 2356 ἔστιν·
1047 2301 1147 2356 οὐκ
1198 2298 1309 2370 ἤδη
1345 2299 1402 2356 δὲ
1429 2301 1518 2355 καὶ
1569 2301 1850 2378 ἄνθρωπός
1896 2301 2036 2357 ἐστιν

382 2389 767 2454 ἄδικος.Ἀλλ⁹
798 2392 1082 2464 ἅνθρωπος
1113 2389 1175 2444 ού
1207 2387 1416 2453 δίκαιός
1449 2390 1611 2448 ἐστιν.
1630 2393 1722 2453 Ὃς
1746 2390 1804 2446 δὲ
1832 2387 2036 2466 ἅνθρω-

379 2503 483 2545 πος
515 2476 701 2542 ἄδικός
748 2479 907 2549 ἐστιν,
941 2477 1224 2556 ἄνθρωπος
1274 2479 1335 2534 οὐ
1384 2477 1592 2542 δίκαιος
1642 2479 1774 2550 ἐστι,
1806 2479 1897 2534 καὶ
1946 2481 2032 2534 ἄν·

380 2572 598 2647 θρωπος
630 2567 838 2632 δίκαιος
870 2567 970 2623 οὐκ
999 2564 1322 2623 ἕστι.Ταῦτα
1339 2568 1429 2622 καὶ
1453 2568 1630 2643 χωρὶς
1651 2576 1752 2638 τῆς
1772 2567 2035 2644 τεχνολο-

380 2666 542 2736 γικῆς
572 2657 885 2735 περιεργίας
915 2654 1060 2725 δῆλα
1085 2660 1165 2728 τῷ
1193 2662 1462 2733 νουνεχεῖ,
1493 2658 1591 2726 τὴν
1622 2662 1731 2712 τῶν
1777 2659 2030 2734 πραγμά-

379 2769 488 2804 των
530 2748 687 2826 φύσιν
730 2746 1167 2820 ὑπαγορεύουσαν
1218 2744 1363 2817 αὐτῷ
1399 2747 1498 2815 τὴν
1532 2744 1788 2816 ἀλήθειαν
1823 2745 2029 2822 ἔχοντι.

455 2837 520 2900 ς’.
554 2841 646 2890 Δεῖ
687 2832 756 2890 δι’
787 2834 1080 2912 ἐφιστάνειν
1132 2833 1302 2906 ὅλως,
1331 2833 1414 2888 ὅτι
1460 2834 1525 2890 τὸ
1571 2832 1855 2911 ἅνθρωπος
1906 2835 2034 2889 ὑπο-

381 2924 631 2999 κείμενον
690 2917 1062 2996 λαμϐάνοντες
1137 2923 1224 2977 ἐπὶ
1279 2927 1388 2977 τῶν
1437 2927 1729 2998 προσεχῶς
1789 2920 2032 2994 δεδηλω-

386 3014 564 3082 μένων
618 3014 851 3092 φάσεων,
903 3012 1190 3087 προτάσεις
1251 3011 1415 3074 αὐτὰς
1470 3009 1812 3086 ἀδιορίστους
1867 3016 2030 3083 ποιή-

383 3124 583 3176 σομεν·
639 3102 734 3163 τὰς
790 3098 1130 3176 άδιορίστους
1176 3097 1234 3154 δὲ
1284 3101 1592 3173 προτάσεις,
1626 3099 1714 3156 ἐπὶ
1759 3099 2031 3180 διαφόρων

378 3197 481 3247 τοῦ
514 3189 875 3264 ὑποκειμένου
928 3190 1123 3266 μερῶν’
1156 3188 1367 3262 ὁμοίως
1409 3196 1530 3252 ταῖς
1593 3195 1840 3266 μερικαῖς
1870 3189 2027 3247 δυνα-

383 3283 548 3356 μένας
603 3277 1005 3351 συναληθεύειν,
1033 3277 1422 3355 Ἀριστοτέλης
1473 3278 1655 3356 φησίν.
1695 3282 1846 3335 Ὅθεν
1905 3283 2029 3353 τὴν,

2141 2043 2218 2100 sit
2246 2044 2424 2099 homo
2455 2057 2570 2096 non
2593 2039 2817 2110 justus,
2871 2039 3251 2094 manifestum
3283 2044 3390 2095 est.
3435 2039 3560 2096 Non
3593 2044 3793 2096 autem

2142 2132 2243 2204 qui
2275 2149 2392 2188 non
2424 2134 2512 2186 est
2529 2130 2732 2199 justus
2779 2127 2975 2196 homo,
3011 2129 3136 2199 jam
3169 2129 3348 2183 etiam
3378 2134 3466 2185 est
3495 2129 3672 2184 homo
3703 2129 3794 2183 in-

2137 2223 2358 2293 justus.
2399 2220 2548 2274 Nam
2598 2233 2801 2272 recens
2857 2221 3030 2272 natus
3059 2217 3276 2284 infans,
3313 2234 3428 2272 non
3482 2222 3572 2274 est
3592 2219 3796 2288 justus

2141 2309 2356 2366 homo:
2391 2324 2507 2363 non
2541 2311 2738 2362 autem
2783 2307 2910 2375 jam
2959 2305 3136 2361 etiam
3171 2311 3260 2361 est
3307 2306 3482 2362 homo
3512 2306 3796 2376 injustus,

2143 2399 2244 2454 sed
2274 2404 2362 2455 est
2393 2398 2567 2452 homo
2600 2412 2717 2451 non
2739 2395 2964 2465 justus.
3010 2395 3120 2458 Qui
3151 2400 3348 2450 autem
3382 2399 3472 2450 est
3501 2395 3678 2450 homo
3708 2394 3799 2448 in-

2134 2489 2358 2560 justus,
2391 2492 2480 2542 est
2507 2486 2684 2540 homo
2714 2500 2830 2539 non
2869 2484 3093 2554 justus,
3129 2489 3186 2538 et
3237 2500 3353 2538 non
3385 2487 3475 2539 est
3502 2483 3678 2539 homo
3701 2485 3804 2554 ju-

2142 2583 2294 2633 stus.
2327 2577 2459 2631 Ηεεο
2491 2574 2666 2630 etiam
2700 2574 2924 2644 absque
2953 2589 3201 2644 operosa
3243 2573 3388 2629 artis
3418 2572 3802 2644 inquisitione

2142 2666 2326 2722 cuivis
2355 2663 2704 2732 intelligenti
2736 2661 3050 2717 manifesta
3080 2662 3348 2733 sunt,qui
3377 2661 3569 2734 ipsam
3602 2677 3798 2717 rerum

2143 2760 2415 2811 naturam
2450 2752 2627 2808 habet
2656 2750 2769 2806 sibi
2801 2766 3004 2806 verum
3037 2751 3506 2806 denuntiantem.

2209 2845 2264 2898 7.
2301 2841 2553 2898 Omnino
2580 2845 2776 2895 autem
2809 2839 2904 2894 hic
2925 2837 3316 2909 adjiciendum
3345 2843 3434 2894 est
3465 2841 3617 2910 quod
3649 2837 3698 2893 si
3728 2838 3791 2890 τὸ

2140 2933 2318 2989 homo
2348 2933 2408 2985 in
2449 2930 2620 2985 modo
2659 2927 2938 3000 expositis
2984 2927 3342 2984 dictionibus
3392 2944 3496 2999 pro
3526 2928 3792 2998 subjecto

2141 3021 2519 3094 accipiamus,
2555 3018 2714 3089 ipsas
2740 3016 3077 3072 indeﬁnitas
3120 3016 3548 3088 propositiones
3578 3016 3788 3073 facturi

2139 3111 2349 3168 simus.
2379 3109 2511 3164 Jam
2559 3122 2694 3161 vero
2743 3104 3076 3160 indeﬁnitas
3120 3105 3550 3176 propositiones
3592 3106 3664 3160 de
3693 3106 3786 3160 di-

2138 3200 2324 3256 versis
2354 3196 2598 3267 subjecti
2660 3193 2949 3266 partibus,
3001 3193 3242 3265 perinde
3285 3199 3352 3249 ut
3381 3193 3788 3266 particulares,

2139 3286 2320 3343 simul
2367 3301 2571 3342 verum
2619 3284 2773 3338 396
2819 3282 3010 3338 dicere
3063 3281 3405 3338 Aristoteles
3465 3283 3789 3355 proﬁtetur,

378 3349 702 3445 '-'Avﬁpw1toc
759 3349 998 3430 oixutoci
1048 3349 1178 3439 ἐστι,
1233 3349 1514 3441 πρότασιν,
1583 3370 1673 3424 καὶ
1725 3372 1842 3442 τήν,
1901 3349 2028 3428 ’Ἄνεζ

2155 3377 2307 3433 Unde
2337 3376 2506 3444 hanc,
2557 3373 2734 3427 homo
2784 3376 2873 3426 est
2921 3373 3143 3442 justus,
3196 3349 3676 3443 propositionem,
3736 3349 3794 3428 et

378 3463 596 3538 θρωπος
648 3457 858 3521 δίκαιος
903 3457 1002 3512 οὐκ
1055 3454 1213 3528 ἔστιν,
1247 3456 1334 3512 ἐπὶ
1393 3453 1664 3536 διαφόρων
1722 3465 1818 3515 τοῦ
1876 3461 2032 3515 καθό-

380 3549 484 3606 λου
532 3550 819 3624 ἆνθρώπου
881 3551 1077 3622 μερῶν,
1108 3543 1278 3622 ἤγουν
1334 3545 1422 3601 ἐπὶ
1479 3545 1750 3626 διαφόρων
1811 3549 2028 3623 ἀτόμων

382 3639 826 3712 λαμοανομὲνας,
883 3637 1020 3690 κατά
1075 3637 1176 3704 τὴν
1230 3639 1336 3690 τῶν
1424 3637 1868 3715 ἀποφαινομένων
1947 3637 2029 3694 ἔν-

379 3749 530 3784 νοιαν
564 3727 773 3803 ἰσχύειν
802 3723 1178 3795 συναληθεύειν
1214 3723 1313 3779 οὐκ
1342 3725 1447 3779 ἀπὸ
1477 3723 1662 3802 λόγου.

456 3818 528 3887 η’.
561 3819 721 3871 Ὅταν
785 3815 967 3888 μέντοι
1016 3813 1078 3867 τὸ
1130 3811 1412 3889 ἅνθρωπος
1463 3814 1536 3876 ὡς
1568 3815 1921 3889 ὑποκείμενον
1957 3819 2031 3891 μὴ

385 3900 662 3980 λαμϐάνοι
690 3925 796 3972 τις,
828 3901 954 3958 ἀλλ’
984 3899 1114 3956 ὅλον
1142 3902 1226 3966 τὸ,
1255 3903 1573 3979 ’Ἄνθρωπος
1617 3902 1824 3968 δίκαιός
1869 3905 2034 3977 ἐστιν,

382 3995 459 4057 ὡς
505 3991 982 4070 κατηγορούμενον
1044 3991 1229 4068 ὲτὲρου
1275 3991 1631 4065 ὑποκειμένου
1681 3989 2034 4068 λαμϐανομέ-

383 4105 521 4139 νου·
583 4083 840 4144 ὡσαύτως
892 4077 951 4135 δὲ
1006 4079 1096 4135 καὶ
1153 4081 1238 4146 τὸ,
1296 4081 1614 4157 Ἀνθρωπος
1675 4079 1882 4146 δίκαιος
1941 4085 2041 4139 οὐκ

388 4172 568 4228 ἔστιν·
631 4171 856 4232 εἰκότως
902 4169 1026 4224 τότε
1081 4169 1145 4224 τὸ
1203 4165 1400 4242 ψεῦδος
1482 4167 1721 4245 διαιροίη
1793 4172 1880 4227 καὶ
1937 4175 2038 4242 τὴν

386 4261 647 4333 ἀλήθειαν
703 4258 827 4335 ἄτερ
887 4252 1224 4338 ἀμφιϐολίας
1279 4258 1454 4321 τινός.
1497 4260 1724 4335 Ἀνάγκη
1783 4261 1885 4338 γάρ
1930 4266 2038 4317 τῶν

379 4374 443 4408 τε
485 4347 650 4406 ὄντων
710 4349 800 4404 καὶ
845 4353 953 4404 τῶν
1017 4349 1092 4420 μή
1151 4341 1319 4401 ὄντων
1377 4344 1598 4404 ἕκαστον
1632 4349 1667 4418 ἢ
1701 4349 1833 4404 εἶναι
1871 4352 2040 4426 τυχὸν

387 4440 673 4516 ἄνθρωπον
730 4435 1028 4510 δίκαιον,ἦ
1085 4437 1160 4506 μή
1222 4437 1377 4494 εἶναι.
1411 4433 1812 4511 Περιλαμϐάνει
1870 4442 2041 4516 γὰρὴ

395 4529 673 4607 ἀντίφασις
711 4528 886 4582 πάντα
923 4527 993 4581 τὰ
1037 4521 1165 4579 ὄντα
1219 4525 1309 4579 καὶ
1358 4526 1426 4580 τὰ
1486 4528 1560 4598 μή
1596 4521 1756 4582 ὅντα·
1816 4529 1906 4582 καὶ
1964 4527 2046 4604 ἐφ’

387 4619 467 4671 ὧν
514 4616 770 4689 ἀληθεύει
815 4616 876 4670 τὸ
923 4614 978 4670 ’ὲν
1032 4613 1221 4690 μόριον
1263 4621 1363 4684 τῆς
1410 4615 1761 4693 ἀντιφάσεως,
1794 4616 1877 4672 ἐπ’
1908 4617 2045 4672 ἐκεί-

2141 3467 2312 3534 hanc,
2346 3464 2522 3518 homo
2555 3479 2671 3516 non
2703 3465 2793 3515 est
2814 3462 3038 3530 justus,
3066 3461 3137 3515 de
3167 3460 3414 3516 diversis
3446 3460 3793 3516 universalis

2141 3553 2398 3611 hominis
2429 3552 2716 3623 partibus,
2751 3550 2861 3605 hoc
2917 3554 3027 3617 est,
3077 3550 3148 3604 de
3195 3550 3444 3605 diversis
3475 3551 3794 3606 individuis

2142 3647 2443 3715 acceptam
2476 3656 2579 3712 pro
2611 3638 3046 3694 enuntiantium
3079 3644 3362 3710 conceptu
3385 3638 3561 3694 simul
3591 3656 3793 3695 verum

2145 3747 2317 3804 posse
2346 3730 2559 3796 dicere,
2591 3745 2707 3782 non
2737 3730 2828 3782 est
2856 3744 2890 3781 a
2920 3726 3144 3781 ratione
3174 3725 3451 3782 alienum.

2215 3821 2269 3874 8.
2303 3818 2466 3885 Quod
2498 3818 2547 3872 si
2576 3823 2772 3872 tamen
2797 3813 2860 3867 τὸ
2890 3815 3086 3882 homo,
3119 3820 3184 3869 ut
3204 3816 3535 3886 subiectum
3565 3833 3681 3871 non
3702 3831 3798 3872 ac-

2146 3908 2325 3980 cipiat
2352 3905 2589 3978 aliquis,
2618 3905 2719 3960 sed
2750 3908 2940 3959 totum
2972 3903 3102 3969 hoc,
3135 3905 3236 3958 Est
3280 3904 3456 3959 homo
3479 3906 3702 3976 justus,
3735 3910 3802 3960 ut

2147 3995 2527 4070 praedicatum
2561 3992 2799 4048 alterius
2851 3992 3100 4062 subjecti
3147 3994 3302 4064 quod
3347 3995 3708 4062 assumitur;
3746 3998 3803 4049 et

2148 4069 2351 4142 eodem
2385 4069 2580 4151 mede,
2614 4082 2723 4137 hoc
2777 4080 2997 4153 ipsum,
3049 4081 3174 4136 Non
3222 4087 3312 4138 est
3350 4085 3553 4152 justus
3585 4084 3800 4151 homo;

2148 4179 2290 4230 tunc
2321 4172 2530 4228 merito
2560 4187 2765 4226 verum
2795 4175 2853 4226 et
2882 4169 3098 4226 falsum
3121 4171 3267 4226 citra
3297 4170 3480 4226 ullam
3514 4172 3803 4245 ambigui-

2149 4268 2330 4319 tatem
2361 4260 2644 4317 diviserit.
2676 4259 2922 4314 Necesse
2954 4263 3043 4314 est
3071 4249 3228 4314 enim
3260 4259 3507 4330 quodvis
3538 4278 3673 4316 cum
3704 4279 3805 4317 en-

2150 4353 2322 4418 tium,
2354 4355 2480 4405 tum
2514 4366 2628 4404 non
2661 4349 2910 4417 entium,
2952 4365 3081 4403 esse
3109 4348 3358 4420 exempli
3392 4352 3580 4420 gratia
3609 4351 3807 4406 homi-

2154 4459 2288 4497 nem
2310 4441 2543 4511 justum
2575 4438 2660 4494 vel
2684 4454 2800 4493 non
2829 4454 2977 4493 esse.
3007 4437 3403 4495 Contradictio
3423 4438 3582 4493 enim
3607 4440 3809 4495 omnia

2155 4529 2563 4600 complectitur
2591 4533 2648 4582 et
2675 4527 2834 4582 entia
2862 4532 2920 4582 et
2941 4544 3053 4582 non
3078 4527 3238 4581 entia
3265 4532 3323 4582 et
3350 4527 3409 4582 in
3443 4528 3658 4600 quibus
3689 4547 3809 4583 una

2156 4637 2292 4693 pars
2323 4616 2802 4674 contradictionis
2850 4633 3052 4671 verum
3093 4616 3234 4671 dicit
3277 4617 3348 4672 de
3377 4616 3496 4672 illis
3528 4618 3811 4673 mentitur

389 4727 500 4760 νων
558 4703 809 4780 ψεύδεται
869 4700 1114 4780 θάτερον·
1180 4703 1260 4782 ἐφ’
1287 4704 1360 4757 ὧν
1392 4701 1438 4758 δ’
1477 4703 1648 4759 ἐκεῖνο
1679 4703 1952 4780 ψεύδεται,
1983 4707 2037 4761 τὲ

2155 4709 2372 4765 altera:
2408 4707 2479 4760 de
2510 4705 2726 4776 quibus
2750 4710 2947 4760 autem
2979 4702 3082 4758 illa
3110 4705 3620 4772 mentitur,verum
3651 4707 3811 4762 dicat

395 4793 594 4849 λοιπὸν
646 4793 922 4864 ἀληθεύει.
953 4796 1196 4846 Τοσαῦτα
1235 4791 1325 4846 καὶ
1380 4796 1468 4846 νῦν
1527 4793 1650 4866 περὶ
1707 4794 2045 4868 προτάσεων.

465 4884 528 4937 θ’.
575 4879 959 4956 Συλλογισμοὶ
1013 4876 1072 4934 δὲ
1119 4884 1216 4935 τοῦ
1263 4880 1486 4956 πρώτου
1533 4885 1844 4955 σχήματος,
1875 4879 2047 4957 ἤγουν

393 4970 812 5047 συλλογιστικοὶ
865 4969 1082 5044 τρόποι,
1112 4969 1363 5044 τεσσαρες
1418 4967 1831 5044 παραδέδονται.
1889 4977 2052 5047 Πρῶ-

392 5082 493 5122 τος
525 5061 554 5115 6
586 5061 691 5115 ἀπὸ
747 5067 846 5130 τῆς
902 5064 1008 5121 πᾶς
1062 5058 1151 5113 καὶ
1195 5064 1298 5120 πᾶς
1345 5059 1583 5134 συνάγων
1617 5065 1721 5122 πᾶς
1747 5079 1759 5091 ·
1803 5057 2048 5136 δεύτερος

398 5151 431 5206 ὁ
461 5150 569 5204 ἀπὸ
598 5157 700 5218 τῆς
729 5155 833 5210 πᾶς
882 5149 973 5203 καὶ
1030 5145 1207 5209 οὐδεὶς
1266 5148 1510 5223 συνάγων
1566 5146 1745 5210 οὐδεὶς
1792 5149 1975 5224 τρίτος
2022 5151 2050 5204 6

395 5239 508 5294 άπὸ
563 5242 663 5308 τῆς
722 5237 804 5300 τὲς
863 5236 954 5292 καί
1008 5243 1133 5309 πᾶς,
1195 5237 1439 5312 συνάγων
1514 5236 1620 5299 τίς.
1676 5238 1961 5312 Τέταρτος,
2023 5239 2051 5292 6

395 5328 506 5384 ἀπὸ
561 5335 663 5398 τῆς
717 5327 802 5390 τὶς
869 5326 959 5381 καὶ
1017 5323 1215 5398 οὐδεὶς,
1249 5327 1489 5402 συνάγων
1541 5325 1602 5381 ού
1633 5332 1759 5389 πᾶς.
1791 5327 2051 5404 Τὲσσαρες

392 5416 596 5492 τρόποι
647 5415 736 5472 καὶ
795 5419 893 5470 τοῦ
949 5412 1199 5489 δευτέρου
1257 5417 1546 5490 σχήματος
1606 5412 2050 5491 σολλογιστικοίο

399 5508 430 5562 6
463 5506 571 5560 ἀπὸ
615 5513 717 5576 τῆς
762 5511 888 5576 πᾶς,
929 5504 1018 5560 καὶ
1068 5501 1270 5572 οὐδεὶς,
1303 5506 1546 5579 συνάγων
1607 5502 1819 5566 οὐδείς’
1873 5507 1902 5560 ὁ
1948 5505 2052 5560 άπὸ

398 5601 506 5664 τῆς
565 5593 742 5656 οὐδεὶς
796 5594 887 5649 καὶ
943 5599 1050 5656 πᾶς
1108 5593 1347 5670 συνάγων
1403 5595 1493 5648 καὶ
1541 5593 1701 5656 αὐτὸς
1752 5593 1965 5656 οὐδείς·
2027 5596 2054 5649 ὁ

397 5685 512 5741 άπὸ
543 5690 644 5754 τῆς
667 5686 752 5746 τὶς
785 5683 876 5739 καὶ
907 5681 1111 5753 οὐδεὶς,
1139 5684 1380 5759 συνάγων
1410 5681 1472 5737 ού
1521 5689 1626 5746 πᾶς
1654 5705 1666 5718 ο
1712 5684 1739 5737 ὁ
1793 5683 1898 5738 ἀπὸ
1953 5691 2054 5754 τῆς

403 5773 470 5832 οὐ
520 5779 626 5837 πᾶς
674 5773 764 5829 καὶ
810 5777 935 5845 πᾶς,
966 5771 1206 5849 συνάγων
1251 5772 1339 5827 καὶ
1389 5771 1548 5837 αὐτὸς
1588 5771 1650 5828 οὐ
1691 5777 1817 5838 πᾶς.
1867 5771 1959 5846 Ἓξ
2000 5769 2058 5830 δὲ

685 5902 952 5964 Parnm“
1002 5901 1112 5964 Gn.
1161 5900 1388 5964 CXLII.

2159 4796 2402 4867 reliqua.
2438 4799 2505 4849 Et
2535 4798 2768 4849 tantum
2801 4795 2976 4848 etiam
3009 4810 3164 4851 nunc
3194 4793 3266 4848 de
3289 4795 3810 4865 propositionibus.

2230 4886 2284 4939 9.
2321 4883 2656 4956 Syllogismi
2689 4887 2886 4938 autem
2919 4882 3118 4954 prima:
3151 4883 3372 4953 ﬁgurae,
3403 4882 3513 4938 hoc
3543 4884 3816 4938 estmodi

2162 4972 2527 5048 syllogistici,
2562 4976 2819 5043 quatuor
2850 4972 3008 5026 fuere
3039 4971 3259 5026 traditi.
3295 4972 3528 5027 Primus
3558 4988 3628 5026 ex
3656 4972 3813 5044 (pro-

2163 5061 2578 5134 positionibus)
2611 5060 2804 5115 omnis
2831 5065 2886 5115 et
2920 5059 3113 5114 omnis
3147 5059 3427 5132 colligens
3460 5061 3690 5116 omnis:
3725 5077 3816 5117 se-

2163 5151 2391 5206 cundus
2422 5167 2492 5205 ex
2520 5149 2713 5204 omnis
2737 5153 2793 5203 et
2815 5147 3012 5203 nullus
3031 5147 3313 5220 colligens
3333 5148 3533 5204 nullus
3561 5167 3574 5218 ;
3608 5152 3816 5206 tertius

2163 5256 2232 5295 ex
2263 5239 2478 5310 aliquis
2500 5244 2558 5294 et
2588 5238 2780 5293 omnis
2813 5237 3096 5309 colligens
3117 5238 3265 5293 391
3291 5238 3506 5310 aliquis
3532 5263 3545 5305 ;
3571 5245 3815 5310 quartus

2163 5346 2232 5386 ex
2261 5328 2474 5400 aliquis
2505 5332 2561 5382 et
2596 5326 2798 5382 nullus
2829 5326 3109 5398 colligens
3159 5343 3274 5382 non
3306 5327 3521 5383 omnis.
3555 5329 3818 5392 Quatuor

2165 5418 2325 5473 modi
2355 5417 2532 5473 etiam
2563 5417 2836 5472 secundae
2865 5415 3066 5488 figurae
3099 5416 3466 5490 syllogistici,
3498 5418 3728 5489 primus
3749 5434 3819 5474 ex

2165 5506 2358 5563 omnis
2388 5511 2445 5562 et
2474 5505 2672 5561 nullus
2695 5503 2974 5576 colligens
2997 5504 3196 5561 nullus
3222 5523 3234 5573 ;
3266 5507 3559 5562 secundus
3586 5523 3654 5562 ex
3685 5507 3817 5562 nul—

2165 5597 2256 5652 lus
2284 5602 2342 5650 et
2370 5596 2563 5650 omnis
2596 5594 2874 5666 colligens
2905 5593 3141 5650 nullus:
3175 5596 3386 5650 tertius
3417 5612 3486 5650 ex
3516 5596 3732 5668 aliquis
3765 5600 3824 5652 et

2167 5684 2368 5740 nullus
2391 5683 2672 5756 colligens
2699 5699 2815 5738 non
2843 5683 3036 5739 omnis
3065 5701 3078 5754 ;
3107 5691 3353 5755 quartus
3383 5703 3452 5741 ex
3482 5703 3596 5740 non
3628 5687 3824 5741 omnis
3912 5711 3915 5714 -

2168 5777 2226 5831 et
2255 5773 2448 5831 omnis
2475 5773 2759 5847 colligens
2807 5775 2865 5829 et
2894 5772 3021 5847 ipse
3069 5789 3186 5830 non
3235 5776 3448 5831 omnis.
3489 5776 3599 5831 Sex
3627 5779 3824 5832 autem

3466 5903 3542 5964 32
