4094 6434
340 375 486 430 Ηιυῖ
1583 367 1957 427 NICEPHUI

2164 367 2499 427 l'lMMlDJE
3601 369 3772 431 1008

337 506 637 563 moralem
671 503 1136 582 philosophiam
1170 524 1205 559 a
1236 504 1492 561 Socrate
1529 501 1797 577 primum
1828 502 2141 560 cxcultam
2175 509 2237 559 et
2268 500 2326 557 in
2362 500 2621 582 urbibus
2671 501 3070 572 collocatam,
3126 501 3320 580 inque
3374 502 3599 564 domos
3657 504 3768 563 in-

337 586 688 643 troductam
716 581 1013 651 aiunt,ut
1044 592 1263 642 auctor
1295 592 1389 641 est
1420 584 1783 641 Aristoteles
1833 589 1893 640 et
1940 582 2176 651 Cicero,
2240 587 2386 640 ante
2430 581 2607 641 illum
2659 592 3161 641 commemorant
3200 582 3529 643 Thaletem
3580 584 3769 644 Mile-

337 666 518 735 sium,
556 671 1024 740 Anaxagoram,
1066 664 1525 741 liuipmloclem,
1554 663 2003 733 Democritum,
2040 662 2493 743 Pythagoram,
2527 670 2590 720 et
2619 662 2774 720 alios
2799 663 3092 743 illustres
3144 663 3585 741 philosophos,
3642 666 3767 743 qui

339 763 557 805 omnes
585 745 649 803 in
680 744 1196 821 contemplatriee
1228 744 1946 821 philosophia,adeoque
1975 741 2164 800 etiam
2196 743 2259 801 in
2292 744 2565 801 naturali
2596 741 2856 802 scientia
2885 743 3161 819 insignes
3190 750 3252 802 et
3278 741 3760 816 clarifuerunt;

341 831 410 885 ut
438 825 632 883 cuivis
662 825 741 882 sit
771 824 917 883 hinc
950 824 1129 883 facile
1159 825 1472 899 colligere=
1512 823 1860 881 naturalem
1892 822 2215 881 scientiam
2263 840 2507 880 morum
2557 823 2891 901 disciplina
2940 829 3254 901 quatenus
3310 824 3566 901 quidem
3611 824 3764 884 haec

340 906 525 965 certis
556 906 887 983 praeceptis
916 904 1371 981 comprehensa
1401 909 1511 973 est,
1542 908 1738 962 multo
1772 904 2189 980 antiquiorem
2223 921 2377 961 esse.
2412 904 2553 983 Jam
2586 921 2731 962 vero
2762 921 2902 962 cum
2935 903 3176 963 artibus
3205 909 3267 963 et
3326 904 3602 964 scientiis
3649 904 3761 982 ip-

341 1005 411 1045 sa
438 982 626 1045 etiam
660 990 936 1043 suavitas
965 992 1025 1043 et
1058 985 1413 1062 iucunditas
1445 984 1719 1042 tribuere
1750 983 2000 1041 laudem
2032 984 2229 1041 soleat
2262 1000 2275 1051 ;
2324 988 2383 1041 et
2442 982 2522 1040 ab
2571 984 2690 1042 hac
2730 984 2990 1061 physica
3044 983 3267 1043 merito
3309 983 3765 1045 commendari

339 1072 568 1144 potest.
603 1064 760 1134 Quid
792 1066 957 1124 enim
990 1066 1263 1133 suavius,
1297 1065 1578 1139 adeoque
1610 1064 1863 1122 homine
1894 1064 2163 1144 dignius,
2194 1081 2380 1138 quam
2415 1082 2492 1121 ex
2522 1062 2879 1123 humilitate
2914 1071 3304 1123 terrenarum
3336 1072 3401 1124 et
3445 1072 3768 1143 angusta-

339 1143 478 1206 rum
516 1146 1022 1221 caducarumque
1055 1163 1261 1202 rerum
1295 1145 1358 1203 in
1391 1144 1786 1202 altitudinem
1821 1151 1879 1201 et
1911 1143 2393 1218 amplitudinem
2423 1144 2760 1204 ascendere
2788 1162 2997 1203 rerum
3028 1145 3378 1205 ccelestium
3405 1144 3436 1203 ?
3468 1152 3562 1206 tot
3618 1164 3767 1206 cae-

338 1227 543 1286 lorum
576 1226 780 1296 orbes,
816 1226 1300 1301 magnitudines,
1336 1225 1666 1282 distantias
1701 1245 1714 1282 :
1752 1231 1843 1282 tot
1871 1224 2194 1281 stellarum
2227 1223 2290 1281 in
2321 1223 2395 1282 iis
2426 1223 2852 1300 pulcherrima
2892 1243 3178 1302 corpora,
3243 1231 3336 1284 tot
3377 1226 3768 1286 earumdem

337 1314 593 1385 tamque
626 1306 830 1364 varios
864 1325 974 1363 nec
1009 1314 1214 1363 tamen
1250 1304 1625 1379 irregulares
1658 1311 1863 1363 motus
1897 1322 1911 1371 ;
1948 1310 2074 1385 tam
2107 1303 2381 1385 diversos
2411 1304 2665 1385 luminis
2688 1311 2755 1363 et
2811 1322 2953 1363 cum
3001 1305 3242 1365 lumine
3293 1304 3595 1365 virtutum
3655 1308 3767 1366 in-

336 1383 543 1446 ﬂuxus
573 1386 635 1445 in
670 1386 803 1444 hzec
836 1387 1127 1443 interiora
1162 1404 1173 1457 ;
1206 1385 1514 1460 imprimis
1547 1402 1694 1443 vero
1728 1385 1874 1442 solis
1904 1388 1965 1442 et
1995 1383 2159 1441 lunae
2192 1384 2449 1442 eﬂ‘ectus
2495 1384 2557 1442 in
2589 1384 2831 1443 dierum
2864 1391 2928 1444 et
2956 1386 3238 1445 noctium
3298 1385 3770 1446 vicissitudini—

336 1467 474 1538 bus,
499 1467 923 1537 incrementis,
956 1466 1371 1525 decrenientis
1406 1485 1418 1535 ;
1455 1468 1515 1522 iu
1552 1465 1886 1535 mensium,
1919 1482 2254 1532 annorum,
2288 1471 2595 1523 statorum
2631 1472 2986 1543 temporum
3034 1466 3554 1537 successionibus,
3589 1484 3765 1527 con-

333 1548 669 1625 templari?
698 1546 852 1615 Quid
873 1546 1236 1621 jucundius,
1272 1563 1463 1623 quam
1497 1564 1531 1602 a
1566 1545 1739 1603 cmlis
1768 1551 1831 1603 et
1861 1545 1993 1617 igni
2024 1546 2132 1625 qui
2163 1562 2529 1621 supremum
2560 1545 2725 1604 inter
2754 1545 3068 1605 elementa
3096 1546 3307 1605 locum
3338 1546 3612 1619 obtinet,
3667 1547 3765 1607 ad

334 1624 544 1687 aerem
576 1627 1016 1695 decrescendo,
1053 1633 1222 1684 totet
1254 1633 1379 1684 tam
1414 1626 1587 1683 varia
1618 1645 1728 1702 per
1751 1626 2027 1683 diversas
2071 1624 2208 1697 ejus
2242 1625 2525 1700 regiones
2559 1634 2859 1698 meteora,
2895 1625 3124 1704 partim
3148 1645 3294 1687 vere
3313 1625 3763 1701 subsistentia,

332 1707 562 1786 partim
592 1707 682 1766 ita
711 1713 955 1765 tantum
988 1714 1246 1784 propter
1276 1705 1514 1764 umbrae
1538 1712 1598 1764 et
1626 1706 1882 1764 luminis
1910 1704 2421 1764 commistionnes
2452 1705 2899 1786 radiorumque
2926 1705 3337 1766 retractiones
3365 1708 3761 1785 apparentia

335 1785 638 1865 spectare,
684 1787 1047 1846 eorumdem
1081 1805 1324 1856 causas,
1361 1786 1687 1844 materiam
1722 1786 2010 1857 formam,
2045 1786 2401 1856 efficientia,
2438 1786 2632 1865 ﬁnes;
2686 1791 2781 1846 tot
2827 1785 3085 1864 inquam
3137 1787 3753 1861 inﬂammationum,

334 1864 726 1927 chasmatum
758 1876 1167 1937 cometarum,
1206 1866 1455 1944 pluvia},
1492 1868 1673 1938 roris,
1710 1866 1971 1943 pruinae,
2015 1866 2173 1923 nivis
2227 1864 2571 1942 grandinis,
2636 1866 3083 1938 tonitruorum,
3136 1867 3500 1939 fulminum,
3564 1867 3760 1929 halo-

339 1948 787 2021 num,iridum,
836 1948 1241 2025 pareliorum,
1306 1952 1657 2019 ventorum,
1703 1954 1822 2005 ctc.
1883 1945 2328 2005 considerare?
2370 1946 2527 2016 Quid
2571 1947 3028 2025 voluptuosius,
3088 1966 3280 2025 quam
3323 1948 3602 2008 delatum
3666 1949 3758 2009 ad

334 2047 532 2108 aquas
562 2035 624 2087 et
656 2036 885 2088 terram
919 2027 1189 2108 fontium
1215 2034 1275 2085 et
1298 2026 1633 2108 ﬂuviorum
1668 2033 1862 2097 ortus,
1892 2027 2162 2085 marium
2195 2032 2401 2108 mstus,
2440 2032 2621 2108 terra:
2644 2027 3108 2099 concussiones,
3132 2028 3525 2107 totidemque
3547 2028 3751 2089 etiam

332 2106 493 2169 iniiis
523 2108 1040 2177 substantiarum,
1082 2114 1148 2166 ut
1180 2106 1539 2176 herbarum,
1580 2108 1893 2177 fruticum,
1925 2108 2306 2184 plantarum,
2345 2106 2622 2183 lapidum
2658 2108 2803 2167 item
2849 2114 2914 2166 et
2962 2108 3385 2180 metallorum,
3425 2106 3755 2169 aliorum-

332 2208 455 2268 que
487 2187 789 2249 fossllium
818 2190 1233 2267 proprietates
1264 2193 1323 2245 et
1354 2187 1611 2245 dilTeren
1626 2187 1739 2245 tias
1770 2187 2036 2246 scrutari
2065 2188 2092 2268 ‘l
2124 2187 2242 2268 Qui
2267 2186 2344 2244 ad
2368 2187 2562 2245 animi
2602 2188 3089 2248 oblectationem
3150 2188 3351 2267 magis
3405 2204 3753 2268 compara-

332 2266 490 2341 tum,
526 2287 716 2347 quam
749 2266 844 2328 tot
872 2269 937 2327 in
968 2286 1133 2337 aere,
1171 2285 1358 2344 aqua,
1397 2272 1563 2325 terra
1591 2268 1954 2343 degentium
1989 2266 2358 2325 animalium
2392 2273 2710 2337 naturam,
2753 2269 2818 2327 in
2842 2268 3061 2347 primis
3103 2266 3281 2329 vero,
3312 2266 3588 2329 hominis
3647 2287 3755 2330 co-

329 2368 631 2428 gnoscere
666 2366 679 2420 ;
742 2350 849 2427 qui
906 2368 1029 2407 non
1069 2353 1310 2406 tantum
1346 2366 1419 2405 ex
1444 2365 1729 2425 corpore,
1771 2347 1951 2423 cujus
2010 2349 2283 2424 partium
2339 2356 2677 2418 structura,
2714 2354 2775 2407 et
2828 2350 3294 2425 coagmentatio
3335 2349 3756 2410 solertissima

329 2436 393 2489 et
422 2429 811 2488 divinissima
839 2436 931 2488 est
965 2447 978 2500 ;
1014 2429 1121 2486 sed
1149 2429 1335 2485 etiam
1370 2446 1445 2485 ex
1479 2430 1691 2485 anima
1722 2429 2112 2504 intelligente
2142 2434 2410 2494 constat,
2446 2446 2587 2505 qua:
2619 2428 2950 2488 facultates
2981 2435 3042 2487 et
3087 2430 3490 2507 operationes
3547 2430 3753 2490 habet

329 2509 708 2589 multiplices
737 2515 799 2569 et
821 2512 1003 2587 plane
1035 2507 1495 2567 admirabiles?
1550 2509 1709 2577 Quin
1768 2511 1895 2567 imo
1952 2511 2231 2586 ipsorum
2282 2508 2737 2589 elementorum
2800 2509 3302 2589 uiutationesin
3350 2527 3417 2569 se
3473 2509 3754 2570 invicem

326 2588 606 2668 itemque
635 2591 840 2668 prima
870 2589 1546 2667 principia,materiam
1578 2596 1640 2647 et
1670 2590 1960 2655 formam,
1997 2606 2069 2648 ac
2119 2588 2635 2647 communissima
2687 2588 2972 2648 omnium
3031 2588 3256 2650 exinde
3313 2591 3751 2651 constantium

327 2689 539 2732 rerum
570 2670 873 2729 attributa
905 2676 1143 2729 motum
1174 2669 1514 2739 infinitum,
1549 2668 1757 2727 locum
1789 2675 1850 2728 et
1880 2674 2130 2746 tempus
2173 2668 2536 2727 examinare
2566 2670 2594 2727 ἲ)
2627 2668 2849 2728 Merito
2905 2669 3098 2746 igitur
3152 2669 3563 2746 gravissimus
3621 2688 3746 2731 au-

327 2757 462 2811 ctor
493 2750 706 2810 Cicero
736 2750 915 2821 dixit,
947 2750 1513 2809 considerationem
1545 2748 2271 2826 contemplationemque
2303 2748 2590 2808 naturale
2648 2749 2967 2827 quoddam
3025 2749 3384 2810 animorum
3443 2751 3746 2827 ingenio-

326 2849 595 2909 rumque
625 2848 758 2891 esse
813 2831 1140 2908 pabulum.
1191 2828 1365 2888 .‘ilulti
1411 2830 1821 2906 picturarum,
1868 2837 1927 2888 et
1972 2829 2342 2905 imaginum,
2392 2828 2499 2888 alii
2543 2828 2730 2888 etiam
2797 2829 3229 2902 aediﬁciorum,
3310 2830 3753 2904 basilicarum,

328 2908 719 2972 theatrorum
762 2910 1148 2989 inspectione
1194 2910 1605 2968 delectantur.
1656 2909 1775 2970 Sed
1809 2909 1960 2986 quid
2002 2909 2122 2968 ista
2168 2909 2381 2969 omnia
2424 2909 2686 2969 humani
2731 2908 2972 2988 ingenii
3014 2910 3273 2971 inventa
3314 2917 3379 2971 et
3421 2928 3619 2990 opera
3660 2912 3758 2973 ad

327 2992 521 3053 totius
565 2992 837 3051 universi
878 2990 1431 3070 picturalissimum
1478 3008 1655 3067 opus,
1705 2991 1785 3047 ad
1834 2991 1948 3070 hoc
2020 2994 2263 3048 naturae
2334 2989 2790 3068 amplissimum
2876 2991 3191 3050 theatrum
3270 2990 3442 3069 quod
3470 2989 3481 2990 '7
3512 3010 3550 3052 a
3614 2994 3754 3053 Deo

330 3078 678 3152 opt.rmax.
727 3090 803 3131 ex
848 3071 1044 3130 nihilo
1090 3071 1464 3152 productum
1509 3075 1731 3152 est,get
1773 3069 1981 3152 adhuc
2024 3070 2458 3147 potentissime
2500 3077 2887 3130 sustentatur
2948 3071 3359 3152 regiturque?
3397 3070 3529 3152 Hic
3588 3089 3758 3134 sane

333 3149 438 3212 hic
481 3151 743 3230 inquam
788 3170 952 3211 verae
995 3150 1264 3228 ingeniis
1308 3150 1752 3230 excelsioribus
1797 3149 2154 3228 voluptates
2199 3157 2437 3229 paratae
2502 3155 2667 3221 sunt,
2719 3169 2842 3209 non
2909 3151 3163 3230 quidem
3223 3151 3348 3211 illa:
3390 3151 3453 3210 in
3516 3169 3626 3211 esu
3671 3172 3761 3215 ac

377 3238 511 3305 otu,
556 3229 621 3291 in
665 3231 927 3301 lusibus,
973 3231 1037 3289 in
1085 3230 1382 3308 pecuniis,
1432 3230 1493 3289 in
1541 3229 2000 3302 sodalitatibus,
2049 3231 2112 3289 in
2158 3230 2502 3301 amoribus,
2568 3232 2853 3308 adeoque
2894 3229 2960 3291 in
3022 3231 3306 3310 corporis
3370 3230 3762 3292 titillationi-

377 3330 469 3385 us,
518 3313 624 3371 sed
668 3313 732 3371 in
778 3313 1136 3370 animorum
1199 3310 1438 3369 deliCiis
1500 3316 1561 3369 et
1617 3310 2145 3370 oblectationibus
2202 3311 2650 3384 consistentes;
2699 3329 2842 3389 quae
2906 3329 3022 3372 nec
3064 3318 3134 3371 ut
3209 3311 3334 3372 illa:
3393 3329 3624 3372 crassae
3691 3320 3769 3376 et.

331 3410 651 3470 corporeae
684 3401 1128 3451 momentanea
1158 3390 1461 3450 brevitate
1504 3390 1721 3449 inanes
1764 3392 2131 3468 relinquunt
2172 3397 2511 3450 sectatores
2549 3409 2718 3463 suos,
2765 3408 2879 3451 nec
2920 3391 3332 3452 diuturnitate
3393 3391 3764 3456 molestiam

328 3480 565 3543 creant,
613 3490 728 3532 nec
768 3472 906 3551 ipso
951 3490 1065 3530 usu
1111 3471 1411 3530 damnum
1461 3470 1759 3529 inierunt.
1810 3471 2113 3530 Nimirum
2164 3470 2330 3548 quod
2377 3471 2589 3531 Cicero
2636 3471 2984 3548 generatim
3046 3471 3208 3532 dixit
3248 3472 3328 3532 de
3386 3472 3610 3533 studiis
3655 3473 3769 3535 lit-

328 3560 631 3625 terarum,
676 3552 799 3612 hoc
841 3551 1161 3629 sigillatim
1206 3551 1283 3610 de
1328 3552 1708 3610 naturalium
1756 3570 1966 3611 rerum
2011 3551 2273 3610 scientia
2329 3557 2390 3610 et
2453 3551 2989 3630 contemplatione
3048 3553 3370 3612 verissime
3435 3553 3756 3617 afﬁrmari

327 3639 556 3712 potest,
598 3633 767 3711 quod
809 3632 940 3691 alat
982 3632 1491 3712 adolescentiam,
1541 3638 1925 3692 senectutem
1969 3631 2261 3712 oblectet,
2309 3631 2616 3691 secundas
2660 3650 2758 3692 res
2802 3638 3009 3704 ornet,
3057 3633 3337 3693 adversis
3377 3633 3751 3711 perfugium

330 3710 394 3774 et
436 3710 729 3773 solatium
777 3712 1077 3793 praebeat,
1139 3710 1423 3793 delectet,
1446 3712 1643 3793 domi,
1708 3731 1832 3771 non
1893 3711 2200 3793 impediat
2244 3712 2416 3793 foris,
2479 3717 2803 3793 pernoctet
2865 3712 3219 3786 nobiscum,
3284 3710 3765 3793 peregrinetur,

330 3794 687 3854 rusticetur.
713 3790 882 3874 Quis
924 3792 1119 3870 igitur
1161 3810 1287 3851 non
1328 3792 1429 3874 vel
1474 3791 1663 3869 hujus
1706 3793 2033 3853 suavitatis
2075 3798 2137 3852 et
2173 3790 2591 3870 jucunditatis
2633 3792 2911 3867 nomine,
2958 3811 3085 3872 qua
3126 3790 3316 3872 plena
3359 3790 3478 3866 est,
3530 3794 3765 3874 physi-

330 3892 471 3934 cam
515 3872 1081 3951 magnifaciendam
1127 3872 1350 3951 putet?

411 3949 649 4014 Verum
685 3954 853 4013 enim
897 3971 1045 4013 vero
1088 3949 1211 4012 non
1258 3952 1394 4011 hzec
1437 3957 1686 4011 tantum
1730 3951 2005 4011 suavitas
2048 3955 2110 4033 et
2145 3949 2531 4033 jucunditas,
2579 3950 2941 4033 sed_etiam
3004 3952 3339 4033 multiplex
3402 3952 3645 4014 utilitas
3689 3956 3764 4016 in

334 4034 990 4094 commendationibus
1034 4033 1309 4112 physicae
1354 4033 1912 4093 commemoranda
1961 4032 2153 4090 venit.
2203 4034 2359 4089 Nam
2434 4031 2577 4112 licet
2646 4030 2836 4091 etiam
2907 4030 3433 4111 propter—solam
3507 4040 3762 4095 naturas

332 4116 773 4199 cOgnitionem
818 4121 879 4174 et
924 4111 1556 4199 contemplationem,
1612 4118 1921 4199 quam_ut
1963 4112 2439 4199 contemplatim
2495 4111 2757 4199 scientia
2816 4131 2929 4199 pro
2974 4113 3098 4199 ﬁne
3168 4113 3313 4199 sibi“
3358 4116 3760 4199 propositam

330 4195 523 4255 habet
595 4194 875 4274 physica,
950 4195 1207 4254 minime
1269 4192 1731 4252 contemnenda
1790 4193 1891 4274 sit,
1974 4194 2455 4274 quamplurimas
2536 4197 2749 4251 tamen
2819 4192 2913 4251 illi
2973 4194 3163 4252 etiarn
3234 4192 3375 4254 alim
3444 4195 3760 4257 utilitates

331 4272 788 4353 adjungiint'ur.
838 4275 930 4335 Ad
977 4276 1331 4334 universam
1377 4274 1543 4331 enim
1590 4275 1719 4332 fere
1762 4272 2231 4351 philosophiam
2280 4273 2509 4331 multas
2552 4277 2613 4353 et
2646 4289 2938 4353 imagnas
3006 4274 3309 4335 utilitates
3378 4274 3584 4335 affert.
3661 4277 3765 4338 Ad

332 4352 826 4434 metaphysicam
875 4355 1154 4433 quidem,
1200 4353 1369 4431 quod
1415 4372 1489 4413 ex
1534 4355 1836 4413 continua
1898 4356 2283 4412 moventium
2356 4359 2420 4412 et
2492 4352 2819 4434 mobilium
2864 4353 3022 4413 serie
3083 4372 3226 4432 quae
3300 4355 3547 4415 inﬁnita
3614 4374 3757 4419 esse

332 4454 457 4495 non
503 4442 728 4515 potest,
781 4436 861 4495 ad
908 4436 1180 4513 primum
1244 4440 1548 4515 motorem
1615 4437 1813 4493 Deum
1884 4439 2015 4515 opt.
2083 4451 2229 4493 max
2301 4433 2783 4515 motus-omnis
2853 4438 2916 4515 et
2980 4435 3350 4495 mutationis
3420 4442 3758 4514 expertem

329 4512 588 4594 quin—et
631 4517 709 4576 ad
755 4512 1103 4574 cmlestium
1149 4514 1709 4591 intelligentiarum
1768 4514 1847 4573 ab
1917 4514 2248 4573 Aristotele
2318 4512 2583 4591 sphaeris
2655 4512 2931 4573 rctheriis
2994 4516 3459 4593 assignatarum
3503 4512 3762 4594 cogni-

328 4598 566 4656 tionem
637 4616 753 4656 nos
824 4596 1102 4666 adducit,
1176 4596 1344 4671 quod
1407 4595 1556 4653 item
1631 4594 1859 4653 anima:
1931 4594 2230 4675 humanae
2300 4593 2662 4675 inchoatam
2735 4594 3220 4675 explicationem
3294 4593 3758 4675 metaphysicaa

328 4677 773 4754 perficiendam
820 4684 880 4735 et
925 4674 1374 4734 absolvendam
1420 4676 1627 4733 tradit.
1678 4675 1773 4733 Ad
1822 4674 2301 4734 mathematicas
2348 4691 2495 4732 vero
2562 4674 2755 4755 etiam
2815 4673 3200 4753 disciplinas,
3275 4673 3589 4755 imprimis
3662 4679 3752 4739 ad

325 4753 466 4817 illas
510 4776 650 4835 quae
698 4762 901 4815 minus
949 4776 1099 4834 pure
1144 4763 1206 4814 et
1248 4755 1996 4836 sinceremathematicae
2042 4760 2368 4826 vocantur,
2417 4754 2586 4831 quod
2656 4753 2907 4836 objecta
2950 4774 3064 4814 sua
3133 4776 3206 4816 ex
3283 4753 3548 4836 physica
3614 4776 3758 4818 mn-

325 4834 627 4910 tuantur;
675 4837 1063 4897 astronomia
1102 4836 1352 4914 quidem
1397 4835 1648 4905 coelum,
1699 4837 1934 4893 musica
1976 4854 2199 4894 sonum
2246 4841 2308 4893 et
2348 4852 2612 4915 vocem,
2658 4834 2869 4911 optica
2943 4837 3185 4896 radium
3231 4834 3525 4910 vi’sivum,
3601 4857 3751 4915 quas

324 4919 542 4979 omnia
584 4938 661 4978 ex
709 4918 965 4996 physica
1008 4918 1440 4975 desuniuntur.
1490 4916 1605 4973 Sed
1655 4922 1717 4974 et
1760 4915 2152 4993 astrologicis
2195 4920 2257 4975 et
2302 4914 2919 4996 physiognomonicis
2966 4917 3480 4994 praedictionibus
3523 4914 3753 4979 hacte-

326 5018 447 5059 nus
492 4994 735 5058 tantum
784 4999 938 5057 h'des
983 4997 1341 5065 adhibetur,
1390 5003 1703 5074 quatenus
1745 4997 1871 5055 illze
1918 4996 2241 5075 principiis
2286 4995 2558 5073 physicis
2612 5001 2689 5054 'et
2758 4994 2906 5054 hinc
2948 4998 3281 5058 exstructis
3324 4999 3755 5061 fundamentis

323 5079 635 5140 nituntur.

405 5162 716 5220 Praeterea
761 5159 839 5218 ad
886 5158 1184 5218 moralem
1231 5154 1647 5235 philosophize
1697 5162 1935 5234 partem
1985 5155 2326 5233 plurimum
2373 5154 2786 5236 emolumenti
2856 5156 3041 5215 affert
3083 5156 3364 5236 physica.
3444 5160 3526 5220 Ut
3567 5159 3749 5220 enim

324 5240 404 5299 de
446 5241 656 5300 ethica
695 5241 762 5299 in
806 5242 1013 5318 specie
1055 5239 1142 5298 sic
1185 5239 1353 5297 dicta
1398 5238 1620 5318 saltem
1663 5238 1727 5318 id
1771 5237 2123 5318 ostendam,
2170 5237 2376 5314 primo
2396 5235 2491 5318 ad
2567 5236 3018 5318 Nicomachum
3092 5235 3254 5297 libro
3327 5238 3754 5317 philosophus

322 5319 696 5399 divisionem
740 5313 968 5380 animae
1012 5319 1386 5379 facultatum
1429 5335 1513 5399 ex_
1548 5316 1812 5399 physica
1854 5317 2104 5396 repetit,
2316 5313 2670 5399 subjectum
2734 5315 3052 5399 felicitatis
3092 5313 3381 5399 _moralis
3450 5313 3743 5399 adeoque

324 5398 513 5479 etiam
558 5400 827 5474 virtutis,
874 5399 1054 5479 cujus
1094 5400 1206 5459 illa
1261 5396 1558 5458 exercitio
1604 5395 1945 5479 definitur,
1998 5397 2430 5479 manifestum_
2485 5395 2632 5479 ﬁat:
2697 5397 2973 5479 secundo
3024 5397 3346 5479 _virtutem
3415 5399 3484 5459 in
3551 5395 3747 5463 intel-

322 5477 655 5559 lectualem
700 5486 762 5541 et
805 5475 1107 5541 moralem
1152 5479 1423 5559 partitur
1456 5477 1823 5559 ;tertiogde
1866 5484 2214 5556 spontaneo
2299 5483 2359 5559 et
2414 5475 2634 5559 invito,
2710 5476 2930 5559 quinto
3003 5477 3082 5540 de
3144 5479 3290 5558 jure
3359 5480 3639 5543 naturali
3679 5485 3747 5543 et

319 5558 555 5639 talione
598 5561 776 5639 agit;
821 5570 997 5623 sexto
1041 5556 1303 5620 virtutes
1343 5557 1799 5639 intellectuales
1842 5560 2160 5637 explicat;
2209 5558 2475 5639 septimo
2537 5556 2629 5639 de
2689 5558 3081 5620 continentia
3147 5556 3210 5621 et
3275 5560 3744 5623 incontinentia

316 5634 595 5736 itemque
637 5634 1102 5736 deﬂvoluptate,
1153 5647 1223 5701 ut
1264 5645 1327 5700 et
1367 5638 1633 5712 decimo,
1707 5634 2003 5736 disserit;
2078 5634 2506 5736 quaen'omnia
2574 5636 2815 5736 absque
2861 5638 3115 5736 animae
3173 5639 3445 5736 ejusque
3517 5643 3737 5722 quoad

317 5716 525 5783 varias
564 5719 897 5785 facultates
910 5716 1255 5784 'variorum
1301 5736 1635 5783 munerum
1679 5724 1743 5782 et
1783 5736 2049 5803 operum
2091 5716 2319 5782 notitia
2360 5721 2531 5782 recte
2572 5716 2879 5799 explicari
2937 5721 3039 5782 vel
3096 5716 3370 5804 intelligi
3411 5716 3559 5784 non‘
3584 5740 3740 5805 pos-
