  <div class='ocr_page' id='page_1' title='image "/cluster/home/n/w/nwhite01/storage/ocr_20150623/142/coo.31924054870476/512.png"; bbox 0 0 4094 6430; ppageno 0'>
   <div class='ocr_carea' id='block_1_1' title="bbox 294 474 1911 540">
    <p class='ocr_par' dir='ltr' id='par_1_1' title="bbox 294 474 1911 540">
     <span class='ocr_line' id='line_1_1' title="bbox 294 474 1911 540; baseline 0.002 -4"><span class='ocrx_word' id='word_1_1' title='bbox 294 475 456 539; x_wconf 72' lang='grc'>1009</span> <span class='ocrx_word' id='word_1_2' title='bbox 982 474 1335 540; x_wconf 82' lang='grc' dir='ltr'>ΕΡῙΤΟΜΕ</span> <span class='ocrx_word' id='word_1_3' title='bbox 1376 475 1743 539; x_wconf 86' lang='lat' dir='ltr'>PHYSICA.</span> <span class='ocrx_word' id='word_1_4' title='bbox 1774 509 1852 520; x_wconf 94' lang='lat'>—</span> <span class='ocrx_word' id='word_1_5' title='bbox 1880 476 1911 538; x_wconf 69' lang='grc' dir='ltr'>εἰ</span> 
     </span>
    </p>
   </div>
   <div class='ocr_carea' id='block_1_2' title="bbox 2108 474 3725 540">
    <p class='ocr_par' dir='ltr' id='par_1_2' title="bbox 2154 474 3725 540">
     <span class='ocr_line' id='line_1_2' title="bbox 2154 474 3725 540; baseline 0.003 -4"><span class='ocrx_word' id='word_1_6' title='bbox 2154 474 2552 537; x_wconf 89' lang='lat' dir='ltr'>WEGELINI</span> <span class='ocrx_word' id='word_1_7' title='bbox 2596 475 3039 539; x_wconf 72' lang='lat' dir='ltr'>PR/EFATIO.</span> <span class='ocrx_word' id='word_1_8' title='bbox 3566 476 3725 540; x_wconf 77' lang='lat' dir='ltr'>lOlO</span> 
     </span>
    </p>
   </div>
   <div class='ocr_carea' id='block_1_3' title="bbox 298 607 3723 689">
    <p class='ocr_par' dir='ltr' id='par_1_3' title="bbox 298 607 3723 689">
     <span class='ocr_line' id='line_1_3' title="bbox 298 607 3723 689; baseline 0.001 -21"><span class='ocrx_word' id='word_1_9' title='bbox 298 613 469 670; x_wconf 89' lang='lat' dir='ltr'>sunt.</span> <span class='ocrx_word' id='word_1_10' title='bbox 517 607 691 671; x_wconf 87' lang='lat' dir='ltr'><strong>Nihil</strong></span> <span class='ocrx_word' id='word_1_11' title='bbox 726 607 859 689; x_wconf 87' lang='lat' dir='ltr'>jam</span> <span class='ocrx_word' id='word_1_12' title='bbox 908 610 1112 671; x_wconf 86' lang='lat' dir='ltr'>dicam</span> <span class='ocrx_word' id='word_1_13' title='bbox 1161 612 1239 670; x_wconf 87' lang='lat' dir='ltr'>de</span> <span class='ocrx_word' id='word_1_14' title='bbox 1284 611 1422 671; x_wconf 91' lang='lat' dir='ltr'>aliis</span> <span class='ocrx_word' id='word_1_15' title='bbox 1466 612 1707 671; x_wconf 89' lang='lat' dir='ltr'>artibus</span> <span class='ocrx_word' id='word_1_16' title='bbox 1755 609 2156 683; x_wconf 79' lang='lat' dir='ltr'>mechanicis,</span> <span class='ocrx_word' id='word_1_17' title='bbox 2205 630 2346 686; x_wconf 69' lang='lat' dir='ltr'>quo)</span> <span class='ocrx_word' id='word_1_18' title='bbox 2393 628 2611 669; x_wconf 85' lang='lat' dir='ltr'>omnes</span> <span class='ocrx_word' id='word_1_19' title='bbox 2654 609 2717 669; x_wconf 91' lang='lat' dir='ltr'>in</span> <span class='ocrx_word' id='word_1_20' title='bbox 2764 609 3090 670; x_wconf 84' lang='lat' dir='ltr'>materiam</span> <span class='ocrx_word' id='word_1_21' title='bbox 3156 609 3506 672; x_wconf 77' lang='lat' dir='ltr'>naturalem</span> <span class='ocrx_word' id='word_1_22' title='bbox 3568 630 3723 689; x_wconf 87' lang='lat' dir='ltr'>epe-</span> 
     </span>
    </p>
   </div>
   <div class='ocr_carea' id='block_1_4' title="bbox 294 692 3721 770">
    <p class='ocr_par' dir='ltr' id='par_1_4' title="bbox 294 692 3721 770">
     <span class='ocr_line' id='line_1_4' title="bbox 294 692 3721 770; baseline 0 -20"><span class='ocrx_word' id='word_1_23' title='bbox 294 696 522 751; x_wconf 86' lang='lat' dir='ltr'>rantur</span> <span class='ocrx_word' id='word_1_24' title='bbox 561 709 835 770; x_wconf 89' lang='lat' dir='ltr'>suasque</span> <span class='ocrx_word' id='word_1_25' title='bbox 881 693 1117 752; x_wconf 84' lang='lat' dir='ltr'>formas</span> <span class='ocrx_word' id='word_1_26' title='bbox 1158 692 1607 751; x_wconf 62' lang='lat' dir='ltr'>introducunt:</span> <span class='ocrx_word' id='word_1_27' title='bbox 1658 693 1943 769; x_wconf 76' lang='lat' dir='ltr'>adeoque</span> <span class='ocrx_word' id='word_1_28' title='bbox 1990 696 2279 748; x_wconf 84' lang='lat' dir='ltr'>naturam</span> <span class='ocrx_word' id='word_1_29' title='bbox 2356 692 2447 749; x_wconf 77' lang='lat' dir='ltr'>vel</span> <span class='ocrx_word' id='word_1_30' title='bbox 2496 692 2829 750; x_wconf 78' lang='lat' dir='ltr'>imitantur</span> <span class='ocrx_word' id='word_1_31' title='bbox 2870 692 2969 749; x_wconf 84' lang='lat' dir='ltr'>vel</span> <span class='ocrx_word' id='word_1_32' title='bbox 3039 692 3389 769; x_wconf 89' lang='lat' dir='ltr'>perﬁciant.</span> <span class='ocrx_word' id='word_1_33' title='bbox 3438 692 3618 762; x_wconf 85' lang='lat' dir='ltr'>Quod</span> <span class='ocrx_word' id='word_1_34' title='bbox 3668 692 3721 751; x_wconf 90' lang='lat' dir='ltr'>si</span> 
     </span>
    </p>
   </div>
   <div class='ocr_carea' id='block_1_5' title="bbox 293 770 3722 849">
    <p class='ocr_par' dir='ltr' id='par_1_5' title="bbox 293 770 3722 849">
     <span class='ocr_line' id='line_1_5' title="bbox 293 770 3722 849; baseline 0 -18"><span class='ocrx_word' id='word_1_35' title='bbox 293 770 492 849; x_wconf 81' lang='lat' dir='ltr'>igitur</span> <span class='ocrx_word' id='word_1_36' title='bbox 533 771 797 849; x_wconf 82' lang='lat' dir='ltr'>physica</span> <span class='ocrx_word' id='word_1_37' title='bbox 841 772 922 831; x_wconf 89' lang='lat' dir='ltr'>ad</span> <span class='ocrx_word' id='word_1_38' title='bbox 968 772 1129 831; x_wconf 84' lang='lat' dir='ltr'>nihil</span> <span class='ocrx_word' id='word_1_39' title='bbox 1172 772 1344 832; x_wconf 84' lang='lat' dir='ltr'>aliud</span> <span class='ocrx_word' id='word_1_40' title='bbox 1390 772 1563 831; x_wconf 87' lang='lat' dir='ltr'>utilis</span> <span class='ocrx_word' id='word_1_41' title='bbox 1606 779 1767 831; x_wconf 87' lang='lat' dir='ltr'>esset</span> <span class='ocrx_word' id='word_1_42' title='bbox 1811 770 2103 849; x_wconf 82' lang='lat' dir='ltr'>amplius,</span> <span class='ocrx_word' id='word_1_43' title='bbox 2152 778 2410 847; x_wconf 82' lang='lat' dir='ltr'>propter</span> <span class='ocrx_word' id='word_1_44' title='bbox 2456 772 2568 831; x_wconf 86' lang='lat' dir='ltr'>has</span> <span class='ocrx_word' id='word_1_45' title='bbox 2612 774 2834 830; x_wconf 81' lang='lat' dir='ltr'>saltem</span> <span class='ocrx_word' id='word_1_46' title='bbox 2897 780 3423 831; x_wconf 85' lang='lat' dir='ltr'>commemoratas</span> <span class='ocrx_word' id='word_1_47' title='bbox 3487 773 3722 831; x_wconf 89' lang='lat' dir='ltr'>utilita-</span> 
     </span>
    </p>
   </div>
   <div class='ocr_carea' id='block_1_6' title="bbox 294 852 3720 930">
    <p class='ocr_par' dir='ltr' id='par_1_6' title="bbox 294 852 3720 930">
     <span class='ocr_line' id='line_1_6' title="bbox 294 852 3720 930; baseline 0 -19"><span class='ocrx_word' id='word_1_48' title='bbox 294 859 392 912; x_wconf 90' lang='lat' dir='ltr'>tes</span> <span class='ocrx_word' id='word_1_49' title='bbox 438 852 665 912; x_wconf 87' lang='lat' dir='ltr'>merita</span> <span class='ocrx_word' id='word_1_50' title='bbox 706 853 1115 929; x_wconf 77' lang='lat' dir='ltr'>praedicanda</span> <span class='ocrx_word' id='word_1_51' title='bbox 1160 859 1221 912; x_wconf 91' lang='lat' dir='ltr'>et</span> <span class='ocrx_word' id='word_1_52' title='bbox 1262 853 1538 912; x_wconf 88' lang='lat' dir='ltr'>studiose</span> <span class='ocrx_word' id='word_1_53' title='bbox 1582 852 1849 911; x_wconf 90' lang='lat' dir='ltr'>dicenda</span> <span class='ocrx_word' id='word_1_54' title='bbox 1891 857 2075 911; x_wconf 85' lang='lat' dir='ltr'>esset.</span> <span class='ocrx_word' id='word_1_55' title='bbox 2122 852 2350 910; x_wconf 86' lang='lat' dir='ltr'>Verum</span> <span class='ocrx_word' id='word_1_56' title='bbox 2398 870 2524 909; x_wconf 88' lang='lat' dir='ltr'>nou</span> <span class='ocrx_word' id='word_1_57' title='bbox 2571 852 2681 909; x_wconf 86' lang='lat' dir='ltr'>has</span> <span class='ocrx_word' id='word_1_58' title='bbox 2746 859 2990 911; x_wconf 86' lang='lat' dir='ltr'>tantum</span> <span class='ocrx_word' id='word_1_59' title='bbox 3051 853 3470 930; x_wconf 73' lang='lat' dir='ltr'>philosophia:</span> <span class='ocrx_word' id='word_1_60' title='bbox 3530 872 3720 929; x_wconf 53' lang='lat' dir='ltr'>pras-</span> 
     </span>
    </p>
   </div>
   <div class='ocr_carea' id='block_1_7' title="bbox 304 932 3716 1004">
    <p class='ocr_par' dir='ltr' id='par_1_7' title="bbox 304 932 3716 1004">
     <span class='ocr_line' id='line_1_7' title="bbox 304 932 3716 1004; baseline -0 -12"><span class='ocrx_word' id='word_1_61' title='bbox 304 938 400 992; x_wconf 87' lang='lat' dir='ltr'>tat</span> <span class='ocrx_word' id='word_1_62' title='bbox 439 932 766 1004; x_wconf 85' lang='lat' dir='ltr'>utilitates,</span> <span class='ocrx_word' id='word_1_63' title='bbox 815 935 923 993; x_wconf 88' lang='lat' dir='ltr'>sed</span> <span class='ocrx_word' id='word_1_64' title='bbox 966 933 1153 992; x_wconf 91' lang='lat' dir='ltr'>etiam</span> <span class='ocrx_word' id='word_1_65' title='bbox 1229 933 1308 992; x_wconf 90' lang='lat' dir='ltr'>ad</span> <span class='ocrx_word' id='word_1_66' title='bbox 1371 934 1527 992; x_wconf 89' lang='lat' dir='ltr'>alias</span> <span class='ocrx_word' id='word_1_67' title='bbox 1584 932 1979 992; x_wconf 88' lang='lat' dir='ltr'>sublimiores</span> <span class='ocrx_word' id='word_1_68' title='bbox 2041 932 2370 990; x_wconf 84' lang='lat' dir='ltr'>facultates</span> <span class='ocrx_word' id='word_1_69' title='bbox 2431 951 2557 990; x_wconf 89' lang='lat' dir='ltr'>non</span> <span class='ocrx_word' id='word_1_70' title='bbox 2633 933 2903 991; x_wconf 83' lang='lat' dir='ltr'>minores</span> <span class='ocrx_word' id='word_1_71' title='bbox 2965 932 3147 992; x_wconf 78' lang='lat' dir='ltr'>affert</span> <span class='ocrx_word' id='word_1_72' title='bbox 3215 933 3716 993; x_wconf 81' lang='lat' dir='ltr'>commoditates.</span> 
     </span>
    </p>
   </div>
   <div class='ocr_carea' id='block_1_8' title="bbox 303 1012 3716 1092">
    <p class='ocr_par' dir='ltr' id='par_1_8' title="bbox 303 1012 3716 1092">
     <span class='ocr_line' id='line_1_8' title="bbox 303 1012 3716 1092; baseline 0 -21"><span class='ocrx_word' id='word_1_73' title='bbox 303 1012 614 1073; x_wconf 87' lang='lat' dir='ltr'>Medicina</span> <span class='ocrx_word' id='word_1_74' title='bbox 653 1015 819 1073; x_wconf 91' lang='lat' dir='ltr'>enim</span> <span class='ocrx_word' id='word_1_75' title='bbox 894 1031 931 1072; x_wconf 91' lang='lat' dir='ltr'>a</span> <span class='ocrx_word' id='word_1_76' title='bbox 973 1013 1236 1091; x_wconf 87' lang='lat' dir='ltr'>physica</span> <span class='ocrx_word' id='word_1_77' title='bbox 1279 1014 1367 1073; x_wconf 92' lang='lat' dir='ltr'>sic</span> <span class='ocrx_word' id='word_1_78' title='bbox 1411 1015 1724 1091; x_wconf 88' lang='lat' dir='ltr'>dependet</span> <span class='ocrx_word' id='word_1_79' title='bbox 1762 1019 1833 1071; x_wconf 93' lang='lat' dir='ltr'>ut</span> <span class='ocrx_word' id='word_1_80' title='bbox 1875 1030 2002 1072; x_wconf 91' lang='lat' dir='ltr'>non</span> <span class='ocrx_word' id='word_1_81' title='bbox 2042 1019 2287 1071; x_wconf 87' lang='lat' dir='ltr'>tantum</span> <span class='ocrx_word' id='word_1_82' title='bbox 2335 1012 2675 1089; x_wconf 88' lang='lat' dir='ltr'>objectum,</span> <span class='ocrx_word' id='word_1_83' title='bbox 2723 1014 2827 1072; x_wconf 83' lang='lat' dir='ltr'>sed</span> <span class='ocrx_word' id='word_1_84' title='bbox 2875 1012 3060 1071; x_wconf 88' lang='lat' dir='ltr'>etiam</span> <span class='ocrx_word' id='word_1_85' title='bbox 3136 1017 3339 1091; x_wconf 90' lang='lat' dir='ltr'>prima</span> <span class='ocrx_word' id='word_1_86' title='bbox 3384 1013 3716 1092; x_wconf 84' lang='lat' dir='ltr'>principia,</span> 
     </span>
    </p>
   </div>
   <div class='ocr_carea' id='block_1_9' title="bbox 292 1092 3714 1172">
    <p class='ocr_par' dir='ltr' id='par_1_9' title="bbox 292 1092 3714 1172">
     <span class='ocr_line' id='line_1_9' title="bbox 292 1092 3714 1172; baseline 0.001 -21"><span class='ocrx_word' id='word_1_87' title='bbox 292 1092 726 1172; x_wconf 88' lang='lat' dir='ltr'>plurimasque</span> <span class='ocrx_word' id='word_1_88' title='bbox 768 1094 1338 1154; x_wconf 87' lang='lat' dir='ltr'>demonstrationes</span> <span class='ocrx_word' id='word_1_89' title='bbox 1380 1112 1453 1153; x_wconf 83' lang='lat' dir='ltr'>ex</span> <span class='ocrx_word' id='word_1_90' title='bbox 1498 1098 1637 1172; x_wconf 91' lang='lat' dir='ltr'>ipsa</span> <span class='ocrx_word' id='word_1_91' title='bbox 1677 1094 1986 1152; x_wconf 90' lang='lat' dir='ltr'>desumat.</span> <span class='ocrx_word' id='word_1_92' title='bbox 2033 1092 2169 1163; x_wconf 90' lang='lat' dir='ltr'>Qua</span> <span class='ocrx_word' id='word_1_93' title='bbox 2210 1093 2287 1151; x_wconf 90' lang='lat' dir='ltr'>de</span> <span class='ocrx_word' id='word_1_94' title='bbox 2331 1111 2520 1152; x_wconf 87' lang='lat' dir='ltr'>causa</span> <span class='ocrx_word' id='word_1_95' title='bbox 2562 1093 2750 1152; x_wconf 89' lang='lat' dir='ltr'>etiam</span> <span class='ocrx_word' id='word_1_96' title='bbox 2782 1093 2915 1171; x_wconf 89' lang='lat' dir='ltr'>ipse</span> <span class='ocrx_word' id='word_1_97' title='bbox 2952 1093 3379 1171; x_wconf 86' lang='lat' dir='ltr'>Philosophus</span> <span class='ocrx_word' id='word_1_98' title='bbox 3435 1094 3714 1155; x_wconf 90' lang='lat' dir='ltr'>conﬁnes</span> 
     </span>
    </p>
   </div>
   <div class='ocr_carea' id='block_1_10' title="bbox 296 1172 3717 1253">
    <p class='ocr_par' dir='ltr' id='par_1_10' title="bbox 296 1172 3717 1253">
     <span class='ocr_line' id='line_1_10' title="bbox 296 1172 3717 1253; baseline 0 -20"><span class='ocrx_word' id='word_1_99' title='bbox 296 1179 466 1233; x_wconf 87' lang='lat' dir='ltr'>artes</span> <span class='ocrx_word' id='word_1_100' title='bbox 509 1173 838 1253; x_wconf 84' lang='lat' dir='ltr'>physicam</span> <span class='ocrx_word' id='word_1_101' title='bbox 883 1179 945 1233; x_wconf 88' lang='lat' dir='ltr'>et</span> <span class='ocrx_word' id='word_1_102' title='bbox 989 1173 1363 1233; x_wconf 86' lang='lat' dir='ltr'>medicinam</span> <span class='ocrx_word' id='word_1_103' title='bbox 1408 1174 1709 1252; x_wconf 83' lang='lat' dir='ltr'>appellat,</span> <span class='ocrx_word' id='word_1_104' title='bbox 1756 1173 1926 1251; x_wconf 91' lang='lat' dir='ltr'>quod</span> <span class='ocrx_word' id='word_1_105' title='bbox 1972 1172 2197 1231; x_wconf 83' lang='lat' dir='ltr'>medici</span> <span class='ocrx_word' id='word_1_106' title='bbox 2239 1173 2491 1250; x_wconf 85' lang='lat' dir='ltr'>quidem</span> <span class='ocrx_word' id='word_1_107' title='bbox 2551 1174 2965 1249; x_wconf 79' lang='lat' dir='ltr'>elegantiores</span> <span class='ocrx_word' id='word_1_108' title='bbox 3036 1180 3098 1234; x_wconf 90' lang='lat' dir='ltr'>et</span> <span class='ocrx_word' id='word_1_109' title='bbox 3140 1173 3570 1252; x_wconf 75' lang='lat' dir='ltr'>diligentiores</span> <span class='ocrx_word' id='word_1_110' title='bbox 3639 1176 3717 1235; x_wconf 93' lang='lat' dir='ltr'>de</span> 
     </span>
    </p>
   </div>
   <div class='ocr_carea' id='block_1_11' title="bbox 296 1253 3719 1333">
    <p class='ocr_par' dir='ltr' id='par_1_11' title="bbox 296 1253 3719 1333">
     <span class='ocr_line' id='line_1_11' title="bbox 296 1253 3719 1333; baseline 0.001 -21"><span class='ocrx_word' id='word_1_111' title='bbox 296 1259 532 1313; x_wconf 89' lang='lat' dir='ltr'>natura</span> <span class='ocrx_word' id='word_1_112' title='bbox 574 1255 879 1326; x_wconf 87' lang='lat' dir='ltr'>dicant,et</span> <span class='ocrx_word' id='word_1_113' title='bbox 922 1254 1149 1314; x_wconf 83' lang='lat' dir='ltr'>exinde</span> <span class='ocrx_word' id='word_1_114' title='bbox 1193 1274 1320 1314; x_wconf 74' lang='lat' dir='ltr'>suae</span> <span class='ocrx_word' id='word_1_115' title='bbox 1365 1255 1516 1313; x_wconf 91' lang='lat' dir='ltr'>artis</span> <span class='ocrx_word' id='word_1_116' title='bbox 1562 1253 1869 1333; x_wconf 89' lang='lat' dir='ltr'>principia</span> <span class='ocrx_word' id='word_1_117' title='bbox 1914 1253 2284 1313; x_wconf 85' lang='lat' dir='ltr'>desumant:</span> <span class='ocrx_word' id='word_1_118' title='bbox 2333 1253 2576 1331; x_wconf 79' lang='lat' dir='ltr'>physici</span> <span class='ocrx_word' id='word_1_119' title='bbox 2618 1272 2767 1312; x_wconf 85' lang='lat' dir='ltr'>vero</span> <span class='ocrx_word' id='word_1_120' title='bbox 2812 1253 3161 1330; x_wconf 85' lang='lat' dir='ltr'>argutiores</span> <span class='ocrx_word' id='word_1_121' title='bbox 3205 1262 3449 1315; x_wconf 83' lang='lat' dir='ltr'>naturae</span> <span class='ocrx_word' id='word_1_122' title='bbox 3492 1260 3719 1314; x_wconf 87' lang='lat' dir='ltr'>tracta-</span> 
     </span>
    </p>
   </div>
   <div class='ocr_carea' id='block_1_12' title="bbox 293 1334 3712 1413">
    <p class='ocr_par' dir='ltr' id='par_1_12' title="bbox 293 1334 3712 1413">
     <span class='ocr_line' id='line_1_12' title="bbox 293 1334 3712 1413; baseline 0 -20"><span class='ocrx_word' id='word_1_123' title='bbox 293 1334 531 1394; x_wconf 87' lang='lat' dir='ltr'>tionem</span> <span class='ocrx_word' id='word_1_124' title='bbox 576 1335 862 1412; x_wconf 83' lang='lat' dir='ltr'>adusque</span> <span class='ocrx_word' id='word_1_125' title='bbox 904 1334 1232 1395; x_wconf 67' lang='lat' dir='ltr'>medicinae</span> <span class='ocrx_word' id='word_1_126' title='bbox 1281 1335 1590 1413; x_wconf 87' lang='lat' dir='ltr'>principia</span> <span class='ocrx_word' id='word_1_127' title='bbox 1633 1340 2113 1412; x_wconf 87' lang='lat' dir='ltr'>persequantur.</span> <span class='ocrx_word' id='word_1_128' title='bbox 2164 1334 2339 1403; x_wconf 85' lang='lat' dir='ltr'>Quod</span> <span class='ocrx_word' id='word_1_129' title='bbox 2385 1353 2535 1392; x_wconf 81' lang='lat' dir='ltr'>sane</span> <span class='ocrx_word' id='word_1_130' title='bbox 2579 1334 2736 1392; x_wconf 80' lang='lat' dir='ltr'>adeo</span> <span class='ocrx_word' id='word_1_131' title='bbox 2803 1352 3019 1393; x_wconf 88' lang='lat' dir='ltr'>verum</span> <span class='ocrx_word' id='word_1_132' title='bbox 3093 1341 3204 1408; x_wconf 88' lang='lat' dir='ltr'>est,</span> <span class='ocrx_word' id='word_1_133' title='bbox 3283 1341 3354 1394; x_wconf 88' lang='lat' dir='ltr'>ut</span> <span class='ocrx_word' id='word_1_134' title='bbox 3414 1336 3602 1394; x_wconf 88' lang='lat' dir='ltr'>etiam</span> <span class='ocrx_word' id='word_1_135' title='bbox 3646 1336 3712 1395; x_wconf 91' lang='lat' dir='ltr'>in</span> 
     </span>
    </p>
   </div>
   <div class='ocr_carea' id='block_1_13' title="bbox 290 1414 3710 1494">
    <p class='ocr_par' dir='ltr' id='par_1_13' title="bbox 290 1414 3710 1494">
     <span class='ocr_line' id='line_1_13' title="bbox 290 1414 3710 1494; baseline 0.001 -21"><span class='ocrx_word' id='word_1_136' title='bbox 290 1414 703 1492; x_wconf 89' lang='lat' dir='ltr'>proverbium</span> <span class='ocrx_word' id='word_1_137' title='bbox 748 1415 995 1485; x_wconf 85' lang='lat' dir='ltr'>abierit,</span> <span class='ocrx_word' id='word_1_138' title='bbox 1043 1434 1168 1494; x_wconf 90' lang='lat' dir='ltr'>quo</span> <span class='ocrx_word' id='word_1_139' title='bbox 1235 1414 1481 1484; x_wconf 88' lang='lat' dir='ltr'>dicitur,</span> <span class='ocrx_word' id='word_1_140' title='bbox 1530 1414 1639 1473; x_wconf 89' lang='lat' dir='ltr'>ubi</span> <span class='ocrx_word' id='word_1_141' title='bbox 1699 1415 1928 1474; x_wconf 90' lang='lat' dir='ltr'>desinit</span> <span class='ocrx_word' id='word_1_142' title='bbox 1994 1414 2310 1492; x_wconf 83' lang='lat' dir='ltr'>physicus,</span> <span class='ocrx_word' id='word_1_143' title='bbox 2378 1415 2464 1473; x_wconf 91' lang='lat' dir='ltr'>ibi</span> <span class='ocrx_word' id='word_1_144' title='bbox 2535 1415 2844 1472; x_wconf 74' lang='lat' dir='ltr'>medicum</span> <span class='ocrx_word' id='word_1_145' title='bbox 2908 1414 3209 1492; x_wconf 87' lang='lat' dir='ltr'>incipere.</span> <span class='ocrx_word' id='word_1_146' title='bbox 3283 1415 3519 1476; x_wconf 88' lang='lat' dir='ltr'>Omitto</span> <span class='ocrx_word' id='word_1_147' title='bbox 3575 1415 3710 1493; x_wconf 89' lang='lat' dir='ltr'>jam</span> 
     </span>
    </p>
   </div>
   <div class='ocr_carea' id='block_1_14' title="bbox 290 1493 3719 1574">
    <p class='ocr_par' dir='ltr' id='par_1_14' title="bbox 290 1493 3719 1574">
     <span class='ocr_line' id='line_1_14' title="bbox 290 1493 3719 1574; baseline 0.001 -20"><span class='ocrx_word' id='word_1_148' title='bbox 290 1495 462 1574; x_wconf 91' lang='lat' dir='ltr'>quod</span> <span class='ocrx_word' id='word_1_149' title='bbox 525 1495 1012 1574; x_wconf 86' lang='lat' dir='ltr'>contemplatrix</span> <span class='ocrx_word' id='word_1_150' title='bbox 1066 1493 1410 1570; x_wconf 89' lang='lat' dir='ltr'>medicina,</span> <span class='ocrx_word' id='word_1_151' title='bbox 1460 1514 1498 1555; x_wconf 91' lang='lat' dir='ltr'>a</span> <span class='ocrx_word' id='word_1_152' title='bbox 1560 1513 1687 1572; x_wconf 84' lang='lat' dir='ltr'>qua</span> <span class='ocrx_word' id='word_1_153' title='bbox 1748 1497 1937 1554; x_wconf 88' lang='lat' dir='ltr'>etiam</span> <span class='ocrx_word' id='word_1_154' title='bbox 2004 1494 2229 1552; x_wconf 92' lang='lat' dir='ltr'>medici</span> <span class='ocrx_word' id='word_1_155' title='bbox 2290 1493 2485 1572; x_wconf 85' lang='lat' dir='ltr'>aliqui</span> <span class='ocrx_word' id='word_1_156' title='bbox 2542 1494 2781 1572; x_wconf 79' lang='lat' dir='ltr'>physici</span> <span class='ocrx_word' id='word_1_157' title='bbox 2840 1494 3163 1564; x_wconf 90' lang='lat' dir='ltr'>dicuntur,</span> <span class='ocrx_word' id='word_1_158' title='bbox 3226 1514 3368 1573; x_wconf 60' lang='lat' dir='ltr'>quas</span> <span class='ocrx_word' id='word_1_159' title='bbox 3428 1502 3719 1556; x_wconf 85' lang='lat' dir='ltr'>versatur</span> 
     </span>
    </p>
   </div>
   <div class='ocr_carea' id='block_1_15' title="bbox 286 1575 3709 1655">
    <p class='ocr_par' dir='ltr' id='par_1_15' title="bbox 286 1575 3709 1655">
     <span class='ocr_line' id='line_1_15' title="bbox 286 1575 3709 1655; baseline 0 -20"><span class='ocrx_word' id='word_1_160' title='bbox 286 1575 457 1635; x_wconf 90' lang='lat' dir='ltr'>circa</span> <span class='ocrx_word' id='word_1_161' title='bbox 496 1578 779 1652; x_wconf 90' lang='lat' dir='ltr'>corporis</span> <span class='ocrx_word' id='word_1_162' title='bbox 823 1576 1087 1636; x_wconf 89' lang='lat' dir='ltr'>humani</span> <span class='ocrx_word' id='word_1_163' title='bbox 1134 1582 1362 1653; x_wconf 91' lang='lat' dir='ltr'>partes,</span> <span class='ocrx_word' id='word_1_164' title='bbox 1411 1575 1910 1654; x_wconf 90' lang='lat' dir='ltr'>earumdemque</span> <span class='ocrx_word' id='word_1_165' title='bbox 1952 1579 2480 1655; x_wconf 89' lang='lat' dir='ltr'>temperamenta,</span> <span class='ocrx_word' id='word_1_166' title='bbox 2530 1575 2883 1647; x_wconf 80' lang='lat' dir='ltr'>facultates,</span> <span class='ocrx_word' id='word_1_167' title='bbox 2930 1575 3350 1652; x_wconf 85' lang='lat' dir='ltr'>operationes,</span> <span class='ocrx_word' id='word_1_168' title='bbox 3426 1576 3709 1655; x_wconf 88' lang='lat' dir='ltr'>itemque</span> 
     </span>
    </p>
   </div>
   <div class='ocr_carea' id='block_1_16' title="bbox 292 1654 3715 1733">
    <p class='ocr_par' dir='ltr' id='par_1_16' title="bbox 292 1654 3715 1733">
     <span class='ocr_line' id='line_1_16' title="bbox 292 1654 3715 1733; baseline 0 -17"><span class='ocrx_word' id='word_1_169' title='bbox 292 1655 461 1716; x_wconf 87' lang='lat' dir='ltr'>circa</span> <span class='ocrx_word' id='word_1_170' title='bbox 504 1656 839 1716; x_wconf 82' lang='lat' dir='ltr'>sanitatem</span> <span class='ocrx_word' id='word_1_171' title='bbox 885 1662 949 1717; x_wconf 89' lang='lat' dir='ltr'>et</span> <span class='ocrx_word' id='word_1_172' title='bbox 993 1658 1284 1716; x_wconf 91' lang='lat' dir='ltr'>morbum</span> <span class='ocrx_word' id='word_1_173' title='bbox 1344 1656 1573 1733; x_wconf 91' lang='lat' dir='ltr'>quibus</span> <span class='ocrx_word' id='word_1_174' title='bbox 1614 1656 1740 1715; x_wconf 62' lang='lat' dir='ltr'>illa:</span> <span class='ocrx_word' id='word_1_175' title='bbox 1805 1660 1951 1714; x_wconf 87' lang='lat' dir='ltr'>sunt</span> <span class='ocrx_word' id='word_1_176' title='bbox 2010 1654 2341 1728; x_wconf 68' lang='lat' dir='ltr'>obnoxim;</span> <span class='ocrx_word' id='word_1_177' title='bbox 2389 1662 2451 1714; x_wconf 91' lang='lat' dir='ltr'>et</span> <span class='ocrx_word' id='word_1_178' title='bbox 2513 1656 2681 1714; x_wconf 89' lang='lat' dir='ltr'>circa</span> <span class='ocrx_word' id='word_1_179' title='bbox 2745 1655 3045 1714; x_wconf 87' lang='lat' dir='ltr'>alimenta</span> <span class='ocrx_word' id='word_1_180' title='bbox 3107 1674 3179 1715; x_wconf 89' lang='lat' dir='ltr'>ac</span> <span class='ocrx_word' id='word_1_181' title='bbox 3250 1654 3715 1717; x_wconf 81' lang='lat' dir='ltr'>medicamenta</span> 
     </span>
    </p>
   </div>
   <div class='ocr_carea' id='block_1_17' title="bbox 288 1734 3717 1815">
    <p class='ocr_par' dir='ltr' id='par_1_17' title="bbox 288 1734 3717 1815">
     <span class='ocr_line' id='line_1_17' title="bbox 288 1734 3717 1815; baseline 0.001 -20"><span class='ocrx_word' id='word_1_182' title='bbox 288 1735 521 1814; x_wconf 85' lang='lat' dir='ltr'>quibus</span> <span class='ocrx_word' id='word_1_183' title='bbox 564 1737 824 1797; x_wconf 88' lang='lat' dir='ltr'>morbus</span> <span class='ocrx_word' id='word_1_184' title='bbox 867 1737 1297 1815; x_wconf 75' lang='lat' dir='ltr'>propulsetur,</span> <span class='ocrx_word' id='word_1_185' title='bbox 1347 1743 1408 1795; x_wconf 90' lang='lat' dir='ltr'>et</span> <span class='ocrx_word' id='word_1_186' title='bbox 1450 1735 1687 1795; x_wconf 89' lang='lat' dir='ltr'>sanitas</span> <span class='ocrx_word' id='word_1_187' title='bbox 1731 1737 1831 1796; x_wconf 91' lang='lat' dir='ltr'>vel</span> <span class='ocrx_word' id='word_1_188' title='bbox 1876 1742 2287 1795; x_wconf 89' lang='lat' dir='ltr'>conservatur</span> <span class='ocrx_word' id='word_1_189' title='bbox 2340 1734 2647 1813; x_wconf 84' lang='lat' dir='ltr'>acquisita</span> <span class='ocrx_word' id='word_1_190' title='bbox 2709 1736 2806 1794; x_wconf 92' lang='lat' dir='ltr'>vel</span> <span class='ocrx_word' id='word_1_191' title='bbox 2868 1736 3099 1795; x_wconf 85' lang='lat' dir='ltr'>amissa</span> <span class='ocrx_word' id='word_1_192' title='bbox 3152 1743 3509 1815; x_wconf 87' lang='lat' dir='ltr'>reparatur,</span> <span class='ocrx_word' id='word_1_193' title='bbox 3582 1744 3717 1799; x_wconf 87' lang='lat' dir='ltr'>tota</span> 
     </span>
    </p>
   </div>
   <div class='ocr_carea' id='block_1_18' title="bbox 287 1815 3709 1896">
    <p class='ocr_par' dir='ltr' id='par_1_18' title="bbox 287 1815 3709 1896">
     <span class='ocr_line' id='line_1_18' title="bbox 287 1815 3709 1896; baseline -0 -19"><span class='ocrx_word' id='word_1_194' title='bbox 287 1822 386 1877; x_wconf 88' lang='lat' dir='ltr'>est</span> <span class='ocrx_word' id='word_1_195' title='bbox 428 1816 709 1895; x_wconf 89' lang='lat' dir='ltr'>physica.</span> <span class='ocrx_word' id='word_1_196' title='bbox 760 1817 883 1877; x_wconf 85' lang='lat' dir='ltr'>Sed</span> <span class='ocrx_word' id='word_1_197' title='bbox 928 1835 1042 1877; x_wconf 89' lang='lat' dir='ltr'>nec</span> <span class='ocrx_word' id='word_1_198' title='bbox 1086 1817 1169 1877; x_wconf 90' lang='lat' dir='ltr'>ad</span> <span class='ocrx_word' id='word_1_199' title='bbox 1202 1816 1772 1896; x_wconf 89' lang='lat' dir='ltr'>jurisprudentiam</span> <span class='ocrx_word' id='word_1_200' title='bbox 1820 1834 2079 1893; x_wconf 90' lang='lat' dir='ltr'>prorsus</span> <span class='ocrx_word' id='word_1_201' title='bbox 2120 1816 2517 1875; x_wconf 88' lang='lat' dir='ltr'>infructuosa</span> <span class='ocrx_word' id='word_1_202' title='bbox 2560 1823 2656 1875; x_wconf 89' lang='lat' dir='ltr'>est</span> <span class='ocrx_word' id='word_1_203' title='bbox 2698 1815 2977 1893; x_wconf 74' lang='lat' dir='ltr'>physicae</span> <span class='ocrx_word' id='word_1_204' title='bbox 3022 1818 3321 1893; x_wconf 80' lang='lat' dir='ltr'>cegnitio.</span> <span class='ocrx_word' id='word_1_205' title='bbox 3388 1820 3544 1877; x_wconf 89' lang='lat' dir='ltr'>Nam</span> <span class='ocrx_word' id='word_1_206' title='bbox 3604 1820 3709 1893; x_wconf 86' lang='lat' dir='ltr'>jus</span> 
     </span>
    </p>
   </div>
   <div class='ocr_carea' id='block_1_19' title="bbox 289 1896 3709 1975">
    <p class='ocr_par' dir='ltr' id='par_1_19' title="bbox 289 1896 3709 1975">
     <span class='ocr_line' id='line_1_19' title="bbox 289 1896 3709 1975; baseline 0 -19"><span class='ocrx_word' id='word_1_207' title='bbox 289 1902 536 1956; x_wconf 77' lang='lat' dir='ltr'>naturae</span> <span class='ocrx_word' id='word_1_208' title='bbox 578 1915 802 1957; x_wconf 91' lang='lat' dir='ltr'>norma</span> <span class='ocrx_word' id='word_1_209' title='bbox 857 1904 921 1958; x_wconf 92' lang='lat' dir='ltr'>et</span> <span class='ocrx_word' id='word_1_210' title='bbox 964 1914 1259 1958; x_wconf 88' lang='lat' dir='ltr'>mensura</span> <span class='ocrx_word' id='word_1_211' title='bbox 1300 1906 1393 1957; x_wconf 89' lang='lat' dir='ltr'>est</span> <span class='ocrx_word' id='word_1_212' title='bbox 1427 1896 1590 1975; x_wconf 86' lang='lat' dir='ltr'>juris</span> <span class='ocrx_word' id='word_1_213' title='bbox 1633 1896 1854 1971; x_wconf 88' lang='lat' dir='ltr'>civilis,</span> <span class='ocrx_word' id='word_1_214' title='bbox 1901 1900 2059 1955; x_wconf 89' lang='lat' dir='ltr'>adeo</span> <span class='ocrx_word' id='word_1_215' title='bbox 2108 1902 2175 1955; x_wconf 90' lang='lat' dir='ltr'>ut</span> <span class='ocrx_word' id='word_1_216' title='bbox 2231 1896 2349 1955; x_wconf 91' lang='lat' dir='ltr'>nisi</span> <span class='ocrx_word' id='word_1_217' title='bbox 2405 1914 2547 1955; x_wconf 90' lang='lat' dir='ltr'>cum</span> <span class='ocrx_word' id='word_1_218' title='bbox 2593 1896 2729 1972; x_wconf 83' lang='lat' dir='ltr'>lege</span> <span class='ocrx_word' id='word_1_219' title='bbox 2788 1901 3050 1970; x_wconf 64' lang='lat' dir='ltr'>naturae,</span> <span class='ocrx_word' id='word_1_220' title='bbox 3118 1915 3258 1956; x_wconf 91' lang='lat' dir='ltr'>cum</span> <span class='ocrx_word' id='word_1_221' title='bbox 3306 1898 3545 1957; x_wconf 90' lang='lat' dir='ltr'>notitiis</span> <span class='ocrx_word' id='word_1_222' title='bbox 3592 1898 3709 1956; x_wconf 89' lang='lat' dir='ltr'>hu-</span> 
     </span>
    </p>
   </div>
   <div class='ocr_carea' id='block_1_20' title="bbox 289 1975 3716 2057">
    <p class='ocr_par' dir='ltr' id='par_1_20' title="bbox 289 1975 3716 2057">
     <span class='ocr_line' id='line_1_20' title="bbox 289 1975 3716 2057; baseline 0.001 -22"><span class='ocrx_word' id='word_1_223' title='bbox 289 1994 499 2057; x_wconf 65' lang='lat' dir='ltr'>manas</span> <span class='ocrx_word' id='word_1_224' title='bbox 545 1978 742 2038; x_wconf 90' lang='lat' dir='ltr'>menti</span> <span class='ocrx_word' id='word_1_225' title='bbox 784 1978 848 2037; x_wconf 91' lang='lat' dir='ltr'>in</span> <span class='ocrx_word' id='word_1_226' title='bbox 896 1978 1103 2057; x_wconf 89' lang='lat' dir='ltr'>prima</span> <span class='ocrx_word' id='word_1_227' title='bbox 1145 1977 1459 2038; x_wconf 90' lang='lat' dir='ltr'>creatione</span> <span class='ocrx_word' id='word_1_228' title='bbox 1502 1977 1704 2037; x_wconf 90' lang='lat' dir='ltr'>insitis</span> <span class='ocrx_word' id='word_1_229' title='bbox 1748 1983 1809 2036; x_wconf 90' lang='lat' dir='ltr'>et</span> <span class='ocrx_word' id='word_1_230' title='bbox 1851 1977 2061 2036; x_wconf 90' lang='lat' dir='ltr'>adhuc</span> <span class='ocrx_word' id='word_1_231' title='bbox 2105 1976 2364 2054; x_wconf 88' lang='lat' dir='ltr'>reliquis</span> <span class='ocrx_word' id='word_1_232' title='bbox 2414 1975 2760 2057; x_wconf 74' lang='lat' dir='ltr'>juscivile</span> <span class='ocrx_word' id='word_1_233' title='bbox 2824 1977 3194 2049; x_wconf 68' lang='lat' dir='ltr'>consentiat,</span> <span class='ocrx_word' id='word_1_234' title='bbox 3271 1996 3397 2037; x_wconf 91' lang='lat' dir='ltr'>non</span> <span class='ocrx_word' id='word_1_235' title='bbox 3442 1978 3716 2057; x_wconf 90' lang='lat' dir='ltr'>amplius</span> 
     </span>
    </p>
   </div>
   <div class='ocr_carea' id='block_1_21' title="bbox 280 2055 3708 2137">
    <p class='ocr_par' dir='ltr' id='par_1_21' title="bbox 280 2055 3708 2137">
     <span class='ocr_line' id='line_1_21' title="bbox 280 2055 3708 2137; baseline 0 -20"><span class='ocrx_word' id='word_1_236' title='bbox 280 2056 446 2137; x_wconf 88' lang='lat' dir='ltr'>juris</span> <span class='ocrx_word' id='word_1_237' title='bbox 486 2055 984 2137; x_wconf 80' lang='lat' dir='ltr'>appellationem</span> <span class='ocrx_word' id='word_1_238' title='bbox 1030 2065 1304 2131; x_wconf 85' lang='lat' dir='ltr'>tueatur,</span> <span class='ocrx_word' id='word_1_239' title='bbox 1351 2058 1459 2119; x_wconf 90' lang='lat' dir='ltr'>sed</span> <span class='ocrx_word' id='word_1_240' title='bbox 1500 2057 1749 2135; x_wconf 81' lang='lat' dir='ltr'>injuriae</span> <span class='ocrx_word' id='word_1_241' title='bbox 1794 2057 2083 2136; x_wconf 90' lang='lat' dir='ltr'>accipiat.</span> <span class='ocrx_word' id='word_1_242' title='bbox 2134 2059 2209 2116; x_wconf 89' lang='lat' dir='ltr'>Et</span> <span class='ocrx_word' id='word_1_243' title='bbox 2252 2075 2395 2116; x_wconf 89' lang='lat' dir='ltr'>cum</span> <span class='ocrx_word' id='word_1_244' title='bbox 2440 2055 2560 2115; x_wconf 91' lang='lat' dir='ltr'>sibi</span> <span class='ocrx_word' id='word_1_245' title='bbox 2604 2057 2725 2115; x_wconf 87' lang='lat' dir='ltr'>hoc</span> <span class='ocrx_word' id='word_1_246' title='bbox 2773 2057 3161 2135; x_wconf 90' lang='lat' dir='ltr'>propositum</span> <span class='ocrx_word' id='word_1_247' title='bbox 3228 2057 3460 2118; x_wconf 90' lang='lat' dir='ltr'>habeat</span> <span class='ocrx_word' id='word_1_248' title='bbox 3512 2055 3708 2136; x_wconf 79' lang='lat' dir='ltr'>juris-</span> 
     </span>
    </p>
   </div>
   <div class='ocr_carea' id='block_1_22' title="bbox 294 2136 3713 2217">
    <p class='ocr_par' dir='ltr' id='par_1_22' title="bbox 294 2136 3713 2217">
     <span class='ocr_line' id='line_1_22' title="bbox 294 2136 3713 2217; baseline 0.001 -20"><span class='ocrx_word' id='word_1_249' title='bbox 294 2136 636 2217; x_wconf 89' lang='lat' dir='ltr'>prudentia</span> <span class='ocrx_word' id='word_1_250' title='bbox 675 2144 745 2198; x_wconf 88' lang='lat' dir='ltr'>ut</span> <span class='ocrx_word' id='word_1_251' title='bbox 786 2138 1032 2199; x_wconf 89' lang='lat' dir='ltr'>civilem</span> <span class='ocrx_word' id='word_1_252' title='bbox 1069 2138 1381 2215; x_wconf 86' lang='lat' dir='ltr'>justitiam</span> <span class='ocrx_word' id='word_1_253' title='bbox 1425 2139 1589 2198; x_wconf 91' lang='lat' dir='ltr'>inter</span> <span class='ocrx_word' id='word_1_254' title='bbox 1632 2137 1920 2197; x_wconf 91' lang='lat' dir='ltr'>homines</span> <span class='ocrx_word' id='word_1_255' title='bbox 1964 2144 2308 2209; x_wconf 84' lang='lat' dir='ltr'>conservet,</span> <span class='ocrx_word' id='word_1_256' title='bbox 2368 2136 2498 2196; x_wconf 89' lang='lat' dir='ltr'>sine</span> <span class='ocrx_word' id='word_1_257' title='bbox 2559 2155 2685 2217; x_wconf 90' lang='lat' dir='ltr'>qua</span> <span class='ocrx_word' id='word_1_258' title='bbox 2738 2137 2922 2217; x_wconf 88' lang='lat' dir='ltr'>nulla</span> <span class='ocrx_word' id='word_1_259' title='bbox 2977 2144 3182 2214; x_wconf 88' lang='lat' dir='ltr'>potest</span> <span class='ocrx_word' id='word_1_260' title='bbox 3238 2139 3577 2199; x_wconf 87' lang='lat' dir='ltr'>consistere</span> <span class='ocrx_word' id='word_1_261' title='bbox 3620 2158 3713 2199; x_wconf 89' lang='lat' dir='ltr'>so-</span> 
     </span>
    </p>
   </div>
   <div class='ocr_carea' id='block_1_23' title="bbox 293 2216 3710 2298">
    <p class='ocr_par' dir='ltr' id='par_1_23' title="bbox 293 2216 3710 2298">
     <span class='ocr_line' id='line_1_23' title="bbox 293 2216 3710 2298; baseline 0 -20"><span class='ocrx_word' id='word_1_262' title='bbox 293 2216 526 2278; x_wconf 82' lang='lat' dir='ltr'>cietas:</span> <span class='ocrx_word' id='word_1_263' title='bbox 575 2219 881 2297; x_wconf 84' lang='lat' dir='ltr'>majorem</span> <span class='ocrx_word' id='word_1_264' title='bbox 927 2220 1210 2298; x_wconf 87' lang='lat' dir='ltr'>profecto</span> <span class='ocrx_word' id='word_1_265' title='bbox 1246 2218 1507 2296; x_wconf 69' lang='lat' dir='ltr'>justitiaa</span> <span class='ocrx_word' id='word_1_266' title='bbox 1550 2236 1809 2297; x_wconf 90' lang='lat' dir='ltr'>operam</span> <span class='ocrx_word' id='word_1_267' title='bbox 1854 2217 2117 2277; x_wconf 82' lang='lat' dir='ltr'>navabit</span> <span class='ocrx_word' id='word_1_268' title='bbox 2156 2218 2232 2289; x_wconf 88' lang='lat' dir='ltr'>is,</span> <span class='ocrx_word' id='word_1_269' title='bbox 2279 2217 2388 2296; x_wconf 92' lang='lat' dir='ltr'>qui</span> <span class='ocrx_word' id='word_1_270' title='bbox 2432 2216 2927 2296; x_wconf 89' lang='lat' dir='ltr'>pulcherrimum</span> <span class='ocrx_word' id='word_1_271' title='bbox 2968 2219 3163 2296; x_wconf 80' lang='lat' dir='ltr'>ipsius</span> <span class='ocrx_word' id='word_1_272' title='bbox 3203 2217 3411 2279; x_wconf 90' lang='lat' dir='ltr'>ideam</span> <span class='ocrx_word' id='word_1_273' title='bbox 3470 2218 3533 2279; x_wconf 92' lang='lat' dir='ltr'>in</span> <span class='ocrx_word' id='word_1_274' title='bbox 3596 2238 3710 2279; x_wconf 89' lang='lat' dir='ltr'>na-</span> 
     </span>
    </p>
   </div>
   <div class='ocr_carea' id='block_1_24' title="bbox 292 2298 3711 2378">
    <p class='ocr_par' dir='ltr' id='par_1_24' title="bbox 292 2298 3711 2378">
     <span class='ocr_line' id='line_1_24' title="bbox 292 2298 3711 2378; baseline 0 -20"><span class='ocrx_word' id='word_1_275' title='bbox 292 2306 440 2359; x_wconf 85' lang='lat' dir='ltr'>tura</span> <span class='ocrx_word' id='word_1_276' title='bbox 481 2317 737 2378; x_wconf 89' lang='lat' dir='ltr'>quoque</span> <span class='ocrx_word' id='word_1_277' title='bbox 776 2299 1161 2377; x_wconf 82' lang='lat' dir='ltr'>inspexerit;</span> <span class='ocrx_word' id='word_1_278' title='bbox 1209 2299 1445 2378; x_wconf 88' lang='lat' dir='ltr'>quique</span> <span class='ocrx_word' id='word_1_279' title='bbox 1487 2300 1699 2359; x_wconf 89' lang='lat' dir='ltr'>animo</span> <span class='ocrx_word' id='word_1_280' title='bbox 1743 2316 1856 2357; x_wconf 91' lang='lat' dir='ltr'>suo</span> <span class='ocrx_word' id='word_1_281' title='bbox 1904 2298 2324 2376; x_wconf 86' lang='lat' dir='ltr'>perpenderit,</span> <span class='ocrx_word' id='word_1_282' title='bbox 2374 2315 2566 2376; x_wconf 90' lang='lat' dir='ltr'>quam</span> <span class='ocrx_word' id='word_1_283' title='bbox 2611 2298 2825 2357; x_wconf 91' lang='lat' dir='ltr'>omnia</span> <span class='ocrx_word' id='word_1_284' title='bbox 2870 2303 3111 2357; x_wconf 86' lang='lat' dir='ltr'>naturae</span> <span class='ocrx_word' id='word_1_285' title='bbox 3157 2317 3351 2377; x_wconf 91' lang='lat' dir='ltr'>opera</span> <span class='ocrx_word' id='word_1_286' title='bbox 3411 2318 3524 2359; x_wconf 92' lang='lat' dir='ltr'>suo</span> <span class='ocrx_word' id='word_1_287' title='bbox 3570 2318 3711 2360; x_wconf 90' lang='lat' dir='ltr'>mu-</span> 
     </span>
    </p>
   </div>
   <div class='ocr_carea' id='block_1_25' title="bbox 293 2378 3705 2459">
    <p class='ocr_par' dir='ltr' id='par_1_25' title="bbox 293 2378 3705 2459">
     <span class='ocr_line' id='line_1_25' title="bbox 293 2378 3705 2459; baseline 0 -20"><span class='ocrx_word' id='word_1_288' title='bbox 293 2396 446 2441; x_wconf 84' lang='lat' dir='ltr'>nere</span> <span class='ocrx_word' id='word_1_289' title='bbox 487 2378 966 2459; x_wconf 82' lang='lat' dir='ltr'>diligentissime</span> <span class='ocrx_word' id='word_1_290' title='bbox 1007 2381 1394 2458; x_wconf 87' lang='lat' dir='ltr'>fungantur;</span> <span class='ocrx_word' id='word_1_291' title='bbox 1443 2380 1687 2439; x_wconf 89' lang='lat' dir='ltr'>nullam</span> <span class='ocrx_word' id='word_1_292' title='bbox 1728 2378 1849 2438; x_wconf 90' lang='lat' dir='ltr'>sibi</span> <span class='ocrx_word' id='word_1_293' title='bbox 1894 2385 2113 2439; x_wconf 87' lang='lat' dir='ltr'>mutuo</span> <span class='ocrx_word' id='word_1_294' title='bbox 2158 2378 2456 2455; x_wconf 87' lang='lat' dir='ltr'>injuriam</span> <span class='ocrx_word' id='word_1_295' title='bbox 2517 2379 2812 2452; x_wconf 89' lang='lat' dir='ltr'>inferant,</span> <span class='ocrx_word' id='word_1_296' title='bbox 2884 2379 2989 2437; x_wconf 91' lang='lat' dir='ltr'>sed</span> <span class='ocrx_word' id='word_1_297' title='bbox 3050 2378 3257 2457; x_wconf 88' lang='lat' dir='ltr'>potius</span> <span class='ocrx_word' id='word_1_298' title='bbox 3317 2380 3705 2452; x_wconf 89' lang='lat' dir='ltr'>inserviant;</span> 
     </span>
    </p>
   </div>
   <div class='ocr_carea' id='block_1_26' title="bbox 291 2458 3710 2539">
    <p class='ocr_par' dir='ltr' id='par_1_26' title="bbox 291 2458 3710 2539">
     <span class='ocr_line' id='line_1_26' title="bbox 291 2458 3710 2539; baseline 0 -20"><span class='ocrx_word' id='word_1_299' title='bbox 291 2459 622 2539; x_wconf 87' lang='lat' dir='ltr'>superiora</span> <span class='ocrx_word' id='word_1_300' title='bbox 662 2459 1067 2521; x_wconf 84' lang='lat' dir='ltr'>inferioribus</span> <span class='ocrx_word' id='word_1_301' title='bbox 1110 2479 1290 2520; x_wconf 88' lang='lat' dir='ltr'>suam</span> <span class='ocrx_word' id='word_1_302' title='bbox 1333 2462 1628 2520; x_wconf 88' lang='lat' dir='ltr'>virtutem</span> <span class='ocrx_word' id='word_1_303' title='bbox 1672 2461 2059 2537; x_wconf 88' lang='lat' dir='ltr'>impertiant,</span> <span class='ocrx_word' id='word_1_304' title='bbox 2106 2459 2407 2519; x_wconf 88' lang='lat' dir='ltr'>inferiora</span> <span class='ocrx_word' id='word_1_305' title='bbox 2451 2458 2765 2536; x_wconf 87' lang='lat' dir='ltr'>accipiant</span> <span class='ocrx_word' id='word_1_306' title='bbox 2815 2464 2878 2518; x_wconf 90' lang='lat' dir='ltr'>et</span> <span class='ocrx_word' id='word_1_307' title='bbox 2938 2459 3207 2518; x_wconf 86' lang='lat' dir='ltr'>vicissim</span> <span class='ocrx_word' id='word_1_308' title='bbox 3280 2460 3710 2538; x_wconf 89' lang='lat' dir='ltr'>superioribus</span> 
     </span>
    </p>
   </div>
   <div class='ocr_carea' id='block_1_27' title="bbox 290 2539 3705 2619">
    <p class='ocr_par' dir='ltr' id='par_1_27' title="bbox 290 2539 3705 2619">
     <span class='ocr_line' id='line_1_27' title="bbox 290 2539 3705 2619; baseline -0 -18"><span class='ocrx_word' id='word_1_309' title='bbox 290 2539 634 2614; x_wconf 89' lang='lat' dir='ltr'>obediant;</span> <span class='ocrx_word' id='word_1_310' title='bbox 683 2540 970 2619; x_wconf 87' lang='lat' dir='ltr'>adeoque</span> <span class='ocrx_word' id='word_1_311' title='bbox 1013 2541 1227 2601; x_wconf 89' lang='lat' dir='ltr'>omnia</span> <span class='ocrx_word' id='word_1_312' title='bbox 1269 2540 1403 2601; x_wconf 89' lang='lat' dir='ltr'>sine</span> <span class='ocrx_word' id='word_1_313' title='bbox 1446 2539 1703 2600; x_wconf 89' lang='lat' dir='ltr'>dissidio</span> <span class='ocrx_word' id='word_1_314' title='bbox 1746 2540 2120 2599; x_wconf 89' lang='lat' dir='ltr'>suavissima</span> <span class='ocrx_word' id='word_1_315' title='bbox 2179 2539 2537 2611; x_wconf 81' lang='lat' dir='ltr'>concordia,</span> <span class='ocrx_word' id='word_1_316' title='bbox 2586 2558 2767 2619; x_wconf 84' lang='lat' dir='ltr'>suas</span> <span class='ocrx_word' id='word_1_317' title='bbox 2814 2540 3213 2617; x_wconf 90' lang='lat' dir='ltr'>operationes</span> <span class='ocrx_word' id='word_1_318' title='bbox 3272 2558 3345 2600; x_wconf 87' lang='lat' dir='ltr'>eo</span> <span class='ocrx_word' id='word_1_319' title='bbox 3408 2542 3705 2612; x_wconf 88' lang='lat' dir='ltr'>referant,</span> 
     </span>
    </p>
   </div>
   <div class='ocr_carea' id='block_1_28' title="bbox 289 2618 3710 2700">
    <p class='ocr_par' dir='ltr' id='par_1_28' title="bbox 289 2618 3710 2700">
     <span class='ocr_line' id='line_1_28' title="bbox 289 2618 3710 2700; baseline 0 -20"><span class='ocrx_word' id='word_1_320' title='bbox 289 2637 370 2680; x_wconf 91' lang='lat' dir='ltr'>ne</span> <span class='ocrx_word' id='word_1_321' title='bbox 415 2619 569 2699; x_wconf 90' lang='lat' dir='ltr'>quid</span> <span class='ocrx_word' id='word_1_322' title='bbox 612 2618 1038 2682; x_wconf 88' lang='lat' dir='ltr'>universitatis</span> <span class='ocrx_word' id='word_1_323' title='bbox 1081 2620 1433 2700; x_wconf 88' lang='lat' dir='ltr'>respublica</span> <span class='ocrx_word' id='word_1_324' title='bbox 1477 2620 1840 2682; x_wconf 90' lang='lat' dir='ltr'>detrimenti</span> <span class='ocrx_word' id='word_1_325' title='bbox 1882 2621 2110 2698; x_wconf 86' lang='lat' dir='ltr'>capiat,</span> <span class='ocrx_word' id='word_1_326' title='bbox 2165 2620 2272 2680; x_wconf 89' lang='lat' dir='ltr'>sed</span> <span class='ocrx_word' id='word_1_327' title='bbox 2318 2619 2529 2697; x_wconf 90' lang='lat' dir='ltr'>potius</span> <span class='ocrx_word' id='word_1_328' title='bbox 2577 2618 2885 2679; x_wconf 88' lang='lat' dir='ltr'>inviolata</span> <span class='ocrx_word' id='word_1_329' title='bbox 2944 2627 3007 2680; x_wconf 90' lang='lat' dir='ltr'>et</span> <span class='ocrx_word' id='word_1_330' title='bbox 3068 2621 3498 2681; x_wconf 84' lang='lat' dir='ltr'>illabefactata</span> <span class='ocrx_word' id='word_1_331' title='bbox 3556 2639 3710 2682; x_wconf 92' lang='lat' dir='ltr'>con-</span> 
     </span>
    </p>
   </div>
   <div class='ocr_carea' id='block_1_29' title="bbox 288 2706 598 2762">
    <p class='ocr_par' dir='ltr' id='par_1_29' title="bbox 288 2706 598 2762">
     <span class='ocr_line' id='line_1_29' title="bbox 288 2706 598 2762; baseline -0.003 -2"><span class='ocrx_word' id='word_1_332' title='bbox 288 2706 598 2762; x_wconf 89' lang='lat' dir='ltr'>servetur.</span> 
     </span>
    </p>
   </div>
   <div class='ocr_carea' id='block_1_30' title="bbox 368 2777 3709 2859">
    <p class='ocr_par' dir='ltr' id='par_1_30' title="bbox 368 2777 3709 2859">
     <span class='ocr_line' id='line_1_30' title="bbox 368 2777 3709 2859; baseline 0 -20"><span class='ocrx_word' id='word_1_333' title='bbox 368 2780 531 2850; x_wconf 87' lang='lat' dir='ltr'>Quid</span> <span class='ocrx_word' id='word_1_334' title='bbox 574 2798 725 2841; x_wconf 89' lang='lat' dir='ltr'>vero</span> <span class='ocrx_word' id='word_1_335' title='bbox 763 2780 895 2858; x_wconf 90' lang='lat' dir='ltr'>jam</span> <span class='ocrx_word' id='word_1_336' title='bbox 940 2780 1018 2840; x_wconf 92' lang='lat' dir='ltr'>de</span> <span class='ocrx_word' id='word_1_337' title='bbox 1062 2780 1385 2858; x_wconf 83' lang='lat' dir='ltr'>theologia</span> <span class='ocrx_word' id='word_1_338' title='bbox 1426 2781 1682 2841; x_wconf 87' lang='lat' dir='ltr'>dicam?</span> <span class='ocrx_word' id='word_1_339' title='bbox 1726 2782 1946 2839; x_wconf 90' lang='lat' dir='ltr'>Nonne</span> <span class='ocrx_word' id='word_1_340' title='bbox 1990 2779 2265 2854; x_wconf 84' lang='lat' dir='ltr'>cognitio</span> <span class='ocrx_word' id='word_1_341' title='bbox 2310 2782 2372 2837; x_wconf 90' lang='lat' dir='ltr'>et</span> <span class='ocrx_word' id='word_1_342' title='bbox 2414 2777 2835 2839; x_wconf 86' lang='lat' dir='ltr'>consideratio</span> <span class='ocrx_word' id='word_1_343' title='bbox 2879 2783 3123 2839; x_wconf 70' lang='lat' dir='ltr'>naturae</span> <span class='ocrx_word' id='word_1_344' title='bbox 3168 2780 3249 2839; x_wconf 90' lang='lat' dir='ltr'>ad</span> <span class='ocrx_word' id='word_1_345' title='bbox 3311 2780 3422 2840; x_wconf 91' lang='lat' dir='ltr'>Dei</span> <span class='ocrx_word' id='word_1_346' title='bbox 3485 2780 3709 2859; x_wconf 89' lang='lat' dir='ltr'>optimi</span> 
     </span>
    </p>
   </div>
   <div class='ocr_carea' id='block_1_31' title="bbox 286 2858 3708 2940">
    <p class='ocr_par' dir='ltr' id='par_1_31' title="bbox 286 2858 3708 2940">
     <span class='ocr_line' id='line_1_31' title="bbox 286 2858 3708 2940; baseline 0 -20"><span class='ocrx_word' id='word_1_347' title='bbox 286 2860 552 2921; x_wconf 84' lang='lat' dir='ltr'>maximi</span> <span class='ocrx_word' id='word_1_348' title='bbox 600 2866 669 2921; x_wconf 87' lang='lat' dir='ltr'>ut</span> <span class='ocrx_word' id='word_1_349' title='bbox 710 2879 915 2921; x_wconf 77' lang='lat' dir='ltr'>causae</span> <span class='ocrx_word' id='word_1_350' title='bbox 960 2861 1182 2940; x_wconf 72' lang='lat' dir='ltr'>primae</span> <span class='ocrx_word' id='word_1_351' title='bbox 1253 2868 1316 2920; x_wconf 92' lang='lat' dir='ltr'>et</span> <span class='ocrx_word' id='word_1_352' title='bbox 1358 2861 1659 2940; x_wconf 89' lang='lat' dir='ltr'>principis</span> <span class='ocrx_word' id='word_1_353' title='bbox 1702 2860 2123 2935; x_wconf 81' lang='lat' dir='ltr'>cognitionem</span> <span class='ocrx_word' id='word_1_354' title='bbox 2169 2858 2463 2930; x_wconf 80' lang='lat' dir='ltr'>adducit;</span> <span class='ocrx_word' id='word_1_355' title='bbox 2512 2860 2680 2936; x_wconf 89' lang='lat' dir='ltr'>quod</span> <span class='ocrx_word' id='word_1_356' title='bbox 2725 2859 3022 2919; x_wconf 90' lang='lat' dir='ltr'>nimirum</span> <span class='ocrx_word' id='word_1_357' title='bbox 3083 2878 3226 2921; x_wconf 92' lang='lat' dir='ltr'>eum</span> <span class='ocrx_word' id='word_1_358' title='bbox 3272 2879 3397 2920; x_wconf 91' lang='lat' dir='ltr'>non</span> <span class='ocrx_word' id='word_1_359' title='bbox 3460 2858 3708 2921; x_wconf 81' lang='lat' dir='ltr'>tantum</span> 
     </span>
    </p>
   </div>
   <div class='ocr_carea' id='block_1_32' title="bbox 293 2941 3707 3020">
    <p class='ocr_par' dir='ltr' id='par_1_32' title="bbox 293 2941 3707 3020">
     <span class='ocr_line' id='line_1_32' title="bbox 293 2941 3707 3020; baseline 0 -19"><span class='ocrx_word' id='word_1_360' title='bbox 293 2946 597 3002; x_wconf 60' lang='lat' dir='ltr'>aeternam</span> <span class='ocrx_word' id='word_1_361' title='bbox 644 2948 944 3014; x_wconf 89' lang='lat' dir='ltr'>mentem,</span> <span class='ocrx_word' id='word_1_362' title='bbox 992 2960 1135 3020; x_wconf 65' lang='lat' dir='ltr'>quae</span> <span class='ocrx_word' id='word_1_363' title='bbox 1179 2949 1326 3001; x_wconf 90' lang='lat' dir='ltr'>ante</span> <span class='ocrx_word' id='word_1_364' title='bbox 1370 2961 1468 3001; x_wconf 91' lang='lat' dir='ltr'>res</span> <span class='ocrx_word' id='word_1_365' title='bbox 1537 2942 1693 3001; x_wconf 89' lang='lat' dir='ltr'>alias</span> <span class='ocrx_word' id='word_1_366' title='bbox 1737 2941 2060 3000; x_wconf 89' lang='lat' dir='ltr'>naturales</span> <span class='ocrx_word' id='word_1_367' title='bbox 2118 2941 2302 2999; x_wconf 89' lang='lat' dir='ltr'>fuerit</span> <span class='ocrx_word' id='word_1_368' title='bbox 2362 2957 2635 3020; x_wconf 86' lang='lat' dir='ltr'>omnes;</span> <span class='ocrx_word' id='word_1_369' title='bbox 2699 2942 2807 2997; x_wconf 87' lang='lat' dir='ltr'>sed</span> <span class='ocrx_word' id='word_1_370' title='bbox 2870 2942 3060 2999; x_wconf 91' lang='lat' dir='ltr'>etiam</span> <span class='ocrx_word' id='word_1_371' title='bbox 3118 2941 3490 3018; x_wconf 89' lang='lat' dir='ltr'>simplicem,</span> <span class='ocrx_word' id='word_1_372' title='bbox 3565 2960 3707 3019; x_wconf 67' lang='lat' dir='ltr'>quae</span> 
     </span>
    </p>
   </div>
   <div class='ocr_carea' id='block_1_33' title="bbox 291 3019 3702 3100">
    <p class='ocr_par' dir='ltr' id='par_1_33' title="bbox 291 3019 3702 3100">
     <span class='ocr_line' id='line_1_33' title="bbox 291 3019 3702 3100; baseline 0 -18"><span class='ocrx_word' id='word_1_373' title='bbox 291 3022 501 3082; x_wconf 91' lang='lat' dir='ltr'>omnis</span> <span class='ocrx_word' id='word_1_374' title='bbox 542 3019 1023 3099; x_wconf 82' lang='lat' dir='ltr'>compositionis</span> <span class='ocrx_word' id='word_1_375' title='bbox 1076 3027 1140 3082; x_wconf 87' lang='lat' dir='ltr'>et</span> <span class='ocrx_word' id='word_1_376' title='bbox 1195 3021 1623 3082; x_wconf 88' lang='lat' dir='ltr'>dissolutionis</span> <span class='ocrx_word' id='word_1_377' title='bbox 1684 3039 1907 3097; x_wconf 80' lang='lat' dir='ltr'>expers</span> <span class='ocrx_word' id='word_1_378' title='bbox 1967 3020 2089 3090; x_wconf 90' lang='lat' dir='ltr'>sit;</span> <span class='ocrx_word' id='word_1_379' title='bbox 2154 3021 2262 3079; x_wconf 85' lang='lat' dir='ltr'>sed</span> <span class='ocrx_word' id='word_1_380' title='bbox 2334 3021 2522 3078; x_wconf 90' lang='lat' dir='ltr'>etiam</span> <span class='ocrx_word' id='word_1_381' title='bbox 2567 3019 2907 3090; x_wconf 88' lang='lat' dir='ltr'>inﬁnitam,</span> <span class='ocrx_word' id='word_1_382' title='bbox 2972 3040 3114 3098; x_wconf 61' lang='lat' dir='ltr'>quae</span> <span class='ocrx_word' id='word_1_383' title='bbox 3187 3040 3303 3080; x_wconf 88' lang='lat' dir='ltr'>sua</span> <span class='ocrx_word' id='word_1_384' title='bbox 3371 3022 3702 3100; x_wconf 89' lang='lat' dir='ltr'>sapientia,</span> 
     </span>
    </p>
   </div>
   <div class='ocr_carea' id='block_1_34' title="bbox 339 3100 3707 3180">
    <p class='ocr_par' dir='ltr' id='par_1_34' title="bbox 339 3100 3707 3180">
     <span class='ocr_line' id='line_1_34' title="bbox 339 3100 3707 3180; baseline -0 -18"><span class='ocrx_word' id='word_1_385' title='bbox 339 3101 602 3176; x_wconf 86' lang='lat' dir='ltr'>otentia,</span> <span class='ocrx_word' id='word_1_386' title='bbox 650 3101 933 3162; x_wconf 88' lang='lat' dir='ltr'>bonitate</span> <span class='ocrx_word' id='word_1_387' title='bbox 978 3101 1345 3180; x_wconf 78' lang='lat' dir='ltr'>caeterisque</span> <span class='ocrx_word' id='word_1_388' title='bbox 1406 3101 1940 3162; x_wconf 86' lang='lat' dir='ltr'>immensitatibus</span> <span class='ocrx_word' id='word_1_389' title='bbox 2008 3102 2224 3160; x_wconf 87' lang='lat' dir='ltr'>omnia</span> <span class='ocrx_word' id='word_1_390' title='bbox 2295 3100 2492 3172; x_wconf 88' lang='lat' dir='ltr'>ﬁniat,</span> <span class='ocrx_word' id='word_1_391' title='bbox 2542 3106 2604 3158; x_wconf 90' lang='lat' dir='ltr'>et</span> <span class='ocrx_word' id='word_1_392' title='bbox 2646 3118 2683 3158; x_wconf 89' lang='lat' dir='ltr'>a</span> <span class='ocrx_word' id='word_1_393' title='bbox 2752 3101 2925 3160; x_wconf 89' lang='lat' dir='ltr'>nullo</span> <span class='ocrx_word' id='word_1_394' title='bbox 2984 3101 3240 3161; x_wconf 84' lang='lat' dir='ltr'>ﬁniatur</span> <span class='ocrx_word' id='word_1_395' title='bbox 3288 3119 3302 3174; x_wconf 92' lang='lat'>;</span> <span class='ocrx_word' id='word_1_396' title='bbox 3367 3103 3475 3161; x_wconf 91' lang='lat' dir='ltr'>sed</span> <span class='ocrx_word' id='word_1_397' title='bbox 3518 3103 3707 3163; x_wconf 90' lang='lat' dir='ltr'>etiam</span> 
     </span>
    </p>
   </div>
   <div class='ocr_carea' id='block_1_35' title="bbox 347 3180 3713 3260">
    <p class='ocr_par' dir='ltr' id='par_1_35' title="bbox 347 3180 3713 3260">
     <span class='ocr_line' id='line_1_35' title="bbox 347 3180 3713 3260; baseline 0 -19"><span class='ocrx_word' id='word_1_398' title='bbox 347 3183 559 3242; x_wconf 89' lang='lat' dir='ltr'>umani</span> <span class='ocrx_word' id='word_1_399' title='bbox 601 3182 850 3260; x_wconf 81' lang='lat' dir='ltr'>generis</span> <span class='ocrx_word' id='word_1_400' title='bbox 895 3182 1391 3242; x_wconf 88' lang='lat' dir='ltr'>amantissimam</span> <span class='ocrx_word' id='word_1_401' title='bbox 1438 3200 1572 3243; x_wconf 91' lang='lat' dir='ltr'>esse</span> <span class='ocrx_word' id='word_1_402' title='bbox 1614 3187 1923 3260; x_wconf 87' lang='lat' dir='ltr'>oporteat,</span> <span class='ocrx_word' id='word_1_403' title='bbox 1974 3180 2152 3257; x_wconf 87' lang='lat' dir='ltr'>cujus</span> <span class='ocrx_word' id='word_1_404' title='bbox 2196 3181 2399 3256; x_wconf 77' lang='lat' dir='ltr'>gratia</span> <span class='ocrx_word' id='word_1_405' title='bbox 2468 3180 2679 3239; x_wconf 89' lang='lat' dir='ltr'>omnia</span> <span class='ocrx_word' id='word_1_406' title='bbox 2750 3181 2898 3249; x_wconf 87' lang='lat' dir='ltr'>alia,</span> <span class='ocrx_word' id='word_1_407' title='bbox 2969 3181 3175 3259; x_wconf 90' lang='lat' dir='ltr'>ipsum</span> <span class='ocrx_word' id='word_1_408' title='bbox 3246 3199 3395 3241; x_wconf 88' lang='lat' dir='ltr'>vero</span> <span class='ocrx_word' id='word_1_409' title='bbox 3464 3183 3541 3241; x_wconf 91' lang='lat' dir='ltr'>ad</span> <span class='ocrx_word' id='word_1_410' title='bbox 3616 3183 3713 3242; x_wconf 90' lang='lat' dir='ltr'>sui</span> 
     </span>
    </p>
   </div>
   <div class='ocr_carea' id='block_1_36' title="bbox 293 3260 3712 3341">
    <p class='ocr_par' dir='ltr' id='par_1_36' title="bbox 293 3260 3712 3341">
     <span class='ocr_line' id='line_1_36' title="bbox 293 3260 3712 3341; baseline 0.001 -20"><span class='ocrx_word' id='word_1_411' title='bbox 293 3262 722 3341; x_wconf 80' lang='lat' dir='ltr'>cognitionem</span> <span class='ocrx_word' id='word_1_412' title='bbox 763 3268 828 3324; x_wconf 90' lang='lat' dir='ltr'>et</span> <span class='ocrx_word' id='word_1_413' title='bbox 876 3262 1276 3323; x_wconf 90' lang='lat' dir='ltr'>dilectionem</span> <span class='ocrx_word' id='word_1_414' title='bbox 1319 3263 1728 3323; x_wconf 81' lang='lat' dir='ltr'>condiderit?</span> <span class='ocrx_word' id='word_1_415' title='bbox 1790 3265 1969 3321; x_wconf 82' lang='lat' dir='ltr'>Certe</span> <span class='ocrx_word' id='word_1_416' title='bbox 2010 3263 2318 3338; x_wconf 83' lang='lat' dir='ltr'>Epicurus</span> <span class='ocrx_word' id='word_1_417' title='bbox 2389 3260 2440 3319; x_wconf 88' lang='lat' dir='ltr'>si</span> <span class='ocrx_word' id='word_1_418' title='bbox 2500 3261 2785 3321; x_wconf 87' lang='lat' dir='ltr'>Ciceroni</span> <span class='ocrx_word' id='word_1_419' title='bbox 2854 3263 3189 3328; x_wconf 87' lang='lat' dir='ltr'>credimus.</span> <span class='ocrx_word' id='word_1_420' title='bbox 3250 3262 3370 3323; x_wconf 88' lang='lat' dir='ltr'>hac</span> <span class='ocrx_word' id='word_1_421' title='bbox 3440 3262 3712 3324; x_wconf 84' lang='lat' dir='ltr'>maxime</span> 
     </span>
    </p>
   </div>
   <div class='ocr_carea' id='block_1_37' title="bbox 293 3341 3709 3421">
    <p class='ocr_par' dir='ltr' id='par_1_37' title="bbox 293 3341 3709 3421">
     <span class='ocr_line' id='line_1_37' title="bbox 293 3341 3709 3421; baseline -0 -18"><span class='ocrx_word' id='word_1_422' title='bbox 293 3343 371 3403; x_wconf 91' lang='lat' dir='ltr'>de</span> <span class='ocrx_word' id='word_1_423' title='bbox 415 3360 608 3403; x_wconf 90' lang='lat' dir='ltr'>causa</span> <span class='ocrx_word' id='word_1_424' title='bbox 648 3343 714 3403; x_wconf 92' lang='lat' dir='ltr'>in</span> <span class='ocrx_word' id='word_1_425' title='bbox 787 3343 947 3404; x_wconf 91' lang='lat' dir='ltr'>adeo</span> <span class='ocrx_word' id='word_1_426' title='bbox 977 3349 1185 3421; x_wconf 79' lang='lat' dir='ltr'>tetras</span> <span class='ocrx_word' id='word_1_427' title='bbox 1230 3342 1603 3421; x_wconf 84' lang='lat' dir='ltr'>Opiniouum</span> <span class='ocrx_word' id='word_1_428' title='bbox 1648 3342 2070 3402; x_wconf 86' lang='lat' dir='ltr'>absurditates</span> <span class='ocrx_word' id='word_1_429' title='bbox 2113 3342 2212 3400; x_wconf 89' lang='lat' dir='ltr'>vel</span> <span class='ocrx_word' id='word_1_430' title='bbox 2276 3341 2493 3421; x_wconf 87' lang='lat' dir='ltr'>potius</span> <span class='ocrx_word' id='word_1_431' title='bbox 2549 3341 2985 3419; x_wconf 89' lang='lat' dir='ltr'>profanitates,</span> <span class='ocrx_word' id='word_1_432' title='bbox 3062 3348 3130 3401; x_wconf 88' lang='lat' dir='ltr'>ut</span> <span class='ocrx_word' id='word_1_433' title='bbox 3196 3342 3308 3401; x_wconf 92' lang='lat' dir='ltr'>Dei</span> <span class='ocrx_word' id='word_1_434' title='bbox 3354 3343 3709 3420; x_wconf 85' lang='lat' dir='ltr'>providen-</span> 
     </span>
    </p>
   </div>
   <div class='ocr_carea' id='block_1_38' title="bbox 291 3418 3710 3502">
    <p class='ocr_par' dir='ltr' id='par_1_38' title="bbox 291 3418 3710 3502">
     <span class='ocr_line' id='line_1_38' title="bbox 291 3418 3710 3502; baseline -0 -18"><span class='ocrx_word' id='word_1_435' title='bbox 291 3422 446 3484; x_wconf 86' lang='lat' dir='ltr'>tiam</span> <span class='ocrx_word' id='word_1_436' title='bbox 490 3427 774 3502; x_wconf 82' lang='lat' dir='ltr'>negaret,</span> <span class='ocrx_word' id='word_1_437' title='bbox 851 3418 1114 3496; x_wconf 77' lang='lat' dir='ltr'>incidit;</span> <span class='ocrx_word' id='word_1_438' title='bbox 1182 3418 1353 3502; x_wconf 81' lang='lat' dir='ltr'>quod</span> <span class='ocrx_word' id='word_1_439' title='bbox 1396 3429 1460 3483; x_wconf 87' lang='lat' dir='ltr'>et</span> <span class='ocrx_word' id='word_1_440' title='bbox 1520 3423 1987 3482; x_wconf 77' lang='lat' dir='ltr'>mathematicae</span> <span class='ocrx_word' id='word_1_441' title='bbox 2031 3428 2093 3482; x_wconf 89' lang='lat' dir='ltr'>et</span> <span class='ocrx_word' id='word_1_442' title='bbox 2138 3418 2441 3502; x_wconf 53' lang='lat' dir='ltr'>phySicar</span> <span class='ocrx_word' id='word_1_443' title='bbox 2483 3418 2765 3499; x_wconf 86' lang='lat' dir='ltr'>ignarus</span> <span class='ocrx_word' id='word_1_444' title='bbox 2796 3422 2935 3481; x_wconf 85' lang='lat' dir='ltr'>fuit.</span> <span class='ocrx_word' id='word_1_445' title='bbox 3001 3422 3232 3481; x_wconf 87' lang='lat' dir='ltr'>Contra</span> <span class='ocrx_word' id='word_1_446' title='bbox 3300 3418 3710 3483; x_wconf 78' lang='lat' dir='ltr'>memorabile</span> 
     </span>
    </p>
   </div>
   <div class='ocr_carea' id='block_1_39' title="bbox 287 3501 3714 3582">
    <p class='ocr_par' dir='ltr' id='par_1_39' title="bbox 287 3501 3714 3582">
     <span class='ocr_line' id='line_1_39' title="bbox 287 3501 3714 3582; baseline -0 -18"><span class='ocrx_word' id='word_1_447' title='bbox 287 3510 383 3564; x_wconf 85' lang='lat' dir='ltr'>est</span> <span class='ocrx_word' id='word_1_448' title='bbox 425 3501 599 3582; x_wconf 86' lang='lat' dir='ltr'>quod</span> <span class='ocrx_word' id='word_1_449' title='bbox 643 3503 1007 3564; x_wconf 85' lang='lat' dir='ltr'>Aristoteles</span> <span class='ocrx_word' id='word_1_450' title='bbox 1066 3505 1144 3565; x_wconf 88' lang='lat' dir='ltr'>de</span> <span class='ocrx_word' id='word_1_451' title='bbox 1204 3501 1519 3563; x_wconf 90' lang='lat' dir='ltr'>Heraclito</span> <span class='ocrx_word' id='word_1_452' title='bbox 1591 3504 1804 3574; x_wconf 86' lang='lat' dir='ltr'>refert,</span> <span class='ocrx_word' id='word_1_453' title='bbox 1866 3503 2073 3581; x_wconf 88' lang='lat' dir='ltr'>ipsum</span> <span class='ocrx_word' id='word_1_454' title='bbox 2147 3501 2492 3579; x_wconf 83' lang='lat' dir='ltr'>aliquando</span> <span class='ocrx_word' id='word_1_455' title='bbox 2563 3519 2705 3560; x_wconf 92' lang='lat' dir='ltr'>cum</span> <span class='ocrx_word' id='word_1_456' title='bbox 2775 3502 2841 3561; x_wconf 92' lang='lat' dir='ltr'>in</span> <span class='ocrx_word' id='word_1_457' title='bbox 2915 3520 3060 3561; x_wconf 90' lang='lat' dir='ltr'>casa</span> <span class='ocrx_word' id='word_1_458' title='bbox 3136 3503 3418 3563; x_wconf 85' lang='lat' dir='ltr'>fumaria</span> <span class='ocrx_word' id='word_1_459' title='bbox 3487 3504 3714 3564; x_wconf 88' lang='lat' dir='ltr'>caloris</span> 
     </span>
    </p>
   </div>
   <div class='ocr_carea' id='block_1_40' title="bbox 288 3581 3715 3663">
    <p class='ocr_par' dir='ltr' id='par_1_40' title="bbox 288 3581 3715 3663">
     <span class='ocr_line' id='line_1_40' title="bbox 288 3581 3715 3663; baseline -0.001 -18"><span class='ocrx_word' id='word_1_460' title='bbox 288 3581 496 3663; x_wconf 86' lang='lat' dir='ltr'>gratia</span> <span class='ocrx_word' id='word_1_461' title='bbox 539 3583 825 3656; x_wconf 88' lang='lat' dir='ltr'>sedisset,</span> <span class='ocrx_word' id='word_1_462' title='bbox 872 3584 1120 3663; x_wconf 90' lang='lat' dir='ltr'>aliquos</span> <span class='ocrx_word' id='word_1_463' title='bbox 1163 3584 1273 3662; x_wconf 90' lang='lat' dir='ltr'>qui</span> <span class='ocrx_word' id='word_1_464' title='bbox 1330 3584 1537 3663; x_wconf 89' lang='lat' dir='ltr'>ipsum</span> <span class='ocrx_word' id='word_1_465' title='bbox 1614 3583 1851 3662; x_wconf 90' lang='lat' dir='ltr'>alloqui</span> <span class='ocrx_word' id='word_1_466' title='bbox 1922 3585 2275 3653; x_wconf 88' lang='lat' dir='ltr'>voluerant,</span> <span class='ocrx_word' id='word_1_467' title='bbox 2341 3581 2445 3641; x_wconf 90' lang='lat' dir='ltr'>sed</span> <span class='ocrx_word' id='word_1_468' title='bbox 2511 3588 2722 3641; x_wconf 85' lang='lat' dir='ltr'>tamen</span> <span class='ocrx_word' id='word_1_469' title='bbox 2762 3582 3036 3663; x_wconf 12' lang='lat' dir='ltr'>ireveriti</span> <span class='ocrx_word' id='word_1_470' title='bbox 3109 3583 3532 3643; x_wconf 89' lang='lat' dir='ltr'>humilitatem</span> <span class='ocrx_word' id='word_1_471' title='bbox 3591 3583 3715 3644; x_wconf 93' lang='lat' dir='ltr'>loci</span> 
     </span>
    </p>
   </div>
   <div class='ocr_carea' id='block_1_41' title="bbox 288 3662 3714 3743">
    <p class='ocr_par' dir='ltr' id='par_1_41' title="bbox 288 3662 3714 3743">
     <span class='ocr_line' id='line_1_41' title="bbox 288 3662 3714 3743; baseline -0 -18"><span class='ocrx_word' id='word_1_472' title='bbox 288 3662 721 3735; x_wconf 86' lang='lat' dir='ltr'>constiterant,</span> <span class='ocrx_word' id='word_1_473' title='bbox 768 3664 847 3723; x_wconf 90' lang='lat' dir='ltr'>ad</span> <span class='ocrx_word' id='word_1_474' title='bbox 893 3662 1248 3743; x_wconf 25' lang='lat' dir='ltr'>se’ingredi</span> <span class='ocrx_word' id='word_1_475' title='bbox 1284 3662 1545 3741; x_wconf 79' lang='lat' dir='ltr'>juSsisse</span> <span class='ocrx_word' id='word_1_476' title='bbox 1588 3665 1831 3723; x_wconf 85' lang='lat' dir='ltr'>ratione</span> <span class='ocrx_word' id='word_1_477' title='bbox 1880 3663 2142 3722; x_wconf 88' lang='lat' dir='ltr'>addita:</span> <span class='ocrx_word' id='word_1_478' title='bbox 2190 3663 2498 3732; x_wconf 83' lang='lat' dir='ltr'>Quoniam</span> <span class='ocrx_word' id='word_1_479' title='bbox 2546 3681 2624 3721; x_wconf 91' lang='lat' dir='ltr'>ne</span> <span class='ocrx_word' id='word_1_480' title='bbox 2668 3662 3111 3743; x_wconf 15' lang='lat' dir='ltr'>huieiquoque</span> <span class='ocrx_word' id='word_1_481' title='bbox 3156 3665 3292 3723; x_wconf 93' lang='lat' dir='ltr'>loco</span> <span class='ocrx_word' id='word_1_482' title='bbox 3338 3664 3565 3724; x_wconf 91' lang='lat' dir='ltr'>desunt</span> <span class='ocrx_word' id='word_1_483' title='bbox 3625 3664 3714 3724; x_wconf 91' lang='lat' dir='ltr'>dii</span> 
     </span>
    </p>
   </div>
   <div class='ocr_carea' id='block_1_42' title="bbox 286 3742 3712 3823">
    <p class='ocr_par' dir='ltr' id='par_1_42' title="bbox 286 3742 3712 3823">
     <span class='ocr_line' id='line_1_42' title="bbox 286 3742 3712 3823; baseline -0.001 -17"><span class='ocrx_word' id='word_1_484' title='bbox 286 3745 705 3806; x_wconf 86' lang='lat' dir='ltr'>immortales.</span> <span class='ocrx_word' id='word_1_485' title='bbox 778 3744 914 3815; x_wconf 89' lang='lat' dir='ltr'>Quo</span> <span class='ocrx_word' id='word_1_486' title='bbox 956 3742 1108 3806; x_wconf 86' lang='lat' dir='ltr'>sane</span> <span class='ocrx_word' id='word_1_487' title='bbox 1152 3744 1598 3823; x_wconf 89' lang='lat' dir='ltr'>Philosophus,</span> <span class='ocrx_word' id='word_1_488' title='bbox 1650 3744 1834 3803; x_wconf 88' lang='lat' dir='ltr'>unius</span> <span class='ocrx_word' id='word_1_489' title='bbox 1882 3743 2011 3803; x_wconf 89' lang='lat' dir='ltr'>veri</span> <span class='ocrx_word' id='word_1_490' title='bbox 2053 3744 2164 3803; x_wconf 91' lang='lat' dir='ltr'>Dei</span> <span class='ocrx_word' id='word_1_491' title='bbox 2210 3744 2353 3802; x_wconf 89' lang='lat' dir='ltr'>licet</span> <span class='ocrx_word' id='word_1_492' title='bbox 2414 3744 2696 3818; x_wconf 83' lang='lat' dir='ltr'>ignarus,</span> <span class='ocrx_word' id='word_1_493' title='bbox 2741 3742 3022 3803; x_wconf 88' lang='lat' dir='ltr'>indicare</span> <span class='ocrx_word' id='word_1_494' title='bbox 3092 3744 3311 3815; x_wconf 86' lang='lat' dir='ltr'>voluit,</span> <span class='ocrx_word' id='word_1_495' title='bbox 3359 3744 3600 3804; x_wconf 90' lang='lat' dir='ltr'>nullum</span> <span class='ocrx_word' id='word_1_496' title='bbox 3646 3745 3712 3804; x_wconf 90' lang='lat' dir='ltr'>in</span> 
     </span>
    </p>
   </div>
   <div class='ocr_carea' id='block_1_43' title="bbox 288 3823 3716 3904">
    <p class='ocr_par' dir='ltr' id='par_1_43' title="bbox 288 3823 3716 3904">
     <span class='ocr_line' id='line_1_43' title="bbox 288 3823 3716 3904; baseline -0.001 -18"><span class='ocrx_word' id='word_1_497' title='bbox 288 3831 427 3886; x_wconf 84' lang='lat' dir='ltr'>toto</span> <span class='ocrx_word' id='word_1_498' title='bbox 474 3826 763 3885; x_wconf 87' lang='lat' dir='ltr'>universo</span> <span class='ocrx_word' id='word_1_499' title='bbox 809 3843 942 3886; x_wconf 89' lang='lat' dir='ltr'>esse</span> <span class='ocrx_word' id='word_1_500' title='bbox 987 3825 1315 3903; x_wconf 83' lang='lat' dir='ltr'>angulum,</span> <span class='ocrx_word' id='word_1_501' title='bbox 1361 3825 1427 3884; x_wconf 91' lang='lat' dir='ltr'>in</span> <span class='ocrx_word' id='word_1_502' title='bbox 1473 3844 1599 3904; x_wconf 89' lang='lat' dir='ltr'>quo</span> <span class='ocrx_word' id='word_1_503' title='bbox 1644 3826 1756 3884; x_wconf 89' lang='lat' dir='ltr'>Dei</span> <span class='ocrx_word' id='word_1_504' title='bbox 1797 3830 1931 3902; x_wconf 84' lang='lat' dir='ltr'>cpt.</span> <span class='ocrx_word' id='word_1_505' title='bbox 1981 3842 2152 3883; x_wconf 84' lang='lat' dir='ltr'>max.</span> <span class='ocrx_word' id='word_1_506' title='bbox 2200 3823 2499 3883; x_wconf 87' lang='lat' dir='ltr'>bonitatis</span> <span class='ocrx_word' id='word_1_507' title='bbox 2543 3831 2605 3882; x_wconf 89' lang='lat' dir='ltr'>et</span> <span class='ocrx_word' id='word_1_508' title='bbox 2675 3824 2971 3904; x_wconf 61' lang='lat' dir='ltr'>potentia:</span> <span class='ocrx_word' id='word_1_509' title='bbox 3014 3823 3322 3901; x_wconf 81' lang='lat' dir='ltr'>impressa</span> <span class='ocrx_word' id='word_1_510' title='bbox 3392 3843 3519 3884; x_wconf 89' lang='lat' dir='ltr'>non</span> <span class='ocrx_word' id='word_1_511' title='bbox 3590 3825 3716 3884; x_wconf 85' lang='lat' dir='ltr'>sint</span> 
     </span>
    </p>
   </div>
   <div class='ocr_carea' id='block_1_44' title="bbox 292 3903 3710 3984">
    <p class='ocr_par' dir='ltr' id='par_1_44' title="bbox 292 3903 3710 3984">
     <span class='ocr_line' id='line_1_44' title="bbox 292 3903 3710 3984; baseline -0 -19"><span class='ocrx_word' id='word_1_512' title='bbox 292 3906 599 3984; x_wconf 84' lang='lat' dir='ltr'>vestigia;</span> <span class='ocrx_word' id='word_1_513' title='bbox 647 3905 892 3965; x_wconf 90' lang='lat' dir='ltr'>nullum</span> <span class='ocrx_word' id='word_1_514' title='bbox 966 3925 1099 3966; x_wconf 89' lang='lat' dir='ltr'>esse</span> <span class='ocrx_word' id='word_1_515' title='bbox 1144 3903 1578 3984; x_wconf 84' lang='lat' dir='ltr'>cespitem,in</span> <span class='ocrx_word' id='word_1_516' title='bbox 1624 3924 1750 3982; x_wconf 86' lang='lat' dir='ltr'>quo</span> <span class='ocrx_word' id='word_1_517' title='bbox 1794 3923 1919 3964; x_wconf 92' lang='lat' dir='ltr'>non</span> <span class='ocrx_word' id='word_1_518' title='bbox 1966 3904 2207 3982; x_wconf 90' lang='lat' dir='ltr'>aliquid</span> <span class='ocrx_word' id='word_1_519' title='bbox 2255 3904 2615 3963; x_wconf 89' lang='lat' dir='ltr'>mirandum</span> <span class='ocrx_word' id='word_1_520' title='bbox 2661 3903 2871 3963; x_wconf 89' lang='lat' dir='ltr'>videre</span> <span class='ocrx_word' id='word_1_521' title='bbox 2916 3904 3127 3976; x_wconf 87' lang='lat' dir='ltr'>liceat,</span> <span class='ocrx_word' id='word_1_522' title='bbox 3175 3904 3710 3981; x_wconf 88' lang='lat' dir='ltr'>quemadmodum</span> 
     </span>
    </p>
   </div>
   <div class='ocr_carea' id='block_1_45' title="bbox 288 3985 1202 4047">
    <p class='ocr_par' dir='ltr' id='par_1_45' title="bbox 288 3985 1202 4047">
     <span class='ocr_line' id='line_1_45' title="bbox 288 3985 1202 4047; baseline -0.002 0"><span class='ocrx_word' id='word_1_523' title='bbox 288 4005 444 4047; x_wconf 89' lang='lat' dir='ltr'>sane</span> <span class='ocrx_word' id='word_1_524' title='bbox 487 3985 679 4047; x_wconf 89' lang='lat' dir='ltr'>etiam</span> <span class='ocrx_word' id='word_1_525' title='bbox 723 3989 953 4046; x_wconf 87' lang='lat' dir='ltr'>Aratus</span> <span class='ocrx_word' id='word_1_526' title='bbox 994 3985 1154 4046; x_wconf 84' lang='lat' dir='ltr'>dixit</span> <span class='ocrx_word' id='word_1_527' title='bbox 1187 4002 1202 4045; x_wconf 90' lang='lat'>:</span> 
     </span>
    </p>
   </div>
   <div class='ocr_carea' id='block_1_46' title="bbox 1895 4087 2523 4159">
    <p class='ocr_par' dir='ltr' id='par_1_46' title="bbox 1895 4087 2523 4159">
     <span class='ocr_line' id='line_1_46' title="bbox 1895 4087 2523 4159; baseline -0.005 -14"><span class='ocrx_word' id='word_1_528' title='bbox 1895 4089 1926 4145; x_wconf 88' lang='lat' dir='ltr'><strong>J</strong></span> <span class='ocrx_word' id='word_1_529' title='bbox 1933 4089 2057 4145; x_wconf 90' lang='lat' dir='ltr'>ovis</span> <span class='ocrx_word' id='word_1_530' title='bbox 2088 4087 2288 4143; x_wconf 83' lang='lat' dir='ltr'>omnia</span> <span class='ocrx_word' id='word_1_531' title='bbox 2318 4087 2491 4159; x_wconf 88' lang='lat' dir='ltr'>plena</span> <span class='ocrx_word' id='word_1_532' title='bbox 2511 4106 2523 4155; x_wconf 92' lang='lat'>;</span> 
     </span>
    </p>
   </div>
   <div class='ocr_carea' id='block_1_47' title="bbox 370 4161 1487 4241">
    <p class='ocr_par' dir='ltr' id='par_1_47' title="bbox 370 4161 1487 4241">
     <span class='ocr_line' id='line_1_47' title="bbox 370 4161 1487 4241; baseline -0.003 -17"><span class='ocrx_word' id='word_1_533' title='bbox 370 4163 495 4225; x_wconf 86' lang='lat' dir='ltr'>Sed</span> <span class='ocrx_word' id='word_1_534' title='bbox 538 4161 772 4225; x_wconf 89' lang='lat' dir='ltr'>rectius</span> <span class='ocrx_word' id='word_1_535' title='bbox 813 4167 1004 4241; x_wconf 89' lang='lat' dir='ltr'>poeta</span> <span class='ocrx_word' id='word_1_536' title='bbox 1045 4161 1437 4224; x_wconf 86' lang='lat' dir='ltr'>Christianus</span> <span class='ocrx_word' id='word_1_537' title='bbox 1471 4181 1487 4221; x_wconf 91' lang='lat'><strong>:</strong></span> 
     </span>
    </p>
   </div>
   <div class='ocr_carea' id='block_1_48' title="bbox 1317 4266 2692 4339">
    <p class='ocr_par' dir='ltr' id='par_1_48' title="bbox 1317 4266 2692 4339">
     <span class='ocr_line' id='line_1_48' title="bbox 1317 4266 2692 4339; baseline -0.003 -16"><span class='ocrx_word' id='word_1_538' title='bbox 1317 4269 1389 4323; x_wconf 87' lang='lat' dir='ltr'>Et</span> <span class='ocrx_word' id='word_1_539' title='bbox 1416 4267 1559 4323; x_wconf 88' lang='lat' dir='ltr'>levis</span> <span class='ocrx_word' id='word_1_540' title='bbox 1588 4273 1680 4323; x_wconf 88' lang='lat' dir='ltr'>est</span> <span class='ocrx_word' id='word_1_541' title='bbox 1706 4284 1909 4339; x_wconf 88' lang='lat' dir='ltr'>cespes</span> <span class='ocrx_word' id='word_1_542' title='bbox 1940 4266 2042 4338; x_wconf 89' lang='lat' dir='ltr'>qui</span> <span class='ocrx_word' id='word_1_543' title='bbox 2072 4266 2278 4337; x_wconf 87' lang='lat' dir='ltr'>probet</span> <span class='ocrx_word' id='word_1_544' title='bbox 2306 4282 2435 4321; x_wconf 89' lang='lat' dir='ltr'>esse</span> <span class='ocrx_word' id='word_1_545' title='bbox 2466 4266 2650 4321; x_wconf 90' lang='lat' dir='ltr'>Deum</span> <span class='ocrx_word' id='word_1_546' title='bbox 2678 4283 2692 4333; x_wconf 88' lang='lat'>;</span> 
     </span>
    </p>
   </div>
   <div class='ocr_carea' id='block_1_49' title="bbox 368 4343 2714 4491">
    <p class='ocr_par' dir='ltr' id='par_1_49' title="bbox 368 4343 2714 4491">
     <span class='ocr_line' id='line_1_49' title="bbox 368 4343 2714 4491; baseline -0.001 -19"><span class='ocrx_word' id='word_1_547' title='bbox 368 4343 446 4402; x_wconf 63' lang='lat' dir='ltr'><strong>Et</strong></span> <span class='ocrx_word' id='word_1_548' title='bbox 477 4387 492 4400; x_wconf 49' lang='lat'><strong><em>.</em></strong></span> <span class='ocrx_word' id='word_1_549' title='bbox 1324 4421 1796 4491; x_wconf 69' lang='lat' dir='ltr'>Praesentemque</span> <span class='ocrx_word' id='word_1_550' title='bbox 1827 4418 2013 4474; x_wconf 91' lang='lat' dir='ltr'>Deum</span> <span class='ocrx_word' id='word_1_551' title='bbox 2043 4416 2317 4489; x_wconf 82' lang='lat' dir='ltr'>quaelibet</span> <span class='ocrx_word' id='word_1_552' title='bbox 2346 4417 2529 4472; x_wconf 89' lang='lat' dir='ltr'>herba</span> <span class='ocrx_word' id='word_1_553' title='bbox 2557 4416 2714 4471; x_wconf 86' lang='lat' dir='ltr'>facit.</span> 
     </span>
    </p>
   </div>
   <div class='ocr_carea' id='block_1_50' title="bbox 288 4531 3713 4613">
    <p class='ocr_par' dir='ltr' id='par_1_50' title="bbox 288 4531 3713 4613">
     <span class='ocr_line' id='line_1_50' title="bbox 288 4531 3713 4613; baseline -0 -19"><span class='ocrx_word' id='word_1_554' title='bbox 288 4531 601 4594; x_wconf 90' lang='lat' dir='ltr'>Nimirum</span> <span class='ocrx_word' id='word_1_555' title='bbox 647 4532 769 4594; x_wconf 90' lang='lat' dir='ltr'>hoc</span> <span class='ocrx_word' id='word_1_556' title='bbox 811 4538 906 4593; x_wconf 88' lang='lat' dir='ltr'>est</span> <span class='ocrx_word' id='word_1_557' title='bbox 946 4534 1118 4608; x_wconf 90' lang='lat' dir='ltr'>quod</span> <span class='ocrx_word' id='word_1_558' title='bbox 1158 4533 1394 4595; x_wconf 90' lang='lat' dir='ltr'>Paulus</span> <span class='ocrx_word' id='word_1_559' title='bbox 1437 4532 1518 4593; x_wconf 85' lang='lat' dir='ltr'>ad</span> <span class='ocrx_word' id='word_1_560' title='bbox 1564 4536 1883 4593; x_wconf 78' lang='lat' dir='ltr'>Romanos</span> <span class='ocrx_word' id='word_1_561' title='bbox 1924 4531 1991 4613; x_wconf 84' lang='grc' dir='ltr'>(Ι,</span> <span class='ocrx_word' id='word_1_562' title='bbox 2037 4533 2141 4611; x_wconf 80' lang='grc'>20)</span> <span class='ocrx_word' id='word_1_563' title='bbox 2186 4532 2422 4603; x_wconf 88' lang='lat' dir='ltr'>scribit,</span> <span class='ocrx_word' id='word_1_564' title='bbox 2468 4551 2545 4593; x_wconf 87' lang='lat' dir='ltr'>ex</span> <span class='ocrx_word' id='word_1_565' title='bbox 2590 4532 2906 4594; x_wconf 88' lang='lat' dir='ltr'>creatione</span> <span class='ocrx_word' id='word_1_566' title='bbox 2976 4531 3194 4593; x_wconf 90' lang='lat' dir='ltr'>mundi</span> <span class='ocrx_word' id='word_1_567' title='bbox 3255 4551 3368 4610; x_wconf 91' lang='lat' dir='ltr'>per</span> <span class='ocrx_word' id='word_1_568' title='bbox 3435 4550 3510 4591; x_wconf 91' lang='lat' dir='ltr'>ea</span> <span class='ocrx_word' id='word_1_569' title='bbox 3552 4550 3713 4613; x_wconf 82' lang='lat' dir='ltr'>quae</span> 
     </span>
    </p>
   </div>
   <div class='ocr_carea' id='block_1_51' title="bbox 289 4612 3714 4692">
    <p class='ocr_par' dir='ltr' id='par_1_51' title="bbox 289 4612 3714 4692">
     <span class='ocr_line' id='line_1_51' title="bbox 289 4612 3714 4692; baseline -0 -19"><span class='ocrx_word' id='word_1_570' title='bbox 289 4616 464 4674; x_wconf 87' lang='lat' dir='ltr'>facta</span> <span class='ocrx_word' id='word_1_571' title='bbox 504 4618 672 4687; x_wconf 89' lang='lat' dir='ltr'>sunt,</span> <span class='ocrx_word' id='word_1_572' title='bbox 720 4613 1063 4673; x_wconf 88' lang='lat' dir='ltr'>invisibilia</span> <span class='ocrx_word' id='word_1_573' title='bbox 1103 4614 1237 4684; x_wconf 90' lang='lat' dir='ltr'>Dei,</span> <span class='ocrx_word' id='word_1_574' title='bbox 1310 4613 1508 4692; x_wconf 89' lang='lat' dir='ltr'>ipsius</span> <span class='ocrx_word' id='word_1_575' title='bbox 1550 4613 1787 4673; x_wconf 88' lang='lat' dir='ltr'>scilicet</span> <span class='ocrx_word' id='word_1_576' title='bbox 1854 4613 2290 4691; x_wconf 86' lang='lat' dir='ltr'>simpiternam</span> <span class='ocrx_word' id='word_1_577' title='bbox 2359 4614 2704 4691; x_wconf 76' lang='lat' dir='ltr'>potentiam</span> <span class='ocrx_word' id='word_1_578' title='bbox 2777 4619 2841 4673; x_wconf 89' lang='lat' dir='ltr'>et</span> <span class='ocrx_word' id='word_1_579' title='bbox 2901 4614 3319 4685; x_wconf 87' lang='lat' dir='ltr'>divinitatem,</span> <span class='ocrx_word' id='word_1_580' title='bbox 3392 4612 3714 4673; x_wconf 88' lang='lat' dir='ltr'>intellecta</span> 
     </span>
    </p>
   </div>
   <div class='ocr_carea' id='block_1_52' title="bbox 291 4693 3718 4773">
    <p class='ocr_par' dir='ltr' id='par_1_52' title="bbox 291 4693 3718 4773">
     <span class='ocr_line' id='line_1_52' title="bbox 291 4693 3718 4773; baseline -0 -20"><span class='ocrx_word' id='word_1_581' title='bbox 291 4694 599 4773; x_wconf 89' lang='lat' dir='ltr'>conspici.</span> <span class='ocrx_word' id='word_1_582' title='bbox 645 4694 725 4753; x_wconf 91' lang='lat' dir='ltr'>Et</span> <span class='ocrx_word' id='word_1_583' title='bbox 768 4694 938 4772; x_wconf 90' lang='lat' dir='ltr'>quod</span> <span class='ocrx_word' id='word_1_584' title='bbox 983 4693 1063 4753; x_wconf 90' lang='lat' dir='ltr'>ad</span> <span class='ocrx_word' id='word_1_585' title='bbox 1132 4697 1497 4773; x_wconf 85' lang='lat' dir='ltr'>Lystrenses</span> <span class='ocrx_word' id='word_1_586' title='bbox 1565 4696 1816 4771; x_wconf 87' lang='lat' dir='ltr'>inquit:</span> <span class='ocrx_word' id='word_1_587' title='bbox 1885 4697 2080 4754; x_wconf 88' lang='lat' dir='ltr'>Deum</span> <span class='ocrx_word' id='word_1_588' title='bbox 2146 4695 2335 4753; x_wconf 89' lang='lat' dir='ltr'>etiam</span> <span class='ocrx_word' id='word_1_589' title='bbox 2397 4694 2547 4752; x_wconf 90' lang='lat' dir='ltr'>olim</span> <span class='ocrx_word' id='word_1_590' title='bbox 2623 4694 2916 4771; x_wconf 84' lang='lat' dir='ltr'>gentibus</span> <span class='ocrx_word' id='word_1_591' title='bbox 2977 4700 3297 4772; x_wconf 80' lang='lat' dir='ltr'>expertem</span> <span class='ocrx_word' id='word_1_592' title='bbox 3370 4693 3718 4753; x_wconf 85' lang='lat' dir='ltr'>testimonii</span> 
     </span>
    </p>
   </div>
   <div class='ocr_carea' id='block_1_53' title="bbox 288 4773 3711 4854">
    <p class='ocr_par' dir='ltr' id='par_1_53' title="bbox 288 4773 3711 4854">
     <span class='ocr_line' id='line_1_53' title="bbox 288 4773 3711 4854; baseline -0.001 -20"><span class='ocrx_word' id='word_1_593' title='bbox 288 4793 359 4834; x_wconf 88' lang='lat' dir='ltr'>se</span> <span class='ocrx_word' id='word_1_594' title='bbox 403 4792 532 4834; x_wconf 92' lang='lat' dir='ltr'>non</span> <span class='ocrx_word' id='word_1_595' title='bbox 578 4773 922 4854; x_wconf 82' lang='lat' dir='ltr'>reliquisse.</span> <span class='ocrx_word' id='word_1_596' title='bbox 971 4774 1466 4835; x_wconf 90' lang='lat' dir='ltr'>benefacientem</span> <span class='ocrx_word' id='word_1_597' title='bbox 1513 4774 1686 4853; x_wconf 89' lang='lat' dir='ltr'>ipsis,</span> <span class='ocrx_word' id='word_1_598' title='bbox 1736 4775 1811 4833; x_wconf 87' lang='lat' dir='ltr'>de</span> <span class='ocrx_word' id='word_1_599' title='bbox 1856 4774 2014 4834; x_wconf 75' lang='lat' dir='ltr'>c0310</span> <span class='ocrx_word' id='word_1_600' title='bbox 2060 4774 2316 4833; x_wconf 84' lang='lat' dir='ltr'>dantem</span> <span class='ocrx_word' id='word_1_601' title='bbox 2371 4776 2617 4851; x_wconf 90' lang='lat' dir='ltr'>pluvias</span> <span class='ocrx_word' id='word_1_602' title='bbox 2685 4780 2747 4835; x_wconf 89' lang='lat' dir='ltr'>et</span> <span class='ocrx_word' id='word_1_603' title='bbox 2817 4783 3106 4854; x_wconf 89' lang='lat' dir='ltr'>tempora</span> <span class='ocrx_word' id='word_1_604' title='bbox 3166 4773 3514 4844; x_wconf 83' lang='lat' dir='ltr'>fructifera,</span> <span class='ocrx_word' id='word_1_605' title='bbox 3588 4775 3711 4832; x_wconf 87' lang='lat' dir='ltr'>im-</span> 
     </span>
    </p>
   </div>
   <div class='ocr_carea' id='block_1_54' title="bbox 290 4853 3717 4935">
    <p class='ocr_par' dir='ltr' id='par_1_54' title="bbox 290 4853 3717 4935">
     <span class='ocr_line' id='line_1_54' title="bbox 290 4853 3717 4935; baseline 0 -22"><span class='ocrx_word' id='word_1_606' title='bbox 290 4855 576 4935; x_wconf 85' lang='lat' dir='ltr'>plentem</span> <span class='ocrx_word' id='word_1_607' title='bbox 621 4853 761 4913; x_wconf 92' lang='lat' dir='ltr'>cibo</span> <span class='ocrx_word' id='word_1_608' title='bbox 805 4860 869 4914; x_wconf 89' lang='lat' dir='ltr'>et</span> <span class='ocrx_word' id='word_1_609' title='bbox 910 4853 1132 4915; x_wconf 78' lang='lat' dir='ltr'>laetitia</span> <span class='ocrx_word' id='word_1_610' title='bbox 1174 4855 1367 4915; x_wconf 89' lang='lat' dir='ltr'>corda</span> <span class='ocrx_word' id='word_1_611' title='bbox 1409 4873 1649 4914; x_wconf 86' lang='lat' dir='ltr'>eorum.</span> <span class='ocrx_word' id='word_1_612' title='bbox 1705 4855 1879 4925; x_wconf 84' lang='lat' dir='ltr'>Quod</span> <span class='ocrx_word' id='word_1_613' title='bbox 1927 4855 2002 4914; x_wconf 87' lang='lat' dir='ltr'>ad</span> <span class='ocrx_word' id='word_1_614' title='bbox 2048 4855 2460 4913; x_wconf 87' lang='lat' dir='ltr'>Athenienses</span> <span class='ocrx_word' id='word_1_615' title='bbox 2504 4854 2728 4932; x_wconf 88' lang='lat' dir='ltr'>inquit,</span> <span class='ocrx_word' id='word_1_616' title='bbox 2776 4853 3084 4915; x_wconf 87' lang='lat' dir='ltr'>Bonitatis</span> <span class='ocrx_word' id='word_1_617' title='bbox 3154 4860 3217 4935; x_wconf 91' lang='lat' dir='ltr'>et</span> <span class='ocrx_word' id='word_1_618' title='bbox 3260 4855 3560 4935; x_wconf 77' lang='lat' dir='ltr'>potentiae</span> <span class='ocrx_word' id='word_1_619' title='bbox 3602 4854 3717 4914; x_wconf 91' lang='lat' dir='ltr'>Dei</span> 
     </span>
    </p>
   </div>
   <div class='ocr_carea' id='block_1_55' title="bbox 291 4934 3716 5014">
    <p class='ocr_par' dir='ltr' id='par_1_55' title="bbox 291 4934 3716 5014">
     <span class='ocr_line' id='line_1_55' title="bbox 291 4934 3716 5014; baseline -0.001 -18"><span class='ocrx_word' id='word_1_620' title='bbox 291 4934 455 4996; x_wconf 85' lang='lat' dir='ltr'>adeo</span> <span class='ocrx_word' id='word_1_621' title='bbox 499 4934 690 5013; x_wconf 88' lang='lat' dir='ltr'>plena</span> <span class='ocrx_word' id='word_1_622' title='bbox 733 4953 865 4995; x_wconf 90' lang='lat' dir='ltr'>esse</span> <span class='ocrx_word' id='word_1_623' title='bbox 909 4936 1147 5006; x_wconf 81' lang='lat' dir='ltr'>omnia,</span> <span class='ocrx_word' id='word_1_624' title='bbox 1191 4942 1260 4995; x_wconf 88' lang='lat' dir='ltr'>ut</span> <span class='ocrx_word' id='word_1_625' title='bbox 1304 4956 1462 5014; x_wconf 91' lang='lat' dir='ltr'>pene</span> <span class='ocrx_word' id='word_1_626' title='bbox 1510 4935 1798 4995; x_wconf 83' lang='lat' dir='ltr'>manibus</span> <span class='ocrx_word' id='word_1_627' title='bbox 1842 4936 2218 4995; x_wconf 84' lang='lat' dir='ltr'>contrectari</span> <span class='ocrx_word' id='word_1_628' title='bbox 2262 4936 2475 5012; x_wconf 87' lang='lat' dir='ltr'>possit.</span> <span class='ocrx_word' id='word_1_629' title='bbox 2530 4936 2638 5013; x_wconf 91' lang='lat' dir='ltr'>qui</span> <span class='ocrx_word' id='word_1_630' title='bbox 2709 4935 2894 4995; x_wconf 89' lang='lat' dir='ltr'>etiam</span> <span class='ocrx_word' id='word_1_631' title='bbox 2971 4954 3095 4996; x_wconf 92' lang='lat' dir='ltr'>non</span> <span class='ocrx_word' id='word_1_632' title='bbox 3170 4934 3357 5012; x_wconf 81' lang='lat' dir='ltr'>longe</span> <span class='ocrx_word' id='word_1_633' title='bbox 3428 4934 3593 4995; x_wconf 87' lang='lat' dir='ltr'>absit</span> <span class='ocrx_word' id='word_1_634' title='bbox 3635 4935 3716 4993; x_wconf 90' lang='lat' dir='ltr'>ab</span> 
     </span>
    </p>
   </div>
   <div class='ocr_carea' id='block_1_56' title="bbox 290 5014 3713 5094">
    <p class='ocr_par' dir='ltr' id='par_1_56' title="bbox 290 5014 3713 5094">
     <span class='ocr_line' id='line_1_56' title="bbox 290 5014 3713 5094; baseline 0 -19"><span class='ocrx_word' id='word_1_635' title='bbox 290 5032 686 5093; x_wconf 88' lang='lat' dir='ltr'>unoquoque</span> <span class='ocrx_word' id='word_1_636' title='bbox 729 5020 1042 5087; x_wconf 86' lang='lat' dir='ltr'>nostrum,</span> <span class='ocrx_word' id='word_1_637' title='bbox 1091 5020 1161 5074; x_wconf 89' lang='lat' dir='ltr'>ut</span> <span class='ocrx_word' id='word_1_638' title='bbox 1201 5016 1265 5074; x_wconf 92' lang='lat' dir='ltr'>in</span> <span class='ocrx_word' id='word_1_639' title='bbox 1312 5035 1438 5094; x_wconf 90' lang='lat' dir='ltr'>quo</span> <span class='ocrx_word' id='word_1_640' title='bbox 1482 5016 1767 5075; x_wconf 81' lang='lat' dir='ltr'>vivamus</span> <span class='ocrx_word' id='word_1_641' title='bbox 1811 5020 1873 5074; x_wconf 92' lang='lat' dir='ltr'>et</span> <span class='ocrx_word' id='word_1_642' title='bbox 1915 5033 2285 5075; x_wconf 86' lang='lat' dir='ltr'>moveamur</span> <span class='ocrx_word' id='word_1_643' title='bbox 2327 5020 2388 5073; x_wconf 89' lang='lat' dir='ltr'>et</span> <span class='ocrx_word' id='word_1_644' title='bbox 2431 5014 2647 5074; x_wconf 89' lang='lat' dir='ltr'>simus.</span> <span class='ocrx_word' id='word_1_645' title='bbox 2722 5016 2881 5087; x_wconf 85' lang='lat' dir='ltr'>Quid</span> <span class='ocrx_word' id='word_1_646' title='bbox 2917 5014 2947 5071; x_wconf 85' lang='lat'><strong><em>?</em></strong></span> <span class='ocrx_word' id='word_1_647' title='bbox 3016 5015 3188 5093; x_wconf 89' lang='lat' dir='ltr'>quod</span> <span class='ocrx_word' id='word_1_648' title='bbox 3258 5014 3396 5075; x_wconf 64' lang='lat' dir='ltr'>haec</span> <span class='ocrx_word' id='word_1_649' title='bbox 3467 5020 3713 5075; x_wconf 81' lang='lat' dir='ltr'>naturae</span> 
     </span>
    </p>
   </div>
   <div class='ocr_carea' id='block_1_57' title="bbox 289 5094 3708 5173">
    <p class='ocr_par' dir='ltr' id='par_1_57' title="bbox 289 5094 3708 5173">
     <span class='ocr_line' id='line_1_57' title="bbox 289 5094 3708 5173; baseline -0.001 -17"><span class='ocrx_word' id='word_1_650' title='bbox 289 5095 718 5156; x_wconf 88' lang='lat' dir='ltr'>consideratio</span> <span class='ocrx_word' id='word_1_651' title='bbox 763 5114 890 5156; x_wconf 90' lang='lat' dir='ltr'>non</span> <span class='ocrx_word' id='word_1_652' title='bbox 934 5101 1182 5154; x_wconf 89' lang='lat' dir='ltr'>tantum</span> <span class='ocrx_word' id='word_1_653' title='bbox 1227 5096 1512 5156; x_wconf 85' lang='lat' dir='ltr'>notitiam</span> <span class='ocrx_word' id='word_1_654' title='bbox 1562 5097 1672 5155; x_wconf 90' lang='lat' dir='ltr'>Dei</span> <span class='ocrx_word' id='word_1_655' title='bbox 1716 5094 1994 5167; x_wconf 85' lang='lat' dir='ltr'>exhibet,</span> <span class='ocrx_word' id='word_1_656' title='bbox 2042 5096 2147 5155; x_wconf 88' lang='lat' dir='ltr'>sed</span> <span class='ocrx_word' id='word_1_657' title='bbox 2192 5094 2473 5172; x_wconf 62' lang='lat' dir='ltr'>ejusdem</span> <span class='ocrx_word' id='word_1_658' title='bbox 2520 5095 2709 5153; x_wconf 87' lang='lat' dir='ltr'>etiam</span> <span class='ocrx_word' id='word_1_659' title='bbox 2783 5114 3083 5155; x_wconf 90' lang='lat' dir='ltr'>amorem</span> <span class='ocrx_word' id='word_1_660' title='bbox 3133 5095 3409 5154; x_wconf 82' lang='lat' dir='ltr'>excitare</span> <span class='ocrx_word' id='word_1_661' title='bbox 3478 5100 3708 5173; x_wconf 80' lang='lat' dir='ltr'>potest.</span> 
     </span>
    </p>
   </div>
   <div class='ocr_carea' id='block_1_58' title="bbox 288 5174 3717 5254">
    <p class='ocr_par' dir='ltr' id='par_1_58' title="bbox 288 5174 3717 5254">
     <span class='ocr_line' id='line_1_58' title="bbox 288 5174 3717 5254; baseline -0 -18"><span class='ocrx_word' id='word_1_662' title='bbox 288 5176 443 5247; x_wconf 88' lang='lat' dir='ltr'>Quis</span> <span class='ocrx_word' id='word_1_663' title='bbox 493 5175 661 5235; x_wconf 89' lang='lat' dir='ltr'>enim</span> <span class='ocrx_word' id='word_1_664' title='bbox 731 5175 797 5235; x_wconf 92' lang='lat' dir='ltr'>in</span> <span class='ocrx_word' id='word_1_665' title='bbox 850 5175 1042 5236; x_wconf 88' lang='lat' dir='ltr'>talem</span> <span class='ocrx_word' id='word_1_666' title='bbox 1116 5181 1389 5236; x_wconf 90' lang='lat' dir='ltr'>mentem</span> <span class='ocrx_word' id='word_1_667' title='bbox 1465 5181 1765 5235; x_wconf 71' lang='lat' dir='ltr'>aeternam</span> <span class='ocrx_word' id='word_1_668' title='bbox 1838 5175 2391 5254; x_wconf 89' lang='lat' dir='ltr'>simplicissimam,</span> <span class='ocrx_word' id='word_1_669' title='bbox 2465 5174 2804 5244; x_wconf 89' lang='lat' dir='ltr'>inﬁnitam,</span> <span class='ocrx_word' id='word_1_670' title='bbox 2878 5176 3372 5236; x_wconf 73' lang='lat' dir='ltr'>amantissimam</span> <span class='ocrx_word' id='word_1_671' title='bbox 3452 5176 3717 5236; x_wconf 91' lang='lat' dir='ltr'>humani</span> 
     </span>
    </p>
   </div>
   <div class='ocr_carea' id='block_1_59' title="bbox 289 5254 3714 5336">
    <p class='ocr_par' dir='ltr' id='par_1_59' title="bbox 289 5254 3714 5336">
     <span class='ocr_line' id='line_1_59' title="bbox 289 5254 3714 5336; baseline 0 -21"><span class='ocrx_word' id='word_1_672' title='bbox 289 5256 561 5335; x_wconf 85' lang='lat' dir='ltr'>generis,</span> <span class='ocrx_word' id='word_1_673' title='bbox 608 5254 704 5316; x_wconf 90' lang='lat' dir='ltr'>illi</span> <span class='ocrx_word' id='word_1_674' title='bbox 747 5255 1191 5334; x_wconf 71' lang='lat' dir='ltr'>praesidentem</span> <span class='ocrx_word' id='word_1_675' title='bbox 1237 5262 1299 5316; x_wconf 88' lang='lat' dir='ltr'>et</span> <span class='ocrx_word' id='word_1_676' title='bbox 1343 5257 1781 5336; x_wconf 89' lang='lat' dir='ltr'>providentem</span> <span class='ocrx_word' id='word_1_677' title='bbox 1829 5275 1953 5315; x_wconf 90' lang='lat' dir='ltr'>non</span> <span class='ocrx_word' id='word_1_678' title='bbox 1998 5274 2246 5316; x_wconf 89' lang='lat' dir='ltr'>summo</span> <span class='ocrx_word' id='word_1_679' title='bbox 2292 5260 2529 5315; x_wconf 83' lang='lat' dir='ltr'>feratur</span> <span class='ocrx_word' id='word_1_680' title='bbox 2571 5274 2786 5314; x_wconf 88' lang='lat' dir='ltr'>amore</span> <span class='ocrx_word' id='word_1_681' title='bbox 2832 5263 2894 5315; x_wconf 89' lang='lat' dir='ltr'>et</span> <span class='ocrx_word' id='word_1_682' title='bbox 2963 5257 3274 5316; x_wconf 80' lang='lat' dir='ltr'>desiderio</span> <span class='ocrx_word' id='word_1_683' title='bbox 3309 5256 3339 5312; x_wconf 66' lang='grc' dir='ltr'><em>Ρ</em></span> <span class='ocrx_word' id='word_1_684' title='bbox 3391 5256 3529 5334; x_wconf 90' lang='lat' dir='ltr'>quis</span> <span class='ocrx_word' id='word_1_685' title='bbox 3573 5275 3714 5316; x_wconf 90' lang='lat' dir='ltr'>eam</span> 
     </span>
    </p>
   </div>
   <div class='ocr_carea' id='block_1_60' title="bbox 289 5335 3715 5417">
    <p class='ocr_par' dir='ltr' id='par_1_60' title="bbox 289 5335 3715 5417">
     <span class='ocr_line' id='line_1_60' title="bbox 289 5335 3715 5417; baseline 0 -22"><span class='ocrx_word' id='word_1_686' title='bbox 289 5336 969 5417; x_wconf 74' lang='lat' dir='ltr'>profanitatemorum</span> <span class='ocrx_word' id='word_1_687' title='bbox 1016 5336 1181 5417; x_wconf 82' lang='lat' dir='ltr'>ausit</span> <span class='ocrx_word' id='word_1_688' title='bbox 1222 5337 1600 5398; x_wconf 80' lang='lat' dir='ltr'>offendere?</span> <span class='ocrx_word' id='word_1_689' title='bbox 1654 5338 1793 5413; x_wconf 90' lang='lat' dir='ltr'>quis</span> <span class='ocrx_word' id='word_1_690' title='bbox 1863 5356 1901 5396; x_wconf 90' lang='lat' dir='ltr'>a</span> <span class='ocrx_word' id='word_1_691' title='bbox 1969 5355 2035 5396; x_wconf 89' lang='lat' dir='ltr'>se</span> <span class='ocrx_word' id='word_1_692' title='bbox 2101 5336 2463 5396; x_wconf 85' lang='lat' dir='ltr'>abalienare</span> <span class='ocrx_word' id='word_1_693' title='bbox 2532 5335 2808 5413; x_wconf 77' lang='lat' dir='ltr'>cupiat?</span> <span class='ocrx_word' id='word_1_694' title='bbox 2876 5340 3028 5407; x_wconf 67' lang='lat' dir='ltr'>Quae</span> <span class='ocrx_word' id='word_1_695' title='bbox 3086 5343 3299 5396; x_wconf 87' lang='lat' dir='ltr'>tamen</span> <span class='ocrx_word' id='word_1_696' title='bbox 3370 5337 3460 5417; x_wconf 89' lang='lat' dir='ltr'>ita</span> <span class='ocrx_word' id='word_1_697' title='bbox 3529 5355 3715 5398; x_wconf 90' lang='lat' dir='ltr'>nemo</span> 
     </span>
    </p>
   </div>
   <div class='ocr_carea' id='block_1_61' title="bbox 289 5415 3715 5495">
    <p class='ocr_par' dir='ltr' id='par_1_61' title="bbox 289 5415 3715 5495">
     <span class='ocr_line' id='line_1_61' title="bbox 289 5415 3715 5495; baseline -0.001 -17"><span class='ocrx_word' id='word_1_698' title='bbox 289 5415 840 5495; x_wconf 85' lang='lat' dir='ltr'>interpretabitur,</span> <span class='ocrx_word' id='word_1_699' title='bbox 913 5416 1095 5493; x_wconf 88' lang='lat' dir='ltr'>quasi</span> <span class='ocrx_word' id='word_1_700' title='bbox 1166 5416 1331 5476; x_wconf 91' lang='lat' dir='ltr'>hanc</span> <span class='ocrx_word' id='word_1_701' title='bbox 1401 5417 1686 5477; x_wconf 87' lang='lat' dir='ltr'>notitiam</span> <span class='ocrx_word' id='word_1_702' title='bbox 1762 5422 1823 5476; x_wconf 90' lang='lat' dir='ltr'>et</span> <span class='ocrx_word' id='word_1_703' title='bbox 1891 5416 2292 5477; x_wconf 89' lang='lat' dir='ltr'>dilectionem</span> <span class='ocrx_word' id='word_1_704' title='bbox 2360 5417 2471 5477; x_wconf 91' lang='lat' dir='ltr'>Dei</span> <span class='ocrx_word' id='word_1_705' title='bbox 2542 5435 2683 5494; x_wconf 72' lang='lat' dir='ltr'>quae</span> <span class='ocrx_word' id='word_1_706' title='bbox 2753 5435 2829 5474; x_wconf 81' lang='lat' dir='ltr'>ex</span> <span class='ocrx_word' id='word_1_707' title='bbox 2900 5425 3142 5476; x_wconf 67' lang='lat' dir='ltr'>natura:</span> <span class='ocrx_word' id='word_1_708' title='bbox 3212 5416 3715 5477; x_wconf 89' lang='lat' dir='ltr'>consideratione</span> 
     </span>
    </p>
   </div>
   <div class='ocr_carea' id='block_1_62' title="bbox 293 5495 3716 5576">
    <p class='ocr_par' dir='ltr' id='par_1_62' title="bbox 293 5495 3716 5576">
     <span class='ocr_line' id='line_1_62' title="bbox 293 5495 3716 5576; baseline -0 -18"><span class='ocrx_word' id='word_1_709' title='bbox 293 5496 537 5558; x_wconf 90' lang='lat' dir='ltr'>oboriri</span> <span class='ocrx_word' id='word_1_710' title='bbox 577 5500 787 5575; x_wconf 84' lang='lat' dir='ltr'>potest</span> <span class='ocrx_word' id='word_1_711' title='bbox 828 5495 908 5555; x_wconf 88' lang='lat' dir='ltr'>ad</span> <span class='ocrx_word' id='word_1_712' title='bbox 951 5496 1222 5576; x_wconf 87' lang='lat' dir='ltr'>salutem</span> <span class='ocrx_word' id='word_1_713' title='bbox 1284 5503 1348 5558; x_wconf 88' lang='lat' dir='ltr'>et</span> <span class='ocrx_word' id='word_1_714' title='bbox 1388 5497 1582 5557; x_wconf 90' lang='lat' dir='ltr'>vitam</span> <span class='ocrx_word' id='word_1_715' title='bbox 1654 5503 1956 5557; x_wconf 65' lang='lat' dir='ltr'>aeternam</span> <span class='ocrx_word' id='word_1_716' title='bbox 2019 5499 2528 5574; x_wconf 86' lang='lat' dir='ltr'>consequendam</span> <span class='ocrx_word' id='word_1_717' title='bbox 2591 5495 2877 5556; x_wconf 87' lang='lat' dir='ltr'>sufﬁcere</span> <span class='ocrx_word' id='word_1_718' title='bbox 2944 5504 3154 5575; x_wconf 90' lang='lat' dir='ltr'>putem</span> <span class='ocrx_word' id='word_1_719' title='bbox 3208 5514 3221 5568; x_wconf 91' lang='lat'>;</span> <span class='ocrx_word' id='word_1_720' title='bbox 3288 5499 3522 5576; x_wconf 91' lang='lat' dir='ltr'>quippe</span> <span class='ocrx_word' id='word_1_721' title='bbox 3593 5497 3716 5557; x_wconf 89' lang='lat' dir='ltr'>hoc</span> 
     </span>
    </p>
   </div>
   <div class='ocr_carea' id='block_1_63' title="bbox 294 5575 3714 5656">
    <p class='ocr_par' dir='ltr' id='par_1_63' title="bbox 294 5575 3714 5656">
     <span class='ocr_line' id='line_1_63' title="bbox 294 5575 3714 5656; baseline -0 -17"><span class='ocrx_word' id='word_1_722' title='bbox 294 5577 522 5639; x_wconf 88' lang='lat' dir='ltr'>saltem</span> <span class='ocrx_word' id='word_1_723' title='bbox 571 5576 697 5636; x_wconf 85' lang='lat' dir='ltr'>ﬁne</span> <span class='ocrx_word' id='word_1_724' title='bbox 742 5594 781 5637; x_wconf 89' lang='lat' dir='ltr'>a</span> <span class='ocrx_word' id='word_1_725' title='bbox 822 5594 920 5636; x_wconf 91' lang='lat' dir='ltr'>me</span> <span class='ocrx_word' id='word_1_726' title='bbox 991 5575 1102 5635; x_wconf 89' lang='lat' dir='ltr'>illa</span> <span class='ocrx_word' id='word_1_727' title='bbox 1159 5583 1763 5651; x_wconf 89' lang='lat' dir='ltr'>commemorantur,</span> <span class='ocrx_word' id='word_1_728' title='bbox 1840 5577 2008 5655; x_wconf 88' lang='lat' dir='ltr'>quod</span> <span class='ocrx_word' id='word_1_729' title='bbox 2082 5578 2306 5638; x_wconf 87' lang='lat' dir='ltr'>notitia</span> <span class='ocrx_word' id='word_1_730' title='bbox 2367 5583 2429 5637; x_wconf 89' lang='lat' dir='ltr'>et</span> <span class='ocrx_word' id='word_1_731' title='bbox 2491 5576 2741 5635; x_wconf 87' lang='lat' dir='ltr'>dilectio</span> <span class='ocrx_word' id='word_1_732' title='bbox 2808 5576 2917 5635; x_wconf 89' lang='lat' dir='ltr'>illa</span> <span class='ocrx_word' id='word_1_733' title='bbox 2980 5580 3087 5637; x_wconf 85' lang='lat' dir='ltr'>Dei</span> <span class='ocrx_word' id='word_1_734' title='bbox 3151 5575 3714 5656; x_wconf 81' lang='lat' dir='ltr'>quantulacunque</span> 
     </span>
    </p>
   </div>
   <div class='ocr_carea' id='block_1_64' title="bbox 297 5656 3716 5737">
    <p class='ocr_par' dir='ltr' id='par_1_64' title="bbox 297 5656 3716 5737">
     <span class='ocr_line' id='line_1_64' title="bbox 297 5656 3716 5737; baseline -0.001 -18"><span class='ocrx_word' id='word_1_735' title='bbox 297 5663 419 5731; x_wconf 90' lang='lat' dir='ltr'>est,</span> <span class='ocrx_word' id='word_1_736' title='bbox 464 5657 555 5737; x_wconf 12' lang='lat' dir='ltr'>ad,</span> <span class='ocrx_word' id='word_1_737' title='bbox 588 5656 930 5717; x_wconf 84' lang='lat' dir='ltr'>salviﬁcam</span> <span class='ocrx_word' id='word_1_738' title='bbox 974 5656 1263 5716; x_wconf 89' lang='lat' dir='ltr'>notitiam</span> <span class='ocrx_word' id='word_1_739' title='bbox 1308 5659 1560 5730; x_wconf 87' lang='lat' dir='ltr'>collata,</span> <span class='ocrx_word' id='word_1_740' title='bbox 1609 5676 1681 5717; x_wconf 83' lang='lat' dir='ltr'>ex</span> <span class='ocrx_word' id='word_1_741' title='bbox 1755 5664 1983 5717; x_wconf 87' lang='lat' dir='ltr'>natura</span> <span class='ocrx_word' id='word_1_742' title='bbox 2025 5663 2235 5719; x_wconf 86' lang='lat' dir='ltr'>tamen</span> <span class='ocrx_word' id='word_1_743' title='bbox 2282 5658 2499 5718; x_wconf 87' lang='lat' dir='ltr'>haberi</span> <span class='ocrx_word' id='word_1_744' title='bbox 2546 5658 2786 5735; x_wconf 83' lang='lat' dir='ltr'>possit;</span> <span class='ocrx_word' id='word_1_745' title='bbox 2834 5675 3025 5734; x_wconf 86' lang='lat' dir='ltr'>quam</span> <span class='ocrx_word' id='word_1_746' title='bbox 3073 5660 3259 5717; x_wconf 87' lang='lat' dir='ltr'>etiam</span> <span class='ocrx_word' id='word_1_747' title='bbox 3334 5659 3443 5737; x_wconf 88' lang='lat' dir='ltr'>qui</span> <span class='ocrx_word' id='word_1_748' title='bbox 3516 5658 3716 5736; x_wconf 82' lang='lat' dir='ltr'>negli-</span> 
     </span>
    </p>
   </div>
   <div class='ocr_carea' id='block_1_65' title="bbox 301 5736 3713 5818">
    <p class='ocr_par' dir='ltr' id='par_1_65' title="bbox 301 5736 3713 5818">
     <span class='ocr_line' id='line_1_65' title="bbox 301 5736 3713 5818; baseline -0 -19"><span class='ocrx_word' id='word_1_749' title='bbox 301 5739 420 5818; x_wconf 87' lang='lat' dir='ltr'>git,</span> <span class='ocrx_word' id='word_1_750' title='bbox 464 5736 566 5799; x_wconf 88' lang='lat' dir='ltr'>vel</span> <span class='ocrx_word' id='word_1_751' title='bbox 605 5738 729 5797; x_wconf 89' lang='lat' dir='ltr'>hac</span> <span class='ocrx_word' id='word_1_752' title='bbox 770 5737 849 5798; x_wconf 85' lang='lat' dir='ltr'>de</span> <span class='ocrx_word' id='word_1_753' title='bbox 892 5755 1082 5818; x_wconf 85' lang='lat' dir='ltr'>causa</span> <span class='ocrx_word' id='word_1_754' title='bbox 1122 5737 1297 5818; x_wconf 87' lang='lat' dir='ltr'>apud</span> <span class='ocrx_word' id='word_1_755' title='bbox 1336 5741 1530 5799; x_wconf 93' lang='lat' dir='ltr'>Deum</span> <span class='ocrx_word' id='word_1_756' title='bbox 1578 5737 2023 5798; x_wconf 83' lang='lat' dir='ltr'>inexcusabilis</span> <span class='ocrx_word' id='word_1_757' title='bbox 2083 5739 2310 5799; x_wconf 89' lang='lat' dir='ltr'>futuris</span> <span class='ocrx_word' id='word_1_758' title='bbox 2380 5739 2503 5797; x_wconf 85' lang='lat' dir='ltr'>sit:</span> <span class='ocrx_word' id='word_1_759' title='bbox 2552 5756 2677 5816; x_wconf 89' lang='lat' dir='ltr'>quo</span> <span class='ocrx_word' id='word_1_760' title='bbox 2723 5755 2797 5796; x_wconf 83' lang='lat' dir='ltr'>ex</span> <span class='ocrx_word' id='word_1_761' title='bbox 2868 5738 3177 5817; x_wconf 87' lang='lat' dir='ltr'>principio</span> <span class='ocrx_word' id='word_1_762' title='bbox 3248 5736 3483 5799; x_wconf 85' lang='lat' dir='ltr'>Paulus</span> <span class='ocrx_word' id='word_1_763' title='bbox 3553 5757 3713 5815; x_wconf 87' lang='lat' dir='ltr'>quo-</span> 
     </span>
    </p>
   </div>
   <div class='ocr_carea' id='block_1_66' title="bbox 303 5816 3714 5900">
    <p class='ocr_par' dir='ltr' id='par_1_66' title="bbox 303 5816 3714 5900">
     <span class='ocr_line' id='line_1_66' title="bbox 303 5816 3714 5900; baseline -0.001 -21"><span class='ocrx_word' id='word_1_764' title='bbox 303 5816 431 5900; x_wconf 75' lang='lat' dir='ltr'>que</span> <span class='ocrx_word' id='word_1_765' title='bbox 477 5818 820 5881; x_wconf 83' lang='lat' dir='ltr'>maximam</span> <span class='ocrx_word' id='word_1_766' title='bbox 865 5816 1195 5897; x_wconf 86' lang='lat' dir='ltr'>gentilium</span> <span class='ocrx_word' id='word_1_767' title='bbox 1239 5824 1481 5899; x_wconf 89' lang='lat' dir='ltr'>partem</span> <span class='ocrx_word' id='word_1_768' title='bbox 1525 5825 1781 5881; x_wconf 87' lang='lat' dir='ltr'>accusat</span> <span class='ocrx_word' id='word_1_769' title='bbox 1822 5824 1886 5881; x_wconf 91' lang='lat' dir='ltr'>et</span> <span class='ocrx_word' id='word_1_770' title='bbox 1928 5819 2206 5881; x_wconf 90' lang='lat' dir='ltr'>damnat.</span> <span class='ocrx_word' id='word_1_771' title='bbox 2255 5820 2629 5898; x_wconf 88' lang='lat' dir='ltr'>Quanquam</span> <span class='ocrx_word' id='word_1_772' title='bbox 2675 5824 2885 5878; x_wconf 89' lang='lat' dir='ltr'>autem</span> <span class='ocrx_word' id='word_1_773' title='bbox 2948 5816 3170 5897; x_wconf 81' lang='lat' dir='ltr'>ingens</span> <span class='ocrx_word' id='word_1_774' title='bbox 3211 5824 3306 5879; x_wconf 90' lang='lat' dir='ltr'>est</span> <span class='ocrx_word' id='word_1_775' title='bbox 3371 5818 3506 5878; x_wconf 80' lang='lat' dir='ltr'>haec</span> <span class='ocrx_word' id='word_1_776' title='bbox 3549 5818 3714 5898; x_wconf 86' lang='lat' dir='ltr'>phy-</span> 
     </span>
    </p>
   </div>
  </div>
