4094 6436
439 479 588 542 1011
1693 476 2056 542 NlCEPHOI

2208 477 2607 541 :LEMMIDIE
3695 482 3825 545 1012

437 614 582 675 sica
626 612 887 685 utilitas,
933 611 1208 691 majores
1249 616 1460 673 tamen
1506 613 1586 674 ad
1643 613 1980 690 ipsammet
2022 614 2405 691 theologiam
2452 615 2656 687 affert,
2717 611 3025 691 siquidem
3069 612 3128 675 ei
3197 632 3264 675 se
3322 619 3394 676 ut
3463 613 3825 677 manifestam

442 695 770 754 humiliter
825 694 1178 766 submittat,
1238 713 1363 754 non
1411 703 1480 754 ut
1531 696 1852 754 dominam
1915 696 2250 772 imperiose
2313 696 2628 772 praeferat.
2695 696 2844 766 Quis
2912 696 3080 754 enim
3145 695 3651 774 quamplurimas
3710 715 3828 757 eos-

443 795 566 854 que
609 775 1012 834 difficillimos
1057 775 1118 833 in
1164 775 1452 834 doctrina
1496 777 1788 835 Ecclesia
1812 777 1978 834 locos
2020 776 2153 835 sine
2201 775 2474 854 physica
2518 776 2780 835 scientia
2821 773 3193 852 intelliget?
3235 773 3385 848 Quis
3455 777 3588 836 sine
3629 777 3826 837 anima

445 857 692 926 notitia,
741 874 880 933 qua
931 855 1189 934 physica
1231 862 1343 925 est,
1394 855 1489 914 vel
1533 855 1784 914 docebit
1827 855 2005 926 alios,
2053 857 2149 916 vel
2192 857 2324 934 ipse
2369 857 2634 914 feliciter
2679 857 2979 934 percipiet
3021 857 3372 916 doctrinam
3449 857 3530 917 de
3583 858 3830 934 imagine

444 937 576 1004 Dei,
627 936 705 994 ad
750 954 939 1013 quam
988 936 1177 995 homo
1223 937 1496 1014 primum
1541 937 1658 996 fuit
1699 936 2012 1007 conditus,
2059 936 2238 1014 cujus
2283 938 2602 1014 pracipua
2650 955 2796 1014 pars
2840 937 2903 994 in
2947 938 3184 1008 anima,
3230 939 3294 996 in
3340 937 3570 997 mentis
3613 938 3826 1016 perspi-

446 1017 697 1086 cientia,
743 1025 807 1075 et
850 1017 1192 1076 voluntatis
1236 1016 1631 1086 rectitudine,
1683 1017 2092 1093 omniumque
2136 1017 2473 1076 affectuum
2522 1017 2854 1076 harmonia
2897 1017 3232 1077 constitit?
3274 1017 3424 1087 Quis
3468 1018 3683 1079 eodem
3717 1036 3830 1076 mo-

448 1098 528 1157 do
573 1098 908 1156 articulum
956 1098 1031 1155 de
1078 1104 1335 1173 peccato
1379 1097 1664 1172 originis.
1712 1097 1879 1173 quod
1927 1097 2185 1174 imagini
2229 1097 2322 1156 illi
2378 1097 2485 1156 Dei
2554 1103 2925 1168 concreata,
3005 1098 3162 1176 prob
3230 1097 3461 1157 dolorl
3539 1099 3824 1167 successit,

448 1177 845 1254 explicabit?
887 1177 1036 1246 Quis
1079 1179 1227 1235 item
1277 1177 1926 1236 controversissimum
1973 1178 2050 1236 de
2097 1177 2293 1238 libero
2339 1177 2621 1247 arbitrio,
2668 1179 2836 1255 quod
2881 1185 2944 1237 et
2985 1179 3192 1256 ipsum
3263 1196 3408 1238 cum
3481 1179 3547 1238 in
3614 1179 3830 1238 ratione

449 1264 584 1317 tum
630 1258 695 1316 in
743 1256 1065 1317 voluntate
1110 1257 1361 1332 residet,
1409 1257 1767 1316 enucleabit
1798 1256 1828 1313 ?
1870 1262 1933 1316 et
1975 1257 2292 1334 quomodo
2335 1257 2492 1316 illud
2537 1276 2575 1316 a
2617 1258 2744 1317 Deo
2814 1259 3050 1317 dictum
3123 1257 3202 1318 ad
3247 1259 3562 1318 Cainum:
3627 1259 3747 1320 Sub
3783 1265 3832 1318 te

450 1339 568 1398 erit
610 1337 926 1415 appetitus
971 1339 1230 1416 peccati,
1277 1345 1339 1397 et
1383 1343 1450 1397 tu
1493 1338 1918 1398 dominaberis
1960 1339 2075 1409 illi,
2124 1337 2604 1413 intelligendum
2649 1338 2774 1408 sit;
2823 1339 2932 1416 qui
2975 1340 3125 1398 item
3170 1339 3362 1398 etiam
3410 1345 3557 1400 ante
3599 1357 3832 1399 conver-

451 1420 689 1478 sionem
738 1419 925 1476 homo
971 1417 1412 1477 locomotivam
1459 1419 1522 1476 in
1567 1419 1841 1478 externis
1887 1436 2103 1495 regere
2149 1419 2364 1496 possit,
2415 1425 2477 1477 et
2519 1419 2689 1494 quod
2734 1418 3026 1477 voluntas
3088 1437 3213 1479 non
3276 1424 3530 1479 tantum
3596 1418 3832 1487 elicitos,

452 1500 558 1558 sed
603 1506 667 1558 et
709 1499 1053 1576 imparatos
1097 1506 1272 1556 actus
1318 1499 1566 1564 habeat.
1617 1517 1776 1575 quos
1817 1499 2222 1558 inferioribus
2280 1498 2704 1568 facultatibus,
2779 1499 3094 1569 sentienti,
3163 1500 3466 1571 moventi,
3542 1500 3833 1578 appetenti

456 1579 800 1656 praecipiat,
849 1586 909 1635 et
953 1579 1424 1656 quamplurima
1468 1578 1657 1655 hujus
1701 1579 1946 1654 generis
1989 1579 2172 1638 alia?
2215 1579 2524 1637 Pratcreo
2562 1579 2696 1656 jam
2754 1579 2961 1638 locum
3024 1580 3101 1638 de
3145 1579 3583 1657 contingentia
3647 1586 3705 1640 et
3744 1597 3830 1638 ne-

455 1661 762 1728 cessitate,
811 1659 988 1735 cujus
1031 1659 1366 1736 explicatio
1411 1678 1448 1717 a
1491 1659 1777 1718 doctrina
1817 1678 2148 1718 causarum
2195 1659 2578 1718 naturalium
2625 1661 2754 1719 fere
2797 1665 2931 1719 tota
2974 1659 3308 1738 dependet.
3355 1660 3453 1720 Ad
3495 1660 3631 1739 ipsa
3655 1677 3829 1719 sacro-

454 1747 671 1799 sancta
718 1740 936 1811 Biblia,
985 1740 1065 1798 ad
1111 1740 1297 1798 Μηδὶς
1341 1747 1404 1798 et
1443 1739 1922 1818 prophetarum,
1971 1739 2052 1799 ad
2095 1739 2322 1800 Christi
2368 1746 2430 1800 et
2473 1743 2905 1818 apostolorum
2949 1739 3118 1798 dicta
3159 1746 3223 1800 et
3265 1739 3504 1819 scripta
3545 1741 3596 1800 si
3635 1758 3829 1819 perve-

454 1821 752 1880 niendum
805 1820 907 1889 sit,
982 1819 1121 1892 quis
1164 1820 1273 1879 illa
1316 1819 1584 1900 fideliter
1651 1825 1714 1880 et
1755 1819 1977 1900 isolide
2046 1820 2564 1897 interpretabitur
2632 1821 2765 1879 sine
2835 1826 3130 1900 accurata
3199 1820 3481 1900 physica
3557 1819 3834 1881 notiitia?

453 1902 615 1971 Quot
643 1901 808 1959 enim
857 1901 1086 1978 passim
1121 1917 1238 1970 res,
1272 1905 1428 1977 quot
1469 1899 2098 1978 similitudines,quot
2143 1901 2554 1978 metaphora,
2588 1905 2744 1978 quot
2786 1900 2925 1960 alia
2971 1899 3231 1979 phrases
3274 1919 3353 1960 ex
3397 1901 3606 1961 media
3641 1907 3836 1960 natura

452 1984 800 2058 desumpta
843 1981 1237 2039 occurrunt?
1282 1980 1597 2058 Imprimis
1641 1999 1786 2039 vero
1831 1980 1894 2039 in
1940 1980 2319 2040 hexaemero
2366 1981 2576 2051 Mosis,
2625 1981 2688 2040 in
2732 1981 2874 2041 Jobi
2920 1980 3375 2060 posterioribus
3419 1980 3734 2060 capitibus,
3774 1979 3826 2060 in

457 2061 742 2138 plurimis
787 2059 1065 2138 psalmis,
1113 2061 1176 2118 in
1223 2060 1597 2127 Proverbiis,
1645 2061 2034 2134 Ecclesiaste,
2085 2061 2340 2122 Cantico
2395 2061 2783 2122 canticorum
2819 2058 3238 2135 ,Salomonis,
3302 2062 3370 2121 in
3444 2058 3729 2132 Siraeide,
3782 2058 3833 2118 in

456 2141 799 2220 Sapientia,
847 2141 913 2200 in
955 2142 1357 2219 Apocalypsi,
1407 2141 1546 2218 quis
1588 2141 1895 2201 inoffenso
1943 2142 2100 2218 pede
2144 2141 2607 2219 progredietur,
2653 2142 2772 2200 nisi
2818 2142 3203 2201 naturalium
3249 2160 3463 2202 rerum
3495 2141 3682 2220 probe
3719 2140 3830 2220 fue-

456 2219 924 2282 rit’instructus
966 2222 1283 2281 scientia?
1327 2221 1504 2292 Quod
1549 2239 1698 2281 sane
1759 2223 1949 2281 etiam
2013 2228 2254 2282 veteres
2311 2220 2590 2300 theologi
2649 2240 2791 2280 cum
2855 2223 3052 2282 Graci
3109 2228 3242 2282 tum
3314 2219 3526 2283 Latini
3582 2219 3834 2282 conside-

457 2307 691 2368 rantes,
737 2302 1019 2362 Justinus
1063 2302 1321 2380 Martyr,
1371 2303 1655 2362 Clemens
1696 2301 2182 2374 Alexandrinus,
2229 2302 2551 2378 Origenes,
2595 2302 2999 2374 Athanasius,
3047 2303 3341 2375 Basilius,
3416 2303 3830 2369 Nazianzenus,

462 2381 796 2460 Gregorius
840 2384 1178 2460 Nyssenus,
1224 2381 1494 2460 Cyrillus
1531 2382 2013 2450 Alexandrinus,
2059 2382 2513 2453 Theodoretus,
2560 2382 2866 2442 Eusebius
2937 2383 3355 2456 Casariensis,
3425 2387 3830 2450 DamascenUS,

460 2464 752 2533 Irenaus,
801 2463 1245 2534 Tertullianus,
1296 2463 1679 2533 Lactantius,
1728 2463 2104 2541 Cyprianus,
2149 2463 2445 2537 Hilarius,
2519 2463 2964 2540 Hieronymus,
3035 2463 3456 2541 Augustinus,
3523 2471 3661 2536 etc.,
3719 2475 3836 2520 cum

459 2543 598 2604 aliis
640 2541 1059 2622 philosophia
1104 2543 1411 2621 partibus,
1457 2549 1593 2602 tum
1637 2542 1823 2603 etiam
1870 2543 2147 2624 physica
2191 2543 2555 2618 diligentem
2599 2561 2858 2622 operam
2922 2544 3398 2624 impenderunt,
3463 2541 3836 2624 quemadmo-

461 2626 613 2684 dum
658 2643 736 2684 ex
779 2642 996 2684 eorum
1042 2624 1290 2702 scriptis
1334 2624 1413 2682 ad
1458 2642 1572 2682 nos
1615 2624 1996 2683 transmissis
2037 2623 2251 2683 videre
2299 2625 2462 2684 licet.

543 2707 670 2764 Nec
711 2722 859 2763 vero
903 2710 997 2763 est
1041 2711 1110 2763 ut
1152 2699 1465 2763 existimet
1507 2703 1734 2781 aliquis
1779 2710 2114 2782 propterea
2158 2704 2365 2762 minus
2409 2703 2752 2764 curandam
2799 2722 2932 2763 esse
2977 2703 3331 2783 physicam,
3385 2704 3555 2784 quod
3620 2702 3693 2764 ad
3733 2699 3837 2784 elo-

462 2784 787 2864 quentiam
832 2785 947 2864 vel
974 2783 1527 2864 impedimentum,
1572 2779 1670 2842 vel
1717 2779 1958 2844 nullam
2001 2790 2167 2844 certe
2237 2784 2576 2844 utilitatem
2636 2784 2882 2844 afferat.
2958 2779 3114 2845 Nam
3180 2791 3245 2844 et
3314 2779 3579 2864 physica
3643 2779 3835 2862 partim

467 2861 764 2944 magnam
811 2861 1319 2943 copiam—earum
1366 2883 1576 2945 rerum
1593 2865 1826 2945 rofl'ert,
1873 2865 1935 2924 in
1981 2864 2210 2943 quibus
2253 2865 2639 2943 explicandis
2683 2871 2746 2924 et
2788 2865 3254 2942 amplificandis
3316 2861 3672 2945 eloquentia
3724 2874 3840 2945 suas

468 2939 632 3006 vires
676 2939 986 3017 exserere,
1033 2946 1185 3024 quin
1247 2954 1309 3005 et
1379 2964 1417 3005 a
1477 2944 1703 3021 quibus
1762 2945 1824 3003 in
1888 2939 2028 3004 aliis
2074 2939 2354 3005 materiis
2423 2939 2915 3023 exaggerandis
2949 2939 3518 3024 ampliﬁcationem
3587 2939 3838 3024 prasidia

466 3025 746 3086 mutuari
791 3031 997 3104 potest
1026 3019 1322 3104 z'partim
1368 3019 1515 3084 vero
1559 3026 1900 3085 affectuum
1924 3031 2218 3085 naturam
2290 3019 2573 3104 explicat
2592 3019 2685 3084 'in
2747 3025 2976 3104 quibus
3044 3019 3418 3104 tempestive
3479 3032 3538 3087 et
3588 3019 3840 3104 apposite

466 3099 811 3167 movendis'
837 3125 962 3166 non
1007 3099 1395 3185 postremum
1441 3106 1816 3184 eloquentia
1859 3107 2139 3166 officium
2183 3099 2488 3166 consistit.
2535 3105 2713 3176 Quod
2767 3099 2935 3165 'sane
3003 3125 3129 3166 non
3175 3099 3454 3168 tantum
3524 3099 3841 3185 Aristoteles

468 3187 734 3247 sensisse
783 3176 1092 3264 arguitur,
1139 3205 1278 3246 cum
1326 3186 1388 3244 in
1465 3176 1791 3246 rhetoricis
1851 3187 2033 3246 docet
2093 3187 2411 3264 quomodo
2483 3187 2801 3246 auditores
2861 3186 2941 3245 ad
3000 3187 3186 3258 iram,
3245 3187 3326 3246 ad
3391 3185 3722 3252 lenitatem,
3777 3176 3839 3239 ad

469 3285 774 3340 amorem,
821 3263 898 3326 ad
943 3267 1181 3340 odium,
1230 3267 1310 3326 ad
1356 3273 1615 3338 metum,
1662 3267 1742 3326 ad
1786 3263 2257 3336 confidentiam,
2297 3267 2375 3326 ad
2421 3267 2750 3344 pudorem,
2785 3267 2865 3326 ad
2909 3267 3205 3344 gratiam,
3235 3267 3315 3326 ad
3367 3263 3836 3330 misericordiam,

469 3349 549 3408 ad
595 3347 1122 3422 indignationem,
1169 3347 1249 3406 ad
1293 3347 1618 3418 invidiam,
1666 3347 1745 3406 ad
1793 3347 2284 3416 amulationem,
2331 3347 2724 3416 adducendi;
2771 3353 2833 3406 et
2877 3365 3122 3407 morum
3183 3365 3425 3426 genera
3483 3348 3588 3426 qui
3654 3359 3837 3426 secun-

471 3430 622 3487 dum
667 3419 926 3487 affectus
988 3434 1051 3487 et
1113 3427 1367 3486 habitus
1427 3433 1490 3486 et
1549 3434 1767 3487 atates
1828 3436 1890 3488 et
1953 3432 2237 3487 fortunas
2299 3428 2627 3486 hominum
2694 3427 2961 3494 variant,
3034 3419 3374 3506 diligenter
3449 3419 3840 3506 cognoscenda

470 3509 644 3578 sint;
691 3508 799 3566 sed
843 3508 1032 3566 etiam
1080 3509 1259 3568 Plato
1321 3525 1434 3566 suo
1493 3508 1852 3567 testimonio
1914 3508 2308 3586 comprobat,
2376 3526 2517 3567 cum
2590 3507 3177 3584 eloquentissimum
3244 3509 3501 3569 Gracia
3569 3510 3838 3567 oratorem

472 3587 772 3669 Periclem
834 3589 913 3647 ad
958 3588 1192 3664 ingenii
1237 3606 1501 3669 acumen
1549 3608 1674 3647 non
1721 3594 1965 3648 tantum
2011 3587 2938 3669 exercitationemdialectica,
2983 3589 3091 3648 sed
3163 3587 3356 3648 etiam
3428 3593 3661 3669 natura
3721 3597 3840 3669 conf

469 3667 968 3746 templationem,
1017 3669 1119 3728 cui
1163 3668 1589 3728 familiaritate
1634 3669 1831 3728 fretus
1871 3669 2266 3750 Anaxagora
2311 3686 2377 3727 se
2421 3667 3112 3750 tradidit,gadjunxisse
3155 3669 3421 3750 scribit;
3478 3667 3696 3750 quibus
3746 3665 3840 3750 uti-

473 3768 596 3828 que
638 3767 676 3830 a
719 3749 905 3808 rebus
943 3755 1006 3830 τὸ
1039 3751 1348 3829 ὑψηλόνουν
1381 3755 1468 3809 καὶ
1488 3756 1668 3830 πάντῃ
1694 3753 2090 3830 τελεσιουργικὲ

2222 3766 2322 3830 ioc
2364 3748 2766 3830 est,_mentis
2828 3749 3183 3830 sublimitas
3243 3757 3308 3809 et
3369 3749 3471 3808 vix
3532 3747 3737 3830 efficax
3791 3747 3839 3797 in

475 3829 697 3969 quavis
740 3847 805 3888 re
850 3827 1235 3969 [geffjcienda
1278 3827 1734 3909 proficiscatur.
1785 3827 2170 3907 Quis'i'gitur
2214 3828 2402 3888 etiam
2452 3827 2530 3888 ad
2575 3829 3002 3907 eloquentiam
3069 3829 3349 3909 physica
3411 3829 3674 3889 studium
3724 3836 3838 3900 pro-

520 3929 653 3969 esse
696 3927 857 3969 nega
905 3928 922 3968 1
971 3953 982 3965 .

520 3929 653 3970 6836
696 3927 982 3987 “888.011.:

560 3990 684 4052 Sed
729 3978 917 4049 finem
967 3989 1126 4049 facio
1170 3988 1512 4050 utilitatum
1558 3987 1749 4065 hujus
1791 3987 2066 4049 scientia
2111 3990 2831 4057 commemorandarum,
2866 3988 2930 4048 in
2977 3988 3205 4067 quibus
3247 3989 3510 4050 forsitan
3545 3987 3704 4066 justo
3739 3978 3841 4067 dilfj

478 4070 603 4130 tius
632 4150 641 4151 ί
669 4069 1044 4129 immoratus
1112 4088 1275 4130 sum.
1339 4073 1480 4151 Hoc
1554 4057 1747 4151 unum
1793 4069 1896 4128 hic
1941 4071 2162 4151 saltem
2205 4067 2494 4151 subjicio,
2544 4069 2714 4146 quod
2759 4070 2946 4146 hujus
2999 4057 3283 4130 scientia
3327 4057 3600 4151 cognitio
3639 4057 3842 4151 nonﬁij

479 4151 568 4210 ita
611 4150 915 4233 difficilis,
957 4151 1106 4233 quin
1156 4151 1235 4233 ab
1267 4150 1786 4233 gadolescentib_us_
1821 4149 2158 4233 mediocris
2201 4140 2434 4226 ingenii
2479 4155 2541 4209 et
2565 4140 2903 4233 profectus
2945 4168 3088 4233 cum
3134 4151 3345 4233 fructu
3388 4140 3587 4210 audiri
3628 4140 3839 4233 et

483 4231 698 4308 possit.
745 4212 922 4301 Quod
967 4212 1131 4288 enim
1177 4229 1538 4289 Aristoteles
1581 4230 1643 4288 in
1691 4229 1928 4289 Ethicis
1971 4235 2162 4303 negat
2204 4212 2470 4307 puerum
2542 4212 2724 4307 posse
2769 4231 2904 4288 fieri
2967 4230 3323 4308 physicum,
3387 4248 3513 4290 non
3583 4231 3668 4287 est
3718 4212 3836 4280 illud

479 4311 871 4389 simpliciter,
905 4311 1009 4370 sed
1057 4328 1198 4368 cum
1247 4317 1417 4368 certa
1461 4309 1860 4368 distinctione
1904 4311 2428 4386 intelligendum;
2479 4329 2602 4368 non
2650 4311 2817 4387 quod
2867 4311 3245 4370 universalia
3287 4312 3604 4370 axiomata
3641 4308 3700 4365 et
3735 4311 3839 4389 pf?

483 4373 774 4450 nun'tiata
819 4373 1081 4468 physica
1125 4408 1348 4467 capere
1434 4407 1559 4448 non
1607 4389 1849 4466 possit;
1898 4391 2007 4449 sed
2053 4373 2222 4467 quod
2269 4373 2686 4466 singulariuni
2730 4409 2807 4449 ex
2878 4391 3107 4468 quibus
3151 4392 3417 4451 collecta
3475 4392 3636 4459 sunt,
3701 4373 3836 4468 suffi-

479 4471 746 4532 cientem
793 4453 1296 4530 o'bservationem
1342 4477 1404 4530 et
1445 4453 1898 4547 experientiam
1945 4453 2627 4548 perlatatemhhabere
2671 4489 2797 4529 non
2839 4453 3058 4548 possit.
3106 4471 3240 4541 Quo
3302 4471 3430 4531 fere
3473 4453 3652 4529 etiam
3693 4453 3836 4551 ωράρ

481 4551 940 4631 accipiendum,
990 4569 1129 4610 cum
1175 4550 1324 4608 item
1371 4556 1560 4627 negat
1594 4550 1892 4625 juvenem
1939 4551 2241 4610 doctrinae
2287 4550 2543 4610 moralis
2607 4551 3011 4610 commodum
3077 4551 3430 4610 auditorem
3474 4563 3638 4631 esse:
3699 4550 3838 4631 ωωις

484 4626 638 4692 τυηί
667 4650 794 4691 non
842 4631 962 4692 hoc
1007 4646 1215 4701 sensu,
1262 4631 1431 4707 quod
1467 4626 1791 4709 ’pracepta
1838 4631 2102 4690 moralia
2144 4631 2493 4708 intelligere
2540 4650 2664 4690 non
2715 4631 2948 4708 possit;
3018 4631 3127 4690 sed
3189 4633 3362 4709 quod
3423 4627 3663 4710 pertint
3700 4626 3837 4710 ῐξιθξξε

483 4712 620 4786 ejus
662 4729 884 4788 expers
927 4712 1006 4769 sit
1047 4692 1424 4788 cogn'itibnis
1479 4692 1701 4770 ‘rerurri
1747 4717 1809 4770 et
1852 4712 2168 4771 actionum
2218 4692 2492 4770 civilium
2539 4711 2616 4771 de
2659 4692 2887 4788 quibus
2931 4692 2993 4769 et
3035 4728 3112 4771 ex
3155 4692 3386 4789 quibus
3425 4692 3562 4769 hac
3609 4692 3836 4789 discipji-

487 4773 570 4853 n'a
611 4773 940 4870 disp'utat:
993 4773 1217 4869 partim
1265 4809 1412 4851 vero
1457 4792 1772 4869 appetitus
1815 4792 1952 4867 ejus
1995 4793 2074 4850 ad
2121 4793 2324 4850 omnis
2368 4792 2614 4867 generis
2659 4773 3268 4868 perturbationes‘et
3335 4791 3588 4851 afiectus
3650 4773 3833 4870 pref“:

485 4874 578 4934 vis
621 4853 732 4942 sit:
768 4891 884 4932 nec
925 4853 1013 4931 ita
1059 4885 1125 4952 ut
1167 4853 1556 4948 pracipitur:
1598 4853 1910 4948 agendum
1956 4889 2090 4930 esse
2127 4853 2402 4945 judicet‘:
2437 4853 2810 4948 Quanquam
2857 4891 2932 4929 ne
2976 4872 3097 4931 hoc
3154 4872 3406 4949 quidem
3468 4869 3542 4929 de
3595 4853 3834 4952 οιὶξρῷυξ

482 4953 847 5032 juvenibus,
894 4954 998 5012 sed
1032 4951 1122 5032 Vde
1167 4941 1489 5032 aliquibus
1524 4941 1743 5011 saltEm
1790 4970 2004 5011 verum
2053 4941 2163 5021 est,
2215 4953 2322 5029 qni
2366 4941 2479 5010 nec
2524 4941 2790 5023 natura,
2841 4941 3418 5032 neceducationis,
3483 4964 3592 5008 nec
3653 4941 3834 5032 όῇνὶᾮξῖ

491 5018 982 5112 regenerationis
1027 5018 1331 5092 beneficio
1376 5031 1664 5092 meliores
1707 5038 2059 5092 evaserunt.
2107 5018 2337 5091 Verum
2383 5031 2546 5090 enim
2594 5050 2740 5093 vero
2778 5018 2928 5090 cum
2972 5031 3035 5090 in
3083 5033 3304 5109 quavis
3345 5018 3495 5112 arte;
3531 5018 3834 5112 etscienlE1

489 5103 870 5175 addiscenda
913 5112 1255 5192 plurimum
1304 5114 1604 5172 momenti
1651 5113 1710 5171 in
1759 5113 2014 5172 doctore
2059 5112 2138 5170 sit
2180 5113 2502 5190 positum;
2554 5113 2617 5172 in
2683 5113 2958 5190 physica
3030 5103 3218 5172 etiam
3283 5109 3540 5171 scientia
3567 5103 3832 5192 dpctorﬁfg

486 5197 770 5255 omnium
816 5171 1094 5273 gentium
1141 5211 1448 5252 consensu
1494 5193 1969 5252 solertissimum
2020 5171 2322 5251 habemus
2365 5171 2803 5263 Aristotele-md;
2843 5195 2950 5270 qui
2983 5212 3108 5251 non
3151 5198 3398 5253 tantum
3440 5184 3710 5273 omnibus
3731 5171 3835 5273 aliis

488 5283 635 5336 ante
679 5294 744 5334 se
789 5266 1064 5354 p'hysicis
1109 5275 1218 5350 qui
1262 5274 1489 5351 partim
1539 5274 1924 5352 imperfecte,
1973 5273 2204 5350 partim
2249 5274 2437 5332 etiam
2485 5291 2812 5350 perperam
2863 5266 2982 5354 'de
3017 5291 3225 5354 rerum
3301 5267 3678 5354 naturalium.
3719 5266 3833 5354 οξξζ

379 5383 388 5388 τ
485 5357 567 5415 sis
612 5331 1030 5423 tradider’unt,
1079 5331 1879 5431 quemadmodumleorum
1907 5331 2168 5414 ’errores
2211 5355 2442 5431 passim
2485 5331 2769 5423 refutat;
2817 5353 2925 5412 sed
2968 5352 3084 5428 ipsi
3131 5353 3318 5413 etiam
3364 5345 3622 5431 Platoni,

490 5453 650 5495 mao
693 5420 1349 5512 imprimis'pl‘eraque
1373 5434 1860 5494 obscuritatibus
1881 5440 1944 5494 et
1985 5420 2501 5511 ambiguitatibus
2543 5420 2887 5493 involventi
2933 5420 3357 5511 praferendus
3399 5429 3670 5512 videtur;
3722 5420 3831 5512 ‘3an

490 5516 697 5594 quoad
746 5505 1113 5576 methodum
1158 5521 1219 5574 et
1251 5505 1814 5574 demonstrationis
1860 5505 2330 5590 perfectiohem,
2380 5521 2511 5572 tum
2559 5533 2706 5573 vero
2751 5505 2948 5573 etiam.
2987 5513 3197 5591 quoad
3263 5509 3705 5594 sententiarum

491 5567 902 5666 durationem,
955 5595 1399 5673 proprietatem
1447 5602 1509 5654 et
1553 5567 1928 5654 mediocrerm
1978 5567 2901 5671 perspicuithtemﬂuanquam
2950 5567 3159 5654 autem
3206 5589 3559 5675 Aristoteles
3589 5567 3829 5675 .sineﬁl:

491 5676 594 5735 bio
639 5697 779 5733 cum
829 5661 899 5733 in,
936 5661 1088 5734 aliis.
1119 5675 1534 5751 philosophia
1583 5676 1887 5748 partibus,
1935 5661 2064 5733 tum
2113 5661 2260 5733 vero
2305 5677 2492 5734 etiam
2541 5661 2598 5732 in
2648 5661 2932 5752 physica,
2981 5693 3171 5752 quam
3221 5672 3429 5733 multis
3470 5664 3630 5752 libris
3669 5661 3829 5752 Et???

497 5764 679 5815 cuine.
724 5762 835 5827 «st,
884 5739 1150 5863 q‘uorum
1199 5739 1482 5833 plerique
1527 5739 1885 5816 etiamnum
1917 5754 2104 5863 llJokdie
2148 5760 2417 5863 exstant,
2466 5739 2757 5863 gptiniusv
2786 5739 3017 5863 doctoAr'
3049 5761 3111 5814 et
3155 5755 3469 5863 magister.
3501 5750 3586 5863 est
3614 5739 3827 5863 zing’ﬁ’i'

504 5854 610 5863 ..-η
662 5844 867 5863 sum”-..
939 5836 1102 5863 ,--;--,
1150 5835 1421 5863 ..ηεΛ-ιξη.
1471 5855 1590 5863 ...Α-,ι
1643 5855 1852 5863 Α-...Α-
1902 5854 1930 5863 ,ι
2031 5854 2104 5863 .-Α
2153 5836 2164 5863 2
2221 5836 2354 5863 -..λε
2402 5834 2456 5863 -.ξ
2511 5842 2693 5863 -_e--..
2765 5836 2864 5863 ι..-ζ
2915 5853 2943 5863 .-
3039 5852 3176 5863 ..η-η...
3223 5835 3408 5863 :m-‘nn
3454 5846 3505 5863 un
3537 5843 3566 5863 Δ
3603 5839 3629 5863 α
3805 5831 3827 5843 ⁹

503 5854 613 5898 nes
662 5824 872 5896 tamen
908 5824 1105 5913 hujus
1149 5824 1422 5895 scientia
1469 5855 1593 5895 non
1639 5855 1855 5896 omnes
1899 5835 2107 5896 adhuc
2149 5836 2358 5896 idonei
2402 5824 2711 5909 videntur,
2761 5836 2867 5913 qui
2913 5835 2993 5894 ad
3035 5852 3179 5896 eum
3223 5824 3567 5896 immediate
3603 5824 3718 5881 sine
3737 5824 3828 5867 δυ’
