4094 6450
359 497 514 562 1013
1025 497 1374 562 EPITOME
1416 497 1778 561 PHYSICA.
1827 529 1904 543 —
1944 497 2170 560 JOAN.
2215 497 2609 562 WEGELINI
2651 499 3100 564 PREFATIO.
3619 503 3781 564 1014

357 653 485 714 qua
527 631 1072 713 compendiosiore
1113 633 1584 704 informatione,
1638 633 1921 710 adeoque
1967 634 2462 694 manuductione
2507 634 2925 712 ablegentur;
2974 653 3117 695 cum
3181 635 3352 713 quod
3408 635 3486 697 de
3552 635 3775 715 aliqui-

357 715 472 775 bus
521 716 706 776 rebus
749 715 972 786 fusius,
1019 733 1210 793 quam
1256 714 1346 774 illi
1392 715 1546 774 bene
1591 733 1815 792 capere
1862 715 2121 790 possint,
2190 716 2486 787 differat;
2538 723 2687 774 tunc
2749 735 2896 775 vero
2961 717 3149 776 etiam
3210 717 3379 794 quod
3451 714 3772 776 nonnullis

354 797 420 856 in
466 796 619 856 locis
662 814 804 855 cum
848 803 1246 876 propter‘res
1288 795 1480 872 ipsas,
1528 801 1659 855 tum
1710 801 1964 872 propter
2006 797 2256 854 dicendi
2298 814 2496 872 genus
2540 797 2858 855 concisum
2904 803 2964 856 et
3009 797 3422 856 terminorum
3469 817 3770 876 quorum-

355 879 504 937 dam
549 876 964 954 singularium
1009 874 1466 948 difﬁcultatem,
1517 876 1826 952 imprimis
1871 894 2016 934 vero
2060 876 2250 936 etiam
2296 883 2358 935 et
2401 877 2462 934 in
2535 877 3071 936 confutationibus
3144 885 3425 937 veterum
3491 874 3772 956 philoso-

359 960 627 1036 phorum
673 975 942 1034 quorum
986 957 1219 1033 scripta
1262 958 1341 1015 ad
1386 975 1497 1016 nos
1541 974 1665 1015 non
1711 963 2154 1033 pervenerunt,
2202 963 2270 1015 ut
2314 957 2539 1016 exinde
2583 958 2659 1016 de
2702 959 2984 1036 ipsorum
3030 957 3435 1035 opinionibus
3481 966 3543 1018 et
3585 978 3771 1036 argu-

359 1038 585 1098 mentis
626 1037 927 1115 liquidius
969 1042 1258 1096 constare
1304 1047 1533 1114 posset,
1583 1037 1907 1114 aliquanto
1953 1037 2032 1096 sit
2074 1036 2424 1096 obscurior.

439 1121 836 1196 Quapropter
865 1118 1118 1178 illorum
1145 1117 1425 1176 studium
1456 1117 1944 1194 improhandum
1975 1116 2222 1177 videtur
2252 1118 2621 1194 neutiquam
2654 1119 2761 1194 qui
2791 1137 2868 1176 ex
2901 1118 3077 1177 libris
3125 1118 3495 1196 PliilOSOphi
3558 1118 3777 1196 physi-

355 1198 444 1257 cis
475 1198 841 1277 perspicuas
870 1198 1175 1276 quasdam
1209 1201 1270 1256 et
1297 1196 1520 1257 breves
1550 1215 1852 1274 synopses
1884 1197 1981 1256 vel
2012 1198 2321 1274 epitomas
2349 1216 2565 1256 eorum
2616 1217 2758 1274 quae
2793 1199 3062 1258 maxime
3113 1200 3467 1258 necessaria
3515 1206 3577 1258 et
3625 1217 3766 1257 cum

355 1279 576 1356 primis
605 1285 753 1338 sunt
783 1278 980 1344 utilia.
1016 1277 1268 1338 resectis
1297 1277 1436 1336 aliis
1469 1277 1906 1337 minutioribus
1935 1283 1998 1336 et
2027 1278 2107 1336 ad
2139 1284 2417 1337 veterum
2447 1277 2946 1338 confutationeiu
3003 1281 3273 1338 maxime
3303 1279 3765 1357 pertinentibus

354 1359 791 1438 collegerunt:
829 1359 1109 1435 qualium
1141 1358 1330 1418 etiam
1363 1357 1549 1418 hodie
1590 1357 1901 1436 imprimis
1933 1376 2164 1435 magna
2213 1358 2396 1436 copia
2437 1365 2661 1427 exstat,
2714 1365 2774 1418 et
2822 1359 3086 1419 subinde
3134 1362 3213 1419 ad
3269 1378 3407 1419 eam
3457 1378 3764 1420 novarum

354 1458 520 1500 nova
552 1440 622 1500 ﬁt
649 1440 942 1499 accessio.
977 1439 1538 1519 Etsiautemnulli
1567 1457 1744 1497 suam
1777 1438 2052 1512 laudem,
2086 1457 2277 1517 quam
2311 1440 2532 1498 merito
2577 1439 2842 1509 obtinet,
2895 1447 3271 1519 prmreptam
3321 1440 3486 1509 volo,
3541 1440 3768 1500 eximie

353 1527 570 1600 tamen
603 1519 759 1579 mihi
789 1518 1162 1600 prmrmultis
1192 1519 1330 1600 aliis
1357 1518 1424 1577 in
1457 1520 1576 1579 hoc
1605 1537 1834 1596 genere
1864 1519 2253 1600 compendiis
2287 1519 2524 1600 placuit
2580 1520 2716 1578 haec
2761 1518 3118 1600 Nicephori’
3147 1520 3513 1581 Blemmidaz
3564 1520 3769 1600 (cujus

355 1599 611 1679 logicum
640 1599 1068 1679 superioribus
1099 1598 1398 1659 nundinis
1429 1599 2057 1659 Francofurtensibus
2085 1599 2151 1658 in
2182 1599 2508 1678 publicum
2538 1601 2738 1678 emisi)
2768 1599 3054 1677 Epitome
3083 1599 3375 1679 Physica,
3429 1598 3580 1659 non
3609 1601 3765 1660 anti-

354 1680 614 1760 quitatis
644 1685 892 1741 tantum
922 1698 1135 1744 causa.
1180 1680 1289 1760 sed
1317 1679 1628 1758 imprimis
1657 1679 1848 1739 etiam
1899 1686 2156 1758 propter
2203 1698 2301 1739 res
2346 1681 2514 1759 ipsas
2560 1699 2686 1740 non
2737 1686 2985 1741 tantum
3037 1681 3352 1758 physicas,
3405 1682 3514 1741 sed
3572 1681 3763 1742 etiam

358 1759 839 1840 geographicas,
873 1759 1348 1840 astronomicas,
1400 1760 1662 1838 opticas,
1716 1759 2145 1837 astrologicas,
2198 1760 2610 1838 theologicas,
2663 1761 2952 1833 breviter,
3006 1761 3355 1840 perspicue,
3409 1761 3651 1822 erudite
3700 1768 3764 1822 et

358 1839 622 1903 nervoso
651 1841 821 1902 bona
849 1839 1150 1902 methodo
1171 1846 1233 1900 et
1261 1841 1508 1900 dicendi
1537 1858 1766 1918 genere
1796 1840 2055 1918 optimo,
2093 1840 2352 1917 triginta
2381 1847 2443 1900 et
2482 1859 2609 1900 uno
2661 1841 2968 1920 capitibus
3010 1839 3396 1920 petractatas
3422 1859 3436 1912 ;
3489 1860 3758 1920 quorum

360 1924 424 1980 1°
454 1921 586 2001 agit
614 1921 710 2002 (ut
738 1922 907 1982 tituli
937 1921 1158 2002 saltem
1189 1920 1581 2002 singulorum
1608 1921 1789 2000 quasi
1817 1921 1883 2002 in
1912 1921 2151 1981 tabella
2181 1921 2455 2002 breviter
2484 1920 2944 2002 proponantur)
2995 1921 3064 1982 de
3111 1921 3489 2002 naturalibus
3525 1921 3759 2000 princi-

351 2003 472 2082 piis
505 2000 576 2062 iet
617 2000 809 2063 causis
831 2021 857 2078 ;
900 2005 966 2062 2°
1020 2000 1109 2062 De
1129 2002 1402 2082 materia,
1425 2001 1628 2080 forma
1674 2009 1732 2082 et
1753 2001 2134 2082 privatione;
2163 2003 2227 2060 3°
2270 2001 2360 2082 De
2406 2002 2594 2062 causis
2623 2010 2674 2061 et
2699 2001 3014 2082 e/fectibus;
3050 2002 3302 2081 itemque
3332 2001 3403 2061 de
3429 2003 3689 2082 fortuna
3717 2010 3778 2082 et

353 2080 496 2143 casu
516 2103 539 2150 ;
567 2086 632 2142 4°
675 2082 766 2143 De
791 2092 956 2142 motu
983 2092 1039 2162 et
1069 2081 1261 2162 quiete
1307 2080 1492 2161 deque
1537 2080 1874 2153 entelec/tia,
1929 2090 1985 2140 et
2030 2101 2094 2140 eo
2147 2081 2308 2161 quod
2349 2082 2636 2157 potentia,
2688 2081 2960 2161 quodque
2980 2091 3170 2162 actus
3197 2080 3286 2140 est
3313 2102 3336 2147 ;
3362 2087 3428 2143 5°
3457 2081 3672 2142 Ad/iuc
3703 2081 3774 2162 de

351 2172 602 2244 metuet
625 2164 855 2244 quiete;
890 2167 971 2244 6°_
999 2161 1095 2223 De
1116 2163 1488 2244 generatione
1517 2162 1980 2244 et_corruptione
2001 2181 2025 2236 ;
2053 2166 2118 2244 7°
2150 2167 2212 2221 et
2239 2163 2303 2220 8°
2332 2163 2422 2223 De
2447 2171 2673 2244 natura
2697 2183 2718 2244 ς
2748 2165 2813 2222 9°
2844 2163 2934 2222 De
2965 2161 3087 2222 loco
3115 2170 3174 2220 et
3206 2171 3510 2244 tempore;
3548 2163 3650 2220 10°
3681 2161 3772 2222 De

354 2243 593 2322 inﬁnito
616 2240 767 2316 {11°
798 2242 889 2302 De
914 2242 1242 2315 elementis;
1283 2245 1385 2302 12°
1413 2242 1503 2303 De
1547 2241 1808 2320 ﬂammis
1854 2240 2197 2301 ardentibus
2241 2262 2371 2322 quae
2400 2242 2563 2305 circa
2603 2242 2810 2303 coelum
2856 2240 3326 2322 conspici-untur,
3359 2251 3418 2302 et
3442 2242 3515 2302 de
3542 2244 3764 2322 capris,

352 2321 588 2402 facibus
617 2331 676 2384 et
723 2322 898 2382 stillis
944 2322 1430 2394 discurrentibus,
1483 2329 1552 2381 ut
1584 2322 2032 2402 appellantur;
2083 2325 2184 2383 13°
2237 2321 2324 2383 De
2372 2325 2602 2382 cometis
2651 2333 2709 2382 et
2753 2323 2937 2383 lacteo
2984 2321 3244 2395 Cz'rculo;
3281 2325 3383 2381 14°
3414 2322 3502 2382 De
3526 2321 3764 2402 pluvia,

350 2401 669 2482 grandine,
704 2404 859 2475 nive,
892 2422 1028 2462 rore
1056 2412 1108 2463 et
1136 2403 1360 2483 pruina
1379 2423 1404 2470 ;
1436 2402 1655 2483 15°7De
1680 2401 1942 2481 fontibus
1967 2411 2025 2462 et
2049 2402 2386 2482 [lu-minibus
2413 2423 2426 2475 ;
2461 2405 2564 2464 16°
2597 2404 2682 2464 De
2709 2405 2904 2476 mari;
2943 2406 3046 2463 17°
3099 2402 3398 2483 Deiventis
3425 2401 3755 2483 etreliquis

353 2481 644 2544 halitibus
663 2503 690 2560 ,'
719 2486 822 2544 18°
851 2483 941 2545 De
957 2481 1151 2564 terrae
1174 2493 1356 2564 motu,
1384 2483 1497 2564 _19°
1530 2482 1618 2544 De
1640 2484 1874 2564 tonitru
1900 2481 2244 2564 etfulgore,
2300 2483 2568 2564 procella
2615 2493 2671 2544 et
2700 2485 2936 2564 rvortice
2981 2493 3034 2542 et
3085 2482 3313 2564 turbine
3332 2563 3337 2564 γ
3358 2491 3438 2564 et_
3460 2481 3719 2564 fulmine
3739 2503 3761 2548 ,'

351 2564 459 2623 20°
500 2565 592 2625 De
619 2563 1046 2644 apparentibus
1074 2565 1135 2624 in
1163 2562 1732 2644 cceloiphasmotibus
1761 2583 1787 2638 ,'
1815 2566 1917 2644 21°
1947 2562 2038 2644 _De
2083 2561 2312 2644 halone'
2338 2574 2393 2624 et
2438 2583 2611 2644 prius
2665 2563 2734 2624 de
2765 2565 2988 2624 visione
3015 2581 3028 2635 ;
3061 2565 3166 2623 22°
3198 2562 3284 2622 De
3314 2561 3509 2637 iride;
3537 2564 3642 2620 23°
3677 2562 3763 2622 De

357 2645 546 2723 virgis
577 2653 630 2704 et
653 2642 965 2724 par/zelus,
1000 2644 1250 2724 itemque
1279 2642 1349 2724 de
1376 2643 1631 2724 metallis
1662 2653 1715 2702 et
1743 2642 2044 2724 fossilibus
2071 2662 2084 2716 ;
2117 2647 2222 2703 24°
2253 2643 2342 2704 De
2373 2642 2533 2716 calo,
2570 2645 2842 2724 quodque
2887 2647 3139 2703 mundus
3186 2663 3306 2701 non
3350 2644 3426 2702 sit
3470 2652 3718 2724 aeternus
3736 2663 3760 2703 .-

351 2722 470 2786 25°
490 2724 581 2785 De
608 2722 817 2785 w‘there
844 2733 902 2785 et
927 2723 1112 2786 stellis
1134 2722 1165 2798 ξ
1186 2727 1290 2784 26°
1319 2723 1410 2784 De
1435 2723 1590 2797 sole;
1624 2726 1730 2782 27°
1765 2723 1850 2783 De
1883 2723 2025 2782 luna
2044 2743 2070 2798 ;
2097 2727 2202 2783 28°
2233 2725 2322 2785 De
2355 2733 2515 2785 terra
2543 2722 2600 2783 et
2628 2722 2754 2799 eius
2775 2743 2955 2793 zonis,
2988 2724 3256 2802 quodque
3288 2733 3449 2783 terra
3479 2723 3560 2783 ad
3573 2722 3765 2801 sphae-

356 2824 489 2865 ram
518 2804 827 2875 caelestem,
858 2806 1005 2884 quin
1034 2813 1093 2864 et
1119 2805 1200 2865 ad
1222 2803 1366 2863 solis
1393 2804 1685 2884 Sphaeram
1713 2804 1906 2884 centri
1929 2806 2218 2863 rationem
2247 2804 2504 2865 obtineat
2529 2826 2543 2879 ;
2580 2808 2684 2864 29°
2722 2804 2805 2863 De
2835 2803 3037 2864 diebus
3063 2813 3119 2863 et
3149 2803 3417 2862 noctibus
3442 2813 3499 2862 et
3515 2812 3771 2883 quatuor

353 2885 502 2945 anni
527 2884 727 2957 hortis;
761 2883 1524 2959 30°’De/1abitationibus;
1556 2888 1659 2944 31°
1691 2883 1780 2943 De
1808 2902 2006 2943 vacuo.
2041 2885 2277 2954 Quibus
2327 2886 2619 2944 omnibus
2665 2885 2728 2943 in
2780 2885 2902 2944 line
2952 2886 3378 2961 fragmentum
3429 2901 3764 2961 exegeseos

357 2966 424 3025 in
456 2965 771 3045 psalmum
801 2971 1094 3026 octavum
1125 2965 1346 3025 eodem
1375 2965 1725 3045 Blemmida
1753 2971 2008 3024 auctore
2038 2966 2299 3025 accessit
2329 2966 2417 3024 ita
2446 2966 2786 3036 eruditum,
2819 2972 2889 3023 ut
2936 2964 3303 3045 optandum
3335 2970 3518 3045 esset,
3565 2969 3765 3045 totam

361 3044 653 3124 exegesin
685 3045 751 3105 in
779 3045 959 3105 illum
990 3045 1326 3124 psalmum,
1362 3045 1461 3104 vel
1492 3045 1679 3104 etiam
1712 3044 1776 3102 in
1809 3050 2009 3104 totum
2041 3046 2432 3123 psalterium,
2476 3046 2526 3104 si
2579 3047 2765 3106 modo
2820 3046 2900 3104 ab
2947 3051 3205 3104 auctore
3255 3044 3580 3104 elaborata
3627 3044 3767 3114 fuit,

365 3127 573 3216 adhuc
603 3126 794 3186 hodie
825 3132 1072 3216 exstare
1104 3124 1236 3216 (a);
1289 3130 1359 3216 ut
1408 3143 1550 3202 quae
1602 3143 1725 3216 non
1774 3125 1990 3216 paucis
2045 3126 2111 3184 in
2160 3125 2606 3216 hunc__librum
2653 3143 2795 3184 vere
2838 3126 3079 3216 regium
3127 3125 3337 3216 (quem
3383 3131 3604 3216 et.eg_o
3648 3124 3771 3216 hoc

367 3207 606 3268 honore
650 3225 782 3285 prae
825 3207 1067 3266 caeteris
1101 3203 1237 3284 jam
1282 3205 1510 3283 dignor
1554 3212 1622 3265 ut
1658 3223 1783 3264 non
1830 3211 2076 3264 tantum
2139 3205 2524 3284 objectiones
2568 3225 2642 3266 ex
2686 3225 2760 3265 eo
2806 3208 3052 3283 prolata
3096 3203 3145 3265 a‘
3179 3203 3500 3282 discipulis
3542 3204 3766 3263 dissol-

360 3306 527 3359 vam,
574 3290 682 3347 sed
722 3288 912 3347 etiam
956 3286 1238 3363 singulos
1281 3286 1556 3364 psalmos
1600 3285 1894 3346 hebraice
1943 3285 2307 3363 praelegam,
2354 3287 2546 3346 latine
2591 3287 2966 3364 interpreter
3025 3292 3090 3345 et
3158 3285 3388 3364 saepius
3449 3303 3768 3363 gramma-

363 3369 486 3428 tice
527 3367 864 3447 explicem)
902 3366 1371 3427 commentariis
1412 3384 1530 3444 par
1574 3367 1804 3436 futura,
1839 3366 1944 3447 sed
1989 3367 2178 3426 etiam
2224 3367 2502 3446 palmam
2548 3373 2939 3444 praereptura
2970 3366 3272 3447 videatur.

440 3444 750 3508 Caeterum
785 3444 950 3507 hanc
979 3447 1181 3526 ipsam
1213 3447 1529 3524 epitomen
1562 3447 1885 3525 physicam
1910 3446 1974 3504 in
1997 3444 2243 3506 duobus
2279 3447 2716 3525 manuscriptis
2747 3448 3065 3506 codicibus
3099 3444 3495 3506 bibliothecae
3525 3447 3774 3521 Augus-

357 3534 550 3604 tanae,
585 3528 784 3588 altero
817 3527 1148 3606 perveteri,
1184 3527 1533 3587 recentiore
1564 3527 1762 3586 altero
1794 3528 2039 3603 reperi;
2087 3527 2418 3606 pellectam
2453 3535 2521 3587 ut
2551 3529 2859 3586 eruditam
2892 3534 2956 3586 et
2985 3545 3180 3604 opera
3227 3526 3607 3585 insumenda
3636 3527 3776 3601 dig-

359 3627 528 3682 nam,
566 3608 998 3687 deprehendi;
1030 3608 1166 3687 ipse
1193 3607 1495 3685 descripsi
1520 3624 1546 3687 ;
1568 3625 1640 3667 ac
1669 3626 1793 3666 non
1857 3614 2102 3667 tantum
2134 3627 2209 3667 ex
2257 3609 2471 3667 Graeca
2503 3609 2791 3668 Latinam
2842 3608 2980 3674 feci,
3016 3608 3125 3666 sed
3153 3608 3343 3666 etiam
3394 3606 3484 3687 ita
3514 3623 3779 3687 conver-

358 3707 494 3748 sam
530 3685 760 3768 partim
794 3685 1248 3767 marginalibus
1279 3688 1445 3748 notis
1475 3686 1557 3747 ad
1584 3687 1981 3748 Aristotelem
2012 3688 2322 3766 imprimis
2352 3695 2412 3746 et
2458 3689 2854 3748 Cleomedem
2889 3689 3170 3765 aliosque
3203 3685 3779 3768 recentioresphy-

357 3765 612 3829 sicos—et
631 3765 1028 3830 astronomios
1082 3769 1562 3840 deducentibus,
1598 3769 1826 3847 partim
1882 3787 2032 3828 vero
2064 3765 2342 3828 cursoria
2399 3769 2666 3828 lectione
2726 3769 2926 3828 multo
2983 3769 3180 3827 fusius
3225 3773 3423 3827 totam
3455 3765 3781 3844 discipulis

361 3850 516 3910 meis
549 3849 880 3928 explicavi.
913 3849 1217 3910 Eamdem
1273 3867 1442 3909 nunc
1471 3867 1548 3908 ex
1602 3848 1940 3908 collatione
2002 3849 2576 3927 manuscriptorum
2633 3849 2918 3908 codicum
2972 3850 3312 3926 perfectam
3372 3854 3435 3907 et
3463 3848 3776 3928 integram

357 3950 501 3990 cum
534 3926 913 3990 adaliorum
947 3930 1268 4007 publicam
1325 3929 1686 4002 utilitatem,
1721 3937 1856 3987 tum
1902 3947 2048 3988 vero
2109 3930 2190 3989 ad
2245 3926 2595 3988 inetitutam
2629 3947 2770 3988 cum
2825 3929 3148 4007 discipulis
3207 3945 3478 4004 quorum
3509 3926 3778 3986 subinde

359 4011 499 4071 aliis
529 4011 596 4070 in
627 4010 985 4071 academias
1013 4009 1482 4070 discedentibus
1508 4009 1656 4068 novi
1701 4010 2068 4081 succedunt,
2103 4009 2417 4087 privatam
2474 4009 2914 4086 repetitionem
2946 4010 3188 4088 primus
3219 4011 3426 4068 Graece
3459 4008 3601 4088 edo,
3633 4025 3772 4088 ver-

357 4092 601 4151 sionem
633 4109 774 4150 cum
809 4092 972 4150 notis
1028 4091 1218 4150 etiam
1277 4090 1476 4160 brevi,
1511 4091 1639 4149 Deo
1696 4089 1970 4160 volente,
2020 4089 2408 4166 recognitam
2468 4089 2926 4167 publicaturus.
2958 4087 3131 4148 Tuae
3161 4107 3334 4162 vero,
3390 4087 3778 4148 nobilissime

357 4179 423 4232 et
453 4171 786 4249 magniﬁce
833 4171 951 4242 vir,
983 4171 1236 4230 domine
1285 4170 1628 4248 plurimum
1684 4168 2079 4239 honorande,
2134 4175 2281 4233 tuae.
2340 4169 2626 4248 inquam,
2677 4169 3164 4247 magniﬁcentiae
3222 4169 3387 4228 hanc
3443 4168 3778 4246 Epitomen

361 4251 690 4331 physicam
743 4251 1046 4323 inscribo,
1104 4269 1233 4311 non
1285 4249 1456 4327 quod
1485 4249 1577 4308 illi
1625 4249 1706 4309 ab
1759 4249 2168 4331 inscriptione
2197 4250 2279 4308 ad
2321 4249 2594 4310 nominis
2645 4251 2998 4309 claritatem
3050 4267 3191 4328 quae
3223 4267 3364 4308 cum
3399 4249 3569 4331 apud
3615 4249 3782 4331 cives

363 4326 629 4404 nostros,
655 4337 792 4392 tum
823 4331 1012 4392 etiam
1045 4331 1214 4410 apud
1245 4326 1494 4390 exteros
1522 4335 1617 4389 est
1670 4326 2084 4410 amplissima,
2120 4331 2463 4410 quidquam
2524 4331 2820 4390 accedere
2881 4326 3310 4409 posse—putem
3344 4326 3638 4410 amplius,
3670 4326 3780 4410 sed

361 4412 534 4491 quod
567 4413 795 4492 partim
827 4412 919 4472 illi
943 4431 1086 4490 quae
1115 4411 1332 4492 etiam_
1363 4410 1561 4492 nostri
1576 4409 1838 4492 collegii
1897 4409 2427 4492 administrationi
2453 4417 2700 4492 praeest,
2737 4410 3051 4492 rationem,
3092 4410 3368 4492 aliquam
3429 4409 3621 4469 ofﬁcii
3653 4409 3774 4492 mei

361 4488 649 4565 reddere,
684 4493 913 4571 partim
948 4488 1097 4552 vero
1127 4491 1289 4552 libro
1318 4490 1383 4549 in
1414 4490 1736 4571 publicum
1769 4491 2023 4550 exeunti
2051 4492 2491 4550 auctoritatem
2527 4491 2802 4570 aliquam
2836 4491 3188 4571 conciliare,
3226 4490 3376 4571 quin
3408 4495 3470 4550 et
3500 4488 3773 4571 patroci-

365 4574 541 4634 nium
573 4568 1153 4651 defénsionemque,
1187 4572 1238 4631 si
1267 4568 1570 4648 indigeat,
1602 4570 1945 4648 impetrare
1977 4571 2057 4629 ab
2089 4588 2163 4630 ea
2222 4573 2497 4650 cupiam.
2533 4568 2829 4642 Quamvis
2861 4576 3069 4631 autem
3091 4570 3393 4651 ,fortassis
3425 4587 3648 4647 parum
3679 4568 3784 4628 de-

360 4672 503 4715 cere
534 4653 851 4714 videbitur
871 4650 1210 4731 aliquibus,
1265 4651 1797 4729 magniﬁcentiam
1832 4657 2002 4711 tuam
2035 4669 2110 4711 ex
2141 4652 2314 4711 curia
2371 4657 2432 4711 et
2461 4652 2599 4710 foro
2653 4652 2718 4710 in
2765 4651 3013 4711 scholas
3045 4650 3474 4731 physicorum,
3509 4655 3572 4709 et
3599 4669 3638 4708 a
3667 4667 3776 4731 ne-

363 4734 551 4814 gotiis
582 4728 1022 4794 consularibus
1052 4734 1130 4792 ad
1157 4728 1504 4814 solitariam
1533 4737 1778 4814 naturae
1809 4731 2407 4814 contemplationem
2458 4750 2744 4814 avocare,
2780 4738 2991 4814 tamen
3026 4738 3087 4789 et
3117 4730 3215 4814 his
3242 4731 3411 4814 quod
3447 4728 3783 4807 responde-

363 4811 469 4874 am
495 4815 560 4874 in
591 4819 890 4893 promptu
922 4819 1036 4873 est.
1099 4814 1258 4872 Nam
1291 4813 1406 4872 etsi
1437 4812 1692 4889 quidem
1751 4811 2220 4884 magnificentia
2279 4818 2389 4871 tua
2446 4829 2658 4872 rerum
2692 4812 2964 4871 civilium
3023 4811 3386 4893 cognitione
3413 4816 3477 4870 et
3503 4815 3782 4893 transac-

363 4895 534 4955 tione
567 4890 840 4954 maxime
869 4911 945 4952 ex
975 4893 1184 4953 ofﬁcio
1215 4897 1523 4970 occupata
1553 4903 1646 4952 est
1671 4910 1685 4962 ;
1721 4910 1844 4952 non
1878 4905 2088 4951 tamen
2138 4910 2176 4950 a
2207 4898 2451 4951 naturae
2479 4893 2865 4970 inspectione
2925 4899 2987 4951 et
3016 4891 3518 4951 consideratione
3549 4890 3781 4948 abhor-

362 4983 494 5047 ret;
534 4993 651 5035 nec
680 4974 838 5034 nihil
868 4974 932 5032 in
963 4992 1038 5033 ea
1067 4973 1321 5051 reperit,
1357 4973 1528 5049 quod
1558 4973 1922 5049 reipublicae
1955 4973 2233 5050 aliquam
2264 4973 2469 5032 ideam
2502 4973 2923 5051 pulcherrime
2955 4977 3384 5049 repraesentet.
3417 4972 3572 5031 Cum
3605 4971 3772 5029 enim

364 5073 637 5133 corpora
665 5053 947 5116 coelestia
974 5060 1104 5113 tam
1136 5053 1323 5112 variis
1353 5053 1607 5130 quidem
1638 5052 1936 5121 motibus,
1973 5056 2082 5112 sed
2113 5058 2325 5112 tamen
2357 5054 2488 5111 sine
2518 5053 2774 5113 dissidio
2808 5052 3058 5130 egregie
3087 5052 3594 5133 conspirantibus
3624 5068 3776 5133 con—

361 5129 734 5207 vertantur;
769 5135 954 5194 docet
982 5133 1101 5193 hoc
1131 5138 1320 5204 certe,
1353 5129 1520 5193 inter
1544 5133 1709 5192 cives
1738 5151 2015 5211 quoque,
2049 5133 2115 5192 in
2164 5134 2489 5211 republica
2520 5135 2677 5193 bene
2707 5129 3072 5203 constituta,
3105 5134 3224 5192 etsi
3250 5129 3503 5192 studiis
3534 5133 3662 5190 sint
3689 5129 3783 5188 di-

364 5215 730 5288 versissimi,
763 5213 1164 5274 concordiam
1196 5219 1421 5273 catero
1444 5213 1553 5292 qui
1583 5231 1715 5272 esse
1745 5214 1996 5274 debere.
2028 5213 2167 5273 Jam
2204 5232 2348 5273 vero
2380 5214 2530 5273 cum'
2557 5232 2680 5273 non
2715 5219 2967 5273 tantum
2999 5213 3279 5273 caelestia
3307 5230 3576 5291 corpora
3605 5215 3785 5270 tanto

361 5294 702 5358 intervallo
724 5294 941 5355 dissita
969 5295 1294 5353 elementis
1325 5299 1388 5353 et
1417 5312 1560 5372 quae
1591 5311 1669 5354 ex
1698 5293 1850 5371 ipsis
1907 5298 2222 5363 constant,
2259 5312 2435 5352 suam
2469 5312 2612 5352 cum
2669 5293 2934 5371 imperio
2966 5293 3090 5351 vim
3122 5297 3184 5352 et
3211 5292 3513 5354 virtutem
3560 5292 3790 5369 imper-

363 5378 564 5450 tiant;
593 5375 703 5436 sed
735 5375 874 5435 haec
903 5373 982 5434 ab
1013 5373 1136 5432 illis
1165 5379 1347 5450 grate
1377 5380 1438 5433 et
1459 5373 1592 5432 sine
1645 5374 1985 5434 rebellione
2045 5374 2388 5452 accipiant;
2423 5374 2651 5432 iterum
2686 5374 2805 5434 hoc
2867 5373 3271 5450 magistratus
3301 5379 3364 5433 et
3393 5373 3790 5433 subditorum

364 5458 680 5528 ordinem,
714 5462 776 5515 et
803 5453 973 5514 illius
1000 5454 1066 5512 in
1098 5455 1211 5513 hos
1263 5454 1625 5533 imperium,
1663 5454 2018 5532 horumque
2049 5472 2198 5530 erga
2226 5454 2370 5513 illos
2428 5473 2570 5513 cum
2629 5453 3020 5531 subjectione
3060 5453 3482 5514 obedientiam
3516 5453 3696 5530 quasi
3724 5453 3791 5510 in

362 5536 752 5599 lucidissime
779 5534 1036 5614 speculo
1068 5535 1386 5613 proponit.
1421 5535 1510 5594 Ac
1539 5552 1682 5594 cum
1714 5535 1988 5612 denique
2048 5553 2145 5594 res
2177 5535 2497 5593 naturales
2553 5535 2615 5592 in
2649 5535 2769 5594 hoc
2817 5535 3114 5594 inferiore
3148 5535 3383 5594 mundo
3413 5533 3570 5593 alias
3600 5550 3792 5610 gene-

363 5619 517 5693 rari,
549 5617 711 5678 alias
741 5613 1082 5694 corrumpi,
1119 5613 1276 5674 alias
1306 5614 1548 5692 augeri,
1581 5614 1737 5674 alias
1767 5614 1987 5683 minui,
2025 5614 2184 5674 alias
2231 5614 2400 5674 varie
2432 5614 2711 5687 alterari,
2745 5614 2901 5675 alias
2958 5616 3147 5674 etiam
3205 5615 3549 5674 secundum
3586 5615 3791 5694 locum

368 5692 602 5760 mutari
629 5697 957 5757 videamus
981 5692 1172 5774 {quis
1200 5694 1458 5773 negabit
1487 5694 1608 5754 hoc
1637 5694 2166 5774 signiﬁcationem
2197 5694 2436 5756 habere
2465 5713 2674 5754 rerum
2734 5696 2924 5755 etiam
2957 5695 3384 5756 humanarum
3413 5692 3794 5755 vicissitudi-

429 5840 514 5906 (a)
540 5840 726 5892 Exstat
753 5839 813 5888 in
839 5836 995 5889 codd.
1026 5837 1112 5888 Gr.
1141 5837 1274 5901 Reg.
1308 5837 1496 5898 Paris.,
1527 5835 1671 5888 unde
1702 5850 1820 5888 eam
1849 5835 2256 5888 describendam
2287 5836 2611 5888 curavimus.
2641 5837 2782 5886 Enn.
