4094 6414
360 332 516 392 1015
1631 331 2060 394 NICEPHORI
2101 331 2541 393 BLEMMIDJE
3616 331 3754 392 1016

361 466 500 538 nis;
527 463 698 544 quod
728 482 854 526 non
886 469 1133 525 tantum
1157 483 1272 545 pro
1298 483 1365 526 re
1396 470 1570 539 nata,
1604 484 1719 545 pro
1752 465 2033 526 moribus
2063 465 2319 537 civium,
2351 483 2468 544 pro
2525 464 2860 526 commodo
2892 463 3277 545 reipublicae,
3303 481 3422 543 pro
3451 462 3630 545 variis
3657 463 3754 524 cir-

366 546 784 615 cumstantiis,
818 545 988 624 leges
1018 552 1080 604 et
1131 544 1624 607 consuetudines
1665 547 1852 606 modo
1902 547 2310 622 abrogandae,
2339 547 2525 606 modo
2571 545 2952 606 renovanda
2991 544 3200 606 imodo
3261 544 3573 605 mutandae
3627 545 3754 618 sint,

365 627 473 687 sed
505 627 675 705 quod
705 627 896 686 etiam
927 627 1090 685 inter
1117 626 1288 705 ipsos
1317 628 1480 687 cives
1511 627 1618 686 alii
1648 636 1908 705 propter
1936 627 2230 686 virtutem
2262 633 2324 686 et
2354 644 2451 686 res
2485 627 2783 704 praeclare
2833 633 3042 704 gestas
3067 627 3146 686 ad
3178 624 3454 686 honores
3483 635 3546 684 et
3574 625 3754 703 digni-

365 713 528 768 tates
559 706 991 785 promovendi,
1027 707 1135 766 alii
1167 715 1424 786 propter
1448 707 1918 785 improbitatem
1961 707 2265 786 puniendi
2295 713 2357 767 et
2403 707 2684 766 abscindi
2717 712 3100 782 mereantur,
3133 705 3329 766 veluti
3358 706 3759 766 carcinomata

370 795 434 848 et
463 793 692 866 pestes,
727 805 805 847 ne
837 786 1240 848 sinceriorem
1290 788 1651 866 reipublicae
1685 794 1925 866 partem
1987 787 2289 860 inﬁciant,
2325 786 2576 847 delendi
2607 788 2753 848 sint.
2790 787 2957 847 Nihil
2980 787 3116 865 jam
3147 787 3352 847 dicam
3386 787 3464 846 de
3487 804 3582 859 eo,
3612 787 3758 865 quod

369 868 559 929 etiam
583 867 770 927 bruta
802 867 1102 926 animalia
1148 867 1418 928 civitatis
1449 869 1733 928 ordinem
1766 874 2288 939 commonstrant,
2314 887 2455 946 quae
2505 874 2569 927 et
2599 868 2738 946 ipsa
2765 886 2912 927 suos
2933 886 3114 946 reges
3143 873 3207 928 et
3238 867 3637 944 magistratus
3664 866 3758 926 ha-

371 949 548 1019 bent,
581 967 740 1026 quos
761 954 1143 1007 venerantur
1191 956 1250 1008 et
1280 949 1640 1019 observant,
1674 949 1962 1028 interque
2014 967 2078 1008 se
2109 948 2326 1008 munia
2356 954 2418 1008 et
2447 948 2657 1008 ofﬁcia
2715 948 3087 1008 mirabiliter
3114 947 3479 1028 partiuntur
3507 953 3580 1028 et
3607 965 3760 1028 exse-

372 1034 697 1107 quuntur;
734 1029 886 1088 utin
910 1028 1157 1106 apibus,
1194 1029 1487 1107 piscibus,
1524 1028 1745 1088 avibus
1800 1029 2014 1088 videre
2043 1029 2211 1088 licet.
2246 1031 2396 1100 Quae
2427 1047 2570 1088 cum
2619 1029 2709 1089 ita
2737 1047 2802 1088 se
2858 1028 3156 1099 habeant,
3187 1027 3475 1106 adeoque
3505 1027 3684 1087 etiam
3709 1027 3761 1085 in

372 1115 602 1170 natura
629 1111 794 1189 Deus
823 1109 1098 1187 optimus
1129 1109 1440 1168 maximus
1471 1109 1976 1168 venustissimam
2023 1109 2386 1188 reipublicae
2415 1107 2624 1170 ideam
2681 1107 3061 1189 depinxerit,
3096 1107 3572 1187 inscriptionem
3596 1107 3767 1189 hujus

373 1189 695 1268 Epitomes
726 1186 1002 1268 physicas
1035 1189 1567 1267 magniﬁcentiam
1599 1196 1773 1249 tuam
1807 1189 2068 1249 minime
2118 1186 2426 1250 dedecere
2474 1186 2785 1250 arbitror:
2807 1191 2968 1262 Quin
3000 1189 3212 1268 potius
3267 1186 3412 1249 cum
3443 1187 3649 1248 omnia
3674 1186 3763 1247 Ni-

374 1269 635 1348 cephori
666 1270 1032 1329 Blemmidee
1059 1275 1293 1348 scripta
1318 1271 1551 1330 Joanni
1581 1272 1792 1338 Ducas,
1827 1270 2079 1330 Nicaano
2111 1272 2472 1331 Graecorum
2530 1270 2920 1346 imperatori,
2953 1275 3100 1330 ante
3132 1288 3333 1329 annos
3365 1273 3671 1330 trecentos
3697 1285 3770 1348 se-

376 1347 718 1430 ptuaginta
746 1369 1150 1429 summopere
1187 1347 1575 1428 placuerint,
1611 1369 1724 1410 nec
1779 1350 1898 1410 hoc
1927 1351 2095 1410 illius
2151 1350 2523 1428 opusculum
2575 1349 2929 1429 physicum,
2966 1368 3109 1410 mea
3162 1367 3358 1428 opera
3387 1355 3453 1430 et
3471 1349 3670 1408 studio
3697 1347 3771 1430 sic

375 1427 778 1502 adornatum,
812 1433 963 1491 Tuae
988 1427 1472 1508 magnificentiae
1503 1430 1966 1510 displiciturum
2017 1427 2326 1509 sperabo:
2364 1448 2554 1508 quam
2576 1427 2860 1490 _in'terim
2894 1437 3138 1491 naturae
3168 1427 3435 1510 auctori,
3469 1427 3767 1497 servatori,

375 1510 784 1583 moderatori,
815 1511 1100 1589 adeoque
1134 1517 1376 1570 naturae
1408 1513 1537 1572 Deo
1571 1509 2032 1590 potentissimo,
2063 1512 2237 1572 Patri
2279 1511 2531 1570 Domini
2563 1511 2761 1572 nostri
2780 1512 2928 1572 Jesu
2958 1511 3185 1572 Christi
3211 1511 3278 1571 in
3325 1509 3548 1590 spiritu
3580 1513 3770 1570 sancto

375 1591 536 1653 votis
565 1593 755 1652 etiam
790 1591 944 1651 meis
970 1591 1371 1662 commendo,

482 1723 685 1778 Datum
707 1727 973 1793 Augustae
1003 1724 1435 1780 Vindelicorum
1466 1724 1524 1778 in
1555 1723 1816 1794 collegio,
1842 1725 1907 1778 21
1943 1724 2198 1795 Augusti,
2227 1737 2381 1780 anno
2411 1723 2609 1779 salutis
2639 1723 2798 1779 1605.

729 1853 1169 1926 Μαεηίίὶοεῑιιὶω
1201 1860 1311 1910 tuae
1341 1851 1898 1922 observantissimus,

1559 1851 1898 1922 tutissimus,
2577 1854 2650 1906 Μ.
2689 1853 2777 1908 Jo.
2809 1852 3176 1918 Waesnmus,

2693 1941 2920 2012 collegii
2948 1942 3256 2014 inspector.

1491 2255 2051 2351 CANDIDO
2124 2253 2698 2351 LECTORI.

454 2589 698 2645 Duobus
723 2603 869 2643 usus
899 2602 1032 2641 sum
1065 2585 1486 2658 manuscriptis
1515 2585 1815 2642 codicibus
1844 2583 2211 2640 bibliotheca
2260 2584 2604 2657 Augustine
2661 2585 2732 2640 ad
2764 2583 2915 2640 hanc
2955 2583 3236 2656 Epitonen
3269 2584 3599 2658 physicam,
3620 2580 3782 2639 amice

384 2677 587 2743 lector,
622 2693 739 2731 uno
765 2673 1086 2731 vetustiore
1115 2674 1436 2729 recentiore
1465 2673 1670 2729 altero.
1705 2677 1774 2728 Et
1804 2673 2043 2744 quidem
2077 2689 2181 2744 per
2211 2672 2466 2728 mediam
2492 2673 2611 2728 fere
2640 2676 2865 2743 partem
2898 2689 2966 2728 ex
3016 2671 3336 2728 recentiore
3365 2677 3587 2729 textum
3617 2668 3782 2744 primo

379 2765 692 2837 descripsi,
726 2762 1057 2834 veterisque
1103 2763 1428 2818 variantem
1487 2761 1800 2816 lectionem
1847 2761 1905 2815 in
1965 2761 2292 2833 marginem
2323 2761 2519 2832 rejeci.
2576 2762 2687 2818 Sed
2724 2766 3108 2835 posteaquam
3167 2761 3321 2817 inter
3355 2760 3781 2819 describendum

387 2853 772 2912 animadverti
804 2851 1125 2907 recentiore
1156 2851 1354 2907 codice
1385 2855 1635 2906 veterem
1696 2851 1881 2905 multo
1928 2849 2332 2922 perfectiorem
2383 2867 2532 2916 esse,
2583 2855 2786 2922 postea
2815 2851 3014 2923 ipsum
3063 2853 3316 2906 veterem
3356 2847 3784 2908 describendum

387 2943 535 3000 mihi
565 2942 818 3014 sumpsi,
851 2945 909 2996 et
955 2941 1206 2996 recentis
1255 2940 1564 2996 lectionem
1619 2940 1718 2994 ubi
1749 2939 2033 3004 variabat,
2085 2940 2157 2994 ad
2190 2956 2352 2995 oram
2387 2940 2672 3012 marginis
2721 2939 2918 2997 retuli.
2948 2940 3278 2996 Lectionem
3309 2956 3454 3014 ergo
3486 2938 3782 2996 meliorem,

389 3033 511 3088 sive
541 3049 610 3088 ea
638 3031 697 3086 in
730 3029 1012 3102 margine,
1047 3030 1166 3085 sive
1197 3029 1256 3084 in
1286 3034 1447 3084 textu
1480 3029 1825 3101 reperiatur,
1886 3029 2389 3100 quemadmodum
2449 3045 2590 3084 sane
2621 3045 2819 3084 meum
2854 3028 2925 3084 de
2956 3029 3218 3084 variante
3243 3027 3498 3086 lectione
3518 3024 3785 3100 judicium

389 3120 607 3193 sepius
654 3120 873 3175 diserte
918 3118 1191 3186 iudicavi,
1237 3120 1298 3172 In
1355 3117 1544 3190 capite
1589 3118 1680 3184 28,
1715 3134 1847 3189 pag.
1898 3118 2024 3184 282,
2058 3117 2271 3172 defecit
2300 3118 2480 3172 codex
2534 3117 2818 3173 vetustior
2846 3122 2904 3174 et
2951 3117 3160 3174 saltem
3191 3119 3487 3174 recentior
3513 3111 3786 3188 suppetiit,

388 3211 512 3283 qui,
544 3211 610 3264 ut
641 3209 887 3278 dictum,
913 3225 1027 3262 non
1052 3207 1162 3262 fuit
1194 3223 1296 3278 per
1325 3207 1524 3261 omnia
1545 3206 1786 3278 integer.
1821 3207 2074 3278 Ideoque
2094 3206 2272 3262 etiam
2305 3207 2496 3279 magis
2518 3207 2595 3262 ibi
2623 3223 2802 3278 quam
2825 3207 2964 3262 alibi
2988 3224 3092 3280 per
3120 3208 3521 3277 conjecturam
3547 3203 3788 3278 quaedam

391 3296 764 3354 emendanda
809 3296 1084 3351 iudicavi.
1145 3295 1462 3363 Caeteroqui
1489 3311 1624 3350 vero
1683 3300 1930 3367 uterque
1989 3296 2429 3368 manuscriptus
2473 3296 2653 3352 codex
2710 3295 2908 3352 nullas
2965 3295 3080 3352 nisi
3123 3295 3571 3369 punctulorum,
3599 3304 3790 3363 easque

389 3403 541 3458 saepe
575 3384 764 3439 alieno
825 3383 951 3439 loco
985 3385 1208 3456 positas
1256 3383 1666 3439 distinctiones
1726 3383 1934 3439 habuit
1991 3384 2132 3456 Ego,
2164 3390 2340 3456 prout
2395 3385 2687 3440 sententia
2742 3386 2972 3457 exigere
3002 3384 3148 3440 mihi
3195 3384 3323 3440 visa
3366 3385 3498 3456 fuit,
3530 3384 3632 3440 has
3659 3392 3788 3452 quas

385 3473 574 3539 vides,
609 3472 830 3542 adjeci:
868 3472 927 3526 in
960 3472 1178 3543 quibus
1209 3476 1405 3526 tamen
1460 3471 1634 3526 etiam
1668 3488 2096 3542 nonnunquam
2147 3473 2499 3544 punctulum
2550 3473 2776 3528 inferne
2823 3475 3143 3545 ﬁgendum,
3196 3490 3398 3545 supra,
3439 3478 3496 3530 et
3523 3475 3734 3538 contra,
3760 3481 3790 3520 ι

389 3560 783 3634 syllabotheta
811 3560 921 3615 fuit
952 3560 1231 3631 positum.
1269 3561 1429 3625 Quod
1464 3567 1549 3629 tu,
1579 3559 1776 3631 lector,
1804 3562 1816 3614 i
1827 3577 1930 3633 pse
1961 3578 2244 3633 agnosces
2276 3567 2332 3616 et
2361 3562 2636 3634 corriges.
2667 3561 2926 3618 Subinde
2946 3561 3124 3617 etiam
3155 3562 3597 3634 parenthesium
3626 3554 3789 3629 signis

392 3651 661 3724 quaedam
694 3649 928 3717 inclusi,
965 3654 1028 3703 ut
1059 3651 1350 3704 sententia
1382 3650 1722 3704 redderetur
1751 3650 2083 3705 dilucidior.
2119 3651 2384 3706 Tandem
2415 3668 2488 3706 ne
2518 3651 2725 3707 Graecae
2772 3651 2909 3706 huic
2939 3651 3179 3706 editioni
3211 3651 3540 3724 quidquam
3565 3647 3787 3704 deesset.

393 3739 648 3794 indicem
682 3756 877 3794 rerum
911 3739 1303 3810 insigniorum
1336 3739 1769 3810 alphabeticum
1803 3739 2048 3810 subjeci.
2098 3740 2262 3803 Quod
2296 3756 2493 3794 meum
2526 3742 2814 3806 studium,
2852 3741 3001 3811 aequi
3036 3741 3173 3795 boni
3220 3739 3418 3796 facies.
3453 3744 3569 3794 Hoc
3599 3742 3652 3792 te
3677 3739 3787 3789 tan-

393 3833 522 3884 tum
557 3828 751 3883 adhuc
783 3828 931 3883 scire
960 3829 1153 3900 cupio,
1188 3829 1237 3883 si
1299 3828 1551 3894 dubites,
1585 3832 1785 3883 utrum
1842 3829 2032 3900 logica
2062 3845 2240 3900 quam
2290 3828 2694 3899 superioribus
2747 3829 3027 3884 nundinis
3087 3828 3278 3895 emisi,
3311 3834 3371 3884 et
3401 3829 3521 3884 haec
3549 3823 3787 3897 Physica.

397 3934 575 3990 quam
607 3933 765 3972 nunc
795 3918 926 3983 edo,
958 3917 1078 3972 sint
1135 3919 1402 3989 ejusdem
1461 3919 1720 3973 auctoris
1747 3935 1759 3986 ;
1783 3917 2096 3973 indubium
2153 3924 2210 3973 te
2237 3934 2410 3990 posse
2462 3918 2757 3989 judicium
2808 3919 2997 3974 facere
3025 3934 3094 3972 ex
3140 3933 3207 3973 eo
3238 3919 3396 3989 quod
3430 3921 3487 3973 et
3516 3917 3575 3970 in
3608 3910 3792 3984 Logica

397 4007 629 4062 duobus
658 4005 803 4062 locis
835 4007 904 4061 ad
936 4007 1241 4078 Physicam
1277 4007 1425 4061 hanc
1459 4007 1789 4062 remittatur
1811 4008 1908 4077 (a).
1945 4011 2023 4061 Ex
2055 4023 2169 4078 quo
2218 4007 2460 4062 indubie
2490 4006 2764 4081 colligere
2811 4007 2969 4073 licet,
2999 4007 3266 4078 ejusdem
3298 4005 3557 4064 auctoris
3585 4007 3791 4059 utrum-

398 4111 514 4166 que
544 4095 726 4150 istum
759 4096 962 4149 fmtum
994 4111 1142 4162 esse,
1173 4095 1482 4168 Nicephori
1515 4094 1795 4150 nimirum
1827 4095 2202 4152 Blemmide:
2235 4097 2406 4167 cujus
2433 4097 2612 4153 etiam
2647 4113 2861 4152 nomen
2898 4111 3170 4168 expresse
3203 4095 3608 4168 prmscriptum
3635 4093 3716 4148 est
3740 4086 3790 4140 in

403 4181 824 4254 manuscriptis
855 4181 1176 4238 codicibus.

472 4273 625 4327 Bene
653 4270 801 4326 vale.

471 4415 550 4486 (α)
582 4414 651 4469 Et
673 4412 734 4469 in
768 4413 1012 4485 Physica
1040 4421 1190 4486 (cap.
1222 4416 1275 4485 4,
1309 4431 1368 4470 n.
1402 4415 1490 4486 12)
1521 4416 1594 4470 ad
1625 4415 1922 4488 Logicam.
1956 4416 2110 4471 Enrr.
2142 4416 2318 4472 Pyra.

753 4734 1483 4836 JOANNIS
1547 4733 2429 4836 WBGELINI
2494 4736 2705 4837 AD
2724 4736 3474 4872 GUSTANI

1913 4932 2328 4995 PREFATIO

1195 5064 1418 5126 Textm'
1447 5063 1683 5140 Latino,
1721 5066 1881 5146 Aug.
1929 5065 2099 5126 Vind.
2148 5085 2305 5128 anno
2337 5067 2493 5127 1606
2534 5065 2711 5142 edito,
2739 5068 3049 5147 praemissa

490 5322 890 5384 Nobilissimo
922 5328 984 5383 et
1013 5321 1404 5402 amplissimo
1436 5322 1595 5396 viro,
1629 5323 1888 5386 domino
1920 5326 2279 5387 Leonharto
2328 5325 2575 5388 Pallero
2623 5326 2689 5386 in
2737 5325 3027 5388 Hammel
3073 5332 3138 5388 et
3182 5325 3520 5398 Ainhofen,
3567 5315 3796 5382 domino

411 5420 528 5462 suo
560 5402 903 5480 plurimum
937 5403 1336 5476 honorando,
1369 5404 1636 5464 salutem
1667 5412 1730 5465 et
1759 5407 2028 5483 gratiam
2060 5426 2098 5467 a
2126 5409 2277 5467 Deo.
3605 5413 3608 5430 ³

496 5466 988 5566 Nobilissimeet
1033 5466 1417 5566 amplissime
1468 5485 1594 5554 Vir,
1647 5466 1916 5546 domine
1949 5488 2292 5566 plurimum
2345 5485 2739 5548 honorande.
2795 5487 2954 5547 Editi
3002 5493 3150 5547 ante
3201 5504 3434 5546 annum
3490 5466 3795 5566 l‘iicephOl‘i

419 5561 783 5646 Blemuiulu)
817 5565 1160 5646 Epitomen
1197 5563 1518 5646 physicam
1553 5567 1832 5626 Graecam
1865 5561 2218 5628 ex'duobus
2269 5568 2711 5646 manuscriptis
2757 5567 3078 5628 codicibus
3129 5567 3530 5628 Bibliotheca;
3573 5563 3790 5646 Ausus:

428 5646 590 5700 tante
639 5645 801 5702 inter
842 5663 906 5704 se
954 5644 1199 5706 collatis
1245 5645 1641 5722 restitutam;
1694 5666 1836 5727 quae
1876 5668 2005 5709 non
2057 5654 2307 5710 tantum
2357 5644 2751 5728 antiquitatis
2795 5648 3022 5728 gratia,
3072 5647 3310 5729 quippe
3338 5647 3417 5709 ah
3445 5646 3687 5707 auctore
3709 5644 3793 5692 sul

3965 1808 3967 1874 i

3967 1914 3969 1996 1

3969 2020 3972 2092 4

3971 2126 3973 2196 i
