4094 6436
278 368 305 425 1
316 364 434 424 025

1608 355 1960 421 EPITOME
2001 359 2372 422 PHYSICA.

3538 365 3693 428 1026

277 496 369 552 καὶ
423 493 618 552 αἴτιον.
676 494 891 565 Ῥητέον
951 491 1008 548 δὲ
1062 491 1325 569 πρότερον
1383 492 1505 565 περὶ
1557 498 1660 561 τῆς
1714 491 1922 567 ἰσαχῶς

2066 509 2235 549 amen
2258 491 2614 566 principium
2639 494 2795 551 illico
2827 496 3002 551 etiam
3035 514 3215 554 causa
3245 502 3356 555 est.
3394 499 3694 556 Disseren-

277 590 357 657 τῷ
384 585 542 658 αἰτίῳ
571 583 879 659 λεγομένης
932 584 1135 659 ἀρχῆς.
1172 582 1395 658 Λέγεται
1439 580 1620 635 τοίνυν
1673 580 1819 656 ἀρχὴ
1867 580 1930 634 τὸ

281 674 333 745 ἐξ
365 675 449 748 οὗ,
481 675 555 736 ὡς
585 676 621 743 ἡ
656 672 760 743 ὕλη
784 693 795 703 ·
847 671 899 743 ἐξ
950 672 1012 727 οὗ
1060 672 1295 746 πρώτως
1341 669 1741 747 ἐνυπάρχοντος
1791 670 1932 746 γίνε-

278 762 368 819 ταί
396 784 479 817 τι·
531 763 644 816 οἷον
701 759 848 816 λίθοι
904 760 994 816 καὶ
1036 758 1171 831 ξύλα
1213 757 1388 822 οἰκίας
1419 758 1606 835 ἀρχαί.
1634 758 1705 812 Τὸ
1732 759 1850 812 καθ’
1880 758 1930 830 ὃ,

282 853 359 915 ὡς
388 854 425 922 ἡ
462 852 645 929 μορφή
704 850 795 905 καὶ
849 849 912 904 τὸ
960 856 1156 926 σχῆμα
1198 849 1288 904 καὶ
1338 846 1484 910 ὅλως
1537 847 1602 902 τὸ
1659 845 1822 909 εἶδος.
1856 846 1934 903 Τὸ

285 941 373 1019 ὑφ’
401 940 486 1012 οὗ,
519 940 594 1002 ὡς
625 941 661 1008 ἡ
694 938 850 1016 φύσις
894 941 1004 993 τῶν
1053 942 1291 1016 φυσικῶν
1340 936 1512 1012 ἀρχὴ,
1544 936 1636 990 καὶ
1683 938 1718 1005 ἡ
1766 937 1933 1011 τέχνη

279 1034 390 1085 τῶν
418 1032 724 1105 τεχνητῶν.
756 1027 827 1083 Τὸ
867 1024 937 1082 δι’
976 1027 1026 1099 ὃ,
1067 1025 1310 1097 ἤτοιὼδῦ
1356 1021 1513 1080 ἕνεκα
1536 1043 1548 1056 ⁸
1612 1024 1687 1087 ὡς
1718 1026 1753 1094 ἡ
1786 1023 1934 1094 νίκη,

281 1119 431 1196 ἀρχὴ
490 1125 592 1188 τῆς
649 1115 969 1187 ἀθλήσεως·
1026 1112 1188 1171 ἕνεκα
1237 1116 1341 1190 γὰρ
1399 1120 1500 1183 τῆς
1549 1112 1707 1182 νίκης
1757 1114 1938 1167 τελεῖ-

279 1211 435 1278 ταιὴ
464 1205 717 1278 ἄθλησις.
770 1206 949 1282 Ἀρχὴ
996 1203 1054 1260 δὲ
1104 1204 1243 1260 κατά
1298 1200 1568 1258 Πλάτωνα
1609 1202 1702 1257 καὶ
1751 1203 1814 1256 τὸ
1869 1198 1938 1255 δι’

283 1297 366 1370 οὗ,
418 1297 494 1359 ὡς
540 1296 604 1350 τὸ
649 1290 880 1371 ὄργανον
908 1312 921 1326 '
970 1294 1061 1349 καὶ
1106 1294 1170 1348 τὸ
1217 1292 1355 1371 πρὸς
1408 1293 1459 1365 ὃ,
1520 1293 1596 1354 ὡς
1643 1292 1706 1346 τὸ
1762 1291 1936 1365 παρά-

283 1383 502 1462 δειγμα.
558 1382 834 1446 Ὡσαύτως
890 1380 949 1438 δὲ
1004 1380 1222 1459 λέγεται
1276 1381 1367 1437 καὶ
1424 1379 1596 1436 αἰίτιον
1658 1380 1722 1436 τὸ
1771 1380 1822 1451 ἐξ
1853 1379 1938 1451 οὗ,

284 1477 405 1531 οἷον
428 1475 494 1531 τὸ
525 1472 713 1530 ὑλικόν
734 1492 748 1506 ·
781 1470 843 1529 δὸ
873 1473 988 1528 καθ’
1017 1473 1068 1543 ὃ,
1104 1474 1217 1527 οἷον
1246 1471 1310 1526 τὸ
1341 1468 1540 1527 εἰδικόν
1569 1487 1582 1500 ’
1639 1469 1703 1525 τὸ
1736 1469 1823 1547 ὑφ’
1854 1469 1939 1540 οῦ,

286 1567 400 1620 οἷον
431 1565 494 1620 τὸ
523 1561 812 1634 ποιητικόν
841 1582 853 1595 ·
897 1563 961 1617 τὸ
993 1558 1062 1617 δι’
1103 1561 1154 1635 ὃ,
1188 1561 1303 1616 οἷον
1352 1560 1415 1614 τὸ
1455 1558 1671 1615 τελικόν
1702 1578 1714 1591 ·
1759 1560 1823 1614 τὸ
1872 1557 1941 1613 δι’

286 1656 374 1725 οὗ,
414 1655 531 1709 οἷον
584 1653 648 1708 τὸ
705 1651 1023 1729 ὀργανικόν·
1077 1651 1139 1706 τὸ
1190 1650 1327 1727 πρὸς
1375 1649 1427 1721 ὃ,
1478 1650 1594 1704 οἷον
1650 1649 1712 1703 τὸ
1767 1668 1941 1723 παρα-

289 1739 665 1818 δειγματικόν.
718 1741 865 1796 Κατὰ
907 1745 1036 1816 γοῦν
1085 1740 1154 1796 τὰ
1198 1743 1424 1795 τοιαῦτα
1475 1743 1573 1794 τοῦ
1632 1737 1807 1792 αἰτίου
1853 1738 1943 1792 καὶ

287 1838 391 1902 τῆς
447 1831 627 1907 ἀρχῆς
704 1829 1100 1904 σημαινόμενα,
1151 1833 1230 1901 τῷ
1282 1829 1376 1902 μὲν
1424 1825 1766 1901 ὑποκειμένῳ
1815 1847 1942 1880 ταυ-

288 1919 382 1975 τόν
416 1920 556 1974 ἔστιν
587 1919 733 1995 ἀρχή
764 1938 823 1972 τε
849 1917 938 1972 καὶ
993 1913 1163 1972 αἷίτιον
1192 1939 1204 1951 ο
1257 1920 1325 1990 τῇ
1385 1914 1599 1987 ἐπινοίᾳ
1651 1913 1707 1969 δὲ
1758 1912 1943 1992 διαφέ-

292 2029 499 2083 ρουσιν.
531 2009 595 2062 Ἥ
650 2007 744 2080 μὲν
793 2006 899 2081 γὰρ
946 2005 1094 2081 ἀρχή
1153 2004 1443 2060 ἐπινοεῖται
1495 2004 1628 2058 καθὸ
1680 2008 1942 2079 προηγεῖ-

285 2118 375 2153 ται
394 2119 407 2132 ο
437 2098 501 2152 τὸ
527 2093 596 2151 δι’
625 2092 797 2151 αἷίτιον
831 2100 948 2158 καθ’
978 2094 1007 2149 ὃ
1038 2099 1189 2149 ποιεῖ
1211 2116 1266 2149 τι
1293 2094 1385 2148 καὶ
1415 2091 1675 2148 ἀποτελεῖ
1718 2090 1781 2147 τὸ
1831 2106 1946 2166 μετ’

289 2186 444 2253 αὐτὸ,
484 2180 642 2248 ὄντος
671 2183 762 2239 καὶ
790 2187 889 2239 τοῦ
921 2182 1098 2239 αἰτίου
1124 2181 1350 2258 δυνάμει
1389 2182 1656 2259 ἀρχικοῦ·
1705 2182 1797 2236 καὶ
1843 2188 1943 2252 τῆς

294 2276 477 2353 ἀρχῆς
498 2272 724 2347 δυνάμει
752 2270 1037 2342 τελεστικῆ
1049 2293 1093 2334 ς.

2041 582 2183 636 dum
2216 586 2412 637 autem
2443 583 2608 655 prius
2637 588 2727 638 est
2772 585 2845 639 de
2893 585 3202 657 principio,
3263 588 3416 658 quod
3450 588 3697 646 totidem

2042 670 2255 739 modis,
2287 673 2441 743 quod
2473 689 2652 728 causa
2682 673 2916 728 dicitur.
2951 674 3312 746 Principium
3331 676 3532 750 itaque
3555 677 3700 732 dici-

2041 764 2139 815 tur
2167 760 2227 815 id
2258 777 2326 816 ex
2356 778 2471 832 quo
2523 760 2767 833 [aliquid
2817 767 2908 817 est
2932 763 2969 834 ς]
3029 768 3095 819 ut
3153 765 3442 835 materia;
3485 782 3553 821 ex
3585 783 3702 838 quo

2044 848 2301 920 primum
2348 849 2728 905 inexsistente
2777 851 2843 905 ﬁt
2895 851 3142 923 aliquid,
3202 852 3361 908 velut
3389 853 3615 927 lapides
3646 860 3705 911 et

2045 937 2224 1010 ligna,
2252 938 2464 993 domus
2503 938 2793 1011 principia
2831 939 3041 1013 [sunt.]
3082 941 3148 997 Id
3171 943 3499 998 secundum
3522 944 3704 1016 quod,

2047 1031 2113 1082 ut
2144 1027 2331 1082 forma
2360 1031 2417 1081 et
2449 1027 2656 1099 ﬁgura,
2689 1032 2745 1083 et
2773 1028 3016 1084 omnino
3047 1030 3292 1102 species.
3329 1032 3392 1087 Id
3417 1049 3451 1086 a
3475 1049 3614 1104 quo,
3641 1037 3709 1088 ut

2048 1120 2281 1181 natura,
2313 1116 2719 1172 naturalium:
2753 1122 2809 1172 et
2868 1116 3294 1187 artiﬁcialium,
3348 1137 3444 1175 ars
3485 1121 3710 1193 princi-

2048 1204 2211 1276 pium
2272 1209 2379 1259 est.
2432 1204 2493 1259 Id
2538 1209 2777 1277 propter
2824 1206 3002 1278 quod,
3049 1224 3154 1263 seu
3199 1209 3370 1280 cujus
3400 1209 3611 1281 gratia,
3644 1212 3711 1266 ut

2047 1292 2307 1360 victoria,
2342 1293 2683 1349 certaminis
2713 1299 2803 1350 est
2850 1294 3205 1368 principium
3234 1315 3248 1365 ;
3292 1296 3590 1370 siquidem
3623 1299 3707 1354 vi-

2049 1381 2242 1437 ctoriae
2273 1382 2463 1455 gratia
2491 1389 2788 1439 certamen
2824 1384 3139 1457 perﬁcitur.
3191 1386 3369 1443 Porro
3409 1403 3479 1443 ex
3515 1388 3707 1445 Plato-

2050 1470 2143 1526 nis
2174 1472 2466 1527 sententia
2516 1472 2870 1544 principium
2922 1478 3012 1529 est
3059 1473 3236 1530 etiam
3295 1476 3376 1547 id,
3421 1493 3524 1549 per
3553 1478 3711 1549 quod

2051 1560 2141 1629 [ﬁt
2198 1559 2419 1631 aliquid
2447 1564 2486 1631 :]
2545 1566 2610 1617 ut
2664 1562 3168 1632 instrumentum;
3229 1563 3301 1619 ad
3358 1566 3536 1637 quod,
3598 1567 3712 1622 ut'

2049 1648 2365 1722 exemplar.
2391 1650 2604 1705 Eodem
2628 1655 2825 1706 autem
2863 1651 3035 1708 modo
3080 1653 3256 1708 etiam
3294 1671 3475 1710 causa
3494 1655 3714 1713 dicitur

2051 1738 2107 1792 id
2146 1755 2218 1793 ex
2246 1754 2383 1810 quo,
2417 1742 2482 1794 ut
2523 1738 2887 1807 materialis;
2952 1740 3007 1795 id
3060 1741 3386 1798 secundum
3435 1745 3614 1815 quod,
3649 1751 3715 1802 ut

2053 1825 2357 1892 formalis;
2392 1826 2450 1881 id
2482 1844 2516 1882 a
2549 1845 2684 1899 quo,
2719 1833 2784 1882 ut
2827 1828 3127 1896 efﬁciens;
3175 1830 3229 1885 id
3264 1835 3503 1904 propter
3532 1833 3709 1905 quod,

2056 1919 2120 1970 ut
2147 1914 2342 1970 ﬁnalis
2376 1934 2390 1983 ;
2442 1915 2498 1970 id
2531 1933 2635 1988 per
2676 1916 2852 1988 quod,
2892 1923 2957 1973 ut
3005 1918 3514 1990 instrumentalis;
3548 1921 3605 1977 id
3639 1923 3712 1979 ad

2055 2004 2226 2075 cujus
2274 2003 2751 2073 similitudinem,
2803 2011 2867 2060 ut
2913 2006 3281 2079 exemplaris.
3306 2008 3502 2073 Quoad
3534 2009 3716 2083 igitur

2056 2093 2349 2162 ejusmodi
2407 2109 2595 2149 causae
2627 2098 2683 2148 et
2734 2093 3005 2167 principii
3065 2095 3417 2168 signiﬁcata,
3450 2098 3714 2171 subjecto
3750 2090 3753 2093 1

2058 2182 2297 2253 quidem
2339 2198 2520 2236 unum
2550 2181 2826 2254 idemque
2864 2188 3005 2239 sunt
3041 2183 3394 2257 principium
3424 2191 3480 2245 et
3500 2204 3713 2259 causa;

2059 2271 2158 2325 sed
2192 2269 2546 2342 cogitatione
2591 2270 2889 2327 dilferunt.
2944 2272 3310 2346 Principium
3358 2276 3537 2345 enim,
3568 2294 3713 2349 qua-

293 2371 469 2422 tenus
498 2363 810 2433 antecedit,
842 2367 893 2419 Δ
923 2362 1212 2435 cogitatur
1239 2378 1252 2416 :
1287 2378 1468 2419 causa
1494 2378 1650 2429 vero,
1683 2366 1976 2434 quatenus
2005 2357 2225 2430 aliquid
2257 2358 2455 2427 efﬁcit,
2505 2364 2565 2415 et
2620 2361 2774 2432 quod
2823 2361 3222 2446 consequitur,
3273 2364 3540 2435 perﬁcit:
3577 2383 3713 2423 cum

295 2455 441 2511 alias
470 2452 731 2527 potentia
758 2456 816 2508 et
839 2468 1021 2509 causa
1050 2450 1345 2524 principii,
1378 2456 1437 2508 et
1464 2451 1820 2524 principium
1854 2448 2117 2522 potentia
2146 2447 2484 2519 perﬁciendi
2514 2453 2571 2503 et
2598 2449 2881 2504 causandi
2913 2449 3030 2505 vim
3063 2449 3296 2507 habeat.

372 2543 438 2618 β’.
469 2545 586 2597 Τῶν
639 2538 685 2596 δ’
714 2537 1182 2615 ἆπηριθμημένων
1242 2540 1427 2594 αἰτίων
1477 2540 1544 2595 τὰ
1596 2540 1690 2613 μὲν
1744 2537 1950 2615 κυρίως

296 2628 444 2686 αἰίεια
472 2629 691 2705 λέγεται
714 2648 727 2663 ·
775 2629 844 2683 τὰ
872 2626 930 2683 δὲ
962 2626 1202 2682 συναίτια
1226 2646 1239 2660 ⁶
1289 2624 1436 2682 αἰίτια
1470 2628 1588 2701 μὲν,
1618 2627 1681 2682 τὸ
1729 2647 1951 2697 ποιητι-

293 2721 415 2790 κὸν,
463 2720 524 2774 τὸ
570 2717 810 2790 τελικὸν,
863 2717 926 2772 τὸ
984 2714 1516 2794 παραδειγματικόν·
1576 2716 1821 2772 συναίτια
1893 2712 1952 2773 δὲ

294 2810 359 2866 τὸ
390 2807 599 2880 ὑλικὸν,
628 2808 692 2862 τὸ
741 2804 940 2862 εἰδικὸν
983 2806 1075 2861 καὶ
1121 2806 1184 2861 τὸ
1237 2804 1539 2882 ὀργανικόν.
1592 2803 1840 2882 Διαφέρει
1895 2800 1954 2859 δὲ

297 2898 504 2976 κυρίως
550 2894 721 2952 αἰίτιον
765 2894 856 2951 καὶ
902 2894 1166 2951 συναίτιον
1193 2913 1207 2926 ·
1265 2892 1329 2949 τό
1381 2895 1475 2967 μὲν
1524 2894 1727 2970 κυρίως
1777 2890 1949 2948 αἷίτιον

296 2993 378 3061 τῷ
406 2978 679 3063 χωριστὸν
731 2985 864 3042 εἶναι
909 2989 1008 3040 τοῦ
1056 2981 1500 3057 ἀποτελουμένου
1547 2983 1639 3039 καὶ
1682 2982 1951 3059 ἐξῃρημέ-

2129 2539 2184 2592 2.
2217 2538 2707 2593 Enumeratarum
2739 2543 2936 2593 autem
2961 2555 3277 2596 causarum
3310 2539 3439 2596 aliae
3470 2543 3716 2617 prepriaa

2061 2643 2251 2683 causa
2283 2626 2596 2696 dicuntur;
2659 2626 2788 2683 aliae
2843 2644 3166 2684 concausaa.
3219 2633 3416 2687 Causa:
3474 2633 3715 2705 quidem

2062 2715 2340 2787 [preprie]
2382 2715 2665 2783 efﬁciens,
2697 2715 2915 2787 ﬁnalis,
2975 2717 3363 2790 exemplaris;
3413 2737 3715 2781 concaussa

2060 2821 2215 2870 vero,
2249 2803 2591 2875 materialis,
2626 2805 2909 2875 formalis,
2944 2808 3513 2868 etinstrumentalis.
3535 2814 3717 2885 Atqui

2062 2893 2339 2949 differunt
2367 2893 2599 2966 proprie
2648 2911 2828 2950 causa
2879 2898 2937 2951 et
2986 2912 3298 2968 concausa,
3350 2901 3507 2971 quod
3538 2917 3718 2959 causa

2061 2983 2302 3054 quidem
2343 2984 2415 3038 ab
2466 2998 2531 3038 eo
2575 2983 2731 3055 quod
2777 2983 3049 3055 efﬁcitur,
3089 2991 3362 3059 separata
3390 2992 3448 3043 et
3476 2991 3716 3047 omnino

301 3099 392 3133 νον
421 3076 723 3132 παντάπασι
753 3096 767 3110 σ
820 3075 884 3130 τὸ
934 3071 992 3128 δὲ
1041 3073 1309 3129 συναίτιον
1334 3072 1386 3128 ἐν
1417 3078 1497 3146 τῷ
1527 3071 1951 3146 ἀποτελουμένῳ

2066 3076 2286 3127 secreta
2315 3071 2429 3140 sit;
2481 3088 2773 3129 concausa
2830 3088 2986 3140 vero,
3049 3073 3109 3129 in
3159 3090 3227 3130 eo
3258 3077 3415 3148 quod
3441 3077 3715 3153 efﬁcitur,

304 3164 579 3244 πράγματι
608 3164 946 3239 θεωρεῖσθαι.

376 3256 444 3331 γ’.
474 3256 628 3310 Ὅθεν
673 3252 963 3323 ποιητικὸν
1014 3249 1185 3307 αἴτιον
1236 3249 1370 3326 (καί)
1416 3251 1620 3327 κυρίως
1669 3250 1759 3306 καὶ
1803 3251 1956 3326 πρώ-

302 3366 411 3408 τως
442 3345 472 3399 ὁ
502 3343 646 3408 θεῖός
677 3341 787 3398 ἐστι
847 3346 1003 3405 νοῦς’
1057 3341 1148 3396 καὶ
1204 3339 1419 3396 τελικὸν
1451 3344 1486 3411 ἡ
1536 3340 1702 3395 αὐτοῦ
1762 3339 1958 3415 ἀγαθό-

301 3454 428 3506 της,
460 3431 531 3488 δι’
557 3433 625 3502 ἣν
684 3437 858 3487 πᾶσαν
907 3428 1083 3486 κτίσιν
1132 3426 1713 3506 ἐδημιούργησεν,⁹ίνα
1756 3427 1958 3505 γνωρί-

307 3529 464 3594 ζηται
548 3521 638 3576 καὶ
719 3519 1076 3594 κηρύττηται.
1152 3524 1448 3596 Προσεχῶς
1535 3516 1594 3574 δὲ
1673 3517 1962 3589 ποιητικὸν

303 3609 476 3668 αἴτιον
509 3613 544 3681 ἡ
572 3608 736 3690 φύσις
767 3608 979 3685 λέγεται
1004 3628 1017 3641 ⁸
1068 3608 1135 3679 ἢν
1168 3606 1353 3671 καλῶς
1394 3610 1422 3663 ὁ
1453 3606 1683 3663 Πλάτων
1734 3607 1962 3684 ὀργανι-

303 3701 400 3755 κὸν
463 3695 677 3774 μᾶλλον
733 3694 906 3752 αἴτιον
964 3697 1190 3769 τίθεται,
1225 3696 1301 3759 ὡς
1357 3695 1685 3770 κινουμένην
1740 3695 1835 3770 μὲν
1875 3696 1961 3773 ὑφ’

308 3790 496 3866 ἑτέρου
522 3791 641 3863 (τοῦ
672 3785 818 3852 θείου
866 3790 983 3857 νοῦ,
1012 3790 1110 3841 τοῦ
1155 3785 1416 3857 ἀκινήτου
1462 3785 1599 3841 κατά
1646 3790 1819 3840 πᾶσαν
1870 3806 1964 3858 με·

308 3873 603 3952 ταϐολήν),
634 3880 885 3933 κινοῦσαν
936 3873 983 3930 δ’
1011 3872 1188 3951 ἕτερα,
1226 3875 1295 3929 τὰ
1340 3875 1541 3952 φυσικὰ
1587 3874 1814 3948 σώματα
1863 3872 1962 3945 δη-

308 3963 454 4037 λαδή
488 3967 563 4023 ὧν
608 3966 699 4021 καὶ
758 3965 1069 4042 ἀχώριστος
1120 3964 1273 4037 οὖσα,
1307 3962 1576 4018 συναίτιον
1622 3960 1833 4035 μᾶλλον
1883 3962 1966 4018 εὗ-

305 4055 493 4131 λόγως
547 4053 751 4131 λέγοιτ’
809 4053 895 4122 ἂν,
955 4052 1084 4109 ἀλλ’
1132 4051 1194 4107 οὗ
1252 4052 1458 4128 κυρίως
1532 4048 1727 4108 αἴτιον.
1782 4057 1963 4126 Παρα-

305 4143 661 4222 δειγματικὸν
718 4141 789 4199 δι’
841 4139 1247 4217 αἰ¹τιον,ὥσπερ
1306 4139 1373 4209 δὴ
1430 4140 1519 4196 καὶ
1559 4140 1736 4216 ἀρχὴν
1790 4160 1965 4217 παρα-

305 4231 682 4310 δειγματικὴν,
734 4229 865 4292 τοὺς
946 4229 999 4284 ἐν
1083 4233 1164 4301 τῷ
1221 4227 1551 4304 δημιουργῷ
1626 4232 1704 4301 νῷ
1760 4227 1969 4307 προύφ-

305 4326 545 4385 εστῶτας
615 4319 829 4383 ἐνιαίως
909 4316 1257 4380 οὖσιοποιοὺς
1337 4315 1536 4392 λόγους
1616 4321 1727 4371 τῶν
1802 4311 1967 4371 ὄντων

2066 3161 2489 3217 consideretur.

2137 3251 2191 3305 3.
2232 3251 2378 3305 Hinc
2418 3266 2594 3306 causa
2633 3249 2893 3307 efﬁciens
2941 3251 3044 3322 [et]
3094 3253 3327 3326 proprie
3354 3259 3412 3311 et
3440 3256 3722 3329 primario

2068 3338 2265 3395 divina
2289 3356 2457 3394 mens
2489 3344 2615 3406 est;
2662 3356 2729 3395 ac
2778 3339 2992 3409 ﬁnalis,
3030 3340 3220 3414 ipsius
3264 3344 3519 3418 bonitas,
3552 3347 3724 3419 cujus

2070 3428 2258 3500 gratia
2298 3445 2505 3484 omnes
2553 3433 2853 3484 creaturas
2882 3429 3163 3503 condidit,
3216 3436 3281 3487 ut
3309 3441 3727 3507 agnosceretur

2070 3518 2202 3590 ipsa
2230 3522 2288 3573 et
2318 3517 2750 3590 praedicaretur.
2803 3518 3142 3592 Propinqua
3186 3525 3385 3578 autem
3433 3541 3613 3582 causa
3641 3526 3724 3583 ef-

2072 3608 2295 3678 ﬁciens,
2328 3613 2543 3663 natura
2571 3606 2827 3663 dicitur:
2863 3624 3043 3681 quam
3074 3614 3227 3666 recte
3265 3610 3427 3669 Plato
3454 3621 3475 3656 ³
3504 3614 3725 3673 instru-

2074 3694 2389 3752 mentalem
2430 3695 2626 3768 potius
2656 3711 2900 3752 causam
2948 3713 3079 3754 esse
3116 3698 3300 3772 ponit,
3348 3705 3415 3757 ut
3442 3718 3570 3775 qua:
3602 3720 3727 3760 mo-

2071 3790 2276 3841 veatur
2306 3783 2546 3857 quidem
2577 3785 2651 3840 ab
2682 3784 2862 3841 altero
2901 3785 3123 3855 [divina
3150 3793 3346 3846 mente
3375 3807 3503 3862 quae
3535 3792 3728 3865 quoad

2073 3890 2309 3930 omnem
2353 3874 2739 3929 mutationem
2796 3877 2885 3930 est
2922 3874 3309 3952 _immobilis],
3366 3879 3480 3937 alia
3508 3885 3729 3952 autem,

2074 3961 2367 4018 naturalia
2396 3961 2680 4017 nimirum
2709 3944 2953 4034 corpora
2990 3971 3255 4035 moveat;
3286 3984 3321 4022 a
3348 3970 3567 4039 quibus
3593 3944 3729 4029 cum

2074 4051 2249 4108 etiam
2286 4050 2544 4122 separari
2564 4068 2680 4106 non
2704 4051 2910 4123 possit,
2953 4053 3174 4124 Optima
3196 4055 3419 4113 ratione
3439 4074 3732 4117 concausa

2075 4139 2272 4213 potius
2323 4156 2500 4211 quam
2549 4140 2781 4212 proprie
2828 4156 3009 4196 causa
3039 4142 3154 4198 dici
3205 4150 3400 4215 queat.
3431 4146 3565 4203 Jam
3594 4164 3730 4205 vero

2076 4228 2463 4301 exemplarem
2496 4244 2759 4300 causam,
2806 4233 2872 4284 ut
2923 4246 3063 4286 sane
3113 4231 3288 4288 etiam
3320 4234 3365 4291 ὅ
3400 4235 3734 4309 exemplare

2076 4316 2454 4391 principium,
2486 4317 2828 4383 substantiae
2866 4319 3186 4376 effectrices
3208 4322 3431 4380 entium
3454 4325 3732 4399 rationes,

307 4408 681 4487 ἐδιδάχθημεν
761 4409 918 4467 εἰναι.
993 4407 1137 4484 Πρὸς
1210 4405 1304 4469 οὓς
1361 4406 1436 4468 ὡς
1463 4405 1629 4507 Ωπρὸς
1686 4404 1953 4482 ἀρχέτυπα

2078 4424 2206 4480 quae
2229 4406 2287 4461 in
2308 4405 2767 4462 architectatrice
2788 4411 2984 4463 mente
3006 4407 3355 4481 simpliciter
3374 4414 3731 4485 praeexstite-

308 4500 617 4577 προαιώνια
682 4497 938 4573 σύμπασα
1004 4496 1179 4559 κτίσις
1250 4489 1612 4571 ἀπηκριϐώθη
1667 4499 1748 4567 τῷ
1803 4515 1968 4550 παντ-

310 4593 556 4666 ουργικῷ
592 4587 683 4642 καὶ
713 4587 841 4661 θείῳ
883 4585 1220 4663 βουλήματι.
1253 4590 1374 4639 Ἔτι
1426 4582 1641 4659 λέγεται
1687 4583 1859 4660 ἀρχῆ,
1905 4584 1970 4639 τὸ

313 4678 403 4754 ἀφ’
431 4676 522 4731 οὗ*
570 4675 870 4747 τουτέστιν,
902 4673 1019 4730 ὅθεν
1065 4676 1102 4745 ἡ
1143 4674 1334 4750 πρώτη
1387 4671 1632 4744 κίνησις·
1666 4673 1712 4745 ᾧ
1752 4670 1818 4742 δή
1872 4693 1968 4743 ση-

319 4764 634 4840 μαινομένῳ
680 4770 781 4834 τῆς
827 4764 1009 4840 ἀρχῆς
1066 4761 1359 4818 ἀντίκειται
1415 4764 1450 4832 ἠ
1507 4760 1759 4833 τελευτή.
1826 4761 1969 4817 Κατά

314 4859 449 4932 γοῦν
474 4855 537 4909 τὸ
565 4858 814 4909 τοιοῦτον
868 4850 1272 4927 σημαινόμενον
1320 4858 1425 4921 τῆς
1466 4850 1669 4928 ἀρχῆς,
1700 4849 1965 4921 τουτέστι,

310 4945 376 5000 τὸ
407 4944 497 5022 ἀφ’
524 4944 587 4998 οὗ
617 4942 764 5021 ἀρχὴ
803 4944 898 5016 μὲν
955 4939 1085 4997 ὁδοῦ
1116 4940 1350 5018 λέγεται,
1384 4940 1447 4995 τὸ
1493 4944 1711 5014 πρῶτον
1776 4941 1929 5017 βῆμα
1952 4960 1967 4974 ·

312 5031 464 5107 ἀρχὴ
497 5027 556 5086 δὲ
582 5031 711 5101 νηὸς
739 5029 934 5106 τρόπις
960 5048 974 5060 ·
1034 5028 1211 5091 οἰκίας
1239 5025 1494 5101 θεμέλιος
1520 5046 1534 5059 ·
1597 5022 1770 5103 λόγου
1827 5048 1967 5104 προ-

309 5119 536 5192 οίμιον·
591 5123 761 5198 φυτοῦ
815 5139 877 5173 τε
935 5117 1078 5196 ῥίζα,
1136 5116 1228 5172 καὶ
1294 5117 1437 5185 ζώου
1515 5113 1731 5192 καρδία.
1792 5115 1971 5172 Ἀλλά

304 5212 481 5263 ταῦτα
512 5208 608 5282 μὲν
639 5208 716 5270 ὡς
769 5208 909 5284 μέρη
962 5205 1363 5283 προηγούμενα
1419 5202 1715 5260 καλοῦνται
1762 5205 1966 5283 ἀρχαί·

314 5298 392 5372 μὴ
425 5297 502 5359 ὡς
536 5295 673 5373 μέρη
722 5293 807 5351 δέ’
863 5297 1011 5371 ἀρχὴ
1068 5296 1162 5369 μὲν
1215 5300 1482 5371 γραμμῆς
1532 5296 1757 5370 στιγμή-
1786 5300 1974 5370 Γραμ-

313 5387 394 5460 μὴ
429 5382 477 5440 δ’
525 5384 735 5460 ὁμοίως
793 5383 1109 5463 ἐπιφανείας
1162 5383 1349 5459 ἀρχή’
1399 5386 1491 5437 καὶ
1547 5382 1802 5457 σώματος
1862 5382 1974 5438 ἐπι-

310 5475 523 5553 φάνεια.
583 5474 794 5548 Χρόνου
859 5471 917 5528 δὲ
978 5472 1144 5529 πάλιν
1208 5471 1357 5549 ἀρχὴ
1423 5468 1650 5542 τοιαύτη
1716 5471 1780 5526 τὸ
1836 5476 1966 5526 νῦνο

2078 4500 2236 4564 runt,
2268 4511 2398 4550 esse
2429 4493 2775 4563 didicimus;
2807 4495 2879 4550 ad
2930 4512 3098 4568 quas,
3150 4504 3216 4553 ut
3264 4500 3578 4574 archetypa
3603 4504 3732 4573 [seu

2079 4583 2454 4656 exemplaria]
2482 4583 2643 4639 omni
2673 4601 2792 4640 (evo
2838 4585 3170 4656 antiquiora
3216 4605 3421 4645 omnes
3450 4598 3731 4647 creaturae

2079 4674 2150 4730 ab
2183 4673 2448 4729 omnium
2480 4689 2674 4728 rerum
2725 4673 3043 4730 conditrice
3089 4680 3148 4731 et
3191 4677 3387 4734 divina
3433 4679 3734 4738 voluntate

2079 4763 2344 4835 perfectae
2379 4766 2437 4817 et
2472 4761 2748 4818 omnibus
2789 4764 3053 4819 numeris
3083 4765 3364 4824 absolutae
3392 4775 3552 4827 sunt.
3585 4774 3736 4827 Prae-

2076 4856 2236 4908 terea
2284 4851 2498 4907 dicitur
2549 4851 2904 4923 principium
2951 4854 2993 4919 ⁴,
3048 4853 3131 4921 id,
3185 4856 3258 4912 de
3312 4875 3449 4931 quo,
3482 4859 3590 4916 hoc
3620 4864 3733 4926 est,

2081 4942 2238 4997 unde
2293 4941 2522 5012 primus
2595 4946 2791 4996 motus
2864 4941 2996 5013 [ﬁt],
3054 4943 3150 4999 cui
3207 4962 3348 5003 sane
3406 4947 3735 5021 signiﬁcato

2078 5028 2350 5103 principii
2400 5029 2534 5085 ﬁnis
2579 5029 2917 5101 opponitur.
2967 5033 3130 5097 Quod
3178 5033 3288 5090 hoc
3327 5035 3507 5109 igitur
3533 5037 3735 5112 signa-

2080 5120 2321 5174 ﬁcatum
2374 5117 2668 5190 principii,
2716 5117 2825 5174 hoc
2874 5124 2983 5187 est,
3032 5120 3090 5176 id
3121 5123 3193 5178 de
3223 5140 3359 5196 quo,
3386 5126 3491 5181 viae
3522 5127 3736 5199 princi-

2081 5208 2269 5280 pium,
2299 5206 2529 5278 primus
2570 5222 2784 5278 passus
2842 5206 3093 5264 dicitur:
3143 5212 3308 5268 navis
3352 5212 3735 5287 principium,

2081 5296 2321 5365 carina;
2368 5296 2610 5363 domus,
2658 5295 3150 5368 fundamentum;
3210 5301 3513 5373 orationis,
3564 5320 3735 5361 exor-

2082 5383 2637 5457 dium;etplantaa,
2689 5385 2874 5455 radix,
2921 5390 2979 5442 et
3025 5388 3301 5447 animalis
3350 5407 3469 5447 cor.
3517 5393 3587 5449 Et
3615 5393 3736 5451 haec

2082 5474 2344 5557 quidem,
2382 5478 2449 5528 ut
2492 5477 2688 5545 partes
2736 5475 3169 5544 antecedentes,
3210 5479 3499 5553 principia
3528 5481 3736 5538 dicun-

394 5621 415 5654 ²
443 5624 479 5674 2
511 5618 682 5698 Phys.
712 5619 848 5698 c._§,
880 5622 929 5698 t._
954 5620 1063 5698 28;
1096 5619 1130 5673 4
1158 5617 1484 5690 Metaphys.
1516 5632 1567 5672 c.
1606 5616 1662 5672 2.
1741 5616 1763 5650 ⁸
1792 5621 1872 5673 De
1926 5616 2158 5691 legibus
2214 5634 2271 5691 p.
2329 5617 2459 5673 767.
2535 5617 2557 5650 ὀ
2587 5615 2669 5673 De
2722 5614 3104 5694 homonymia
3148 5620 3423 5698 principii
3454 5622 3584 5682 vide
3629 5624 3741 5686 Da-

325 5706 511 5751 masc.
542 5688 748 5752 contra
775 5688 1031 5749 Manich.
