4094 6420
421 321 573 383 102Ἶ

1673 314 2099 376 NIGEPHORI
2144 312 2586 375 BLEMMIDE

3667 321 3804 384 1028

415 458 532 518 tur,
565 457 625 507 at
658 468 770 506 non
806 454 870 504 ut
910 452 1141 521 partes;
1195 447 1361 502 lineae
1417 447 1654 517 quidem
1711 446 2060 518 principium

2186 443 2394 516 ὁμοίως
2449 441 2507 498 δὲ
2562 447 2828 515 κινήσεως
2886 443 3034 520 ἀρχὴ
3092 445 3156 499 τὸ
3210 442 3548 518 καλούμενον
3601 449 3802 522 κίνημα.

418 547 723 616 punctum,
748 539 1007 608 itemque
1039 534 1366 606 superﬁciei
1400 535 1776 606 principium,
1809 535 1984 605 linea,
2018 539 2076 590 et

417 629 700 703 corporis,
721 625 1095 698 superﬁcies;
1124 630 1181 680 et
1203 641 1410 681 rursus
1430 623 1547 680 tale
1566 624 1845 697 temporis
1868 623 2076 696 princi-

419 721 603 793 pium,
628 733 783 774 nunc
806 717 930 788 (seu
953 715 1364 784 momentum),
1393 717 1452 768 et
1481 712 1660 769 simili
1694 713 1918 768 ratione
1953 729 2074 768 mo-

414 815 511 864 tus
534 807 908 880 principium,
933 804 1087 875 quod
1100 804 1329 858 cinema
1345 802 1502 873 “(seu
1521 802 1869 857 mutationis
1893 818 2073 874 punc-

413 898 587 967 tum),
618 899 876 952 vocatur.
910 891 1114 948 Omnis
1147 895 1343 946 autem
1377 891 1662 957 continui,
1718 890 1885 945 lineae
1915 889 2071 946 vide-

414 985 574 1052 licet,
597 981 947 1055 superﬁciei,
971 985 1028 1037 et
1047 981 1324 1052 corporis,
1343 979 1627 1050 temporis
1641 979 1781 1034 item
1801 985 1858 1034 et
1875 984 2072 1034 motus

415 1073 632 1148 duplex
649 1088 778 1128 esse
798 1069 1149 1144 principium
1169 1070 1416 1124 videtur.
1435 1068 1795 1139 Principium
1811 1068 1971 1124 enim
1986 1072 2074 1124 est

415 1167 464 1220 θ
493 1168 551 1220 et
581 1161 931 1219 antecedens
963 1175 1098 1230 pars
1129 1157 1391 1214 continui
1421 1159 1463 1227 ⁸,
1490 1174 1617 1229 qua:
1639 1157 1817 1212 etiam
1841 1157 2073 1212 inﬁnita

413 1259 522 1318 est,
555 1256 859 1323 propterea
901 1249 1056 1320 quod
1109 1251 1393 1319 potestate
1444 1247 1502 1301 in
1553 1246 1853 1301 inﬁnitum
1884 1246 2073 1318 possit

415 1342 614 1398 dividi.
643 1341 870 1396 Rursus
899 1354 1032 1394 vero
1064 1335 1421 1409 principium
1466 1340 1557 1392 est
1587 1335 1762 1391 etiam
1797 1335 1876 1407 id,
1912 1336 2069 1408 quod

414 1448 521 1487 nec
542 1435 608 1486 ut
629 1446 784 1502 pars,
805 1444 910 1484 nec
932 1443 1099 1499 aequo
1119 1442 1185 1481 ac
1208 1429 1396 1480 totum
1410 1430 1523 1492 est,
1548 1430 1613 1480 ut
1632 1430 1804 1480 antea
1823 1424 2067 1480 dictum.

413 1519 593 1584 Quale
624 1535 757 1574 vero
789 1515 1050 1573 continui
1109 1519 1200 1571 est
1256 1513 1632 1586 principium,
1685 1513 1862 1569 talem
1893 1513 2067 1570 etiam

413 1607 789 1666 conveniente
842 1605 1014 1661 modo
1074 1605 1250 1659 ﬁnem
1330 1607 1557 1674 oportet
1613 1602 1818 1674 accipi.
1871 1602 2067 1658 Veluti

410 1698 576 1754 lineas
607 1695 985 1769 principium,
1016 1697 1107 1748 est
1137 1695 1422 1762 punctum
1449 1707 1461 1747 :
1495 1695 1552 1746 et
1577 1691 1713 1746 finis
1734 1691 1900 1759 item,
1923 1708 2068 1763 pun-

2183 535 2365 588 ’Έοικε
2426 531 2472 588 δ’
2524 533 2672 610 ἀρχὴ
2732 535 2933 597 παντὸς
2995 539 3257 610 συνεχοῦς
3324 535 3584 612 ὑπάρχειν
3631 535 3800 611 διττή·

2182 629 2450 698 γραμμῆς
2509 619 2770 691 δηλονότι
2845 623 2935 677 καὶ
3004 621 3319 700 ἐπιφανείας
3393 625 3484 679 καὶ
3559 628 3802 703 σώματος,

2181 710 2387 787 χρόνου
2415 730 2475 765 τε
2503 710 2592 765 καὶ
2624 712 2912 781 κινήσεως.
2946 712 3099 765 Ἐστι
3141 711 3236 784 μὲν
3285 713 3387 789 γὰρ
3433 712 3579 790 ἀρχὴ
3626 717 3707 771 καὶ
3751 719 3804 774 τὸ

2180 799 2600 874 προηγούμενον
2665 799 2827 876 μέρος
2883 803 2980 853 τοῦ
3039 804 3326 876 συνεχοῦς,
3358 799 3492 879 ὅπερ
3538 803 3624 858 καὶ
3676 805 3804 882 ἀόρι-

2182 887 2304 943 στόν
2364 887 2497 962 ἐστι,
2533 885 2622 943 διὰ
2674 889 2737 942 τὸ
2787 887 2870 944 ἐπ’
2920 886 3141 966 ἄπειρον
3193 889 3329 944 εἶναι
3379 889 3602 966 δυνάμει
3633 891 3805 971 διαιρε-

2180 976 2293 1033 τόν.
2351 978 2504 1031 Ἔστι
2563 975 2621 1031 δὲ
2677 976 2844 1032 πάλιν
2876 977 3025 1054 ἀρχὴ
3074 979 3164 1032 καὶ
3194 980 3230 1048 ἡ
3263 979 3338 1052 μὴ
3370 980 3449 1043 ὡς
3484 981 3664 1057 μέρος,
3695 981 3804 1056 μηδ’

2182 1064 2350 1138 ὁμοία
2401 1070 2481 1138 τῷ
2537 1064 2676 1138 ὅλῳ,
2731 1067 2969 1142 καθάπερ
3040 1067 3387 1144 προείρηται.
3447 1071 3635 1126 Ὁποία
3686 1069 3728 1127 δ’
3772 1075 3801 1142 ἡ

2180 1153 2328 1230 ἀρχὴ
2359 1158 2456 1209 τοῦ
2489 1159 2774 1230 συνεχοῦς,
2805 1159 3053 1210 τοιοῦτον
3087 1157 3200 1232 χρὴ
3241 1157 3332 1212 καὶ
3378 1159 3443 1212 τὸ
3494 1158 3654 1235 πέρας
3696 1181 3805 1216 κατ-

2182 1240 2450 1314 αλλήλως
2498 1239 2904 1317 λαμϐάνεσθαι’
2969 1245 3082 1300 οἷον
3135 1247 3170 1314 ἡ
3218 1252 3319 1315 τῆς
3369 1254 3632 1321 γραμμῆς
3677 1248 3800 1326 ἀρχῆ

2179 1338 2438 1405 σημεῖον·
2488 1333 2670 1387 καὶτὸ
2717 1333 2882 1408 πέρας
2927 1339 3184 1407 σημεῖον.
3214 1335 3279 1389 Εἰ
3327 1333 3387 1390 δὲ
3432 1337 3496 1391 τὸ
3553 1339 3803 1413 προηγού-

2184 1442 2344 1494 μενον
2411 1419 2575 1496 μέρος
2633 1428 2736 1492 τῆς
2784 1429 3046 1498 γραμμῆς
3077 1423 3153 1486 ὡς
3185 1424 3332 1501 ἀρχὴ
3363 1423 3568 1496 ταύτης
3616 1421 3803 1502 λαμϐά-

2178 1531 2345 1579 νοιτο,
2376 1510 2558 1565 καὶτὸ
2584 1515 2896 1566 τελευταῖον
2934 1513 3100 1588 μέρος
3147 1519 3251 1582 τῆς
3295 1521 3566 1590 γραμμῆς
3611 1516 3681 1578 ὡς
3723 1517 3802 1572 πέ-

2181 1621 2276 1674 ρας
2305 1599 2508 1669 ταύτης
2541 1594 2866 1672 λαμϐάνοιτ’
2897 1601 2976 1658 ἄν.
3009 1602 3116 1657 Τὸν
3144 1600 3305 1657 αὐτὸν
3350 1599 3410 1658 δὲ
3451 1603 3645 1679 τρόπον
3691 1604 3800 1661 κάπὶ

2177 1689 2378 1750 παντὸς
2411 1691 2696 1762 συνεχοῦς.

409 1792 569 1844 ctum
591 1784 808 1841 est.Sin
839 1787 1034 1840 autem
1071 1781 1422 1838 antecedens
1457 1781 1624 1836 lineae
1660 1798 1816 1852 pars,
1859 1786 1924 1836 ut
1964 1781 2320 1853 principium
2353 1778 2516 1836 illius
2546 1784 2822 1836 sumatur
2851 1798 2864 1836 :
2918 1779 3131 1837 ultima
3160 1781 3338 1838 etiam
3368 1799 3507 1855 pars
3537 1783 3719 1854 lineas,
3751 1788 3804 1841 ut

406 1875 543 1930 ﬁnis
565 1872 727 1928 illius
758 1871 1094 1944 accipietur.
1125 1872 1312 1942 Atque
1338 1869 1540 1925 eodem
1575 1873 1748 1924 modo
1777 1869 1836 1923 in
1867 1870 2028 1925 omni
2059 1869 2336 1927 continuo
2367 1885 2461 1925 res
2492 1885 2555 1925 se
2579 1868 2775 1925 habet.

479 1965 532 2020 4.
565 1963 812 2034 Insuper
840 1960 1058 2017 dicitur
1108 1960 1400 2030 cujusque
1452 1959 1535 2014 rei
1583 1959 1811 2014 ratione
1840 1963 2064 2031 tempo-

407 2054 488 2110 ris
517 2051 874 2125 principium
907 2047 1319 2122 generationis,
1347 2047 1543 2119 ipsum
1576 2053 1809 2119 tempus
1832 2065 1948 2119 quo
1970 2064 2062 2104 res

407 2142 665 2215 primum
697 2139 838 2195 oriri
892 2138 1100 2210 coepit;
1153 2138 1308 2209 quod
1357 2137 1488 2193 ideo
1535 2137 1780 2192 deﬁnire
1826 2154 1941 2192 non
1973 2141 2064 2192 est

406 2231 594 2297 facile,
628 2230 766 2300 quia
795 2228 1015 2300 quasvis
1046 2244 1184 2299 pars
1237 2225 1556 2296 cujuslibet
1604 2225 1865 2301 continui
1897 2230 2060 2298 pote-

406 2324 556 2377 state
580 2319 641 2375 in
677 2317 978 2373 inﬁnitum
1009 2315 1309 2372 dividitur.

474 2411 530 2464 5.
562 2407 664 2464 His
695 2407 777 2462 ita
806 2405 1102 2462 distinctis
1134 2403 1485 2476 inquirenda
1505 2405 1632 2475 jam
1667 2407 1806 2460 sunt
1835 2403 2058 2476 princi-

405 2499 503 2571 pia
520 2502 578 2554 et
600 2513 790 2554 causa;
813 2509 1128 2568 corporum
1153 2493 1512 2548 naturalium
1534 2497 1592 2549 et
1631 2493 1846 2564 quibus
1872 2494 2061 2565 primo

405 2593 532 2644 orta
560 2591 719 2652 sunt,
751 2574 898 2641 etin
947 2600 1074 2656 qua
1124 2587 1418 2656 postremo
1468 2582 1681 2638 iterum
1731 2582 2062 2639 dissolvun-

402 2680 500 2730 tur
554 2674 596 2728 ⁷.
655 2671 942 2739 Quoniam
991 2669 1172 2743 igitur
1229 2669 1383 2740 quod
1442 2673 1776 2742 generatur,
1838 2686 1952 2725 non
1993 2685 2064 2725 ex

403 2761 685 2834 quolibet,
719 2761 820 2816 sed
855 2776 924 2815 ex
963 2758 1255 2815 contrario
1277 2762 1630 2831 generatur;
1658 2775 1763 2814 nec
1784 2760 1844 2814 in
1874 2759 2061 2830 quod-

403 2851 566 2918 libet,
627 2850 729 2906 sed
793 2849 854 2904 in
913 2848 1277 2904 contrarium
1336 2847 1737 2918 corrumpitur
1788 2847 2062 2920 (exempli

404 2940 614 3014 gratia,
645 2955 716 2995 ex
749 2936 1062 2993 immusico
1090 2952 1194 2992 seu
1227 2952 1292 2991 eo
1325 2936 1480 3007 quod
1516 2936 1742 2992 musica
1772 2936 2060 3008 privatum

403 3036 510 3098 est;
547 3030 611 3084 ﬁt
640 3027 936 3084 musicum
963 3043 976 3094 ;
1010 3030 1069 3082 et
1098 3042 1304 3081 rursus
1327 3026 1387 3080 in
1410 3025 1790 3081 immusicum
1815 3025 2060 3096 interit),

408 3135 535 3191 quae
584 3117 775 3190 prima
808 3117 847 3170 7
884 3118 943 3170 et
984 3129 1264 3185 suprema
1314 3129 1382 3168 ex
1431 3113 1740 3170 contrariis
1770 3114 2054 3186 cogitari),

405 3209 675 3280 possunt,
699 3219 1010 3277 corporum
1049 3202 1226 3258 etiam
1257 3203 1618 3274 generationi
1659 3203 2057 3274 subjectorum

405 3296 598 3369 prima
628 3293 846 3350 fuerint
875 3291 1182 3364 principia.
1233 3291 1430 3346 Prima
1474 3295 1669 3347 autem
1697 3297 1754 3347 et
1784 3308 2060 3364 suprema

404 3385 670 3441 omnium
693 3380 1119 3438 contrariorum
1141 3380 1476 3453 cogitantur
1495 3380 1683 3436 forma
1702 3384 1760 3436 et
1789 3381 2056 3454 privatio.

405 3472 654 3528 Proinde
700 3471 822 3527 hac
874 3469 1234 3525 naturalium
1286 3469 1647 3540 (corporum)
1685 3469 1878 3541 prima
1920 3473 2061 3525 sunt

403 3561 711 3634 principia.
773 3558 1257 3630 Quandoquidem
1309 3562 1506 3614 autem
1558 3558 1908 3614 contrariae
1947 3575 2058 3614 nu-

403 3666 564 3707 mero
596 3665 800 3706 eorum
851 3665 980 3720 quas
1036 3647 1095 3702 in
1149 3647 1414 3718 subjecto
1473 3651 1635 3716 sunt,
1683 3663 1812 3703 esse
1840 3664 2057 3720 cogno-

401 3743 690 3807 scuntur;
723 3743 780 3794 et
826 3753 960 3792 cum
1017 3736 1255 3808 quidem
1314 3751 1418 3807 per
1471 3752 1534 3791 se
1587 3739 1746 3802 sunt,
1779 3737 1899 3808 pati
1931 3754 1964 3792 a
1996 3753 2058 3792 se

399 3829 653 3885 invicem
685 3826 958 3898 afﬁcique
989 3842 1105 3881 non
1151 3829 1436 3896 possunt:
1489 3825 1737 3896 (oportet
1766 3824 1921 3880 enim
1955 3843 2055 3897 pa-

401 3917 564 3974 riens
595 3916 953 3973 remanendo
985 3913 1127 3986 pati,
1158 3914 1455 3970 contraria
1483 3918 1683 3969 autem
1715 3930 1776 3969 se
1802 3914 2053 3969 invicem

403 4023 520 4062 non
548 4007 886 4073 sustinent;
913 4004 1014 4060 sed
1049 4003 1109 4057 in
1133 4003 1398 4074 subjecto
1436 4002 1496 4057 in
1533 4019 1594 4058 se
1616 4003 1862 4059 invicem
1887 4019 2056 4075 agere

401 4100 664 4168 possent.
689 4094 921 4150 Etenim
943 4091 1329 4147 immusicum
1367 4095 1426 4146 et
1467 4091 1762 4146 musicum
1801 4093 1850 4147 si
1875 4108 1973 4162 per
1994 4109 2056 4148 se

401 4185 542 4249 sint,
580 4202 615 4240 a
643 4201 705 4240 se
733 4182 982 4238 invicem
1013 4181 1134 4253 pati
1165 4197 1281 4236 non
1314 4185 1585 4252 possunt,
1616 4180 1731 4236 nisi
1763 4179 1822 4235 in
1857 4181 2054 4252 subje-

399 4278 511 4342 cto,
540 4273 602 4328 in
632 4273 889 4337 Socrate,
939 4269 1097 4326 verbi
1151 4286 1351 4338 causa,
1399 4267 1488 4324 vel
1530 4268 1768 4325 Platone
1794 4269 2056 4338 fuerint.)

398 4361 648 4418 Proinde
677 4365 832 4418 certe
875 4364 934 4415 et
963 4360 1151 4415 forma
1203 4362 1258 4414 et
1312 4357 1556 4429 privatio
1613 4359 1878 4429 subjecto
1909 4375 2056 4430 quo-

397 4454 532 4508 dam
565 4467 713 4522 opus
742 4449 980 4520 habent,
1012 4449 1072 4503 in
1105 4464 1218 4520 quo
1249 4447 1424 4503 etiam
1465 4447 1596 4518 ipsa
1626 4463 1796 4519 agere
1827 4449 2056 4520 possint

398 4541 457 4594 in
517 4556 578 4595 se
626 4538 897 4594 invicem.
958 4537 1304 4608 Subjectum
1360 4537 1518 4592 enim
1552 4537 1572 4571 ⁸
1628 4537 1783 4609 quod
1824 4527 1939 4592 non
1967 4541 2056 4593 est

397 4628 756 4702 oppositum,
789 4632 1110 4698 utrumque
1139 4630 1338 4681 tamen
1369 4626 1773 4698 oppositorum
1805 4627 2057 4682 sustine-

395 4717 502 4773 bit.
536 4717 653 4773 Hoc
683 4721 881 4773 autem
913 4717 1247 4786 subjectum
1278 4715 1454 4770 fuerit
1483 4714 1754 4771 informis
1785 4719 1843 4771 et
1871 4715 2056 4786 quali-

397 4809 540 4864 tatis
598 4823 805 4879 expers
863 4805 1130 4875 materia,
1191 4803 1419 4876 primus
1479 4805 1814 4875 subjectum
1847 4803 2056 4876 primis

397 4897 706 4953 contrariis
773 4895 1143 4951 conveniens.
1219 4893 1354 4948 Tria
1432 4893 1612 4965 igitur
1693 4893 2053 4948 naturalium

395 4985 753 5058 (corporum)
823 4981 1216 5056 generationis
1283 4981 1473 5053 prima
1531 4987 1671 5037 sunt
1726 4981 2052 5054 principia:

397 5077 606 5143 forma,
639 5073 906 5146 privatio,
939 5078 998 5128 et
1027 5070 1291 5127 materia.
1323 5070 1541 5125 Verum
1573 5075 1773 5126 tamen
1795 5071 1842 5125 8
1867 5071 2055 5126 forma

400 5164 637 5237 quidem
671 5169 728 5218 et
758 5163 1002 5219 materia
1033 5178 1136 5233 per
1180 5176 1241 5216 se
1291 5159 1704 5229 intelliguntur
1733 5176 1861 5215 esse
1891 5159 2050 5231 prin-

400 5253 553 5324 cipia
582 5255 637 5320 9;
673 5253 814 5323 quia
843 5251 1089 5307 materia
1119 5250 1317 5304 formas
1359 5248 1690 5318 subjicitur,
1729 5267 1841 5304 non
1872 5266 2051 5321 oppo-

400 5342 559 5396 nitur
587 5343 678 5409 ei;
730 5356 845 5412 quo
895 5340 1132 5396 nomine
1179 5339 1355 5393 etiam
1407 5338 1810 5392 advenientem
1860 5339 2050 5409 ipsam

401 5430 654 5485 sustinet
695 5429 784 5484 vel
816 5430 1011 5500 potius
1041 5429 1232 5500 ipsam
1265 5426 1522 5498 appetit;
1575 5426 1819 5498 privatio
1851 5433 2049 5483 autem

2245 2044 2307 2102 δ’.
2341 2047 2459 2101 Ἔτι
2517 2039 2732 2120 λέγεται
2781 2051 2882 2116 τῆς
2935 2045 3072 2100 κατά
3138 2046 3339 2122 χρόνον
3404 2047 3625 2105 ἑκάστου
3679 2049 3800 2124 γενέ-

2175 2157 2308 2197 σεως
2361 2136 2506 2210 ἀρχὴ
2555 2134 2715 2196 αὐτὸς
2749 2135 2777 2188 ὁ
2808 2133 3010 2212 χρόνος
3043 2133 3093 2189 έν
3123 2136 3170 2206 ᾦ
3197 2136 3261 2191 τὸ
3315 2143 3548 2215 πρᾶγμα
3594 2141 3800 2214 πρώτως

2169 2222 2399 2302 ἤρξατοο
2448 2224 2506 2278 ’ὀν
2540 2221 2654 2279 οὐδ’
2687 2222 2865 2301 ὁρίσαι
2899 2221 3085 2301 ῥᾴδιον
3119 2222 3207 2280 διὰ
3247 2227 3312 2281 τὸ
3357 2227 3442 2282 ἐπ’
3491 2227 3696 2304 ἄπειρον
3735 2225 3801 2282 δι-

2170 2316 2436 2391 αιρεῖσθαι
2470 2311 2695 2387 δυνάμει
2726 2318 2831 2368 πᾶν
2867 2313 3031 2390 μέρος
3061 2315 3261 2378 παντὸς
3302 2321 3586 2394 συνεχοῦς.

2243 2405 2301 2461 ε’.
2330 2401 2543 2458 Τούνων
2571 2401 2713 2456 οὕτω
2768 2399 3218 2479 διακεκριμένων,
3256 2408 3522 2478 ζητητέον
3560 2404 3663 2478 ἤδη
3715 2408 3797 2468 τὰς

2171 2491 2347 2568 ἀρχὰς
2403 2491 2493 2546 καὶ
2541 2491 2610 2545 τὰ
2655 2487 2800 2545 αἷίτια
2842 2495 2952 2546 τῶν
3003 2497 3241 2570 φυσικῶν
3311 2496 3602 2570 σωμάτων,
3651 2494 3698 2566 ἐξ
3735 2495 3796 2548 ὧν

2171 2583 2406 2653 πρώτως
2460 2579 2732 2656 γεγόνασι,
2783 2580 2875 2634 καὶ
2935 2579 3011 2643 εἷς
3069 2581 3102 2635 ἃ
3161 2581 3412 2657 ἐσχάτως
3465 2584 3596 2642 αύτά
3652 2582 3795 2640 πάλιν

2173 2665 2505 2725 διαλύονται.
2565 2667 2714 2723 Ἐπεὶ
2766 2669 2945 2724 τοίνυν
2995 2669 3058 2724 τὸ
3111 2670 3404 2745 γινόμενον
3460 2673 3559 2728 οὐκ
3613 2672 3670 2728 ἐκ
3715 2674 3796 2728 τοῦ

2169 2757 2458 2834 τυχόντος,
2491 2755 2616 2812 ἀλλ’
2647 2756 2707 2812 ἐκ
2741 2762 2840 2812 τοῦ
2892 2756 3132 2814 ἐναντίου
3179 2759 3410 2835 γίνεται,
3444 2761 3532 2817 καὶ
3589 2761 3683 2817 οὐκ
3731 2759 3795 2822 εἰς

2169 2848 2232 2901 τὸ
2259 2846 2451 2923 τυχὸν,
2477 2843 2604 2901 ἀλλ’
2654 2846 2730 2908 εἰς
2770 2845 3081 2902 τούναντίον
3133 2849 3408 2926 φθείρεται
3439 2852 3574 2923 (οἷον
3621 2849 3676 2905 ἐκ
3714 2851 3796 2904 τοῦ

2171 2935 2415 3009 ἀμούσου
2444 2935 2646 3012 γίνεται
2675 2933 2738 2990 τὸ
2775 2937 3053 3009 μουσικὸν,
3084 2937 3175 2992 καὶ
3215 2937 3383 2994 πάλιν
3418 2939 3495 3003 εἷς
3539 2941 3600 2994 τὸ
3644 2934 3791 3012 ἄμου-

2171 3047 2260 3079 σον
2316 3025 2646 3103 φθείρεται)·
2703 3025 2770 3079 τὰ
2825 3029 3017 3101 πρῶτα
3071 3025 3161 3081 καὶ
3219 3026 3480 3084 ἀνωτάτω
3532 3032 3635 3084 τῶν
3665 3026 3795 3082 ἐνανο

2170 3114 2300 3168 τίων
2334 3113 2695 3187 ἐπινοούμενα
2725 3115 2827 3169 εἷεν
2879 3113 2938 3170 ἂν
2981 3119 3090 3170 τῶν
3146 3116 3250 3171 ὑπὸ
3295 3118 3504 3194 γένεσιν
3552 3117 3791 3191 σωμάτων

2169 3208 2382 3279 πρῶται
2440 3203 2646 3280 ἀρχαί·
2703 3208 2894 3277 πρῶτα
2951 3200 3009 3258 δὲ
3073 3203 3164 3260 καὶ
3239 3204 3504 3264 ἀνωτάτω
3573 3204 3795 3262 ἐναντίων

2171 3292 2417 3348 ἁπάντων
2479 3292 2768 3348 ἐπινοεῖται
2823 3293 2888 3348 τὸ
2946 3290 3088 3356 εἶδος
3143 3293 3233 3349 καὶ
3289 3297 3325 3364 ἡ
3390 3296 3654 3371 στέρησις.
3685 3295 3797 3368 ’Δρ-

2169 3380 2265 3457 χαὶ
2327 3377 2428 3455 ἄρα
2493 3385 2706 3457 πρῶται
2780 3385 2949 3436 ταῦτα
3003 3386 3112 3437 τῶν
3167 3389 3436 3462 φυσικῶν.
3494 3385 3644 3441 Ἀλλ’
3699 3379 3796 3437 ἐπεὶ

2166 3468 2423 3524 τάναντία
2473 3474 2578 3524 τῶν
2630 3469 2682 3524 ἐν
2745 3470 3090 3544 ὑποκειμένῳ
3161 3473 3505 3548 γινώσκεται,
3563 3473 3648 3529 καὶ
3696 3467 3796 3532 καθ’

2170 3558 2333 3613 ἑαυτά
2393 3558 2486 3632 μὲν
2542 3554 2670 3614 ὄντα
2733 3560 2963 3635 πάσχειν
3025 3560 3112 3615 ὑπ’
3163 3559 3436 3633 ἀλλήλων
3492 3561 3552 3618 ού
3608 3559 3795 3617 δύναται

2167 3645 2275 3718 (δεῖ
2326 3647 2418 3721 μὶν
2446 3649 2549 3724 γὰρ
2580 3648 2642 3702 τὸ
2697 3649 2912 3724 πάσχοτ
2964 3649 3236 3723 ὑπομένον
3284 3650 3539 3729 πάσχειν.
3568 3645 3798 3706 Τάναντία

2169 3733 2215 3790 δ’
2245 3736 2351 3813 οὐχ
2385 3735 2745 3810 ὑπομένουσιν
2772 3735 2997 3808 ἄλληλα
3022 3760 3034 3773 ο
3087 3738 3138 3794 ἐν
3201 3739 3547 3815 ὑποκειμένῳ
3592 3737 3646 3795 δέ
3686 3735 3793 3812 δρᾷν

2168 3825 2245 3888 εἰς
2271 3823 2498 3896 ἄλληλα
2524 3823 2762 3882 δύναται.
2791 3828 2862 3882 Τὸ
2889 3829 2994 3903 γὰρ
3026 3826 3265 3901 ἄμουσον
3323 3830 3415 3885 καὶ
3460 3833 3520 3886 νὸ
3566 3825 3793 3904 μουσικὸν

2169 3913 2230 3968 ού
2281 3913 2500 3968 δύναται
2549 3915 2778 3990 πάσχειν
2832 3914 2920 3969 ὑπ’
2950 3912 3218 3986 ἀλλήλων
3271 3911 3402 3972 ὄντα
3438 3919 3555 3973 καθ’
3584 3915 3722 3984 αὑτὰ,
3751 3910 3788 3965 εἱ

2171 4004 2246 4077 μὴ
2281 4002 2333 4057 ἐν
2365 4002 2710 4077 ὑποκειμένῳ
2770 3999 2852 4072 εἴη
2885 4008 2966 4076 τῷ
2998 4005 3276 4079 Σωκράτει
3305 4007 3479 4083 τυχὸν
3505 4007 3540 4076 ἢ
3568 4010 3642 4077 τῷ
3669 4000 3792 4058 Πλά-

2164 4094 2358 4165 τωνι)·
2415 4089 2497 4146 δεῖ
2561 4092 2652 4146 καὶ
2716 4096 2796 4164 τῷ
2851 4090 2980 4148 εἷ’δει
3031 4093 3121 4148 καὶ
3179 4098 3248 4168 τῇ
3307 4098 3554 4172 στερήσει
3604 4094 3790 4148 πάντως

2168 4181 2530 4254 ὑποκειμένου
2559 4180 2707 4243 τινὸς
2757 4180 2809 4235 έν
2856 4181 2902 4253 ᾧ
2943 4180 3033 4236 καὶ
3081 4179 3210 4258 δρᾷν
3263 4182 3342 4246 εἷς
3385 4182 3607 4254 ἄλληλα
3649 4182 3790 4234 ταῦτα

2167 4267 2435 4327 δύναιντο.
2478 4271 2565 4339 Μή
2624 4270 2681 4324 ὃν
2733 4270 2839 4346 γὰρ
2899 4269 3267 4344 ἀντικείμενον
3323 4273 3388 4328 τὸ
3443 4270 3787 4343 ὑποκείμενον,

2166 4359 2419 4433 ἑκάτερον
2473 4363 2581 4412 τῶν
2643 4359 3025 4431 ἀντικειμένων
3090 4359 3377 4434 ὑπομενεῖ.
3429 4365 3595 4415 Τοῦτο
3648 4355 3690 4411 δ’
3738 4353 3784 4406 ἂν

2166 4444 2249 4515 εἴη
2308 4448 2371 4502 τὸ
2433 4447 2812 4519 ὑποκείμενον,
2869 4450 2904 4516 ἡ
2966 4445 3205 4511 ἀνείδεος
3271 4448 3377 4521 ὕλη
3437 4449 3525 4505 καὶ
3600 4445 3783 4511 ἄποιος,

2087 4559 2133 4624 D
2164 4540 2382 4610 πρῶτον
2414 4535 2768 4608 ὑποκείμενον
2816 4537 2912 4598 τὰς
2961 4537 3181 4614 πρώτας
3242 4538 3625 4612 ἀντικειμένοις
3679 4551 3783 4588 κατ·

2164 4623 2438 4697 ἀλληλον,
2485 4631 2630 4701 τρεῖς
2691 4622 2793 4699 ἄρα
2841 4630 2949 4680 τῶν
3011 4631 3249 4704 φυσικῶν
3305 4629 3361 4682 αἱ
3411 4635 3510 4698 τῆς
3560 4624 3784 4702 γενέσεως

2163 4717 2375 4788 πρῶται
2434 4713 2636 4790 ἀρχαίο
2686 4714 2749 4768 τὸ
2808 4710 2977 4783 εἶδος,
3037 4717 3072 4784 ἡ
3145 4715 3398 4790 στέρησις
3449 4717 3537 4771 καὶ
3591 4717 3623 4783 ἡ
3675 4707 3783 4774 ὅλη.

2165 4801 2343 4859 Ἀλλὰ
2397 4802 2461 4857 τὰ
2523 4803 2618 4875 μὶν
2675 4800 2820 4864 εἶδος
2869 4803 3023 4874 καὶὴ
3068 4803 3174 4875 ὕλη
3234 4807 3351 4860 καθ’
3381 4806 3515 4861 αὑτὰ
3567 4805 3781 4859 νοοῦνται

2165 4890 2353 4966 ἀρχαί,
2387 4889 2477 4945 διὰ
2504 4891 2567 4945 τὸ
2616 4892 2715 4960 τὴν
2751 4890 2890 4960 ὕλην
2925 4892 3240 4957 ὑποκεῖσθαι
3270 4898 3352 4966 τῷ
3400 4891 3548 4964 εἷ’δει,
3579 4890 3660 4946 καὶ
3711 4883 3779 4937 ἀν’

2161 4981 2423 5035 τικεῖσθαι
2455 4979 2620 5052 αὐτῷ.
2651 4981 2744 5034 Διὸ
2795 4981 2886 5034 καὶ
2945 4981 3202 5054 ὑπομένει
3250 4984 3473 5059 προσιὸν
3528 4979 3666 5048 αὐτὸ,
3707 4968 3778 5026 καῖ

2164 5067 2365 5147 ἐφίεται
2432 5067 2644 5142 μᾶλλον
2700 5069 2884 5125 αὑτοῦ.
2941 5075 3001 5124 Ἡ
3047 5067 3104 5124 δὲ
3149 5073 3422 5145 στέρησις,
3474 5061 3776 5136 ἀντικειμένη

2161 5157 2251 5213 καὶ
2317 5157 2612 5220 ἀσύνακτος
2660 5158 2793 5213 οῦσα
2841 5158 2980 5234 πρὸς
3024 5159 3086 5213 τὸ
3141 5157 3305 5234 εἶδος,
3339 5159 3594 5233 ἐξίσταται
3641 5147 3779 5207 ἐσιόν⁶

2161 5270 2254 5310 τος
2291 5247 2475 5304 αὑτοῦ.
2508 5250 2659 5303 Ὅθεν
2690 5247 2780 5303 καὶ
2829 5249 2964 5302 κατά
3011 5243 3360 5322 συμϐεϐηκὸς
3407 5249 3550 5325 ἀρχὴ
3605 5244 3773 5298 νοεῖται

2231 5338 2502 5413 στέρησις,
2535 5338 2608 5399 ὡς
2665 5338 2828 5410 μόνον
2889 5340 3325 5414 προϋπάρχουσα
3376 5346 3478 5408 τῆς
3531 5334 3775 5414 γενέσεωςς

2162 5425 2235 5480 Οὐ
2266 5408 2369 5503 γάρ
2401 5425 2458 5480 ἂν
2493 5408 2673 5480 ἔσοιτο
2704 5426 2910 5502 γένεσις
2935 5408 3039 5498 ’μὴ
3091 5408 3260 5499 θ’ὕξης
3308 5408 3601 5504 στερήσεώς
3626 5439 3636 5450 -
3681 5408 3776 5470 ἐπεέ

475 5569 598 5697 Ρεξὲ·
623 5571 1219 5697 δὲ⁸ί⁶ξἰ⁰ί›ξιε⁸·ἕί
1256 5569 1496 5697 tibi?
1517 5585 1566 5696 ἢ·
1592 5571 1833 5697 piat”;
1852 5570 1940 5697 ‘3’
1967 5571 2060 5697 i3;

2186 5571 2364 5645 Phys.
2425 5588 2475 5627 c.
2533 5571 2589 5641 6,
2648 5575 2692 5628 t.
2753 5571 2845 5642 41,
2908 5571 2999 5634 43,
3055 5572 3265 5644 44,47.
3339 5570 3558 5646 8Phys.
3591 5581 3636 5621 c.
3664 5562 3708 5630 7,
3736 5558 3770 5611 ι·

401 5639 594 5715 53-60,
623 5643 714 5715 62,

906 5639 1078 5715 Phys.
1108 5641 1164 5698 7.
1194 5644 1239 5698 t.
1267 5641 1360 5712 56,
1389 5639 1497 5709 57;
1532 5641 1558 5696 1
1592 5639 1768 5714 Phys.
1804 5657 1854 5699 c.
1884 5641 1940 5713 8,
1971 5646 2014 5701 t.
2043 5642 2136 5702 64.
