4094 6458
284 348 442 409 1029

1619 344 1971 406 EPITOME
2013 343 2349 405 PHYSICA
2363 390 2375 403 .

3546 352 3571 409 1
3582 350 3702 413 030

280 480 345 535 τὸ
402 478 683 556 γινόμενον
730 479 789 536 ἐκ
845 480 922 552 μὴ
990 476 1253 533 τοσούτου
1327 476 1627 555 πεφυκότος
1704 475 1932 552 γίνεται.

2051 494 2184 532 cum
2240 477 2435 532 forma:
2493 482 2840 551 opponatur,
2898 482 2955 535 et
3019 496 3153 536 cum
3203 482 3330 553 ipsa
3359 482 3700 540 societatem

282 570 372 638 Μὴ
432 569 567 623 κατὰ
624 562 972 641 συμϐεϐηκὸς
1022 562 1068 620 δ’
1117 564 1282 636 οὕσης
1351 566 1529 641 ἀρχῆς
1587 567 1685 633 τῆς
1736 565 1930 639 στερή-

283 677 444 725 σεως,
492 656 638 712 ἀλλά
683 657 800 712 καθ’
848 655 998 723 αὑτὸ,
1049 653 1306 733 φθείροιτ’
1356 652 1415 708 ἂν
1464 654 1526 708 τὸ
1577 653 1932 725 ὑποκείμενον

283 745 337 801 ἐν
368 749 438 819 τῇ
468 745 671 816 ταύτης
699 739 982 818 ἀποϐολῇ,
1025 741 1173 820 εἷίπερ
1221 744 1285 798 τὸ
1332 744 1465 798 εἶναι
1516 742 1661 814 αὖτῷ
1711 741 1803 797 σὺν
1856 745 1936 813 τῷ

281 834 597 911 ἐστερῆσθαι
643 835 733 904 ἧν.
781 833 1145 909 Ἐστερημὲνη
1205 833 1305 909 γὰρ
1360 837 1459 888 τοῦ
1517 829 1694 894 εἶ’δους
1741 833 1776 900 ἡ
1827 829 1933 900 ὕλη

283 923 572 1000 ἐτύγχανεν
631 922 783 980 οὖσα.
833 925 996 978 Ὥστε
1049 927 1170 985 πῶς
1229 922 1324 995 μὲν
1378 927 1525 998 τρεῖς
1588 920 1755 997 ἀρχαὶ
1806 921 1936 973 θεω-

284 1018 503 1092 ροῦνται
535 1017 643 1069 τῶν
692 1017 969 1090 φυσικῶν⁸
1028 1016 1143 1073 πῶς
1204 1008 1263 1066 δὲ
1321 1008 1417 1066 δύο
1474 1018 1576 1080 τῆς
1633 1011 1938 1086 στερήσεως

281 1099 453 1172 οὔσης
512 1103 692 1179 ἀρχῆς
748 1102 885 1156 κατὰ
934 1095 1307 1174 συμϐεϐηκὸς,
1339 1097 1465 1155 ἀλλ’
1513 1098 1575 1155 οὐ
1633 1099 1752 1154 καθ’
1782 1095 1935 1152 αὑτό.

2043 565 2189 621 inire
2221 584 2335 622 non
2369 568 2573 638 possit,
2614 568 2977 640 ingrediente
3021 569 3150 641 ipsa
3205 570 3475 627 discedit.
3537 573 3700 630 Unde

2043 655 2217 711 etiam
2251 654 2494 727 privatio
2526 655 2878 729 principium
2913 674 2983 713 ex
3022 659 3317 715 accidente
3368 677 3497 717 esse
3526 661 3701 717 intel-

2045 742 2267 816 ligitur,
2304 748 2368 799 ut
2397 762 2523 815 qua:
2555 751 2689 799 ante
2719 748 3155 817 generationem
3188 753 3418 805 tantum
3435 751 3702 807 exsistat.

2050 833 2253 904 Neque
2282 833 2438 888 enim
2466 834 2902 906 siprivationon
2921 836 3318 909 sit,generatio
3349 838 3493 894 erit:
3521 856 3706 912 quan-

2045 920 2361 991 doquidem
2395 921 2550 992 quod
2572 926 2903 993 generatur,
2937 938 3006 978 ex
3034 939 3101 979 eo
3133 925 3419 996 quodnon
3434 931 3522 981 est
3544 929 3704 998 ejus-

2046 1007 2228 1074 modi,
2259 1009 2359 1063 sed
2390 1009 2462 1063 ad
2494 1008 2552 1064 id
2566 1013 2767 1081 aptum
2789 1016 2995 1067 natum
3016 1016 3447 1085 est,generatur
3470 1016 3703 1081 1°.Quod

2049 1097 2097 1152 si
2127 1102 2325 1152 autem
2342 1096 2586 1168 privatio
2609 1114 2723 1153 non
2747 1104 2901 1154 esset
2918 1099 3271 1172 principium
3292 1119 3394 1174 per
3412 1103 3702 1172 accidens,

286 1194 391 1251 sed
422 1209 527 1266 per
556 1210 619 1250 se
643 1210 657 1263 ;
682 1193 1016 1265 subjectum
1047 1192 1254 1265 utique
1275 1192 1335 1248 in
1367 1189 2351 1263 illiuspbjectionecorrumperetur
2374 1204 2389 1255 ;
2410 1185 2703 1257 siquidem
2727 1187 3116 1260 ipsiessentim
3130 1190 3439 1260 ratio,cum
3465 1209 3532 1249 eo
3550 1195 3707 1266 quod

282 1286 374 1340 est
400 1283 696 1355 privatum
725 1298 878 1350 esse,
909 1281 1098 1350 foret;
1132 1280 1380 1339 materia
1409 1280 1627 1353 quippe
1658 1279 1847 1335 forma
1876 1275 2102 1349 privata
2128 1278 2302 1331 esset.
2329 1276 2773 1342 Quodammodo
2796 1292 2932 1349 ergo
2962 1278 3096 1344 tria,
3128 1280 3565 1351 quodammodo
3591 1283 3707 1339 duo

279 1369 642 1428 naturalium
670 1369 1028 1443 (corporum)
1059 1369 1348 1443 prineipia
1376 1368 1820 1425 considerantur
1849 1368 1893 1403 ίι
1920 1383 1935 1435 ;
1967 1380 2102 1421 cum
2116 1363 2362 1436 privatio
2376 1381 2493 1420 non
2506 1364 2584 1421 sit
2604 1364 2957 1438 principium
2973 1369 3275 1439 perse,sed
3300 1370 3702 1440 peraccidens.

354 1459 419 1523 ς’.
449 1456 637 1529 ’Δλλη
673 1453 732 1513 δέ
759 1456 901 1513 ἐστιν
930 1460 966 1527 ἡ
999 1456 1052 1513 ἐν
1111 1462 1233 1520 ταῖς
1289 1456 1647 1533 κατηγορίαις
1704 1454 1935 1509 ἀντικει-

285 1544 419 1621 μένη
448 1550 520 1622 τῇ
547 1543 653 1619 ἕξει
702 1547 975 1624 στέρησις,
1011 1546 1088 1608 ὡς
1119 1548 1154 1615 ἡ
1184 1543 1462 1625 τυφλότης
1510 1548 1581 1619 τῇ
1639 1539 1782 1617 ὄψει,
1813 1542 1936 1612 ἥτις

280 1634 397 1692 οὐδ’
429 1636 767 1710 ἀνακάμπτει
795 1634 935 1712 πρὸς
983 1635 1080 1705 τὴν
1132 1630 1240 1708 ἕξιν
1301 1632 1606 1710 μετέχουσά
1659 1653 1777 1695 πως
1835 1637 1937 1701 τῆς

278 1724 583 1797 ποιότητος
622 1724 713 1780 καὶ
773 1723 908 1794 αὐτὴ
960 1724 1051 1779 καὶ
1107 1723 1610 1801 παρακεχρωσμένη
1669 1726 1750 1794 τῷ
1806 1718 1936 1775 εἴδει

283 1814 348 1869 οὗ
379 1812 594 1892 λέγεται
644 1812 918 1890 στέρησις.
948 1810 1133 1883 ’Δλλη
1169 1809 1227 1868 δὲ
1273 1811 1438 1868 πάλιν
1486 1810 1621 1882 αὕτη
1663 1813 1699 1880 ἡ
1750 1810 1939 1884 στέρη-

284 1924 375 1965 σις
432 1900 857 1976 ἀνακάμπτουσα
938 1901 1077 1977 πρὸς
1130 1902 1195 1956 τὸ
1243 1898 1388 1963 οἷδος
1443 1900 1534 1955 καὶ
1589 1898 1933 1971 ἀντικειμένη

282 1992 452 2065 αὐτῷ,
485 1990 594 2067 οὐχ
621 1991 698 2054 ὡς
726 1992 979 2068 στέρησις
1033 1986 1138 2061 ἕξει
1189 1989 1306 2065 (κᾶν
1357 1991 1611 2066 στέρησις
1660 1986 1936 2061 ὀνομάζη-

277 2072 413 2156 ται),
445 2079 572 2137 ἀλλ’
628 2079 770 2151 ὡςὴ
801 2079 1007 2156 ἠρεμία
1059 2083 1130 2154 τῇ
1186 2080 1397 2150 κινήσει
1456 2078 1546 2133 καὶ
1605 2075 1816 2149 ἁπλῶς,
1862 2076 1939 2138 ὡς

277 2149 554 2228 τάναντία.
585 2170 663 2224 Τὰ
713 2149 1159 2246 γάρέναντίαῆ
1221 2149 1338 2237 εἷδη
1399 2166 1490 2223 καὶ
1549 2164 1714 2246 ἄμφω
1773 2165 1934 2237 ἐστὶν,
1967 2149 2016 2215 Β

281 2260 359 2323 ὡς
399 2259 616 2335 ψυχρὸν
664 2258 754 2314 καὶ
804 2257 1038 2334 θερμόν·
1098 2259 1137 2327 ἢ
1187 2258 1407 2333 θάτερον
1458 2255 1661 2332 ἐσχάτη
1711 2255 1937 2331 θατέρου

275 2348 596 2411 ἀπόπτωσις
645 2347 745 2420 (ὡς
790 2349 825 2417 ἡ
874 2346 1057 2403 ἀδικία
1092 2346 1182 2402 καὶ
1213 2348 1249 2417 ἡ
1281 2344 1500 2419 δειλία),
1531 2344 1768 2423 πεφυκὸς
1818 2345 1939 2418 μὲν·

273 2459 361 2495 τοι
391 2437 532 2516 πρὸς
566 2437 631 2493 τὸ
679 2433 822 2499 εἶδος
869 2436 1257 2511 ἀνακάμπτειν.
1289 2438 1416 2491 Ὅτε
1473 2432 1531 2491 δὲ
1577 2436 1654 2509 μὴ
1702 2434 1933 2512 πέφυκεν

213 2590 220 2596 η
280 2528 670 2600 ἀνακάμπτειν,
698 2525 814 2581 τότ’
863 2523 1003 2581 ἐστὶν
1065 2520 1236 2588 ὅντως
1289 2524 1559 2601 στέρησις.
1607 2523 1757 2594 Αὕτη
1812 2519 1934 2592 δὲὴ

277 2620 361 2689 τῷ
419 2612 549 2671 εἴδει
599 2615 942 2689 ἀντικειμένη
1011 2613 1260 2691 στέρησις
1338 2614 1475 2687 μετὰ
1522 2619 1625 2683 τῆς
1680 2611 1817 2687 πρὸς
1873 2611 1937 2666 τὸ

277 2700 425 2766 εἶδος
467 2699 918 2774 ἐπιτηδειότητος
965 2703 1274 2778 θεωρεῖται,
1317 2700 1556 2777 καθάπερ
1605 2699 1696 2755 καὶ
1745 2701 1780 2770 ἡ
1814 2700 1939 2775 ἠρε-

283 2790 386 2864 μία
437 2792 575 2866 μετὰ
625 2793 725 2861 τῆς
798 2790 936 2866 πρὸς
1005 2791 1106 2861 τὴν
1179 2790 1392 2860 κίνησιν
1470 2785 1934 2860 ἐπιτηδειότητος.

279 2880 517 2958 Ἠρεμία
566 2900 628 2936 τε
680 2881 783 2956 γάρ
848 2878 988 2935 ἐστιν
1047 2881 1082 2949 ἡ
1138 2884 1236 2935 τοῦ
1309 2877 1612 2957 πεφυκότος
1679 2879 1935 2933 κινεῖσθαι

286 2968 577 3041 ἀκινησία·
646 2970 738 3024 καὶ
808 2969 1061 3045 στέρησις
1126 2967 1358 3023 ἀπουσία
1412 2967 1462 3023 ἐν
1517 2972 1597 3040 τῷ
1652 2966 1936 3046 πεφυκότι.

283 3058 473 3115 Τοίνυν
524 3057 663 3114 κατὰ
718 3059 818 3128 τήν
875 3062 985 3113 τῶν
1042 3056 1294 3113 ἐναντίων
1353 3056 1699 3129 ἀντίθεσιν,ἡ
1742 3056 1936 3132 στέρη-

286 3170 372 3211 σις
413 3149 503 3207 καὶ
539 3149 602 3204 τὸ
629 3144 771 3210 εἶδος
821 3147 1134 3205 ἀντίκειται.
1174 3149 1335 3202 Ὥστε
1381 3146 1517 3201 κατὰ
1556 3147 1655 3215 τὴν
1702 3145 1780 3208 είς
1837 3143 1935 3201 ἅλ-

286 3234 439 3308 ληλα
462 3236 667 3292 τούτων
705 3230 1018 3312 μεταϐολήν
1049 3237 1150 3305 τὴν
1178 3234 1382 3313 γένεσιν
1440 3234 1801 3291 ἐπιτελεῖσθαι
1847 3234 1938 3290 καὶ

284 3327 387 3397 τήν
419 3325 619 3406 φθοράν
632 3371 644 3382 .

2119 1454 2171 1508 6.
2207 1452 2337 1510 Alia
2364 1458 2562 1510 autem
2581 1459 2671 1510 est
2699 1454 3098 1528 privatimque
3130 1456 3189 1511 in
3221 1458 3586 1531 categoriis"
3605 1461 3706 1517 ba-

2048 1541 2199 1597 bitui
2225 1542 2557 1615 opponitur,
2586 1543 2808 1600 utvisui
2835 1544 3085 1613 caecitas,
3119 1562 3246 1618 quae
3277 1564 3582 1621 nunquam
3628 1551 3702 1606 ad

2047 1630 2320 1688 habitum
2351 1634 2678 1700 revertitur,
2711 1634 3147 1705 quodammodo
3178 1635 3460 1693 nimirum
3490 1644 3547 1694 et
3574 1638 3706 1712 ipsa

2048 1719 2354 1792 qualitatis
2383 1720 2676 1795 particeps
2706 1726 2763 1777 et
2782 1721 2963 1779 tincta
3019 1724 3067 1778 9
3128 1723 3228 1780 illa
3286 1725 3477 1783 forma
3531 1731 3704 1798 cujus

2048 1809 2294 1882 privatio
2326 1810 2562 1866 dicitur.
2592 1811 2724 1866 Alia
2751 1817 2948 1867 autem
3007 1829 3215 1869 rursus
3272 1814 3397 1871 haec
3460 1816 3704 1888 privatio

2047 1915 2176 1971 quas
2207 1900 2279 1955 ad
2310 1899 2558 1956 formam
2591 1899 2759 1968 redit,
2793 1900 2963 1972 eique
3016 1902 3356 1975 opponitur,
3407 1922 3522 1961 non
3574 1904 3705 1978 qui-

2047 1988 2184 2044 dem
2215 1992 2280 2043 ut
2308 1987 2535 2044 habitui
2566 1988 2811 2061 privatio
2854 1992 3113 2060 (tametsi
3146 1991 3392 2065 privatio
3437 1994 3706 2051 nomine-

2048 2076 2193 2144 tur?,
2225 2077 2327 2133 sed
2360 2081 2426 2132 ut
2455 2077 2624 2149 quies
2656 2078 2862 2145 motui,
2889 2084 2947 2134 et
2977 2083 3040 2135 ut
3079 2080 3427 2153 simpliciter
3481 2083 3703 2141 dicam-

2046 2165 2287 2238 perinde
2343 2170 2409 2220 ut
2464 2167 2774 2223 contraria.
2834 2167 2982 2223 Nam
3039 2185 3166 2240 quae
3197 2171 3491 2228 contraria
3540 2179 3698 2241 sunt,

2046 2260 2151 2311 aut
2179 2255 2355 2311 etiam
2383 2256 2556 2312 ambo
2587 2257 2812 2328 species
2842 2261 3001 2329 sunt,
3035 2263 3100 2313 ut
3130 2259 3408 2332 frigidum
3459 2266 3517 2317 et
3558 2263 3705 2318 cali-

2047 2343 2188 2399 dum
2214 2387 2228 2411 ,
2263 2347 2365 2399 aut
2394 2343 2643 2399 alterum
2676 2345 2749 2401 ab
2779 2344 2960 2402 altero
2989 2345 3333 2420 longissime
3363 2350 3555 2419 cadit;
3603 2353 3706 2408 sed

2046 2433 2129 2488 ita
2157 2436 2355 2489 tamen
2386 2437 2597 2489 natura
2624 2439 3027 2506 comparatum
3057 2440 3167 2506 est,
3215 2442 3282 2493 ut
3325 2438 3398 2494 ad
3456 2439 3707 2497 formam

2046 2522 2233 2578 redire
2260 2521 2461 2594 possit.
2495 2521 2642 2578 Cum
2672 2526 2870 2578 autem
2903 2529 3117 2581 natura
3158 2525 3244 2582 sic
3300 2533 3708 2600 comparatum

2044 2628 2161 2667 non
2182 2616 2292 2683 est,
2326 2616 2392 2667 ut
2421 2612 2626 2667 reverti
2658 2611 2863 2684 possit.
2898 2616 3037 2670 tunc
3095 2631 3228 2671 vere
3283 2620 3374 2673 est
3426 2617 3698 2689 privatio.

2044 2705 2235 2773 Atque
2265 2700 2387 2756 haec
2418 2701 2615 2757 forma:
2658 2702 2929 2774 opposita
2978 2703 3229 2775 privatio
3283 2722 3421 2762 cum
3479 2708 3699 2780 aptitu-

2046 2789 2184 2846 dine
2215 2791 2287 2845 ad
2319 2789 2569 2846 formam
2595 2807 2610 2855 ;
2636 2791 3138 2861 quemadmodum
3170 2793 3346 2850 etiam
3378 2795 3708 2867 quies,cum

2047 2878 2377 2952 aptitudine
2409 2879 2481 2933 ad
2511 2884 2741 2935 motum
2773 2880 3195 2938 consideratur.
3245 2883 3393 2940 Nam
3452 2888 3510 2940 et
3538 2885 3707 2957 quies

2047 2974 2137 3025 est
2166 2968 2551 3025 immobilitas
2581 2969 2711 3040 ejus
2741 2971 2897 3042 quod
2929 2971 3012 3026 ita
3036 2976 3247 3027 natura
3302 2978 3708 3046 comparatum

2046 3063 2156 3128 est,
2214 3062 2279 3113 ut
2330 3058 2527 3113 noveri
2586 3058 2808 3131 possit;
2842 3063 2900 3114 et
2929 3059 3195 3131 privatio,
3236 3065 3324 3117 est
3353 3062 3620 3119 absentia
3643 3062 3705 3119 in

2048 3166 2114 3206 eo
2173 3149 2328 3220 quod
2379 3147 2463 3203 sic
2493 3132 2711 3202 natura
2734 3153 3138 3219 comparatum
3168 3154 3276 3205 est.
3311 3150 3560 3207 Proinde
3590 3168 3709 3224 qua

2048 3238 2272 3296 ratione
2299 3235 2593 3293 contraria
2622 3241 2888 3309 pugnant
2901 3237 3052 3294 inter
3079 3239 3414 3312 se,privatio
3444 3245 3503 3296 et
3522 3240 3712 3297 forma

2048 3330 2449 3401 opponuntur,
2484 3328 2549 3380 ut
2577 3342 2682 3397 per
2710 3329 2977 3383 mutuam
3007 3326 3273 3400 ipsarum
3324 3331 3708 3386 mutationem

2049 3415 2346 3491 generatio
2376 3420 2435 3472 et
2463 3415 2757 3489 corruptio
2789 3416 3128 3489 perﬁciatur
3159 3417 3224 3472 1³.

355 3507 419 3576 ζ’.
449 3504 606 3565 Ἀλλ’
635 3503 686 3561 εἴ
706 3504 963 3563 τάναντία
992 3503 1096 3560 ὑπὸ
1123 3504 1187 3559 τὸ
1232 3502 1364 3560 αύτὸ
1408 3503 1564 3582 γένος
1609 3505 1734 3577 εἰσὶ,
1766 3502 1831 3559 τὸ
1881 3502 1938 3560 δὲ

2118 3509 2175 3563 7.
2208 3506 2320 3563 Sed
2352 3506 2508 3562 dicat
2536 3504 2773 3577 aliquis]
2806 3504 2856 3561 si
2887 3506 3180 3563 contraria
3208 3507 3318 3563 sub
3338 3508 3542 3564 eodem
3572 3512 3716 3566 sunt

282 3592 430 3659 εἶδος
484 3594 575 3651 καὶ
624 3597 660 3665 ἡ
693 3592 945 3671 στέρησις
993 3592 1220 3667 ἐναντία,
1270 3593 1499 3671 πότερον
1551 3594 1654 3649 ὑπὸ
1700 3594 1764 3650 τὸ
1810 3593 1939 3649 αὐτὸ

278 3685 436 3761 γένος
487 3683 648 3754 εἷσίν;
694 3680 732 3753 ἤ
780 3684 997 3745 πάντως
1041 3682 1218 3739 ἐκεῖνα
1261 3688 1370 3739 τῶν
1417 3682 1670 3738 ἐναντίων
1718 3684 1821 3739 ὑπὸ
1876 3684 1939 3738 τὸ

280 3772 415 3830 αὐτὸ
444 3771 600 3850 γένος
640 3771 804 3842 ἐστὶν,
836 3771 936 3827 ὅσα
975 3768 1093 3843 εἴδη
1143 3772 1236 3827 καὶ
1286 3774 1474 3851 ἄμφω,
1505 3773 1684 3836 καθὼς
1732 3772 1796 3828 τὸ
1844 3776 1942 3847 ψυ-

284 3863 425 3941 χρὸν
473 3861 565 3918 καὶ
620 3860 684 3917 τὸ
741 3860 971 3937 θερμόν·
1034 3863 1107 3915 ὢν
1163 3858 1222 3916 δὲ
1278 3862 1499 3938 θάτερον
1549 3860 1753 3937 ἐσχάτη
1806 3861 1941 3917 ἀπό-

285 3972 497 4015 πτωσις
542 3955 640 4006 τοῦ
687 3948 910 4024 λοιποῦ,
939 3951 1089 4006 ταῦτ’
1142 3948 1241 4004 οὐκ
1285 3949 1487 4027 ἀνάγκη
1531 3954 1617 4022 τῷ
1657 3949 1802 4023 αὐτῷ
1850 3949 1942 4025 γὲ-

285 4062 370 4097 νει
401 4037 753 4117 συνάγεσθαι·
814 4036 997 4114 ὥσπερ
1054 4034 1170 4093 οὐδ’
1216 4036 1404 4101 ἁπλῶς
1458 4039 1559 4107 τήν
1617 4037 1939 4114 ἀνυπαρξίαν

288 4129 383 4187 καὶ
441 4132 542 4201 τὴν
599 4127 846 4205 ὕπαρξιν.
879 4129 950 4182 Τὸ
993 4127 1088 4201 μὲν
1141 4128 1246 4203 γὰρ
1297 4126 1397 4183 οὐκ
1446 4124 1578 4198 ἔστι,
1608 4128 1670 4183 τὸ
1711 4125 1759 4183 δ’
1808 4124 1942 4185 ἔστι.

285 4223 398 4275 Τοῦ
457 4219 535 4293 μὴ
595 4213 750 4281 ὄντος
782 4214 841 4272 δὲ
876 4216 968 4272 καὶ
1017 4220 1115 4272 τοῦ
1165 4212 1320 4278 ὄντος
1375 4220 1494 4279 πῶς
1543 4215 1603 4272 ἂν
1656 4213 1740 4286 εἴη
1790 4216 1942 4294 γένος

282 4306 513 4377 κοινόν;
564 4306 675 4363 Οὐκ
724 4303 845 4377 ἤδη
886 4306 1088 4377 τοίνυν,
1134 4304 1284 4383 εἷ’περ
1346 4305 1501 4360 οὐσία
1564 4326 1647 4367 τις
1696 4306 1758 4360 τὸ
1805 4302 1946 4368 εἶδός

289 4397 456 4470 ἐστιν,
488 4392 652 4453 ἔσοιτ’
695 4394 756 4452 ἃν
810 4395 903 4451 καὶ
931 4397 968 4465 ἡ
1009 4396 1260 4473 στέρησις
1301 4393 1449 4458 ὅλως
1500 4393 1672 4451 οὐσία.
1714 4394 1785 4449 Τὸ
1848 4394 1942 4468 μὲν

285 4485 392 4564 γὰρ
442 4483 584 4548 εἶδος
636 4484 752 4540 ἐπεὶ
805 4484 941 4559 μετά
984 4490 1084 4554 τῆς
1131 4481 1271 4555 ὕλης
1309 4485 1408 4553 τήν
1468 4482 1718 4547 σύνθετον
1759 4482 1944 4538 οὐσίαν

291 4573 628 4647 συνίστησιν,
659 4570 745 4645 εἴη
795 4574 857 4629 ἃν
910 4572 1001 4628 καί
1059 4572 1214 4629 οὐσία
1269 4591 1385 4636 τις’
1418 4575 1454 4643 ἡ
1488 4569 1548 4627 δέ
1583 4594 1647 4648 γε
1695 4573 1947 4650 στέρησις

286 4664 392 4733 τήν
461 4662 714 4728 σύνθετον
788 4660 972 4717 οὐσίαν
1031 4659 1330 4718 διαλύουσά
1372 4682 1434 4718 τε
1486 4661 1577 4717 καὶ
1634 4661 1946 4740 φθείρουσα,

290 4756 412 4815 πῶς
445 4752 505 4808 ἂν
560 4749 645 4822 εἷίη
702 4748 850 4814 ὅλως
906 4749 1100 4820 ούσία;
1151 4748 1251 4823 Εἷή
1305 4748 1350 4805 δ’
1404 4750 1463 4806 ἂν
1502 4750 1567 4806 τὸ
1612 4748 1754 4813 εἶδος
1793 4750 1949 4806 οὐσία

2047 3613 2296 3672 genere;
2349 3596 2536 3651 forma
2592 3598 2789 3651 autem
2847 3600 2906 3651 et
2949 3595 3195 3667 privatio
3225 3597 3521 3653 contraria
3548 3602 3713 3665 sunt,

2047 3692 2247 3742 utrum
2281 3685 2390 3741 sub
2421 3684 2624 3740 eodem
2654 3699 2865 3756 genere
2910 3684 3133 3740 erunt?
3189 3702 3266 3741 an
3324 3686 3562 3743 omnino
3614 3685 3713 3743 illo

2048 3777 2153 3832 ἰθ
2182 3775 2420 3830 demum
2453 3772 2749 3828 contraria
2777 3777 2919 3828 sunt
2948 3773 3060 3829 sub
3091 3774 3295 3831 eodem
3326 3790 3710 3848 genere,qu2e

2051 3862 2223 3920 ambo
2256 3860 2433 3917 etiam
2465 3858 2689 3931 species
2719 3864 2878 3929 sunt,
2913 3866 2979 3916 ut
3010 3860 3287 3934 frigidum
3328 3869 3385 3919 et
3413 3863 3711 3932 calidum;

2051 3966 2303 4024 quorum
2334 3953 2533 4004 autem
2564 3947 2813 4004 alterum
2843 3966 2878 4004 a
2908 3948 3133 4022 reliquo
3162 3950 3506 4023 longissime
3534 3952 3715 4022 cadit,

2050 4040 2177 4096 haec
2208 4039 2280 4095 ad
2312 4038 2466 4093 idem
2499 4053 2685 4110 genus
2714 4036 2908 4110 colligi
2940 4054 3056 4094 non
3094 4043 3184 4095 est
3212 4056 3485 4110 necesse;
3510 4058 3715 4115 quem-

2053 4128 2372 4186 admodum
2429 4131 2493 4181 ut
2574 4124 2923 4197 simpliciter
2977 4127 3192 4195 dicam,
3232 4145 3338 4186 nec
3366 4130 3716 4187 exsistentiaa

2052 4216 2437 4291 privationem
2467 4219 2525 4272 et
2552 4215 2742 4287 ipsam
2786 4215 3207 4273 exsistentiam.
3259 4218 3362 4275 Illa
3392 4218 3571 4292 enim,
3599 4237 3717 4277 non

2054 4312 2183 4376 est;
2215 4306 2363 4374 haec,
2394 4307 2503 4373 est,
2535 4304 2713 4376 Atqui
2744 4305 2874 4375 ejus
2906 4306 3062 4377 quod
3094 4311 3203 4379 est,
3261 4311 3320 4363 et
3374 4308 3505 4380 ejus
3561 4310 3718 4382 quod

2054 4414 2173 4454 non
2203 4399 2312 4462 est,
2357 4392 2458 4466 qui
2517 4409 2829 4449 commune
2884 4410 3072 4467 genus
3118 4412 3249 4452 esse
3302 4397 3535 4469 possit?
3590 4398 3719 4454 Non

2054 4501 2191 4558 ergo
2220 4481 3025 4557 protinus,siquidemlorma
3054 4483 3132 4540 sit
3153 4485 3409 4542 essentia
3451 4486 3719 4558 quaedam

2055 4575 2231 4631 etiam
2316 4571 2561 4645 privatio
2639 4571 2897 4628 essentia
2962 4572 3202 4629 omnino
3258 4573 3453 4631 fuerit.
3511 4574 3723 4632 Forma

2056 4665 2214 4720 enim
2264 4662 2404 4734 quia
2451 4678 2587 4718 cum
2647 4661 2894 4719 materia
2943 4664 3261 4720 essentiam
3333 4664 3722 4737 compositam

2058 4751 2384 4820 constituit,
2416 4750 2674 4807 essentia
2705 4752 2973 4823 quaedam
3007 4752 3182 4808 fuerit
3205 4770 3219 4821 ;
3242 4757 3303 4809 at
3320 4769 3456 4809 vero
3478 4753 3725 4826 privatio

294 4839 512 4916 μᾶλλον
560 4841 651 4897 καὶ
697 4840 761 4897 οὐ
830 4835 1199 4915 συμϐεϐηκὸς,
1247 4841 1336 4896 καὶ
1387 4839 1440 4896 ἐν
1496 4840 1832 4915 ὑποκειμένῳ
1877 4844 1939 4915 τῇ

2058 4841 2200 4914 quia
2257 4839 2512 4913 positam
2570 4840 2890 4896 essentiam
2964 4839 3233 4898 dissolvit
3280 4846 3337 4898 et
3375 4842 3722 4915 corrumpit,

1977 4891 2025 4956 D

289 4928 400 5005 ὕλῃ
444 4931 790 5007 γινώσκεται,
821 4928 912 4985 διὰ
954 4930 1019 4985 τὸ
1071 4930 1207 5005 μετὰ
1245 4937 1347 5001 τῆς
1397 4929 1536 5001 ὕλης
1565 4931 1666 5000 τὴν
1699 4930 1939 4985 σύνθετον

2056 4930 2351 5004 quomodo
2380 4929 2621 4985 tandem
2652 4930 2908 4986 essentia
2931 4946 3060 4987 esse
3091 4931 3347 5003 poterit?
3386 4932 3597 4987 Forma
3625 4948 3727 4988 au-

287 5019 477 5075 οὐσίαν
535 5019 848 5091 ἀποτελεῖν,
906 5018 1071 5096 μέρος
1127 5017 1331 5089 ταύτης
1399 5018 1712 5096 γινόμενον,
1767 5018 1947 5096 ὥσπερ

288 5107 362 5178 δὴ
393 5108 483 5165 καὶ
512 5110 549 5179 ἡ
581 5107 712 5181 ὕλη.
745 5108 846 5164 Καὶ
882 5107 1063 5181 τούτῳ
1104 5105 1408 5188 διαφέροιεν
1460 5107 1520 5164 ἂν
1571 5106 1837 5180 ἀλλήλων
1886 5109 1950 5163 τὸ

290 5194 443 5260 εἶδος
490 5196 585 5252 καί
626 5197 691 5253 τὸ
740 5191 1113 5272 συμϐεϐηκὸς,
1140 5196 1236 5253 κᾶν
1289 5194 1455 5275 ἄμφω
1504 5196 1556 5252 ἐν
1608 5196 1950 5271 ὑποκειμένῳ

290 5285 550 5363 λέγοιντο
582 5285 737 5362 εἶναι,
769 5284 852 5342 ὅτι
880 5286 946 5342 τὸ
980 5286 1076 5360 μὶν
1104 5280 1453 5360 συμϐεϐηκὸς
1495 5289 1566 5361 τῇ
1618 5285 1778 5358 οὐσίᾳ
1827 5306 1949 5342 συν-

292 5373 458 5432 ελθὸν
513 5374 580 5431 ού
618 5372 840 5432 δύναταί
892 5396 945 5430 τι
998 5381 1227 5446 ποιῆσαι
1286 5374 1541 5432 σύνθετον
1599 5376 1716 5449 μετ’
1742 5374 1950 5446 αὐτῆςο

290 5462 480 5541 ὥσπερ
536 5460 606 5533 δὴ
662 5462 754 5519 καὶ
790 5466 827 5534 ἡ
879 5462 1128 5540 στέρησις
1185 5465 1261 5539 μὴ
1323 5461 1595 5539 δυναμένη
1660 5465 1796 5538 μετὰ
1852 5470 1953 5534 τῆς

365 5610 410 5685 “f
439 5610 467 5666 1
502 5608 677 5685 Ρζιχε.
704 5626 757 5681 c,
785 5610 842 5681 8,
872 5612 918 5667 t.
949 5609 1041 5667 66.
1121 5610 1164 5646 “
1197 5610 1225 5667 1
1261 5609 1434 5685 Pbys.
1467 5626 1518 5667 ο.
1550 5610 1608 5683 8,
1641 5612 1686 5665 t.
1718 5610 1810 5681 67,
1841 5610 1933 5667 70.

2051 5612 2058 5645 ι
2087 5608 2212 5665 Lib.
2243 5611 2436 5681 Categ.
2471 5624 2522 5665 c.
2556 5608 2645 5677 10,
2674 5623 2724 5681 ε,
2755 5608 2846 5665 20.

293 5698 352 5741 ο.
383 5683 439 5754 8,
469 5685 514 5740 t.
547 5683 637 5738 37.

2057 5025 2177 5076 tem
2208 5018 2464 5075 essentia
2493 5019 2688 5090 potius
2718 5018 2914 5088 fuerit,
2945 5024 3002 5075 et
3030 5036 3146 5076 non
3178 5020 3449 5077 accidens
3477 5039 3490 5077 :
3514 5025 3725 5077 tamet-

2059 5109 2110 5165 si
2160 5109 2220 5164 in
2280 5108 2569 5178 subjecto,
2630 5107 2691 5163 in
2742 5107 3008 5178 materia,
3039 5125 3169 5165 esse
3198 5116 3726 5182 agnoscatur,pro-

2060 5203 2260 5270 pterea
2289 5197 2446 5268 quod
2475 5213 2610 5253 cum
2664 5197 2914 5253 materia
2968 5198 3356 5270 compositam
3404 5197 3725 5254 essentiam

2060 5286 2297 5356 efﬁciat,
2329 5297 2465 5342 cum
2496 5303 2632 5359 pars
2680 5286 2760 5343 sit
2813 5285 2996 5356 illius,
3053 5286 3556 5360 quemadmodum
3585 5303 3728 5344 sane

2061 5375 2241 5432 etiam
2271 5373 2538 5433 materia.
2566 5378 2755 5448 Atque
2782 5374 2892 5432 hoc
2938 5392 2974 5433 a
3025 5393 3089 5432 se
3146 5375 3393 5432 invicem
3452 5376 3642 5433 forma
3669 5379 3728 5433 et

2062 5464 2334 5522 accidens
2365 5464 2661 5534 differunt,
2693 5465 2934 5523 tametsi
2965 5465 3140 5521 ambo
3182 5464 3243 5521 in
3302 5464 3566 5536 subjecto
3598 5480 3728 5521 esse

2951 5607 2994 5643 ¹³
3025 5608 3052 5663 1
3078 5606 3255 5685 Pbys.
3305 5623 3357 5665 c.
3387 5607 3444 5663 6.
3473 5610 3519 5664 t.
3547 5605 3639 5676 50,
3671 5610 3730 5667 et
