4094 6432
339 440 489 503 1031

1580 438 2012 502 NICEPHOHI
2057 440 2499 503 BLEMMIDAZ

3609 441 3780 502 i032

333 573 627 644 dicantur,
660 572 819 644 quod
852 570 1121 627 accidens
1153 586 1289 625 cum
1319 570 1576 627 essentia
1617 588 2000 645 congressum

2116 568 2254 641 ὕλης
2285 570 2533 626 σύνθετόν
2562 592 2615 626 τι
2664 577 2913 642 ποιῆσαι,
2946 566 3298 645 συμϐεϐηκός
3350 571 3462 628 ἐστι
3519 574 3592 646 τῇ
3640 571 3772 647 ὕλῃ.

335 678 452 717 non
484 664 680 732 potest
708 658 931 730 aliquid
974 674 1109 713 cum
1165 674 1233 713 ea
1285 657 1683 730 compositum
1740 658 2003 728 efﬁcere;

336 748 839 823 quemadmodum
868 763 1010 802 sane
1039 745 1215 801 etiam
1246 746 1666 818 privatio,quia
1683 763 1799 802 non
1817 751 2009 819 potest

2116 659 2187 713 Τὸ
2218 656 2263 714 δ’
2295 658 2436 723 εἶδος
2468 662 2564 730 τήν
2595 660 2841 715 σύνθετον
2872 659 3054 715 οὐσίαν
3091 661 3225 733 μετὰ
3251 666 3355 725 τῆς
3410 658 3554 730 ὕλης
3598 666 3776 733 ποιεῖ,

2116 746 2395 803 κάντεῦθεν
2426 748 2527 804 οὐκ
2556 744 2668 804 ἔστι
2697 744 3067 823 συμϐεϐηκός.

337 855 473 895 cum
532 836 777 893 materia
833 835 1056 908 aliquid
1117 837 1213 890 Il
1276 836 1670 906 compositum
1729 836 1957 892 efﬁcere
1986 838 2051 909 ¹⁴,
2113 838 2385 895 accidens
2415 844 2507 895 est
2565 839 3091 897 materi1e:forma
3125 842 3324 896 autem
3355 856 3491 896 cum
3522 841 3786 898 materia

338 927 658 984 essentiam
705 925 1090 997 compositam
1122 923 1340 991 efﬁcit;
1384 928 1441 978 et
1460 924 1705 995 proinde
1737 942 1852 980 non
1886 929 1977 981 est
2009 926 2297 983 accidens.

406 1019 461 1072 8.
512 1015 676 1082 Quod
718 1015 768 1071 si
819 1016 1070 1087 [regeret
1121 1012 1335 1084 aliquis
1394 1013 1675 1085 amplius]
1733 1014 2002 1070 essentia:

337 1105 486 1162 nihil
517 1104 897 1170 contrarium,
930 1104 1127 1158 formae
1178 1106 1373 1157 autem
1427 1102 1672 1175 privatio
1721 1107 1812 1158 est
1867 1119 2001 1159 cou-

338 1192 867 1266 traria,[quomodo
889 1192 1089 1248 formae
1106 1191 1217 1246 erit
1235 1192 1491 1247 essentia
1508 1191 1558 1262 ?J
1572 1194 1786 1247 Verum
1816 1191 1899 1247 illi
1915 1208 2007 1248 es-

340 1283 538 1341 sentia:
556 1281 699 1338 nihil
716 1285 805 1337 est
822 1279 1338 1351 contrarium,quaa
1351 1296 1656 1352 nunquam
1669 1280 1727 1334 in
1744 1280 2008 1351 subjecto

340 1370 967 1439 consideratur,i‘orma
986 1373 1182 1424 autem
1202 1374 1497 1441 quatenus
1519 1369 1577 1423 in
1596 1370 2012 1440 subjecto,ma.

337 1459 1162 1533 teria,agnoscitur,hactenus
1189 1458 1365 1512 etiam
1390 1456 1471 1511 illi
1500 1458 1746 1529 privatio
1769 1463 1858 1514 est
1878 1475 2013 1518 con-

336 1551 539 1607 traria.
575 1548 793 1605 Deinde
814 1563 948 1603 vero
964 1546 1152 1602 forma
1166 1545 1286 1601 haec
1299 1563 1373 1602 ne
1388 1547 1627 1618 quidem
1653 1548 1910 1603 essentia
1923 1562 2013 1612 est,

337 1640 593 1713 proprie,
629 1636 1132 1709 quemadmodum
1168 1651 1271 1690 nec
1309 1637 1576 1691 materia.
1601 1638 1661 1691 Si
1695 1636 1849 1692 enim
1902 1636 2013 1693 ele-

338 1733 541 1785 menta
557 1728 628 1783 ab
651 1726 744 1781 his
761 1742 887 1797 quae
902 1728 1042 1780 sunt
1060 1740 1129 1779 ex
1148 1724 1452 1780 elementis
1469 1724 1698 1780 diversa
1723 1730 1863 1781 sunt
1883 1726 2011 1797 (ne-

338 1836 450 1891 quo
480 1817 637 1874 enim
660 1815 854 1871 carnis
868 1813 1394 1878 elementa,carnes
1409 1815 1741 1883 sunt),satis
1760 1815 2010 1871 manife-

334 1914 493 1965 stum
522 1911 615 1963 est
644 1921 750 1961 nec
779 1903 1046 1959 essentia:
1076 1902 1387 1974 elementa,
1433 1903 1667 1975 proprie
1715 1904 2010 1959 essentias

334 2014 483 2067 esse,
499 1993 694 2070 qualis
718 1997 811 2050 est
829 2009 898 2049 ea
928 2009 1060 2064 qua:
1086 1996 1312 2047 constat
1332 2007 1401 2047 ex
1421 1992 1706 2065 ipsis.Sed
1730 1994 2008 2065 quoniam

334 2086 592 2143 essentia
620 2081 965 2139 intentionis
996 2086 1053 2137 et
1082 2080 1451 2136 remissionis
1481 2081 1705 2137 ratione
1752 2082 2007 2146 dicitur;

335 2179 509 2232 erunt
540 2173 899 2245 haecquoque
929 2171 1364 2243 quodammodo
1423 2172 1711 2240 essentiae,
1767 2189 2007 2245 compo-

334 2265 450 2321 sita
478 2268 675 2319 tamen
706 2260 1044 2324 deteriores,
1076 2264 1134 2314 et
1162 2264 1229 2314 ut
1262 2261 1346 2315 ita
1375 2260 1590 2330 dicam,
1642 2260 2005 2331 essentiales,

334 2370 451 2409 non
508 2349 812 2416 essentiae;
871 2365 987 2421 quo
1045 2348 1284 2403 nomine
1344 2347 1519 2404 etiam
1579 2365 1889 2421 corporeae,
1950 2356 2007 2407 et

334 2459 449 2498 non
482 2456 743 2513 corpora.
769 2438 900 2493 Haec
930 2442 1124 2493 autem
1157 2455 1291 2493 cum
1324 2437 1406 2492 ita
1438 2454 1499 2493 se
1547 2438 1821 2509 habeant,
1855 2457 1998 2511 quo-

332 2532 468 2586 dam
499 2529 774 2601 equidem
805 2528 979 2582 modo
1012 2527 1200 2582 forma
1230 2526 1415 2595 magis
1454 2528 1712 2583 essentia
1770 2528 2001 2584 videtur

331 2636 498 2687 esse;
535 2618 792 2690 quodam
825 2621 1020 2671 autem
1053 2616 1225 2670 modo
1285 2616 1386 2671 I2
1448 2616 1713 2672 materia.
1770 2617 1998 2673 Etenim

338 2708 530 2780 quoad
566 2705 952 2763 stabilitatem
986 2705 1226 2777 quidem
1260 2710 1319 2760 et
1375 2705 1763 2775 subjectionis
1822 2706 2000 2761 ratio-

332 2814 466 2853 nem
502 2795 750 2852 materia
778 2794 968 2867 magis
999 2810 1178 2865 quam
1213 2794 1401 2849 forma
1422 2798 1698 2849 censetur
1719 2796 1995 2866 essentia,

2188 1016 2261 1084 η’.
2296 1016 2361 1071 Et
2420 1013 2478 1072 δὲ
2531 1020 2600 1091 τῇ
2660 1016 2817 1089 οὐσίᾳ
2873 1014 3110 1072 ἐναντίον
3167 1014 3360 1073 οὐδέν’
3417 1021 3498 1091 τῷ
3543 1015 3604 1073 δὲ
3642 1015 3787 1074 εἴδει

2118 1102 2327 1159 ἐναντία
2374 1107 2409 1175 ἡ
2457 1105 2736 1182 στέρησις’
2787 1103 2915 1161 ἀλλ’
2963 1105 3137 1181 ἐκείνῃ
3191 1110 3262 1181 τῇ
3320 1105 3481 1180 οὐσίᾳ
3536 1106 3786 1163 ἐναντίον

2119 1189 2273 1248 οὐδὲν
2303 1197 2373 1268 τῇ
2406 1194 2483 1267 μὴ
2537 1194 2589 1249 ἐν
2639 1193 2983 1268 ὑποκειμένῳ
3025 1194 3375 1272 θεωρουμένῃ
3417 1194 3571 1252 ποτέ.
3602 1193 3679 1251 Τὰ
3721 1192 3791 1251 δὲ

2121 1279 2262 1345 εἶδος
2290 1284 2407 1337 καθ’
2436 1282 2466 1337 ὃ
2505 1282 2557 1338 ἐν
2611 1281 2948 1357 ὑπονειμένῳ
2992 1287 3064 1358 τῇ
3112 1281 3218 1359 ὕλῃ
3264 1284 3610 1361 γινώσκεται,
3640 1285 3795 1341 κατὰ

2118 1377 2280 1427 τοῦτο
2332 1372 2423 1427 καὶ
2472 1371 2705 1428 ἐναντίον
2751 1366 2867 1449 ἔχει
2916 1373 3017 1442 τήν
3064 1371 3333 1447 στέρησιν.
3383 1375 3613 1430 Ἔπειτα
3653 1370 3797 1430 οὐδὲ

2120 1460 2324 1538 κυρίως
2358 1461 2513 1516 οὐσία
2538 1462 2601 1517 τὸ
2645 1466 2892 1518 τοιοῦτον
2946 1459 3087 1524 εἶδός
3136 1462 3299 1532 ἐστιν,
3331 1460 3515 1540 ὥσπερ
3562 1460 3695 1519 οὐδὲ
3750 1465 3791 1534 ἡ

2122 1549 2269 1622 ὕλη·
2331 1550 2375 1604 εί
2432 1552 2535 1627 γὰρ
2589 1546 2747 1627 ἕτερα
2796 1550 2864 1605 τά
2916 1555 3165 1627 στοιχεῖα
3225 1555 3335 1607 τῶν
3401 1556 3795 1628 ποιχειωτῶν

2121 1637 2271 1714 (οὐδὲ
2327 1640 2431 1715 γὰρ
2487 1646 2587 1709 τῆς
2637 1639 2834 1715 σαρκὸς
2885 1640 2952 1694 τὰ
3009 1644 3260 1715 στοιχεῖα
3287 1640 3477 1716 σάρκες
3507 1639 3692 1715 εἰσὶν),
3730 1637 3799 1697 εὖ

2123 1726 2316 1801 δηλον,
2351 1728 2425 1789 ὡς
2456 1726 2581 1783 οὐδὲ
2606 1729 2675 1783 «ca:
2719 1731 2817 1798 τῆς
2867 1727 3056 1792 οὐσίας
3097 1733 3347 1805 στοιχεῖα
3375 1731 3564 1804 (ταῦτα
3611 1727 3673 1786 δὲ
3718 1731 3798 1785 τὸ

2122 1815 2265 1880 εἶδος
2315 1816 2404 1873 καί
2452 1820 2488 1887 ἡ
2539 1815 2673 1890 ὕλη)
2704 1817 2907 1895 κυρίως
2957 1817 3017 1873 ἃν
3060 1817 3163 1873 εἶεν
3210 1817 3425 1874 οὐσίαν
3461 1818 3627 1875 ὁποία
3655 1822 3692 1890 ἠ
3731 1818 3796 1892 ἐξ

2121 1906 2319 1967 αὐτῶν,
2352 1904 2510 1961 Ἀλλ’
2540 1905 2761 1982 ἐπείπερ
2791 1909 2828 1976 ἡ
2860 1904 3017 1963 οὐσία
3054 1907 3193 1963 κατά
3235 1908 3299 1964 τὸ
3358 1904 3573 1981 μᾶλλον
3621 1905 3793 1986 λέγε-

2118 2017 2208 2051 ται
2260 1993 2350 2050 καί
2406 1996 2471 2050 τὸ
2524 1998 2709 2069 ἦττον,
2759 1991 2967 2051 ἕσοιντό
3018 2017 3137 2060 πως
3186 1996 3275 2053 καὶ
3330 2001 3500 2053 ταῦτα
3555 1996 3737 2054 οὐσίαι
3768 2017 3792 2036 ο

2120 2084 2345 2162 χείρους
2378 2086 2560 2157 μέντοι
2592 2092 2693 2155 τῆς
2724 2084 2996 2157 συνθέτου,
3027 2086 3117 2141 καὶ
3148 2087 3264 2141 οἷον
3313 2085 3482 2143 εἰπεῖν
3529 2084 3786 2160 οὑσιώδη

2120 2174 2208 2228 καὶ
2255 2173 2355 2229 οὑκ
2409 2172 2610 2231 οὐσίαι.
2675 2173 2822 2229 Διότι
2879 2174 2969 2229 καὶ
3026 2176 3333 2248 σωματικὰ,
3366 2173 3492 2231 ἀλλ’
3544 2175 3608 2230 οὗ
3669 2179 3792 2232 σώ-

2127 2283 2289 2335 ματα.
2319 2264 2536 2318 Τούτων
2588 2259 2659 2317 δι’
2689 2261 2864 2326 οὕτως
2914 2262 3177 2340 ἑχόντων,
3210 2268 3328 2326 πῶς
3381 2264 3476 2338 μὲν
3518 2265 3583 2320 τὸ
3633 2264 3792 2331 εἶδος

2122 2349 2336 2425 μᾶλλον
2393 2351 2547 2406 οὐσία
2603 2348 2772 2424 δοκεῖ,
2806 2356 2924 2413 πῶς
2983 2349 3042 2407 δὲ
3070 2355 3105 2424 ἡ
3139 2350 3246 2423 ὕλη
3275 2372 3289 2421 ;
3321 2354 3467 2409 Κατά
3515 2353 3612 2426 μὲν
3673 2355 3788 2431 γὰρ

2106 2441 2170 2495 τὸ
2205 2440 2437 2513 μόνιμον
2464 2440 2555 2495 καὶ
2583 2440 2647 2495 τὸ
2690 2440 3004 2496 ὑποκεῖσθαι
3053 2440 3268 2514 μᾶλλον
3318 2446 3416 2497 τοῦ
3466 2439 3646 2505 εἴδους
3692 2443 3791 2500 οὖ-

2110 2528 2198 2583 σία
2226 2531 2262 2597 ἡ
2295 2529 2401 2599 ὕλη
2456 2527 2773 2601 νομίζεται·
2819 2530 3049 2585 καθόσον
3100 2526 3147 2584 δ’
3178 2530 3390 2604 ἑκάστῳ
3436 2535 3543 2586 τῶν
3604 2527 3788 2587 ὄντων

2107 2618 2243 2672 κατά
2266 2618 2330 2673 τὸ
2361 2615 2505 2679 εἶδος
2533 2616 2595 2672 τὸ
2632 2617 2763 2673 εἶναί
2811 2617 2923 2673 ἐστι
2973 2619 3111 2693 (καθ’
3142 2619 3171 2673 ὃ
3202 2619 3292 2674 καὶ
3354 2616 3610 2698 διαφέρον
3668 2626 3787 2677 τῶν

2108 2704 2294 2761 ἄλλων
2357 2705 2439 2761 ἐπ’
2496 2706 2699 2769 οἰκείας
2753 2706 3050 2778 καθέστηκε
3104 2707 3364 2786 φύσεως),
3412 2709 3550 2764 κατὰ
3604 2714 3782 2766 τοῦτο

2112 2794 2325 2868 μᾶλλον
2360 2795 2517 2850 οὐσία
2545 2796 2608 2850 τὸ
2642 2792 2784 2859 εἶδος
2817 2791 3282 2870 ὑπολαμϐάνεται.

331 2890 624 2959 quatenus
703 2888 900 2940 autem
958 2883 1170 2954 cuique
1217 2883 1298 2939 rei
1354 2900 1530 2939 suum
1562 2900 1691 2939 esse
1722 2901 1823 2956 per
1851 2885 2104 2941 formam
2156 2892 2247 2943 est
2275 2890 2401 2959 (per
2429 2902 2608 2959 quam
2646 2887 2826 2943 etiam
2856 2890 2929 2943 ab
2965 2886 3095 2943 aliis
3126 2887 3403 2944 differens
3432 2888 3493 2944 in
3523 2890 3780 2962 propria

338 2974 611 3031 consistit
652 2973 906 3045 natura),
938 2976 1181 3027 eatenus
1213 2972 1400 3027 forma
1429 2972 1618 3044 magis
1650 2976 1907 3029 essentia
1931 2974 2358 3032 exsistimatur.

400 3065 456 3119 9.
488 3068 667 3119 Porro
698 3060 857 3117 aliud
889 3065 979 3117 est
1008 3059 1371 3115 naturalium
1404 3078 1718 3132 corporum
1778 3061 1995 3134 princi-

330 3153 429 3227 pia
457 3153 771 3224 inquirere,
805 3167 875 3206 ex
899 3150 1117 3222 quibus
1150 3148 1371 3221 aliquid
1406 3167 1519 3204 non
1556 3167 1657 3222 per
1703 3151 1999 3218 accidens,

328 3252 430 3307 sed
468 3268 568 3324 per
596 3266 659 3305 se
690 3253 884 3304 ortum
915 3252 1038 3303 est:
1073 3252 1130 3303 et
1160 3246 1315 3303 aliud
1366 3253 1457 3303 est
1510 3248 1856 3319 simpliciter
1888 3250 1998 3318 [di-

328 3341 457 3409 ctae]
491 3337 837 3393 mutationis
879 3336 1169 3409 principia
1224 3336 1524 3407 indagare.
1575 3338 1775 3401 Quoad
1834 3338 2001 3409 prius

329 3443 486 3498 ergo,
548 3425 793 3498 privatio
848 3425 960 3481 erit
1014 3428 1070 3479 et
1129 3425 1443 3496 pricipium
1475 3429 1532 3480 et
1563 3442 1741 3480 causa
1776 3443 1874 3496 per
1902 3443 2001 3481 ac-

326 3497 530 3571 cidens
554 3497 567 3571 ξ
594 3519 661 3569 ut
692 3530 818 3585 qua:
852 3530 965 3569 non
998 3513 1211 3569 existat
1240 3514 1299 3567 in
1330 3529 1391 3568 re
1447 3531 1576 3584 quae
1635 3516 1842 3580 oritur,
1892 3516 1994 3571 sed
2028 3497 2071 3563 C

326 3604 505 3660 etiam
537 3604 609 3659 ab
641 3619 710 3658 ea
739 3603 1005 3673 sejuncta
1038 3602 1132 3657 sit.
1168 3602 1410 3658 Materia
1439 3602 1596 3661 enim
1627 3608 1685 3659 et
1715 3604 1903 3659 forma
1936 3604 1995 3659 in

326 3709 393 3749 eo
423 3693 577 3765 quod
608 3692 1097 3757 oriturexistunt,
1154 3695 1211 3745 et
1268 3694 1578 3763 propterea
1634 3691 1816 3747 etiam
1873 3690 1999 3747 ele-

327 3781 615 3838 mentaria
645 3797 844 3837 rerum
876 3778 1237 3852 generationi
1270 3780 1676 3849 subjectarum
1710 3780 2000 3852 principia

323 3871 603 3926 dicuntur
633 3870 713 3937 ‘5;
746 3869 961 3941 quippe
991 3867 1282 3924 elementa
1313 3869 1371 3923 in
1404 3884 1472 3923 ea
1503 3885 1563 3922 re
1593 3885 1721 3940 quae
1770 3872 2001 3924 constat

324 3976 394 4016 ex
422 3958 591 4032 ipsis,
616 3959 864 4015 existere
903 3973 1138 4013 necesse
1195 3962 1303 4012 est.
1366 3957 1566 4020 Quoad
1631 3962 1831 4013 autem
1889 3974 1998 4029 po-

326 4049 566 4115 sterius,
600 4046 850 4119 privatio
882 4062 996 4100 non
1029 4050 1262 4100 tantum
1295 4063 1397 4117 per
1446 4045 1721 4102 accidens
1780 4045 1996 4118 princi-

324 4154 487 4210 pium
519 4140 578 4191 et
604 4152 785 4191 causa
809 4133 940 4201 erit,
996 4135 1097 4189 sed
1138 4134 1270 4205 jam
1319 4133 1496 4189 etiam
1553 4151 1657 4205 per
1700 4150 1781 4189 se.
1836 4135 2000 4190 Sicut

324 4227 483 4282 enim
517 4226 705 4282 forma
737 4223 1079 4279 mutationis
1110 4223 1182 4277 ad
1215 4238 1345 4277 esse
1367 4238 1548 4278 causa
1594 4227 1702 4293 est,
1750 4222 1831 4278 ita
1880 4222 1997 4296 pri-

323 4315 499 4386 vatio,
559 4315 633 4369 ad
685 4329 800 4369 non
859 4329 1008 4369 esse.
1069 4312 1217 4367 Hinc
1261 4311 1444 4384 igitur
1473 4311 1851 4367 manifestum
1885 4316 1995 4381 est,

325 4420 504 4459 unam
533 4403 915 4471 eamdemque
947 4417 1069 4456 rem
1123 4400 1414 4456 contrario
1473 4399 1646 4455 modo
1705 4400 1995 4456 aﬂ‘ectam.

324 4492 755 4549 contrariorum
782 4506 1023 4546 causam
1045 4489 1432 4545 effici.Forma
1462 4489 1618 4545 enim
1652 4506 1786 4545 cum
1833 4491 2000 4546 adest

326 4581 589 4654 quidem,
644 4578 1037 4650 generationis
1092 4579 1194 4633 13
1226 4594 1405 4633 causa
1436 4594 1539 4650 per
1570 4594 1669 4645 se;
1705 4595 1837 4633 cum
1899 4596 2001 4633 au-

324 4671 447 4725 tem
508 4669 696 4733 abest,
758 4666 1151 4739 corruptionis
1205 4682 1385 4721 causa
1442 4671 1531 4720 est
1578 4682 1681 4737 per
1704 4667 1995 4738 accidens,

325 4758 563 4815 inverso
594 4758 767 4813 modo
797 4756 1044 4827 privatio
1076 4772 1138 4811 se
1170 4755 1364 4810 habet.
1419 4757 1560 4809 Cum
1620 4756 1773 4810 enim
1832 4756 2000 4811 adest

2181 3064 2244 3119 θ’.
2278 3061 2455 3119 Ἀλλο
2514 3060 2572 3118 δέ
2631 3062 2771 3117 ἐστιν
2827 3063 3002 3139 ἀρχὰς
3053 3067 3163 3118 τῶν
3214 3068 3457 3142 φυσικῶν
3493 3063 3781 3138 σωμάτων

2112 3155 2308 3221 ζητεῖν,
2356 3150 2408 3222 ἐξ
2438 3152 2513 3207 ὧν
2558 3150 2749 3228 γέγονέ
2795 3173 2847 3206 τι
2899 3154 2974 3225 μή
3024 3152 3162 3207 κατά
3211 3147 3579 3226 συμϐεϐηκὸς,
3626 3151 3788 3211 ἀλλὰ

2109 3241 2226 3303 καθ’
2275 3240 2426 3311 αὑτὸ,
2458 3240 2547 3295 καὶ
2594 3238 2736 3295 ἄλλο
2790 3235 3104 3314 μεταϐολῆς
3154 3239 3345 3303 ἁπλῶς
3391 3241 3569 3318 ἀρχὰς
3620 3243 3785 3319 ἐρευ-

2109 3334 2222 3399 νᾷν.
2271 3330 2415 3383 Κατὰ
2474 3330 2567 3403 μὲν
2628 3329 2719 3384 οὗν
2778 3331 2841 3384 τὸ
2887 3333 3105 3405 πρῶτον
3156 3332 3191 3400 ἡ
3244 3332 3498 3407 στέρησις
3568 3330 3632 3386 ἂν
3683 3329 3782 3404 εἴη

2111 3417 2256 3494 ἀρχή
2307 3440 2366 3473 τε
2410 3421 2500 3473 καὶ
2548 3415 2719 3473 αἶ’τιον
2768 3418 2905 3473 κατά
2951 3412 3321 3492 συμϐεϐηκὸς,
3352 3420 3429 3482 ὡς
3483 3421 3559 3493 μή
3616 3419 3788 3477 ἐνυπ-

2112 3508 2283 3583 άρχον
2343 3512 2423 3580 τῷ
2470 3509 2767 3583 γινομένῳ,
2806 3506 2953 3563 ἀλλά
3009 3508 3145 3582 (καὶ)
3201 3509 3614 3586 κεχωρισμένον
3674 3511 3783 3566 αὖ·

2106 3601 2225 3653 τοῦ.
2257 3601 2316 3650 Ἡ
2349 3593 2455 3667 ὕλη
2488 3597 2589 3673 γὰρ
2631 3597 2720 3652 καὶ
2778 3596 2840 3651 τὸ
2900 3594 3043 3659 εἶδος
3091 3595 3453 3674 ἐνυπάρχουσι
3502 3603 3583 3671 τῷ
3622 3619 3788 3676 γινο-

2113 3684 2273 3759 μένῳ,
2306 3685 2396 3740 καὶ
2428 3682 2517 3740 διὰ
2543 3690 2705 3741 τοῦτο
2734 3685 2826 3741 καὶ
2856 3684 3230 3762 στοιχειώδεις
3291 3687 3460 3764 ἀρχαὶ
3502 3691 3613 3743 τῶν
3669 3689 3788 3746 ὑπὸ

2108 3774 2315 3848 γένεσιν
2384 3772 2650 3849 λέγονται.
2723 3775 3082 3851 Ἐνυπάρχειν
3155 3774 3258 3851 γὰρ
3344 3775 3636 3852 ἀναγκαῖον
3707 3778 3786 3833 τὰ

2110 3867 2357 3937 στοιχεῖα
2401 3866 2480 3934 τῷ
2524 3866 2883 3937 ποιχειωτῴ.
2939 3862 3083 3917 Κατά
3136 3859 3195 3917 δὲ
3233 3862 3298 3917 τὸ
3347 3860 3596 3941 δεύτερον
3668 3863 3784 3921 οὐχ

2109 3950 2168 4005 ἂν
2223 3947 2306 4020 εἷή
2371 3949 2535 4023 μόνον
2593 3952 2730 4006 κατὰ
2787 3945 3138 4024 συμϐεϐηκὸς
3195 3951 3343 4027 ἀρχὴ
3418 3951 3510 4007 καὶ
3589 3948 3777 4009 αἴτιον

2106 4041 2139 4092 ’ὃ
2201 4040 2485 4115 στέρησις-
2545 4037 2673 4095 ἀλλ’
2702 4036 2811 4110 ἤδη
2865 4040 2956 4094 καὶ
3010 4041 3130 4094 καθ’
3183 4039 3451 4104 αὑτό.⁶Ως
3508 4041 3614 4118 γὰρ
3664 4049 3779 4112 τῆς

2108 4127 2186 4190 εἰς
2215 4128 2277 4182 τὸ
2310 4127 2445 4182 εἶναι
2481 4123 2791 4201 μεταϐολῆς
2821 4124 2993 4182 αἷίειον
3024 4129 3087 4182 τὸ
3116 4125 3291 4191 εἶδος·
3354 4127 3500 4183 οὕτω
3554 4136 3660 4199 τῆς
3691 4130 3776 4195 εἰς

2106 4217 2167 4272 τὸ
2219 4218 2294 4291 μὴ
2339 4217 2472 4271 εἶναι
2504 4218 2539 4286 ἠ
2573 4215 2846 4294 στέρησις.
2881 4214 3061 4286 Δῆλον
3121 4214 3212 4273 οὖν
3265 4216 3529 4288 ἐντεῦθεν,
3569 4217 3657 4289 ὅτι
3706 4219 3778 4275 τὸ

2107 4306 2237 4361 αὐτὸ
2291 4306 2381 4361 καὶ
2422 4304 2477 4361 ἓν
2530 4304 2781 4368 ἐναντίως
2833 4302 3173 4378 διακείμενον
3222 4310 3330 4361 τῶν
3392 4305 3648 4363 ἐναντίων
3688 4308 3777 4364 αἶ’-

2104 4417 2221 4451 τιον
2250 4395 2478 4472 γίνεται.
2510 4399 2588 4469 Τῇ
2643 4395 2738 4469 μὶν
2797 4394 2901 4471 γὰρ
2958 4393 3229 4471 παρουσίᾳ
3282 4396 3346 4451 τὸ
3405 4393 3548 4458 εἶδος
3592 4395 3768 4453 αἲτιόν

2108 4484 2217 4540 ἐστι
2273 4488 2370 4555 τῆς
2428 4483 2685 4560 γενέσεως
2736 4486 2854 4539 καθ’
2910 4483 3077 4539 αὑτό·
3107 4488 3178 4559 τῇ
3239 4481 3285 4538 δ’
3317 4484 3554 4557 ἀπουσίᾳ
3591 4483 3769 4542 αἴτιον

2104 4577 2203 4643 τῆς
2262 4576 2464 4653 φθορᾶς
2522 4574 2660 4629 κατὰ
2715 4568 3086 4649 συμϐεϐηκός.
3136 4575 3199 4629 Ἡ
3256 4574 3509 4651 στέρησις
3568 4572 3617 4630 δ’
3666 4574 3769 4650 ἔμ-

2106 4662 2270 4719 παλιν
2295 4685 2307 4697 ·
2348 4666 2416 4738 τῇ
2452 4665 2547 4736 μὲν
2579 4662 2851 4739 παρουσίᾳ
2877 4665 2978 4732 τῆς
3027 4664 3236 4741 φθορᾶς
3280 4662 3453 4719 αἵτιον
3500 4665 3621 4719 καθ’
3667 4665 3771 4721 αὑ-

2106 4752 2197 4807 τό⁶
2228 4755 2297 4827 τῇ
2330 4749 2376 4806 δ’
2410 4752 2643 4823 ἀπουσίᾳ
2686 4759 2787 4821 τῆς
2828 4750 3086 4827 γενέσεως
3147 4747 3318 4807 αἴτιον
3373 4753 3510 4807 κατά
3556 4748 3768 4827 συμϐε-

329 4848 591 4920 quidem,
624 4845 1017 4917 corruptionis
1048 4861 1224 4901 causa
1254 4860 1357 4915 per
1373 4860 1469 4912 se;
1504 4859 1638 4899 cum
1657 4860 1791 4899 vero
1809 4845 1999 4927 abest,

2116 4836 2302 4912 ϐηκός.
2338 4843 2359 4862 ’⁸
2390 4847 2435 4896 Η
2474 4838 2684 4915 μᾶλλον
2712 4841 2848 4896 κατά
2876 4843 2976 4910 τήν
3008 4840 3306 4917 παρουσίαν
3338 4842 3431 4896 καὶ
3479 4841 3620 4897 κατά
3664 4843 3772 4914 τὴν

328 4935 727 5011 generationis
753 4951 937 4991 causa
964 4938 1056 4989 est
1092 4951 1195 5005 per
1225 4932 1517 4988 accidens.
1550 4934 1759 4996 Aut,ut
1789 4932 2003 4989 rectius

329 5027 544 5097 dicam,
573 5024 822 5097 privatio
853 5027 910 5079 et
941 5040 1072 5079 cum
1101 5023 1268 5078 adest
1297 5027 1354 5077 et
1384 5038 1518 5077 cum
1550 5022 1737 5088 abest,
1764 5038 2003 5093 genera_

327 5115 507 5171 tionis
559 5130 738 5169 causa
784 5117 875 5168 est
904 5128 1006 5184 per
1032 5110 1340 5177 accidens;
1374 5127 1509 5166 cum
1541 5110 1781 5182 quidem
1812 5111 1997 5174 adest,

332 5208 637 5276 propterea
669 5203 823 5274 quod
856 5202 912 5256 id
946 5202 1099 5273 quod
1135 5202 1343 5269 oritur,
1373 5215 1442 5255 ex
1470 5216 1537 5256 eo
1564 5200 1719 5271 quod
1755 5215 1872 5255 non
1911 5203 2001 5255 est

332 5292 695 5364 hujusmodi,
728 5292 865 5347 oriri
898 5294 1159 5362 oportet;
1194 5306 1329 5343 cum
1376 5293 1571 5344 autem
1620 5288 1805 5355 abest,
1840 5288 1997 5361 quod

330 5380 461 5452 ipsa
486 5381 861 5447 abscedente,
892 5381 1081 5435 forma
1103 5378 1450 5434 innascitur.

406 5538 450 5575 1‘
482 5538 509 5595 1
543 5537 716 5613 Phys.
749 5555 798 5595 ο·
832 5538 888 5611 3,
912 5541 936 5595 t
963 5539 1054 5607 60,
1085 5538 1175 5594 66.
1284 5539 1328 5573 ίί
1356 5538 1381 5593 1
1418 5536 1591 5611 Phys.
1624 5553 1674 5593 c.
1707 5538 1762 5595 9.
1808 5542 1849 5595 t.
1901 5540 1992 5595 57.

2112 4930 2371 4986 ἀπουσίαν
2415 4926 2498 5000 εἷή
2552 4929 2612 4984 ἂν
2644 4932 2678 4999 ἡ
2705 4930 2956 5006 στέρησις
2987 4927 3158 4984 αἶ’τιον
3216 4930 3355 4985 κατά
3414 4925 3770 5005 συμϐεϐηκὸς

2111 5027 2209 5090 τῆς
2289 5020 2586 5096 γενέσεως·
2655 5019 2792 5073 κατά
2868 5019 2963 5092 μὲν
3020 5019 3119 5089 τὴν
3178 5018 3499 5094 παρουσίαν,
3559 5017 3653 5074 ὅτι
3707 5018 3772 5076 ἐκ

2115 5110 2190 5183 μὴ
2247 5108 2505 5164 τοιούτου
2586 5104 2668 5163 δεῖ
2732 5108 2976 5182 γενέσθαι
3020 5107 3084 5162 τὸ
3135 5106 3463 5184 γινόμενον·
3521 5109 3659 5163 κατά
3708 5105 3771 5164 δὲ

2106 5200 2206 5268 τήν
2261 5196 2546 5269 ἀπουσίαν,
2578 5197 2660 5254 ὅτι
2712 5197 3119 5275 ἀπογινομάνης
3176 5197 3346 5268 αὐτῆς
3396 5197 3461 5253 τὸ
3500 5194 3642 5260 εἶδος
3672 5196 3767 5275 ἐγ-

2106 5288 2330 5366 γίνεται.

1951 5744 2149 5762 —
