4094 6432
348 370 506 431 1035

1612 367 2017 430 NIGEPQORI
2061 362 2501 428 BLEMMlDzE

3617 360 3787 426 {036

413 506 468 557 2.
518 506 680 558 Hanc
726 500 1115 573 privationem
1161 516 1296 556 cum
1347 498 1530 572 aliqui
1578 517 1646 556 ex
1703 499 1996 557 veteribus

2186 498 2252 573 ﬂ".
2302 495 2510 568 Ταύτην
2568 497 2668 566 τὴν
2728 494 2976 570 στέρησίν
3033 516 3176 557 τινες
3231 498 3339 550 τῶν
3398 494 3787 572 ἀρχαιοτέρων

342 611 457 650 non
510 590 957 657 intellexissent,
1008 590 1335 645 naturalem
1381 590 1848 661 generationem,
1899 590 2000 645 iti-

340 683 596 753 demque
618 679 1052 749 corruptionem
1074 679 1459 737 sustulerunt.
1472 680 1748 737 Dicebant
1767 678 1995 736 enim”:

342 771 404 830 Si
434 786 611 829 omne
638 769 796 842 quod
828 767 1004 837 ﬁt,vel
1035 784 1106 824 ex
1133 784 1199 823 eo
1231 768 1385 837 quod
1417 767 1623 840 est,vel
1644 786 1714 823 ex
1744 784 1811 823 eo
1841 769 1999 839 quod

343 877 462 916 non
493 863 605 927 est,
636 857 762 914 fieri
810 873 1052 931 necesse
1076 860 1186 923 est,
1218 857 1318 912 sed
1371 873 1477 913 nec
1508 874 1576 914 ex
1602 862 1737 913 ente
1784 858 1880 912 17
1936 856 2001 912 ﬁt

344 965 451 1006 ens
472 949 621 1020 (jam
672 946 854 1013 enim,
889 950 1203 1017 antequam
1254 946 1373 1011 ﬂat,
1408 963 1515 1002 ens
1542 951 1691 1018 est);
1720 961 1823 1002 nec
1868 961 1999 1001 rur-

345 1053 449 1094 sus
479 1053 550 1093 ex
578 1052 698 1091 non
727 1038 861 1092 ante
889 1035 993 1106 (sit
1022 1034 1180 1090 enim
1204 1034 1426 1106 aliquid
1449 1040 1677 1107 oportet
1704 1036 1763 1090 id
1786 1051 1855 1091 ex
1885 1050 2000 1106 quo

345 1127 415 1182 ﬁt
460 1125 704 1198 aliquid,
738 1129 795 1180 et
824 1129 891 1180 ut
942 1140 1065 1179 rem
1101 1140 1215 1179 uno
1252 1125 1427 1179 verbo
1479 1124 1854 1196 complectar,
1886 1140 1999 1179 non

345 1230 450 1271 ens
507 1213 652 1269 nihil
692 1214 800 1285 est)
834 1231 847 1267 :
882 1229 1248 1285 consequens
1296 1218 1406 1279 est,
1438 1230 1510 1267 ne
1563 1214 2001 1285 generationem

345 1303 584 1377 quidem
613 1288 717 1359 nec
749 1302 1180 1376 corruptionem
1213 1303 1433 1359 esse.In
1466 1302 1605 1375 quid
1638 1303 1795 1358 enim
1828 1301 2005 1357 resol-

339 1398 507 1469 vetur
547 1392 630 1465 id,
663 1384 819 1465 quOd
870 1409 987 1447 non
1038 1408 1107 1447 ex
1156 1390 1351 1463 aliquo
1399 1397 1596 1448 ortum
1646 1392 1785 1448 est?
1814 1392 2002 1457 Quare

339 1483 537 1541 mistio
584 1485 815 1538 tantum
847 1480 957 1538 erit
986 1485 1045 1537 et
1076 1480 1387 1541 mistorum
1428 1474 1762 1537 dissolutio.
1792 1480 1857 1536 ln
1891 1480 2001 1537 hac

2114 588 2191 656 μὴ
2223 585 2595 656 ἐννοήσαντες,
2642 586 2742 654 τὴν
2798 585 3027 660 φυσικὴν
3074 580 3289 639 ἀνεῖλον
3329 583 3557 660 γένεσινο
3591 582 3787 639 ὡσαύ-

2108 696 2217 738 τως
2247 674 2337 730 καὶ
2382 675 2609 753 φθορὰν,
2650 670 2835 749 ἔλεγον
2882 674 3009 749 γάρ’
3058 672 3125 731 Εἰ
3177 678 3279 729 πᾶν
3314 673 3359 728 '3
3403 672 3609 748 γίνεται
3656 673 3696 742 ἢ
3728 671 3787 744 ἐξ

2110 758 2267 826 ὄντος
2311 766 2348 832 ἢ
2400 763 2460 818 ἐκ
2515 764 2593 836 μὴ
2638 759 2801 826 ὄντος
2852 763 3053 839 ἀνάγκη
3114 762 3385 838 γίνεσθαι·
3440 759 3569 817 οὔτε
3614 758 3679 816 ιδ’
3728 760 3787 832 ἐξ

2111 848 2267 914 ὄντος
2295 852 2358 907 τὸ
2404 850 2463 906 ὃν
2506 851 2703 928 γίνεται
2743 849 2875 925 (ἤδη
2922 852 3025 927 γὰρ
3077 847 3192 906 ἔστι
3237 850 3359 928 «pa
3391 855 3491 905 τοῦ
3526 850 3786 926 Tum:

2107 941 2171 996 τὸ
2201 939 2305 1015 ὃν),
2349 938 2462 996 οὔτ’
2507 939 2575 995 αὖ
2625 939 2686 995 ἐκ
2737 942 2811 1013 μὴ
2848 935 3027 1003 ’ὄντος
3078 937 3185 1014 (δεῖ
3228 941 3333 1017 γὰρ
3364 939 3501 995 εἶναί
3542 958 3598 995 τι
3627 936 3705 995 τὸ
3730 939 3789 1011 ἐξ

2112 1028 2173 1085 οὗ
2203 1029 2398 1106 γένοιτ’
2445 1026 2528 1084 ἄν·
2558 1029 2649 1084 καὶ
2680 1027 2827 1091 ὅλως
2848 1030 2937 1084 ’τὸ
2987 1029 3062 1102 μῆ
3108 1027 3165 1084 ὃν
3221 1023 3376 1083 οὐδέν
3404 1026 3623 1099 ἐστιν),
3653 1025 3794 1084 οὔτε

2110 1117 2312 1196 γένεσις
2342 1116 2401 1173 ἂν
2445 1114 2552 1191 εἷή,
2600 1114 2725 1173 οότε
2773 1112 2831 1173 δὲ
2879 1117 3074 1197 φθορά.
3124 1115 3222 1180 Εἰς
3269 1117 3323 1172 τί
3352 1116 3458 1194 γὰρ
3500 1115 3794 1188 ἀναλυθή-

2114 1230 2257 1263 σεται
2307 1206 2370 1261 τὸ
2416 1209 2491 1281 μὴ
2527 1204 2586 1261 ἔκ
2627 1228 2775 1269 τινος
2821 1205 3044 1283 γεγονός
3078 1226 3091 1277 ;
3126 1205 3266 1261 ὥστε
3312 1206 3459 1280 μίξις
3507 1198 3622 1260 ἐστῖ
3676 1206 3793 1283 μό-

2111 1318 2223 1369 νον²
2283 1295 2372 1352 καὶ
2418 1301 2525 1351 τῶν
2576 1298 2846 1373 μιγέντων
2897 1282 3202 1369 διάλλαξις.
3246 1300 3427 1365 ’Ταῦτα
3475 1282 3798 1367 διηπόρουν

2111 1387 2173 1441 τὸ
2203 1384 2333 1440 αὐτὸ
2378 1389 2458 1457 τῷ
2501 1384 2776 1462 γινομένῳ
2830 1384 2994 1459 μόνον
3040 1384 3316 1448 ἐννοῢντες
3364 1379 3443 1439 ὄν·
3500 1386 3579 1458 μή
3613 1382 3675 1440 ὂν
3729 1381 3798 1439 δὲ

2111 1476 2181 1533 τὸ
2199 1474 2373 1545 πάντη
2410 1475 2490 1547 μὴ
2523 1469 2606 1529 ὄν.
2808 1522 2845 1531 .,
3124 1522 3129 1527 .
3233 1470 3239 1479 ’

338 1571 703 1631 dubitatione
759 1570 1167 1639 versabantur,
1206 1571 1348 1626 dum
1407 1587 1513 1626 ens
1568 1571 1727 1626 idem
1782 1586 1921 1626 cum
1978 1585 2047 1626 eo
2102 1568 2260 1639 quod
2291 1566 2391 1634 ﬁt;
2422 1582 2544 1623 nan
2602 1582 2709 1622 ens
2748 1568 2968 1636 autem,
3009 1566 3167 1638 quod
3224 1566 3466 1623 omnino
3506 1582 3630 1622 non
3680 1565 3803 1635 sit,

341 1659 779 1718 existimabant.

411 1778 464 1831 3.
498 1778 571 1832 At
600 1792 734 1831 vero
786 1775 936 1832 scire
965 1775 1271 1847 oportebat
1301 1775 1534 1831 duobus
1588 1774 1779 1832 modis
1811 1791 1914 1830 ens
1946 1777 2003 1829 et

2178 1770 2245 1845 γ’.
2289 1770 2502 1845 Ἐχηῆν
2558 1766 2606 1823 δ’
2652 1767 2934 1840 ἐπιστῆναι
2986 1763 3087 1824 ὄτι¹
3119 1765 3295 1845 διχῶς
3346 1749 3571 1849 λέγεται
3620 1764 3797 1825 τδὸν

342 1880 456 1920 non
484 1880 588 1920 ens
617 1863 732 1920 dici
768 1882 781 1919 :
816 1862 973 1919 aliud
1006 1863 1245 1936 quidem
1297 1880 1402 1936 per
1431 1880 1511 1932 se,
1546 1863 1706 1920 aliud
1735 1880 1869 1920 vero
1902 1879 2003 1936 per

342 1953 632 2031 accidens.
668 1950 763 2009 Sic
810 1946 968 2009 enim
1022 1953 1269 2029 materia
1317 1953 1553 2024 quidem
1585 1970 1690 2025 per
1733 1952 2002 2017 accidens

344 2043 559 2109 dicitur
599 2059 864 2112 nonens
912 2058 1042 2109 esse
1066 2060 1086 2113 λ
1132 2042 1274 2113 quia
1318 2042 1664 2114 privationis
1711 2042 2002 2114 particeps

345 2135 616 2203 est,un
665 2131 911 2203 privatio
938 2147 1041 2202 per
1090 2147 1153 2187 se
1184 2147 1301 2187 non
1333 2148 1441 2187 ens
1487 2136 1726 2187 vocatur
1756 2133 1820 2186 9°.
1854 2131 2002 2186 Nam

343 2220 546 2276 formae
574 2220 857 2275 duntaxat
900 2220 1167 2275 absentia
1198 2236 1327 2275 esse
1356 2220 1718 2292 agnoscitur,
1752 2226 1808 2276 et
1855 2217 2003 2274 nihil

341 2308 522 2365 aliud.
556 2314 638 2364 Ac
686 2325 895 2364 rursus
944 2308 1191 2364 materia
1218 2326 1321 2381 per
1365 2325 1427 2364 se
1476 2326 1580 2364 eos
1627 2307 2002 2381 [appellatur]

343 2402 412 2454 ut
447 2398 822 2469 subjectum;
855 2397 1103 2470 privatio
1152 2403 1347 2453 autem
1399 2415 1505 2453 ens
1556 2415 1658 2468 per
1710 2398 2001 2468 accidens,

341 2487 501 2560 quod
550 2487 692 2557 enti,
723 2486 837 2543 hoc
881 2492 987 2543 est.
1018 2487 1296 2554 materias,
1329 2487 1573 2543 accidat.
1605 2489 1680 2542 Ac
1727 2492 2008 2559 praeterea

344 2593 450 2635 ens
481 2592 615 2631 cum
660 2575 719 2631 id
762 2576 918 2648 quod
950 2579 1261 2648 potestate,
1292 2580 1419 2631 tum
1452 2576 1509 2631 id
1540 2576 1695 2647 quod
1728 2582 1859 2631 actu
1892 2580 1999 2643 est,

344 2665 658 2739 signiﬁcat.
692 2665 788 2721 Sic
817 2664 999 2737 igitur
1030 2664 1276 2721 materia
1304 2665 1544 2736 quidem
1577 2669 1862 2737 potestate
1892 2668 2001 2733 est,

347 2756 502 2828 quod
545 2754 649 2824 ﬁt;
684 2770 799 2810 non
832 2758 1031 2810 autem
1069 2758 1223 2810 actu.
1257 2754 1450 2810 Causa
1480 2758 1673 2810 autem
1724 2752 2001 2822 materias,

347 2844 504 2917 quod
552 2844 845 2915 ejusmodi
875 2849 1150 2899 naturam
1191 2843 1391 2914 habet,
1422 2849 1511 2900 est
1555 2844 1840 2916 privatio;
1875 2861 2003 2916 qua

347 2934 617 2991 absentia
645 2933 746 2988 18
779 2937 870 2989 est
899 2933 958 2987 in
991 2949 1057 2988 eo
1090 2933 1247 3005 quod
1274 2938 1486 2989 natura
1517 2933 1601 2989 sic
1640 2938 1842 3006 aptum
1874 2938 2001 3003 est;

345 3023 720 3097 quinetiam,
764 3022 903 3094 quia
930 3021 1193 3093 [quidem
1243 3022 1512 3078 absentia
1561 3027 1671 3090 est,
1716 3022 1895 3079 efficit
1940 3027 2007 3078 ut

343 3112 593 3169 materia
638 3127 756 3167 non
787 3112 865 3167 sit
900 3108 1070 3177 actu,
1100 3111 1257 3183 quod
1307 3111 1534 3180 oritur;
1569 3113 1710 3184 quia
1756 3129 1891 3168 vero
1942 3113 2001 3167 in

343 3201 609 3273 subjecto
658 3203 748 3256 est
777 3200 932 3271 quod
976 3204 1187 3255 natura
1236 3199 1321 3255 sic
1351 3206 1553 3271 aptum
1602 3205 1711 3269 est,
1745 3201 2001 3257 materiae

342 3295 605 3363 praestat,
655 3293 721 3345 ut
772 3292 1061 3361 potestate
1118 3288 1196 3344 sit
1247 3305 1419 3345 omne
1466 3289 1524 3344 id
1585 3290 1741 3361 quod
1796 3290 2000 3347 oritur.

344 3380 534 3444 Quare
560 3377 718 3449 quod
749 3378 837 3445 ﬁt,
870 3395 939 3434 ex
987 3394 1053 3432 eo
1086 3378 1240 3449 quod
1273 3379 1687 3450 quadantenus
1718 3383 1826 3449 est,
1856 3396 2001 3451 qua-

348 3470 641 3524 dantenus
692 3484 807 3523 non
837 3472 945 3538 est,
995 3467 1220 3535 oritur;
1253 3472 1311 3523 et
1361 3485 1567 3524 rursus
1621 3468 1679 3523 in
1736 3470 1816 3539 id,
1848 3469 2004 3542 quod

351 3558 765 3631 quadamtenus
791 3558 1318 3629 est,quadantenus
1336 3573 1449 3613 non
1467 3559 2004 3631 est,corrumpitur.

352 3651 554 3718 Neque
570 3646 728 3701 enim
758 3662 872 3701 uno
896 3646 1069 3701 modo
1099 3645 1318 3701 dicitur
1334 3662 1439 3701 ens
1457 3650 1514 3701 et
1534 3663 1647 3701 non
1679 3663 2010 3719 ens,quem-

357 3735 677 3792 admodum
723 3734 1134 3807 Opinabantur,
1170 3733 1272 3805 qui
1308 3734 1745 3806 generationem
1778 3739 1835 3791 et
1883 3752 2008 3791 cor-

358 3826 690 3898 ruptionem
738 3823 1063 3880 tollebant:
1106 3824 1209 3879 sed
1263 3823 1386 3879 ﬁeri
1439 3829 1647 3895 potest,
1704 3831 1769 3879 ut
1823 3841 2009 3881 unum

360 3916 638 3987 idemque
685 3918 743 3969 'et
770 3930 875 3968 ens
914 3918 970 3969 et
1023 3928 1138 3968 non
1183 3928 1288 3968 ens
1336 3913 1431 3967 sit.
1461 3913 1577 3968 Nec
1627 3915 2011 3970 contradictio

358 4008 665 4079 pr0pterea
714 4002 894 4060 simul
912 4008 1124 4058 verum
1155 4001 1384 4058 dixerit.
1418 4002 1615 4066 Quoad
1666 4002 1821 4058 aliud
1854 4004 2012 4060 enim

357 4100 547 4163 ens,et
575 4093 766 4167 quoad
800 4091 960 4148 aliud
993 4107 1108 4146 non
1139 4107 1245 4146 ens
1267 4090 1548 4147 erit.Nam
1579 4091 1735 4147 haud
1767 4094 2015 4150 materia

356 4189 415 4241 et
444 4182 688 4256 privatio
720 4180 845 4239 sola
876 4183 1015 4237 sunt
1046 4184 1103 4236 et
1131 4179 1288 4236 entia
1315 4184 1373 4235 et
1402 4197 1518 4236 non
1550 4182 1887 4248 entia,sicut
1921 4181 2011 4237 di—

2100 1857 2202 1925 _xui
2231 1857 2294 1912 τὰ
2332 1860 2409 1931 μή
2440 1858 2522 1913 ὄν·
2576 1858 2639 1913 τὸ
2690 1858 2785 1931 μὲν
2836 1856 2955 1913 καθ’
3004 1854 3157 1928 αὐτὸ,
3196 1858 3268 1921 τὸ
3299 1850 3359 1912 δὲ
3404 1848 3543 1915 κατὰ
3571 1848 3799 1933 συμϐε-

2112 1934 2305 2017 ϐηκός.
2338 1946 2523 2015 Οὕτως
2575 1945 2665 2001 οὗν
2708 1949 2745 2017 ἡ
2791 1944 3029 2020 μὲνῦλη
3069 1947 3209 2003 κατὰ
3234 1938 3587 2021 συμϐεϐηκὸς
3622 1945 3799 2023 λέγει·

2110 2036 2199 2093 ταὶ
2233 2038 2310 2110 μὴ
2344 2036 2425 2109 ὃν,
2455 2042 2535 2109 τῷ
2584 2037 2835 2113 μετέχειν
2883 2043 2987 2106 τῆς
3037 2038 3363 2116 στερήσεωςο
3416 2032 3538 2106 ἥτις
3582 2036 3797 2114 στέρη-

2112 2146 2164 2180 σι
2310 2127 2355 2181 θ’
2446 2126 2526 2161 ⁸⁸³
2655 2124 2688 2181 λ
2720 2130 2742 2140 “
2940 2126 2954 2145 “
3018 2122 3043 2143 ”
3144 2126 3159 2146 ³
3361 2126 3372 2147 ’

2148 2147 2307 2188 ηςη.κα
2404 2147 2535 2181 uoto
2582 2146 2653 2181 κα
2692 2146 2831 2181 sua:
2884 2147 2965 2199 μη
3015 2146 3094 2182 ον.
3163 2132 3411 2198 Δπουσιᾳ
3452 2127 3561 2202 γάρ
3606 2127 3792 2200 μόνον

2108 2220 2206 2270 τοῦ
2260 2212 2437 2278 εἴδους
2487 2215 2806 2291 γινώσκεται
2861 2216 2953 2270 καὶ
3007 2212 3161 2270 οὐδὲν
3198 2214 3416 2291 -ἓτερονι
3458 2217 3559 2270 Καὶ
3604 2215 3791 2272 πάλιν

2110 2307 2145 2375 ἡ
2183 2304 2275 2379 μὲν
2305 2304 2410 2376 ὕλη
2444 2305 2562 2359 καθ’
2609 2304 2740 2359 αὑτὸ
2789 2302 2873 2373 ὃν,
2919 2304 2996 2367 ὡς
3049 2304 3429 2378 ὑποκείμενον,
3473 2306 3509 2375 ἡ
3554 2302 3613 2360 δὲ
3663 2305 3794 2361 στέ-

2070 2412 2077 2419 ‘
2114 2414 2271 2471 ρησις
2301 2394 2439 2449 κατὰ
2486 2388 2837 2468 συμϐεϐηκὸς
2888 2392 2971 2465 ὃν,
3005 2392 3090 2448 ὅτι
3134 2398 3217 2466 τῷ
3246 2389 3382 2464 ὄντι,
3422 2395 3672 2450 τουτέστι
3707 2400 3791 2471 τῇ

2112 2482 2237 2557 ὕλῃ,
2271 2478 2604 2557 συμϐέϐηκεο
2654 2482 2746 2538 καὶ
2796 2480 2873 2538 ἔτι
2930 2483 3009 2538 τὸκ
3040 2481 3101 2538 ὃν
3129 2482 3195 2538 τό
3240 2503 3303 2539 τε
3348 2480 3574 2557 δυνάμει
3606 2481 3794 2555 δηλοῖ

2111 2572 2200 2627 καὶ
2231 2573 2293 2627 τὸ
2326 2571 2581 2649 ἐνεργείᾳ.
2628 2571 2813 2634 Οὕτως
2864 2571 2955 2627 οὗν
3006 2575 3041 2643 ἡ
3089 2570 3194 2643 ὕλη
3239 2570 3467 2646 δυνάμει
3501 2573 3597 2646 μὲν
3630 2572 3785 2630 ἔστιν

2113 2661 2245 2737 ὅπερ
2292 2660 2517 2737 γίνεται,
2577 2660 2819 2737 ἐνεργείᾳ
2875 2658 2922 2716 δ’
2980 2658 3063 2720 οό.
3116 2660 3278 2719 Αἶτία
3310 2659 3368 2717 δὲ
3413 2662 3482 2736 τῇ
3538 2662 3648 2737 mli
3675 2671 3789 2735 τῆς

2110 2749 2368 2821 τοιαύτης
2429 2750 2639 2829 φύσεως
2697 2754 2733 2821 ἡ
2794 2750 3043 2828 στέρησίς
3101 2750 3241 2807 ἐστιν
3276 2798 3291 2825 ,
3353 2751 3586 2807 ἀπουσία
3643 2744 3790 2809 οὖσα

2112 2839 2164 2894 ἐν
2219 2844 2299 2912 τῷ
2327 2839 2588 2918 πεφυκότι
2627 2859 2639 2871 ·
2669 2840 2760 2894 καὶ
2792 2834 2891 2895 ’διὰ
2942 2840 3037 2913 μὲν
3086 2838 3150 2895 τὸ
3199 2839 3434 2895 ἀπουσία
3464 2840 3622 2915 εἶναι,
3653 2844 3790 2898 ποι-

2113 2933 2246 2984 οὖσα
2274 2930 2373 2998 τήν
2402 2928 2540 2999 ὕλην
2596 2929 2672 3001 μὴ
2724 2929 2859 2985 εἶναι
2912 2928 3155 3007 ἐνεργείᾳ
3183 2929 3214 2984 ὃ
3251 2926 3476 3006 γίνεται·
3511 2926 3601 2986 διὰ
3633 2927 3695 2987 δὲ
3718 2933 3786 2988 τὸ

2113 3017 2163 3071 ἐν
2188 3020 2267 3090 τῷ
2294 3017 2555 3095 πεφυκότι
2586 3014 2813 3091 δυνάμει
2843 3019 2944 3089 τὴν
2976 3016 3117 3090 ὕλην
3150 3018 3305 3092 εἶναι,
3337 3020 3443 3073 πὰν
3485 3019 3515 3075 ’ὀ
3544 3017 3783 3096 γίνεται,

2113 3106 2449 3183 παράγουσα.
2481 3107 2635 3162 Ὠστε
2680 3108 2710 3162 ’ὸ
2737 3106 2969 3183 vivi-xui,
3017 3107 3078 3162 ἐκ
3112 3110 3210 3163 τοῦ
3240 3114 3317 3178 πῆ
3356 3109 3452 3183 μὲν
3484 3100 3667 3182 ὄντος,
3702 3114 3789 3183 πῆ

2116 3193 2173 3251 δὲ
2207 3196 2284 3269 μή
2326 3191 2482 3260 ὄντος
2511 3194 2736 3273 γίνεται⁸
2772 3190 2877 3251 ¹καὶ
2927 3195 3200 3275 φθείρεται
3247 3196 3415 3253 πάλιν
3464 3198 3539 3261 εἷς
3580 3199 3649 3255 ’τὸ
3700 3208 3785 3273 πῆ

2117 3282 2211 3359 μὲν
2240 3284 2323 3353 ὃν,
2354 3291 2443 3355 -πῆ
2496 3283 2554 3340 δὲ
2594 3285 2676 3357 μὴ
2710 3280 2790 3339 ὄν.
2825 3282 2965 3340 Οὐδὲ
3012 3285 3117 3363 γὰρ
3160 3289 3425 3363 μοναχῶς
3471 3286 3689 3364 λέγεται
3717 3288 3789 3346 τὸ

2114 3371 2171 3427 ὄν
2202 3372 2294 3427 καὶ
2340 3372 2403 3428 τὸ
2455 3374 2530 3445 μή
2586 3372 2669 3443 ὄν,
2718 3368 2925 3436 καθὼς
2952 3370 3127 3444 ᾤοντυ
3158 3374 3213 3428 οἱ
3250 3375 3352 3444 τὴν
3382 3375 3592 3449 γὲνεσιν
3625 3377 3789 3433 ἀναιέ

2116 3466 2334 3538 ροῦντες
2378 3463 2468 3517 καὶ
2516 3463 2616 3533 τήν
2667 3463 2893 3541 φθοράν·
2947 3461 3092 3519 ἀλλὰ
3143 3460 3367 3519 δυνατὸν
3409 3464 3473 3520 τὸ
3516 3464 3651 3521 αὐτὸ
3686 3468 3793 3523 καὶ

2113 3551 2169 3607 ’ἐν
2222 3547 2278 3607 ὄν
2336 3572 2395 3606 τε
2452 3550 2542 3605 καὶ
2603 3551 2679 3624 μή
2732 3549 2791 3605 ὃν
2825 3551 2981 3609 εἶναι.
3021 3553 3121 3606 Καὶ
3170 3552 3270 3608 οὐκ
3315 3548 3375 3608 ἂν
3539 3552 3789 3627 συναλη.

2117 3640 2346 3696 θεύουσα
2391 3642 2428 3710 ἡ
2461 3640 2762 3717 ἀντίφασις.
2814 3642 2941 3695 Κατ’
2988 3636 3131 3696 ἂίΛλο
3178 3641 3275 3715 μὲν
3324 3644 3429 3720 γὰρ
3481 3639 3631 3700 ἔσται
3656 3640 3746 3700 Ἔν
3782 3691 3800 3718 ,

2118 3732 2235 3786 κατ’
2266 3727 2407 3785 ἄλλο
2440 3725 2497 3784 δὲ
2532 3731 2607 3804 μὴ
2640 3725 2725 3789 ὄν.
2754 3728 2827 3785 Οὐ
2843 3730 2945 3807 γὰρ
2976 3732 3011 3801 ἢ
3036 3729 3142 3802 ὕλη
3174 3732 3269 3786 καῖ
3294 3730 3330 3802 ἦ
3364 3730 3617 3809 στέρησις
3645 3734 3805 3808 μόνα

2119 3818 2209 3875 καὶ
2242 3814 2371 3874 ὄντα
2410 3819 2499 3873 καὶ
2534 3819 2611 3895 μὴ
2656 3814 2787 3873 ὄντα
2826 3818 2991 3893 εἰσὶν,
3048 3816 3239 3896 ὥσπερ
3265 3817 3497 3897 εἷ’ρηταν
3532 3818 3685 3879 ἀλλὰ
3719 3822 3796 3895 δὴ

2120 3910 2210 3965 καὶ
2255 3912 2363 3964 τῶν
2406 3906 2631 3964 τελείων
2683 3905 2841 3964 εἱδῶν
2885 3902 3109 3964 ἕκαστον
3146 3908 3245 3985 καὶ
3293 3905 3350 3964 ὄν
3403 3908 3511 3966 ἐστι
3558 3911 3654 3966 καὶ
3707 3916 3798 3985 μὴ

2122 3994 2199 4052 ὄν’
2222 3999 2276 4054 τὶ
2310 3997 2403 4073 μὲν
2438 3995 2519 4068 ὃν,
2568 3997 2622 4053 τὶ
2672 3995 2731 4053 δὲ
2777 3999 2852 4071 μή
2906 3993 2990 4053 ὄν.“
3038 3984 3163 4054 Οἷον
3197 3999 3226 4054 ὁ
3256 3996 3546 4076 ἄνθρωπος
3590 3996 3652 4055 ὃν

2122 4085 2281 4160 ἔστιν,
2314 4087 2429 4142 ἐπεὶ
2462 4085 2768 4163 ἄνθρωπος·
2806 4087 2881 4161 μή
2915 4085 2991 4141 ὃν
3025 4084 3103 4157 δὲ,
3138 4084 3277 4144 διότι
3321 4087 3429 4165 οὐχ
3456 4087 3652 4154 ἴση-τος.
3688 4086 3801 4149 Διᾶ

2121 4179 2222 4255 γὰρ
2289 4177 2352 4233 τὸ
2400 4175 2641 4246 ’πλῆθος
2702 4175 2791 4231 καὶ
2850 4174 3033 4239 αὐτοῖς
3094 4183 3214 4240 τοῖς
3286 4175 3534 4243 τελείοις
3582 4174 3793 4238 εἴδεσιν

356 4276 516 4330 ctum
547 4276 682 4329 est:
718 4272 817 4327 sed
858 4269 1035 4327 etiam
1078 4267 1324 4341 singulae
1375 4270 1629 4341 perfecte
1678 4271 1902 4342 species
1954 4275 2003 4326 et

2119 4266 2457 4342 ἐπεισάγεται
2482 4265 2545 4320 τὸ
2681 4260 2762 4319 ὄν.
3004 4342 3011 4351 ἱ

350 4364 458 4420 ens
488 4365 628 4418 sunt
652 4364 709 4416 et
739 4376 856 4415 non
904 4374 1010 4414 ens
1044 4382 1058 4414 :
1089 4361 1155 4413 ut
1183 4373 1310 4431 qua
1359 4357 1595 4430 quidem
1646 4357 1869 4430 aliquid
1919 4360 2057 4427 sint,
2091 4357 2312 4430 aliquid
2358 4360 2495 4414 vero
2541 4373 2657 4412 non
2702 4355 2863 4425 sint;
2896 4350 3149 4428 exempli
3195 4352 3413 4430 gratia,
3436 4350 3617 4441 homo
3670 4378 3784 4419 ens

351 4451 589 4524 quidem
637 4454 747 4519 est,
803 4447 941 4519 quia
993 4446 1168 4502 homo
1198 4454 1324 4513 est;
1358 4464 1473 4503 non
1520 4463 1625 4503 ens
1676 4453 1895 4515 autem,
1938 4448 2079 4521 quia
2121 4463 2308 4521 equus
2360 4462 2479 4503 non
2531 4448 2640 4501 est.
2680 4444 2904 4518 Quippe
2953 4442 3353 4504 multitudinis
3404 4464 3584 4506 causa
3628 4450 3786 4524 ipsis

350 4539 529 4596 etiam
561 4536 833 4609 perfectis
862 4534 1170 4606 speciebus
1198 4550 1314 4590 non
1344 4551 1451 4592 ens
1482 4535 1964 4608 superinducitur
1995 4538 2063 4592 ²¹.

423 4655 476 4709 4.
511 4654 687 4725 Porro
719 4650 965 4706 materia
992 4669 1060 4705 ex
1091 4649 1362 4723 analogia
1392 4652 1809 4725 [proportione]
1830 4670 2007 4726 quam

351 4732 533 4819 habet
561 4742 631 4796 ad
664 4730 763 4796 res,
807 4739 975 4805 alias,
1006 4741 1107 4796 l9
1140 4739 1395 4813 naturali
1428 4741 1667 4813 quidem
1708 4743 1880 4797 modo
1912 4759 2006 4798 co-

350 4820 673 4906 gnoscitur.
707 4829 873 4885 Sicut
920 4827 1077 4884 enim
1109 4845 1187 4883 aes
1218 4828 1290 4884 ad
1323 4833 1601 4897 statuam,
1635 4834 1737 4886 aut
1778 4829 2006 4903 lignum

333 4908 422 4978 ad
473 4921 710 4991 lectum,
744 4922 846 4974 aut
891 4919 964 4973 ad
997 4916 1155 4972 aliud
1196 4917 1418 4989 aliquid
1468 4918 1772 4975 artiﬁciale
1820 4923 2009 4977 forma

347 5002 697 5082 insignitum
746 5006 805 5061 id
856 5006 1013 5077 quod
1067 5005 1262 5061 formas
1313 5023 1519 5078 expers
1549 5011 1638 5062 est
1685 5011 2005 5079 antequam

346 5098 599 5154 formam
654 5095 885 5167 accipit,
918 5112 980 5150 se
1025 5095 1203 5149 habet
1234 5111 1247 5150 :
1283 5095 1361 5151 ita
1394 5095 1586 5167 prima
1638 5096 1883 5152 materia
1931 5095 2003 5150 ad

347 5186 639 5244 naturalia
668 5187 955 5258 [corpora]
988 5201 1050 5240 se
1082 5183 1278 5240 habet.
1300 5188 1487 5256 Atque
1517 5185 1627 5241 hoc
1658 5200 1798 5241 sane
1830 5184 2003 5241 modo

346 5292 415 5331 ex
431 5275 703 5349 analogia
719 5274 791 5330 ad
815 5290 907 5328 res
924 5273 1069 5328 alias
1097 5273 1402 5329 materiam
1421 5273 2002 5345 comprehendimus.

346 5366 425 5420 Ex
471 5363 799 5438 specierum
860 5366 1057 5417 autem
1106 5360 1415 5433 negatione
1472 5362 1791 5435 perfectius
1849 5364 2002 5431 [eam

345 5436 800 5525 cognoscimus].
831 5452 976 5507 Cum
1028 5449 1185 5505 enim
1220 5449 1455 5506 ultimas
1502 5451 1726 5523 species
1758 5452 1910 5507 inter
1940 5468 2002 5508 se

343 5540 569 5596 nvicem
601 5541 951 5596 commutari
1000 5546 1058 5595 et
1087 5544 1400 5611 propterea
1430 5540 1700 5611 subjecto
1739 5541 1998 5612 quodam

2178 4647 2262 4723 ηδ’.
2322 4650 2647 4717 Γινώσκεται
2706 4644 2754 4703 δ’
2810 4651 2846 4720 ἡ
2896 4640 3003 4718 ὄλη
3054 4654 3295 4727 φυσικῶς
3328 4630 3785 4724 -μένίὲξλᾶναλο,

2116 4738 2233 4815 γίας
2281 4744 2384 4808 τῆς
2434 4737 2575 4815 πρὸς
2624 4734 2824 4793 τᾶλλα.
2877 4736 2977 4792 Καὶ
3026 4738 3131 4812 γὰρ
3173 4737 3252 4801 ὡς
3301 4736 3788 4816 πρὸςκᾶνδριάντα

2117 4825 2349 4904 χαλκὸς,
2402 4827 2438 4898 ἢ
2483 4826 2621 4902 πρὸς
2662 4823 2856 4898 κλίνην
2908 4823 3088 4900 ξύλον,
3116 4827 3193 4899 ὶῆι
3224 4828 3364 4903 πρὸς
3410 4825 3553 4903 ἄλλο
3588 4835 3787 4904 τιτῶν

2118 4914 2359 4991 ἐχόντων
2386 4916 2611 4993 *μορφὴν
2659 4918 2942 4991 τεχνητῶν
2970 4914 3057 4987 τὸ
3089 4911 3336 4994 ἄμορφον
3371 4914 3486 4993 ἔχει
3516 4918 3645 4994 πρὶν
3680 4917 3781 4979 λα-

2117 4999 2229 5060 ϐεῖν
2260 5002 2359 5074 τῆν
2396 5007 2611 5083 μορφήν
2639 5023 2653 5036 ’
2705 5003 2879 5067 οὕτως
2928 4999 3046 5081 ἔχει
3163 5007 3355 5080 πρώτη
3391 5005 3497 5078 ὕλη
3545 5008 3687 5084 πρὸς
3714 5010 3785 5063 τὰ

2117 5095 2333 5172 φυσικά.
2365 5099 2565 5148 Τοῦτον
2618 5093 2713 5167 μὲν
2765 5091 2855 5148 οὖν
2905 5093 2998 5148 τὸν
3045 5092 3250 5170 τρόπον
3298 5100 3541 5173 φυσικῶς
3590 5095 3652 5152 ἐκ
3677 5099 3780 5167 τῆς

2115 5182 2408 5260 ἀναγογυίας
2478 5185 2576 5252 τῆς
2651 5182 2787 5259 πρὸς
2843 5179 3024 5239 τᾶλλα
3079 5185 3178 5253 τὴν
3232 5182 3373 5257 ὕλην
3426 5180 3776 5260 καταμϐάνο-

2116 5293 2230 5345 μεν·
2294 5272 2354 5329 ἐκ
2409 5269 2468 5347 δὲ
2520 5279 2623 5343 τῆς
2681 5270 3001 5350 ἀποφάσεως
3056 5276 3187 5345 τῶν,
3213 5269 3372 5333 εἰδῶν
3418 5273 3777 5351 τελεώτερον.

2110 5363 2186 5417 Τὰ
2253 5360 2537 5435 τελευταῖα
2572 5396 2575 5423 ς
2609 5362 2711 5438 γὰρ
2750 5358 2895 5433 ,εἷ’δη
2926 5424 2935 5433 κ
2967 5360 3289 5437 θεασάμενοι
3344 5362 3484 5439 πρὸς
3549 5361 3778 5433 ἄλληλα

2116 5447 2531 5525 μεταϐάλλοντα
2564 5497 2577 5521 ,
2633 5450 2723 5506 καὶ
2795 5448 2884 5506 διὰ
2957 5446 3119 5505 τοῦτό
3191 5471 3337 5513 τινος
3413 5452 3778 5527 ὑποκειμένου

2112 5538 2361 5614 δεόμενα,
2411 5538 2716 5617 πεφυκότος
2768 5535 3020 5615 δέχεσθαι
3062 5540 3210 5615 παρὰ
3260 5539 3428 5617 μέρος
3476 5544 3585 5596 τῶν
3630 5542 3780 5596 ἀντι-

418 5766 638 5843 ιΡιιγε.
671 5787 722 5827 c.
752 5772 809 5839 9,
840 5774 884 5826 t.
915 5771 1007 5827 71.
1086 5770 1398 5847 9°1Phys.
1429 5788 1481 5831 ο.
1513 5772 1570 5841 9,
1601 5776 1648 5828 ι.
1680 5772 1772 5829 75.
1851 5774 1897 5811 θι
1933 5774 2003 5832 ι]

2115 5790 2172 5831 ’8.
2205 5790 2255 5830 c.
2285 5775 2341 5839 8,
2372 5775 2516 5831 text.
2546 5773 2618 5828 69
2644 5791 2658 5844 ;
2693 5772 2853 5831 Plato
2883 5772 2944 5830 in
2974 5750 3216 5844 Timaeo,
3240 5789 3301 5847 p.
3335 5774 3501 5837 1061,
3530 5818 3535 5823 .
3594 5786 3603 5795 ·
