4094 6424
249 388 432 452 1θ37⁴

1605 385 1958 450 EPITOME
2000 388 2338 450 PHYSICA
2352 433 2367 449 .

3516 396 3674 459 1038

243 520 515 594 κειμένων
567 519 840 596 έκάτερονα
892 518 978 574 ἐπὶ
1027 519 1128 588 τὴν
1179 515 1386 573 ἔννοιαν
1435 524 1538 588 τῆς
1568 489 1708 589 ὕλης
1753 516 1910 594 ἐρχό-

2027 519 2291 592 indigere
2322 521 2812 593 perspexerimus,
2843 523 3001 594 quod
3055 523 3136 581 ita
3184 528 3396 582 natura
3434 543 3672 600 compa-

250 621 388 684 μεθα
439 610 556 665 κατ’
601 608 870 687 ἀπόφασιν
917 605 1256 680 τῶνπεῖδῶν,
1304 609 1404 677 τὴν
1455 608 1531 670 εἷς
1559 607 1622 663 τό
1665 605 1904 663 δεκτικὸν

247 699 558 775 ἀπάγουσαν
593 697 969 773 ὑποκείμενον.

323 969 380 1026 ε’.
434 965 642 1038 Ταύτην
696 967 795 1035 τήν
857 965 996 1035 ὕλην
1059 966 1194 1044 μέγα
1242 966 1330 1020 καὶ
1382 966 1572 1041 μικρὸν
1616 966 1644 1019 ὁ
1675 965 1904 1022 Πλάτων

250 1057 555 1131 ὠνόμασεν,
609 1066 668 1111 εκ
722 1061 848 1129 μιᾶς
895 1055 1214 1120 ἀντιθέσεως
1267 1057 1438 1117 πάσας
1490 1055 1625 1129 αὐτῇ
1674 1056 1767 1117 τάς
1821 1056 1908 1110 ἀν-

247 1145 479 1209 τιθέσεις
529 1150 806 1219 προσεῖναι
859 1149 1168 1222 μαρτυρῶν,
1206 1145 1309 1199 καὶ
1366 1142 1534 1199 δυάδα
1581 1142 1628 1199 δ’
1659 1144 1906 1221 ἀόριστον

247 1236 346 1291 καὶί
393 1234 770 1310 ἀσυμμετρίαν
829 1233 997 1303 αὐτὴν
1053 1233 1302 1289 ἐκάλεσεν
1331 1253 1345 1267 ⁸
1403 1236 1470 1303 ἧς
1533 1233 1670 1309 μέρη
1745 1233 1906 1310 ὑπερ-

250 1319 392 1396 ϐολή
425 1325 598 1379 τεκαί
625 1320 892 1398 ἔλλειψις,
941 1323 1030 1378 καὶ
1078 1324 1140 1378 τὸ
1189 1321 1333 1378 πολὺ
1382 1323 1487 1378 καὶ
1511 1322 1718 1399 ὀλίγον,
1749 1323 1838 1377 καὶ
1869 1325 1904 1392 ἡ

251 1415 529 1488 ἀνισότης,
568 1413 756 1469 «πάντα
799 1418 869 1488 τῇ
916 1413 1019 1489 ὅλῃ
1069 1416 1434 1489 προσήκοντα,
1487 1413 1620 1488 ἅπερ
1663 1411 1791 1475 ἴσως
1820 1411 1910 1468 διὰ

248 1510 346 1560 τοῦ
402 1502 782 1580 μεγάλουκαὶ
830 1508 929 1558 τοῦ
991 1509 1192 1580 μικροῦ
1241 1502 1400 1565 αὐτὸς
1452 1501 1776 1573 ένεδείξατο’
1832 1503 1910 1565 ὡς

242 1601 346 1664 τῆς
369 1593 542 1666 ¹ὕλης,
591 1591 886 1667 ἀσωμάτου
943 1593 1037 1666 μὲν
1085 1591 1523 1668 καὶάμεγέθους
1581 1588 1770 1663 οὔσης,
1817 1591 1907 1646 καὶ

245 1681 357 1738 διὰ⁴
391 1688 554 1738 τοῦτο
607 1687 806 1758 μικρᾶς
862 1682 920 1737 ἂν
975 1681 1284 1758 λεγομένης
1318 1704 1331 1716 ο
1391 1682 1589 1743 παντὸς
1640 1678 1686 1735 δ’
1743 1676 1908 1757 ὄγκου

241 1774 338 1829 καὶ
387 1774 567 1844 πάσης
615 1769 942 1834 διαστάσεως
993 1771 1204 1842 αἰτίας,
1253 1772 1342 1826 καὶ
1393 1768 1482 1826 ’διά
1525 1775 1688 1826 τοῦτο
1739 1771 1906 1846 μεγά-

247 1861 414 1933 λης..
951 1880 953 1882 .

303 2043 386 2105 ς’.
418 2041 627 2112 Ταύτην
682 2038 749 2110 δὴ
792 2043 894 2110 τήν
944 2039 1084 2112 ὕλην
1132 2042 1273 2102 τινες
1324 2041 1418 2114 μὲν
1461 2041 1749 2114 ἀσώματον
1783 2037 1908 2118 ἔφα-

246 2147 365 2187 σοιν⁴
418 2130 584 2187 ἄλλοι
636 2129 694 2186 δὲ
739 2135 900 2203 σῶμα
945 2129 1274 2205 κεκλήκασιν
1326 2128 1517 2185 ἄποιον
1546 2148 1558 2160 ⁶
1594 2131 1644 2185 οἱ
1697 2131 1792 2204 μέν
1821 2127 1910 2185 διὰ

243 2221 311 2276 τὸ
368 2220 503 2274 εἶναι
560 2218 843 2282 παντελῶς
900 2218 1138 2295 ἀμεγέθη
1197 2239 1256 2274 τε
1313 2219 1403 2274 καὶ
1451 2217 1801 2291 ἀδιάστατον,
1855 2220 1906 2274 οἱ

250 2307 308 2365 δε
357 2307 447 2364 διὰ
492 2309 555 2364 τὸ
606 2310 720 2364 οἷον
774 2309 996 2385 πάρεσιν
1047 2307 1308 2385 ὑπάρχειν
1359 2309 1448 2363 καὶ
1501 2307 1766 2377 ἔκστασιν,
1816 2309 1906 2363 καὶ

244 2398 519 2476 ἀοριστίαν
569 2406 675 2469 τῆς
722 2398 1016 2471 ἀσωμάτου
1070 2397 1159 2453 καὶ
1223 2397 1518 2475 ἀμερίστου
1565 2398 1654 2453 καὶ
1703 2405 1908 2469 νοητῆς

247 2487 458 2568 φύσεως
495 2530 506 2542 .
562 2490 718 2542 *Ὀθεν
769 2487 859 2542 καὶ
905 2491 1066 2561 σῶμα
1111 2487 1310 2558 ταύτην
1367 2486 1623 2542 ἐκάλεσαν
1659 2530 1674 2555 ,
1735 2487 1796 2541 οὐ
1844 2487 1906 2541 τὸ

239 2579 360 2634 κατ’
416 2575 562 2640 εἶδος
618 2577 709 2631 καὶ
769 2575 934 2652 λόγον
997 2577 1259 2654 ὑφεστὼς,
1310 2577 1398 2631 καὶ
1445 2577 1590 2653 τρισὶ
1630 2573 1905 2656 διαστάσε-

241 2689 326 2722 σιν
361 2666 667 2743 ὡρισμένον
722 2663 1029 2737 εἷδητικῶς·
1084 2663 1229 2720 ἀλλά
1279 2665 1342 2720 τὸ
1392 2667 1594 2737 πάντήν
1645 2653 1906 2742 παρειμέ-

238 2778 333 2829 νον
362 2777 423 2811 τε
447 2756 538 2811 καὶ
570 2747 958 2828 ἐκλελυμένον,
991 2753 1079 2809 καὶ
1106 2747 1442 2830 πανταχόθεν
1473 2752 1579 2809 ἀπὸ
1609 2751 1706 2810 τοῦ
1749 2750 1904 2817 ὄντος

239 2844 511 2923 ἀπορρέον
537 2844 619 2906 ἐἷς
651 2839 713 2898 τὸ
747 2846 823 2917 μή
845 2839 936 2904 ὅν.

348 2938 358 2954 1
525 2934 542 2956 Ι
752 2936 765 2952 ‘
868 2929 894 2954 ἐν
1137 2934 1150 2954 \
1217 2931 1244 2950 ν
1271 2933 1274 2936 ’
1705 2934 1716 2952 Ι

320 2941 380 3012 ζ.
429 2939 645 3006 Ταυτην
689 2957 817 3018 την.
866 2934 1002 3022 υληγ
1063 2956 1152 2989 και
1213 2947 1480 3014 αφθαρτον
1555 2940 1906 3013 φαντάζονται

241 3024 334 3092 καὶ
379 3022 812 3102 ἀγέννητοναΤὸ
865 3019 981 3098 μὲν
1011 3025 1114 3098 γάρ
1168 3019 1309 3086 εἶδος
1368 3021 1458 3080 κάῖ
1506 3025 1605 3093 τὴν
1651 3023 1902 3102 στέρησιν

245 3101 341 3180 ὡς.
373 3111 582 3168 ἐναντία
630 3111 872 3188 γίνεσθαί
915 3134 975 3167 τε
1021 3111 1112 3166 καὶ
1162 3103 1472 3192 φθείρεφθαι
1523 3112 1760 3189 λέγουσι·
1814 3111 1904 3168 καὶ

239 3207 343 3258 τοῦ
396 3198 716 3275 μένηεῖδους
764 3201 1042 3277 παρόντος
1078 3202 1292 3257 ἀπεῖναι
1343 3203 1440 3272 τήν
1491 3201 1902 3276 στέρησιν,μτῆς

240 3288 659 3367 δεεστερήσεως.
697 3290 981 3366 παρούσης
1033 3290 1245 3346 ἀπεῖναι
1287 3291 1350 3346 τὸ
1405 3289 1571 3362 εἶδος,
1622 3290 1712 3346 καὶ
1756 3290 1899 3346 οὕτω

234 3381 354 3450 τὴν-
411 3380 660 3456 γέννησιν
737 3378 1102 3444 ἐπιτελεῖσθαι
1173 3380 1286 3435 καὶ·
1322 3382 1421 3449 τήν
1492 3380 1690 3459 φθοράν
1728 3402 1741 3414 ·
1799 3382 1899 3450 τήν

237 3461 682 3540 {515193666on-
711 3470 1063 3544 ὑποκείμενον
1114 3469 1204 3524 καὶ
1253 3471 1389 3524 κατά
1427 3470 1492 3524 τὸ
1541 3467 1764 3544 δυνάμει
1806 3470 1902 3524 οὐ·

241 3559 541 3634 σιωμένην,
598 3559 689 3624 καὶ
753 3559 886 3633 μετὰ
940 3565 1042 3630 τῆς
1099 3561 1403 3635 στερήσεως
1463 3559 1616 3632 εἶναι,
1670 3560 1760 3614 καὶ
1805 3563 1904 3614 τοῦ

245 3639 724 3728 εἶδουςζτένεργείᾲ
772 3645 1040 3728 παρόντος
1099 3648 1309 3724 μένειν,
1360 3649 1449 3703 καὶ
1510 3646 1788 3718 διασώζειν
1844 3650 1904 3703 τὸ

246 3727 479 3812 δυνάμει,
515 3727 684 3809 αὐτῆς
737 3727 1130 3811 ἀναλλοίωτον,
1161 3737 1300 3792 ’ὅθεν
1355 3735 1508 3811 μηδὲ
1545 3733 1908 3812 μεταϐάλλειν

243 3817 463 3897 ταύτην
509 3827 630 3894 ,ἀπὸ
701 3831 798 3907 τοῦ
874 3825 1099 3902 δυνάμει
1177 3825 1253 3889 εἷς
1311 3827 1374 3882 τὸ
1436 3825 1671 3904 ἐνεργείᾳ
1725 3829 1856 3883 ποτέ
1891 3848 1904 3861 ’

247 3913 398 3989 ἀλλὰ
431 3913 689 3988 μένουσαν
723 3913 881 3992 ὅπερ.
907 3915 1038 3991 ἐστὶ,
1092 3913 1345 3991 δέχεσθαι
1392 3916 1454 3971 τὸ
1501 3914 1660 3977 εἶδος·
1691 3916 1782 3970 καὶ
1810 3920 1908 3971 τοῦ

245 3993 428 4072 είδους
473 4005 932 4082 ,ὑποχωροῦντος
993 4004 1164 4079 μένειν
1233 4003 1398 4061 πάλιν
1455 4003 1587 4081 ὅπερ
1645 4004 1910 4081 πρότερον

249 4093 356 4163 ἦν,
396 4093 487 4150 καὶ
535 4092 863 4167 οὕτωρυμήτε
906 4093 1144 4171 γίνεσθαι
1199 4096 1341 4168 μήτε
1375 4093 1702 4172 φθείρεσθαι.
1754 4095 1908 4156 Ἴσως

246 4179 332 4237 δὲ.
364 4187 486 4245 πῶς
518 4218 521 4226 ι
549 4183 643 4256 μὲν
705 4183 1006 4258 ἀγέννητος
1064 4179 1208 4239 ἔσται
1257 4185 1292 4253 ἡ
1325 4181 1431 4254 ὕλη
1479 4183 1572 4238 καὶ
1617 4181 1910 4261 ἄφθαρτος,

247 4275 372 4333 πῶς
402 4269 460 4326 δὲ
501 4273 744 4348 γεννητὴ
781 4272 870 4328 καὶ
918 4272 1054 4328 κατά
1096 4272 1259 4351 φύσιν
1295 4274 1563 4350 ’φθαρτή.’
1595 4271 1913 4348 Ἀγὲννητος

254 4362 369 4430 μέν
415 4360 505 4416 οὖν
565 4359 710 4418 ἔσται
748 4406 762 4432 ,
824 4360 913 4416 διὰ
961 4361 1025 4417 τὸ
1098 4364 1173 4435 μὴ
1235 4359 1298 4416 ἔκ
1350 4367 1494 4424 τινος
1553 4361 1914 4436 ὑποκειμένου

251 4446 481 4534 ὴρῷτσυ
525 4451 657 4509 καθ’,
687 4449 817 4506 αὐτὸ
867 4451 1266 4528 ἐνυπάρχοντος
1319 4451 1576 4527 γίνεσθαι·
1625 4450 1758 4522 αὕτη
1810 4451 1913 4526 γὰρ

251 4535 490 4615 πρῶτόν
529 4539 668 4595 ἐστιν
727 4537 1078 4614 ὑποκείμενον
1114 4588 1130 4614 ,
1191 4539 1491 4618 ἐνυπάρχον
1559 4541 1677 4605 καθ’
1735 4540 1913 4611 αὑτὸ,

1935 1897 1984 1962 Β

2020 611 2211 664 ratum
2264 610 2360 679 sit,
2413 613 2475 665 ut
2525 616 2844 684 utrumque
2891 613 3320 670 contrariorum
3368 632 3472 688 per
3516 617 3672 674 vices

2019 698 2319 770 suscipere
2351 699 2578 771 possit;
2613 699 2672 755 in
2706 700 2964 756 materias
2995 701 3265 759 notitiam
3308 719 3411 775 per
3453 705 3678 766 formae

2018 803 2150 841 rum
2172 788 2543 860 negationem
2568 791 2640 844 ad
2664 790 2999 860 subjectum
3017 791 3377 864 suscipiendi
3396 795 3678 853 facultate.

2019 876 2334 947 praeditum
2366 878 2753 934 abducentem
2783 880 3156 952 pervenimus
3189 883 3254 937 ³³.

2087 966 2142 1020 5.
2175 965 2336 1022 Hanc
2369 967 2674 1024 materiam
2706 968 2869 1024 Plato
2901 971 2948 1005 ²³
2994 986 3278 1043 magnum
3331 977 3388 1028 et
3425 990 3671 1046 parvum

2018 1053 2349 1126 appellavit,
2373 1072 2442 1111 ex
2471 1074 2592 1112 una
2621 1059 2988 1130 oppositione
3009 1076 3216 1116 omnes
3245 1061 3330 1116 illi
3352 1063 3672 1134 oppositio-

2019 1160 2122 1199 nes
2154 1144 2346 1201 inesse
2375 1146 2719 1216 testiﬁcans,
2753 1152 2812 1202 et
2855 1147 3202 1204 dualitatem
3229 1149 3671 1207 interminatam

2018 1236 2076 1288 et
2116 1235 2555 1305 asymmetriam
2603 1236 2795 1308 [quasi
2840 1237 3024 1306 dicas,
3056 1238 3674 1296 incommensurabili-

2018 1323 2221 1393 tatem]
2263 1323 2451 1394 ipsam
2477 1325 2740 1394 vocavit;
2774 1326 2943 1396 cujus
2975 1330 3169 1398 partes
3199 1332 3362 1399 sunt,
3391 1345 3672 1386 excessus

2019 1414 2076 1466 et
2105 1411 2391 1480 defectus,
2422 1418 2480 1469 et
2511 1413 2765 1468 multum
2796 1419 2854 1469 et
2881 1431 3159 1487 paucum,
3190 1421 3248 1472 et
3276 1417 3668 1490 inaequalitas,

2018 1499 2217 1557 omnia
2264 1501 2519 1557 materiae
2566 1503 2994 1572 convenientia,
3050 1521 3178 1576 quae
3230 1507 3499 1563 fortassis
3546 1508 3674 1579 ipse

2019 1605 2124 1661 per
2173 1605 2454 1662 magnum
2509 1595 2566 1646 et
2611 1608 2854 1662 parvum
2904 1593 3342 1664 subindicavit;
3376 1596 3478 1652 20
3518 1597 3672 1666 quod

2020 1678 2265 1734 materia
2302 1679 2562 1751 corporis
2612 1681 2853 1751 quidem
2899 1685 2957 1736 et
3004 1683 3434 1755 magnitudinis
3463 1700 3670 1757 expers

2019 1767 2116 1836 sit,
2172 1772 2231 1824 et
2290 1773 2598 1841 eapropter
2654 1786 2832 1842 parva
2890 1770 3164 1840 dicatur;
3221 1773 3415 1830 omnis
3473 1778 3670 1830 autem

2021 1856 2196 1913 molis
2250 1863 2308 1913 et
2359 1858 2747 1915 dimensionis
2796 1876 2976 1916 causa
3023 1861 3120 1927 sit,
3170 1864 3230 1917 et
3275 1861 3406 1919 ideo
3454 1879 3672 1937 magna

2018 1946 2409 2018 [appelletur].
2497 1957 2510 1980 ’

2087 2040 2142 2090 (3.
2174 2035 2334 2092 Hanc
2364 2036 2654 2092 nimirum
2689 2038 2993 2094 materiam
3038 2037 3221 2112 aliqui
3262 2039 3524 2111 corporis
3573 2057 3670 2097 ex-

2019 2130 2242 2198 pertem
2275 2126 2585 2194 dixerunt;
2621 2127 2718 2182 alii
2751 2144 2962 2198 corpus
2985 2127 3372 2200 qualitatibus
3397 2130 3669 2186 orbatum

2017 2223 2337 2283 vocarunt;
2390 2215 2474 2269 illi
2523 2216 2761 2287 quidem
2803 2217 2959 2287 quod
2993 2233 3234 2288 prorsus
3265 2219 3671 2290 magnitudine

2017 2305 2471 2360 etdimensione
2504 2309 2669 2360 vacet
2697 2323 2711 2373 ;
2746 2305 2806 2359 bi
2835 2322 2968 2361 vero
2999 2308 3155 2377 quod
3189 2305 3368 2362 veluti
3398 2309 3670 2365 remissio

2017 2398 2076 2449 et
2103 2395 2362 2449 excessio
2393 2397 2450 2449 et
2479 2393 2734 2449 infinitio
2767 2394 2846 2449 sit
2871 2395 3230 2466 incorporeas
3260 2400 3319 2451 et
3347 2396 3672 2469 impartibi—

2017 2482 2090 2538 lis
2140 2482 2646 2554 intelligibilisque
2675 2487 2898 2538 naturae
2930 2484 2996 2538 9".
3032 2483 3279 2541 Proinde
3307 2485 3461 2541 hanc
3489 2478 3668 2543 etiam

2018 2590 2230 2645 corpus
2263 2571 2653 2644 appellarunt,
2687 2589 2802 2627 non
2853 2573 2910 2627 id
2961 2573 3118 2644 quod
3169 2590 3271 2646 per
3316 2574 3567 2631 formam
3611 2582 3671 2633 et

2018 2657 2303 2718 rationem
2338 2663 2464 2733 [seu
2486 2662 2763 2734 speciem]
2797 2662 3102 2729 subsistat,
3127 2663 3230 2718 sed
3251 2665 3402 2735 quod
3423 2682 3670 2736 prorsus

2017 2747 2335 2807 remissum
2368 2753 2425 2806 et
2454 2751 2716 2806 solutum
2748 2751 2843 2817 sit,
2871 2756 2928 2807 et
2957 2751 3117 2809 omni
3148 2769 3214 2807 ex
3241 2757 3406 2825 parte
3431 2755 3504 2810 ab
3535 2759 3670 2812 ente

2017 2841 2077 2896 in
2111 2858 2224 2897 non
2257 2857 2360 2896 ens
2395 2840 2614 2895 deﬂuat
2637 2841 2701 2896 ’5.

2085 2933 2142 2986 7.
2174 2931 2245 2984 Et
2274 2929 2426 2985 hanc
2458 2928 2765 2986 materiam
2797 2929 2973 2985 etiam
3005 2932 3402 3002 generationis
3442 2936 3500 2988 et
3541 2949 3669 2988 cor-

2018 3019 2310 3091 ruptionis
2340 3022 2637 3092 expertem
2668 3018 3090 3091 imaginantur.
3123 3019 3392 3076 Formam
3423 3022 3580 3077 enim
3612 3025 3672 3079 et

2015 3109 2400 3182 privationem
2432 3111 2498 3163 ut
2526 3107 2818 3163 contraria
2846 3108 3109 3181 generari
3150 3112 3208 3164 et
3251 3111 3547 3182 corrumpi
3579 3111 3670 3167 di-

2017 3204 2197 3267 cunt;
2258 3202 2315 3253 et
2369 3202 2654 3270 praesente
2712 3196 2950 3268 quidem
3011 3198 3220 3267 forma,
3282 3199 3668 3271 privationem

1936 3264 1979 3332 Ο
2018 3289 2223 3344 abesse
2251 3305 2264 3355 ;
2298 3286 2622 3359 privatione
2650 3293 2846 3342 autem
2877 3291 3186 3358 praesente,
3219 3288 3469 3345 formam
3501 3290 3670 3346 abes-

2013 3395 2115 3446 se;
2166 3393 2231 3432 ac
2283 3376 2366 3431 ita
2405 3375 2842 3448 generationem
2873 3378 2931 3431 et
2962 3376 3398 3448 corruptionem
3428 3379 3667 3450 perﬁci;

2014 3466 2326 3522 materiam
2353 3469 2572 3531 autem,
2597 3482 2731 3521 cum
2765 3466 2843 3520 sit
2871 3465 3208 3536 subjectum
3237 3470 3294 3521 et
3322 3467 3382 3522 in
3413 3484 3480 3525 eo
3511 3469 3670 3539 quod

2015 3561 2104 3611 est
2134 3558 2421 3627 potestate
2451 3571 2622 3610 suam
2651 3554 2866 3610 habeat
2893 3554 3233 3624 essentiam,
3266 3560 3324 3611 et
3371 3573 3505 3612 cum
3544 3558 3670 3629 pri-

2013 3646 2244 3701 vatione
2273 3660 2424 3709 esse,
2454 3647 2512 3699 et
2539 3643 2728 3698 forma
2758 3648 2891 3698 actu
2933 3648 3216 3715 praesente
3247 3661 3503 3714 manere,
3532 3646 3669 3702 boc-

2018 3751 2131 3807 que
2163 3749 2341 3789 suum
2372 3737 2663 3805 potestate
2692 3749 2821 3788 esse
2869 3733 2941 3788 ab
2991 3733 3152 3787 omni
3195 3734 3536 3791 alterations
3567 3735 3658 3792 21

2016 3825 2274 3881 liberum
2304 3838 2649 3892 conservare
2676 3823 2721 3857 ²⁶
2751 3839 2764 3890 ;
2812 3826 2988 3892 atque
3017 3821 3155 3877 hinc
3188 3823 3359 3894 efﬁci,
3395 3841 3459 3879 ut
3495 3841 3602 3880 nec
3641 3842 3677 3882 a

2020 3916 2309 3987 potestate
2337 3928 2466 3967 esse
2505 3912 2577 3966 ad
2623 3915 2755 3966 actu
2789 3928 2918 3967 esse
2949 3916 3364 3979 commutetur,
3398 3914 3498 3968 sed
3549 3931 3673 3970 ma-

2020 4020 2167 4059 nens
2198 4001 2354 4073 quod
2387 4006 2494 4068 est,
2528 4000 2780 4056 formam
2812 3999 3134 4072 suscipiat;
3182 4006 3238 4058 et
3286 4002 3474 4059 forma
3512 4019 3674 4060 rece-

2022 4093 2194 4149 dente
2225 4093 2462 4146 maneat
2488 4088 2701 4144 iterum
2735 4090 2892 4160 quod
2938 4090 3104 4162 prius
3136 4095 3295 4159 erat;
3347 4095 3405 4147 et
3447 4091 3531 4148 sic
3569 4109 3679 4149 nec

2022 4184 2334 4252 generetur
2363 4193 2470 4233 nec
2516 4181 2948 4249 corrumpatur.
2981 4179 3271 4236 Fortassis
3302 4185 3500 4237 autem
3532 4198 3679 4253 quo-

2025 4267 2340 4324 dammodo
2397 4267 2644 4322 materia
2703 4267 3098 4338 generationis
3165 4272 3223 4324 et
3285 4269 3680 4343 corruptionis

2025 4374 2232 4431 expers
2262 4361 2389 4423 est;
2423 4357 2858 4427 quodammodo
2885 4361 3081 4412 autem
3113 4357 3483 4429 generationis
3508 4364 3565 4414 et
3595 4375 3684 4416 se-

2027 4448 2285 4504 cundum
2319 4451 2587 4501 naturam
2633 4445 2994 4517 corruptioni
3044 4451 3132 4502 est
3179 4447 3449 4504 obnoxia.
3482 4451 3684 4521 Itaque

2028 4534 2424 4610 generationis
2456 4535 2694 4607 quidem
2739 4550 2944 4606 expers
2991 4535 3121 4606 erit,
3155 4537 3314 4608 quod
3365 4553 3434 4592 ex
3486 4535 3683 4609 aliquo

254 4627 355 4685 καὶ
405 4627 674 4707 ἄφθαρτος
726 4628 891 4686 πάλιν
941 4629 1078 4684 κατά
1128 4631 1218 4684 τὸν
1270 4629 1426 4684 αὐτὸν
1475 4629 1677 4706 λόγον,
1729 4627 1821 4684 διὰ
1859 4629 1910 4684 τὲ

2031 4626 2295 4697 subjecto
2326 4624 2515 4697 primo
2547 4623 2702 4695 quod
2734 4640 2837 4695 per
2866 4641 2929 4680 se
2960 4624 3119 4694 insit,
3145 4640 3260 4680 non
3284 4630 3596 4698 generetur
3615 4627 3682 4678 9".

259 4718 343 4793 μὴ
379 4717 510 4774 εἶναί
547 4739 666 4774 τινα
707 4716 1294 4797 στοιχειώδη-ταύτης
1341 4719 1541 4795 ἀρχὴν,
1593 4718 1670 4782 εἷς
1717 4719 1784 4788 ἢν
1832 4721 1923 4773 καὶ

254 4806 678 4884 ἀναλτθήσεται,
729 4807 778 4862 εἷ’
819 4829 883 4884 γε
926 4807 990 4862 τὸ
1044 4807 1411 4886 φθειρόμεον
1453 4812 1712 4887 φυσικῶς,
1755 4807 1817 4862 οὐ
1848 4813 1926 4880 τῷ

256 4887 616 4961 ἀναλύεσθαυ
649 4896 726 4958 εἷς
779 4896 842 4950 τὸ
903 4898 980 4970 μὴ
1031 4894 1087 4955 ὃν
1139 4896 1443 4974 φθείρεσθαι
1497 4895 1730 4973 λέγεται,
1780 4894 1928 4952 ἀλλὰ

256 4989 350 5057 τῷ
394 4983 783 5060 (ἀναλύεσθαι),
822 4985 896 5048 εἷς
955 4985 1127 5042 ἐκεῖνο
1187 4984 1238 5055 ἐξ
1297 4983 1358 5042 οὗ
1409 4987 1645 5062 πρώτως
1701 4985 1927 5062 ἐνυπάρ-

258 5076 655 5153 χον,τος,(καὶ)
719 5077 795 5149 μὴ
853 5069 1424 5148 κατὰσυμϐεϐηκὸς,
1484 5075 1744 5150 ἐγεγόνει.
1803 5082 1928 5130 Γεν-

261 5165 408 5236 νητὴ
445 5162 502 5220 δέ
533 5164 674 5226 ἐστιν
706 5168 742 5234 ἡ
797 5164 901 5236 ὕλη
930 5166 1073 5221 κατὰ
1114 5165 1179 5220 τὸ
1225 5161 1374 5239 ,ἔχειν
1420 5163 1595 5221 αἴτιον
1641 5163 1927 5235 ποιητικόν

260 5277 319 5318 τι
350 5254 441 5310 καὶ
466 5254 707 5323 τελικὸν,
758 5254 819 5310 ἐκ
861 5259 959 5309 τοῦ
1011 5252 1244 5328 μηδαμῆ
1301 5248 1776 5328 μηδαμῶςὸντος
1828 5253 1931 5308 ὑπὸ

266 5349 406 5412 Θεοῦ
462 5346 804 5421 παραχθεῖσα
861 5343 936 5410 εἷς
988 5340 1184 5419 δεῖγμα
1234 5343 1325 5399 καὶ
1387 5342 1780 5418 μεγαλωσύνην
1829 5349 1929 5412 τῆς

266 5433 588 5513 γαθότητος
637 5433 803 5489 αὐτοῦ
870 5431 962 5488 καί
1009 5430 1312 5506 δυνάμεως.
1364 5433 1515 5488 Ἐπεὶ
1557 5435 1772 5509 γοῦρ,ἠ
1823 5432 1930 5504 ὕλη

2036 4716 2168 4786 Ipsa
2187 4714 2343 4770 enim
2367 4714 2620 4785 primum
2643 4717 2732 4768 est
2753 4714 3088 4784 subjectum
3113 4715 3270 4785 quod
3292 4731 3396 4786 per
3417 4732 3479 4772 se
3510 4714 3686 4770 inest.

1993 4801 2149 4860 'Nec
2179 4820 2312 4858 vero
2358 4800 2753 4874 corruptionis
2801 4802 2911 4858 erit
2957 4803 3221 4874 subjecta
3273 4821 3375 4875 per
3420 4804 3689 4860 eamdem

2036 4894 2344 4962 rationem,
2370 4892 2528 4963 quod
2560 4890 2787 4946 nullum
2819 4890 3173 4948 elementare
3205 4893 3284 4949 sit
3314 4892 3504 4965 ipsius
3534 4892 3694 4965 prin-

2037 4983 2258 5055 cipium
2309 4981 2364 5035 in
2413 4981 2570 5052 quod
2601 4979 2779 5036 etiam
2814 4981 3172 5052 resolvatur;
3208 4982 3502 5054 siquidem
3534 4982 3692 5054 quod

2037 5071 2238 5128 interit
2258 5069 2624 5136 naturaliter,
2649 5087 2764 5126 non
2797 5070 2925 5126 ideo
2958 5071 3116 5143 quod
3145 5071 3206 5126 in
3238 5089 3354 5127 non
3375 5089 3480 5128 ens
3511 5068 3692 5127 resol-

2037 5167 2229 5228 vatur,
2261 5159 2768 5226 interiredicitur,
2793 5159 2893 5216 sed
2927 5161 3080 5232 quod
3115 5159 3176 5215 in
3208 5161 3266 5216 id
3300 5160 3696 5234 [resolvatur],

2041 5269 2111 5309 ex
2138 5268 2252 5323 quo
2285 5254 2352 5304 ut
2379 5249 2640 5320 primum
2661 5247 2899 5320 inesset,
2925 5266 3041 5305 non
3073 5266 3176 5322 per
3205 5251 3499 5316 accidens,
3521 5265 3696 5323 gene-

2042 5346 2237 5398 ratum
2268 5340 2479 5394 fuerat.
2512 5337 2885 5393 Generationi
2915 5341 3113 5393 autem
3145 5339 3415 5410 subjecta
3444 5342 3534 5393 est
3574 5353 3700 5392 ma-

2045 5431 2209 5502 teria,
2225 5432 2518 5501 quatenus
2535 5443 2776 5483 causam
2794 5426 2973 5484 habet
2987 5426 3342 5484 efﬁcientem
3357 5431 3413 5484 et
3428 5425 3666 5483 ﬁnalem
3688 5441 3702 5495 ;

344 5598 394 5665 39
429 5599 453 5652 1
489 5559 664 5670 Ρᾘγε.
699 5614 760 5670 o1
786 5596 1113 5670 10.4t._80.7_
1152 5596 1211 5670 2³,
1229 5595 1394 5651 Plato
1416 5595 1627 5670 Parin.
1656 5596 1896 5670 e_t_'1‘im.

2025 5593 2296 5670 Iotsgn.
2403 5587 2521 5670 iis.
2554 5588 2607 5670 4,,
2641 5604 2690 5670 ο.
2728 5587 2790 5642 11
2819 5551 3001 5670 {Zab.
3026 5586 3128 5644 lib.
3156 5589 3192 5642 2
3222 5589 3293 5670 qs
3315 5583 3709 5670 materia‘pri-

278 5663 486 5736 ma,'c.
515 5661 599 5724 9."
647 5669 694 5704 ²⁴
725 5668 864 5724 Zab.
889 5661 1032 5723 ibid.
1058 5667 1159 5723 lib.
1191 5669 1246 5740 2,
1279 5686 1330 5724 c.
1367 5668 1452 5724 12.

272 5760 325 5798 c.
360 5742 450 5810 10,
484 5746 527 5798 t.
569 5741 661 5796 82.

1532 5667 1576 5703 95
1608 5667 1634 5722 1
1673 5667 1845 5742 Pbys.
1878 5683 1929 5723 c.
1963 5668 2050 5738 10,
2081 5666 2134 5722 ι.
2159 5665 2249 5719 82.

2329 5661 2374 5695 ²⁶
2401 5661 2535 5716 Zab.
2573 5661 2598 5714 1
2634 5659 2705 5714 de
2736 5663 2876 5714 mat.
2903 5657 3113 5734 prima,
3146 5676 3194 5717 c.
3231 5661 3317 5716 11.
3394 5660 3437 5694 ’⁷
3471 5661 3490 5714 1
3530 5657 3704 5732 Pﬁys.
