4094 6444
309 451 464 514 1041

1647 449 1999 514 EPITOME
2040 449 2405 511 PHYSICA.

3580 454 3734 514 1042

306 585 542 640 τοποιοῦ
609 582 847 638 αἰτιατὸν
920 584 1036 646 καθ’
1093 581 1224 637 αὐτὸ
1302 583 1395 656 μὲν
1456 583 1483 637 6
1541 579 1782 658 ἀνδριὰς,
1841 583 1967 637 κατᾶ

2094 597 2197 653 per
2229 599 2291 637 se
2323 581 2560 653 quidem
2593 587 2683 638 est
2726 586 2920 639 statua
2955 600 2967 649 ;
3028 597 3132 655 per
3187 583 3456 638 accidens
3516 590 3734 654 autem,

307 668 659 747 συμϐεϐηκὸς
710 669 767 726 δὲ
816 673 844 726 6
895 671 1154 747 Μαρκίων
1210 669 1362 742 ἰ’σως,
1396 673 1431 741 ἢ
1482 673 1509 726 ὁ
1557 673 1834 748 τρίπηχυς
1868 673 1903 739 ἢ
1936 672 1964 724 6

309 762 558 838 ἐρυθρός.
619 756 828 832 Συνέϐη
906 762 1009 836 γὰρ
1084 765 1164 833 τῷ
1218 759 1493 837 ἀνδριάντι
1558 759 1964 832 ἀνεπηλῶσῦαι

308 851 399 909 διὰ
441 850 735 928 Μαρκίωνα
785 851 875 905 καὶ
919 849 1201 914 καλεῖσθαι
1259 849 1558 926 Μαρκίωνι,
1617 851 1706 905 καὶ
1764 851 1965 922 τριπή-

306 961 398 1018 χει
429 940 563 996 εἷναι
594 939 630 1009 ἢ
665 939 897 1016 ἐρυθρῷ.

381 1031 448 1107 β’.
481 1033 598 1085 Τῶν
649 1028 834 1084 αἰτίων
889 1025 948 1083 δὲ
994 1029 1086 1084 καὶ
1133 1033 1242 1084 τῶν
1292 1028 1548 1084 αἰτιατῶν
1578 1029 1741 1101 ὁμοῦ,
1772 1032 1880 1082 τῶν
1911 1048 1970 1082 τε

303 1121 426 1184 καθ’
483 1119 664 1190 ἑαυτὰ,
720 1116 810 1172 καὶ
893 1119 1030 1172 κατά
1103 1111 1480 1191 συμϐεϐηκὸς,
1539 1118 1608 1171 τὰ
1686 1117 1779 1190 μὲν
1859 1113 1968 1170 ἔστι

303 1212 578 1286 προσεχῆ,
613 1208 681 1262 τὰ
731 1203 790 1262 δὲ
840 1205 1055 1283 πόῤῥω·
1107 1208 1243 1280 οἷον,
1298 1206 1568 1282 προσεχὲς
1627 1202 1794 1260 αἴτιον
1854 1206 1971 1260 καθ’

305 1295 434 1354 οὗτὸ
508 1293 669 1354 τοῦδε
737 1300 836 1352 τοῦ
895 1294 1209 1372 ἀνδριάντος
1259 1294 1352 1352 ὅδε
1413 1297 1441 1351 6
1500 1292 1968 1372 ἀνδριαντοποιός·

301 1385 392 1442 καὶ
436 1382 515 1442 ἔτι
564 1384 756 1462 πόῤῥω
805 1386 834 1439 6
882 1384 1162 1461 τεχνίτης.
1224 1385 1502 1462 Προσεχές
1559 1384 1796 1439 αἰτιατὸν
1852 1386 1970 1448 καθ’

301 1475 433 1531 αὐτὸ
482 1472 644 1531 τοῦδε
692 1479 790 1529 τοῦ
844 1472 1297 1551 ἀνδριαντοποιοῦ
1329 1472 1421 1530 ὅδε
1451 1475 1480 1528 6
1509 1471 1747 1550 ἀνδριάς·
1780 1473 1971 1550 πόῤῥω

305 1567 364 1622 δὲ
393 1567 422 1621 6
451 1562 644 1627 ἁπλῶς
675 1561 923 1638 ἀνδριὰς,
951 1565 1041 1619 καὶ
1074 1561 1150 1619 ἔτι
1182 1567 1217 1634 ἡ
1252 1563 1438 1619 εἰκών.
1471 1563 1747 1640 Προσεχὶς
1798 1561 1968 1618 αἰίτιον

299 1655 440 1710 κατὰ
505 1648 858 1728 συμϐεϐηκὸς
901 1655 932 1708 6
984 1650 1377 1715 Πολύκλειτος·
1432 1652 1622 1729 πόρρω
1691 1649 1750 1706 δὲ
1807 1653 1834 1706 6
1883 1651 1971 1705 ἄν·

300 1747 545 1822 θρωπος*
593 1742 685 1799 καὶ
752 1738 830 1798 ἔτι
893 1742 956 1799 τὸ
1029 1747 1187 1815 ζῶον,
1239 1743 1273 1812 ἢ
1327 1745 1354 1798 6
1406 1741 1620 1804 λευκός·
1671 1742 1761 1796 καὶ
1821 1739 1898 1796 ἔτι
1945 1742 1972 1795 6

304 1833 860 1911 κεχρωματισμὲνος.
914 1831 1014 1888 Καὶ
1072 1835 1135 1888 τὸ
1166 1832 1282 1906 Δμὲν
1335 1830 1550 1904 λευκὸν,
1582 1831 1673 1886 καὶ
1723 1829 1869 1892 ὅλως
1911 1831 1974 1885 τὸ

305 1921 854 2000 κεχρωματισμένον,
924 1921 1061 1977 κατὰ
1144 1915 1496 1994 συμϐεϐηκὸς
1592 1917 1826 1995 ὑπάρχει
1895 1923 1974 2000 τῷ

307 1992 688 2084 Πολυκλείτῳζ
737 2011 765 2064 6
817 1992 864 2066 δ’
911 1992 1225 2087 ἄνθρωπος.
1253 2009 1343 2064 καὶ
1393 2007 1540 2071 ὅλως
1571 2009 1632 2063 τὸ
1667 1992 1802 2078 ζῶον
1847 1992 1976 2062 καθ’

307 2099 458 2156 αὐτό.
509 2104 599 2172 Τῷ
646 2096 918 2175 ἀνδριάντι
965 2099 1026 2155 ού
1079 2099 1243 2172 μόνον
1279 2099 1306 2153 6
1341 2097 1532 2160 λευκὸς
1571 2097 1661 2154 καὶ
1693 2098 1721 2152 ὁ
1750 2117 1967 2173 κεχρω-

307 2189 665 2264 ματισμένος,
699 2186 846 2244 ἀλλὰ
889 2187 979 2244 καὶ
1013 2189 1041 2243 ὁ
1073 2187 1354 2264 ἄνθρωπος
1399 2187 1490 2242 καὶ
1536 2187 1600 2242 τὸ
1641 2191 1802 2258 ζῶον,
1833 2187 1971 2241 κατὰ

308 2273 660 2352 συμϐεϐηκός
713 2276 845 2333 εἰσιν
897 2275 1064 2335 αἷθτια.
1115 2277 1180 2332 Εἰ
1228 2279 1334 2354 γὰρ
1377 2277 1405 2332 6
1456 2275 1828 2338 Πολύκλειτος
1886 2273 1970 2330 αἶ’-

303 2389 445 2437 τιος,
508 2368 646 2422 κατὰ
715 2361 1065 2440 συμϐεϐηκὸς
1138 2371 1237 2422 τοῦ
1313 2363 1626 2441 ἀνδριάντος
1693 2365 1824 2437 ἐστὶ,
1891 2369 1970 2437 τῷ

305 2454 666 2530 Πολυκλείτῳ
707 2453 766 2511 δὲ
810 2458 929 2512 καθ’
977 2457 1109 2512 αὑτὸ
1179 2456 1414 2532 ὑπάρχει
1461 2457 1489 2511 6
1537 2456 1821 2532 ἅνθρωπος
1877 2454 1968 2509 καὶ

299 2547 366 2602 τὸ
434 2550 596 2616 ζῶοψ
641 2546 732 2601 καὶ
781 2546 809 2600 6
859 2542 1146 2622 ἄνθρωπος
1214 2547 1318 2622 ἄρα
1379 2544 1470 2600 καὶ
1519 2545 1582 2600 τὸ
1642 2549 1777 2614 ζῶον
1833 2545 1970 2599 κατὰ

302 2630 658 2710 συμϐεϐηκός
709 2634 839 2690 εἰσιν
911 2632 1060 2690 αἷεεια
1131 2640 1228 2690 τοῦ
1305 2632 1640 2711 ἀνδριάντος.
1693 2634 1968 2708 Προσεχὲς

301 2723 545 2781 αἰτιατὸν
593 2725 733 2779 κατά
789 2718 1140 2798 συμϐεϐηκὸς
1185 2724 1214 2778 ὁ
1263 2723 1543 2800 Μαρκίων·
1588 2721 1780 2798 πόῤῥω
1839 2719 1896 2776 δέ
1941 2723 1969 2775 6

303 2813 719 2886 ὠνομασμένος.
771 2813 870 2868 Καὶ
921 2812 1087 2868 πάλιν
1135 2813 1408 2890 προσεχὲς
1455 2811 1693 2867 αἷτιατὸν
1745 2808 1869 2866 τόδε
1905 2812 1968 2866 τὸ

301 2901 573 2979 τρίπηχυ·
624 2901 817 2979 πόῤῥω
866 2901 924 2957 δὲ
972 2903 1001 2956 6
1050 2899 1239 2965 ἁπλῶς
1306 2899 1586 2978 τρίπηχυς
1655 2899 1745 2955 καὶ
1803 2897 1879 2954 ἔτι
1940 2902 1968 2955 6

305 2991 798 3067 «μεμεγεθισμένοςι
848 2988 997 3047 ἀλλᾶ
1038 2991 1101 3046 τὸ
1160 2991 1255 3064 μὲν
1305 2989 1552 3067 τρίπηχυ
1593 2990 1682 3044 καὶ
1742 2989 1805 3044 τὸ
1867 3010 1968 3062 με-

312 3079 692 3157 μεγεθισμὲνον
770 3078 908 3135 κατᾶ
983 3074 1332 3154 συμϐεϐηκὸς
1388 3083 1468 3151 τῷ
1541 3077 1845 3155 Μαρκίωνι,
1904 3079 1968 3133 τὸ

309 3169 696 3244 ὠνομασμένον
751 3165 814 3224 δὲ
866 3169 988 3233 καθ’
1046 3167 1199 3224 αὑτό.
1261 3168 1445 3223 Πάντα
1501 3165 1547 3222 δ’
1607 3169 1746 3240 ὁμοῦ
1800 3171 1969 3221 ταῦτα

307 3257 400 3313 καὶ
443 3259 509 3313 τὰ
563 3262 790 3313 τοιαῦτα
836 3259 974 3313 κατὰ
1037 3251 1385 3331 συμϐεϐηκὸς
1450 3256 1665 3311 αἰτιατά
1717 3259 1816 3310 τοῦ
1873 3255 1965 3309 ἀν-

2074 673 2317 726 Marcion
2377 673 2542 739 forte,
2579 677 2679 727 aut
2739 673 3068 739 tricubitus,
3110 677 3210 728 aut
3268 675 3453 728 rufus.
3517 673 3740 730 Accidit

2085 761 2243 815 enim
2275 766 2506 828 statum,
2544 767 2608 815 ut
2639 766 2878 834 propter
2924 761 3274 816 Marcionem
3332 768 3520 816 erecta
3547 763 3740 830 fuerit,

2081 854 2138 905 et
2196 850 2452 906 Marcion
2537 855 2864 919 vocaretur,
2948 867 3014 905 ac
3104 850 3378 905 tricubita
3449 856 3550 905 aut
3607 853 3738 906 rufa

2079 940 2245 995 foret.

2149 1029 2390 1083 2.Porro
2405 1045 2718 1083 causarum
2747 1032 2804 1084 et
2825 1029 3164 1084 eil‘ectorum
3186 1027 3360 1084 simul
3369 1045 3528 1096 ,cum
3550 1045 3655 1101 per
3673 1045 3737 1085 se

2079 1121 2209 1172 tum
2251 1135 2354 1189 per
2384 1117 2677 1185 accidens,
2702 1116 2816 1173 alia
2844 1118 3176 1190 propinqua
3197 1121 3354 1183 sunt,
3370 1117 3484 1173 alia
3513 1122 3738 1175 remota

2079 1206 2756 1279 Exemplijgratia,causa
2780 1207 3113 1279 propinqua
3136 1224 3239 1278 per
3252 1223 3312 1262 se
3341 1206 3591 1278 hujusce
3623 1211 3738 1263 sta-

2079 1299 2195 1350 tuae
2225 1299 2314 1350 est
2339 1296 2433 1351 hic
2451 1295 2774 1351 statuarius
2799 1313 2812 1362 ;
2845 1300 3070 1351 remota
3084 1296 3355 1363 vero,sim
3365 1294 3595 1367 pliciter
3613 1299 3733 1352 sta—

2081 1385 2345 1452 tuarius;
2379 1388 2437 1439 et
2468 1384 2658 1439 adhuc
2687 1384 2984 1454 remotior,
3005 1384 3737 1456 artifex.Propinquumef-

2081 1474 2299 1529 fectum
2316 1490 2420 1545 per
2434 1490 2496 1528 se
2507 1473 2754 1544 hujusce
2769 1473 3037 1528 statuarii
3053 1474 3276 1528 esthazc
3291 1478 3484 1529 statua
3508 1499 3521 1541 ;
3545 1490 3734 1529 remo-

2081 1567 2207 1616 tum
2240 1567 2458 1630 autem,
2490 1562 2835 1633 simpliciter
2864 1567 3096 1630 statua;
3131 1565 3188 1617 et
3206 1561 3481 1634 amplius,
3516 1562 3732 1634 imago.

2083 1651 2252 1723 Propi
2263 1668 2420 1722 nqua
2433 1668 2611 1706 causa
2625 1668 2726 1723 per
2737 1651 3009 1706 accidens
3024 1657 3110 1706 est
3124 1651 3450 1724 Polycletus
3474 1669 3486 1718 ;
3513 1656 3738 1706 remota

2084 1740 2484 1810 autem,homo
2511 1759 2523 1806 ;
2553 1744 2610 1796 et
2641 1740 2832 1795 adhuc
2849 1739 3507 1812 remotior.animal,aut
3535 1740 3734 1810 albus;

2083 1834 2139 1886 et
2168 1846 2340 1902 porro
2371 1829 2561 1885 colore
2581 1829 2972 1901 praeditusAc
2986 1829 3182 1884 album
3199 1829 3439 1900 quidem
3454 1832 3510 1884 et
3536 1829 3734 1901 ipsum

2086 1919 2326 1974 omnino
2387 1905 2577 1974 colore
2648 1917 2979 1990 praeditum,
3027 1917 3319 1990 Polycleto
3372 1918 3576 1973 insunt
3631 1935 3736 1990 per

2085 2008 2396 2076 accidens;
2428 2007 2609 2063 homo
2641 2011 2836 2062 autem
2867 2013 2925 2062 et
2954 2007 3192 2062 omnino
3239 2005 3481 2073 animal,
3515 2022 3616 2077 per
3645 2023 3728 2063 se.

2078 2099 2148 2153 At
2173 2113 2308 2154 vero
2339 2101 2545 2153 statuae
2577 2113 2692 2152 non
2725 2100 2958 2151 tantum
2992 2096 3163 2152 albus
3186 2100 3251 2151 ut
3279 2095 3591 2167 coloratus,
3627 2096 3728 2152 sed

2080 2187 2181 2243 26
2213 2187 2392 2242 etiam
2415 2187 2590 2241 homo
2620 2189 2678 2240 et
2694 2184 2911 2240 animal
2945 2201 3045 2256 per
3071 2184 3344 2240 accidens
3373 2187 3514 2240 sunt
3541 2201 3730 2240 causa;

2078 2277 2225 2333 Cum
2256 2275 2412 2331 enim
2446 2273 2769 2347 Polycletus
2799 2291 2977 2330 causa
3015 2278 3222 2330 statuae
3287 2273 3365 2330 sit
3419 2290 3524 2346 per
3578 2273 3728 2329 acci-

2080 2367 2246 2432 dens,
2279 2364 2571 2437 Polycleto
2602 2368 2801 2419 autem
2833 2381 2937 2436 per
2966 2380 3027 2419 se
3068 2363 3211 2419 insit
3263 2363 3440 2418 homo
3499 2367 3557 2418 et
3609 2363 3730 2418 ani-

2081 2453 2218 2525 mal,
2253 2453 2553 2509 hominem
2583 2453 2765 2526 igitur
2793 2458 2850 2508 et
2879 2452 3096 2508 animal
3126 2470 3226 2524 per
3272 2451 3543 2508 accidens
3601 2468 3731 2509 esse

2080 2559 2270 2597 causae
2302 2545 2510 2597 statuae
2543 2557 2780 2596 necesse
2823 2543 2932 2596 est.
2992 2540 3400 2612 Propinquum
3458 2539 3732 2595 effectum

2081 2649 2183 2704 per
2212 2631 2483 2687 accidens
2513 2635 2602 2686 est
2640 2630 2898 2685 Marcion
2924 2647 2936 2684 :
2970 2632 3282 2698 remotum,
3318 2627 3554 2684 nomine
3583 2644 3732 2700 prae-

2080 2720 2259 2776 ditus.
2296 2724 2363 2774 Et
2393 2721 2606 2775 iterum
2641 2719 3036 2792 propinquum
3067 2718 3340 2774 effectum
3372 2722 3461 2772 est
3491 2717 3602 2772 hoc
3634 2715 3736 2772 tri-

2085 2810 2387 2877 cubitum;
2420 2813 2713 2864 remotum
2744 2813 2963 2874 autem,
2996 2807 3343 2879 simpliciter
3378 2805 3734 2874 tricubitus;

2078 2903 2138 2954 et
2166 2899 2359 2954 adhuc
2390 2897 2694 2964 remotius,
2730 2894 3454 2968 magnitudi’nepraeditus.
3487 2894 3599 2949 Sed
3630 2893 3735 2948 tri-

2079 2988 2344 3043 cubitum
2379 2987 2617 3058 quidem
2649 2990 2707 3041 et
2757 2985 3162 3056 magnitudine
3223 2983 3538 3056 praeditum
3589 2981 3739 3037 Mar-

2080 3077 2234 3132 cioni
2258 3076 2464 3131 insunt
2492 3092 2595 3147 per
2627 3073 2936 3141 accidens;
2973 3073 3211 3128 nomine
3236 3071 3547 3144 praeditum
3579 3087 3734 3140 vero,

2077 3183 2179 3238 per
2209 3182 2289 3222 se.
2345 3164 2556 3220 Omnia
2609 3168 2804 3220 autem
2862 3163 2985 3217 haec
3018 3166 3076 3218 et
3128 3161 3308 3233 hujus
3355 3160 3586 3233 generis
3619 3159 3738 3215 alia

2079 3271 2182 3327 per
2234 3254 2504 3309 accidens
2560 3257 2704 3309 sunt
2759 3251 2963 3307 effecta
3020 3249 3290 3306 statuarii
3325 3251 3388 3304 '9.
3447 3249 3737 3305 Caeterum

307 3346 712 3425 δριαντοποιοῦ·
761 3348 829 3402 τὰ
874 3348 991 3402 καθ’
1020 3346 1151 3402 αὐτὸ
1194 3343 1252 3401 δὲ
1306 3347 1396 3400 καὶ
1451 3345 1519 3400 τὰ
1573 3346 1709 3400 κατὰ
1764 3339 1967 3418 συμϐε-

2086 3359 2274 3398 causae
2306 3359 2440 3398 cum
2472 3359 2576 3414 per
2605 3358 2689 3409 se,
2721 3345 2850 3396 tum
2883 3356 2985 3412 per
3016 3339 3307 3408 accidens,
3337 3355 3454 3393 non
3501 3341 3737 3394 tantum

303 3432 478 3509 ϐηκὸς
507 3433 656 3492 αἶίτια
689 3437 767 3511 μή
804 3435 966 3510 μόνον
1019 3433 1470 3508 ἀπολελυμένως,
1505 3433 1651 3490 ἀλλὰ
1690 3433 1780 3488 καὶ
1830 3455 1969 3506 συμ-

299 3524 698 3603 πεπλεγμένως
783 3524 1003 3582 δύναται
1091 3523 1367 3602 λέγεσθαι·
1430 3525 1546 3579 οἷον
1626 3520 1798 3578 αἰίτιον
1872 3527 1970 3578 τοῦ

300 3613 625 3694 ἀνδριάντος
699 3615 759 3670 οὐ
835 3614 999 3685 μόνον
1063 3615 1092 3669 6
1143 3611 1592 3689 ἀνδριαντοποιὸς
1665 3611 1855 3687 ῥηθείη
1909 3611 1968 3665 ἂν

303 3703 518 3778 ἰδικῶς,
572 3704 663 3760 καὶ
714 3703 879 3760 πάλιν
934 3701 1122 3766 ἰδικῶς
1167 3705 1200 3758 6
1239 3700 1636 3772 Πολύκλειτος,
1678 3698 1825 3756 ἀλλά
1880 3701 1970 3755 καὶ

303 3796 446 3851 κατά
542 3791 869 3868 συμπλοκὴν
944 3794 974 3848 6
1050 3789 1425 3855 Πολύκλειτος
1520 3787 1972 3865 ἀνδριαντοποιός

297 3883 580 3946 Ὡσαύτως
611 3879 670 3938 δὲ
697 3883 788 3938 καὶ
814 3883 881 3937 τὰ
911 3880 1147 3938 αἰτιατά.

373 3980 443 4048 γ’,
479 3971 701 4028 Πάντων
735 3969 794 4027 δὲ
820 3975 927 4025 τῶν
961 3971 1268 4048 εἰρημένων
1297 3969 1487 4026 αἶ’τίων
1541 3971 1633 4025 καὶ
1691 3967 1968 4039 αἴτιατῶν,

297 4067 410 4119 τῶν
458 4083 518 4118 τε
564 4063 685 4127 καθ’
715 4062 845 4117 αὑτὸ
894 4060 984 4116 καὶ
1032 4065 1141 4116 τῶν
1183 4059 1322 4115 κατά
1370 4054 1740 4134 συμϐεϐηκὸς,
1772 4062 1881 4112 τῶν
1911 4078 1971 4111 τε

299 4155 595 4228 προσεχῶν
644 4151 736 4206 καὶ
778 4154 886 4206 τῶν
935 4148 1148 4226 πόρῥω,
1197 4150 1266 4203 τὰ
1313 4149 1408 4223 μὲν
1460 4146 1682 4222 δυνάμει
1732 4145 1965 4223 λέγεται,

296 4242 371 4299 τὰ
418 4239 478 4298 δὲ
525 4240 786 4317 ἐνεργείᾳ,
837 4240 909 4294 Τὸ
977 4237 1202 4312 δυνάμει
1249 4235 1308 4293 δὲ
1348 4242 1450 4293 νῦν
1499 4237 1561 4292 οὐ
1615 4237 1679 4292 τὸ
1740 4235 1853 4291 οἷόν
1908 4257 1969 4291 τε

297 4330 542 4408 γίνεσθαι
593 4327 780 4401 δηλοῖ,
829 4327 956 4384 ἀλλ’
1006 4324 1198 4389 ἁπλῶς
1254 4327 1317 4382 τὸ
1369 4328 1445 4400 μὴ
1508 4325 1780 4402 ἐνεργοῦν,
1837 4326 1970 4398 μήτ’

297 4418 370 4478 αὖ
419 4418 834 4498 ἐνεργούμενον.
867 4417 978 4472 Ούκ
1020 4415 1228 4491 ἐνεργεῖ
1276 4413 1335 4471 δὲ
1375 4415 1465 4470 καὶ
1511 4416 1578 4469 τὰ
1621 4416 1710 4469 οἷά
1734 4436 1794 4470 τε
1824 4415 1963 4491 ἐνερ-

297 4511 465 4586 γῆσαι
537 4508 629 4563 καὶ
711 4506 780 4561 τὰ
860 4503 1179 4579 πεπαυμένα
1258 4507 1355 4558 τοῦ
1443 4502 1695 4580 ἐνεργεῖν·
1778 4502 1958 4580 ὥσπερ

298 4595 468 4652 πάλιν
530 4596 629 4650 οὐκ
699 4594 1017 4670 ἐνεργεῖται,
1076 4591 1165 4648 καὶ
1219 4594 1288 4647 τὰ
1345 4591 1432 4647 οἶά
1486 4613 1546 4646 τε
1602 4591 1954 4669 ἐνεργηθῆναι

2082 3432 2376 3499 absolute,
2408 3431 2510 3487 sed
2534 3431 2713 3486 etiam
2748 3431 3062 3501 conjuncte
3094 3428 3208 3483 dici
3240 3430 3529 3500 possunt;
3558 3426 3738 3482 veluti

2081 3539 2262 3577 causa
2292 3525 2501 3576 statuae
2550 3537 2666 3576 non
2693 3524 2926 3574 tantum
2951 3517 3274 3574 statuarius
3318 3517 3592 3584 seorsim,
3634 3516 3736 3572 sed

2080 3613 2258 3668 etiam
2280 3612 2612 3682 conjuncta,
2632 3608 2958 3681 Polycletus
2991 3607 3318 3664 statuarius
3344 3605 3458 3661 dici
3486 3605 3733 3678 poterit;

2081 3702 2404 3773 eodemque
2435 3700 2611 3755 etiam
2643 3699 2818 3754 modo
2849 3699 3053 3752 effecta
3083 3713 3144 3753 se
3183 3696 3361 3751 habet
3391 3697 3456 3750 3°.

2151 3881 2206 3934 3.
2240 3879 2457 3934 Omnes
2513 3878 2758 3949 insuper
2813 3892 2999 3931 causae
3071 3878 3128 3929 et
3173 3875 3377 3929 eli‘ecta
3407 3874 3478 3928 de
3517 3873 3736 3945 quibus

2082 3971 2301 4024 dictum
2363 3972 2473 4031 est,
2524 3983 2658 4021 cum
2691 3982 2816 4034 quae
2848 3981 2950 4035 per
2981 3979 3042 4018 se
3069 3967 3124 4017 et
3153 3979 3256 4034 per
3285 3962 3576 4029 accidens,
3606 3966 3736 4018 tum

2081 4076 2208 4131 quae
2243 4056 2574 4129 propinqua
2604 4059 2660 4111 et
2691 4059 2913 4110 remota
2944 4057 3120 4119 sunt;
3164 4050 3378 4123 partim
3428 4054 3734 4122 potestate,

2079 4147 2294 4220 partim
2327 4151 2459 4201 actu
2493 4145 2792 4199 dicuntur.
2817 4142 3106 4197 Potestate
3138 4145 3334 4196 autem
3374 4140 3471 4194 hic
3527 4157 3644 4195 non
3675 4140 3736 4195 id

2078 4237 2235 4308 quod
2268 4234 2394 4290 ﬁeri
2424 4237 2635 4305 potest,
2669 4231 2963 4299 declarat;
2999 4230 3100 4286 scd
3133 4230 3289 4300 quod
3320 4244 3424 4283 nec
3457 4227 3594 4300 agit,
3629 4244 3737 4284 nec

2077 4325 2292 4397 agitur.
2329 4325 2425 4380 27
2464 4322 2640 4392 Atqui
2670 4338 2784 4376 non
2833 4323 3016 4392 agunt
3062 4335 3198 4374 cum
3230 4334 3298 4373 ea
3346 4334 3473 4388 quae
3526 4317 3738 4388 agendi

2073 4415 2292 4470 habent
2312 4411 2786 4484 potentiam,tum
2802 4427 2928 4481 quae
2963 4423 3132 4480 agere
3154 4407 3741 4470 cessaverunt.Quem

2071 4504 2391 4560 admodum
2422 4501 2681 4556 vicissim
2727 4517 2842 4555 non
2902 4502 3176 4570 aguntur,
3234 4513 3368 4552 cum
3426 4513 3554 4567 quae
3613 4512 3723 4566 po-

2066 4592 2312 4649 tentiam
2345 4591 2562 4646 habent
2590 4606 2709 4661 qua
2731 4588 2824 4660 agi
2858 4587 3104 4659 possint,
3144 4590 3274 4640 tum
3336 4602 3464 4656 quae
3514 4583 3604 4654 agi
3636 4584 3708 4639 de

299 4685 394 4742 καὶ
465 4685 534 4740 τὰ
604 4683 925 4756 πεπαυμένα
1003 4686 1101 4737 τοῦ
1168 4679 1518 4758 ἐνεργεῖσθαι.
1579 4681 1654 4736 Τὰ
1713 4681 1807 4755 μὲν
1863 4680 1955 4737 οὖν

2081 4683 2316 4738 sierunt.
2375 4683 2512 4746 Quae
2565 4679 2747 4751 igitur
2805 4694 2994 4733 causae
3051 4679 3109 4731 et
3153 4675 3358 4731 effecta
3387 4678 3530 4729 sunt
3559 4677 3713 4744 actu,

305 4773 551 4851 ἐνεργείᾳ
622 4769 769 4829 αἷίτια
822 4772 913 4827 καὶ
970 4771 1079 4845 (τὰ)
1131 4770 1363 4843 αἰτιατὰ,
1423 4771 1537 4844 ἅμα
1587 4793 1646 4826 τε
1702 4769 1811 4826 ἔστι
1869 4772 1959 4827 καὶ

301 4860 470 4919 πάλιν
533 4862 648 4936 ἅμα
709 4861 810 4916 οὐκ
858 4858 1019 4916 ἔστιν·
1049 4857 1225 4934 ἤγουν
1276 4858 1606 4936 συνεισφέρει
1653 4879 1711 4913 τε
1742 4856 1968 4930 ἄλληλα

302 4951 397 5008 καὶ
446 4956 774 5028 συναναιρεῖ.
807 4954 962 5023 ’Ἅμα
1015 4949 1118 5025 γάρ
1181 4947 1319 5002 ἐστιν
1370 4949 1399 5002 6
1448 4945 1760 5021 οἰκοδομῶν
1822 4948 1968 5004 οἰκο-

304 5039 502 5114 δόμος,
533 5040 624 5094 καὶ
661 5039 727 5094 τὸ
771 5034 1239 5110 οἰκοδομούμενον
1273 5032 1392 5106 οἰίκη
1406 5056 1498 5107 μα·
1530 5035 1620 5090 καὶ
1675 5037 1751 5108 μὴ
1811 5031 1964 5098 ὄντος

295 5133 400 5186 τοῦ
456 5125 913 5202 οἰκοδομοῦντος,
965 5122 1093 5181 οὐδὲ
1155 5125 1217 5179 τὸ
1285 5121 1750 5198 οἷ’κοδομούμενὸν
1801 5124 1963 5182 ἐστιν.

298 5217 578 5280 Ὡσαύτως
645 5216 736 5272 καὶ
809 5220 907 5272 τοῦ
965 5211 1430 5287 οἰκοδομουμένου
1494 5215 1570 5287 μὴ
1629 5209 1806 5286 ὄντος,
1868 5214 1967 5270 οὐκ

299 5305 445 5365 ἔστιν
505 5303 619 5363 οὐδ’
652 5308 681 5362 6
714 5301 1047 5379 οἰκοδομῶν.
1080 5305 1156 5358 Τὰ
1213 5301 1271 5358 δὲ
1327 5301 1552 5377 δυνάμει
1597 5303 1696 5358 οὐκ
1740 5303 1823 5358 ἀεὶ
1854 5303 1967 5378 ἅμα

300 5395 416 5454 ἔστι
467 5396 558 5452 καὶ
608 5397 724 5471 ἅμα
772 5394 872 5450 οὐκ
919 5392 1052 5450 ἔστι.
1101 5393 1334 5448 Δυνατὸν
1393 5394 1496 5469 γὰρ
1547 5392 1584 5461 ἢ
1632 5393 1732 5461 τήν
1791 5391 1962 5447 οἰκίαν

302 5483 604 5561 διαμένειν,
652 5485 744 5541 τὸν
809 5481 856 5539 δ’
902 5479 1198 5556 οἰκοδόμον
1265 5483 1462 5537 Θανεῖνο
1521 5483 1556 5550 ἢ
1614 5485 1802 5536 τοῦτον
1868 5482 1964 5554 μὲν

305 5579 403 5650 ζῇν
427 5572 530 5647 ἔτι,
559 5575 661 5645 τήν
690 5573 736 5630 δ’
771 5571 945 5628 οἰκίαν
977 5575 1318 5629 καταπεσεῖνε

379 5720 430 5794 {9
456 5719 494 5776 2
522 5718 697 5794 Phys.
729 5737 780 5778 ο.
809 5720 868 5787 3,
897 5721 941 5776 ι.
973 5718 1064 5774 36.
1139 5717 1186 5753 3°
1219 5717 1258 5772 2
1313 5715 1486 5789 Phys.
1518 5733 1568 5774 c.
1618 5717 1674 5788 3,
1719 5719 1764 5774 t.
1795 5716 1886 5772 34.
1961 5717 1967 5748 ⁵

2100 5714 2272 5789 Phys.
2306 5732 2357 5774 c.
2391 5717 2444 5783 3,
2503 5717 2546 5770 t.
2594 5713 2704 5783 37;
2735 5714 2768 5768 4
2816 5713 3139 5786 Metaphys,
3172 5727 3220 5768 θ’
3255 5711 3310 5765 2.

300 5808 355 5849 ο.
385 5791 444 5862 3,
476 5795 519 5849 t.
542 5791 633 5848 38'.

2078 4769 2256 4828 simul
2319 4773 2374 4825 et
2433 4773 2592 4837 sunt,
2644 4773 2702 4823 et
2760 4765 2937 4822 simul
2981 4782 3094 4820 non
3127 4767 3268 4819 sunt
3294 4764 3336 4798 ³¹
3370 4781 3382 4818 :
3417 4763 3526 4817 hoc
3557 4765 3648 4818 est
3676 4779 3739 4818 se

2077 4865 2284 4916 mutuo
2345 4857 2523 4914 simul
2579 4862 2635 4911 et
2689 4857 2950 4911 inferunt
2985 4859 3041 4910 et
3080 4852 3311 4909 tollunt.
3345 4851 3536 4908 Simul
3572 4850 3732 4906 enim

2078 4954 2219 5006 sunt
2248 4948 2545 5003 aadificans
2567 4945 2942 5013 architectus,
2975 4948 3034 4999 et
3063 4943 3276 4998 domus
3308 4957 3436 5013 qua;
3481 4940 3730 4995 aadifica-

2076 5044 2210 5104 tur;
2245 5042 2302 5093 et
2334 5037 2384 5092 si
2415 5053 2532 5091 non
2565 5035 2642 5090 sit
2671 5034 2988 5100 aedificans,
3021 5049 3128 5088 nec
3159 5032 3270 5087 erit
3308 5030 3462 5104 quod
3485 5029 3730 5085 aediﬁca-

2075 5133 2209 5196 tur;
2243 5126 2570 5196 eodemque
2603 5123 2776 5179 modo
2807 5123 2856 5177 si
2887 5139 3004 5177 non
3034 5122 3112 5176 sit
3166 5121 3323 5191 quod
3380 5118 3726 5188 aediﬁcatur,

2076 5235 2183 5274 nec
2241 5215 2352 5271 erit
2397 5215 2713 5269 aediﬁcans.
2769 5215 2904 5277 Quae
2936 5228 3069 5266 vero
3102 5213 3386 5283 potestate
3415 5211 3577 5276 sunt,
3607 5224 3725 5263 non

2077 5321 2310 5377 semper
2340 5302 2518 5360 simul
2546 5305 2688 5357 sunt
2715 5305 2773 5357 et
2801 5299 2978 5357 simul
3017 5317 3133 5355 non
3165 5302 3324 5355 sunt.
3358 5297 3508 5352 Fieri
3565 5296 3724 5352 enim

2075 5399 2289 5470 potest,
2325 5398 2391 5449 ut
2417 5391 2504 5448 vel
2536 5392 2760 5448 Domus
2788 5393 3147 5462 permaneat,
3189 5403 3322 5444 cum
3372 5385 3726 5443 architectus

2075 5490 2164 5541 est
2193 5487 2461 5540 mortuus
2528 5481 2616 5536 vel
2643 5481 2738 5536 hic
2769 5481 3008 5552 quidem
3040 5478 3232 5534 adhuc
3261 5477 3436 5543 vivat,
3459 5491 3594 5532 cum
3625 5475 3729 5531 do-

2076 5591 2210 5630 mus
2239 5571 2498 5643 collapsa
2525 5573 2614 5625 est
2643 5570 2707 5625 3’.

3407 5708 3455 5744 ³³
3483 5708 3519 5762 2
3546 5707 3702 5780 Phys
