4094 6444
310 445 480 519 10³ιῦ

1594 474 1601 503 τ
1643 442 1998 523 ΕΕῙΤΟΜΕ
2041 441 2409 521 ΡΗΥΞΙῦΑς

3585 440 3745 525 4MB

318 569 715 645 έπῗέλαττοντ.
763 574 798 645 ἠ
859 573 1001 650 τύχη
1063 572 1153 630 καὶ
1204 573 1274 641 ,τὸ
1322 572 1622 648 αὐτόματον
1661 575 1711 630 έν
1743 578 1861 637 τοῖς
1893 572 1965 628 επ

2089 574 2145 631 id
2180 575 2336 647 quod
2370 580 2436 631 ut
2468 574 2809 649 plurimum,
2842 580 2901 632 et
2927 573 2984 630 in
3018 573 3075 633 id
3103 574 3261 647 quod
3282 589 3351 631 ex
3371 590 3556 646 aequo,
3590 576 3649 645 et
3677 572 3738 629 in

319 662 544 735 ἔλαττον
574 663 874 742 φαίνονται.

400 842 465 913 ζ’.
495 840 661 915 Καὶὴ
698 841 793 916 μὲν
823 840 969 917 τύχη
1018 840 1069 895 έν
1122 845 1241 903 τοῖς
1285 840 1422 897 κατὰ
1464 839 1799 918 προαίρεσινο
1834 842 1970 914 οῖον,

317 929 478 993 εἷ’,τις
522 928 611 986 ἐπὶ
656 933 736 986 τῶ
775 925 1099 1003 καταϐαλεῖν
1145 927 1398 1004 θεμέλιον
1453 928 1701 985 σκάπτων
1754 927 1974 1006 ἐνέτυχε

317 1021 591 1096 θησαυρῷ·
622 1018 687 1074 τὸ
718 1016 764 1074 δ’
810 1017 1115 1093 αὐτόματον
1171 1017 1222 1074 έν
1273 1023 1393 1081 τοῖς
1439 1019 1575 1075 κατὰ
1621 1018 1801 1097 φύσινσ
1856 1020 1970 1074 οἷον

317 1106 373 1167 εἷ’
440 1119 604 1174 ποθεν
678 1107 833 1173 λίθος
874 1166 879 1169 _
915 1110 990 1182 μή
1050 1129 1197 1171 τινος
1271 1106 1531 1184 ῥίψαντος
1586 1105 1747 1179 αὐτὸν
1805 1107 1971 1181 μόνος

312 1195 655 1274 κατενεχθεὶς
704 1194 957 1267 ἐπάταξεν
1010 1192 1312 1273 ἄνθρωπον,
1357 1196 1393 1265 ἢ
1441 1217 1589 1259 τινος
1654 1191 1818 1259 ἷίππος
1868 1196 1972 1252 ὑπὸ

310 1289 420 1342 τῶν
499 1283 783 1359 πολεμίων
857 1282 1103 1365 ληφθείς,
1154 1284 1243 1341 καὶ
1316 1285 1411 1347 τὰς
1479 1285 1746 1361 προτέρας
1800 1285 1972 1358 νομὰς

313 1374 631 1454 φαντασθεὶς
685 1372 762 1437 εἰς
809 1373 901 1430 τὸν
944 1373 1148 1431 οἰκεῖον
1197 1370 1461 1444 δεσπότην
1512 1373 1648 1444 ⁹ἦλθε
1692 1372 1820 1435 τοὺς
1867 1394 1969 1429 πο-

282 1464 544 1538 -λεμίους
611 1466 794 1542 φυγών
826 1481 840 1495 ·
900 1465 1057 1542 φύσις
1129 1464 1230 1540 γὰρ
1298 1464 1388 1519 καὶ
1459 1468 1605 1520 πᾶσα
1659 1465 1695 1532 ἡ
1763 1459 1971 1537 ἄλογος

312 1558 565 1617 καλεῖται
619 1556 731 1625 ζῶή
764 1595 778 1608 .
837 1554 993 1609 Ὅθεν
1040 1555 1109 1609 τὰ
1167 1554 1262 1627 μὲν
1335 1547 1792 1627 ἐπισυμϐαίνοντα
1852 1558 1971 1615 ταῖς

310 1639 537 1719 ἀλόγοις
614 1642 911 1720 ἐνεργείαις
978 1642 1069 1701 καὶ
1143 1647 1392 1721 φυσικαῖς
1468 1642 1573 1697 ἀπὸ
1625 1640 1969 1715 ταυτομάτου

312 1731 481 1811 φασί,
524 1731 616 1787 καὶ
670 1732 733 1787 τὸ
779 1730 1242 1808 προηγησάμενον
1300 1728 1471 1786 αίίτιὸν
1519 1729 1767 1808 λέγουσιν
1813 1729 1971 1786 αὐτό-

317 1841 486 1894 ματον
519 1862 534 1875 .
592 1823 732 1879 Ὅσα
804 1819 863 1876 δὲ
917 1825 1036 1883 ταῖς
1101 1821 1240 1876 κατὰ
1296 1818 1610 1897 προαίρεσιν
1681 1819 1968 1898 ἐνεργείαις

313 1903 687 1985 έσισυμϐαίνει
713 1957 729 1981 ,
800 1909 949 1975 ταῦτῗ
1007 1909 1113 1966 ἀπὸ
1167 1908 1348 1985 τύχης
1392 1931 1405 1943 ·

2087 664 2144 720 id
2178 666 2332 736 quod
2363 681 2494 720 raro
2513 664 2803 739 contingit
2830 683 2844 732 ;
2870 665 3107 720 fortuna
3138 667 3197 720 et
3216 680 3389 719 casus
3413 664 3470 717 in
3496 663 3588 719 his
3610 678 3740 736 spe-

2082 757 2334 818 ctantur,
2368 770 2495 825 quae
2527 770 2658 811 raro
2689 753 3060 825 contingunt.

2151 844 2207 896 7.
2258 844 2330 899 Et
2384 844 2621 900 fortuna
2679 842 2920 915 quidem
2978 842 3037 896 in
3094 841 3167 898 iis
3228 858 3358 913 quae
3410 842 3736 907 secundum

2081 929 2423 987 electionem
2456 931 2606 987 ﬁunt
2633 949 2646 1001 ;
2680 930 2859 988 veluti
2892 930 2943 986 si
2973 930 3106 1002 quis
3164 931 3236 986 ad
3279 930 3735 995 fundamentum

2074 1018 2418 1092 jaciendum
2471 1021 2699 1077 fodiens
2746 1020 2805 1075 in
2854 1020 3203 1076 thesaurum
3249 1019 3508 1086 incidat;
3561 1036 3736 1076 casus

2082 1113 2281 1167 autem
2324 1109 2383 1164 in
2438 1108 2512 1165 iis
2561 1126 2692 1181 quae
2750 1110 3076 1167 secundum
3134 1112 3410 1164 naturam
3464 1107 3731 1176 fiunt”;

2080 1197 2331 1270 exempli
2362 1198 2574 1272 gratia,
2603 1199 2652 1254 si
2684 1197 2958 1254 alicunde
3002 1197 3156 1270 lapis
3199 1201 3264 1259 ut
3315 1213 3486 1267 nemo
3533 1197 3733 1271 ipsum

2078 1288 2389 1361 projecerit
2418 1305 2452 1343 a
2490 1305 2553 1345 se
2602 1288 2881 1360 delapsus
2931 1287 3288 1360 percusserit
3331 1286 3633 1361 hominem
3665 1287 3730 1355 3°,

2080 1381 2183 1433 aut
2211 1375 2467 1448 alicujus
2497 1393 2685 1448 equus
2735 1376 2807 1432 ab
2858 1376 3130 1433 hostibus
3180 1379 3388 1448 captus
3435 1380 3491 1437 et
3536 1375 3735 1448 priora

2080 1483 2301 1539 pascua
2330 1467 2691 1540 imaginatus
2722 1467 2795 1523 ab
2827 1466 3099 1525 hostibus
3133 1466 3272 1538 fuga
3298 1464 3536 1538 elapsus
3559 1465 3657 1539 sit,
3676 1470 3734 1535 et

2080 1556 2153 1612 ad
2187 1556 2490 1628 proprium
2524 1556 2833 1613 dominum
2850 1572 2912 1612 se
2935 1554 3266 1612 contulerit.
3289 1555 3436 1612 Nam
3462 1558 3521 1610 et
3537 1554 3731 1627 omnis

2079 1646 2255 1703 bruta
2282 1646 2418 1713 vita,
2455 1649 2668 1702 natura
2690 1645 2924 1700 dicitur.
2958 1645 3123 1700 Unde
3169 1643 3346 1700 etiam
3396 1659 3523 1715 quae
3559 1645 3734 1703 ratio-

2081 1734 2174 1790 nis
2198 1734 2536 1806 expertibus
2566 1739 2626 1790 et
2654 1734 3025 1791 naturalibus
3055 1732 3493 1806 operationibus
3522 1732 3734 1791 adven-

2078 1824 2208 1881 titia
2229 1823 2452 1880 ratione
2483 1823 2781 1888 accidunt,
2807 1841 2842 1880 a
2873 1840 3013 1880 casu
3045 1822 3466 1895 pronuntiant;
3501 1827 3559 1877 et
3587 1839 3730 1879 cau-

1464 1909 1583 1995 xui,
1612 1907 1809 1985 τύχην,
1867 1910 1966 1979 τὴν
1996 1941 2046 2011 Β
2080 1930 2209 1970 sam
2240 1917 2663 1986 antegressam,
2697 1929 2901 1969 casum
2933 1915 3294 1984 nuncupant.
3347 1910 3483 1975 Quae
3531 1914 3728 1971 autem

310 1998 787 2078 παρυφισταμένην
874 1997 1047 2054 αἰτίαν
1126 2002 1193 2073 τῇ
1274 1998 1590 2076 προαιρέσει
1670 1997 1761 2055 καὶ
1794 2068 1795 2071 η
1831 1998 1965 2054 κατᾶ

2077 2002 2410 2059 actionibus
2465 2003 2536 2057 ab
2586 2000 2869 2058 electione
2918 2000 3428 2074 proficiscentibus
3486 1999 3731 2075 insuper

307 2086 623 2165 προαίρεσιν
634 2131 648 2145 .

2074 2091 2350 2148 accidunt
2376 2092 2443 2158 ‘°,
2476 2091 2597 2147 hac
2628 2108 2663 2147 a
2702 2091 2940 2147 fortuna
2965 2090 3355 2163 proﬁtentur;
3386 2092 3445 2144 et
3485 2105 3726 2147 causam

307 2194 438 2252 qua:
468 2177 740 2237 electioni
768 2182 828 2234 et
855 2178 929 2234 ab
958 2176 1239 2237 electione
1267 2177 1413 2234 ortis
1434 2177 1607 2249 juxta
1634 2177 1884 2241 assistit,
1916 2178 2215 2239 fortunam
2245 2180 2544 2253 appellant
2562 2182 2629 2236 ‘1.

384 2265 457 2336 η’.
515 2262 679 2323 Ἀλλ’
737 2263 942 2341 ἀγαθὴν
1004 2264 1096 2337 μὲν
1156 2262 1332 2341 τύχην
1368 2306 1383 2332 ,
1442 2262 1568 2319 ὅταν
1639 2285 1694 2318 τι
1765 2263 1960 2340 ἀγαθὸν

308 2348 493 2429 ἀποϐῇ
541 2351 755 2432 φαύλην
804 2351 874 2426 δ’,
917 2351 1042 2409 ὅταν
1091 2350 1319 2435 φαῦλον.
1367 2352 1592 2413 Ὁπόταν
1648 2350 1706 2408 δὲ
1732 2353 1800 2409 τὰ
1829 2353 1964 2415 duo:

306 2439 562 2509 ϐαίνοντα
608 2441 843 2519 ,μέγεθος
903 2438 1102 2520 ἔχωσιν
1132 2488 1149 2515 ,
1208 2441 1459 2518 εὐτυχίαν
1510 2441 1607 2519 ,καὶ
1668 2439 1959 2519 δυστυχίαν

305 2533 452 2614 φασί,
485 2533 556 2597 Τὸ
587 2529 634 2587 δ’
657 2531 912 2609 ,εὐτυχεῖν
957 2532 1049 2587 καὶ
1095 2532 1159 2587 τὸ
1208 2531 1493 2608 δυστυχεῖν
1522 2530 1597 2588 ἐν
1625 2537 1744 2594 τοῖς
1802 2529 1960 2587 δυνα-

297 2620 525 2698 μένοις,
563 2622 816 2699 πράττειν
894 2620 1259 2698 γνωρίζεται.
1320 2620 1421 2675 Καὶ
1495 2621 1600 2698 γὰρ
1676 2620 1962 2695 εὐπραγεῖν

305 2711 420 2775 ἐστι
469 2711 560 2768 καὶ
612 2709 956 2788 δόσπραγείν.
1006 2711 1163 2781 Ὅθεν,
1212 2707 1366 2766 οὐδὲν
1416 2707 1627 2787 ἄψυχον
1681 2711 1718 2780 ἢ
1772 2711 1961 2787 θηρίον

400 2799 618 2861 παιδίον
663 2799 921 2876 ⁸εὐτυχεῖν
980 2798 1199 2875 λέγεται
1246 2799 1453 2874 κυρίως
1501 2798 1530 2853 ύ
1581 2797 1890 2876 δυστυχεῖν,
1917 2799 1964 2856 εἰ

306 2891 385 2964 μή
441 2890 563 2954 καθ’
621 2888 927 2962 ὁμοιότητα
956 2908 970 2921 ⁸
1025 2889 1205 2951 καθὼς
1261 2882 1363 2959 ἔχη
1417 2888 1755 2965 Πρώταρχος
1814 2888 1964 2943 εύτυ-

302 2984 429 3056 χεῖς
464 2981 601 3035 εἶναι
631 2977 760 3043 τοὺς
792 2977 979 3041 λίθους
1009 2977 1060 3049 ἐξ
1101 2979 1176 3043 ὧν
1222 2975 1275 3032 δὶ
1319 2977 1525 3054 βωμοὶ,
1558 2976 1642 3032 ὅτι
1668 2981 1960 3052 τιμῶνται·

306 3070 360 3124 οἱ
390 3066 439 3124 δ’⁵
466 3067 736 3143 ὁμόζυγες
766 3066 942 3124 αὐτῶν
972 3071 1424 3133 καταπατοῦνται.
1578 3085 1580 3088 '

2144 2270 2199 2324 8.
2231 2269 2301 2324 Et
2330 2268 2567 2334 bonam,
2599 2268 2840 2341 quidem
2863 2266 3157 2323 fortunam
3181 2282 3318 2323 cum
3339 2266 3563 2340 aliquid
3584 2267 3724 2325 boni

2072 2357 2304 2425 evenit;
2337 2356 2575 2425 malam,
2608 2374 2744 2412 cum
2774 2355 2911 2411 mali
2940 2354 3183 2427 aliquid.
3208 2355 3451 2422 Quando
3471 2355 3722 2428 denique

2073 2445 2146 2501 iis
2175 2462 2305 2519 quae
2336 2445 2632 2515 eveniunt,
2686 2445 3029 2518 magnitudo
3078 2445 3349 2516 quaedam
3397 2446 3491 2501 31
3551 2445 3725 2515 inest,

2075 2532 2329 2611 εὐτυχίαν
2363 2536 2434 2601 ⁴²,
2466 2534 2575 2590 hoc
2605 2539 2696 2590 est
2743 2534 3043 2606 ingentem
3086 2534 3331 2591 fortuna:
3379 2533 3732 2605 prosperita-

2075 2629 2215 2693 tem,
2247 2628 2305 2680 et
2353 2619 2642 2697 δυστυχίαν
2690 2622 2749 2677 id
2795 2626 2886 2678 est
2930 2622 3141 2694 ingens
3190 2620 3581 2679 infortunium
3625 2639 3730 2679 no-

2075 2715 2305 2770 minant
2345 2714 2412 2768 ‘3.
2480 2713 2865 2768 Fortunatum
2926 2716 3123 2767 autem
3182 2715 3241 2766 et
3298 2710 3729 2767 infortunatum

2074 2819 2205 2858 esse
2234 2803 2293 2858 in
2324 2802 2399 2858 iis
2430 2818 2559 2875 quae
2590 2805 2842 2873 possunt
2864 2815 3055 2872 agere,
3080 2799 3587 2856 animadvertitur.
3611 2800 3731 2857 Hoc

2074 2891 2233 2947 enim
2262 2890 2417 2947 idem
2451 2896 2540 2946 est
2570 2890 2726 2962 quod
2756 2904 3032 2962 prospere
3061 2892 3120 2944 et
3149 2887 3302 2944 male
3332 2904 3523 2962 agere.
3564 2888 3729 2944 Unde

2074 2980 2161 3046 ﬁt,
2196 2983 2261 3036 ut
2285 2979 2517 3037 nullum
2559 2978 2976 3047 inanimatam,
3028 2982 3129 3033 aut
3174 2977 3385 3047 bestia,
3434 2980 3537 3035 aut
3583 2994 3730 3050 puer

2044 3060 2409 3127 fortunatus
2441 3072 2543 3131 aut
2569 3068 2970 3124 infortunatus
3018 3081 3147 3123 esse
3195 3065 3430 3137 proprie
3470 3065 3723 3135 dicatur,

307 3158 426 3221 nisi
453 3123 559 3232 per
584 3123 1066 3229 similitudinem,
1099 3158 1599 3231 quemadmodum
1631 3123 1988 3215 Protarchus
2018 3123 2553 3226 dixiLfortunatos
2575 3173 2703 3213 esse
2731 3156 2956 3228 lapides
2996 3172 3066 3212 ex
3111 3123 3327 3227 quibus
3372 3154 3580 3213 altaria
3617 3123 3727 3212 ’θέλ

307 3252 639 3316 struuntur,
673 3247 831 3320 quod
861 3247 1082 3304 honore
1110 3246 1481 3315 afﬁciantur;
1512 3263 1646 3303 cum
1676 3246 1890 3320 reliqui
1921 3247 2023 3320 qui
2054 3250 2195 3307 sunt
2221 3247 2488 3320 ejusdem
2519 3245 2770 3320 generis,
2801 3246 3048 3317 pedibus
3079 3243 3498 3311 conculcantur
3514 3245 3576 3301 “.

300 3386 303 3391 ,
386 3347 415 3402 θ
435 3378 451 3393 .
478 3335 775 3413 Συνάγεται
805 3333 865 3390 δὲ
890 3334 983 3395 καὶ
1021 3337 1081 3405 ἡ,
1106 3334 1254 3410 τύχη
1301 3332 1393 3390 καί
1438 3336 1501 3390 τὸ
1544 3334 1850 3409 αὐτόματον
1880 3334 1956 3398 εἷς

2138 3338 2193 3391 9.
2222 3340 2357 3393 Jam
2388 3352 2519 3391 vero
2553 3337 2789 3391 fortuna
2817 3341 2876 3389 et
2901 3351 3075 3391 casus
3122 3334 3195 3390 ad
3245 3332 3330 3390 sic
3375 3332 3729 3413 generaliter

297 3423 362 3487 τὸ
415 3429 646 3502 γενικῶς
703 3424 1093 3499 ὠνομασμένον
1147 3423 1453 3498 αὐτόματον
1489 3467 1503 3480 .
1560 3427 1730 3478 Τοῦτο
1787 3421 1845 3478 δὲ
1899 3424 1962 3479 τὸ

297 3518 498 3577 κοινῶς
553 3512 860 3587 αὐτόματον
930 3512 1076 3569 οὕτω
1128 3502 1393 3584 κέκληται
1465 3512 1540 3575 ὡς
1600 3512 1730 3568 αὐτὸ
1788 3511 1964 3585 μάτην

297 3603 429 3663 ὅσον
484 3601 575 3659 ἐπὶ
629 3606 710 3676 τῷ
765 3600 1157 3659 ἀκολουθοῦντι
1206 3600 1609 3676 ἀποτελέσματι
1666 3601 1961 3679 προσγινό-

301 3710 484 3768 μενον·
546 3690 671 3747 ὅσον
729 3691 857 3768 γὰρΔ
894 3689 984 3751 ἐπὶ
1033 3694 1104 3766 τῇ
1161 3689 1367 3767 εὖρέσει
1412 3695 1510 3747 τοῦ
1561 3693 1833 3766 θησαυροῦ
1868 3690 1966 3765 μά-

294 3802 399 3854 την
430 3783 466 3852 ἡ
501 3780 697 3857 σκάψις
738 3781 1086 3858 προγέγονεν,
1137 3779 1253 3836 ἐπεὶ
1305 3777 1394 3835 διὰ
1436 3781 1539 3850 τὴν
1578 3786 1676 3836 τοῦ
1704 3779 1963 3854 θεμελίου

292 3865 615 3940 καταϐολὴν
661 3869 753 3925 καὶ
814 3873 850 3941 ἡ
906 3873 1006 3925 τοῦ
1062 3868 1216 3925 λίθου
1271 3871 1571 3947 καταφορὰ,
1625 3870 1715 3935 καὶ
1771 3872 1806 3940 ἡ
1864 3874 1962 3926 τοῦ

289 3957 475 4019 ’ἵππου
512 3958 573 4015 ἐκ
616 3963 725 4014 τῶν
772 3955 1057 4033 πολεμίων
1105 3958 1271 4037 φυγὴ,
1327 3956 1503 4032 μάτην
1552 3957 1676 4015 ὅσον
1727 3958 1815 4013 ἐπὶ
1844 3963 1961 4021 τοῖς

293 4046 854 4126 παρηκολουθηκόσιν
892 4100 895 4107 ,
929 4046 1363 4120 ,ἀποτελέσμασι
1402 4096 1403 4099 η
1467 4045 1858 4123 προγεγόνασιν
1946 4087 1960 4100 .

294 4134 440 4195 Ούτε
495 4137 597 4215 γὰρ
657 4139 686 4193 6
744 4131 900 4199 λίθος
952 4133 1111 4192 ἕνεκα
1162 4139 1262 4190 τοῦ
1316 4135 1543 4206 πατάξαι
1599 4137 1957 4206 κατήνεκται·

294 4224 417 4285 οὔθ’
475 4227 503 4283 6
561 4224 727 4290 ἵππος
790 4225 919 4289 τοὺς
991 4224 1297 4299 πολεμίους
1374 4224 1692 4304 ἐκπέφευγεν
1733 4271 1748 4297 ,
1809 4221 1964 4279 ἕνεκα

291 4321 401 4374 τοῦ
445 4318 585 4391 πρὸς
628 4317 721 4372 τὸν
774 4313 913 4371 ἴδιον
964 4312 1229 4385 δεσπότην
1263 4312 1457 4378 ἐλθεῖν⁸
1510 4313 1635 4371 ἀλλ’
1665 4315 1693 4370 ὁ
1729 4313 1822 4387 μὲν
1870 4310 1964 4368 ’ίνα

293 4405 395 4462 τὸν
456 4405 657 4461 οἰκεῖον
716 4398 999 4478 καταλάϐῃ
1054 4402 1254 4475 τόπον,
1305 4402 1369 4457 τὸ
1426 4403 1574 4457 κάτω
1627 4404 1717 4458 καὶ
1779 4402 2003 4479 μέσον,.

295 4493 479 4571 ἤγουν
511 4495 541 4550 6
573 4493 729 4558 λίθος
767 4492 960 4569 (πάντα
1006 4492 1111 4568 γὰρ
1158 4492 1227 4547 τὰ
1276 4491 1417 4567 βάρη
1468 4489 1750 4569 αὐτοφυῶς
1782 4490 1874 4546 ἐπὶ
1899 4492 1963 4544 τὸ
2016 4524 2021 4527 -

281 4583 526 4661 ,κέντρον
558 4584 748 4661 ὁρμᾶν
781 4584 811 4639 ὁ
842 4580 889 4639 δ’
920 4579 1088 4644 ἰ’ππος
1113 4579 1210 4636 τίνα
1236 4581 1375 4658 πρὸς
1396 4582 1499 4646 ,τὰς
1531 4582 1799 4652 συνήθεις
1831 4577 1965 4653 ἔλθῃ

304 4874 311 4885 π
370 4853 444 4911 ἰ’.
488 4849 711 4908 Αἴτιον·
742 4846 812 4905 ’δὲ
867 4848 1033 4924 ὅμως
1071 4848 1137 4905 τὸ
1186 4854 1290 4904 πᾶν
1350 4847 1654 4923 αὐτόματον
1712 4846 1963 4925 λέγεται·

302 4939 451 4998 διότι
511 4938 588 5014 μή
634 4937 1099 5014 προηγησαμένου
1145 4935 1306 4993 τοῦδε
1353 4938 1453 4994 οὐκ
1504 4936 1565 4992 ἃν
1607 4937 1673 4992 τὸ
1716 4940 1965 4991 τοιοῦτον

290 5026 481 5093 ’τέλος
524 5024 969 5099 ἐπηκολούθησεν
1013 5070 1027 5084 .
1086 5024 1271 5084 Αἷετιον
1325 5026 1508 5096 μέντοι
1562 5031 1659 5080 τοῦ
1714 5025 1975 5080 τοιούτου

299 5112 503 5182 τέλους
529 5117 668 5174 κατᾶ
696 5111 1079 5192 συμϐεϐηκὸς,
1112 5114 1255 5172 ἀλλ’
1302 5115 1366 5171 ού
1407 5117 1522 5172 καθ’
1570 5114 1720 5170 αὐτό⁸
1774 5114 1888 5170 οἷον
1930 5115 1966 5183 ἡ

302 5209 507 5284 σκάψις
565 5196 759 5283 αἴτιονλ
801 5205 896 5280 μὲν
948 5208 1016 5275 ἦν
1072 5205 1187 5261 καθ’
1241 5198 1395 5259 αὐτὸ
1424 5204 1522 5274 τῆς
1550 5200 1665 5257 τοῦ
1711 5201 1970 5276 θεμελίου

230 5358 234 5362 ,
298 5282 652 5364 καταϐολῆς·
678 5289 902 5371 ,συνέϐη
955 5290 1014 5349 δὲ
1052 5291 1296 5368 γενέσθαι
1339 5291 1428 5349 καὶ
1471 5299 1573 5370 τῆς
1624 5297 1722 5349 τοῦ
1770 5282 1970 5362 θησαυ-

290 5389 423 5463 poi
457 5385 719 5461 εὑρέσεως
766 5379 942 5463 αἴτιον
969 5426 986 5453 ,
1028 5379 1305 5458 γενομένη
1361 5383 1538 5456 μάτην
1588 5380 1710 5439 ὅσον
1763 5380 1852 5436 ἐπὶ
1900 5383 1972 5454 τῇ

307 5472 518 5551 εὗρίσει
543 5474 646 5531 τοῦ
662 5466 969 5550 θησαυροῦ.
994 5490 999 5519 ί

2073 3425 2296 3483 dictum
2328 3441 2531 3483 casum
2562 3423 2880 3496 colligitur.
2915 3422 3035 3480 Hoc
3084 3426 3283 3481 autem
3330 3408 3727 3497 communiter

2072 3518 2377 3587 acceptum
2436 3514 2503 3582 δε,
2566 3510 2892 3583 αὐτόματον,
2952 3512 3036 3567 sic
3091 3515 3363 3567 vocatum
3408 3514 3521 3577 est,
3567 3512 3727 3583 quod

2074 3601 2204 3657 αὐτὸ
2256 3602 2454 3676 μάτην,
2505 3603 2564 3658 id
2614 3607 2725 3670 est,
2769 3601 2970 3674 ipsum
3017 3600 3261 3667 frustra,
3311 3602 3603 3672 quantum
3652 3599 3728 3679 ad

2073 3694 2445 3764 subsequens
2504 3692 2773 3749 effectum
2832 3690 3065 3758 attinet,
3116 3689 3373 3765 accedat.
3430 3691 3728 3753 Quantum

2074 3782 2232 3838 enim
2263 3782 2334 3837 ad
2366 3781 2630 3838 thesauri
2662 3780 3062 3837 inventionem
3094 3778 3330 3848 attinet,
3373 3775 3555 3857 fossio
3578 3776 3727 3845 ,fru-

2073 3875 2197 3928 stra
2243 3870 2582 3943 praecessit:
2638 3869 2918 3941 quoniam
2980 3871 3220 3940 propter
3275 3866 3725 3925 fundamentum

2065 3960 2408 4032 jaciendum
2441 3960 2741 4031 [suscepta
2792 3957 3042 4029 fuerat]:
3077 3956 3347 4031 itemque
3395 3954 3606 4027 lapidis
3654 3953 3726 4010 ab

2074 4048 2194 4106 alto
2242 4065 2415 4104 casus
2472 4051 2530 4103 et
2584 4045 2721 4118 equi
2769 4046 2841 4102 ab
2886 4044 3158 4101 hostibus
3203 4044 3344 4118 fuga
3386 4044 3624 4115 frustra,
3676 4043 3727 4101 si

2071 4137 2276 4203 effecta
2303 4153 2433 4208 quae
2464 4136 2781 4192 subsecuta
2808 4137 2948 4189 sunt
2976 4136 3224 4205 spectes,
3259 4136 3725 4191 antecesserunt.

2071 4226 2188 4281 Nec
2215 4225 2374 4281 enim
2403 4224 2555 4297 lapis
2587 4220 2949 4295 percutiendi
2978 4220 3231 4292 alicujus
3253 4221 3446 4293 gratia
3476 4220 3727 4289 decidit;

2072 4331 2179 4371 nec
2209 4330 2398 4387 equus
2422 4316 2728 4386 propterea
2756 4311 2831 4366 ab
2860 4309 3131 4366 hostibus
3160 4306 3261 4366 32
3294 4306 3542 4382 aufugit,
3568 4313 3636 4365 ut
3655 4309 3729 4365 ad

2073 4404 2377 4477 praprium
2408 4401 2715 4458 dominum
2748 4416 2810 4456 se
2836 4400 3159 4466 conferret;
3194 4398 3296 4455 sed
3343 4397 3442 4454 ille
3465 4398 3728 4470 quidem,

2073 4492 2223 4565 lapis
2249 4491 2491 4560 scilicet,
2526 4494 2591 4547 ut
2619 4488 2926 4562 proprium
2963 4486 3181 4555 locum,
3213 4486 3470 4543 inferum
3502 4490 3649 4559 puta
3675 4491 3737 4542 et

2077 4580 2360 4651 medium,
2392 4582 2704 4651 occuparet
2728 4577 2948 4651 (gravia
2977 4577 3136 4632 enim
3156 4577 3357 4632 omnia
3378 4592 3487 4632 sua
3516 4579 3736 4649 natura

1995 4708 2043 4772 Β
2078 4671 2152 4728 ad
2181 4674 2448 4726 centrum
2479 4685 2616 4725 cum
2647 4667 2871 4740 impetu
2901 4664 3232 4738 moventur)
3257 4683 3271 4734 ;
3306 4681 3495 4741 equus
3512 4667 3732 4736 autem,

1958 4794 1963 4803 ι
1995 4754 2040 4772 ⁵³
2076 4763 2143 4816 ut
2173 4759 2246 4814 ad
2277 4762 2556 4831 consueta
2584 4772 2807 4828 pascua
2834 4771 2897 4812 se
2917 4754 3225 4811 conferret.
3396 4796 3403 4813 η
3534 4800 3537 4803 .

2149 4849 2236 4903 10.
2268 4847 2486 4902 Verum
2519 4845 2677 4901 enim
2695 4858 2830 4901 vero
2846 4844 3041 4901 omnis
3063 4860 3257 4913 casus,
3278 4860 3465 4911 causa
3479 4841 3731 4909 dicitur;

2077 4937 2218 5010 quia
2246 4936 2359 4992 nisi
2392 4936 2487 4991 hic
2513 4936 2929 5007 praecessisset,
2961 4932 3267 5005 ejusmodi
3284 4932 3425 4988 ﬁnis
3442 4931 3729 4988 subsecu-

2076 5030 2172 5081 tus
2204 5026 2361 5081 haud
2389 5025 2636 5092 fuisset;
2668 5021 2905 5079 tametsi
2935 5022 3187 5092 hujusce
3233 5021 3369 5077 finis
3417 5030 3598 5077 causa
3642 5024 3735 5077 est

2078 5133 2182 5187 per
2214 5113 2505 5183 accidens,
2532 5118 2591 5167 et
2620 5128 2735 5168 non
2766 5124 2870 5183 per
2912 5120 2994 5167 se.
3048 5108 3242 5167 Veluti
3289 5109 3471 5166 fessio
3520 5109 3731 5165 funda-

2080 5202 2265 5259 menti
2304 5201 2542 5273 quidem
2565 5198 2824 5273 jaciendi
2854 5214 3033 5255 causa
3061 5203 3187 5255 erat
3215 5212 3318 5271 per
3363 5200 3426 5254 se
3454 5214 3468 5267 ;
3522 5194 3737 5254 accidit

2082 5297 2303 5358 autem,
2335 5295 2402 5346 ut
2442 5288 2798 5345 inventionis
2826 5288 3090 5345 thesauri
3129 5302 3310 5343 causa
3355 5286 3549 5343 ﬁeret:
3586 5282 3735 5343 cum

2084 5383 2373 5455 quantum
2406 5380 2475 5434 ad
2511 5378 2908 5437 inventionem
2939 5376 3202 5443 thesauri
3232 5376 3462 5457 attinet,
3512 5376 3735 5435 frustra

2084 5472 2362 5541 suscepta
2391 5467 2588 5524 fuerit.

318 5676 323 5683 ’
381 5676 495 5778 e2
521 5674 700 5781 phys.
732 5668 785 5781 ο,
815 5709 871 5781 6,
894 5708 1102 5781 μοι,Δ
1136 5705 1204 5781 ,³³
1229 5680 1268 5781 2
1296 5704 1713 5781 Phys.‘c.>6,__t_.
1748 5704 1841 5781 eo,
1868 5704 1961 5781 63,

2077 5743 2121 5781 ,ε
2195 5699 2591 5781 ‘02ljhys._c:
2618 5699 2881 5781 54.ῥὲζ
2974 5696 3384 5781 ⁴¹2Ιξὶιγε.“ο.
3437 5678 3590 5764 5,ἰ,
3638 5697 3733 5754 56.

312 5782 359 5818 ⁸³
382 5774 421 5841 2
442 5768 635 5854 Phys:
652 5796 704 5838 ο.
732 5768 871 5854 5,ιί
890 5775 985 5839 56.
1060 5778 1106 5814 ‘3
1132 5780 1167 5836 2
1193 5768 1447 5853 Ρὶιγε.ἲ;.
1477 5768 1535 5858 6,
1568 5779 1611 5833 t.
1632 5768 1737 5848 ⁷58,
1765 5768 1857 5833 59.
1936 5768 1965 5809 δι

2077 5773 2236 5846 Phys.
2269 5790 2321 5830 ο.
2351 5768 2481 5842 6,⁷ῐ.
2512 5772 2601 5826 57.
2684 5771 2728 5805 ⁴⁵
2754 5771 2792 5827 2
2818 5768 2997 5842 Phys.
3032 5787 3083 5826 c.
3115 5771 3169 5841 6,
3201 5768 3245 5825 ἱ.
3276 5768 3368 5825 63.
