4094 6442
327 454 489 518 1N9

1658 449 2010 514 EPITOME
2054 447 2388 513 PHYSICA
2404 495 2418 510 .

3594 445 3752 529 1050

415 591 717 670 corrigens
741 608 862 650 non
891 597 1121 651 tantum
1149 587 1434 668 subjecto,
1466 586 1568 648 sed
1594 597 1650 648 et
1675 587 1905 670 ratione
1934 605 2116 646 unum
2148 583 2293 645 dicit
2329 604 2445 647 esse
2465 595 2706 670 motum,
2741 586 2913 667 quia
2942 592 3205 670 movente
3223 593 3310 670 est
3330 587 3390 670 in
3409 583 3637 670 mobiti.
3670 619 3750 628 ——

417 674 516 732 11.
553 665 822 732 Aliorum
853 671 1184 752 Opinionem
1213 665 1464 729 recenset
1493 671 1562 728 de
1588 667 2046 752 praedicamento
2077 675 2284 752 motus,
2320 665 2480 752 quod
2508 667 2708 752 aliqui
2732 665 3150 752 quantitatem,
3177 667 3382 746 aliqui
3399 666 3748 752 relationem

415 760 774 823 statuerunt,
809 759 865 810 et
884 744 1128 811 tandem
1155 770 1323 811 suam
1350 744 1698 810 sententiam
1726 748 1991 828 exponit,
2026 744 2185 826 quod
2215 748 2286 830 in
2300 744 2464 807 nullo
2493 744 2686 808 decem
2703 744 3304 830 ﬁmdicamentoruni
3321 766 3433 830 per
3451 764 3510 806 se
3528 765 3644 806 esse
3665 746 3752 805 vi-

417 832 648 892 deatur.
669 867 748 876 —
774 833 870 891 12.
897 831 1228 892 Discrimen
1239 830 1479 910 exponit
1489 831 1642 910 inter
1661 836 1727 889 τὸ
1745 835 2030 908 potestate
2051 846 2166 886 esse
2185 836 2244 886 et
2264 828 2450 908 ipsam
2465 837 2807 910 potestatem
2820 875 2834 900 ,
2859 829 3119 909 itemque
3141 829 3300 910 inter
3320 828 3382 882 τὸ
3405 836 3542 887 actu
3560 845 3679 886 esse
3697 843 3756 885 et

419 914 610 989 ipsum
640 921 859 984 actum,
885 911 1136 992 singula
1164 907 1651 992 descriptionibus
1677 907 1798 970 suis
1823 926 2192 992 persequens.
2227 907 2305 951 4
2338 909 2433 968 13.
2467 908 2835 992 Pronuntiat
2880 907 3030 969 rem_
3052 907 3368 968 secundum
3411 915 3753 986 potestatem

418 988 595 1053 etiam
622 1000 906 1072 potestate
927 988 1043 1052 esse
1070 991 1210 1064 dici,
1245 1003 1302 1051 et
1327 988 1640 1072 secundum
1670 998 1866 1072 actum
1883 988 2058 1049 etiam
2088 995 2358 1072 actuesse
2382 1007 2396 1062 ;
2423 988 2750 1072 etproinde
2770 998 3086 1072 utrumque
3101 996 3383 1072 potestate
3402 997 3463 1047 et
3474 995 3612 1072 actu
3637 1004 3753 1072 esse

418 1065 761 1152 distz'nquz°t.
796 1104 877 1117 —
903 1076 999 1132 14.
1039 1073 1309 1148 Quatuor
1337 1071 1577 1152 illorum
1607 1068 1977 1152 collationem
2009 1069 2280 1152 instituit,
2312 1077 2366 1129 et
2388 1065 2570 1152 simul
2587 1069 2954 1152 determinat,
2977 1065 3279 1152 quomodo
3299 1066 3613 1152 secundum
3636 1065 3758 1152 haec

415 1161 478 1214 τὸ
506 1147 734 1214 moueri
761 1147 1088 1232 contingat.
1117 1189 1196 1197 —
1229 1154 1323 1232 15.
1362 1151 1482 1212 Per
1522 1151 1964 1232 occupationem
1995 1147 2259 1232 explicat
2286 1149 2575 1232 quomodo
2601 1147 3014 1230 accipienduni
3038 1150 3118 1210 sit
3146 1168 3275 1232 curn
3296 1147 3756 1232 moveridicitur

417 1233 581 1322 quod
602 1242 886 1322 potestate
917 1227 1000 1293 est
1020 1253 1043 1300 ,°
1071 1231 1304 1322 etquid
1330 1227 1916 1322 dz'ca_tur_qu}escere;
1952 1229 2100 1322 quid
2111 1229 2263 1322 item
2293 1227 2453 1310 quies
2481 1231 2579 1305 sit,
2613 1240 2666 1290 et
2693 1227 2824 1312 qua
2853 1232 2984 1310 ejus
3013 1230 3343 1311 requisita;
3370 1227 3522 1289 unde
3570 1227 3760 1308 infert

418 1309 653 1375 tandem
683 1313 754 1375 de
783 1314 907 1376 Deo
936 1332 1054 1374 non
1075 1309 1201 1374 dici
1223 1309 1639 1374 convenienter
1667 1309 1832 1393 quod
1857 1309 2144 1390 quiescat.

971 1496 1232 1547 ΚΕΦΑΛ.
1275 1492 1344 1547 Δ’.
2018 1489 2076 1555 Α

338 1580 469 1654 Περὶ
550 1582 819 1654 κινήσεως
905 1579 994 1654 καὶ
1053 1579 1308 1654 ἠρεμίας,
1370 1600 1420 1635 εν
1461 1581 1535 1654 λῷ-
1583 1575 1674 1633 καί
1713 1578 1870 1654 ,περὶ
1908 1575 1992 1631 ἐν·

550 1648 854 1727 τελεχείας,
883 1652 974 1706 καὶ
1001 1648 1098 1707 τοῦ
1133 1648 1358 1725 δυνάμει
1389 1650 1479 1706 καὶ
1519 1648 1777 1726 ἐνεργείᾳ.

411 1760 478 1816 α’.
537 1757 760 1835 Λέγεται
821 1759 916 1832 μὲν
977 1757 1068 1813 καὶ
1125 1761 1162 1828 ἡ
1219 1755 1403 1813 τελεία
1477 1755 1997 1832 ἐνέργειακίνησις

339 1848 476 1902 κατὰ
528 1848 626 1916 τὴν
701 1847 806 1902 ἀπὸ
867 1854 968 1918 τῆς
1026 1847 1207 1910 οὐσίας
1276 1849 1414 1923 πρὸς
1470 1841 1533 1902 τὸ
1583 1846 1817 1922 ἐνεργεῖν
1881 1842 1995 1899 διά-

341 1956 542 1992 στασιν.
577 1934 732 1991 Οὕτω
788 1937 892 2012 γὰρ
945 1937 1035 1991 καὶ
1084 1936 1272 2013 νοερὰν
1324 1935 1552 2012 λέγομεν
1613 1934 1848 2005 κίνησινο
1907 1931 1997 1987 καὶ

339 2026 438 2094 τήν
500 2022 728 2101 λογικὴν
783 2026 968 2101 ψυχὴν
1023 2024 1283 2080 κινεῖσθαί
1355 2045 1528 2102 φαμεν
1592 2021 1997 2100 βουλευομένην

339 2113 428 2168 καὶ
507 2110 898 2187 διανοουμένην
975 2113 1067 2169 καὶ
1154 2118 1458 2191 θεωροῦσαν
1529 2111 1620 2168 καὶ
1689 2111 1998 2184 κρίνουσαν.

342 2200 498 2260 Ἀλλ’
557 2202 734 2273 ἐκείνη
802 2205 896 2276 μὲν
955 2206 990 2273 ἡ
1039 2202 1252 2273 κίνησις
1306 2201 1545 2278 ἐνέργειά
1601 2201 1742 2256 ἐστιν
1803 2198 2001 2274 ἀμετά-

341 2287 550 2363 ϐλητος
599 2292 683 2347 ἀεὶ
731 2292 990 2356 ὡσαύτως
1029 2290 1254 2369 ἔχουσα,
1285 2293 1375 2347 καὶ
1421 2296 1530 2347 τῶν
1587 2290 1811 2347 τελείων
1871 2286 2006 2344 οὖσα

343 2383 477 2446 καθὸ
533 2380 736 2437 τελεία’
793 2386 900 2437 τῶν
957 2382 1060 2459 γὰρ
1145 2381 1381 2458 ἐνεργείᾳ
1429 2377 1622 2453 ὅντων,
1682 2383 1718 2450 ἡ
1776 2378 2002 2448 τοιαύτη

347 2469 458 2526 ἐστὶ
525 2471 755 2541 κίνησις·
815 2473 850 2540 ἡ
911 2468 958 2526 δ’
1015 2470 1239 2535 ἐνταῦθα
1311 2467 1715 2543 πασαδιδομένη
1794 2468 2003 2539 κίνησις

351 2555 629 2634 μεταϐολή
704 2560 844 2616 ἐστιν
893 2560 974 2616 ἀεὶ
1031 2560 1224 2638 ῥέουσα
1287 2559 1376 2615 καὶ
1434 2564 1542 2614 τῶν
1603 2556 1810 2614 ἀτελῶν
1867 2556 2006 2632 ἐνέρ-

346 2670 469 2725 γεια
515 2651 650 2704 καθὸ
687 2649 878 2720 ἀτελῆ·
915 2647 1053 2704 διότι
1098 2654 1206 2704 τῶν
1249 2647 1469 2723 δυνέμει
1518 2648 1609 2703 καὶ
1664 2651 1772 2702 τῶν
1835 2647 2005 2719 μήπω

343 2734 542 2809 ὄντων,
603 2737 730 2794 ἀλλ’
785 2737 1055 2812 ἐσομένων
1127 2739 1263 2809 αὕτη
1323 2741 1358 2808 ἡ
1414 2737 1646 2808 κίνησις.
1704 2737 1858 2792 Ὅθεν
1914 2734 2006 2790 καὶ

346 2825 490 2881 οὕτω
534 2825 737 2898 ταύτην
790 2825 1083 2903 ὁρίζονται·
1118 2826 1336 2898 Κίνησίς
1387 2825 1527 2882 ἐστιν
1561 2829 1596 2896 ἡ
1625 2829 1724 2882 τοῦ
1779 2822 2004 2898 δυνάμει
2033 2862 2082 2927 Β

345 2911 499 2979 ὄντος
562 2915 939 2992 ἐντελέχειαῇ
965 2915 1214 2972 τοιοῦτόν
1259 2916 1419 2970 ἐστιν·
1471 2913 1640 2992 ⁴ἤγουν
1672 2917 1708 2984 ἡ
1763 2918 1860 2969 τοῦ
1919 2911 2007 2968 δυ-

343 3004 499 3079 νάμει
527 3000 684 3068 ὄντος
716 3004 980 3082 ἐνέργεια,
1009 3006 1144 3060 καθὸ
1176 3002 1398 3078 δυνάμει
1435 3003 1600 3062 ἐστίν.

417 3273 484 3347 β’.
519 3271 864 3349 Ἐντελέχεια
909 3270 970 3327 δὲ
1011 3271 1456 3346 προηγουμένως
1489 3273 1584 3346 μὲν
1635 3275 1670 3341 ἡ
1713 3276 1810 3327 τοῦ
1861 3272 2001 3327 ἐντε-

345 3359 474 3423 λοῦς
531 3360 686 3438 ἕχεια
737 3360 977 3438 λέγεται,
1006 3358 1179 3436 ἤγουν
1229 3363 1264 3430 ἡ
1305 3362 1442 3416 κατὰ
1493 3363 1556 3417 τὸ
1616 3359 1825 3422 ἐντελὲς
1871 3357 2001 3431 ἕξις,

343 3452 377 3519 ἡ
435 3448 719 3521 τελειότης
787 3455 883 3504 τοῦ
955 3447 1304 3526 πράγματος,
1364 3452 1482 3505 καθ’
1670 3451 1734 3505 τὸ
1790 3449 2000 3512 ἐντελὲς

341 3535 458 3614 ἔχει
515 3539 578 3594 τὸ
633 3544 884 3615 πρᾶγμα,
944 3540 1062 3594 καθ’
1117 3541 1185 3609 ἣν
1239 3537 1448 3594 τέλειόν
1529 3539 1668 3594 ἐστιν
1747 3536 1889 3601 εἶδος
1939 3539 2003 3593 τὸ

340 3634 591 3705 πρᾶγμα·
678 3626 764 3684 διὸ
845 3630 937 3683 καὶ
1015 3629 1300 3698 ἄνθρωπος
1403 3626 1715 3705 ἐνιελεχείᾳ
1795 3627 1857 3683 οὐ
1939 3629 2003 3683 τὸ

338 3717 478 3772 κατὰ
547 3718 648 3786 τήν
741 3719 951 3794 μήτραν
1041 3717 1504 3792 οἱκονομούμενον
1595 3712 1829 3792 ἔμϐρυον
1913 3719 2004 3772 καὶ

338 3801 792 3883 διοργανούμενον
854 3805 946 3862 καὶ
1021 3804 1573 3882 τελεσιουργούμενόν
1624 3802 1817 3860 ἐστιν·
1879 3801 2005 3861 ἀλλ’

336 3894 545 3958 ἐκεῖνος
603 3893 914 3970 ἐντελεχείᾳ
982 3896 1122 3952 ἐστὶν
1195 3896 1506 3972 ἅνθρωπος,
1567 3896 1594 3950 ὁ
1655 3895 2003 3972 ἀπαρτισθεὶς

336 3984 426 4040 καὶ
486 3984 833 4061 ἀποτεχθεὶς,
885 3987 961 4048 ὡς
1017 3986 1156 4040 κατὰ
1207 3985 1270 4040 τὸ
1327 3985 1664 4061 ἀνθρώπειον
1725 3981 1866 4046 εἶδος
1921 4004 2004 4038 τε·

341 4072 608 4136 λειωθείς.
640 4077 797 4139 Ὅθεν
831 4075 922 4129 καὶ
950 4075 1050 4145 τὴν
1093 4075 1279 4149 ψυχὴν
1330 4073 1670 4150 ἐντελέχειαν
1731 4073 2002 4150 ὁρίζονται

337 4167 435 4218 τοῦ
467 4168 695 4242 φυσικοῦ
736 4164 826 4218 καὶ
881 4163 1175 4240 ὀργανικοῦ
1231 4163 1322 4217 καὶ
1367 4160 1595 4235 δυνάμει
1645 4163 1789 4231 ζωήν
1851 4159 2004 4237 ἔχον-

337 4274 434 4315 τος
478 4235 754 4328 σώματος·
806 4235 925 4330 οὺχ⁷
960 4235 1045 4308 δτι
1098 4251 1336 4328 ἐνέργειά
1387 4251 1526 4307 ἐστιν
1585 4254 1621 4321 ἡ
1670 4251 1848 4328 ψυχὴ,
1879 4235 2007 4306 ἇλλ’
2039 4235 2081 4301 C

341 4340 426 4398 ὅτι
513 4343 630 4398 κατ’
701 4341 909 4413 ἐκείνην
965 4344 1001 4411 ἡ
1058 4340 1344 4411 τελειότης
1422 4339 1590 4413 αὐτῷ.
1649 4337 1908 4394 Καλεῖται
1965 4338 2012 4393 δ’

341 4431 655 4511 ἐντελέχεια
707 4431 800 4488 καὶ
859 4435 895 4502 ἡ
954 4435 1053 4486 τοῦ
1109 4428 1326 4486 τελείου
1407 4430 1668 4507 ἐνέργεια,
1722 4429 1914 4484 ταυτὸν
1965 4417 2013 4482 δ’

339 4521 532 4594 εἰπεῖν,
565 4525 601 4593 ἡ
658 4519 842 4577 τελεία
904 4519 1166 4596 ἐνέργεια.
1197 4524 1313 4574 Τῶν
1377 4519 1482 4595 γὰρ
1536 4517 1761 4575 τελείων
1817 4517 1908 4573 καὶ
1956 4519 2010 4573 αἱ

341 4612 602 4689 ἐνέργειαι
647 4610 878 4667 τέλειαι’
933 4609 1116 4685 ὥσπερ
1171 4614 1279 4664 τῶν
1344 4609 1552 4664 ἀτελῶν
1612 4607 1846 4669 ἀτελεῖς.
1890 4608 2010 4662 Ἐν-

336 4701 592 4779 τελέχεια
642 4698 700 4755 δὲ
761 4697 1264 4776 λέγεταιὴτελεία
1315 4697 1562 4774 ἐνέργεια
1619 4696 1694 4758 ὡς
1748 4697 1811 4751 τὸ
1864 4694 2012 4751 ἐντε-

338 4790 431 4855 λὲς
518 4787 728 4868 ἔχουσα
819 4789 912 4845 καὶ
987 4787 1148 4858 αὕτη
1201 4787 1291 4842 καὶ
1369 4787 1446 4850 ὡς
1528 4784 1864 4855 ἐντελεστική
1911 4792 2012 4855 τῆς

340 4879 562 4960 ἐχείας,
621 4876 793 4956 ἤγουν
869 4877 1194 4947 τελειωτική
1265 4883 1368 4946 τῆς
1421 4873 1603 4949 ἕξεως.
1667 4875 1765 4929 Καὶ
1819 4875 1921 4952 γὰρ
1977 4876 2013 4944 ἡ

339 4971 478 5025 κατά
553 4969 660 5037 τὴν
741 4963 854 5038 ἕξιν
942 4967 1183 5041 ἐνέργεια
1254 4963 1546 5034 ταλειότης
1615 4964 1850 5040 ὑπάρχει
1913 4970 2014 5034 τῆς

335 5056 525 5131 ἕξεως.
615 5055 1212 5133 Καταχρηστικώτερον
1273 5052 1332 5110 δὲ
1393 5054 1484 5108 καὶ
1533 5056 1569 5123 ἡ
1623 5051 1814 5115 ἁπλῶς
1873 5052 2015 5131 ἐνέρ-

337 5170 458 5227 γεια
541 5147 759 5223 λέγεται
841 5144 1177 5221 ἐντελέχειαο
1258 5143 1485 5198 καθόσον
1565 5138 1788 5198 ἕκαστον
1871 5141 2016 5221 ἐνερ-

338 5243 483 5316 γοῦν
565 5232 876 5292 ἆποδίδωσι
927 5236 1024 5297 τὰς
1094 5233 1300 5296 οἰκείας
1382 5231 1654 5308 ἐνεργείας
1725 5233 1863 5286 κατᾶ
1917 5234 2016 5302 τὴν

339 5330 540 5384 ἑαυτοῦ
620 5325 801 5405 φύσιν,
859 5320 967 5380 εἴτε
1011 5321 1196 5380 τελεία
1253 5325 1288 5393 ἡ
1347 5322 1529 5398 φύσις,
1590 5319 1696 5376 εἷίτε
1749 5321 1841 5375 καὶ
1898 5321 2018 5376 ἀτε-

343 5415 475 5489 λής.
529 5416 680 5472 Κατᾶ
762 5419 927 5470 τοῦτο
980 5412 1045 5468 τὸ
1103 5411 1513 5487 σημαινόμενον
1575 5410 1664 5466 καὶ
1711 5413 1748 5480 ἡ
1807 5409 2021 5481 κίνησις

347 5505 666 5582 ἐντελέχεια
719 5501 960 5579 λέγεται,
1016 5498 1186 5578 ἤγουν
1239 5500 1433 5564 ἁπλῶς
1491 5498 1754 5577 ἐνέργεια.
1783 5499 2016 5571 Τοιαύτη

2744 1489 2972 1545 CAPUT
3013 1488 3104 1544 IV.

2167 1577 2242 1632 De
2269 1581 2419 1633 motu
2450 1586 2502 1633 et
2530 1581 2710 1649 quiete
2729 1596 2749 1640 ;
2780 1579 2879 1634 ubi
2908 1581 3081 1634 etiam
3107 1578 3173 1634 de
3200 1576 3521 1644 entelechia,
3551 1592 3616 1632 ac
3645 1591 3705 1631 eo

2543 1651 2687 1720 quod
2711 1651 2955 1722 potentia
2983 1654 3033 1706 et
3064 1655 3189 1706 actu
3212 1653 3308 1706 est.

2180 1757 2229 1810 1.
2264 1757 2560 1813 Perfectus
2602 1757 2842 1830 quidem
2873 1757 3048 1813 etiam
3098 1761 3264 1814 actus
3318 1756 3646 1813 secundum
3676 1754 3764 1810 di-

2108 1847 2390 1900 stantiam
2423 1862 2550 1916 quaa
2582 1845 2654 1901 ab
2685 1845 2940 1902 essentia
2968 1847 3041 1902 ad
3071 1846 3397 1918 ipsummet
3426 1859 3598 1917 agere
3649 1846 3760 1914 est,

2109 1939 2308 1990 motus
2337 1935 2571 1991 dicitur.
2617 1935 2710 1991 Sic
2758 1935 2915 1991 enim
2945 1935 3124 1991 etiam
3171 1933 3630 1990 intellectualem
3658 1933 3758 1989 87

2110 2029 2339 2080 motum
2371 2024 2662 2092 dicimus;
2708 2029 2766 2080 et
2811 2025 3072 2080 animam
3126 2023 3492 2095 rationalem,
3526 2023 3762 2094 quando

2111 2113 2418 2181 deliberat,
2449 2118 2508 2169 et
2553 2114 2793 2187 cogitat,
2825 2119 2885 2170 et
2931 2113 3384 2186 contemplatur,
3415 2115 3473 2168 et
3515 2111 3763 2184 judicat,

2111 2202 2333 2259 moveri
2364 2203 2707 2260 asserimus.
2739 2204 2853 2260 Sed
2886 2209 3083 2260 motus
3114 2202 3210 2259 ille
3259 2206 3425 2258 actus
3455 2205 3546 2257 est
3574 2204 3770 2256 muta-

2113 2292 2294 2348 tionis
2322 2309 2548 2365 expers,
2581 2295 2786 2349 eodem
2836 2309 3068 2364 semper
3110 2292 3286 2348 modo
3316 2308 3378 2347 se
3429 2290 3674 2360 habens,
3709 2295 3768 2344 et

2113 2382 2416 2454 pertinens
2465 2384 2532 2437 ad
2599 2384 2874 2454 perfecta,
2939 2385 3230 2454 quatenus
3296 2380 3552 2453 perfecta
3603 2382 3763 2434 sunt.

2113 2472 2328 2527 Eorum
2361 2471 2518 2527 enim
2550 2489 2677 2544 quae
2709 2475 2840 2527 actu
2873 2475 3030 2539 sunt,
3057 2469 3400 2541 hujusmodi
3430 2472 3626 2524 motus
3655 2471 3764 2523 est.

2116 2560 2309 2616 Motus
2340 2565 2534 2616 autem
2581 2562 2652 2617 de
2680 2577 2797 2633 quo
2829 2561 2925 2617 hic
2972 2560 3185 2633 agitur,
3219 2557 3468 2614 mutatio
3497 2561 3589 2613 est
3618 2572 3765 2613 sem-

2116 2667 2218 2723 per
2245 2650 2456 2717 ﬂuens,
2488 2655 2544 2706 et
2591 2650 3061 2717 imperfectorum
3102 2652 3288 2716 actus,
3322 2650 3616 2720 quatenus
3652 2645 3767 2701 im-

2115 2738 2371 2811 perfecta
2401 2745 2541 2795 sunt
2573 2755 2586 2794 :
2620 2739 2761 2812 quia
2812 2755 3016 2795 eorum
3045 2755 3174 2810 quae
3206 2736 3468 2810 potentia
3515 2738 3677 2805 sunt,
3709 2736 3768 2789 et

2116 2829 2380 2884 nondum
2411 2827 2722 2897 exsistunt,
2757 2829 2857 2884 sed
2891 2828 3065 2884 modo
3096 2827 3296 2882 futura
3327 2829 3487 2890 sunt,
3518 2823 3616 2880 hic
3645 2839 3768 2878 mo-

2113 2921 2210 2972 tus
2240 2921 2347 2973 est.
2383 2918 2546 2974 Unde
2587 2917 2763 2974 etiam
2795 2918 2963 2972 illum
3013 2917 3095 2972 ita
3124 2913 3416 2971 deﬁniunt
3445 2913 3490 2950 ὐτ
3526 2931 3538 2969 :
3571 2913 3764 2968 Motus

2113 3011 2205 3062 est
2251 3007 2578 3063 entelechia
2623 3007 2752 3076 ejus
2801 3007 2956 3078 quod
3007 3005 3268 3078 potentia
3311 3008 3420 3074 est,
3471 3005 3765 3074 quatenus

2111 3095 2227 3152 tale
2254 3102 2382 3164 est;
2432 3097 2542 3152 hoc
2589 3102 2698 3163 est,
2733 3100 2898 3152 actus
2946 3097 3095 3167 ejus,
3137 3094 3296 3166 quod
3344 3091 3605 3166 potentia
3650 3093 3766 3156 est,

2113 3191 2407 3260 quatenus
2437 3191 2528 3242 est
2556 3185 2836 3258 potentia.

2179 3280 2234 3331 2.
2270 3274 2604 3332 Entelechia
2631 3278 2828 3330 autem
2887 3272 3165 3346 primario
3213 3271 3452 3343 quidem
3497 3273 3595 3324 τοῦ
3625 3267 3769 3324 ἐντε-

2113 3361 2246 3425 λοῦς
2307 3363 2462 3439 ἓχεια
2515 3364 2686 3431 seut)
2718 3363 2855 3416 κατὰ
2908 3362 2971 3416 τὸ
3029 3358 3239 3422 ἐντελὲς
3318 3355 3427 3430 ἕξις
3487 3358 3704 3415 dicitur
3755 3378 3770 3428 ;

2113 3455 2389 3527 perfectio
2438 3455 2542 3522 rei,
2584 3470 2690 3526 per
2735 3469 2914 3524 quam
2964 3468 3058 3508 res
3108 3449 3522 3522 perfectionem
3570 3448 3768 3516 habet,

2113 3560 2217 3616 per
2264 3559 2443 3615 quam
2493 3559 2586 3598 res
2634 3546 2726 3598 est
2793 3541 3048 3614 perlecta
3094 3541 3302 3595 forma.
3355 3542 3544 3606 Quare
3590 3537 3769 3593 etiam

2113 3633 2290 3689 homo
2322 3631 2643 3688 entelechia
2689 3648 2806 3686 non
2857 3634 2946 3687 est
2974 3629 3214 3702 embryo
3263 3627 3364 3700 qui
3415 3627 3477 3682 in
3525 3626 3770 3682 matrice

2113 3722 2444 3790 conﬁcitur,
2477 3725 2534 3777 et
2574 3720 2813 3794 organis
2858 3719 3193 3782 instruitur,
3225 3717 3610 3790 partibusque
3640 3715 3767 3771 suis

2114 3811 2479 3880 absolvitur;
2513 3811 2616 3866 sed
2660 3809 2757 3865 ille
2786 3810 3026 3864 demum
3076 3811 3167 3863 est
3214 3805 3540 3862 entelechia
3570 3805 3770 3872 homo,

2113 3901 2217 3973 qui
2249 3901 2518 3973 partibus
2549 3899 2676 3955 suis
2725 3898 3004 3954 omnibus
3055 3896 3350 3968 perfectus
3381 3898 3440 3950 et
3484 3893 3546 3948 in
3577 3893 3770 3949 lucem

2113 3989 2328 4054 editus,
2359 3993 2416 4044 et
2443 3988 2635 4060 quoad
2667 3987 2991 4042 humanam
3041 3986 3291 4040 formam
3321 3987 3770 4039 consummatus

2113 4082 2221 4134 est.
2247 4078 2348 4133 38
2371 4077 2538 4134 Unde
2567 4077 2744 4132 etiam
2773 4075 3033 4129 animam
3073 4073 3364 4128 deﬁniunt
3386 4070 3771 4126 entelechiam

2119 4166 2405 4223 naturalis
2438 4171 2496 4222 et
2524 4165 2786 4238 organici
2813 4165 2879 4230 ⁸⁸,
2911 4167 2969 4220 et
2998 4161 3260 4235 potentia
3287 4160 3467 4216 vitam
3499 4159 3773 4216 habentis

2119 4257 2383 4328 corporis
2418 4272 2432 4311 :
2465 4271 2580 4310 non
2613 4254 2766 4326 quod
2810 4253 3010 4308 anima
3039 4250 3188 4306 actio
3219 4250 3318 4318 sit,
3349 4249 3451 4306 sed
3481 4250 3638 4322 quod
3671 4267 3775 4321 per

2121 4362 2250 4402 eam
2299 4345 2410 4417 ipsi
2465 4343 2738 4416 [corpori]
2789 4342 2865 4398 sit
2911 4341 3209 4414 perfectio.
3261 4339 3516 4394 Vocatur
3573 4341 3771 4394 autem

2120 4435 2296 4492 etiam
2344 4431 2688 4498 entelechia,
2734 4432 2770 4500 ἡ
2819 4434 2918 4484 τοῦ
2973 4426 3186 4484 τελείου
3235 4426 3479 4503 ἐνέργεια
3526 4427 3636 4483 hoc
3682 4432 3775 4483 est

2122 4523 2364 4596 perfecti
2403 4523 2574 4588 actio,
2609 4521 2764 4593 quod
2820 4520 2959 4575 item
2992 4523 3101 4586 est,
3135 4535 3202 4573 ac
3252 4517 3301 4572 si
3331 4517 3514 4586 dicas,
3547 4515 3773 4587 perfec-

2120 4621 2182 4670 ta
2211 4612 2377 4669 actio.
2420 4611 2816 4667 Perfectorum
2865 4607 3023 4664 enim
3053 4607 3230 4663 etiam
3263 4605 3521 4661 actiones
3553 4605 3776 4676 perfec-

2123 4703 2282 4759 fectae
2305 4706 2445 4758 sunt
2469 4718 2482 4768 ;
2517 4698 3020 4772 quemadmodum
3039 4695 3538 4768 imperfectorum,
3555 4692 3774 4762 imper-

2125 4791 2304 4846 fectae.
2338 4790 2601 4846 Perfecta
2629 4791 2827 4843 autem
2859 4786 3010 4841 actio
3031 4782 3356 4840 entelechia
3377 4783 3613 4848 dicitur,
3637 4799 3774 4838 cum

2126 4880 2284 4952 quod
2313 4878 2444 4950 ipsa
2475 4876 2890 4950 perfectionem
2920 4874 3172 4942 habeat;
3203 4878 3330 4928 tum
3360 4870 3538 4928 etiam
3569 4871 3647 4926 sit
3669 4867 3780 4924 ἐνι-

2123 4966 2408 5035 τελεστικῆ
2456 4967 2556 5034 τῆς
2607 4963 2789 5040 ἐχείας
2839 4963 2949 5019 hoc
2999 4967 3109 5031 est,
3159 4961 3498 5036 perﬁciendi
3536 4959 3778 5016 habitus

2125 5060 2243 5116 vim
2300 5058 2532 5127 habeat,
2591 5055 2898 5128 ipsiusque
2967 5051 3212 5108 exsistat
3262 5050 3560 5123 perfectio.
3615 5049 3780 5105 Actio

2128 5141 2284 5197 enim
2334 5136 2661 5194 secundum
2708 5133 2979 5189 habitum
3011 5132 3187 5201 edita,
3232 5131 3475 5187 habitus
3521 5133 3612 5186 est
3649 5146 3778 5202 per-

2129 5230 2320 5287 fectio.
2369 5225 2626 5281 Abusive
2674 5227 2872 5279 autem
2939 5221 3116 5277 etiam
3185 5219 3508 5275 entelechia
3566 5218 3782 5274 dicitur

2129 5315 2477 5390 simpliciter
2525 5311 2696 5378 actio,
2746 5315 3040 5383 quatenus
3088 5307 3557 5380 unumquodque
3599 5322 3780 5378 agens

2129 5409 2387 5467 actiones
2409 5421 2529 5459 suae
2551 5406 2773 5458 naturae
2808 5402 3228 5456 consentaneas
3256 5396 3394 5465 edit,
3421 5396 3542 5452 sive
3571 5399 3782 5452 natura

2129 5498 2404 5573 perfecta,
2437 5494 2558 5549 sive
2583 5489 2928 5562 imperfecta
2958 5487 3054 5544 sit.
3089 5486 3289 5554 Quoad
3337 5485 3448 5542 hoc
3480 5483 3778 5573 significa-

347 5596 395 5654 δ’
454 5597 512 5652 ἂν
575 5592 659 5667 εἷή
718 5594 955 5666 πάντως,
1008 5592 1197 5647 ὁποῖον
1257 5590 1347 5646 καὶ
1405 5591 1469 5646 τὸ
1527 5587 1776 5662 δυνάμει.
1833 5589 1904 5643 Τὸ
1956 5587 2006 5643 δὲ

2121 5572 2251 5646 tum
2281 5585 2459 5642 etiam
2509 5585 2705 5637 motus
2753 5577 3097 5648 entelechia,
3130 5577 3239 5633 hoc
3286 5583 3394 5644 est,
3429 5572 3781 5646 simpliciter

347 5684 575 5758 δυνάμει
658 5679 867 5754 ἀτελὲς,
934 5679 1025 5735 καὶ
1101 5682 1138 5750 ἡ
1212 5678 1454 5755 ἐνέργεια
1537 5681 1703 5732 αυτοῦ
1789 5674 2008 5748 ἀτελής.

346 5779 511 5831 ’Ὥστε
557 5775 596 5844 ἡ
649 5770 862 5844 κίνησις
918 5769 1164 5846 ἐνέργεια
1220 5766 1304 5841 εἷῆ
1369 5769 1431 5824 ἂν
1481 5764 1702 5839 ἀτελής
1767 5765 2012 5842 ἐνέργειά

2123 5678 2273 5735 actio
2305 5673 2541 5730 dicitur.
2574 5667 2735 5724 Talis
2765 5670 2961 5722 autem
2986 5667 3098 5722 erit
3125 5665 3351 5737 utique,
3394 5661 3570 5736 quale
3598 5661 3775 5717 etiam

2122 5766 2271 5822 illud
2301 5767 2413 5832 est,
2455 5760 2613 5834 quod
2645 5761 2735 5814 est
2779 5755 3058 5829 potentia.
3088 5757 3276 5823 Quare
3305 5757 3465 5812 cum'
3488 5751 3645 5829 quod
3675 5765 3776 5824 po-

421 5885 468 5920 "
494 5887 531 5939 2
558 5881 734 5955 Phys.
767 5897 819 5937 c.
854 5881 907 5948 1,
937 5883 980 5935 t.
1011 5877 1070 5948 6,
1099 5880 1156 5952 9,
1190 5878 1278 5935 10.
1354 5877 1399 5914 ιδ
1429 5879 1466 5934 2
1493 5877 1576 5936 De
1615 5875 1838 5947 anima,
1870 5893 1922 5934 c.
1959 5879 2006 5946 1,

2121 5875 2182 5944 6,
2213 5877 2272 5930 et
2299 5889 2352 5928 c.
2382 5869 2440 5941 2,
2470 5872 2516 5927 t.
2546 5867 2640 5924 24.
