4094 6468
290 437 441 504 1051

1541 446 1969 512 NICEPHORI
2011 445 2457 510 BL‘EMMIDIE

288 574 475 646 tentia
503 578 594 632 est
624 574 1033 648 imperfectum
1065 579 1162 648 sit,
1195 579 1382 652 ipsius
1430 581 1608 638 etiam
1640 581 1790 638 actio
1822 581 1937 636 im-

2071 599 2108 634 :e
2153 583 2250 634 τοῦ
2290 575 2546 650 δυνάμει·
2580 575 2687 652 οὐχ
2745 575 2846 633 ὅτι.
2887 575 3089 652 ἐνεργεῖ
3127 573 3455 644 -κατ’,αὖτὴν
3501 574 3582 630 τὸ.
3619 572 3718 630 δυ-

290 665 543 736 perfecta
574 665 686 720 erit
717 682 732 721 :
782 671 840 723 et
867 666 1030 724 illius
1074 667 1252 726 etiam
1285 675 1450 726 actus
1497 671 1652 742 quod
1686 670 1946 743 potentia

291 757 400 818 est,
433 770 550 809 non
601 754 758 826 quod
802 757 1132 812 secundum
1181 773 1309 814 eam
1343 763 1497 831 agat,
1529 761 1630 816 39
1677 759 1735 814 id
1785 759 1941 832 quod

292 843 554 914 potentia
579 848 691 910 est,
723 845 823 900 sed
855 847 1010 917 quod
1032 851 1262 919 agatur.
1287 849 1450 914 Quod
1477 849 1634 904 enim
1667 853 1800 903 actu
1831 853 1939 915 est,

292 931 490 1003 ipsum
525 949 696 1004 agere
751 940 968 1006 potest,
1000 941 1290 1007 quatenus
1339 941 1468 992 actu
1501 943 1625 1004 est;
1660 937 1942 1008 quemad-

293 1022 535 1076 modum
566 1022 722 1094 ignis
751 1024 1034 1091 calefacit,
1064 1042 1196 1080 cum
1231 1029 1360 1081 actu
1395 1027 1469 1083 sit
1501 1026 1744 1082 calidus.
1780 1026 1941 1092 Quod

294 1115 488 1165 autem
521 1113 782 1183 potentia
811 1118 917 1180 est,
953 1119 1244 1185 quatenus
1270 1121 1358 1170 est
1386 1116 1667 1186 potentia,
1700 1115 1940 1188 patitur,

295 1217 408 1255 non
443 1201 600 1272 agit;
634 1203 1130 1271 quemadmodum
1155 1220 1307 1276 aqua
1337 1204 1547 1276 caleﬁt,
1579 1223 1712 1260 cum
1749 1209 1947 1277 poten'

295 1287 377 1343 tia
407 1289 485 1344 sit
531 1289 735 1345 calida.
773 1291 892 1346 Etsi
934 1309 1068 1348 vero
1115 1310 1269 1365 aqua
1316 1310 1442 1364 quae
1492 1294 1683 1349 adhuc
1731 1293 1939 1363 calefit,

295 1378 428 1450 ipsa
457 1395 690 1450 quoque
737 1379 1043 1448 calefacit;
1098 1386 1296 1438 tamen
1345 1388 1637 1454 quatenus
1685 1381 1944 1454 amplius

297 1466 548 1522 calefieri
579 1471 790 1538 potest,
822 1474 1065 1525 eatenus
1120 1470 1332 1538 caleﬁt,
1367 1488 1502 1527 cum
1535 1475 1816 1544 potentia,
1848 1489 1941 1527 ca-

296 1555 416 1610 lida
445 1556 523 1611 sit
552 1557 743 1613 adhuc
780 1574 882 1630 per
911 1575 994 1614 se.
1027 1562 1325 1625 Quatenus
1367 1567 1563 1618 autem
1613 1561 1825 1618 caloris
1855 1565 1944 1618 est

295 1645 607 1719 particeps,
640 1652 883 1703 eatenus
913 1649 1199 1718 calefacit,
1235 1657 1300 1706 ut
1328 1668 1459 1722 quae
1488 1656 1619 1707 actu
1651 1651 1838 1706 calida
1868 1650 1946 1706 sit

2052 669 2232 740 νάμει,
2292 665 2418 723 ἀλλ’
2492 665 2575 721 ὅτι
2649 665 2961 742 ἐνεργεῖται.
3023 666 3094 720 Τὸ
3166 665 3278 739 γάρ·
3351 663 3600 741 ἐνεργείᾳ·
3650 663 3712 720 ὃν

2054 756 2222 812 έκεῖνο
2325 753 2545 811 δύναται
2646 755 2900 831 ἐνεργεῖν.
2985 754 3121 819 καθὸ
3219 752 3461 830 ἐνεργείᾳ
3544 753 3712 808 ἐστίν’

2051 845 2236 922 ὥσπερ
2291 845 2355 900 τὸ
2412 850 2518 921 πῦρ
2587 844 2888 919 θερμαίνει,
2939 844 3136 920 θερμὸν
3207 843 3268 898 ὃν
3325 842 3588 919 ἐνεργείᾳ.
3640 844 3715 898 Τὸ

2054 933 2111 990 δὲ
2159 932 2405 1008 δυνάμει,
2445 933 2580 998 καθὰ
2628 930 2853 1007 δυνάμει
2896 934 3117 1009 πάσχει,
3168 932 3268 988 οὐκ
3323 931 3549 1009 ἐνεργεῖ·
3607 953 3720 987 κα-

2052 1025 2160 1086 θὼς
2189 1024 2251 1078 τὸ
2282 1021 2429 1098 ὕδωρ
2479 1023 2843 1100 θερμαίνεται,
2880 1019 3107 1096 δυνάμει
3151 1021 3426 1098 τυγχάνον
3482 1020 3717 1097 θερμόν.

2053 1112 2117 1168 Εἰ
2177 1109 2235 1167 δὲ
2292 1110 2425 1186 (καὶ)
2475 1113 2894 1188 θερμαινόμενον
2955 1108 3032 1167 ἔτι
3089 1111 3153 1168 τὸ
3211 1109 3358 1187 ὕδωρ
3431 1110 3721 1187 θερμαίνει

2051 1201 2140 1257 καὶ
2199 1201 2350 1275 αὐτὸ,
2385 1200 2530 1258 ἀλλᾶ
2573 1203 2692 1257 καθ’
2749 1203 2778 1258 ὃ
2837 1202 2932 1275 μὶν
2993 1198 3252 1258 ἐπιπλέον
3312 1197 3532 1256 δύναται
3591 1202 3723 1276 θερ-

2057 1293 2347 1366 μανθῆναι,
2399 1291 2536 1348 κατὰ
2583 1296 2747 1347 τοῦτο
2818 1289 3177 1368 θερμαίνεται·
3229 1287 3456 1363 δυνάμει
3512 1289 3573 1344 ὃν
3612 1287 3728 1344 ἔτι

2052 1382 2250 1456 θερμὸν
2310 1381 2427 1435 κατ’
2486 1380 2637 1435 αὐτό·
2697 1383 2813 1435 καθ’
2872 1382 2902 1436 ’ὀ
2955 1378 3014 1436 δὲ
3075 1381 3291 1456 μετέχει
3350 1378 3730 1455 θερμότητὸς,

2052 1470 2189 1524 κατὰ
2269 1475 2432 1525 τοῦτο
2518 1469 2817 1545 θερμαίνει,
2901 1469 3150 1546 ἐνεργείᾳ
3205 1468 3264 1524 ὃν
3319 1469 3518 1545 θερμὸν
3598 1470 3734 1524 καθ’

2053 1559 2206 1617 αὑτό.
2237 1559 2425 1614 Τοίνυν
2485 1561 2522 1627 ἡ
2579 1558 2795 1630 κίνησις
2852 1560 3126 1629 παθητική
3184 1579 3270 1620 τις
3327 1557 3574 1633 ἐνέργεια
3618 1561 3731 1613 τοῦ

2055 1644 2280 1720 δυνάμει
2311 1649 2657 1723 γινώσκεται.

296 1752 401 1808 per
429 1752 509 1790 se.
555 1736 916 1816 Quapropter
961 1742 1154 1794 metus
1185 1741 1313 1811 ejus
1358 1741 1511 1812 quod
1567 1746 1658 1796 est
1686 1739 1945 1813 potentia
1985 1739 2254 1810 passivus
2283 1738 2523 1811 quidam
2555 1743 2721 1795 actus
2751 1738 3144 1811 cognoscitur.

366 1853 420 1905 3.
455 1851 942 1924 Quandoquidem
968 1855 1125 1910 enim
1155 1857 1445 1928 quidquid
1476 1857 1586 1912 sub
1617 1855 1947 1928 generatio-

2127 1854 2195 1928 γ’.
2231 1853 2330 1907 Καὶ
2374 1852 2477 1928 γὰρ
2523 1845 2741 1928 ἐπείπερ
2773 1851 2824 1923 ἐξ
2857 1849 2998 1922 ὕλης
3047 1851 3138 1906 καὶ
3188 1847 3366 1913 εἷ’δους
3426 1851 3739 1921 συνέστηκε

297 1956 430 2002 nem
474 1940 649 2008 cadit,
701 1957 771 1997 ex
820 1943 1066 1999 materia
1111 1948 1168 2000 et
1205 1945 1397 2001 forma
1443 1949 1720 2014 constat;
1771 1945 1949 2001 habet

2071 1947 2162 1998 τῶν
2220 1942 2322 1997 ὑπὸ
2371 1941 2575 2017 γένεσιν
2629 1937 2874 2013 ἕκαστον,
2905 1937 3024 2017 ἔχει
3075 1940 3178 2017 γὰρ
3225 1941 3288 1996 τὸ
3342 1937 3567 2013 δυνάμει
3625 1939 3737 1993 καὶ

296 2029 496 2095 etiam.
521 2031 782 2101 potentia
809 2035 868 2086 et
911 2036 1046 2087 actu
1094 2049 1242 2105 esse,
1275 2034 1590 2106 ipsumque
1640 2035 1861 2091 moveri
1892 2038 1950 2090 et

2071 2033 2118 2087 τὸ
2167 2029 2406 2106 ἐνεργείᾳ
2450 2031 2541 2086 καὶ
2585 2029 2649 2084 τὸ
2703 2031 2964 2085 κινεῖσθαι
3019 2029 3112 2084 καὶ
3164 2028 3231 2085 τὸ
3277 2034 3467 2100 κινεῖν,
3521 2028 3736 2083 ταυτὸν

297 2133 548 2184 movere,
582 2119 739 2189 quod
772 2120 1010 2190 perinde
1041 2127 1130 2178 est
1179 2139 1249 2179 ac
1279 2123 1329 2179 si
1375 2124 1557 2195 dicas,
1590 2125 1711 2196 pati
1740 2128 1797 2180 et
1825 2124 1948 2180 efﬁ-

299 2223 446 2262 cere.
475 2208 546 2262 Et
575 2210 768 2279 quoad
801 2209 1052 2267 formam
1081 2212 1345 2282 quidem,
1378 2213 1574 2285 ipsum
1618 2217 1749 2269 actu
1779 2229 1948 2281 esse;

295 2297 490 2368 quoad
521 2313 654 2352 vero
699 2299 1026 2367 materiam,
1060 2300 1257 2372 ipsum
1307 2303 1568 2374 potentia
1591 2320 1721 2360 esse
1751 2302 1948 2359 habet.

298 2386 368 2442 Et
400 2385 636 2456 quidem
667 2387 739 2441 ad
771 2391 902 2444 actu
935 2405 1066 2444 esse
1108 2391 1359 2461 pertinet
1386 2407 1577 2464 agere,
1610 2397 1667 2447 et
1693 2407 1951 2459 movere,

300 2479 359 2530 et
388 2475 655 2543 efﬁcere;
699 2476 770 2530 ad
820 2478 1081 2548 potentia
1125 2496 1258 2536 vero
1287 2497 1418 2537 esse
1471 2482 1740 2554 [spectat]
1771 2481 1866 2555 agi
1896 2487 1954 2538 et

301 2564 520 2620 moveri
547 2569 605 2620 et
632 2565 773 2636 pati.
805 2565 968 2622 Unde
997 2568 1082 2635 ﬁt,
1115 2584 1250 2624 cum
1284 2575 1479 2626 motus
1509 2571 1638 2640 ejus
1669 2572 1825 2644 quod
1857 2587 1956 2643 po-

301 2652 486 2708 tentia
515 2657 624 2723 est,
657 2658 822 2710 actus
848 2671 977 2712 esse
1008 2656 1258 2728 dicatur,
1292 2662 1357 2714 ut
1386 2659 1583 2730 passio
1631 2659 1709 2715 sit
1733 2660 1952 2732 potius.

303 2742 596 2798 Fortassis
625 2747 820 2800 autem
851 2745 1028 2800 etiam
1061 2746 1278 2802 idcirco
1296 2753 1466 2804 actus
1485 2749 1592 2804 40
1618 2747 1733 2804 dici
1757 2752 1953 2820 queat,

304 2829 445 2903 quia
473 2832 629 2902 quod
669 2837 955 2901 movetur,
989 2851 1023 2890 a
1066 2839 1280 2891 natura
1323 2836 1436 2892 sibi
1467 2837 1646 2893 insita
1693 2837 1957 2910 proxime

303 2921 502 2988 habet,
535 2925 600 2977 ut
643 2939 747 2993 pro
796 2940 906 2979 sua
954 2924 1282 2995 aptitudine
1331 2931 1669 2994 moveatur;
1722 2925 1957 2982 tametsi

305 3009 564 3082 primum
592 3011 946 3085 principium
967 3018 1162 3070 motus
1181 3014 1273 3070 sui
1304 3015 1665 3072 extrinsecus
1688 3015 1953 3089 accipiat.

304 3097 540 3171 Proprie
569 3115 706 3156 vero
732 3101 1024 3173 quidquid
1053 3108 1342 3175 movetur,
1376 3104 1613 3175 patitur,
1649 3121 1766 3160 non
1813 3105 1953 3177 agit.

2059 2119 2106 2176 δ’
2156 2120 2349 2191 εἰπεῖν,
2379 2120 2608 2196 πάσχειν
2653 2139 2714 2175 τε
2758 2119 2850 2174 καὶ
2901 2124 3102 2175 ποιεῖν.
3159 2118 3260 2174 Καὶ
3314 2119 3453 2173 κατά
3511 2117 3608 2190 μὲν
3657 2118 3736 2172 τὸ

2059 2208 2202 2272 εἶδος
2279 2205 2396 2285 ἔχει
2441 2210 2504 2264 τὸ
2552 2208 2810 2285 ἐνεργείᾳ,
2859 2209 2996 2264 κατὰ
3048 2205 3106 2264 δὲ
3159 2209 3269 2277 τὴκ
3317 2206 3459 2278 ὕλην
3508 2205 3572 2261 τὸ
3634 2203 3739 2261 δυ-

2056 2299 2240 2373 νάμει.
2291 2298 2393 2354 Καὶ
2449 2302 2541 2352 τνῦ
2600 2298 2696 2371 μὲν
2775 2296 3019 2374 ἐνεργείᾳ
3065 2296 3177 2352 ἐστὶ
3233 2297 3297 2352 τὸ
3356 2295 3588 2373 ἐνεργεῖν
3638 2294 3739 2349 καὶ

2059 2394 2225 2444 κινεῖν
2284 2387 2375 2443 καὶ
2429 2392 2637 2443 ποιεῖν·
2699 2391 2798 2443 τοῦ
2875 2385 3100 2460 δυνάμει
3157 2385 3218 2441 δὲ
3273 2386 3336 2440 τὸ
3395 2384 3738 2460 ἐνεργεῖσθαι

2061 2477 2151 2534 καὶ
2222 2478 2486 2533 κινεῖσθαι
2533 2476 2623 2532 καὶ
2679 2474 2936 2553 πάσχειν.
2994 2478 3149 2540 Ὅθεν
3199 2475 3236 2545 ἡ
3283 2474 3517 2544 κίνησις,
3578 2471 3736 2548 ἐνέρ-

2061 2587 2183 2643 γεια
2232 2571 2331 2622 τοῦ
2388 2563 2614 2639 δυνάμει
2676 2564 2970 2642 λεγομένη,
3029 2563 3199 2626 πάθος
3268 2560 3478 2638 μᾶλλον
3558 2561 3732 2618 ἐστιν.

2065 2657 2341 2733 Ἐνέργεια
2397 2653 2455 2710 δὲ
2511 2653 2712 2731 λέγοιτ’
2769 2653 2828 2709 ἃν
2884 2652 3040 2726 ἴσως,
3071 2653 3162 2709 καὶ
3219 2650 3361 2708 διότι
3413 2655 3478 2706 τὸ
3534 2650 3732 2706 κινού-

2068 2765 2227 2819 μενον
2285 2744 2387 2800 ὑπὸ
2441 2750 2543 2813 τῆς
2603 2742 2654 2799 ἐν
2717 2742 2864 2816 αὐτῷ
2921 2742 3135 2821 φύσεως
3185 2741 3303 2818 ἔχει
3342 2745 3640 2818 προσεχῶς
3664 2741 3735 2796 τὸ

2062 2835 2347 2904 κινεῖσθαι,
2405 2833 2542 2889 κατὰ
2595 2834 2696 2901 τὴν
2759 2830 2961 2888 οῗκείαν
3014 2829 3455 2902 ἐπιτηδειότητα,
3488 2829 3588 2884 κᾶν
3625 2830 3735 2898 τήν

2059 2924 2290 2997 πρώτην
2340 2927 2437 2977 τοῦ
2481 2927 2746 2986 κινεῖσθαι
2795 2923 2976 2998 ἀρχὴν
3035 2917 3228 2991 ἔξωθεν
3288 2913 3589 2993 λαμϐάνοι.
3621 2925 3736 2974 Κυ-

2066 3012 2197 3089 ρίως
2255 3009 2314 3067 δὲ
2365 3017 2469 3066 πᾶν
2521 3011 2584 3066 τὸ
2639 3010 2985 3084 κινούμενον,
3017 3010 3152 3065 καθὸ
3203 3014 3458 3078 κινεῖται,
3500 3006 3736 3084 πάσχει,

2065 3102 2164 3157 οὐκ
2193 3101 2419 3176 ἐνεργεῖ.
2451 3102 2514 3156 Ὃ
2562 3097 2620 3156 δὲ
2671 3101 2748 3174 μὴ
2801 3101 3024 3176 πάσχει,
3083 3096 3209 3154 οὐδὲ
3271 3103 3522 3154 κινεῖται.
3576 3097 3737 3153 Διότι

305 3189 469 3253 Quod
501 3205 617 3244 non
649 3189 892 3260 patitur,
923 3207 1027 3246 nec
1079 3196 1348 3251 movetur
1393 3193 1568 3250 etiam
1603 3211 1616 3250 :
1652 3199 1957 3267 propterea

2071 3190 2129 3246 τὸ
2189 3190 2284 3263 μὲν
2345 3187 2569 3263 δυνάμει
2626 3189 2759 3244 καθὸ
2817 3187 3040 3262 δυνάμει
3115 3193 3344 3244 κινεῖται
3401 3180 3738 3260 μεταϐαῖνον

2508 3278 2520 3292 .
3110 3274 3730 3292 .κ,..‹,.

306 3276 462 3348 quod
495 3276 553 3332 id
585 3278 742 3349 quod
791 3278 1053 3350 potentia
1082 3284 1172 3337 est
1222 3285 1514 3354 quatenus
1556 3283 1817 3355 potentia
1865 3287 1956 3339 est

2071 3279 2156 3336 ἐπὶ
2201 3279 2265 3335 τὸ
2315 3278 2574 3356 ἐνεργείᾳο
2624 3277 2716 3333 καὶ
2756 3280 2793 3348 ἡ
2843 3278 3060 3349 κίνησις
3103 3274 3230 3340 ὁδός
3273 3275 3357 3340 τίς
3416 3276 3557 3331 ἐστιν
3622 3276 3741 3331 ἀπὸ

306 3369 576 3422 movetur
603 3365 676 3422 ad
722 3366 780 3422 id
813 3369 970 3440 quod
1001 3373 1135 3425 actu
1182 3376 1273 3427 est
1317 3372 1697 3429 transeundo.
1737 3373 1957 3444 Estque

305 3459 505 3510 motus
535 3455 937 3527 viaequedam
971 3459 1044 3516 ab
1070 3475 1200 3516 esse
1249 3461 1510 3531 potentia
1539 3461 1611 3517 ad
1661 3465 1796 3517 actu
1827 3477 1956 3519 esse

305 3543 686 3601 transferens.
729 3547 890 3611 Quod
937 3551 1134 3604 autem
1184 3554 1319 3605 actu
1369 3554 1478 3618 est,
1529 3555 1821 3623 quatenus
1867 3554 1960 3608 est

307 3637 466 3700 actu,
499 3637 696 3691 motus
727 3651 933 3707 expers
964 3640 1182 3694 manet.

378 3740 430 3795 4.
467 3740 642 3796 Porro
673 3742 827 3812 quod
857 3747 947 3798 est
974 3744 1252 3815 potentia,
1284 3755 1372 3802 est
1399 3746 1460 3802 id
1491 3749 1646 3819 quod
1679 3751 1873 3820 potest
1903 3751 1961 3804 et

305 3829 391 3884 ita
439 3834 650 3886 natura
693 3837 1100 3904 comparatum
1151 3839 1258 3903 est,
1319 3840 1384 3891 ut
1437 3836 1561 3892 ﬁeri
1613 3839 1800 3909 possit
1850 3837 1962 3894 hoc

308 3919 464 3990 quod
496 3919 756 3990 potentia
785 3920 1040 3983 dicitur:
1073 3925 1231 3994 quod
1263 3930 1461 3982 autem
1506 3931 1597 3983 est
1625 3932 1781 3999 actu,
1811 3927 1959 3983 illud

307 4011 399 4063 est
426 4007 585 4079 quod
608 4009 735 4079 jam
767 4009 827 4064 id
857 4015 969 4081 est,
1001 4014 1157 4084 quod
1189 4018 1324 4070 actu
1356 4015 1590 4072 dicitur.

381 4114 436 4169 5.
468 4113 731 4204 Exempli
779 4116 968 4188 gratia
1018 4136 1032 4174 :
1083 4119 1470 4178 scholasticus
1516 4122 1832 4192 Zosimion,
1863 4123 1965 4194 qui

312 4215 447 4257 cum
478 4202 650 4258 albus
700 4208 875 4273 esset,
919 4223 954 4261 a
1000 4205 1278 4265 diuturno
1327 4211 1530 4267 morbo
1580 4211 1746 4284 niger
1776 4211 1965 4267 factus

312 4295 422 4359 est,
473 4293 639 4364 prius
687 4298 821 4349 actu
874 4294 1040 4352 albus
1089 4303 1230 4369 erat,
1283 4299 1449 4373 niger
1493 4317 1628 4356 vero
1683 4302 1963 4374 potentia,

314 4379 795 4452 quandoquidem
827 4383 995 4455 niger
1024 4385 1149 4441 ﬁeri
1180 4392 1423 4459 poterat.
1458 4389 1757 4453 Quatenus
1789 4391 1968 4462 igitur

315 4469 500 4525 albus
531 4474 674 4537 erat,
709 4473 927 4528 moveri
979 4491 1093 4530 non
1147 4477 1486 4546 dicebatur;
1539 4485 1834 4550 quatenus
1864 4497 1967 4535 au-

2062 3373 2159 3425 τοό
2191 3367 2412 3443 δυνάμει
2463 3367 2552 3423 ἐπὶ
2589 3369 2653 3424 τὸ
2697 3367 2938 3446 ἐνεργείᾳ
2967 3362 3472 3437 διαϐιϐάζουσα··τὸ
3503 3362 3550 3420 δ’
3585 3363 3745 3442 ἐνερ-

2064 3459 2186 3537 γείᾳ
2211 3459 2344 3515 καθὸ
2374 3456 2610 3535 ἐνεργείᾳ
2643 3456 2789 3531 μένει
2815 3455 3070 3528 ἀκίνητον
3717 3469 3723 3472 ·

2141 3744 2206 3804 δ’.
2241 3744 2474 3819 Δυνάμει
2529 3745 2624 3818 μὲν
2685 3741 2776 3798 οὖν
2833 3743 2974 3799 ἐστιν
3024 3743 3054 3798 ’ὸ
3112 3739 3327 3798 δύναται
3385 3739 3474 3797 καὶ
3524 3739 3749 3818 πέφυκε

2068 3835 2313 3912 γενέσθαι
2370 3839 2553 3906 τοῦτο,
2613 3834 2643 3890 ’ὀ
2697 3831 2910 3910 λέγεται
2970 3832 3217 3906 δυνάμει·
3272 3829 3514 3908 ἐνεργείᾳ
3561 3826 3646 3902 δὲ,
3713 3833 3747 3888 ’ὀ

2069 3923 2178 3995 ἤδη
2215 3922 2327 3980 ἐστὶ
2355 3927 2538 3996 τοῦτο,
2565 3922 2595 3978 ὃ
2625 3920 2852 3998 λέγεται
2871 3918 3135 3998 ἐνεργείᾳ.

2146 4124 2203 4180 ε’.
2236 4123 2362 4176 Οἴον
2424 4121 2452 4175 ὁ
2509 4117 2877 4197 σχολαστικὸς
2933 4116 3245 4191 Ζωσιμίων,
3303 4116 3365 4178 ’ὸς
3423 4115 3619 4178 λευκὸς
3665 4112 3748 4170 ὢν

2077 4213 2180 4268 ὑπὸ
2210 4211 2522 4284 νοσήματος
2557 4208 2827 4283 ἐμελάνθη
2864 4207 3114 4285 χρονίου,
3145 4205 3410 4283 πρότερον
3458 4206 3526 4276 ἦν
3587 4203 3751 4282 ἐνερ-

2075 4300 2198 4377 γείᾳ
2273 4299 2489 4361 λευκὸςο
2553 4296 2777 4372 δυνάμει
2837 4295 2895 4352 δὲ
2954 4295 3146 4371 μέλας,
3208 4295 3428 4372 ἐπείπερ
3497 4291 3749 4365 ἠδύνατο

2076 4390 2316 4467 γενέσθαι
2367 4387 2560 4463 μέλας.
2611 4387 2753 4442 Καθὸ
2807 4387 2900 4460 μὲν
2952 4384 3044 4441 οὖν
3088 4381 3313 4470 λευκὸς,
3337 4384 3438 4440 οὐκ
3494 4381 3556 4438 ἂν
3618 4383 3749 4440 ἐλέ-

2077 4501 2203 4557 γετο
2286 4480 2569 4534 κινεῖσθαιο
2628 4477 2763 4540 καθὸ
2827 4473 2886 4532 δὲ
2956 4473 3148 4550 μέλας,
3209 4472 3430 4558 ἐπείπερ
3511 4471 3748 4547 δυνάμει

313 4563 434 4614 tem
467 4557 652 4632 niger,
687 4560 981 4631 siquidem
1033 4565 1294 4635 potentia
1341 4566 1400 4622 id
1430 4573 1575 4638 erat,
1609 4585 1743 4625 cum
1774 4569 1957 4642 nigre-

2080 4568 2393 4645 ἐτύγχανεν,
2452 4566 2531 4622 ὅτ’
2616 4564 2818 4642 ἤρξατο
2898 4563 3244 4639 μελαίνεσθαι
3317 4562 3408 4620 καὶ
3480 4561 3584 4618 ἀπὸ
3644 4567 3750 4618 τοῦ

317 4648 517 4704 dinem
548 4649 893 4706 contrahere
923 4653 1116 4724 coepit,
1151 4658 1324 4726 atque
1357 4655 1428 4711 ab
1478 4674 1544 4712 eo
1576 4658 1730 4729 quod
1766 4663 1969 4730 poten-

315 4735 399 4792 tia
427 4740 596 4809 niger
637 4738 782 4809 erat,
815 4739 888 4795 ad
937 4739 996 4796 id
1027 4746 1093 4797 ut
1123 4747 1252 4798 actu
1286 4743 1454 4816 niger
1505 4745 1669 4801 fieret
1716 4746 1969 4802 adduce-

318 4825 531 4894 batur;
563 4829 688 4881 tum
725 4828 796 4883 ad
844 4828 1212 4902 nigredinem
1262 4834 1481 4889 moveri
1514 4835 1838 4892 dicebatur.
1868 4837 1965 4891 41

317 4920 510 4987 Atque
539 4913 641 4971 illa
670 4916 996 4989 nigredinis
1042 4921 1384 4992 contractio,
1420 4928 1615 4980 motus
1643 4928 1768 4980 erat
1794 4942 1808 4992 ;
1844 4915 1972 4996 quite

319 5008 487 5060 actus
514 5009 640 5060 erat
668 5004 1018 5064 Zosimionis
1065 5011 1324 5081 potentia
1371 5011 1544 5084 nigri,
1579 5017 1865 5086 quantum
1899 5015 1972 5072 ad

320 5094 642 5166 potentiam
674 5097 899 5165 attinet,
934 5097 1043 5154 hoc
1075 5104 1181 5169 est,
1216 5106 1508 5172 quatenus
1537 5103 1616 5158 ita
1672 5119 1973 5175 compara-

321 5186 420 5238 tus
449 5188 596 5252 erat,
627 5188 694 5240 ut
727 5183 893 5258 niger
931 5187 1056 5242 fieri
1106 5196 1324 5260 posset.
1359 5190 1744 5265 Posteaquam
1777 5196 1974 5248 autem

320 5271 489 5344 niger
519 5272 707 5328 factus
738 5281 846 5339 est,
880 5292 993 5330 non
1027 5277 1153 5349 jam
1186 5285 1474 5351 quantum
1506 5282 1578 5337 ad
1611 5281 1976 5355 nigredinem

324 5361 555 5428 attinet,
587 5365 952 5434 movebatur,
985 5368 1084 5422 sed
1113 5367 1172 5422 in
1206 5369 1509 5441 nigredine
1553 5371 1835 5427 constitit.
1869 5371 1977 5427 Eo-

324 5450 457 5505 dem
486 5450 671 5522 igitur
706 5454 881 5509 etiam
917 5456 1089 5512 modo
1121 5473 1295 5514 omne
1343 5460 1498 5531 quod
1533 5465 1667 5516 actu
1716 5464 1828 5530 est,
1861 5476 1978 5517 non

327 5542 615 5610 movetur,
649 5546 939 5612 quatenus
971 5549 1104 5602 actu
1135 5551 1245 5603 est.

397 5645 452 5699 6.
483 5644 594 5701 Sed
644 5664 832 5719 neque
882 5652 1098 5709 moveri
1148 5652 1374 5728 aliquid
1419 5656 1656 5726 dicitur,
1689 5661 1983 5729 quatenus

2081 4656 2307 4731 δυνάμει
2389 4655 2558 4731 μέλας
2640 4655 2716 4711 εἰς
2789 4654 2854 4710 τὸ
2927 4653 3168 4737 ἐνεργείᾳ
3245 4652 3414 4728 μέλας
3492 4651 3746 4727 γενέσθαι

2078 4749 2378 4824 προήγετο,
2407 4745 2520 4800 τότ’
2581 4745 2639 4799 ἂν
2700 4743 2787 4799 ἐπὶ
2841 4743 2905 4799 τὸ
2966 4742 3134 4818 μέλαν
3194 4739 3748 4822 ἐλέγετονκινεῖσθαι.

2081 4833 2182 4893 Καὶ
2228 4837 2297 4906 ἦν
2345 4837 2380 4905 ἡ
2420 4833 2676 4908 μέλανσις
2728 4829 2976 4905 κίνησις,
3013 4831 3252 4910 ἐνέργεια
3308 4830 3442 4888 οὗσα
3491 4836 3593 4887 τοῦ
3653 4827 3748 4886 δυ-

2083 4927 2240 5000 νάμει
2277 4922 2510 4999 μέλανος
2557 4920 2928 4996 Ζωσιμίωνος,
2986 4922 3126 4978 κατὰ
3174 4923 3239 4978 τὸ
3283 4911 3531 4995 δυνάμει.
3582 4941 3747 4976 τουτ-

2085 5015 2194 5071 έστι
2252 5014 2382 5069 καθὸ
2437 5011 2690 5091 ἐπεφύκει
2761 5011 3003 5089 γενέσθαι
3077 5010 3268 5086 μέλας.
3323 5013 3452 5066 ’Ὀτε
3500 5007 3547 5066 δ’
3597 5009 3747 5087 ἐνερ-

2083 5105 2204 5182 γείᾳ
2249 5102 2435 5180 γέγονε
2499 5101 2691 5176 μέλας,
2738 5097 2920 5158 οὐκέτι
2992 5101 3131 5156 κατὰ
3182 5099 3247 5156 τὸ
3307 5098 3479 5174 μέλαν
3561 5100 3751 5154 κινού-

2091 5214 2249 5267 μενος
2303 5192 2393 5262 ἦν·
2454 5190 2582 5249 ἀλλ’
2646 5185 2870 5262 ἕστηκεν
2920 5187 2972 5244 ἐν
3017 5193 3098 5262 τῷ
3149 5187 3368 5263 μέλανι.
3426 5189 3527 5243 Τὸν
3588 5185 3753 5242 αὐτὸν

2084 5281 2286 5359 τρόπον
2319 5279 2459 5356 (οὖν)
2513 5278 2602 5336 καί
2656 5285 2762 5336 πᾶν
2812 5277 3050 5356 ἐνεργείᾳ
3102 5276 3190 5352 ὃν,
3219 5275 3283 5334 οὗ
3331 5281 3563 5348 κινεῖται
3617 5275 3753 5332 καθό

2088 5371 2228 5428 ἐστιν
2263 5370 2521 5449 ἐνεργείᾳ.

2164 5659 2230 5723 ς’.
2263 5655 2423 5714 Ἀλλ’
2471 5654 2598 5714 οὐδὲ
2651 5654 2787 5720 καθὸ
2835 5652 3060 5729 δυνάμει
3112 5629 3316 5730 λέγοντί
3363 5649 3424 5708 ἄν
3474 5672 3530 5709 τι
3581 5615 3757 5718 κινεῖ-

330 5733 592 5822 potentia
620 5741 728 5804 est,
748 5737 888 5793 dum
921 5739 981 5795 in
1013 5743 1275 5813 potentia
1298 5749 1528 5802 tantum
1551 5750 1750 5804 manet
1778 5751 1836 5803 et
1859 5746 1957 5804 sol:

2093 5748 2234 5820 σθαι,
2279 5748 2438 5822 μένον
2488 5743 2713 5820 δυνάμει
2763 5743 2947 5820 μόνως
3001 5743 3093 5799 καὶ
3149 5743 3290 5818 μόνῃ
3345 5738 3760 5817 ἐπιτηδειότητι

330 5820 660 5894 aptitudine
689 5829 1067 5900 cognoscitur
1099 5849 1114 5888 :
1145 5849 1348 5890 verum
1394 5837 1630 5908 quando
1659 5853 1696 5894 a
1720 5838 1957 5909 potenti:

2091 5820 2516 5918 γνωριζόμενον.
2570 5833 2730 5894 Ἀλλ’
2777 5832 2904 5890 ὅταν
2972 5832 3082 5889 ἀπὸ
3156 5836 3254 5889 τοῦ
3302 5828 3533 5908 δῦνάμιι

3717 6367 3722 6372 .
3799 6353 3954 6384 ...ςῖξθ-ὐ

3343 6436 3404 6444 ___
3491 6433 3534 6440 .._.
3588 6429 3644 6438 ——-
3687 6427 3748 6438 νε-
