4094 6428
372 429 565 496 ,4083

1651 471 1676 478 ς·
1708 454 1721 484 -'
1738 434 2089 502 EPH‘OME
2128 435 2498 501 P-HYSICA.

3669 435 3825 499 1064

383 557 592 638 ϐάλλῃ
636 563 698 628 τὸ
747 562 988 642 ἐνεργείᾳ
1040 563 1198 638 μένον
1249 562 1634 640 ἔτιδυνάμει,
1684 567 1806 624 τότε
1850 567 2055 644 λέγεται

2178 585 2308 627 esse
2340 570 2411 626 ad
2445 573 2578 626 actu
2608 586 2736 627 esse
2766 573 3050 641 movetur,
3071 585 3205 628 eum
3224 567 3458 626 interim
3480 567 3676 626 adhue
3694 585 3826 626 esse

408 654 690 712 κινεῖσθαι.
749 655 848 710 Διά
900 675 987 708 τοι
1022 660 1200 710 ιτοῦτο
1259 655 1568 729 πρόσκειτα⁹
1615 662 1698 729 τῷ
1751 661 1850 726 τῆς
1905 659 2061 728 κινή-

405 761 541 804 σεως
590 743 806 819 ὁρισμῷ
829 779 840 796 ι.
858 744 921 797 τὸ
962 745 1310 815 τοιοῦτον,
1343 743 1532 820 ιῆγουν
1565 747 1628 800 τὸ
1672 747 1806 802 καθὸ
1839 743 2060 819 δυνάμει

409 830 548 886 ἐστίν
604 829 692 887 ἶνα
729 832 826 888 κᾶν
871 837 952 906 τῷ
1015 833 1356 907 ὑποκειμένῳ
1408 836 1600 890 ταυτὸν
1645 835 1682 910 ᾖ
1731 837 1792 892 τὸ
1835 833 2063 908 δυνάμει

397 921 497 976 ,καὶ
552 922 614 976 τὸ
671 921 929 998 ἐνεργείᾳ·
982 924 1118 981 κατά
1151 924 1235 978 -τὸ
1285 921 1511 997 ,δυνάμει
1569 924 1829 999 γινομένη
1885 928 1920 994 ἡ
1977 925 2060 980 κί-

373 1031 557 1080 .νησις
613 1012 874 1088 θεωροῖτο
909 1030 922 1042 ⁸
980 1012 1071 1068 καὶ
1147 1009 1254 1074 ἕως
1310 1012 1368 1070 ἂν
1439 1010 1518 1068 ἔτι
1572 1016 1941 1090 περισώζηται
1996 1016 2061 1069 τὸ

408 1097 680 1172 δυνάμει.
732 1099 936 1155 Τούτου
993 1101 1096 1178 γὰρ
1152 1099 1358 1164 τελὲως
1419 1101 1800 1176 ἀπολουμένου
1852 1103 2062 1174 κίνησις

407 1188 507 1243 οὐκ
561 1186 709 1246 ἔστι.
751 1190 821 1244 Τὸ
867 1190 971 1266 γάρ
1020 1190 1262 1268 ἐνεργείᾳ
1307 1191 1592 1267 γενόμενον
1643 1191 1868 1246 καθόσον
1916 1192 2058 1269 ἐνερ-

391 1277 542 1352 γείᾳ,
592 1276 692 1332 οὐκ
741 1276 792 1332 ἐν
843 1280 1053 1348 κινήσει
1103 1278 1266 1334 ἐστίν·
1315 1278 1366 1333 ἐν
1419 1277 1594 1334 στάσει
1648 1276 1706 1334 δὲ
1751 1277 1841 1334 καὶ
1896 1285 2058 1355 μονῇ.

381 1366 510 1421 ’τΚάν
547 1366 740 1440 ’τούτῳ
782 1370 817 1436 ἡ
866 1366 1078 1436 κίνησις
1123 1365 1370 1446 διαφέροι
1425 1368 1482 1422 ἃν
1543 1374 1646 1422 τοῦ
1717 1368 1959 1445 ἐνεργείᾳ
2001 1390 2062 1425 τε

401 1455 494 1510 καὶ
549 1462 652 1525 τῆς
705 1455 919 1518 τελείας
999 1455 1266 1532 ἐνεργείας
1301 1477 1322 1489 ·ν
1376 1456 1460 1512 ὅτι
1498 1493 1500 1496 ν
1536 1457 1643 1513 ἐπὶ·
1699 1460 1792 1531 μὲν
1850 1458 2057 1514 τούτων

403 1540 656 1620 ἔφθαρται
711 1545 782 1599 τὸ
834 1542 1101 1618 δυνάμειή
1137 1543 1240 1600 ἐπὶ
1279 1543 1338 1600 δὲ
1383 1549 1487 1614 τῆς
1537 1549 1825 1618 κινήσεως,
1872 1549 2057 1620 μένον-

400 1655 495 1697 τος
552 1642 648 1689 τοῦ
728 1632 950 1708 δυνάμει
1020 1638 1118 1704 τῆς
1164 1638 1454 1706 -κινήσεως
1531 1636 1858 1692 ἐπιτελεῖται
1911 1636 2056 1713 ἐνέρ-

397 1743 541 1798 γεια.

614 1812 784 1869 Πάλιν
845 1812 1078 1884 κίνησίς·
1118 1812 1260 1868 ἐστιν
1316 1813 1625 1890 ἐντελέχεια
1679 1835 1794 1870 του·
1832 1819 2059 1884 κινητοῦ

401 1901 438 1976 ᾖ
486 1903 731 1971 κινητὸν,
780 1898 954 1977 ἤγουν
1003 1901 1242 1978 ἐνέργεια
1297 1903 1570 1973 παθητική
1619 1908 1716 1958 τοῦ
1761 1902 2057 1982 δυναμένου

400 1990 514 2045 καὶ
547 1990 853 2068 πεφυκότος
921 1991 1229 2061 κινηθῆναί
1282 2012 1342 2045 τε
1399 1991 1488 2046 καὶ
1568 1987 1893 2066 μεταϐαλεῖν
1954 1983 2060 2047 ἀπὸ

471 2077 532 2114 τίκ
641 2079 654 2100 ε)
703 2103 705 2106 ⁴
804 2077 828 2098 is
861 2099 865 2102 ,
1116 2078 1170 2114 θ’]
1455 2081 1467 2101 \
1569 2081 1580 2100 ι
1864 2081 1876 2099 ι
2038 2083 2050 2102 κ

403 2087 565 2134 τοδὸε
609 2100 688 2142 εις
732 2079 878 2151 τόοε,
925 2080 1061 2143 καθὸ
1112 2097 1330 2135 οδναται
1381 2101 1470 2134 και
1518 2101 1772 2159 πεφυκεν,
1821 2103 1884 2135 ου
1926 2094 2060 2145 καθο

399 2166 516 2239 ’ἤδη
568 2165 734 2224 ἔστιν.
784 2169 846 2223 Εἰ
897 2167 958 2224 δὲ
1004 2173 1102 2222 τοῦ
1151 2174 1377 2239 κινητοῦ
1423 2169 1531 2224 ἐστι
1574 2170 1802 2241 τοιαύτη
1854 2170 2060 2227 ἐντελέ-

403 2277 532 2333 χεια
575 2261 609 2327 ἡ
670 2256 902 2330 κίνησις,
953 2255 1122 2327 δῆλον
1167 2259 1240 2320 ὡς
1293 2258 1392 2313 οὐκ
1433 2259 1484 2313 ἐν
1528 2264 1610 2331 τῷ
1638 2263 1898 2332 κινοῦντι,
1931 2257 2059 2315 ἀλλ’

403 2347 455 2401 ἐν
511 2351 591 2419 τῷ
648 2347 952 2420 κινουμένῳ
1009 2346 1169 2404 ἐστίν.
1229 2347 1294 2401 Εἰ
1354 2345 1411 2402 δὲ
1458 2350 1492 2417 ἡ
1543 2347 1728 2421 ὅρασις
1759 2347 1858 2403 οὐκ
1897 2348 1948 2404 ἐν
1979 2353 2059 2421 τῷ

403 2436 670 2512 ὁρωμένῳ
702 2482 715 2508 ,
777 2435 904 2491 ἀλλ’
979 2435 1032 2491 ἐν
1102 2441 1182 2508 τῷ
1257 2439 1454 2509 ὁρῶντι
1518 2439 1861 2514 τυγχάνουσα
1907 2487 1922 2512 ,
2004 2438 2055 2494 ἐν

395 2530 486 2597 τῷ
523 2530 767 2580 κινοῦντι
814 2525 1087 2580 εἷναι-καὶ
1134 2527 1381 2580 ποιοῦντι
1432 2524 1600 2581 δοκεῖ’
1645 2525 1770 2583 ἀλλ’
1821 2527 1926 2583 ὑπὸ
1954 2531 2058 2597 τῆς

403 2613 599 2687 λέξεως
653 2617 688 2684 ἡ
747 2614 926 2684 ἀπάτη
985 2615 1402 2694 προφερομένης
1481 2617 1574 2688 μὲν
1649 2615 2010 2694 ἐνεργητικῶς
2042 2663 2056 2688 ,

402 2703 553 2759 οῦδὲν
615 2701 661 2758 δ’
714 2703 898 2778 ᾖττονε
937 2701 1217 2775 δηλόύσης
1285 2711 1512 2781 πρᾶγμα
1564 2706 1883 2777 παθητικόν.
1945 2712 2056 2761 Πᾶν

397 2794 502 2870 γὰρ
557 2794 666 2865 (τὸ)
721 2793 1108 2868 αἰσθανόμενον
1178 2793 1381 2870 πάσχει
1453 2794 1542 2849 καὶ
1579 2794 1660 2850 -ού
1719 2801 1866 2850 ποιεῖ
1899 2815 1911 2827 ·
1973 2793 2057 2850 διὸ

398 2882 489 2938 καὶ
520 2885 555 2951 ἡ
593 2881 801 2960 ’ὅρασις
861 2882 918 2937 ἐν
969 2889 1050 2955 τῷ
1105 2884 1305 2960 ὁρῶντι
1366 2882 1516 2950 οὖσα,
1569 2884 1622 2939 ἐν
1669 2889 1748 2956 τῷ
1787 2885 2056 2960 πάσχοντι

400 2969 538 3043 (καὶ)
587 2969 920 3043 ·κινου’μὲνῳ
1001 2969 1134 3036 ἐστὶ,
1209 2971 1386 3033 καθὼς
1438 2971 1529 3025 καὶ
1584 2969 1898 3026 αἱελοιπαὶ
1946 2977 2053 3027 τῶν

401 3058 704 3129 αἰσθήσεων
754 3058 806 3113 ἐν
863 3063 981 3121 τοῖς
1031 3059 1452 3132 ἀἰσθανομένοις
1512 3060 1662 3115 εἰσίνε
1725 3061 1833 3137 οὐχ
1880 3063 1954 3124 ὡς
2003 3060 2053 3115 ἐν

373 3146 608 3201 ⁴κινοῦσί
636 3168 696 3201 τε
744 3147 834 3202 καὶ
884 3153 1154 3220 ποιοῦσιν,
1204 3145 1333 3203 ἀλλ’
1380 3149 1454 3210 ὡς
1506 3148 1560 3203 ἐν
1593 3150 1935 3222 κινουμένοις
1967 3149 2057 3206 καὶ
2100 3182 2106 3187 -

405 3235 696 3313 πάσχουσι..

480 3506 554 3576 η’.
586 3507 686 3560 Καὶ
718 3504 890 3568 ἄλλος
923 3503 1009 3559 καὶ
1045 3503 1208 3581 λόγος
1262 3503 1580 3561 ἀποδίδοται
1631 3509 1726 3576 τῆς
1769 3509 2055 3580 κινήσεως,

365 3592 656 3648 ’δεικνύων
721 3591 889 3662 αὐτὴν
933 3598 1040 3649 τοῦ
1079 3614 1358 3657 κινουντος
1409 3595 1503 3650 καὶ
1553 3599 1841 3658 ’ποιοῦντος
1894 3595 2056 3652 οὖσαν

394 3683 598 3757 κυρίως
659 3683 924 3760 ἐνέργειαν
957 3723 974 3753 ,
1032 3681 1124 3737 καί
1196 3682 1302 3737 ἀπ’ς
1341 3683 1507 3738 αὐτοῦ
1578 3685 1676 3757 μὲν
1738 3685 2056 3762 ἀρχομένην

369 3789 453 3826 ’τε
495 3770 587 3827 καὶ
644 3769 1044 3844 ἐνδιδομένην,
1106 3771 1564 3846 ἐνστηριζομὲνην
1625 3771 1682 3829 δὲ
1732 3775 1824 3830 καὶ
1885 3775 2057 3850 ἐμμέ-

379 3881 608 3916 νουσαν
636 3865 716 3933 τῷ
773 3859 1079 3934 κινουμένῳ
1135 3861 1224 3916 καὶ
1282 3862 1607 3938 πάσχονται.
1667 3865 1726 3916 Ὀ
1782 3861 1842 3918 δὲ
1893 3863 2056 3942 λόγος

392 3955 668 4012 τοιοῦτος’
733 3949 956 4019 Κίνησίς
1022 3950 1161 4004 ἐστιν
1225 3949 1468 4027 ἐνέργεια
1519 3956 1616 4006 τοῦ
1669 3959 1947 4016 κινοῦντος
2001 3955 2053 4010 ἐν

393 4040 837 4113 τῷ”κινουμὲνῳ
870 4081 883 4093 .
944 4039 1044 4093 Καὶ
1105 4041 1210 4116 γὰρ
1287 4041 1322 4108 ἡ
1384 4037 1743 4114 οἰκοδόμησις
1820 4042 2057 4120 ἐνέργειά

394 4149 504 4184 εστι
548 4134 645 4184 τοῦ
692 4126 1120 4201 οῒκοδομδοῦντος
1178 4127 1233 4184 ἐν
1290 4134 1369 4201 τῷ
1429 4128 1905 4204 οἰκοδομουμένῳ·
1944 4133 2054 4187 καὶ

371 4218 663 4295 ’ἰάτρευσις
733 4217 970 4294 ἐνέργεια
1016 4221 1114 4272 τοῦ
1164 4217 1506 4293 ἰατρεύοντος
1550 4219 1615 4274 ἰέν
1669 4225 1754 4291 τῷ
1809 4220 2052 4297 ἰάτρευο-

395 4307 563 4381 μὲνῳ.
623 4305 803 4362 Ἀλλο
863 4305 922 4362 δὲ
978 4306 1118 4363 ἐστιν
1175 4305 1536 4381 οἰκοδόμησις
1593 4309 1684 4362 καὶ
1747 4308 2050 4385 ἰάτρευσις·

389 4398 479 4454 καὶ
539 4395 795 4453 ἂλλοξτὸ
855 4394 1252 4471 ’ᾠκοδομῆσθαι
1307 4397 1398 4451 καὶ
1450 4397 1778 4471 ἰατρεῦσθαι.
1833 4401 1895 4454 Ἡ
1957 4400 2051 4472 μὲν

385 4488 492 4564 γὰρ
547 4483 910 4560 οἰκοδόμησις
964 4485 1054 4540 καὶ
1115 4485 1384 4563 ἰάτρευσις
1439 4485 1493 4541 ἐν
1559 4491 1642 4558 τῷ
1698 4487 1954 4562 γίνεσθαι
1991 4491 2054 4544 τὸ

387 4576 528 4632 εἶναι
587 4570 800 4651 ἔχουσι·
859 4574 1184 4648 τουτέστιν,
1242 4574 1295 4630 ἐν
1364 4573 1915 4650 τῷιοῖκοδομεῖσθαι
1990 4579 2053 4633 τὸ

363 4665 886 4753 οἰκοδομούμενον·
945 4664 1036 4753 και
1090 4664 1144 4719 ἐν
1199 4669 1280 4738 τῷ
1331 4664 1663 4741 ἰατρεύεσθαι
1711 4665 1783 4722 τὸ⁴
1816 4666 2132 4753 ἰατρευό-,Β

369 4755 606 4828 μενον.
655 4754 727 4809 Τὸ
787 4751 832 4808 δ’
891 4750 1281 4827 ᾠκοδομῆσθαι
1354 4754 1445 4808 καὶ
1507 4753 1811 4830 ἶατρεῦσθαι
1870 4754 2055 4830 ἐντῷ

386 4843 631 4920 γενέσθαι
677 4843 743 4898 τὸ
794 4843 928 4898 εἶναι
977 4836 1348 4916 λαμϐάνουσι.
1404 4844 1500 4898 Διὸ
1554 4843 1648 4897 καὶ
1695 4841 2052 4918 οἰκοδόμησις

369 4933 489 5006 μὲν
517 4931 928 5007 καὶνίάτρευσις
977 4933 1222 5002 κινήσεις
1277 4931 1400 4986 εἰσίο
1447 4933 1512 4986 τὸ
1545 4930 1605 4986 δ’
1653 4931 2051 5008 ᾠκοδομῆσθαι

369 5023 502 5077 καὶι
539 5021 1222 5096 ἶατρεῦσθαικεκινῆσθαί
1277 5020 1440 5078 ἐστιν.
1504 5023 1571 5076 Αἱ
1625 5021 1733 5098 ἄρα
1789 5020 2053 5086 διαθέσεις

2147 709 2150 712 .
2176 659 2435 730 potentia
2455 665 2714 725 maneat,
2748 663 2876 715 tum
2904 659 3123 716 moveri
3151 658 3381 716 dicitur.
3399 659 3716 730 Propterea.-
3731 658 3828 713 de-

2175 747 2425 803 finitioni
2446 753 2643 805 motus
2666 750 2962 819 adjectum
2983 752 3092 816 est,
3115 752 3428 819 quaternus
3449 748 3565 803 tale
3588 753 3698 813 est,
3714 747 3824 803 hoc

2172 841 2280 903 est,
2313 842 2605 908 quatenus
2666 838 2926 910 potentia
2982 842 3108 905 est;
3161 836 3509 902 ut,.tametsi
3559 836 3822 906 subjecto

2174 927 2327 983 idem
2360 927 2499 995 sint,
2528 929 2682 999 quod
2713 929 2974 1000 potentia
2998 932 3060 984 et
3077 931 3208 984 actu
3239 931 3365 994 est;
3399 930 3596 982 motus
3625 931 3820 982 tamen

2171 1017 2363 1088 quoad
2394 1034 2522 1072 esse
2553 1019 2818 1089 potentia
2861 1018 3060 1073 factun
3093 1017 3515 1079 consideretur,
3547 1020 3604 1071 et
3633 1032 3820 1085 quan-

2172 1105 2271 1162 diu
2322 1105 2518 1178 ipsum
2572 1107 2832 1178 potentia
2881 1123 3026 1163 esse
3069 1105 3365 1162 incolume
3421 1109 3816 1160 conservatur.

2169 1198 2290 1250 Hoc
2337 1197 2494 1250 enim
2545 1212 2790 1268 prorsus
2839 1197 3185 1267 interempto
3235 1212 3352 1252 non
3403 1193 3704 1265 [amplius]
3734 1197 3824 1248 est

2173 1287 2388 1339 motus.
2420 1284 2583 1347 Quod
2614 1284 2770 1342 enim
2805 1289 2937 1340 actu
2965 1301 3095 1341 esse
3125 1288 3504 1342 consecutum
3536 1287 3644 1348 est,
3675 1297 3822 1353 qua-

2171 1375 2343 1430 tenus
2374 1378 2503 1428 actu
2549 1377 2658 1439 est,
2689 1391 2806 1429 non
2844 1378 2934 1428 est
2982 1373 3042 1432 in
3091 1377 3282 1438 motu,
3309 1373 3422 1430 sed
3460 1371 3518 1427 in
3551 1374 3716 1428 statu
3765 1375 3824 1426 et

2169 1461 2519 1518 constantia.
2552 1463 2738 1532 Atque
2769 1462 2830 1516 in
2862 1461 2972 1518 hoc
3003 1467 3195 1520 motus
3216 1462 3291 1517 ab
3309 1478 3377 1517 eo
3400 1461 3555 1532 quod
3578 1464 3668 1517 est
3685 1463 3820 1516 actu

2169 1555 2228 1606 et
2253 1552 2325 1606 ab
2351 1551 2478 1621 ipso
2511 1551 2764 1622 perfecto
2795 1555 2930 1607 actu
2966 1551 3197 1618 differt;
3229 1551 3517 1622 ληψιοά
3542 1549 3610 1605 ηίυ
3641 1548 3732 1605 his
3761 1548 3821 1604 id

2170 1640 2327 1711 quod
2360 1639 2622 1711 potentia
2661 1645 2772 1707 est,
2809 1639 3032 1696 interiit
3063 1657 3077 1708 ;
3129 1641 3187 1695 in
3233 1645 3394 1696 motu
3445 1643 3662 1704 autem,
3697 1653 3821 1693 ma-

2170 1733 2346 1784 nente
2377 1746 2443 1784 eo
2475 1729 2632 1802 quod
2664 1733 2754 1784 est
2784 1731 3065 1800 potentia,
3097 1732 3294 1785 motus
3324 1728 3476 1786 actio
3501 1727 3820 1800 perﬁcitur.

2189 1847 2191 1850 ‹
2239 1821 2293 1872 7.
2355 1818 2633 1888 Rursum,
2691 1823 2884 1874 motus
2942 1823 3033 1875 est
3088 1816 3414 1874 enteleeh-ia
3483 1816 3721 1874 mobilis
3753 1819 3820 1884 θ’,

2171 1908 2460 1974 quatenus
2490 1911 2581 1960 est
2612 1904 2857 1975 mobile,
2884 1904 2991 1960 hoc
3029 1911 3136 1976 est,
3165 1909 3336 1961 actus
3387 1905 3825 1977 passivus-ejus

2168 1993 2326 2064 quod
2361 1994 2622 2064 potentia
2669 1999 2779 2062 est,
2811 1997 2870 2049 et
2915 1993 2996 2051 ita
3037 1999 3249 2050 natura
3295 1998 3723 2066 comparatum,
3758 1998 3823 2050 ut

2171 2083 2389 2138 moveri
2439 2088 2498 2138 et
2543 2084 2616 2139 ab
2661 2083 2771 2138 hoc
2802 2083 2860 2138 in
2892 2083 3003 2140 hoc
3035 2083 3254 2139 mutari
3292 2085 3498 2155 possit,
3527 2087 3822 2155 quatenus

2171 2175 2362 2242 potest
2403 2176 2462 2228 et
2509 2177 2720 2227 natura
2769 2177 3172 2243 comparatum
3204 2178 3314 2241 est,
3367 2189 3483 2228 non
3531 2177 3822 2244 quatenus

2161 2260 2291 2330 jam
2320 2264 2430 2316 est.-
2463 2261 2626 2324 Quod
2656 2261 2703 2316 si
2737 2265 2933 2316 autem
2965 2265 3162 2318 motus
3191 2265 3282 2317 est
3328 2260 3618 2332 ejusmodi
3661 2264 3822 2316 ente-

2169 2348 2359 2404 lecbia
2409 2349 2487 2405 rei
2540 2349 2777 2407 mobilis
2801 2350 2868 2416 5°,
2914 2350 3294 2406 manifestum
3344 2353 3460 2417 est,
3511 2366 3644 2404 eum
3705 2365 3821 2404 non

2168 2436 2229 2492 in
2283 2445 2573 2504 movente,
2621 2439 2725 2494 sed
2781 2438 2842 2498 in
2901 2454 2976 2494 eo.
3023 2438 3182 2509 quod
3240 2441 3528 2505 movetur,
3571 2454 3719 2495 esse.
3754 2439 3825 2493 Et

2170 2526 2222 2582 si
2277 2543 2410 2582 vero
2442 2528 2478 2594 ἡ
2510 2520 2720 2601 ὅρασις,
2780 2526 2838 2582 id
2873 2533 2962 2584 est
2991 2526 3157 2598 visio,
3197 2543 3351 2599 quae.
3385 2542 3500 2584 non
3555 2526 3615 2582 in
3673 2527 3818 2596 viso,

2169 2615 2271 2670 sed
2303 2616 2360 2670 in
2388 2616 2617 2672 vidente
2648 2616 2895 2686 exsistit,
2928 2616 2985 2670 in
3019 2620 3288 2673 movente
3327 2621 3384 2671 et
3432 2620 3652 2687 agente.
3692 2633 3821 2672 esse

2166 2703 2396 2759 videtur
2419 2722 2433 2771 ;
2466 2705 2726 2775 deceptio
2759 2709 2956 2760 tamen
2979 2722 3012 2760 a
3033 2704 3288 2765 dictione
3313 2705 3518 2774 oritur,
3544 2721 3673 2777 quae
3689 2705 3821 2776 qui-

2138 2845 2139 2848 η
2168 2793 2302 2848 dem
2335 2793 2415 2848 ita
2453 2794 2747 2866 profertur
2787 2793 2957 2865 quasi
3003 2792 3630 2865 actionem-signiﬁcet,
3664 2793 3818 2851 nihi-

2167 2881 2427 2938 lominus
2453 2888 2653 2938 tamen
2705 2899 2829 2938 rem
2879 2883 3171 2954 passivam
3212 2881 3489 2940 declarat.
3522 2882 3816 2954 Quidquid

2166 2971 2322 3026 enim
2373 2973 2571 3040 sentit,
2604 2972 2824 3043 patitur
2869 2977 2928 3027 et
2977 2989 3092 3027 non
3142 2972 3281 3044 agit.
3324 2972 3690 3044 Quapropter
3734 2976 3821 3030 et-

2167 3059 2285 3116 iam
2315 3060 2460 3116 visio
2491 3061 2628 3117 licet
2671 3060 2728 3114 in
2778 3060 3014 3116 vidente
3061 3059 3156 3128 sit,
3190 3065 3388 3116 tamen
3437 3061 3498 3116 in
3536 3061 3817 3133 patiente,

2167 3165 2354 3220 eoque
2399 3150 2555 3221 Quod
2608 3156 2898 3217 movetur,
2931 3153 3063 3207 est:
3099 3151 3599 3222 quemadmodum
3641 3151 3818 3208 etiam

2168 3237 2388 3310 reliqui.
2434 3255 2646 3296 sensus
2704 3239 2763 3294 in
2812 3239 3201 3295 sentientibus
3259 3242 3420 3308 sunt,
3475 3256 3592 3295 non
3642 3243 3709 3294 ut
3758 3237 3818 3294 in

2084 3315 2127 3382 C
2167 3328 2540 3384 moventibus
2569 3331 2628 3384 et
2654 3328 2986 3401 agentibus,
3021 3329 3121 3385 sed
3171 3333 3236 3384 ut
3279 3328 3344 3383 in
3390 3329 3462 3384 iis
3515 3345 3644 3400 quae
3686 3344 3808 3386 mo-

2166 3423 2378 3473 ventur
2407 3422 2465 3474 et
2496 3417 2800 3489 patiuntur
2827 3419 2898 3472 δι.

2242 3510 2295 3562 8.
2327 3511 2396 3562 Et
2425 3505 2540 3562 alia
2568 3524 2702 3564 vero
2723 3507 2900 3564 etiam
2934 3511 3132 3563 motus
3161 3507 3426 3564 deﬁnitio
3458 3507 3818 3580 assignatur,

2168 3612 2298 3668 quas
2327 3596 2587 3652 ostendit
2616 3597 2813 3668 ipsum
2845 3596 3134 3652 moventis
3165 3606 3220 3651 et
3251 3595 3560 3653 efﬁcientis
3589 3597 3821 3669 proprie

2170 3690 2368 3740 actum
2397 3702 2547 3756 esse,
2580 3690 2648 3741 ut
2678 3685 2778 3756 qui
2808 3687 2910 3742 43
2941 3685 3014 3742 ab
3046 3685 3175 3756 ipso
3211 3685 3463 3756 quidem
3495 3684 3738 3756 incipiat
3764 3689 3823 3744 et

2167 3774 2482 3840 tribuatur,
2513 3775 2573 3828 in
2625 3790 2691 3830 eo
2732 3779 2931 3829 autem
2967 3774 3120 3844 quod
3162 3778 3427 3830 movetur
3473 3778 3532 3830 et
3579 3773 3820 3846 patitur,

2168 3862 2446 3919 fulciatur
2466 3867 2524 3919 et
2545 3867 2801 3919 maneat.
2822 3865 2928 3934 Huj
2939 3862 3168 3918 usmodi
3192 3867 3389 3918 autem
3421 3866 3512 3918 est
3536 3863 3817 3929 deﬁnitio;

2167 3952 2360 4008 Motus
2391 3956 2480 4008 est
2509 3956 2675 4007 actus
2703 3951 2835 4025 ejus
2866 3951 3021 4022 quod
3055 3955 3248 4008 movet
3275 3950 3338 4006 in
3363 3966 3432 4006 eo
3451 3951 3608 4023 quod
3632 3968 3821 4010 move-

2165 4045 2282 4096 tur.
2314 4040 2643 4098 !Edificatio
2696 4040 2853 4098 enim
2905 4044 3072 4095 actus
3117 4043 3207 4094 est
3253 4039 3597 4096 aedificantis
3644 4041 3819 4098 ineo

2167 4130 2322 4200 quod
2356 4129 2714 4186 aediﬁcatur:
2747 4132 2804 4184 et
2832 4129 3060 4185 sanatio
3089 4132 3179 4184 est
3197 4133 3364 4185 actus
3384 4129 3650 4186 sanantis
3669 4129 3730 4185 in
3749 4145 3820 4186 eo

2165 4219 2322 4289 quod
2357 4224 2620 4276 sanatur.
2640 4216 2813 4273 Aliud
2836 4221 3033 4273 autem
3056 4221 3147 4272 est
3164 4217 3469 4273 aedificatio
3490 4221 3549 4273 et
3566 4218 3815 4274 sanatio:

2164 4307 2443 4379 aliudque
2483 4307 2835 4364 aediﬁcatum
2885 4310 2944 4363 et
2989 4311 3267 4364 sanatum:
3313 4323 3462 4363 esse.
3493 4307 3818 4364 Ediﬁcatio

2162 4397 2322 4453 enim
2353 4401 2409 4453 et
2438 4396 2668 4452 sanatio
2713 4396 2774 4451 in
2823 4396 2951 4467 ipso
3001 4396 3127 4451 ﬁeri
3175 4412 3351 4452 suum
3401 4411 3530 4452 esse
3560 4395 3814 4462 habent;

2141 4485 2413 4554 ,bocest,
2443 4486 2502 4541 in
2533 4503 2601 4542 eo
2631 4486 2775 4542 dum
2807 4484 3133 4547 ludiﬁcatur
3161 4485 3220 4540 id
3267 4486 3422 4556 quod
3471 4485 3812 4554 aedificatur,

2161 4581 2230 4632 et'
2252 4576 2398 4630 dum
2426 4581 2671 4631 sanatur
2698 4574 2756 4630 id
2797 4575 2950 4644 quod
2983 4578 3246 4630 sanatur.
3298 4576 3372 4628 At
3399 4589 3532 4629 vero
3562 4573 3815 4631 aediﬁca-

2164 4667 2292 4719 tum
2323 4670 2388 4720 et
2408 4669 2681 4720 sanatum
2711 4679 2864 4731 esse,
2890 4680 2960 4720 ex
2989 4663 3100 4718 hoc
3129 4663 3284 4734 quod
3317 4662 3469 4718 facta
3493 4668 3654 4728 sunt,
3685 4679 3816 4719 esse

2165 4753 2478 4824 accipiunt.
2514 4755 2877 4824 Quapropter
2931 4752 3108 4808 etiam
3138 4750 3442 4809 aedificatio
3483 4756 3542 4808 et
3587 4751 3814 4808 sanatio

2164 4847 2362 4898 motus
2392 4846 2531 4897 sunt
2563 4859 2576 4896 :
2607 4843 2964 4898 aediﬁcatum
3017 4844 3215 4898 autem
3260 4845 3324 4896 et
3363 4846 3638 4898 sanatum
3685 4857 3815 4898 esse

2139 4935 2392 4990 .motum
2423 4946 2574 4986 esse.
2604 4931 2964 4992 Aﬂ‘ectiones
2993 4931 3192 5002 itaque
3221 4947 3346 5000 quae
3377 4930 3580 4986 insunt
3605 4946 3816 4990 ex-mo-

2163 5019 2345 5086 tibus,
2378 5037 2494 5076 non
2518 5024 2658 5074 sunt
2687 5023 2904 5091 motus,
2935 5021 3036 5078 sed
3061 5019 3268 5076 effecta
3298 5024 3589 5076 motuum.

385 5112 443 5166 αἱ
521 5111 629 5166 ἀπὸ
697 5115 811 5166 τῶν
889 5112 1156 5181 κινήσεων
1237 5109 1588 5186 ἐγγινόμεναι
1656 5114 1920 5182 κινήσεις
1953 5113 2055 5168 οὐκ
2144 5157 2146 5160 μ

384 5199 543 5272 εἰσὶν,
579 5197 707 5254 ἀλλ’
739 5197 1158 5274 ἀποτελέσματα
1180 5203 1293 5255 τῶν
1322 5201 1612 5271 κινήσεων.

463 5290 526 5343 θ’.
561 5288 710 5344 Ἐπεὶ
755 5287 814 5344 δὲ
857 5290 894 5358 ή
944 5287 1160 5360 κίνησις
1206 5288 1264 5343 ἐν
1311 5293 1393 5361 τῷ
1437 5289 1749 5364 κινουμένῳ
1797 5291 1901 5346 ὑπὸ
1953 5295 2051 5346 τοῦ

379 5377 661 5439 κινοῦντός
716 5375 859 5432 ἐστιν
893 5422 908 5450 ,
969 5376 1045 5440 ὡς
1125 5378 1219 5451 μὲν
1301 5377 1352 5432 ἐν
1430 5382 1512 5452 τῷ
1580 5379 1840 5453 κινουένῳ
1897 5379 2048 5453 οὖσα,

379 5468 659 5538 παθητική
717 5487 779 5521 τε
823 5465 916 5522 καὶ
972 5463 1176 5537 ἀτελὴς
1231 5465 1471 5544 ἐνέργεια
1527 5467 1791 5545 λέγεται.
1852 5469 2049 5546 Διόπερ

379 5553 471 5608 καὶ
528 5555 590 5610 τὸ
645 5552 965 5628 κινούμενον
1019 5551 1152 5630 ὅπερ
1199 5553 1308 5610 ἐστὶ
1361 5555 1426 5610 τὸ
1470 5552 1718 5629 δυνάμει,
1757 5557 1961 5634 πάσχει
1991 5577 2051 5611 τε

2231 5290 2286 5345 9.
2321 5287 2609 5354 Quoniam
2642 5291 2841 5343 autem
2874 5291 3075 5344 motus
3105 5291 3196 5344 est
3233 5288 3294 5344 in
3342 5304 3410 5344 eo
3443 5287 3597 5359 quod
3625 5303 3658 5344 a
3688 5304 3814 5344 mo-

2159 5382 2329 5435 vente
2365 5380 2669 5444 movetur;
2721 5381 2787 5432 ut
2836 5376 3074 5447 quidem
3124 5376 3183 5431 in
3233 5393 3300 5432 eo
3348 5376 3504 5448 quod
3551 5379 3818 5432 movetur

2161 5467 2408 5534 exsistit,
2471 5465 2740 5537 passivus
2818 5470 2876 5520 et
2939 5464 3322 5536 imperfectus
3379 5469 3547 5520 actus
3603 5464 3818 5521 dicitur

2160 5554 2663 5630 (quandoquidem
2735 5554 2912 5610 etiam
2972 5553 3128 5625 quod
3188 5556 3479 5626 movetur,
3539 5553 3649 5610 hoc
3703 5557 3813 5610 est.

454 5771 500 5806 ‘9
525 5771 561 5826 3
590 5769 762 5843 Pbys.
795 5786 846 5826 ο.
875 5771 932 5839 2,
963 5773 1008 5827 t.
1041 5771 1128 5826 16.
1205 5770 1252 5806 ⁸ο
1277 5770 1315 5825 2
1343 5768 1518 5844 Phys.
1550 5787 1600 5827 ο.
1624 5773 1680 5844 2,
1712 5775 1754 5828 t.
1789 5773 1878 5830 18.
1956 5773 2000 5810 εί
2025 5772 2055 5827 3

2171 5788 2260 5846 ys.
2294 5787 2346 5828 c.
2378 5771 2434 5839 3,
2466 5772 2510 5825 t.
2542 5768 2637 5835 23,
