4094 6418
408 394 564 461 10δῦ

1664 412 2090 480 NICEPHORI
2131 414 2574 484 BLEMMIDE

3656 427 3792 497 1056

409 532 564 603 quod
597 533 859 604 potentia
889 540 998 608 est,
1032 553 1167 596 cum
1194 541 1434 614 patitur,
1467 550 1758 618 quatenus
1799 550 2048 621 potentia

2166 553 2300 607 καθὸ
2359 550 2604 641 δυνάμει,
2654 555 2745 610 καὶ
2799 556 2898 625 τὴν
2957 555 3114 636 φύσιν
3169 556 3312 614 ἐστὶν
3364 557 3573 624 ἀτελές.
3611 563 3668 616 '0
3703 563 3792 641 γὰρ

407 625 517 691 est,
546 625 670 677 tum
695 627 1327 700 naturaimperfectum
1357 639 1482 689 est:
1509 637 1769 692 nondum
1793 639 1948 693 enim
1974 645 2062 694 est

407 711 563 780 quod
591 712 861 783 dicitur);
897 720 962 771 ut
991 722 1188 774 autem
1229 738 1262 776 a
1293 727 1395 778 44
1427 731 1692 782 movente
1741 729 2058 800 proﬁcisci-

405 802 522 868 tur,
557 802 746 874 magis
777 805 1010 877 proprie
1039 811 1096 863 et
1123 810 1440 880 perfectius
1473 819 1640 870 actus
1687 816 1800 870 dici
1847 821 2057 887 queat;

408 890 888 961 quandoquidem
918 897 1094 951 etiam
1127 915 1366 956 movens
1397 901 1570 974 quale
1600 907 1710 974 est,
1744 905 1899 975 quod
1926 911 2058 960 actu

407 981 517 1048 est,
572 995 709 1035 cum
759 983 830 1038 ad
887 987 1184 1056 agendum
1233 990 1389 1045 valet
1432 997 1724 1063 quatenus
1773 999 1906 1049 actu
1948 1000 2058 1061 est,

404 1069 533 1122 tum
564 1073 778 1126 natura
806 1074 1128 1143 perfectum
1161 1082 1267 1133 est.
1298 1079 1523 1152 Quippe
1551 1082 1726 1138 etiam
1767 1088 1857 1138 est
1899 1085 2056 1156 quod

404 1154 638 1212 dicitur.
673 1159 864 1216 Motus
895 1164 1140 1234 proinde
1179 1172 1346 1224 actus
1376 1173 1482 1225 est.

479 1246 565 1300 10.
597 1247 874 1321 Idemque
905 1256 963 1308 et
988 1257 1054 1309 ut
1081 1257 1251 1324 actio,
1284 1261 1341 1313 et
1370 1264 1434 1313 ut
1463 1261 1660 1332 passio
1691 1266 1781 1318 est
1799 1263 1866 1319 ⁵2.
1889 1264 2054 1319 Actio

405 1340 602 1390 autem
630 1341 689 1392 et
737 1340 934 1410 passio
981 1343 1206 1400 ratione
1252 1348 1489 1418 quidem
1540 1350 1862 1420 differunt;
1915 1353 2053 1408 sub-

395 1423 552 1492 jecto
583 1430 778 1482 autem
828 1446 1012 1487 unum
1070 1433 1348 1507 idemque
1395 1443 1535 1493 sunt
1582 1441 1788 1508 amba,
1837 1446 1901 1496 ut
1947 1442 2056 1497 do-

401 1513 570 1567 cendi
601 1519 660 1570 et
688 1516 951 1574 discendi
985 1524 1172 1590 actus,
1206 1528 1390 1596 utque
1421 1543 1702 1583 ascensus
1732 1534 1790 1583 et
1819 1529 2057 1584 descen-

401 1616 504 1656 sus
534 1603 596 1657 ⁵³.
653 1605 802 1670 Quin
850 1605 972 1664 imo
1030 1611 1230 1681 potius
1283 1619 1343 1668 et
1399 1615 1663 1685 subjecto
1720 1620 1778 1671 et
1833 1616 2056 1672 ratione

401 1706 557 1747 unus
588 1691 864 1767 idemque
895 1703 1094 1755 motus
1124 1705 1232 1772 est,
1267 1703 1369 1773 qui
1419 1705 1491 1759 ab
1541 1721 1607 1760 eo
1656 1706 1813 1777 quod
1863 1711 2058 1762 movet

2173 635 2410 715 λέγεται,
2465 637 2618 698 οὔπω
2666 641 2829 702 ἔστιν.
2859 647 2948 708 Ὡς
2974 635 3045 702 δ’
3096 648 3198 703 ὑπὸ
3242 653 3340 704 τοῦ
3372 655 3643 715 κινοῦντος
3669 651 3792 730 ἐνέκρ-

2169 749 2287 805 γεια
2319 731 2524 806 λέγοιτ’
2575 732 2634 788 ἂν
2682 736 3014 813 κυριώτερόν
3062 757 3123 792 τε
3151 738 3240 792 καὶ
3286 736 3637 816 τελειότερον.
3665 742 3793 797 Ἐπεὶ

2168 819 2259 874 καὶ
2314 821 2378 875 τὸ
2435 827 2639 892 κινοῦν,
2695 821 2830 901 ὅπερ
2890 824 3001 880 ἐστί
3055 827 3119 881 τὸ
3173 825 3436 902 ἐνεργείᾳ,
3488 828 3706 904 ἐνεργεῖν
3747 851 3795 886 τε

2171 908 2348 984 ἰσχύει
2378 913 2513 975 καθὸ
2543 910 2803 989 ἐνεργείᾳ,
2849 915 2941 969 καὶ
2992 916 3090 985 τὴν
3130 916 3288 994 φύσιν
3326 917 3559 994 ὑπάρχει
3585 918 3791 978 τέλειον.

2165 1003 2227 1051 Ὃ
2281 1001 2383 1075 γὰρ
2443 997 2680 1076 λέγεται,
2737 1007 2900 1059 τοῦτο
2958 1005 3049 1060 καὶ
3110 1003 3284 1063 ἔστιν.
3342 1011 3403 1061 Ἡ
3459 1007 3661 1078 κίνησις
3709 1009 3795 1085 ἄρα

2165 1086 2422 1164 ἐνέργεια.

2250 1257 2298 1304 ι’.
2334 1249 2433 1305 Καὶ
2465 1251 2541 1314 ὡς
2594 1253 2820 1322 ποίησις
2867 1253 2958 1311 καὶ
3007 1256 3084 1318 ὡς
3130 1253 3365 1329 πάθησις
3398 1259 3433 1327 ἡ
3466 1257 3620 1330 αὐτή.
3651 1259 3795 1330 Ποίη-

2165 1360 2250 1402 σις
2295 1337 2355 1394 δὲ
2409 1341 2500 1396 καὶ
2561 1344 2794 1412 πάθησις
2847 1349 2929 1416 τῷ
2984 1341 3138 1422 λόγῳ
3199 1346 3295 1420 μὲν
3357 1344 3680 1426 διαφέρουσι·
3729 1352 3793 1421 τῷ

2165 1425 2214 1483 δ’
2245 1430 2586 1504 ὑποκειμένῳ
2634 1433 2797 1488 ταυτὸ
2846 1433 2936 1489 καὶ
2985 1433 3041 1489 ’ἐν
3093 1431 3262 1514 ἄμφω
3312 1425 3471 1508 εἶσὶν,
3517 1436 3589 1499 ὡς
3617 1433 3794 1510 δίδαξις

2165 1519 2254 1573 καὶ
2318 1519 2548 1592 μάθησις
2581 1565 2599 1588 ,
2645 1523 2737 1577 καὶ
2789 1523 2866 1585 ὡς
2925 1519 3183 1587 ἀνάϐασις
3241 1523 3333 1580 καὶ
3392 1521 3675 1588 κατάϐασις
3703 1543 3719 1562 ·
3765 1526 3794 1593 ἢ

2169 1605 2388 1680 μᾶλλον
2416 1609 2505 1664 καὶ
2561 1614 2641 1682 τῷ
2699 1612 3043 1685 ὑποκειμένῳ
3097 1613 3188 1669 καὶ
3235 1619 3314 1686 τῷ
3366 1612 3524 1689 λόγῳ
3570 1613 3646 1685 εἴη
3686 1615 3791 1682 ἃνὴ

2165 1696 2375 1767 κίνησις
2410 1697 2508 1770 μία
2536 1700 2627 1754 καὶ
2675 1700 2835 1773 αὐτὴ,
2883 1700 2936 1756 ἐν
2979 1707 3059 1775 τῷ
3087 1703 3399 1777 κινουμένῳ
3430 1701 3560 1758 οὖσα
3588 1703 3684 1759 ὑπὸ
3713 1707 3794 1758 τοῦ

2163 1791 2459 1850 κινοῦντος·
2521 1786 2647 1844 οὐδὲ
2703 1791 2809 1867 γὰρ
2855 1789 3037 1868 ὥσπερ
3094 1794 3130 1862 ἡ
3183 1792 3410 1862 ποίησις
3452 1794 3602 1862 καὶή
3640 1792 3792 1863 πάθη-

2163 1897 2247 1938 σις
2299 1877 2630 1952 μερίζονται,
2679 1880 2714 1948 ἡ
2780 1879 2875 1952 μὲν
2931 1881 3054 1956 περὶ
3105 1881 3206 1950 τὴν
3259 1882 3368 1937 ἀπὸ
3394 1885 3494 1937 τοῦ
3537 1886 3792 1941 ποιοῦντος

2167 1922 2245 1938 η,
2300 1922 2630 1952 Γάγγην,
2687 1922 2714 1948 .,
2780 1922 2871 1952 ε...
2938 1922 3054 1956 ...τη
3115 1922 3204 1950 ..μ
3259 1922 3368 1937 ...ιν
3407 1922 3494 1937 ,νυ
3545 1922 3789 1941 ..νηηηη

2109 1922 2369 2040 Βσχὲσιν,
2400 1968 2436 2036 ὴ
2469 1964 2530 2022 δὲ
2566 1967 2692 2043 περὶ
2721 1969 2822 2038 τὴν
2871 1967 2978 2024 ἀπὸ
3023 1974 3122 2026 τοῦ
3167 1971 3504 2046 πάσχοντος·
3537 1969 3671 2026 οὕτω
3715 1969 3789 2024 καὶ

2159 2056 2252 2110 ἀπ’
2281 2055 2447 2126 αὐτῆς
2496 2057 2560 2112 τὸ
2607 2057 2714 2113 ὑπὸ
2753 2056 2916 2114 τοῦδε
2962 2057 3053 2114 καὶ
3099 2060 3164 2114 τὸ
3209 2059 3265 2114 ἐν
3302 2057 3447 2133 τῷδε
3475 2061 3780 2133 μεμέρισται·

2157 2141 2284 2200 ἀλλ’
2334 2146 2500 2224 ἄμφω
2544 2150 2712 2201 ταῦτα
2759 2147 2860 2216 τὴν
2910 2146 3035 2220 μίαν
3083 2147 3300 2220 κίνησιν
3349 2148 3681 2226 συμπληροῖ,
3704 2148 3779 2202 τὸν

2158 2230 2322 2309 λόγον
2353 2233 2520 2304 αὐτῆς
2550 2234 2932 2312 ἀπαρτίζοντα.

395 1777 458 1832 in
490 1795 557 1834 eo
588 1783 744 1852 quod
799 1790 1064 1841 movetur
1111 1790 1358 1846 exsistit.
1405 1792 1604 1865 Neque
1647 1794 1806 1849 enim
1847 1811 2051 1866 quem-

397 1867 719 1925 admodum
780 1873 930 1929 actio
972 1880 1031 1930 et
1078 1878 1276 1948 passio
1321 1879 1685 1948 dividuntur,
1743 1881 1844 1937 illa
1899 1883 2054 1939 circa

397 1957 763 2016 affectionem
797 1963 868 2017 ab
899 1969 1146 2035 agente;
1197 1967 1320 2024 hac
1366 1971 1521 2026 circa
1565 1987 1691 2026 eam
1725 1987 1852 2044 quae
1885 1989 1920 2028 a
1950 1990 2050 2044 pa-

396 2044 576 2102 tiente
607 2053 698 2105 est
725 2051 991 2109 exoriens
1017 2072 1029 2121 ;
1067 2055 1153 2111 sic
1181 2057 1360 2113 etiam
1392 2066 1464 2115 ab
1494 2059 1622 2132 ipso
1653 2061 1863 2133 [motu]
1894 2063 2050 2134 quod

397 2139 487 2190 est
515 2137 588 2192 ab
618 2137 730 2194 hoc
758 2144 816 2196 et
845 2143 1002 2214 quod
1033 2148 1123 2200 est
1151 2145 1212 2201 in
1243 2146 1354 2203 hoc
1401 2149 1681 2205 distincta
1718 2155 1895 2220 sunt;
1947 2153 2048 2208 sed

395 2225 570 2281 ambo
599 2226 722 2283 haec
754 2245 939 2286 unum
980 2238 1206 2289 motum
1252 2236 1571 2308 complent,
1602 2238 1792 2311 ipsius
1841 2240 2048 2296 deﬁni-

395 2313 615 2370 tionem
656 2318 934 2376 omnibus
964 2321 1090 2377 suis
1123 2325 1387 2381 numeris
1415 2326 1793 2384 absolventia.

470 2405 556 2458 11.
619 2405 794 2463 Porro
853 2414 1080 2466 motum
1140 2414 1252 2469 sub
1312 2415 1642 2486 quantitate
1707 2417 2044 2488 collocant;

395 2493 876 2565 quandoquidem
952 2505 1191 2572 propter
1263 2504 1752 2574 magnitudinem,
1810 2506 1870 2562 in
1928 2524 2047 2580 qua

395 2583 821 2654 consideratur,
882 2588 1200 2646 continuus
1247 2591 1515 2658 videtur;
1540 2595 2043 2665 quemadmodum

391 2672 628 2741 tempus
654 2677 891 2745 propter
919 2681 1168 2733 motum.
1203 2683 1271 2734 Et
1299 2697 1430 2737 vero
1460 2677 1638 2737 etiam
1688 2682 1746 2738 in
1793 2685 1868 2740 iis
1916 2701 2042 2757 quae

393 2758 466 2812 ad
519 2758 742 2831 aliquid
791 2763 1144 2833 referuntur,
1199 2784 1335 2824 eum
1386 2775 1714 2842 reponunt;
1747 2771 2042 2845 siquidem

391 2852 609 2916 motus,
669 2852 799 2922 ejus
844 2855 1002 2926 quod
1050 2856 1149 2913 45
1201 2861 1490 2927 movetur,
1541 2865 1632 2916 est
1706 2866 1940 2930 motus;
1987 2867 2046 2920 et

2164 2858 2198 2914 3’
2237 2859 2489 2936 ἀόριστός
2533 2883 2619 2924 τις
2658 2860 2792 2918 οὖσα
2836 2865 2872 2932 ἡ
2925 2861 3156 2936 κίνησις,
3209 2861 3261 2918 ἐν
3305 2863 3482 2920 οὐδενὶ
3523 2867 3624 2918 τῶν
3670 2860 3778 2961 ὡρι-

391 2939 547 3009 quod
585 2945 869 3009 movetur,
901 2961 1004 3016 per
1033 2951 1258 3002 motum
1293 2953 1577 3004 movetur.
1611 2950 1901 3008 Fortassis
1943 2969 2044 3008 au-

2164 2949 2362 3022 τμένων
2423 2947 2550 3006 δέκα
2602 2955 2770 3028 γενῶν
2824 2951 2942 3006 καθ’
3000 2950 3168 3021 αὐτὴν
3220 2955 3628 3029 συναχθήσεται.
3677 2949 3772 3003 Τῶν

391 3028 512 3081 tem
562 3031 759 3086 motus
806 3047 942 3088 cum
989 3033 1333 3092 indeﬁnitus
1383 3037 1480 3106 sit,
1521 3039 1581 3093 in
1632 3039 1793 3096 nullo
1839 3041 2042 3098 decem

2164 3039 2250 3115 γὰρ
2280 3033 2450 3094 ὄντων
2504 3041 2595 3094 καὶ
2643 3039 2959 3115 ὡρισμένων
2994 3041 3032 3110 ἢ
3082 3042 3219 3097 κατὰ
3263 3042 3331 3098 τὸ
3362 3028 3597 3114 δυνάμει
3639 3037 3773 3113 λεγο-

387 3129 669 3188 generum
701 3119 1078 3178 deﬁnitorum
1108 3141 1214 3195 per
1239 3142 1303 3182 se
1332 3127 1663 3200 recipietur.
1696 3133 1839 3185 Cum
1883 3129 2040 3186 enim

2164 3125 2350 3201 μένων,
2395 3128 2432 3198 ἢ
2491 3132 2628 3184 κατά
2679 3130 2744 3185 τὸ
2773 3128 3035 3207 ἐνεργείᾳ,
3093 3132 3129 3200 ἡ
3160 3128 3380 3201 κίνησις
3439 3131 3490 3186 ἐν
3538 3123 3773 3200 οὐδετέρῳ

387 3217 458 3260 ea
499 3220 627 3275 qum
666 3213 808 3263 sunt
855 3225 922 3264 ac
969 3211 1214 3269 deﬁnita
1261 3219 1422 3282 sunt,
1449 3220 1716 3288 respectu
1760 3222 1924 3274 actus
1973 3236 2039 3275 ac

2164 3214 2355 3272 τούτων
2399 3224 2621 3288 τεθῆναι
2670 3216 2912 3277 δύναται.
2963 3217 3061 3274 Καὶ
3110 3219 3212 3296 γὰρ
3258 3219 3322 3274 τὸ
3375 3217 3592 3292 δυνάμει
3636 3213 3774 3290 μόνον

387 3294 658 3363 potentiae
705 3296 997 3371 dicantur,
1032 3305 1230 3358 motus
1268 3303 1327 3358 in
1377 3304 1586 3360 horum
1633 3309 1843 3362 neutro
1898 3306 2036 3379 poni

2164 3305 2208 3360 ὃν
2259 3303 2413 3362 οὔπω
2451 3311 2697 3362 κινεῖταιο
2755 3308 2848 3362 καὶ
2901 3307 2964 3362 τὸ
3021 3305 3260 3386 ἐνεργείᾳ
3314 3309 3375 3366 ὃν
3431 3308 3529 3365 οὐκ
3580 3303 3651 3362 ἔτι
3699 3322 3774 3356 κι-

386 3384 601 3452 potest.
634 3384 780 3440 Nam
811 3392 869 3442 et
893 3390 1049 3459 quod
1081 3391 1341 3461 potentia
1369 3397 1602 3450 tantum
1632 3399 1743 3463 est,
1771 3397 2038 3452 nondum
2147 3398 2337 3448 νεῖται.

385 3475 694 3542 movetur;
737 3478 795 3531 et
823 3477 981 3548 quod
1012 3484 1145 3535 actu
1175 3485 1284 3552 est,
1316 3498 1434 3538 non
1465 3484 1722 3556 amplius
1752 3489 2036 3542 movetur.

458 3559 548 3614 12.
579 3560 752 3618 Aliud
784 3569 979 3622 autem
1012 3572 1102 3623 est
1129 3572 1410 3640 potentia,
1439 3575 1497 3627 et
1533 3573 1694 3628 aliud
1745 3573 1902 3645 quod
1948 3576 2041 3629 est

385 3649 685 3720 potentia;
719 3651 977 3726 itemque
1007 3656 1168 3712 aliud
1198 3663 1288 3715 est
1317 3661 1473 3732 quod
1507 3665 1596 3717 est
1614 3666 1769 3731 actu,
1791 3667 1849 3718 et
1877 3662 2038 3719 aliud

385 3740 574 3794 actus.
611 3739 700 3794 Illi
741 3741 922 3815 igitur
949 3747 1105 3816 quod
1136 3751 1227 3803 est
1272 3750 1558 3820 potentia,
1607 3750 1664 3806 id
1713 3753 1868 3824 quod
1903 3756 2038 3808 actu

387 3830 497 3892 est,
531 3829 886 3900 opponitur;
939 3835 1210 3906 potentiae
1258 3855 1412 3907 vero,
1449 3844 1637 3896 actus.
1671 3841 1739 3896 Et
1779 3841 2040 3912 potentia

385 3914 626 3985 quidem
675 3923 765 3973 est
816 3922 1072 3992 perfecta
1118 3927 1384 3982 essentiae
1428 3929 1794 4001 praeparatio,
1827 3934 1885 3986 et
1921 3947 2037 3986 non

381 4002 665 4076 impedita
693 4009 764 4063 ad
797 4011 1092 4082 agendum
1141 4017 1566 4088 promptitudo,
1599 4019 1718 4074 vim
1750 4020 2037 4076 inferendi

386 4096 555 4149 actus
587 4094 814 4154 habens
848 4115 862 4154 :
897 4104 1398 4172 quemadmodum
1420 4105 1676 4162 dicimus
1704 4108 1901 4180 ignem
1932 4109 2038 4166 ha-

388 4181 525 4238 bere
579 4187 789 4241 urendi
823 4191 1173 4262 potentiam,
1206 4192 1472 4250 Potentia
1519 4200 1717 4252 autem
1765 4214 1917 4269 esse,
1951 4202 2040 4254 est

387 4271 656 4343 aptitudo
688 4274 1032 4348 imperfecta
1063 4281 1134 4336 ad
1164 4283 1320 4353 quod
1363 4283 1580 4340 dicitur
1597 4286 1858 4357 potentia
1885 4301 2037 4356 esse,

382 4359 581 4432 ipsum
614 4379 785 4436 agere
816 4367 890 4422 ab
941 4367 1055 4424 alio
1102 4371 1416 4442 accipiens,
1450 4379 1506 4428 et
1552 4391 1668 4430 non
1713 4393 1746 4430 a
1776 4393 1838 4432 se
1867 4377 2036 4432 emit-

382 4452 510 4483 ιονιιι
567 4455 1064 4483 ηπιηννςιιιδηκηλ--...
1104 4460 1352 4483 _1:-:_-___
1389 4479 1576 4483 ___-__
1617 4481 1640 4483 η
1667 4468 1740 4483 _._
1798 4466 1834 4483 ι·
1921 4482 1924 4483 ,

2164 4359 2542 4450 προϐάλλουσα
2573 4397 2585 4408 ·
2649 4377 2724 4441 ὡς
2801 4359 3031 4455 λέγὸὶιεν
3067 4423 3082 4449 ν
3110 4359 3212 4483 tm
3284 4380 3500 4483 σπὲρξξξ
3529 4359 3541 4368 .

379 4452 536 4518 tens,
566 4455 1069 4523 quemadmodum
1100 4460 1354 4516 dicimus
1385 4479 1585 4519 semen
1616 4466 1877 4536 potentia
1906 4482 2038 4523 esse

2164 4471 2308 4535 ἰῶον-
2350 4467 2627 4544 Ἐνεργείᾳ
2679 4465 2738 4524 δέ
2789 4452 2976 4543 ἐστιν,
3031 4469 3065 4523 δ
3122 4468 3359 4546 ἐνεργεῖν
3389 4452 3520 4539 ’ἤδη
3573 4462 3759 4520 δύναται

382 4539 626 4596 animal.
659 4542 837 4600 Porro
892 4551 1025 4603 actu
1079 4553 1187 4620 est,
1230 4551 1386 4622 quod
1446 4569 1616 4624 agere
1659 4555 1788 4625 jam
1844 4560 2037 4627 potest

2164 4559 2261 4610 ιατ’
2328 4539 2528 4611 ἐκεῖνο*
2569 4557 2598 4612 ὃ
2658 4555 2873 4634 λέγεται
2911 4577 2926 4590 ⁸
2960 4539 3061 4621 ’ὡς
3139 4539 3504 4635 Ἀριστόξενος
3576 4551 3756 4635 λέγεταᾷι

383 4631 714 4686 secundum
745 4633 802 4688 id
837 4637 992 4706 quod
1026 4637 1260 4694 dicitur.
1284 4641 1790 4704 Quemadmodum
1821 4643 2038 4701 Aristo-

2164 4646 2428 4717 ιουσικός,
2487 4631 2745 4722 ἐνεργείᾳ
2773 4645 2846 4702 ὢν
2904 4631 3216 4721 μουσικόςί
3241 4647 3358 4704 ἐπεὶ
3385 4645 3618 4731 δύναται
3645 4631 3757 4693 κατά

381 4731 566 4774 xenus
597 4720 814 4777 dicitur
841 4725 1108 4784 musicus
1135 4745 1269 4784 cum
1301 4735 1431 4786 actu
1467 4731 1544 4787 sit
1561 4734 1864 4802 musicus;
1895 4751 2037 4806 quo—

2164 4733 2244 4802 τήν
2297 4720 2584 4807 μουσικὴν
2613 4720 2854 4812 ἐνεργεῖν
2888 4720 2913 4809 ,ί
2961 4738 3094 4792 καθὸ
3153 4735 3414 4811 μουσικός
3448 4779 3464 4793 .
3518 4730 3756 4804 Ἐνὲργεια

381 4806 541 4863 niam
593 4813 918 4869 secundum
965 4816 1254 4873 musicam
1307 4834 1476 4891 agere
1500 4825 1713 4893 potest,
1746 4828 2036 4894 quatenus

385 4896 478 4926 Al!
513 4898 779 4926 ..η-...ειηυ-
842 4904 1008 4926 Δ-ι.---
1044 4910 1229 4926 ___1-_.
1278 4913 1352 4926 ,γι
1410 4925 1414 4926 ,
1494 4914 1504 4926 .
1657 4912 1709 4926 nn
1951 4913 1964 4925 .

2164 4822 2202 4876 ἰὲ
2232 4822 2374 4926 ἐστιν
2484 4824 2599 4926 ἀπὸ.
2788 4806 3092 4926 δυναμεως·
3113 4806 3540 4926 προὸαξλομὲνη

283 4918 287 4922 ~
377 4896 480 4950 46
513 4898 800 4956 musicus.
833 4904 1010 4960 Actus
1041 4910 1236 4961 autem
1270 4913 1360 4964 est
1391 4914 1587 4966 motus
1618 4912 1824 4968 efﬁcax
1866 4913 1968 4985 qui
2001 4931 2036 4969 a

2164 4911 2380 4988 πιεργός⁸
2425 4912 2638 4990 ἐνεργὸς
2689 4911 2770 5007 δέ⁸
2803 4896 3028 5007 (ἐστιν),
3066 4917 3103 4985 ἦ
3159 4896 3214 4971 ἓν
3275 4919 3357 5007 τῷ
3406 4896 3589 5007 ἕργιιζ]

376 4988 640 5056 potentia
669 4989 982 5047 emittitur.
1015 4993 1238 5051 Efﬁcax
1270 5001 1469 5054 autem
1519 5005 1607 5056 est
1655 5001 1898 5073 [motus]
1930 5003 2031 5075 qui

2164 5000 2200 5056 ἰὲ
2227 5002 2263 5070 ἢ
2293 5023 2354 5056 τε
2407 4987 2630 5072 ποίήσις
2686 5001 2777 5058 καὶ
2817 4987 2870 5074 δὴ
2901 4987 3116 5080 πριῖξις.
3165 5006 3230 5060 Ἣ
3259 4987 3481 5092 ποίησις
3523 4996 3580 5053 δὲ
3620 4987 3750 5092 κειίή

375 5073 435 5130 in
466 5092 641 5149 opere
673 5080 966 5136 consistit.
1001 5082 1153 5155 Opes
1183 5102 1338 5158 vero,
1373 5091 1430 5143 et
1476 5089 1698 5146 effectio
1748 5095 1806 5146 ct
1855 5073 2028 5148 actio.

2164 5089 2333 5166 πρᾶξις
2387 5090 2449 5145 ἐκ
2504 5095 2602 5146 τοῦ
2657 5097 2832 5148 ποιεῖν
2893 5073 2985 5148 καὶ
3024 5073 3148 5168 ⁷(ἐκ)
3198 5098 3301 5148 τοῦ
3352 5073 3608 5169 πράττειν’
3648 5073 3750 5149 περὶ

373 5163 610 5222 Effectio
641 5168 895 5241 denique
945 5175 1003 5226 et
1051 5173 1202 5229 actio
1251 5175 1324 5230 ab
1373 5177 1678 5234 efficiendo
1719 5184 1777 5235 et
1803 5181 2028 5253 agendo

2164 5163 2212 5234 ὃν
2247 5180 2300 5236 ἐν
2328 5185 2408 5254 τῷ
2435 5181 2640 5258 πρώτῳ
2675 5176 2880 5258 βιϐλίῳ
2903 5163 3406 5240 κατὰ-τὸίείκοστὸν,
3419 5177 3504 5236 καὶ
3530 5172 3747 5246 τέταρτον

371 5257 510 5308 sunt
545 5272 558 5309 :
605 5270 861 5328 quorum
893 5259 953 5314 in
988 5261 1180 5332 primo
1213 5262 1364 5320 libro
1388 5265 1462 5338 (1)
1512 5267 1704 5339 capite
1752 5269 2029 5326 vicesimo

2164 5267 2431 5349 ιεφάλαιον
2461 5257 2940 5346 προϋπὲμνησται.

371 5347 581 5410 quarto
613 5362 646 5400 a
676 5347 848 5404 nobis
880 5354 1014 5406 ante
1046 5351 1200 5407 facta
1225 5358 1315 5410 est
1341 5354 1580 5412 mentio.

2241 2413 2327 2470 ια’.
2380 2411 2641 2469 Τάττουσι
2691 2411 2750 2470 δὲ
2800 2415 2899 2484 τὴν
2950 2414 3159 2487 κίνησιν
3209 2416 3315 2472 ὑπὸ
3358 2419 3423 2472 τὸ
3461 2415 3638 2473 ποσόν·
3684 2413 3780 2470 ἐπεὶ

2155 2498 2307 2557 δοκεῖ
2329 2503 2564 2579 συνεχὴς
2596 2501 2685 2558 διὰ
2731 2505 2795 2559 τὸ
2845 2503 3068 2582 μέγεθος
3117 2505 3167 2560 ἐν
3197 2507 3244 2579 ᾧ
3289 2507 3589 2583 θεωρεῖται’
3628 2503 3779 2569 καθὼς

2153 2591 2182 2645 ὁ
2213 2591 2412 2668 χρόνος
2471 2590 2562 2648 διὰ
2610 2594 2712 2664 τήν
2775 2593 3010 2665 κίνησιν.
3072 2595 3172 2650 Καὶ
3230 2595 3337 2652 ὑπὸ
3388 2597 3457 2652 τὰ
3499 2595 3628 2672 πρός
3661 2613 3709 2649 τι
3731 2589 3779 2646 δὲ

2149 2681 2350 2752 ταύτην
2408 2683 2669 2753 τιθέασιν,
2729 2680 2838 2760 εἷίγε
2892 2686 2928 2754 ἡ
2986 2683 3200 2754 κίνησις
3258 2687 3580 2760 κινουμένου
3646 2682 3776 2750 κίνη-

2151 2791 2254 2844 σις,
2313 2771 2402 2826 καὶ
2459 2773 2522 2827 τὸ
2577 2772 2898 2848 κινούμενον
2962 2776 3174 2846 κινήσει
3231 2774 3549 2848 κινούμενον
3575 2818 3588 2832 .
3641 2773 3776 2831 Ἴσως

2232 3572 2321 3648 ιβ’.
2355 3569 2536 3630 ’Δλλο
2567 3570 2626 3630 δὲ
2657 3573 2770 3630 ἐστι
2797 3574 2861 3630 τὸ
2893 3572 3142 3673 δυνάμει,
3173 3574 3283 3673 καὶ⁸
3311 3573 3459 3673 ὀίλλο
3487 3577 3522 3646 ἡ

2146 3660 2237 3716 καὶ
2267 3659 2411 3717 ἄλλο
2447 3662 2512 3717 τὸ
2541 3661 2803 3740 ἐνεργείᾳ,
2849 3663 2940 3719 καὶ
2987 3662 3130 3719 ἄλλο
3177 3667 3213 3734 ἡ
3263 3664 3522 3743 ἐνέργειαι
3569 3665 3649 3734 Τῷ
3691 3659 3771 3743 μὲν

2147 3746 2241 3806 οὖν
2293 3746 2520 3825 δυνάμει
2563 3752 2628 3807 τὸ
2675 3751 2915 3830 ἐνεργείᾳ
2959 3751 3254 3809 ἀντίκειται
3283 3772 3296 3788 ³
3348 3741 3419 3828 τῇ
3472 3750 3682 3825 δυνάμει
3721 3741 3770 3800 δὲ

2145 3841 2183 3908 ἡ
2241 3837 2485 3916 ἐνέργεια
2516 3881 2530 3896 .
2590 3841 2690 3896 Καὶ
2761 3845 2798 3912 ἡ
2861 3839 3102 3940 δύναμις.
3163 3843 3286 3940 μὲν-
3321 3841 3436 3940 ἔστι
3487 3833 3764 3940 παρασκεεῷ

2144 3927 2331 3984 τελεία
2373 3936 2477 4000 τῆς
2524 3930 2730 4003 οὐσίας,
2771 3931 2864 3987 καὶ
2911 3930 3207 4006 ἑτοιμότης
3260 3931 3543 3994 ἀκώλυτος
3568 3927 3690 4005 πρὸς
3715 3927 3766 3976 τὸ

2145 4016 2376 4096 ἐνεργεῖν
2413 4066 2430 4093 ,
2483 4019 2698 4090 οἰστικὴ
2751 4023 2849 4090 τῆς
2904 4020 3198 4098 ἐνεργείας
3257 4022 3337 4086 ὡς
3387 4021 3654 4099 λὲγομεν,
3708 4011 3765 4066 Τὸ

2145 4112 2254 4185 πῦρ
2330 4104 2448 4185 ἔχει
2522 4107 2751 4184 δύναμιν
2801 4111 3096 4180 καυστικὴν
3133 4156 3147 4169 .
3209 4113 3447 4186 Δυνάμει
3646 4105 3762 4206 Em?

2146 4195 2530 4270 ἐπιτηδειότης
2584 4199 2786 4271 ἀτελὴς
2859 4202 2998 4278 πρὸς
3048 4201 3084 4256 ὃ
3140 4199 3361 4277 λέγεται
3415 4199 3672 4273 δυνάμει,
3710 4195 3763 4246 τὸ

2146 4285 2377 4364 ἐνεργεῖν
2428 4290 2555 4363 παρ’
2613 4287 2788 4345 ἄλλου
2847 4286 3147 4365 δεχομένη,
3191 4291 3284 4346 καὶ
3342 4291 3441 4346 οὐκ
3479 4289 3569 4368 ἀφ’
3599 4286 3762 4348 ἑαυτῆς

443 5547 490 5582 ια
518 5549 552 5604 3
581 5549 755 5624 Phys.
789 5569 839 5609 c.
869 5555 925 5624 2,
956 5558 1000 5611 t.
1032 5557 1121 5613 18.
1199 5558 1243 5593 δε
1271 5559 1306 5614 3
1335 5558 1508 5632 Phys.
1540 5578 1589 5620 ο.
1616 5562 1672 5632 2,
1712 5565 1756 5619 t.
1787 5563 1879 5620 22.

444 5749 521 5826 (1)
549 5757 613 5813 Id
643 5761 733 5818 est
759 5759 1027 5835 Epitome
1053 5761 1263 5836 logica,
1295 5781 1498 5840 supra.
