4094 6422
371 374 525 439 1057

1703 370 2055 434 EPITOME
2098 370 2455 436 PHYSICA.

3636 386 3794 451 1058

443 506 530 581 ιγ’.
559 502 779 560 Τούτων
802 499 947 556 οὕτω
995 497 1369 576 διωρισμένων
1429 502 1542 577 χρή
1597 503 1882 579 γινώσκειν
1941 500 2025 557 ὅτι

2213 506 2297 562 13.
2332 505 2435 563 His
2457 508 2539 563 ita
2576 510 2983 584 determniatis
3039 513 3345 571 sciendum
3404 521 3493 573 est
3549 535 3672 576 rem
3734 522 3792 577 et

371 594 586 671 λέγεται
613 593 678 649 τὸ
705 596 936 668 πρᾶγμα
990 590 1080 644 καὶ
1136 590 1273 644 κατὰ
1325 592 1423 659 τὴν
1487 588 1718 665 δύναμιν
1780 590 2027 665 δυνάμει,

368 682 460 739 καὶ
518 683 656 737 κατὰ
698 681 797 749 τὴν
848 678 1113 755 ἐνέργειαν
1173 678 1432 755 ἐνεργείᾳ.
1477 680 1571 735 Διὸ
1610 681 1700 736 καὶ
1756 682 1819 736 τὸ
1878 678 2033 736 δυνά-

374 783 463 846 μει
522 769 725 841 διττὸν,
781 768 874 824 καὶ
927 768 994 823 τὸ
1050 767 1292 844 ἐνεργείᾳ
1366 766 1567 826 διττόν.
1627 769 1851 846 Λέγεται
1924 771 2030 846 γὰρ

372 859 598 933 δυνάμει
672 858 763 914 καὶ
829 858 893 913 τὸ
950 858 1066 912 κατ’
1125 854 1549 929 ἐπιτηδειότητα
1625 858 1796 932 μόνην
1862 858 2028 927 ἀτελῆ

378 952 549 1025 μήπω
635 945 906 1023 μηδαμῶς
984 946 1268 1024 γενόμενον
1354 952 1517 1002 τοῦτο
1574 947 1604 1002 ὃ
1658 946 1901 1024 λέγεται·
1956 947 2032 1009 ὠς

376 1035 627 1113 εἷίπομεν,
658 1037 729 1091 Τὸ
763 1034 978 1112 σπέρμα
1034 1032 1255 1109 δυνάμει
1316 1040 1477 1107 ζῶον,
1508 1036 1599 1091 καὶ
1647 1037 1722 1099 ὡς
1777 1035 2032 1113 λέγομεν.

375 1129 447 1184 Τὸ
501 1124 718 1183 παιδίον
776 1122 1003 1198 δυνάμει
1063 1124 1344 1197 μουσικόν·
1379 1124 1460 1182 ὅτι
1522 1123 1742 1181 δύναται
1796 1126 2034 1203 γενέσθαι

375 1218 438 1273 τὸ
474 1218 568 1291 μὲν
602 1215 820 1291 σπέρμα
852 1218 1012 1286 ζῶον,
1042 1213 1107 1268 τὸ
1154 1213 1375 1269 παιοίον
1431 1212 1490 1270 δὲ
1549 1213 1827 1288 μουσικόν.
1861 1212 2038 1271 Ἀλλὰ

375 1305 466 1362 καὶ
516 1307 580 1361 τὸ
633 1303 923 1381 γενόμενον
987 1303 1081 1377 μὲν
1137 1300 1249 1374 ἤδη
1321 1304 1412 1359 καὶ
1481 1305 1581 1373 τὴν
1650 1301 1755 1375 ἕξιν
1822 1303 2033 1359 τελείαν

2140 596 2467 652 secundum
2518 600 2859 670 potentiam,
2912 603 3170 673 potentia
3226 621 3355 660 esse
3398 607 3546 675 dici;
3582 615 3639 663 et
3696 624 3788 665 se-

2140 684 2401 742 cundum
2430 690 2655 756 actum,
2684 693 2841 745 actu.
2877 692 3243 762 Quapropter
3271 693 3447 750 etiam
3489 697 3647 768 quod
3682 714 3790 769 po-

2138 772 2327 829 tentia
2356 778 2466 845 est,
2495 776 2711 847 duplex
2741 783 2830 833 est
2861 798 2876 845 ;
2910 782 2967 833 et
3014 781 3170 849 quod
3229 786 3364 836 actu
3408 792 3513 850 est,
3576 784 3794 855 duplex

2142 864 2250 917 est.
2283 862 2506 919 Dicitur
2533 866 2691 921 enim
2752 867 3033 937 potentia,
3060 870 3216 940 quod
3250 873 3576 928 secundum
3604 874 3791 931 solam

2142 949 2542 1022 imperfectam
2578 954 2964 1025 aptitudinem
3004 959 3270 1013 nondum
3320 960 3513 1017 adhuc
3572 963 3791 1019 factum

2144 1042 2233 1093 est
2253 1037 2362 1095 hoc
2394 1042 2548 1112 quod
2580 1042 2795 1099 dicitur
2825 1046 3149 1115 ;quomodo
3191 1047 3448 1105 diximus
3474 1068 3673 1107 semen
3694 1070 3793 1124 po-

2143 1128 2330 1183 tentia
2354 1145 2483 1185 esse
2513 1132 2751 1199 animal,
2775 1136 2833 1188 et
2862 1136 3154 1205 quomodo
3187 1137 3508 1196 asserimus
3539 1158 3788 1212 puerum

2145 1216 2405 1289 potentia
2433 1235 2562 1275 esse
2598 1220 2930 1291 musicum;
2964 1226 3121 1295 quod
3154 1243 3355 1283 semen
3406 1229 3645 1299 quidem
3678 1233 3798 1287 ani-

2147 1304 2285 1374 mal,
2320 1322 2466 1378 puer
2494 1313 2693 1365 autem
2742 1311 3007 1368 musicus
3052 1312 3175 1368 ﬁeri
3236 1320 3447 1381 potest.
3500 1320 3611 1374 Sed
3636 1323 3793 1391 quod

377 1392 531 1472 ἔχον,
566 1396 643 1469 μὴ
703 1392 948 1470 ἐνεργοῦν
1011 1390 1070 1447 δὲ
1124 1394 1241 1447 κατ’
1296 1392 1487 1463 αὐτὴν,
1536 1391 1761 1467 δυνάμει
1823 1392 2036 1468 λέγεται

2160 1394 2266 1459 iam
2301 1395 2519 1451 factum
2548 1401 2719 1465 est,et
2750 1400 3074 1470 perfectum
3112 1401 3380 1460 habitum
3414 1390 3669 1477 obtinet,
3694 1427 3797 1466 nec

375 1484 467 1541 καὶ
516 1481 689 1554 ζαύτό·
770 1482 845 1544 ὡς
918 1479 1143 1555 δυνάμει
1199 1483 1457 1555 μουσικὸν
1513 1482 1606 1537 τὸν
1667 1482 2035 1560 Ἀριστόξενον

380 1573 635 1651 λέγομεν,
668 1571 793 1628 ὅταν
848 1571 910 1626 οὐ
950 1571 1221 1648 κιθαρίζῃ,
1270 1570 1398 1627 ἀλλ’
1427 1572 1463 1641 ἢ
1523 1569 1753 1647 καθεύδῃ
1799 1573 1836 1641 ἢ
1893 1570 2040 1628 ἄλλα

375 1684 429 1717 τι
462 1663 677 1739 ἐνεργῇ.
716 1661 863 1716 Κατά
887 1664 1050 1715 τοῦτο
1095 1661 1160 1715 τὸ
1204 1660 1606 1734 σημαινόμενον
1664 1661 1753 1716 καὶ
1810 1662 1875 1716 τὸ
1930 1666 2038 1736 πῦρ

382 1751 607 1826 δυνάμει
686 1749 918 1827 λέγομεν
1011 1750 1321 1821 καυστικὸν,
1400 1748 1526 1805 ὅταν
1605 1752 1681 1824 μή
1751 1751 1897 1825 καίῃ.
1968 1751 2040 1805 Τὸ

386 1844 480 1917 μὲν
542 1839 633 1898 οὖν
665 1845 884 1918 πρῶτον
922 1837 1146 1913 δυνάμει
1197 1838 1414 1916 λέγεται
1469 1839 1679 1913 ἀτελὲς,
1707 1840 1771 1895 τὸ
1820 1838 1878 1896 δὲ
1926 1838 2042 1894 δεύ-

380 1951 537 2006 τερον
586 1928 818 1986 τέλειον·
873 1929 963 1984 καὶ
1019 1930 1081 1983 τὸ
1137 1929 1231 2002 μὲν
1289 1933 1506 2006 πρῶτον
1557 1936 1677 1985 κατ’
1730 1927 2040 2001 ἐπιτηδειό-

380 2040 541 2094 τητα,
565 2020 628 2075 τὸ
687 2016 745 2073 δὲ
802 2015 1049 2095 δεύτερον
1106 2016 1338 2073 τέλειον·
1400 2018 1491 2073 καὶ
1546 2018 1610 2073 τὸ
1671 2019 1766 2093 μὲν
1819 2023 2038 2095 πρῶτον

381 2115 497 2165 κατ’
545 2104 985 2180 ἐπιτηδειότητα,
1014 2106 1078 2161 τὸ
1126 2103 1184 2161 δὲ
1228 2103 1475 2184 δεύτερον
1519 2108 1638 2163 καθ’
1682 2104 1809 2179 ἕξιν.
1855 2108 2041 2164 Διττὸν

382 2199 441 2256 δὲ
488 2198 579 2254 καὶ
635 2198 699 2254 τὸ
759 2195 999 2273 ἐνεργείᾳ
1055 2195 1267 2273 λέγεται
1322 2197 1386 2251 τό
1441 2217 1501 2252 τε
1547 2195 1840 2271 δυνάμενον
1892 2197 2038 2274 ἐνερ-

378 2293 492 2365 γεῖν
564 2288 683 2344 κατ’
734 2285 905 2343 ἐκεῖνο
980 2287 1096 2341 καθ’
1144 2285 1175 2341 ’ὀ
1221 2285 1361 2361 (καὶ)
1418 2285 1658 2363 λέγεται,
1713 2289 1790 2361 μή
1854 2288 2039 2361 μέντοι

380 2378 657 2455 ἐνεργοῦν⁸
702 2375 836 2454 ὅπερ
906 2374 1102 2433 ταυτόν
1173 2373 1285 2431 ἐστι
1339 2380 1420 2449 τῷ
1478 2374 1716 2453 δευτέρῳ
1773 2398 2040 2451 σημαινο-

385 2468 534 2542 μένῳ
613 2470 713 2522 τοῦ
796 2462 1043 2539 δυνάμει⁶
1124 2465 1215 2520 καὶ
1297 2466 1364 2521 τὸ
1440 2466 1578 2521 κατὰ
1643 2467 1744 2536 τὴν
1825 2465 2042 2543 ἐνεργὸν

380 2555 595 2627 κίνησιν
698 2552 1091 2630 θεωρούμενον·
1179 2553 1317 2625 οἷον,
1417 2552 1542 2610 ὅταν
1619 2555 1647 2609 ὁ
1723 2555 1819 2629 μὲν
1893 2556 2042 2629 Ἀρι-

383 2643 631 2717 στόξενος
660 2642 935 2720 κιθαρίζῃ,
964 2640 1093 2717 καίῃ
1125 2638 1183 2696 δὲ
1210 2641 1274 2697 τὸ
1303 2646 1411 2716 πῦρ
1440 2645 1772 2717 πρακτικῶς.

461 2820 547 2881 ιδ’.
593 2822 666 2877 Τὸ
718 2818 897 2895 τοίνυν
958 2816 1206 2897 δεύτερον
1258 2817 1481 2895 δονάμει
1546 2815 1706 2894 μέσον
1763 2818 1877 2874 ἐσσῖ
1933 2824 2041 2874 τῶν

384 2934 446 2970 τε
472 2913 651 2981 πάντη
680 2909 770 2966 καὶ
830 2908 1013 2984 μόνως
1061 2903 1230 2964 ὄντων
1282 2906 1527 2983 δυνάμει,
1568 2909 1658 2964 καὶ
1712 2912 1821 2964 τῶν
1867 2909 2043 2980 πάντη

388 3002 479 3059 καὶ
533 3000 713 3075 μόνως
766 2993 933 3055 ὄντων
981 2997 1244 3075 ἐνεργείᾳ⁹
1277 3000 1371 3053 ἅτε
1414 2998 1736 3077 ἀμφοτέρων
1794 2997 2044 3075 μετέχον,

389 3092 478 3147 καὶ
535 3089 673 3167 πρὸς
753 3089 1002 3163 ἑκάτερον
1062 3086 1300 3164 ὑράρχον
1355 3087 1420 3143 τὸ
1473 3084 1676 3163 ἕτερον·
1736 3088 1849 3142 οἷον
1909 3087 2047 3162 πρὸς

396 3181 491 3253 μὲν
546 3180 612 3235 τὸ
674 3181 896 3254 πρῶτον
973 3173 1199 3250 δυνάμει
1251 3174 1496 3252 ἐνεργείᾳ
1549 3177 1633 3245 ὃν,
1691 3177 1829 3252 πρὸς
1879 3174 1937 3233 δὲ
1982 3176 2047 3232 τὸ

2146 1485 2328 1539 tatem
2361 1487 2688 1541 secundum
2718 1487 2887 1543 illum
2919 1490 3058 1562 agit,
3092 1495 3149 1546 et
3174 1492 3369 1564 ipsum
3397 1498 3659 1567 potentia
3716 1500 3797 1555 di~

2148 1571 2328 1639 citur;
2362 1576 2862 1644 quemadmodum
2892 1579 3303 1635 Aristoxenum
3336 1586 3597 1654 potentia
3654 1588 3798 1644 dici-

2150 1678 2284 1715 mus
2318 1662 2630 1734 musicum,
2682 1682 2817 1720 cum
2863 1666 3084 1722 cithara
3140 1686 3254 1724 non
3308 1672 3485 1741 canit,
3545 1676 3647 1731 sed
3699 1684 3800 1732 aut

2150 1751 2388 1818 dormit,
2420 1757 2523 1807 aut
2554 1752 2714 1813 aliud
2748 1755 2888 1826 quid
2906 1758 3251 1828 agit.Quoad
3269 1759 3377 1815 hoc
3400 1762 3798 1834 signiﬁcatum

2150 1840 2405 1896 dicimus
2427 1840 2602 1898 etiam
2625 1842 2819 1915 ignem
2852 1846 3112 1917 potentia
3163 1864 3354 1921 urere,
3404 1854 3641 1922 quando
3683 1873 3797 1911 non

2152 1928 2334 1985 nurit.
2370 1929 2536 1986 Prius
2566 1930 2746 2004 igitur
2777 1935 2933 2005 quod
2956 1936 3215 2006 potentia
3254 1940 3348 1994 47
3387 1945 3496 2012 est,
3527 1941 3801 2015 imperfe-

2152 2021 2312 2072 ctum
2347 2036 2363 2071 :
2396 2019 2709 2090 posterius,
2741 2022 3064 2093 perfectum
3096 2025 3328 2081 dicitur.
3374 2028 3441 2083 Et
3470 2031 3635 2101 prius
3666 2035 3804 2105 qui-

2153 2106 2285 2161 dem
2317 2108 2507 2178 quoad
2540 2108 2953 2181 aptitudinem,
2990 2114 3282 2183 posterius
3303 2119 3494 2187 quoad
3529 2120 3797 2179 habitum

2153 2194 2387 2250 dicitur.
2446 2197 2558 2253 Sed
2618 2204 2674 2253 et
2717 2201 2873 2271 quod
2930 2208 3063 2256 actu
3111 2208 3222 2271 est,
3280 2205 3496 2278 duplex
3538 2208 3801 2283 dicitur;

2152 2287 2210 2340 et
2239 2284 2393 2357 quod
2425 2288 2651 2357 operari
2676 2292 2889 2359 potest,
2923 2291 3243 2348 secundum
3275 2292 3420 2351 illud
3444 2298 3615 2367 juxta
3644 2303 3803 2372 quod

2152 2372 2331 2428 etiam
2362 2373 2597 2430 dicitur.
2630 2377 2867 2433 tametsi
2925 2396 3042 2435 non
3091 2385 3399 2453 operetur;
3434 2389 3591 2457 quod
3648 2390 3805 2447 idem

2151 2465 2243 2517 est
2271 2478 2407 2517 cum
2446 2464 2705 2521 secundo
2757 2466 3086 2538 signiﬁcato
3143 2471 3274 2540 ejus
3331 2475 3489 2544 quod
3543 2481 3807 2548 potentia

2153 2549 2405 2621 dicitur;
2438 2555 2495 2608 et
2524 2554 2680 2625 quod
2713 2556 3041 2612 secundum
3071 2559 3371 2617 efﬁcacem
3412 2569 3639 2622 motum
3670 2586 3804 2626 con-

2155 2638 2467 2713 sideratur,
2498 2641 2679 2698 veluti
2707 2660 2842 2701 cum
2871 2646 3253 2706 Aristoxenus
3284 2651 3511 2710 cithara
3538 2657 3714 2727 canit,
3749 2665 3809 2718 et

2154 2730 2309 2803 ignis
2339 2747 2539 2788 revera
2564 2732 2702 2789 urit.

2229 2820 2316 2875 14.
2344 2819 2638 2878 Posterius
2668 2822 2850 2896 igitur
2878 2827 3034 2897 quod
3067 2833 3328 2901 potentia
3382 2837 3491 2906 est,
3542 2838 3804 2897 medium

2156 2913 2245 2964 est
2278 2909 2428 2965 inter
2446 2926 2514 2966 ea
2544 2927 2671 2982 quae
2702 2912 2941 2969 omnino
2970 2920 3027 2971 et
3055 2921 3284 2975 tantum
3314 2924 3599 2996 potentia,
3655 2944 3811 3000 quae-

2157 3015 2270 3070 que
2301 2999 2540 3056 omnino
2570 3005 2627 3057 et
2656 3005 2891 3059 tantum
2924 3009 3057 3061 actu
3086 3012 3264 3077 sunt;
3293 3012 3451 3081 quod
3490 2999 3805 3089 utriusque

2157 3088 2233 3144 sit
2282 3088 2595 3161 particeps,
2618 3095 2675 3145 et
2703 3092 2774 3146 ad
2808 3097 3125 3166 utrumque
3165 3096 3415 3155 alterum
3448 3088 3721 3173 exsistat,
3745 3112 3811 3163 ut

2157 3176 2313 3248 quod
2345 3176 2583 3248 quidem
2615 3180 2685 3233 ad
2719 3179 2884 3251 prius
2915 3185 3196 3256 potentia,
3230 3191 3583 3261 actu,quoad
3616 3198 3805 3265 poste-

394 3267 639 3346 δεύτερον
689 3266 925 3344 ἐνεργείᾳ
974 3263 1220 3353 δυνάμει.
1255 3266 1330 3353 re
1386 3271 1608 3341 πρῶτον
1668 3264 1759 3321 οὖν
1821 3263 2046 3339 δυνάμει

2160 3264 2284 3320 rius
2306 3270 2438 3320 actu
2468 3267 2728 3337 potentia
2757 3268 2855 3325 sit.
2889 3270 3060 3328 Prius
3108 3273 3290 3345 igitur
3336 3256 3807 3353 potentia-quod

389 3359 452 3413 τὸ
497 3355 708 3429 ἀτελὲς,
758 3354 941 3431 ὥσπερ
989 3350 1221 3428 εἴρηται,
1250 3351 1339 3408 διὰ
1392 3360 1495 3423 τῆς
1551 3356 1816 3425 κινήσεως
1861 3352 1939 3416 εἷς
1984 3354 2047 3407 τὸ

387 3451 606 3520 πρῶτον
690 3442 935 3521 ἐνεργείᾳ
1004 3442 1323 3519 προάγεται.
1386 3443 1459 3497 Οὐ
1533 3445 1639 3519 γὰρ
1697 3442 1749 3517 ἐξ
1809 3442 2045 3519 ἀνάγκης

388 3538 479 3594 καὶ
537 3536 613 3599 εἷς
661 3536 724 3591 τὸ
770 3531 1043 3609 δεύτερον.
1085 3533 1185 3588 Καὶ
1236 3532 1436 3589 ὁπόταν
1478 3533 1542 3588 τὸ
1588 3533 1763 3596 οὕτως
1792 3534 1851 3588 ’ὸν
1886 3530 2044 3587 δυνά-

395 3649 484 3702 μει
542 3625 679 3700 πρὸς
725 3624 787 3679 τὸ
819 3622 1061 3698 ἐνεργείᾳ
1109 3623 1354 3699 γενέσθαι
1395 3625 1580 3699 χωρῇ,
1636 3623 1713 3697 μή
1763 3621 2051 3697 ἐξιστάμε-

391 3737 479 3771 νον
520 3719 618 3770 τοῦ
668 3711 893 3787 δυνάμει
947 3711 1024 3775 εἰς
1072 3711 1133 3766 τὸ
1179 3711 1461 3784 παντελὲς,
1510 3710 1635 3767 τότε
1688 3711 1917 3789 λέγομεν
1966 3734 2048 3767 κι-

394 3806 598 3860 νεῖσθαι
628 3800 781 3858 αὐτό.

473 3894 550 3952 ιε’.
614 3892 883 3947 Κινεῖσθαι
949 3886 1007 3945 δὲ
1077 3890 1142 3944 τὸ
1201 3887 1423 3963 δυνάμει
1484 3888 1761 3966 λέγοντες,
1811 3888 1873 3945 οὐ
1948 3890 2049 3960 τήν

396 3978 819 4054 ἐπιτηδειότητα
867 3977 1131 4034 κινεῖσθαί
1170 3998 1368 4056 φαμεν,
1427 3976 1576 4034 ἀλλὰ
1629 3977 1695 4033 τὰ
1751 3979 1852 4047 τὴν
1929 3977 2052 4035 ἐπι-

391 4068 725 4142 τηδειότητα
826 4066 1183 4141 κεκτημένον,
1267 4067 1511 4123 τουτέστι
1591 4068 1654 4122 τὸ
1744 4065 2053 4139 ἐπιτήδειον

394 4160 526 4216 αὐτὸ
580 4158 712 4214 καθὸ
757 4155 1008 4213 τοιοῦτόν
1059 4154 1200 4211 ἐστιν
1250 4154 1383 4232 ὅπερ
1438 4154 1629 4228 πάλιν,
1690 4154 1781 4210 ὅτε
1840 4158 1915 4228 μὴ
1974 4178 2055 4211 κι-

393 4254 565 4305 νεῖται
615 4248 735 4312 καθ’
787 4248 853 4315 ἣν
910 4244 1117 4324 πέφυκε
1170 4246 1434 4299 κινεῖσθαι
1497 4243 1730 4316 κίνησιν,
1779 4244 1906 4300 τότε
1962 4244 2052 4301 λέ-

392 4359 561 4415 γομεν
610 4334 741 4391 αὐτὸ
782 4335 902 4390 κατ’
950 4332 1154 4404 ἐκείνην
1203 4334 1304 4403 τὴν
1351 4332 1562 4403 κίνησιν
1624 4334 1873 4409 ἠρεμεῖν⁹
1922 4336 2052 4409 ἦρε-

358 4439 371 4447 ·
400 4425 498 4500 μία
554 4424 657 4502 γάρ
716 4424 855 4480 ἐστιν
924 4422 1179 4493 ἀκινησία
1248 4425 1346 4477 τοῦ
1416 4421 1719 4500 πεφυκότος
1796 4426 2055 4478 κινεῖσθαι

396 4513 487 4571 ὅτε
537 4512 761 4593 πέφυκε,
810 4512 902 4569 καὶ
960 4504 1022 4569 οῦ
1081 4510 1305 4591 πέφυκε,
1364 4512 1455 4566 καὶ
1513 4512 1588 4574 ὡς
1644 4510 1897 4590 πέφυκεν.
1930 4514 2058 4571 Ὅτε

400 4605 495 4678 μὶν
544 4603 801 4683 πέφυκεν,
852 4600 1074 4679 ἐπείπερ
1140 4601 1240 4657 οὐκ
1292 4600 1471 4694 ἃν-τὸ
1528 4602 1803 4694 ἀρτιγενὲς
1847 4600 2057 4694 Δσκυλά-
2085 4628 2133 4694 D

394 4713 513 4748 κιον
559 4693 784 4768 ἠρεμεῖν
836 4689 1052 4767 λέγοιτο
1100 4691 1238 4746 κατά
1270 4691 1334 4746 τὸ
1364 4691 1516 4768 ὁρᾷνο
1548 4690 1755 4769 πέφυκε
1805 4692 1902 4766 μὲν
1954 4693 2056 4769 γὰρ

398 4783 551 4858 ὁρᾷν,
592 4779 722 4838 ἀλλ’
772 4780 871 4837 οὐκ
920 4779 1079 4846 εὐθὺς
1124 4780 1190 4835 τὸ
1234 4780 1448 4857 τεχθέν·
1494 4778 1633 4837 ὅπου
1694 4778 1752 4837 δὲ
1798 4783 2055 4861 πέφυκεν,

398 4870 617 4948 ἐπείπερ
662 4877 765 4940 τῆς
812 4869 866 4925 ἐν
910 4868 1026 4947 ἀέρι
1056 4870 1344 4943 κινήσεως,
1378 4869 1479 4925 οὐκ
1524 4868 1585 4924 ἂν
1637 4870 1690 4925 οἱ
1739 4868 1925 4945 ῗχθύες
1970 4869 2060 4927 λέ-

394 4981 584 5037 γοιντο
638 4961 889 5037 ἠρεμεῖν.
938 4955 1075 5013 Οὐδὲ
1128 4960 1233 5035 γὰρ
1277 4961 1313 5029 ἡ
1364 4958 1521 5037 φύσις
1577 4959 1763 5022 αὐτοῖς
1826 4957 2057 5015 δέδωκεν

399 5049 454 5104 ἐν
505 5048 712 5125 ἀερίοις
772 5047 924 5104 εἶναι.
979 5046 1129 5111 Καθὰ
1186 5044 1245 5101 δὲ
1298 5046 1550 5124 πέφυκεν,
1602 5048 1789 5123 ὅτιπερ
1839 5048 1941 5104 οὐκ
1997 5049 2056 5103 ἂν

402 5138 456 5193 οἳ
498 5133 651 5217 ὄφεις
700 5143 802 5207 τῆς
849 5136 986 5192 κατὰ
1031 5133 1240 5212 βάδισιν
1308 5138 1575 5207 κινήσεως
1634 5136 1886 5213 λέγοιντο
1935 5138 2061 5215 ἠρε-

405 5232 545 5302 μεῖν·
616 5224 930 5302 ἐρπυστικοὶ
994 5225 1140 5302 (γὰρ)
1202 5224 1262 5280 έκ
1317 5224 1551 5305 φύσεως,
1608 5226 1698 5281 καὶ
1777 5226 1840 5282 οὐ
1906 5224 2059 5301 βαδι-

402 5314 599 5377 στικοί.
640 5317 711 5371 Τὸ
759 5315 940 5371 τοίνυν
995 5314 1236 5393 πεφυκὸς
1279 5317 1544 5370 κινεῖσθαι
1597 5315 1687 5370 καὶ
1748 5317 1825 5390 μή
1882 5316 2063 5373 κινού-

406 5427 565 5483 μενον
616 5404 779 5461 ὁπότε
826 5405 1049 5485 πέφυκε,
1098 5403 1189 5459 καὶ
1248 5400 1372 5469 ἔνθα
1429 5405 1652 5483 πέφυκε,
1686 5405 1773 5461 καὶ
1834 5405 1910 5469 ὡς
1968 5408 2060 5465 πέ-

404 5516 537 5573 φυκε
620 5501 720 5564 τῆς
787 5496 1051 5564 κινήσεως
1117 5492 1321 5564 ταύτης
1402 5492 1781 5569 ἐστερημένον,
1842 5494 2058 5571 λέγεται

401 5585 648 5660 ἠρεμεῖν.
691 5584 958 5639 Ἐντεῦθεν
1021 5579 1191 5652 δῆλον
1254 5582 1328 5645 ὡς
1386 5582 1502 5638 ἐπεὶ
1558 5584 1623 5638 τὸ
1677 5589 1829 5639 Θεῖον
1863 5586 2061 5641 παντά-

400 5692 563 5729 πασιν
615 5667 805 5745 ἅΰλον,
835 5670 1015 5742 πάσης
1072 5667 1519 5743 ἐπιτηδειότητος
1570 5673 1661 5727 καὶ
1716 5672 1894 5745 πάσης
1943 5674 2060 5731 ἀτε-

403 5758 557 5824 λείας
608 5760 1026 5838 ὑπερεξῄρηται,
1055 5758 1147 5815 καί
1192 5757 1325 5818 αὐτὸ
1381 5760 1631 5841 ὑπάρχον
1689 5763 1779 5820 καὶ
1836 5762 2058 5821 αὐτοτέ-

477 5998 525 6037 εδ
552 5996 590 6054 3
617 5970 847 6073 Physio'.
877 6011 931 6056 ο.
959 5995 1019 6071 4,
1047 5997 1093 6057 t.
1121 5994 1215 6057 20.

2155 3353 2566 3426 imperfectum
2598 3360 2705 3425 est,
2741 3362 2806 3413 ut
2833 3358 3112 3427 diximus,
3139 3380 3243 3434 per
3270 3370 3497 3423 motum
3530 3370 3602 3424 ad
3643 3373 3808 3443 prius

2157 3446 2291 3498 actu
2342 3444 2700 3515 perducitur.
2751 3446 2865 3503 Nec
2926 3449 3084 3505 enim
3131 3456 3461 3511 necessario
3507 3458 3683 3515 etiam
3739 3462 3812 3516 ad

2159 3532 2470 3602 posterius.
2497 3534 2566 3588 Et
2594 3536 2829 3605 quando
2856 3538 3011 3608 quod
3042 3539 3124 3595 ita
3153 3543 3411 3612 potentia
3451 3551 3542 3601 est
3574 3549 3648 3603 ad
3675 3554 3807 3606 actu

2158 3636 2288 3676 esse
2319 3622 2599 3693 procedit,
2634 3623 2714 3679 ita
2745 3629 2939 3682 tamen
2967 3633 3034 3683 ut
3064 3645 3178 3684 non
3203 3633 3441 3689 omnino
3471 3639 3528 3691 et
3556 3639 3809 3709 perfecte

2160 3711 2232 3765 ad
2260 3726 2325 3765 eo
2357 3711 2639 3781 discedat,
2672 3715 2831 3785 quod
2862 3718 3125 3788 potentia
3145 3725 3235 3775 est
3261 3738 3275 3789 ;
3306 3725 3433 3779 tnm
3464 3724 3663 3797 ipsum
3683 3745 3811 3785 mo-

2158 3799 2277 3855 veri
2298 3800 2574 3857 dicimus.

2235 3890 2321 3944 15.
2341 3893 2484 3945 Cum
2515 3894 2710 3946 autem
2740 3893 2959 3949 moveri
2985 3894 3240 3954 dicimus
3272 3899 3329 3954 id
3361 3903 3517 3972 quod
3548 3907 3814 3976 potentia

2161 3981 2394 4045 est,non
2426 3979 2949 4068 aptitudinem,sed
2980 3983 3039 4039 id
3072 3989 3229 4057 quod
3260 3989 3655 4060 aptitudinem
3681 4013 3814 4068 pos-

2162 4066 2334 4134 sidet,
2366 4066 2476 4122 hoc
2504 4072 2617 4135 est,
2645 4067 2841 4141 ipsum
2873 4072 2976 4128 48
3000 4079 3203 4146 aptum
3236 4082 3527 4148 quatenus
3557 4066 3815 4154 tale‘est,

2163 4155 2383 4212 moveri
2414 4156 2888 4228 pronuntiamus.
2930 4161 3093 4225 Quod
3122 4181 3330 4223 rursus
3359 4184 3494 4224 cum
3526 4187 3642 4227 non
3692 4190 3819 4231 mo-

2162 4249 2349 4314 vetur,
2383 4261 2499 4317 quo
2521 4250 2682 4302 motu
2714 4250 2965 4305 moverit
3003 4258 3207 4323 aptum
3268 4260 3397 4326 est;
3431 4262 3559 4315 tum
3616 4262 3817 4334 ipsum

2166 4335 2358 4406 quoad
2388 4334 2563 4390 istam
2605 4340 2831 4393 motum
2872 4340 3173 4410 quiescere
3229 4344 3481 4403 dicimus
3510 4350 3577 4405 ‘5.
3640 4352 3816 4416 Quies

2165 4423 2322 4480 enim
2353 4428 2442 4480 est
2471 4424 2855 4483 immobilitas
2880 4430 3010 4499 ejus
3050 4433 3205 4503 quod
3242 4434 3322 4490 ita
3343 4442 3557 4495 natura
3605 4446 3807 4512 aptum

2166 4518 2257 4570 est
2281 4518 2346 4568 ut
2374 4514 2593 4569 moveri
2625 4516 2835 4588 possit,
2869 4520 3126 4590 quando,
3155 4522 3256 4577 ubi
3288 4529 3346 4579 et
3392 4530 3684 4597 quomodo
3716 4549 3820 4588 na-

2166 4608 2299 4659 tura
2327 4615 2533 4675 aptum
2559 4609 2666 4659 est.
2700 4605 2943 4669 Quando
2976 4608 3215 4679 quidem
3249 4617 3463 4671 natura
3492 4616 3573 4672 ita
3613 4626 3819 4692 aptum

2168 4696 2278 4761 est,
2311 4692 2595 4764 quoniam
2628 4710 2832 4751 recens
2863 4697 3057 4752 editus
3100 4699 3331 4757 catulus
3376 4706 3570 4775 quoad
3625 4708 3820 4765 visum

2167 4782 2472 4854 quiescere
2492 4798 2608 4837 non
2641 4783 2875 4840 dicitur.
2907 4784 3132 4843 Natura
3166 4789 3323 4845 enim
3356 4797 3530 4864 aptus
3570 4801 3661 4852 est
3688 4798 3820 4869 qui-

2170 4872 2327 4938 dem,
2353 4874 2419 4926 ut
2445 4870 2640 4927 videre
2697 4872 3041 4943 possitzsed
3097 4881 3295 4934 tamen
3345 4898 3459 4937 non
3525 4886 3725 4941 statim
3758 4892 3825 4943 ut

2171 4964 2263 5016 est
2294 4959 2508 5017 editus.
2544 4961 2650 5015 Ubi
2681 4964 2878 5017 autem
2909 4968 3122 5020 natura
3167 4971 3371 5039 aptum
3415 4974 3524 5040 est,
3585 4977 3821 5045 quando

2171 5049 2409 5122 quidem
2433 5049 2626 5121 quoad
2659 5054 2885 5106 motum
2916 5052 2976 5107 in
3008 5070 3139 5110 aere
3155 5055 3347 5128 pisces
3373 5060 3673 5130 quiescere
3704 5082 3821 5122 non

2171 5138 2470 5193 dicuntur.
2503 5137 2702 5209 Neque
2732 5140 2890 5196 enim
2924 5146 3135 5198 natura
3163 5145 3307 5217 ipsis
3340 5151 3650 5219 concessit,
3677 5158 3740 5207 ut
3761 5153 3822 5209 in

2171 5243 2303 5283 aere
2323 5227 2596 5282 viverent.
2628 5230 2929 5291 Quomodo
2951 5231 3205 5303 denique
3232 5238 3442 5290 natura
3470 5244 3675 5308 aptum
3713 5246 3823 5311 est,

2171 5316 2649 5389 quandoquidem
2680 5321 2981 5390 serpentes
3016 5323 3206 5392 quoad
3233 5322 3537 5395 gradiendi
3596 5334 3824 5386 motum

2172 5406 2473 5477 quiescere
2522 5422 2636 5460 non
2702 5406 2999 5462 dicuntur.
3050 5408 3331 5483 Serpendi
3388 5414 3544 5470 enim
3603 5422 3659 5473 et
3709 5436 3823 5475 non

2170 5494 2474 5567 gradiendi
2508 5494 2849 5550 facultatem
2882 5514 2915 5551 a
2948 5503 3156 5554 natura
3184 5500 3422 5558 habent.
3456 5505 3618 5569 Quod
3647 5508 3828 5580 igitur

2171 5590 2384 5642 natura
2413 5589 2617 5656 aptum
2661 5589 2751 5639 est
2807 5591 2873 5640 ut
2926 5588 3143 5643 moveri
3203 5592 3411 5662 possit,
3472 5611 3577 5651 nec
3627 5601 3824 5654 tamen

2170 5678 2457 5743 movetur,
2481 5674 2737 5745 quando,
2770 5678 2827 5729 et
2855 5674 2978 5742 ubi,
2993 5680 3049 5731 et
3070 5681 3363 5749 quomodo
3380 5687 3593 5741 natura
3612 5690 3818 5759 aptum

2168 5769 2259 5823 est
2290 5781 2305 5822 :
2337 5764 2399 5821 id
2431 5767 2596 5821 motu
2624 5762 2735 5820 hoc
2765 5763 3059 5837 privatum
3088 5768 3391 5839 quiescere
3415 5772 3649 5834 dicitur.
3677 5775 3825 5836 Hine
