4094 6430
302 381 454 448 1061

694 563 696 566 ,
939 515 1205 568 ΚΕΦΔΛ.
1251 516 1310 567 Ε.

643 602 759 656 Ἔτι
789 599 914 676 περὶ
945 601 1212 671 κινήσεως
1243 601 1334 655 καὶ
1363 599 1617 677 ἠρεμίας.

375 743 442 800 α’.
499 733 585 798 Ἐν
638 743 888 819 τέσσαρσι
941 741 1297 822 κατηγορίαις
1373 743 1654 819 θεωρεῖται
1713 744 1748 812 ἡ
1808 739 1962 811 κίνη-

306 831 408 893 σις·
451 831 502 886 ἐν
555 831 728 906 οὐσίᾳ,
761 831 968 908 γένεσις
1024 831 1114 887 καὶ
1165 827 1354 910 φθορά·
1401 830 1451 885 ἐν
1514 835 1688 903 ποσῷ,
1739 826 1961 900 αὔξησις

304 920 394 976 καὶ
428 917 668 994 μείωσις·
731 918 783 975 ἐν
840 925 1004 993 ποιῷ,
1062 917 1385 983 ἀλλοίωσις·
1447 920 1499 975 ἐν
1557 924 1626 994 τῇ
1678 923 1784 974 ποῦ
1840 939 1964 973 κατ-

306 1008 530 1086 ηγορίᾳ,
583 1011 619 1079 ἠ
676 997 814 1064 κατᾶ
893 1008 1060 1064 τόπον
1152 1004 1455 1082 μεταϐολὴ,
1514 1008 1636 1078 ἥτις
1717 1005 1965 1062 καλεῖται

308 1097 471 1178 φορά.
523 1103 816 1174 Διαιρεῖται
876 1095 920 1153 δ’
977 1097 1112 1168 αὕτη
1171 1099 1249 1161 εἰς
1302 1099 1404 1169 τὴν
1460 1097 1542 1153 ἐπ’
1602 1095 1828 1168 εὐθείας,
1873 1096 1965 1152 καὶ

309 1183 386 1250 εἰς
416 1183 522 1257 τὴν
567 1187 776 1260 κύκλῳ,
807 1187 898 1242 καὶ
949 1187 1026 1250 εἷς
1070 1188 1170 1258 τὴν
1216 1187 1276 1243 ἐκ
1319 1185 1525 1242 τούτων
1586 1188 1806 1263 μικτήν.
1840 1192 1966 1242 Κοι-

307 1275 472 1346 νότης
529 1273 620 1330 οὖν
674 1275 813 1330 ἐστιν
867 1278 902 1346 ἡ
951 1275 1188 1350 κίνηαις,
1240 1276 1552 1350 ὁμωνύμως
1627 1296 1966 1353 κατηγορου-

315 1365 448 1439 μένη
501 1369 612 1421 τῶν
666 1363 938 1444 διαφόρων
997 1368 1286 1438 κινήσεων.
1319 1370 1522 1442 Ὥσπερ
1569 1366 1670 1443 γὰρ
1718 1366 1781 1421 νὰ
1835 1359 1964 1440 γένη

311 1454 364 1511 ἐν
397 1455 478 1517 οἷς
506 1456 542 1524 ἡ
572 1453 788 1524 κίνησις
818 1455 1153 1530 γενικώτατα
1203 1451 1331 1510 ὄντα
1385 1455 1539 1532 γένος
1595 1453 1694 1509 οὐκ
1745 1452 1965 1530 ἔχουσιν

312 1535 454 1600 ἄλλο
487 1538 914 1622 ἐπαναϐεϐηκόςο
950 1543 1094 1598 οὕτω
1143 1541 1210 1613 δή
1267 1545 1358 1622 καὶ
1415 1543 1466 1599 ἐν
1512 1543 1698 1605 αὐτοῖς
1728 1544 1970 1617 κινήςσει

313 1621 413 1689 οὒκ
470 1628 659 1710 ἔχουσι
715 1631 868 1710 γένος
931 1628 1338 1709 περιλαμϐάνον
1399 1631 1582 1696 αὐτάς.
1642 1633 1972 1708 Ὡμώνυμος

315 1721 360 1779 δ’
390 1719 524 1778 οὖσα
578 1724 613 1793 ἡ
671 1719 906 1797 κίνησις,
941 1720 1013 1778 δι’
1043 1723 1355 1798 ὁμωνύμων
1419 1721 1612 1802 ἔφθασε
1649 1721 1777 1785 τοὺς
1803 1720 1970 1790 αὐτῆς

316 1810 516 1892 λόγους
573 1801 871 1868 ἀπολαϐεῖν
921 1818 1040 1892 ταῖς
1107 1810 1388 1891 διαφόροις
1460 1801 1729 1883 γίδιότησιν
1801 1809 1970 1881 αὐτῆς

321 1889 453 1981 ἔφαρ
462 1899 752 1976 μόζοντας.
937 1979 940 1981 Α
975 1889 978 1894 “

335 2259 338 2262 .
492 2201 584 2256 Ὧν
613 2199 806 2275 πρώτη
867 2200 960 2256 καὶ
1004 2198 1312 2276 κυριωτάτη
1344 2197 1517 2254 ἐστὶν.
1563 2201 1599 2268 ἡ
1659 2196 1818 2276 φορά.
1879 2202 1980 2251 Kn-

322 2289 561 2366 ριωτάτη
624 2288 744 2362 μὲν,
795 2285 982 2356 ἐπειδὴ
1038 2293 1145 2344 τῶν
1205 2285 1393 2344 ἄλλων
1442 2287 1792 2365 ἐναργεστέρα
1844 2307 1977 2361 τυγ-

321 2379 498 2454 χάνει’
561 2375 647 2433 διὸ
692 2377 785 2434 -καὶ
841 2376 1052 2441 dulci);
1127 2377 1406 2433 κινεῖσθαί.
1465 2399 1639 2457 φαμεν
1711 2378 1776 2432 τὸ
1844 2377 1982 2430 κατὰ

319 2467 488 2524 τόπον
520 2467 862 2542 κινούμενον.
892 2469 956 2523 Ὃ
1012 2465 1071 2523 δὲ
1097 2461 1234 2524 κατᾶ
1266 2467 1479 2524 ,τόπονς
1513 2469 1756 2542 ἠρεμοῦν
1800 2463 1980 2536 ἄλλην

321 2557 446 2612 τινὰ
498 2561 721 2616 κινεῖται
777 2555 1008 2629 κίνησιν,
1066 2563 1143 2627 πῆ
1198 2556 1432 2632 λέγομεν
1489 2554 1619 2612 αὐτὸ
1695 2555 1980 2625 κινεῖσθαι,

324 2647 440 2702 κατ’
504 2643 726 2717 αὔξησιν
807 2646 978 2722 τυχὸν
1131 2645 1355 2720 μείωσιν
1414 2646 1451 2716 ἢ
1507 2643 1827 2703 ἀλλοιωσιν.
1885 2643 1984 2698 Διᾶ

322 2740 486 2792 τοῦτο
541 2736 634 2790 καὶ
685 2735 749 2791 τὸ
805 2736 942 2790 κατᾶ
985 2735 1153 2792 τόπον
1215 2737 1298 2816 ὑφ’
1356 2737 1548 2792 ἑαυτοῦ
1610 2729 1980 2810 μεταϐάλλον,

323 2823 450 2896 ἤτοι
481 2825 546 2884 τὸ
606 2827 764 2898 ζῶον,
798 2821 951 2887 ἰδίως
1001 2824 1362 2899 ὀνομάζουσιν
1420 2823 1792 2896 αὐτοκίνητον.
1827 2821 1983 2878 Οὕτω

331 2915 428 2990 μὶν
462 2911 553 2968 οὗν
575 2912 894 2989 ,κυριωτάτη
925 2917 1033 2970 τῶν
1067 2914 1254 2991 ἄᾼλῶν
1283 2916 1551 2986 κινήσεων
1582 2917 1618 2984 ἡ
1651 2913 1789 2969 κατὰ
1813 2911 1984 2968 τόπον

330 3007 704 3081 μαρτυρεῖται.

400 3301 693 3378 γ’.’ῙῙρώτη
727 3296 787 3354 δὲ
842 3299 1280 3377 προηγουμένως
1331 3300 1462 3374 μὲν,
1519 3299 1596 3362 ὡς
1651 3297 1979 3373 τελεωτέρα

2170 3299 2223 3352 3.
2285 3297 2515 3352 Primus
2554 3303 2750 3353 autem
2797 3297 2841 3333 ⁸⁸
2899 3298 3178 3370 primario
3231 3300 3469 3373 quidem

329 3394 438 3446 τῶν
482 3390 584 3468 γὰρ
618 3390 859 3461 ζώντων,
888 3389 1015 3458 ἤτοι
1069 3393 1180 3444 τῶν
1239 3387 1526 3464 ἐμψύχων,
1555 3386 1625 3444 τὰ
1685 3389 1780 3462 μὲν
1839 3385 1986 3450 ὅλως

331 3480 561 3551 ἀκίνητά
606 3479 744 3534 κανὰ
785 3477 988 3549 ταύτην
1035 3479 1136 3548 τήν
1167 3477 1404 3548 κίνησιν,
1434 3477 1524 3532 οἷα
1576 3477 1644 3532 τὰ
1705 3476 1842 3555 φυτὰ
1897 3475 1989 3530 καὶ

328 3571 402 3626 τὰ
453 3567 876 3646 προσπεφυκότά
920 3571 1030 3623 τῶν
1062 3568 1239 3637 ζώων,
1272 3566 1306 3621 ’ἃ
1359 3564 1652 3622 καλοῦνται
1717 3565 1986 3643 ζωόφυτα’

329 3665 449 3722 τοῖς
486 3651 584 3713 δελ
609 3655 1012 3731 τελειουμένοις
1048 3657 1280 3734 ὑπάρχει
1310 3657 1374 3711 τὸ
1428 3652 1566 3712 κατὰ
1617 3654 1784 3711 τόπον
1823 3659 1989 3710 κινεῖ-

335 3750 479 3818 σθαι,
511 3748 588 3810 ὡς
642 3748 712 3802 τὰ
761 3744 1404 3824 λεγόμεναάὐτοκίνητα
1465 3748 1595 3818 ζῶα,
1628 3745 1662 3799 ’ὰ
1723 3743 1788 3815 δὴ
1855 3736 1994 3818 μόνα

334 3839 426 3893 καὶ
481 3834 808 3912 ἀδιορίστως
885 3841 995 3906 ζῶα
1067 3835 1253 3891 καλεῖν
1343 3835 1631 3909 εἰώθαμεν.
1687 3834 1754 3890 Et
1811 3835 1992 3889 τοίνυν

335 3924 648 4002 τελειότερα
703 3926 798 4000 μὲν
855 3931 964 3981 τῶν
1014 3931 1192 4004 φυτῶν
1224 3926 1293 3980 τὰ
1324 3923 1594 4002 ζωόφυτα,
1627 3921 1854 3986 πλείους
1903 3921 1994 3978 δυ-

337 4018 526 4090 νάμεις
585 4013 781 4091 ἔχοντα
851 4016 1111 4092 ψυχικάς·
1155 4014 1376 4070 ’τούτων
1437 4009 1518 4069 δὲ’
1550 4007 1716 4068 πάλιν
1763 4013 1832 4068 τὰ
1886 4017 1998 4082 ζῶα

337 4103 477 4161 κατά
527 4105 731 4179 τρόπον
789 4103 986 4178 ὅμοιον
1045 4101 1408 4178 ἐντελέα-τερα,
1437 4109 1554 4167 τοῖς
1617 4103 1780 4172 ζώοις
1835 4100 1882 4157 δ’
1933 4095 1998 4156 αὖ

337 4193 748 4268 τελειουμένοις
804 4197 840 4264 ἡ
892 4195 1030 4249 κατά
1101 4181 1268 4249 τόπον
1347 4192 1690 4270 προσγίνεται
1763 4191 1996 4262 κίνησιςλ

344 4283 481 4354 αὕτη
538 4283 598 4339 ἂν
646 4280 731 4355 εἷή
787 4283 1114 4360 τελεωτέρα,
1145 4283 1236 4338 καὶ
1295 4279 1384 4337 διὰ
1437 4277 1599 4337 τοῦτο
1658 4282 1748 4337 καὶ
1805 4273 2002 4356 τιμιωὲ

339 4373 491 4449 τέρα,
522 4373 612 4428 καὶ
659 4373 853 4449 πρώτη
895 4377 1004 4428 τῶν
1066 4369 1250 4428 ἄλλῶν
1303 4373 1589 4443 κινήσεων.
1626 4371 1697 4426 Τὸ
1755 4372 1858 4448 γὰρ
1913 4361 1999 4426 τε·

344 4462 638 4539 λεώτερον,
696 4461 913 4540 ὅσῳπερ
995 4461 1054 4517 ἂν
1112 4461 1150 4537 ᾖ
1211 4457 1565 4536 τελεώτερον,
1623 4461 1868 4534 τοσούτῳ
1942 4482 2006 4537 γε

341 4558 454 4608 τῶν
485 4550 847 4629 ἀτελεστέρων
881 4554 973 4608 καὶ
995 4551 1371 4628 ἐντιμότερον.

1593 403 1597 408 ·
1639 377 1990 442 EPITOME
2033 377 2388 442 PH’YSICA.

1989 514 2048 581 Α

3565 383 3722 449 1062

2726 515 2952 571 CAPUT
2994 515 3066 572 V.

2517 601 2706 657 Adhuc
2731 603 2798 659 de
2823 607 2974 660 motu
3003 613 3055 661 et
3084 607 3282 676 quieta.

2146 744 2194 798 1.
2226 747 2413 799 Motus
2445 745 2489 779 ⁵⁵
2520 744 2576 802 in
2609 753 2862 818 quatuor
2891 747 3363 820 praedicamentis
3394 751 3722 808 considera-

2071 838 2170 890 tur
2205 853 2217 890 :
2250 835 2311 889 in
2343 834 2696 902 substantia,
2753 837 3051 908 generatio
3109 843 3167 894 et
3223 839 3520 912 cormptio
3582 858 3595 896 :
3660 841 3722 898 in

2075 924 2418 995 quantitate,
2467 925 2867 997 augmentatio
2897 929 2956 981 et
2985 926 3301 983 diminutio
3362 944 3375 982 :
3439 927 3498 984 in
3531 927 3725 1000 quali-

2072 1015 2212 1079 tate,
2271 1011 2532 1068 alteratio
2567 1031 2580 1068 :
2613 1012 2672 1068 in
2703 1013 3157 1085 praedicamento
3189 1015 3312 1079 ubi,
3347 1016 3597 1080 mutatio
3631 1031 3725 1074 se-

2075 1101 2338 1157 cundum
2370 1099 2585 1168 locum,
2620 1119 2747 1174 quae
2797 1101 2935 1158 latio
2992 1109 3236 1162 vocatur
3273 1105 3336 1160 ⁵⁵.
3388 1109 3567 1162 Porro
3601 1106 3725 1162 haec

2075 1188 2136 1245 in
2168 1206 2298 1246 eam
2322 1206 2450 1261 quae
2467 1191 2796 1246 secundum
2816 1197 3040 1248 rectam
3067 1193 3285 1250 lineam
3313 1194 3400 1261 ﬁt,
3429 1200 3487 1251 et
3513 1194 3574 1251 in
3599 1212 3730 1251 eam

2077 1294 2204 1350 quae
2235 1278 2297 1334 in
2329 1279 2530 1335 orbem
2559 1279 2644 1345 ﬁt,
2683 1279 2784 1336 54
2813 1284 2871 1336 et
2899 1280 2960 1336 in
2990 1298 3124 1348 eam,
3159 1299 3271 1354 que
3301 1299 3370 1340 ex
3398 1283 3492 1340 his
3553 1284 3731 1342 mista

2077 1371 2168 1424 est
2224 1367 2524 1422 dividitur.
2583 1369 2775 1424 Motus
2833 1385 2969 1441 ergo
3022 1371 3414 1428 communitas
3459 1373 3729 1444 quadam

2078 1459 2188 1525 est,
2223 1472 2348 1528 quae
2406 1456 2651 1512 diversis
2693 1458 2953 1514 motibus
3005 1459 3293 1531 aequivoce
3351 1462 3730 1532 praedicatur.

2080 1545 2153 1602 Ut
2180 1545 2338 1600 enim
2367 1561 2602 1618 genera,
2661 1546 2721 1601 in
2752 1547 2970 1618 quibus
3023 1553 3219 1604 motus
3251 1553 3359 1616 est,
3393 1567 3529 1610 cum
3558 1567 3733 1624 gene—

2081 1633 2379 1691 ralissima
2407 1634 2546 1703 sint,
2599 1651 2786 1708 genus
2815 1635 3052 1709 aliquod
3113 1638 3430 1696 sublimius
3479 1657 3595 1698 non
3625 1641 3730 1697 ha-

2081 1725 2221 1780 bent
2252 1740 2266 1792 ;
2298 1723 2380 1779 ita
2410 1724 2585 1780 etiam
2619 1729 2814 1782 motus
2851 1727 2950 1798 qui
2981 1727 3042 1782 in
3074 1725 3220 1798 ipsis
3249 1733 3601 1801 sunt,genus
3617 1747 3736 1788 non

2082 1813 2301 1869 habent
2331 1829 2446 1885 quo
2477 1814 3069 1886 comprehendantur.
3121 1817 3265 1873 Cum
3297 1821 3494 1874 autem
3537 1825 3734 1879 motus

2007 1890 2056 1955 Β
2085 1902 2163 1958 sit
2191 1901 2720 1974 zequivocum,suas
2746 1903 3115 1972 deﬁnitiones
3136 1922 3240 1978 per
3267 1908 3564 1978 aequivoca
3594 1926 3736 1980 pra:-

2085 1990 2264 2061 ripuit
2320 2007 2447 2062 quae
2505 1991 2751 2048 diversis
2818 1991 2986 2064 ipsus
3063 1995 3522 2066 proprietatibus
3593 2013 3732 2054 con-

2084 2083 2327 2152 gruunt.

2159 2199 2212 2252 2.
2245 2197 2499 2261 Quarum
2535 2197 2726 2269 prima
2781 2203 2838 2253 et
2894 2199 3147 2256 maxime
3178 2202 3414 2274 prepria
3444 2207 3535 2258 est
3575 2203 3738 2262 latio.

2089 2285 2341 2341 Maxime
2369 2288 2606 2359 propria
2633 2287 2893 2358 quidem,
2941 2290 3419 2362 quandoquidem
3453 2291 3586 2348 aliis
3619 2295 3737 2349 evi-

2089 2376 2319 2431 dentior
2348 2379 2456 2432 est.
2490 2375 2614 2440 Qua
2644 2377 2714 2431 de
2746 2393 2926 2433 causa
2955 2378 2997 2414 ⁵⁷
3043 2379 3309 2434 etiamid
3341 2383 3495 2451 quod
3527 2397 3738 2438 secun-

2089 2466 2232 2520 dum
2291 2464 2487 2521 locum
2521 2471 2801 2535 movetur,
2837 2467 3186 2539 simpliciter
3213 2470 3430 2526 moveri
3461 2471 3739 2531 dicimus.

2092 2555 2256 2619 Quod
2290 2559 2487 2610 autem
2519 2555 2846 2611 secundum
2880 2556 3074 2612 locum
3123 2557 3434 2630 quiescens
3471 2560 3581 2618 alio
3629 2561 3744 2618 ali-

2091 2661 2208 2716 quo
2241 2649 2506 2700 movetur
2535 2649 2720 2715 motu,
2753 2646 3186 2717 quodammodo
3216 2649 3433 2705 moveri
3466 2650 3741 2722 dicimus,

2092 2734 2285 2805 quoad
2346 2733 2888 2805 augmentationem
2957 2741 3058 2791 aut
3133 2736 3587 2795 diminutionem
3642 2746 3746 2798 aut

2092 2822 2497 2878 alterationem
2530 2823 2771 2879 scilicet.
2802 2823 3166 2897 Quapropter
3193 2826 3371 2882 etiam
3425 2829 3581 2900 quod
3613 2847 3647 2886 a
3676 2848 3738 2886 se

2092 2912 2222 2984 ipso
2252 2912 2581 2968 secundum
2613 2911 2806 2968 locum
2857 2918 3144 2984 mutatur,
3178 2914 3290 2972 hoc
3346 2919 3436 2972 est
3495 2917 3742 2988 animal,

2093 3004 2326 3075 proprie
2379 2998 2754 3071 αὐτοκίνητον,
2814 3003 2925 3059 hoc
2987 3009 3099 3076 est,
3157 3021 3192 3060 a
3248 3005 3442 3078 seipso
3501 3003 3741 3080 mobile,

2094 3091 2426 3164 appellant.
2503 3091 2596 3147 Sic
2678 3092 2860 3165 igitur
2933 3097 3160 3150 motum
3245 3097 3571 3154 secundum
3655 3097 3749 3155 lo-

2096 3197 2229 3236 cum
2261 3180 2413 3237 inter
2441 3197 2646 3237 omnes
2703 3182 2959 3238 maxime
2996 3183 3301 3256 proprium
3333 3199 3464 3242 esse
3493 3191 3744 3244 constat.

3532 3318 3546 3357 :
3609 3303 3751 3376 quia

2099 3386 2425 3460 perfectior.
2458 3385 2790 3441 Viventium
2823 3386 3002 3458 enim,
3058 3388 3116 3442 id
3167 3394 3274 3456 est,
3308 3391 3405 3460 5,5
3460 3391 3749 3449 animato-

2101 3491 2230 3530 rum
2291 3475 2560 3546 quasdam
2611 3476 2802 3548 quoad
2862 3476 3021 3532 hunc
3079 3481 3302 3533 motum
3338 3480 3578 3537 omnino
3611 3485 3754 3538 sunt

2101 3561 2450 3628 immobilia,
2482 3561 2662 3618 veluti
2692 3563 2943 3636 plantis;
2991 3569 3047 3620 et
3079 3582 3206 3636 quae
3238 3566 3594 3624 animalibus
3624 3585 3751 3624 ma-

2101 3653 2258 3708 xime
2308 3656 2561 3724 cognata
2589 3657 2748 3721 sunt,
2803 3670 2928 3723 quae
2984 3655 3291 3730 zoophyta,
3325 3655 3382 3710 id
3437 3661 3524 3713 est
3553 3663 3756 3731 panta-

2106 3741 2410 3809 nimantia,
2469 3746 2795 3797 vocantur:
2837 3743 2911 3798 iis
2968 3748 3164 3799 autem
3224 3761 3350 3815 qua:
3402 3747 3757 3818 perfectione

2105 3837 2244 3888 sunt
2275 3831 2532 3904 praedita,
2567 3831 2722 3887 inest
2766 3835 2831 3886 ut
2878 3835 3201 3889 secundum
3234 3833 3427 3890 locum
3482 3853 3757 3893 movean-

2107 3929 2203 3977 tur
2231 3921 2294 3989 δ’,
2330 3927 2394 3976 ut
2433 3937 2503 3976 ea
2551 3937 2678 3992 quae
2725 3926 3010 3976 vocantur
3039 3940 3073 3976 a
3115 3923 3328 3995 seipsis
3361 3924 3756 3994 mobiliaani-

2107 4010 2305 4077 malia,
2326 4027 2452 4079 quae
2481 4027 2621 4066 sane
2653 4009 2844 4065 solum
2875 4014 2931 4065 et
2961 4011 3089 4066 sine
3118 4013 3606 4070 determinatione
3636 4015 3758 4070 ani-

2109 4099 2290 4156 malia
2319 4115 2527 4154 vocare
2560 4099 2993 4154 consuevimus.
3049 4100 3211 4164 Quod
3247 4102 3295 4158 si
3327 4103 3505 4174 igitur
3535 4104 3754 4176 plantis

2109 4189 2455 4264 perfectiora
2483 4191 2624 4244 sunt
2653 4187 3308 4262 plantanimantia,quia
3335 4191 3531 4264 plures
3553 4193 3761 4250 anima:

2112 4279 2418 4335 facultates
2492 4276 2710 4332 habent
2760 4273 3087 4346 {vicissim
3154 4285 3348 4335 autem
3405 4281 3499 4336 bis
3559 4282 3764 4338 eodem

2114 4369 2288 4425 modo
2323 4365 2602 4422 animalia
2648 4366 2993 4438 perfectiora
3026 4371 3167 4422 sunt
3198 4359 3210 4423 ὲ
3247 4385 3314 4424 ac
3346 4370 3598 4442 denique
3637 4370 3767 4426 ani-

2115 4458 2374 4514 malibus
2404 4473 2531 4530 quae
2562 4455 2974 4527 perfectionem
3007 4457 3290 4528 majorem
3322 4457 3767 4526 habent,motus

2116 4551 2176 4606 in
2235 4548 2361 4604 loco
2419 4544 2763 4618 adjungitur
2817 4563 2831 4602 :
2892 4544 2988 4600 hic
3023 4547 3224 4617 utique
3282 4551 3340 4602 et
3377 4548 3684 4618 perfectior
3713 4553 3771 4604 et

346 4644 596 4718 proinde
621 4643 913 4714 mobilior,
936 4649 994 4701 et
1020 4645 1241 4701 caeteris
1270 4643 1534 4700 motibus
1564 4643 1722 4716 prior
1751 4643 2113 4717 erit.Quippe
2143 4639 2302 4715 quod
2334 4634 2646 4711 perfectius
2676 4639 3011 4707 est,quanto
3040 4635 3278 4708 quidem
3309 4639 3400 4691 est
3431 4636 3768 4710 perfectius,

346 4738 512 4791 tanto
543 4733 721 4790 etiam
747 4733 1280 4807 imperfectioribus
1308 4738 1398 4790 est
1428 4733 1825 4808 prazstantius.

385 4835 485 4906 δ’.
525 4845 690 4925 Ἀλλ’,
729 4826 862 4918 οὐδ’⁴
917 4835 1235 4918 ἐξαλλάσσει
1315 4849 1415 4918 τὴν
1497 4850 1595 4901 τοῦ
1678 4846 2002 4921 κινουμένου
2037 4850 2083 4915 D

349 4933 754 5008 κατάστασινὴ
803 4935 961 5016 φορά·
1024 4935 1260 5013 καθάπερ
1321 4936 1374 4990 αἱ
1436 4934 1628 4991 λοιπαὶ
1697 4939 1806 4991 τῶν
1861 4936 2014 5007 κινή-

351 5047 510 5084 σεωνο
566 5023 690 5083 οὔτε
765 5028 864 5097 τήν
951 5025 1157 5096 οὐσίαν,
1224 5026 1301 5088 ὡς
1384 5026 1590 5102 γένεσις
1665 5025 1756 5080 καὶ
1816 5023 2008 5104 φθορά·

352 5111 478 5173 οὔτε
526 5117 590 5173 τὸ
625 5111 833 5190 ποσὸν,
890 5117 965 5179 ὡς
1025 5113 1246 5190 αὔξησις
1296 5115 1387 5170 καὶ
1459 5114 1706 5188 μείωσις’
1756 5113 1880 5170 οὕτε
1948 5113 2012 5168 τὸ

350 5206 533 5279 ποιὰν,
593 5207 666 5269 ὡς
751 5204 1087 5273 ἀλλοίωσις..
1131 5206 1202 5259 Τὸ
1279 5201 1336 5260 δὲ
1394 5202 1663 5284 φυλάττον
1740 5205 1840 5273 τήν
1916 5207 2012 5257 τοῦ

352 5295 676 5374 κινουμένου
756 5295 1074 5365 κατάστασιν
1139 5299 1247 5360 τῶν
1333 5294 1408 5368 μὴ
1489 5291 1871 5373 φυλαττόντων
1935 5313 2014 5347 τι·

351 5385 746 5466 ⁵μιιιῦτερονῆίὲιν
821 5384 1060 5461 κριθείη,
1118 5383 1222 5448 καὶ,
1286 5380 1376 5439 διὰ
1442 5384 1590 5438 τοῦτ’
1667 5380 1800 5438 αὐτὸ
1874 5380 2011 5456 πρό-

350 5499 510 5556 τερον
521 5520 534 5534 .

1003 5731 1144 5802 ιιι,
1176 5733 1219 5785 t.
1250 5729 1322 5781 77

2189 4846 2242 4900 4.
2299 4843 2414 4900 Sed
2479 4857 2662 4912 neque
2718 4841 2846 4912 ejus
2904 4841 3056 4912 quod
3117 4845 3383 4898 movetur
3439 4845 3660 4898 statum
3718 4845 3777 4898 et

2126 4932 2517 4990 conditionem
2541 4930 2818 4985 immutat
2839 4928 2979 4985 latio
3009 4930 3074 4995 σο,
3105 4931 3610 5002 quemadmodum
3643 4929 3774 4987 reli-

2123 5023 2224 5094 qui
2255 5027 2450 5077 motus
2477 5037 2490 5087 ;
2551 5035 2656 5075 nec
2688 5018 3107 5086 substantiam,
3140 5022 3205 5073 ut
3235 5020 3532 5091 generatio
3564 5025 3622 5075 et
3649 5036 3779 5074 cor-

2123 5111 2356 5184 ruptio;
2390 5127 2495 5165 nec
2526 5107 2933 5180 quantitatem,
2987 5112 3052 5162 ut
3091 5108 3489 5179 augmentatio
3519 5114 3577 5164 et
3602 5109 3778 5164 dimi-

2124 5201 2318 5267 nutio;
2343 5215 2447 5256 nec
2495 5196 2860 5271 qualitatem,
2885 5201 2950 5252 ut
2971 5195 3440 5268 alteratio.Atqui
3467 5199 3598 5268 ejus
3619 5197 3777 5269 quod

2125 5294 2394 5346 movetur
2423 5291 2643 5344 statum
2693 5302 3074 5351 conservans,
3124 5285 3244 5341 illis
3275 5303 3403 5359 quae
3436 5287 3632 5359 ipsum
3663 5304 3780 5342 non

2124 5381 2494 5447 conservant,
2540 5376 2942 5450 praestantius,
2989 5376 3093 5434 56
3151 5379 3210 5431 et
3249 5380 3559 5448 propterea
3602 5375 3781 5433 etiam

2125 5469 2294 5542 prius
2318 5465 2641 5539 judicatur.

927 5663 1023 5763 ’Ξῖ
1056 5659 1124 5763 44ί
1176 5656 1322 5763 [⁵⁸Ἷῖ
1337 5653 1529 5763 melisa
1546 5653 1724 5763 $31.1“:
1756 5655 1801 5763 τέ
1843 5651 1936 5763 9%;
1979 5727 1987 5763 τ

2101 5646 2335 5763 iphys.
2381 5661 2432 5700 ο.
2468 5643 2556 5716 14,
2587 5645 2628 5700 ι.
2673 5643 2766 5697 77.
2843 5641 3155 5728 538_Phys.
3205 5660 3256 5699 ο.
3305 5643 3392 5714 10,
3426 5641 3466 5699 ι.
3513 5644 3614 5700 58.
3681 5642 3787 5697 ws

922 5721 942 5803 ξ
969 5737 1027 5788 et
1056 5731 1144 5802 14,
1176 5733 1219 5785 t.
1250 5729 1344 5783 77.
1419 5721 1466 5763 ‘0
1494 5726 1529 5780 8
1559 5724 1739 5798 Phys.
1773 5739 1825 5780 c.
1858 5723 1948 5794 10,
1979 5725 2024 5778 ι.
2053 5721 2145 5776 56.
