4094 6418
441 350 596 414 1063

439 571 601 643 prior
659 573 751 625 est
827 568 988 624 latio.
1044 570 1547 642 Augmentatione
1611 568 1767 624 enim
1826 567 2090 624 alteratio

440 665 654 716 natura
683 659 842 731 prior
870 663 960 713 est
1006 659 1050 694 ⁶ί
1113 659 1616 730 (quandoquidem
1647 658 1803 728 quod
1850 662 2090 712 natura-

439 748 573 805 liter
625 752 893 820 augetur,
945 749 1016 802 ab
1067 746 1346 803 alimento
1379 747 1578 820 augeri
1609 745 1755 802 solet
1790 765 1802 808 ;
1846 747 2090 802 alimen-

441 842 572 894 tum
603 842 801 893 autem
834 836 1022 909 primo
1063 836 1302 908 quidem
1347 853 1462 892 non
1511 841 1601 892 est
1628 835 1820 891 simile
1850 835 1898 890 ei
1935 836 2090 906 quod

442 927 641 993 alitur,
674 927 774 982 sed
809 942 911 998 per
968 925 1368 981 alterationem
1415 926 1468 981 ei
1517 925 1882 980 assimilatur
1909 929 1967 978 et
1997 940 2092 996 ag-

442 1016 789 1090 glutinatur,
832 1015 1148 1086 ipsumque
1205 1014 1388 1069 nutrit
1445 1018 1504 1069 et
1557 1018 1765 1086 auget;
1801 1017 1976 1084 atque
2008 1013 2093 1067 ita

443 1103 980 1179 augmentationem
1020 1103 1285 1160 alteratio
1319 1103 1652 1176 praecedit);
1686 1102 2090 1158 alterationem

442 1201 639 1252 autem
695 1193 898 1250 localis
953 1192 1202 1248 mutatio
1254 1191 1561 1262 praecedit;
1594 1190 1845 1262 exempli
1905 1190 2092 1262 gratia

442 1285 505 1339 in
535 1281 891 1338 animalibus
920 1281 1267 1336 alimentum
1300 1282 1373 1336 ad
1403 1279 1795 1336 ventriculum
1828 1278 2090 1335 delatum

441 1373 696 1446 primam
727 1370 1129 1427 alterationem
1157 1370 1337 1438 subit,
1368 1370 1511 1425 dum
1547 1385 1648 1441 per
1693 1367 1853 1423 illius
1883 1384 2090 1423 conco-

443 1462 661 1535 quendi
686 1459 1018 1516 facultatem
1043 1458 1248 1531 chylus
1272 1459 1552 1525 efﬁcitur;
1586 1463 1642 1513 et
1667 1457 1749 1512 ita
1779 1461 2089 1530 postquam

443 1552 514 1607 ad
547 1551 730 1621 hepar
759 1550 1040 1620 pervenit,
1065 1548 1125 1602 in
1159 1547 1507 1620 sanguinem
1535 1551 1834 1613 mutatur;
1865 1549 1922 1600 et
1953 1545 2091 1600 hinc

442 1639 697 1710 denique
748 1638 800 1694 ei
843 1638 998 1709 quod
1045 1635 1324 1704 nutritur,
1375 1635 1759 1692 assimilatur.
1809 1638 1998 1706 Atque
2029 1639 2094 1689 ut

440 1727 783 1785 summatim
832 1727 1044 1794 dicam,
1096 1726 1330 1796 quando
1375 1731 1694 1797 utrumque
1723 1724 1781 1778 in
1816 1724 1953 1779 sede
1985 1740 2092 1778 sua

440 1822 658 1886 manet,
692 1832 828 1872 eum
855 1815 913 1869 id
936 1815 1091 1888 quod
1115 1815 1478 1881 alterat,tum
1507 1814 1566 1869 id
1598 1814 1752 1885 quod
1789 1812 2090 1878 alteratur,

439 1905 566 1961 ﬁeri
629 1904 831 1976 nequit
885 1902 1170 1958 alteratio.
1233 1901 1459 1958 Localis
1501 1918 1606 1974 ego
1662 1906 1856 1957 motus
1915 1899 1999 1956 vel
2030 1899 2090 1954 in

439 1995 702 2065 alterato,
733 1992 822 2049 vel
853 1993 913 2047 in
945 1992 1245 2059 alterante,
1276 1991 1366 2047 vel
1397 1992 1574 2047 etiam
1629 1992 1687 2046 in
1720 1996 1970 2062 utroque
2002 2005 2093 2044 re-

440 2084 732 2156 quiritur;
766 2082 1061 2154 siquidem
1120 2080 1386 2136 alteratio
1423 2081 1620 2136 futura
1692 2079 1788 2136 sit.
1821 2081 1879 2134 Si
1911 2079 2102 2151 igitur

439 2173 598 2248 prior
616 2177 703 2229 est
723 2170 992 2228 alteratio
1017 2169 1270 2226 naturali
1293 2169 1532 2241 quidem
1564 2168 2092 2241 augmentatione‘”

441 2264 578 2336 (non
612 2261 770 2318 enim
799 2261 977 2316 etiam
1035 2258 1470 2327 mathematica,
1520 2275 1638 2330 qua
1676 2257 2092 2329 circumposita

439 2366 733 2425 gnomone
772 2349 1127 2422 quadratum
1183 2350 1641 2419 augmentatur),
1703 2346 1798 2402 57
1857 2362 2092 2401 omnem

441 2447 639 2497 autem
672 2439 1077 2495 alterationem
1107 2437 1376 2508 quaedam
1405 2436 1468 2491 in
1515 2435 1640 2492 loco
1696 2435 1907 2491 mutati
1938 2440 2096 2489 ante—

443 2531 640 2599 cedit;
673 2531 884 2584 natura
909 2525 1134 2582 caeteris
1161 2525 1421 2581 motibus
1451 2523 1590 2580 latio
1621 2524 1780 2596 prior
1825 2525 1952 2580 erit.
1986 2527 2095 2579 Ge-

444 2619 668 2676 neratio
720 2617 878 2674 enim
909 2617 953 2650 ⁵³
991 2619 1050 2672 et
1106 2613 1403 2686 corruptio
1463 2613 1696 2686 proprie
1749 2618 1946 2670 motus
1977 2630 2093 2669 non

444 2726 575 2766 esse
605 2707 666 2762 in
693 2705 1076 2779 sequentibus
1105 2704 1611 2760 monstrabuntur.

517 2799 571 2852 6.
601 2797 885 2867 Tempore
911 2798 1191 2867 praeterea
1215 2809 1333 2848 non
1366 2792 1509 2849 solis
1554 2791 1814 2848 motibus
1857 2796 2094 2847 natura-

444 2886 602 2942 libus
634 2883 1009 2957 reliquis,sed
1028 2883 1204 2938 etiam
1233 2882 1608 2954 generatione
1638 2885 1696 2936 et
1725 2880 2098 2953 corruptione

444 2974 651 3032 localis
699 2981 895 3030 motus
943 2972 1103 3045 prior
1149 2975 1258 3027 est.
1324 2971 1628 3043 Corruptio
1689 2970 1848 3026 enim
1901 2971 2095 3041 quoad

450 3070 685 3136 tempus
716 3061 876 3118 omni
908 3060 1232 3117 mutatione
1261 3065 1350 3116 est
1397 3059 1702 3132 posterior,
1755 3065 1820 3114 ut
1865 3076 1992 3131 quas
2023 3059 2098 3114 ab

448 3169 516 3210 eo
549 3153 706 3224 quod
737 3155 826 3208 est
857 3151 927 3206 ad
960 3151 1016 3205 id
1053 3150 1208 3222 quod
1241 3166 1356 3205 non
1395 3154 1502 3218 est,
1565 3149 1834 3205 transitio
1864 3147 1963 3205 sit.
1996 3148 2100 3204 Ge-

1691 345 2120 412 NlCEPHORl
2163 342 2604 410 BLEMMIDIE

507 483 564 537 5.
626 481 910 536 Praeterea
965 496 1099 536 vero
1157 479 1335 535 etiam
1385 483 1595 536 natura
1644 478 1778 535 aliis
1827 479 2086 535 motibus
2116 484 2172 552 Α

3676 350 3806 412 1064

2273 479 2330 533 ε’.
2365 481 2485 532 ’Έτι
2536 473 2594 531 δὲ
2645 474 2734 530 καὶ
2779 474 2932 552 φύσει
3002 473 3242 551 προτέρα
3285 479 3392 530 τῶν
3449 473 3624 532 ἄλλῶν
3674 483 3804 552 κινή-

2201 587 2334 620 σεων
2366 568 2402 635 ἡ
2435 566 2596 643 φορά.
2645 569 2757 633 Τῆς
2810 565 2914 644 ,μὲν
2972 565 3078 640 γὰρ
3136 564 3407 635 αὐξήσεως
3453 568 3486 635 ἡ
3543 565 3805 632 ἀλλοίωσίς

2200 655 2309 710 ἐστι
2340 653 2578 730 προτέρα
2634 654 2770 708 κατὰ
2828 652 2983 732 φύσιν
3043 653 3182 726 (ἐπεὶ
3238 655 3300 708 τὸ
3356 658 3584 733 φυσικῶς
3611 655 3803 730 αὐξόμε-

2197 765 2288 798 νον
2366 744 2468 798 ὑπὸ
2542 750 2750 821 τροφῆς
2827 739 3074 813 αὔξεσθαι
3152 745 3404 822 πέφυκεν·
3462 747 3496 813 ἡ
3561 742 3615 799 δὲ
3660 748 3804 822 τροφή

2198 831 2465 908 πρότερον
2517 831 2610 904 μὲν
2661 829 2802 885 ἔστιν
2851 829 2960 906 οὐχ
3006 829 3174 903 ὁμοία
3218 835 3298 903 τῷ
3345 831 3667 908 τρεφομένῳ,
3714 833 3804 904 ἐξο-

2205 925 2455 993 μοιοῦται
2486 916 2543 974 δὲ
2569 918 2748 992 τούτῳ
2797 915 2867 974 δι’
2915 918 3286 981 ἀλλοιώσεως.
3321 920 3418 975 Καὶ
3474 921 3806 996 προσκρίνεται

2199 1008 2289 1062 καὶ
2353 1007 2535 1086 τρέφει
2593 1007 2683 1062 καὶ
2751 1004 2893 1078 αὔξει
2970 1006 3121 1077 αὐτὸ,
3173 1007 3262 1062 καὶ
3331 1007 3472 1062 οὕτω
3526 1015 3807 1085 προηγεῖται

2196 1103 2298 1166 τῆς
2348 1096 2620 1170 αὐξήσεως
2671 1098 2706 1164 ἡ
2751 1094 3098 1169 ἀλλοίωσις),
3127 1094 3484 1159 ἀλλοιώσεως
3530 1094 3584 1152 δὲ
3627 1099 3658 1167 ἡ
3702 1099 3809 1152 κατὰ

2195 1186 2362 1240 τόπον
2416 1180 2718 1258 μεταϐολήο
2771 1186 2885 1238 οἷον
2958 1183 3046 1239 ἐπὶ
3108 1189 3215 1239 τῶν
3269 1186 3422 1255 ζώων
3461 1189 3495 1250 ἡ
3541 1187 3701 1264 τροφὴ
3748 1191 3810 1258 τῷ

2199 1275 2468 1351 στομάχῳ
2558 1275 2981 1349 προσενεχθεῖσα
3069 1274 3167 1342 τήν
3257 1274 3478 1349 πρώτην
3553 1272 3807 1330 ἀλλοίωσιν

2199 1361 2543 1434 ἀλλοιοῦται,
2588 1361 3026 1439 χυλοποιηθεῖσα
3086 1359 3177 1416 διὰ
3222 1367 3320 1416 τοῦ
3366 1361 3418 1417 ἐν
3472 1362 3601 1438 αὖτῇ
3653 1385 3807 1418 πεπτι-

2199 1456 2320 1522 κοῦ,
2351 1452 2443 1506 καὶ
2475 1451 2618 1506 οὕτω
2647 1450 2912 1526 γενομένη
2963 1452 3100 1526 πρὸς
3148 1451 3210 1505 τὸ
3253 1453 3401 1529 ἧπαρ
3434 1451 3807 1526 ’ἐξαιματοῦται,

2199 1542 2479 1606 κάντεῦθεν
2529 1540 2872 1613 ἐξομοιοῦται
2943 1545 3023 1611 τῷ
3068 1539 3408 1618 τρεφομένῳ.
3461 1541 3557 1595 Καὶ
3610 1538 3810 1605 καθόλου

2201 1627 2247 1683 δ’
2306 1630 2498 1702 εἰπεῖν,
2553 1634 2651 1684 τοῦ
2713 1627 3072 1691 ἀλλοιοῦντος
3129 1628 3218 1684 καὶ
3275 1634 3374 1684 τοῦ
3431 1627 3807 1704 ἀλλοιουμένου,

2204 1718 2475 1792 μενόντων
2547 1719 2682 1773 κατᾶ
2747 1719 2936 1794 χώραν
2998 1718 3223 1788 ἑαυτῶν,
3282 1718 3381 1773 οὐκ
3437 1717 3495 1773 ἂν
3552 1717 3809 1780 ἀλλοίωσις

2201 1809 2438 1883 γένοιτο.
2473 1812 2563 1862 Δεῖ
2591 1811 2721 1882 γοῦν
2749 1809 3015 1878 κινήσεως
3064 1814 3300 1876 τοπικῆς
3354 1808 3390 1877 ἢ
3447 1813 3540 1863 τοῦ
3593 1808 3810 1865 ἀλλοιου-

2206 1899 2390 1971 μένου,
2449 1898 2483 1966 ἢ
2545 1902 2640 1952 τοῦ
2706 1895 3087 1970 ἀλλοιοῦντος,
3144 1897 3181 1966 ἢ
3233 1897 3325 1952 καὶ
3399 1897 3719 1976 ἀμφοτέρων,
3775 1896 3810 1950 εἰ

2206 1985 2397 2058 μέλλ;ι
2461 1988 2702 2062 γενέσθαι
2761 1985 3084 2048 ἀλλοίωσις.
3135 1986 3198 2042 Εἰ
3248 1987 3431 2042 τοίνυν
3479 1986 3697 2064 προτέρα
3739 1985 3809 2058 μὲν

2199 2084 2300 2145 τῆς
2351 2079 2582 2154 φυσικῆς
2631 2075 2906 2147 αὐξήσεως
2947 2078 2981 2144 ἡ
3013 2073 3316 2139 ἀλλοίωσις
3366 2076 3451 2150 (οὐ
3499 2078 3596 2152 γὰρ
3641 2073 3699 2143 δὴ
3742 2074 3809 2128 καὶ

2199 2173 2300 2235 τῆς
2373 2172 2762 2240 μαθηματικῆς
2826 2166 2943 2219 καθ’
2991 2167 3058 2234 ἣν
3120 2161 3335 2235 αὔξεται
3406 2167 3468 2220 τὸ
3520 2165 3807 2242 τετράγωνον

2199 2259 2268 2330 τῇ
2317 2255 2586 2329 περιθέσει
2634 2259 2733 2310 τοῦ
2781 2255 3113 2330 γνώμονος).
3167 2255 3350 2326 πάσης
3409 2253 3452 2310 δ’
3505 2253 3811 2311 ἀλλοιώσεως

2200 2343 2525 2419 προηγεῖταί
2612 2365 2692 2405 τις
2772 2345 2909 2398 κατὰ
2981 2344 3150 2399 τόπον
3228 2339 3533 2418 μεταϐολή·
3615 2342 3812 2420 προτέρα

2203 2432 2356 2509 φύσει
2435 2435 2544 2487 τῶν
2627 2429 2814 2487 ἄλλων
2904 2431 2962 2486 ἂν
3045 2427 3132 2503 ἐίἠ
3228 2436 3495 2505 κινήσεων
3571 2435 3604 2503 ἡ
3679 2430 3807 2510 φορά.

2206 2521 2416 2583 Γένεσις
2474 2523 2579 2597 γὰρ
2635 2521 2724 2574 καὶ
2767 2522 2943 2597 φθορὰ
3002 2523 3078 2594 μὴ
3143 2522 3300 2577 οὖσαι.
3352 2524 3552 2600 κυρίως
3588 2523 3809 2592 κινήσεις,

2206 2611 2257 2666 ἐν
2291 2616 2407 2672 τοῖς
2441 2609 2728 2683 ἑπομένοις
2763 2607 3170 2685 δειχθήσονται.

2277 2792 2342 2855 ς’.
2394 2789 2585 2867 Χρόνῳ
2644 2788 2701 2845 δὲ
2757 2789 3072 2867 προτερεύει
3133 2792 3207 2864 μὴ
3276 2791 3455 2866 μόνων
3502 2797 3604 2848 τῶν
3659 2787 3810 2845 ἄλλων

2205 2884 2442 2958 φυσικῶν
2495 2882 2759 2950 κινήσεων
2809 2883 2844 2949 ἡ
2892 2882 3028 2935 κατὰ
3099 2880 3292 2954 τόπον,
3346 2879 3488 2937 ἀλλὰ
3557 2881 3640 2935 καὶ
3694 2877 3810 2954 γενέ-

2207 2991 2340 3032 σεως
2401 2969 2489 3024 καὶ
2540 2971 2757 3048 φθορᾶς.
2809 2971 2996 3046 Φθορά
3056 2970 3148 3043 μὲν
3203 2971 3307 3048 γὰρ
3362 2970 3566 3040 ἁπάσης
3622 2961 3812 3044 μεταϐο-

2208 3057 2314 3129 λῆς
2375 3059 2774 3135 ὑστεροχρονεῖ,
2831 3054 3125 3132 μετάϐασις
3201 3059 3262 3115 ἐκ
3334 3066 3432 3116 τοῦ
3504 3059 3649 3122 ὄντος
3713 3055 3814 3111 οὖσα

2206 3147 2342 3223 πρὸς
2393 3148 2456 3202 τὸ
2510 3148 2585 3221 μὴ
2639 3143 2716 3201 ὅν·
2743 3147 2946 3223 γένεσις
2998 3146 3056 3202 δὲ
3104 3145 3347 3226 προτέρά
3396 3150 3489 3224 μὲν
3528 3149 3602 3227 ἐφ’
3631 3149 3815 3202 ἑκάστου

451 3241 676 3298 neratio
708 3246 905 3296 autem
937 3241 982 3274 ⁶⁴
1012 3239 1073 3294 in
1121 3255 1477 3310 unoquoque
1521 3254 1723 3293 eorum
1756 3255 1884 3310 quae
1925 3238 2094 3303 ﬁunt,

2207 3241 2314 3291 τῶν
2360 3237 2681 3311 γινομένων,
2720 3241 2820 3291 τοῦ
2859 3236 3024 3292 αὐτοῦ
3073 3234 3291 3308 δηλαδὴ
3341 3239 3432 3294 καὶ
3463 3239 3576 3301 ἑνὸς
3620 3254 3812 3291 σκοπου-

451 3333 503 3390 si
533 3348 720 3386 unum
744 3329 1013 3385 videlicet
1040 3328 1316 3400 idemque
1346 3327 1753 3399 respiciamus,
1787 3327 1947 3398 prior
1972 3344 2098 3399 per-

450 3420 748 3495 spicietur.
810 3419 1192 3489 Posteaquam
1252 3417 1409 3472 enim
1444 3433 1536 3472 res
1575 3420 1867 3488 generata,
1901 3421 2009 3483 est,
2044 3420 2101 3472 et

449 3529 556 3585 per
628 3509 946 3566 essentiam
1025 3506 1316 3573 subsistit,
1383 3513 1523 3561 tunc
1582 3506 1820 3561 demum
1877 3505 2098 3561 caneris

449 3600 727 3670 motibus,
760 3602 815 3653 et
844 3597 1082 3652 tandem
1111 3595 1280 3651 locali
1322 3600 1605 3650 movetur.
1656 3593 1713 3648 Si
1765 3598 1963 3649 autem
2009 3611 2099 3650 co-

447 3690 707 3763 gitamus
740 3686 1129 3758 antiquiorem
1184 3685 1299 3740 ﬁlio
1341 3689 1566 3756 patrem
1624 3699 1774 3749 esse,
1809 3688 2100 3755 quatenus

449 3779 743 3852 perfectus
777 3777 948 3832 homo
981 3780 1116 3831 ante
1146 3774 1344 3841 fuit,et
1373 3777 1534 3828 motu
1565 3771 1733 3828 locali
1766 3789 1882 3827 non
1913 3772 2102 3828 caruit

447 3868 625 3924 etiam
657 3870 975 3938 antequam
1009 3867 1173 3936 pater
1202 3863 1403 3930 fieret;
1437 3865 1632 3934 atque,
1654 3869 1718 3916 ut
1750 3861 2097 3916 summatim

446 3957 661 4027 dicam,
692 3954 903 4010 coelum
935 3969 1029 4008 res
1073 3968 1278 4008 omnes
1309 3951 1573 4006 conditas
1603 3954 1893 4006 vetustate
1922 3967 2100 4023 supe-

2214 3327 2397 3399 μένοις
2475 3327 2899 3399 θεωρηθήσεται.
2961 3327 3109 3381 Μετὰ
3183 3327 3288 3404 γὰρ
3361 3329 3425 3384 τὸ
3495 3327 3708 3406 γενέσθαι
3766 3322 3814 3376 τὸ

2206 3418 2435 3488 πρᾶγμα
2516 3411 2605 3467 καὶ
2690 3419 2808 3467 κατ’
2889 3412 3071 3468 οὐσίαν
3163 3414 3482 3486 ὑποστῆναι,
3562 3415 3678 3470 τότε
3740 3410 3814 3470 τὰς

2208 3499 2381 3562 ἄλλοις
2437 3507 2662 3556 κινεῖται
2717 3504 2980 3574 κινήσεις,
3039 3502 3128 3558 καὶ
3181 3501 3492 3562 τελευταίαν
3547 3505 3640 3574 τὴν
3685 3519 3811 3556 τοπι-

2205 3592 2330 3660 κήν.
2389 3595 2663 3645 Ἐννοοῦσι
2720 3589 2765 3646 δ’
2822 3593 2981 3665 ἡμῖν,
3031 3593 3106 3654 ὡς
3161 3593 3189 3647 ὁ
3247 3596 3431 3671 πατὴρ
3496 3587 3810 3669 πρεσϐύτερος

2205 3683 2303 3733 τοῦ
2333 3680 2454 3733 υἱοῦ
2488 3678 2700 3742 τέλειος
2750 3680 3035 3755 ἄνθρωπος
3081 3678 3176 3753 ὢν,
3209 3683 3301 3739 καὶ
3350 3683 3449 3752 τῆς
3503 3683 3632 3738 κατὰ
3678 3678 3810 3734 τόπον

2213 3769 2289 3842 μὴ
2350 3767 2711 3844 ἐστερημένος
2776 3771 3065 3841 κινήσεως,
3125 3769 3214 3824 καί
3273 3773 3413 3848 πρὸς
3469 3777 3562 3828 τοῦ
3613 3769 3814 3848 γενέσθαι

2207 3857 2408 3933 πατὴρ,
2439 3855 2585 3920 ὅλως
2629 3878 2690 3912 τε
2729 3863 2827 3913 τοῦ
2868 3863 3098 3934 γενητοῦ
3147 3862 3346 3925 παντὸς
3404 3863 3432 3917 ὁ
3489 3860 3695 3938 οὐρανὸς
3741 3855 3814 3926 ἀρ·

2209 3946 2522 4024 χαιότατος,
2555 3951 2634 4019 τῷ
2681 3944 2728 4001 δ’
2778 3946 2988 4023 οὐρανῷ
3043 3951 3298 4026 συμφυὴς
3355 3954 3389 4022 ἡ
3450 3951 3603 4030 φορὰ,
3641 3945 3814 4002 πάντως

447 4063 597 4117 rare,
655 4044 933 4100 lationem
991 4047 1186 4098 autem
1241 4039 1384 4096 coelo
1443 4056 1571 4095 esse
1613 4039 1897 4105 insitam;
1961 4056 2102 4096 sane

447 4135 588 4191 latio
636 4134 812 4190 etiam
862 4133 1055 4204 quoad
1102 4135 1334 4201 tempus
1381 4128 1541 4184 omni
1591 4133 1751 4185 motu
1804 4133 1860 4184 et
1909 4132 2100 4184 muta-

451 4225 634 4295 tione,
667 4224 932 4293 adeoque
961 4221 1137 4276 etiam
1186 4219 1316 4291 ipsa
1364 4218 1736 4291 generatione
1786 4217 1946 4290 prior
1973 4235 2102 4274 esse

455 4312 945 4386 deprehendetur.
1004 4309 1408 4378 Generatione}
1439 4311 1637 4363 autem
1668 4307 1796 4362 dico
1826 4307 2100 4376 naturali,

456 4420 585 4476 quae
618 4418 686 4458 ex
729 4417 795 4455 eo
828 4399 983 4472 quod
1017 4396 1276 4470 potentia
1306 4401 1413 4467 est,
1460 4400 1592 4452 actu
1639 4413 1773 4452 vero
1831 4396 1932 4454 58
1986 4413 2102 4451 non

454 4496 567 4559 est,
624 4491 694 4547 ad
757 4495 887 4544 actu
951 4504 1079 4544 esse
1133 4486 1466 4559 progressio
1515 4490 1605 4541 est
1650 4489 1707 4540 et
1763 4485 2105 4557 temporalis

455 4579 764 4635 transitus.
799 4575 1284 4648 Quandoquidem
1317 4574 1491 4630 etiam
1545 4573 1722 4629 aliam
1776 4573 2104 4646 generatio-

457 4685 590 4724 nem
623 4666 770 4723 ratio
801 4664 1067 4738 agnoscit
1099 4663 1348 4718 naturali
1381 4661 1809 4730 sublimiorem,
1861 4679 1990 4734 quae
2017 4666 2106 4717 est

456 4756 713 4812 universi
769 4771 841 4811 ex
897 4770 1137 4826 prorsus
1196 4751 1381 4808 nihilo
1439 4751 1745 4807 existentia
1802 4756 1859 4807 et
1914 4751 2108 4824 prima

455 4844 799 4918 procreatio.
865 4841 1376 4907 Quemadmodum
1433 4841 1589 4895 enim
1639 4840 1897 4896 efﬁciens
1929 4857 2110 4896 causa

460 4933 676 5006 duplex
705 4937 830 5001 est;
866 4936 923 4988 et
951 4931 1282 5004 propinqua
1313 4946 1437 5000 quae
1469 4933 1680 4984 natura
1709 4945 1837 4984 esse
1869 4927 2108 4996 dicitur,

460 5027 518 5080 et
574 5021 853 5095 primario
924 5037 991 5076 ac
1049 5019 1281 5092 proprie
1354 5035 1551 5086 causa,
1609 5034 1736 5089 qua
1789 5021 1877 5073 est
1943 5034 2112 5073 mens

461 5110 926 5177 architectatrix;
948 5109 1034 5164 sic
1056 5107 1353 5180 generatio
1376 5105 1593 5177 duplex
1615 5111 1706 5161 est
1735 5123 1853 5160 una
1873 5107 2112 5177 quidem

461 5218 532 5257 ex
562 5199 1039 5272 prmsubsistente
1061 5201 1196 5269 apta
1217 5196 1463 5252 materia
1480 5196 1550 5250 ad
1585 5195 1833 5250 formam
1855 5196 2113 5266 aliquam

464 5305 599 5346 cum
631 5285 939 5360 temporali
962 5286 1298 5342 extensione
1325 5283 1629 5357 productio
1651 5284 1845 5355 (cujus
1876 5285 2115 5355 quidem

465 5376 861 5449 generationis
893 5374 1246 5448 principium
1281 5378 1338 5428 et
1392 5389 1588 5439 causa,
1632 5371 1742 5443 vel,
1803 5376 1868 5427 ut
1922 5373 2119 5430 verius

2208 4039 2244 4107 ἡ
2291 4037 2432 4115 φορὰ
2488 4035 2726 4112 προτέρα
2776 4037 2866 4090 καὶ
2918 4037 3054 4092 κατὰ
3103 4038 3307 4115 χρόνον
3366 4039 3542 4112 πάσης
3595 4038 3814 4106 κινήσεως

2209 4125 2299 4180 καὶ
2353 4120 2663 4199 μεταϐολῆς
2710 4126 2801 4179 καὶ
2832 4125 3006 4196 αὐτῆς
3055 4123 3122 4197 δὴ
3181 4135 3285 4198 τῆς
3344 4129 3597 4206 γενέσεως
3643 4119 3817 4201 εὑρεθή-

2209 4233 2377 4270 σεται.
2428 4212 2690 4274 Γενέσεως
2741 4210 2799 4267 δὲ
2843 4212 2992 4289 λέγῳ
3043 4222 3146 4285 τῆς
3201 4225 3434 4295 φυσικῆς
3485 4217 3601 4287 ἥτις
3650 4207 3814 4272 ἐστὶνὴ

2214 4302 2274 4358 ἐκ
2301 4306 2399 4357 τοῦ
2449 4299 2674 4375 δυνάμει
2726 4297 2904 4376 ὄντος,
2939 4303 3182 4379 ἐνεργείᾳ
3215 4293 3290 4362 δὲ
3341 4309 3418 4381 μὴ
3465 4302 3632 4378 ὄντος,
3661 4302 3726 4362 εἷς
3770 4293 3816 4349 τὸ

2211 4391 2452 4468 ἐνεργείᾳ
2537 4390 2672 4445 εἶναι
2757 4389 2994 4465 πρόοδος
3053 4394 3143 4449 καὶ
3227 4393 3516 4469 μετάϐασις
3583 4392 3814 4470 ἔγλρονοξο

2219 4481 2353 4537 Επεί
2381 4479 2469 4535 τοί
2498 4501 2561 4555 γε
2590 4480 2680 4534 καὶ
2709 4479 2888 4552 ἄλλην
2947 4485 3148 4558 γένεσιν
3208 4482 3351 4541 οἶδεν
3401 4487 3429 4540 ὁ
3488 4485 3660 4561 λόγος,
3716 4474 3815 4546 ὑπὲρ

2207 4573 2307 4638 τὴν
2371 4571 2602 4648 φυσικὴν
2658 4567 2815 4633 οὗςαν
2865 4575 2964 4642 τὴν
3027 4572 3086 4629 ἐκ
3140 4579 3239 4628 τοῦ
3301 4573 3529 4649 μηδαμῆ
3591 4567 3816 4647 μηδαμῶς

2213 4655 2370 4722 ὄντος
2437 4658 2660 4734 ὕπαρξιν
2719 4665 2815 4714 τοῦ
2880 4660 3190 4736 σύμπαντος
3228 4664 3320 4718 καὶ
3385 4665 3603 4740 πρώτην
3663 4653 3817 4713 οὖσίω-

2214 4769 2316 4806 σιν.
2361 4750 2564 4825 Ὥσπερ
2614 4749 2718 4825 γὰρ
2766 4748 2830 4804 τὸ
2880 4753 3168 4822 ποιητικὸν
3226 4751 3398 4809 α’ἷίτιον
3455 4751 3640 4823 διττὸν,
3683 4743 3736 4801 τό
3776 4755 3819 4791 τε

2215 4837 2485 4914 προσεχὲς
2534 4836 2666 4912 ὅπερ
2705 4840 2740 4907 ἡ
2777 4837 2936 4916 φύσις
2994 4839 3210 4916 λέγεται
3269 4843 3424 4916 εἶναι,
3483 4840 3568 4896 καὶ
3610 4837 3666 4892 τὸ
3701 4826 3820 4916 πρώ-

2216 4947 2326 4988 τως
2379 4926 2469 4981 καὶ
2526 4926 2726 5002 κυρίως
2789 4925 2984 5003 αἷίτιον,
3036 4928 3168 5006 ὅπερ
3229 4930 3370 4987 ἐστίν
3431 4933 3458 4987 ὁ
3513 4933 3629 4989 νοῦς
3673 4925 3697 4978 ὁ
3745 4915 3818 4984 δη·

2226 5015 2503 5092 μιουργός·
2557 5015 2700 5071 οὕτω
2758 5014 2910 5088 διττή
2970 5021 3005 5088 ἡ
3065 5022 3359 5096 γένεσις,ἡ
3398 5022 3491 5095 μὲν
3549 5019 3604 5074 ἐκ
3652 5018 3818 5096 προϋφς

2223 5089 2464 5175 εστώνσης
2515 5103 2653 5176 ὕλης
2715 5104 3025 5178 ἐπιτηδείου
3078 5089 3181 5172 ἐἰς
3263 5089 3408 5173 έῖδὸέ
3475 5131 3525 5164 τι
3573 5089 3818 5181 τιροειγίυγἡ

2229 5194 2362 5268 μετά
2392 5202 2660 5271 χρονικῆς
2691 5198 3042 5272 παρατάσεως
3074 5198 3297 5272 (ταύτης
3355 5198 3411 5254 δὲ
3464 5205 3560 5267 τῆς
3610 5188 3819 5270 γενέσεως

2228 5284 2374 5360 ἀρχὴ
2423 5283 2512 5338 καὶ
2560 5283 2704 5340 αἰτία
2745 5288 3047 5362 προσεχὴς,
3077 5288 3139 5343 τὸ
3190 5287 3234 5344 δ’
3277 5287 3644 5360 ἀληθέστερον,
3673 5290 3821 5362 cava!"

2226 5355 2393 5442 τίοι-ἡ
2445 5373 2602 5452 φύσις
2665 5355 2850 5450 ἐστίν)ο
2907 5355 3041 5445 ῆνδέ
3077 5377 3232 5454 ἑτέρα
3287 5355 3486 5454 γένεσις
3538 5355 3822 5445 ⁷δημιθυργία

540 5589 858 5665 6³,8-Ρὴγετ
882 5605 931 5665 cA.
958 5590 1054 5665 19,
1088 5593 1130 5655 t,
1163 5589 1346 5665 55,_et
1371 5587 1407 5665 _2
1436 5587 1514 5665 de
1535 5587 1766 5658 Anima,
1797 5603 1847 5654 c,
1880 5589 1933 5656 3,
1988 5592 2032 5644 t.
2080 5589 2099 5643 4

2244 5590 2290 5626 ⁶²
2321 5590 2444 5646 Lib.
2501 5591 2936 5664 Categoriarum
2985 5609 3035 5648 c.
3070 5594 3158 5665 14,
3189 5612 3238 5650 s.
3269 5595 3322 5648 5.
3397 5593 3442 5629 ⁸³
3468 5592 3501 5647 5
3529 5586 3683 5658 Phys.
3716 5591 3756 5639 ο,
3777 5569 3818 5634 δι

473 5668 520 5723 ι.
554 5663 744 5721 10-12.
770 5659 787 5662 ’
821 5661 866 5696 ⁶⁴
895 5661 929 5714 8
958 5659 1133 5735 Phys.
1165 5676 1214 5715 c.
1251 5659 1339 5729 10,
1369 5663 1412 5714 t.
1443 5659 1534 5715 57.
