4094 6458
263 378 290 434 1
301 377 419 437 065

1599 371 1948 434 ΕΡΙΤΟΜΕ
1994 373 2354 434 PHYSICA.

3522 377 3548 432 1
3558 374 3678 433 066

258 509 356 560 τοῦ
385 504 724 581 πράγματος,
757 504 844 560 καὶ
873 509 970 560 τοῦ
1027 502 1156 576 μηδ’
1189 502 1334 566 ὅλως
1395 499 1549 566 ὄντος
1608 511 1908 580 παραγωγῆ

2041 506 2255 577 loquar,
2289 506 2574 576 adjuvans
2623 523 2800 561 causa
2843 511 2932 561 est
2977 508 3207 577 natura)
3243 525 3255 572 ;
3311 506 3493 561 altera
3542 521 3677 562 vero

260 595 438 670 χωρὶς
493 601 594 664 τῆς
644 595 859 648 οἱασοῦν
907 595 1281 669 παρατάσεως.
1329 593 1538 664 Ταύτης
1601 600 1699 662 τῆς
1761 591 1908 666 γενέ-

259 704 394 745 σεως
427 683 573 759 ἀρχή
605 682 694 738 καὶ
727 682 872 737 αἰτία
918 682 1058 754 μόνη
1121 681 1261 736 ἐστὶν
1294 685 1329 752 ἠ
1364 683 1693 758 παντουργὸς
1750 680 1912 758 σοιρία

257 771 347 828 καὶ
427 771 656 845 δύναμις
728 776 824 826 τοῦ
880 776 1035 848 Θεοῦ,
1094 774 1128 840 ἡ
1191 771 1280 826 καὶ
1339 772 1437 839 τῆς
1479 770 1617 841 ὕλης
1671 769 1761 824 καὶ
1809 777 1911 838 τῆς

260 860 471 940 φύσεως
509 861 600 916 καὶ
641 865 747 916 τῶν
797 856 966 916 ὅντων
1008 862 1257 916 ἀπάντων
1313 863 1600 930 ποιητική.
1632 865 1759 922 Πῶς
1816 859 1909 928 μὲν

260 948 353 1007 οὖν
413 954 474 1021 ἡ·
504 951 642 1006 κατὰ
694 951 862 1006 τόπον
929 945 1207 1024 μεταϐολή
1275 951 1466 1026 πρώτη
1547 953 1729 1004 πασῶν
1804 953 1910 1001 τῶν

259 1043 525 1112 κινήσεων
581 1039 673 1095 καὶ
731 1039 898 1110 αὐτῆς
957 1047 1057 1110 τῆς
1113 1038 1368 1117 γενέσεως
1414 1037 1504 1094 καί
1563 1038 1720 1100 ποίας
1764 1035 1911 1114 γενέ-

261 1151 420 1203 σεως,
453 1129 688 1205 εἴρηται.

335 1311 397 1379 ζ’.
425 1306 604 1378 Δῆλον
665 1307 712 1362 δ’
768 1307 828 1363 ἐκ
881 1312 988 1363 τῶν
1049 1306 1377 1381 εἰρημένων,
1405 1305 1488 1362 ὅτι
1539 1306 1691 1376 καὶὴ
1723 1305 1914 1378 κύκλῳ

260 1400 471 1470 κίνησις
537 1402 722 1453 πασῶν
779 1396 1091 1474 προτερεύει
1142 1401 1249 1452 τῶν
1308 1396 1444 1451 κατά
1515 1395 1681 1450 τόπον
1759 1396 1914 1464 κινή-

262 1509 418 1561 σεων,
452 1486 536 1543 ὅτι
578 1486 668 1542 καὶ
723 1491 804 1559 τῷ
852 1489 1057 1562 πρώτῳ
1111 1491 1217 1541 τῶν
1278 1485 1546 1556 αἰσθητῶν
1605 1485 1916 1558 κτισμάτων

256 1582 336 1650 τῷ
392 1576 607 1654 οὐρανῷ
665 1577 940 1654 συμφυής.
994 1579 1168 1650 Τριῶν
1231 1575 1322 1630 οὖν
1393 1574 1566 1629 οὐσῶν
1647 1575 1915 1643 κινήσεων

255 1669 532 1736 τοπικῶν,
562 1671 663 1734 τῆς
723 1663 804 1719 ἐπ’
864 1662 1089 1736 εὐθείας,
1138 1669 1239 1733 τῆς
1294 1660 1507 1736 κύκλῳ,
1556 1661 1646 1717 καὶ
1701 1664 1800 1731 τῆς
1858 1661 1918 1716 ἐκ

255 1755 464 1811 τούτων
523 1757 740 1828 μικτῆς,
769 1755 867 1822 τῆς
901 1753 996 1826 μὲν
1051 1759 1251 1826 μικτῆς
1296 1752 1404 1826 οὐχ
1431 1755 1467 1822 ἡ
1501 1750 1690 1824 κύκλῳ
1724 1751 1915 1824 μόνον,

2023 596 2318 666 generatio
2343 600 2432 650 est
2460 595 2684 650 ell‘ectio
2718 596 2819 665 rei,
2841 599 2896 650 et
2919 597 3044 664 ejus
3066 595 3222 666 quod
3253 594 3410 651 nullo
3438 595 3678 650 omnino

2023 685 2196 740 modo
2228 689 2371 751 erat,
2421 685 2548 740 sine
2595 684 2717 739 ulla
2754 685 3088 740 extensione
3141 685 3434 740 adductio.
3487 688 3678 755 Atque

2021 772 2274 844 hujusce
2305 774 2701 846 generationis
2753 773 3111 845 principium
3144 779 3202 829 et
3233 789 3412 829 causa
3439 772 3562 829 sola
3590 776 3681 829 est

2022 863 2293 918 omnium
2328 880 2526 918 rerum
2560 863 2819 919 effectrix
2864 863 3151 934 sapientia
3181 866 3238 918 et
3264 862 3525 934 potentia
3551 862 3679 932 Dei,

2024 965 2149 1021 quas
2181 955 2238 1004 et
2272 950 2529 1006 materiae
2580 953 2637 1007 et
2663 954 2906 1016 natura,
2940 954 2998 1006 et
3043 951 3310 1006 omnium
3358 967 3486 1022 quae
3516 955 3676 1021 sunt,

2023 1037 2282 1093 effectrix
2326 1042 2434 1094 est.
2469 1038 2770 1105 Quomodo
2818 1039 3001 1112 igitur
3030 1037 3233 1095 localis
3262 1038 3513 1096 mutatio
3559 1055 3683 1096 om-

2023 1125 2201 1182 nibus
2231 1127 2513 1194 motibus,
2543 1127 2791 1200 ipsaque
2813 1127 2992 1184 etiam
3023 1128 3400 1200 generatione
3428 1132 3487 1186 et
3515 1123 3689 1202 quali

2023 1217 2396 1288 generatione
2427 1216 2588 1290 prior
2611 1217 2710 1286 sit,
2741 1216 2964 1274 dictum
2996 1222 3105 1275 est.

2091 1306 2147 1361 7.
2180 1306 2260 1360 Ex
2289 1306 2380 1362 his
2412 1323 2546 1363 vero
2595 1324 2724 1378 quae
2780 1307 2940 1362 dicta
2985 1311 3144 1373 sunt,
3193 1311 3426 1365 constat
3471 1308 3671 1376 etiam,

2024 1396 2180 1467 quod
2212 1400 2410 1451 motus
2439 1396 2742 1452 circularis
2772 1397 3049 1453 omnibus
3096 1397 3385 1454 localibus
3415 1397 3676 1454 motibus

2024 1485 2185 1556 prior
2234 1485 2355 1551 sit;
2411 1485 2553 1556 quia
2619 1486 2798 1542 etiam
2863 1487 2964 1544 59
3032 1487 3234 1558 prima;
3301 1485 3673 1544 sensibilium

2024 1578 2452 1643 creaturarum,
2471 1591 2683 1647 nempe
2712 1575 2875 1642 coelo,
2907 1593 2942 1631 a
2974 1579 3185 1632 natura
3228 1579 3318 1632 est
3358 1576 3574 1633 insitus
3601 1576 3677 1631 ⁸⁸.

2026 1662 2171 1718 Cum
2203 1662 2384 1734 igitur
2404 1667 2523 1719 tres
2548 1663 2762 1720 locales
2794 1664 2914 1720 sint
2943 1668 3160 1734 motus,
3185 1667 3288 1738 qui
3319 1681 3498 1738 super
3526 1669 3686 1724 recta

2026 1750 2183 1808 linea
2228 1753 2314 1826 ﬁt,
2361 1753 2684 1821 circularis,
2715 1759 2773 1810 et
2817 1772 2886 1811 ex
2933 1755 3026 1812 his
3081 1756 3297 1812 mistus
3327 1772 3341 1811 :
3373 1753 3572 1828 palam
3617 1755 3680 1812 in

259 1843 409 1900 ἀλλὰ
463 1845 552 1900 καὶ
607 1845 643 1914 ἡ
700 1842 781 1898 ἐπ’
842 1841 1048 1904 εὐθείας
1122 1840 1486 1917 ὡμολόγηται
1566 1839 1912 1917 προτερεύειν

2041 1843 2295 1899 :onfesso
2343 1849 2432 1899 est
2485 1845 2554 1913 ⁸⁸,
2603 1861 2717 1900 non
2769 1845 3116 1901 circularem
3171 1850 3428 1914 tantum,
3476 1846 3577 1902 sed
3625 1848 3684 1902 et

261 1933 402 2008 (ἐπεὶ
449 1937 555 1988 τῶν
615 1932 877 1997 συνθέτων
939 1931 1092 2009 φύσει
1150 1931 1388 2008 πρότερα
1437 1931 1506 1986 τὰ
1562 1928 1752 2005 ἁπλᾶ)⁶
1813 1937 1913 2000 τῆς

263 2020 312 2077 δ’
339 2023 422 2079 ἐπ’
474 2021 678 2084 εὐθείας
733 2022 925 2098 πρώτη
987 2020 1125 2075 ἐστὶν
1155 2023 1190 2090 ἡ
1237 2020 1447 2094 κύκλῳ,
1481 2018 1620 2075 διότι
1676 2021 1766 2075 καὶ
1823 2019 1914 2088 ἀρ-

261 2112 525 2188 χαιοτέρα
575 2111 666 2166 καὶ
726 2108 865 2166 διότι
926 2109 1291 2186 μονιμωτέρα.
1326 2109 1478 2181 Μόνη
1515 2109 1619 2186 γὰρ
1650 2109 1786 2180 αὕτη
1821 2107 1914 2164 δύ-

261 2221 416 2257 ναται
475 2201 712 2276 συνεχὴς
774 2200 906 2255 εἶναι
967 2197 1158 2254 διόλου
1212 2203 1322 2255 τῶν
1378 2197 1564 2254 ἄλλων
1598 2198 1650 2270 ἐξ
1681 2200 1911 2254 ἀντικει-

268 2290 442 2364 μένων
478 2289 554 2353 εἷς
611 2289 949 2364 ἀντικείμενα
995 2289 1298 2365 γινομένων
1357 2289 1446 2344 καὶ
1505 2286 1912 2344 διακοπτουσῶν

264 2381 316 2454 ἐξ
350 2381 590 2456 ἀνάγκης
637 2379 700 2434 τὸ
731 2379 973 2456 συνεχὲς,
1012 2380 1087 2452 μὴ
1155 2379 1318 2453 μόνον
1374 2382 1483 2433 τῶν
1538 2383 1777 2434 τοπικῶν
1838 2399 1916 2432 κι-

262 2472 472 2542 νήσεων
502 2473 610 2525 τῶν
642 2469 790 2546 παρὰ
811 2469 910 2538 τήν
959 2466 1166 2541 κύκλῳ,
1202 2465 1350 2524 ἀλλὰ
1403 2469 1493 2522 καὶ
1549 2473 1656 2524 τῶν
1719 2467 1913 2542 ἑτέρων

268 2554 610 2636 μεταϐολῶν·
645 2561 681 2629 ἡ
718 2559 813 2632 μὲν
867 2559 971 2633 γὰρ
1032 2556 1238 2633 γένεσις
1296 2557 1356 2612 ἐκ
1409 2562 1508 2613 τοῦ
1542 2559 1618 2632 μὴ
1651 2553 1808 2620 ὄντος
1839 2557 1915 2620 εἷς

260 2650 325 2705 τὸ
379 2646 438 2704 ὃν
470 2648 698 2725 γίνεται,
729 2651 765 2718 ἠ
801 2645 859 2702 δὲ
915 2647 1091 2726 φθορὰ
1148 2647 1209 2703 ἐκ
1261 2651 1362 2702 τοῦ
1409 2644 1564 2710 ὄντος
1609 2647 1686 2710 εἰς
1715 2647 1778 2702 τὸ
1839 2647 1915 2720 μή

265 2734 347 2794 ὄν·
379 2740 415 2808 ἡ
473 2734 694 2808 αὔξησις
751 2737 810 2792 ἐκ
864 2741 959 2792 τοῦ
1016 2743 1214 2815 μικροῦ
1284 2738 1360 2800 εἷς
1413 2739 1477 2792 τὸ
1539 2737 1696 2813 μέγα·
1742 2736 1833 2792 καὶ
1881 2738 1917 2806 ἡ

266 2827 470 2907 φθίσις,
526 2825 700 2882 εἷίτουν
761 2829 796 2896 ἡ
860 2827 1108 2900 μείωσις,
1169 2826 1228 2882 ἐκ
1282 2831 1380 2882 τοῦ
1427 2826 1691 2902 μείζονος
1723 2826 1802 2888 εἷς
1858 2826 1921 2880 τὸ

267 2915 514 2973 ἔλαττον
556 2919 591 2986 ἡ
649 2913 951 2980 ἀλλοίωσις
1007 2916 1068 2971 ἐκ
1122 2920 1229 2972 τῶν
1291 2916 1541 2973 ἐναντίων
1601 2918 1783 2972 παθῶν
1843 2915 1920 2978 εἷς

266 3005 536 3062 τάναντία*
596 3005 687 3061 καὶ
746 3007 782 3075 ἡ
841 3005 924 3061 ἐπ’
979 3005 1182 3069 εὐθείας
1240 3007 1382 3085 φορά
1428 3006 1621 3062 ἐκτῶν
1669 3004 1920 3061 ἐναντίων

268 3097 454 3152 τόπων
515 3094 592 3158 εἷς
647 3095 776 3157 τοὺς
833 3093 1124 3158 ἐναντίους
1160 3094 1219 3150 ἐκ
1246 3100 1344 3150 τοῦ
1391 3096 1502 3151 ἄνω
1554 3096 1631 3158 εἷς
1660 3096 1722 3150 τὸ
1753 3096 1920 3150 κάτω·

275 3184 336 3240 ὲκ
362 3189 460 3240 τοῦ
490 3181 789 3259 ἔμπροσθεν
823 3183 898 3247 εἷς
928 3182 1238 3249 τοῦπισθεν
1275 3183 1334 3240 ἐκ
1361 3190 1468 3240 τῶν
1516 3182 1702 3256 δεξιῶν
1753 3184 1830 3247 εἷς
1859 3186 1928 3238 τὰ

2023 1931 2392 1989 rectilineum
2448 1933 2628 1990 misto
2676 1935 2900 1992 anteire
2929 1935 3233 2007 (quoniam
3284 1938 3496 1992 natura
3527 1950 3686 1990 com-

2024 2021 2230 2094 positis
2283 2021 2576 2095 simplicia
2622 2023 2818 2095 priora
2861 2027 3020 2093 sunt)
3064 2043 3078 2094 ;
3133 2023 3430 2080 rectilineo
3479 2027 3678 2080 autem

2023 2111 2367 2166 circularem
2408 2112 2663 2184 priorem
2694 2129 2851 2182 esse;
2894 2130 3028 2169 cum
3073 2113 3213 2185 quia
3241 2116 3332 2170 est
3360 2112 3678 2185 antiquior,

2023 2203 2152 2255 tum
2184 2200 2324 2272 quia
2353 2205 2442 2257 est
2472 2201 2760 2259 stabilior.
2791 2202 2960 2259 Solus
3004 2202 3162 2258 enim
3191 2204 3236 2238 ³⁷
3269 2202 3509 2259 omnino
3540 2219 3681 2259 con-

2023 2289 2230 2346 tinuus
2274 2306 2402 2346 esse
2451 2293 2842 2363 potest;cum
2893 2292 3087 2348 caeteri
3136 2309 3206 2348 ex
3263 2291 3574 2348 contrariis
3623 2291 3686 2348 in

2025 2377 2317 2435 contraria
2347 2381 2509 2448 ﬁant,
2544 2384 2603 2436 et
2645 2398 2762 2437 non
2810 2385 3044 2437 tantum
3071 2380 3287 2437 locales
3335 2384 3552 2447 motus,
3585 2395 3682 2436 ex-

2024 2471 2191 2540 cepto
2249 2467 2538 2539 circulari,
2599 2471 2700 2526 sed
2757 2470 2932 2526 etiam
3009 2469 3248 2542 reliquas
3319 2469 3677 2526 mutationes

2025 2557 2472 2614 continuitatem
2540 2559 2868 2615 necessario
2936 2559 3312 2616 intersecent.
3373 2557 3680 2616 Generatio

2027 2646 2186 2702 enim
2215 2663 2284 2702 ex
2313 2663 2379 2703 eo
2410 2647 2567 2718 quod
2598 2665 2716 2703 non
2743 2652 2833 2704 est
2853 2649 2913 2703 in
2943 2648 3002 2703 id
3035 2649 3191 2720 quod
3222 2651 3312 2704 est
3329 2648 3408 2717 ⁶⁸;
3443 2665 3685 2721 corrup-
3730 2632 3737 2641 ’

2028 2735 2108 2791 tio
2140 2753 2210 2792 ex
2263 2753 2329 2792 eo
2360 2737 2517 2807 quod
2558 2753 2674 2792 non
2704 2741 2813 2806 est,
2846 2737 2906 2793 in
2937 2737 2997 2792 id
3047 2738 3203 2810 quod
3251 2741 3360 2808 est,
3393 2736 3522 2794 ﬁeri
3573 2753 3685 2795 con

2030 2825 2257 2893 suevit;
2291 2826 2692 2898 augmentatio
2722 2843 2791 2883 ex
2819 2843 2996 2898 parvo
3028 2826 3089 2882 in
3120 2841 3445 2899 magnum;
3488 2828 3685 2883 decre-

2029 2915 2111 2971 tio
2140 2931 2243 2971 seu
2287 2915 2600 2971 diminutio
2647 2933 2717 2971 ex
2765 2917 2987 2988 majore
3015 2917 3088 2973 ad
3138 2917 3377 2989 minus;
3419 2915 3685 2973 alteratio

2032 3021 2101 3060 ex
2147 3004 2458 3060 contrariis
2508 3004 2884 3076 passionibus
2924 3005 2985 3060 in
3031 3006 3390 3074 contrarias;
3443 3009 3501 3062 et
3546 3005 3687 3062 latio

2034 3093 2361 3149 secundum
2409 3098 2630 3149 rectam
2677 3093 2894 3150 lineam
2944 3111 3014 3150 ex
3068 3083 3212 3152 locis
3258 3095 3570 3152 contrariis
3626 3093 3688 3150 in

2036 3181 2348 3251 contraria,
2380 3199 2450 3238 ex
2496 3199 2708 3255 supero
2739 3183 2800 3238 in
2847 3182 3168 3252 infernum,
3209 3201 3280 3240 ex
3308 3184 3599 3240 anteriore
3628 3183 3690 3239 in

279 3275 549 3351 ἀριστερα,
581 3274 672 3330 καὶ
732 3272 1018 3331 ἀνάπαλιν.
1080 3273 1230 3330 Ἐπεὶ
1285 3278 1414 3351 γοῦν
1475 3276 1531 3329 αἱ
1589 3271 1779 3329 λοιπαὶ
1821 3279 1925 3328 πᾶ-

2043 3271 2446 3344 posteriorem,
2479 3289 2550 3327 ex
2591 3273 2791 3328 dextro
2840 3272 2902 3328 in
2933 3273 3244 3329 sinistrum
3289 3278 3348 3329 et
3375 3277 3580 3330 contra
3623 3273 3692 3328 ⁸9.

275 3383 363 3418 σαι
421 3365 661 3435 κινήσεις
717 3363 768 3434 ἐξ
826 3363 1206 3437 ἀντικειμένων
1281 3363 1358 3426 εἷς
1429 3363 1770 3437 ἀντικείμενα
1845 3383 1929 3437 γι-

272 3474 477 3525 νονται,
512 3450 806 3531 διαφόρους
834 3452 1010 3529 ἀρχὰς
1041 3448 1265 3528 ἔχουσαι
1322 3452 1414 3507 καὶ
1468 3451 1602 3525 τέλη
1674 3450 1926 3531 διάφορα,

272 3547 518 3618 συνεχεῖς
579 3541 677 3598 υύκ
734 3542 794 3597 ἂν
844 3541 945 3598 εἶεν
1002 3539 1214 3598 διόλου.
1269 3543 1516 3619 Συνεχής
1573 3543 1678 3618 γὰρ
1738 3540 1929 3597 διόλου

270 3631 485 3702 κίνησίς
559 3631 700 3687 ἐστιν
776 3634 811 3702 ἡ
889 3630 1151 3707 γινομένη
1232 3633 1462 3687 πάντοτε
1529 3635 1564 3702 ἡ
1621 3632 1782 3705 αὐτή,
1840 3632 1930 3686 καὶ

269 3722 441 3798 πέρας
498 3719 790 3796 ἀναγκαῖον
869 3721 944 3794 μή
1016 3719 1238 3796 ἔχουσα.
1299 3721 1362 3776 Ἡ
1419 3718 1476 3775 δὲ
1535 3721 1609 3795 μὴ
1670 3719 1929 3795 γινομένη

271 3809 507 3866 πάντοτε
564 3812 599 3880 ἡ
649 3809 808 3880 αὐτὴ,
859 3810 948 3864 καὶ
1017 3807 1106 3864 διὰ
1176 3813 1336 3865 τοῦτο
1410 3814 1725 3865 καταντῶσα
1796 3810 1932 3884 πρὸς

275 3901 502 3976 πέρατα,
559 3899 798 3974 ἀνάγκην
884 3895 1001 3974 ἔχει
1087 3899 1223 3954 κατὰ
1278 3900 1347 3954 τὰ
1421 3901 1627 3976 πέρατα
1681 3901 1931 3976 ἠρεμεῖν.

279 3992 578 4067 Ἠρεμήσει
606 3988 785 4044 τοίνυν
828 3988 879 4044 έν
929 3993 1008 4061 τῷ
1056 3989 1415 4063 ἀντικειμένῳ
1472 3990 1534 4043 τὸ
1591 3988 1933 4062 κινούμενον,

279 4079 374 4134 καὶ
431 4077 607 4141 οὕτως
664 4077 738 4140 εἰς
793 4077 858 4132 τὸ
910 4076 1275 4151 ἀντικείμενον
1326 4076 1621 4151 ἐλεύσεται,
1655 4079 1934 4141 κάντεῦθεν

281 4170 319 4238 ἡ
347 4169 447 4236 τῆς
479 4169 744 4238 κινήσεως
783 4167 1037 4242 συνέχεια
1075 4164 1483 4238 διακοπήσεται.
1516 4168 1586 4222 Τὸ
1646 4165 1705 4222 δὲ
1748 4165 1937 4239 κύκλῳ

283 4255 586 4336 φερόμενον
673 4255 781 4332 οὐχ
860 4251 965 4328 ἕξει
1045 4255 1282 4332 ἀνάγκην
1339 4258 1634 4333 ἠρεμῆσαι,
1690 4257 1789 4326 τὴν
1840 4256 1939 4311 αὐ-

283 4349 387 4418 τήν
421 4343 544 4402 ὁδὸν
573 4351 812 4422 συνεῖρον
843 4345 924 4400 ἀεὶ
953 4345 1044 4401 καὶ
1075 4345 1372 4424 φερόμενον
1403 4346 1492 4402 ἐπὶ
1520 4344 1707 4404 ταυτά.

361 4545 418 4594 η.
453 4521 634 4594 ’Ἄλλο
687 4519 744 4576 δέ
802 4521 940 4578 ἐστιν
1001 4520 1227 4598 ἠρεμία,
1261 4523 1352 4577 καὶ
1382 4521 1523 4578 ἄλλο
1574 4523 1740 4599 πέρας
1793 4524 1946 4593 κινή-

2039 3361 2326 3426 Quoniam
2355 3361 2537 3434 igitur
2556 3363 2625 3396 59‘
2649 3361 2840 3418 caeteri
2867 3379 3074 3419 omnes
3091 3367 3287 3419 motus
3303 3378 3374 3419 ex
3402 3361 3688 3436 oppositis

2041 3450 2102 3505 in
2132 3450 2402 3523 opposita
2430 3451 2599 3520 ﬁunt,
2633 3467 2766 3506 cum
2788 3451 3016 3508 diversa
3035 3451 3325 3524 principia
3349 3455 3408 3508 et
3427 3451 3690 3507 diversos

2042 3540 2189 3596 ﬁnes
2241 3540 2534 3608 habeant;
2585 3540 2847 3596 continui
2879 3542 2982 3596 60
3012 3557 3116 3614 per
3163 3541 3362 3597 omnia
3412 3555 3542 3597 esse
3571 3555 3690 3596 non

2041 3634 2310 3702 possunt.
2335 3630 2662 3686 Continuus
2679 3630 2837 3686 enim
2860 3647 2963 3703 per
2986 3631 3186 3687 omnia
3221 3634 3420 3687 motus
3441 3633 3550 3698 est,
3588 3628 3692 3702 qui

2043 3735 2276 3791 semper
2320 3719 2477 3775 idem
2526 3723 2634 3788 est,
2667 3723 2725 3774 et
2769 3720 3087 3776 terminum
3137 3719 3535 3776 necessarium
3576 3735 3694 3775 non

2043 3808 2240 3864 habet.
2274 3807 2384 3873 Qui
2414 3812 2613 3864 autem
2661 3809 2818 3865 idem
2853 3825 3085 3881 semper
3131 3826 3249 3865 non
3278 3814 3368 3866 est
3396 3810 3463 3876 7°,
3495 3812 3554 3864 et
3583 3807 3694 3864 hac

2047 3899 2118 3954 de
2148 3915 2328 3954 causa
2358 3899 2431 3953 ad
2479 3897 2763 3953 terminos
2809 3898 3051 3954 tandem
3099 3898 3382 3970 pervenit,
3415 3898 3512 3954 hic
3541 3897 3700 3953 circa

2046 3988 2330 4043 terminos
2359 3987 2689 4043 necessario
2731 3987 3000 4058 quiescit.
3034 3988 3398 4059 Quapropter
3425 3986 3486 4042 in
3517 4002 3703 4058 oppo-

2049 4077 2161 4133 sito
2187 4075 2449 4148 quiescet
2476 4076 2535 4131 id
2567 4077 2723 4148 quod
2754 4080 3038 4148 movetur,
3063 4081 3122 4132 et
3149 4076 3232 4133 ita
3256 4077 3329 4132 ad
3362 4076 3700 4149 oppositum

2050 4165 2381 4238 perveniet;
2430 4164 2686 4238 hincque
2734 4170 2930 4221 motus
2980 4165 3340 4222 continuitas
3386 4165 3746 4222 incidetur.‘

2051 4256 2216 4322 Quod
2264 4258 2462 4312 autem
2510 4255 2872 4311 circulariter
2919 4258 3205 4325 movetur,
3253 4271 3390 4311 cum
3421 4255 3705 4324 geamdem

2053 4361 2288 4417 semper
2313 4344 2470 4400 viam
2501 4345 2792 4413 conﬁciat,
2812 4348 2872 4402 et
2892 4345 2965 4401 ad
2994 4345 3199 4402 eadem
3230 4345 3470 4414 feratur,
3501 4359 3706 4400 neces-

2054 4435 2207 4492 sario
2238 4451 2354 4490 non
2386 4434 2668 4507 quiescet.

2125 4525 2179 4578 8.
2212 4523 2497 4579 Caeterum
2525 4523 2684 4579 aliud
2718 4523 2906 4595 quies,
2939 4529 2997 4578 et
3026 4523 3186 4580 aliud
3227 4528 3422 4580 motus
3451 4527 3544 4581 est
3572 4522 3710 4580 ﬁnis

288 4633 425 4675 σεως
482 4611 572 4666 καὶ
628 4610 800 4686 ἀρχή.
831 4612 896 4666 Ἡ
955 4611 1050 4685 μὲν
1105 4611 1209 4688 γὰρ
1240 4609 1446 4688 ἠρεμία
1474 4611 1708 4666 ἀπουσία
1736 4611 1926 4686 τυγχά-

2057 4618 2235 4686 atque
2266 4612 2646 4684 principium.
2679 4612 2853 4678 Quies
2884 4613 3042 4668 enim
3075 4617 3165 4668 est
3193 4617 3392 4669 motus
3422 4611 3707 4684 absentia,

290 4724 370 4758 νει
429 4703 719 4773 κινήσεως,
777 4700 828 4755 ἐν
886 4699 1179 4775 παρατάσει
1265 4700 1613 4777 θεωρουμένη
1672 4701 1797 4773 τινὶ,
1860 4699 1950 4755 διὰ

289 4795 454 4846 τοῦτο
510 4788 600 4845 καί
649 4787 892 4864 διαιρετὴ
925 4790 1162 4865 καθάπερ
1194 4793 1229 4859 ἡ
1263 4789 1500 4861 κίνησις.
1531 4792 1606 4848 Τὸ
1667 4787 1724 4846 δὲ
1782 4791 1947 4866 πέρας

292 4880 385 4934 καὶ
415 4883 452 4949 ἡ
486 4879 636 4955 ἀρχὴ
693 4886 794 4949 τῆς
841 4881 1105 4950 κινήσεως
1138 4879 1190 4933 ἐν
1221 4881 1293 4952 τῇ
1347 4882 1554 4950 κινήσει
1617 4879 1718 4935 εἶσὶ
1783 4877 1952 4953 μηδε-

299 4974 428 5043 μιᾶς
491 4968 792 5043 μετέχοντα
854 4969 1227 5044 παρατάσεως·
1290 4968 1406 5024 ὅθεν
1479 4969 1570 5023 καὶ
1658 4966 1951 5045 ἀδιαίρετα.

299 5059 395 5113 Διὸ
454 5059 542 5114 καὶ
579 5058 643 5112 τὸ
673 5059 898 5134 ἠρεμεῖν
933 5057 984 5112 ἐν
1017 5063 1252 5134 χρονικῇ
1311 5060 1605 5135 παρατάσει
1657 5057 1767 5113 ἐστὶ
1822 5059 1958 5114 κατά

299 5149 402 5216 τήν
457 5147 689 5221 ἠρεμίαν
749 5145 831 5219 ὃν,
864 5145 1046 5221 ὥσπερ
1101 5148 1237 5201 κατὰ
1290 5149 1390 5216 τήν
1447 5146 1659 5216 κίνησιν
1708 5149 1771 5202 τὸ
1800 5152 1958 5202 κινεῖ-

303 5240 445 5309 σθαι,
504 5237 567 5291 τὸ
642 5233 908 5304 ἵστασθαι,
966 5235 1056 5290 καὶ
1126 5237 1190 5291 τὸ
1265 5237 1638 5312 ἠρεμίζεσθαι.
1695 5239 1959 5292 Κινεῖσθαι

303 5327 408 5404 γάρ
469 5325 581 5381 ἐστι
639 5326 728 5380 καὶ
785 5326 848 5381 τὸ
895 5321 1140 5379 ἵστασθαι
1199 5325 1290 5380 καί
1343 5327 1406 5380 τὸ
1465 5326 1839 5401 ἠρεμίζεσθαι.
1891 5327 1962 5380 Τὸ

309 5419 405 5493 μὲν
434 5417 540 5493 γάρ
573 5415 713 5471 ἐστιν
749 5413 836 5469 ἐπὶ
886 5413 1066 5469 στάσιν
1107 5412 1336 5489 ὁδεύειν,
1367 5417 1429 5471 τὸ
1463 5413 1508 5470 δ’
1567 5416 1648 5470 ἐπ’
1708 5417 1960 5491 ἠρεμίαν.

381 5653 491 5726 ⁸⁵8
523 5653 696 5726 Phys.
729 5670 778 5708 c.
803 5654 892 5726 13,
922 5657 967 5710 ι.
996 5655 1088 5708 75.

602 5853 870 5917 Ριτιιοι..
919 5853 1031 5916 Gn.
1077 5851 1305 5915 CXLII.

1163 5654 1208 5686 ⁶⁶
1237 5653 1270 5704 8
1302 5651 1476 5723 Phys.
1509 5667 1570 5723 c.
1599 5650 1686 5723 12,
1720 5655 1762 5706 ι.
1794 5650 1888 5716 64,
1911 5654 1969 5705 et
1997 5666 2048 5706 c.
2078 5651 2166 5717 15,
2197 5654 2242 5708 t.
2272 5650 2363 5704 75.

314 5730 359 5782 ι.
390 5725 482 5795 62,
507 5721 630 5780 63.’
675 5726 722 5760 ⁶⁹
749 5725 782 5778 8
811 5725 984 5798 Phys.
1011 5741 1059 5780 c.
1097 5724 1183 5795 I2,
1215 5727 1256 5778 t.
1288 5721 1403 5780 64(
1453 5723 1524 5758 59*
1550 5721 1780 5797 8Phys.
1817 5739 1868 5783 c.
1903 5723 1926 5780 1

2041 5740 2068 5780 ;.
2095 5724 2187 5782 76.

2059 4720 2186 4774 quas
2218 4702 2278 4757 in
2327 4701 2663 4758 extensione
2709 4703 2964 4774 quadam
3015 4702 3440 4774 consideratur,
3471 4706 3530 4759 et
3579 4718 3713 4774 pro-

2060 4797 2258 4865 pterea
2299 4791 2576 4847 divisioni
2629 4792 2965 4863 subjicitur,
3001 4792 3155 4846 sicut
3199 4795 3257 4847 et
3301 4796 3517 4848 motus.
3550 4789 3714 4846 Finis

2062 4885 2262 4936 autem
2292 4885 2348 4935 et
2369 4880 2728 4952 principium
2761 4885 2958 4937 motus
2983 4881 3042 4935 in
3077 4883 3241 4936 motu
3263 4885 3424 4948 sunt,
3456 4884 3522 4936 ut
3551 4879 3719 4935 nulla

2064 4969 2402 5026 extensione
2452 4970 2928 5038 communicent;
2982 4971 3136 5025 unde
3183 4970 3359 5025 etiam
3411 4967 3719 5026 divisionis

2067 5063 2207 5115 sunt
2235 5060 2510 5130 eXpertia.
2543 5061 2910 5132 Quapropter
2956 5062 3135 5116 etiam
3185 5060 3384 5131 ipsum
3417 5059 3719 5130 quiescere

2067 5150 2128 5204 in
2151 5147 2462 5221 temporali
2485 5149 2820 5204 extensione
2836 5153 3088 5215 est,cum
3111 5149 3438 5205 secundum
3463 5147 3723 5220 quietem

2070 5239 2184 5307 sit;
2221 5238 2463 5312 perinde
2495 5243 2561 5292 ut
2607 5239 2933 5294 secundum
2980 5243 3208 5294 motum
3256 5241 3344 5293 est
3392 5236 3634 5304 moveri,
3667 5239 3726 5292 et

2073 5328 2224 5398 sisti,
2257 5331 2314 5384 et
2368 5329 2440 5383 ad
2493 5328 2751 5399 quietem
2801 5329 3171 5384 contendere.
3204 5325 3432 5383 Etenim
3482 5330 3541 5383 et
3573 5325 3727 5395 sisti,

2073 5423 2130 5474 et
2195 5417 2268 5472 ad
2333 5405 2591 5488 quietem
2670 5418 3020 5474 contendere
3103 5417 3322 5474 moveri
3391 5420 3499 5473 est.
3577 5414 3728 5472 Illud

2439 5651 2483 5722 εῖτ
2513 5653 2548 5703 8
2578 5649 2754 5722 Phys.
2791 5667 2842 5705 c.
2876 5651 2964 5717 13,
2991 5654 3035 5708 ι.
3065 5651 3157 5708 75.

3235 5650 3280 5687 68
3307 5652 3341 5705 8
3373 5648 3742 5724 Phys.t.11,

2265 5723 2309 5758 το
2337 5724 2372 5777 8
2401 5721 2576 5795 Phys.
2610 5721 2682 5779 c.’
2706 5723 2794 5796 12,
2821 5726 2865 5780 t.
2899 5723 2990 5779 64.

3383 5852 3461 5921 34
