4094 6414
494 370 647 429 1067
1729 359 2111 424 NICEPHOE

2242 355 2638 418 'LEMMIDIE
3729 358 3859 422 1068

493 501 650 556 enim
697 503 785 555 est
832 498 903 554 ad
967 502 1216 563 statum,
1267 498 1375 553 hoc
1427 499 1496 552 ad
1542 496 1796 568 quietem
1851 491 2110 567 progredi

2257 487 2356 541 Λιὸ
2403 488 2578 542 πάντα
2623 491 2793 542 ταῦτα
2836 485 3134 563 παράτασιν
3184 489 3450 564 χρονικὴν
3521 489 3855 563 ὑπομένουσιν,

495 591 858 660 Quapropter
907 587 1106 642 omnia
1155 587 1274 640 haec
1315 586 1699 656 temporalem
1746 583 2112 640 extensionen

2253 575 2432 653 ὥσπερ
2499 577 2587 632 καὶ
2648 579 2711 632 τὸ
2759 578 2996 654 γίνεσθαι
3064 577 3155 632 καὶ
3201 583 3266 633 τὸ
3315 577 3642 656 φθείρεσθαι,
3686 581 3764 636 καὶ
3808 584 3856 637 τὸ

495 678 590 732 (ιι
624 676 920 732 sustinent
941 677 1033 742 70',
1061 675 1558 746 quemadmodum
1576 678 1632 729 et
1652 673 1846 746 ipsum
1878 688 2112 744 generar

2255 671 2349 739 ζῇν
2398 666 2488 720 καὶ
2545 668 2608 722 τὸ
2679 669 2952 737 θνήσκειν,
3002 668 3092 722 καὶ
3159 666 3256 722 ὅσα
3321 667 3540 732 τούτοις
3603 669 3856 746 παρόμοια.

495 771 554 821 et
593 764 914 836 corrumpi,
945 769 1001 819 et
1048 765 1255 831 vivere,
1289 769 1346 818 et
1395 767 1562 828 mori,
1596 768 1653 818 et
1702 780 1830 834 quae
1881 762 1973 817 his
2003 778 2112 816 sun

2250 755 2320 808 Τὸ
2371 753 2426 810 δὲ
2492 758 2828 828 κεκινῆσθαι,
2876 757 2967 811 καὶ
3025 755 3089 810 τὸ
3153 755 3386 829 ἑστάναι,
3437 757 3527 812 καὶ
3578 758 3638 813 τὸ
3682 759 3855 835 ἠρεμη-

497 854 734 910 similia.
768 857 839 908 At
886 871 1020 908 vero
1050 853 1246 925 ipsum
1275 858 1500 907 motum
1549 869 1699 922 esse,
1731 856 1788 905 et
1834 850 2114 906 institisse

2250 843 2416 916 κέναι,
2491 846 2554 900 τὸ
2655 844 2961 920 γενέσθαιτε
3045 846 3136 900 καὶ
3221 844 3504 924 ἐφθάρθαι,
3570 847 3656 902 καὶ
3735 853 3856 918 ζῆσαι

498 948 556 1000 et
597 943 912 1016 quievisse,
943 948 1000 999 et
1031 947 1372 1015 generatum
1405 947 1864 1014 corruptumque
1911 956 2063 1007 esse,
2085 956 2115 994 e

2249 933 2339 987 καὶ
2407 939 2608 1002 θανεῖν,
2677 934 2766 988 καὶ
2835 935 2903 988 τὰ
2963 938 3190 988 τοιαῦτα
3263 933 3522 1008 οὐδεμίαν
3589 941 3856 1013 καρτεροῦσι

494 1032 711 1089 vixisse
734 1036 791 1088 et
831 1036 1131 1087 mortuum
1165 1031 1366 1098 fuisse,
1400 1035 1456 1085 et
1505 1048 1631 1102 quae
1663 1033 1802 1085 sunt
1834 1029 2013 1099 hujus
2043 1044 2111 1099 ge

2251 1024 2564 1096 παράτασιν·
2639 1023 2700 1078 οὐ
2763 1024 2867 1098 γὰρ
2932 1023 2984 1077 ἐν
3049 1023 3238 1098 χρόνῳ
3305 1023 3707 1096 ἀποτελοῦνται,
3763 1023 3856 1080 ἀλλ’

495 1122 676 1190 neris,
707 1121 932 1177 nullam
979 1120 1376 1177 extensionem
1430 1120 1699 1175 tolerant.
1734 1119 1860 1174 Non
1892 1117 2048 1172 enim
2081 1117 2112 1170 i1

2252 1111 2303 1165 ἐν
2387 1111 2576 1188 πέρατι
2662 1112 2868 1187 χρόνου
2952 1112 3158 1188 πέρατα
3247 1115 3511 1184 κινήσεων
3597 1109 3714 1168 ὅντα
3788 1114 3853 1168 καὶ

491 1215 758 1283 tempore
779 1210 1180 1283 perﬁciuntur,
1200 1210 1296 1265 sed
1330 1209 1388 1263 in
1411 1208 1690 1280 temporis
1719 1207 1990 1277 termino,
2006 1222 2108 1261 cun

2042 1222 2139 1261 um
2250 1203 2482 1272 καταντή
2494 1222 2654 1274 ματα,
2686 1201 2775 1256 καὶ
2802 1199 2891 1256 διὰ
2916 1206 3078 1257 τοῦτο
3107 1202 3170 1256 τὸ
3201 1200 3432 1258 σύνολον
3464 1202 3657 1280 ἀμερῆ.

491 1304 758 1355 motuum
788 1299 1028 1354 termini
1061 1299 1182 1354 sint
1211 1302 1267 1354 et
1297 1297 1533 1364 limites,
1567 1303 1622 1353 et
1653 1314 1720 1352 ea
1745 1297 1816 1350 de
1846 1313 2025 1351 causa
2053 1294 2141 1348 di-

490 1388 713 1444 visione
736 1388 896 1443 omni
925 1393 1151 1443 vacent.

562 1480 616 1532 9.
649 1479 1013 1549 Quapropter
1055 1477 1229 1532 etiam
1269 1480 1505 1547 tempus
1550 1475 1609 1530 in
1643 1493 1756 1547 quo
1806 1491 1898 1529 res
1929 1490 2142 1546 quam-

2323 1470 2384 1532 0'.
2421 1469 2514 1524 Διὸ
2547 1469 2636 1523 καὶ
2665 1469 2693 1522 ὁ
2737 1469 2940 1546 χρόνος
2984 1469 3036 1524 ἐν
3079 1470 3124 1542 ᾧ
3171 1471 3272 1539 τήν
3325 1471 3616 1526 ὁποιανοῦν
3667 1465 3848 1544 μεταϐο-

493 1583 724 1639 cunque
749 1565 1134 1622 mutationem
1159 1565 1398 1621 subibat
1421 1582 1553 1620 cum
1577 1582 1643 1620 eo
1666 1565 1724 1620 in
1747 1582 1864 1637 quo
1897 1564 2110 1619 mutati

2253 1556 2353 1626 λην
2397 1561 2460 1612 τὸ
2527 1564 2753 1633 πρᾶγμα
2811 1553 3097 1631 μετέϐαλε,
3154 1560 3288 1632 μετὰ
3333 1564 3432 1613 τοῦ
3481 1559 3533 1614 ἐν
3577 1561 3621 1627 ᾧ
3669 1554 3847 1632 μεταϐέ-

494 1654 762 1711 absoluta
791 1659 897 1720 est,
933 1671 1048 1709 non
1096 1659 1186 1709 est
1215 1654 1410 1724 majus
1441 1670 1507 1709 eo
1556 1654 1612 1708 in
1647 1671 1762 1724 quo
1793 1652 1917 1708 solo
1950 1655 2111 1707 muta

2252 1642 2474 1720 ϐληκεν,
2508 1648 2608 1702 οὐκ
2654 1647 2764 1702 ἔστι
2821 1647 3016 1721 μείζων
3069 1653 3167 1703 τοῦ
3217 1649 3271 1704 ἐν
3317 1650 3366 1723 ᾧ
3411 1644 3667 1723 μετέϐαλε
3703 1648 3846 1723 μόνοιν

494 1745 712 1800 tionem
761 1743 1032 1808 subibat;
1081 1742 1558 1814 quandoquidem
1610 1759 1722 1798 non
1775 1742 1834 1796 in
1881 1747 2109 1814 tempor

2253 1733 2391 1790 διότι
2425 1736 2524 1791 οὐκ
2557 1736 2608 1792 ἐν
2659 1737 2848 1812 χρόνῳ
2902 1733 3332 1811 μεταϐέϐληκεν,
3361 1737 3492 1795 ἀλλ’
3523 1739 3575 1794 ἓν
3623 1739 3666 1810 ᾧ
3701 1739 3849 1813 πέρατι

494 1831 739 1888 mutatio
769 1831 1040 1888 absoluta
1071 1832 1204 1899 fuit,
1238 1831 1338 1886 sed
1372 1833 1430 1886 in
1480 1831 1730 1886 termino
1763 1832 1890 1904 ejus
1923 1835 2111 1902 tempo

2250 1830 2348 1880 τοῦ
2397 1826 2446 1880 ἐν
2494 1824 2539 1899 ᾧ
2594 1821 2859 1900 μετέϐαλε
2907 1827 3133 1903 χρόνου.
3166 1829 3236 1883 Τὸ
3289 1825 3350 1883 δὲ
3391 1829 3557 1905 πέρας
3588 1826 3766 1883 ἄποσον
3791 1827 3847 1896 ὃν,

490 1922 570 1977 ris
602 1938 716 1992 quo
746 1921 1128 1976 mutationem
1152 1921 1408 1977 subibat.
1434 1920 1746 1975 Terminus
1776 1923 1971 1974 autem
2003 1935 2107 1973 cun

2251 1912 2374 1969 οὔτε
2420 1914 2844 1990 προστιθέμενον
2915 1912 3084 1987 αὔξει,
3133 1913 3245 1971 οὔτ’
3306 1914 3374 1971 αὖ
3433 1922 3578 1990 μειοῖ
3638 1912 3846 1991 ἀφαιροῦ-

485 2011 833 2082 quantitatis
864 2011 939 2065 sit
960 2027 1164 2080 expers
1191 2027 1204 2078 ;
1230 2024 1418 2080 neque
1441 2009 1491 2063 si
1523 2009 1881 2080 adjungatur
1910 2009 2008 2074 [rei
2041 2009 2102 2063 al‘

2253 2025 2432 2078 μενον.
2482 2003 2728 2080 Καθάπερ
2780 2002 2871 2058 οὗν
2913 2012 3014 2075 τῆς
3069 2013 3340 2081 γραμμῆς
3389 2007 3453 2060 τὸ
3500 2005 3659 2082 πέρας
3707 2004 3781 2059 καὶ
3821 2004 3844 2069 ἡ

482 2100 622 2170 cui],
654 2103 850 2171 auget,
885 2116 1074 2170 neque
1104 2099 1152 2153 si
1209 2098 1612 2163 subtrahatur,
1657 2099 1890 2152 minuit.
1926 2101 2099 2165 Quem

2247 2095 2393 2168 ἀρχή
2449 2093 2650 2167 σημεῖά
2727 2093 2866 2148 ἐστιν
2934 2093 3172 2169 ἆμεγέθη
3221 2095 3312 2149 καὶ
3360 2093 3557 2168 ὂὶτομα⁸
3603 2095 3688 2150 τὸν
3726 2091 3844 2147 αὐτὸν

483 2189 804 2245 admodum
831 2188 1010 2260 igitur
1030 2187 1194 2243 lineae
1226 2187 1516 2242 terminus
1540 2192 1596 2242 et
1621 2187 1974 2258 principium
1999 2204 2100 2242 sun

2246 2183 2446 2259 τρόπον
2495 2183 2584 2237 καὶ
2632 2185 2729 2252 τῆς
2775 2185 3041 2254 κινήσεως
3099 2183 3248 2258 ἀρχὴ
3293 2191 3441 2240 πᾶσα
3486 2185 3574 2240 καὶ
3620 2185 3740 2239 ἅπαν
3775 2180 3844 2235 πὲ·

482 2281 700 2349 puncta
732 2277 1163 2349 magnitudinis
1195 2280 1252 2330 et
1283 2275 1590 2330 divisionis
1621 2277 1901 2347 expertia,
1934 2277 2099 2330 eoder

2249 2292 2344 2345 ρας
2416 2272 2590 2345 ἆμερῆ
2664 2293 2781 2326 τινα
2839 2273 2928 2326 καὶ
2997 2270 3276 2347 ἀδιαίρετά
3327 2274 3453 2331 εἰσι.
3496 2271 3767 2329 Καλοῦνται
3805 2266 3845 2322 δὲ

484 2366 658 2421 modo
691 2366 866 2420 etiam
896 2371 1090 2421 motus
1137 2382 1308 2420 omne
1357 2365 1714 2436 principium
1765 2369 1821 2418 et
1851 2365 2101 2419 terminu

2245 2366 2412 2416 ταῦτα
2480 2363 2774 2433 κινήματα.
2838 2363 2936 2416 Καὶ
3015 2360 3195 2439 ὥσπερ
3253 2365 3290 2432 ἡ
3351 2365 3580 2440 γραμμή
3647 2360 3844 2434 τέμνεται

487 2454 702 2520 omnis,
734 2454 1002 2526 partibus
1033 2458 1088 2509 et
1109 2453 1396 2508 divisione
1427 2457 1645 2508 carent.
1674 2455 1799 2508 lianc
1831 2459 2025 2508 autem
2059 2473 2104 2506 κι

2245 2450 2382 2504 κατὰ
2426 2449 2492 2502 τὰ
2543 2455 2766 2521 σημεῖα,
2797 2451 2886 2504 καὶ
2934 2450 2996 2504 τὸ
3050 2456 3280 2524 σημεῖον
3335 2451 3436 2507 οὐκ
3500 2447 3772 2530 ἀφαιρεῖταί
3807 2466 3845 2499 τι

485 2542 724 2612 νήματα,
773 2549 836 2597 ut
881 2541 1060 2614 aliqui
1113 2545 1365 2611 vertunt,
1418 2546 1662 2608 mutata,
1714 2547 2011 2597 vocantur.
2076 2543 2102 2596 Ε

2246 2546 2346 2608 τῆς
2395 2545 2679 2613 γραμμῆς·
2733 2537 2876 2593 οὕτω
2927 2538 3017 2594 καὶ
3065 2542 3099 2610 ἡ
3152 2539 3368 2612 κίνησις
3437 2539 3706 2617 διαιρεῖται
3745 2535 3844 2591 κατά

489 2630 642 2687 sicut
672 2630 826 2686 linea
853 2647 957 2702 per
985 2634 1206 2702 puncta
1252 2634 1502 2697 secatur,
1537 2632 1636 2686 62
1669 2635 1724 2686 et
1753 2635 2037 2702 punctum
2068 2631 2102 2685 d

2247 2627 2356 2701 (τὰ)
2394 2629 2689 2699 κινήματα,
2742 2627 2831 2681 καὶ
2885 2634 2988 2697 τῆς
3054 2631 3327 2699 κινήσεως
3376 2626 3529 2684 οὐδὲν
3581 2617 3843 2698 ἀπολαμϐά-

487 2719 645 2774 linea
675 2719 821 2774 nihil
861 2719 1116 2774 detrahit
1149 2735 1160 2773 :
1194 2719 1277 2773 ita
1307 2723 1363 2773 et
1410 2723 1605 2774 motus
1640 2735 1742 2790 per
1769 2719 1835 2770 τὰ
1863 2721 1984 2788 κινῆ
1999 2740 2102 2791 ματ

1055 2719 1116 2774 lit
1149 2735 1160 2773 :
1194 2719 1277 2773 ita
1307 2723 1363 2773 et
1410 2723 1605 2774 motus
1640 2735 1742 2790 per
1769 2719 1835 2770 τὰ
1863 2721 2138 2791 κινήματα
2245 2736 2323 2770 νει
2356 2715 2418 2769 τὸ
2447 2714 2672 2788 κίνημα.

485 2808 786 2876 dividitur,
819 2825 923 2863 nec
969 2806 1177 2878 κίνημα
1218 2809 1288 2864 de
1331 2813 1492 2862 motu
1543 2807 1870 2879 quidquam
1901 2810 2135 2882 accipit.

559 2898 645 2953 10.
678 2899 746 2952 Et
779 2897 931 2952 sicut
961 2897 1194 2952 inﬁnita
1224 2901 1378 2952 recta
1429 2895 1582 2952 linea
1611 2896 1856 2951 inveniri
1889 2915 2002 2953 non
2036 2917 2136 2970 po-

2320 2893 2369 2946 ι’.
2405 2893 2502 2947 Καὶ
2547 2892 2727 2969 ὥσπερ
2780 2893 2880 2948 οὐκ
2941 2890 3082 2948 ἔστιν
3161 2895 3336 2970 εὑρεῖν
3411 2894 3625 2971 ἄπειρον
3682 2890 3840 2946 εὐθεῖαν

481 2989 600 3042 test
627 2987 886 3058 (omnem
918 2987 1076 3041 enim
1109 2990 1327 3041 rectam
1351 2985 1551 3057 prima;
1584 2985 1823 3057 sphaarae
1854 2987 2098 3044 diamete

2245 2983 2510 3057 γραμμὴν
2559 2982 2782 3056 (μείζων
2832 2981 2934 3058 γὰρ
2982 2981 3193 3054 ἀπάσης
3263 2983 3471 3046 εὐθείας
3518 2986 3552 3054 ἡ
3598 2989 3688 3051 τῆς
3730 2978 3840 3055 πρώ-

479 3075 888 3147 magnitudine
935 3078 1196 3146 superat,
1257 3091 1382 3145 qua:
1447 3073 1744 3129 evidenter
1787 3075 1954 3130 ﬁnita
2000 3084 2096 3149 esti

2241 3093 2342 3142 της
2388 3071 2615 3149 σφαίρας
2666 3069 2978 3148 διάμετρος,
3024 3071 3149 3141 ἥτις
3213 3071 3456 3149 ἐναργῶς
3522 3067 3837 3145 πεπέρασται)·

478 3164 562 3220 ita
592 3180 780 3236 neque
811 3180 989 3236 super
1038 3167 1195 3218 recta
1223 3162 1377 3218 linea
1427 3168 1621 3219 motus
1655 3163 1808 3219 ullus
1860 3163 2094 3221 inﬁnitu

2245 3159 2416 3222 οὕτως
2501 3158 2612 3215 οὐδ’
2696 3159 2778 3215 ἐπ’
2861 3159 3068 3224 εὐθείας
3148 3160 3367 3231 κίνησις
3455 3158 3670 3235 οὐδεμία
3735 3154 3837 3211 ἐστὶν

477 3258 588 3309 est.
651 3253 812 3316 Quod
865 3251 1022 3306 enim
1089 3255 1130 3287 τ¹
1193 3268 1370 3323 super
1423 3257 1580 3306 racta
1637 3251 1793 3308 linea
1839 3260 2094 3311 movetur

2240 3247 2484 3326 ἄπειρος.
2533 3251 2602 3304 Τὸ
2653 3250 2756 3325 γὰρ
2811 3248 2891 3304 ἐπ’
2935 3249 3141 3313 εὐθείας
3189 3251 3514 3325 κινούμενον
3562 3246 3698 3323 εἲίπερ
3744 3243 3837 3298 ἀνα-

480 3341 772 3412 siquidem
825 3341 1161 3406 reflectitur,
1197 3341 1345 3396 duos
1395 3345 1594 3396 motus
1623 3341 1818 3412 efﬁcit,
1855 3343 2095 3417 deincep

2237 3339 2494 3412 κάμπτει,
2547 3336 2642 3393 δύο
2716 3341 2960 3409 κινήσεις
3030 3345 3198 3410 ποιεῖ,
3252 3339 3448 3417 ἐφεξῆς
3502 3341 3617 3412 μὲν,
3661 3334 3716 3391 οὐ
3761 3331 3839 3404 μὴν

481 3429 719 3503 quidem
754 3445 816 3485 se
860 3434 1306 3500 consequentes,
1339 3445 1454 3484 non
1484 3434 1681 3485 tamen
1716 3431 1864 3486 inter
1893 3449 1954 3488 se
1986 3451 2091 3489 con

2238 3434 2482 3502 συνεχεῖς
2513 3425 2815 3498 ἀλλήλαις.
2853 3427 3078 3506 Ἐφεξῆς
3133 3425 3190 3483 δέ
3231 3427 3392 3498 εἷ’σιν,
3428 3431 3501 3484 ὧν
3548 3428 3640 3483 οὐκ
3684 3423 3774 3478 ἔστι
3803 3438 3838 3472 τι

478 3519 697 3574 tinuos.
746 3519 1028 3589 Deinceps
1076 3519 1120 3551 7’
1171 3523 1365 3573 autem
1413 3524 1574 3585 sunt,
1603 3519 1755 3574 inter
1803 3538 1929 3593 quae
1985 3522 2095 3577 nihi

2237 3517 2488 3593 συγγενὲς
2571 3516 2787 3589 μεταξῦ⁹
2862 3517 2938 3578 ὡς
3006 3515 3201 3596 ἐφεξῆς
3264 3518 3443 3581 οἰκίας
3515 3517 3746 3592 λέγομεν,
3783 3509 3836 3562 ὧν

476 3607 789 3663 htervenit
817 3607 1083 3677 ejusdem
1115 3607 1366 3679 generis.
1399 3607 1690 3664 Continua
1718 3626 1851 3665 vero
1879 3610 2093 3667 invicem

2240 3605 2434 3678 μεταξὺ
2491 3605 2591 3660 οὐκ
2651 3603 2791 3660 ἔστιν
2870 3604 3026 3682 ἑτέρα
3097 3605 3268 3660 οἰκία.
3335 3608 3434 3662 Καὶ
3509 3607 3730 3676 κινήσεις
3774 3593 3838 3651 οὖν

475 3702 638 3763 sunt,
671 3713 923 3768 quorum
973 3695 1213 3752 alterius
1257 3696 1392 3752 ﬁnis
1438 3701 1527 3752 est
1574 3697 1929 3771 principium
1979 3701 2092 3757 alte

2235 3693 2445 3770 ἐφεξῆς,
2487 3695 2560 3747 ὧν
2608 3693 2720 3749 ἐστί
2767 3715 2851 3756 τις
2901 3691 3167 3768 ὁμοειδὴς
3218 3695 3436 3766 κίνησις
3488 3692 3688 3769 μεταξύ.
3717 3695 3835 3744 Συνε¹

478 3787 602 3842 rius
627 3787 694 3842 ‘3.
729 3785 1000 3841 Continui
1031 3785 1214 3857 igitur
1256 3785 1431 3841 etiam
1484 3791 1679 3842 motus
1711 3793 1852 3844 sunt
1879 3791 1941 3856 π,
1979 3806 2092 3861 quo

2235 3789 2311 3857 χῆ
2364 3779 2408 3835 δ’
2446 3781 2722 3848 ἀλλήλοις
2774 3781 2935 3852 ἐστὶν,
2983 3784 3057 3837 ὦν
3123 3785 3355 3861 θατέρου
3405 3786 3467 3840 τὸ
3516 3783 3674 3858 πέρας
3723 3771 3835 3852 ἀρχῆ

471 3891 603 3930 rum
632 3875 868 3930 termini
924 3891 1108 3930 unum
1159 3879 1317 3944 sunt,
1354 3892 1487 3930 cum
1521 3880 1577 3931 et
1626 3876 1738 3947 ipsi
1787 3877 1906 3933 sint
1947 3879 2088 3933 uniu

2230 3870 2429 3946 γίνεται
2478 3876 2574 3926 τοῦ
2624 3870 2843 3930 λοιποῦ.
2893 3871 2992 3927 Καὶ
3041 3879 3289 3949 συνεχεῖς
3341 3875 3432 3929 οὖν
3482 3869 3734 3941 ἀλλήλαις
3772 3882 3831 3916 κι·

469 3965 852 4035 ejusdemque
877 3963 1110 4035 speciei,
1139 3967 1196 4019 et
1217 3964 1357 4020 item
1382 3964 1439 4020 id
1464 3965 1619 4036 quod
1652 3972 1916 4022 movetur
1935 3983 2086 4022 unur

2229 3961 2432 4032 νήσεις,
2485 3961 2630 4016 ὦντᾶ
2677 3959 2882 4038 πέρατα
2932 3961 3011 4035 ἓν,
3061 3961 3236 4016 αὐτῶν
3297 3984 3358 4018 τε
3403 3962 3574 4018 οὐσῶν
3614 3949 3830 4031 ὁμοειδῶν

470 4053 747 4124 idemque
799 4053 894 4108 sit.
927 4052 1035 4116 Qui
1066 4068 1202 4125 ergo
1251 4057 1448 4108 motus
1477 4054 1628 4108 inter
1667 4070 1728 4108 se
1759 4059 1899 4110 sunt
1943 4056 2087 4111 conti

2227 4049 2317 4104 καὶ
2347 4055 2442 4104 τοῦ
2468 4049 2792 4123 κινουμένου
2834 4050 3203 4126 τυγχάνοντος
3247 4057 3348 4107 τοῦ
3396 4051 3558 4107 αὐτοῦ
3601 4044 3681 4102 καί
3722 4038 3825 4126 ἐνόςτ

470 4141 598 4206 nui,
657 4141 896 4196 omnino
945 4142 1121 4197 etiam
1165 4141 1440 4213 deinceps
1491 4147 1632 4198 sunt
1679 4159 1693 4197 :
1745 4160 1861 4198 non
1919 4149 2087 4201 auten

2230 4139 2296 4192 Αἱ
2331 4140 2426 4212 μὲν
2477 4138 2568 4194 οὖν
2619 4121 2864 4215 συνεχεῖς
2914 4121 3192 4212 άλλήλαις
3239 4144 3482 4213 κινήσεις
3531 4137 3725 4194 πάντως
3763 4121 3829 4182 καί

469 4228 648 4284 etiam
698 4229 798 4301 qui
832 4229 1111 4301 deinceps
1161 4235 1322 4299 sunt,
1356 4230 1510 4285 illico
1558 4231 1713 4286 inter
1765 4248 1824 4287 se
1855 4234 2086 4289 continu

2227 4227 2436 4306 ἐφεξῆς·
2491 4229 2554 4284 οὐ
2609 4230 2717 4301 μὴν
2765 4225 2951 4284 δὲκαὶ
2999 4230 3055 4284 αἱ
3106 4229 3296 4308 ἐφεξῆς
3342 4228 3450 4302 ἤδη
3501 4227 3586 4284 καὶ
3631 4218 3826 4308 συνεχεῖς

466 4323 628 4374 sunt.
662 4319 823 4384 Quod
853 4318 1035 4391 igitur
1053 4335 1230 4391 super
1258 4323 1416 4374 recta
1444 4319 1600 4375 linea
1627 4325 1911 4389 movetur,
1931 4322 2083 4395 siqui

2228 4305 2526 4388 ἀλλήλαις.
2583 4318 2654 4372 Τὸ
2717 4322 2844 4394 γοῦν
2920 4318 3004 4373 ἐπ’
3059 4305 3266 4383 εὐθείας
3333 4318 3664 4392 κινούμενον,
3713 4305 3823 4395 εἴπερ

465 4407 598 4462 dem
631 4388 957 4476 retrocedit,
1004 4388 1279 4480 deinceps
1312 4409 1550 4479 quidem
1602 4425 1664 4464 se
1693 4388 2082 4482 consequente

2226 4407 2582 4480 ἀνακάμπτει,
2660 4388 2811 4462 ποιεῖ
2887 4408 2981 4481 μὲν
3069 4407 3260 4487 ἐφεξῆς
3323 4409 3420 4472 τὰς
3488 4388 3739 4487 κινήσεις,Δ
3779 4388 3822 4445 οὐ

461 4499 660 4552 motus
693 4497 868 4564 facit;
901 4502 962 4552 at
993 4514 1107 4551 non
1132 4497 1309 4552 etiam
1342 4497 1586 4569 proinde
1608 4500 1938 4555 continuos.
1961 4502 2078 4558 Inte

2228 4497 2335 4568 μὴν
2386 4493 2443 4551 δὲ
2509 4496 2600 4552 καὶ
2661 4503 2932 4572 συνεχεῖς.
2986 4484 3196 4569 Μεταξὺ
3263 4498 3368 4575 γὰρ
3436 4500 3541 4553 τῶν
3610 4484 3819 4575 τοιοάτιιιν

457 4583 799 4654 hujusmodi
830 4584 988 4640 enim
1038 4590 1231 4640 motus
1263 4586 1430 4656 quies
1481 4586 1748 4656 quadam
1782 4587 2074 4643 intervenit

2224 4566 2492 4656 κινήσεων
2539 4585 2743 4662 ἠρεμία
2790 4566 2878 4648 τίς
2946 4585 3078 4658 ἐστι,
3137 4566 3500 4642 διακύπτουσα
3561 4583 3654 4651 τήν
3708 4566 3818 4672 συνιέ-

456 4689 584 4744 quaa
604 4673 1046 4728 continuitatem
1074 4672 1408 4728 intersecat.
1430 4674 1531 4728 63
1553 4674 1930 4730 Terminatur
1951 4677 2073 4732 enir

2225 4693 2402 4748 χειαν.
2469 4678 2806 4748 Περατοῦται
2863 4675 2967 4750 γὰρ
3028 4677 3062 4745 ἡ
3123 4677 3316 4752 πρώτη
3376 4675 3604 4744 κίνησις,
3652 4662 3725 4722 καὶ
3763 4657 3817 4715 ὡς

452 4761 680 4833 primus
711 4767 928 4832 motus,
957 4767 1012 4817 et
1043 4767 1108 4817 ut
1140 4763 1213 4817 ab
1265 4761 1380 4817 alio
1414 4761 1700 4834 principio
1749 4763 1896 4819 alter
1922 4767 2069 4822 conﬁ

2218 4747 2308 4816 δέκ’
2358 4760 2536 4834 ἄλλης
2585 4763 2767 4839 ἀρχῆς
2795 4766 2831 4833 ἡ
2877 4747 3038 4839 -ἑτέρα
3079 4747 3432 4820 ἐπιτελεῖται.
3468 4763 3630 4818 Μέσον
3661 4751 3709 4809 δὲ
3745 4747 3816 4802 τοῖ’

454 4850 626 4906 citur.
679 4852 834 4906 Inter
899 4852 1076 4906 ﬁnem
1126 4857 1322 4906 autem
1392 4850 1590 4922 primi,
1635 4858 1692 4907 et
1749 4853 2071 4926 principqu

2214 4851 2446 4927 πέρατος
2493 4859 2594 4921 τῆς
2642 4852 2868 4928 πρώτης
2919 4853 3009 4906 καὶ
3057 4860 3157 4922 τῆς
3212 4853 3392 4929 ἀρχῆς
3456 4857 3552 4920 τῆς
3615 4840 3812 4929 δευτέρας

453 4941 693 4996 secundi
739 4940 906 5013 quies
972 4940 1164 4995 media
1230 4941 1586 5012 agnoscitur.
1639 4923 1763 4996 Duo
1829 4923 1985 4998 enim
2037 4943 2070 4997 ﬁ

2213 4943 2248 5009 ἡ
2303 4939 2508 5016 ἠρεμία
2552 4941 2897 5014 γινώσκεται.
2951 4941 3054 4997 Δύο
3115 4943 3218 5018 γὰρ
3268 4938 3656 5018 πεπερασμέναι
3694 4923 3811 4990 κινή-

453 5029 560 5084 niti
625 5029 906 5085 rectilinei
981 5034 1172 5085 motus
1225 5047 1288 5085 se
1357 5029 1602 5085 invicem
1654 5031 1712 5084 in
1780 5048 1897 5086 uno
1947 5034 2068 5101 κινή

2214 5050 2322 5090 σεις
2383 5029 2465 5083 ἐπ’
2521 5028 2729 5092 εὐθείας
2787 5028 3058 5100 ἀλλήλω-ε
3118 5016 3224 5107 οὐχ
3255 5016 3510 5085 ἅπτονται
3548 5021 3656 5085 καθ’
3680 5016 3725 5071 ἓν
3749 5029 3809 5064 κν

454 5137 580 5188 ματι
617 5136 732 5175 non
766 5124 1016 5192 tangunt
1049 5135 1060 5172 :
1111 5120 1611 5190 quemadmodum
1641 5120 1769 5175 dua:
1803 5121 1978 5176 ﬁnitae
2011 5139 2069 5178 re

2209 5137 2379 5191 νημασ
2431 5121 2669 5195 καθάπερ
2740 5119 2941 5183 εὐθεῖαι
3011 5117 3106 5174 δύο
3159 5116 3554 5196 πεπτρασμέναι
3610 5107 3809 5196 δύναξται

448 5211 552 5262 οἴω
585 5208 644 5263 in
679 5225 792 5264 uno
837 5213 1054 5279 puncto
1087 5209 1236 5263 inter
1275 5225 1337 5264 se
1369 5209 1615 5263 invicem
1662 5209 1921 5282 copulari
1967 5227 2065 5282 pos

2209 5208 2326 5261 καθ’
2401 5206 2456 5260 ἓν
2547 5214 2775 5280 σημεῖον
2861 5207 3137 5280 ἀλλήλαις
3245 5207 3604 5268 συνάπτεσθαι.
3666 5187 3808 5259 Δηλο’

444 5301 602 5350 sunt.
637 5297 1013 5353 Manifestum
1062 5297 1170 5352 hoc
1217 5298 1470 5354 reddunt
1515 5298 1714 5370 ﬁgurae
1761 5297 2061 5353 rcctilinea

2208 5301 2426 5351 ποιοῦσι
2481 5297 2542 5351 τὸ
2595 5295 2894 5373 λεγόμενον
2943 5298 3010 5352 τὰ
3060 5303 3168 5353 τῶν
3220 5297 3517 5375 σχημάτων
3561 5283 3806 5357 εὐθύγραμ-

443 5383 816 5441 Diversarum
846 5386 1002 5442 enim
1053 5386 1290 5458 quidem
1323 5391 1614 5442 rectarum
1663 5385 1956 5442 linearum
1981 5391 2060 5442 ter

2212 5407 2305 5460 μα.
2365 5390 2482 5440 Τῶν
2549 5370 2816 5463 μὶν-γὰρ
2878 5385 3152 5464 διαφόρων
3231 5370 3448 5451 εὐθειῶν
3519 5379 3580 5435 τὰ
3646 5370 3805 5444 πέρατα

515 5617 647 5704 "1310
685 5616 940 5704 ῐῖῖυέιιρ·
979 5619 1063 5689 12»
1099 5619 1256 5704 ιλθῖν
1434 5620 1498 5704 .ἶ¹
1533 5619 1769 5704 θέβδέο
1803 5619 1975 5704 ςλυέν
2000 5621 2056 5704 .t;
2085 5617 2132 5673 δε

2255 5618 2301 5655 ⁷²
2330 5618 2368 5673 5
2399 5619 2570 5693 Phys.
2603 5635 2654 5680 ο.
2685 5620 2743 5690 5,
2777 5624 2821 5677 t.
2850 5623 2940 5678 25.
3022 5623 3067 5658 ⁷³
3094 5623 3131 5678 5
3160 5623 3331 5697 Phys.
3365 5636 3415 5676 c.
3445 5617 3498 5684 5,
3521 5616 3560 5668 t.
3587 5606 3668 5671 25p
3691 5591 3796 5655 θίδν

447 5688 488 5739 t.
522 5689 608 5741 39.
690 5691 732 5722 7"
761 5691 796 5742 5
825 5689 997 5761 Phys.
1033 5688 1082 5745 ο.
1116 5693 1198 5757 6.,
1230 5697 1270 5745 t.
1301 5692 1393 5761 39,
1423 5691 1511 5757 41,
1545 5696 1601 5747 et
1629 5688 1767 5746 δίο.
1804 5691 1891 5758 12,
1923 5693 1965 5746 ι.
1997 5691 2086 5746 61.
