4094 6460
267 390 426 458 1ῧ69

1579 394 1930 459 ΕΡῙΤΟΜΕ
1973 396 2329 460 PHYSIGA.

3524 403 3683 464 l0’70

268 526 564 606 ἐφαρμόζει
595 525 684 583 διὰ
710 528 774 583 τὸ
805 527 1094 602 ὑπομένειν
1143 524 1330 597 αὐτὰς,
1362 529 1470 581 τῶν
1533 524 1592 582 δὲ
1645 525 1918 606 διαφόρων

2047 530 2179 586 mini
2235 536 2368 604 apte
2427 533 2736 604 cohaerent,
2795 532 2934 605 quia
2991 533 3130 605 ipsze
3189 541 3576 607 permanent;
3623 541 3684 594 at

267 618 351 674 ἐπ’
381 617 590 683 εὐθείας
622 619 888 689 κινήσεων
918 613 1166 678 οὐδόλως
1217 614 1511 694 ἐφαρμόζει
1568 616 1636 671 τὰ
1690 617 1916 693 πέρατα,

270 705 362 763 διὰ
413 707 478 763 τὸ
534 706 586 763 ἐν
643 705 855 780 ἀστάτῳ
916 705 1018 781 ῥοῇ
1049 709 1283 781 χρονικῇ
1313 703 1548 781 γίνεσθαι
1603 706 1701 768 τὰς
1757 707 1920 776 κινή-

267 815 398 860 σεις·
458 797 740 861 κάντεῦθεν
796 793 991 870 (δῆλόν
1047 793 1180 867 ἐστι)
1235 795 1308 868 μὴ
1370 791 1620 849 δύνασθαι
1677 794 1740 849 τὸ
1792 793 1922 849 αὐτὸ

269 886 360 942 καὶ
416 884 472 941 ἓν
538 885 749 958 κίνημα
803 883 968 960 πέρας
1026 883 1159 938 εἶναι
1214 890 1315 953 τῆς
1371 883 1599 959 πρώτης
1654 885 1920 954 κινήσεως

272 975 362 1030 καὶ
385 981 486 1046 τῆς
519 972 770 1050 δευτέρας
828 974 1030 1050 ἀρχὴν,
1065 967 1482 1046 λαμϐανόμενον
1545 969 1649 1044 δὶς,
1683 971 1921 1048 καθάπερ

273 1065 362 1120 ἐπὶ
413 1068 520 1120 τῶν
571 1062 855 1133 εὐθειῶν-δ
889 1063 1114 1137 στιγμή.
1176 1060 1418 1138 Διαρῥέει
1476 1061 1580 1136 γὰρ
1637 1062 1666 1115 ὁ
1724 1060 1924 1138 χρόνος

277 1152 474 1228 μεταξὺ
528 1151 620 1208 καὶ
675 1149 852 1224 διιστᾷ
905 1153 973 1207 τὰ
1027 1153 1321 1224 κινήματα.
1380 1151 1443 1204 Ἡ
1501 1148 1560 1206 δὲ
1615 1154 1722 1206 τῶν
1771 1171 1922 1221 κινη-

279 1243 461 1318 μάτων
520 1239 794 1304 διάστασις
854 1239 1087 1318 ἠρεμίαν
1144 1244 1320 1315 γεννᾷ.
1380 1246 1488 1310 Τῆς
1545 1242 1650 1316 γὰρ
1717 1237 1804 1294 ἐπὶ
1860 1241 1924 1295 τὸ

274 1329 383 1388 ἄνω
413 1336 587 1409 φορᾶς
617 1333 715 1384 τοῦ
743 1328 898 1394 λίθου
945 1329 1008 1384 τὸ
1052 1329 1230 1406 τέρμα
1286 1327 1546 1384 διίσταται
1593 1336 1694 1400 τῆς
1743 1328 1922 1406 ἀρχῆς

273 1428 373 1493 τῆς
434 1420 524 1477 ἐπὶ
564 1420 628 1475 τὸ
658 1418 805 1475 κάτω
835 1425 1024 1498 φορᾶς,
1054 1423 1134 1492 τῷ
1158 1417 1460 1491 ὀξυκινήτῳ
1490 1426 1588 1488 τῆς
1637 1422 1732 1474 τοῦ
1788 1418 1924 1495 χρό-

273 1533 370 1566 νου
402 1509 558 1587 ῥοῆςο
609 1507 729 1573 ὅθεν
787 1508 879 1563 καὶ
918 1507 1122 1584 ἠρεμία
1175 1529 1259 1570 τις
1317 1513 1514 1563 νοεῖται
1569 1506 1764 1582 μεταξὺ
1813 1511 1923 1563 τῶν

275 1597 372 1655 δύο
428 1602 527 1654 τοῦ
585 1597 743 1653 λίθου
801 1601 1006 1676 φορῶν.
1040 1597 1138 1651 Διὰ
1189 1600 1358 1652 ταῦτα
1400 1595 1582 1652 τοίνυν
1629 1596 1728 1652 οὐκ
1782 1592 1922 1652 ἔστιν

275 1688 359 1745 ἐπ’
416 1686 620 1750 εὐθείας
679 1685 926 1757 ἐννοῆσαι
975 1685 1184 1757 κίνησιν
1245 1682 1488 1763 ἄπειρον.
1536 1685 1658 1741 Ἐπὶ
1718 1683 1776 1741 δὲ
1830 1689 1925 1741 τοῦ

273 1777 481 1834 κύκλου
511 1773 925 1853 συνδραμόντων
967 1773 1240 1847 ἀλλήλοις
1289 1782 1389 1846 τῆς
1448 1777 1626 1852 ἀρχῆς
1682 1775 1774 1831 καὶ
1827 1779 1925 1831 τοῦ

2033 625 2304 676 motuum
2357 622 2721 678 diversorum
2779 621 3215 679 rectilineorum
3273 624 3512 680 termini
3566 626 3682 683 sibi

2029 724 2272 778 prorsus
2302 727 2421 766 non
2451 714 2803 783 congruunt,
2836 715 3147 784 propterea
3174 713 3330 784 quod
3375 718 3570 770 motus
3618 714 3680 772 in

2029 795 2292 853 instabili
2321 799 2603 873 temporis
2632 800 2791 855 ﬂuxu
2825 799 2993 855 fiunt.
3025 801 3214 874 Atque
3242 801 3381 858 hinc
3429 804 3680 860 manife-

2032 889 2192 942 stum
2229 887 2340 943 'est
2400 906 2515 945 non
2564 906 2737 961 posse
2785 906 2971 944 unum
3023 893 3080 945 et
3124 890 3281 946 idem
3331 889 3540 964 κίνημα
3588 893 3679 950 bis

2033 981 2333 1048 sumptum
2362 977 2538 1049 primi
2558 983 2754 1035 motus
2774 979 2952 1034 ﬁnem
2975 983 3031 1036 et
3054 980 3296 1036 secundi
3322 981 3680 1054 principium

2032 1081 2180 1134 esse,
2233 1066 2731 1138 quemadmodum
2778 1072 3066 1140 punctum
3121 1068 3181 1123 in
3239 1069 3431 1126 lineis.
3486 1071 3684 1127 Efﬂuit

2033 1155 2188 1211 enim
2220 1155 2457 1212 interim
2489 1159 2745 1229 tempus,
2777 1161 2836 1213 et
2876 1157 3165 1228 disjungit
3199 1158 3495 1230 κινήματα,
3524 1179 3682 1230 κινη-

2037 1243 2219 1315 μάτων
2280 1249 2479 1300 autem
2545 1245 2863 1316 disjunctio
2930 1245 3183 1318 quietem
3249 1247 3461 1320 gignit.
3521 1249 3682 1306 Finis

2033 1334 2189 1389 enim
2223 1337 2418 1390 motus
2448 1333 2661 1406 lapidis
2693 1351 2806 1406 quo
2837 1351 3076 1391 sursum
3109 1335 3292 1392 fertur
3317 1354 3352 1393 a
3393 1337 3680 1409 principio

2033 1423 2162 1494 ejus
2193 1426 2389 1479 motus
2419 1440 2535 1495 quo
2566 1425 2842 1480 deorsum
2867 1429 3154 1492 movetur,
3179 1441 3282 1498 per
3309 1426 3681 1498 rapiditatem

2035 1511 2229 1567 ﬂuxus
2275 1512 2561 1584 temporis
2609 1513 3016 1586 distinguitur.
3067 1513 3230 1569 Unde
3277 1515 3458 1571 etiam
3515 1515 3684 1588 quies

2035 1600 2236 1673 aliqua
2263 1601 2416 1657 inter
2446 1603 2593 1658 duas
2625 1601 2851 1675 .lapidis
2897 1601 3146 1660 lationes
3174 1604 3682 1661 animadvertitur.

2034 1692 2354 1763 Eapropter
2393 1690 2573 1764 igitur
2613 1689 2814 1747 nullus
2860 1697 3058 1749 motus
3104 1708 3282 1765 super
3326 1697 3486 1749 recta
3529 1693 3687 1751 linea

2033 1780 2306 1836 inﬁnitus
2338 1781 2580 1854 cogitari
2611 1782 2715 1837 64
2745 1784 2956 1853 potest.
2987 1782 3062 1837 At
3089 1781 3151 1838 in
3185 1781 3402 1838 circulo
3432 1783 3497 1848 ⁷⁸,
3549 1799 3686 1840 cum

275 1866 532 1945 πέρατος,
578 1865 670 1921 καὶ
701 1867 736 1935 ἡ
769 1862 960 1937 κύκλῳ
1016 1863 1231 1936 κίνησις
1283 1863 1528 1933 ἄπειρος’
1571 1861 1745 1921 εἷίτουν
1801 1866 1928 1921 ἀπε-

2047 1868 2391 1942 principium
2444 1872 2500 1926 et
2547 1869 2683 1925 ﬁnis
2732 1875 3105 1940 concurrant,
3139 1874 3336 1927 motus
3379 1871 3686 1928 circularis

279 1957 519 2035 ράτωτος
580 1953 799 2010 δύναται
855 1953 1114 2030 γίνεσθαι,
1171 1957 1356 2009 πασῶν
1421 1957 1530 2009 τῶν
1614 1959 1925 2032 περιφορῶν

2047 1959 2302 2016 inﬁnitus
2333 1961 2440 2026 est,
2474 1958 2598 2015 sive
2642 1958 3058 2016 interminatus
3100 1959 3226 2016 fieri
3274 1964 3505 2033 potest;
3547 1977 3684 2017 cum

276 2047 396 2111 καθ’
445 2044 502 2101 ἓν
555 2044 765 2119 κίνημα
838 2043 1254 2116 συναπτομένων
1329 2042 1420 2098 καὶ⁹
1495 2042 1926 2119 συνεχιζομένων

278 2132 578 2207 ἀλλήλαις,
609 2134 700 2189 καὶ
757 2133 835 2195 ὡς
895 2137 1022 2206 μιᾶς
1078 2137 1379 2211 περιφορᾶς
1434 2129 1778 2206 τελουμένων
1821 2137 1930 2189 τῶν

277 2222 424 2280 ὅλων
479 2223 676 2300 μέχρις
733 2221 792 2277 ἂν
850 2221 914 2278 τὸ
967 2223 1278 2277 τελευταῖον
1319 2216 1676 2277 καταλάϐοιεν
1735 2223 1958 2299 πέρας,·

273 2315 338 2370 τὸ
396 2313 694 2388 ὡρισμένον
755 2310 941 2374 αὐταῖς
999 2310 1103 2366 ὑπὸ
1157 2313 1257 2366 τοῦ
1304 2311 1403 2380 τὴν
1461 2310 1686 2383 πρώτην
1742 2307 1930 2372 δόντος

279 2404 485 2479 ἀρχήν.
519 2403 619 2457 Διά
671 2422 731 2456 τε
758 2405 888 2477 γοῦν
926 2401 1026 2470 τὴν
1057 2398 1314 2470 τοιαύτην
1350 2399 1630 2475 συνέχειαν
1663 2402 1698 2469 ἠ
1732 2399 1930 2455 κυκλο-

278 2492 446 2573 φορία
500 2490 803 2566 τελεωτέρα
859 2488 991 2563 ἐστὶ,
1021 2489 1111 2544 καὶ
1168 2489 1362 2566 πρώτη
1421 2491 1520 2558 τῆς
1581 2488 1663 2544 ἐπ’
1721 2487 1930 2554 εὐθείας

276 2583 565 2654 κινήσεως.

354 2672 441 2729 ια’.
473 2669 575 2726 Καὶ
633 2668 719 2725 ὅτι
773 2668 913 2742 μόνη
972 2669 1204 2746 πέφυκεν
1261 2665 1500 2742 ὁμαλής.
1545 2667 1629 2726 Τὰ
1684 2667 1790 2744 γὰρ
1848 2667 1930 2723 ἐπ’

281 2760 488 2826 εὐθείας
547 2757 654 2815 εἷιτε
706 2759 844 2814 κατὰ
899 2757 1052 2836 φύσιν
1110 2753 1217 2814 εἷίτε
1269 2756 1417 2832 παρὰ
1473 2756 1628 2834 φύσιν
1675 2754 1931 2830 κινούμε-

280 2873 363 2925 να,
414 2845 726 2924 ἀνωμάλως
774 2846 880 2902 ἀπὸ
925 2849 1026 2917 τῆς
1071 2847 1253 2922 ἀρχῆς
1301 2846 1517 2925 φέρεται
1561 2845 1697 2922 πρὸς
1733 2845 1797 2901 τὸ
1844 2845 1931 2901 τέ-

282 2939 404 3004 λος.
445 2938 522 2994 Τὰ
590 2937 683 3012 μὲν
738 2936 842 3013 γὰρ
895 2937 1043 3012 παρά
1109 2935 1263 3014 φύσιν
1324 2934 1616 3011 φερόμενα,
1677 2933 1775 2990 ὅσα
1834 2935 1928 3009 μὲν

279 3028 533 3086 ἕλκονται
597 3023 922 3103 βραδύτερον
981 3022 1233 3103 φέρονται
1299 3025 1398 3094 τήν
1477 3025 1678 3101 ἀρχὴν,
1741 3025 1929 3080 θᾶττον

283 3118 344 3176 δὲ
386 3123 467 3191 τῷ
513 3113 730 3174 ἕλκοντι
777 3113 1172 3186 πλησιάζοντα,
1205 3112 1295 3169 διὰ
1341 3115 1402 3170 τὸ
1455 3112 1668 3189 μᾶλλον
1717 3113 1933 3190 ἐπικρα-

281 3213 394 3266 τεῖν
426 3207 550 3264 τότε
576 3207 677 3276 τὴν
702 3209 801 3261 τοῦ
825 3201 1084 3267 ἕλκοντος
1115 3201 1362 3276 δύναμιν.
1395 3207 1531 3258 Ὅσα
1573 3200 1632 3259 δὲ
1681 3203 1934 3281 ῥιπτοῦν-

2037 2064 2242 2105 omnes
2297 2047 2702 2104 conversiones
2760 2065 2878 2104 uno
2933 2049 3194 2120 κινήματι
3250 2050 3688 2123 conjungantur

2036 2141 2094 2195 et
2122 2137 2542 2194 continuentur
2569 2137 2841 2206 invicem,
2873 2140 2931 2193 et
2977 2141 3042 2193 ut
3081 2139 3379 2194 conversio
3411 2156 3530 2195 una
3558 2155 3683 2195 om-

2036 2244 2143 2285 nes
2171 2225 2573 2300 perﬁciantur,
2595 2226 2778 2282 donec
2808 2231 3132 2283 extremum
3162 2228 3482 2284 terminum
3512 2244 3684 2284 occu-

2037 2317 2319 2392 paverint,
2343 2315 2443 2389 qui
2471 2315 2616 2387 ipsis
2639 2316 2712 2372 ab
2743 2332 2830 2383 eo,
2854 2333 2889 2372 a
2916 2333 3032 2388 quo
3053 2316 3311 2389 primum
3333 2316 3687 2390 principium

2039 2409 2406 2478 acceperunt,
2458 2404 2826 2477 praestitutus
2876 2408 2987 2461 est.
3017 2405 3258 2479 Propter
3306 2406 3459 2462 hanc
3507 2406 3692 2480 igitur

2039 2494 2488 2552 continuitatem
2519 2492 2822 2550 circularis
2853 2497 3049 2550 motus
3079 2494 3390 2567 perfectior
3416 2499 3476 2551 et
3513 2494 3690 2552 recti-

2039 2584 2194 2641 lineo
2226 2587 2391 2639 motu
2423 2582 2584 2655 prior
2616 2587 2726 2641 est.

2112 2675 2200 2729 11.
2233 2673 2498 2744 Itemque
2529 2671 2669 2744 quia
2700 2670 2862 2728 solus
2893 2675 2984 2728 est
3005 2670 3333 2744 aequabilis.
3365 2672 3504 2738 Quae
3533 2673 3693 2730 enim

2041 2763 2113 2820 ad
2158 2765 2378 2818 rectam
2408 2759 2627 2817 lineam
2677 2764 3007 2829 moventur,
3043 2761 3164 2818 sive
3214 2761 3540 2818 secundum
3589 2779 3694 2819 na-

2039 2857 2256 2920 turam,
2290 2850 2410 2907 sive
2439 2854 2648 2923 praeter
2677 2853 2948 2906 naturam
2978 2853 3344 2916 moveantur,
3378 2850 3699 2924 inaequabi-

2039 2941 2175 2998 liter
2220 2958 2255 2996 a
2302 2939 2588 3012 principio
2637 2939 2711 2994 ad
2757 2939 2936 2995 finem
2964 2939 3358 3012 perferuntur.
3391 2940 3621 2996 Etenim
3651 2941 3697 2976 ⁷⁸

2041 3047 2169 3103 quae
2219 3033 2430 3102 praeter
2475 3031 2748 3084 naturam
2796 3029 3084 3095 feruntur,
3117 3028 3412 3101 siquidem
3455 3029 3695 3085 trahan-

2039 3123 2160 3185 tur,
2189 3117 2416 3174 tardius
2463 3117 2525 3172 in
2569 3116 2854 3190 principio
2895 3118 3184 3184 feruntur,
3219 3117 3466 3174 celerius
3498 3121 3694 3174 autem

2046 3225 2183 3264 cum
2225 3207 2480 3263 trahenti
2527 3205 3020 3278 appropinquant,
3064 3206 3221 3277 quod
3271 3206 3532 3278 potentia
3576 3210 3695 3263 tra-

283 3317 372 3353 ται
428 3297 616 3351 θᾶττον
681 3295 775 3367 μὲν
835 3297 1103 3348 κινοῦνται
1162 3293 1300 3368 πρὸς
1348 3296 1417 3366 τῇ
1475 3291 1646 3368 ἀρχῇ·
1707 3289 1931 3368 ἅφιστά-

2047 3297 2243 3354 hentis
2271 3301 2399 3351 tum
2431 3295 2621 3367 magis
2650 3294 3026 3363 dominetur;
3077 3294 3169 3350 sin
3199 3311 3335 3352 vero
3371 3295 3693 3367 jaciantur,

288 3405 420 3459 μενα
475 3381 532 3440 δέ
584 3405 666 3460 γε,
702 3379 1050 3460 βραδύτερον,
1085 3380 1421 3455 ἐκλυομένης
1478 3378 1616 3451 δῆτα
1669 3389 1771 3452 τῆς
1829 3383 1934 3438 ἀπὸ

279 3478 380 3530 τοῦ
431 3472 686 3550 ῥίψαντος
743 3468 1048 3542 ἐνδοθείσης
1110 3468 1412 3545 δυνάμεως.
1446 3469 1600 3526 Οὕτω
1655 3493 1741 3527 τοι
1779 3472 1868 3527 καὶ
1899 3474 1934 3543 ἡ

285 3563 459 3634 ζωϊκὴ
521 3563 734 3633 κίνησις
791 3561 927 3616 εἶναι
988 3560 1083 3635 μὲν
1139 3565 1339 3636 ταχεῖα
1385 3557 1600 3617 δύναται
1637 3561 1934 3638 καταρχάς·

281 3655 556 3729 προϊοῦσα
580 3648 659 3721 δὲ,
687 3654 786 3706 τοῦ
833 3649 1039 3726 τάχους
1070 3649 1278 3729 ὑφίησι.
1311 3647 1417 3704 Κᾶν
1451 3651 1555 3726 γὰρ
1613 3650 1940 3722 αὐτοκίνητα

285 3741 534 3818 λέγοιντο
580 3740 647 3795 τὰ
678 3743 811 3811 ζῶα,
845 3737 934 3795 διὰ
959 3741 1022 3795 τὸ
1055 3738 1106 3794 έν
1139 3739 1352 3803 έαυτοῖς
1386 3737 1532 3817 ἔχειν
1586 3740 1655 3796 τά
1707 3747 1807 3811 τῆς
1852 3762 1942 3797 το-

283 3837 456 3901 πικῆς
512 3830 776 3899 κινήσεως
861 3824 1007 3884 αἷ¹τια
1061 3828 1155 3890 τὰς
1208 3829 1410 3905 ψυχάς·
1469 3826 1597 3884 ἀλλ’
1655 3827 1746 3884 οὖν
1796 3829 1943 3906 παρᾶ

288 3918 446 3998 φύσιν
479 3917 760 3990 ἠκίνησις
809 3921 918 3972 τῶν
980 3916 1247 3990 σωμάτων
1307 3917 1513 3994 γίνεται
1569 3919 1644 3981 ὡς
1701 3917 1941 3995 ἐτεροκι-

285 4009 493 4080 νήτων,
554 4005 882 4080 ὠθουμένων
963 4005 1175 4082 βιαίως·
1235 4005 1473 4082 καθάπερ
1550 4007 1652 4062 ὑπὸ
1712 4005 1943 4084 μοχλῶν

288 4097 396 4153 ὐπὸ
442 4099 553 4152 τῶν
612 4096 689 4158 ὡς
747 4094 1002 4171 ὀργάνοις
1081 4095 1390 4172 χρωμένων
1448 4095 1665 4160 τούτοις
1723 4099 1940 4172 ψυχῶν·

289 4184 380 4241 διὸ
434 4183 630 4260 κάμνει
687 4182 777 4240 καί
832 4182 1179 4246 ἀναπαύσεως
1237 4181 1406 4240 δεῖται
1493 4186 1569 4259 μή
1650 4184 1946 4259 κινούμενα

287 4273 428 4331 κατὰ
482 4274 662 4353 φύσιν.
693 4274 757 4329 Ἠ
810 4272 913 4350 γὰρ
968 4273 1106 4328 κατὰ
1161 4269 1315 4350 φύσιν
1369 4273 1560 4336 αὐτοῖς
1609 4273 1826 4345 κίνησις
1857 4273 1946 4330 ἐπὶ

286 4363 361 4420 τὰ
409 4363 559 4420 κάτω
616 4362 782 4437 ἐστὶν,
843 4361 1024 4440 ὥσπερ
1099 4361 1189 4417 καὶ
1272 4363 1428 4418 παντὶ
1510 4363 1722 4437 σώματι
1785 4362 1948 4438 βάρος

290 4450 502 4530 ἔχοντι.
537 4451 622 4511 Τὰ
671 4449 729 4507 δὲ
783 4453 921 4508 κατά
976 4451 1132 4531 φύσιν
1189 4449 1356 4507 πάλιν
1413 4451 1707 4526 κινούμενα
1755 4454 1946 4509 θᾶττον

293 4547 524 4599 κινεῖται
548 4546 668 4605 τοῖς
698 4541 890 4606 τόποις
934 4541 1108 4597 αὐτῶν
1167 4538 1557 4614 πλησιάζοντα,
1587 4548 1688 4612 τῆς
1745 4540 1948 4606 οἰκείας

295 4632 571 4705 ὁλότητος
605 4630 879 4711 ἐφιέμενα,
910 4630 1002 4686 καὶ
1058 4630 1149 4686 ἀπ’
1201 4628 1370 4700 αὐτῆς
1427 4627 1825 4706 δυναμούμενα,
1857 4631 1948 4687 καὶ

297 4721 469 4778 οἱονεὶ
531 4719 745 4794 μᾶλλον
805 4717 1242 4795 εῗδοποιούμενα.
1275 4721 1435 4776 Ὥστε
1488 4719 1552 4776 τὰ
1605 4719 1688 4776 ἐπ’
1744 4721 1952 4788 εὐθείας

297 4811 617 4885 κινούμενον
679 4807 788 4865 εἷίτε
841 4811 979 4866 γατὰ
1047 4808 1224 4889 φύσιν,
1283 4807 1391 4866 εἴτε
1445 4812 1591 4886 παρὰ
1649 4811 1823 4889 φύσιν,
1869 4814 1956 4868 ἀν-

299 4900 529 4974 ώμαλον
586 4904 822 4956 ποιεῖται
879 4901 978 4969 τὴν
1038 4899 1270 4970 κίνησιν·
1317 4899 1480 4973 μόνον
1537 4897 1594 4955 δὲ
1647 4901 1711 4955 τὸ
1763 4901 1954 4976 κύκλῳ

299 4989 598 5068 φερόμενον
661 4988 890 5064 ὁμαλῶς
946 4987 1164 5045 δυναται
1236 4988 1488 5068 φέρεσθαι
1559 4994 1639 5062 τῷ
1698 4990 1779 5045 ἀεὶ
1838 4989 1952 5048 ἷ¹σον

299 5079 588 5158 ἀφεστάναι
645 5086 748 5150 τῆς
802 5079 983 5156 ἀρχῆς
1039 5079 1129 5134 καὶ
1182 5083 1280 5134 τοῦ
1336 5080 1587 5155 πέρατος,
1643 5079 1775 5156 ὅπερ
1844 5081 1954 5137 ἐστὶ

295 5169 364 5225 τὸ
415 5170 662 5245 κέντρον,
719 5168 810 5224 καὶ
873 5170 1001 5243 μήτ’
1057 5168 1150 5224 ἀπ’
1203 5168 1369 5224 αὐτοῦ
1439 5170 1578 5242 μήτε
1634 5170 1772 5246 πρὸς
1824 5170 1955 5226 αὐτὸ

302 5257 579 5338 φέρεσθαι,
615 5257 761 5314 ἀλλὰ
807 5258 934 5334 περὶ
993 5255 1143 5314 αὐτό.
1176 5257 1271 5312 Διὸ
1326 5258 1450 5335 περὶ
1479 5259 1542 5313 τὸ
1572 5257 1700 5314 αὐτὸ
1731 5260 1958 5339 στρεφό-

308 5368 491 5423 μενον,
550 5348 640 5403 καὶ
699 5349 763 5403 τὸ
815 5344 930 5403 ἴσον
1015 5345 1220 5422 ἀπέχον
1280 5346 1382 5421 ἀεὶ,
1443 5347 1652 5422 ὁμοίως
1707 5354 1954 5405 κινεῖται.

303 5438 488 5513 Ἀρχὴ
522 5434 580 5492 δὲ
608 5435 698 5492 καὶ
729 5435 896 5512 πέρας
925 5435 1015 5492 καὶ
1068 5440 1228 5510 μέσον
1282 5433 1489 5491 κύκλου
1542 5459 1602 5492 τε
1657 5437 1747 5493 καὶ
1805 5439 1960 5518 σφαί-

301 5747 400 5804 64.

2045 3385 2292 3442 celerius
2317 3383 2556 3456 quidem
2582 3383 2643 3438 in
2673 3383 2962 3455 principio
2986 3388 3312 3450 moventur,
3337 3401 3472 3440 cum
3499 3389 3697 3440 autem

2046 3474 2361 3531 remotiora
2404 3475 2561 3537 sunt,
2591 3472 2856 3540 tardius;
2912 3471 3216 3529 deﬁciente
3269 3472 3550 3529 nimirum
3599 3473 3702 3528 illa

2045 3565 2100 3622 vi
2133 3581 2261 3636 qua
2309 3580 2344 3619 a
2383 3561 2639 3633 jaciente
2668 3561 2858 3617 fuerat
2886 3560 3084 3617 insita.
3119 3563 3214 3618 Sic
3243 3562 3424 3634 igitur
3468 3566 3526 3618 et
3572 3562 3701 3619 ani-

2049 3653 2223 3710 malis
2253 3655 2447 3708 motus
2476 3650 2536 3706 in
2567 3650 2856 3723 principio
2877 3651 3115 3722 quidem
3141 3650 3292 3707 celer
3311 3667 3438 3708 esse
3469 3655 3698 3724 potest;

2049 3744 2151 3799 sed
2191 3745 2576 3814 posteaquam
2623 3738 2928 3810 processit,
2960 3739 3032 3794 de
3083 3739 3380 3796 celeritate
3429 3739 3700 3796 remittit.

2049 3832 2173 3888 Etsi
2202 3830 2356 3886 enim
2385 3831 2428 3864 ⁷⁷
2477 3825 2821 3897 αὐτοκίνητα,
2853 3827 2912 3882 id
2961 3831 3068 3899 est,
3103 3829 3199 3886 65
3252 3845 3287 3884 Β,
3326 3828 3538 3901 seipsis
3578 3844 3702 3885 mo-

2049 3925 2178 3977 tum
2226 3917 2520 3985 habentia,
2554 3917 2826 3973 dicantur
2862 3917 3160 3986 animalia,
3193 3923 3500 3991 propterea
3547 3919 3702 3991 quod

2049 4010 2112 4066 in
2157 4027 2219 4066 se
2265 4007 2412 4080 ipsis
2449 4005 2655 4063 loculis
2693 4010 2890 4062 motus
2924 4022 3134 4062 causas
3164 4005 3441 4075 habeant,
3475 4007 3703 4063 animas

2051 4098 2336 4155 nimirum
2361 4115 2374 4165 ;
2409 4112 2720 4167 corporum
2742 4100 2941 4151 tamen
2965 4099 3162 4151 motus
3191 4100 3399 4168 praeter
3428 4101 3705 4153 naturam

2053 4188 2142 4257 ﬁt,
2175 4191 2243 4244 ut
2272 4202 2398 4259 quae
2431 4184 2621 4241 aliena
2647 4184 2702 4241 vi
2734 4188 3102 4250 moveantur,
3132 4188 3310 4258 atque
3353 4186 3426 4242 ab
3476 4185 3707 4242 anima-

2055 4277 2190 4343 bus,
2209 4292 2335 4348 quas
2357 4275 2503 4348 ipsis
2521 4274 2680 4330 velut
2699 4272 3110 4330 instrumentis
3131 4277 3403 4342 utuntur,
3421 4278 3708 4346 tanquam

2057 4383 2091 4422 a
2127 4364 2376 4421 victibus
2407 4363 2765 4436 quibusdam
2796 4361 3218 4434 propellantur.
3253 4363 3378 4427 Qua
3409 4364 3481 4419 de
3509 4381 3709 4432 causa,

2058 4471 2194 4511 cum
2217 4453 2543 4510 secundum
2566 4455 2839 4507 naturam
2865 4467 2980 4506 non
3001 4455 3370 4519 moveantur,
3389 4451 3714 4526 fatigantur

2059 4549 2118 4600 et
2147 4543 2401 4616 quietem
2431 4541 2794 4597 desiderant.
2822 4539 3119 4596 Naturalis
3148 4540 3306 4596 enim
3339 4541 3486 4613 ipsis
3517 4544 3714 4598 motus

1980 4639 2030 4706 Ι)
2060 4634 2336 4689 deorsum
2380 4634 2489 4702 est,
2533 4630 2690 4686 sicut
2734 4629 2895 4686 omni
2947 4629 3177 4702 corpori
3229 4629 3516 4702 gravitate
3567 4647 3713 4702 pras-

2064 4724 2208 4779 dito.
2261 4721 2490 4778 Rursus
2548 4724 2744 4776 autem
2775 4719 2819 4755 ⁷⁸
2865 4736 2994 4792 qua
3054 4720 3382 4775 secundum
3439 4725 3714 4776 naturam

2064 4815 2392 4882 moventur,
2417 4809 2667 4866 celerius
2689 4813 2996 4866 moventur
3024 4826 3159 4865 cum
3189 4809 3261 4865 ad
3293 4808 3421 4865 loca
3449 4826 3558 4865 sua
3586 4825 3717 4882 pro-

2065 4902 2198 4974 pius
2229 4901 2536 4968 accedunt,
2571 4903 2638 4954 ut
2685 4915 2812 4970 quas
2861 4898 3258 4972 integritatem
3307 4903 3365 4955 et
3410 4897 3714 4972 perfectio-

2065 5008 2200 5048 nem
2233 5005 2404 5046 suam
2450 4991 2742 5061 expetant,
2775 4992 2832 5044 et
2881 4987 2952 5043 ab
3002 5004 3071 5043 ea
3117 4988 3296 5044 robur
3343 4988 3714 5056 contrahant,

2066 5079 2374 5153 magisque
2417 5083 2482 5133 ut
2527 5078 2610 5133 ita
2658 5076 2870 5144 dicam,
2912 5077 3325 5133 informantur.
3358 5079 3721 5150 Quapropter

2068 5170 2225 5243 quod
2255 5185 2434 5240 super
2463 5173 2620 5223 recta
2663 5166 2813 5223 linea
2849 5167 2969 5222 sive
2998 5168 3327 5223 secundum
3360 5167 3481 5223 sive
3511 5171 3722 5239 praeter

2069 5263 2339 5315 naturam
2371 5259 2656 5323 movetur,
2680 5254 3094 5326 inaequabilem
3126 5258 3356 5310 motum
3384 5253 3600 5322 efficit;
3635 5269 3725 5309 so-

2066 5348 2193 5404 lum
2224 5352 2419 5404 autem
2451 5345 2511 5400 id
2555 5345 2711 5416 quod
2744 5342 3107 5400 circulariter
3137 5348 3424 5408 movetur,
3459 5341 3727 5416 aequabi-

2067 5438 2204 5495 liter
2233 5436 2369 5493 ferri
2399 5438 2629 5509 potest;
2677 5437 2916 5508 propter
2962 5434 3124 5506 quod
3173 5449 3406 5507 semper
3452 5436 3510 5489 et
3561 5448 3727 5498 aequo

379 5672 489 5727 ’³⁵8
532 5671 711 5747 Pbys.
757 5689 810 5730 c.
866 5673 957 5744 12,
1009 5675 1053 5730 ι.
1101 5673 1196 5728 75.
1272 5672 1382 5727 ⁷⁵8
1427 5671 1612 5758 Pbys.
1667 5689 1720 5731 ο.
1771 5674 1860 5745 14,
1908 5677 1935 5732 ι

2047 5673 2086 5731 5.
2161 5673 2206 5710 ¹¹“¹
2235 5673 2272 5728 8
2313 5670 2489 5746 Phys.
2541 5685 2591 5724 c.
2653 5669 2741 5738 14,
2790 5671 2832 5724 t.
2877 5667 2970 5724 77.
3047 5665 3092 5702 ⁷⁸
3118 5665 3156 5722 5
3193 5665 3371 5740 Phys.
3411 5682 3462 5722 c.
3501 5664 3558 5737 9,
3589 5667 3632 5723 t.
3662 5664 3733 5726 61
