4094 6432
266 413 425 478 1073

1598 409 1950 472 ΕΡΙΤΟΜΕ
1991 409 2353 472 PHYSICA.

3532 407 3689 468 1074

265 551 412 607 sitas
443 567 456 618 ;
491 544 972 620 quandoquidem
997 560 1184 600 unum
1214 542 1572 614 subjectum,
1604 539 1822 599 rectam
1853 541 2092 612 lineam,
2130 544 2377 612 habent,
2435 547 2490 600 et
2521 541 2762 615 proinde
2814 541 3077 612 ejusdem
3136 539 3352 613 speciei
3402 542 3560 609 sunt,
3593 558 3684 596 so-

262 639 502 710 liusque
526 635 757 692 numeri
780 633 1170 690 differentiam
1201 631 1540 688 admittunt.

337 724 421 784 ιδ’.
463 726 694 796 Ἑκάστη
747 720 806 778 δὲ
851 725 1037 778 πασῶν
1083 726 1189 776 τῶν
1233 723 1498 792 κινήσεων
1548 720 1636 775 καὶ
1686 718 1918 796 ἠρεμίαν

2102 723 2190 778 14.
2224 724 2401 779 Porro
2432 722 2686 796 quisque
2716 724 2914 776 motus
2943 723 3000 775 et
3055 719 3312 791 quietem
3367 722 3425 774 et
3453 723 3679 776 motum

266 813 645 888 ἀντικειμένην
692 809 808 888 ἔχει
857 811 946 867 καὶ
989 810 1238 882 κίνησιν·
1299 809 1399 865 οὐκ
1455 806 1564 865 ἔστι
1625 807 1682 864 δὲ
1739 808 1921 871 στάσις

263 908 300 974 ἠ
335 901 559 981 ἠρεμία.
620 901 718 956 Καὶ
773 902 875 976 γὰρ
936 899 1176 976 ἐνέργειά
1228 920 1312 962 τις
1360 897 1451 953 καὶ
1501 901 1537 968 ἡ
1591 899 1796 966 στάσις,
1833 896 1924 952 καὶ

263 990 411 1056 εἶδος
437 994 508 1066 τῇ
536 993 748 1062 κινήσει
801 989 1114 1065 σύστοιχον,
1166 988 1242 1051 ὡς
1273 986 1509 1063 λέγομεν
1559 985 1740 1042 στάσιν
1775 983 1920 1063 ἔχειν

263 1082 318 1139 ἐν
350 1086 430 1154 τῷ
476 1078 624 1154 μέσῳ
649 1079 751 1148 τὴν
799 1085 927 1154 γῆν.
981 1078 1258 1154 Ἐνέργεια
1306 1076 1408 1153 γὰρ
1457 1082 1558 1145 τῆς
1611 1079 1718 1152 γῆς
1758 1077 1820 1131 τὸ
1873 1075 1924 1129 ἐν

265 1172 418 1246 μέσῳ
449 1169 738 1240 ἑστηκυῖαν
791 1167 926 1223 εἶναι
970 1166 1160 1238 αὐτήν⁶
1210 1165 1390 1242 ὥσπερ
1437 1170 1536 1220 τοῦ
1585 1164 1818 1242 οὐρανοῦ
1859 1164 1923 1220 τὸ

257 1261 518 1316 κινεῖσθαι
576 1257 703 1334 περὶ
759 1257 822 1312 τὸ
883 1255 1066 1330 μέσον.
1125 1256 1188 1311 Ἡ
1238 1252 1284 1309 δ’
1345 1254 1552 1331 ἠρεμία
1629 1252 1728 1308 οὐκ
1779 1251 1919 1308 ἔστιν

259 1350 521 1426 ἐνέργεια,
579 1346 744 1422 μόνον
805 1343 854 1400 δ’
910 1343 1143 1400 ἀπουσία
1197 1345 1483 1415 κινήσεως.
1543 1343 1620 1418 Τῇ
1679 1343 1774 1416 μὲν
1827 1341 1918 1398 οὖν

258 1439 396 1496 κατὰ
449 1436 620 1494 τόπον
664 1437 874 1507 κινήσει
922 1435 1060 1490 κατά
1105 1433 1272 1489 τόπον
1327 1432 1534 1510 ἠρεμία
1587 1431 1877 1488 ἀντίκειται
1904 1454 1916 1467 ·

258 1528 350 1585 καὶ
405 1531 476 1602 τῇ
534 1527 651 1582 κατ’
700 1523 1005 1581 ἀλλοίωσιν
1053 1524 1170 1578 κατ’
1214 1520 1512 1578 ἀλλοίωσιν
1543 1541 1557 1554 ·
1588 1520 1678 1576 καὶ
1729 1520 1920 1583 ἁπλῶς

262 1617 432 1673 εἰπεῖν
496 1619 596 1690 μιᾷ
649 1613 844 1688 ἑκάστῃ
895 1614 1107 1684 κινήσει
1159 1615 1242 1684 τῷ
1299 1613 1517 1688 ἀριθμῷ
1569 1611 1660 1665 καὶ
1717 1612 1753 1680 ἡ
1811 1609 1920 1685 πρὸ

259 1712 362 1776 τῆς
418 1702 678 1775 τοιαύτης
755 1703 1018 1773 κινήσεως
1076 1699 1280 1778 ἠρεμία
1312 1744 1327 1770 ,
1385 1699 1475 1754 καὶ
1533 1700 1568 1769 ἠ
1631 1700 1766 1772 μετά
1819 1699 1921 1767 τήν

261 1794 520 1865 τοιαύτην
573 1791 783 1864 κίνησιν
836 1789 1216 1866 ἀντιμάχεται·
1280 1787 1517 1863 μάλιστα
1579 1790 1673 1862 μὲν
1732 1785 1824 1842 οὗν
1882 1789 1919 1857 ή

259 1885 371 1962 πρὸ
396 1885 495 1953 τῆς
525 1884 813 1954 κινήσεως.
841 1883 910 1934 "0
959 1879 1064 1956 γὰρ
1113 1882 1149 1949 ἡ
1199 1879 1414 1949 κίνησις
1461 1876 1646 1956 φεύγει
1694 1877 1784 1932 καὶ
1834 1877 1922 1932 οὗ·

257 1994 404 2035 τινος
435 1970 690 2044 ἐκστῆναι
721 1967 962 2041 σπεύδει,
1013 1973 1175 2025 τοῦτο
1217 1966 1431 2042 μᾶλλον
1477 1966 1715 2023 ἐναντίον
1757 1965 1916 2041 αὐτῇ.

258 2066 406 2141 Πρὸς
449 2065 480 2119 ’ὀ
529 2059 576 2118 δ’
625 2062 806 2116 ἄπεισι
851 2059 942 2115 καὶ
997 2057 1130 2135 ὅπερ
1174 2057 1442 2133 ἐπείγεται
1486 2055 1916 2131 καταλήψεσθαι,

255 2159 419 2210 τοῦτο
478 2156 596 2215 πῶς
653 2152 855 2206 οἱκεῖον
901 2148 1040 2222 αὐτῇ
1072 2166 1087 2218 ;
1122 2149 1372 2218 Κινήσεις
1429 2143 1476 2201 δ’
1525 2145 1757 2202 ἐναντίαι
1790 2145 1922 2201 εἰσὶν

258 2243 296 2314 ἢ
334 2240 548 2316 μᾶλλον
600 2234 901 2314 μεταϐολαὶ
950 2239 1158 2313 γένεσις
1208 2237 1298 2292 καὶ
1351 2237 1546 2314 φθορὰ,
1576 2235 1799 2306 αῧξησις
1827 2235 1918 2291 καὶ

264 2332 507 2406 μείωσις⁹
542 2329 631 2386 ἐπὶ
662 2327 720 2385 δὲ
768 2335 872 2398 τῆς
918 2326 1297 2398 ἀλλοιώσεως,
1341 2325 1630 2400 θέρμανσις
1676 2323 1766 2379 καὶ
1815 2323 1918 2398 ψύ-

262 2425 362 2494 ξις,
411 2418 700 2481 λεύκανσίς
746 2438 808 2474 τε
848 2417 938 2472 καὶ
994 2414 1274 2490 μέλανσις,
1324 2413 1414 2470 καὶ
1462 2412 1628 2469 ἄλλαι
1677 2413 1918 2490 συζυγίαι

263 2508 535 2589 διάφοροι.
567 2507 689 2564 Ἐπὶ
722 2504 780 2562 δὲ
807 2513 907 2576 τῆς
952 2505 1089 2560 κατὰ
1138 2504 1297 2559 τόκον
1357 2497 1691 2576 μεταϐολῆς,
1740 2505 1776 2572 ἡ
1808 2501 1919 2557 ἅνω

2033 812 2370 884 oppositum
2400 812 2577 868 habet
2610 829 2623 879 ;
2657 810 2755 866 sed
2796 809 2963 881 quies
3009 825 3126 864 non
3175 812 3266 864 est
3309 807 3502 863 statio.
3530 809 3677 864 Nam

2033 903 2090 957 et
2118 900 2290 956 statio
2320 905 2486 956 actus
2525 899 2770 972 quidam
2830 903 2917 954 est
2975 897 3040 969 6‘,
3095 900 3153 952 et
3211 896 3435 969 species
3491 897 3676 952 motui

2032 989 2368 1062 conjugata,
2425 988 2922 1061 quemadmodum
2971 990 3189 1042 terram
3238 986 3299 1040 in
3329 984 3520 1041 medio
3563 989 3680 1041 sta-

2031 1077 2250 1134 tionem
2283 1077 2499 1134 habere
2555 1078 2828 1133 dicimus.
2887 1079 3068 1132 Actus
3125 1075 3284 1131 enim
3342 1079 3510 1130 terra
3565 1078 3676 1143 est,

2033 1167 2190 1238 quod
2238 1166 2368 1238 ipsa
2423 1170 2542 1222 stat
2596 1166 2655 1220 in
2708 1165 2901 1221 medio
2935 1182 2949 1233 ;
2983 1164 3483 1237 quemadmodum
3550 1162 3680 1219 coeli

2033 1257 2229 1324 [actus
2260 1257 2391 1328 est],
2417 1256 2571 1328 quod
2624 1254 2822 1327 ipsum
2870 1254 3026 1309 circa
3075 1252 3337 1326 medium
3389 1255 3676 1308 movetur.

2029 1347 2102 1401 At
2129 1360 2263 1400 vero
2296 1344 2467 1416 quies
2499 1361 2616 1400 non
2646 1347 2736 1399 est
2782 1346 2971 1410 actus,
3020 1343 3123 1399 sed
3172 1345 3372 1399 motus
3395 1343 3683 1397 duntaxat

2031 1433 2316 1490 absentia.
2348 1433 2541 1489 Locali
2575 1432 2817 1504 proinde
2838 1431 3024 1487 motui
3080 1431 3283 1486 localis
3315 1431 3483 1504 quies
3508 1447 3686 1504 oppo-

2031 1523 2211 1590 nitur,
2253 1521 2659 1579 alternationis
2709 1522 2898 1577 motui
2967 1520 3326 1578 alterationis
3385 1521 3683 1594 quies;et

2030 1617 2097 1668 ut
2117 1611 2462 1684 simpliciter
2490 1610 2927 1682 dicam,cuique
2947 1609 3342 1682 motuiquoad
3362 1625 3678 1665 numerum

2030 1702 2133 1757 uni
2164 1702 2332 1774 quies
2363 1701 2539 1756 etiam
2569 1717 2704 1756 cum
2736 1717 2866 1771 quae
2895 1703 3122 1755 motum
3153 1699 3499 1770 hujusmodi
3528 1715 3675 1770 pras-

2029 1791 2202 1858 cedit,
2234 1791 2334 1846 09
2369 1793 2498 1846 tum
2549 1806 2675 1861 quae
2727 1790 3016 1862 sequitur,
3057 1793 3346 1861 repugnat
3377 1807 3392 1857 ;
3425 1788 3678 1844 maxime

2029 1884 2227 1937 tamen
2257 1895 2346 1948 ea,
2379 1896 2505 1951 quae
2538 1883 2758 1934 mstum
2793 1878 3256 1950 praecedit.Quod
3287 1877 3446 1933 enim
3480 1879 3678 1933 motus

2029 1969 2200 2042 fugit,
2232 1973 2288 2024 et
2321 1985 2355 2025 a
2383 1985 2500 2040 quo
2531 1969 2824 2024 discedere
2853 1967 3112 2032 festinat,
3166 1966 3279 2022 hoc
3335 1965 3449 2038 ipsi
3490 1966 3680 2038 magis

2031 2063 2122 2116 est
2151 2058 2534 2114 contrarium.
2578 2057 2640 2111 Id
2687 2059 2886 2112 autem
2935 2056 3009 2110 ad
3060 2055 3217 2126 quod
3265 2054 3407 2122 abit,
3440 2059 3498 2110 et
3526 2054 3681 2126 quod

2032 2147 2466 2221 apprehendere
2497 2145 2816 2209 contendit,
2851 2143 3041 2216 magis
3075 2143 3182 2199 hoc
3224 2143 3339 2215 ipsi
3395 2142 3685 2200 familiare

2030 2241 2138 2293 est.
2172 2236 2463 2294 Contrarii
2494 2239 2691 2291 autem
2722 2237 2940 2304 motus,
2970 2232 3060 2288 vel
3091 2231 3286 2305 potius
3324 2231 3684 2288 mutationes

2029 2329 2190 2394 sunt,
2223 2324 2520 2398 generatio
2549 2328 2606 2379 et
2634 2322 2954 2393 corruptio,
2988 2321 3389 2394 augmentatio
3418 2324 3475 2376 et
3509 2319 3682 2388 dimi-

2029 2414 2200 2471 nutio
2230 2414 2296 2468 ⁸⁵.
2329 2414 2394 2467 In
2426 2411 2768 2467 alteratione
2798 2413 2994 2465 autem
3027 2409 3328 2465 calefactio
3357 2412 3414 2464 et
3438 2407 3683 2480 refrige-

2029 2503 2198 2571 ratio,
2231 2500 2522 2558 dealbatio
2554 2505 2612 2556 et
2650 2499 3000 2572 denigratio,
3056 2497 3301 2570 aliaeque
3337 2497 3510 2552 variae
3538 2512 3676 2552 con-

259 2586 410 2668 καὶῆ
435 2597 605 2668 κάτω,
636 2598 714 2659 ὡς
743 2596 795 2651 ἐν
833 2597 1017 2669 μήκει·
1048 2596 1084 2663 ἡ
1118 2594 1194 2656 εὶς
1241 2592 1308 2647 τὰ
1353 2590 1500 2663 δεξιᾶ
1548 2593 1639 2646 καὶ
1666 2594 1700 2660 ἡ
1748 2590 1823 2654 εἰς
1853 2591 1921 2645 τὰ

2036 2592 2379 2666 iugationes.
2415 2592 2478 2646 In
2508 2589 2679 2646 locali
2727 2589 2979 2660 denique
3036 2586 3383 2654 mutatione,
3429 2603 3556 2657 quas
3585 2589 3677 2641 est

260 2689 539 2767 ἀριστερὰ,
586 2687 662 2749 ὡς
717 2685 768 2740 ἐν
822 2686 1038 2740 πλάτει’
1071 2686 1108 2754 ἡ
1141 2684 1216 2745 εἰς
1256 2683 1631 2758 τοῦμπροσθεν
1658 2681 1747 2736 καὶ
1779 2682 1813 2751 ἠ
1842 2680 1918 2743 εἷς

256 2775 591 2851 τοῦντισθεν,
623 2777 698 2838 ὡς
731 2775 782 2831 ἐν
818 2773 991 2851 βάθει.

337 3053 416 3102 ιε’.
461 3047 585 3104 Τῶν
635 3041 899 3099 τοιούτων
961 3040 1019 3098 δὲ
1071 3044 1312 3096 τοπικῶν
1368 3041 1633 3110 κινήσεων
1694 3037 1777 3093 ἐπ’
1833 3037 1917 3093 εὐ-

259 3135 420 3198 θείας
451 3133 624 3190 οὐσών
656 3135 692 3203 ἡ
723 3130 835 3187 ἅνω
859 3132 950 3186 καὶ
978 3133 1015 3200 ἡ
1065 3131 1214 3185 κάτω
1261 3127 1420 3202 μόναι
1467 3127 1670 3204 κυρίως
1717 3124 1916 3182 ἁπλαῖ-

258 3228 452 3281 πασῶν
478 3223 580 3300 γὰρ
608 3225 718 3278 τῶν
763 3221 900 3276 κατᾶ
943 3221 1111 3276 τόπον
1165 3212 1484 3292 μεταϐολῶν
1532 3222 1680 3294 τρεῖς
1723 3217 1779 3270 αἱ
1822 3237 1917 3271 κυ-

261 3314 398 3393 ρίως
457 3311 632 3368 ἀπλαῖ
663 3333 676 3346 ·
732 3312 769 3380 ἡ
825 3309 951 3386 περὶ
1001 3308 1065 3364 τὸ
1115 3312 1212 3364 τοῦ
1285 3306 1488 3368 παντὸς
1547 3306 1728 3379 μέσον,
1793 3303 1918 3374 ἤτις

260 3402 408 3461 ἐστὶν
469 3404 504 3472 ἡ
582 3397 793 3472 κύκλῳ’
849 3402 885 3468 ἡ
961 3398 1068 3454 ἀπὸ
1115 3401 1212 3452 τοῦ
1275 3395 1466 3470 μέσου,
1525 3395 1649 3464 ἥτις
1725 3393 1919 3468 (ἐστὶν)

259 3496 302 3563 ἡ
335 3491 467 3547 ἅνω·
500 3491 592 3546 καὶ
620 3492 656 3560 ἡ
707 3489 795 3544 ἐπὶ
837 3488 902 3544 τὸ
949 3489 1130 3562 μέσον,
1178 3486 1301 3556 ἥτις
1350 3486 1385 3555 ἠ
1433 3485 1602 3542 κάτω.
1651 3484 1827 3540 Μύναι
1878 3481 1924 3538 δ’

258 3582 422 3639 αὗται
461 3579 662 3654 κυρίως
711 3575 903 3648 ἁπλαῖ,
953 3575 1092 3632 διότι
1136 3575 1355 3638 ταύταις
1406 3573 1598 3648 μόναις
1649 3577 1922 3628 κινοῦνται

261 3675 513 3751 φυσικῶς
559 3669 629 3724 τὰ
677 3665 940 3723 δοκοῦντα
984 3670 1091 3722 τῶν
1145 3666 1415 3740 σωμάτων
1459 3661 1628 3719 ἆπλᾶ.
1679 3668 1830 3718 Πᾶσα
1877 3659 1922 3716 δ’

263 3759 422 3829 ἁπλῆ
454 3757 669 3828 κίνησις
701 3756 880 3812 ἁπλοῦ
922 3755 1070 3818 τινός
1119 3753 1230 3810 ἐστι
1275 3754 1531 3827 σώματος
1577 3752 1715 3807 κατὰ
1741 3751 1920 3829 φύσιν,

261 3851 360 3907 καὶ
389 3847 588 3910 παντὸς
616 3844 796 3902 ἁπλοῦ
825 3846 1081 3920 σώματος
1105 3847 1141 3914 ἡ
1175 3844 1375 3922 φυσική
1403 3841 1615 3914 κίνησις
1657 3838 1806 3911 ἁπλῆ
1836 3839 1922 3902 τίς

259 3940 402 3996 ἐστι.

342 4225 424 4287 ις’.
476 4225 606 4284 Ταῖς
668 4219 762 4293 μὶν
817 4217 910 4271 οῦν
952 4215 1036 4272 ἐπ’
1082 4214 1290 4278 εὐθείας
1348 4219 1540 4292 φοραῖς
1594 4212 1923 4283 ἐναντίωσις,

259 4316 344 4376 ὡς
395 4309 631 4383 εἴρηται,
665 4305 943 4383 πρόσεστι·
995 4309 1065 4380 τῇ
1112 4303 1306 4377 κύκλῳ
1355 4300 1413 4358 δὲ
1457 4303 1666 4372 κινήσει
1713 4300 1925 4370 κίνησιν

262 4399 528 4475 οὐδεμίαν
561 4396 802 4454 ἐναντίαν
861 4394 994 4452 εἶναί
1042 4414 1190 4474 φασι.
1242 4392 1345 4449 Καὶ
1395 4389 1477 4447 ὅτι
1514 4392 1609 4464 μὲν
1658 4389 1758 4444 οὐκ
1785 4389 1929 4445 ἐναν-

259 4494 515 4549 τιοῦνται
547 4487 828 4560 ἀλλήλαις
858 4490 893 4558 ἡ
947 4485 999 4556 ἐξ
1047 4479 1318 4552 ἀνατολῆς
1367 4481 1444 4544 εἷς
1491 4477 1722 4554 δυσμὰς,
1769 4480 1859 4534 καὶ
1890 4481 1926 4548 ἡ

265 4581 337 4638 ἐκ
364 4577 582 4652 δυσμῶν
626 4577 705 4640 εἷς
751 4574 1038 4648 ἀνατολὰς,
1090 4570 1370 4649 ἔγνωσται.
1418 4569 1519 4625 Καὶ
1565 4569 1669 4645 γὰρ
1716 4570 1770 4624 αἱ
1819 4572 1926 4623 τῶν

265 4669 571 4739 πλανητῶν
630 4672 874 4746 σφαῖραι,
925 4666 1042 4720 κατ’
1100 4663 1268 4739 ἄμφω
1313 4661 1509 4720 ταύτας
1555 4659 1651 4721 τὰς
1710 4679 1930 4735 περιφο-

269 4759 372 4837 ρὰς
423 4758 805 4835 περιφέρονται
840 4777 851 4790 ο
913 4756 1014 4824 τὴν
1099 4751 1193 4825 μὲν
1271 4749 1407 4805 κατὰ
1479 4747 1634 4825 φύσιν
1711 4749 1812 4816 τήν
1872 4747 1931 4802 ἐκ

2031 2698 2267 2739 sursum
2299 2687 2356 2737 et
2385 2697 2513 2752 quas
2565 2683 2656 2734 est
2701 2679 3001 2746 deorsum,
3044 2680 3110 2731 ut
3170 2676 3229 2729 in
3261 2673 3670 2746 longitudine;

2029 2787 2158 2844 quas
2196 2774 2287 2826 est
2332 2770 2700 2825 dextrorsum
2757 2771 2815 2822 et
2857 2765 3290 2832 sinistrorsum,
3350 2767 3417 2818 ut
3471 2763 3532 2819 in
3590 2763 3675 2818 la-

2027 2860 2280 2917 titudine
2315 2877 2328 2927 ;
2362 2875 2490 2931 qua;
2515 2861 2605 2914 est
2633 2860 2768 2913 ante
2797 2860 2855 2912 et
2884 2859 3058 2924 retro,
3091 2860 3159 2911 ut
3211 2855 3271 2911 in
3314 2851 3681 2926 profundita-

2027 2955 2106 3006 te.

2103 3039 2188 3093 15.
2225 3038 2510 3094 Ceterum
2539 3053 2675 3091 cum
2724 3033 3069 3106 hujusmodi
3116 3031 3330 3088 locales
3379 3033 3578 3086 motus
3622 3031 3682 3085 in

2030 3133 2255 3184 rectum
2287 3127 2454 3194 ﬁant,
2487 3124 2597 3181 soli
2646 3129 2846 3179 tamen
2880 3121 2964 3177 illi
2999 3122 3098 3193 qui
3155 3136 3395 3176 sursum
3427 3124 3486 3176 et
3513 3119 3680 3176 deor-

2030 3233 2166 3274 sum
2197 3217 2368 3282 ﬁunt,
2401 3213 2636 3286 proprie
2664 3216 2806 3268 sunt
2852 3210 3172 3282 simplices.
3207 3209 3485 3266 Omnium
3524 3208 3684 3264 enim

2029 3304 2308 3364 localium
2357 3303 2754 3359 mutationum
2797 3306 2915 3356 tres
2981 3303 3216 3355 tantum
3268 3302 3410 3354 sunt
3453 3297 3687 3370 proprie

2031 3394 2331 3468 simplices
2364 3411 2377 3448 :
2413 3410 2542 3464 quae
2575 3391 2731 3447 circa
2760 3389 3019 3446 universi
3051 3388 3314 3444 medium
3343 3387 3578 3456 est,hoc
3598 3390 3690 3443 est

1956 3470 1998 3537 C
2039 3483 2367 3551 circularis;
2401 3499 2528 3554 quae
2560 3485 2650 3537 est
2708 3497 2740 3535 a
2771 3479 2966 3535 medio
3027 3478 3138 3533 hoc
3169 3481 3260 3532 est
3283 3493 3414 3548 quas
3447 3491 3687 3532 sursum

2033 3575 2138 3643 ﬁt;
2175 3589 2303 3645 quae
2342 3575 2433 3628 est
2479 3571 2551 3626 ad
2601 3569 2888 3633 medium,
2937 3567 3048 3622 hoc
3095 3570 3184 3634 est
3233 3581 3364 3637 quas
3411 3565 3687 3621 deorsum

2032 3664 2119 3720 ﬁt.
2153 3662 2297 3719 Solzs
2345 3664 2542 3717 autem
2591 3659 2679 3714 hac
2731 3657 2964 3730 proprie
3011 3654 3308 3728 simplices
3357 3657 3516 3725 sunt,
3549 3653 3691 3726 quia

2034 3750 2379 3810 naturaliter
2427 3749 2520 3804 his
2569 3747 2712 3805 solis
2762 3749 3072 3802 moventur
3137 3761 3207 3799 ea
3254 3759 3500 3815 corpora
3557 3759 3685 3815 quas

2035 3839 2334 3912 simplicia
2363 3854 2492 3894 esse
2519 3835 2809 3891 videntur.
2843 3833 3049 3890 Omnis
3078 3837 3276 3888 autem
3298 3831 3546 3903 simplex
3568 3847 3689 3888 mo-

2035 3935 2132 3986 tus
2169 3929 2268 3983 70
2300 3926 2587 3999 simplicis
2617 3925 2870 3996 alicujus
2909 3922 3170 3994 corporis
3219 3933 3309 3976 est
3357 3920 3686 3976 secundum

2036 4023 2309 4075 naturam
2345 4033 2359 4070 :
2391 4020 2449 4072 et
2478 4013 2672 4071 omnis
2703 4011 2989 4084 simplicis
3012 4011 3270 4082 corporis
3285 4013 3480 4065 motus
3512 4012 3688 4065 natu-

2037 4108 2180 4166 ralis
2209 4104 2460 4178 simplex
2488 4103 2733 4176 quidam
2764 4106 2875 4158 est.

2110 4217 2197 4270 16.
2230 4213 2391 4270 Retis
2423 4211 2605 4284 igitur
2635 4207 2895 4264 motibus
2923 4205 3328 4274 contrarietas,
3361 4207 3429 4260 ut
3469 4204 3690 4261 dictum

2036 4304 2190 4360 inest
2225 4329 2240 4373 ;
2272 4300 2541 4358 circulari
2572 4303 2769 4355 autem
2793 4295 3239 4364 motui,nullum
3268 4298 3497 4350 motum
3529 4294 3690 4366 [con-

2037 4393 2314 4464 trarium]
2344 4407 2473 4447 esse
2503 4390 2722 4445 dicunt.
2759 4387 2923 4450 Quod
2957 4385 3115 4441 enim
3138 4388 3336 4440 motus
3365 4383 3436 4439 ab
3469 4387 3599 4440 ortu
3628 4383 3690 4440 in

2037 4498 2336 4549 occasum,
2371 4485 2430 4536 et
2459 4481 2531 4535 ab
2564 4493 2775 4534 occasu
2809 4476 2868 4530 in
2919 4480 3112 4531 ortum
3155 4490 3272 4528 non
3304 4472 3425 4529 sint
3457 4476 3689 4530 contra-

2038 4572 2132 4641 rii,
2166 4570 2532 4644 exploratum
2563 4571 2673 4623 est.
2713 4567 2983 4637 Namque
3029 4562 3401 4635 planetarum
3451 4561 3691 4634 sphaera

2041 4662 2328 4718 ambabus
2359 4658 2452 4714 his
2503 4655 2985 4713 conversionibus
3035 4645 3572 4708 circumferuntur:
3602 4650 3689 4706 al-

2040 4753 2166 4807 tera
2198 4747 2525 4804 secundum
2548 4743 2924 4815 naturam,ab
2939 4759 3149 4799 occasu
3181 4742 3239 4795 in
3267 4743 3482 4808 ortum;
3509 4739 3691 4798 altera

269 4829 505 4921 δυσμῶν⁷
546 4829 632 4909 εἷς.
675 4842 958 4907 ἀνατολάς·
1006 4842 1105 4911 τὴν
1152 4837 1211 4895 δὲ
1244 4838 1439 4916 βιαίως
1465 4837 1557 4892 καὶ
1589 4836 1722 4912 ὑπὲρ
1747 4836 1922 4915 φύσιν,

2038 4838 2292 4894 violenta
2317 4841 2375 4893 et
2399 4852 2579 4907 supra
2610 4838 2906 4901 naturam,
2950 4831 3166 4904 quippe
3215 4829 3373 4902 quod
3400 4845 3534 4884 cum
3565 4829 3688 4885 for-

267 4938 354 5000 ὡς
402 4933 730 5012 ἰσχυροτέρᾳ
779 4933 870 4990 καὶ
914 4929 1182 5009 κρείττονι
1233 4932 1302 5002 τῇ
1351 4926 1582 4983 ἀπλανεῖ
1626 4945 1926 5001 συμπερια-

266 5025 499 5104 γόμενοι
531 5024 670 5100 πρὸς
718 5019 925 5097 δυσμὰς
979 5019 1032 5091 ἐξ
1079 5016 1382 5075 ἀνατολῶν.
1443 5014 1695 5104 Εναντίαι
1726 5012 1834 5104 οῦν
1872 5014 1926 5068 αἱ

271 5103 564 5190 εἰρημέναι
596 5110 750 5168 οὖσαι
801 5107 1114 5188 περιφοραὶ,
1163 5110 1282 5170 πῶς
1314 5105 1374 5162 ἂν
1420 5109 1620 5161 συνεῖεν
1650 5103 1927 5175 ἀλλήλαις

266 5206 324 5261 ἐν
349 5207 430 5276 τῷ
458 5202 610 5276 αὐτῷ
639 5200 828 5278 χρόνῳ
854 5200 971 5256 καθ’
999 5197 1056 5254 ἓν
1116 5195 1470 5270 ὑποκείμενον
1505 5213 1520 5264 ;
1549 5195 1668 5248 ’Ότι
1709 5190 1767 5248 δὲ
1800 5191 1930 5266 μηδ’

273 5294 362 5351 ἐπ’
420 5289 628 5358 εὐθείας
693 5288 908 5361 κίνησις
955 5286 1284 5343 ἐναντιοῦται
1337 5284 1548 5354 κινήσει
1604 5287 1930 5360 περιφερεῖ,

269 5381 715 5459 τοιουτοτρόπως
802 5375 1282 5445 κατασκευάζουσιν
1320 5419 1332 5432 .
1404 5373 1474 5428 Ai
1557 5371 1639 5427 ἐπ’
1725 5370 1930 5434 εὐθείας

274 5457 540 5544 κινήσεις
581 5467 815 5526 ἐναντίαι
870 5463 1148 5536 ἀλλήλαις
1209 5462 1369 5518 εἰσίν.
1431 5467 1524 5516 Ἔν
1586 5457 1633 5514 δ’
1694 5459 1932 5516 ἐναντίον

277 5561 384 5618 ἓνί’
443 5562 533 5617 καὶ
578 5557 668 5614 διὰ
711 5561 873 5614 τοῦτο
930 5552 1160 5628 οὐδεμία
1206 5556 1314 5609 τῶν
1361 5551 1442 5607 ἐπ’
1493 5548 1696 5611 εὐθείας
1753 5554 1933 5627 φορῶν

355 5759 402 5795 ιι
427 5758 660 5832 δ-Ριιγε.
691 5773 742 5814 c.
772 5756 830 5816 8.
860 5757 905 5812 t.
934 5755 1028 5812 53.
1103 5753 1149 5788 ει
1177 5753 1212 5808 8
1240 5751 1416 5826 Pbys.
1447 5769 1498 5809 c.
1532 5752 1618 5822 12,
1642 5753 1687 5819 t,
1716 5751 1807 5806 64.

2036 4927 2170 4983 tiori
2202 4930 2259 4981 et
2288 4923 2516 4980 meliori
2548 4922 2935 4978 inerrantium
2986 4919 3290 4976 stellarum
3338 4915 3568 4991 spbaara
3615 4917 3688 4974 ab

2038 5019 2169 5072 ortu
2221 5015 2279 5069 in
2329 5029 2603 5069 occasum
2653 5011 3150 5082 circumagantur.
3207 5007 3367 5074 Quod
3423 5006 3474 5062 si
3509 5005 3690 5079 igitur

2039 5106 2162 5161 ista;
2212 5102 2619 5161 conversiones
2660 5104 2859 5156 essent
2899 5097 3225 5165 contrarias,
3265 5097 3368 5168 qui
3399 5095 3523 5152 fieri
3554 5112 3690 5168 pos-

2040 5199 2150 5262 set,
2195 5198 2262 5249 ut
2308 5192 2511 5249 eodem
2551 5195 2813 5261 tempore
2873 5187 2934 5242 in
2989 5203 3104 5242 uno
3164 5186 3428 5258 subjecto
3471 5184 3693 5241 coirent

2040 5281 2290 5338 invicem
2320 5281 2349 5336 ‘I
2379 5281 2539 5347 Quod
2568 5283 2764 5335 autem
2806 5293 2877 5333 ne
2909 5275 3247 5332 rectilineus
3297 5273 3535 5346 quidem
3567 5289 3694 5330 mo-

2041 5377 2138 5428 tus
2169 5371 2220 5427 ei
2245 5370 2346 5442 qui
2377 5370 2437 5426 in
2469 5369 2669 5424 orbem
2700 5369 2767 5422 fit
2821 5364 3149 5422 contrarius
3208 5364 3305 5430 sit,
3366 5363 3477 5419 hoc
3518 5363 3693 5420 modo

2045 5461 2413 5517 confirmant.
2449 5456 2753 5514 Rectilinei
2785 5459 2984 5511 motus
3005 5455 3157 5509 inter
3186 5468 3250 5508 se
3277 5450 3528 5507 invicem
3552 5454 3696 5506 sunt

2045 5549 2342 5608 contrarii.
2377 5549 2568 5605 Unum
2604 5551 2800 5602 autem
2834 5544 2935 5600 uni
2983 5549 3072 5598 est
3118 5540 3499 5598 contrarium.
3554 5541 3697 5596 Pro-
