4094 6454
346 449 504 512 10⁵75

1594 448 2022 515 NICEPHORI
2065 448 2507 512 BLEMMIDE

3605 446 3777 507 10⁸76

348 589 477 656 pter
505 583 563 639 id
596 599 734 657 ergo
779 583 955 640 etiam
999 583 1199 642 nullus
1247 583 1582 642 rectilineus
1628 590 1825 641 motus
1874 584 1994 640 cir-

2122 584 2436 635 ὲναντιοῦται
2483 584 2553 655 τῇ
2600 578 2811 653 κύκλῳ,
2859 577 2953 634 ’ίνα
3007 579 3083 654 μὴ
3133 575 3311 634 πλείω
3358 576 3569 634 ἐναντία
3621 578 3778 634 ἀντι-

351 674 533 731 culari
565 677 655 731 est
685 673 1034 743 contrarius,
1067 692 1141 731 ne
1168 674 1340 747 plura
1367 675 1660 731 contraria
1687 674 1790 730 uni
1821 690 2001 746 oppo-

353 768 590 820 nantur.

429 890 515 944 17.
548 887 725 960 Atqui
773 887 932 944 haud
977 887 1098 944 scio
1148 905 1222 943 an
1271 889 1392 944 haec
1445 887 1809 945 conﬁrmatio
1848 905 1882 944 a
1911 904 1998 945 re-

354 977 743 1051 prehensione
772 977 963 1032 aliena
992 976 1088 1044 sit,
1133 981 1198 1032 ut
1249 978 1492 1050 quidam
1549 981 1844 1034 asserunt.
1874 979 2001 1033 Non

355 1067 514 1124 enim
554 1066 922 1140 impossibile
954 1069 1044 1122 ’11
1081 1071 1172 1122 est
1217 1066 1548 1123 rectilineos
1580 1071 1776 1123 motus
1808 1071 1867 1122 et
1895 1068 2004 1123 eir-

357 1156 542 1213 culari
567 1160 626 1212 et
655 1157 766 1212 sibi
798 1156 1048 1212 invicem
1073 1158 1262 1228 quoad
1295 1156 1454 1212 aliud
1487 1162 1664 1230 atque
1694 1157 1851 1213 aliud
1875 1173 2004 1214 esse

359 1245 682 1302 contrarios
715 1263 728 1301 :
753 1261 820 1300 ac
841 1245 890 1301 si
922 1261 1326 1301 rursusunum
1343 1246 1443 1301 uni
1474 1250 1539 1301 ut
1563 1244 1848 1302 utrationi
1871 1262 2004 1302 con-

358 1341 706 1391 sentaneum
733 1337 839 1401 est,
874 1334 1226 1390 contrarium
1248 1335 1824 1400 inveniri.Quatenus
1845 1335 2003 1391 enim

357 1427 628 1480 motuum
660 1422 1091 1478 rectilineorum
1136 1421 1494 1495 simplicium
1547 1441 1701 1480 unus
1743 1441 2002 1496 sursum,

359 1512 505 1570 alter
533 1513 803 1568 deorsum
829 1513 913 1576 ﬁt,
964 1513 1158 1583 quoad
1217 1512 1477 1569 locorum
1535 1514 2003 1570 contrarietatem

360 1605 627 1674 pugnant
649 1601 895 1656 invicem
931 1620 942 1667 ;
977 1605 1268 1672 quatenus
1301 1603 1544 1658 autem86
1575 1603 1858 1659 rectilinei
1883 1620 2006 1659 mo-

360 1695 458 1746 tus
489 1692 562 1746 ab
593 1689 726 1746 aliis
755 1690 990 1761 punctis
1011 1690 1323 1762 incipiunt,
1357 1697 1415 1747 et
1444 1691 1504 1747 in
1535 1691 1650 1748 alia
1680 1692 1958 1748 desinunt
1992 1736 2005 1760 ,

361 1796 497 1836 cum
528 1783 730 1835 contra
749 1779 1050 1836 circularis
1072 1784 1268 1835 motus
1301 1781 1372 1837 ab
1405 1781 1610 1837 eodem
1659 1781 1920 1854 incipiat,
1953 1785 2010 1837 et

362 1868 421 1924 in
452 1869 609 1924 idem
636 1869 933 1941 perveniat
964 1887 976 1924 :
1009 1872 1067 1924 et
1115 1874 1402 1941 quatenus
1452 1870 1667 1927 iterum
1717 1870 2006 1927 rectilinei

2106 671 2353 745 ταχθεῖεν
2386 668 2483 725 ἐνί.

2185 889 2264 954 ιζ’.
2322 885 2555 956 Μήποτε
2602 881 2649 939 δ’
2696 883 2797 940 οὐκ
2845 878 2986 939 ἔστιν
3033 881 3407 954 ἀνεπίληπτος
3454 885 3491 954 ἡ
3539 884 3774 955 τοιαύτη

2109 975 2435 1044 κατασκευὴ,
2493 972 2569 1036 ὥς
2618 975 2760 1036 τίνες
2819 972 3105 1052 ἐφιστῶσιν
3139 1014 3151 1027 .
3211 971 3284 1027 Οὐ
3344 972 3448 1048 γάρ
3509 971 3778 1029 ἀδύνατον

2107 1064 2203 1126 τάς
2254 1061 2337 1118 ἐπ’
2388 1061 2590 1125 εὐθείας
2638 1064 2879 1133 κινήσεις
2918 1065 2987 1136 τῇ
3035 1060 3226 1134 κύκλῳ
3270 1082 3331 1116 τε
3359 1061 3449 1116 καὶ
3489 1060 3783 1133 ἀλλήλαις

2111 1152 2474 1208 ἐναντιοῦσθαι
2519 1158 2634 1206 κατ’
2685 1148 2827 1206 ἄλλο
2865 1150 2954 1206 καὶ
3000 1148 3164 1222 ἄλλο,
3194 1149 3285 1207 καὶ
3333 1149 3477 1206 οὕτω
3516 1149 3688 1206 πάλιν
3719 1150 3779 1206 ’ἐν

2113 1241 2349 1298 ἐναντίον
2391 1243 2468 1298 ἑνὶ
2509 1242 2647 1296 κατά
2694 1239 2860 1316 λόγον
2916 1239 3246 1317 εὐρίσκεσθαι
3281 1285 3294 1298 .
3343 1241 3485 1295 Καθὸ
3537 1240 3634 1313 μὲν
3669 1240 3782 1316 γὰρ

2112 1334 2148 1401 ἡ
2185 1332 2278 1404 μὶν
2314 1333 2425 1386 ἅνω
2480 1335 2589 1385 τῶν
2647 1330 2730 1385 ἐπ’
2789 1329 2998 1394 εὐθείας
3045 1332 3312 1401 κινήσεων
3356 1335 3466 1384 τῶν
3496 1329 3783 1403 ἁπλῶν,ή

2115 1421 2174 1476 δὶ
2201 1422 2372 1488 κάτω,
2423 1421 2690 1498 μάχονται
2731 1421 2866 1494 πρὸς
2921 1417 3176 1490 ἀλλήλας
3220 1418 3358 1474 κατὰ
3384 1419 3483 1488 τήν
3515 1423 3626 1474 τῶν
3680 1419 3782 1475 τό·-

2114 1532 2230 1566 πων
2282 1509 2644 1580 ἐναντιότητα.
2701 1510 2845 1573 Καθὸ
2903 1505 2948 1563 δ’
3002 1509 3056 1563 αἱ
3116 1509 3212 1582 μὲν
3271 1506 3356 1564 ἐπ’
3415 1508 3623 1572 εὐθείας
3685 1509 3788 1565 ἀπ’

2117 1599 2303 1655 ἄλλων
2341 1598 2585 1672 σημείων
2616 1599 2896 1674 ἄρχονται,
2946 1598 3036 1652 καὶ
3085 1598 3162 1660 εἷς
3211 1594 3364 1674 ἕτερα
3410 1598 3788 1675 καταλήγου-

2118 1711 2222 1744 σιν*
2275 1691 2318 1758 ἡ
2378 1686 2436 1742 δὲ
2489 1685 2679 1761 κύκλῳ
2733 1686 2948 1758 κίνησις
3007 1688 3112 1742 ἀπὸ
3167 1691 3265 1742 τοῦ
3322 1687 3486 1742 αὐτοῦ
3546 1686 3789 1764 ἄρχεται

2117 1779 2208 1833 καὶ
2265 1776 2339 1840 εἷς
2395 1777 2458 1832 τὸ
2519 1777 2649 1832 αὐτὸ
2705 1781 2957 1847 καταντᾷ·
3016 1776 3106 1831 καὶ
3162 1777 3296 1840 καθὸ
3348 1776 3514 1832 πάλιν
3567 1779 3626 1831 αἱ
3680 1779 3791 1851 μὲν

2119 1867 2202 1923 ἐπ’
2233 1866 2436 1931 εὐθείας
2468 1864 2728 1922 ἅκλαστοι
2775 1866 2912 1920 κατά
2956 1869 3060 1919 πᾶν
3112 1864 3213 1920 εἶσι
3266 1864 3476 1940 μόριον,
3518 1867 3554 1936 ἡ
3587 1865 3795 1941 κύκλῳ

361 1961 558 2014 motus
608 1957 769 2013 omni
801 1973 869 2013 ex
898 1961 1063 2030 parte
1095 1963 1236 2014 sunt
1266 1959 1578 2030 ejusmodi,
1603 1963 1668 2015 ut
1695 1960 1886 2033 frangi
1917 1977 2010 2016 ne-

2122 1955 2179 2012 δὲ
2211 1954 2352 2030 μηδὲ
2380 1957 2443 2010 τὸ
2470 1957 2638 2032 τυχὸν
2689 1950 2804 2031 ἔχει
2859 1954 3051 2030 μόριον
3101 1952 3387 2010 ἄκλαστον·
3421 1953 3499 2011 ἔτι
3548 1952 3607 2010 δὲ
3645 1959 3793 2012 καθὸ

362 2051 582 2119 queant
606 2064 620 2116 ;
661 2063 796 2102 cum
814 2051 1020 2102 contra
1040 2047 1342 2103 circularis
1363 2053 1559 2104 motus
1591 2048 1815 2105 nullam
1846 2065 2008 2121 pror-

363 2153 466 2192 sus
497 2138 724 2207 partem
754 2135 986 2204 habeat,
1018 2152 1134 2208 qua
1161 2137 1354 2209 frangi
1385 2154 1502 2192 non
1531 2139 1718 2210 possit
1749 2155 1762 2206 ;
1795 2142 1852 2194 et
1871 2155 2012 2210 qua-

361 2229 535 2282 tenus
561 2225 604 2260 "
645 2224 888 2297 insuper
917 2225 1248 2282 rectilineos
1279 2227 1370 2283 bis
1427 2243 1606 2299 super
1636 2227 1845 2283 iisdem
1877 2245 2011 2300 spa-

362 2314 464 2370 tiis
491 2314 619 2370 sine
648 2314 842 2386 quiete
872 2313 1240 2386 impossibile
1270 2320 1360 2372 est
1385 2316 1674 2384 ﬁeri,cum
1705 2317 2010 2373 circularis

366 2407 568 2460 contra
597 2404 864 2460 eamdem
894 2403 1048 2459 viam
1080 2404 1209 2460 sine
1257 2405 1451 2476 quiete
1507 2405 1790 2461 inﬁnities
1841 2422 2011 2478 pera-

364 2497 489 2567 gret
525 2511 538 2561 ;
572 2496 864 2565 quatenus
895 2492 1150 2564 denique
1177 2494 1672 2550 “rectilineorum
1703 2494 1903 2551 nullus
1923 2498 2012 2552 est

365 2581 692 2654 aequabilis,
726 2597 861 2637 cum
893 2585 1097 2638 contra
1125 2582 1428 2639 circularis
1459 2588 1800 2656 perpetuam
1822 2601 2011 2656 aequa-

363 2670 650 2726 bilitatem
682 2670 896 2726 habere
924 2670 1148 2743 possit;
1181 2672 1254 2727 ob
1288 2671 2012 2746 bas,inquam,proprieta—

362 2763 451 2816 tes
484 2763 776 2832 motuum,
808 2777 925 2816 non
970 2764 1164 2816 autem
1205 2762 1278 2817 ob
1327 2761 1589 2818 locorum
1635 2764 2012 2819 contrarieta-

365 2854 508 2918 tem,
540 2849 844 2906 circularis
868 2855 1066 2906 motus
1114 2851 1431 2908 rectilineis
1483 2853 1814 2909 contrarius
1848 2868 2010 2926 repe-

363 2939 534 3010 ritur,
586 2940 863 2996 omnibus
912 2939 1234 2997 rectilineis
1294 2941 1552 2997 motibus
1600 2941 1776 2998 unius
1827 2941 2015 2998 instar

365 3027 646 3100 sumptis,
677 3031 743 3083 ut
772 3029 824 3084 ei
857 3028 959 3101 qui
989 3029 1049 3084 in
1098 3030 1300 3085 orbem
1349 3030 1434 3098 ﬁt,
1486 3035 1875 3103 opponantur.
1913 3032 2011 3087 12

364 3123 560 3189 Atque
614 3117 751 3174 talis
806 3117 1142 3190 Oppositum
1225 3119 1438 3175 modus
1495 3119 1671 3176 etiam
1748 3121 1810 3176 in
1879 3120 2014 3177 aliis

365 3207 542 3264 rebus
571 3205 866 3262 invenitur
894 3206 960 3260 ⁸ο.
1009 3205 1254 3278 Equale
1292 3207 1451 3263 enim
1504 3212 1563 3264 et
1612 3209 1926 3276 mediocre.
1959 3209 2013 3266 ei

365 3295 521 3368 quod
552 3295 793 3352 excedit.
828 3298 885 3351 et
913 3294 962 3350 ei
994 3296 1148 3368 quod
1181 3296 2007 3371 exceditur,majori,inquam,

2123 3292 2178 3346 αἱ
2253 3291 2437 3368 ἀρεταὶ
2511 3291 2836 3368 συμμετρίαι
2915 3293 3069 3348 οὖσαι
3103 3339 3118 3365 ,

2127 3381 2142 3400 ν
2334 3385 2361 3396 ~
2621 3386 2644 3397 ω
2732 3381 2746 3400 ι
2864 3375 2896 3400 ρ
2934 3380 2955 3400 \
3005 3386 3028 3398 υ
3109 3379 3118 3400 1

363 3387 423 3440 et
452 3383 667 3440 minori
697 3383 1013 3457 opponitur
1031 3385 1112 3453 99;
1145 3402 1212 3440 ac
1233 3403 1470 3441 rursum
1499 3388 1692 3458 majus
1724 3391 1782 3443 et
1811 3387 2010 3444 minus

363 3472 478 3529 sibi
508 3472 756 3528 invicem
787 3475 1271 3545 opponuntur.Ac
1302 3475 1386 3530 ita
1410 3491 1551 3531 sane
1567 3475 1744 3531 etiam
1765 3475 2008 3532 virtutes

365 3577 501 3616 cum
551 3561 984 3618 mediocritates
1033 3563 1170 3634 sint,
1221 3562 1295 3619 iis
1343 3579 1470 3636 quea
1537 3581 1570 3619 a
1615 3565 2018 3623 mediocritate

365 3653 592 3706 remota
619 3654 778 3723 sunt,
810 3652 1149 3709 excessibus
1181 3652 1406 3710 scilicet
1434 3657 1493 3710 et
1521 3653 1848 3710 defectibus
1878 3672 2015 3711 con-

363 3738 684 3794 trariantur
717 3757 731 3808 ;
761 3757 828 3796 ac
882 3758 1090 3798 rursus
1152 3758 1428 3798 excessus
1479 3746 1535 3798 et
1593 3743 1853 3799 defectus
1901 3743 2016 3800 sibi

365 3832 570 3884 mutuo
603 3834 952 3902 repugnant.
1011 3831 1228 3887 Eodem
1289 3831 1430 3886 item
1500 3833 1674 3888 modo
1733 3837 1930 3890 motus
1961 3839 2018 3890 et

365 3916 625 3973 motibus
655 3922 712 3973 et
740 3919 1039 3990 quietibus
1060 3921 1467 3988 adversantur,
1493 3937 1559 3976 ac
1581 3938 1817 3978 rursum
1851 3923 2014 3994 quie-

364 4007 455 4061 tes
486 4004 598 4062 sibi
628 4006 875 4062 invicem
898 4013 1294 4079 opponuntur,
1330 4026 1460 4081 quae
1491 4010 1550 4064 in
1591 4011 1900 4067 contrariis
1927 4011 2014 4067 lo-

364 4094 449 4149 cis
471 4099 529 4149 et
559 4096 872 4151 contrariis
903 4097 1284 4168 qualitatibus
1314 4103 1370 4154 et
1391 4098 1821 4169 quantitatibus
1852 4105 2010 4158 sunt.

364 4181 627 4254 Exempli
664 4182 872 4254 gratia,
924 4185 1093 4256 quies
1142 4185 1201 4240 in
1253 4186 1554 4258 superiore
1584 4186 1708 4242 loco
1740 4188 1922 4260 quieti
1953 4190 2012 4246 in

361 4269 636 4326 inferiore
669 4288 683 4326 :
717 4271 885 4343 quies
916 4273 978 4327 in
1009 4272 1142 4329 albo
1201 4273 1383 4346 quieti
1416 4274 1475 4329 in
1507 4275 1676 4347 nigro
1704 4293 1719 4342 ;
1753 4293 1817 4332 ac
1849 4277 2012 4333 deni-

363 4373 478 4430 que
508 4357 621 4414 illae
652 4376 780 4432 quae
812 4362 1101 4432 quosdam
1132 4369 1331 4419 motus
1361 4364 1717 4434 praecedunt,
1738 4364 1855 4422 illis
1885 4382 2013 4439 quae

361 4448 599 4504 eosdem
630 4451 1205 4520 sequuntur.Verum
1237 4451 1348 4508 alio
1374 4453 1548 4509 modo
1579 4458 1774 4510 motus
1807 4456 2010 4527 quieti,

361 4541 421 4593 et
451 4534 565 4592 alio
627 4538 801 4594 modo
861 4538 1047 4595 motui
1105 4541 1442 4612 opponitur.
1508 4541 1689 4597 Motui
1751 4544 1910 4599 enim
1948 4551 2014 4602 ut

2117 2047 2212 2109 τάς
2274 2047 2367 2120 μὲν
2401 2044 2483 2100 ἐπ’
2513 2044 2717 2110 εὐθείας
2750 2042 2832 2106 δὶς
2887 2043 3106 2099 ἐπὶτῶν
3152 2042 3329 2099 αὐτῶν
3367 2039 3490 2100 ἄνευ
3539 2045 3792 2119 ἠρεμίας

2119 2135 2366 2211 γενέσθαι
2396 2132 2673 2205 ἀδύνατον,
2722 2135 2756 2204 ἠ
2808 2130 2866 2188 δὲ
2912 2130 3103 2206 κύκλῳ
3148 2134 3249 2203 τὴν
3297 2134 3466 2203 αὑτὴν
3499 2135 3623 2188 ἄνευ
3655 2135 3797 2210 ἠρε-

2125 2223 2250 2299 μίας
2314 2222 2564 2300 μυριάκις
2614 2222 2894 2300 περίεισι·
2952 2222 3044 2277 καὶ
3100 2221 3185 2278 ὅτι
3239 2226 3348 2277 τῶν
3409 2222 3504 2296 μὶν
3564 2221 3649 2277 ἐπ’
3699 2223 3796 2278 εὐο

2120 2313 2262 2376 θείας
2314 2311 2542 2386 οὐδεμία
2591 2313 2730 2368 ἐστὶν
2781 2311 3041 2386 ὁμαλής,
3089 2315 3158 2386 τῇ
3208 2310 3399 2386 κύκλῳ
3449 2310 3508 2367 δὲ
3555 2309 3796 2368 δυνατὸν

2123 2402 2205 2457 ἀεὶ
2232 2403 2488 2479 τυγχάνει
2519 2402 2582 2457 τὸ
2632 2400 2861 2476 ὁμαλές·
2911 2401 3046 2456 κατὰ
3091 2404 3258 2456 ταῦτα
3307 2397 3374 2470 δὴ
3403 2401 3472 2456 τά
3503 2397 3794 2473 ἰδιώματα

2119 2495 2228 2546 τῶν
2285 2492 2572 2561 κινήσεων,
2624 2489 2686 2545 οὐ
2739 2490 2846 2565 μὴν
2895 2490 3033 2544 κατὰ
3075 2490 3176 2559 τὴν
3223 2493 3332 2545 τῶν
3389 2489 3572 2545 τόπων
3632 2489 3794 2544 ἐναν-

2119 2579 2368 2651 τιότητα,
2418 2583 2487 2654 τῇ
2517 2576 2708 2652 κύκλῳ
2753 2579 2890 2652 πρὸς
2933 2577 3029 2640 τὰς
3078 2577 3161 2632 ἐπ’
3209 2577 3418 2643 εὐθείας
3468 2577 3795 2642 ἐναντίωσις

2123 2669 2465 2744 εὑρεθήσεται
2521 2672 2628 2724 τῶν
2690 2667 2834 2724 ὅλων
2895 2666 3112 2722 εὐθειῶν
3166 2670 3452 2741 κινήσεων,
3512 2668 3588 2730 ὡς
3653 2675 3791 2742 μιᾶς

2121 2753 2553 2831 λαμϐανομένων
2604 2757 2739 2834 πρὸς
2785 2758 2886 2826 τὴν
2943 2756 3198 2811 ἀντίθεσιν
3257 2764 3358 2828 τῆς
3413 2762 3790 2836 περιφεροῦς.

2120 2851 2376 2910 Τοιοῦτος
2410 2844 2466 2901 δὲ
2510 2846 2715 2923 τρόπος
2762 2844 3078 2902 ἀντιθέσεων
3121 2845 3213 2902 καὶ
3257 2845 3340 2902 ἐπ’
3392 2845 3580 2902 ἄλλων
3607 2867 3792 2924 πραγο

2126 2938 2309 3009 μάτων
2369 2935 2717 3012 εὑρίσκεται.
2776 2936 2847 2991 Τὸ
2918 2937 3022 3012 γὰρ
3093 2934 3210 2992 ἴσον
3264 2935 3355 2991 καὶ
3412 2936 3475 2992 τὸ
3559 2937 3786 3013 μέτριον

2121 3023 2412 3080 ἀντίκειται
2451 3029 2531 3097 τῷ
2579 3023 2898 3101 ὑπερέχοντι
2946 3025 3038 3081 καὶ
3086 3029 3166 3097 τῷ
3216 3024 3643 3100 ὑπερεχομένῳ,
3704 3031 3790 3099 τῷ

2125 3114 2330 3187 μείζονι
2363 3112 2511 3190 λέγω
2553 3114 2644 3169 καὶ
2686 3119 2768 3186 τῷ
2799 3112 3065 3172 ἐλάττονι.
3098 3111 3270 3169 Πάλιν
3301 3113 3345 3169 δ’
3375 3112 3653 3186 ἀλλήλοις
3689 3116 3790 3170 ἀν-

2118 3201 2373 3258 τίκεινται
2417 3203 2478 3258 τὸ
2535 3202 2716 3277 μεῖζόν
2754 3223 2816 3258 τε
2853 3201 2943 3258 καὶ
2989 3203 3053 3258 τὸ
3101 3201 3350 3261 ἔλαττον.
3383 3203 3539 3259 Οὕτω
3588 3201 3658 3273 δὴ
3690 3206 3788 3260 καὶ

3179 3297 3300 3356 ταῖς
3376 3293 3661 3368 ἀσυμμετρ
3673 3293 3783 3356 ίαις

2124 3381 2508 3454 ἐναντιοῦνται,
2553 3386 2671 3444 ταῖς
2726 3375 3056 3458 ὑπερϐολαῖς
3106 3379 3366 3452 δηλονότι
3397 3381 3487 3437 καὶ
3533 3387 3656 3445 ταῖς
3690 3381 3785 3438 ἐλ-

2121 3469 2379 3546 λείψεσιψ
2436 3465 2735 3546 ὑπερϐολαὶ
2788 3468 2846 3526 δὲ
2891 3470 2982 3526 καὶ
3029 3469 3304 3546 ἐλλείψεις
3353 3469 3636 3542 ἀλλήλαις
3679 3471 3788 3545 μά-

2123 3579 2337 3636 χονται,
2384 3558 2475 3614 καὶ
2523 3561 2764 3630 κινήσεις
2811 3559 3056 3630 κινήσεσί
3083 3580 3145 3614 τε
3183 3560 3274 3614 καὶ
3327 3560 3585 3637 ἠρεμίαις
3640 3560 3794 3616 ἀντι-

2125 3651 2421 3719 θετοῦνται,
2477 3648 2569 3703 καὶ
2619 3647 2846 3725 ήρεμίαι
2901 3647 3066 3704 πάλιν
3129 3645 3402 3720 ἀλλήλαις
3459 3650 3516 3704 αἱ
3566 3649 3620 3704 ἐν
3663 3656 3793 3714 τοῖς

2125 3737 2386 3801 ἐναντίοις
2434 3738 2621 3800 τόποις
2669 3737 2759 3793 καὶ
2805 3743 2925 3801 ταῖς
2975 3737 3238 3800 ἐναντίαις
3284 3737 3573 3808 ποιότησιν
3609 3739 3648 3808 ἢ
3681 3761 3794 3795 πο-

2126 3828 2367 3898 σότησινο
2401 3829 2514 3884 οἷον
2565 3831 2601 3898 ἡ
2652 3827 2704 3883 ἐν
2752 3832 2834 3900 τῷ
2880 3824 2991 3882 ἄνω
3034 3827 3240 3904 ἠρεμία
3403 3828 3456 3883 ἐν
3498 3833 3580 3900 τῷ
3607 3827 3791 3885 κάτωο

2125 3916 2215 3972 καὶ
2244 3919 2280 3986 ἡ
2313 3915 2365 3971 ἐν
2397 3921 2476 3990 τῷ
2525 3915 2705 3989 λευκῷ
2746 3920 2816 3992 τῇ
2867 3915 2919 3972 ἐν
2963 3921 3043 3990 τῷ
3097 3916 3310 3990 μέλανι·
3362 3917 3452 3972 καὶ
3501 3915 3698 3980 ἁπλῶς
3732 3921 3795 3974 αἱ

2126 4006 2233 4082 πρὸ
2283 4011 2388 4061 τῶν
2446 4003 2674 4061 τοιῶνδε
2727 4007 2989 4077 κινήσεων
3042 4011 3163 4068 ταῖς
3223 4006 3358 4078 μετά
3411 4005 3509 4068 τὰς
3563 4005 3796 4064 τοιάσδε

2125 4097 2388 4166 κινήσεις.
2421 4093 2647 4157 ’Δλλως
2680 4091 2737 4149 δὲ
2765 4099 2834 4169 τῇ
2882 4093 3090 4170 ἠρεμίᾳ
3119 4097 3154 4164 ἡ
3185 4094 3421 4165 κίνησις,
3468 4095 3560 4149 καὶ
3591 4092 3794 4159 ἄλλως

2122 4189 2191 4260 τῇ
2223 4186 2434 4255 κινήσει
2479 4183 2792 4243 ἀντίκειται.
2822 4187 2900 4258 Τῇ
2953 4183 3049 4257 μὲν
3097 4183 3198 4260 γὰρ
3248 4186 3480 4257 κινήσει,
3513 4183 3589 4246 ὡς
3637 4183 3794 4240 ἐναν-

2120 4275 2224 4349 τίῳ
2273 4271 2424 4348 εἷ’δει,
2455 4276 2524 4347 τῇ
2575 4271 2620 4328 δ’
2666 4273 2891 4347 ἠρεμίᾳ,
2943 4273 3020 4335 ὡς
3069 4273 3385 4328 ἀποπτώσει
3429 4277 3528 4328 τοῦ
3576 4271 3789 4337 εἴδους.

2120 4370 2207 4428 Ὡς
2265 4365 2403 4438 ἄκρα
2461 4360 2520 4418 δὲ
2573 4360 2739 4417 πάλιν
2795 4363 2852 4417 αἱ
2909 4361 3137 4438 ἠρεμίαι
3183 4361 3464 4438 ἀλλήλαις
3503 4362 3792 4427 ἀνθίσταν-

2119 4475 2229 4512 ται.
2260 4453 2332 4508 Τὸ
2385 4453 2478 4527 μὲν
2531 4449 2623 4507 οὗν
2675 4450 2983 4506 ἐναντίωσιν
3034 4449 3180 4528 ἔχειν
3228 4451 3320 4506 καὶ
3365 4452 3465 4521 τὴν
3507 4449 3793 4532 κυκλοφο-

2123 4545 2261 4623 ρίαν,
2293 4541 2442 4604 ὅπως
2469 4541 2561 4596 καὶ
2590 4539 2709 4596 τίνα
2737 4540 2964 4617 τρόπον,
2994 4537 3228 4615 εἷ’ρηται.

362 4625 670 4682 contraries
695 4627 930 4699 speciei,
963 4628 1146 4699 quieti
1176 4634 1374 4685 autem
1425 4634 1490 4686 ut
1535 4630 1895 4704 prolapsioni
1946 4653 1980 4690 a
2027 4637 2240 4710 Sp60i6.
2303 4636 2382 4689 Ac
2427 4648 2633 4689 rursus
2681 4631 2908 4703 quietes
2944 4634 3011 4688 ut
3055 4635 3316 4688 extrema
3361 4631 3613 4689 invicem
3663 4632 3791 4689 dis-

356 4807 465 4860 est.

428 4948 516 5002 18.
551 4947 671 5005 Illis
712 4951 906 5006 autem
958 4949 1060 5021 qui
1093 4951 1166 5006 ab
1191 4951 1352 5006 omni
1409 4967 1547 5008 eum
1597 4953 2009 5012 contrarietate
2038 4959 2086 5023 D

350 5035 638 5108 eximunt,
672 5036 782 5094 hoc
811 5039 1180 5111 propositum
1216 5041 1314 5096 73
1358 5047 1467 5110 est,
1502 5045 1569 5096 ut
1618 5041 1755 5097 hinc
1786 5042 2009 5100 scilicet

349 5125 564 5182 coelum
605 5127 1022 5199 generationis,
1079 5129 1333 5201 indeque
1388 5130 1568 5186 etiam
1613 5131 2008 5203 corruptionis

349 5231 554 5287 expers
585 5231 715 5272 esse
744 5221 1095 5273 monstrent.
1130 5218 1190 5274 Si
1228 5219 1410 5287 enim,
1444 5217 1741 5291 inquiunt,
1774 5225 2006 5277 contra-

349 5302 571 5358 riorum
602 5306 878 5360 contrarii
911 5311 1109 5362 motus
1141 5312 1301 5377 sunt,
1333 5309 1504 5379 cujus
1537 5307 1620 5363 rei
1651 5307 1835 5363 motui
1869 5307 2008 5364 nul-

350 5389 445 5447 lus
475 5395 564 5448 est
595 5396 946 5459 contrarius,
979 5411 1050 5451 ne
1082 5412 1151 5451 ea
1182 5395 1422 5468 quidem
1474 5396 1800 5468 quidquam
1832 5397 2010 5454 habet

351 5480 905 5547 contrarium.Quod
937 5484 987 5539 si
1019 5484 1200 5556 igitur
1230 5484 1454 5541 caelesti
1481 5486 1666 5541 motui
1699 5486 1898 5542 nullus
1917 5491 2007 5544 est

419 5710 462 5794 ff
495 5711 730 5794 ai‘l’b'ys.
754 5730 805 5769 ο.
835 5716 928 5794 32,
952 5719 976 5794 t
998 5716 1089 5771 73.
1202 5718 1254 5794 fit
1297 5718 1331 5771 8
1363 5717 1533 5794 Phys.
1566 5733 1622 5794 (ιἐ
1659 5717 1847 5794 _111._t.
1887 5717 1978 5772 76.

2089 5719 2135 5755 εει
2158 5719 2239 5792 is
2276 5717 2452 5792 lfbys.
2515 5736 2567 5775 c.
2601 5719 2718 5792 14η
2740 5720 2782 5774 ι.
2817 5717 2907 5774 76.

359 4714 554 4772 sident
581 4717 649 4772 πί.
682 4717 843 4780 Quod
874 4717 1053 4790 igitur
1082 4718 1259 4775 etiam
1289 4717 1592 4776 circularis
1625 4725 1824 4778 motus
1872 4722 2096 4798 aliquid
2147 4721 2511 4782 contrarium
2553 4721 2787 4790 habeat,
2838 4725 2898 4777 et
2943 4721 3240 4792 quomodo
3288 4721 3348 4776 id
3395 4721 3524 4791 ﬁat,
3553 4720 3788 4780 dictum

2193 4960 2284 5024 ιη’.
2316 4958 2441 5015 Τοῖς
2487 4949 2544 5007 δὲ
2588 4951 2769 5022 πάσης
2824 4949 3203 5022 ἐναντιότητος
3246 4950 3451 5024 ταύτην
3502 4951 3784 5028 ὑπερεξαι-

2120 5047 2273 5114 ροῦσι
2306 5042 2510 5104 σκοπός
2559 5039 2669 5096 ἐστι
2715 5039 2809 5096 τὸν
2858 5040 3085 5118 οὐρανὸν
3134 5039 3370 5096 ἐντεῦθεν
3423 5039 3592 5112 δεῖξαι
3623 5038 3782 5112 δῆθεν

2117 5131 2434 5207 ἀγέννητον,
2484 5129 2601 5186 ὅθεν
2663 5129 2752 5184 καὶ
2813 5126 3103 5208 ἄφθαρτον.
3163 5129 3228 5184 Εἰ
3287 5130 3390 5206 γὰρ
3445 5134 3556 5185 τῶν
3619 5129 3787 5185 ἐναν-

2116 5220 2271 5294 τίων⁷
2305 5219 2481 5297 φασὶν,
2532 5217 2769 5274 ἐναντίαι
2816 5217 2907 5273 καὶ
2956 5219 3013 5273 αἱ
3065 5217 3249 5296 φοραὶ,
3281 5216 3344 5273 οὗ
3394 5222 3465 5294 τῇ
3513 5224 3656 5297 φορᾷ
3706 5220 3785 5293 μὴ

2119 5304 2257 5363 ἔστιν
2309 5308 2520 5364 ἐναντία
2565 5307 2734 5386 φορὰ,
2789 5304 2901 5361 οὐδ’
2948 5307 3078 5362 αὐτὸ
3127 5305 3243 5384 ἔχει
3292 5329 3346 5362 τι
3393 5306 3635 5363 ἐναντίον
3672 5353 3687 5366 .
3719 5309 3785 5364 Εἰ

2116 5397 2293 5453 τοίνυν
2348 5402 2416 5472 τῇ
2468 5395 2704 5473 οὐρανίῳ
2753 5401 2895 5474 φορᾷ
2945 5398 3021 5470 μή
3073 5393 3184 5452 ἔστι
3232 5418 3314 5460 τις
3349 5395 3566 5452 ἐναντία
3617 5399 3782 5476 φορὰ,

2115 5484 2242 5541 οὐδὲ
2270 5492 2348 5559 τῷ
2373 5486 2584 5562 οὐρανῷ
2615 5485 2726 5540 ἐστί
2758 5507 2811 5540 τι
2845 5484 3104 5540 ἐναντίον.
3138 5485 3208 5539 Τὸ
3256 5486 3548 5561 γινόμενον
3602 5483 3662 5541 δὲ
3689 5487 3782 5542 καὶ

3021 5719 3069 5756 ⁸³
3123 5721 3159 5775 8
3187 5719 3363 5804 ΡῂγεΓ
3393 5721 3572 5804 (Lit.
3602 5723 3646 5778 ι.
3677 5721 3771 5778 62.

350 5774 395 5815 ὀ
423 5783 458 5837 2
488 5784 558 5839 ad
595 5774 714 5840 Nic.
749 5802 799 5841 c.
831 5789 866 5842 8
899 5774 926 5856 ;’
947 5789 974 5844 1
1011 5803 1166 5860 mag.
1201 5788 1371 5861 Mor.,
1403 5774 1520 5857 0,09
1547 5813 1562 5858 ;
1593 5790 1630 5843 2
1658 5789 1903 5846 Eudem.
1937 5807 1988 5848 c.

2151 5791 2197 5830 θί
2226 5790 2264 5848 5
2290 5774 2466 5865 Ph'ys.
2497 5774 2561 5848 8.
2583 5794 2627 5848 t.
2647 5774 2750 5861 W53,
2782 5793 2840 5848 et
2865 5793 2901 5848 8
2929 5789 3106 5865 Phys.
3130 5774 3383 5865 ὸξηζῖ.
3403 5774 3499 5849 ἅϐζ
