4094 6438
304 435 464 503 1077

1613 433 1965 498 ΕΡΙΤΟΜΕ
2007 434 2374 500 PHYSICA.

3568 435 3726 499 1078

302 562 655 647 φθειρόμενον
687 612 702 639 ,
761 565 813 638 ἐξ
873 566 1111 623 ἐναντίου
1177 565 1378 644 γίνεται
1434 567 1523 623 καὶ
1579 567 1656 630 εἷς
1714 566 1952 622 ἐναντίον

2069 569 2417 637 contrarius,
2451 587 2523 627 ne
2553 571 2696 629 coelo
2727 571 2967 644 quidem
2999 571 3324 644 quidquam
3345 569 3455 627 erit
3493 573 3722 626 contra-

304 657 599 738 φθείρεται.
647 658 719 713 Τὸ
770 658 1018 734 οὑράνιον
1066 656 1168 734 ἄρα
1217 663 1396 732 σῶμα,
1433 661 1506 731 μή
1543 657 1668 734 ἔχον
1717 656 1956 712 ἐναντίον

307 747 360 820 ἐξ
393 749 456 804 οὗ
486 747 684 823 γένοιτ’
731 746 811 819 ἃν,
843 747 932 802 καὶ
965 747 1043 810 εἷς
1086 749 1116 802 ὃ
1147 745 1311 802 πάλιν
1359 746 1583 825 φθαρείη
1605 793 1619 817 ,
1668 747 1957 822 ἀγέννητον

306 837 397 894 καὶ
445 838 714 917 ἄφθαρτον
743 834 1142 894 ἀποδείκνυται.
1191 835 1350 892 Ἀλλ’
1398 837 1450 891 οἱ
1495 841 1719 891 τοιαῦτα
1765 833 1957 910 λέγον-

301 948 409 999 τες,
470 926 596 982 ὅταν
657 925 746 980 καὶ
801 924 1200 1003 ἀναμφίλεκτον
1257 927 1356 995 τὴν
1414 925 1672 1002 πρότασιν
1739 920 1958 979 λάϐοιεν

299 1017 400 1086 τὴν
431 1018 674 1072 τεθεῖσαν
717 1015 780 1070 τὸ
832 1012 1104 1089 μηδεμίαν
1156 1015 1362 1086 κίνησιν
1411 1019 1480 1089 τῇ
1535 1014 1768 1090 οὐρανίῳ
1818 1019 1958 1092 φορᾷ

299 1104 538 1162 ἐναντίαν
599 1103 732 1159 εἶναι
767 1150 783 1177 ,
834 1104 956 1159 τότε
998 1110 1098 1174 τῆς
1157 1110 1388 1182 φυσικῆς
1439 1105 1698 1179 γενέσεως
1766 1103 1956 1180 ἐξῃρη-

299 1195 460 1268 μένον
519 1193 612 1248 τὸν
668 1191 891 1270 οὐρανὸν
962 1192 1381 1269 συλλογίζονται
1433 1193 1524 1248 καὶ
1599 1200 1700 1262 τῆς
1759 1192 1954 1266 ὁμοίας

293 1288 524 1361 φθορᾶς,
557 1283 676 1337 καθ’
727 1281 790 1344 ἃς
835 1281 926 1336 καὶ
955 1283 1023 1337 τὰ
1072 1287 1320 1358 στοιχεῖα
1371 1277 1702 1354 μεταϐάλλει
1735 1280 1810 1344 είς
1856 1279 1953 1336 ἄλ-

291 1369 466 1443 ληλα,
527 1373 626 1440 τῆς
685 1368 911 1445 θατέρου
961 1373 1166 1446 φθορᾶς
1214 1372 1507 1446 γινομένης
1553 1369 1806 1447 γενέσεως
1856 1374 1953 1425 τοῦ

291 1459 514 1518 λοιποῦ.
577 1462 702 1516 Κατ’
752 1457 931 1531 ἄλλην
985 1457 1043 1515 δὲ
1095 1460 1300 1535 γένεσιν
1352 1461 1578 1535 γενητὸν
1631 1457 1806 1514 οἷ’δασι
1859 1460 1949 1514 τὸν

293 1548 521 1625 οὐρανὸν
575 1551 633 1604 οἱ
682 1553 1003 1628 φρονοῦντες
1066 1549 1244 1626 ὀρθῶς
1279 1571 1292 1584 ο
1347 1551 1466 1604 καθ’
1509 1552 1569 1618 ἣν
1622 1549 1681 1604 ἐκ
1721 1554 1818 1604 τοῦ
1874 1551 1950 1622 μὴ

292 1639 428 1695 εἶναι
487 1637 662 1708 ὅλως,
718 1643 797 1711 τῷ
865 1639 995 1712 θείῳ
1051 1641 1316 1716 παρήχθη
1375 1640 1802 1715 προστάγματι,
1862 1639 1951 1692 καὶ

283 1727 602 1789 ἀκολούθως
668 1727 758 1781 καθ
824 1729 1000 1806 φθορᾷ
1074 1727 1328 1783 παντελεῖ
1399 1727 1534 1782 κατᾶ
1586 1729 1685 1796 τήν
1748 1726 1948 1782 οἰκείαν

284 1815 442 1895 φύσιν
499 1816 820 1872 ὑποκεῖσθαι
874 1815 1033 1871 αὐτὸν
1092 1813 1504 1892 δογματίζουσι,
1561 1820 1631 1890 τῇ
1689 1821 1785 1871 τοῦ
1848 1814 1949 1885 δη-

289 1907 730 2008 μιουργήσαντοξ
779 1905 1075 2008 άγαθότητι
1127 1908 1235 2008 τῆν’
1281 1905 1369 1961 ἐπὶ
1413 1907 1477 1962 τὸ
1503 1904 1745 2008 Ιβέλτιον
1775 1905 1946 1961 ἀλλα·
1979 1944 2026 2008 Β

283 1993 390 2068 γὴν
424 1991 639 2063 ἀπάσης
662 1991 927 2064 αἰσθητῆς
956 1991 1182 2055 κτίσεως
1216 1992 1695 2070 ἐπιψηφιζὸμενοι.

2071 658 2244 713 rium.
2279 661 2455 732 Atqui
2489 662 2644 733 quod
2678 667 2988 733 generatur
3015 667 3073 716 et
3102 661 3259 732 quod
3290 660 3720 731 corrumpitur,

2068 763 2138 802 ex
2168 750 2456 804 contrario
2478 756 2793 822 generatur
2841 751 2984 806 etin
3035 749 3394 806 contrarium
3455 765 3720 804 corrum-

2068 836 2493 908 pitur.CoeIcste
2519 840 2703 912 igitur
2734 857 2968 911 corpus,
3005 856 3137 894 cum
3172 856 3286 894 non
3318 838 3531 893 habeat
3579 854 3716 892 con-

2067 926 2314 982 trarium
2345 944 2414 982 ex
2445 945 2559 1000 quo
2591 934 2921 1000 generetur,
2956 933 3012 983 et
3041 930 3100 982 in
3132 928 3288 1000 quod
3322 943 3556 982 rursum
3591 943 3718 982 cor-

2066 1021 2395 1087 rumpatur,
2429 1017 2823 1089 generationis
2857 1023 2913 1073 et
2943 1016 3333 1089 corruptionis
3347 1032 3556 1088 expers
3586 1032 3716 1071 esse

2065 1103 2519 1162 demonstratur.
2589 1107 2804 1162 Verum
2865 1106 2966 1178 qui
3030 1105 3387 1178 ejuscemodi
3460 1103 3720 1160 oratione

2068 1196 2332 1263 utuntur,
2365 1198 2651 1266 tanquam
2683 1194 3087 1251 controversia;
3125 1199 3420 1267 expertem
3452 1193 3717 1266 proposi-

2063 1281 2282 1337 tionem
2313 1283 2650 1355 accipiendo
2682 1301 2810 1340 eam
2843 1301 2970 1356 quae
3001 1284 3185 1356 ponit,
3228 1282 3456 1338 nullum
3487 1286 3716 1336 motum

2065 1370 2283 1426 caelesti
2313 1372 2500 1427 motui
2532 1388 2661 1428 esse
2692 1373 3075 1440 contrarium,
3101 1372 3184 1428 ita
3219 1373 3455 1427 demum
3507 1370 3716 1426 caelum

2063 1476 2098 1515 a
2127 1459 2378 1515 naturali
2408 1460 2783 1533 generatione
2813 1463 2878 1532 θ’,
2911 1465 3087 1532 atque
3116 1461 3255 1516 item
3290 1478 3322 1515 a
3349 1458 3530 1515 simili
3591 1476 3716 1514 cor-

2063 1549 2332 1621 ruptione
2352 1549 2592 1620 (quibus
2614 1551 2792 1605 etiam
2806 1551 3095 1606 elementa
3119 1550 3270 1605 inter
3299 1567 3360 1605 se
3387 1553 3710 1617 mutantur,

2063 1638 2204 1692 dum
2237 1637 2418 1694 unius
2449 1639 2741 1710 corruptio
2773 1640 2838 1694 ﬁt
2890 1639 3101 1712 reliqui
3159 1638 3480 1712 generatio)
3513 1653 3708 1692 exem-

2061 1730 2228 1798 ptum
2261 1743 2390 1782 esse
2421 1727 2794 1784 concludunt.
2827 1729 3150 1793 Quiautem
3173 1727 3392 1783 rectius
3421 1725 3710 1793 sentiunt,

2061 1813 2300 1871 alterius
2355 1816 2748 1888 generationis
2802 1819 3025 1872 ratione
3094 1816 3305 1873 coelum
3365 1820 3710 1888 generatum

2061 1920 2191 1961 esse
2219 1904 2444 1976 dicunt,
2466 1922 2584 1978 qua
2612 1922 2681 1962 ex
2707 1923 2949 1978 prorsus
2996 1905 3180 1962 nihilo
3239 1906 3593 1977 productum
3623 1907 3715 1960 est

2059 1994 2254 2050 divino
2313 1995 2627 2051 mandato:
2667 1997 2765 2050 74
2823 1999 2880 2050 et
2956 2012 3057 2066 per
3104 2011 3474 2066 consequens
3532 1991 3711 2048 etiam

281 2081 631 2138 omnimodae
654 2082 1014 2152 corruptioni
1045 2084 1237 2154 quoad
1270 2099 1441 2139 suam
1475 2087 1749 2140 naturam
1781 2081 1977 2154 ipsum
2009 2083 2344 2153 subjectum
2376 2099 2506 2140 esse
2552 2086 2841 2153 statuunt,
2873 2082 3193 2139 conditoris
3238 2081 3492 2138 bonitati
3550 2097 3711 2137 crea-

279 2176 553 2230 turarum
574 2171 950 2229 sensibilium
977 2172 1244 2229 omnium
1274 2171 1336 2228 in
1363 2171 1580 2229 melius
1611 2172 1993 2228 mutationem
2025 2171 2405 2228 ascribentes.

1578 2376 1916 2434 SYNOPSIS
1945 2377 2103 2432 CAP]
2107 2377 2219 2432 TIS
2247 2375 2343 2432 VI.

1277 2465 1428 2512 QUOD
1459 2465 1558 2504 EST
1581 2465 1653 2504 DE
1692 2465 2080 2504 GENERATIONE
2106 2465 2174 2504 ET
2197 2464 2622 2505 CORRUPTIONE.

291 2550 348 2606 1.
383 2546 693 2627 Afﬁrmat
742 2547 1006 2628 primum
1057 2547 1490 2628 generationem
1520 2556 1578 2608 et
1621 2547 2058 2628 corruptionem
2086 2567 2205 2608 non
2233 2566 2348 2608 esse
2373 2549 2620 2628 proprie
2647 2556 2856 2628 motus,
2890 2545 2992 2608 sed
3034 2556 3259 2608 tantum
3315 2549 3664 2628 mutationes
3688 2561 3715 2607 :

363 2635 422 2688 et
442 2625 518 2687 ea:
549 2625 914 2708 etymologia
969 2625 1248 2688 vocabuli
1296 2627 1608 2708 μεταϐολῆς
1638 2625 1825 2702 docet,
1874 2627 2022 2708 quid
2041 2629 2119 2687 sit
2147 2625 2416 2700 mutatio,
2475 2625 2530 2688 et
2581 2628 2642 2686 in
2692 2627 2903 2708 quibus
2943 2629 3301 2706 reperiatur,
3333 2627 3615 2708 nimirum
3648 2628 3710 2708 in

366 2647 422 2688 ei
444 2647 518 2687 ea:
549 2647 914 2767 e3/m0iogia
969 2647 1240 2688 vocaouu
1296 2647 1608 2706 μεταοολῆς
1638 2647 1825 2702 aocet,
1874 2647 2017 2708 quia
2041 2647 2119 2687 sit
2147 2647 2416 2700 mutatio,
2475 2647 2530 2688 et
2581 2648 2642 2686 in
2692 2647 2903 2708 quibus
2943 2647 3301 2706 reperiatur,
3333 2647 3615 2687 nimirum
3648 2647 3705 2687 in

366 2707 573 2769 contra
620 2708 830 2768 ictione
856 2717 910 2768 et
941 2708 1003 2768 in
1032 2709 1355 2788 contrariis
1371 2707 1691 2788 speciebus,
1724 2727 1853 2768 cum
1886 2707 2006 2788 illis
2025 2726 2158 2788 quae
2184 2708 2568 2788 simpliciter”
2588 2717 2708 2767 tum
2763 2708 2854 2767 liis
2909 2711 3085 2767 etiam
3117 2728 3248 2786 quae
3277 2707 3705 2788 quodammodo

363 2796 498 2848 sunt
527 2789 868 2862 contrariae,
898 2787 1168 2869 quodque
1206 2773 1456 2848 mutatio
1486 2773 1711 2869 aliasit
1759 2773 2192 2868 quadantenus,
2243 2773 2366 2849 alia
2395 2773 2743 2867 simpliciter
2772 2789 3042 2848 mutatio.
3067 2773 3146 2833 -λ
3185 2773 3503 2869 2.1ndicat
3527 2787 3708 2848 latius

360 2876 568 2949 patere
599 2867 975 2949 mutationem
1004 2867 1181 2948 quam
1211 2876 1455 2940 motum,
1487 2867 1747 2948 qnidque
1768 2867 2014 2949 proprie
2057 2878 2245 2928 motus
2287 2878 2342 2928 et
2395 2868 2544 2948 quid
2599 2869 2841 2948 proprie
2899 2869 3240 2928 mutationes
3275 2867 3700 2949 appellentur,

367 2947 762 3025 determinat;
787 2947 892 3010 hoc
944 2947 1182 3009 interim
1212 2949 1419 3008 docens
1443 2947 1826 3008 mutationem
1855 2947 1947 3008 vel
1973 2968 2046 3008 ex
2075 2947 2623 3028 contraria,specie
2654 2947 2715 3007 in
2744 2949 3128 3020 contrariam,
3193 2948 3284 3008 vel
3341 2968 3414 3008 ex
3461 2947 3708 3008 alterius

365 3028 748 3109 prolapsione
775 3038 831 3089 et
855 3029 1141 3103 absentia,
1175 3029 1281 3089 hoc
1309 3037 1417 3102 est,
1449 3047 1545 3100 ex,
1573 3030 1909 3108 privatione
1929 3048 2061 3109 qum
2090 3028 2304 3109 ubique
2333 3030 2632 3107 reperitur
2657 3029 2816 3108 ﬁeri.
2847 3064 2925 3072 —
2967 3031 3028 3109 37.
3061 3029 3410 3109 Distinguit
3425 3029 3710 3108 privatio-

373 3107 507 3169 nem
535 3107 688 3170 alias
716 3129 833 3170 esse
854 3129 984 3170 cum
1011 3110 1280 3190 perfecta
1309 3110 1496 3188 specie
1525 3107 1585 3168 ut
1611 3107 2006 3190 privationem
2040 3107 2285 3188 ignisin
2316 3128 2497 3190 aqua,
2533 3119 2586 3170 et
2618 3107 2738 3168 tum
2768 3109 2944 3190 etiam
2960 3108 3102 3190 dici
3137 3108 3202 3168 id
3249 3107 3413 3190 quod
3426 3107 3435 3108 ί
3455 3127 3706 3186 genera—

374 3197 498 3263 tur,
531 3209 651 3250 non
680 3199 907 3251 tantum
935 3187 1142 3251 ex'sua
1163 3187 1520 3270 privatione,
1552 3187 1654 3270 sed
1677 3190 1852 3270 etiam
1881 3209 1957 3250 ex
1984 3187 2290 3270 contraria
2317 3187 2511 3270 specie
2530 3189 2848 3270 generari;
2908 3188 3060 3249 alias
3118 3187 3267 3249 vero,
3307 3189 3707 3270 privationem

379 3289 498 3330 non
515 3289 640 3351 esse
667 3289 797 3331 cum
823 3273 1092 3351 per/ecta
1125 3267 1176 3330 ’Τ
1177 3275 1221 3351 5_
1239 3270 1458 3351 specie,
1493 3269 1594 3351 sed
1619 3269 1679 3329 in
1715 3269 2179 3351 aliquoLsaltem
2233 3267 2547 3351 materz’ali
2595 3269 2676 3330 ad
2743 3269 2999 3348 formam
3048 3267 3478 3351 suscipiendam
3528 3279 3703 3351 capto,

379 3349 575 3430 qualis
602 3360 686 3412 est
699 3347 963 3431 privatio
991 3347 1360 3412 animalis—in
1386 3350 1624 3431 semine,
1659 3358 1712 3410 et
1741 3347 1862 3409 tum
1890 3349 2015 3431 dici
2039 3348 2104 3431 id
2130 3349 2290 3430 quod
2311 3359 2633 3431 generatur
2661 3347 2749 3409 ex
2777 3351 2993 3428 speciei
3015 3359 3251 3431 tantum
3305 3347 3713 3431 absentia—sive

371 3428 718 3511 privatione
744 3431 1069 3511 generari;
1097 3431 1154 3511 el
1179 3430 1466 3511 quomodo
1495 3429 1602 3511 hoc
1621 3428 2023 3510 accipiendum
2050 3430 2127 3489 sit
2137 3428 2259 3511 “per
2283 3428 2428 3490 duas
2453 3431 2858 3511 occupationes
2887 3428 3167 3510 explicat.
3188 3432 3326 3511 7—47.
3365 3428 3710 3511 Generatio-

376 3508 508 3591 nem
554 3521 613 3571 et
631 3508 1068 3591 corruptionem
1097 3508 1398 3582 describit,
1423 3508 1758 3591 probatque
1785 3508 2178 3591 neutramove'l
2205 3518 2424 3569 motum
2453 3510 2546 3570 vel
2583 3508 2854 3591 quietem
2868 3508 2999 3584 esse,
3062 3519 3120 3570 et
3168 3508 3422 3591 denique
3468 3508 3714 3591 ostendit

374 3590 520 3682 ipsis
548 3611 678 3682 cum
707 3589 1057 3682 mutationes
1088 3599 1314 3682 tantum
1341 3589 1898 3682 δι’νξτρμεταῐϐλησίαν
1931 3609 1957 3682 a

2067 3589 2261 3682 ’ogam
2276 3591 2466 3682 quieti
2488 3589 3138 3682 opponif—“Postquam
3155 3589 3434 3682 bactenus
3461 3589 3717 3682 absolvit

374 3610 520 3730 ἔξω
548 3611 678 3652 cum
707 3610 1057 3653 mutationes
1088 3610 1314 3651 tantum
1341 3610 1898 3670 ειητ,αμεταολησιαν
1931 3610 2247 3669 anaiogam
2276 3610 2458 3682 quieti
2488 3610 3138 3671 opponi.——rostquam
3155 3610 3434 3650 nactenus
3461 3610 3717 3651 aosotvii

417 3691 448 3731 e
475 3671 834 3763 muttonibus
849 3670 1356 3763 substantialibus,
1392 3669 1464 3731 de
1489 3672 1866 3763 generatione
1899 3679 1963 3730 et
2017 3679 2398 3763 corruptione
2444 3671 2842 3763 substantiali.
2867 3673 3004 3749 jam
3042 3671 3299 3763 'incipit.
3337 3669 3617 3730 disserere
3646 3669 3717 3763 de

375 3751 804 3813 mutationibus
833 3751 1150 3814 secundum
1180 3752 1487 3825 accidens;
1513 3751 1802 3832 quomodo
1833 3750 2256 3830 augmentatio,
2286 3753 2588 3829 generatio
2634 3751 2918 3832 quaedam
2945 3771 2959 3812 :
3015 3750 3374 3832 diminutio,_
3412 3751 3717 3831 corruptio

373 3832 645 3922 quaedam
669 3832 1044 3922 ;_dealbatio,
1077 3833 1381 3922 generatio
1408 3829 1680 3922 quaédam
1705 3850 1719 3904 ;
1754 3829 2114 3922 denigratio,
2145 3833 2446 3922 corruptio
2475 3829 2742 3922 qiia’dam
2771 3832 2994 3922 dicitur
3018 3853 3032 3892 :
3067 3831 3176 3890 ubi
3200 3829 3474 3922 regulam
3490 3829 3712 3922 propo-

373 3909 486 3988 nit,
519 3912 708 3994 quod
761 3913 824 3994 in
852 3909 1120 3994 omnibus
1161 3909 1635 3994 pradicdmentis
1679 3909 1928 3972 mutatio
1961 3913 2022 3971 in
2039 3911 2281 3994 melius,
2309 3909 2612 3994 generatio
2633 3912 2742 3994 :in
2791 3911 3069 3994 deterius,
3097 3909 3401 3994 corruptio
3428 3909 3711 3994 dicatur;

374 3991 536 4074 quod
551 3990 840 4074 Exemplis
867 3990 1289 4074 probattrium
1314 3991 1931 4074 praedicamentorum,
1959 3991 2319 4074 substantia,
2349 3993 2706 4074 quantitatis
2736 4001 2790 4051 et
2820 3990 3126 4074 qualitatis
3152 4010 3172 4049 :
3198 3991 3545 4074 praicisione
3575 3999 3707 4074 tan—

373 4069 504 4134 dem
524 4069 909 4154 utens,'quo'd
937 4073 1125 4154 omnis
1153 4069 1390 4133 secretio
1418 4073 1741 4154 generatio,
1775 4071 2065 4154 concretio
2087 4069 2395 4154 corruptio
2418 4072 2546 4154 sit
2591 4073 2730 4151 quia
2774 4069 3056 4154 nimirum
3094 4069 3304 4154 melior
3329 4077 3418 4154 cst
3469 4072 3711 4132 secretio

373 4149 776 4235 concretione,
788 4173 918 4214 cum
947 4151 1180 4235 quidem
1210 4154 1385 4212 etiam
1407 4149 1480 4235 in
1501 4151 1769 4212 omnibus
1798 4150 2019 4235 enti'bus
2048 4149 2616 4235 melius—etdeterius
2630 4232 2638 4235 _
2657 4152 3013 4235 reperiatur,
3076 4159 3157 4235 ut_
3188 4149 3712 4235 Pythagoreorum

372 4234 553 4295 etiam
573 4235 932 4296 auctoritate
952 4229 1208 4295 constat.
1241 4265 1320 4276 —
1348 4235 1406 4293 6.
1438 4232 1614 4293 Docet
1643 4231 1878 4311 quando
1908 4231 2020 4312 ﬁat
2045 4232 2349 4312 generatio
2379 4229 2733 4312 simpliciter
2758 4231 2910 4312 (quas
2937 4229 3261 4312 secundum
3272 4229 3710 4312 praedicamen-

373 4323 438 4376 ta
463 4315 547 4394 sic
577 4315 817 4387 dicitur,
850 4333 970 4374 non
1000 4331 1129 4394 quae
1149 4313 1388 4394 ratione
1407 4309 1666 4394 melioris
1721 4318 1818 4372 σθ
1850 4309 1934 4394 i_ta
1958 4309 2342 4394 appellatur);
2379 4320 2434 4372 et
2453 4309 2689 4394 quando
2721 4309 2839 4394 non
2865 4311 2999 4391 fiat,
3032 4309 3135 4394 sed
3175 4311 3478 4394 generatio
3505 4311 3712 4372 saltem

371 4393 642 4475 quaedam
671 4394 762 4456 vel
785 4390 1188 4475 augmentatio
1218 4391 1307 4452 vel
1317 4391 1616 4475 alteratio.
1651 4427 1730 4475 5—
1757 4396 1791 4449 7
1840 4390 2200 4475 Exemplum
2255 4390 2753 4475 augmentationis
2789 4390 3160 4475 preponitin
3212 4390 3535 4475 ignicujus
3566 4410 3712 4475 aug-

370 4469 789 4538 inentationem
819 4469 1008 4536 abiter
1035 4472 1346 4551 distinguit
1371 4489 1409 4534 a
1431 4473 1810 4552 generatione
1827 4481 1882 4532 et
1912 4469 2230 4533 accessione
2260 4469 2415 4552 ignis
2438 4493 2460 4540 ,°
2515 4481 2572 4531 et
2598 4492 2717 4532 non
2773 4469 3006 4532 tantum
3064 4471 3123 4529 in
3148 4469 3315 4552 ratiis
3356 4469 3706 4552 inanimali:

371 4556 460 4617 ita
484 4575 544 4617 se
573 4555 788 4617 habere
822 4549 1354 4634 augmentatio'nem
1381 4549 1656 4634 ostendit,
1686 4551 1788 4613 sed
1806 4553 1984 4613 etiam
2013 4553 2074 4612 in
2121 4549 2419 4634 animatis,
2493 4561 2548 4612 et
2585 4551 3082 4634 augmentationis
3111 4549 3271 4611 illius
3303 4549 3562 4634 modum
3594 4551 3711 4634 ode-7

371 4637 596 4710 elarat,
628 4637 880 4717 itemque
906 4631 1194 4717 opposita
1217 4633 1667 4717 diminutionis;
1701 4642 1757 4693 et
1779 4641 2066 4712 praeterea
2121 4633 2322 4717 docet,_
2341 4651 2447 4717 nec
2474 4631 2636 4712 quod
2659 4632 2909 4717 discedit
2929 4651 2972 4717 _a
2999 4649 3261 4717 corpore,
3286 4632 3475 4717 ipsum
3516 4631 3716 4692 minui

370 4735 480 4806 nec
506 4715 669 4798 quod
693 4711 958 4806 accedit;
978 4711 1212 4795 augeri.
1244 4715 1464 4806 quippe
1485 4711 1944 4806 ἐμπνευμάτιφσὶς
1976 4731 2094 4772 non
2141 4722 2222 4772 est
2234 4712 2363 4806 cibi
2384 4711 2810 4806 auginentatio,
2841 4711 2946 4773 sed
2969 4711 3268 4806 corruptio
3290 4731 3314 4779 ;
3342 4711 3580 4792 insuper
3608 4731 3716 4774 ex-

367 4791 564 4884 plicat
579 4795 868 4884 quomodo
899 4791 1301 4884 augmentatio
1329 4791 1405 4856 ab
1434 4791 1781 4884 alteratione
1808 4793 2092 4872 differat;
2110 4811 2180 4854 ac
2209 4793 2455 4884 denique
2485 4793 2840 4884 determinat
2869 4791 3159 4884 quomodo
3189 4810 3306 4852 non
3337 4800 3566 4884 tantum
3596 4813 3712 4884 nu_-

376 4873 542 4939 tritio
587 4873 697 4938 sed
721 4887 779 4938 et
804 4873 1201 4957 augmentatio
1227 4875 1450 4957 ﬁat,_et
1477 4875 1714 4955 quando
1741 4883 1971 4957 tantum
1999 4873 2420 4957 augmentatio,
2445 4873 2685 4957 quando
2714 4873 2966 4932 nutritio
2995 4880 3050 4932 et
3077 4873 3484 4957 augmentatio
3510 4873 3711 4933 simul.

373 4991 453 5002 —
480 4960 541 5019 8.
573 4958 854 5020 Breviter
869 4952 1110 5037 subjicit
1131 4952 1680 5037 inprwdicamento
1709 4953 1816 5037 ubi
1842 4955 1903 5014 in
1921 4953 2351 5037 mutationibus
2381 4952 2826 5037 localibus,quae
2853 4953 3255 5037 generationes
3283 4952 3716 5037 quadamquai

370 5047 580 5101 contra
610 5033 1018 5119 corruptiones
1040 5033 1312 5118 quadam
1332 5033 1631 5097 dicantur:
1665 5036 1822 5096 sicut
1845 5035 2024 5096 etiam
2052 5052 2234 5115 supra
2256 5035 2319 5094 in
2347 5034 2484 5095 aliis
2505 5033 2977 5115 praedicamentis
2996 5033 3350 5114 explicatum
3373 5034 3518 5113 fuit.

2689 5245 2919 5302 CAPUT
2949 5245 3050 5303 VI.

2413 5335 2488 5390 De
2514 5336 2868 5407 generatione
2891 5343 2942 5391 et
2970 5336 3356 5406 corruptione.

2132 5426 2184 5478 1.
2211 5423 2519 5480 Generatio
2559 5428 2617 5479 et
2660 5423 2954 5496 corruptio
3003 5427 3199 5479 motus
3255 5439 3370 5478 non
3402 5426 3542 5479 sunt
3589 5440 3723 5495 pro-

2062 5513 2208 5585 prie,
2241 5513 2343 5568 sed
2391 5517 2623 5568 tantum
2672 5514 3050 5568 mutationes.
3103 5511 3346 5567 Mutatio
3403 5517 3600 5568 autem
3631 5517 3722 5569 est

2063 5602 2349 5658 transitus
2380 5603 2451 5657 ab
2483 5601 2595 5657 alio
2627 5602 2684 5656 in
2719 5602 2874 5656 aliud
2909 5603 2975 5658 93.
3009 5602 3231 5656 Nomen
3263 5600 3421 5656 enim
3450 5605 3720 5657 Graecum

2063 5692 2100 5759 ἡ
2137 5685 2388 5762 μταϐολὴ
2450 5691 2610 5746 aliud
2668 5695 2800 5762 post
2857 5691 3014 5747 aliud
3048 5690 3340 5746 declarat:
3374 5695 3440 5745 ut
3492 5711 3554 5742 το
3589 5691 3723 5761 μετὰ

2066 5780 2381 5854 signiﬁcet,
2413 5797 2601 5836 unum
2635 5780 2693 5834 in
2727 5781 3052 5837 mutatione
3087 5782 3181 5836 ’17
3235 5780 3419 5852 prius,
3468 5779 3719 5836 alterum

943 5247 1297 5316 ΚΕΦΑΛ.ζ.

711 5336 843 5414 Περὶ
872 5335 1126 5414 γενέσεως
1158 5336 1250 5390 καὶ
1297 5338 1522 5412 φθορᾶς,

357 5428 423 5487 α’.
455 5429 518 5484 Ἡ
567 5428 778 5504 γένεσις
817 5427 908 5483 καὶ
956 5429 991 5496 ἡ
1044 5425 1218 5504 φθορὰ
1262 5425 1504 5495 κινήσεις
1553 5423 1654 5479 οὐκ
1702 5421 1803 5478 εἰσὶ
1852 5443 1948 5476 κυ-

282 5515 441 5594 ρίως,
469 5515 618 5573 ἀλλὰ
649 5515 812 5590 μόνον
849 5509 1166 5590 μεταϐολαί.
1201 5508 1499 5582 Μεταϐολή
1535 5510 1592 5568 δέ
1625 5512 1734 5568 ἐστι
1786 5510 1947 5584 μετά-

284 5601 444 5669 ϐασις
471 5607 563 5662 ἀπ’
595 5603 769 5661 ἄλλου
800 5607 876 5668 εἰς
926 5601 1090 5660 ἄλλο.
1135 5604 1204 5657 Τὸ
1251 5603 1353 5679 γὰρ
1404 5597 1584 5675 ὄνομα
1629 5605 1728 5670 τῆς
1789 5621 1950 5674 μετα-

287 5690 469 5764 ϐολῆς
498 5693 641 5752 ἄλλο
676 5701 790 5770 μετ’
819 5693 960 5751 ἄλλο
993 5691 1180 5765 δηλοῖ,
1229 5697 1328 5747 τοῦ
1379 5691 1516 5766 μετὰ
1567 5691 1952 5765 σημαίνοντος,

291 5784 380 5842 ὅτι
427 5785 490 5840 τὸ
549 5785 644 5860 μὲν
693 5783 957 5862 πρότερόν
1010 5783 1150 5839 ἐστιν
1198 5783 1249 5838 ἐν
1303 5785 1370 5856 τῇ
1433 5776 1737 5856 μεταϐολῇ,
1789 5780 1850 5834 τὸ
1909 5777 1954 5833 δ’

368 5912 415 5950 ⁸³
436 5913 465 5971 1
488 5912 606 5973 Deo
628 5915 761 5972 ortu
788 5915 847 5972 et
873 5910 1136 5970 interitu.
1170 5926 1222 5978 ο,
1251 5910 1308 5966 3.
1408 5909 1452 5946 ⁹³
1478 5908 1513 5964 3
1542 5907 1717 5981 Phys.
1751 5924 1803 5978 c,
1833 5909 1890 5977 2,
1917 5910 1962 5962 t.
1993 5907 2048 5960 7.
