4094 6420
363 413 524 479 1079

1618 415 2049 479 NICEPHORI
2091 416 2533 480 BLEMMIDJE

3629 375 3797 492 ioso

365 565 659 640 posterius
690 580 838 622 esse.
875 565 1044 622 Prius
1075 566 1312 638 quidem
1343 567 1453 623 hoc
1484 584 1550 623 ex
1582 585 1696 640 quo
1754 571 2019 623 mutatur

2154 547 2375 640 ίστερον·
2409 549 2671 627 πρότερον
2711 553 2804 626 μὲν
2833 553 2898 608 τὸ
2927 553 2979 624 ἐξ
3010 552 3074 608 οῦ
3127 549 3462 628 μεταϐάλλει
3511 558 3574 612 τὸ
3626 579 3792 631 μετα-

365 656 424 712 id
458 656 616 728 quod
647 659 912 712 mutatur
941 676 956 724 :,
987 655 1286 728 posterius
1314 673 1472 728 vero,
1507 657 1564 711 in
1616 658 1770 728 quod
1803 660 2016 728 [muta-

366 747 508 817 tur].
543 745 960 801 Consideratur
991 762 1162 816 porro
1197 747 1441 802 mutatio
1471 746 1531 800 in
1563 745 2021 802 contradictione

367 839 428 891 et
455 834 516 890 in
547 833 856 890 contrariis
879 835 1210 906 speciebus,
1244 851 1377 890 cum
1410 835 1528 890 illis
1568 853 1694 907 quae
1726 834 2017 908 simplici-

367 928 460 982 ter
488 926 627 979 sunt
655 923 980 991 contrariae,
1016 923 1126 979 hoc
1147 928 1238 979 est
1267 928 1534 980 extremae
1559 942 1572 990 ;
1619 924 1824 996 quales
1883 927 2024 980 sunt

371 1012 571 1070 album
603 1016 663 1068 et
691 1013 964 1084 nigrum;
995 1016 1124 1068 tum
1156 1012 1229 1068 iis
1260 1030 1386 1084 quae
1420 1015 1852 1085 quodammodo
1883 1016 2024 1069 sunt

369 1101 696 1171 contrariae,
731 1101 840 1157 hoc
872 1105 961 1157 est
989 1101 1354 1158 intermediaa
1387 1103 1451 1156 9‘.
1512 1103 1675 1168 Quod
1734 1103 1892 1158 enim
1931 1101 2022 1157 in-

366 1190 724 1247 termedium
782 1193 890 1260 est,
951 1189 1228 1246 contrarii
1272 1191 1557 1246 rationem
1601 1191 1674 1245 ad
1706 1195 2025 1261 utrumque

365 1283 758 1338 extremorum
807 1278 1067 1335 obtinet:
1123 1279 1282 1334 velut
1314 1280 1514 1336 minus
1575 1279 1777 1336 album
1837 1280 1909 1335 ad
1933 1279 2022 1334 ni-

366 1385 540 1444 grum
571 1368 810 1442 quidem
841 1372 930 1423 est
959 1368 1182 1434 album,
1215 1370 1317 1425 sed
1350 1371 1421 1425 ad
1456 1369 1647 1443 magis
1679 1369 1880 1425 album
1935 1369 2023 1424 ni-

367 1474 539 1532 grum
560 1461 670 1514 est.
702 1457 866 1530 Nigri
889 1457 1046 1512 enim
1078 1457 1355 1513 mistione
1387 1458 1585 1514 minus
1641 1457 1842 1513 album
1887 1457 2026 1513 obo-

365 1547 536 1604 ritur.
560 1547 871 1619 Propterea
898 1545 1076 1602 etiam
1103 1563 1239 1604 cum
1267 1547 1326 1602 id
1361 1548 1518 1619 quod
1567 1547 1766 1604 minus
1825 1545 2025 1602 album

367 1641 460 1694 est
485 1635 545 1692 in
576 1636 767 1709 magis
796 1635 999 1691 album
1033 1639 1319 1707 mutatur,
1349 1641 1636 1708 tanquam
1661 1653 1730 1691 ex
1772 1635 1940 1708 nigro
1965 1635 2027 1690 in

373 1725 573 1783 album
602 1724 669 1780 ﬁt
699 1724 970 1781 mutatio.
1005 1725 1167 1791 Quod
1203 1724 1360 1781 enim
1378 1725 1578 1781 minus
1599 1725 1800 1780 album
1822 1729 1914 1780 est
1934 1741 2027 1780 ra-

371 1814 530 1872 tione
549 1813 905 1886 nigredinis,
938 1830 1065 1886 quae
1095 1813 1210 1886 ipsi
1248 1815 1420 1883 inest,
1454 1815 1515 1870 in
1574 1815 1764 1888 magis
1824 1813 2025 1870 album

2129 633 2360 694 ϐάλλον·
2393 640 2613 716 ὕστερον
2666 640 2724 697 δὲ
2750 643 2815 698 τὸ
2865 644 2940 705 είς
2973 642 3022 702 ὅ.
3056 649 3347 720 Θεωρεῖται
3382 643 3468 716 δ’ἡ
3508 644 3792 720 μεταϐολή

2130 728 2182 783 ἐν
2237 729 2508 807 ἀντιφάσει
2572 732 2665 786 καὶ
2719 732 2769 786 ἐν
2827 738 2946 794 τοῖς
3007 731 3266 797 ἐναντίοις
3323 732 3510 808 εἴδεσι,
3569 743 3689 800 τοῖς
3734 760 3797 794 τε

2129 815 2324 881 ἅπλῶς
2355 817 2638 889 ἐναντίοις,
2665 817 2838 896 ἤγουν
2867 827 2986 884 τοῖς
3033 823 3243 898 ἄκροις,
3279 825 3443 879 ὁποῖα
3486 827 3551 880 τὸ
3597 824 3792 882 λευκὸν

2129 906 2312 975 καὶτὸ
2365 906 2562 988 μέλαν·-
2603 910 2693 964 καὶ
2741 915 2857 972 τοῖς
2894 913 2975 980 πῆ
3025 911 3306 985 ἐναντίοις,
3355 912 3480 983 ἤτοι
3527 921 3646 978 τοῖς
3699 937 3795 989 με·

2129 996 2278 1066 ταξύ.
2337 998 2406 1051 Τὸ
2459 999 2559 1074 γάρ
2619 998 2814 1072 μεταξὺ
2870 1000 2962 1054 τὸν
3015 1005 3114 1055 τοῦ
3172 1001 3408 1057 ἐναντίου
3458 1001 3622 1081 λόγον
3673 1001 3795 1081 ἔχει

2131 1088 2268 1162 πρὸς
2326 1086 2572 1160 ἑκάτερον
2629 1093 2738 1142 τῶν
2799 1085 2979 1166 ἄκρων
3009 1107 3022 1122 ⁸
3086 1091 3199 1146 οἷον
3254 1091 3316 1146 τὸ
3373 1094 3535 1160 ἧττον
3597 1092 3793 1149 λευκὸν

2132 1175 2269 1251 πρὸς
2309 1178 2402 1259 μὲν
2449 1177 2512 1231 τὸ
2567 1175 2736 1250 μέὶαν
2788 1175 2980 1234 λευκόν
3030 1179 3162 1234 ἐστι·
3219 1179 3387 1253 μέλαν
3437 1178 3495 1236 δὲ
3541 1184 3678 1258 πρὸς
3729 1184 3798 1239 τὸ

2137 1262 2350 1337 μᾶλλον
2405 1263 2598 1320 λευκόν
2637 1309 2652 1322 .
2691 1265 2845 1337 Μίξει
2886 1266 2990 1342 γὰρ
3037 1272 3135 1323 τοῦ
3197 1266 3432 1342 μέλανος
3477 1269 3684 1345 γίνεται
3731 1272 3801 1327 τὸ

2133 1356 2296 1422 ἧττον
2353 1351 2569 1412 λευκόν.
2602 1355 2696 1410 Διὸ
2754 1356 2845 1410 καὶ
2901 1355 3027 1412 ὅταν
3077 1357 3153 1420 εἷς
3210 1357 3272 1412 τό
3326 1357 3538 1432 μᾶλλον
3601 1360 3797 1416 λευκὸν

2139 1438 2457 1517 μεταϐάλλῃ
2485 1443 2549 1498 τὸ
2605 1445 2769 1514 ἧττον
2829 1443 3044 1518 λευκὸν,
3099 1446 3174 1509 ὡς
3225 1445 3286 1501 ἐκ
3317 1445 3551 1521 μέλανος
3592 1448 3803 1524 γίνεται

2135 1533 2272 1608 πρὸς
2321 1533 2383 1586 τό
2434 1529 2626 1588 λευκὸν
2673 1536 2710 1604 ἡ
2764 1529 3069 1608 μεταϐολή.
3116 1536 3186 1591 Τὸ
3224 1536 3328 1613 γὰρ
3374 1537 3539 1606 ἧττον
3602 1537 3801 1594 λευκὸν

2133 1623 2270 1676 κατὰ
2296 1621 2360 1676 τὸ
2387 1619 2439 1676 ἐν
2487 1621 2635 1694 αὐτῷ
2687 1617 2857 1695 μέλαν
2915 1618 3251 1696 μεταϐάλλει
3291 1626 3428 1702 πρὸς
3476 1627 3539 1680 τὸ
3581 1624 3801 1700 μᾶλλον

2137 1709 2326 1766 λευκόν
2380 1756 2391 1768 .
2451 1713 2606 1766 Ὅθεν
2672 1711 2762 1766 καὶ
2843 1713 3037 1787 μερική
3102 1712 3307 1788 γίνεται
3376 1717 3411 1784 ἡ
3488 1711 3800 1788 μεταϐολή.

2135 1798 2408 1862 Ὡσαύτως
2465 1799 2556 1855 καὶ
2615 1798 2705 1855 ὅτε
2753 1801 2815 1855 τὸ
2877 1799 3090 1873 μᾶλλον
3151 1800 3342 1858 λευκὸν
3403 1802 3480 1866 εἷς
3531 1804 3595 1859 τὸ
3633 1808 3802 1875 ἧττον

375 1883 658 1958 mutatur.
691 1901 856 1958 Unde
878 1883 1057 1958 etiam
1082 1883 1338 1973 quadam
1367 1905 1602 1957 tantum
1624 1883 1703 1957 εί
1709 1905 1872 1974 parte
1903 1902 2028 1969 [seu

2154 1883 2498 1990 istaGaiiisLn
2532 1888 2723 1990 λευκὸν
2762 1933 2776 1961 ,
2834 1889 2910 1952 ὡς
2953 1890 3013 1945 ἐκ
3045 1889 3242 1946 λευκοῦ
3270 1891 3408 1968 πρὸς
3441 1893 3610 1966 μέλαν
3654 1894 3803 1971 γίνε-

375 1990 770 2065 particularis]
818 1991 885 2046 fit
931 1971 1180 2047 mutatio
1231 1991 1293 2046 9⁵.
1353 1991 1567 2046 Eodem
1621 1971 1799 2045 etiam
1855 1989 2029 2045 modo

2154 1978 2227 2034 ταὶ
2258 1981 2293 2048 ἡ
2329 1971 2631 2065 μεταϐολὴ.
2665 1978 2810 2054 Πρὸς
2859 1980 2964 2055 γὰρ
3015 1977 3066 2034 ἐν
3095 1983 3176 2050 τῷ
3229 1978 3418 2048 ἥττονι
3469 1978 3651 2054 λευκῷ
3701 1983 3801 2055 μέ-

379 2063 616 2154 quando
642 2079 702 2136 id
735 2081 890 2152 quod
923 2080 1116 2152 magis
1146 2083 1237 2136 est
1265 2079 1469 2135 album
1497 2079 1562 2135 in
1597 2079 1798 2136 minus
1828 2079 2030 2134 album

2154 2071 2241 2123 kav
2275 2063 2606 2142 μεταϐάλλει
2633 2077 2686 2122 τι
2713 2072 2812 2122 τοῦ
2859 2067 3070 2142 μᾶλλον
3125 2067 3342 2124 λευκοῦ.
3395 2071 3494 2124 Διά
3517 2091 3604 2125 τοι
3634 2076 3802 2127 τοῦτο

378 2173 666 2236 mutatur,
697 2172 983 2240 tanquam
1010 2184 1078 2224 ex
1107 2169 1238 2226 albo
1260 2169 1322 2224 in
1352 2168 1585 2242 nigrum
1637 2168 1704 2224 ﬁt
1759 2167 2029 2224 mutatio.

2154 2161 2180 2228 ἡ
2231 2156 2292 2213 ἐκ
2335 2161 2443 2213 τῶν
2507 2156 2703 2230 μεταξὺ
2750 2157 2886 2231 πρὸς
2927 2157 2996 2212 τὰ
3039 2157 3235 2232 μεταξὺ
3279 2154 3562 2232 μεταϐολὴ
3589 2167 3667 2231 πῆ
3703 2160 3807 2216 λέ-

379 2258 445 2314 In
474 2256 843 2331 nigredinem
867 2257 1025 2313 enim
1057 2275 1183 2330 quas
1213 2258 1273 2312 in
1296 2257 1494 2314 minus
1517 2258 1647 2313 albo
1671 2257 1842 2327 est,id
1875 2256 2031 2328 quod

2154 2265 2312 2324 γεται·
2370 2248 2406 2316 ἡ
2466 2243 2512 2300 δ’
2572 2246 2632 2300 ἐκ
2684 2249 2792 2301 τῶν
2849 2247 3027 2323 ἄκρων
3083 2245 3272 2310 ἁπλῶς
3319 2248 3566 2304 καλεῖται
3635 2270 3802 2322 μετα-

379 2347 570 2419 magis
599 2346 801 2403 album
832 2350 941 2416 est,
974 2363 1044 2403 ex
1073 2350 1237 2419 parte
1284 2351 1568 2403 mutatur.
1625 2348 1704 2402 Ae
1772 2363 1902 2403 eam
1963 2345 2034 2402 ob
2147 2331 2314 2406 ϐολή-

381 2452 620 2493 eausam
651 2436 898 2493 mutatio
929 2453 1057 2508 quae
1101 2452 1172 2492 ex
1217 2436 1583 2492 intermediis
1633 2437 1707 2492 ad
1761 2436 1858 2492 78
1889 2429 2251 2491 intermedia
2278 2428 2344 2484 ﬁt
2397 2427 2654 2500 quadam
2684 2430 2944 2499 exparte
3000 2425 3252 2484 dicitur:
3294 2444 3425 2500 qua:
3481 2433 3676 2486 autem
3736 2447 3808 2487 ex

380 2525 658 2586 extremis
686 2524 773 2596 ﬁt,
807 2525 1152 2597 simpliciier
1181 2525 1428 2581 mutatio
1485 2528 1742 2582 vocatur.

451 2615 507 2669 2.
537 2613 822 2671 Cmterum
852 2616 895 2650 ⁸⁸
920 2613 1100 2670 latius
1125 2617 1286 2687 patét
1313 2615 1563 2671 mutatio
1595 2630 1775 2685 quam
1819 2617 2034 2669 motus.

385 2703 603 2760 Omnes
631 2703 788 2761 enim
818 2703 892 2760 ab
920 2720 987 2759 eo
1017 2704 1172 2775 quod
1208 2704 1468 2776 potentia
1499 2708 1590 2760 est
1621 2705 1693 2759 ad
1745 2707 1878 2758 actu
1910 2719 2039 2758 esse

389 2793 798 2866 progessiones
828 2797 1102 2850 manente
1121 2793 1358 2848 interim
1418 2793 1576 2864 quod
1637 2796 1726 2848 est
1781 2792 2041 2864 potentia

391 2897 543 2952 esse,
571 2882 929 2938 mutationes
957 2886 1118 2938 sunt.
1142 2882 1361 2938 Verum
1387 2898 1456 2938 ex
1483 2881 1576 2937 his
1607 2881 1724 2937 illae
1746 2898 1873 2953 quae
1895 2881 2042 2937 dun-

392 2974 552 3029 taxat
581 2986 650 3026 ex
690 2972 1220 3042 quomodocunque
1275 2970 1586 3027 contrariis
1644 2970 1950 3043 speciebus
1979 2970 2041 3025 in

394 3060 721 3118 contrarias
749 3059 972 3132 species
1001 3059 1380 3117 transitiones
1430 3064 1569 3116 sunt
1625 3063 1965 3116 remanente
1988 3064 2045 3115 et

396 3149 785 3207 mutationem
807 3149 1133 3206 sustinente
1164 3150 1450 3221 subjecto.
1481 3149 1569 3204 hae
1602 3149 1792 3222 magis
1813 3148 2046 3222 proprie

397 3242 594 3296 motus
624 3238 1027 3295 nominantur.
1089 3240 1225 3303 Quae
1275 3242 1472 3294 autem
1530 3256 1647 3296 non
1707 3242 2047 3295 remanente

395 3328 659 3399 subjecto
689 3327 733 3362 ⁸⁷
762 3327 883 3384 sive
912 3342 982 3382 ex
1010 3326 1320 3384 contrariis
1362 3327 1676 3400 speciebus
1707 3329 1768 3383 in
1822 3331 2048 3384 contra-

396 3417 516 3473 rias
545 3415 769 3489 species
798 3419 1126 3487 transeunt,
1165 3417 1288 3473 sive
1317 3434 1434 3473 non
1466 3433 1535 3473 ex
1565 3417 1875 3474 contrariis
1916 3432 2048 3489 spe-

397 3506 598 3562 ciebus
628 3504 690 3560 in
721 3505 1067 3573 contrarias,
1097 3507 1200 3562 sed
1231 3522 1336 3578 per
1369 3505 1802 3578 prolapsionem
1858 3510 1916 3562 et
1947 3506 2049 3561 ab-

397 3595 648 3653 sentiam
679 3593 922 3651 alterius
951 3595 1280 3667 specierum
1311 3595 1689 3652 manifestam
1734 3595 2052 3652 contrarie-

397 3687 580 3740 tatem
608 3683 827 3740 habent
855 3683 918 3739 in
945 3683 1021 3740 iis
1051 3700 1120 3740 ex
1150 3684 1368 3755 quibus
1417 3689 1477 3740 et
1516 3684 1577 3740 in
1637 3701 1766 3757 quas
1826 3687 2056 3740 mutan-

397 3777 498 3830 tur
524 3773 587 3841 97,
620 3772 708 3828 his
740 3773 973 3846 proprie
1001 3773 1288 3829 duntaxat
1333 3773 1691 3830 mutationes
1747 3777 2051 3841 vocantur,

400 3879 518 3920 non
549 3865 769 3933 motus,
799 3878 928 3934 quas
957 3865 1097 3918 sunt
1126 3862 1426 3935 generatio
1455 3866 1514 3919 et
1571 3863 1891 3935 corruptio,
1925 3879 2054 3934 quae

402 3952 730 4008 secundum
749 3951 1150 4008 substantiam
1168 3953 1526 4008 mutationes
1549 3955 1706 4008 sunt.
1731 3952 2056 4008 Generatur

402 4040 560 4098 enim
587 4040 644 4097 id
676 4041 834 4112 quod
859 4045 1194 4112 generatur,
1235 4045 1294 4097 et
1352 4041 1752 4113 corrumpitur
1780 4042 1839 4096 id
1898 4041 2054 4112 quod

401 4129 799 4202 corrumpitur
854 4145 923 4184 ex
963 4129 1252 4186 contrario
1338 4131 1398 4185 in
1487 4129 1867 4198 contrarium,
1936 4129 2056 4186 sive

403 4223 727 4291 utrumque
765 4218 842 4274 sit
872 4219 1244 4290 species,sive
1265 4219 1516 4276 alterum
1540 4219 1618 4275 sit
1645 4218 1888 4274 alterius
1918 4234 2056 4288 pro-

402 4306 612 4379 lapsio.
643 4307 844 4378 Neque
873 4306 1030 4362 enim
1062 4307 1222 4362 omni
1238 4307 1451 4379 speciei
1481 4307 1705 4379 species
1727 4307 2056 4362 necessario

402 4399 492 4454 est
521 4396 840 4455 contraria.
871 4397 1150 4460 Quasnam
1187 4397 1282 4451 79
1329 4397 1485 4452 enim
1545 4396 1777 4451 homini
1835 4395 2058 4467 species

403 4485 699 4541 contraria
726 4489 828 4540 aut
857 4484 1082 4541 musico
1113 4484 1306 4541 afferri
1337 4484 1558 4556 queat?
1583 4501 1717 4540 cum
1796 4483 2060 4540 absentia

407 4572 650 4631 alterius
695 4573 931 4646 speciei,
990 4573 1100 4630 hoc
1157 4577 1247 4629 est
1302 4573 1577 4645 privatio,
1626 4573 1843 4645 ubique
1896 4589 2057 4645 repe-

405 4661 612 4720 riatur.

2221 2609 2285 2682 β’.
2338 2608 2494 2660 Ἔστι
2543 2601 2590 2658 δ’
2642 2601 2900 2659 ἐπιπλέον
2951 2611 3053 2674 τῆς
3101 2603 3370 2678 κινήσεως
3415 2608 3450 2674 ἡ
3487 2601 3806 2679 μεταϐολή.

2148 2702 2317 2752 Πᾶσαι
2381 2695 2475 2768 μὲν
2531 2693 2635 2769 γὰρ
2692 2694 2748 2747 αἱ
2793 2693 2901 2748 ἀπὸ
2957 2698 3053 2748 τοῦ
3087 2692 3335 2768 δυνάμει’
3367 2695 3444 2757 εἷς
3472 2697 3536 2750 τὸ
3567 2695 3811 2773 ἐνεργείᾳ

2147 2782 2398 2862 πρόοδοι,
2435 2785 2688 2856 μένοντος
2740 2779 2816 2837 ἔτι
2860 2788 2956 2838 τοῦ
3006 2782 3250 2857 δυνάμει,
3309 2779 3609 2858 μεταϐολαί
3647 2786 3808 2862 εἰσιν,

2150 2873 2328 2932 Ἀλλὰ
2373 2872 2580 2928 τούτων
2633 2871 2754 2927 ὅσαι
2806 2874 2901 2946 μὲν
2956 2873 3120 2947 μόνον
3168 2873 3220 2944 ἐξ
3270 2873 3519 2929 ἐναντίων
3553 2876 3807 2931 ὁπωσοῦν

2151 2963 2308 3020 εἰδῶν
2360 2963 2437 3025 εἷς
2493 2961 2702 3017 ἐναντία
2732 2959 2849 3033 εἷ’δη
2903 2961 3242 3036 μετελεύσεις
3292 2963 3448 3032 εῗσὶν,
3500 2965 3807 3038 ὑπομένον-

2149 3075 2245 3116 τος
2271 3056 2369 3108 τοῦ
2421 3052 2775 3125 ὑποκειμένου
2815 3051 2906 3106 καὶ
2957 3046 3398 3124 μεταϐάλλοντος
3432 3096 3447 3122 ,
3503 3050 3660 3108 αὗται
3719 3075 3808 3109 κι-

2151 3145 2334 3214 νήσεις
2393 3141 2753 3215 ὀνομάζονται
2812 3141 3164 3217 κυριώτεροψ
3226 3139 3347 3196 ὅσαι
3405 3139 3484 3214 δὲ,
3528 3146 3628 3197 τοῦ
3678 3143 3812 3198 ὑπο-

2154 3230 2406 3304 κειμένου
2441 3231 2518 3303 μὴ
2569 3228 2960 3303 ὑπομένοντος,
3014 3226 3110 3284 εἰτ’
3157 3229 3208 3301 ἐξ
3239 3230 3494 3286 ἐναντίων
3542 3227 3703 3287 εἰδῶν
3738 3232 3818 3296 εἰς

2160 3319 2374 3376 ἐναντία
2407 3313 2815 3392 μεταϐαίνουσιν
2866 3316 3008 3390 εἷ’δη,
3059 3315 3166 3374 sicca
3212 3320 3288 3393 μὴ
3335 3318 3388 3391 ἐξ
3435 3319 3688 3376 ἐναντίων
3740 3321 3818 3376 εἷ-

2164 3408 2268 3465 δῶν
2302 3408 2381 3471 εἷς
2413 3407 2628 3463 ἐναντία
2654 3405 2796 3479 εἴδη,
2829 3407 2976 3464 ἀλλὰ
3020 3409 3138 3462 κατ’
3186 3407 3501 3464 ἀπόπτωσιν
3532 3410 3624 3465 καὶ
3655 3410 3826 3466 ἀπου-

2164 3497 2280 3554 σίαν
2335 3495 2561 3573 θατέρου
2617 3498 2771 3570 (τῶν)
2831 3495 2990 3551 εἰδῶν
3051 3496 3457 3576 ἐμφαινομένην
3516 3501 3617 3568 τὴν
3671 3499 3825 3555 ἐναν-

2160 3588 2348 3643 τίωσιν
2395 3584 2638 3662 ἔχουσιν,
2685 3585 2737 3640 ἐν
2768 3591 2887 3648 τοῖς
2935 3584 2987 3656 ἐξ
3017 3586 3092 3640 ὧν
3122 3585 3212 3640 καὶ
3261 3585 3337 3648 εἲς
3382 3586 3415 3641 ἃ
3448 3583 3831 3660 μεταϐάλλου-

2163 3697 2268 3749 σιν,
2328 3676 2486 3730 αὗται
2542 3673 2834 3730 καλοῦνται
2873 3670 3173 3748 μεταϐολαὶ
3227 3675 3387 3748 μόνον
3435 3677 3667 3754 κυρίως,
3697 3677 3831 3734 ἀλλ’

2164 3764 2227 3819 οὗ
2283 3766 2542 3835 κινήσεις,
2604 3759 2804 3826 αἵτινές
2867 3764 2998 3819 εἰσιν
3043 3766 3079 3834 ἡ
3139 3764 3344 3840 γένεσις
3399 3765 3491 3820 καὶ
3537 3768 3572 3835 ἡ
3629 3769 3830 3845 φθορὰ,

2162 3855 2278 3909 κατ’
2319 3853 2500 3908 οὐσίαν
2535 3850 2691 3908 οὖσαι
2745 3848 3067 3928 μεταϐολαί.
3110 3854 3319 3909 Γίνεται
3351 3855 3455 3931 γὰρ
3500 3855 3564 3909 τὸ
3600 3854 3832 3931 γινόμε-

2161 3965 2250 3999 νον
2307 3943 2397 3999 καὶ
2456 3942 2727 4022 φθείρεται
2786 3943 2849 3998 τὸ
2917 3942 3272 4021 φθειρόμενον
3333 3942 3386 4015 ἐξ
3444 3943 3687 3999 ἐναντίου
3746 3945 3833 4010 εἷς

2162 4033 2422 4103 ἐναντίον,
2481 4029 2590 4088 site
2645 4031 2776 4107 (καὶ)
2830 4031 3151 4110 ἀμφοτέρων
3210 4027 3380 4088 ὄντων
3449 4030 3606 4088 εἰδῶν
3639 4079 3654 4106 ,
3715 4031 3833 4091 εἷ’τε

2163 4124 2389 4198 θατέρου
2447 4116 2602 4183 ὄντος
2660 4121 3027 4183 ἀποπτώσεως
3084 4125 3184 4176 τοῦ
3242 4119 3462 4178 λοιποῦ.
3519 4121 3592 4176 Οὐ
3635 4123 3738 4199 γὰρ
3774 4123 3832 4195 ἐξ

2168 4213 2406 4288 ἀνάγκης
2456 4207 2589 4266 εἷ’δει
2632 4211 2792 4266 παντί
2851 4207 2996 4273 εἶδος
3051 4208 3288 4265 ἐναντίον
3342 4209 3473 4268 ἐστί.
3504 4210 3565 4265 Τί
3613 4212 3720 4287 γὰρ
3747 4218 3836 4284 τῷ

2166 4301 2440 4377 ἀνθρώπῳ
2489 4300 2728 4355 ἐναντίον
2781 4297 2925 4362 εἶδος
2983 4295 3146 4355 ἔσοιτ’
3198 4299 3256 4354 ἂν
3306 4299 3343 4369 ἢ
3391 4304 3472 4372 τῷ
3517 4304 3763 4374 μουσικῷ
3813 4321 3830 4372 ;

2168 4389 2435 4447 Ἀπουσία
2478 4387 2537 4444 δὲ
2583 4389 2810 4465 θατέρου
2857 4385 3052 4460 εἷ’δους,
3105 4386 3277 4464 ἤγουν
3334 4391 3370 4458 ἡ
3419 4387 3695 4465 στέρησις,
3746 4389 3836 4444 εὗ-

2169 4479 2407 4556 ρίσκεται
2437 4482 2739 4553 πανταχοῦ.

2240 4571 2309 4644 γ’.
2344 4566 2523 4624 Ἀλλά
2567 4569 2700 4623 ποτὲ
2728 4567 2822 4641 μὲν
2853 4569 2889 4636 ἡ
2940 4565 3193 4642 στέρησις
3227 4566 3360 4640 μετὰ
3401 4564 3618 4622 τελείου
3649 4564 3832 4630 εἷ’δους

2170 4657 2307 4729 ἐστὶ,
2362 4655 2575 4720 νελείας
2623 4657 2720 4719 τὰς
2751 4655 2916 4711 αὐτοῦ
2960 4654 3278 4718 συστατικὰς
3329 4651 3630 4727 ποιότηιας
3668 4652 3834 4733 ἔχον-

479 4752 534 4807 3.
567 4751 680 4808 Sed
712 4751 1008 4811 interdum
1059 4750 1308 4823 privatio
1366 4767 1502 4807 cum
1556 4752 1812 4824 perfecta
1868 4750 2042 4824 specii

2167 4769 2284 4816 τος,
2316 4745 2497 4823 ὥσπερ
2527 4749 2563 4816 ἡ
2610 4745 2662 4801 ἐν
2714 4749 2794 4817 τῷ
2843 4742 2994 4800 ὕδατι
3045 4744 3296 4820 στέρησις
3336 4749 3434 4801 τοῦ
3475 4744 3649 4822 πυρὸς
3678 4746 3833 4802 σύνε-

410 4843 503 4898 est
529 4840 817 4913 perfectas
847 4857 946 4897 eas
977 4841 1193 4913 quibus
1224 4841 1603 4897 constituitur
1630 4841 1944 4912 qualitates
1960 4839 2061 4896 ha-

2169 4859 2252 4892 στι
2309 4841 2388 4908 τῷ
2444 4833 2572 4891 εἴδει
2613 4839 2710 4889 τοῦ
2769 4832 2966 4896 ὕδατος
3022 4832 3216 4906 τελείῳ
3272 4829 3406 4908 ὄντι,
3464 4833 3555 4889 καὶ
3609 4832 3832 4898 τελείας

409 4930 620 4986 bente:
657 4929 1156 5002 quemadmodum
1189 4929 1435 5002 privatio
1466 4930 1621 5002 ignis
1666 4947 1795 5002 quae
1825 4929 1887 4984 in
1909 4946 2042 5002 aqu:

2167 4925 2263 4988 τὰς
2297 4924 2349 4981 ἐν
2390 4924 2537 4997 αὗτῷ
2579 4924 2876 4995 ποιότητας
2919 4919 3128 5000 ἔχοντι,
3154 4924 3256 4992 τὴν
3299 4922 3626 5000 ψυχρότητα
3655 4921 3830 4995 δηλον

411 5021 502 5076 est
529 5018 708 5075 simul
739 5021 828 5076 est
852 5035 987 5074 cum
1019 5035 1182 5091 aqua;
1215 5021 1407 5092 specie
1435 5036 1562 5091 quae
1593 5019 1850 5090 perfecta
1878 5023 1968 5075 est
1996 5035 2063 5074 ac

2171 5015 2254 5069 ότι
2312 5015 2400 5069 καὶ
2459 5014 2558 5083 τὴν
2613 5013 2923 5089 ὑγρότητα,
2979 5014 3073 5075 τὰς
3105 5012 3346 5076 ἐναντίας
3392 5017 3512 5074 ταῖς
3565 5012 3830 5082 ποιότησι

411 5109 700 5181 perfectas
731 5124 870 5164 suas
902 5108 1220 5180 qualitates
1249 5110 1508 5166 obtinet:
1552 5109 1740 5181 frigus
1793 5108 2038 5164 videlice

2167 5108 2267 5158 τοῦ
2296 5103 2486 5180 πυρός.
2535 5104 2636 5157 Καὶ
2687 5100 2778 5157 διὰ
2819 5106 2982 5157 τοῦτο
3032 5102 3140 5175 (τὸ)
3177 5106 3285 5178 πῦρ
3337 5101 3399 5156 οὗ
3443 5101 3605 5175 μόνον
3639 5100 3698 5156 ἐκ
3726 5109 3830 5172 τῆς

409 5200 470 5254 et
488 5197 956 5270 bumorem,qua3
979 5198 1136 5272 ignis
1159 5198 1546 5271 qualitatibus
1571 5201 1712 5254 sunt
1735 5196 2059 5253 contrariae.

409 5287 490 5342 Ac
523 5291 834 5359 propterea
862 5287 1018 5360 ignis
1048 5304 1164 5343 non
1195 5292 1426 5344 tantum
1460 5303 1530 5343 ex
1558 5304 1668 5343 sua
1714 5286 2059 5359 privatione,

410 5375 513 5431 sed
571 5374 748 5432 etiam
805 5391 874 5432 ex
931 5378 1225 5433 contraria
1281 5377 1394 5434 sibi
1443 5376 1636 5449 specie
1665 5375 1792 5431 ﬁeri
1823 5375 2062 5444 dicitur,

408 5463 650 5529 Quando
682 5479 819 5520 vero
848 5481 984 5522 cum
1013 5466 1269 5538 perfecta
1299 5466 1492 5538 specie
1521 5482 1638 5521 non
1673 5463 1908 5521 exsistit
1938 5463 2063 5536 pri-

480 5695 515 5748 2
542 5697 789 5772 9‘:l"bys.
835 5715 888 5756 c.
918 5699 973 5756 2.
1006 5702 1049 5756 t.
1079 5701 1136 5770 7,
1192 5699 1247 5753 9.
1323 5698 1368 5733 9‘
1393 5699 1430 5754 5
1459 5699 1636 5772 Phys,
1670 5715 1719 5755 c.
1752 5699 1805 5768 1,
1838 5714 1877 5752 1.
1907 5697 1964 5751 6.

2179 5694 2355 5768 Phys.
2413 5711 2464 5750 ο.
2511 5695 2569 5764 2,
2627 5693 2670 5730 9⁷
2711 5692 2749 5748 5
2795 5691 2971 5764 Phys.
3031 5708 3082 5748 c.
3124 5692 3182 5760 2,
3240 5695 3284 5749 t.
3341 5691 3398 5749 8.

415 5781 464 5825 c.
492 5772 546 5825 2.
588 5771 626 5823 ι.
661 5770 714 5822 7.

2171 5192 2373 5255 οἰκείας
2444 5194 2748 5268 στερήσεως
2786 5237 2801 5261 ,
2851 5190 2997 5247 ἀλλᾶ
3044 5191 3148 5247 κάκ
3197 5195 3295 5247 τοῦ
3350 5190 3589 5246 ἐναντίου
3654 5191 3832 5263 ἑαυτῷ

2172 5278 2347 5344 εἴδους
2407 5281 2623 5357 λέγεται
2673 5279 2934 5357 γίνεσθαι.
2983 5283 3144 5336 Ὅταν
3201 5277 3260 5335 δὲ
3314 5281 3390 5353 μή
3446 5276 3575 5335 εἷ’δει
3631 5279 3830 5354 τελείῳ

3499 5689 3544 5726 ³⁸
3569 5689 3609 5746 5
3643 5689 3828 5762 Phys.
