4094 6444
399 437 555 500 1081

1718 435 2072 501 EPITOME
2113 435 2480 499 PHYSICA.

3649 434 3807 500 1082

399 567 718 646 συνυπάρχῃ
755 571 792 639 ἡ
843 569 1112 647 στέρησις,
1161 568 1288 625 ἀλλ’
1339 570 1512 644 ὑλικῷ
1566 591 1673 626 τινι
1723 567 2044 639 ἐπιτηδείως

2158 571 2333 638 vatio,
2365 571 2468 626 sed
2499 585 2633 625 cum
2683 568 2971 626 materiali
3018 568 3215 642 aliquo
3262 569 3337 625 ad
3389 585 3517 626 eam
3549 570 3804 642 speciem

400 655 586 734 ἔχοντι
626 655 870 728 δέξασθαι
916 659 980 714 τὸ
1033 656 1176 722 εἶδος
1221 660 1284 714 τὸ
1330 658 1691 732 ἀντικείμενον
1737 663 1803 733 τῇ
1851 660 2043 731 στερή-

397 768 499 819 σει,
541 747 615 810 ὡς
646 749 680 816 ἡ
715 746 767 802 ἐν
796 737 876 819 τῷ
923 747 1191 824 σπέρματι
1250 747 1501 826 στέρησις
1556 754 1654 803 τοῦ
1715 749 1874 817 ζώου’
1925 747 2048 802 τότε

399 835 500 892 οὐκ
529 834 581 907 ἐξ
615 832 792 898 εἴδους
818 835 1082 910 ἐναντίου,
1115 836 1239 892 ἀλλ’
1275 836 1327 908 ἐξ
1382 837 1642 901 ἀπουσίας
1695 835 1872 900 εἷ’δους
1919 834 2047 906 ἤτοι

402 927 706 1002 στερήσεως
763 924 978 1001 λέγεται
1021 925 1258 1002 γίνεσθαι
1309 926 1372 981 τὸ
1428 926 1731 1004 γινόμενον·
1784 927 1897 1002 οὐχ
1963 925 2045 981 ὅτι

400 1014 500 1070 οὐκ
555 1012 696 1069 ἔστιν
753 1012 894 1078 εἶδός
949 1037 1010 1070 τε
1063 1014 1152 1071 καὶ
1196 1017 1259 1070 τὸ
1308 1003 1700 1092 σπέρμα,’ἀλλ’
1730 1015 1812 1071 ὅτι
1859 1015 2045 1079 ἀτελὲς

398 1102 542 1167 εἶδος
573 1103 663 1158 καὶ
695 1102 831 1174 ὕλης
864 1102 1030 1181 λόγον
1082 1104 1278 1181 ἐπέχον
1337 1107 1472 1182 πρὸς
1524 1107 1623 1175 τὴν
1681 1110 1778 1160 τοῦ
1833 1103 2046 1160 τελείου

398 1190 577 1256 εἴδους
611 1192 922 1266 ὑπόστασιν,
953 1193 1043 1250 καὶ
1078 1194 1156 1256 εἷς
1216 1195 1387 1250 ἐκεῖνο
1442 1197 1541 1264 τὴν
1602 1194 1738 1265 ὅλην
1782 1196 2047 1268 κεκτημέ-

396 1303 488 1338 νον
512 1283 614 1352 τήν
653 1282 938 1361 ἀναφοράν.
972 1283 1095 1338 Εῗσὶ
1146 1283 1203 1338 δέ
1246 1305 1387 1347 τινες
1438 1281 1569 1347 ἴσως
1607 1284 1702 1339 κάν
1749 1289 1829 1356 τῷ
1885 1286 2045 1359 σπέρ-

399 1392 528 1446 ματι
576 1370 865 1442 ποιότητες
926 1371 1234 1427 ἐναντίωσιν
1304 1371 1527 1449 ἔχουσαι
1590 1374 1726 1449 πρὸς
1783 1375 1877 1435 τὰς
1948 1377 2046 1428 τοῦ

396 1459 838 1534 ἀποτελουμένου
893 1461 1214 1532 ποιότητας,
1274 1461 1401 1517 ἀλλ’
1459 1461 1670 1525 ἀτελεῖς
1723 1464 1812 1518 καὶ
1892 1460 2048 1518 αὗται

393 1549 484 1606 καὶ
516 1549 625 1626 οὐχ
653 1550 727 1613 ὡς
782 1551 840 1604 αἱ
895 1555 1000 1606 τῶν
1057 1549 1283 1606 τελείων
1343 1549 1500 1607 εἰδῶν
1541 1549 1768 1610 τέλειαι.
1801 1552 1894 1606 Διὸ
1926 1551 2046 1607 ὅσαι

400 1640 496 1712 μὲν
526 1637 758 1693 ἐναντίαι
801 1660 922 1702 πως
966 1640 1088 1703 ταῖς
1129 1645 1228 1695 τοῦ
1275 1639 1720 1714 ἀποτελουμένου
1761 1636 2046 1710 ποιότησιν

397 1727 531 1783 εἰσιν
583 1727 634 1782 ἐν
680 1732 760 1800 τῷ
810 1729 1102 1804 σπέρματι,
1136 1730 1271 1804 πρὸς
1319 1730 1416 1789 τὰς
1461 1735 1560 1786 τοῦ
1606 1728 2048 1803 ἀποτελουμένου

398 1815 693 1887 ποιότητας
727 1812 1156 1890 μεταϐάλλουσι,
1184 1822 1282 1873 τοῦ
1325 1820 1420 1892 μὲν
1482 1819 1651 1894 ὑγροῦ
1704 1823 1802 1872 τοῦ
1860 1818 1912 1873 ἐν
1972 1823 2049 1892 τῷ

396 1904 664 1980 σπέρματι
733 1905 1144 1980 ξηραινομένου,
1192 1911 1290 1962 τοῦ
1356 1904 1416 1963 δὲ
1476 1912 1762 1985 σφαιρικοῦ
1813 1906 2045 1963 ἐκτεινο-
2079 1948 2128 2014 Β

447 1995 459 2014 1
641 1995 704 2014 UA
851 1992 894 2014 δ’
955 1996 968 2014 τ
1114 1993 1138 2014 δ
1169 2001 1193 2012 ν
1344 2001 1368 2012 υ
1525 2002 1552 2011 ~
1619 1997 1634 2014 θ
1779 1996 1800 2014 \
1936 1997 1948 2014 Ι

400 1995 581 2068 μένου.
641 1995 796 2050 Ὅσαι
847 1992 894 2050 δ’
947 1993 1220 2069 ὁμοειδεῖς
1275 2001 1396 2059 ταῖς
1458 2002 1556 2052 τοῦ
1608 1996 2049 2070 ἀποτελουμένου

393 2083 549 2156 εἰσὶν,
583 2082 643 2138 ἐκ
669 2088 767 2139 τοῦ
798 2082 1024 2146 ἀτελοῦς
1057 2080 1462 2159 μεταϐάλλουσι
1520 2087 1656 2163 πρὸς
1709 2088 1772 2142 τὸ
1820 2084 2048 2144 τέλειον.

392 2173 492 2228 Διά
520 2177 650 2247 γοῦν
679 2174 741 2228 τὸ
772 2171 959 2235 ἀτελὲς
1008 2179 1110 2243 τῆς
1163 2171 1448 2238 διαθέσεως
1509 2179 1606 2230 τοῦ
1665 2175 2048 2249 ὑποκειμένου,

389 2259 514 2316 ὅταν
572 2260 633 2316 ἐκ
690 2259 998 2338 σπέρματος
1049 2263 1114 2318 τὸ
1170 2267 1305 2332 ζῶον
1336 2263 1374 2333 ἢ
1415 2262 1466 2334 ἐξ
1519 2263 1765 2337 ἀμούσου
1823 2264 2049 2341 λέγηται

383 2350 449 2406 τὸ
511 2351 793 2422 μουσικὸν,
826 2351 926 2406 οὐκ
984 2350 1036 2422 ἐξ
1097 2351 1338 2407 ἐναντίου
1398 2349 1598 2425 εἴδους,
1658 2351 1784 2408 ἀλλ’
1835 2352 1895 2408 ἐκ
1947 2360 2048 2423 τῆς

387 2437 653 2502 ἀπουσίας
706 2443 806 2494 τοῦ
864 2437 1042 2503 εἷ’δους
1100 2440 1190 2495 καὶ
1247 2444 1344 2510 τῆς
1391 2443 1694 2517 στερήσεως
1727 2440 1940 2518 λέγεται
1969 2441 2049 2518 γί-

387 2530 590 2585 νεσθαι.
626 2529 725 2583 Διά
750 2531 920 2584 ταῦτά
971 2551 1056 2584 τοι
1114 2530 1204 2583 καὶ
1259 2529 1311 2599 ἐξ
1366 2528 1605 2585 ἐναντίου
1662 2531 1904 2606 γίνεσθαι
1959 2530 2048 2585 καὶ

309 2633 314 2636 ’
398 2618 476 2680 εἰς
504 2616 810 2673 τοῦναντίον
841 2618 1154 2696 φθὸίρεσθαι
1212 2617 1423 2694 λέγεται
1476 2625 1579 2674 πᾶν
1639 2620 1701 2674 τὸ
1759 2620 2047 2695 γινόμενον

393 2707 485 2762 καὶ
518 2706 894 2784 φθειρόμενον,
924 2707 1015 2762 καὶ
1046 2706 1254 2781 γένεσις
1293 2713 1436 2762 πᾶσα
1479 2709 1570 2762 καὶ
1619 2709 1794 2786 φθορὰ
1851 2711 2047 2786 φυσική

398 2800 596 2859 κοινῶς
653 2794 907 2864 λέγονται
960 2797 1076 2851 κατ’
1136 2796 1544 2874 ἀντίφασιν.Τὸ
1601 2799 1705 2874 γὰρ
1761 2799 1819 2852 ὃν
1868 2798 2050 2853 καὶτὸ

399 2887 476 2958 μή
509 2884 590 2955 ὃν,
623 2887 755 2940 καθὸ
800 2885 864 2940 τὸ
916 2886 1010 2958 μὲν
1045 2885 1126 2956 ὃν,
1156 2885 1219 2940 τὸ
1253 2883 1310 2940 δὲ
1343 2887 1418 2959 μὴ
1453 2884 1510 2940 ὃν
1545 2887 1759 2942 ἐναντία
1788 2884 1904 2958 εἷ’δη
1971 2889 2046 2961 μὴ

395 2969 546 3044 ὅντα,
602 2975 702 3043 την
786 2973 1049 3030 ἀντίθεσιν
1135 2976 1496 3052 ἀντιφατικῶς
1570 2980 1852 3032 ποιοῦνται
1910 2978 2047 3052 πρὸς

397 3061 642 3133 ἄλληλα.

470 3150 532 3209 δ’.
566 3151 777 3214 Γένεσις
826 3149 883 3207 δέ
941 3151 1081 3208 ἐστιν
1111 3155 1147 3223 ἡ
1181 3151 1242 3208 ἐκ
1293 3157 1391 3208 τοῦ
1453 3155 1530 3226 μή
1582 3148 1736 3216 ὄντος
1771 3154 1844 3216 εἷς
1872 3155 1936 3210 τὸ
1988 3154 2047 3210 ὃν

402 3235 685 3316 μεταϐολή
743 3241 833 3298 καὶ
892 3240 1208 3315 μετάϐασις,
1237 3239 1408 3318 ἤγουν
1439 3245 1474 3312 ἡ
1520 3243 1714 3316 μεταξὺ
1771 3241 1896 3306 ὀδὸς
1949 3251 2050 3313 τῆς

2156 675 2282 731 qua:
2314 659 2621 732 privationi
2649 659 2966 731 opponitur
2993 659 3424 731 suscipiendam
3471 676 3802 716 accommo-

2156 750 2386 816 dato,ut
2417 748 2476 804 in
2510 748 2753 817 semine,
2809 747 3080 804 animalis
3130 747 3414 820 privatio;
3441 752 3570 804 tum
3596 765 3713 805 non
3735 765 3804 805 ex

2159 839 2349 909 specie
2381 838 2694 906 contraria,
2730 838 2829 894 sed
2861 853 2930 892 ex
2959 837 3173 909 speciei
3232 837 3517 908 absentia,
3574 837 3684 893 hoc
3713 842 3804 894 est

2157 927 2504 1000 privatione,
2530 927 2794 999 generari
2826 926 3043 982 dicitur
3081 927 3236 998 quod
3295 930 3608 998 generatur
3637 943 3651 982 ε
3685 944 3802 984 non

2157 1017 2312 1088 quod
2344 1033 2461 1072 non
2493 1017 2668 1072 etiam
2687 1032 2885 1072 semen
2916 1016 2994 1072 sit
3022 1016 3222 1088 aliqua
3245 1015 3490 1088 species,
3516 1016 3618 1071 sed
3646 1018 3803 1088 quod

2164 1105 2506 1178 imperfecta
2562 1105 2639 1161 sit
2686 1105 2932 1178 species,
2993 1108 3050 1160 et
3105 1105 3362 1161 materias
3393 1105 3679 1161 rationem
3731 1107 3805 1162 ad

2155 1195 2420 1267 perfectae
2449 1195 2661 1266 speciei
2684 1194 3132 1250 subsistentiam
3180 1194 3411 1262 habeat,
3445 1195 3519 1250 ad
3549 1211 3800 1267 eamque

2157 1288 2341 1340 totam
2374 1284 2715 1340 relationem
2737 1283 3015 1340 obtineat.
3040 1284 3191 1339 Sunt
3222 1288 3418 1339 autem
3450 1283 3596 1340 forte
3625 1283 3801 1340 etiam

2155 1372 2216 1428 in
2247 1373 2470 1429 semine
2498 1372 2808 1444 qualitates
2839 1373 3106 1445 quedam
3130 1373 3182 1428 ei
3213 1373 3368 1444 quod
3395 1372 3535 1428 hinc
3558 1372 3812 1429 efficitur

2158 1463 2260 1519 80
2291 1463 2592 1519 contrariae
2627 1481 2640 1518 :
2675 1463 2776 1518 sed
2826 1466 2883 1519 et
2910 1463 3049 1534 ipsa
3094 1462 3473 1534 imperfectae,
3525 1478 3715 1535 neque
3743 1466 3810 1518 ut

2157 1553 2546 1626 perfectarum
2594 1552 2922 1624 specierum
2989 1552 3660 1624 perfectae.Quapropter
3689 1550 3801 1606 illa;

2159 1658 2288 1714 quae
2312 1643 2441 1714 ejus
2463 1642 2618 1714 quod
2653 1641 2906 1698 efﬁcitur
2925 1639 3310 1713 qualitatibus
3332 1644 3471 1696 sunt
3490 1640 3551 1695 in
3582 1640 3808 1696 semine

2158 1731 2592 1803 quodammodo
2623 1730 3013 1796 contrariaajn
3035 1730 3162 1800 ejus
3193 1730 3348 1800 quod
3379 1729 3632 1786 efﬁcitur
3662 1745 3806 1800 qua-

2155 1819 2352 1876 litates
2383 1824 2712 1888 mutantur,
2745 1820 2888 1875 dum
2945 1819 3003 1874 id
3035 1819 3275 1890 quidem
3305 1818 3461 1890 quod
3492 1817 3554 1872 in
3584 1817 3807 1874 semine

2157 1908 2471 1964 humidum
2501 1913 2590 1964 est
2642 1909 2876 1977 arescit,
2907 1908 3065 1979 quod
3098 1911 3296 1964 autem
3341 1907 3665 1964 rotundum
3698 1911 3808 1976 est,

2159 1998 2488 2054 extenditur
2515 2015 2528 2055 :
2563 2015 2690 2070 quae
2733 2014 2866 2053 vero
2910 2014 3045 2052 cum
3076 2014 3142 2053 eo
3173 1997 3332 2068 quod
3364 1996 3616 2052 efficitur
3645 1997 3810 2068 ejus-

2159 2088 2292 2144 dem
2324 2087 2535 2160 speciei
2567 2090 2726 2152 sunt,
2753 2103 2822 2142 ex
2849 2086 3188 2158 imperfecto
3218 2085 3280 2140 in
3311 2085 3632 2158 perfectum
3680 2101 3810 2140 mu-

2158 2176 2678 2232 tantur.Nimirum
2711 2179 2950 2248 pr0pter
2975 2175 3378 2248 imperfectam
3409 2175 3657 2246 subjecti
3688 2174 3809 2230 dis-

2157 2265 2509 2338 positionem
2540 2282 2675 2320 cum
2705 2282 2773 2320 ex
2803 2264 3027 2320 semine
3073 2263 3292 2320 animal
3341 2267 3445 2318 aut
3490 2279 3559 2318 ex
3586 2262 3804 2318 immu-

2160 2355 2280 2411 sico
2304 2355 2599 2410 musicum
2620 2354 2745 2410 fieri
2778 2353 3139 2420 dicitur,non
3172 2370 3240 2408 ex
3269 2351 3563 2408 contraria
3592 2353 3807 2424 specie,

2160 2446 2261 2500 sed
2293 2461 2362 2500 ex
2393 2443 2606 2515 speciei
2641 2443 2910 2499 absentia
2958 2448 3015 2498 et
3044 2442 3364 2514 privatione
3416 2441 3540 2497 ﬁeri
3572 2441 3808 2497 dicitur.

2157 2535 2344 2605 Atque
2376 2536 2684 2606 eapropter
2713 2537 2769 2588 et
2797 2550 2865 2588 ex
2898 2531 3186 2588 contrario
3206 2530 3470 2604 generari
3502 2533 3560 2586 et
3589 2531 3649 2586 in
3680 2547 3812 2586 con-

2158 2622 2407 2677 trarium
2457 2621 2754 2694 corrumpi
2803 2620 3018 2676 dicitur
3065 2620 3354 2692 quidquid
3392 2623 3705 2693 generatur
3753 2624 3812 2675 et

2160 2711 2659 2783 corrumpitur.Ac
2689 2711 2883 2766 omnis
2907 2710 3204 2782 generatio
3233 2713 3291 2765 et
3319 2709 3614 2781 corruptio
3646 2712 3812 2764 natu-

2160 2799 2300 2856 ralis
2320 2800 2622 2856 communi
2645 2800 2816 2855 modo
2843 2815 2946 2871 per
2966 2799 3490 2855 contradictionem
3509 2798 3807 2854 dicuntur.

2159 2889 2306 2945 Nam
2338 2905 2442 2944 ens
2471 2893 2528 2945 et
2558 2905 2675 2944 non
2706 2905 2811 2944 ens
2844 2890 2909 2956 99,
2935 2892 3230 2960 quatenus
3260 2888 3405 2943 illud
3429 2891 3536 2956 est,
3551 2887 3660 2943 hoc
3690 2903 3807 2942 non

2158 2982 2266 3045 est,
2301 2994 2435 3032 cum
2467 2977 2690 3049 species
2720 2976 3020 3033 contrariae
3064 2994 3178 3032 non
3209 2977 3350 3044 sint,
3381 2974 3807 3048 oppositionem

2159 3067 2230 3122 ad
2265 3066 2604 3138 seﬁinvicem
2635 3065 3147 3122 contradictoriam
3176 3065 3458 3121 efﬁciunt.

2230 3156 2600 3212 4.Generatio
2655 3161 2852 3212 autem
2877 3161 2967 3211 est
2997 3172 3062 3210 ex
3086 3172 3203 3210 non
3235 3159 3368 3211 ente
3387 3155 3446 3209 in
3474 3171 3576 3211 ens
3613 3160 3808 3211 muta-

2154 3245 2238 3300 tio
2269 3261 2335 3300 ac
2363 3245 2669 3314 transitus;
2698 3245 2810 3300 hoc
2840 3249 2931 3300 est
2958 3245 3054 3299 via
3080 3243 3451 3314 intermedia,
3467 3261 3584 3315 qua
3607 3245 3801 3300 resSl

395 3331 503 3386 ἀπὸ
558 3334 657 3385 τοῦ
713 3332 791 3404 μὴ
849 3330 986 3385 εἶναι
1017 3331 1092 3393 εἷς
1123 3333 1186 3386 τὸ
1234 3331 1367 3386 εἶναι
1419 3335 1518 3386 τοῦ
1562 3334 1878 3408 πράγματος
1908 3333 2044 3388 ἀπο-

2158 3350 2227 3389 ex
2253 3351 2368 3389 non
2397 3351 2527 3390 esse
2556 3335 2628 3389 ad
2649 3350 2777 3389 esse
2808 3333 3518 3406 constituitur.Corruptio
3551 3336 3755 3388 contra
3788 3336 3803 3368 ¹

391 3418 790 3481 καταστάσεως.
825 3421 1013 3496 Φθορὰ
1053 3417 1112 3475 δὲ
1139 3422 1175 3490 ἡ
1207 3419 1266 3475 ἐκ
1292 3425 1390 3476 τοῦ
1419 3416 1575 3484 ὄντος
1627 3421 1702 3484 εἰς
1744 3422 1808 3476 τὸ
1861 3423 1936 3495 μὴ
1985 3420 2044 3476 ὃν

399 3508 610 3583 ὁμοίως
645 3504 950 3582 μεταϐολὴ,
981 3514 1080 3565 τοῦ
1134 3505 1292 3571 ὄντος
1338 3511 1540 3583 καὶμῆ
1604 3505 1757 3571 ὄντος
1812 3509 2050 3586 ἐνεργείᾳ

396 3592 854 3672 λαμϐανομένων.
889 3597 962 3653 Οὐ
995 3597 1244 3675 Λέγονται
1276 3596 1335 3654 δὲ
1378 3592 1580 3671 κυρίως
1616 3600 1860 3670 κινήσεις
1889 3602 1924 3669 ἡ
1957 3599 2048 3675 γέ-

392 3709 537 3750 νεσις
567 3687 658 3742 καὶ
684 3689 720 3758 ἡ
755 3687 948 3766 φθορά⁹
984 3685 1122 3744 διότι
1154 3687 1251 3744 κᾶν
1281 3686 1468 3751 ἀτελὲς
1502 3688 1736 3766 ἐνέργεια
1763 3691 1799 3759 ἡ
1832 3687 2048 3758 κίνησις

390 3775 488 3832 κᾶν
545 3776 846 3847 παθητικὴ,
879 3774 1027 3847 πλὴν
1086 3777 1150 3832 τὸ
1205 3777 1522 3852 κινούμενον
1581 3777 1818 3854 ἐνεργείᾳ
1869 3777 1927 3833 ὃν
1958 3778 2050 3833 καὶ

393 3864 666 3939 ὑπομένον
699 3866 962 3921 κινεῖσθαι
992 3867 1128 3943 χρή·
1167 3867 1230 3921 τὸ
1281 3863 1340 3921 δὲ
1389 3867 1466 3940 μὴ
1516 3863 1575 3920 ὃν
1625 3865 1869 3942 ἐνεργείᾳ
1919 3864 2048 3940 μηδ’

392 3955 681 4028 ὑπομένον,
742 3952 870 4010 οὐδὲ
920 3954 1236 4028 κινούμενόν
1297 3955 1458 4011 ἐστιν.
1517 3952 1654 4010 Οὐδὲ
1713 3957 1815 4031 γὰρ
1867 3953 2047 4031 ὥσπερ

392 4044 422 4098 ὁ
454 4045 740 4119 ἄνθρωπος
783 4043 1027 4119 ἐνεργείᾳ
1057 4040 1132 4098 ὣν
1179 4043 1272 4098 καὶ
1327 4044 1501 4116 μένων
1551 4040 1838 4118 ἅνθρωπος
1882 4050 2048 4098 κινεῖ-

387 4154 499 4206 ται,
532 4132 669 4189 κατά
694 4152 747 4187 τι
803 4137 910 4186 τῶν
972 4131 1022 4187 ἐν
1085 4131 1230 4203 αὐτῷ
1272 4127 1699 4206 συμϐεϐηκότων
1756 4132 2047 4206 αὐξόμενος

391 4222 430 4291 ἢ
478 4220 962 4295 λευκαινόμενοςῆ
1014 4220 1336 4297 φερόμενος,
1367 4220 1510 4275 οὕτω
1565 4220 1654 4275 καὶ
1708 4219 1817 4290 ὕλη
1885 4242 2045 4294 μετα-

397 4305 597 4368 ϐάλλει
625 4313 762 4367 κατὰ
790 4312 890 4380 τὴν
920 4311 1144 4387 γένεσιν.
1177 4312 1276 4365 Διά
1323 4332 1409 4365 τοι
1438 4314 1599 4365 τοῦτο
1633 4311 1669 4379 ἡ
1719 4309 1780 4364 ἐκ
1821 4315 1919 4364 τοῦ
1970 4311 2046 4384 μή

396 4395 551 4464 ὄντος
581 4400 658 4463 εἷς
688 4401 752 4455 τὸ
785 4399 917 4454 εἶναι
947 4397 1186 4475 πρόοδος
1244 4400 1345 4454 οὐκ
1399 4397 1512 4454 ἔστι
1550 4399 1783 4470 κίνησις.
1818 4399 1967 4454 Ἐπεὶ
1994 4397 2052 4454 δὲ

391 4492 494 4560 τήν
571 4488 712 4559 ὕλην
773 4489 882 4562 (οὗ)
943 4489 1175 4565 λέγομεν
1258 4488 1606 4567 ὑφεστηκέναι
1687 4489 1803 4542 καθ’
1860 4489 2052 4558 ἑαυτὴν

390 4576 544 4653 (οὐδὲ
597 4579 706 4655 γὰρ
765 4577 818 4648 ἐξ
875 4575 1016 4648 ὅλης
1073 4577 1164 4632 καὶ
1214 4572 1391 4640 εἷ’δους
1422 4576 1744 4651 τὰσώματα
1799 4575 2048 4654 λέγοντες

393 4667 455 4724 ἐκ
481 4665 954 4756 προϋπαρχούσης
985 4665 1126 4756 ὕλης
1155 4667 1193 4736 ἢ
1236 4671 1655 4756 προϋφεστιῖγτος
1713 4663 1905 4756 εἷ’δους
1948 4668 2047 4756 τήν
2077 4691 2125 4756 D

390 4761 503 4814 τῶν
563 4755 834 4831 σωμάτων
917 4755 1176 4830 τιθέμεθα
1241 4757 1512 4828 σύστασιν,
1572 4753 1698 4812 ἀλλ’
1756 4754 1839 4811 ὅτι
1899 4755 2048 4833 λόγῳ

397 4845 552 4921 μόνῳ
610 4843 976 4920 διακρίνοντες
1033 4845 1124 4899 ἀπ’
1176 4843 1443 4916 ἀλλήλων
1495 4845 1593 4915 τήν
1652 4842 1791 4917 ὕλην
1839 4845 1929 4900 καὶ
1982 4847 2047 4901 τὸ

391 4933 540 4999 εἶδος
603 4933 876 5010 δυνάμεθα
948 4936 1167 5010 θεωρεῖν
1247 4934 1496 5011 ἑκάτερον
1572 4935 1691 4990 καθ’
1747 4934 1897 4990 αὑτό⁸
1957 4936 2046 4990 καὶ

388 5026 492 5103 γὰρ
550 5022 832 5098 οὐδέτερον
888 5024 1185 5094 ὑποστῆναι
1245 5021 1464 5080 δύναται
1543 5026 1766 5101 θατέρου
1821 5025 2044 5101 χωρὶς),

394 5114 530 5192 ὅπερ
591 5114 670 5177 ὡς
723 5111 831 5185 ὕλη
867 5109 1204 5188 λαμϐάνεται
1260 5113 1352 5168 καὶ
1409 5111 1625 5189 λέγεται
1688 5115 1763 5188 μὴ
1825 5112 1906 5186 ὃν,
1957 5112 2046 5169 καί

390 5209 556 5261 τοῦτο
590 5204 726 5279 μετὰ
780 5200 958 5267 εἷ’δους
1007 5201 1326 5278 εὑρίσκεται,
1356 5203 1393 5272 ἢ
1443 5201 1657 5258 τελείου
1705 5204 1741 5273 ἢ
1799 5203 2043 5265 ἀτελοῦς.

396 5293 498 5350 Καὶ
546 5287 606 5348 ὅν
656 5314 710 5348 τι
755 5287 897 5349 ἔστιν
941 5289 1152 5364 ἄλλως,
1186 5291 1399 5369 λέγεται
1447 5289 1505 5347 δὲ
1555 5293 1631 5366 μὴ
1691 5287 1770 5346 ὅν·
1826 5291 2045 5369 ἐπείπερ

386 5382 643 5458 »ἐνεργείᾳ
695 5380 796 5438 οὐκ
851 5380 992 5437 ἔστιν
1031 5380 1313 5457 ὃγίνεται.
1345 5381 1416 5435 Τὸ
1473 5378 1533 5436 δὲ
1576 5385 1794 5436 τοιοῦτο
1853 5383 1928 5455 μὴ
1988 5379 2046 5436 ὃν

395 5472 460 5527 οὗ
497 5474 746 5546 κινεῖται,
779 5466 904 5527 οὔτε
955 5470 1075 5526 καθ’
1105 5469 1286 5542 ἑαυτὸ,
1315 5465 1439 5526 οὔτε
1488 5472 1626 5526 κατᾶ
1673 5465 2042 5546 συμϐεϐηκός.

390 5559 526 5617 Οὔτε
556 5559 661 5637 γὰρ
688 5561 821 5616 καθὸ
854 5561 930 5635 μὴ
962 5558 1074 5616 ἔστι
1105 5564 1350 5634 κινεῖται,
1386 5556 1509 5615 οὔτε
1534 5564 1614 5633 τῷ
1663 5558 1805 5616 ἄλλο
1861 5582 1913 5615 τι
1973 5559 2045 5615 εἶ-

461 5778 506 5814 ”
531 5777 589 5835 5.
618 5777 797 5853 Pbys.
824 5794 876 5835 ο.
903 5777 960 5835 2.
988 5779 1034 5834 t.
1064 5776 1120 5834 7.
1152 5775 1195 5849 1,
1224 5776 1280 5834 5.
1310 5775 1463 5850 Phys
1492 5793 1542 5834 c.
1575 5776 1615 5834 l.
1646 5780 1691 5834 t.
1725 5778 1781 5849 4,
1811 5779 1870 5834 et
1896 5794 1949 5836 c.
1976 5780 2032 5849 2,
2065 5777 2107 5834 t.
2140 5777 2196 5833 7.

2158 3423 2362 3479 eodem
2392 3424 2568 3479 modo
2598 3440 2667 3478 ex
2696 3426 2828 3478 ente
2853 3422 2913 3477 in
2942 3440 3057 3478 non
3079 3439 3185 3478 ens
3219 3422 3488 3490 mutatio,
3521 3426 3588 3477 ut
3616 3439 3723 3478 ens
3753 3426 3812 3478 et

2158 3529 2275 3568 non
2305 3529 2411 3568 ens
2443 3515 2574 3568 actu
2600 3516 2934 3568 sumantur.
2960 3512 3245 3566 Caeterum
3275 3510 3571 3583 generatio
3601 3515 3660 3567 et
3689 3527 3811 3567 cor-

2157 3618 2224 3657 ru
2233 3601 2352 3673 ptio
2373 3601 2605 3674 proprie
2626 3604 2821 3657 motus
2839 3617 2956 3656 non
2974 3601 3252 3656 dicuntur
3275 3625 3290 3669 ;
3319 3605 3628 3672 propterea
3649 3600 3806 3672 quod

2155 3691 2267 3747 etsi
2296 3693 2492 3747 motus
2522 3689 2897 3762 imperfectus
2929 3694 2986 3745 et
3014 3689 3284 3761 passivus
3333 3694 3500 3745 actus
3531 3689 3608 3746 sit
3637 3690 3681 3760 9,
3715 3694 3810 3745 ta-

2157 3796 2292 3836 men
2322 3779 2380 3834 id
2414 3779 2570 3850 quod
2598 3783 2953 3851 movetur,ut
2973 3783 3106 3834 actu
3127 3778 3204 3835 sit
3225 3783 3282 3834 et
3311 3782 3566 3849 maneat,
3591 3777 3810 3834 moveri

2158 3883 2396 3926 necesse
2425 3869 2538 3937 sit;
2572 3869 2725 3938 quod
2776 3873 2972 3924 autem
3009 3871 3140 3923 actu
3189 3885 3307 3924 non
3336 3872 3444 3939 est,
3503 3883 3691 3939 neque
3721 3884 3810 3922 re-

2158 3961 2377 4024 manet,
2409 3974 2482 4013 ne
2513 3961 2818 4013 moveatur
2842 3957 3100 4029 quidem.
3135 3957 3334 4029 Neque
3355 3956 3513 4012 enim
3534 3957 3813 4028 quemad-

2158 4046 2400 4102 modum
2433 4047 2610 4102 homo
2643 4051 2776 4102 actu
2805 4047 3093 4103 exsistens
3115 4051 3173 4102 et
3204 4062 3458 4102 manens
3489 4045 3665 4102 homo
3693 4063 3814 4102 mo-

2155 4140 2342 4205 vetur,
2378 4135 2520 4190 dum
2550 4151 2655 4206 per
2682 4135 3008 4191 accidentia
3046 4152 3174 4206 quae
3204 4135 3263 4189 in
3300 4135 3427 4206 ipso
3460 4139 3601 4190 sunt
3629 4151 3805 4208 auge-

2158 4228 2256 4280 tur
2285 4227 2388 4279 aut
2444 4224 2770 4294 dealbatur,
2803 4224 2984 4280 autin
3015 4223 3142 4284 loco
3192 4229 3490 4296 movetur,
3523 4223 3606 4280 ita
3633 4225 3808 4280 etiam

2157 4313 2402 4369 materia
2431 4313 2492 4368 in
2523 4313 2894 4386 generatione
2925 4317 3208 4369 mutatur.
3260 4314 3562 4386 Proptetea
3590 4329 3660 4368 ex
3689 4331 3806 4368 non

2157 4406 2289 4457 ente
2320 4402 2391 4458 ad
2423 4417 2551 4458 esse
2608 4401 2936 4474 progressio
2969 4406 3170 4458 motus
3203 4419 3318 4458 non
3376 4402 3808 4467 est.‘Quoniam

2157 4494 2357 4546 autem
2391 4490 2698 4547 materiam
2730 4491 3048 4564 separatim
3079 4491 3356 4548 exsistere
3397 4507 3515 4546 non
3555 4490 3809 4546 dicimus

2157 4579 2372 4652 (neque
2411 4579 2571 4636 enim
2621 4597 2754 4635 cum
2797 4596 2866 4636 ex
2913 4581 3162 4636 materia
3208 4585 3266 4636 et
3319 4580 3508 4635 forma
3555 4579 3808 4635 dicimus

2156 4686 2419 4741 corpora,
2453 4685 2521 4725 ex
2550 4669 2988 4740 prmexsistente
3044 4670 3291 4725 materia
3348 4673 3449 4724 aut
3492 4669 3806 4741 praesubsi-

2157 4763 2346 4814 stente
2375 4759 2563 4814 forma
2593 4775 2836 4831 corpora
2865 4759 3185 4815 constituta
3214 4775 3343 4815 esse
3378 4759 3630 4814 dicimus
3655 4776 3668 4827 ;
3703 4759 3806 4814 sed

2157 4849 2311 4918 quod
2343 4846 2468 4904 sola
2495 4847 2718 4903 ratione
2767 4847 3074 4903 materiam
3107 4853 3165 4903 et
3193 4849 3442 4904 formam
3487 4865 3520 4903 a.
3563 4865 3625 4903 se
3653 4847 3808 4902 invi-

2156 4951 2282 4991 cem
2314 4936 2734 5007 discernentes,
2753 4942 3063 5008 utramque
3093 4937 3407 5009 sejunctim
3438 4935 3808 4992 considerare

2155 5041 2512 5097 possumus;
2548 5025 2766 5098 quippe
2797 5030 3004 5082 neutra
3053 5027 3309 5097 abseque
3349 5025 3532 5082 altera
3560 5025 3806 5082 seorsim

2156 5115 2479 5171 subsistere
2509 5115 2745 5188 potest),
2770 5115 2826 5170 id
2859 5115 3015 5186 quod
3045 5120 3330 5186 tanquam
3361 5114 3610 5170 materia
3631 5115 3812 5170 sumi-

2154 5208 2272 5271 tur,
2302 5208 2360 5261 et
2391 5220 2507 5259 non
2539 5221 2643 5260 ens
2673 5205 2906 5274 dicitur,
2940 5207 2996 5260 et
3026 5221 3162 5260 cum
3205 5207 3394 5259 forma
3418 5202 3507 5259 vel
3553 5203 3810 5276 perfecta

2154 5295 2245 5349 vel
2274 5293 2616 5366 imperfecta
2637 5293 2738 5350 82
2758 5295 3064 5366 reperitur.
3088 5294 3158 5349 Et
3187 5310 3526 5365 quanquam
3548 5291 3694 5348 alias
3732 5293 3809 5348 sit

2155 5400 2282 5450 ens,
2309 5386 2506 5439 tamen
2539 5399 2656 5439 non
2688 5401 2792 5440 ens
2823 5383 3040 5439 dicitur
3091 5401 3104 5440 :
3160 5382 3638 5455 quandoquidem
3671 5386 3806 5438 actu

2155 5489 2272 5528 non
2302 5475 2392 5528 est
2437 5473 2592 5544 quod
2644 5473 2728 5528 fit.
2785 5475 2856 5529 Et
2882 5473 2995 5529 hoc
3024 5472 3293 5528 videlicet
3323 5488 3436 5527 non
3485 5488 3590 5528 ens
3617 5487 3806 5543 neque

2154 5578 2259 5635 per
2286 5577 2349 5618 se
2377 5576 2567 5633 neque
2596 5577 2700 5634 per
2755 5562 3026 5619 accidens
3080 5567 3368 5619 movetur.
3399 5561 3602 5638 Neque
3646 5560 3804 5618 enim

2276 5777 2298 5813 ²
2326 5777 2364 5831 5
2392 5775 2567 5852 Phys,
2595 5794 2644 5835 c.
2669 5777 2709 5834 l.
2740 5781 2782 5834 t.
2815 5778 2868 5834 8.
