4094 6436
306 435 460 502 1083

1553 441 1601 502 Ν
1607 435 1978 504 ICEPHORI
2019 434 2455 501 BLEMMIDE

3549 430 3707 497 1084

305 577 600 644 quatenus
629 588 744 628 non
775 575 865 628 est
893 575 1178 641 movetur,
1234 590 1422 647 neque
1461 579 1754 647 quatenus
1782 573 1939 628 aliud

2055 590 2139 623 ναι
2187 568 2447 644 ἐνεργείᾳ,
2491 565 2556 623 τὸ
2599 564 2730 622 αὐτὸ
2780 563 2939 640 μὲνον
2991 569 3250 630 κινεῖσθαι
3302 559 3542 620 δύναται·
3589 565 3705 619 οἷον

301 661 582 734 quiddam
615 665 748 718 actu
779 666 886 730 est,
920 678 1054 718 cum
1099 663 1154 718 id
1191 663 1385 734 ipsum
1439 669 1692 732 maneat,
1725 663 1942 719 moveri

299 755 527 822 potest;
560 751 808 824 exempli
839 753 1027 825 gratia
1059 768 1073 809 :
1106 769 1306 809 semen
1337 770 1442 808 nec
1474 758 1537 808 ut
1565 754 1783 809 animal
1815 770 1941 808 mo-

296 844 464 895 vetur
493 845 705 912 (neque
733 841 890 896 enim
921 841 1138 897 animal
1196 843 1326 914 est),
1370 859 1474 898 nec
1507 847 1572 897 ut
1628 859 1847 898 semen.
1882 842 1941 898 Si

297 929 456 985 enim
487 947 723 1002 quoquo
755 930 927 986 modo
959 932 1018 985 in
1050 931 1418 1002 generatione
1463 935 1743 1001 mutetur,
1777 949 1810 986 a
1839 949 1941 986 na-

299 1023 434 1074 tura
463 1036 573 1074 sua
601 1019 868 1086 discedit,
900 1023 956 1074 et
981 1020 1121 1075 dum
1169 1024 1453 1086 mutatur,
1488 1037 1601 1075 non
1633 1025 1832 1076 manet
1859 1037 1942 1076 se-

298 1109 562 1178 men,sed
595 1124 828 1180 semper
859 1107 1002 1164 alias
1034 1108 1191 1164 aliud
1225 1125 1326 1180 per
1355 1109 1738 1165 mutationem
1761 1110 1939 1165 effici-

296 1200 413 1252 tur.
466 1197 611 1252 Cum
659 1197 838 1270 igitur
883 1199 904 1232 5
952 1197 1060 1252 hoc
1093 1199 1266 1254 modo
1311 1215 1424 1253 non
1474 1215 1578 1254 ens
1637 1203 1941 1270 propterea

297 1286 515 1341 moveri
550 1303 661 1340 non
694 1287 1152 1357 possit,mutatio
1183 1291 1378 1341 autem
1412 1304 1447 1342 a
1477 1304 1591 1342 non
1624 1293 1754 1343 ente
1785 1287 1942 1342 hunc

295 1373 357 1430 in
388 1375 629 1430 modum
656 1376 730 1429 sit
753 1375 1046 1447 generatio
1080 1393 1093 1433 :
1128 1393 1242 1431 non
1273 1375 1452 1447 igitur
1482 1377 1777 1448 generatio
1818 1393 1941 1431 mo-

298 1468 395 1519 tus
425 1464 551 1518 erit.
587 1465 695 1520 Sed
755 1480 827 1520 ne
875 1466 1041 1536 quies
1072 1465 1330 1536 quidem.
1364 1465 1509 1520 Nam
1544 1466 1697 1536 quod
1732 1471 1943 1520 natura

299 1557 501 1624 aptum
533 1559 644 1619 est,
676 1558 742 1608 ut
771 1554 987 1609 moveri
1045 1555 1249 1626 possit,
1294 1555 1350 1608 id
1382 1571 1515 1610 cum
1577 1572 1692 1610 non
1750 1571 1940 1610 move-

298 1630 414 1712 tur,
461 1643 757 1714 quiescere
805 1644 1038 1710 dicitur,
1087 1645 1242 1716 quod
1287 1661 1427 1700 sane
1473 1648 1562 1700 est
1622 1649 1756 1700 actu
1815 1660 1938 1698 ens.

298 1730 459 1794 Quod
519 1736 713 1787 autem
768 1733 982 1789 moveri
1012 1751 1126 1788 non
1161 1738 1374 1805 potest,
1433 1734 1491 1788 id
1525 1751 1596 1788 ne
1645 1734 1941 1804 quiescere

301 1820 538 1891 quidem
561 1825 771 1892 potest.
808 1823 1478 1894 Quaproptergeneratio
1502 1839 1691 1895 neque
1723 1827 1940 1889 motus,

299 1925 488 1981 neque
517 1909 684 1981 quies
713 1915 820 1967 est.
855 1913 988 1977 Quae
1019 1929 1152 1967 cum
1184 1913 1268 1968 ita
1298 1929 1359 1968 se
1383 1911 1655 1978 habeant,
1689 1928 1794 1967 nec
1823 1927 1939 1966 cor-

297 1998 492 2070 ruptio
539 1998 629 2055 vel
673 2004 869 2056 motus
917 2001 1084 2073 quies
1121 2001 1297 2057 etiam
1349 2002 1476 2057 erit.
1521 2001 1702 2056 Motui
1734 2000 1889 2055 enim
1921 2001 1943 2034 θ

296 2086 384 2142 vel
415 2091 613 2144 motus
637 2087 726 2144 vel
757 2089 924 2161 quies
955 2090 1288 2162 opponitur.
1323 2092 1486 2157 Quod
1525 2091 1574 2146 si
1615 2091 1940 2163 generatio-

297 2192 432 2232 nem
465 2176 677 2232 horum
709 2183 985 2234 neutrum
1016 2180 1117 2236 83
1150 2197 1278 2236 esse
1332 2185 1637 2237 ostensum
1695 2183 1803 2246 est,
1840 2178 1942 2250 qui

296 2265 422 2320 fieri
453 2269 662 2338 potest,
713 2271 777 2322 ut
825 2269 1120 2340 corruptio
1151 2275 1347 2326 motus
1385 2270 1464 2326 sit
1490 2271 1518 2325 ?
1573 2269 1673 2341 qui
1704 2284 1941 2325 rursum

296 2353 484 2426 quies,
517 2371 650 2410 cum
682 2356 977 2427 generatio
1006 2357 1100 2413 cui
1131 2359 1425 2431 corruptio
1456 2358 1791 2432 Opponitur,
1825 2374 1943 2413 mo-

295 2447 394 2498 tus
425 2459 541 2498 non
572 2444 696 2499 sit?
726 2446 1030 2502 Generatio
1085 2447 1266 2520 igitur
1321 2451 1378 2503 et
1420 2449 1714 2520 corruptio
1746 2453 1942 2506 motus

295 2531 383 2588 vel
414 2531 642 2602 quietes
699 2550 813 2589 non
871 2540 1031 2602 sunt,
1087 2538 1187 2591 sed
1246 2537 1604 2593 mutationes
1634 2537 1939 2594 duntaxat.

298 2619 444 2676 Cum
475 2626 670 2678 autem
729 2627 924 2680 motus
957 2641 1070 2681 non
1104 2626 1239 2694 sint,
1301 2627 1557 2699 quietem
1597 2628 1940 2700 oppositam

297 2727 415 2767 non
446 2710 682 2783 habent,
716 2713 816 2768 sed
848 2714 1196 2771 vacuitatem
1229 2733 1263 2772 a
1305 2717 1628 2772 mutatione
1657 2721 1940 2788 tanquam

296 2800 687 2870 mutationes;
717 2803 1088 2874 vacuitatem,
1119 2804 1426 2876 inquam,a
1455 2805 1780 2861 mutatione
1812 2822 1939 2876 quae

299 2888 477 2960 quieti
508 2891 879 2962 proportione
917 2895 1284 2965 respondeat.
1346 2894 1508 2951 Sicut
1563 2895 1716 2952 enim
1774 2895 1941 2966 quies

297 2982 492 3035 motus
522 2980 808 3046 absentia,
868 2982 949 3038 ita
1002 2982 1262 3039 vacuitas
1320 3001 1354 3038 a
1392 2985 1718 3039 mutatione
1749 2989 1942 3040 muta-

289 3065 470 3122 tionis
500 3073 587 3123 est
618 3070 905 3126 absentia.
939 3073 1445 3138 Quemadmodum
1477 3073 1658 3144 igitur
1689 3073 1939 3144 quietes,

290 3154 372 3209 ita
402 3155 577 3210 etiam
607 3159 941 3215 vacationes
981 3177 1015 3215 a
1064 3160 1388 3217 mutatione
1436 3162 1803 3234 oppositione
1832 3162 1940 3217 ha-

1971 1945 2020 2010 B

2052 657 2114 712 τὸ
2146 660 2362 732 σπέρμα
2404 653 2529 712 οὔτε
2573 655 2704 711 καθὸ
2755 660 2890 725 ζῶον
2917 661 3143 710 κινεῖται
3173 650 3322 728 (οὐδὲ
3367 653 3468 730 γάρ
3513 651 3703 728 ἐστιν),

2053 744 2176 801 οὕτε
2240 748 2370 801 καθὸ
2438 745 2670 822 σπέρμα·
2722 745 2812 800 καὶ
2873 745 2976 822 γὰρ
3027 744 3075 800 εἰ
3121 747 3305 806 ποσῶς
3371 737 3704 817 μεταϐάλλει

2051 839 2186 891 κατὰ
2249 837 2478 912 γὲνεσιν,
2542 842 2643 904 τῆς
2720 835 2911 890 ἑαυτοῦ
2981 832 3245 905 ἐξίσταται
3312 831 3546 910 φύσεως,
3614 833 3705 887 καὶ

2054 920 2417 999 μεταϐάλλον,
2452 924 2512 980 οὐ
2547 923 2694 998 μένει
2724 924 2962 1000 σπέρμα,
2995 922 3139 979 ἀλλά
3181 921 3265 976 ἀεὶ
3315 919 3519 976 ἄλλοτε
3563 918 3704 977 ἄλλο

2051 1015 2252 1090 γίνεται
2285 1017 2420 1070 κατὰ
2456 1017 2555 1083 τήν
2608 1009 2942 1087 μεταϐολήν.
2977 1013 3040 1067 Εἰ
3080 1011 3259 1066 τοίνυν
3303 1011 3366 1066 τὸ
3415 1010 3560 1066 οὕτω
3625 1011 3702 1083 μή

2052 1103 2108 1159 ὃν
2145 1103 2206 1158 οὐ
2240 1101 2459 1159 δύναται
2492 1100 2580 1158 διὰ
2615 1108 2782 1157 ταῦτα
2813 1103 3096 1171 κινεῖσθαι,
3128 1103 3162 1170 ἡ
3210 1097 3255 1156 δ’
3307 1099 3365 1154 ἐκ
3413 1103 3509 1154 τοῦ
3559 1097 3706 1154 οὕτω

2059 1195 2134 1267 μή
2184 1189 2335 1255 ὄντος
2387 1187 2663 1266 μεταϐολὴ
2721 1191 2926 1267 γὲνεσίς
2977 1191 3140 1246 ἐστιν·
3194 1189 3293 1244 οὐκ
3341 1185 3482 1244 ἔστιν
3535 1186 3705 1263 ἅραή

2052 1283 2253 1360 γένεσις
2299 1282 2530 1351 κίνησις.
2581 1279 2739 1337 Ἀλλ’
2786 1277 2900 1336 οὐδ’
2937 1280 3159 1353 ἠρεμία·
3210 1279 3273 1334 τὸ
3319 1278 3419 1354 γὰρ
3463 1277 3708 1356 πεφυκὸς

2049 1377 2332 1443 κινεῖσθαι,
2371 1376 2532 1426 τοῦτο
2597 1371 2686 1426 καὶ
2752 1373 2950 1447 ἠρεμεῖ
3019 1371 3094 1442 μὴ
3173 1368 3519 1442 κινούμενον,
3569 1365 3704 1443 ὅπερ

2051 1461 2161 1517 ἐστὶ
2201 1463 2262 1516 τὸ
2311 1459 2547 1537 ἐνεργείᾳ
2593 1455 2672 1518 ὅν,
2700 1461 2762 1514 Ὃ
2807 1458 2865 1514 δὲ
2916 1459 3177 1517 κινεῖσθαι
3225 1455 3508 1527 ἀδύνατον,
3539 1459 3705 1511 τοῦτο

2049 1551 2139 1606 καὶ
2179 1553 2404 1624 ἠρεμεῖν
2475 1548 2756 1605 ἀδύνατον.
2802 1551 2962 1603 ’Ὠστε
3029 1547 3129 1602 οὐκ
3192 1546 3333 1601 ἔστιν
3395 1547 3431 1614 ἠ
3480 1545 3704 1621 γένεσις,

2051 1637 2174 1696 οὔτε
2221 1641 2454 1711 κίνησις,
2505 1637 2629 1694 οὕτε
2677 1637 2899 1714 ἠρεμία.
2942 1637 3002 1692 Εἰ
3050 1634 3097 1691 δ’
3145 1633 3264 1710 ἔχει
3315 1635 3463 1689 ταῦθ’
3505 1633 3704 1702 οὕτως,

2053 1726 2166 1783 οὐδ’
2217 1732 2252 1798 ἡ
2303 1730 2482 1807 φθορὰ
2532 1727 2740 1798 κίνησίς
2790 1727 2955 1793 ἐστιν,
3005 1721 3130 1781 οὔτε
3193 1725 3299 1797 μὴν
3350 1721 3575 1800 ἠρεμία.
3624 1725 3704 1796 Τῇ

2051 1821 2259 1888 κινήσει
2323 1818 2424 1894 γὰρ
2475 1818 2510 1886 ἢ
2587 1816 2797 1886 κίνησις
2839 1815 2875 1882 ἢ
2926 1813 3130 1890 ἠρεμία
3183 1812 3248 1867 τὸ
3305 1811 3705 1884 ἀντικείμενον.

2052 1906 2120 1962 Εἴ
2169 1905 2226 1962 δὲ
2287 1904 2416 1980 μηδ’
2443 1903 2624 1981 ἕτερον
2685 1902 2817 1959 οὖσα
2872 1901 3079 1958 τούτων
3105 1904 3141 1971 ἡ
3172 1901 3380 1977 γὲνεσις
3411 1897 3708 1970 δέδεικται,

2050 1999 2167 2058 πῶς
2201 1996 2258 2050 ἂν
2305 1993 2387 2066 εἴη
2420 1994 2633 2064 κίνησις
2665 1995 2700 2063 ἡ
2733 1989 2947 2071 φθορά;
2980 1995 3106 2054 Πῶς
3155 1988 3212 2046 δὲ
3258 1989 3424 2046 πάλιν
3472 1986 3704 2065 ἠρεμίᾳ,

2055 2086 2130 2157 μὴ
2181 2081 2346 2154 οὔσης
2396 2085 2662 2152 κινήσεως
2727 2087 2827 2150 τῆς
2873 2079 3154 2156 γενέσεως,
3207 2080 3348 2154 ᾗπερ
3408 2077 3702 2132 ἀντίκειται

2049 2177 2086 2244 ἡ
2119 2175 2330 2252 φθορά;
2361 2171 2473 2228 Οὐκ
2501 2169 2604 2248 ἄρα
2645 2173 2680 2240 ἡ
2730 2169 2938 2245 γένεσις
2985 2168 3076 2223 καῖ
3121 2170 3157 2237 ἡ
3209 2168 3382 2245 φθορὰ
3436 2168 3703 2238 κινήσεις,

2051 2261 2175 2319 οὔτε
2221 2263 2470 2335 ἠρεμίαι,
2524 2259 2686 2334 μόνον
2737 2257 2796 2314 δὲ
2845 2253 3163 2333 μεταϐολαί.
3215 2258 3463 2328 Κινήσεις
3509 2253 3568 2311 δὲ
3622 2256 3700 2329 μὴ

2051 2353 2226 2426 οὖσαι,
2276 2351 2506 2428 ἠρεμίαν
2554 2350 2929 2422 ἀντικειμένην
2967 2346 3075 2423 οὐχ
3119 2343 3352 2420 ἕξουσιν,
3395 2344 3520 2401 ἀλλ’
3567 2345 3704 2418 ἀμε-

2048 2438 2350 2514 ταϐλησίαν
2400 2441 2475 2503 ὡς
2542 2433 2865 2513 μεταϐολαὶ,
2930 2431 3337 2510 ἀμεταϐλησίαν
3400 2433 3703 2511 ἀναλογοῦ-

2051 2553 2143 2587 σαν
2191 2534 2262 2604 τῇ
2316 2528 2539 2606 ἠρεμίᾳ.
2589 2527 2780 2589 Καθὼς
2830 2527 2932 2602 γὰρ
2979 2527 3015 2594 ἡ
3065 2523 3272 2601 ἠρεμία
3329 2522 3561 2579 ἀπουσία
3613 2544 3700 2578 κι-

2049 2622 2279 2691 νήσεως,
2329 2617 2500 2679 οὕτως
2547 2618 2581 2686 ἡ
2633 2609 3012 2688 ἀμεταϐλησία
3074 2611 3308 2667 ἀπουσία
3367 2606 3702 2685 μεταϐολῆς.

2049 2712 2250 2784 Ὥσπερ
2303 2705 2394 2762 οὖν
2436 2707 2703 2780 ήρεμιῶν,
2759 2702 2902 2759 οὕτω
2963 2701 3052 2757 καὶ
3111 2695 3536 2776 ἀμεταϐλησιῶν
3583 2699 3704 2755 ἀντί

2049 2802 2191 2860 θεσις
2247 2797 2612 2874 εὑρεθήσεται,
2643 2793 2732 2848 καὶ
2782 2789 2988 2848 ἔσονται
3034 2793 3070 2857 ἡ
3123 2789 3174 2846 ἐν
3223 2794 3302 2862 τῷ
3350 2785 3461 2845 ὄντι
3502 2791 3702 2864 ἀμετα-

2051 2885 2256 2959 ϐλησία
2283 2887 2373 2942 καὶ
2402 2888 2438 2954 ἡ
2471 2884 2522 2938 ἐν
2555 2888 2633 2956 τῷ
2667 2883 2743 2957 μή
2775 2876 2886 2936 ὄντι
2922 2878 3202 2951 ἀλλήλαις
3245 2877 3702 2952 ἀντιθετούμεναι.

2051 2977 2183 3055 Περὶ
2241 2977 2334 3051 μὲν
2400 2973 2491 3030 οὖν
2553 2976 2660 3028 τῶν
2729 2972 2847 3026 κατ’
2897 2969 3077 3024 οὐσίαν
3143 2963 3485 3042 μεταϐολῶν,
3529 2965 3701 3044 ἤγουν

2048 3077 2149 3140 τῆς
2203 3064 2392 3128 ἁπλῶς
2446 3063 2709 3139 γενέσεως
2764 3059 2854 3116 καὶ
2913 3061 3140 3136 φθορᾶς,
3181 3057 3417 3133 εἰρήσθω
3467 3061 3707 3112 τοσαῦτα

2050 3159 2165 3214 κατ’
2195 3155 2346 3212 ἐπιτο
2356 3155 2462 3228 μὴν
2497 3152 2877 3225 ὑπομνήσεως.

292 3243 423 3299 bere
453 3245 1000 3318 deprehendantur;
1035 3253 1209 3321 atque
1237 3252 1501 3306 vacuitas
1529 3268 1564 3306 a
1595 3250 1916 3308 mutatione
1944 3251 2004 3306 in
2031 3254 2183 3316 ente,
2217 3253 2273 3303 et
2299 3245 2563 3302 vacuitas
2593 3261 2628 3299 a
2647 3241 2971 3298 mutatione
3007 3239 3068 3294 in
3100 3254 3218 3294 non
3249 3240 3380 3293 ente
3410 3236 3523 3293 sibi
3555 3236 3709 3292 invi-

290 3349 416 3388 cem
448 3341 836 3407 opponentur.
870 3338 951 3394 De
982 3340 1407 3396 mutationibus
1436 3357 1571 3413 ergo
1603 3341 1928 3396 secundum
1957 3336 2376 3404 substantiam,
2422 3335 2532 3390 hoc
2561 3336 2670 3402 est,
2702 3331 2773 3388 de
2799 3328 3054 3402 simplici
3085 3327 3462 3401 generatione
3492 3330 3550 3383 et
3578 3343 3709 3383 cor-

291 3422 566 3495 ruptione
583 3425 704 3481 haec
736 3443 842 3498 pro
873 3428 1217 3499 compendio
1245 3430 1755 3486 commentationis
1787 3430 1942 3486 dicta
1967 3429 2107 3487 sint.

359 3511 724 3584 5.Dicuntur,
749 3533 918 3587 porro
949 3518 1125 3574 etiam
1149 3519 1503 3575 mutationes
1531 3519 1935 3592 accidentales,

2123 3517 2179 3573 ε’.
2209 3513 2468 3590 Λὲγονται
2500 3509 2558 3565 δὲ
2582 3509 2673 3564 καὶ
2715 3508 2771 3563 αἱ
2814 3507 2952 3562 κατὰ
2998 3498 3346 3579 συμϐεϐηκὸς
3401 3497 3706 3592 μεταϐολαὶ

290 3602 694 3674 generationes
742 3606 1030 3676 quaedam,
1081 3611 1138 3663 et
1180 3609 1582 3680 corruptiones
1612 3611 1749 3665 item
1783 3625 1938 3681 quaa-

290 3692 468 3759 dam;
500 3691 677 3748 veluti
734 3696 1134 3766 augmentatio
1176 3701 1267 3753 est
1316 3698 1614 3769 generatio
1645 3699 1938 3769 quaedam,

291 3780 604 3838 diminutio
637 3800 770 3840 vero
817 3788 906 3841 est
934 3786 1231 3858 corruptio
1264 3788 1554 3858 quaedam.
1588 3787 1705 3842 Nec
1732 3803 1937 3858 quem-

291 3872 609 3927 admodum
635 3873 887 3930 dicimus
919 3874 1135 3930 animal
1167 3881 1510 3948 generatum
1544 3892 1836 3943 esse,cum
1871 3892 1940 3930 ex

289 3960 513 4017 semine
543 3963 627 4031 ﬁt,
660 3963 761 4019 84
808 3968 865 4020 et
919 3969 1260 4036 corruptum
1290 3982 1440 4037 esse,
1473 3981 1608 4022 cum
1641 3969 1941 4022 mortuum

293 4051 500 4122 fuerat,
533 4052 618 4108 sic
648 4052 866 4108 animal
896 4053 1241 4125 simpliciter
1259 4058 1604 4127 generatum
1636 4069 1766 4109 esse
1795 4051 1939 4107 dici-

294 4155 448 4207 mus,
481 4157 614 4195 cum
641 4140 969 4197 bicubitum
992 4143 1136 4197 forte
1167 4142 1386 4197 factum
1420 4141 1614 4205 fuerit,
1649 4140 1749 4196 sed
1781 4137 1937 4210 quod

293 4227 509 4284 animal
539 4228 864 4285 bicubitum
887 4233 1228 4302 generatum
1250 4228 1750 4301 sit,animalisque
1781 4229 1939 4283 bicu-

291 4318 481 4373 bitum
500 4323 840 4392 corruptum
862 4321 966 4376 sit:
983 4321 1258 4393 quodque
1274 4319 1494 4375 animal
1515 4319 1717 4375 album
1765 4334 1937 4390 gene-

293 4411 487 4463 ratum
521 4409 617 4476 sit,
651 4413 708 4465 et
754 4409 1027 4466 animalis
1065 4409 1271 4466 albedo
1325 4412 1599 4481 corrupta
1640 4407 1738 4462 sit.
1792 4406 1940 4462 Nam

295 4496 438 4552 etin
493 4497 857 4570 alterations,
906 4498 1216 4569 dealbatio,
1265 4497 1560 4570 generatio
1592 4495 1862 4568 quaedam
1923 4511 1936 4550 :

294 4586 621 4659 denigratio
688 4591 905 4660 autem,
993 4586 1286 4660 corruptio
1356 4586 1624 4658 quaedam
1702 4583 1935 4640 dicitur.

292 4681 614 4733 Commune
667 4677 826 4733 enim
881 4683 971 4733 est
1021 4678 1082 4732 in
1136 4677 1413 4733 omnibus
1472 4673 1940 4747 praedicamentis

2047 3589 2456 3680 YEVEGELCVTLVEC
2503 3599 2596 3654 καὶ
2643 3597 2840 3676 φθοραί
2886 3614 3050 3657 τινες·
3085 3595 3199 3649 οἷον
3253 3596 3289 3664 ἡ
3344 3593 3439 3667 μὲν
3480 3589 3707 3663 αὔξησις

2047 3693 2253 3770 γένεσίς
2286 3713 2390 3763 τις,
2423 3688 2596 3768 φθορά
2647 3685 2706 3743 δέ
2731 3707 2814 3748 τις
2846 3687 2882 3754 ἡ
2935 3683 3181 3759 μείωσις.
3215 3683 3312 3737 Καὶ
3361 3681 3470 3757 οὐχ
3520 3680 3707 3770 ὥσπερ

2049 3768 2280 3858 λὲγομεν
2340 3778 2422 3834 ὅτι
2478 3776 2664 3855 γέγονε
2710 3776 2775 3831 τὸ
2825 3778 2986 3844 ζῶον,
3028 3771 3107 3828 ὅτ’
3157 3771 3218 3827 ἐκ
3266 3772 3577 3847 σπέρματος
3619 3768 3710 3847 γέ-

2047 3893 2221 3942 νοιτο,
2252 3870 2341 3925 καὶ
2390 3867 2472 3922 ὅτι
2523 3865 2799 3946 ἔφθαρται,
2847 3862 2938 3919 ὅτε
2987 3860 3054 3932 δὴ
3101 3859 3344 3930 τεθναίη·
3393 3859 3486 3915 τὸν
3537 3858 3704 3914 αὐτὸν

2047 3959 2249 4038 τρόπον
2310 3955 2541 4033 λὲγομεν
2614 3952 2698 4008 ὅτι
2756 3953 2943 4029 γέγονε
2999 3952 3062 4005 τὸ
3114 3953 3251 4019 ζῶον
3298 3947 3512 4038 ἁπλῶς,
3572 3946 3706 4038 ὅταγ

2048 4033 2269 4125 γενηται
2319 4044 2531 4120 δίπηχυ
2579 4042 2772 4118 τυχὸν,
2814 4039 2940 4097 ἀλλ’
2972 4038 3056 4094 ὅτι
3095 4038 3290 4114 γέγονε
3334 4036 3398 4092 τὸ
3449 4040 3589 4125 ζῶον
3627 4033 3712 4090 δί-

2049 4123 2228 4213 πηχυ,
2261 4136 2350 4191 καὶ
2384 4133 2642 4213 ἔφθαρται
2672 4134 2770 4186 τοῦ
2813 4131 2955 4200 ζώου
3003 4129 3068 4183 τὸ
3119 4125 3351 4202 δίπηχυ·
3382 4125 3474 4180 καὶ
3521 4123 3717 4200 γὲγονε

2049 4225 2112 4280 τὸ
2167 4229 2303 4294 ζῶον
2356 4223 2568 4293 λευκὸν,
2600 4219 2691 4275 καὶ
2739 4217 2993 4298 ἔφθαρται
3048 4221 3146 4272 τοῦ
3201 4217 3344 4285 ζώου
3391 4215 3455 4270 τὸ
3488 4213 3711 4272 λευκόν.

2051 4313 2150 4368 Καὶ
2218 4311 2300 4367 ἐπ’
2358 4309 2710 4371 ἀλλοιώσεως
2759 4310 2794 4378 ἡ
2851 4308 2947 4381 μὲν
3012 4305 3300 4367 λεύκανσις
3367 4301 3575 4380 γένεσίς
3623 4323 3714 4365 τις

2053 4403 2290 4479 λέγεται,
2323 4401 2497 4478 φθορά
2551 4396 2609 4454 δέ
2653 4419 2736 4460 τις
2767 4400 2804 4466 ἡ
2841 4393 3122 4470 μὲλανσις.
3156 4394 3345 4450 Κοινὸν
3405 4393 3511 4469 γὰρ
3563 4391 3708 4448 ἐστὶν

2049 4493 2102 4548 ἐν
2153 4493 2384 4552 ἁπάσαις
2431 4487 2791 4564 κατηγορίαις
2839 4483 2971 4560 (εἷ’τε
3035 4483 3243 4561 γένεσις
3311 4481 3502 4545 ἁπλῶς
3569 4483 3709 4537 θεω-

2051 4587 2203 4658 ροῖτο
2261 4578 2499 4654 καθάπερ
2566 4577 2619 4632 ἐν
2690 4575 2916 4648 οὐσίαις,
2971 4569 3078 4629 εἴτε
3123 4573 3208 4636 τὶς
3251 4571 3479 4649 γένεσις,
3527 4570 3711 4633 καθὼς

2049 4671 2102 4726 ἐν
2167 4663 2674 4744 συμϐεϐηκόσι)τὸ
2721 4666 2820 4734 την
2875 4663 2970 4738 μὶν
3034 4661 3122 4718 ἐπὶ
3187 4660 3254 4716 τὰ
3321 4659 3555 4737 κρείττω
3616 4659 3710 4715 καὶ

291 4765 438 4838 (sive
493 4766 788 4839 generatio
862 4765 1212 4839 simpliciter
1282 4764 1704 4830 consideretur,
1761 4767 1828 4819 ut
1880 4764 1939 4818 in

2049 4760 2350 4833 τιμιώτερα
2412 4750 2723 4831 μεταϐολὴν
2791 4751 2994 4828 γένεσιν
3055 4751 3330 4827 λέγεσθαι,
3390 4749 3595 4839 ιρθορὰν
3647 4745 3710 4839 δὲ

292 4856 660 4925 substantiis,
693 4857 814 4912 sive
845 4856 1113 4929 quasdam
1144 4855 1462 4927 generatio,
1494 4857 1561 4910 ut
1600 4860 1667 4910 ut
1695 4853 1754 4908 in
1787 4852 1939 4909 acci-

2049 4849 2146 4917 τὴν
2195 4847 2282 4903 ἐπὶ
2330 4847 2400 4901 τὰ
2435 4843 2611 4922 χείρω
2658 4842 2750 4898 καὶ
2797 4840 3120 4929 ἀτιμότερα-³
3161 4836 3408 4929 οἶον-ἐπῖ
3454 4841 3562 4894 τῶν
3621 4836 3712 4929 ου-

289 4946 608 5018 dentibus),
643 4949 708 5002 ut
757 4924 884 5019 qua;
940 4945 1001 5001 in
1063 4924 1308 5001 meliora
1336 4949 1395 5000 et
1424 4943 1828 5016 praestantiora
1853 4945 1939 4998 est

2049 4942 2178 4992 σιῶν
2221 4939 2256 5006 ἡ
2311 4937 2403 5010 μὲν
2462 4935 2567 4990 ἀπὸ
2613 4939 2714 5002 τῆς
2755 4934 2857 5008 γῆς
2892 4924 3172 5019 μεταϐολῂ
3204 4927 3571 5019 πρὸς-τὸᾲπῖξρ
3622 4927 3712 5003 γὲο

290 5035 557 5106 mutatio,
616 5035 912 5110 generatio
959 5036 1230 5106 dicatur;
1264 5050 1393 5106 quae
1451 5034 1511 5088 in
1568 5031 1856 5090 deteriora
1883 5035 1941 5088 et

289 5125 514 5198 viliora,
547 5125 842 5199 corruptio
875 5143 888 5181 :
925 5125 1173 5198 exempli
1202 5125 1411 5198 gratia,
1470 5124 1530 5179 in
1591 5119 1939 5178 substantiis

289 5216 538 5271 mutatio
579 5234 614 5272 a
661 5219 818 5272 terra
861 5216 922 5271 in
974 5215 1192 5288 ignem,
1251 5212 1546 5288 generatio
1591 5209 1940 5283 simpliciter

289 5305 526 5378 dicitur,
559 5307 853 5379 corruptio
903 5309 1102 5362 autem
1134 5304 1404 5375 quaedam
1435 5319 1448 5358 :
1483 5305 1685 5358 contra
1716 5316 1784 5356 ex
1813 5297 1937 5370 igni

289 5395 348 5449 in
379 5399 598 5450 terram
629 5397 944 5468 [mutatio],
977 5393 1272 5465 corruptio
1302 5391 1666 5464 simpliciter,
1699 5405 1939 5462 genera-

288 5485 370 5539 tio
418 5488 614 5540 autem
672 5485 940 5556 quaedam
997 5491 1278 5539 vocatur:
1313 5499 1378 5538 eo
1439 5480 1595 5553 quod
1627 5478 1834 5535 melior
1880 5480 1939 5532 et

289 5573 656 5645 prmstantior
684 5577 742 5628 et
773 5573 962 5646 magis
981 5573 1237 5629 essentia
1258 5575 1348 5627 est
1375 5569 1531 5644 ignis
1554 5567 1897 5626 exsistentia
1920 5583 1933 5621 :

358 5791 396 5846 5
423 5788 600 5863 Phys.
633 5805 684 5845 ο.
714 5790 773 5856 2,
800 5791 843 5845 t.
876 5789 935 5845 8.
964 5787 995 5860 §
1029 5787 1068 5844 5
1097 5785 1271 5859 Phys.
1314 5801 1366 5855 ο,
1393 5787 1450 5841 2.
1483 5787 1530 5841 t.
1564 5785 1618 5840 8.

2045 5047 2189 5090 νεσις
2240 5024 2433 5087 ἁπλῶς
2485 5021 2724 5100 λέγεται,
2774 5021 2950 5099 φθορὰ
2999 5016 3060 5075 δὶ
3101 5017 3209 5083 τίς·
3259 5019 3296 5089 ἠ
3345 5015 3393 5073 δ’
3433 5017 3540 5073 ἀπὸ
3606 5019 3709 5074 τοῦ

2045 5115 2216 5191 πυρὸς
2273 5113 2350 5170 εἷς
2407 5114 2508 5184 τήν
2565 5119 2668 5190 γῆν
2729 5109 2906 5190 φθορὰ
2956 5109 3052 5183 μὲν
3083 5106 3331 5164 καλεῖται
3361 5105 3581 5175 ἁπλῶς,
3609 5106 3704 5182 γὲ-

2045 5226 2191 5267 νεσις
2221 5201 2280 5259 δὲ
2306 5203 2391 5266 τὶς
2419 5207 2500 5276 τῷ
2535 5221 2768 5279 κρειττω
2815 5197 2908 5255 καὶ
2954 5197 3286 5275 τιμιωτέραν
3333 5194 3425 5252 καὶ
3489 5193 3705 5270 μᾶλλον

2047 5295 2229 5351 οὐσίαν
2272 5293 2406 5350 εἶναι
2452 5293 2552 5362 τὴν
2603 5289 2826 5366 ὕπαρξιν
2872 5291 2972 5344 τοῦ
3021 5288 3216 5365 πυρὸς,
3266 5284 3442 5363 χείρω
3505 5282 3565 5340 δὲ
3614 5284 3708 5340 καὶ

2044 5384 2366 5458 ἀτιμοτέρον
2409 5381 2502 5438 καί
2547 5383 2712 5450 ἦττον
2764 5376 2949 5435 οὐσίαν
2991 5379 3092 5447 τῆς
3131 5378 3234 5454 γῆς
3295 5375 3396 5444 τὴν
3464 5372 3709 5430 ὑπόστα-

2045 5495 2148 5530 σιν·
2206 5469 2335 5528 εἴδει
2413 5472 2508 5545 μὲν
2571 5470 2672 5547 γὰρ
2747 5465 3008 5543 ἀναλογεῖ
3053 5467 3118 5522 τὸ
3165 5468 3297 5540 πῦρ,
3347 5461 3453 5538 ὅλῃ
3502 5460 3562 5519 δὲ
3615 5462 3708 5519 καὶ

2044 5564 2290 5638 στερήσει
2339 5563 2374 5632 ἡ
2549 5558 2697 5615 Ἐπεὶ
2745 5559 2847 5635 γὰρ
2881 5559 2918 5628 ἡ
2953 5556 3048 5631 μὲν
3100 5554 3209 5625 ὅλη
3250 5552 3564 5631 περιέχεται
3599 5551 3706 5607 ὑπὸ
