4094 6432
347 451 503 516 1085

1663 451 2013 519 EPITOME
2056 451 2421 517 PHYSICA.

3596 442 3756 508 1086

416 588 437 600 “’
508 580 559 640 ”δ
750 583 764 603 ⁸
805 579 864 640 δὲ
928 581 979 639 l"
1423 585 1437 604 ‘
1530 585 1556 604 "
1767 585 1781 615 ί
1929 587 1950 603 "

342 605 442 640 του
481 605 525 640 ει
565 605 680 655 ους,
710 605 774 640 το
902 605 926 640 ε
952 599 1042 647 οος
1087 583 1330 662 περιέχει
1377 607 1476 656 την
1529 594 1692 657 υλην,
1718 607 1884 663 πέρας
1930 607 1986 640 ον

2118 587 2357 643 ieterior
2387 590 2582 644 autem
2628 588 2685 642 et
2729 583 2902 641 vilior
2947 586 3005 640 et
3054 581 3252 639 minus
3299 579 3556 637 essentia
3584 584 3752 636 terrae

344 674 436 729 καὶ
465 671 591 749 ὅρος
620 672 790 743 αὐτῆς
822 673 1082 749 (περαίνει
1112 675 1213 750 γὰρ
1241 676 1330 729 καὶ
1382 675 1552 751 ὁρίζει
1595 676 1657 730 τὸ
1704 683 1804 745 τῆς
1855 674 1994 744 ὕλης

347 761 570 839 ἄπειρόν
619 784 679 818 τε
733 763 826 818 καὶ
874 763 1168 840 ἀόριστον)·
1217 765 1307 818 καὶ
1357 763 1444 819 ἐπὶ
1494 770 1600 820 τῶν
1647 763 1994 835 εἰδοπεποιη-

350 851 525 926 μένων
574 849 684 923 ἤδη
736 851 1004 926 σωμάτων
1044 855 1195 928 (τῶν)
1226 853 1362 909 κατὰ
1409 855 1500 910 τὸν
1546 853 1711 909 τόπον
1757 858 1998 930 φυσικῶς

345 941 680 1015 κινουμένων
711 942 774 997 τὸ
808 943 903 1014 μὲν
931 943 1326 1018 περιεχόμενον
1361 943 1500 1014 ὕλης
1546 943 1604 998 ἃν
1655 940 1777 1020 ἔχοι
1828 942 1995 1019 λόγον

347 1033 617 1104 (τοιοῦτον
670 1028 728 1087 δὲ
777 1031 838 1086 τὸ
895 1031 1030 1108 βαρὺ
1077 1032 1166 1087 καὶ
1219 1033 1269 1087 ἐν
1308 1033 1476 1107 μέσῳ,
1507 1033 1780 1088 τουτέστιν
1812 1036 1847 1102 ἡ
1879 1035 1997 1108 γῆ),

345 1118 408 1174 τὰ
462 1116 520 1175 δὲ
574 1119 830 1195 περιέχον
870 1117 1066 1182 εἷ’δους.
1111 1126 1366 1177 Τοιοῦτον
1430 1120 1487 1177 δὲ
1540 1123 1603 1178 τὸ
1658 1127 1857 1202 κοῦφον
1907 1122 1996 1178 καὶ

347 1209 480 1280 ἄνω,
530 1208 774 1262 τουτέστι
822 1210 884 1264 τὸ
927 1213 1056 1286 πῦρ·
1114 1210 1203 1264 καὶ
1261 1215 1367 1264 τῶν
1419 1210 1612 1284 μεταξὺ
1667 1211 1758 1266 καὶ
1811 1212 1998 1284 σωμά-

345 1319 474 1369 των,
507 1295 679 1373 ἤγουν
718 1302 816 1352 τοῖ’)
861 1297 1018 1375 ἀέρος
1046 1299 1263 1354 καὶτοῦ
1313 1297 1528 1369 ὕδατος,
1559 1301 1622 1355 τὸ
1673 1302 1767 1374 μὲν
1816 1321 1998 1375 περιε-

349 1387 611 1463 χόμενον,
645 1385 778 1464 ὅπερ
812 1385 924 1442 ἐστὶ
953 1389 1016 1443 τὸ
1047 1386 1217 1464 ὕδωρ,
1249 1387 1387 1460 ὕλης
1421 1389 1479 1444 ἂν
1514 1385 1633 1466 ἔχοι
1668 1389 1833 1464 λόγον
1865 1389 2001 1466 πρὸς

345 1475 438 1531 τὸν
507 1475 637 1553 ἀέρα
700 1476 792 1530 τὸν
861 1476 1204 1554 περιέχοντα,
1260 1475 1437 1540 εἴδους
1494 1476 1551 1533 δὲ
1607 1477 1770 1556 λόγον
1821 1480 1849 1534 ὁ
1894 1480 1998 1556 ἀὴρ

349 1565 488 1640 πρὸς
517 1565 580 1618 τὸ
603 1563 749 1640 ὕδωρ
778 1566 841 1620 τὸ
869 1565 1259 1641 περιεχόμενον
1296 1567 1382 1621 ὑπ’
1415 1567 1598 1622 αὐτοῦ.
1632 1569 1724 1622 Διὸ
1769 1570 1844 1640 μὴ
1901 1568 2000 1640 μό-

348 1673 439 1709 νον
473 1653 560 1709 ἐπὶ
592 1656 734 1728 (τῆς)
767 1662 869 1728 γῆς
912 1655 1001 1709 καὶ
1032 1657 1201 1731 πυρὸς
1235 1659 1269 1725 ἡ
1307 1657 1399 1728 μὲν
1447 1656 1553 1710 ἀπὸ
1601 1664 1708 1732 γῆς
1758 1657 1833 1719 εἷς
1893 1663 2000 1733 πῦρ

355 1737 634 1816 μεταϐολή
688 1742 888 1818 γένεσις
932 1743 1121 1806 ἁπλῶς
1172 1743 1374 1820 λέγοιτ’
1426 1744 1507 1817 ἂν,
1563 1745 1736 1824 φθορά
1797 1744 1855 1800 δὲ
1899 1746 1999 1807 τίς⁸

351 1835 389 1902 ἡ
435 1831 543 1887 ἀπὸ
586 1833 758 1908 πυρὸς
809 1829 854 1887 δ’
893 1832 971 1896 εἷς
1016 1840 1120 1908 γῆν
1165 1836 1341 1912 φθορᾶ
1394 1835 1487 1907 μὲν
1536 1833 1744 1905 ἁπλῶς,
1798 1835 2002 1911 γένεσις

2107 677 2528 743 subsistentia;
2562 675 2714 748 ignis
2746 674 2903 730 enim
2935 674 3156 743 formae,
3187 676 3342 727 terra
3383 686 3518 727 vero
3567 673 3752 724 mate-

2106 767 2202 822 riae
2233 772 2291 822 et
2321 765 2633 839 privationi
2683 764 3055 838 proportione
3099 761 3431 834 respondet.
3465 759 3752 824 Quoniam

2107 857 2263 912 enim
2317 856 2564 911 materia
2621 855 2860 926 quidem
2919 871 2953 909 a
3009 853 3199 908 forma
3249 851 3346 906 85
3397 849 3752 915 continetur,

2108 947 2295 1002 forma
2343 949 2536 1001 autem
2586 945 2847 1001 continet
2893 942 3222 1008 materiam,
3281 945 3348 994 ut
3405 955 3531 1011 quae
3586 938 3754 1010 ipsus

2107 1035 2444 1092 extremitas
2475 1051 2541 1091 ac
2572 1035 2706 1090 ﬁnis
2736 1033 2814 1090 sit
2843 1032 3054 1106 (ipsius
3103 1031 3261 1086 enim
3292 1027 3753 1084 immensitatem

2108 1141 2173 1180 ac
2230 1124 2582 1180 inﬁnitatem
2641 1123 2920 1178 terminat
2975 1126 3032 1176 et
3088 1117 3583 1188 circumscribit);
3625 1115 3755 1170 ideo

2107 1214 2285 1270 etiam
2316 1215 2375 1268 in
2406 1212 2750 1285 corporibus
2789 1213 2914 1283 jam
2955 1209 3308 1275 informatis,
3342 1224 3470 1280 quae
3503 1203 3754 1262 naturali

2109 1303 2332 1358 ratione
2361 1319 2462 1374 per
2491 1302 2684 1357 locum
2713 1305 3040 1364 moventur,
3073 1299 3130 1353 id
3164 1299 3319 1370 quod
3359 1295 3753 1364 continentur,

2108 1391 2246 1464 (tale
2294 1408 2505 1447 aumen
2553 1394 2642 1446 est
2694 1391 2846 1462 quod
2909 1389 3190 1461 gravitate
3238 1385 3546 1460 praeditum
3593 1389 3648 1439 et
3694 1382 3756 1438 in

2110 1481 2302 1536 medio
2335 1480 2516 1536 situm
2548 1482 2656 1546 est,
2691 1479 2799 1534 hoc
2833 1482 2923 1534 est
2955 1477 3130 1548 terra)
3162 1475 3418 1531 materia;
3470 1473 3757 1529 rationem

2111 1570 2369 1637 obtinet;
2421 1570 2574 1641 quod
2634 1572 2830 1624 autem
2893 1567 3152 1623 continet
3205 1565 3402 1637 (quale
3459 1567 3548 1619 est
3600 1562 3756 1634 quod

2110 1659 2340 1714 levitate
2373 1659 2680 1730 praeditum
2733 1663 2791 1713 et
2841 1657 2902 1712 in
2950 1654 3238 1727 superiori
3281 1654 3409 1709 loco
3461 1656 3569 1719 est,
3603 1652 3760 1723 ignis

2109 1747 2418 1818 videlicet),
2471 1748 2670 1802 formae
2743 1746 2868 1802 vice
2939 1745 3083 1801 obit.
3146 1745 3215 1798 Et
3274 1742 3760 1798 intermediorum

2111 1854 2244 1892 vero
2285 1838 2460 1892 etiam
2509 1851 2844 1908 corporum,
2875 1834 2985 1890 hoc
3028 1838 3136 1905 est,
3171 1833 3325 1889 aeris
3373 1836 3432 1888 et
3479 1847 3666 1903 aquae,
3700 1829 3759 1884 id

354 1917 414 1976 δὲ
440 1919 544 2030 τίς;
581 1919 726 1976 ἀλλά
753 1921 842 1976 καὶ
874 1919 1176 2030 ἐφ’ρῦδατος
1223 1920 1312 1978 καί
1350 1922 1508 2000 ἀέρος
1537 1926 1572 1993 ἠ
1610 1925 1702 1998 μὲν
1756 1925 1844 2002 ἀφ’
1875 1922 2002 1980 ὕδα-

2118 1925 2350 1998 quidem
2382 1927 2538 1997 quod
2579 1925 2929 1995 continetur,
2962 1924 3118 1995 quod
3164 1927 3254 1978 est
3296 1938 3469 1993 aqua,
3505 1921 3761 1976 materiae

352 2031 446 2072 τος
501 2010 576 2072 εἰς
639 2010 769 2084 ἀέρα
828 2007 1109 2084 μεταϐολὴ
1160 2011 1372 2068 καλοῖτ’
1421 2013 1480 2068 ἂν
1538 2012 1728 2076 ἁπλῶς
1777 2015 2004 2089 γένεσις,

354 2099 531 2178 φθορά
587 2096 646 2154 δὲ
695 2099 868 2170 τίςοὴ
927 2097 972 2155 δ’
1030 2101 1120 2155 ἀπ’
1177 2101 1334 2178 ἀέρος
1382 2101 1460 2164 εἷς
1517 2100 1664 2177 ὕδωρ
1726 2097 2005 2176 μεταϐολὴ

353 2187 530 2266 φθορὰ
580 2189 674 2261 μὲν
719 2186 932 2262 ἁπλῶς,
975 2190 1178 2266 γένεσις
1220 2188 1278 2245 δὲ
1325 2191 1426 2253 τίς.
1477 2191 1550 2246 Οὐ
1607 2191 1767 2264 μόνον
1822 2190 1868 2246 δ’
1919 2192 2007 2246 ἐπὶ

351 2281 459 2333 τῶν
512 2277 711 2333 οὐσιῶν
780 2277 919 2333 ἐστιν
971 2281 1007 2349 ἡ
1059 2279 1321 2354 εἰρημένη
1385 2277 1664 2356 ἀναλογία,
1718 2280 1862 2338 ἀλλὰ
1918 2282 2006 2337 καὶ

355 2365 407 2422 έν
455 2373 586 2421 πᾶσι
633 2372 751 2430 τοῖς
799 2367 1027 2443 γένεσιν.
1064 2369 1148 2423 Ἐν
1199 2369 1292 2442 μὲν
1343 2373 1422 2441 τῷ
1469 2375 1621 2442 ποσῷ
1659 2371 1720 2424 τὸ
1755 2371 1890 2446 μέγα
1917 2370 2007 2425 καὶ

350 2455 414 2509 τὸ
461 2452 607 2510 πολὺ
651 2453 783 2510 εἷ’δει
829 2455 1100 2533 ἀναλογεῖ,
1128 2458 1192 2512 τὸ
1249 2458 1442 2534 μικρὸν
1493 2456 1552 2514 δὲ
1600 2461 1690 2513 καὶ
1730 2459 1791 2514 τὸ
1823 2458 2009 2536 ὀλίγον

353 2543 478 2618 ὕλῃ.
533 2543 633 2598 Καὶ
784 2545 878 2619 μὲν
938 2543 1162 2616 αὔξησις
1225 2545 1434 2619 εἷ’δει,·ἰπ
1497 2546 1555 2602 δὲ
1615 2549 1838 2621 μείωσις
1881 2549 2004 2623 ὕλῃ,

354 2633 448 2688 Διὸ
491 2633 581 2688 καὶ
628 2636 662 2703 ἡ
719 2635 812 2708 μὲν
860 2639 930 2710 τῇ
971 2636 1168 2712 γενέσει
1237 2635 1430 2710 ἔοικεν,
1480 2640 1515 2707 ἡ
1567 2635 1625 2692 δὲ
1688 2642 1758 2712 τῇ
1813 2640 2004 2717 φθορᾷ.

355 2723 440 2777 Ἐν
493 2720 552 2777 δὲ
595 2727 675 2795 τῷ
721 2728 865 2796 ποιῷ
910 2724 973 2779 τὸ
1027 2724 1122 2798 μὲν
1165 2722 1355 2781 λευκὸν
1403 2726 1493 2780 καὶ
1539 2728 1602 2782 τὸ
1646 2727 1843 2800 θερμὸν
1877 2724 2008 2782 εἷ’δει

355 2810 630 2888 ἀναλογεῖ,
664 2811 729 2866 τὸ
779 2810 837 2867 δὲ
889 2811 1059 2886 μέλαν
1095 2813 1185 2868 καὶ
1215 2814 1279 2868 τὸ
1309 2814 1522 2891 ψυχρὸν
1553 2814 1677 2890 ὕλῃ.
1711 2817 1862 2870 Ὅθεν
1918 2816 2009 2870 καὶ

355 2897 642 2963 λεύκανσις
711 2901 800 2956 καὶ
860 2900 1150 2978 θέρμανσις
1217 2902 1452 2978 γενέσεις
1505 2904 1630 2975 εἶεν,
1684 2904 1767 2975 ἂν,
1817 2905 2010 2983 φθοραὶ

355 2985 415 3044 δὲ
461 2988 718 3062 μέλανσίς
783 3010 842 3044 τε
901 2989 992 3044 καὶ
1038 2989 1361 3068 ψύχρσνσις.
1413 2989 1594 3054 Ὅλως
1641 2992 1744 3069 γὰρ
1794 2991 1844 3046 έν
1893 2998 2012 3054 ταῖς

354 3077 648 3142 ἀντιθέσεσι
703 3078 771 3133 τὰ
825 3079 1054 3155 κρείττω
1125 3081 1218 3153 μὲν
1277 3080 1351 3144 ὡς
1432 3078 1562 3136 εἷ’δει
1639 3081 2014 3158 ἀναλογοῦντα

356 3160 716 3239 λαμϐάνεται,
751 3167 827 3229 ὡς
858 3165 962 3242 ὕλῃ
996 3165 1054 3223 δὲ
1080 3167 1171 3223 καὶ
1201 3171 1447 3246 στερήσει
1491 3171 1560 3225 τὰ
1602 3168 2009 3248 καταδεέστερα.

355 3255 450 3310 Διὸ
497 3254 587 3310 καὶ
633 3255 874 3311 καθόλου
920 3263 1064 3312 πᾶσα
1109 3255 1377 3334 διάκρισις
1427 3257 1632 3334 γένεσις
1683 3258 1831 3322 ὅλως
1878 3259 2014 3331 κλη-

2117 2015 2404 2071 rationem
2435 2015 2612 2070 habet
2641 2015 2712 2069 ad
2743 2029 2938 2069 aerem
2961 2013 3357 2069 continentem
3389 2028 3402 2066 :
3437 2026 3536 2066 aer
3565 2013 3761 2065 autem

2116 2105 2314 2160 formae
2347 2105 2634 2160 rationem
2667 2103 2738 2159 ad
2771 2119 2986 2174 aquam
3019 2119 3146 2174 quae
3169 2101 3504 2156 continetur
3523 2099 3761 2170 abipso.

2116 2194 2478 2264 Quapropter
2504 2209 2620 2248 non
2658 2196 2890 2247 tantum
2939 2191 3094 2247 circa
3134 2195 3352 2246 terram
3399 2193 3457 2244 et
3502 2189 3699 2261 ignem
3733 2205 3768 2242 a

2117 2285 2275 2336 terra
2303 2281 2362 2334 in
2389 2279 2585 2352 ignem
2636 2280 2904 2343 mutatio,
2936 2277 3282 2350 simpliciter
3323 2275 3622 2350 generatio
3651 2274 3767 2330 dici

2117 2372 2327 2442 potest,
2355 2368 2652 2440 corruptio
2710 2373 2905 2424 autem
2964 2369 3287 2440 quaedam:
3349 2371 3408 2422 et
3462 2368 3664 2421 contra
3693 2365 3766 2420 ab

2118 2459 2238 2530 igni
2295 2458 2355 2513 in
2412 2465 2630 2515 terram
2686 2458 3004 2530 [mutatio],
3058 2455 3406 2529 simpliciter
3447 2456 3765 2527 corruptio,

2121 2548 2417 2621 generatio
2448 2553 2644 2604 autem
2677 2548 2944 2620 quaedam
2979 2565 2992 2603 :
3027 2548 3128 2603 sed
3178 2550 3236 2602 et
3283 2545 3436 2602 circa
3465 2561 3679 2617 aquam
3712 2547 3770 2599 et

2122 2654 2315 2694 aerem
2346 2638 2595 2693 mutatio
2625 2637 2864 2709 quidem
2896 2638 2966 2692 ab
2999 2653 3152 2708 aqua
3189 2635 3249 2690 in
3281 2651 3494 2703 aerem,
3526 2649 3766 2706 genera-

2117 2727 2198 2783 tio
2231 2727 2478 2799 simplex
2507 2727 2618 2783 dici
2652 2732 2862 2799 potest,
2904 2725 3201 2799 corruptio
3232 2730 3428 2780 autem
3463 2724 3764 2796 quaedam;

2119 2821 2176 2872 et
2232 2822 2434 2872 contra
2490 2817 2563 2871 ab
2623 2833 2753 2872 aere
2801 2817 2859 2872 in
2910 2831 3126 2887 aquam
3171 2813 3438 2884 mutatio,
3471 2812 3768 2886 corruptio

2120 2906 2358 2978 quidem
2391 2907 2492 2962 86
2524 2905 2889 2978 simpliciter,
2914 2904 3212 2978 generatio
3244 2908 3440 2959 autem
3472 2902 3765 2974 quaedam.

2119 2997 2245 3052 Non
2277 3001 2473 3051 autem
2521 2996 2580 3050 in
2629 2994 2980 3051 substantiis
3027 2995 3330 3063 duntaxat,
3364 2993 3465 3048 sed
3498 2991 3675 3048 etiam
3707 2992 3767 3046 in

2120 3085 2398 3140 omnibus
2454 3083 2768 3157 generibus
2826 3083 2982 3138 dicta
3040 3081 3305 3153 analogia
3349 3081 3656 3154 reperitur.
3709 3081 3773 3136 In

2121 3174 2452 3246 quantitate
2493 3173 2732 3245 quidem
2783 3188 3066 3245 magnum
3125 3175 3183 3227 et
3239 3169 3495 3226 multum
3553 3170 3772 3238 formae,

2123 3279 2370 3334 parvum
2402 3267 2458 3317 et
2488 3279 2742 3334 pancum
2775 3261 3032 3317 materiae
3059 3287 3073 3329 ;
3106 3266 3163 3316 et
3191 3259 3592 3332 augmentatio
3636 3258 3777 3313 item

355 3343 474 3414 θείη
508 3345 590 3415 ἂν,
623 3346 797 3424 φθορὰ
835 3342 894 3400 δὲ
935 3345 1244 3401 τούναντίον
1288 3350 1324 3417 ἡ
1377 3347 1678 3425 σύγκρισις,
1711 3348 1792 3404 ὅτι
1841 3355 2005 3426 κρεῖτ-

2131 3353 2349 3420 formae,
2382 3350 2696 3407 diminutio
2724 3350 2979 3406 materiae
3020 3350 3396 3422 proportione
3439 3348 3774 3420 respondet.

351 3452 444 3486 τον
493 3433 529 3501 ἡ
577 3429 844 3510 διάκρισις
896 3433 1046 3489 δοκεῖ
1089 3437 1188 3504 τῆς
1237 3435 1590 3511 συγκρίσεως.
1641 3439 1712 3492 Τὸ
1770 3444 2013 3513 κρεῖττον

355 3516 526 3575 δὲκαὶ
558 3519 621 3575 τὸ
652 3527 840 3598 χεῖρον
884 3521 937 3577 ἐν
983 3528 1114 3578 πᾶσι
1164 3525 1445 3602 θεωρεῖται
1492 3531 1610 3588 τοῖς
1658 3523 1828 3584 οὖσιν.
1861 3526 2015 3582 Οὕτω

352 3611 484 3684 (τοι)
530 3611 621 3665 καὶ
676 3611 1035 3689 Πυθαγόρειοι
1069 3613 1390 3689 συστοιχίας
1439 3616 1586 3678 τινὰς
1636 3615 2013 3689 ἀντικειμένας

353 3698 568 3776 ἐξεῦρον
630 3696 759 3756 δέκα
811 3703 904 3757 τὸν
963 3702 1219 3778 ἀριθμὸν,
1255 3704 1342 3780 ὑφ’
1372 3703 1434 3768 ἃς
1468 3703 1648 3782 ὥσπερ
1710 3705 1788 3768 εἰς
1839 3707 2014 3782 ἀρχὰς

351 3789 420 3843 τὰ
447 3783 578 3844 ὅντα
609 3791 829 3864 (πάντα)
859 3791 1170 3868 συνάγουσι.

2127 3443 2197 3497 Et
2227 3441 2471 3513 proinde
2501 3440 2602 3495 illa
2631 3439 3014 3513 generationi,
3049 3439 3170 3494 haec
3216 3437 3577 3510 corruptioni
3609 3437 3776 3493 simi-

2125 3529 2199 3586 lis
2230 3534 2338 3586 est.
2372 3531 2435 3585 In
2467 3529 2749 3602 qualitate
2779 3545 2916 3586 vero
2947 3528 3148 3584 album
3180 3532 3236 3584 et
3263 3527 3521 3583 calidum
3555 3527 3774 3593 formae,

2125 3619 2363 3692 nigrum
2394 3623 2454 3674 et
2475 3618 2754 3691 frigidum
2774 3618 3032 3674 materie
3064 3616 3568 3690 respondet.Unde
3597 3616 3776 3672 etiam

2124 3708 2411 3765 dealbatio
2480 3713 2536 3764 et
2612 3707 2911 3764 calefactio
2962 3705 3390 3780 generationes,
3447 3705 3776 3778 denigratio

2123 3802 2181 3853 et
2210 3797 2572 3870 refrigeratio
2603 3797 3007 3868 corruptiones
3055 3801 3217 3852 sunt.
3247 3796 3393 3850 Nam
3443 3795 3684 3850 omnino
3715 3794 3777 3849 in

353 3879 822 3952 oppositionibus
852 3883 1278 3954 praastantiora,
1311 3889 1377 3941 ut
1407 3885 1627 3954 formae,
1648 3885 1855 3942 viliora
1883 3891 2103 3953 autem,
2127 3893 2192 3943 ut
2221 3887 2477 3942 materiae
2508 3892 2566 3942 et
2598 3886 2906 3958 privationi
2938 3884 3356 3958 respondentia
3387 3883 3776 3956 accipiuntur,

356 3971 727 4042 Quapropter
783 3971 960 4027 etiam
987 3972 1046 4026 in
1075 3974 1416 4030 universum
1448 3975 1642 4031 omnis
1673 3976 1936 4047 secretio,
1967 3977 2207 4032 omnino
2260 3977 2556 4048 generatio
2585 3994 2599 4044 ;
2650 3976 2942 4032 concretio
2993 3980 3216 4042 contra,
3248 3973 3544 4046 corruptio
3589 3972 3780 4028 vocari

355 4063 552 4130 queat,
585 4064 897 4131 propterea
944 4061 1096 4131 quod
1131 4061 1374 4118 secretio
1406 4063 1759 4120 concretioni
1790 4065 2134 4122 antecellere
2163 4065 2412 4122 videtur.
2437 4065 2647 4121 Melius
2671 4082 2842 4138 porro
2891 4069 2948 4120 et
2968 4066 3138 4137 pejus
3160 4065 3219 4120 in
3242 4063 3519 4120 omnibus
3540 4062 3778 4118 entibus

353 4147 781 4205 consideratur.
815 4149 909 4206 Sic
939 4149 1117 4206 etiam
1148 4151 1493 4224 Pythagorei
1525 4153 1826 4226 oppositas
1856 4159 2145 4226 quasdam
2178 4157 2623 4228 conjugationes
2654 4172 2900 4211 numero
2923 4155 3121 4211 decem
3145 4154 3495 4210 invenerunt
3524 4153 3596 4208 ad
3628 4169 3778 4224 quas

353 4240 640 4310 tanquam
671 4239 744 4294 ad
771 4238 1086 4311 principia,
1118 4239 1318 4296 omnia
1345 4241 1506 4298 entia
1535 4242 1841 4316 colligunt.

354 4345 457 4397 Καὶ
485 4345 520 4413 ἡ
559 4343 665 4426 μὲν.
690 4343 949 4426 κρείττων
971 4349 1110 4426 ,μοῖ-
1185 4346 1252 4426 Ἱξ
1353 4347 1698 4422 ἀντικειμένη
1809 4348 2011 4426 χείρων

429 4433 498 4492 pg
535 4413 665 4492 παρ’
721 4413 907 4478 αὐτοῖς
968 4413 1110 4472 ἔστιν
1187 4413 1346 4488 αὕτη⁹

429 4484 567 4557 αὕτη
577 4506 590 4520 ·

356 4593 614 4668 ’Δγαθὸν,
1184 4596 1384 4666 Κακὸν,

357 4681 555 4758 Πέρας,
1188 4685 1471 4761 ’Δπειρον,

355 4775 464 4849 Περ
474 4773 635 4845 ιττὸν,
1190 4775 1258 4829 ’Δ
1267 4795 1414 4851 ρτιον
1425 4820 1442 4846 ,

354 4862 472 4935 Ἕν,
1192 4863 1438 4937 Πλῆθος,

355 4949 556 5021 Δεξιὸν,
1196 4954 1292 5028 Ἀρ
1301 4955 1506 5030 ιστερὸν
1517 5001 1530 5028 ,

358 5043 507 5112 Φῶς,
1195 5042 1421 5115 Σκότος,

353 5127 578 5206 "Appi-3),
814 5129 818 5134 ’
1191 5130 1369 5202 Θῆλυ,

356 5218 650 5294 Ἠρεμοῦν,
1191 5221 1547 5296 Κινούμενον,

354 5306 524 5380 Εὐθὺ,
1191 5310 1511 5384 Καμπύλον,

350 5397 636 5474 Τετράγων
645 5417 702 5452 ον
712 5440 726 5467 ,
1187 5399 1372 5475 Ἑτερό
1381 5422 1572 5473 μηκες.

426 5506 490 5568 ς’.
523 5507 684 5560 Ὅταν
717 5503 811 5577 μὲν
852 5501 944 5559 οὖν
994 5505 1046 5576 ἐξ
1095 5503 1280 5578 ἄλλης
1329 5507 1516 5571 οὐσιας
1566 5508 1644 5571 εἷς
1689 5507 1869 5579 ἄλλην
1918 5509 2015 5563 οὖ-

353 5592 470 5650 σίαν
515 5588 806 5669 μετάϐασις
845 5593 1084 5671 γίνηται,
1115 5597 1153 5666 ἢ
1203 5595 1254 5668 ἐξ
1298 5596 1504 5670 ἁπλῆς,
1544 5599 1622 5662 ὡς
1662 5597 1724 5654 ἐκ
1769 5600 2013 5675 σπέρμα-

423 5774 444 5809 7
475 5773 502 5828 1
537 5772 862 5846 Metaphys.
894 5789 946 5830 θ.
978 5772 1037 5830 5.

2125 4352 2221 4407 87
2256 4353 2334 4407 Αο
2365 4353 2730 4424 praestentior
2775 4352 2905 4424 qui-
2979 4351 3503 4424 Oppositalautem
3527 4366 3594 4404 ac
3623 4349 3782 4406 dete-

2196 4425 2330 4496 dem
2361 4421 2517 4496 apud
2563 4425 2724 4496 ipsos
2764 4421 2900 4496 pars
3028 4421 3047 4424 ⁷
3070 4421 3200 4478 ἰνίον
3228 4439 3366 4495 pars
3403 4421 3527 4477 haec
3559 4427 3647 4478 est

2196 4495 2318 4550 haec
2348 4495 2457 4550 est.

2125 4605 2376 4658 Bonum.
2988 4601 3234 4658 Malum.

2046 4677 2095 4742 D
2128 4691 2310 4747 Finis.
2993 4691 3320 4748 Inﬁnitum.

2123 4781 2341 4852 Impar.
2991 4786 3122 4838 Par.

2122 4869 2336 4926 Unum.
2986 4871 3324 4926 Multitudo.

2121 4957 2423 5014 Dextrum.
2982 4959 3324 5015 Sinistrum.

2123 5048 2372 5104 Lumen.
2982 5049 3279 5104 Tenebras.

2123 5136 2443 5193 Masculus.
2984 5137 3246 5194 Femina.

2123 5227 2464 5292 Quiescens.
2990 5227 3238 5283 Motum.

2127 5317 2394 5373 Rectum.
2989 5316 3265 5372 Curvum.

2124 5405 2508 5470 Quadratum.
2997 5405 3194 5462 Altera
3223 5410 3386 5478 parte
3414 5406 3670 5480 longius.

2195 5514 2251 5568 6.
2284 5516 2429 5568 Cum
2459 5511 2642 5584 igitur
2667 5527 2736 5566 ex
2766 5509 2884 5567 alia
2920 5512 3255 5568 substantia
3302 5513 3360 5568 in
3412 5512 3589 5570 aliam
3637 5514 3777 5570 sub-

2126 5601 2404 5658 stantiam
2461 5601 2528 5656 ﬁt
2579 5600 2886 5674 transitus,
2918 5605 3022 5658 aut
3077 5618 3146 5658 ex
3202 5601 3572 5679 imperfecta,
3597 5607 3664 5658 ut
3707 5619 3778 5660 ex
