4094 6428
292 412 451 475 1087

1542 405 1968 473 NICEPHOBI
2010 403 2452 468 BLEMMIDIE

3543 403 3704 466 1088

290 547 514 603 semine
543 544 802 615 animal;
839 549 942 602 aut
987 562 1056 602 ex
1103 545 1376 618 perfecta,
1409 547 1476 601 ut
1503 562 1571 600 ex
1603 560 1757 615 aqua
1787 558 1885 597 aer
1917 557 1929 595 :

2048 557 2140 599 τος
2211 540 2373 609 ζῶον,
2421 537 2458 604 ἢ
2509 537 2568 591 ἐκ
2627 533 2859 606 τελείας,
2909 534 2984 598 ὡς
3052 532 3104 605 ἐξ
3149 530 3343 596 ὕδατος
3401 533 3530 610 ἀὴρ,
3577 534 3704 591 τότε

291 641 420 692 tum
471 635 770 708 generatio
817 639 908 690 est
953 635 1319 707 simpliciter.
1352 635 1498 690 Cum
1547 637 1741 689 autem
1787 632 1940 686 circa

290 725 528 802 aliquod
561 726 750 780 forma
777 725 1087 797 praeditum
1118 725 1185 780 ﬁt
1215 725 1462 780 mutatio
1495 722 1719 778 ratione
1747 722 1940 792 cujus-

290 816 426 870 dam
478 814 797 870 accidentis
842 815 997 885 Quod
1050 813 1109 868 in
1156 814 1284 886 ipso
1336 817 1445 880 est,
1472 812 1651 868 veluti
1703 811 1937 883 quando

286 920 440 975 aqua
469 903 684 970 caleﬁt,
715 909 779 958 ut
807 921 841 958 a
872 903 1098 975 liquida
1128 907 1339 958 natura
1370 919 1478 957 sua
1526 918 1643 957 non
1687 900 1936 970 deﬁciat,

283 996 424 1048 tunc
456 993 726 1064 quaedam
753 992 1012 1064 quidem,
1047 990 1218 1047 calidi
1249 990 1552 1061 nimirum,
1585 996 1674 1045 est
1703 1005 1938 1061 genera-

283 1081 388 1151 tio,
430 1085 611 1137 totam
662 1085 857 1136 autem
911 1080 1181 1136 alteratio
1229 1084 1337 1135 est.
1389 1080 1538 1135 Nam
1592 1077 1938 1151 simpliciter

281 1170 580 1243 generatio
600 1171 641 1236 ⁸,
693 1170 876 1239 aliud,
927 1169 1192 1225 alteratio
1241 1173 1460 1237 autem,
1499 1167 1785 1240 qualitate
1835 1167 1934 1222 88

279 1259 554 1314 differens
585 1259 788 1315 efﬁcit.
821 1261 894 1314 At
925 1275 1062 1314 cum
1086 1259 1156 1314 ad
1181 1257 1433 1330 speciem
1457 1257 1716 1330 aliquam
1743 1256 1937 1313 simile

283 1347 506 1419 aliquid
552 1363 620 1402 ex
669 1346 945 1402 dissimili
994 1363 1098 1418 per
1146 1345 1553 1402 alterationem
1601 1346 1933 1418 apponitur,

284 1440 461 1509 atque
491 1436 628 1492 hinc
658 1437 730 1490 ad
763 1453 1022 1492 massam
1051 1439 1107 1491 et
1136 1436 1552 1506 quantitatem,
1586 1452 1714 1507 quae
1757 1440 1846 1490 est
1875 1434 1936 1489 in

281 1542 543 1598 corpore,
564 1525 630 1580 ﬁt
659 1525 936 1595 accessio,
961 1525 1261 1598 generatio
1285 1525 1521 1596 quidem
1547 1528 1638 1581 est
1667 1525 1935 1596 quaedam

279 1615 459 1671 etiam
491 1614 623 1682 hoc,
651 1618 842 1670 totum
873 1617 1068 1669 autem
1103 1613 1524 1686 augmentatio.

348 1706 404 1758 7.
437 1703 630 1760 Veluti
671 1720 805 1759 cum
854 1702 1033 1776 lignis
1082 1703 1205 1776 igni
1258 1703 1543 1776 appositis
1588 1705 1644 1757 et
1673 1701 1936 1758 accensis

279 1792 530 1848 ﬂammae
564 1793 630 1847 ﬁt
668 1791 1117 1848 incrementum.
1150 1792 1392 1856 Quando
1423 1796 1622 1848 autem
1655 1807 1723 1847 ex
1751 1791 1936 1863 ligno-

297 1897 428 1936 rum
455 1885 556 1937 aut
581 1880 832 1936 aliorum
863 1897 1175 1954 corporum
1209 1879 1679 1952 attritioneignis
1704 1879 1934 1936 exstite—
1965 1913 2013 1978 B

275 1971 371 2038 rit,
394 1969 508 2026 tale
540 1970 684 2041 quid
715 1987 832 2025 non
883 1969 1042 2042 ignis
1090 1969 1513 2042 augmentatio,
1546 1969 1648 2026 sed
1700 1973 1932 2024 tantum

275 2058 572 2132 generatio
602 2062 709 2114 est.
743 2058 989 2122 Quando
1020 2059 1274 2131 denique
1304 2058 1460 2130 ignis
1490 2057 1610 2130 igni
1661 2058 1932 2130 adjungi-

274 2152 394 2216 tur,
427 2146 684 2203 accessio
714 2147 869 2219 ignis
913 2150 1145 2202 tantum
1193 2151 1453 2203 vocatur.
1490 2151 1680 2219 Atque
1727 2147 1929 2202 eodem

277 2237 452 2292 modo
485 2253 576 2292 res
607 2235 663 2291 in
694 2236 825 2292 aliis
855 2235 1196 2292 inanimatis
1240 2237 1583 2308 corporibus
1627 2253 1690 2292 se
1739 2237 1930 2293 habet.

277 2327 388 2382 Sed
417 2325 478 2380 in
509 2325 790 2381 animatis
822 2325 895 2381 ad
928 2326 1201 2381 eumdem
1242 2326 1484 2381 modum
1531 2327 1597 2381 ﬁt
1646 2342 1931 2399 augmen-

271 2415 416 2471 tatio
441 2414 768 2471 assimilato
799 2415 1084 2470 nimirum
1117 2415 1478 2472 nutrimento
1510 2431 1615 2487 per
1645 2414 1934 2472 alteratri-

277 2521 404 2560 cem
436 2502 775 2560 facultatem
808 2504 859 2558 ei
893 2505 1049 2575 quod
1082 2503 1361 2572 nutritur,
1386 2508 1443 2560 et
1470 2504 1659 2560 eidem
1693 2505 1932 2578 apposi-

273 2597 353 2662 to,
389 2597 565 2666 atque
612 2592 747 2649 hinc
795 2593 1121 2649 secundum
1175 2593 1614 2665 proportionem
1647 2595 1931 2650 membris

271 2681 532 2752 corporis
585 2679 862 2736 omnibus
912 2681 1428 2737 accrescentibus:
1483 2687 1549 2737 ut
1597 2682 1932 2738 substantia

273 2786 405 2841 quae
425 2770 769 2842 adjungitur
789 2773 985 2824 totum
1007 2769 1249 2825 omnino
1269 2787 1482 2841 corpus
1504 2788 1620 2826 non
1643 2775 1925 2843 penetret,

273 2859 374 2914 sed
427 2858 681 2930 priorem
733 2858 1060 2930 protrudat,
1089 2859 1309 2932 illaque
1355 2860 1617 2916 vicissim
1649 2860 1928 2932 priorem,

273 2956 450 3019 atque
479 2946 561 3002 ita
589 2951 712 3003 tota
742 2950 933 3020 major
963 2949 1085 3017 ﬁat,
1118 2953 1176 3004 et
1221 2949 1548 3005 secundum
1601 2950 1927 3022 proportio-

275 3053 413 3092 nem
442 3040 632 3092 totum
663 3053 877 3109 corpus
908 3041 1230 3105 accrescat;
1264 3037 1766 3110 quemadmodum
1797 3054 1931 3095 con-

275 3131 366 3182 tra
396 3125 457 3180 in
489 3141 728 3198 corpore
758 3127 914 3198 quod
945 3127 1253 3195 minuitur,
1286 3131 1346 3183 et
1395 3131 1659 3199 rugatur,
1693 3127 1928 3200 propin-

275 3214 411 3286 quis
465 3215 736 3287 partibus
793 3215 894 3271 89
953 3216 1248 3272 evacuatis
1308 3216 1648 3272 universum
1716 3233 1929 3288 corpus

277 3283 731 3360 diminutionem
754 3305 934 3372 subit,
953 3305 1586 3378 pertranspositionem
1609 3283 1928 3379 quamd—am
1960 3283 2003 3350 (ἶ

277 3398 335 3450 et
403 3393 884 3449 retrocessionem
970 3394 1361 3451 diminutione
1435 3394 1679 3466 indique
1754 3396 1926 3452 facta.

277 3486 456 3537 Porro
487 3485 683 3538 autem
715 3498 822 3538 nec
853 3484 1007 3555 quod
1040 3483 1228 3538 efﬂuit
1255 3489 1314 3539 et
1353 3482 1622 3554 discedit,
1654 3484 1928 3552 diminui,

274 3587 381 3627 nec
437 3571 594 3641 quod
642 3571 1007 3644 adjungitur,
1041 3572 1240 3646 augeri
1272 3573 1486 3629 dicitur
1519 3591 1533 3642 ;
1587 3575 1824 3631 tametsi
1853 3574 1929 3630 il-

272 3659 374 3715 lud
426 3676 530 3731 per
575 3660 994 3717 detractionem
1039 3663 1259 3732 minus,
1293 3661 1403 3718 hoc
1449 3680 1556 3734 per
1600 3664 1929 3734 adjunctio-

272 3765 408 3805 nem
467 3751 662 3821 majus
722 3750 847 3806 ﬁeri
908 3751 1159 3807 videtur.
1236 3752 1385 3807 Nam
1461 3753 1616 3824 quod
1720 3754 1932 3810 minui-

268 3841 365 3893 tur
439 3842 496 3893 et
571 3842 820 3910 augetur
895 3855 1204 3896 remanere
1278 3845 1565 3913 opportet,
1644 3846 1710 3897 ut
1782 3841 1929 3898 illud

269 3925 510 3998 quidem
563 3927 1020 3984 diminutionem
1069 3929 1384 3998 sustineat,
1424 3930 1532 3987 hoc
1583 3937 1929 4004 augmenta-

270 4017 491 4072 tionem
524 4016 828 4088 suscipiat.
863 4021 931 4071 Et
960 4017 1096 4073 licet
1141 4017 1457 4092 aliquando
1498 4020 1927 4076 nutrimentum

273 4105 336 4160 in
369 4105 576 4162 ﬂatum
602 4109 881 4174 mutetur,
906 4123 1023 4162 non
1047 4110 1243 4164 tamen
1266 4113 1535 4181 augetur.
1555 4110 1702 4166 Nam
1735 4113 1932 4165 muta-

279 4194 364 4250 tio
396 4194 602 4249 ﬂatum
633 4197 723 4250 est
770 4195 1063 4267 corruptio
1118 4196 1303 4268 illius,
1335 4215 1451 4253 non
1507 4197 1928 4271 augmentatio.

278 4283 351 4338 Et
379 4282 489 4338 hoc
518 4284 757 4340 nomine
787 4286 1186 4357 augmentatio
1217 4286 1289 4342 ab
1320 4286 1663 4342 alterations
1699 4287 1933 4343 differre

280 4375 476 4444 queat,
512 4373 667 4444 quod
697 4371 956 4430 alterans
985 4373 1284 4431 interdum
1313 4375 1581 4432 vicissim
1631 4376 1930 4445 alteratur,

280 4462 782 4533 quemadmodum
800 4479 907 4518 nos
930 4463 1280 4520 vestimenta
1299 4481 1426 4536 qua;
1448 4465 1661 4537 frigida
1679 4471 1818 4522 sunt
1840 4482 1932 4521 ca-

277 4549 607 4618 lefacimus,
624 4555 680 4606 et
690 4549 948 4608 vicissim
971 4553 1044 4608 ab
1064 4552 1210 4625 ipsis
1231 4552 1482 4608 calorem
1503 4555 1931 4625 contrahimus;

2048 624 2252 698 γένεσίς
2286 624 2426 680 ἐστιν
2459 623 2676 687 ἀπλῶςο
2705 623 2830 680 ὅταν
2861 621 2918 680 δὲ
2969 624 3184 700 γίνηται
3221 623 3346 700 περί
3391 645 3444 678 τι
3490 621 3702 680 εἷ’δοπε-

2049 715 2350 788 ποιημένον
2416 709 2719 788 μεταϐολὴ,
2776 713 2912 769 κατά
2959 736 3014 769 τι
3082 718 3189 769 τῶν
3269 707 3696 786 συμϐεϐηκότων

2049 804 2214 876 αὐτῷ·
2251 805 2364 859 οἷον
2397 802 2521 859 ὅταν
2566 805 2629 858 τὸ
2678 802 2824 879 ὕδωρ
2873 803 3228 880 θερμαίνηται
3279 809 3381 872 τῆς
3435 800 3708 877 ὑδατηρᾶς

2053 895 2128 967 μὴ
2189 893 2530 967 ἐξιστάμενον
2587 893 2819 971 φύσεως,
2848 893 2972 948 τότε
3012 914 3098 955 τις
3163 893 3257 965 μὲν
3320 887 3429 948 ἔστι
3473 891 3703 968 γένεσις,

2047 987 2145 1038 τοῦ
2204 985 2410 1059 θερμοῦ
2469 980 2751 1053 δηλονότι,
2781 983 2844 1037 τὸ
2897 979 2944 1036 δ’
2973 981 3104 1038 ὅλον
3157 979 3476 1042 ἀλλοίωσις.
3509 983 3574 1036 Ἡ
3607 982 3703 1054 μὲν

2046 1075 2150 1147 γάρ
2179 1071 2372 1135 ἁπλῶς
2401 1071 2606 1147 γένεσις
2655 1069 2796 1128 ἄλλο
2834 1076 3002 1143 ποιεῖ,
3036 1069 3266 1127 ἀλλοῖον
3298 1068 3356 1126 δὲ
3385 1073 3421 1140 ἡ
3454 1069 3710 1126 ἀλλοίω-

2048 1183 2152 1224 σις.
2186 1164 2347 1216 Ὅταν
2381 1159 2439 1217 δέ
2467 1182 2573 1216 τινι
2615 1165 2723 1215 τῶν
2775 1158 2932 1216 εἰδῶν
2974 1159 3172 1233 ὁμοίου
3226 1159 3372 1222 τινὸς
3418 1159 3708 1235 πρόσθεσις

2047 1250 2098 1321 ἐξ
2145 1250 2405 1324 ἀνομοίου
2453 1251 2672 1326 γένηται
2729 1247 2800 1304 ’δι’
2839 1248 3218 1320 ἀλλοιώσεως,
3262 1250 3542 1305 κάντεῦθεν
3589 1248 3706 1304 ἐπί-

2047 1338 2195 1403 δοσις
2225 1345 2323 1394 τοῦ
2354 1334 2518 1416 ὄγκου
2561 1339 2653 1394 καὶ
2698 1343 2795 1394 τοῦ
2833 1343 3006 1394 ποσοῦ
3033 1343 3131 1392 τοῦ
3174 1337 3228 1394 ἐν
3285 1338 3520 1411 σώματι,
3552 1337 3705 1413 γένε-

2045 1451 2128 1492 σις
2183 1429 2275 1503 μέν
2315 1429 2401 1491 τίς
2449 1427 2680 1483 ἐστικαὶ
2727 1426 2789 1483 τὰ
2817 1431 3090 1498 τοιοῦτον,
3119 1427 3183 1482 τὸ
3233 1424 3292 1481 δὲ
3336 1426 3554 1500 σύμπαν
3602 1423 3707 1482 αύ-

2046 1520 2217 1591 ξησις.

2119 1698 2177 1766 ζ’.
2234 1699 2360 1752 Οἴον
2418 1695 2544 1751 ὅταν
2588 1700 2668 1767 τῷ
2718 1695 2849 1768 πυρὶ
2906 1691 3082 1766 ξύλων
3137 1694 3543 1770 προστεθέντων
3611 1693 3708 1749 καὶ

2045 1785 2375 1865 ἐξαφθέντων
2438 1782 2680 1846 ἐπίδοσις
2736 1783 2957 1860 γένηται
3013 1789 3114 1852 τῆς
3170 1781 3400 1862 φλογός.
3431 1785 3596 1838 ’Όταν
3659 1781 3709 1839 δ’

2046 1875 2152 1930 ἀπὸ
2177 1873 2556 1951 παρατρίψεως
2588 1871 2762 1944 ξύλων
2876 1870 3086 1928 λοιπῶν
3146 1873 3414 1945 σωμάτων
3475 1871 3707 1946 γένηται

2042 1969 2172 2037 πῦρ,
2202 1965 2265 2019 τὸ
2320 1968 2566 2018 τοιοῦτον
2627 1962 2726 2017 οὐκ
2783 1958 3004 2034 αὔξησις
3061 1962 3253 2037 πυρὸς,
3293 1959 3441 2017 ἀλλά
3493 1960 3706 2036 γένεσίς

2043 2053 2199 2129 (ἐστι)
2260 2047 2438 2127 μόνον.
2481 2055 2642 2106 Ὅταν
2692 2049 2750 2106 δὲ
2791 2055 2899 2127 πῦρ
2945 2050 3076 2126 πυρὶ
3127 2047 3478 2127 προστεθείη,
3530 2071 3704 2127 προσ-

2045 2146 2186 2215 θήκη
2249 2141 2411 2216 μόνον
2467 2138 2717 2196 καλεῖται
2770 2137 2962 2216 πυρός.
2995 2137 3268 2200 Ὡσαύτως
3330 2133 3378 2192 δ’
3419 2135 3536 2213 ἔχει
3569 2138 3705 2192 κάπὶ

2040 2237 2146 2287 τῶν
2193 2230 2379 2286 ἄλλων
2436 2229 2664 2305 ἀψύχων
2725 2229 3017 2302 σωμάτων.
3069 2223 3354 2296 Ἀλλάδή
3404 2225 3537 2281 κάπὶ
3591 2231 3703 2282 τῶν

2045 2319 2314 2396 ἐμψύχων
2375 2318 2548 2382 οὕτως
2588 2316 2810 2389 αὔξησις
2866 2315 3091 2392 γίνεται,
3148 2322 3249 2386 τῆς
3315 2323 3525 2395 τροφῆς
3585 2315 3703 2389 ἐξο-

2047 2411 2385 2485 μοιουμένης
2420 2407 2681 2480 δηλονότι
2713 2412 2792 2480 τῷ
2820 2407 3140 2485 τρεφομένῳ
3184 2403 3274 2460 διὰ
3300 2412 3404 2476 τῆς
3448 2406 3500 2460 ἐν
3550 2406 3702 2477 αὐτῷ

2043 2499 2414 2568 ἀλλοιωτικῆς
2493 2495 2776 2571 δυνάμεως
2853 2495 2943 2551 καὶ
3021 2494 3453 2572 προστιθεμένης
3529 2494 3696 2566 αὐτῷ’

2040 2591 2319 2644 κάντεῦθεν
2360 2593 2468 2642 τῶν
2513 2585 2782 2660 σωμάτων
2833 2582 3184 2654 ἐπιδιδούσης
3240 2585 3358 2638 κατ’
3406 2583 3698 2660 ἀναλογίαν

2041 2679 2332 2750 ὁλότητος,
2362 2684 2464 2747 τῆς
2498 2677 2592 2750 μὲν
2620 2674 3050 2751 προστιθεμένης
3084 2673 3270 2736 οὐσίας
3323 2675 3400 2746 μὴ
3452 2671 3701 2744 διιούσης

2042 2766 2233 2824 διόλου
2265 2773 2436 2836 πάντη
2470 2771 2568 2822 τοῦ
2614 2767 2891 2839 σώματος,
2923 2763 3283 2838 προωθούσης
3336 2760 3396 2817 δὲ
3441 2763 3542 2831 τὴν
3590 2765 3701 2839 πρὸ

2039 2858 2228 2927 αὐτῆς,
2260 2855 2509 2926 κάκείνης
2557 2854 2814 2916 ὡσαύτως
2859 2855 2961 2923 τὴν
3007 2853 3115 2928 πρὸ
3158 2851 3368 2922 ἐκείνης
3415 2852 3507 2906 καὶ
3553 2850 3700 2907 οὕτω

2037 2954 2139 3017 τῆς
2180 2945 2318 3015 ὅλης
2365 2944 2620 3006 πλείονος
2645 2943 2960 3019 γινομένης,
2993 2942 3084 2997 καὶ
3130 2942 3267 2996 κατά
3313 2935 3477 3016 λόγον
3520 2937 3698 2994 ἐπιδι-

2041 3034 2231 3098 δόντος
2286 3033 2463 3104 πάντη
2520 3038 2618 3089 τοῦ
2675 3034 2951 3106 σώματος·
2995 3030 3177 3108 ὥσπερ
3234 3027 3544 3085 τούναντίον
3607 3027 3699 3084 ἐπὶ

2037 3130 2134 3182 τοῦ
2191 3125 2519 3199 μειουμένου
2583 3121 2674 3178 καὶ
2759 3119 3152 3198 ῥυτιδουμένου
3238 3120 3514 3193 σώματος,
3590 3123 3701 3172 τῶν

2041 3214 2295 3287 πλησίων
2345 3213 2676 3288 κινουμένων
2741 3211 2950 3287 μορίων
2996 3211 3058 3264 τὸ
3115 3214 3220 3265 πᾶν
3278 3213 3440 3282 σῶμα
3494 3209 3700 3283 πάσχει

2039 3307 2139 3374 τὴν
2186 3303 2432 3378 μείωσιν,
2471 3304 2608 3358 κατά
2659 3300 2936 3375 μετάθεσίν
2983 3320 3106 3356 τινα
3166 3298 3257 3354 καὶ
3302 3299 3421 3353 γαθ²
3470 3297 3700 3374 ὑποχώ-

2041 3415 2197 3472 ρησιν
2229 3400 2480 3469 πανταχῆ
2540 3388 2831 3467 γινομένης
2885 3391 2985 3458 τῆς
3049 3389 3352 3460 μειώσεως.
3384 3382 3520 3442 Οὔτε
3549 3383 3608 3442 δὲ
3632 3387 3701 3472 τὸ

2038 3471 2305 3561 ἀπορῥέον
2362 3483 2452 3537 καὶ
2510 3479 2872 3560 ἀφιστάμενον
2943 3477 3158 3555 λέγεται
3227 3480 3532 3551 μειοῦσθαι,
3575 3471 3703 3532 οὔτε

2037 3574 2102 3629 τὸ
2131 3571 2557 3650 προστιθέμενον
2592 3567 2858 3643 αὔξεσθαι,
2889 3567 2987 3624 κᾶν
3035 3567 3098 3623 τὸ
3144 3566 3238 3641 μὲν
3284 3561 3510 3622 ἔλαττον
3562 3562 3700 3640 δοκῇ

2040 3661 2131 3718 διὰ
2157 3666 2255 3717 τοῦ
2286 3661 2625 3740 ἀφαιρεῖσθαι
2671 3658 2982 3734 γινόμενον,
3012 3657 3077 3712 τὸ
3121 3654 3180 3711 δὲ
3227 3659 3411 3730 μεῖζον
3465 3652 3556 3709 διὰ
3599 3659 3704 3710 τοῦ

2037 3749 2439 3827 προστίθεσθαι.
2489 3751 2559 3804 Τὸ
2608 3751 2711 3824 γὰρ
2767 3746 3090 3821 μειούμενον
3136 3746 3226 3800 καὶ
3268 3745 3332 3800 τὸ
3377 3743 3700 3818 αὐξόμενον,

2041 3841 2400 3913 ὑπομένοντα,
2434 3840 2547 3915 χρὴ
2577 3839 2640 3893 τὸ
2676 3838 2770 3912 μὲν
2820 3838 2919 3906 τὴν
2971 3835 3193 3909 μείωσιν
3242 3833 3498 3911 πάσχειν,
3527 3835 3589 3889 τὸ
3640 3831 3702 3889 δὲ

2037 3930 2138 4000 τὴν
2171 3927 2392 3999 αὔξησιν
2445 3924 2719 4003 δέχεσθαι.
2753 3926 2859 3980 Κᾶν
2910 3945 3044 3980 ποτε
3074 3926 3109 3994 ἡ
3139 3923 3321 4002 τρυφὴ
3377 3916 3701 3997 μεταϐάλλῃ

2041 4019 2118 4082 είς
2175 4022 2409 4090 πνεῦμα,
2441 4016 2541 4072 οὐκ
2595 4012 2828 4086 αὔξεταιο
2875 4013 3051 4093 φθορά
3097 4011 3201 4089 γάρ
3258 4011 3399 4067 ἐστιν
3459 4009 3626 4080 αὐτῆς
3659 4014 3699 4081 ἡ

2042 4107 2514 4183 ἐμπνευμάτωσις,
2563 4102 2691 4162 ἀλλ’
2743 4105 2842 4160 οὐκ
2897 4099 3144 4175 αὔξησις.
3194 4101 3300 4158 Κάν
3347 4099 3529 4174 τούτῳ
3577 4098 3699 4156 δια-

2041 4200 2195 4278 φέροι
2243 4196 2301 4253 ἃν
2348 4193 2704 4256 ἀλλοιώσεως
2750 4189 2992 4266 αὔξησις,
3041 4189 3125 4248 ὅτι
3172 4191 3236 4246 τὸ
3290 4192 3384 4278 μὲν
3433 4187 3699 4245 ἀλλοιοῦν

2042 4277 2182 4343 ἔστιν
2217 4285 2308 4341 ὅτε
2353 4283 2796 4354 ἀνταλλοιοῦται,
2828 4283 2966 4337 καθά
3005 4302 3114 4336 που
3159 4279 3226 4335 τά
3251 4277 3466 4353 ιὶμοὶτια
3511 4279 3705 4355 ψυχρά

2042 4373 2172 4432 ὄντα
2228 4374 2588 4452 θερμαίνομεν
2647 4375 2812 4445 ἡμεῖς
2864 4370 2956 4425 καὶ
3026 4367 3552 4446 ἀντιθερμαινόμεθα
3607 4368 3699 4423 ὑπ’

2044 4467 2244 4535 αὐτῶν,
2273 4465 2364 4519 καὶ
2396 4464 2424 4517 ὁ
2456 4461 2508 4517 ἐν
2533 4465 2652 4524 τοῖς
2689 4457 3000 4537 βαλανείοις
3039 4458 3148 4536 ἀὴρ
3195 4461 3346 4532 ἡμᾶς
3395 4455 3701 4534 θερμαίνων

2043 4552 2508 4630 ἀντιθερμαίνεται
2550 4551 2636 4628 ὑφ’
2675 4552 2858 4623 ἡμῶν.
2891 4549 2963 4604 Τὸ
3010 4545 3058 4603 δ’
3101 4546 3258 4621 αὗξον
3304 4545 3404 4603 οὐκ
3445 4545 3700 4618 ἀνταύξε-

281 4645 339 4696 et
370 4637 717 4696 balneorum
749 4658 848 4696 aer
886 4659 992 4698 nos
1023 4641 1368 4698 calefaciens
1393 4643 1652 4700 vicissim
1682 4643 1872 4700 caleﬁt
1901 4662 1932 4700 a

2044 4667 2130 4700 ται
2161 4645 2402 4700 πώποτε.
2438 4639 2863 4716 Προστιθέμενον
2897 4635 2956 4693 δὲ
2993 4641 3092 4710 τῷ,
3130 4636 3411 4711 αὐξομένῳ
3467 4636 3560 4691 καὶ
3619 4636 3700 4699 εἰς

286 4728 556 4785 nobis.At
578 4729 733 4801 quod
751 4735 944 4803 auget,
959 4748 1076 4786 non
1095 4730 1360 4786 vicissim
1381 4736 1632 4805 augetur
1646 4750 1928 4804 unquam;

288 4817 390 4875 sed
415 4834 550 4873 cum
571 4818 622 4874 ei
644 4819 800 4886 quod
823 4823 1072 4892 augetur
1088 4821 1182 4890 adj
1192 4819 1452 4892 ungitur,
1474 4829 1527 4876 et
1547 4821 1608 4877 in
1630 4823 1756 4893 ejus
1779 4823 1934 4895 quod

285 4911 535 4980 augetur
547 4908 940 4963 substantiam
955 4913 1219 4965 mutatur
1231 4910 1302 4964 ah
1315 4910 1643 4966 eanaturali
1663 4911 1936 4968 facultate

287 5013 414 5068 quae
446 4996 506 5050 in
537 5011 605 5051 eo
629 5000 719 5053 est
739 4997 896 5068 quod
919 5003 1203 5070 augetur;
1237 4998 1319 5053 ita
1339 4999 1578 5054 demum
1595 5005 1938 5074 augmenta-

287 5084 501 5140 tionem
534 5089 793 5158 praestat,
821 5085 1186 5142 similaribus
1224 5086 1446 5143 scilicet
1473 5089 1740 5160 partibus
1767 5092 1787 5125 9
1806 5107 1935 5146 eam

285 5173 499 5245 primo,
531 5183 584 5230 et
615 5174 754 5230 hinc
783 5161 888 5230 90
919 5174 1096 5230 etiam
1125 5175 1584 5234 dissimilaribus
1606 5179 1938 5250 excipienti-

284 5263 543 5319 bus.Hoc
560 5269 756 5320 autem
779 5264 1006 5332 ﬁt,cum
1025 5266 1180 5337 quod
1200 5267 1935 5340 adjungiturexsuperatid

287 5352 444 5422 quod
476 5353 802 5409 detrahitur
824 5354 881 5408 in
903 5354 1263 5426 quantitate;
1287 5354 1432 5410 Cum
1446 5357 1602 5412 enim
1616 5359 1937 5430 corporalis

286 5440 532 5496 materia
556 5441 614 5496 in
634 5442 912 5498 continuo
943 5443 1161 5499 efﬂuxu
1178 5448 1235 5499 et
1255 5445 1474 5501 afﬂuxu
1501 5447 1818 5503 constituta
1838 5447 1934 5518 sit,

289 5529 592 5599 quandoid
616 5531 771 5603 quod
796 5531 986 5587 afﬂuit
1007 5537 1064 5588 et
1081 5532 1427 5606 ingreditur,
1443 5534 1676 5607 plusest
1696 5550 1762 5593 eo
1779 5538 1935 5609 quod

2043 4737 2142 4804 τὴν
2192 4737 2289 4788 τοῦ
2334 4729 2634 4804 αὐξομένου
2685 4723 3030 4802 μεταϐάλλον
3098 4726 3300 4798 οὐσίαν,
3354 4725 3459 4782 ὑπὸ
3496 4728 3597 4796 τῆς
3647 4724 3704 4782 ἐν

2045 4823 2191 4895 αὐτῷ
2225 4819 2292 4890 δὴ
2338 4825 2418 4892 τῷ
2463 4819 2742 4892 αὐξομένῳ
2793 4815 3071 4891 δυνάμεως
3117 4821 3372 4895 φυσικῆς,
3405 4814 3550 4872 οὕτω
3595 4816 3704 4886 τήν

2045 4909 2264 4983 αὔξησιν
2297 4908 2677 4986 ἀπεργάζεται,
2709 4910 2818 4962 τῶν
2851 4907 3202 4982 ὁμοιομερῶν
3232 4901 3496 4976 δηλονότι
3543 4904 3700 4982 πρώ-

2043 5023 2151 5064 τως
2211 4997 2522 5076 δεχομένων
2576 4996 2767 5066 αὐτήν,
2799 4997 3077 5061 κάντεῦθεν
3135 4993 3228 5052 καὶ
3281 4997 3388 5050 τῶν
3443 4993 3703 5067 ἀνομοιο-

2049 5094 2250 5168 μερῶν.
2307 5091 2475 5144 Τοῦτο
2552 5085 2610 5142 δὲ
2680 5085 2903 5163 γίνεται,
2965 5083 3088 5141 ὅταν
3144 5085 3207 5140 τὸ
3271 5084 3700 5158 προστιθέμενον

2047 5174 2366 5255 ὑπερϐάλλῃ
2422 5181 2519 5233 τοῦ
2574 5174 2978 5254 ἀφαιρουμένου
3035 5175 3174 5230 κατά
3220 5174 3326 5250 (τὸ)
3357 5172 3551 5232 ποσόν.
3581 5173 3702 5242 Τῆς

2044 5271 2146 5346 γὰρ
2177 5273 2496 5342 σωματικῆς
2527 5265 2666 5337 ὕλης
2710 5263 2761 5321 έν
2822 5268 3041 5340 συνεχεῖ
3095 5260 3488 5333 καθεστηκυίας
3545 5260 3700 5339 ἐπιρ-

2047 5358 2149 5435 ῥοῇ
2177 5379 2237 5413 τε
2264 5357 2354 5412 καὶ
2386 5355 2656 5432 ἀπορῥοῇ,
2689 5353 2812 5410 ὅταν
2849 5355 2945 5428 μὲν
2983 5354 3046 5409 τὸ
3077 5351 3324 5429 ἐπιῤῥέον
3382 5350 3475 5408 καὶ
3531 5350 3699 5407 εἶσιὸν

2045 5447 2237 5503 πλεῖον
2267 5444 2350 5516 εἴη
2383 5450 2480 5502 τοῦ
2529 5443 2893 5522 ἀπορῥέοντος
2950 5443 3042 5499 καὶ
3097 5440 3490 5521 ἀφισταμένου,
3519 5441 3700 5519 τροφὴ

2045 5536 2134 5592 καὶ
2164 5533 2388 5609 αὔξησις
2416 5535 2638 5613 γίνεταιο
2671 5532 2796 5591 ὅταν
2848 5531 2895 5588 δ’
2946 5529 3080 5608 ἴσον,
3111 5532 3288 5613 τροφὴ
3351 5529 3537 5607 μόνον’
3570 5528 3700 5587 ὅσαν

356 5739 377 5772 '
408 5741 485 5799 De
513 5747 642 5802 ortu
663 5748 722 5802 et
749 5744 1010 5818 interitu,
1043 5763 1094 5803 ο.
1127 5749 1181 5803 4;
1257 5748 1283 5804 1
1317 5749 1395 5805 De
1424 5751 1555 5807 ortu
1583 5753 1641 5808 et
1664 5750 1923 5824 interitu,
1955 5769 2007 5810 c.
2037 5752 2095 5812 5.
