4094 6430
394 407 550 468 1089

1721 405 2069 470 ΕΡΙΤΟΜΕ
2113 409 2482 470 PHYSICA.

3648 415 3676 472 1
3689 416 3808 475 090

395 535 452 593 δέ
480 557 545 612 γε
585 535 674 590 καὶ
722 530 965 608 ἔλαττον,
1013 536 1187 613 τροφή
1238 535 1328 591 καὶ
1376 535 1617 610 μείωσις,
1663 535 2045 600 συντελοῦντος

2166 541 2352 596 efﬂuit
2382 546 2439 598 et
2467 542 2996 610 abscedit,nutritio
3019 545 3415 616 augmentatio
3437 545 3529 613 lit;
3573 548 3810 618 quando

391 630 490 682 τοῦ
520 624 852 687 ἐπεισιόντος
895 625 973 688 εἰς
1029 620 1200 700 μόνην
1243 630 1343 681 τοῦ
1393 623 1570 688 εἷ’δους
1610 627 1732 681 τινὰ
1775 627 2044 706 φυλακήν.

395 717 547 772 Ἐστι
575 715 680 791 γὰρ
707 713 797 768 καὶ
831 718 929 769 τοῦ
973 718 1146 770 ποσοῦ
1198 714 1522 788 μειουμένου
1548 716 1612 770 τὸ
1665 713 1808 778 εἶδος
1840 714 2044 793 φυλάτ-

390 806 593 862 τεσθαι.
627 802 701 859 Ού
729 801 835 879 γάρ
880 801 1021 858 ἐστιν
1065 806 1101 874 ἡ
1150 803 1372 878 μείωσις
1419 805 1578 874 καὶὴ
1629 805 1806 883 φθίσις
1853 805 2044 868 ἁπλῶς

393 895 586 974 φθορὰ,
636 891 785 949 ἀλλὰ
821 892 908 981 τὶς
957 893 1156 972 φθορά’
1205 892 1445 971 καθάπερ
1493 897 1529 964 ἡ
1579 891 1798 966 αὔξησις
1844 893 2046 970 γένεσις

388 983 496 1046 τίς.

2158 635 2355 686 autem
2385 631 2606 703 aequale
2636 633 2941 702 duntaxat,
2975 633 3215 689 nutritio
3264 638 3494 690 tantum
3522 659 3538 703 ;
3569 637 3808 706 quando

2158 719 2410 792 denique
2467 721 2685 789 minus,
2737 720 2982 777 nutritio
3029 730 3088 777 et
3133 720 3483 786 diminutio;
3536 727 3602 778 ut
3647 725 3806 796 quod

2157 809 2503 882 ingreditur,
2527 809 2636 866 hoc
2665 815 2892 866 tantum
2918 815 3170 881 praestet,
3200 816 3264 866 ut
3295 812 3518 882 species
3541 829 3803 884 quoquo-

2156 899 2328 954 modo
2373 903 2763 955 conservetur.
2798 903 2996 954 Potest
3023 900 3182 955 enim
3229 901 3405 955 etiam
3439 901 3808 958 decrescente

2158 989 2485 1059 quantitate
2512 989 2740 1060 species
2763 989 3112 1044 conservari.
3137 989 3336 1060 Neque
3357 989 3514 1044 enim
3544 989 3807 1046 diminu-

390 1074 472 1131 tio
504 1077 561 1130 et
607 1071 861 1130 decretio
909 1072 1160 1146 simplex
1185 1075 1276 1131 est
1294 1074 1610 1146 corruptio,
1644 1073 1746 1130 sed
1793 1074 2090 1147 corruptio
2139 1077 2448 1149 quaedam;
2483 1078 2983 1150 quemadmodum
3031 1077 3454 1150 augmentatio,
3502 1080 3805 1152 generatio

393 1164 687 1237 quadam.

465 1253 536 1322 η’,
568 1250 690 1306 Ἐπὶ
740 1247 800 1305 δὲ
841 1255 945 1320 τῆς
991 1248 1128 1305 κατὰ
1171 1249 1340 1304 τόπον
1378 1245 1690 1323 μεταϐολῆς
1722 1252 1758 1320 ἡ
1808 1251 1903 1324 μὲν
1937 1252 2048 1307 ἅνω

391 1341 528 1396 κατὰ
576 1339 732 1418 φύσιν
784 1339 944 1414 φορά,
989 1339 1080 1394 καὶ
1133 1341 1170 1408 ἡ
1221 1338 1296 1402 εἷς
1344 1339 1413 1394 τὰ
1460 1336 1624 1412 δεξιὰ,
1657 1339 1745 1393 καὶ
1794 1341 1829 1408 ἡ
1878 1339 1953 1404 εἰς
1982 1340 2050 1396 τὰ

393 1429 719 1507 ἔμπροσθεν,
771 1428 1004 1505 γενὲσεις
1051 1427 1110 1484 ἂν
1161 1429 1264 1483 εἶὲν
1290 1448 1455 1491 τινες·
1505 1429 1699 1507 φθοραὶ
1750 1426 1808 1483 δὲ
1835 1449 1978 1491 τινες
2008 1433 2043 1499 ἡ

393 1521 470 1582 εἷς
513 1521 581 1574 τὰ
626 1520 773 1574 κάτω
821 1519 991 1595 φορὰ,
1041 1518 1130 1572 καὶ
1180 1521 1216 1587 ἡ
1268 1519 1345 1581 εἰς
1396 1518 1670 1595 ἀριστερὰ,
1727 1519 1815 1574 καὶ
1866 1519 1942 1581 εἰς
1981 1522 2047 1574 τά

392 1605 633 1667 ὄπισθεν.

2229 1255 2284 1308 8.
2317 1259 2394 1310 At
2424 1255 2483 1310 in
2514 1271 2582 1312 ea
2613 1256 2936 1312 mutatione
2975 1273 3100 1328 quae
3131 1272 3234 1328 per
3261 1255 3456 1312 locum
3489 1257 3574 1328 ﬁt,
3605 1259 3677 1314 ad
3709 1276 3810 1315 su-

2159 1343 2445 1416 periorem
2476 1349 2534 1399 et
2583 1345 2844 1400 dextram
2877 1349 2934 1400 et
2978 1345 3328 1400 anteriorem
3358 1351 3583 1416 partem
3617 1352 3811 1404 motus

2158 1433 2464 1499 naturalis,
2488 1433 2894 1505 generationes
2925 1435 3192 1505 quaadam
3219 1453 3232 1502 ;
3265 1435 3544 1489 contrain
3577 1435 3812 1492 inferio-

2155 1538 2303 1590 rem,
2334 1526 2392 1577 et
2434 1523 2738 1578 sinistram
2793 1528 2851 1579 et
2899 1523 3284 1595 posteriorem
3331 1529 3559 1595 partem
3593 1530 3812 1595 motus,

2156 1611 2558 1684 corruptiones
2589 1613 2858 1684 quaedam
2889 1612 3003 1668 dici
3034 1616 3271 1684 queant.

1687 1823 2032 1880 SYNOPSIS
2068 1824 2348 1882 CAPITIS
2386 1825 2507 1882 VII.

1761 1928 1913 1975 QUOD
1953 1929 2054 1968 EST
2091 1930 2162 1969 DE
2200 1931 2449 1971 NATURA.

391 2032 488 2086 οι
527 2033 584 2123 1ἶ
613 2028 839 2110 Deﬁnit
865 2037 1149 2123 naturam
1175 2036 1232 2123 et
1259 2027 1658 2123 deﬁnitionem
1684 2027 2145 2123 paraphrastice
2166 2032 2630 2123 interpretatur.
2656 2066 2734 2076 —
2753 2035 2811 2122 2..
2845 2031 3027 2093 Docet
3054 2030 3342 2123 quomodo
3374 2032 3432 2091 in
3461 2032 3804 2123 deﬁnitione

477 2109 709 2193 naturae
736 2109 1086 2193 vocabulum
1102 2119 1304 2193 motus
1331 2109 1410 2193 sit
1436 2109 1865 2193 accipiendum,
1899 2119 1955 2169 et
1983 2111 2145 2193 quod
2170 2109 2394 2172 natura
2418 2114 2495 2172 sit
2531 2131 2710 2193 causa
2738 2113 2867 2192 ejus
2892 2109 3259 2193 propinqua,
3293 2109 3536 2193 ipsaque
3560 2116 3735 2176 etiam
3764 2134 3802 2174 a

477 2191 598 2253 Deo
626 2201 930 2252 moveatur
951 2210 977 2266 ;
1004 2191 1112 2250 ubi
1132 2189 1615 2272 etiamdistincte
1643 2189 1852 2272 tradit,
1877 2189 2166 2271 quomodo
2193 2202 2416 2272 natura
2439 2189 2774 2253 secundum'
2805 2189 3097 2253 rationem
3121 2189 3569 2272 agere'dicatur
3601 2214 3614 2254 :
3651 2194 3804 2254 unde

473 2272 657 2355 infert
680 2279 960 2355 naturam
989 2271 1195 2332 merito
1224 2289 1262 2332 a
1292 2269 1542 2355 Platon;
1561 2289 1800 2355 causam
1814 2269 2327 2355 instrumentalem
2356 2291 2471 2333 esse
2498 2271 2878 2354 appellatam,
2911 2283 2968 2355 et
2992 2269 3188 2355 actum
3212 2274 3342 2352 ejus
3361 2274 3561 2355 potius
3588 2294 3802 2355 quam-

477 2350 616 2413 dam
641 2353 1066 2433 perpessionem
1095 2370 1233 2413 esse.
1265 2385 1342 2395 —
1374 2353 1431 2412 3.
1476 2350 1601 2414 Cur
1629 2351 1691 2412 in
1721 2350 2054 2433 deﬁnitione
2083 2351 2434 2433 adjiciatur,
2460 2350 2750 2426 cui'inest,
2781 2373 2881 2414 seu
2910 2354 3039 2433 ejus
3070 2354 3131 2413 in
3160 2350 3275 2433 quo
3297 2350 3381 2413 est
3401 2352 3433 2410 ?
3453 2389 3531 2398 —
3549 2350 3615 2416 4:
3649 2353 3798 2429 Cur,

464 2430 666 2513 primo
687 2430 719 2492 ἓ
745 2430 824 2478 L-
849 2433 907 2492 5.
949 2431 1097 2506 Cur,
1119 2451 1244 2513 per
1261 2451 1340 2503 se,
1375 2441 1431 2492 et
1459 2451 1579 2492 non
1605 2430 1919 2513 secundum
1949 2430 2262 2493 accidens?
2296 2465 2368 2476 -—
2396 2435 2456 2492 6.
2495 2434 2614 2494 Per
2655 2430 2966 2494 collarium
2993 2430 3235 2513 exponit
3263 2433 3575 2494 discrimen
3605 2454 3802 2495 rerum

470 2512 842 2606 naturalium
871 2521 928 2606 et
956 2512 1505 2606 artiﬁCialiumL—
1534 2517 1594 2574 7.
1626 2512 1828 2606 Quare
1856 2522 2080 2606 natura
2096 2521 2171 2606 \et
2197 2523 2384 2606 motus
2405 2523 2460 2574 et
2483 2514 2697 2606 quietis
2716 2512 3089 2606 principium
3136 2513 3396 2606 dicatur,
3420 2524 3483 2606 et
3511 2514 3802 2596 quomodo

471 2593 576 2677 hoc
603 2591 1248 2677 accipiendumsit._—
1375 2593 1672 2677 Quomodo
1718 2593 2023 2677 differant,
2059 2591 2118 2644 τὸ
2167 2602 2389 2677 natura
2435 2591 2514 2654 εἴ
2533 2591 2849 2655 secundum
2904 2591 3206 2677 naturam,
3239 2603 3293 2654 et
3315 2595 3469 2677 quid
3492 2591 3809 2677 utrumque

401 2715 410 2730 .
470 2675 569 2734 sit.
603 2708 679 2719 ——
705 2672 767 2736 9.
801 2673 1101 2756 Superius
1121 2673 1432 2735 discrimen
1460 2674 1797 2756 conﬁrmat,
1829 2681 1888 2732 et
1913 2672 1994 2733 ad
2014 2692 2091 2756 ea
2113 2692 2244 2754 qua
2268 2673 2426 2756 ﬁunt
2455 2685 2678 2756 praeter
2705 2684 2985 2736 naturam
3026 2675 3218 2756 refert
3243 2672 3418 2756 etiam
3447 2676 3596 2736 vitia
3624 2695 3664 2737 a
3692 2672 3802 2736 na-

475 2763 614 2815 tura
641 2753 946 2835 contracta
972 2763 1033 2814 et
1059 2753 1340 2835 defectus,
1373 2763 1431 2816 et
1456 2754 1718 2835 reliquas
1749 2763 1996 2835 natura
2025 2753 2550 2835 aberrationes,'ut
2579 2756 2637 2814 in
2681 2755 2977 2828 monstris,
3012 2755 3119 2814 ubi
3160 2753 3341 2814 simul
3384 2764 3630 2816 istorum
3661 2775 3807 2816 cau-

471 2853 598 2895 sam
627 2834 994 2917 materialem
1021 2833 1260 2914 quidem
1287 2837 1550 2917 exponit.
1575 2833 1662 2882 ῖ-
1693 2834 1792 2896 10.
1824 2833 2161 2895 Discrimen
2190 2834 2471 2915 explicat,
2502 2835 2790 2916 quomodo
2826 2845 3046 2916 praeter
3073 2845 3357 2897 naturam
3385 2844 3441 2896 et
3466 2855 3653 2917 supra
3683 2856 3796 2898 na-

476 2923 673 2976 turam
701 2913 1011 2995 diﬂ'erant.

1007 3131 1310 3185 ΚΕΦΑΛ.
1353 3127 1438 3184 Ζ’.

1030 3217 1163 3293 Περὶ
1194 3215 1424 3293 φύσεως.

467 3305 533 3362 α’.
565 3302 734 3367 Φύσις
763 3302 904 3360 ἐστὶν
950 3305 1098 3381 ἀρχὴ
1147 3307 1411 3375 κινήσεως
1456 3305 1546 3359 καὶ
1595 3305 1854 3380 ἠρεμίας,
1905 3305 1957 3361 ἐν
2005 3306 2052 3378 ᾧ

397 3392 630 3470 ὑπάρχει
681 3395 916 3468 πρώτως
965 3395 1080 3448 καθ’
1130 3392 1260 3449 αὐτὸ
1309 3394 1400 3448 καὶ
1465 3395 1539 3466 μὴ
1587 3394 1724 3449 κατά
1769 3389 2050 3468 συμϐεϐη-

391 3482 511 3545 κός.
543 3483 694 3537 Ἐπεὶ
726 3480 772 3537 δ’
802 3485 838 3552 ἡ
888 3482 1100 3554 κίνησις
1149 3481 1390 3559 ἐνέργεια
1433 3487 1532 3537 τοῦ
1579 3480 1802 3557 δυνάμει
1835 3483 2051 3559 ἐλέγετο

392 3572 526 3627 καθὸ
559 3569 807 3647 δυνάμει,
856 3572 1017 3650 ἀργία
1065 3571 1123 3628 δὲ
1167 3571 1364 3627 τούτου
1407 3576 1443 3643 ἡ
1490 3573 1713 3650 ἠρεμία·
1767 3575 1830 3628 τὸ
1879 3571 2051 3628 αἴτιον

392 3668 494 3731 τῆς
549 3660 810 3731 τοιαύτης
861 3661 1131 3738 ἐνεργείας
1189 3662 1279 3717 καὶ
1337 3660 1529 3738 ἀργίας
1584 3665 1619 3732 ἡ
1671 3663 1828 3741 φύσις
1886 3663 2052 3734 ἐστὶν,

393 3749 561 3826 ἤγουν
617 3753 652 3820 ἡ
706 3751 852 3828 παρὰ
892 3756 990 3806 τοῦ
1042 3749 1384 3828 δημιουργοῦ
1422 3757 1541 3814 τοῖς
1596 3758 1844 3831 φυσικοῖς
1903 3751 2054 3806 ἐντε-

397 3841 546 3894 θεῖσα
593 3846 753 3894 πᾶσιν
807 3838 1188 3912 ἐπιτηδειότης
1243 3840 1333 3895 καὶ
1394 3838 1624 3916 δύναμις
1683 3841 1782 3896 οὐκ
1839 3841 2055 3896 ἐπείσα-

394 3949 521 3991 κτος
552 3929 690 4006 πρὸς
735 3930 800 3984 τὸ
853 3930 944 4008 ἀφ’
994 3931 1196 3984 ἑαυτῶν
1242 3931 1500 3984 κινεῖσθαι
1546 3931 1636 3985 καὶ
1667 3926 2049 4004 μεταϐάλλειν⁷

397 4017 486 4073 καὶ
525 4016 691 4074 πάλιν
740 4018 830 4096 ἀφ’
880 4020 1082 4074 ἑαυτῶν
1130 4017 1390 4082 παύεσθαι
1439 4025 1546 4088 τῆσ
1587 4018 1849 4090 τοιαύτης
1897 4023 2052 4091 κινή-

398 4129 534 4170 σεως
563 4107 655 4162 καὶ
708 4102 1039 4182 μεταϐολῆς·
1071 4109 1107 4177 ἡ
1157 4107 1383 4178 τοιαύτη
1426 4107 1644 4171 τούτοις
1691 4107 1842 4172 ἐντὸς
1869 4109 2051 4164 οἰκου-

401 4201 568 4272 ροῦσα
597 4194 789 4276 εὐφυΐα
818 4196 974 4275 φύσις
1005 4195 1337 4270 ὠνόμασται.

474 4287 546 4360 β’.
603 4288 712 4356 Τὴν
770 4285 984 4358 κίνησιν
1027 4283 1086 4342 δὲ
1130 4280 1633 4361 παραλαμϐάνομεν
1681 4286 1904 4342 ἐνταῦθα
1943 4307 2056 4342 κοι-

397 4375 613 4453 νότερον
663 4374 781 4431 ἀντὶ
829 4374 1007 4447 πάσης
1061 4371 1376 4450 μεταϐολῆς
1411 4421 1424 4434 .
1473 4375 1684 4448 Ταύτης
1724 4383 1826 4447 τῆς
1881 4397 2057 4450 μετα-

399 4459 614 4536 ϐολῆς,
674 4463 854 4539 ὥσπερ
913 4462 980 4535 δὴ
1040 4467 1130 4520 καὶ
1184 4465 1288 4536 τῆς
1345 4460 1752 4539 ἀμεταϐλησίας
1807 4468 1842 4536 ἡ
1895 4466 2052 4544 φύσις

397 4553 542 4608 αῗτία
589 4553 754 4626 ἐστὶν,
803 4554 950 4609 αἰτία
997 4556 1281 4630 προσεχής
1326 4575 1386 4609 τε
1434 4554 1525 4609 καὶ
1569 4557 1762 4626 κινητή
1802 4597 1815 4610 .
1867 4562 2054 4611 Κινου-

401 4644 535 4718 μὲνη
586 4643 692 4721 γὰρ
721 4642 878 4722 φύσις
918 4648 1078 4700 κινεῖ.
1130 4644 1372 4720 Πρώτως
1419 4640 1477 4697 δὲ
1523 4643 1613 4698 καὶ
1661 4643 1933 4716 ἀκινήτως
1964 4647 2054 4701 καὶ

395 4733 600 4808 κυρίως
652 4732 797 4787 αἰτία
843 4737 952 4788 τῶν
997 4733 1245 4788 ἁπάντων
1288 4732 1378 4788 καὶ
1429 4732 1599 4802 αὐτῆς
1644 4740 1744 4802 τῆς
1784 4733 1993 4812 φύσεως
2025 4737 2054 4789 6

399 4821 551 4884 Θεός.
583 4821 648 4876 Εἰ
680 4819 738 4876 δὲ
766 4822 855 4877 καὶ
886 4827 1060 4878 ποιεῖν
1092 4824 1128 4892 ἡ
1160 4822 1319 4900 φύσις
1369 4820 1585 4898 λέγεται
1635 4823 1724 4878 καὶ
1770 4825 1906 4878 κατὰ
1955 4824 2050 4879 λό-

397 4931 491 4985 γον
533 4915 728 4984 ποιεῖν,
781 4909 909 4966 ἆλλ’
955 4911 983 4965 ὁ
1033 4909 1323 4979 ποιητικὸς
1377 4909 1542 4986 λόγος
1595 4908 1773 4974 διττός
1809 4935 1820 4946 ι
1874 4913 1902 4966 ὁ
1956 4915 2051 4986 μὲν

399 5003 713 5074 γνωστικῶς
765 5004 939 5056 ποιῶν
985 4999 1076 5054 καὶ
1124 5000 1325 5074 κυρίως
1373 5005 1567 5073 ποιῶν,
1619 5002 1647 5054 ὁ
1697 4999 1755 5056 δὲ
1798 5003 2051 5077 γνώσεως

403 5088 499 5161 μὲν
559 5089 684 5167 ἄτερ
731 5088 821 5144 καί
862 5096 964 5159 τῆς
1017 5091 1092 5151 εἰς
1143 5089 1329 5144 ἑαυτὸν
1376 5089 1740 5168 ἐπιστροφῆς,
1799 5093 2054 5168 τεταγμέ-

399 5199 508 5240 νως
555 5175 614 5233 δὲ
661 5179 751 5233 καὶ
797 5178 1114 5255 ὡρισμένως
1167 5179 1256 5232 καὶ
1306 5177 1723 5254 προηγουμένου
1767 5181 1915 5242 τινὸς
1963 5183 2050 5236 τέ-

399 5265 532 5330 λους
560 5265 732 5324 ἕνεκα.
785 5271 929 5323 Κατὰ
974 5273 1162 5323 τοῦτον
1211 5268 1304 5322 τὸν
1352 5264 1518 5342 λόγον
1552 5271 1588 5337 ἡ
1627 5268 1782 5346 φύσις
1835 5269 2048 5346 λέγεται

396 5361 592 5430 ποιεῖν,
643 5354 846 5432 ἄλογος
895 5354 1027 5412 οὖσα
1068 5357 1204 5412 κατὰ
1247 5357 1340 5411 τὸν
1389 5361 1607 5432 πρῶτον
1653 5355 1843 5433 λόγον.
1893 5363 2048 5423 Ὅθεν

396 5445 620 5510 εἰκότως
673 5447 961 5522 ὀργανικὸν
1012 5443 1182 5502 αἶ’τιον
1239 5447 1268 5500 6
1331 5443 1561 5502 Πλάτων
1609 5447 1811 5518 ταύτην
1863 5449 2044 5526 φησίν·

394 5534 616 5614 ἐπείπερ
665 5535 848 5614 ὥσπερ
899 5537 962 5592 τὸ
1010 5538 1308 5614 σκέπαρνον
1340 5537 1376 5606 ἢ
1409 5537 1438 5590 ὁ
1468 5537 1645 5613 πρίων
1697 5538 1797 5592 οὐκ
1835 5536 2044 5594 οἴδασιν

391 5622 545 5681 οὐδὲν
577 5625 631 5681 ἦν
661 5632 781 5689 τοῖς
809 5631 1119 5702 τεχνητοῖς,
1152 5624 1327 5688 οὕτως
1375 5623 1492 5679 οὐδ’
1537 5625 1590 5680 ἐν
1622 5632 1741 5689 τοῖς
1791 5633 2041 5705 φυσικοῖς

465 5754 512 5795 ³ο
537 5755 576 5813 2
601 5752 778 5831 Phys.
808 5771 888 5827 c.,
916 5757 962 5815 t.
991 5755 1048 5815 3.
1127 5757 1171 5794 ιι
1207 5755 1237 5812 1
1268 5757 1350 5814 De
1376 5751 1634 5830 legibus,
1665 5771 1724 5830 p.
1755 5754 1887 5817 767.

2085 3133 2134 3198 B

2785 3129 3016 3186 CAPUT
3053 3129 3172 3186 VII.

2818 3221 2896 3274 De
2923 3227 3152 3275 natura.

2235 3311 2283 3363 1.
2317 3309 2534 3364 Natura
2566 3311 2608 3351 ¹ο
2636 3311 2726 3364 est
2749 3309 3099 3382 principium
3127 3311 3321 3364 motus
3350 3311 3409 3363 et
3439 3306 3656 3379 quietis
3676 3308 3806 3378 ejus
3862 3355 3874 3368 .

2161 3398 2222 3454 in
2253 3415 2370 3470 quo
2399 3402 2508 3468 est,
2550 3397 2760 3470 primo,
2792 3415 2896 3470 per
2923 3414 3005 3465 se.
3037 3401 3096 3453 et
3144 3415 3262 3453 non
3309 3397 3636 3452 secundum
3667 3396 3814 3452 acci-

2161 3489 2325 3544 dens.
2360 3488 2649 3554 Quoniam
2680 3491 2879 3543 autem
2911 3491 3107 3543 motus
3136 3488 3266 3558 ejus
3295 3487 3397 3543 92
3421 3486 3579 3557 quod
3611 3491 3811 3558 poten-

2159 3577 2242 3632 tia
2256 3581 2347 3632 est
2365 3581 2655 3649 quatenus
2675 3583 2764 3632 est
2784 3577 3044 3649 potentia
3061 3580 3248 3641 actus,
3275 3581 3333 3632 et
3351 3575 3519 3648 quies
3542 3575 3807 3646 ejusdem

2161 3665 2410 3722 cessatio
2441 3666 2741 3720 dicebatur
2765 3684 2779 3734 ;
2812 3665 2992 3736 hujus
3017 3670 3181 3722 actus
3198 3669 3254 3720 et
3270 3663 3612 3721 cessationis
3633 3680 3813 3718 causa

2160 3759 2250 3810 est
2280 3760 2490 3810 natura
2520 3771 2534 3810 ε
2568 3754 2676 3810 hoc
2706 3758 2816 3822 est,
2850 3756 3023 3810 rebus
3071 3755 3347 3810 omnibus
3379 3751 3748 3809 naturalibus
3777 3769 3813 3808 a

2161 3843 2459 3899 conditore
2487 3842 2668 3898 insita
2695 3843 2982 3915 aptitudo,
3015 3848 3072 3898 et
3102 3844 3362 3914 potentia
3390 3859 3506 3898 non
3538 3842 3810 3897 adventi—

2160 3933 2266 4000 tia,
2295 3949 2411 4004 qua
2441 3949 2476 3987 a
2518 3931 2731 4004 seipsis
2778 3932 2996 3987 moveri
3044 3937 3102 3987 et
3148 3931 3385 4000 mutari,
3418 3935 3476 3986 et
3520 3947 3728 3987 rursus
3781 3948 3816 3985 a

2163 4021 2374 4092 seipsis
2422 4022 2494 4076 ab
2542 4020 2834 4092 ejusmodi
2879 4025 3042 4076 motu
3091 4025 3148 4076 et
3215 4021 3542 4076 mutatione
3583 4037 3814 4076 cessare

2162 4113 2408 4182 queunt.
2439 4109 2746 4179 Ejusmodi
2775 4126 2903 4181 quae
2935 4109 2995 4165 in
3026 4109 3173 4182 ipsis
3201 4110 3429 4166 habitat
3459 4113 3680 4165 naturae
3711 4125 3816 4182 ap-

2160 4200 2372 4267 titudo,
2406 4202 2619 4254 natura
2647 4198 2950 4254 nominata
2973 4203 3082 4254 est.

2231 4291 2285 4344 2.
2318 4292 2497 4344 Porro
2528 4291 2752 4344 motum
2780 4286 2875 4342 hic
2919 4287 3313 4344 communiter
3342 4303 3446 4360 pro
3495 4286 3650 4343 omni
3684 4303 3815 4342 mu-

2161 4377 2381 4433 tatione
2412 4375 2754 4447 accipimus.
2788 4374 2978 4446 Hujus
3004 4374 3186 4448 igitur
3215 4375 3583 4444 mutationis,
3615 4391 3818 4447 quem-

2163 4465 2484 4523 admodum
2510 4469 2569 4521 et
2593 4463 2904 4521 vacuitatis
2935 4481 2970 4519 a
3018 4463 3362 4531 mutatione,
3396 4480 3576 4520 causa
3605 4467 3819 4519 natura

2165 4559 2272 4612 est.
2304 4555 2514 4624 Causa,
2557 4553 2822 4626 inquam,
2855 4552 3187 4626 propinqua
3217 4557 3276 4608 et
3318 4552 3503 4608 motui
3533 4553 3816 4622 subjecta.

2162 4645 2383 4700 Natura
2409 4643 2568 4700 enim
2595 4646 2881 4710 movetur,
2908 4647 2967 4698 et
2997 4641 3078 4697 ita
3107 4643 3347 4697 demum
3378 4644 3590 4696 movet.
3626 4640 3818 4696 Primo

2163 4739 2360 4789 autem
2391 4736 2449 4788 et
2478 4732 2604 4787 sine
2635 4736 2797 4788 motu
2848 4736 2905 4786 et
2951 4730 3204 4804 proprie,
3237 4731 3525 4796 omnium,
3557 4729 3820 4800 adeoque

2161 4823 2351 4896 ipsius
2382 4822 2558 4877 etiam
2610 4825 2832 4876 natura
2885 4837 3082 4886 causa,
3119 4825 3270 4874 Deus
3300 4823 3408 4874 est.
3463 4818 3584 4872 Etsi
3615 4822 3812 4872 autem

2161 4912 2337 4968 etiam
2369 4915 2580 4966 natura
2610 4910 2796 4965 facere
2827 4908 3061 4974 dicitur,
3087 4913 3143 4964 et
3173 4907 3496 4963 secundum
3528 4906 3813 4963 rationem

2161 5001 2320 5068 facit,
2353 5004 2552 5055 tamen
2581 4999 2842 5053 efficiens
2891 4999 3040 5052 ratio
3071 4997 3284 5068 duplex
3330 5000 3420 5052 est
3453 5013 3465 5050 :
3500 4994 3681 5051 altera
3713 5010 3816 5065 per

2161 5089 2465 5146 scientiam
2497 5093 2553 5144 et
2578 5088 2809 5160 proprie
2839 5087 3080 5155 faciens,
3109 5086 3290 5142 altera
3322 5085 3454 5142 ‘sine
3485 5083 3729 5140 scientia
3757 5086 3816 5137 et

2161 5178 2471 5236 reﬂexione
2501 5178 2573 5232 ad
2606 5177 2884 5248 seipsam,
2919 5176 3182 5232 ordinate
3213 5180 3411 5230 tamen
3463 5177 3520 5229 et
3550 5173 3733 5241 ﬁnite,
3761 5177 3820 5227 et

2161 5267 2557 5325 antecedentis
2587 5266 2840 5337 alicujus
2866 5266 3001 5321 ﬁnis
3022 5265 3231 5338 gratia.
3259 5264 3456 5327 Quoad
3478 5263 3630 5318 hanc
3650 5261 3821 5317 ratio-

2161 5375 2296 5414 nem
2327 5360 2536 5412 natura
2565 5355 2784 5410 dicitur
2811 5354 3021 5422 facere,
3058 5370 3192 5409 cum
3226 5353 3419 5424 quoad
3451 5351 3708 5423 priorem
3733 5366 3819 5404 ra-

2161 5449 2380 5503 tionem
2408 5461 2612 5516 expers
2644 5444 2888 5499 rationis
2919 5443 3014 5499 sit.
3045 5443 3207 5498 Unde
3239 5441 3416 5498 etiam
3449 5440 3658 5496 merito
3685 5455 3820 5494 cau-

2159 5554 2288 5593 sam
2318 5537 2422 5592 98
2450 5532 2963 5590 instrumentalem
3010 5532 3168 5588 Plato
3202 5533 3242 5567 “
3273 5548 3404 5588 eam
3435 5528 3812 5603 pronuntiat;

2158 5625 2463 5701 quoniam,
2496 5629 2564 5680 ut
2591 5623 2750 5680 ascia
2779 5627 2838 5679 et
2867 5639 3031 5678 serra
3059 5621 3208 5678 nihil
3239 5620 3483 5678 omnino
3513 5621 3733 5677 norunt
3751 5616 3811 5674 in
