4094 6432
320 373 470 434 1091

1571 362 1997 431 NIGEPHORI
2043 359 2481 433 BLEMMIDIE

3574 370 3741 436 4092

318 502 496 558 rebus
526 499 954 567 artificialibus,
985 498 1069 556 sic
1119 514 1312 572 neque
1342 503 1551 556 natura
1593 500 1653 557 in
1686 498 1955 557 naturall-

2081 501 2117 569 ἡ
2146 499 2325 577 φύσις.
2360 498 2539 556 Πάντα
2568 497 2626 556 δὲ
2659 499 2840 574 μόνως
2883 501 2912 556 6
2953 498 3294 580 δημιουργὸς
3331 508 3460 569 νοῦς
3489 525 3738 582 προαιω-

316 591 449 647 bus.
472 590 607 647 Sola
637 594 835 646 autem
866 588 966 645 illa
997 589 1267 645 omnium
1299 605 1497 645 rerum
1532 589 1970 646 architectatrix

318 697 487 738 mens
518 683 652 736 ante
680 696 867 736 azvum
897 679 1008 734 scit
1037 678 1236 735 omnia
1250 684 1309 733 et
1335 678 1567 751 proprie
1598 678 1754 745 facit,
1772 682 1838 734 ut
1865 696 1967 735 na-

317 775 454 827 tura
483 767 670 826 solam
719 767 1133 841 aptitudinem,
1167 783 1346 840 quam
1376 784 1411 823 a
1458 784 1655 823 rerum
1702 768 1967 823 omnium

318 858 619 916 conditore
649 857 892 929 accepit,
926 855 1150 912 inferne
1171 856 1460 928 prmbeat;
1492 855 1618 929 ipse
1647 862 1846 911 autem
1877 873 1967 911 re-

319 965 453 1004 rum
482 946 750 1004 omnium
794 946 1060 1002 conditor
1089 961 1194 1018 pro
1226 962 1335 1001 sua
1374 944 1671 1001 voluntate
1703 946 1879 1001 tinem
1910 948 1968 1001 et

319 1036 739 1111 perfectionem
792 1051 1043 1107 superne
1088 1039 1371 1106 tanquam
1423 1033 1613 1090 lucem
1643 1035 1965 1106 quamdam

320 1125 600 1200 porrigat.
631 1123 795 1180 Unde
844 1123 1019 1179 etiam
1066 1128 1288 1179 naturae
1337 1126 1504 1179 actus
1549 1123 1846 1196 perpessio
1877 1127 1968 1179 est

317 1213 536 1288 potius.
569 1212 663 1269 Sic
691 1213 848 1269 enim
878 1211 1051 1268 modo
1083 1211 1238 1283 facit,
1273 1215 1338 1267 ut
1366 1212 1624 1284 patiatur
1652 1213 1829 1268 etiam
1863 1229 1877 1268 :
1909 1216 1967 1269 et

316 1304 401 1362 sic
433 1307 649 1370 movet,
679 1306 745 1358 ut
773 1301 948 1357 etiam
980 1305 1301 1357 moveatur.
1327 1305 1415 1357 Ita
1445 1301 1727 1357 nimirum
1758 1305 1966 1358 natura

316 1398 407 1451 est
436 1391 793 1466 principium
840 1394 899 1447 et
944 1407 1123 1447 causa
1169 1394 1365 1446 motus
1397 1408 1514 1463 quo
1563 1395 1827 1447 movetur
1857 1390 1965 1446 ali-

314 1482 479 1556 quid,
502 1485 560 1537 et
590 1479 805 1553 quietis
831 1495 949 1550 qua
972 1478 1046 1534 ad
1068 1478 1327 1550 quietem
1352 1479 1544 1534 tendit
1567 1504 1582 1548 ;
1606 1479 1963 1552 principium

314 1576 512 1628 autem
542 1574 600 1626 et
627 1585 806 1625 causa
833 1568 886 1624 ei
918 1567 1003 1623 rei
1050 1567 1144 1624 cui
1176 1568 1367 1641 primo
1415 1560 1519 1641 per
1547 1585 1609 1625 se
1639 1574 1697 1625 et
1728 1587 1845 1625 non
1878 1585 1964 1625 se-

313 1661 575 1717 cundum
605 1658 874 1715 accidens
903 1657 1077 1713 inest.

384 1751 439 1805 3.
473 1749 783 1820 Adjectum
814 1762 986 1818 porro
1034 1749 1144 1813 est,
1171 1745 1233 1801 in
1280 1762 1398 1817 quo
1428 1746 1601 1817 inest,
1633 1747 1706 1803 ob
1737 1764 1805 1802 ea
1834 1763 1960 1819 qua;

312 1841 436 1894 arte
464 1838 754 1893 constant.
784 1834 916 1889 Haec
963 1833 1122 1889 enim
1174 1838 1341 1889 extra
1369 1850 1431 1890 se
1482 1850 1690 1890 causas
1722 1834 1958 1890 habent.

309 1924 704 1983 Ediﬁcatoria
723 1922 881 1979 enim
906 1924 1121 1979 domus
1141 1922 1381 1995 quidem
1403 1939 1582 1979 causa
1601 1927 1718 1991 est;
1744 1923 1962 1978 extrin-

310 2033 482 2074 secus
511 2018 708 2071 autem
730 2029 859 2069 eam
883 2011 1040 2084 facit,
1061 2015 1119 2068 et
1147 2028 1263 2068 non
1282 2017 1375 2068 est
1402 2012 1463 2068 in
1493 2013 1689 2069 domo.
1714 2014 1799 2083 (In
1824 2013 1961 2067 aedi-

309 2107 546 2162 ficatore
590 2103 808 2176 quippe
853 2101 990 2174 est.)
1021 2103 1384 2173 Quapropter
1434 2117 1541 2156 nec
1589 2101 1964 2157 mdiﬁcatoria

309 2198 401 2251 est
427 2196 644 2250 natura
671 2193 904 2247 domus.

381 2285 432 2339 4.
465 2282 773 2355 Adjectum
799 2284 890 2336 est
917 2280 1061 2336 item
1083 2279 1293 2354 primo,
1321 2279 1461 2352 quia
1483 2279 1661 2335 etiam
1693 2279 1877 2335 lectus
1900 2279 1959 2334 in

309 2373 504 2445 seipso
537 2369 894 2444 principium
913 2370 1019 2425 94
1042 2373 1240 2425 motus
1260 2372 1318 2425 et
1346 2367 1558 2440 quietis
1590 2368 1785 2425 habet.
1812 2368 1960 2424 Nam

307 2462 359 2519 si
388 2478 457 2519 ex
486 2458 787 2532 superiore
818 2457 943 2514 loco
975 2457 1275 2514 demissus
1307 2457 1498 2527 fuerit,
1532 2458 1590 2513 in
1624 2456 1957 2513 inferiorem

311 2550 516 2606 fertur.
549 2547 662 2604 Sed
691 2563 808 2602 non
838 2546 1031 2620 primo
1062 2547 1214 2603 inest
1243 2546 1395 2603 lecto
1443 2550 1638 2603 motus
1668 2545 1959 2616 ejusmodi

306 2637 687 2713 principium,
718 2652 920 2691 verum
951 2634 1136 2708 ligno,
1167 2652 1235 2692 ac
1264 2652 1368 2708 per
1395 2634 1541 2691 illud
1571 2636 1810 2691 demum
1840 2634 1955 2690 lec-

304 2734 385 2785 to.
419 2730 498 2783 Ac
528 2726 601 2782 ob
628 2725 689 2781 id
710 2740 782 2781 ne
812 2724 1100 2781 naturalis
1117 2725 1355 2797 quidem
1378 2724 1594 2780 dicitur
1623 2723 1830 2794 lectus,
1854 2724 1956 2779 sed

306 2815 651 2875 artiﬁcialis.
674 2815 977 2880 Quatenus
1006 2814 1164 2871 enim
1188 2814 1372 2870 lectus
1403 2817 1511 2885 est,
1538 2818 1811 2870 naturam
1840 2829 1956 2869 non

307 2907 502 2963 habet.

377 2997 432 3052 5.
465 2995 778 3067 Adjectum
820 2996 910 3049 est
937 3009 1040 3065 per
1084 3007 1147 3048 se
1175 2995 1234 3048 et
1262 3008 1376 3047 non
1430 2992 1756 3049 secundum
1805 2991 1955 3048 acci-

305 3084 451 3142 dens
483 3085 552 3153 ¹²,
585 3082 687 3156 qui
716 3086 1006 3155 aegrotans
1028 3079 1292 3137 medicus
1313 3080 1577 3152 seipsum
1608 3096 1818 3135 sanare
1848 3096 1956 3152 po-

300 3178 435 3242 test,
470 3176 645 3244 atque
672 3171 757 3227 ita
780 3170 1138 3244 principium
1168 3175 1226 3226 et
1253 3186 1491 3225 causam
1518 3174 1710 3225 motus
1741 3173 1799 3225 et
1829 3185 1956 3225 mu-

2076 586 2204 650 νίως
2258 587 2533 645 ἐπίσταται
2581 590 2670 644 καὶ
2719 590 2921 664 κυρίως
2968 595 3154 665 ποιεῖ,
3204 592 3376 667 μόνην
3406 591 3739 666 ἐπιτηδειό-

2074 696 2216 745 τητα
2269 677 2506 732 κάτωθεν
2555 677 2943 755 παρεχομένης
2991 685 3093 749 τῆς
3141 678 3374 759 φύσεως,
3425 682 3492 752 ἢν
3539 676 3736 739 ἔλαϐεν

2078 765 2183 820 ἀπὸ
2211 770 2308 820 τοῦ
2357 763 2721 844 δημιουργοῦ,
2768 766 2933 822 αὑτοῦ
2980 764 3039 823 δὲ
3083 772 3181 823 τοῦ
3225 766 3572 848 δημιουργοῦ
3597 770 3740 826 κατὰ

2074 854 2140 910 τὸ
2187 854 2388 910 οἰκεῖον
2447 853 2708 931 βούλημα
2754 857 2819 912 τὸ
2866 855 3026 921 τέλος
3077 858 3277 923 ἄνωθεν
3318 857 3738 934 ὲπιλάμποντος

2074 946 2231 1009 Ὅθεν
2282 945 2374 1001 καὶ
2429 947 2465 1015 ἡ
2521 952 2624 1015 τῆς
2696 946 2905 1025 φύσεως
2980 945 3219 1024 ἐνέργεια
3272 949 3444 1013 πάθος
3514 946 3735 1024 μᾶλλόν

2075 1032 2207 1088 ἐστι.
2268 1032 2566 1111 Πάσχουσα
2612 1034 2717 1109 γὰρ
2765 1040 2916 1091 ποιεῖ
2960 1036 3051 1092 καὶ
3093 1038 3386 1111 κινουμένη
3428 1043 3585 1096 κινεῖ.
3627 1037 3736 1094 013'-

2072 1143 2184 1186 τως
2214 1121 2356 1178 ἐστὶν
2416 1126 2452 1194 ἠ
2510 1123 2664 1202 φύτις
2722 1124 2869 1201 ἀρχὴ
2930 1125 3020 1181 καὶ
3075 1124 3222 1181 αἰτία
3274 1128 3422 1202 (τῆς)
3459 1129 3735 1199 κινήσεως

2072 1218 2173 1281 τῆς
2202 1213 2339 1268 κατά
2364 1213 2427 1268 τὸ
2454 1219 2740 1287 κινεῖσθαι,
2768 1214 2859 1269 καὶ
2909 1213 3143 1292 ἠρεμίας
3185 1218 3284 1285 τῆς
3330 1217 3468 1272 κατὰ
3493 1217 3559 1272 τὸ
3599 1218 3735 1294 ἡρε-

2078 1300 2343 1374 μίξεσθαι⁸
2396 1303 2543 1379 ἀρχὴ
2595 1300 2653 1358 δὲ
2703 1302 2795 1359 καὶ
2845 1302 2989 1359 αἰτία
3034 1309 3115 1378 τῷ
3162 1305 3446 1380 πράγματι
3491 1304 3686 1380 ἐκείνῳ
3717 1351 3735 1380 ,

2074 1388 2126 1445 ἐν
2155 1391 2202 1463 ᾧ
2229 1390 2482 1469 ὑπάρχει·
2515 1392 2749 1468 πρώτως
2788 1394 2907 1449 καθ’
2946 1391 3098 1464 αὐτὸ,
3146 1393 3237 1449 καὶ
3288 1395 3365 1468 μὴ
3411 1396 3552 1451 κατὰ
3595 1415 3738 1468 συμ-

2074 1474 2208 1551 ϐεϐη
2217 1479 2329 1541 κός.

2142 1748 2211 1822 γ’.
2262 1747 2582 1825 Πρόσκειται
2621 1749 2685 1804 τὸ
2736 1747 2789 1803 ἐν
2836 1749 2883 1821 ᾧ
2935 1747 3166 1826 ὑπάρχει
3218 1746 3312 1806 διὰ
3352 1751 3423 1807 τά
3457 1753 3731 1827 τεχνητά.

1994 1873 2040 1938 Β
2068 1840 2243 1938 Ταῦτα
2268 1837 2369 1914 γὰρ
2402 1832 2591 1938 ἔξωθεν
2639 1834 2757 1915 ἔχει
2802 1837 2871 1893 τὰ
2917 1834 3083 1938 αἴτια.
3135 1839 3199 1895 Ἡ
3226 1841 3353 1938 ⁴ιγάρ
3393 1837 3731 1913 οἰκοδομικὴ

2074 1925 2220 1981 αἰτία
2276 1927 2370 2000 μὲν
2425 1923 2536 1981 ἔστι
2582 1933 2683 1998 τῆς
2728 1925 2931 1998 οἰκίας,
2979 1922 3172 1998 ἔξωθεν
3223 1924 3283 1984 δὲ
3309 1933 3479 2003 ποιεῖ,
3508 1928 3600 1986 καὶ
3631 1929 3738 1987 οὑκ

2073 2013 2125 2070 έν
2147 2019 2217 2090 τῇ
2258 2015 2404 2087 οἰκίᾳ
2457 2016 2689 2092 ὑπάρχει
2719 2014 2796 2091 (ἐν
2840 2020 2921 2089 τῷ
2962 2014 3247 2091 οἰκοδόμῳ
3485 2015 3575 2076 διὸ
3602 2015 3736 2077 οὐδὲ

2072 2105 2229 2184 φύσις
2255 2111 2357 2175 τῆς
2390 2104 2566 2169 οἰκίας
2595 2108 2630 2175 ἡ
2665 2103 2990 2180 οἰκοδομική
3025 2104 3157 2162 ἐστι.

2143 2281 2204 2339 δ’.
2241 2283 2558 2360 Πρόσκειται
2601 2285 2664 2339 τὸ
2711 2284 2967 2361 πρώτως,
3014 2282 3099 2339 ὅτι
3132 2283 3223 2340 καὶ
3254 2285 3290 2355 ἠ
3341 2282 3507 2356 κλίνη
3541 2283 3729 2361 ἀρχὴν

2069 2368 2185 2448 ἔχει
2216 2374 2483 2444 κινήσεως
2532 2372 2621 2428 καὶ
2670 2370 2905 2450 ἠρεμίας
2954 2371 3006 2428 ἐν
3052 2372 3238 2447 ἑαυτῇ.
3289 2373 3575 2451 ’Δφεθεῖσα
3617 2374 3724 2449 γὰρ

2069 2462 2267 2525 ἄνωθεν
2317 2460 2406 2516 ἐπὶ
2453 2461 2521 2516 τὰ
2566 2460 2713 2517 κάτω
2763 2460 2997 2540 φέρεται.
3054 2458 3211 2519 Ἀλλ’
3260 2460 3324 2516 οὑ
3371 2461 3605 2536 πρώτως
3649 2464 3728 2535 τῇ

2067 2547 2229 2624 κλίνῃ
2254 2557 2355 2621 τῆς
2381 2549 2639 2622 τοιαύτης
2694 2549 2929 2628 ὑπάρχει
2977 2552 3244 2622 κινήσεως
3290 2550 3326 2622 ἠ
3358 2549 3533 2626 ἀρχὴ,
3576 2547 3732 2606 ἀλλὰ

2066 2644 2144 2712 τῷ
2172 2638 2321 2713 ξύλῳ
2348 2639 2438 2695 καὶ
2487 2636 2557 2694 δι’
2605 2638 2775 2695 αὑτοῦ
2820 2643 2890 2715 τῇ
2934 2637 3112 2714 κλίνῃ.
3163 2642 3319 2704 Ὅθεν
3368 2636 3496 2695 οὑδὲ
3524 2640 3726 2717 φυσικὴ

2069 2727 2288 2805 λέγεται
2315 2731 2352 2799 ἡ
2382 2728 2569 2801 κλίνη,
2602 2727 2749 2785 ἀλλὰ
2796 2731 3060 2805 τεχνητή.
3108 2730 3251 2785 Καθὸ
3278 2730 3380 2805 γὰρ
3418 2727 3603 2801 κλίνη,
3627 2724 3728 2807 φύ-

2066 2840 2149 2874 σιν
2180 2817 2281 2874 ούκ
2306 2815 2443 2895 ἔχει.
2874 2858 2877 2859 ν

2139 2998 2197 3054 ε’.
2230 2996 2553 3075 Πρόσκειται
2603 2997 2668 3053 τὸ
2716 2998 2834 3053 καθ’
2884 2995 3016 3052 αὐτὸ
3066 2996 3155 3052 καὶ
3211 2997 3287 3071 μὴ
3336 2994 3474 3052 κατὰ
3519 2990 3729 3070 συμϐε-

2066 3082 2261 3157 ϐηκὸς,
2311 3085 2394 3142 ὅτι
2445 3088 2474 3142 6
2523 3090 2696 3142 νοσῶν
2753 3086 2941 3163 ἰατρὸς
2994 3086 3206 3142 ἰάσαιτο
3267 3085 3327 3141 ἂν
3377 3084 3585 3141 ἑαυτόν*
3632 3087 3728 3141 καὶ

2067 3175 2241 3238 οὕτως
2265 3176 2364 3244 τὴν
2392 3174 2570 3251 ἀρχὴν
2622 3174 2712 3230 καὶ
2760 3174 2933 3229 αἰτίαν
2981 3181 3084 3245 τῆς
3134 3173 3212 3237 εἰς
3258 3174 3356 3244 τὴν
3400 3173 3602 3250 ὑγίειαν
3635 3194 3727 3230 κι-

207 3330 217 3337 _
301 3242 633 3319 tationisin
664 3242 1069 3317 sanitatemin
1102 3259 1295 3331 seipso
1324 3258 1603 3324 habebit;
1639 3263 1695 3314 et
1737 3258 1949 3330 primo,

2070 3267 2272 3337 νήσεως
2317 3242 2773 3338 καὶ-μεταϐολῆς
2819 3260 2925 3335 ἕξει
2973 3242 3047 3318 ἐνί
3085 3263 3260 3337 ἑαυτῷ
3311 3242 3404 3318 καί
3445 3242 3721 3340 ’πρώτωςο

303 3368 420 3409 non
450 3355 648 3407 tamen
679 3366 782 3422 per
813 3366 895 3405 se.
929 3347 1056 3404 Non
1079 3348 1237 3404 enim
1268 3364 1387 3419 qua
1414 3352 1705 3419 aegrotans
1736 3347 1953 3418 princi-

298 3441 463 3513 pium
492 3444 689 3495 motus
720 3439 778 3493 in
810 3437 1123 3494 sanitatem
1157 3437 1213 3491 in
1246 3436 1439 3508 seipso
1469 3436 1683 3504 habet;
1716 3436 1817 3492 sed
1851 3453 1953 3508 per

299 3529 593 3599 accidens,
625 3532 918 3600 quatenus
939 3526 1171 3593 accidit,
1195 3530 1277 3594 ut,
1313 3525 1415 3597 qui
1443 3526 1953 3598 aegrotabat,esset

299 3616 584 3673 medicus.

365 3707 421 3762 6.
452 3705 756 3761 Naturalia
788 3704 970 3777 igitur
1024 3702 1305 3760 motionis
1353 3720 1592 3759 causam
1624 3703 1683 3758 in
1715 3703 1948 3776 seipsis,

296 3794 625 3852 artificialia
654 3798 855 3851 autem
886 3793 1248 3849 extrinsecus
1291 3792 1531 3849 habent.
1564 3792 1763 3865 Neque
1791 3795 1949 3849 enim

295 3884 722 3957 artifex,neque
744 3901 841 3940 ars
867 3884 926 3939 in
951 3883 1162 3955 seipsis
1187 3887 1445 3950 [causam
1469 3887 1666 3938 motus
1687 3882 1949 3953 habent.]

293 3973 522 4030 Etenim
553 3972 725 4047 gleba
753 3974 825 4028 ad
875 3972 1153 4029 inferiora
1181 3973 1384 4043 fertur,
1417 3989 1553 4028 cum
1584 3972 1950 4029 extrinsecus

293 4078 409 4118 non
441 4065 782 4131 moveatur;
815 4061 1002 4118 lectus
1024 4066 1221 4117 autem
1251 4060 1618 4117 extrinsecus
1638 4060 1946 4135 ﬁguratur.

292 4151 366 4206 Et
394 4167 574 4207 causa
593 4150 833 4224 quidem
855 4167 961 4206 cur
979 4150 1171 4223 gleba,
1188 4166 1324 4206 cum
1349 4150 1423 4206 ad
1453 4150 1749 4222 integrum
1772 4167 1946 4207 suum

291 4237 648 4295 elementum
675 4240 1025 4312 pervenerit,
1059 4238 1342 4311 quiescat,
1374 4237 1534 4294 intus
1565 4243 1688 4307 est;
1725 4255 1829 4295 cur
1850 4255 1950 4295 au-

289 4331 409 4383 tem
443 4327 631 4385 lectus
662 4329 956 4401 figuratus
978 4326 1454 4397 sit,extrinsecus
1484 4328 1557 4383 ab
1590 4327 1810 4384 artiﬁce
1834 4335 1944 4384 est.

287 4416 436 4472 Nam
467 4421 524 4473 et
571 4418 631 4472 in
684 4417 760 4473 iis
808 4433 938 4490 quae
970 4420 1182 4473 natura
1210 4421 1266 4472 et
1316 4433 1444 4489 quae
1476 4420 1599 4473 arte
1650 4421 1942 4487 constant,

291 4506 390 4564 95
420 4507 577 4562 unde
606 4510 825 4575 motus,
848 4506 986 4562 inde
1007 4506 1183 4562 etiam
1206 4505 1421 4578 quietis
1453 4509 1543 4561 est
1565 4505 1943 4578 principium.

2063 3354 2130 3410 ού
2167 3356 2273 3429 μὴν
2308 3352 2365 3410 δὲ
2393 3354 2483 3409 καὶ
2512 3355 2628 3409 καθ’
2678 3353 2856 3410 ἑαυτό.
2888 3353 2961 3409 Ού
3000 3353 3102 3430 γὰρ
3187 3356 3359 3408 νοσῶν
3404 3353 3504 3422 τὴν
3536 3350 3722 3430 ἀρχὴν

2059 3452 2160 3515 τῆς
2210 3446 2478 3515 κινήσεως
2527 3450 2628 3513 τῆς
2681 3442 2761 3506 εἷς
2805 3442 3007 3519 ὑγίειαν
3060 3441 3111 3498 ἐν
3162 3441 3336 3514 ἑαυτῷ
3384 3436 3520 3516 ἔχει’
3573 3439 3726 3498 ἀλλὰ

2060 3536 2198 3590 κατά
2245 3527 2612 3608 συμϐεϐηκὸς,
2667 3532 2802 3588 καθὸ
2850 3526 3162 3606 συμϐέϐηκε
3204 3534 3286 3603 τῷ
3332 3534 3578 3587 νοσοῦντι
3636 3530 3723 3587 ἰα-

2057 3627 2172 3700 τρῷ
2203 3622 2332 3678 εἶναι
2347 3669 2358 3681 .

2135 3714 2195 3781 ζ’.
2225 3713 2304 3766 Τὰ
2363 3712 2458 3785 μὲν
2516 3709 2607 3767 οῦν
2661 3712 2859 3789 φυσικὰ
2912 3711 3013 3781 τὴν
3072 3708 3244 3766 αἰτίαν
3297 3717 3399 3781 τῆς
3450 3711 3723 3782 κινήσεως

2059 3799 2111 3856 έν
2146 3801 2357 3864 ἑαυτοῖς
2390 3796 2528 3876 ἔχει.
2578 3801 2645 3855 τὰ
2675 3798 2735 3856 δὲ
2777 3799 3020 3876 τεχνητὰ
3069 3796 3284 3873 ἔξωθεν.
3325 3796 3463 3855 Οὐδὲ
3507 3800 3612 3875 γὰρ
3668 3799 3724 3856 έν

2060 3891 2271 3953 ἑαυτοῖς
2318 3889 2347 3943 6
2393 3888 2669 3965 τεχνίτης,
2722 3886 2837 3943 οὐδ’
2878 3888 2914 3958 ἠ
2957 3889 3151 3965 τέχνη,
3200 3886 3428 3961 Φέρεται
3483 3889 3577 3963 μὶν
3616 3889 3726 3966 γὰρ

2059 3978 2149 4034 ἐπὶ
2177 3979 2245 4034 τὰ
2272 3979 2420 4034 κάτω
2449 3981 2485 4049 ἡ
2524 3977 2708 4055 βῶλος
2752 3977 2852 4033 οὐκ
2895 3974 3087 4049 ἔξωθεν
3131 3978 3450 4051 κινουμένη·
3497 3996 3727 4054 σχημα-

2055 4067 2261 4138 τίζεται
2307 4065 2365 4123 δὲ
2408 4069 2444 4138 ἡ
2474 4065 2638 4138 κλίνη
2672 4064 2883 4141 ἔξωθεν.
2916 4066 3014 4120 Καὶ
3056 4069 3092 4137 ἡ
3141 4066 3288 4122 αἰτία
3337 4064 3395 4122 δὲ
3440 4073 3542 4137 τῆς
3590 4066 3726 4143 ἠρε-

2061 4156 2265 4232 μίσεως
2292 4158 2364 4229 τῇ
2396 4156 2491 4231 μὶν
2545 4154 2735 4233 βώλῳ,
2786 4148 3167 4231 καταλαϐούσῃ
3208 4156 3310 4225 τήν
3351 4155 3547 4226 ἑαυτῆς
3590 4152 3725 4211 ὁλό-

2055 4247 2211 4317 τήτα.
2246 4242 2478 4317 ἔνδοθεν,
2506 4249 2587 4319 τῷ
2642 4248 3017 4320 σχηματισμῷ
3048 4241 3107 4299 δὲ
3148 4250 3248 4315 τῆς
3279 4241 3477 4316 κλίνης
3520 4241 3720 4316 ἔξωθεν

2056 4334 2163 4391 ἀπὸ
2189 4339 2288 4392 τοῦ
2333 4332 2605 4412 τεχνίτου.
2638 4333 2743 4389 Κάν
2782 4338 2901 4396 τοῖς
2937 4333 3074 4389 κατὰ
3103 4331 3261 4411 φύσιν
3289 4334 3420 4410 γὰρ,
3444 4333 3543 4388 κάν
3597 4338 3719 4397 τοῖς

2054 4425 2192 4481 κατᾶ
2217 4426 2442 4501 τέχνην,
2475 4423 2594 4489 ὅθεν
2641 4425 2677 4494 ἡ
2720 4424 2867 4501 ἀρχὴ
2908 4430 3011 4493 τῆς
3063 4424 3355 4495 κινήσεως,
3390 4421 3590 4488 ἐκεῖθεν
3622 4422 3719 4478 καὶ

2056 4517 2092 4585 ἡ
2124 4517 2223 4584 τῆς
2253 4512 2489 4591 ἠρεμίας
2519 4513 2690 4590 ἀρχή-

356 4596 412 4649 7.
448 4595 623 4651 Porro
656 4611 773 4650 non
823 4593 1023 4651 omnia
1053 4610 1181 4667 qua)
1230 4598 1440 4650 natura
1486 4599 1815 4663 moventur,
1849 4611 1945 4650 se—

2129 4605 2188 4674 ζ’.
2223 4603 2296 4657 Οὐ
2352 4603 2527 4658 πάντα
2586 4599 2647 4657 δὲ
2703 4602 2770 4656 τὰ
2821 4599 2976 4680 φύσει
3023 4599 3320 4676 κινούμενα
3366 4599 3573 4677 ἀνάγκη
3624 4600 3719 4656 καὶ

293 4685 554 4741 cundum
587 4699 821 4740 omnem
852 4683 945 4740 sui
976 4687 1172 4740 motus
1223 4682 1479 4755 speciem
1512 4681 1813 4754 quiescere
1844 4700 1946 4741 ne-

291 4790 453 4830 cesse
484 4776 604 4842 est;
640 4773 742 4829 sed
794 4772 1062 4844 quaedam
1107 4788 1243 4827 cum
1291 4775 1656 4838 moveantur,
1689 4772 1946 4844 quietem

287 4863 465 4919 etiam
498 4862 680 4919 motui
703 4861 1118 4917 succedentem
1148 4860 1369 4916 habent
1396 4881 1411 4928 ;
1447 4861 1716 4933 quaedam
1747 4866 1946 4917 autem

288 4951 453 5008 itain
483 4950 610 5007 loco
641 4955 973 5017 moventur,
1003 4955 1067 5005 ut
1095 4967 1400 5022 nunquam
1423 4950 1570 5023 ipsis
1600 4951 1756 5022 quod
1788 4950 1945 5006 hunc

288 5045 518 5098 motum
568 5041 795 5097 accidat
841 5039 1163 5112 quiescere.
1215 5041 1295 5095 Ac
1361 5044 1667 5112 propterea
1714 5044 1944 5107 natura,

288 5148 417 5203 quas
447 5130 804 5204 principium
836 5134 894 5186 et
922 5146 1101 5185 causa
1132 5133 1330 5185 motus
1362 5132 1418 5185 et
1448 5128 1662 5200 quietis
1694 5128 1942 5197 exsistit,

288 5218 363 5275 iis
392 5236 521 5291 qua
550 5224 858 5277 moventur
915 5218 1026 5275 hoc
1055 5221 1294 5291 praestat
1337 5222 1404 5274 ut
1433 5222 1780 5274 moveantur
1805 5235 1818 5287 ;
1873 5217 1947 5274 iis

292 5324 420 5379 quae
449 5307 779 5380 quiescunt,
810 5307 922 5364 hoc
966 5307 1165 5380 ipsum
1195 5309 1263 5362 ut
1291 5307 1634 5379 quiescant;
1669 5305 1946 5363 omnibus

293 5399 488 5452 autem
516 5395 578 5453 in
610 5397 950 5455 universum
998 5394 1392 5463 naturalibus,
1423 5399 1490 5451 ut
1518 5399 1862 5452 moveantur
1887 5398 1946 5452 et

295 5483 605 5554 quiescant
633 5486 1034 5559 [suppeditat].
1070 5489 1261 5557 Atque
1290 5485 1360 5541 ad
1392 5484 1549 5541 hunc
1572 5485 1812 5541 modum
1847 5501 1947 5541 na-

380 5696 425 5733 ¹²
450 5699 489 5754 2
512 5698 688 5779 Phys.
719 5715 770 5757 c.
807 5703 856 5772 1,
887 5703 930 5758 t.
961 5699 1017 5757 3.

2054 4694 2280 4771 ἠρεμεῖν
2318 4692 2454 4748 κατὰ
2503 4697 2606 4747 πᾶν
2664 4687 2806 4753 εἶδος
2851 4693 2950 4760 τῆς
2987 4689 3194 4746 τούτων
3249 4691 3538 4761 κινήσεωςο
3570 4687 3722 4746 ἀλλὰ

2052 4784 2174 4838 τινὰ
2236 4782 2331 4856 μὲν
2381 4781 2678 4855 κινούμενα
2727 4780 2819 4836 καὶ
2861 4780 3095 4856 ἠρεμίαν
3143 4775 3262 4855 ἔχει
3315 4776 3716 4856 διάδεχομένην

2054 4870 2417 4943 τὴνκίνησιν·
2475 4871 2587 4926 τισὶ
2646 4866 2703 4924 δὲ
2748 4871 3013 4926 κινεῖσθαι
3072 4869 3166 4944 μὲν
3220 4867 3272 4923 ἐν
3320 4867 3477 4942 τόπῳ
3516 4860 3721 4942 συμϐέ-

2056 4956 2243 5033 ϐηκεν,
2285 4956 2546 5015 οὒδέποτε
2591 4957 2649 5015 δὲ
2694 4960 2831 5015 κατά
2878 4959 2979 5028 τὴν
3018 4956 3274 5029 τοιαύτην
3326 4956 3536 5029 κίνησιν
3586 4957 3718 5033 ἠρε-

2059 5054 2198 5123 μεῖν.
2259 5051 2412 5104 Ὅθεν
2471 5051 2507 5120 ἡ
2558 5048 2755 5128 φύσις,
2806 5049 2954 5125 ἀρχὴ
3001 5046 3092 5103 καὶ
3139 5046 3286 5102 αἰτία
3330 5047 3594 5117 κινήσεως
3622 5043 3717 5101 καὶ

2055 5136 2289 5214 ἠρεμίας
2319 5139 2691 5214 τυγχάνουσα,
2736 5142 2855 5199 τοῖς
2908 5137 3003 5210 μὲν
3043 5133 3389 5210 κινουμένοις
3437 5129 3583 5190 ἔσται
3613 5137 3715 5189 τοῦ

2051 5229 2311 5282 κινεῖσθαι
2364 5228 2663 5303 παρεκτική
2699 5244 2713 5258 ο
2762 5231 2881 5289 τοῖς
2930 5222 2989 5281 δὲ
3035 5224 3125 5280 καὶ
3174 5223 3445 5301 ἠρεμοῦσι
3489 5223 3581 5278 καὶ
3626 5221 3721 5278 αύ-

2053 5321 2149 5371 τοῦ
2202 5313 2335 5387 δῆτο
2391 5320 2488 5372 τοῦ
2536 5319 2787 5392 ἠρεμεῖν·
2835 5320 2967 5370 πᾶσι
3018 5313 3065 5369 δ’
3115 5316 3257 5389 ὁμοῦ
3292 5316 3412 5375 τοῖς
3463 5315 3719 5391 φυσικοῖς

2051 5409 2148 5461 τοῦ
2186 5405 2447 5462 κινεῖσθαί
2493 5426 2554 5461 τε
2598 5403 2689 5460 καὶ
2735 5405 2983 5483 ἠρεμεῖν.
3034 5401 3219 5466 Οὕτως
3267 5404 3304 5473 ἡ
3355 5399 3515 5481 φύσις
3564 5400 3715 5478 ἀρχὴ

2053 5497 2319 5569 κινήσεως
2378 5494 2468 5551 καὶ
2519 5493 2752 5570 ἠρεμίας
2809 5495 3155 5571 γινώσκεται.
3213 5492 3315 5548 Καὶ
3366 5491 3472 5568 γὰρ
3523 5488 3586 5546 οὗ
3620 5488 3718 5565 μό-
