4094 6430
359 383 516 449 1093

1685 370 2034 451 ΕΡῘΤΟΜΕ
2077 383 2436 451 PHYSlCA.

3611 393 3769 456 1094

356 538 448 572 νον
477 517 541 572 τὸ
570 515 808 592 αἰθέριον
857 515 993 572 ἅπαν
1045 521 1204 591 σῶμα
1248 522 1474 573 κινεῖται
1527 517 1735 590 κίνησιν
1769 517 2002 589 ἄληκτον

2122 525 2257 577 tura
2287 525 2482 578 motus
2511 525 2568 576 et
2594 519 2810 592 quietis
2835 518 3187 592 principium
3219 535 3348 576 esse
3404 525 3763 595 agnoscitur.

355 607 611 678 τοπικήν,
647 603 794 661 ἀλλά
823 602 890 674 δὴ
938 607 1028 661 καὶ
1064 607 1127 662 τὸ
1173 611 1304 684 πῦρ,
1335 607 1471 662 κατά
1518 607 1582 662 τὸ
1629 613 1879 663 τοιοῦτον
1911 611 2011 678 τῆς

355 697 621 765 κινήσεως
649 691 814 764 εἶδος,
870 691 1130 751 οὐδέποτε
1174 696 1391 772 ἠρεμεῖ.
1435 694 1601 751 Φύσει
1647 696 1749 774 γάρ
1782 695 2009 752 ἐστικαὶ

357 783 488 839 αὐτὸ
518 782 845 855 ἀεικίνητον.

432 1052 505 1122 η’.
539 1052 790 1129 Διαφέρει
822 1049 867 1107 δ’
896 1051 1162 1124 ἀλλήλων
1208 1055 1272 1108 τὸ
1320 1051 1471 1130 φύσει
1520 1053 1610 1108 καὶ
1658 1053 1721 1107 τὸ
1749 1054 1886 1108 κατά
1910 1052 2009 1132 φύς

359 1161 464 1197 σιν.
525 1139 818 1197 Ἐπιπλέον
873 1142 975 1220 γὰρ
1025 1143 1089 1198 τὸ
1147 1142 1300 1221 φύσει
1355 1146 1452 1196 τοῦ
1500 1142 1635 1196 κατά
1681 1141 1860 1220 φύσιν.
1907 1142 2009 1197 Καὶ

356 1228 509 1308 φύσει
569 1230 664 1304 μὲν
712 1228 927 1306 λέγεται
979 1237 1084 1287 πᾶν
1133 1232 1197 1287 τὸ
1244 1229 1690 1306 παρακολουθοῦν
1739 1230 1829 1286 καὶ
1870 1253 2010 1306 συμ-

353 1315 542 1376 ϐαῖνον
599 1323 670 1396 τῇ
726 1325 925 1399 φυσικῇ
985 1320 1191 1393 οὐσίᾳ,
1247 1320 1383 1384 καθὸ
1437 1319 1662 1394 τοιαύτῃ
1694 1341 1706 1354 ·
1767 1327 1882 1375 οΙον
1931 1324 2010 1392 τῷ

353 1410 568 1482 σώματι
623 1410 686 1464 τὸ
746 1409 1006 1485 ὑγιαίνειν
1062 1411 1152 1466 καὶ
1207 1410 1272 1464 τὸ
1318 1415 1516 1468 νοσεῖν.
1576 1408 1754 1464 Ἀλλά
1793 1410 1858 1464 τὸ
1911 1410 2005 1483 μὲν

355 1499 608 1575 ὑγιαίνειν
652 1499 789 1554 κατᾶ
844 1498 1000 1577 φύσιν
1059 1498 1332 1575 λέγομεν,
1395 1499 1469 1560 ὡς
1519 1493 1814 1553 ἀποϐαῖνον
1873 1499 2008 1553 κατὰ

350 1588 414 1644 τὸ
443 1590 589 1662 (τῆς)
619 1587 827 1667 φύσεως
879 1586 1157 1662 βούλημα*
1206 1588 1271 1644 τὸ
1321 1586 1378 1643 δὲ
1426 1592 1623 1659 νοσεῖν,
1653 1589 1800 1664 παρά
1828 1587 2004 1666 φύσιν

352 1677 443 1732 καὶ
471 1681 552 1750 τῷ
573 1677 704 1754 πυρὶ
735 1677 891 1756 φύσει
940 1679 1035 1752 μὲν
1083 1677 1173 1732 καὶ
1217 1677 1354 1732 κατᾶ
1392 1675 1546 1756 φύσιν
1591 1679 1626 1747 ἡ
1673 1675 1761 1732 ἐπὶ
1801 1677 1868 1732 τά
1899 1674 2004 1732 ἅνω

353 1765 512 1845 φορά’
545 1767 582 1836 ἡ
616 1763 663 1821 δ’
692 1765 780 1821 ἐπὶ
829 1767 898 1821 τὰ
933 1767 1082 1821 κάτω
1129 1763 1218 1821 διὰ
1264 1767 1409 1840 (τῆς)
1461 1765 1680 1842 βαρείας
1723 1763 1862 1836 ὕλης
1907 1787 2004 1820 κα-

353 1854 524 1925 θολκὴ
556 1859 649 1910 νοῦ
676 1856 846 1932 πυρὸς
875 1854 1030 1934 φύσει
1059 1854 1149 1910 καὶ
1197 1854 1259 1909 οὗ
1312 1854 1448 1910 κατὰ
1496 1854 1674 1933 φύσιν.
1725 1852 1860 1909 Οὐδέ
1899 1856 2003 1930 γὰρ

353 1945 388 2013 ἡ
421 1943 578 2020 φύσις
615 1941 873 2020 βούλεται
914 1945 1014 2013 τήν
1058 1942 1412 2013 τελειωτικήν
1460 1947 1559 1998 τοῦ
1610 1940 1785 2005 εἴδους
1834 1942 2002 2020 ἐνέρ-

350 2053 500 2109 γειαν
532 2027 1035 2110 παραϐλάπτεσθαι.

419 2212 483 2268 θ’.
515 2210 617 2266 Καὶ
667 2210 736 2266 τὰ
792 2210 852 2266 ἐκ
899 2217 1120 2287 γενετῆς
1178 2208 1237 2265 δὲ
1290 2211 1623 2287 πηρώματα,
1679 2210 1771 2265 καὶ
1825 2211 1894 2265 τὰ
1951 2209 2003 2264 ἐν

349 2302 620 2377 στερήσει,
650 2299 740 2355 καὶ
791 2299 937 2362 ὅλως
984 2300 1052 2355 τὰ
1095 2299 1477 2376 ἀποτεύγματα
1524 2298 1677 2378 φύσει
1720 2299 1814 2373 μὲν
1846 2297 2000 2374 λέγε-

345 2410 436 2444 ται
495 2387 586 2443 διὰ
639 2391 702 2444 τὸ
755 2390 872 2444 κατ’
930 2388 1194 2466 ἐνέργειαν
1253 2388 1492 2464 γίνεσθαι
1542 2389 1753 2466 φύσεως
1785 2434 1798 2460 ,
1857 2389 2004 2463 παρὰ

353 2480 508 2558 φύσιν
539 2477 596 2534 δὲ
623 2479 714 2534 καὶ
762 2477 824 2534 οὐ
877 2479 1012 2535 κατά
1059 2478 1240 2558 φύσιν,
1286 2477 1370 2534 ὅτι
1422 2476 1551 2552 μηδ’
1580 2481 1614 2548 ἡ
1647 2477 1802 2556 φύσις
1842 2475 1915 2540 εἷ¹ς
1945 2499 1998 2532 τι

346 2573 596 2624 τοιοῦτον
648 2569 766 2644 ὁρᾷ.
816 2569 1022 2624 Γίνεται
1077 2565 1135 2624 δὲ
1182 2573 1280 2623 τοῦ
1329 2565 1525 2623 τέλους
1575 2567 1812 2644 ἁμαρτία
1857 2563 1997 2622 ἔστιν

349 2656 459 2728 ὅτε,
492 2656 675 2733 ὥσπερ
706 2656 759 2712 ἐν
789 2663 906 2720 τοῖς
936 2654 1119 2734 ἔργοις
1167 2664 1270 2727 τῆς
1318 2658 1519 2733 τέχνης
1567 2658 1715 2732 παρὰ
1759 2657 1850 2711 τὸν
1899 2663 2002 2726 τῆς

345 2747 548 2822 τέχνης
608 2746 829 2802 σκοπόν·
892 2745 1036 2802 οὕτω
1092 2747 1188 2802 κάν
1243 2751 1362 2809 τοῖς
1421 2742 1600 2823 ἔργοις
1642 2748 1742 2815 τῆς
1793 2745 2002 2824 φύσεως

348 2837 498 2913 παρὰ
523 2836 587 2891 τὸ
614 2842 715 2906 τῆς
749 2834 958 2914 φύσεως
1014 2835 1291 2911 βούλημα·
1347 2835 1464 2890 ὅθεν
1511 2836 1546 2905 ἢ
1603 2833 1693 2890 διὰ
1741 2833 1948 2889 πλεονα
1977 2867 2000 2877 -

349 2926 484 2999 σμὸν
516 2924 679 2998 ὕλης,
710 2925 747 2995 ἢ
780 2922 848 2980 δι’
877 2923 1145 3000 ἔλλειψιν,
1178 2925 1213 2994 ἢ
1248 2922 1337 2980 διὰ
1365 2925 1720 3001 παρατροπήν
1762 2923 2001 2998 ἀποτυγ-

348 3014 533 3091 χάνειν
592 3017 627 3084 ἡ
686 3012 843 3093 φύσις
903 3013 1113 3090 λέγεται
1170 3017 1269 3068 τοῦ
1327 3017 1555 3071 σκοποῖ’).
1607 3012 1897 3077 Κάντεῦθεν
1936 3013 2005 3067 τά

345 3104 493 3181 παρά
519 3104 619 3172 τήν
648 3104 879 3182 φυσικὴν
919 3105 1201 3174 συνήθειαν
1254 3102 1636 3180 ἀποτεύγματα
1682 3101 1918 3178 γίνονταί
1944 3123 2003 3157 τε

345 3194 435 3247 καὶ
466 3190 737 3270 λέγονται.

418 3463 474 3520 ι’.
517 3461 768 3540 Διαφέρει
801 3458 858 3514 δὲ
904 3459 993 3515 καὶ
1040 3460 1103 3515 τὸ
1155 3458 1299 3536 παρά
1328 3458 1483 3536 φύσιν
1530 3457 1621 3513 καὶ
1654 3458 1786 3535 ὑπὲρ
1818 3458 1998 3536 φύσιν,

343 3550 605 3628 ἐκτροπαὶ
653 3549 744 3605 καὶ
795 3550 961 3628 ἄμφω
1006 3553 1104 3604 τοῦ
1151 3549 1288 3604 κατά
1333 3547 1490 3626 φύσιν
1535 3547 1891 3623 τυγχάνοντα,
1923 3552 2001 3621 τῷ

339 3641 403 3696 τὸ
439 3641 533 3716 μὲν
569 3639 700 3714 ὑπὲρ
731 3637 886 3717 φύσιν
938 3637 1205 3715 ἐκτροπὴν
1260 3637 1524 3713 ὑπάρχειν
1573 3640 1675 3690 τοῦ
1723 3637 1856 3691 κατὰ
1899 3636 1997 3712 φύ-

341 3750 424 3784 σιν
484 3727 574 3784 έπί
629 3729 693 3783 τὸ
746 3726 991 3804 κρεῖττόν
1045 3749 1106 3782 τε
1153 3727 1243 3782 καὶ
1294 3724 1602 3804 ὠφέλιμον,
1645 3726 1709 3781 τὸ
1759 3723 1816 3781 δὲ
1853 3727 2000 3802 παρά

343 3817 501 3897 φύσιν
555 3816 824 3893 ἐκτροπὴν
869 3821 968 3871 τοῦ
1007 3817 1145 3872 κατά
1201 3814 1356 3894 φύσιν
1417 3814 1506 3870 ἐπὶ
1551 3814 1614 3870 τὸ
1663 3821 1848 3890 χεῖρον
1909 3815 1997 3870 καὶ

345 3903 634 3984 βλαϐερόνσ
666 3907 757 3961 καὶ
792 3904 874 3960 ὅτι
904 3905 968 3961 τὸ
1024 3906 1119 3979 μὲν
1168 3906 1316 3982 παρά
1364 3904 1518 3982 φύσιν
1570 3903 1728 3981 ἔργον
1763 3904 1873 3960 ἐστὶ
1903 3927 2000 3983 φυ-

338 4003 497 4067 σικῆς
557 3995 851 4066 ἀσθενείας,
906 3995 970 4049 τὸ
1023 3991 1071 4048 δ’
1101 3994 1234 4071 ὑπὲρ
1292 3993 1449 4071 φύσιν
1487 3991 1631 4056 Θείας
1663 3991 1944 4067 δυνάμεως
1981 4038 1994 4050 .

2122 611 2248 668 Non
2267 612 2422 666 enim
2447 609 2784 665 universum
2803 611 3034 663 tantum
3049 608 3352 664 aetherium
3374 627 3584 684 corpus
3606 619 3780 670 motu

2121 699 2289 756 locali
2320 698 2654 756 incessabili
2683 701 2969 768 movetur,
3003 699 3106 752 sed
3146 697 3321 753 etiam
3353 699 3509 771 ignis
3564 705 3762 774 quoad

2120 787 2271 844 hanc
2303 793 2499 845 motus
2533 787 2787 860 speciem
2818 803 3122 858 nunquam
3165 787 3431 858 quiescit.
3464 789 3609 845 Nam
3641 791 3767 863 ipse

2118 893 2352 950 quoque
2382 882 2594 934 natura
2623 878 2705 932 ita
2734 879 3250 948 comparatus,est,
3281 880 3346 930 ut
3375 893 3607 950 semper
3637 896 3768 935 mo-

2117 971 2337 1022 veatur.

2187 1055 2242 1111 8.
2275 1054 2448 1111 Porro
2483 1057 2528 1092 ¹³
2555 1053 2618 1108 τὸ
2649 1058 2858 1109 natura
2890 1057 2948 1109 et
2979 1054 3302 1109 secundum
3335 1058 3606 1112 naturam
3637 1073 3766 1113 esse

2119 1144 2433 1200 differunt:
2467 1145 2685 1217 quippe
2714 1141 2775 1197 τὸ
2806 1149 3017 1198 natura
3053 1142 3233 1199 latius
3265 1149 3424 1216 patet
3470 1162 3649 1217 quam
3680 1163 3768 1203 se-

2118 1234 2378 1288 cundum
2409 1239 2700 1290 naturam.
2738 1234 2804 1288 Et
2833 1238 3044 1287 natura
3075 1232 3312 1304 quidem
3336 1233 3571 1302 dicitur,
3591 1251 3764 1291 omne

2119 1322 2272 1394 quod
2305 1323 2631 1378 naturalem
2663 1321 3077 1387 substantiam,
3111 1326 3400 1392 quatenus
3457 1322 3593 1379 talis
3652 1331 3762 1392 est,

2117 1411 2449 1483 comitatur,
2483 1413 2650 1484 eique
2681 1411 2912 1474 accidit,
2942 1409 3117 1464 veluti
3149 1411 3374 1482 corpori
3395 1429 3601 1468 sanum
3637 1430 3764 1471 esse

2115 1500 2219 1554 96
2248 1503 2306 1555 et
2332 1509 2628 1570 aegrotare.
2664 1500 2775 1555 Sed
2809 1515 3021 1554 sanum
3052 1515 3180 1554 esse
3211 1500 3536 1555 secundum
3588 1507 3760 1558 natu-

2116 1605 2242 1644 ram
2269 1589 2542 1658 dicimus,
2571 1593 2636 1643 ut
2655 1589 2981 1645 secundum
3015 1591 3240 1642 naturae
3260 1587 3616 1645 voluntatem
3637 1607 3765 1646 eve-

2117 1678 2322 1746 niens;
2356 1683 2634 1751 aegrotare
2681 1682 2877 1733 autem
2931 1681 3138 1748 praeter
3188 1680 3483 1733 naturam.
3539 1679 3610 1733 Et
3639 1679 3761 1752 igni

2114 1765 2349 1835 quidem
2381 1771 2590 1821 natura
2629 1769 2685 1821 et
2716 1766 3044 1821 secundum
3074 1769 3349 1820 naturam
3398 1765 3574 1834 inest,
3606 1773 3672 1822 ut
3700 1767 3762 1823 in

2117 1855 2418 1926 superiora
2446 1855 2574 1910 loca
2603 1854 2822 1909 feratur
2850 1872 2862 1920 ;
2897 1858 2955 1908 at
2984 1870 3118 1908 cum
3149 1853 3303 1926 ignis
3335 1854 3393 1908 in
3427 1854 3760 1911 inferiorem

2111 1943 2306 1999 locum
2339 1961 2442 2016 per
2466 1960 2700 2016 gravem
2733 1943 3036 1998 materiam
3069 1942 3438 2013 deprimitur,
3469 1942 3527 1997 id
3552 1949 3762 1999 natura

2113 2038 2171 2089 et
2199 2051 2314 2089 non
2347 2034 2670 2090 secundum
2703 2036 2972 2087 naturam
3004 2033 3087 2085 ﬁt.
3120 2031 3321 2101 Neque
3350 2031 3506 2086 enim
3548 2036 3760 2088 natura

2113 2141 2248 2180 eum
2297 2129 2491 2180 actum
2524 2123 2624 2194 qui
2657 2123 2908 2194 speciem
2941 2120 3166 2193 perﬁcit
3203 2119 3410 2176 oblaadi
3467 2119 3610 2176 vult.

2182 2215 2236 2269 9.
2272 2215 2340 2269 Et
2375 2230 2508 2269 vero
2534 2212 2708 2268 etiam
2741 2217 2959 2267 naturae
2993 2210 3130 2266 vitia
3160 2211 3232 2265 ab
3263 2215 3392 2265 ortu
3437 2214 3753 2269 contracta.

2113 2308 2171 2359 et
2209 2320 2337 2375 quae
2369 2303 2427 2358 in
2470 2301 2790 2374 privatione
2819 2299 3170 2366 consistunt,
3205 2303 3261 2353 et
3301 2303 3367 2354 ut
3410 2301 3753 2356 summatim

2113 2392 2326 2458 dicam,
2351 2408 2480 2462 quae
2512 2395 2717 2461 praeter
2745 2389 3132 2444 intentionem
3163 2389 3331 2453 fiunt,
3381 2394 3592 2444 natura
3621 2391 3756 2462 qui-

2113 2481 2247 2536 dem
2280 2481 2578 2544 dicuntur,
2611 2482 2918 2550 pr0pterea
2947 2478 3099 2549 quod
3150 2477 3476 2532 secundum
3534 2483 3755 2534 natura

2115 2569 2399 2624 actionem
2431 2569 2618 2634 ﬁunt;
2651 2568 2752 2622 sed
2787 2570 2992 2639 praeter
3021 2570 3291 2620 naturam
3324 2570 3380 2620 et
3409 2583 3526 2621 non
3557 2583 3760 2622 secun-

2113 2658 2255 2713 dum
2289 2662 2580 2727 naturam,
2614 2656 2752 2728 quia
2782 2671 2854 2710 ne
2903 2658 3116 2710 natura
3165 2653 3402 2726 quidem
3461 2656 3755 2725 ejusmodi

2113 2746 2253 2818 quid
2285 2745 2542 2818 respicit.
2575 2744 2738 2800 Sicut
2769 2747 2964 2799 autem
2987 2743 3044 2796 in
3078 2743 3221 2798 artis
3246 2742 3520 2814 operibus
3550 2748 3759 2816 praeter

2113 2834 2260 2890 artis
2292 2833 2697 2900 intentionem,
2729 2831 2812 2887 ita
2843 2832 2902 2886 in
2961 2835 3183 2886 naturae
3215 2831 3491 2903 operibus
3548 2838 3758 2903 praeter

2112 2928 2333 2981 natura;
2372 2922 2732 2979 voluntatem
2764 2937 3190 2991 nonnunquam
3222 2937 3257 2975 a
3290 2920 3406 2976 ﬁne
3452 2920 3757 2978 aberratur

2112 3015 2277 3071 Unde
2307 3013 2394 3068 vel
2428 3015 2662 3084 propter
2691 3009 3161 3077 redundantiam,
3188 3009 3278 3064 vel
3308 3012 3546 3081 propter
3599 3010 3755 3066 defe-

2112 3109 2294 3169 ctum,
2321 3101 2409 3158 vel
2441 3109 2675 3173 propter
2695 3098 3166 3170 depravationem
3207 3096 3485 3164 materia,
3547 3103 3756 3154 natura

2111 3211 2145 3249 a
2171 3209 2343 3264 scopo
2371 3191 2640 3246 aberrare
2666 3187 2900 3244 dicitur.
2951 3191 3142 3259 Atque
3175 3185 3313 3242 hinc
3361 3190 3571 3258 praeter
3627 3205 3735 3243 con

2109 3281 2482 3338 suetudinem
2514 3275 2838 3334 naturalem
2861 3274 3125 3332 infelices
3154 3291 3465 3332 successus
3487 3275 3760 3332 oriuntur

2111 3375 2168 3426 et
2195 3369 2491 3425 dicuntur.

2183 3460 2271 3514 10.
2333 3458 2619 3514 Diti’erunt
2651 3457 2846 3511 autem
2876 3458 2934 3509 et
2961 3458 3172 3526 praeter
3207 3453 3303 3508 97
3368 3457 3664 3522 naturam,
3704 3458 3764 3509 et

2111 3565 2290 3620 supra
2321 3551 2614 3610 naturam,
2647 3560 2776 3616 quae
2803 3543 2975 3598 ambo
3007 3558 3239 3614 quoque
3279 3543 3350 3597 ab
3381 3559 3448 3598 eo
3481 3542 3636 3614 quod
3667 3557 3756 3597 se-

2111 3637 2371 3692 cundum
2411 3638 2686 3690 naturam
2728 3636 2840 3699 est,
2899 3631 3252 3688 deﬂexiones
3292 3635 3470 3700 sunt;
3529 3631 3667 3702 quia
3696 3629 3756 3685 id

2109 3726 2264 3798 quod
2299 3740 2478 3796 supra
2511 3727 2781 3778 naturam
2795 3725 2884 3777 est
2913 3721 2986 3776 ab
3017 3737 3083 3775 eo
3115 3720 3268 3792 quod
3295 3720 3622 3776 secundum
3653 3735 3756 3773 na-

2107 3819 2302 3870 turam
2335 3816 2425 3867 est
2454 3812 2526 3867 ad
2557 3809 2931 3883 praestantius
2971 3808 3195 3879 aliquid
3228 3812 3284 3863 et
3314 3807 3538 3873 utilius,
3599 3807 3755 3879 quod

2108 3906 2305 3959 autem
2337 3903 2541 3972 praeter
2571 3903 2844 3954 naturam
2898 3900 3005 3962 est,
3040 3896 3111 3950 ab
3144 3911 3210 3949 eo
3241 3897 3394 3966 quod
3428 3895 3753 3950 secundum

2108 3995 2381 4047 naturam
2411 3992 2520 4055 est,
2557 3987 2628 4043 ad
2657 3985 2912 4042 deterius
2950 3988 3007 4039 et
3062 3981 3292 4039 exitiale
3357 3984 3665 4051 deﬂectat;
3700 3987 3760 4038 et

336 4088 480 4162 quia
519 4087 582 4143 id
613 4087 769 4159 quod
827 4088 1036 4158 prater
1093 4089 1370 4140 naturum
1429 4088 1539 4152 est,
1571 4085 1860 4141 naturalis
1897 4080 2321 4140 imbecillitatis
2379 4094 2550 4150 opus,
2601 4076 2754 4148 quod
2807 4077 2898 4131 est
2958 4090 3139 4145 supra
3189 4077 3486 4143 naturam,
3546 4072 3756 4128 divinae

336 4176 612 4252 potentias
641 4192 790 4248 opus
814 4175 912 4232 sit.

1604 4405 1952 4464 SYNOPSIS
1982 4405 2258 4463 CAPITIS
2291 4402 2432 4462 VIII.

1711 4513 1904 4554 ADHUC
1932 4513 2004 4552 DE
2033 4512 2284 4552 NATURA.

335 4603 392 4660 1.
432 4596 928 4678 Philosophorum
957 4595 1026 4657 de
1045 4606 1269 4678 natura
1298 4595 1689 4678 discrepantes
1719 4597 2024 4676 opiniones
2035 4601 2328 4678 recenset,
2355 4612 2609 4678 quorum
2638 4588 2756 4678 alii
2778 4589 3109 4678 materiam,
3171 4587 3286 4650 alii
3333 4585 3594 4668 formam
3643 4583 3759 4678 alii

412 4670 895 4761 compositumex
924 4677 1180 4739 materia
1199 4686 1255 4761 et
1273 4670 1504 4761 forma;
1535 4677 1655 4738 alii
1678 4670 1866 4761 ipsam
1892 4675 2339 4761 productionem
2359 4670 2465 4761 ἓνοί
2488 4673 2788 4733 naturalis
2817 4670 3198 4761 appet-iurant
3244 4679 3551 4761 naturam.
3585 4702 3663 4761 :-
3684 4671 3745 4728 2.

410 4747 642 4821 Nomen
670 4758 904 4839 quidem
928 4765 1140 4840 φὺσεως
1165 4747 1372 4840 ultimo
1401 4747 1741 4840 enameralo
1786 4747 2143 4840 signiﬁcato,
2177 4757 2282 4816 sea’
2304 4753 2594 4840 notionem
2625 4771 2813 4840 causa;
2841 4747 3128 4832 efﬁcienti
3148 4769 3348 4809 rerum
3370 4747 3747 4840 naturalium

398 4829 697 4923 prorima?
726 4829 1278 4923 responderedicit!
1296 4837 1465 4923 quod
1481 4838 1745 4923 exemplo
1774 4829 1953 4898 etiam
1981 4839 2133 4898 artis
2155 4835 2469 4923 statuam}?
2499 4834 2681 4901 docet,
2715 4829 2980 4923 cuiusq
3030 4839 3267 4923 naturai.
3285 4848 3359 4889 ατ
3405 4829 3746 4923 Aristotelis

409 4908 645 5002 'quidem
672 4908 962 4983 sententia
991 4908 1420 5002 quintupliéem
1450 4908 1787 5002 analopiam
1819 4937 1950 5002 cum
1981 4935 2112 5002 ana
2127 4915 2460 4996 differentia
2507 4908 2792 5002 expom‘tﬁ
2832 4948 2910 4957 —
2940 4914 3005 5002 3ἰ
3061 4909 3356 5002 Eamdem
3370 4908 3750 5002 "analogiam

407 4989 557 5062 artis
585 5004 898 5063 statuariae
921 5011 976 5063 et
995 4989 1234 5061 natura;
1267 5019 1342 5060 ex
1362 4989 1651 5061 sententia
1674 4998 1950 5059 Platonis
1978 4989 2414 5077 indicaﬂquam
2445 4989 2829 5077 etiammagzs
2860 4991 3082 5077 probat
3108 4993 3215 5050 98
3240 4991 3335 5050 uti
3360 4989 3741 5051 Christianae

407 5083 694 5163 religioni
712 5085 904 5163 magis
931 5090 1400 5163 consentaneam.
1438 5115 1514 5124 —
1533 5083 1595 5140 4.
1628 5078 2102 5163 Disputationem
2132 5077 2201 5138 de
2231 5072 2454 5137 natura
2483 5073 2707 5135 duobus
2745 5072 2748 5073 ν
2776 5072 3068 5156 capitibus
3122 5079 3554 5153 pertractatam
3609 5087 3749 5129 con-

407 5161 594 5225 cludit
621 5172 678 5223 et
711 5161 967 5225 breuiter
993 5171 1227 5224 natura,
1254 5161 1462 5241 effecta
1489 5161 1720 5240 repetit.

2001 5299 2078 5310 ...-

2017 5401 2066 5466 D

970 5403 1227 5458 ΚΕΦΑΛ.
1270 5401 1351 5458 Η’.

883 5493 1006 5547 "Et:
1033 5489 1158 5567 περὶ
1191 5488 1425 5568 φύσεως.

392 5601 444 5640 α.
499 5581 675 5636 Ἔνιοι
724 5581 820 5656 μὲν
865 5581 967 5652 τὴν
1019 5579 1070 5637 ἐν
1124 5579 1333 5653 ἑκάστῳ
1381 5576 1520 5649 ὕλην
1569 5575 1826 5633 ἐκάλεσαν
1880 5574 1977 5656 φύ-

407 5729 452 5764 ¹³
477 5727 514 5781 2
544 5725 714 5800 Phys.
748 5742 798 5783 c.
829 5725 885 5795 4,
917 5726 972 5783 5.

2702 5393 2930 5449 CAPUT
2956 5392 3108 5448 VIII.

2654 5483 2842 5539 Adhuc
2886 5483 2951 5538 de
2995 5489 3198 5539 natura

2155 5575 2210 5633 l.
2233 5572 2512 5632 Nonnulli
2567 5573 2872 5630 materiam
2930 5589 3058 5646 quae
3089 5571 3152 5628 in
3180 5585 3537 5644 unaquaque
3567 5584 3629 5626 re
3657 5572 3749 5626 est
