  <div class='ocr_page' id='page_1' title='image "/cluster/home/n/w/nwhite01/storage/ocr_20150623/142/coo.31924054870476/555.png"; bbox 0 0 4094 6436; ppageno 0'>
   <div class='ocr_carea' id='block_1_1' title="bbox 323 388 480 448">
    <p class='ocr_par' dir='ltr' id='par_1_1' title="bbox 323 388 480 448">
     <span class='ocr_line' id='line_1_1' title="bbox 323 388 480 448; baseline 0 0"><span class='ocrx_word' id='word_1_1' title='bbox 323 388 480 448; x_wconf 82' lang='grc'>1095</span> 
     </span>
    </p>
   </div>
   <div class='ocr_carea' id='block_1_2' title="bbox 1579 373 2485 438">
    <p class='ocr_par' dir='ltr' id='par_1_2' title="bbox 1579 373 2485 438">
     <span class='ocr_line' id='line_1_2' title="bbox 1579 373 2485 438; baseline 0 -1"><span class='ocrx_word' id='word_1_2' title='bbox 1579 374 2000 438; x_wconf 81' lang='lat' dir='ltr'>NICEPHORI</span> <span class='ocrx_word' id='word_1_3' title='bbox 2043 373 2485 436; x_wconf 73' lang='lat' dir='ltr'>BLEMMID/E</span> 
     </span>
    </p>
   </div>
   <div class='ocr_carea' id='block_1_3' title="bbox 3577 378 3740 441">
    <p class='ocr_par' dir='ltr' id='par_1_3' title="bbox 3577 378 3740 441">
     <span class='ocr_line' id='line_1_3' title="bbox 3577 378 3740 441; baseline 0.018 -3"><span class='ocrx_word' id='word_1_4' title='bbox 3577 378 3740 441; x_wconf 81' lang='grc'><strong>1096</strong></span> 
     </span>
    </p>
   </div>
   <div class='ocr_carea' id='block_1_4' title="bbox 324 505 1964 587">
    <p class='ocr_par' dir='ltr' id='par_1_4' title="bbox 324 512 1964 584">
     <span class='ocr_line' id='line_1_4' title="bbox 324 512 1964 584; baseline -0.009 -7"><span class='ocrx_word' id='word_1_5' title='bbox 324 525 594 577; x_wconf 88' lang='lat' dir='ltr'>naturam</span> <span class='ocrx_word' id='word_1_6' title='bbox 626 518 996 581; x_wconf 90' lang='lat' dir='ltr'>vocaverunt,</span> <span class='ocrx_word' id='word_1_7' title='bbox 1028 514 1137 569; x_wconf 90' lang='lat' dir='ltr'>hoc</span> <span class='ocrx_word' id='word_1_8' title='bbox 1168 517 1276 582; x_wconf 89' lang='lat' dir='ltr'>est,</span> <span class='ocrx_word' id='word_1_9' title='bbox 1308 513 1366 567; x_wconf 92' lang='lat' dir='ltr'>id</span> <span class='ocrx_word' id='word_1_10' title='bbox 1409 513 1562 584; x_wconf 86' lang='lat' dir='ltr'>quod</span> <span class='ocrx_word' id='word_1_11' title='bbox 1599 512 1658 566; x_wconf 94' lang='lat' dir='ltr'>in</span> <span class='ocrx_word' id='word_1_12' title='bbox 1707 525 1964 580; x_wconf 87' lang='lat' dir='ltr'>unaqua-</span> 
     </span>
    </p>
   </div>
   <div class='ocr_carea' id='block_1_5' title="bbox 2077 505 3736 587">
    <p class='ocr_par' dir='ltr' id='par_1_5' title="bbox 2077 505 3736 587">
     <span class='ocr_line' id='line_1_5' title="bbox 2077 505 3736 587; baseline 0.004 -28"><span class='ocrx_word' id='word_1_13' title='bbox 2077 527 2182 578; x_wconf 92' lang='grc' dir='ltr'>σιν,</span> <span class='ocrx_word' id='word_1_14' title='bbox 2213 505 2338 575; x_wconf 72' lang='grc' dir='ltr'>ἤτοι</span> <span class='ocrx_word' id='word_1_15' title='bbox 2366 509 2430 562; x_wconf 84' lang='grc' dir='ltr'>τὸ</span> <span class='ocrx_word' id='word_1_16' title='bbox 2481 509 2714 584; x_wconf 78' lang='grc' dir='ltr'>πρώτως</span> <span class='ocrx_word' id='word_1_17' title='bbox 2762 507 2812 562; x_wconf 83' lang='grc' dir='ltr'>ἐν</span> <span class='ocrx_word' id='word_1_18' title='bbox 2862 508 3070 580; x_wconf 70' lang='grc' dir='ltr'>ἑκάστῳ</span> <span class='ocrx_word' id='word_1_19' title='bbox 3118 511 3226 562; x_wconf 91' lang='grc' dir='ltr'>τῶν</span> <span class='ocrx_word' id='word_1_20' title='bbox 3274 513 3514 586; x_wconf 77' lang='grc' dir='ltr'>φυσικῶν</span> <span class='ocrx_word' id='word_1_21' title='bbox 3562 510 3736 587; x_wconf 84' lang='grc' dir='ltr'>ὑπάρ-</span> 
     </span>
    </p>
   </div>
   <div class='ocr_carea' id='block_1_6' title="bbox 323 600 1968 684">
    <p class='ocr_par' dir='ltr' id='par_1_6' title="bbox 323 600 1968 684">
     <span class='ocr_line' id='line_1_6' title="bbox 323 600 1968 684; baseline -0.009 -18"><span class='ocrx_word' id='word_1_22' title='bbox 323 627 436 684; x_wconf 90' lang='lat' dir='ltr'>que</span> <span class='ocrx_word' id='word_1_23' title='bbox 467 627 528 664; x_wconf 92' lang='lat' dir='ltr'>re</span> <span class='ocrx_word' id='word_1_24' title='bbox 556 606 811 664; x_wconf 78' lang='lat' dir='ltr'>naturali</span> <span class='ocrx_word' id='word_1_25' title='bbox 842 605 1031 677; x_wconf 91' lang='lat' dir='ltr'>primo</span> <span class='ocrx_word' id='word_1_26' title='bbox 1058 603 1231 670; x_wconf 85' lang='lat' dir='ltr'>inest,</span> <span class='ocrx_word' id='word_1_27' title='bbox 1278 600 1692 656; x_wconf 85' lang='lat' dir='ltr'>concinnitatis</span> <span class='ocrx_word' id='word_1_28' title='bbox 1741 614 1968 670; x_wconf 80' lang='lat' dir='ltr'>expers,</span> 
     </span>
    </p>
   </div>
   <div class='ocr_carea' id='block_1_7' title="bbox 326 687 1968 768">
    <p class='ocr_par' dir='ltr' id='par_1_7' title="bbox 326 687 1968 768">
     <span class='ocr_line' id='line_1_7' title="bbox 326 687 1968 768; baseline -0.009 -13"><span class='ocrx_word' id='word_1_29' title='bbox 326 705 392 755; x_wconf 89' lang='lat' dir='ltr'>ut</span> <span class='ocrx_word' id='word_1_30' title='bbox 413 703 620 754; x_wconf 72' lang='lat' dir='ltr'>statuae</span> <span class='ocrx_word' id='word_1_31' title='bbox 652 695 890 768; x_wconf 86' lang='lat' dir='ltr'>quidem</span> <span class='ocrx_word' id='word_1_32' title='bbox 925 697 1198 750; x_wconf 89' lang='lat' dir='ltr'>naturam</span> <span class='ocrx_word' id='word_1_33' title='bbox 1231 707 1358 746; x_wconf 90' lang='lat' dir='ltr'>esse</span> <span class='ocrx_word' id='word_1_34' title='bbox 1384 708 1486 757; x_wconf 62' lang='lat' dir='ltr'>res,</span> <span class='ocrx_word' id='word_1_35' title='bbox 1528 689 1655 744; x_wconf 86' lang='lat' dir='ltr'>lecti</span> <span class='ocrx_word' id='word_1_36' title='bbox 1717 687 1968 758; x_wconf 85' lang='lat' dir='ltr'>lignum,</span> 
     </span>
    </p>
   </div>
   <div class='ocr_carea' id='block_1_8' title="bbox 322 779 1968 856">
    <p class='ocr_par' dir='ltr' id='par_1_8' title="bbox 322 779 1968 856">
     <span class='ocr_line' id='line_1_8' title="bbox 322 779 1968 856; baseline -0.009 -12"><span class='ocrx_word' id='word_1_37' title='bbox 322 794 380 845; x_wconf 91' lang='lat' dir='ltr'>et</span> <span class='ocrx_word' id='word_1_38' title='bbox 409 787 650 843; x_wconf 84' lang='lat' dir='ltr'>alterius</span> <span class='ocrx_word' id='word_1_39' title='bbox 681 783 1013 856; x_wconf 90' lang='lat' dir='ltr'>cujuspiam</span> <span class='ocrx_word' id='word_1_40' title='bbox 1047 785 1170 837; x_wconf 90' lang='lat' dir='ltr'>arte</span> <span class='ocrx_word' id='word_1_41' title='bbox 1195 781 1356 835; x_wconf 70' lang='lat' dir='ltr'>factae</span> <span class='ocrx_word' id='word_1_42' title='bbox 1392 779 1659 846; x_wconf 88' lang='lat' dir='ltr'>rei,aliud</span> <span class='ocrx_word' id='word_1_43' title='bbox 1687 821 1700 844; x_wconf 91' lang='lat'>,</span> <span class='ocrx_word' id='word_1_44' title='bbox 1730 781 1968 831; x_wconf 86' lang='lat' dir='ltr'>natura-</span> 
     </span>
    </p>
   </div>
   <div class='ocr_carea' id='block_1_9' title="bbox 323 866 1968 942">
    <p class='ocr_par' dir='ltr' id='par_1_9' title="bbox 323 866 1968 942">
     <span class='ocr_line' id='line_1_9' title="bbox 323 866 1968 942; baseline -0.009 -8"><span class='ocrx_word' id='word_1_45' title='bbox 323 879 397 934; x_wconf 89' lang='lat' dir='ltr'>lis</span> <span class='ocrx_word' id='word_1_46' title='bbox 426 881 625 933; x_wconf 88' lang='lat' dir='ltr'>autem</span> <span class='ocrx_word' id='word_1_47' title='bbox 657 874 850 930; x_wconf 89' lang='lat' dir='ltr'>omnis</span> <span class='ocrx_word' id='word_1_48' title='bbox 882 869 1418 942; x_wconf 90' lang='lat' dir='ltr'>corporis,primam</span> <span class='ocrx_word' id='word_1_49' title='bbox 1451 873 1507 923; x_wconf 92' lang='lat' dir='ltr'>ct</span> <span class='ocrx_word' id='word_1_50' title='bbox 1537 866 1837 939; x_wconf 80' lang='lat' dir='ltr'>qualitatis</span> <span class='ocrx_word' id='word_1_51' title='bbox 1866 883 1968 920; x_wconf 85' lang='lat' dir='ltr'>ex-</span> 
     </span>
    </p>
   </div>
   <div class='ocr_carea' id='block_1_10' title="bbox 318 957 1967 1040">
    <p class='ocr_par' dir='ltr' id='par_1_10' title="bbox 318 957 1967 1040">
     <span class='ocr_line' id='line_1_10' title="bbox 318 957 1967 1040; baseline -0.008 -17"><span class='ocrx_word' id='word_1_52' title='bbox 318 971 542 1040; x_wconf 86' lang='lat' dir='ltr'>pertem</span> <span class='ocrx_word' id='word_1_53' title='bbox 573 963 906 1020; x_wconf 90' lang='lat' dir='ltr'>materiam.</span> <span class='ocrx_word' id='word_1_54' title='bbox 934 959 1241 1016; x_wconf 90' lang='lat' dir='ltr'>Materiam</span> <span class='ocrx_word' id='word_1_55' title='bbox 1292 964 1488 1014; x_wconf 92' lang='lat' dir='ltr'>autem</span> <span class='ocrx_word' id='word_1_56' title='bbox 1543 957 1814 1012; x_wconf 84' lang='lat' dir='ltr'>dixerunt</span> <span class='ocrx_word' id='word_1_57' title='bbox 1865 972 1967 1010; x_wconf 90' lang='lat' dir='ltr'>na-</span> 
     </span>
    </p>
   </div>
   <div class='ocr_carea' id='block_1_11' title="bbox 314 1044 1966 1126">
    <p class='ocr_par' dir='ltr' id='par_1_11' title="bbox 314 1044 1966 1126">
     <span class='ocr_line' id='line_1_11' title="bbox 314 1044 1966 1126; baseline -0.008 -15"><span class='ocrx_word' id='word_1_58' title='bbox 314 1061 510 1111; x_wconf 87' lang='lat' dir='ltr'>turam</span> <span class='ocrx_word' id='word_1_59' title='bbox 541 1057 848 1126; x_wconf 82' lang='lat' dir='ltr'>propterea</span> <span class='ocrx_word' id='word_1_60' title='bbox 870 1050 1026 1122; x_wconf 91' lang='lat' dir='ltr'>quod</span> <span class='ocrx_word' id='word_1_61' title='bbox 1085 1049 1144 1104; x_wconf 93' lang='lat' dir='ltr'>in</span> <span class='ocrx_word' id='word_1_62' title='bbox 1205 1047 1480 1104; x_wconf 90' lang='lat' dir='ltr'>omnibus</span> <span class='ocrx_word' id='word_1_63' title='bbox 1533 1044 1966 1101; x_wconf 85' lang='lat' dir='ltr'>mutationibus</span> 
     </span>
    </p>
   </div>
   <div class='ocr_carea' id='block_1_12' title="bbox 316 1133 1966 1213">
    <p class='ocr_par' dir='ltr' id='par_1_12' title="bbox 316 1133 1966 1213">
     <span class='ocr_line' id='line_1_12' title="bbox 316 1133 1966 1213; baseline -0.007 -13"><span class='ocrx_word' id='word_1_64' title='bbox 316 1143 1028 1213; x_wconf 86' lang='lat' dir='ltr'>remaneat,eamdemque</span> <span class='ocrx_word' id='word_1_65' title='bbox 1047 1154 1278 1210; x_wconf 87' lang='lat' dir='ltr'>semper</span> <span class='ocrx_word' id='word_1_66' title='bbox 1299 1135 1594 1206; x_wconf 87' lang='lat' dir='ltr'>sit.A1iqui</span> <span class='ocrx_word' id='word_1_67' title='bbox 1625 1138 1829 1190; x_wconf 85' lang='lat' dir='ltr'>contra</span> <span class='ocrx_word' id='word_1_68' title='bbox 1851 1133 1966 1188; x_wconf 88' lang='lat' dir='ltr'>for-</span> 
     </span>
    </p>
   </div>
   <div class='ocr_carea' id='block_1_13' title="bbox 316 1227 1960 1304">
    <p class='ocr_par' dir='ltr' id='par_1_13' title="bbox 316 1227 1960 1304">
     <span class='ocr_line' id='line_1_13' title="bbox 316 1227 1960 1304; baseline -0.008 -15"><span class='ocrx_word' id='word_1_69' title='bbox 316 1249 475 1289; x_wconf 89' lang='lat' dir='ltr'>mam</span> <span class='ocrx_word' id='word_1_70' title='bbox 509 1249 637 1304; x_wconf 74' lang='lat' dir='ltr'>quae</span> <span class='ocrx_word' id='word_1_71' title='bbox 669 1230 978 1285; x_wconf 87' lang='lat' dir='ltr'>materiam</span> <span class='ocrx_word' id='word_1_72' title='bbox 995 1227 1476 1298; x_wconf 86' lang='lat' dir='ltr'>ambit,naturam</span> <span class='ocrx_word' id='word_1_73' title='bbox 1511 1227 1960 1295; x_wconf 88' lang='lat' dir='ltr'>nuncuparunt;</span> 
     </span>
    </p>
   </div>
   <div class='ocr_carea' id='block_1_14' title="bbox 313 1312 1963 1392">
    <p class='ocr_par' dir='ltr' id='par_1_14' title="bbox 313 1312 1963 1392">
     <span class='ocr_line' id='line_1_14' title="bbox 313 1312 1963 1392; baseline -0.007 -15"><span class='ocrx_word' id='word_1_74' title='bbox 313 1321 452 1392; x_wconf 91' lang='lat' dir='ltr'>quia</span> <span class='ocrx_word' id='word_1_75' title='bbox 483 1321 806 1376; x_wconf 89' lang='lat' dir='ltr'>secundum</span> <span class='ocrx_word' id='word_1_76' title='bbox 838 1316 1105 1374; x_wconf 85' lang='lat' dir='ltr'>naturale</span> <span class='ocrx_word' id='word_1_77' title='bbox 1145 1333 1357 1371; x_wconf 89' lang='lat' dir='ltr'>nomen</span> <span class='ocrx_word' id='word_1_78' title='bbox 1390 1314 1635 1369; x_wconf 88' lang='lat' dir='ltr'>materia</span> <span class='ocrx_word' id='word_1_79' title='bbox 1658 1330 1772 1367; x_wconf 92' lang='lat' dir='ltr'>non</span> <span class='ocrx_word' id='word_1_80' title='bbox 1806 1312 1963 1366; x_wconf 80' lang='lat' dir='ltr'>dica-</span> 
     </span>
    </p>
   </div>
   <div class='ocr_carea' id='block_1_15' title="bbox 315 1401 1962 1482">
    <p class='ocr_par' dir='ltr' id='par_1_15' title="bbox 315 1401 1962 1482">
     <span class='ocr_line' id='line_1_15' title="bbox 315 1401 1962 1482; baseline -0.007 -17"><span class='ocrx_word' id='word_1_81' title='bbox 315 1418 425 1476; x_wconf 92' lang='lat' dir='ltr'>lur,</span> <span class='ocrx_word' id='word_1_82' title='bbox 459 1411 807 1482; x_wconf 88' lang='lat' dir='ltr'>priusquam</span> <span class='ocrx_word' id='word_1_83' title='bbox 838 1409 1026 1463; x_wconf 83' lang='lat' dir='ltr'>forma</span> <span class='ocrx_word' id='word_1_84' title='bbox 1055 1404 1413 1478; x_wconf 87' lang='lat' dir='ltr'>susceperit;</span> <span class='ocrx_word' id='word_1_85' title='bbox 1461 1401 1962 1474; x_wconf 88' lang='lat' dir='ltr'>quemadmodum</span> 
     </span>
    </p>
   </div>
   <div class='ocr_carea' id='block_1_16' title="bbox 314 1492 1961 1571">
    <p class='ocr_par' dir='ltr' id='par_1_16' title="bbox 314 1492 1961 1571">
     <span class='ocr_line' id='line_1_16' title="bbox 314 1492 1961 1571; baseline -0.007 -16"><span class='ocrx_word' id='word_1_86' title='bbox 314 1515 504 1571; x_wconf 89' lang='lat' dir='ltr'>neque</span> <span class='ocrx_word' id='word_1_87' title='bbox 524 1517 601 1554; x_wconf 83' lang='lat' dir='ltr'>aes</span> <span class='ocrx_word' id='word_1_88' title='bbox 631 1497 848 1553; x_wconf 88' lang='lat' dir='ltr'>dicitur</span> <span class='ocrx_word' id='word_1_89' title='bbox 873 1499 1086 1563; x_wconf 86' lang='lat' dir='ltr'>statua,</span> <span class='ocrx_word' id='word_1_90' title='bbox 1122 1499 1439 1566; x_wconf 86' lang='lat' dir='ltr'>antequam</span> <span class='ocrx_word' id='word_1_91' title='bbox 1475 1497 1682 1548; x_wconf 80' lang='lat' dir='ltr'>statuae</span> <span class='ocrx_word' id='word_1_92' title='bbox 1714 1492 1961 1547; x_wconf 85' lang='lat' dir='ltr'>formam</span> 
     </span>
    </p>
   </div>
   <div class='ocr_carea' id='block_1_17' title="bbox 313 1581 1961 1660">
    <p class='ocr_par' dir='ltr' id='par_1_17' title="bbox 313 1581 1961 1660">
     <span class='ocr_line' id='line_1_17' title="bbox 313 1581 1961 1660; baseline -0.007 -16"><span class='ocrx_word' id='word_1_93' title='bbox 313 1588 639 1660; x_wconf 85' lang='lat' dir='ltr'>acceperit;</span> <span class='ocrx_word' id='word_1_94' title='bbox 674 1590 741 1641; x_wconf 93' lang='lat' dir='ltr'>ut</span> <span class='ocrx_word' id='word_1_95' title='bbox 771 1584 1015 1640; x_wconf 88' lang='lat' dir='ltr'>materia</span> <span class='ocrx_word' id='word_1_96' title='bbox 1049 1588 1280 1640; x_wconf 89' lang='lat' dir='ltr'>tantum</span> <span class='ocrx_word' id='word_1_97' title='bbox 1335 1586 1622 1654; x_wconf 87' lang='lat' dir='ltr'>potestate</span> <span class='ocrx_word' id='word_1_98' title='bbox 1669 1581 1766 1644; x_wconf 90' lang='lat' dir='ltr'>sit,</span> <span class='ocrx_word' id='word_1_99' title='bbox 1825 1595 1961 1634; x_wconf 93' lang='lat' dir='ltr'>cum</span> 
     </span>
    </p>
   </div>
   <div class='ocr_carea' id='block_1_18' title="bbox 314 1670 1958 1749">
    <p class='ocr_par' dir='ltr' id='par_1_18' title="bbox 314 1670 1958 1749">
     <span class='ocr_line' id='line_1_18' title="bbox 314 1670 1958 1749; baseline -0.005 -17"><span class='ocrx_word' id='word_1_100' title='bbox 314 1691 683 1749; x_wconf 62' lang='lat' dir='ltr'>unaquaeque</span> <span class='ocrx_word' id='word_1_101' title='bbox 721 1689 816 1730; x_wconf 89' lang='lat' dir='ltr'>res</span> <span class='ocrx_word' id='word_1_102' title='bbox 879 1677 1013 1730; x_wconf 91' lang='lat' dir='ltr'>actu</span> <span class='ocrx_word' id='word_1_103' title='bbox 1071 1673 1410 1745; x_wconf 86' lang='lat' dir='ltr'>designetur</span> <span class='ocrx_word' id='word_1_104' title='bbox 1466 1676 1524 1726; x_wconf 90' lang='lat' dir='ltr'>et</span> <span class='ocrx_word' id='word_1_105' title='bbox 1576 1670 1958 1743; x_wconf 85' lang='lat' dir='ltr'>exprimatur.</span> 
     </span>
    </p>
   </div>
   <div class='ocr_carea' id='block_1_19' title="bbox 312 1759 1961 1837">
    <p class='ocr_par' dir='ltr' id='par_1_19' title="bbox 312 1759 1961 1837">
     <span class='ocr_line' id='line_1_19' title="bbox 312 1759 1961 1837; baseline -0.005 -17"><span class='ocrx_word' id='word_1_106' title='bbox 312 1766 421 1831; x_wconf 88' lang='lat' dir='ltr'>Qui</span> <span class='ocrx_word' id='word_1_107' title='bbox 457 1763 770 1837; x_wconf 85' lang='lat' dir='ltr'>perfectius</span> <span class='ocrx_word' id='word_1_108' title='bbox 803 1765 848 1799; x_wconf 79' lang='grc'>¹⁴</span> <span class='ocrx_word' id='word_1_109' title='bbox 877 1778 1056 1829; x_wconf 86' lang='lat' dir='ltr'>quam</span> <span class='ocrx_word' id='word_1_110' title='bbox 1088 1761 1310 1834; x_wconf 89' lang='lat' dir='ltr'>priores</span> <span class='ocrx_word' id='word_1_111' title='bbox 1337 1761 1408 1816; x_wconf 90' lang='lat' dir='ltr'>de</span> <span class='ocrx_word' id='word_1_112' title='bbox 1430 1764 1640 1815; x_wconf 87' lang='lat' dir='ltr'>natura</span> <span class='ocrx_word' id='word_1_113' title='bbox 1670 1759 1961 1827; x_wconf 87' lang='lat' dir='ltr'>conjectu-</span> 
     </span>
    </p>
   </div>
   <div class='ocr_carea' id='block_1_20' title="bbox 314 1847 1961 1923">
    <p class='ocr_par' dir='ltr' id='par_1_20' title="bbox 314 1847 1961 1923">
     <span class='ocr_line' id='line_1_20' title="bbox 314 1847 1961 1923; baseline -0.004 -14"><span class='ocrx_word' id='word_1_114' title='bbox 314 1871 441 1910; x_wconf 89' lang='lat' dir='ltr'>ram</span> <span class='ocrx_word' id='word_1_115' title='bbox 473 1855 661 1910; x_wconf 83' lang='lat' dir='ltr'>facere</span> <span class='ocrx_word' id='word_1_116' title='bbox 713 1853 1007 1908; x_wconf 89' lang='lat' dir='ltr'>videntur.</span> <span class='ocrx_word' id='word_1_117' title='bbox 1040 1851 1151 1906; x_wconf 85' lang='lat' dir='ltr'>Alii</span> <span class='ocrx_word' id='word_1_118' title='bbox 1185 1851 1575 1923; x_wconf 89' lang='lat' dir='ltr'>compositum</span> <span class='ocrx_word' id='word_1_119' title='bbox 1609 1865 1678 1904; x_wconf 85' lang='lat' dir='ltr'>ex</span> <span class='ocrx_word' id='word_1_120' title='bbox 1715 1847 1961 1902; x_wconf 88' lang='lat' dir='ltr'>materia</span> 
     </span>
    </p>
   </div>
   <div class='ocr_carea' id='block_1_21' title="bbox 307 1936 1957 2011">
    <p class='ocr_par' dir='ltr' id='par_1_21' title="bbox 307 1936 1957 2011">
     <span class='ocr_line' id='line_1_21' title="bbox 307 1936 1957 2011; baseline -0.005 -12"><span class='ocrx_word' id='word_1_121' title='bbox 307 1948 365 1999; x_wconf 88' lang='lat' dir='ltr'>et</span> <span class='ocrx_word' id='word_1_122' title='bbox 394 1944 582 1998; x_wconf 91' lang='lat' dir='ltr'>forma</span> <span class='ocrx_word' id='word_1_123' title='bbox 612 1945 886 1997; x_wconf 90' lang='lat' dir='ltr'>naturam</span> <span class='ocrx_word' id='word_1_124' title='bbox 920 1941 1212 2005; x_wconf 88' lang='lat' dir='ltr'>dixerunt,</span> <span class='ocrx_word' id='word_1_125' title='bbox 1237 1943 1543 2011; x_wconf 89' lang='lat' dir='ltr'>propterea</span> <span class='ocrx_word' id='word_1_126' title='bbox 1575 1938 1731 2010; x_wconf 93' lang='lat' dir='ltr'>quod</span> <span class='ocrx_word' id='word_1_127' title='bbox 1782 1936 1957 1991; x_wconf 91' lang='lat' dir='ltr'>homo</span> 
     </span>
    </p>
   </div>
   <div class='ocr_carea' id='block_1_22' title="bbox 308 2026 1955 2101">
    <p class='ocr_par' dir='ltr' id='par_1_22' title="bbox 308 2026 1955 2101">
     <span class='ocr_line' id='line_1_22' title="bbox 308 2026 1955 2101; baseline -0.004 -15"><span class='ocrx_word' id='word_1_128' title='bbox 308 2049 376 2086; x_wconf 87' lang='lat' dir='ltr'>ex</span> <span class='ocrx_word' id='word_1_129' title='bbox 404 2031 662 2101; x_wconf 88' lang='lat' dir='ltr'>homine,</span> <span class='ocrx_word' id='word_1_130' title='bbox 695 2031 801 2086; x_wconf 91' lang='lat' dir='ltr'>bos</span> <span class='ocrx_word' id='word_1_131' title='bbox 831 2046 902 2085; x_wconf 89' lang='lat' dir='ltr'>ex</span> <span class='ocrx_word' id='word_1_132' title='bbox 932 2030 1098 2096; x_wconf 86' lang='lat' dir='ltr'>bove,</span> <span class='ocrx_word' id='word_1_133' title='bbox 1130 2033 1188 2084; x_wconf 92' lang='lat' dir='ltr'>et</span> <span class='ocrx_word' id='word_1_134' title='bbox 1212 2032 1278 2083; x_wconf 90' lang='lat' dir='ltr'>ut</span> <span class='ocrx_word' id='word_1_135' title='bbox 1305 2029 1409 2084; x_wconf 77' lang='lat'><strong>99</strong></span> <span class='ocrx_word' id='word_1_136' title='bbox 1446 2028 1696 2083; x_wconf 90' lang='lat' dir='ltr'>breviter</span> <span class='ocrx_word' id='word_1_137' title='bbox 1743 2026 1955 2094; x_wconf 90' lang='lat' dir='ltr'>dicam,</span> 
     </span>
    </p>
   </div>
   <div class='ocr_carea' id='block_1_23' title="bbox 308 2117 1957 2191">
    <p class='ocr_par' dir='ltr' id='par_1_23' title="bbox 308 2117 1957 2191">
     <span class='ocr_line' id='line_1_23' title="bbox 308 2117 1957 2191; baseline -0.004 -14"><span class='ocrx_word' id='word_1_138' title='bbox 308 2121 698 2191; x_wconf 90' lang='lat' dir='ltr'>compositum</span> <span class='ocrx_word' id='word_1_139' title='bbox 729 2136 797 2175; x_wconf 88' lang='lat' dir='ltr'>ex</span> <span class='ocrx_word' id='word_1_140' title='bbox 828 2117 1154 2190; x_wconf 87' lang='lat' dir='ltr'>composito</span> <span class='ocrx_word' id='word_1_141' title='bbox 1184 2117 1427 2173; x_wconf 88' lang='lat' dir='ltr'>oriatur.</span> <span class='ocrx_word' id='word_1_142' title='bbox 1462 2118 1579 2172; x_wconf 87' lang='lat' dir='ltr'>IIoc</span> <span class='ocrx_word' id='word_1_143' title='bbox 1624 2123 1818 2172; x_wconf 80' lang='lat' dir='ltr'>autem</span> <span class='ocrx_word' id='word_1_144' title='bbox 1850 2133 1957 2170; x_wconf 89' lang='lat' dir='ltr'>na-</span> 
     </span>
    </p>
   </div>
   <div class='ocr_carea' id='block_1_24' title="bbox 310 2205 1961 2279">
    <p class='ocr_par' dir='ltr' id='par_1_24' title="bbox 310 2205 1961 2279">
     <span class='ocr_line' id='line_1_24' title="bbox 310 2205 1961 2279; baseline -0.004 -14"><span class='ocrx_word' id='word_1_145' title='bbox 310 2215 462 2278; x_wconf 86' lang='lat' dir='ltr'>tura,</span> <span class='ocrx_word' id='word_1_146' title='bbox 497 2226 613 2264; x_wconf 91' lang='lat' dir='ltr'>non</span> <span class='ocrx_word' id='word_1_147' title='bbox 644 2214 858 2263; x_wconf 89' lang='lat' dir='ltr'>natura</span> <span class='ocrx_word' id='word_1_148' title='bbox 887 2212 996 2263; x_wconf 90' lang='lat' dir='ltr'>est.</span> <span class='ocrx_word' id='word_1_149' title='bbox 1028 2207 1141 2262; x_wconf 85' lang='lat' dir='ltr'>Alii</span> <span class='ocrx_word' id='word_1_150' title='bbox 1174 2207 1343 2279; x_wconf 89' lang='lat' dir='ltr'>quasi</span> <span class='ocrx_word' id='word_1_151' title='bbox 1402 2205 1869 2278; x_wconf 90' lang='lat' dir='ltr'>productionem,</span> <span class='ocrx_word' id='word_1_152' title='bbox 1904 2209 1961 2259; x_wconf 88' lang='lat' dir='ltr'>et</span> 
     </span>
    </p>
   </div>
   <div class='ocr_carea' id='block_1_25' title="bbox 312 2296 1959 2368">
    <p class='ocr_par' dir='ltr' id='par_1_25' title="bbox 312 2296 1959 2368">
     <span class='ocr_line' id='line_1_25' title="bbox 312 2296 1959 2368; baseline -0.002 -15"><span class='ocrx_word' id='word_1_153' title='bbox 312 2297 750 2368; x_wconf 82' lang='lat' dir='ltr'>generationem</span> <span class='ocrx_word' id='word_1_154' title='bbox 782 2301 840 2352; x_wconf 86' lang='lat' dir='ltr'>et</span> <span class='ocrx_word' id='word_1_155' title='bbox 871 2301 1119 2367; x_wconf 90' lang='lat' dir='ltr'>motum,</span> <span class='ocrx_word' id='word_1_156' title='bbox 1144 2313 1260 2367; x_wconf 91' lang='lat' dir='ltr'>quo</span> <span class='ocrx_word' id='word_1_157' title='bbox 1290 2313 1323 2351; x_wconf 90' lang='lat' dir='ltr'>a</span> <span class='ocrx_word' id='word_1_158' title='bbox 1352 2296 1710 2368; x_wconf 89' lang='lat' dir='ltr'>producente</span> <span class='ocrx_word' id='word_1_159' title='bbox 1744 2296 1959 2367; x_wconf 90' lang='lat' dir='ltr'>produ-</span> 
     </span>
    </p>
   </div>
   <div class='ocr_carea' id='block_1_26' title="bbox 314 2384 1958 2457">
    <p class='ocr_par' dir='ltr' id='par_1_26' title="bbox 314 2384 1958 2457">
     <span class='ocr_line' id='line_1_26' title="bbox 314 2384 1958 2457; baseline 0 -17"><span class='ocrx_word' id='word_1_160' title='bbox 314 2385 466 2440; x_wconf 86' lang='lat' dir='ltr'>citur</span> <span class='ocrx_word' id='word_1_161' title='bbox 493 2386 866 2457; x_wconf 87' lang='lat' dir='ltr'>productum,</span> <span class='ocrx_word' id='word_1_162' title='bbox 887 2384 1037 2440; x_wconf 90' lang='lat' dir='ltr'>hanc</span> <span class='ocrx_word' id='word_1_163' title='bbox 1071 2390 1340 2440; x_wconf 87' lang='lat' dir='ltr'>naturam</span> <span class='ocrx_word' id='word_1_164' title='bbox 1372 2400 1501 2439; x_wconf 87' lang='lat' dir='ltr'>esse</span> <span class='ocrx_word' id='word_1_165' title='bbox 1530 2384 1958 2440; x_wconf 79' lang='lat' dir='ltr'>existimarunt.</span> 
     </span>
    </p>
   </div>
   <div class='ocr_carea' id='block_1_27' title="bbox 319 2473 1959 2545">
    <p class='ocr_par' dir='ltr' id='par_1_27' title="bbox 319 2473 1959 2545">
     <span class='ocr_line' id='line_1_27' title="bbox 319 2473 1959 2545; baseline 0 -17"><span class='ocrx_word' id='word_1_166' title='bbox 319 2474 831 2540; x_wconf 86' lang='lat' dir='ltr'>Quemadmodum</span> <span class='ocrx_word' id='word_1_167' title='bbox 859 2474 1017 2530; x_wconf 91' lang='lat' dir='ltr'>enim</span> <span class='ocrx_word' id='word_1_168' title='bbox 1047 2473 1106 2527; x_wconf 90' lang='lat' dir='ltr'>in</span> <span class='ocrx_word' id='word_1_169' title='bbox 1158 2473 1510 2531; x_wconf 89' lang='lat' dir='ltr'>vestimento</span> <span class='ocrx_word' id='word_1_170' title='bbox 1557 2478 1646 2529; x_wconf 90' lang='lat' dir='ltr'>est</span> <span class='ocrx_word' id='word_1_171' title='bbox 1698 2473 1754 2528; x_wconf 91' lang='lat' dir='ltr'>id</span> <span class='ocrx_word' id='word_1_172' title='bbox 1806 2474 1959 2545; x_wconf 94' lang='lat' dir='ltr'>quod</span> 
     </span>
    </p>
   </div>
   <div class='ocr_carea' id='block_1_28' title="bbox 310 2562 1960 2634">
    <p class='ocr_par' dir='ltr' id='par_1_28' title="bbox 310 2562 1960 2634">
     <span class='ocr_line' id='line_1_28' title="bbox 310 2562 1960 2634; baseline 0 -16"><span class='ocrx_word' id='word_1_173' title='bbox 310 2565 471 2631; x_wconf 86' lang='lat' dir='ltr'>texit,</span> <span class='ocrx_word' id='word_1_174' title='bbox 503 2563 613 2619; x_wconf 90' lang='lat' dir='ltr'>hoc</span> <span class='ocrx_word' id='word_1_175' title='bbox 644 2567 735 2619; x_wconf 89' lang='lat' dir='ltr'>est</span> <span class='ocrx_word' id='word_1_176' title='bbox 766 2567 992 2630; x_wconf 84' lang='lat' dir='ltr'>textor;</span> <span class='ocrx_word' id='word_1_177' title='bbox 1027 2567 1085 2618; x_wconf 88' lang='lat' dir='ltr'>et</span> <span class='ocrx_word' id='word_1_178' title='bbox 1115 2563 1268 2634; x_wconf 92' lang='lat' dir='ltr'>quod</span> <span class='ocrx_word' id='word_1_179' title='bbox 1291 2562 1524 2629; x_wconf 87' lang='lat' dir='ltr'>texitur,</span> <span class='ocrx_word' id='word_1_180' title='bbox 1573 2562 1683 2617; x_wconf 90' lang='lat' dir='ltr'>hoc</span> <span class='ocrx_word' id='word_1_181' title='bbox 1725 2566 1814 2618; x_wconf 91' lang='lat' dir='ltr'>est</span> <span class='ocrx_word' id='word_1_182' title='bbox 1863 2581 1960 2618; x_wconf 86' lang='lat' dir='ltr'>ve-</span> 
     </span>
    </p>
   </div>
   <div class='ocr_carea' id='block_1_29' title="bbox 311 2651 1961 2723">
    <p class='ocr_par' dir='ltr' id='par_1_29' title="bbox 311 2651 1961 2723">
     <span class='ocr_line' id='line_1_29' title="bbox 311 2651 1961 2723; baseline 0 -16"><span class='ocrx_word' id='word_1_183' title='bbox 311 2652 653 2708; x_wconf 85' lang='lat' dir='ltr'>stimentum</span> <span class='ocrx_word' id='word_1_184' title='bbox 682 2670 695 2720; x_wconf 90' lang='lat'>;</span> <span class='ocrx_word' id='word_1_185' title='bbox 728 2656 785 2707; x_wconf 87' lang='lat' dir='ltr'>et</span> <span class='ocrx_word' id='word_1_186' title='bbox 814 2652 988 2707; x_wconf 87' lang='lat' dir='ltr'>tertio</span> <span class='ocrx_word' id='word_1_187' title='bbox 1009 2651 1134 2707; x_wconf 92' lang='lat' dir='ltr'>loco</span> <span class='ocrx_word' id='word_1_188' title='bbox 1183 2655 1412 2706; x_wconf 84' lang='lat' dir='ltr'>textura</span> <span class='ocrx_word' id='word_1_189' title='bbox 1444 2668 1571 2722; x_wconf 72' lang='lat' dir='ltr'>quae</span> <span class='ocrx_word' id='word_1_190' title='bbox 1605 2655 1800 2707; x_wconf 89' lang='lat' dir='ltr'>motus</span> <span class='ocrx_word' id='word_1_191' title='bbox 1831 2651 1961 2723; x_wconf 92' lang='lat' dir='ltr'>qui-</span> 
     </span>
    </p>
   </div>
   <div class='ocr_carea' id='block_1_30' title="bbox 309 2740 1959 2811">
    <p class='ocr_par' dir='ltr' id='par_1_30' title="bbox 309 2740 1959 2811">
     <span class='ocr_line' id='line_1_30' title="bbox 309 2740 1959 2811; baseline 0.002 -15"><span class='ocrx_word' id='word_1_192' title='bbox 309 2743 445 2797; x_wconf 88' lang='lat' dir='ltr'>dam</span> <span class='ocrx_word' id='word_1_193' title='bbox 475 2745 566 2797; x_wconf 90' lang='lat' dir='ltr'>est</span> <span class='ocrx_word' id='word_1_194' title='bbox 591 2742 664 2796; x_wconf 90' lang='lat' dir='ltr'>ab</span> <span class='ocrx_word' id='word_1_195' title='bbox 695 2741 986 2797; x_wconf 90' lang='lat' dir='ltr'>efﬁciente</span> <span class='ocrx_word' id='word_1_196' title='bbox 1009 2741 1069 2795; x_wconf 90' lang='lat' dir='ltr'>in</span> <span class='ocrx_word' id='word_1_197' title='bbox 1097 2741 1155 2795; x_wconf 93' lang='lat' dir='ltr'>id</span> <span class='ocrx_word' id='word_1_198' title='bbox 1187 2741 1342 2811; x_wconf 91' lang='lat' dir='ltr'>quod</span> <span class='ocrx_word' id='word_1_199' title='bbox 1376 2740 1665 2809; x_wconf 89' lang='lat' dir='ltr'>efﬁcitur;</span> <span class='ocrx_word' id='word_1_200' title='bbox 1701 2743 1782 2796; x_wconf 90' lang='lat' dir='ltr'>sic</span> <span class='ocrx_word' id='word_1_201' title='bbox 1816 2742 1870 2796; x_wconf 92' lang='lat' dir='ltr'>in</span> <span class='ocrx_word' id='word_1_202' title='bbox 1899 2760 1959 2799; x_wconf 89' lang='lat' dir='ltr'>re</span> 
     </span>
    </p>
   </div>
   <div class='ocr_carea' id='block_1_31' title="bbox 2079 596 3736 674">
    <p class='ocr_par' dir='ltr' id='par_1_31' title="bbox 2079 596 3736 674">
     <span class='ocr_line' id='line_1_31' title="bbox 2079 596 3736 674; baseline 0.003 -24"><span class='ocrx_word' id='word_1_203' title='bbox 2079 616 2180 670; x_wconf 85' lang='grc' dir='ltr'>χον</span> <span class='ocrx_word' id='word_1_204' title='bbox 2241 596 2604 672; x_wconf 75' lang='grc' dir='ltr'>ἀρῥύϐμιστον</span> <span class='ocrx_word' id='word_1_205' title='bbox 2641 615 2652 627; x_wconf 83' lang='grc'><strong>⁸</strong></span> <span class='ocrx_word' id='word_1_206' title='bbox 2708 597 2781 658; x_wconf 85' lang='grc' dir='ltr'>ὡς</span> <span class='ocrx_word' id='word_1_207' title='bbox 2837 596 3150 673; x_wconf 81' lang='grc' dir='ltr'>ἀνδριάντος</span> <span class='ocrx_word' id='word_1_208' title='bbox 3213 597 3307 670; x_wconf 77' lang='grc' dir='ltr'>μὶν</span> <span class='ocrx_word' id='word_1_209' title='bbox 3380 597 3534 674; x_wconf 87' lang='grc' dir='ltr'>φύσιν</span> <span class='ocrx_word' id='word_1_210' title='bbox 3597 601 3736 656; x_wconf 74' lang='grc' dir='ltr'>εἶναι</span> 
     </span>
    </p>
   </div>
   <div class='ocr_carea' id='block_1_32' title="bbox 2079 683 3734 764">
    <p class='ocr_par' dir='ltr' id='par_1_32' title="bbox 2079 683 3734 764">
     <span class='ocr_line' id='line_1_32' title="bbox 2079 683 3734 764; baseline 0.004 -26"><span class='ocrx_word' id='word_1_211' title='bbox 2079 683 2312 759; x_wconf 84' lang='grc' dir='ltr'>χαλκὸν,</span> <span class='ocrx_word' id='word_1_212' title='bbox 2361 684 2554 756; x_wconf 80' lang='grc' dir='ltr'>κλίνης</span> <span class='ocrx_word' id='word_1_213' title='bbox 2605 683 2661 740; x_wconf 77' lang='grc' dir='ltr'>δὲ</span> <span class='ocrx_word' id='word_1_214' title='bbox 2712 685 2893 756; x_wconf 80' lang='grc' dir='ltr'>ξύλον,</span> <span class='ocrx_word' id='word_1_215' title='bbox 2943 687 3032 741; x_wconf 81' lang='grc' dir='ltr'>καὶ</span> <span class='ocrx_word' id='word_1_216' title='bbox 3083 685 3258 742; x_wconf 82' lang='grc' dir='ltr'>ἄλλου</span> <span class='ocrx_word' id='word_1_217' title='bbox 3295 691 3403 742; x_wconf 92' lang='grc' dir='ltr'>τῶν</span> <span class='ocrx_word' id='word_1_218' title='bbox 3449 694 3734 764; x_wconf 89' lang='grc' dir='ltr'>τεχνητῶν</span> 
     </span>
    </p>
   </div>
   <div class='ocr_carea' id='block_1_33' title="bbox 2079 771 3733 852">
    <p class='ocr_par' dir='ltr' id='par_1_33' title="bbox 2079 771 3733 852">
     <span class='ocr_line' id='line_1_33' title="bbox 2079 771 3733 852; baseline 0.004 -25"><span class='ocrx_word' id='word_1_219' title='bbox 2079 771 2240 827; x_wconf 82' lang='grc' dir='ltr'>ἄλλο·</span> <span class='ocrx_word' id='word_1_220' title='bbox 2288 779 2386 828; x_wconf 88' lang='grc' dir='ltr'>τοῦ</span> <span class='ocrx_word' id='word_1_221' title='bbox 2430 780 2658 852; x_wconf 75' lang='grc' dir='ltr'>φυσικοῦ</span> <span class='ocrx_word' id='word_1_222' title='bbox 2708 775 2766 829; x_wconf 75' lang='grc' dir='ltr'>δὲ</span> <span class='ocrx_word' id='word_1_223' title='bbox 2812 775 3008 838; x_wconf 85' lang='grc' dir='ltr'>παντὸς</span> <span class='ocrx_word' id='word_1_224' title='bbox 3060 777 3313 848; x_wconf 84' lang='grc' dir='ltr'>σώματος</span> <span class='ocrx_word' id='word_1_225' title='bbox 3349 778 3449 846; x_wconf 71' lang='grc' dir='ltr'>τήν</span> <span class='ocrx_word' id='word_1_226' title='bbox 3503 779 3733 852; x_wconf 85' lang='grc' dir='ltr'>πρώτην</span> 
     </span>
    </p>
   </div>
   <div class='ocr_carea' id='block_1_34' title="bbox 2078 861 3738 942">
    <p class='ocr_par' dir='ltr' id='par_1_34' title="bbox 2078 861 3738 942">
     <span class='ocr_line' id='line_1_34' title="bbox 2078 861 3738 942; baseline 0.004 -26"><span class='ocrx_word' id='word_1_227' title='bbox 2078 861 2216 932; x_wconf 79' lang='grc' dir='ltr'>ὕλην</span> <span class='ocrx_word' id='word_1_228' title='bbox 2252 863 2340 917; x_wconf 86' lang='grc' dir='ltr'>καὶ</span> <span class='ocrx_word' id='word_1_229' title='bbox 2390 861 2601 919; x_wconf 80' lang='grc' dir='ltr'>ἄποιον.</span> <span class='ocrx_word' id='word_1_230' title='bbox 2655 864 2920 940; x_wconf 81' lang='grc' dir='ltr'>Εἶρήκασι</span> <span class='ocrx_word' id='word_1_231' title='bbox 2975 861 3032 918; x_wconf 77' lang='grc' dir='ltr'>δὲ</span> <span class='ocrx_word' id='word_1_232' title='bbox 3061 863 3216 942; x_wconf 90' lang='grc' dir='ltr'>φύσιν</span> <span class='ocrx_word' id='word_1_233' title='bbox 3247 865 3346 934; x_wconf 82' lang='grc' dir='ltr'>τήν</span> <span class='ocrx_word' id='word_1_234' title='bbox 3397 864 3536 935; x_wconf 81' lang='grc' dir='ltr'>ὕλην</span> <span class='ocrx_word' id='word_1_235' title='bbox 3572 912 3586 938; x_wconf 91' lang='grc'>,</span> <span class='ocrx_word' id='word_1_236' title='bbox 3644 864 3738 922; x_wconf 66' lang='grc' dir='ltr'>διὰ*⁹</span> 
     </span>
    </p>
   </div>
   <div class='ocr_carea' id='block_1_35' title="bbox 2074 947 3728 1026">
    <p class='ocr_par' dir='ltr' id='par_1_35' title="bbox 2074 947 3728 1026">
     <span class='ocr_line' id='line_1_35' title="bbox 2074 947 3728 1026; baseline 0.002 -21"><span class='ocrx_word' id='word_1_237' title='bbox 2074 951 2137 1005; x_wconf 88' lang='grc' dir='ltr'>τὸ</span> <span class='ocrx_word' id='word_1_238' title='bbox 2170 951 2454 1024; x_wconf 84' lang='grc' dir='ltr'>ὑπομένειν</span> <span class='ocrx_word' id='word_1_239' title='bbox 2508 951 2559 1006; x_wconf 83' lang='grc' dir='ltr'>ἐν</span> <span class='ocrx_word' id='word_1_240' title='bbox 2609 957 2729 1014; x_wconf 88' lang='grc' dir='ltr'>ταῖς</span> <span class='ocrx_word' id='word_1_241' title='bbox 2775 951 3056 1015; x_wconf 73' lang='grc' dir='ltr'>παντοίαις</span> <span class='ocrx_word' id='word_1_242' title='bbox 3111 947 3464 1026; x_wconf 75' lang='grc' dir='ltr'>μεταϐολαῖς,</span> <span class='ocrx_word' id='word_1_243' title='bbox 3504 955 3595 1008; x_wconf 82' lang='grc' dir='ltr'>καὶ</span> <span class='ocrx_word' id='word_1_244' title='bbox 3625 957 3728 1026; x_wconf 79' lang='grc' dir='ltr'>τήν</span> 
     </span>
    </p>
   </div>
   <div class='ocr_carea' id='block_1_36' title="bbox 2077 1039 3732 1118">
    <p class='ocr_par' dir='ltr' id='par_1_36' title="bbox 2077 1039 3732 1118">
     <span class='ocr_line' id='line_1_36' title="bbox 2077 1039 3732 1118; baseline 0.004 -24"><span class='ocrx_word' id='word_1_245' title='bbox 2077 1039 2242 1109; x_wconf 71' lang='grc' dir='ltr'>αύτῆν</span> <span class='ocrx_word' id='word_1_246' title='bbox 2277 1043 2411 1096; x_wconf 86' lang='grc' dir='ltr'>εἴναι</span> <span class='ocrx_word' id='word_1_247' title='bbox 2445 1039 2757 1104; x_wconf 85' lang='grc' dir='ltr'>διαπαντός.</span> <span class='ocrx_word' id='word_1_248' title='bbox 2804 1043 2957 1103; x_wconf 76' lang='grc' dir='ltr'>Τιοὲς</span> <span class='ocrx_word' id='word_1_249' title='bbox 3006 1039 3063 1096; x_wconf 74' lang='grc' dir='ltr'>δὲ</span> <span class='ocrx_word' id='word_1_250' title='bbox 3105 1042 3230 1118; x_wconf 83' lang='grc' dir='ltr'>περὶ</span> <span class='ocrx_word' id='word_1_251' title='bbox 3275 1044 3375 1112; x_wconf 81' lang='grc' dir='ltr'>τήν</span> <span class='ocrx_word' id='word_1_252' title='bbox 3409 1040 3548 1112; x_wconf 78' lang='grc' dir='ltr'>ὕλην</span> <span class='ocrx_word' id='word_1_253' title='bbox 3583 1041 3732 1107; x_wconf 76' lang='grc' dir='ltr'>εἶδος</span> 
     </span>
    </p>
   </div>
   <div class='ocr_carea' id='block_1_37' title="bbox 2076 1129 3734 1207">
    <p class='ocr_par' dir='ltr' id='par_1_37' title="bbox 2076 1129 3734 1207">
     <span class='ocr_line' id='line_1_37' title="bbox 2076 1129 3734 1207; baseline 0.003 -24"><span class='ocrx_word' id='word_1_254' title='bbox 2076 1129 2230 1207; x_wconf 86' lang='grc' dir='ltr'>φύσιν</span> <span class='ocrx_word' id='word_1_255' title='bbox 2263 1129 2573 1204; x_wconf 81' lang='grc' dir='ltr'>ὠνόμασαν,</span> <span class='ocrx_word' id='word_1_256' title='bbox 2624 1129 2713 1186; x_wconf 80' lang='grc' dir='ltr'>διὰ</span> <span class='ocrx_word' id='word_1_257' title='bbox 2740 1130 2804 1186; x_wconf 89' lang='grc' dir='ltr'>τὸ</span> <span class='ocrx_word' id='word_1_258' title='bbox 2840 1132 2915 1204; x_wconf 82' lang='grc' dir='ltr'>μή</span> <span class='ocrx_word' id='word_1_259' title='bbox 2967 1129 3216 1206; x_wconf 83' lang='grc' dir='ltr'>λέγεσθαι</span> <span class='ocrx_word' id='word_1_260' title='bbox 3267 1132 3366 1200; x_wconf 72' lang='grc' dir='ltr'>τὴν</span> <span class='ocrx_word' id='word_1_261' title='bbox 3419 1129 3558 1206; x_wconf 81' lang='grc' dir='ltr'>ὕλῃν</span> <span class='ocrx_word' id='word_1_262' title='bbox 3591 1133 3734 1188; x_wconf 84' lang='grc' dir='ltr'>κατᾶ</span> 
     </span>
    </p>
   </div>
   <div class='ocr_carea' id='block_1_38' title="bbox 2072 1215 3731 1300">
    <p class='ocr_par' dir='ltr' id='par_1_38' title="bbox 2072 1215 3731 1300">
     <span class='ocr_line' id='line_1_38' title="bbox 2072 1215 3731 1300; baseline 0.002 -27"><span class='ocrx_word' id='word_1_263' title='bbox 2072 1220 2135 1273; x_wconf 89' lang='grc' dir='ltr'>τὸ</span> <span class='ocrx_word' id='word_1_264' title='bbox 2183 1220 2407 1297; x_wconf 85' lang='grc' dir='ltr'>φυσικὸν</span> <span class='ocrx_word' id='word_1_265' title='bbox 2461 1215 2657 1294; x_wconf 74' lang='grc' dir='ltr'>ὄνομα,</span> <span class='ocrx_word' id='word_1_266' title='bbox 2704 1219 2830 1295; x_wconf 84' lang='grc' dir='ltr'>πρὶν</span> <span class='ocrx_word' id='word_1_267' title='bbox 2878 1219 2941 1274; x_wconf 89' lang='grc' dir='ltr'>τὸ</span> <span class='ocrx_word' id='word_1_268' title='bbox 2997 1216 3137 1282; x_wconf 82' lang='grc' dir='ltr'>εἶδος</span> <span class='ocrx_word' id='word_1_269' title='bbox 3183 1215 3509 1290; x_wconf 75' lang='grc' dir='ltr'>ἀπολαϐεῖν,</span> <span class='ocrx_word' id='word_1_270' title='bbox 3541 1220 3731 1300; x_wconf 84' lang='grc' dir='ltr'>ὥσπερ</span> 
     </span>
    </p>
   </div>
   <div class='ocr_carea' id='block_1_39' title="bbox 2074 1305 3730 1384">
    <p class='ocr_par' dir='ltr' id='par_1_39' title="bbox 2074 1305 3730 1384">
     <span class='ocr_line' id='line_1_39' title="bbox 2074 1305 3730 1384; baseline 0.002 -22"><span class='ocrx_word' id='word_1_271' title='bbox 2074 1305 2200 1362; x_wconf 79' lang='grc' dir='ltr'>οὐδὲ</span> <span class='ocrx_word' id='word_1_272' title='bbox 2227 1309 2316 1363; x_wconf 84' lang='grc' dir='ltr'>τὸν</span> <span class='ocrx_word' id='word_1_273' title='bbox 2347 1307 2554 1384; x_wconf 86' lang='grc' dir='ltr'>χαλκὸν</span> <span class='ocrx_word' id='word_1_274' title='bbox 2608 1307 2856 1384; x_wconf 83' lang='grc' dir='ltr'>λέγεσθαι</span> <span class='ocrx_word' id='word_1_275' title='bbox 2905 1305 3210 1384; x_wconf 83' lang='grc' dir='ltr'>ἀνδριάντα,</span> <span class='ocrx_word' id='word_1_276' title='bbox 3244 1307 3370 1383; x_wconf 81' lang='grc' dir='ltr'>πρὶν</span> <span class='ocrx_word' id='word_1_277' title='bbox 3413 1311 3476 1364; x_wconf 85' lang='grc' dir='ltr'>τὸ</span> <span class='ocrx_word' id='word_1_278' title='bbox 3506 1315 3604 1365; x_wconf 90' lang='grc' dir='ltr'>τοῦ</span> <span class='ocrx_word' id='word_1_279' title='bbox 3636 1311 3730 1366; x_wconf 82' lang='grc' dir='ltr'>ἀν-</span> 
     </span>
    </p>
   </div>
   <div class='ocr_carea' id='block_1_40' title="bbox 2075 1393 3730 1474">
    <p class='ocr_par' dir='ltr' id='par_1_40' title="bbox 2075 1393 3730 1474">
     <span class='ocr_line' id='line_1_40' title="bbox 2075 1393 3730 1474; baseline 0.002 -23"><span class='ocrx_word' id='word_1_280' title='bbox 2075 1395 2321 1474; x_wconf 85' lang='grc' dir='ltr'>δριάντος</span> <span class='ocrx_word' id='word_1_281' title='bbox 2372 1395 2514 1460; x_wconf 76' lang='grc' dir='ltr'>εἶδος</span> <span class='ocrx_word' id='word_1_282' title='bbox 2567 1393 2882 1469; x_wconf 77' lang='grc' dir='ltr'>ἀπολαϐεῖν,</span> <span class='ocrx_word' id='word_1_283' title='bbox 2933 1398 3010 1459; x_wconf 85' lang='grc' dir='ltr'>ὡς</span> <span class='ocrx_word' id='word_1_284' title='bbox 3059 1396 3283 1471; x_wconf 80' lang='grc' dir='ltr'>δυνάμει</span> <span class='ocrx_word' id='word_1_285' title='bbox 3340 1398 3506 1472; x_wconf 90' lang='grc' dir='ltr'>μόνον</span> <span class='ocrx_word' id='word_1_286' title='bbox 3559 1399 3730 1471; x_wconf 72' lang='grc' dir='ltr'>οὔσης</span> 
     </span>
    </p>
   </div>
   <div class='ocr_carea' id='block_1_41' title="bbox 2069 1484 3733 1566">
    <p class='ocr_par' dir='ltr' id='par_1_41' title="bbox 2069 1484 3733 1566">
     <span class='ocr_line' id='line_1_41' title="bbox 2069 1484 3733 1566; baseline 0.001 -24"><span class='ocrx_word' id='word_1_287' title='bbox 2069 1490 2168 1557; x_wconf 74' lang='grc' dir='ltr'>τῆς</span> <span class='ocrx_word' id='word_1_288' title='bbox 2225 1486 2362 1558; x_wconf 76' lang='grc' dir='ltr'>ὕλης</span> <span class='ocrx_word' id='word_1_289' title='bbox 2400 1533 2416 1557; x_wconf 90' lang='grc'>,</span> <span class='ocrx_word' id='word_1_290' title='bbox 2465 1487 2688 1542; x_wconf 74' lang='grc' dir='ltr'>ἑκάστου</span> <span class='ocrx_word' id='word_1_291' title='bbox 2765 1484 2870 1560; x_wconf 79' lang='grc' dir='ltr'>(δὲ)</span> <span class='ocrx_word' id='word_1_292' title='bbox 2917 1491 3026 1541; x_wconf 87' lang='grc' dir='ltr'>τῶν</span> <span class='ocrx_word' id='word_1_293' title='bbox 3100 1488 3435 1562; x_wconf 85' lang='grc' dir='ltr'>πραγπάτων</span> <span class='ocrx_word' id='word_1_294' title='bbox 3492 1488 3733 1566; x_wconf 79' lang='grc' dir='ltr'>ἐνεργείᾳ</span> 
     </span>
    </p>
   </div>
   <div class='ocr_carea' id='block_1_42' title="bbox 2073 1574 3733 1654">
    <p class='ocr_par' dir='ltr' id='par_1_42' title="bbox 2073 1574 3733 1654">
     <span class='ocr_line' id='line_1_42' title="bbox 2073 1574 3733 1654; baseline 0 -22"><span class='ocrx_word' id='word_1_295' title='bbox 2073 1578 2636 1654; x_wconf 80' lang='grc' dir='ltr'>χαρακτηριζομένου.</span> <span class='ocrx_word' id='word_1_296' title='bbox 2680 1574 2904 1647; x_wconf 78' lang='grc' dir='ltr'>’Έδοξαν</span> <span class='ocrx_word' id='word_1_297' title='bbox 2962 1574 3009 1631; x_wconf 86' lang='grc' dir='ltr'>δ’</span> <span class='ocrx_word' id='word_1_298' title='bbox 3058 1577 3209 1633; x_wconf 85' lang='grc' dir='ltr'>οὗτοι</span> <span class='ocrx_word' id='word_1_299' title='bbox 3257 1576 3586 1652; x_wconf 83' lang='grc' dir='ltr'>τελεώτερον</span> <span class='ocrx_word' id='word_1_300' title='bbox 3635 1579 3733 1634; x_wconf 89' lang='grc' dir='ltr'>τὸν</span> 
     </span>
    </p>
   </div>
   <div class='ocr_carea' id='block_1_43' title="bbox 2071 1665 3737 1744">
    <p class='ocr_par' dir='ltr' id='par_1_43' title="bbox 2071 1665 3737 1744">
     <span class='ocr_line' id='line_1_43' title="bbox 2071 1665 3737 1744; baseline 0.002 -24"><span class='ocrx_word' id='word_1_301' title='bbox 2071 1667 2302 1742; x_wconf 84' lang='grc' dir='ltr'>πρώτων</span> <span class='ocrx_word' id='word_1_302' title='bbox 2344 1666 2700 1742; x_wconf 84' lang='grc' dir='ltr'>στοχάζεσθαι</span> <span class='ocrx_word' id='word_1_303' title='bbox 2745 1665 2871 1742; x_wconf 82' lang='grc' dir='ltr'>περὶ</span> <span class='ocrx_word' id='word_1_304' title='bbox 2916 1665 3148 1744; x_wconf 84' lang='grc' dir='ltr'>φύσεως.</span> <span class='ocrx_word' id='word_1_305' title='bbox 3181 1668 3395 1742; x_wconf 83' lang='grc' dir='ltr'>Ἐτεροι</span> <span class='ocrx_word' id='word_1_306' title='bbox 3440 1668 3506 1723; x_wconf 85' lang='grc' dir='ltr'>τὸ</span> <span class='ocrx_word' id='word_1_307' title='bbox 3551 1667 3737 1724; x_wconf 80' lang='grc' dir='ltr'>σύνθε-</span> 
     </span>
    </p>
   </div>
   <div class='ocr_carea' id='block_1_44' title="bbox 2068 1752 3738 1834">
    <p class='ocr_par' dir='ltr' id='par_1_44' title="bbox 2068 1752 3738 1834">
     <span class='ocr_line' id='line_1_44' title="bbox 2068 1752 3738 1834; baseline 0.002 -24"><span class='ocrx_word' id='word_1_308' title='bbox 2068 1777 2158 1810; x_wconf 93' lang='grc' dir='ltr'>τον</span> <span class='ocrx_word' id='word_1_309' title='bbox 2193 1754 2244 1826; x_wconf 78' lang='grc' dir='ltr'>ἐξ</span> <span class='ocrx_word' id='word_1_310' title='bbox 2271 1754 2410 1825; x_wconf 81' lang='grc' dir='ltr'>ὕλης</span> <span class='ocrx_word' id='word_1_311' title='bbox 2440 1755 2530 1811; x_wconf 83' lang='grc' dir='ltr'>καὶ</span> <span class='ocrx_word' id='word_1_312' title='bbox 2581 1752 2756 1816; x_wconf 84' lang='grc' dir='ltr'>εἷ’δους</span> <span class='ocrx_word' id='word_1_313' title='bbox 2799 1756 2956 1834; x_wconf 89' lang='grc' dir='ltr'>φύσιν</span> <span class='ocrx_word' id='word_1_314' title='bbox 3006 1754 3255 1829; x_wconf 79' lang='grc' dir='ltr'>εἰρήκασι</span> <span class='ocrx_word' id='word_1_315' title='bbox 3306 1753 3395 1811; x_wconf 81' lang='grc' dir='ltr'>διὰ</span> <span class='ocrx_word' id='word_1_316' title='bbox 3421 1757 3486 1812; x_wconf 86' lang='grc' dir='ltr'>τὸ</span> <span class='ocrx_word' id='word_1_317' title='bbox 3527 1757 3738 1833; x_wconf 77' lang='grc' dir='ltr'>ἅνθρω-</span> 
     </span>
    </p>
   </div>
   <div class='ocr_carea' id='block_1_45' title="bbox 1988 1843 3734 1941">
    <p class='ocr_par' dir='ltr' id='par_1_45' title="bbox 1988 1843 3734 1941">
     <span class='ocr_line' id='line_1_45' title="bbox 1988 1843 3734 1941; baseline 0.001 -43"><span class='ocrx_word' id='word_1_318' title='bbox 1988 1875 2036 1941; x_wconf 85' lang='grc' dir='ltr'><strong>Β</strong></span> <span class='ocrx_word' id='word_1_319' title='bbox 2069 1866 2170 1899; x_wconf 89' lang='grc' dir='ltr'>πον</span> <span class='ocrx_word' id='word_1_320' title='bbox 2224 1844 2274 1914; x_wconf 80' lang='grc' dir='ltr'>ἐξ</span> <span class='ocrx_word' id='word_1_321' title='bbox 2322 1844 2608 1919; x_wconf 80' lang='grc' dir='ltr'>ἀνθρώπου</span> <span class='ocrx_word' id='word_1_322' title='bbox 2657 1843 2915 1920; x_wconf 82' lang='grc' dir='ltr'>γίνεσθαι,</span> <span class='ocrx_word' id='word_1_323' title='bbox 2969 1844 3058 1898; x_wconf 89' lang='grc' dir='ltr'>καὶ</span> <span class='ocrx_word' id='word_1_324' title='bbox 3121 1845 3250 1920; x_wconf 87' lang='grc' dir='ltr'>βοῦν</span> <span class='ocrx_word' id='word_1_325' title='bbox 3303 1845 3362 1900; x_wconf 79' lang='grc' dir='ltr'>ἐκ</span> <span class='ocrx_word' id='word_1_326' title='bbox 3421 1844 3574 1920; x_wconf 76' lang='grc' dir='ltr'>βοῦς,</span> <span class='ocrx_word' id='word_1_327' title='bbox 3635 1846 3734 1902; x_wconf 84' lang='grc' dir='ltr'>καὶ</span> 
     </span>
    </p>
   </div>
   <div class='ocr_carea' id='block_1_46' title="bbox 2067 1932 3732 2013">
    <p class='ocr_par' dir='ltr' id='par_1_46' title="bbox 2067 1932 3732 2013">
     <span class='ocr_line' id='line_1_46' title="bbox 2067 1932 3732 2013; baseline 0.001 -25"><span class='ocrx_word' id='word_1_328' title='bbox 2067 1934 2256 1996; x_wconf 86' lang='grc' dir='ltr'>ἀπλῶς</span> <span class='ocrx_word' id='word_1_329' title='bbox 2302 1932 2360 1988; x_wconf 78' lang='grc' dir='ltr'>ἐκ</span> <span class='ocrx_word' id='word_1_330' title='bbox 2389 1938 2485 1988; x_wconf 93' lang='grc' dir='ltr'>τοῦ</span> <span class='ocrx_word' id='word_1_331' title='bbox 2523 1934 2774 1988; x_wconf 81' lang='grc' dir='ltr'>συνθετου</span> <span class='ocrx_word' id='word_1_332' title='bbox 2819 1934 2882 1988; x_wconf 86' lang='grc' dir='ltr'>τὸ</span> <span class='ocrx_word' id='word_1_333' title='bbox 2930 1933 3192 1988; x_wconf 83' lang='grc' dir='ltr'>σύνθετον.</span> <span class='ocrx_word' id='word_1_334' title='bbox 3245 1938 3414 1988; x_wconf 83' lang='grc' dir='ltr'>Τοῦτο</span> <span class='ocrx_word' id='word_1_335' title='bbox 3466 1933 3523 1988; x_wconf 75' lang='grc' dir='ltr'>δὲ</span> <span class='ocrx_word' id='word_1_336' title='bbox 3568 1933 3732 2013; x_wconf 89' lang='grc' dir='ltr'>φύσει</span> 
     </span>
    </p>
   </div>
   <div class='ocr_carea' id='block_1_47' title="bbox 2068 2020 3730 2101">
    <p class='ocr_par' dir='ltr' id='par_1_47' title="bbox 2068 2020 3730 2101">
     <span class='ocr_line' id='line_1_47' title="bbox 2068 2020 3730 2101; baseline 0.001 -23"><span class='ocrx_word' id='word_1_337' title='bbox 2068 2023 2231 2092; x_wconf 71' lang='grc' dir='ltr'>ἐστῖν,</span> <span class='ocrx_word' id='word_1_338' title='bbox 2277 2021 2404 2077; x_wconf 86' lang='grc' dir='ltr'>ἀλλ’</span> <span class='ocrx_word' id='word_1_339' title='bbox 2454 2022 2516 2077; x_wconf 79' lang='grc' dir='ltr'>οὐ</span> <span class='ocrx_word' id='word_1_340' title='bbox 2567 2023 2744 2101; x_wconf 84' lang='grc' dir='ltr'>φύσις.</span> <span class='ocrx_word' id='word_1_341' title='bbox 2797 2020 2998 2078; x_wconf 82' lang='grc' dir='ltr'>”Αλλοι</span> <span class='ocrx_word' id='word_1_342' title='bbox 3048 2024 3147 2092; x_wconf 77' lang='grc' dir='ltr'>τὴν</span> <span class='ocrx_word' id='word_1_343' title='bbox 3199 2024 3311 2078; x_wconf 80' lang='grc' dir='ltr'>οἷον</span> <span class='ocrx_word' id='word_1_344' title='bbox 3367 2021 3583 2100; x_wconf 87' lang='grc' dir='ltr'>ἔκφυσιν</span> <span class='ocrx_word' id='word_1_345' title='bbox 3637 2024 3730 2080; x_wconf 84' lang='grc' dir='ltr'>καὶ</span> 
     </span>
    </p>
   </div>
   <div class='ocr_carea' id='block_1_48' title="bbox 2066 2112 3730 2191">
    <p class='ocr_par' dir='ltr' id='par_1_48' title="bbox 2066 2112 3730 2191">
     <span class='ocr_line' id='line_1_48' title="bbox 2066 2112 3730 2191; baseline 0.001 -23"><span class='ocrx_word' id='word_1_346' title='bbox 2066 2115 2268 2190; x_wconf 72' lang='grc' dir='ltr'>γένεσιν</span> <span class='ocrx_word' id='word_1_347' title='bbox 2301 2112 2389 2167; x_wconf 83' lang='grc' dir='ltr'>καὶ</span> <span class='ocrx_word' id='word_1_348' title='bbox 2431 2112 2642 2183; x_wconf 84' lang='grc' dir='ltr'>κίνησιν</span> <span class='ocrx_word' id='word_1_349' title='bbox 2688 2113 2806 2166; x_wconf 86' lang='grc' dir='ltr'>καθ’</span> <span class='ocrx_word' id='word_1_350' title='bbox 2852 2112 2918 2181; x_wconf 72' lang='grc' dir='ltr'>ἥν</span> <span class='ocrx_word' id='word_1_351' title='bbox 2967 2112 3071 2167; x_wconf 81' lang='grc' dir='ltr'>ὑπὸ</span> <span class='ocrx_word' id='word_1_352' title='bbox 3117 2117 3215 2167; x_wconf 88' lang='grc' dir='ltr'>τοῦ</span> <span class='ocrx_word' id='word_1_353' title='bbox 3267 2112 3494 2190; x_wconf 84' lang='grc' dir='ltr'>φύοντος</span> <span class='ocrx_word' id='word_1_354' title='bbox 3537 2116 3730 2191; x_wconf 87' lang='grc' dir='ltr'>φύεται</span> 
     </span>
    </p>
   </div>
   <div class='ocr_carea' id='block_1_49' title="bbox 2066 2197 3732 2280">
    <p class='ocr_par' dir='ltr' id='par_1_49' title="bbox 2066 2197 3732 2280">
     <span class='ocr_line' id='line_1_49' title="bbox 2066 2197 3732 2280; baseline 0 -22"><span class='ocrx_word' id='word_1_355' title='bbox 2066 2203 2129 2258; x_wconf 84' lang='grc' dir='ltr'>τὸ</span> <span class='ocrx_word' id='word_1_356' title='bbox 2170 2202 2461 2280; x_wconf 68' lang='grc' dir='ltr'>φυόμενον,</span> <span class='ocrx_word' id='word_1_357' title='bbox 2517 2201 2720 2272; x_wconf 79' lang='grc' dir='ltr'>ταύτην</span> <span class='ocrx_word' id='word_1_358' title='bbox 2773 2201 2908 2256; x_wconf 80' lang='grc' dir='ltr'>εἶναι</span> <span class='ocrx_word' id='word_1_359' title='bbox 2956 2200 3111 2278; x_wconf 87' lang='grc' dir='ltr'>φύσιν</span> <span class='ocrx_word' id='word_1_360' title='bbox 3171 2197 3472 2259; x_wconf 76' lang='grc' dir='ltr'>ὑπέλαϐον.</span> <span class='ocrx_word' id='word_1_361' title='bbox 3523 2205 3732 2279; x_wconf 82' lang='grc' dir='ltr'>’Ὠσπερ</span> 
     </span>
    </p>
   </div>
   <div class='ocr_carea' id='block_1_50' title="bbox 2068 2289 3729 2371">
    <p class='ocr_par' dir='ltr' id='par_1_50' title="bbox 2068 2289 3729 2371">
     <span class='ocr_line' id='line_1_50' title="bbox 2068 2289 3729 2371; baseline 0 -24"><span class='ocrx_word' id='word_1_362' title='bbox 2068 2294 2172 2368; x_wconf 77' lang='grc' dir='ltr'>γὰρ</span> <span class='ocrx_word' id='word_1_363' title='bbox 2205 2291 2291 2346; x_wconf 79' lang='grc' dir='ltr'>ἐπὶ</span> <span class='ocrx_word' id='word_1_364' title='bbox 2319 2295 2417 2346; x_wconf 91' lang='grc' dir='ltr'>τοῦ</span> <span class='ocrx_word' id='word_1_365' title='bbox 2448 2290 2669 2364; x_wconf 75' lang='grc' dir='ltr'>ἱματίου</span> <span class='ocrx_word' id='word_1_366' title='bbox 2706 2291 2770 2344; x_wconf 87' lang='grc' dir='ltr'>τὸ</span> <span class='ocrx_word' id='word_1_367' title='bbox 2813 2290 3028 2368; x_wconf 85' lang='grc' dir='ltr'>ὑφαῖνόν</span> <span class='ocrx_word' id='word_1_368' title='bbox 3078 2289 3240 2364; x_wconf 84' lang='grc' dir='ltr'>ἐστιν,</span> <span class='ocrx_word' id='word_1_369' title='bbox 3293 2289 3460 2367; x_wconf 72' lang='grc' dir='ltr'>ἤγουν</span> <span class='ocrx_word' id='word_1_370' title='bbox 3495 2293 3523 2347; x_wconf 89' lang='grc' dir='ltr'>ὁ</span> <span class='ocrx_word' id='word_1_371' title='bbox 3569 2293 3729 2371; x_wconf 81' lang='grc' dir='ltr'>ὑφάν-</span> 
     </span>
    </p>
   </div>
   <div class='ocr_carea' id='block_1_51' title="bbox 2067 2377 3726 2459">
    <p class='ocr_par' dir='ltr' id='par_1_51' title="bbox 2067 2377 3726 2459">
     <span class='ocr_line' id='line_1_51' title="bbox 2067 2377 3726 2459; baseline -0.002 -21"><span class='ocrx_word' id='word_1_372' title='bbox 2067 2403 2191 2452; x_wconf 87' lang='grc' dir='ltr'>της,</span> <span class='ocrx_word' id='word_1_373' title='bbox 2221 2381 2310 2436; x_wconf 83' lang='grc' dir='ltr'>καὶ</span> <span class='ocrx_word' id='word_1_374' title='bbox 2357 2381 2422 2436; x_wconf 85' lang='grc' dir='ltr'>τὸ</span> <span class='ocrx_word' id='word_1_375' title='bbox 2467 2380 2846 2459; x_wconf 78' lang='grc' dir='ltr'>ὑφαινόμενον,</span> <span class='ocrx_word' id='word_1_376' title='bbox 2877 2377 3001 2448; x_wconf 77' lang='grc' dir='ltr'>ἤτοι</span> <span class='ocrx_word' id='word_1_377' title='bbox 3051 2379 3114 2434; x_wconf 89' lang='grc' dir='ltr'>τὸ</span> <span class='ocrx_word' id='word_1_378' title='bbox 3166 2379 3407 2454; x_wconf 77' lang='grc' dir='ltr'>ἱμάτιον,</span> <span class='ocrx_word' id='word_1_379' title='bbox 3439 2381 3529 2435; x_wconf 89' lang='grc' dir='ltr'>καὶ</span> <span class='ocrx_word' id='word_1_380' title='bbox 3563 2381 3726 2458; x_wconf 86' lang='grc' dir='ltr'>τρίτη</span> 
     </span>
    </p>
   </div>
   <div class='ocr_carea' id='block_1_52' title="bbox 2069 2467 3731 2548">
    <p class='ocr_par' dir='ltr' id='par_1_52' title="bbox 2069 2467 3731 2548">
     <span class='ocr_line' id='line_1_52' title="bbox 2069 2467 3731 2548; baseline 0.001 -24"><span class='ocrx_word' id='word_1_381' title='bbox 2069 2475 2104 2541; x_wconf 81' lang='grc' dir='ltr'>ἡ</span> <span class='ocrx_word' id='word_1_382' title='bbox 2156 2470 2376 2548; x_wconf 74' lang='grc' dir='ltr'>ὕφανσις</span> <span class='ocrx_word' id='word_1_383' title='bbox 2423 2468 2636 2540; x_wconf 79' lang='grc' dir='ltr'>κίνησίς</span> <span class='ocrx_word' id='word_1_384' title='bbox 2685 2490 2768 2531; x_wconf 91' lang='grc' dir='ltr'>τις</span> <span class='ocrx_word' id='word_1_385' title='bbox 2821 2467 2953 2524; x_wconf 76' lang='grc' dir='ltr'>οὖσα</span> <span class='ocrx_word' id='word_1_386' title='bbox 3001 2469 3106 2524; x_wconf 81' lang='grc' dir='ltr'>ἀπὸ</span> <span class='ocrx_word' id='word_1_387' title='bbox 3151 2473 3248 2524; x_wconf 92' lang='grc' dir='ltr'>τοῦ</span> <span class='ocrx_word' id='word_1_388' title='bbox 3302 2474 3587 2533; x_wconf 88' lang='grc' dir='ltr'>ποιοῦντος</span> <span class='ocrx_word' id='word_1_389' title='bbox 3638 2471 3731 2526; x_wconf 77' lang='grc' dir='ltr'>ἐπὶ</span> 
     </span>
    </p>
   </div>
   <div class='ocr_carea' id='block_1_53' title="bbox 2067 2556 3734 2637">
    <p class='ocr_par' dir='ltr' id='par_1_53' title="bbox 2067 2556 3734 2637">
     <span class='ocr_line' id='line_1_53' title="bbox 2067 2556 3734 2637; baseline 0 -22"><span class='ocrx_word' id='word_1_390' title='bbox 2067 2562 2130 2615; x_wconf 88' lang='grc' dir='ltr'>τὸ</span> <span class='ocrx_word' id='word_1_391' title='bbox 2161 2559 2465 2636; x_wconf 86' lang='grc' dir='ltr'>γινόμενον·</span> <span class='ocrx_word' id='word_1_392' title='bbox 2499 2557 2674 2620; x_wconf 76' lang='grc' dir='ltr'>οὕτως</span> <span class='ocrx_word' id='word_1_393' title='bbox 2724 2556 2812 2612; x_wconf 80' lang='grc' dir='ltr'>ἐπὶ</span> <span class='ocrx_word' id='word_1_394' title='bbox 2859 2561 2957 2612; x_wconf 90' lang='grc' dir='ltr'>τοῦ</span> <span class='ocrx_word' id='word_1_395' title='bbox 3006 2562 3231 2635; x_wconf 77' lang='grc' dir='ltr'>φυσικοῦ</span> <span class='ocrx_word' id='word_1_396' title='bbox 3281 2559 3345 2614; x_wconf 84' lang='grc' dir='ltr'>τὸ</span> <span class='ocrx_word' id='word_1_397' title='bbox 3374 2559 3507 2637; x_wconf 90' lang='grc' dir='ltr'>φύον</span> <span class='ocrx_word' id='word_1_398' title='bbox 3547 2559 3637 2614; x_wconf 87' lang='grc' dir='ltr'>καὶ</span> <span class='ocrx_word' id='word_1_399' title='bbox 3666 2562 3734 2616; x_wconf 89' lang='grc' dir='ltr'>τὸ</span> 
     </span>
    </p>
   </div>
   <div class='ocr_carea' id='block_1_54' title="bbox 2071 2646 3730 2728">
    <p class='ocr_par' dir='ltr' id='par_1_54' title="bbox 2071 2646 3730 2728">
     <span class='ocr_line' id='line_1_54' title="bbox 2071 2646 3730 2728; baseline 0.001 -24"><span class='ocrx_word' id='word_1_400' title='bbox 2071 2649 2366 2728; x_wconf 80' lang='grc' dir='ltr'>φυόμενον,</span> <span class='ocrx_word' id='word_1_401' title='bbox 2397 2648 2487 2703; x_wconf 79' lang='grc' dir='ltr'>καὶ</span> <span class='ocrx_word' id='word_1_402' title='bbox 2523 2647 2717 2721; x_wconf 81' lang='grc' dir='ltr'>μεταξὺ</span> <span class='ocrx_word' id='word_1_403' title='bbox 2752 2647 2955 2725; x_wconf 78' lang='grc' dir='ltr'>ἀμφοῖν</span> <span class='ocrx_word' id='word_1_404' title='bbox 2987 2649 3021 2716; x_wconf 79' lang='grc' dir='ltr'>ἡ</span> <span class='ocrx_word' id='word_1_405' title='bbox 3048 2646 3275 2718; x_wconf 80' lang='grc' dir='ltr'>τοιαύτη</span> <span class='ocrx_word' id='word_1_406' title='bbox 3309 2647 3491 2727; x_wconf 74' lang='grc' dir='ltr'>φύσις,</span> <span class='ocrx_word' id='word_1_407' title='bbox 3523 2651 3558 2719; x_wconf 75' lang='grc' dir='ltr'><strong>ἡ</strong></span> <span class='ocrx_word' id='word_1_408' title='bbox 3611 2651 3730 2706; x_wconf 83' lang='grc' dir='ltr'>οἷον</span> 
     </span>
    </p>
   </div>
   <div class='ocr_carea' id='block_1_55' title="bbox 2071 2731 3166 2818">
    <p class='ocr_par' dir='ltr' id='par_1_55' title="bbox 2071 2731 3166 2818">
     <span class='ocr_line' id='line_1_55' title="bbox 2071 2731 3166 2818; baseline -0.004 -23"><span class='ocrx_word' id='word_1_409' title='bbox 2071 2739 2286 2818; x_wconf 78' lang='grc' dir='ltr'>ἔκφυσις</span> <span class='ocrx_word' id='word_1_410' title='bbox 2318 2739 2385 2808; x_wconf 72' lang='grc' dir='ltr'>ἢν</span> <span class='ocrx_word' id='word_1_411' title='bbox 2419 2736 2679 2813; x_wconf 81' lang='grc' dir='ltr'>ἐλέγομεν</span> <span class='ocrx_word' id='word_1_412' title='bbox 2707 2737 2799 2791; x_wconf 85' lang='grc' dir='ltr'>καὶ</span> <span class='ocrx_word' id='word_1_413' title='bbox 2835 2731 3166 2810; x_wconf 74' lang='grc' dir='ltr'>μεταϐολήν.</span> 
     </span>
    </p>
   </div>
   <div class='ocr_carea' id='block_1_56' title="bbox 309 2826 3733 2907">
    <p class='ocr_par' dir='ltr' id='par_1_56' title="bbox 309 2826 3733 2907">
     <span class='ocr_line' id='line_1_56' title="bbox 309 2826 3733 2907; baseline 0 -21"><span class='ocrx_word' id='word_1_414' title='bbox 309 2831 562 2886; x_wconf 89' lang='lat' dir='ltr'>naturali</span> <span class='ocrx_word' id='word_1_415' title='bbox 594 2835 684 2887; x_wconf 85' lang='lat' dir='ltr'>est</span> <span class='ocrx_word' id='word_1_416' title='bbox 713 2832 770 2886; x_wconf 93' lang='lat' dir='ltr'>id</span> <span class='ocrx_word' id='word_1_417' title='bbox 803 2831 958 2902; x_wconf 92' lang='lat' dir='ltr'>quod</span> <span class='ocrx_word' id='word_1_418' title='bbox 990 2831 1279 2902; x_wconf 87' lang='lat' dir='ltr'>producit,</span> <span class='ocrx_word' id='word_1_419' title='bbox 1311 2835 1367 2885; x_wconf 91' lang='lat' dir='ltr'>et</span> <span class='ocrx_word' id='word_1_420' title='bbox 1389 2831 1543 2901; x_wconf 91' lang='lat' dir='ltr'>quod</span> <span class='ocrx_word' id='word_1_421' title='bbox 1577 2831 1938 2906; x_wconf 82' lang='lat' dir='ltr'>producitur,</span> <span class='ocrx_word' id='word_1_422' title='bbox 1981 2839 2038 2892; x_wconf 90' lang='lat' dir='ltr'>et</span> <span class='ocrx_word' id='word_1_423' title='bbox 2067 2851 2195 2907; x_wconf 71' lang='lat' dir='ltr'>quas</span> <span class='ocrx_word' id='word_1_424' title='bbox 2242 2832 2396 2887; x_wconf 90' lang='lat' dir='ltr'>inter</span> <span class='ocrx_word' id='word_1_425' title='bbox 2435 2834 2732 2900; x_wconf 89' lang='lat' dir='ltr'>utrunque</span> <span class='ocrx_word' id='word_1_426' title='bbox 2788 2828 3094 2898; x_wconf 84' lang='lat' dir='ltr'>interjecta</span> <span class='ocrx_word' id='word_1_427' title='bbox 3148 2831 3238 2885; x_wconf 89' lang='lat' dir='ltr'>est</span> <span class='ocrx_word' id='word_1_428' title='bbox 3266 2826 3423 2904; x_wconf 80' lang='grc' dir='ltr'>φύσις</span> <span class='ocrx_word' id='word_1_429' title='bbox 3447 2829 3733 2903; x_wconf 82' lang='lat' dir='ltr'>[natura].</span> 
     </span>
    </p>
   </div>
   <div class='ocr_carea' id='block_1_57' title="bbox 315 2919 1679 2992">
    <p class='ocr_par' dir='ltr' id='par_1_57' title="bbox 315 2919 1679 2992">
     <span class='ocr_line' id='line_1_57' title="bbox 315 2919 1679 2992; baseline -0.001 -16"><span class='ocrx_word' id='word_1_430' title='bbox 315 2937 492 2992; x_wconf 91' lang='lat' dir='ltr'>quam</span> <span class='ocrx_word' id='word_1_431' title='bbox 523 2925 749 2976; x_wconf 92' lang='lat' dir='ltr'>motum</span> <span class='ocrx_word' id='word_1_432' title='bbox 782 2925 842 2975; x_wconf 91' lang='lat' dir='ltr'>et</span> <span class='ocrx_word' id='word_1_433' title='bbox 871 2919 1259 2975; x_wconf 90' lang='lat' dir='ltr'>mutationem</span> <span class='ocrx_word' id='word_1_434' title='bbox 1313 2919 1679 2974; x_wconf 88' lang='lat' dir='ltr'>dicebamus.</span> 
     </span>
    </p>
   </div>
   <div class='ocr_carea' id='block_1_58' title="bbox 389 3005 1968 3084">
    <p class='ocr_par' dir='ltr' id='par_1_58' title="bbox 389 3005 1968 3084">
     <span class='ocr_line' id='line_1_58' title="bbox 389 3005 1968 3084; baseline 0 -21"><span class='ocrx_word' id='word_1_435' title='bbox 389 3011 444 3064; x_wconf 88' lang='lat'>2.</span> <span class='ocrx_word' id='word_1_436' title='bbox 476 3009 708 3065; x_wconf 69' lang='lat' dir='ltr'>Naturae</span> <span class='ocrx_word' id='word_1_437' title='bbox 757 3025 892 3080; x_wconf 76' lang='lat' dir='ltr'>ergo</span> <span class='ocrx_word' id='word_1_438' title='bbox 949 3024 1162 3064; x_wconf 89' lang='lat' dir='ltr'>nomen</span> <span class='ocrx_word' id='word_1_439' title='bbox 1201 3007 1339 3063; x_wconf 90' lang='lat' dir='ltr'>huic</span> <span class='ocrx_word' id='word_1_440' title='bbox 1369 3005 1522 3083; x_wconf 83' lang='grc' dir='ltr'>φύσει</span> <span class='ocrx_word' id='word_1_441' title='bbox 1582 3007 1867 3080; x_wconf 65' lang='grc' dir='ltr'>(πλοισι-ω),</span> <span class='ocrx_word' id='word_1_442' title='bbox 1899 3013 1968 3084; x_wconf 81' lang='grc' dir='ltr'>τῇ</span> 
     </span>
    </p>
   </div>
   <div class='ocr_carea' id='block_1_59' title="bbox 316 3095 1972 3171">
    <p class='ocr_par' dir='ltr' id='par_1_59' title="bbox 316 3095 1972 3171">
     <span class='ocr_line' id='line_1_59' title="bbox 316 3095 1972 3171; baseline 0.002 -20"><span class='ocrx_word' id='word_1_443' title='bbox 316 3098 432 3151; x_wconf 83' lang='grc' dir='ltr'>οἷον</span> <span class='ocrx_word' id='word_1_444' title='bbox 472 3095 687 3171; x_wconf 85' lang='grc' dir='ltr'>ἐκφύσει</span> <span class='ocrx_word' id='word_1_445' title='bbox 719 3098 876 3169; x_wconf 75' lang='lat' dir='ltr'>(quae</span> <span class='ocrx_word' id='word_1_446' title='bbox 905 3101 992 3152; x_wconf 87' lang='lat' dir='ltr'>est</span> <span class='ocrx_word' id='word_1_447' title='bbox 1023 3096 1196 3169; x_wconf 89' lang='lat' dir='ltr'>quasi</span> <span class='ocrx_word' id='word_1_448' title='bbox 1226 3096 1554 3168; x_wconf 89' lang='lat' dir='ltr'>productio)</span> <span class='ocrx_word' id='word_1_449' title='bbox 1573 3100 1879 3166; x_wconf 89' lang='lat' dir='ltr'>convenit;</span> <span class='ocrx_word' id='word_1_450' title='bbox 1913 3104 1972 3155; x_wconf 89' lang='lat' dir='ltr'>at</span> 
     </span>
    </p>
   </div>
   <div class='ocr_carea' id='block_1_60' title="bbox 313 3183 1966 3260">
    <p class='ocr_par' dir='ltr' id='par_1_60' title="bbox 313 3183 1966 3260">
     <span class='ocr_line' id='line_1_60' title="bbox 313 3183 1966 3260; baseline 0 -18"><span class='ocrx_word' id='word_1_451' title='bbox 313 3187 473 3242; x_wconf 87' lang='lat' dir='ltr'>notio</span> <span class='ocrx_word' id='word_1_452' title='bbox 503 3185 760 3242; x_wconf 89' lang='lat' dir='ltr'>nominis</span> <span class='ocrx_word' id='word_1_453' title='bbox 802 3185 855 3242; x_wconf 91' lang='lat' dir='ltr'>ei</span> <span class='ocrx_word' id='word_1_454' title='bbox 913 3201 1042 3257; x_wconf 57' lang='lat' dir='ltr'>quae</span> <span class='ocrx_word' id='word_1_455' title='bbox 1100 3184 1298 3257; x_wconf 91' lang='lat' dir='ltr'>propri</span> <span class='ocrx_word' id='word_1_456' title='bbox 1323 3183 1479 3260; x_wconf 86' lang='grc' dir='ltr'>φύσις</span> <span class='ocrx_word' id='word_1_457' title='bbox 1512 3190 1621 3252; x_wconf 91' lang='lat' dir='ltr'>est,</span> <span class='ocrx_word' id='word_1_458' title='bbox 1679 3187 1966 3259; x_wconf 82' lang='lat' dir='ltr'>quadrat;</span> 
     </span>
    </p>
   </div>
   <div class='ocr_carea' id='block_1_61' title="bbox 315 3276 1962 3347">
    <p class='ocr_par' dir='ltr' id='par_1_61' title="bbox 315 3276 1962 3347">
     <span class='ocr_line' id='line_1_61' title="bbox 315 3276 1962 3347; baseline 0 -17"><span class='ocrx_word' id='word_1_459' title='bbox 315 3291 443 3347; x_wconf 63' lang='lat' dir='ltr'>quae</span> <span class='ocrx_word' id='word_1_460' title='bbox 477 3291 570 3330; x_wconf 88' lang='lat' dir='ltr'>res</span> <span class='ocrx_word' id='word_1_461' title='bbox 601 3278 813 3330; x_wconf 88' lang='lat' dir='ltr'>natura</span> <span class='ocrx_word' id='word_1_462' title='bbox 853 3277 1188 3329; x_wconf 86' lang='lat' dir='ltr'>constantes</span> <span class='ocrx_word' id='word_1_463' title='bbox 1246 3279 1512 3346; x_wconf 88' lang='lat' dir='ltr'>procreat</span> <span class='ocrx_word' id='word_1_464' title='bbox 1557 3281 1614 3330; x_wconf 84' lang='lat' dir='ltr'>et</span> <span class='ocrx_word' id='word_1_465' title='bbox 1669 3276 1962 3347; x_wconf 91' lang='lat' dir='ltr'>producit,</span> 
     </span>
    </p>
   </div>
   <div class='ocr_carea' id='block_1_62' title="bbox 313 3361 1963 3435">
    <p class='ocr_par' dir='ltr' id='par_1_62' title="bbox 313 3361 1963 3435">
     <span class='ocr_line' id='line_1_62' title="bbox 313 3361 1963 3435; baseline 0.001 -17"><span class='ocrx_word' id='word_1_466' title='bbox 313 3369 490 3434; x_wconf 88' lang='lat' dir='ltr'>atque</span> <span class='ocrx_word' id='word_1_467' title='bbox 521 3362 788 3419; x_wconf 87' lang='lat' dir='ltr'>omnium</span> <span class='ocrx_word' id='word_1_468' title='bbox 820 3380 1012 3418; x_wconf 90' lang='lat' dir='ltr'>rerum</span> <span class='ocrx_word' id='word_1_469' title='bbox 1037 3361 1394 3418; x_wconf 89' lang='lat' dir='ltr'>naturalium</span> <span class='ocrx_word' id='word_1_470' title='bbox 1412 3364 1674 3435; x_wconf 80' lang='lat' dir='ltr'>proxime</span> <span class='ocrx_word' id='word_1_471' title='bbox 1700 3365 1963 3420; x_wconf 87' lang='lat' dir='ltr'>efﬁciens</span> 
     </span>
    </p>
   </div>
   <div class='ocr_carea' id='block_1_63' title="bbox 316 3452 1966 3516">
    <p class='ocr_par' dir='ltr' id='par_1_63' title="bbox 316 3452 1966 3516">
     <span class='ocr_line' id='line_1_63' title="bbox 316 3452 1966 3516; baseline 0.001 -8"><span class='ocrx_word' id='word_1_472' title='bbox 316 3469 494 3508; x_wconf 91' lang='lat' dir='ltr'>causa</span> <span class='ocrx_word' id='word_1_473' title='bbox 525 3457 632 3508; x_wconf 90' lang='lat' dir='ltr'>est.</span> <span class='ocrx_word' id='word_1_474' title='bbox 666 3452 1165 3516; x_wconf 89' lang='lat' dir='ltr'>Quemadmodem</span> <span class='ocrx_word' id='word_1_475' title='bbox 1197 3452 1353 3508; x_wconf 91' lang='lat' dir='ltr'>enim</span> <span class='ocrx_word' id='word_1_476' title='bbox 1405 3457 1612 3509; x_wconf 81' lang='lat' dir='ltr'>statuae</span> <span class='ocrx_word' id='word_1_477' title='bbox 1672 3471 1849 3509; x_wconf 86' lang='lat' dir='ltr'>causa</span> <span class='ocrx_word' id='word_1_478' title='bbox 1877 3458 1966 3509; x_wconf 89' lang='lat' dir='ltr'>est</span> 
     </span>
    </p>
   </div>
   <div class='ocr_carea' id='block_1_64' title="bbox 319 3540 1964 3612">
    <p class='ocr_par' dir='ltr' id='par_1_64' title="bbox 319 3540 1964 3612">
     <span class='ocr_line' id='line_1_64' title="bbox 319 3540 1964 3612; baseline 0.001 -16"><span class='ocrx_word' id='word_1_479' title='bbox 319 3559 414 3597; x_wconf 85' lang='lat' dir='ltr'>ars</span> <span class='ocrx_word' id='word_1_480' title='bbox 445 3540 749 3611; x_wconf 84' lang='lat' dir='ltr'>statuaria,</span> <span class='ocrx_word' id='word_1_481' title='bbox 781 3540 1150 3612; x_wconf 89' lang='lat' dir='ltr'>aliarumque</span> <span class='ocrx_word' id='word_1_482' title='bbox 1179 3545 1303 3596; x_wconf 89' lang='lat' dir='ltr'>arte</span> <span class='ocrx_word' id='word_1_483' title='bbox 1334 3542 1734 3598; x_wconf 89' lang='lat' dir='ltr'>constantium</span> <span class='ocrx_word' id='word_1_484' title='bbox 1767 3559 1964 3598; x_wconf 89' lang='lat' dir='ltr'>rerum</span> 
     </span>
    </p>
   </div>
   <div class='ocr_carea' id='block_1_65' title="bbox 321 3628 1965 3696">
    <p class='ocr_par' dir='ltr' id='par_1_65' title="bbox 321 3628 1965 3696">
     <span class='ocr_line' id='line_1_65' title="bbox 321 3628 1965 3696; baseline 0.001 -12"><span class='ocrx_word' id='word_1_485' title='bbox 321 3633 464 3684; x_wconf 87' lang='lat' dir='ltr'>sunt</span> <span class='ocrx_word' id='word_1_486' title='bbox 493 3628 616 3685; x_wconf 77' lang='lat' dir='ltr'>aliae</span> <span class='ocrx_word' id='word_1_487' title='bbox 649 3633 838 3696; x_wconf 89' lang='lat' dir='ltr'>artes;</span> <span class='ocrx_word' id='word_1_488' title='bbox 881 3631 1084 3685; x_wconf 93' lang='lat' dir='ltr'>eodem</span> <span class='ocrx_word' id='word_1_489' title='bbox 1139 3631 1312 3686; x_wconf 91' lang='lat' dir='ltr'>modo</span> <span class='ocrx_word' id='word_1_490' title='bbox 1371 3631 1731 3688; x_wconf 90' lang='lat' dir='ltr'>naturalium</span> <span class='ocrx_word' id='word_1_491' title='bbox 1787 3632 1965 3687; x_wconf 87' lang='lat' dir='ltr'>etiam</span> 
     </span>
    </p>
   </div>
   <div class='ocr_carea' id='block_1_66' title="bbox 319 3721 1968 3792">
    <p class='ocr_par' dir='ltr' id='par_1_66' title="bbox 319 3721 1968 3792">
     <span class='ocr_line' id='line_1_66' title="bbox 319 3721 1968 3792; baseline 0.002 -18"><span class='ocrx_word' id='word_1_492' title='bbox 319 3733 564 3790; x_wconf 91' lang='lat' dir='ltr'>operum</span> <span class='ocrx_word' id='word_1_493' title='bbox 596 3721 807 3774; x_wconf 90' lang='lat' dir='ltr'>natura</span> <span class='ocrx_word' id='word_1_494' title='bbox 836 3735 1014 3774; x_wconf 90' lang='lat' dir='ltr'>causa</span> <span class='ocrx_word' id='word_1_495' title='bbox 1041 3723 1148 3789; x_wconf 90' lang='lat' dir='ltr'>est,</span> <span class='ocrx_word' id='word_1_496' title='bbox 1209 3721 1709 3791; x_wconf 89' lang='lat' dir='ltr'>quemadmodum</span> <span class='ocrx_word' id='word_1_497' title='bbox 1741 3738 1809 3776; x_wconf 84' lang='lat' dir='ltr'>ex</span> <span class='ocrx_word' id='word_1_498' title='bbox 1839 3739 1968 3792; x_wconf 88' lang='lat' dir='ltr'>pro-</span> 
     </span>
    </p>
   </div>
   <div class='ocr_carea' id='block_1_67' title="bbox 318 3807 1970 3882">
    <p class='ocr_par' dir='ltr' id='par_1_67' title="bbox 318 3807 1970 3882">
     <span class='ocr_line' id='line_1_67' title="bbox 318 3807 1970 3882; baseline 0.002 -20"><span class='ocrx_word' id='word_1_499' title='bbox 318 3807 583 3879; x_wconf 91' lang='lat' dir='ltr'>portione</span> <span class='ocrx_word' id='word_1_500' title='bbox 615 3808 972 3880; x_wconf 87' lang='lat' dir='ltr'>agnoscitur.</span> <span class='ocrx_word' id='word_1_501' title='bbox 1002 3807 1149 3864; x_wconf 90' lang='lat' dir='ltr'>Nam</span> <span class='ocrx_word' id='word_1_502' title='bbox 1180 3810 1529 3880; x_wconf 79' lang='lat' dir='ltr'>aeriquidem</span> <span class='ocrx_word' id='word_1_503' title='bbox 1555 3811 1800 3866; x_wconf 89' lang='lat' dir='ltr'>materia</span> <span class='ocrx_word' id='word_1_504' title='bbox 1831 3827 1970 3882; x_wconf 89' lang='lat' dir='ltr'>qua-</span> 
     </span>
    </p>
   </div>
   <div class='ocr_carea' id='block_1_68' title="bbox 313 3896 1968 3970">
    <p class='ocr_par' dir='ltr' id='par_1_68' title="bbox 313 3896 1968 3970">
     <span class='ocr_line' id='line_1_68' title="bbox 313 3896 1968 3970; baseline 0.004 -19"><span class='ocrx_word' id='word_1_505' title='bbox 313 3896 498 3952; x_wconf 89' lang='lat' dir='ltr'>litatis</span> <span class='ocrx_word' id='word_1_506' title='bbox 529 3913 772 3968; x_wconf 88' lang='lat' dir='ltr'>expers;</span> <span class='ocrx_word' id='word_1_507' title='bbox 807 3897 1003 3953; x_wconf 74' lang='lat' dir='ltr'>formaa</span> <span class='ocrx_word' id='word_1_508' title='bbox 1044 3902 1240 3953; x_wconf 85' lang='lat' dir='ltr'>autem</span> <span class='ocrx_word' id='word_1_509' title='bbox 1294 3903 1524 3970; x_wconf 69' lang='lat' dir='ltr'>statuae,</span> <span class='ocrx_word' id='word_1_510' title='bbox 1586 3901 1742 3954; x_wconf 72' lang='lat'><strong>100</strong></span> <span class='ocrx_word' id='word_1_511' title='bbox 1800 3906 1968 3958; x_wconf 86' lang='lat' dir='ltr'>natu-</span> 
     </span>
    </p>
   </div>
   <div class='ocr_carea' id='block_1_69' title="bbox 311 3984 1967 4060">
    <p class='ocr_par' dir='ltr' id='par_1_69' title="bbox 311 3984 1967 4060">
     <span class='ocr_line' id='line_1_69' title="bbox 311 3984 1967 4060; baseline 0.007 -21"><span class='ocrx_word' id='word_1_512' title='bbox 311 3984 452 4041; x_wconf 84' lang='lat' dir='ltr'>ralis</span> <span class='ocrx_word' id='word_1_513' title='bbox 483 3984 706 4042; x_wconf 90' lang='lat' dir='ltr'>forma:</span> <span class='ocrx_word' id='word_1_514' title='bbox 732 3986 859 4058; x_wconf 87' lang='lat' dir='ltr'>jam</span> <span class='ocrx_word' id='word_1_515' title='bbox 893 3987 1025 4042; x_wconf 73' lang='lat' dir='ltr'>aeris</span> <span class='ocrx_word' id='word_1_516' title='bbox 1065 3987 1249 4043; x_wconf 92' lang='lat' dir='ltr'>motui</span> <span class='ocrx_word' id='word_1_517' title='bbox 1284 3988 1355 4043; x_wconf 91' lang='lat' dir='ltr'>ad</span> <span class='ocrx_word' id='word_1_518' title='bbox 1415 3989 1810 4060; x_wconf 87' lang='lat' dir='ltr'>recipiendam</span> <span class='ocrx_word' id='word_1_519' title='bbox 1842 3999 1967 4051; x_wconf 86' lang='lat' dir='ltr'>sta-</span> 
     </span>
    </p>
   </div>
   <div class='ocr_carea' id='block_1_70' title="bbox 312 4075 1966 4149">
    <p class='ocr_par' dir='ltr' id='par_1_70' title="bbox 312 4075 1966 4149">
     <span class='ocr_line' id='line_1_70' title="bbox 312 4075 1966 4149; baseline 0.007 -20"><span class='ocrx_word' id='word_1_520' title='bbox 312 4078 429 4130; x_wconf 70' lang='lat' dir='ltr'>tuae</span> <span class='ocrx_word' id='word_1_521' title='bbox 457 4075 733 4144; x_wconf 86' lang='lat' dir='ltr'>formam,</span> <span class='ocrx_word' id='word_1_522' title='bbox 792 4077 920 4148; x_wconf 87' lang='lat' dir='ltr'>ipsa</span> <span class='ocrx_word' id='word_1_523' title='bbox 988 4076 1147 4133; x_wconf 88' lang='lat' dir='ltr'>velut</span> <span class='ocrx_word' id='word_1_524' title='bbox 1204 4077 1544 4149; x_wconf 74' lang='lat' dir='ltr'>productio,</span> <span class='ocrx_word' id='word_1_525' title='bbox 1603 4079 1734 4149; x_wconf 91' lang='lat' dir='ltr'>hoc,</span> <span class='ocrx_word' id='word_1_526' title='bbox 1795 4088 1966 4140; x_wconf 91' lang='lat' dir='ltr'>natu-</span> 
     </span>
    </p>
   </div>
   <div class='ocr_carea' id='block_1_71' title="bbox 315 4163 1966 4244">
    <p class='ocr_par' dir='ltr' id='par_1_71' title="bbox 315 4163 1966 4244">
     <span class='ocr_line' id='line_1_71' title="bbox 315 4163 1966 4244; baseline 0.007 -26"><span class='ocrx_word' id='word_1_527' title='bbox 315 4163 456 4218; x_wconf 87' lang='lat' dir='ltr'>ralis</span> <span class='ocrx_word' id='word_1_528' title='bbox 486 4168 681 4220; x_wconf 87' lang='lat' dir='ltr'>motus</span> <span class='ocrx_word' id='word_1_529' title='bbox 708 4169 764 4220; x_wconf 91' lang='lat' dir='ltr'>et</span> <span class='ocrx_word' id='word_1_530' title='bbox 793 4165 1078 4222; x_wconf 86' lang='lat' dir='ltr'>mutatio:</span> <span class='ocrx_word' id='word_1_531' title='bbox 1115 4168 1415 4222; x_wconf 65' lang='lat' dir='ltr'>statuaries</span> <span class='ocrx_word' id='word_1_532' title='bbox 1448 4184 1619 4239; x_wconf 90' lang='lat' dir='ltr'>porro</span> <span class='ocrx_word' id='word_1_533' title='bbox 1669 4172 1800 4239; x_wconf 90' lang='lat' dir='ltr'>arti,</span> <span class='ocrx_word' id='word_1_534' title='bbox 1835 4189 1966 4244; x_wconf 69' lang='lat' dir='ltr'>quae</span> 
     </span>
    </p>
   </div>
   <div class='ocr_carea' id='block_1_72' title="bbox 316 4252 1967 4328">
    <p class='ocr_par' dir='ltr' id='par_1_72' title="bbox 316 4252 1967 4328">
     <span class='ocr_line' id='line_1_72' title="bbox 316 4252 1967 4328; baseline 0.007 -21"><span class='ocrx_word' id='word_1_535' title='bbox 316 4252 415 4307; x_wconf 75' lang='lat' dir='ltr'>aeri</span> <span class='ocrx_word' id='word_1_536' title='bbox 446 4269 624 4310; x_wconf 89' lang='lat' dir='ltr'>causa</span> <span class='ocrx_word' id='word_1_537' title='bbox 651 4259 845 4310; x_wconf 91' lang='lat' dir='ltr'>motus</span> <span class='ocrx_word' id='word_1_538' title='bbox 875 4255 1103 4322; x_wconf 86' lang='lat' dir='ltr'>est,boc</span> <span class='ocrx_word' id='word_1_539' title='bbox 1133 4261 1240 4328; x_wconf 91' lang='lat' dir='ltr'>est,</span> <span class='ocrx_word' id='word_1_540' title='bbox 1267 4257 1463 4328; x_wconf 93' lang='lat' dir='ltr'>ipsum</span> <span class='ocrx_word' id='word_1_541' title='bbox 1494 4275 1571 4313; x_wconf 69' lang='lat' dir='ltr'>aes</span> <span class='ocrx_word' id='word_1_542' title='bbox 1598 4261 1669 4313; x_wconf 90' lang='lat' dir='ltr'>ad</span> <span class='ocrx_word' id='word_1_543' title='bbox 1702 4264 1967 4318; x_wconf 90' lang='lat' dir='ltr'>statuam</span> 
     </span>
    </p>
   </div>
   <div class='ocr_carea' id='block_1_73' title="bbox 322 4342 1967 4424">
    <p class='ocr_par' dir='ltr' id='par_1_73' title="bbox 322 4342 1967 4424">
     <span class='ocr_line' id='line_1_73' title="bbox 322 4342 1967 4424; baseline 0.007 -28"><span class='ocrx_word' id='word_1_544' title='bbox 322 4342 598 4398; x_wconf 91' lang='lat' dir='ltr'>omnibus</span> <span class='ocrx_word' id='word_1_545' title='bbox 629 4343 892 4399; x_wconf 89' lang='lat' dir='ltr'>numeris</span> <span class='ocrx_word' id='word_1_546' title='bbox 921 4343 1337 4400; x_wconf 87' lang='lat' dir='ltr'>absolvendam</span> <span class='ocrx_word' id='word_1_547' title='bbox 1354 4351 1547 4402; x_wconf 88' lang='lat' dir='ltr'>movet</span> <span class='ocrx_word' id='word_1_548' title='bbox 1567 4351 1624 4402; x_wconf 89' lang='lat' dir='ltr'>et</span> <span class='ocrx_word' id='word_1_549' title='bbox 1649 4352 1967 4424; x_wconf 88' lang='lat' dir='ltr'>componit,</span> 
     </span>
    </p>
   </div>
   <div class='ocr_carea' id='block_1_74' title="bbox 319 4432 1968 4510">
    <p class='ocr_par' dir='ltr' id='par_1_74' title="bbox 319 4432 1968 4510">
     <span class='ocr_line' id='line_1_74' title="bbox 319 4432 1968 4510; baseline 0.007 -25"><span class='ocrx_word' id='word_1_550' title='bbox 319 4446 388 4486; x_wconf 91' lang='lat' dir='ltr'>ea</span> <span class='ocrx_word' id='word_1_551' title='bbox 417 4447 543 4502; x_wconf 71' lang='lat' dir='ltr'>qua:</span> <span class='ocrx_word' id='word_1_552' title='bbox 577 4432 812 4504; x_wconf 88' lang='lat' dir='ltr'>propria</span> <span class='ocrx_word' id='word_1_553' title='bbox 843 4437 1054 4488; x_wconf 88' lang='lat' dir='ltr'>natura</span> <span class='ocrx_word' id='word_1_554' title='bbox 1084 4433 1331 4502; x_wconf 93' lang='lat' dir='ltr'>dicitur;</span> <span class='ocrx_word' id='word_1_555' title='bbox 1366 4435 1479 4506; x_wconf 90' lang='lat' dir='ltr'>ipsi</span> <span class='ocrx_word' id='word_1_556' title='bbox 1540 4437 1792 4510; x_wconf 91' lang='lat' dir='ltr'>denique</span> <span class='ocrx_word' id='word_1_557' title='bbox 1850 4444 1968 4498; x_wconf 88' lang='lat' dir='ltr'>sta-</span> 
     </span>
    </p>
   </div>
   <div class='ocr_carea' id='block_1_75' title="bbox 320 4520 1963 4600">
    <p class='ocr_par' dir='ltr' id='par_1_75' title="bbox 320 4520 1963 4600">
     <span class='ocr_line' id='line_1_75' title="bbox 320 4520 1963 4600; baseline 0.007 -27"><span class='ocrx_word' id='word_1_558' title='bbox 320 4521 454 4587; x_wconf 71' lang='lat' dir='ltr'>tuta,</span> <span class='ocrx_word' id='word_1_559' title='bbox 487 4520 642 4590; x_wconf 90' lang='lat' dir='ltr'>quod</span> <span class='ocrx_word' id='word_1_560' title='bbox 672 4537 741 4576; x_wconf 85' lang='lat' dir='ltr'>ex</span> <span class='ocrx_word' id='word_1_561' title='bbox 772 4522 1022 4577; x_wconf 89' lang='lat' dir='ltr'>materia</span> <span class='ocrx_word' id='word_1_562' title='bbox 1049 4527 1105 4577; x_wconf 87' lang='lat' dir='ltr'>et</span> <span class='ocrx_word' id='word_1_563' title='bbox 1163 4524 1352 4579; x_wconf 83' lang='lat' dir='ltr'>forma</span> <span class='ocrx_word' id='word_1_564' title='bbox 1405 4528 1494 4579; x_wconf 87' lang='lat' dir='ltr'>est</span> <span class='ocrx_word' id='word_1_565' title='bbox 1550 4529 1963 4600; x_wconf 89' lang='lat' dir='ltr'>compositum,</span> 
     </span>
    </p>
   </div>
   <div class='ocr_carea' id='block_1_76' title="bbox 2157 2999 3738 3083">
    <p class='ocr_par' dir='ltr' id='par_1_76' title="bbox 2157 2999 3738 3083">
     <span class='ocr_line' id='line_1_76' title="bbox 2157 2999 3738 3083; baseline -0.001 -22"><span class='ocrx_word' id='word_1_566' title='bbox 2157 3010 2222 3083; x_wconf 86' lang='grc' dir='ltr'>β’.</span> <span class='ocrx_word' id='word_1_567' title='bbox 2253 3006 2324 3061; x_wconf 88' lang='grc' dir='ltr'>Τὸ</span> <span class='ocrx_word' id='word_1_568' title='bbox 2358 3008 2452 3080; x_wconf 78' lang='grc' dir='ltr'>μὶν</span> <span class='ocrx_word' id='word_1_569' title='bbox 2501 3002 2592 3058; x_wconf 85' lang='grc' dir='ltr'>οῦν</span> <span class='ocrx_word' id='word_1_570' title='bbox 2643 2999 2818 3077; x_wconf 74' lang='grc' dir='ltr'>ὄνομα</span> <span class='ocrx_word' id='word_1_571' title='bbox 2862 3010 2962 3072; x_wconf 83' lang='grc' dir='ltr'>τῆς</span> <span class='ocrx_word' id='word_1_572' title='bbox 3013 3001 3224 3082; x_wconf 87' lang='grc' dir='ltr'>φύσεως</span> <span class='ocrx_word' id='word_1_573' title='bbox 3263 3006 3530 3080; x_wconf 86' lang='grc' dir='ltr'>προσήκει</span> <span class='ocrx_word' id='word_1_574' title='bbox 3561 3005 3738 3081; x_wconf 79' lang='grc' dir='ltr'>ταύτῃ</span> 
     </span>
    </p>
   </div>
   <div class='ocr_carea' id='block_1_77' title="bbox 2077 3091 3740 3176">
    <p class='ocr_par' dir='ltr' id='par_1_77' title="bbox 2077 3091 3740 3176">
     <span class='ocr_line' id='line_1_77' title="bbox 2077 3091 3740 3176; baseline 0 -25"><span class='ocrx_word' id='word_1_575' title='bbox 2077 3102 2147 3171; x_wconf 80' lang='grc' dir='ltr'>τῇ</span> <span class='ocrx_word' id='word_1_576' title='bbox 2177 3098 2352 3176; x_wconf 90' lang='grc' dir='ltr'>φύσει,</span> <span class='ocrx_word' id='word_1_577' title='bbox 2383 3099 2452 3169; x_wconf 80' lang='grc' dir='ltr'>τῇ</span> <span class='ocrx_word' id='word_1_578' title='bbox 2502 3097 2616 3150; x_wconf 81' lang='grc' dir='ltr'>οἷον</span> <span class='ocrx_word' id='word_1_579' title='bbox 2665 3094 2900 3172; x_wconf 82' lang='grc' dir='ltr'>έκφύσει·</span> <span class='ocrx_word' id='word_1_580' title='bbox 2934 3096 2968 3163; x_wconf 83' lang='grc' dir='ltr'>ἡ</span> <span class='ocrx_word' id='word_1_581' title='bbox 3016 3091 3074 3148; x_wconf 78' lang='grc' dir='ltr'>δὲ</span> <span class='ocrx_word' id='word_1_582' title='bbox 3119 3098 3216 3149; x_wconf 90' lang='grc' dir='ltr'>τοῦ</span> <span class='ocrx_word' id='word_1_583' title='bbox 3261 3094 3529 3168; x_wconf 86' lang='grc' dir='ltr'>ὀνόματος</span> <span class='ocrx_word' id='word_1_584' title='bbox 3558 3092 3740 3151; x_wconf 85' lang='grc' dir='ltr'>ἔννοια</span> 
     </span>
    </p>
   </div>
   <div class='ocr_carea' id='block_1_78' title="bbox 2077 3179 3741 3264">
    <p class='ocr_par' dir='ltr' id='par_1_78' title="bbox 2077 3179 3741 3264">
     <span class='ocr_line' id='line_1_78' title="bbox 2077 3179 3741 3264; baseline -0.008 -21"><span class='ocrx_word' id='word_1_585' title='bbox 2077 3193 2146 3262; x_wconf 79' lang='grc' dir='ltr'>τῇ</span> <span class='ocrx_word' id='word_1_586' title='bbox 2179 3187 2377 3262; x_wconf 87' lang='grc' dir='ltr'>κυρίως</span> <span class='ocrx_word' id='word_1_587' title='bbox 2426 3183 2721 3264; x_wconf 82' lang='grc' dir='ltr'>ἐφαρμόζει</span> <span class='ocrx_word' id='word_1_588' title='bbox 2759 3181 2935 3261; x_wconf 87' lang='grc' dir='ltr'>φύσει,</span> <span class='ocrx_word' id='word_1_589' title='bbox 2985 3181 3054 3256; x_wconf 77' lang='grc' dir='ltr'>τῇ</span> <span class='ocrx_word' id='word_1_590' title='bbox 3105 3182 3312 3261; x_wconf 77' lang='grc' dir='ltr'>φυούσῃ</span> <span class='ocrx_word' id='word_1_591' title='bbox 3359 3184 3450 3240; x_wconf 82' lang='grc' dir='ltr'>καὶ</span> <span class='ocrx_word' id='word_1_592' title='bbox 3499 3179 3741 3240; x_wconf 74' lang='grc' dir='ltr'>ἀναϐλα-</span> 
     </span>
    </p>
   </div>
   <div class='ocr_carea' id='block_1_79' title="bbox 2079 3272 3740 3352">
    <p class='ocr_par' dir='ltr' id='par_1_79' title="bbox 2079 3272 3740 3352">
     <span class='ocr_line' id='line_1_79' title="bbox 2079 3272 3740 3352; baseline -0.001 -20"><span class='ocrx_word' id='word_1_593' title='bbox 2079 3277 2338 3351; x_wconf 78' lang='grc' dir='ltr'>στανούσῃ</span> <span class='ocrx_word' id='word_1_594' title='bbox 2383 3276 2450 3330; x_wconf 78' lang='grc' dir='ltr'>τά</span> <span class='ocrx_word' id='word_1_595' title='bbox 2495 3274 2710 3352; x_wconf 76' lang='grc' dir='ltr'>φυσικά,</span> <span class='ocrx_word' id='word_1_596' title='bbox 2763 3273 2854 3327; x_wconf 83' lang='grc' dir='ltr'>καὶ</span> <span class='ocrx_word' id='word_1_597' title='bbox 2905 3276 3170 3346; x_wconf 80' lang='grc' dir='ltr'>ποιητικῇ</span> <span class='ocrx_word' id='word_1_598' title='bbox 3218 3272 3366 3344; x_wconf 77' lang='grc' dir='ltr'>αἰτίᾳ</span> <span class='ocrx_word' id='word_1_599' title='bbox 3413 3272 3544 3348; x_wconf 78' lang='grc' dir='ltr'>οῧσῃ</span> <span class='ocrx_word' id='word_1_600' title='bbox 3598 3277 3740 3330; x_wconf 77' lang='grc' dir='ltr'>κατὰ</span> 
     </span>
    </p>
   </div>
   <div class='ocr_carea' id='block_1_80' title="bbox 2073 3362 3740 3444">
    <p class='ocr_par' dir='ltr' id='par_1_80' title="bbox 2073 3362 3740 3444">
     <span class='ocr_line' id='line_1_80' title="bbox 2073 3362 3740 3444; baseline -0.002 -22"><span class='ocrx_word' id='word_1_601' title='bbox 2073 3368 2134 3421; x_wconf 85' lang='grc' dir='ltr'>τὸ</span> <span class='ocrx_word' id='word_1_602' title='bbox 2181 3366 2448 3444; x_wconf 72' lang='grc' dir='ltr'>προσεχὲς</span> <span class='ocrx_word' id='word_1_603' title='bbox 2497 3362 2740 3418; x_wconf 85' lang='grc' dir='ltr'>ἁπάντων</span> <span class='ocrx_word' id='word_1_604' title='bbox 2791 3366 2898 3416; x_wconf 90' lang='grc' dir='ltr'>τῶν</span> <span class='ocrx_word' id='word_1_605' title='bbox 2952 3366 3213 3440; x_wconf 82' lang='grc' dir='ltr'>φυσικῶν.</span> <span class='ocrx_word' id='word_1_606' title='bbox 3246 3365 3448 3437; x_wconf 82' lang='grc' dir='ltr'>’Ὠσπερ</span> <span class='ocrx_word' id='word_1_607' title='bbox 3496 3363 3599 3440; x_wconf 72' lang='grc' dir='ltr'>γὰρ</span> <span class='ocrx_word' id='word_1_608' title='bbox 3637 3369 3740 3419; x_wconf 86' lang='grc' dir='ltr'>τοῦ</span> 
     </span>
    </p>
   </div>
   <div class='ocr_carea' id='block_1_81' title="bbox 2074 3448 3740 3531">
    <p class='ocr_par' dir='ltr' id='par_1_81' title="bbox 2074 3448 3740 3531">
     <span class='ocr_line' id='line_1_81' title="bbox 2074 3448 3740 3531; baseline -0.002 -21"><span class='ocrx_word' id='word_1_609' title='bbox 2074 3453 2388 3531; x_wconf 84' lang='grc' dir='ltr'>ἀνδριάντος</span> <span class='ocrx_word' id='word_1_610' title='bbox 2569 3452 2714 3507; x_wconf 85' lang='grc' dir='ltr'>αἰτία</span> <span class='ocrx_word' id='word_1_611' title='bbox 2762 3453 2797 3520; x_wconf 80' lang='grc' dir='ltr'>ἡ</span> <span class='ocrx_word' id='word_1_612' title='bbox 2847 3448 3400 3526; x_wconf 83' lang='grc' dir='ltr'>ἀνδριαντοποιητική</span> <span class='ocrx_word' id='word_1_613' title='bbox 3433 3453 3604 3528; x_wconf 81' lang='grc' dir='ltr'>τέχνη</span> <span class='ocrx_word' id='word_1_614' title='bbox 3646 3455 3740 3508; x_wconf 79' lang='grc' dir='ltr'>καὶ</span> 
     </span>
    </p>
   </div>
   <div class='ocr_carea' id='block_1_82' title="bbox 2073 3537 3740 3618">
    <p class='ocr_par' dir='ltr' id='par_1_82' title="bbox 2073 3537 3740 3618">
     <span class='ocr_line' id='line_1_82' title="bbox 2073 3537 3740 3618; baseline -0.001 -19"><span class='ocrx_word' id='word_1_615' title='bbox 2073 3549 2180 3600; x_wconf 91' lang='grc' dir='ltr'>τῶν</span> <span class='ocrx_word' id='word_1_616' title='bbox 2241 3543 2425 3599; x_wconf 77' lang='grc' dir='ltr'>ἄλλων</span> <span class='ocrx_word' id='word_1_617' title='bbox 2485 3544 2753 3617; x_wconf 82' lang='grc' dir='ltr'>τεχνικῶν</span> <span class='ocrx_word' id='word_1_618' title='bbox 2802 3537 2971 3616; x_wconf 81' lang='grc' dir='ltr'>ἔργων</span> <span class='ocrx_word' id='word_1_619' title='bbox 3027 3541 3082 3595; x_wconf 77' lang='grc' dir='ltr'>αἱ</span> <span class='ocrx_word' id='word_1_620' title='bbox 3140 3540 3329 3596; x_wconf 86' lang='grc' dir='ltr'>λοιπαὶ</span> <span class='ocrx_word' id='word_1_621' title='bbox 3380 3540 3592 3618; x_wconf 86' lang='grc' dir='ltr'>τέχναι·</span> <span class='ocrx_word' id='word_1_622' title='bbox 3645 3545 3740 3597; x_wconf 90' lang='grc' dir='ltr'>τὸν</span> 
     </span>
    </p>
   </div>
   <div class='ocr_carea' id='block_1_83' title="bbox 2075 3628 3745 3708">
    <p class='ocr_par' dir='ltr' id='par_1_83' title="bbox 2075 3628 3745 3708">
     <span class='ocr_line' id='line_1_83' title="bbox 2075 3628 3745 3708; baseline -0.001 -20"><span class='ocrx_word' id='word_1_623' title='bbox 2075 3633 2234 3688; x_wconf 84' lang='grc' dir='ltr'>αὐτὸν</span> <span class='ocrx_word' id='word_1_624' title='bbox 2268 3633 2466 3707; x_wconf 85' lang='grc' dir='ltr'>τρόπον</span> <span class='ocrx_word' id='word_1_625' title='bbox 2515 3631 2605 3685; x_wconf 83' lang='grc' dir='ltr'>καὶ</span> <span class='ocrx_word' id='word_1_626' title='bbox 2654 3633 2763 3684; x_wconf 89' lang='grc' dir='ltr'>τῶν</span> <span class='ocrx_word' id='word_1_627' title='bbox 2795 3634 3032 3707; x_wconf 80' lang='grc' dir='ltr'>φυσικῶν</span> <span class='ocrx_word' id='word_1_628' title='bbox 3081 3628 3249 3706; x_wconf 90' lang='grc' dir='ltr'>ἔργων</span> <span class='ocrx_word' id='word_1_629' title='bbox 3301 3633 3336 3699; x_wconf 81' lang='grc' dir='ltr'>ἡ</span> <span class='ocrx_word' id='word_1_630' title='bbox 3394 3630 3550 3708; x_wconf 83' lang='grc' dir='ltr'>φύσις</span> <span class='ocrx_word' id='word_1_631' title='bbox 3595 3631 3745 3687; x_wconf 81' lang='grc' dir='ltr'>αἰτία</span> 
     </span>
    </p>
   </div>
   <div class='ocr_carea' id='block_1_84' title="bbox 2075 3717 3740 3798">
    <p class='ocr_par' dir='ltr' id='par_1_84' title="bbox 2075 3717 3740 3798">
     <span class='ocr_line' id='line_1_84' title="bbox 2075 3717 3740 3798; baseline 0.001 -23"><span class='ocrx_word' id='word_1_632' title='bbox 2075 3721 2239 3794; x_wconf 80' lang='grc' dir='ltr'>ἐστὶν,</span> <span class='ocrx_word' id='word_1_633' title='bbox 2299 3721 2374 3783; x_wconf 86' lang='grc' dir='ltr'>ὡς</span> <span class='ocrx_word' id='word_1_634' title='bbox 2425 3721 2476 3791; x_wconf 79' lang='grc' dir='ltr'>ἐξ</span> <span class='ocrx_word' id='word_1_635' title='bbox 2524 3717 2818 3796; x_wconf 83' lang='grc' dir='ltr'>ἀναλογίας</span> <span class='ocrx_word' id='word_1_636' title='bbox 2869 3721 3219 3794; x_wconf 87' lang='grc' dir='ltr'>γινώσκεται.</span> <span class='ocrx_word' id='word_1_637' title='bbox 3281 3717 3576 3794; x_wconf 87' lang='grc' dir='ltr'>Ἀναλογεῖ</span> <span class='ocrx_word' id='word_1_638' title='bbox 3630 3723 3740 3798; x_wconf 80' lang='grc' dir='ltr'>γὰρ</span> 
     </span>
    </p>
   </div>
   <div class='ocr_carea' id='block_1_85' title="bbox 2073 3806 3737 3886">
    <p class='ocr_par' dir='ltr' id='par_1_85' title="bbox 2073 3806 3737 3886">
     <span class='ocr_line' id='line_1_85' title="bbox 2073 3806 3737 3886; baseline 0 -21"><span class='ocrx_word' id='word_1_639' title='bbox 2073 3816 2153 3882; x_wconf 80' lang='grc' dir='ltr'>τῷ</span> <span class='ocrx_word' id='word_1_640' title='bbox 2189 3812 2281 3884; x_wconf 76' lang='grc' dir='ltr'>μὲν</span> <span class='ocrx_word' id='word_1_641' title='bbox 2317 3809 2514 3886; x_wconf 88' lang='grc' dir='ltr'>χαλκῷ</span> <span class='ocrx_word' id='word_1_642' title='bbox 2558 3811 2594 3879; x_wconf 80' lang='grc' dir='ltr'>ἡ</span> <span class='ocrx_word' id='word_1_643' title='bbox 2641 3806 2832 3871; x_wconf 77' lang='grc' dir='ltr'>ἄποιος</span> <span class='ocrx_word' id='word_1_644' title='bbox 2880 3807 3010 3881; x_wconf 79' lang='grc' dir='ltr'>ὕλη,</span> <span class='ocrx_word' id='word_1_645' title='bbox 3059 3814 3138 3880; x_wconf 80' lang='grc' dir='ltr'>τῷ</span> <span class='ocrx_word' id='word_1_646' title='bbox 3188 3806 3245 3863; x_wconf 76' lang='grc' dir='ltr'>δὲ</span> <span class='ocrx_word' id='word_1_647' title='bbox 3274 3813 3371 3863; x_wconf 90' lang='grc' dir='ltr'>τοῦ</span> <span class='ocrx_word' id='word_1_648' title='bbox 3419 3807 3737 3882; x_wconf 79' lang='grc' dir='ltr'>ἀνδριάντος</span> 
     </span>
    </p>
   </div>
   <div class='ocr_carea' id='block_1_86' title="bbox 2077 3895 3738 3977">
    <p class='ocr_par' dir='ltr' id='par_1_86' title="bbox 2077 3895 3738 3977">
     <span class='ocr_line' id='line_1_86' title="bbox 2077 3895 3738 3977; baseline 0 -23"><span class='ocrx_word' id='word_1_649' title='bbox 2077 3897 2208 3954; x_wconf 79' lang='grc' dir='ltr'>εἷ’δει</span> <span class='ocrx_word' id='word_1_650' title='bbox 2239 3901 2299 3954; x_wconf 90' lang='grc' dir='ltr'>τὸ</span> <span class='ocrx_word' id='word_1_651' title='bbox 2332 3900 2552 3977; x_wconf 85' lang='grc' dir='ltr'>φυσικὸν</span> <span class='ocrx_word' id='word_1_652' title='bbox 2596 3896 2758 3960; x_wconf 79' lang='grc' dir='ltr'>εἶδος·</span> <span class='ocrx_word' id='word_1_653' title='bbox 2810 3902 2876 3972; x_wconf 82' lang='grc' dir='ltr'>τῇ</span> <span class='ocrx_word' id='word_1_654' title='bbox 2923 3900 3132 3969; x_wconf 80' lang='grc' dir='ltr'>κινήσει</span> <span class='ocrx_word' id='word_1_655' title='bbox 3185 3895 3243 3952; x_wconf 74' lang='grc' dir='ltr'>δὲ</span> <span class='ocrx_word' id='word_1_656' title='bbox 3271 3902 3369 3953; x_wconf 91' lang='grc' dir='ltr'>τοῦ</span> <span class='ocrx_word' id='word_1_657' title='bbox 3419 3898 3634 3974; x_wconf 81' lang='grc' dir='ltr'>χαλκοῦ</span> <span class='ocrx_word' id='word_1_658' title='bbox 3665 3904 3738 3975; x_wconf 81' lang='grc' dir='ltr'>τῇ</span> 
     </span>
    </p>
   </div>
   <div class='ocr_carea' id='block_1_87' title="bbox 2076 3983 3736 4062">
    <p class='ocr_par' dir='ltr' id='par_1_87' title="bbox 2076 3983 3736 4062">
     <span class='ocr_line' id='line_1_87' title="bbox 2076 3983 3736 4062; baseline 0 -18"><span class='ocrx_word' id='word_1_659' title='bbox 2076 3990 2210 4062; x_wconf 88' lang='grc' dir='ltr'>πρὸς</span> <span class='ocrx_word' id='word_1_660' title='bbox 2259 3989 2321 4044; x_wconf 89' lang='grc' dir='ltr'>τὸ</span> <span class='ocrx_word' id='word_1_661' title='bbox 2373 3986 2617 4059; x_wconf 80' lang='grc' dir='ltr'>δέξασθαι</span> <span class='ocrx_word' id='word_1_662' title='bbox 2667 3988 2730 4042; x_wconf 86' lang='grc' dir='ltr'>τὸ</span> <span class='ocrx_word' id='word_1_663' title='bbox 2784 3991 2881 4042; x_wconf 91' lang='grc' dir='ltr'>τοῦ</span> <span class='ocrx_word' id='word_1_664' title='bbox 2939 3983 3250 4062; x_wconf 85' lang='grc' dir='ltr'>ἀνδριάντος</span> <span class='ocrx_word' id='word_1_665' title='bbox 3303 3985 3468 4057; x_wconf 78' lang='grc' dir='ltr'>εἶδος,</span> <span class='ocrx_word' id='word_1_666' title='bbox 3519 3989 3554 4057; x_wconf 82' lang='grc' dir='ltr'><strong>ἡ</strong></span> <span class='ocrx_word' id='word_1_667' title='bbox 3617 3990 3736 4044; x_wconf 81' lang='grc' dir='ltr'>οἷον</span> 
     </span>
    </p>
   </div>
   <div class='ocr_carea' id='block_1_88' title="bbox 2077 4071 3738 4154">
    <p class='ocr_par' dir='ltr' id='par_1_88' title="bbox 2077 4071 3738 4154">
     <span class='ocr_line' id='line_1_88' title="bbox 2077 4071 3738 4154; baseline -0.001 -21"><span class='ocrx_word' id='word_1_668' title='bbox 2077 4076 2317 4151; x_wconf 79' lang='grc' dir='ltr'>ἔκφυσις,</span> <span class='ocrx_word' id='word_1_669' title='bbox 2363 4075 2535 4154; x_wconf 76' lang='grc' dir='ltr'>ἤγουν</span> <span class='ocrx_word' id='word_1_670' title='bbox 2585 4079 2621 4146; x_wconf 73' lang='grc' dir='ltr'>ἡ</span> <span class='ocrx_word' id='word_1_671' title='bbox 2674 4077 2870 4154; x_wconf 78' lang='grc' dir='ltr'>φυσικὴ</span> <span class='ocrx_word' id='word_1_672' title='bbox 2923 4075 3135 4146; x_wconf 86' lang='grc' dir='ltr'>κίνησις</span> <span class='ocrx_word' id='word_1_673' title='bbox 3178 4075 3267 4130; x_wconf 86' lang='grc' dir='ltr'>καὶ</span> <span class='ocrx_word' id='word_1_674' title='bbox 3316 4071 3622 4150; x_wconf 73' lang='grc' dir='ltr'>μεταϐολή.</span> <span class='ocrx_word' id='word_1_675' title='bbox 3658 4083 3738 4152; x_wconf 83' lang='grc' dir='ltr'>Τῇ</span> 
     </span>
    </p>
   </div>
   <div class='ocr_carea' id='block_1_89' title="bbox 2076 4163 3740 4244">
    <p class='ocr_par' dir='ltr' id='par_1_89' title="bbox 2076 4163 3740 4244">
     <span class='ocr_line' id='line_1_89' title="bbox 2076 4163 3740 4244; baseline -0.001 -22"><span class='ocrx_word' id='word_1_676' title='bbox 2076 4166 2630 4244; x_wconf 78' lang='grc' dir='ltr'>ἀνδριαντοποιητικῇ</span> <span class='ocrx_word' id='word_1_677' title='bbox 2680 4163 2737 4220; x_wconf 79' lang='grc' dir='ltr'>δὲ</span> <span class='ocrx_word' id='word_1_678' title='bbox 2780 4164 2949 4240; x_wconf 79' lang='grc' dir='ltr'>τέχνῃ</span> <span class='ocrx_word' id='word_1_679' title='bbox 2993 4169 3064 4238; x_wconf 78' lang='grc' dir='ltr'>τῇ</span> <span class='ocrx_word' id='word_1_680' title='bbox 3115 4164 3261 4236; x_wconf 80' lang='grc' dir='ltr'>αἰτίᾳ</span> <span class='ocrx_word' id='word_1_681' title='bbox 3287 4169 3367 4237; x_wconf 79' lang='grc' dir='ltr'>τῷ</span> <span class='ocrx_word' id='word_1_682' title='bbox 3404 4164 3605 4242; x_wconf 86' lang='grc' dir='ltr'>χαλκῷ</span> <span class='ocrx_word' id='word_1_683' title='bbox 3634 4174 3740 4237; x_wconf 84' lang='grc' dir='ltr'>τῆς</span> 
     </span>
    </p>
   </div>
   <div class='ocr_carea' id='block_1_90' title="bbox 2076 4253 3740 4332">
    <p class='ocr_par' dir='ltr' id='par_1_90' title="bbox 2076 4253 3740 4332">
     <span class='ocr_line' id='line_1_90' title="bbox 2076 4253 3740 4332; baseline -0.001 -20"><span class='ocrx_word' id='word_1_684' title='bbox 2076 4259 2337 4328; x_wconf 78' lang='grc' dir='ltr'>κινήσεως</span> <span class='ocrx_word' id='word_1_685' title='bbox 2372 4303 2386 4328; x_wconf 93' lang='grc'>,</span> <span class='ocrx_word' id='word_1_686' title='bbox 2447 4255 2620 4332; x_wconf 78' lang='grc' dir='ltr'>ἤγουν</span> <span class='ocrx_word' id='word_1_687' title='bbox 2697 4258 2766 4329; x_wconf 78' lang='grc' dir='ltr'>τῇ</span> <span class='ocrx_word' id='word_1_688' title='bbox 2824 4253 3048 4328; x_wconf 80' lang='grc' dir='ltr'>κινούσῃ</span> <span class='ocrx_word' id='word_1_689' title='bbox 3103 4255 3194 4308; x_wconf 82' lang='grc' dir='ltr'>καὶ</span> <span class='ocrx_word' id='word_1_690' title='bbox 3256 4253 3592 4331; x_wconf 75' lang='grc' dir='ltr'>ῥυθμιζούσῃ</span> <span class='ocrx_word' id='word_1_691' title='bbox 3641 4257 3740 4311; x_wconf 88' lang='grc' dir='ltr'>τὸν</span> 
     </span>
    </p>
   </div>
   <div class='ocr_carea' id='block_1_91' title="bbox 2077 4343 3741 4423">
    <p class='ocr_par' dir='ltr' id='par_1_91' title="bbox 2077 4343 3741 4423">
     <span class='ocr_line' id='line_1_91' title="bbox 2077 4343 3741 4423; baseline -0.001 -22"><span class='ocrx_word' id='word_1_692' title='bbox 2077 4345 2284 4422; x_wconf 86' lang='grc' dir='ltr'>χαλκὸν</span> <span class='ocrx_word' id='word_1_693' title='bbox 2347 4347 2483 4422; x_wconf 85' lang='grc' dir='ltr'>πρὸς</span> <span class='ocrx_word' id='word_1_694' title='bbox 2531 4344 2846 4419; x_wconf 85' lang='grc' dir='ltr'>ἀνδριάντος</span> <span class='ocrx_word' id='word_1_695' title='bbox 2893 4344 3201 4418; x_wconf 86' lang='grc' dir='ltr'>ἀπάρτισιν,</span> <span class='ocrx_word' id='word_1_696' title='bbox 3252 4345 3288 4414; x_wconf 75' lang='grc' dir='ltr'>ἡ</span> <span class='ocrx_word' id='word_1_697' title='bbox 3320 4343 3522 4420; x_wconf 87' lang='grc' dir='ltr'>κυρίως</span> <span class='ocrx_word' id='word_1_698' title='bbox 3581 4345 3741 4423; x_wconf 80' lang='grc' dir='ltr'>φύσις</span> 
     </span>
    </p>
   </div>
   <div class='ocr_carea' id='block_1_92' title="bbox 2075 4430 3738 4513">
    <p class='ocr_par' dir='ltr' id='par_1_92' title="bbox 2075 4430 3738 4513">
     <span class='ocr_line' id='line_1_92' title="bbox 2075 4430 3738 4513; baseline 0 -23"><span class='ocrx_word' id='word_1_699' title='bbox 2075 4435 2351 4513; x_wconf 88' lang='grc' dir='ltr'>ἀναλογεῖ·</span> <span class='ocrx_word' id='word_1_700' title='bbox 2379 4435 2525 4508; x_wconf 77' lang='grc' dir='ltr'>αὐτῷ</span> <span class='ocrx_word' id='word_1_701' title='bbox 2575 4432 2632 4489; x_wconf 73' lang='grc' dir='ltr'>δὲ</span> <span class='ocrx_word' id='word_1_702' title='bbox 2671 4438 2750 4506; x_wconf 83' lang='grc' dir='ltr'>τῷ</span> <span class='ocrx_word' id='word_1_703' title='bbox 2797 4430 3069 4509; x_wconf 89' lang='grc' dir='ltr'>ἀνδριάντι</span> <span class='ocrx_word' id='word_1_704' title='bbox 3121 4433 3185 4488; x_wconf 90' lang='grc' dir='ltr'>τὸ</span> <span class='ocrx_word' id='word_1_705' title='bbox 3235 4431 3285 4506; x_wconf 80' lang='grc' dir='ltr'>ἐξ</span> <span class='ocrx_word' id='word_1_706' title='bbox 3337 4432 3478 4504; x_wconf 82' lang='grc' dir='ltr'>ὕλης</span> <span class='ocrx_word' id='word_1_707' title='bbox 3521 4435 3612 4489; x_wconf 79' lang='grc' dir='ltr'>καὶ</span> <span class='ocrx_word' id='word_1_708' title='bbox 3658 4434 3738 4490; x_wconf 80' lang='grc' dir='ltr'>εἷ’-</span> 
     </span>
    </p>
   </div>
   <div class='ocr_carea' id='block_1_93' title="bbox 2079 4518 3738 4601">
    <p class='ocr_par' dir='ltr' id='par_1_93' title="bbox 2079 4518 3738 4601">
     <span class='ocr_line' id='line_1_93' title="bbox 2079 4518 3738 4601; baseline 0 -23"><span class='ocrx_word' id='word_1_709' title='bbox 2079 4521 2206 4587; x_wconf 89' lang='grc' dir='ltr'>δους</span> <span class='ocrx_word' id='word_1_710' title='bbox 2232 4525 2502 4589; x_wconf 70' lang='grc' dir='ltr'>σύνθετον*</span> <span class='ocrx_word' id='word_1_711' title='bbox 2555 4523 2687 4598; x_wconf 79' lang='grc' dir='ltr'>ὅπερ</span> <span class='ocrx_word' id='word_1_712' title='bbox 2737 4521 2877 4577; x_wconf 81' lang='grc' dir='ltr'>ἐστὶν</span> <span class='ocrx_word' id='word_1_713' title='bbox 2929 4518 3088 4599; x_wconf 92' lang='grc' dir='ltr'>ἔργον</span> <span class='ocrx_word' id='word_1_714' title='bbox 3136 4523 3236 4591; x_wconf 73' lang='grc' dir='ltr'>τῆς</span> <span class='ocrx_word' id='word_1_715' title='bbox 3287 4521 3520 4599; x_wconf 86' lang='grc' dir='ltr'>φύσεως,</span> <span class='ocrx_word' id='word_1_716' title='bbox 3553 4521 3738 4601; x_wconf 81' lang='grc' dir='ltr'>ὥσπερ</span> 
     </span>
    </p>
   </div>
   <div class='ocr_carea' id='block_1_94' title="bbox 319 4607 1964 4691">
    <p class='ocr_par' dir='ltr' id='par_1_94' title="bbox 319 4607 1964 4687">
     <span class='ocr_line' id='line_1_94' title="bbox 319 4607 1964 4687; baseline 0.009 -27"><span class='ocrx_word' id='word_1_717' title='bbox 319 4607 693 4678; x_wconf 88' lang='lat' dir='ltr'>proportione</span> <span class='ocrx_word' id='word_1_718' title='bbox 740 4612 1072 4681; x_wconf 86' lang='lat' dir='ltr'>respondet,</span> <span class='ocrx_word' id='word_1_719' title='bbox 1129 4613 1284 4683; x_wconf 89' lang='lat' dir='ltr'>quod</span> <span class='ocrx_word' id='word_1_720' title='bbox 1343 4617 1563 4668; x_wconf 71' lang='lat' dir='ltr'>natura:</span> <span class='ocrx_word' id='word_1_721' title='bbox 1648 4631 1797 4687; x_wconf 90' lang='lat' dir='ltr'>opus</span> <span class='ocrx_word' id='word_1_722' title='bbox 1840 4623 1964 4674; x_wconf 88' lang='lat' dir='ltr'>est:</span> 
     </span>
    </p>
   </div>
   <div class='ocr_carea' id='block_1_95' title="bbox 2077 4607 3743 4691">
    <p class='ocr_par' dir='ltr' id='par_1_95' title="bbox 2077 4608 3743 4691">
     <span class='ocr_line' id='line_1_95' title="bbox 2077 4608 3743 4691; baseline -0.001 -22"><span class='ocrx_word' id='word_1_723' title='bbox 2077 4621 2174 4684; x_wconf 84' lang='grc' dir='ltr'>τῆς</span> <span class='ocrx_word' id='word_1_724' title='bbox 2221 4612 2506 4691; x_wconf 86' lang='grc' dir='ltr'>ἀνδριάντο</span> <span class='ocrx_word' id='word_1_725' title='bbox 2558 4619 2853 4682; x_wconf 83' lang='grc' dir='ltr'>ποιητικῆς</span> <span class='ocrx_word' id='word_1_726' title='bbox 2901 4612 2929 4665; x_wconf 84' lang='grc' dir='ltr'>ὁ</span> <span class='ocrx_word' id='word_1_727' title='bbox 2981 4608 3233 4687; x_wconf 84' lang='grc' dir='ltr'>ἀνδριάς.</span> <span class='ocrx_word' id='word_1_728' title='bbox 3282 4608 3436 4668; x_wconf 65' lang='grc' dir='ltr'>³Αλλ⁸</span> <span class='ocrx_word' id='word_1_729' title='bbox 3492 4611 3581 4666; x_wconf 84' lang='grc' dir='ltr'>ἐπὶ</span> <span class='ocrx_word' id='word_1_730' title='bbox 3645 4613 3743 4686; x_wconf 75' lang='grc' dir='ltr'>μὲν</span> 
     </span>
    </p>
   </div>
   <div class='ocr_carea' id='block_1_96' title="bbox 319 4694 1970 4767">
    <p class='ocr_par' dir='ltr' id='par_1_96' title="bbox 319 4694 1970 4767">
     <span class='ocr_line' id='line_1_96' title="bbox 319 4694 1970 4767; baseline 0.01 -20"><span class='ocrx_word' id='word_1_731' title='bbox 319 4694 562 4766; x_wconf 89' lang='lat' dir='ltr'>perinde</span> <span class='ocrx_word' id='word_1_732' title='bbox 593 4700 657 4750; x_wconf 91' lang='lat' dir='ltr'>ut</span> <span class='ocrx_word' id='word_1_733' title='bbox 686 4697 831 4752; x_wconf 88' lang='lat' dir='ltr'>artis</span> <span class='ocrx_word' id='word_1_734' title='bbox 862 4700 1180 4767; x_wconf 61' lang='lat' dir='ltr'>statuaries,</span> <span class='ocrx_word' id='word_1_735' title='bbox 1215 4704 1429 4756; x_wconf 89' lang='lat' dir='ltr'>statua.</span> <span class='ocrx_word' id='word_1_736' title='bbox 1463 4701 1678 4758; x_wconf 89' lang='lat' dir='ltr'>Verum</span> <span class='ocrx_word' id='word_1_737' title='bbox 1712 4704 1771 4759; x_wconf 91' lang='lat' dir='ltr'>in</span> <span class='ocrx_word' id='word_1_738' title='bbox 1826 4709 1970 4763; x_wconf 91' lang='lat' dir='ltr'>artis</span> 
     </span>
    </p>
   </div>
   <div class='ocr_carea' id='block_1_97' title="bbox 323 4782 1969 4864">
    <p class='ocr_par' dir='ltr' id='par_1_97' title="bbox 323 4782 1969 4864">
     <span class='ocr_line' id='line_1_97' title="bbox 323 4782 1969 4864; baseline 0.009 -28"><span class='ocrx_word' id='word_1_739' title='bbox 323 4782 563 4853; x_wconf 91' lang='lat' dir='ltr'>quidem</span> <span class='ocrx_word' id='word_1_740' title='bbox 586 4787 862 4856; x_wconf 89' lang='lat' dir='ltr'>operibus</span> <span class='ocrx_word' id='word_1_741' title='bbox 894 4793 1088 4843; x_wconf 88' lang='lat' dir='ltr'>motus</span> <span class='ocrx_word' id='word_1_742' title='bbox 1111 4806 1290 4844; x_wconf 87' lang='lat' dir='ltr'>causa</span> <span class='ocrx_word' id='word_1_743' title='bbox 1318 4789 1679 4847; x_wconf 82' lang='lat' dir='ltr'>extrinsecus</span> <span class='ocrx_word' id='word_1_744' title='bbox 1719 4795 1969 4864; x_wconf 82' lang='lat' dir='ltr'>exsistit,</span> 
     </span>
    </p>
   </div>
   <div class='ocr_carea' id='block_1_98' title="bbox 323 4873 1970 4950">
    <p class='ocr_par' dir='ltr' id='par_1_98' title="bbox 323 4873 1970 4950">
     <span class='ocr_line' id='line_1_98' title="bbox 323 4873 1970 4950; baseline 0.01 -26"><span class='ocrx_word' id='word_1_745' title='bbox 323 4887 459 4926; x_wconf 91' lang='lat' dir='ltr'>cum</span> <span class='ocrx_word' id='word_1_746' title='bbox 493 4873 568 4927; x_wconf 90' lang='lat' dir='ltr'>sit</span> <span class='ocrx_word' id='word_1_747' title='bbox 599 4873 656 4928; x_wconf 91' lang='lat' dir='ltr'>in</span> <span class='ocrx_word' id='word_1_748' title='bbox 690 4875 911 4931; x_wconf 79' lang='lat' dir='ltr'>artifice</span> <span class='ocrx_word' id='word_1_749' title='bbox 942 4881 1000 4930; x_wconf 91' lang='lat' dir='ltr'>et</span> <span class='ocrx_word' id='word_1_750' title='bbox 1027 4893 1093 4931; x_wconf 82' lang='lat' dir='ltr'>ex</span> <span class='ocrx_word' id='word_1_751' title='bbox 1120 4877 1247 4948; x_wconf 91' lang='lat' dir='ltr'>ipso</span> <span class='ocrx_word' id='word_1_752' title='bbox 1278 4880 1587 4950; x_wconf 76' lang='lat' dir='ltr'>operetur;</span> <span class='ocrx_word' id='word_1_753' title='bbox 1622 4880 1681 4935; x_wconf 91' lang='lat' dir='ltr'>in</span> <span class='ocrx_word' id='word_1_754' title='bbox 1725 4888 1970 4947; x_wconf 77' lang='lat' dir='ltr'>natura-</span> 
     </span>
    </p>
   </div>
   <div class='ocr_carea' id='block_1_99' title="bbox 323 4958 1970 5035">
    <p class='ocr_par' dir='ltr' id='par_1_99' title="bbox 323 4958 1970 5035">
     <span class='ocr_line' id='line_1_99' title="bbox 323 4958 1970 5035; baseline 0.01 -23"><span class='ocrx_word' id='word_1_755' title='bbox 323 4958 483 5014; x_wconf 90' lang='lat' dir='ltr'>libus</span> <span class='ocrx_word' id='word_1_756' title='bbox 513 4967 708 5017; x_wconf 90' lang='lat' dir='ltr'>autem</span> <span class='ocrx_word' id='word_1_757' title='bbox 742 4964 1018 5035; x_wconf 87' lang='lat' dir='ltr'>operibus</span> <span class='ocrx_word' id='word_1_758' title='bbox 1047 4965 1209 5020; x_wconf 90' lang='lat' dir='ltr'>intus</span> <span class='ocrx_word' id='word_1_759' title='bbox 1251 4973 1358 5033; x_wconf 81' lang='lat' dir='ltr'>est,</span> <span class='ocrx_word' id='word_1_760' title='bbox 1411 4985 1545 5023; x_wconf 92' lang='lat' dir='ltr'>cum</span> <span class='ocrx_word' id='word_1_761' title='bbox 1602 4972 1970 5029; x_wconf 90' lang='lat' dir='ltr'>naturalibus</span> 
     </span>
    </p>
   </div>
   <div class='ocr_carea' id='block_1_100' title="bbox 322 5048 1968 5121">
    <p class='ocr_par' dir='ltr' id='par_1_100' title="bbox 322 5048 1968 5121">
     <span class='ocr_line' id='line_1_100' title="bbox 322 5048 1968 5121; baseline 0.01 -20"><span class='ocrx_word' id='word_1_762' title='bbox 322 5048 600 5118; x_wconf 90' lang='lat' dir='ltr'>operibus</span> <span class='ocrx_word' id='word_1_763' title='bbox 631 5049 744 5121; x_wconf 87' lang='lat' dir='ltr'>ipsi</span> <span class='ocrx_word' id='word_1_764' title='bbox 776 5052 854 5107; x_wconf 88' lang='lat' dir='ltr'>sit</span> <span class='ocrx_word' id='word_1_765' title='bbox 883 5053 1080 5108; x_wconf 88' lang='lat' dir='ltr'>insita.</span> <span class='ocrx_word' id='word_1_766' title='bbox 1114 5056 1236 5118; x_wconf 92' lang='lat' dir='ltr'>Quo</span> <span class='ocrx_word' id='word_1_767' title='bbox 1267 5057 1442 5111; x_wconf 90' lang='lat' dir='ltr'>etiam</span> <span class='ocrx_word' id='word_1_768' title='bbox 1475 5074 1569 5112; x_wconf 91' lang='lat' dir='ltr'>ars</span> <span class='ocrx_word' id='word_1_769' title='bbox 1598 5064 1654 5112; x_wconf 90' lang='lat' dir='ltr'>et</span> <span class='ocrx_word' id='word_1_770' title='bbox 1698 5065 1908 5116; x_wconf 85' lang='lat' dir='ltr'>natura</span> <span class='ocrx_word' id='word_1_771' title='bbox 1938 5080 1968 5117; x_wconf 87' lang='lat' dir='ltr'>a</span> 
     </span>
    </p>
   </div>
   <div class='ocr_carea' id='block_1_101' title="bbox 324 5137 1972 5217">
    <p class='ocr_par' dir='ltr' id='par_1_101' title="bbox 324 5137 1972 5217">
     <span class='ocr_line' id='line_1_101' title="bbox 324 5137 1972 5217; baseline 0.008 -27"><span class='ocrx_word' id='word_1_772' title='bbox 324 5151 386 5190; x_wconf 90' lang='lat' dir='ltr'>se</span> <span class='ocrx_word' id='word_1_773' title='bbox 416 5137 663 5194; x_wconf 84' lang='lat' dir='ltr'>invicem</span> <span class='ocrx_word' id='word_1_774' title='bbox 695 5140 996 5196; x_wconf 76' lang='lat' dir='ltr'>differunt.</span> <span class='ocrx_word' id='word_1_775' title='bbox 1027 5145 1217 5213; x_wconf 84' lang='lat' dir='ltr'>Atque</span> <span class='ocrx_word' id='word_1_776' title='bbox 1247 5144 1367 5200; x_wconf 72' lang='lat' dir='ltr'>haec</span> <span class='ocrx_word' id='word_1_777' title='bbox 1392 5145 1630 5217; x_wconf 89' lang='lat' dir='ltr'>quidem</span> <span class='ocrx_word' id='word_1_778' title='bbox 1653 5149 1725 5202; x_wconf 91' lang='lat' dir='ltr'>ad</span> <span class='ocrx_word' id='word_1_779' title='bbox 1749 5149 1972 5205; x_wconf 87' lang='lat' dir='ltr'>Aristo-</span> 
     </span>
    </p>
   </div>
   <div class='ocr_carea' id='block_1_102' title="bbox 323 5221 1969 5302">
    <p class='ocr_par' dir='ltr' id='par_1_102' title="bbox 323 5221 1969 5302">
     <span class='ocr_line' id='line_1_102' title="bbox 323 5221 1969 5302; baseline 0.012 -27"><span class='ocrx_word' id='word_1_780' title='bbox 323 5221 452 5278; x_wconf 88' lang='lat' dir='ltr'>telis</span> <span class='ocrx_word' id='word_1_781' title='bbox 487 5243 729 5299; x_wconf 87' lang='lat' dir='ltr'>scopum</span> <span class='ocrx_word' id='word_1_782' title='bbox 772 5233 1074 5298; x_wconf 87' lang='lat' dir='ltr'>accedunt,</span> <span class='ocrx_word' id='word_1_783' title='bbox 1126 5233 1227 5302; x_wconf 90' lang='lat' dir='ltr'>qui</span> <span class='ocrx_word' id='word_1_784' title='bbox 1286 5238 1555 5290; x_wconf 88' lang='lat' dir='ltr'>naturam</span> <span class='ocrx_word' id='word_1_785' title='bbox 1616 5237 1969 5294; x_wconf 84' lang='lat' dir='ltr'>efﬁcientem</span> 
     </span>
    </p>
   </div>
   <div class='ocr_carea' id='block_1_103' title="bbox 325 5317 920 5373">
    <p class='ocr_par' dir='ltr' id='par_1_103' title="bbox 325 5317 920 5373">
     <span class='ocr_line' id='line_1_103' title="bbox 325 5317 920 5373; baseline 0.015 -11"><span class='ocrx_word' id='word_1_786' title='bbox 325 5326 564 5369; x_wconf 85' lang='lat' dir='ltr'>causam</span> <span class='ocrx_word' id='word_1_787' title='bbox 597 5317 920 5373; x_wconf 91' lang='lat' dir='ltr'>constituit.</span> 
     </span>
    </p>
   </div>
   <div class='ocr_carea' id='block_1_104' title="bbox 404 5404 1971 5482">
    <p class='ocr_par' dir='ltr' id='par_1_104' title="bbox 404 5404 1971 5482">
     <span class='ocr_line' id='line_1_104' title="bbox 404 5404 1971 5482; baseline 0.01 -25"><span class='ocrx_word' id='word_1_788' title='bbox 404 5404 459 5457; x_wconf 89' lang='lat'>3.</span> <span class='ocrx_word' id='word_1_789' title='bbox 482 5404 645 5468; x_wconf 87' lang='lat' dir='ltr'>Quod</span> <span class='ocrx_word' id='word_1_790' title='bbox 677 5410 871 5461; x_wconf 90' lang='lat' dir='ltr'>autem</span> <span class='ocrx_word' id='word_1_791' title='bbox 889 5406 1045 5463; x_wconf 87' lang='lat' dir='ltr'>Plato</span> <span class='ocrx_word' id='word_1_792' title='bbox 1076 5408 1288 5464; x_wconf 91' lang='lat' dir='ltr'>melius</span> <span class='ocrx_word' id='word_1_793' title='bbox 1322 5412 1392 5465; x_wconf 92' lang='lat' dir='ltr'>de</span> <span class='ocrx_word' id='word_1_794' title='bbox 1417 5411 1526 5466; x_wconf 91' lang='lat' dir='ltr'>hoc</span> <span class='ocrx_word' id='word_1_795' title='bbox 1547 5412 1971 5482; x_wconf 90' lang='lat' dir='ltr'>disserat,dum</span> 
     </span>
    </p>
   </div>
   <div class='ocr_carea' id='block_1_105' title="bbox 327 5492 1970 5566">
    <p class='ocr_par' dir='ltr' id='par_1_105' title="bbox 327 5492 1970 5566">
     <span class='ocr_line' id='line_1_105' title="bbox 327 5492 1970 5566; baseline 0.008 -18"><span class='ocrx_word' id='word_1_796' title='bbox 327 5492 654 5565; x_wconf 88' lang='lat' dir='ltr'>principem</span> <span class='ocrx_word' id='word_1_797' title='bbox 687 5501 965 5566; x_wconf 89' lang='lat' dir='ltr'>mentem,</span> <span class='ocrx_word' id='word_1_798' title='bbox 1006 5498 1354 5556; x_wconf 87' lang='lat' dir='ltr'>efﬁcientem</span> <span class='ocrx_word' id='word_1_799' title='bbox 1404 5501 1667 5556; x_wconf 90' lang='lat' dir='ltr'>omnium</span> <span class='ocrx_word' id='word_1_800' title='bbox 1728 5519 1970 5562; x_wconf 87' lang='lat' dir='ltr'>causam</span> 
     </span>
    </p>
   </div>
   <div class='ocr_carea' id='block_1_106' title="bbox 405 5689 1179 5765">
    <p class='ocr_par' dir='ltr' id='par_1_106' title="bbox 405 5689 1179 5765">
     <span class='ocr_line' id='line_1_106' title="bbox 405 5689 1179 5765; baseline 0.004 -15"><span class='ocrx_word' id='word_1_801' title='bbox 405 5689 450 5730; x_wconf 78' lang='grc'>¹⁴</span> <span class='ocrx_word' id='word_1_802' title='bbox 475 5693 512 5750; x_wconf 86' lang='grc'>2</span> <span class='ocrx_word' id='word_1_803' title='bbox 532 5689 709 5764; x_wconf 81' lang='lat' dir='ltr'>Pbys,</span> <span class='ocrx_word' id='word_1_804' title='bbox 739 5708 789 5751; x_wconf 91' lang='lat' dir='ltr'>c.</span> <span class='ocrx_word' id='word_1_805' title='bbox 819 5693 862 5765; x_wconf 91' lang='grc' dir='ltr'>Ι,</span> <span class='ocrx_word' id='word_1_806' title='bbox 894 5697 937 5752; x_wconf 77' lang='grc' dir='ltr'>ι.</span> <span class='ocrx_word' id='word_1_807' title='bbox 972 5695 1058 5752; x_wconf 92' lang='grc'>11.</span> <span class='ocrx_word' id='word_1_808' title='bbox 1093 5698 1179 5753; x_wconf 85' lang='grc'>12.</span> 
     </span>
    </p>
   </div>
   <div class='ocr_carea' id='block_1_107' title="bbox 2078 4699 3739 4778">
    <p class='ocr_par' dir='ltr' id='par_1_107' title="bbox 2078 4699 3739 4778">
     <span class='ocr_line' id='line_1_107' title="bbox 2078 4699 3739 4778; baseline -0.001 -22"><span class='ocrx_word' id='word_1_809' title='bbox 2078 4707 2185 4756; x_wconf 91' lang='grc' dir='ltr'>τῶν</span> <span class='ocrx_word' id='word_1_810' title='bbox 2217 4710 2318 4771; x_wconf 82' lang='grc' dir='ltr'>τῆς</span> <span class='ocrx_word' id='word_1_811' title='bbox 2374 4701 2575 4777; x_wconf 84' lang='grc' dir='ltr'>τέχνης</span> <span class='ocrx_word' id='word_1_812' title='bbox 2624 4700 2798 4778; x_wconf 88' lang='grc' dir='ltr'>ἔργων</span> <span class='ocrx_word' id='word_1_813' title='bbox 2847 4703 2882 4770; x_wconf 84' lang='grc' dir='ltr'>ἠ</span> <span class='ocrx_word' id='word_1_814' title='bbox 2932 4707 3032 4770; x_wconf 79' lang='grc' dir='ltr'>τῆς</span> <span class='ocrx_word' id='word_1_815' title='bbox 3063 4702 3329 4771; x_wconf 86' lang='grc' dir='ltr'>κινήσεως</span> <span class='ocrx_word' id='word_1_816' title='bbox 3367 4700 3515 4755; x_wconf 77' lang='grc' dir='ltr'>αἰτία</span> <span class='ocrx_word' id='word_1_817' title='bbox 3545 4699 3739 4771; x_wconf 72' lang='grc' dir='ltr'>ἔξωθὲν</span> 
     </span>
    </p>
   </div>
   <div class='ocr_carea' id='block_1_108' title="bbox 2080 4787 3738 4867">
    <p class='ocr_par' dir='ltr' id='par_1_108' title="bbox 2080 4787 3738 4867">
     <span class='ocr_line' id='line_1_108' title="bbox 2080 4787 3738 4867; baseline 0 -23"><span class='ocrx_word' id='word_1_818' title='bbox 2080 4791 2219 4845; x_wconf 79' lang='grc' dir='ltr'>ἐστιν</span> <span class='ocrx_word' id='word_1_819' title='bbox 2271 4791 2322 4845; x_wconf 82' lang='grc' dir='ltr'>ἐν</span> <span class='ocrx_word' id='word_1_820' title='bbox 2371 4796 2450 4864; x_wconf 80' lang='grc' dir='ltr'>τῷ</span> <span class='ocrx_word' id='word_1_821' title='bbox 2493 4790 2714 4867; x_wconf 80' lang='grc' dir='ltr'>τεχνίτῃ</span> <span class='ocrx_word' id='word_1_822' title='bbox 2762 4788 2914 4861; x_wconf 82' lang='grc' dir='ltr'>οῦσα,</span> <span class='ocrx_word' id='word_1_823' title='bbox 2967 4789 3056 4843; x_wconf 77' lang='grc' dir='ltr'>καὶ</span> <span class='ocrx_word' id='word_1_824' title='bbox 3107 4788 3157 4861; x_wconf 78' lang='grc' dir='ltr'>ἐξ</span> <span class='ocrx_word' id='word_1_825' title='bbox 3208 4787 3372 4843; x_wconf 82' lang='grc' dir='ltr'>αὐτοῦ</span> <span class='ocrx_word' id='word_1_826' title='bbox 3422 4788 3738 4866; x_wconf 81' lang='grc' dir='ltr'>ἐνεργοῦσα⁶</span> 
     </span>
    </p>
   </div>
   <div class='ocr_carea' id='block_1_109' title="bbox 2035 4873 3740 4958">
    <p class='ocr_par' dir='ltr' id='par_1_109' title="bbox 2035 4873 3740 4958">
     <span class='ocr_line' id='line_1_109' title="bbox 2035 4873 3740 4958; baseline -0.001 -24"><span class='ocrx_word' id='word_1_827' title='bbox 2035 4880 2169 4934; x_wconf 83' lang='grc' dir='ltr'>’ἐπὶ</span> <span class='ocrx_word' id='word_1_828' title='bbox 2219 4877 2276 4934; x_wconf 75' lang='grc' dir='ltr'>δὲ</span> <span class='ocrx_word' id='word_1_829' title='bbox 2329 4885 2435 4934; x_wconf 89' lang='grc' dir='ltr'>τῶν</span> <span class='ocrx_word' id='word_1_830' title='bbox 2489 4883 2726 4958; x_wconf 89' lang='grc' dir='ltr'>φυσικῶν</span> <span class='ocrx_word' id='word_1_831' title='bbox 2773 4877 2946 4954; x_wconf 80' lang='grc' dir='ltr'>ἔργων</span> <span class='ocrx_word' id='word_1_832' title='bbox 2997 4875 3206 4933; x_wconf 81' lang='grc' dir='ltr'>ἔνδοθεν</span> <span class='ocrx_word' id='word_1_833' title='bbox 3259 4873 3500 4957; x_wconf 87' lang='grc' dir='ltr'>ἔμφυτος</span> <span class='ocrx_word' id='word_1_834' title='bbox 3550 4878 3740 4942; x_wconf 83' lang='grc' dir='ltr'>αὐτοῖς</span> 
     </span>
    </p>
   </div>
   <div class='ocr_carea' id='block_1_110' title="bbox 2077 4964 3738 5045">
    <p class='ocr_par' dir='ltr' id='par_1_110' title="bbox 2077 4964 3738 5045">
     <span class='ocr_line' id='line_1_110' title="bbox 2077 4964 3738 5045; baseline -0.001 -22"><span class='ocrx_word' id='word_1_835' title='bbox 2077 4975 2196 5030; x_wconf 83' lang='grc' dir='ltr'>τοῖς</span> <span class='ocrx_word' id='word_1_836' title='bbox 2244 4967 2426 5044; x_wconf 80' lang='grc' dir='ltr'>ἔργοις</span> <span class='ocrx_word' id='word_1_837' title='bbox 2455 4975 2571 5030; x_wconf 84' lang='grc' dir='ltr'>τοῖς</span> <span class='ocrx_word' id='word_1_838' title='bbox 2623 4974 2892 5044; x_wconf 84' lang='grc' dir='ltr'>φυσικοῖς.</span> <span class='ocrx_word' id='word_1_839' title='bbox 2927 4967 3024 5021; x_wconf 82' lang='grc' dir='ltr'>Καὶ</span> <span class='ocrx_word' id='word_1_840' title='bbox 3074 4966 3253 5039; x_wconf 87' lang='grc' dir='ltr'>τούτῳ</span> <span class='ocrx_word' id='word_1_841' title='bbox 3295 4964 3534 5045; x_wconf 85' lang='grc' dir='ltr'>διαφέρει</span> <span class='ocrx_word' id='word_1_842' title='bbox 3566 4968 3738 5042; x_wconf 83' lang='grc' dir='ltr'>τέχνη</span> 
     </span>
    </p>
   </div>
   <div class='ocr_carea' id='block_1_111' title="bbox 2081 5056 3741 5134">
    <p class='ocr_par' dir='ltr' id='par_1_111' title="bbox 2081 5056 3741 5134">
     <span class='ocr_line' id='line_1_111' title="bbox 2081 5056 3741 5134; baseline -0.001 -22"><span class='ocrx_word' id='word_1_843' title='bbox 2081 5059 2168 5112; x_wconf 82' lang='grc' dir='ltr'>καὶ</span> <span class='ocrx_word' id='word_1_844' title='bbox 2219 5057 2396 5134; x_wconf 85' lang='grc' dir='ltr'>φύσις.</span> <span class='ocrx_word' id='word_1_845' title='bbox 2447 5061 2622 5112; x_wconf 91' lang='grc' dir='ltr'>Ταῦτα</span> <span class='ocrx_word' id='word_1_846' title='bbox 2674 5058 2767 5130; x_wconf 72' lang='grc' dir='ltr'>μὲν</span> <span class='ocrx_word' id='word_1_847' title='bbox 2821 5056 2957 5111; x_wconf 87' lang='grc' dir='ltr'>κατά</span> <span class='ocrx_word' id='word_1_848' title='bbox 3002 5057 3093 5111; x_wconf 87' lang='grc' dir='ltr'>τὸν</span> <span class='ocrx_word' id='word_1_849' title='bbox 3150 5057 3564 5130; x_wconf 82' lang='grc' dir='ltr'>Ἀριστοτέλους</span> <span class='ocrx_word' id='word_1_850' title='bbox 3617 5078 3741 5111; x_wconf 88' lang='grc' dir='ltr'>σκο-</span> 
     </span>
    </p>
   </div>
   <div class='ocr_carea' id='block_1_112' title="bbox 2081 5143 3356 5223">
    <p class='ocr_par' dir='ltr' id='par_1_112' title="bbox 2081 5143 3356 5223">
     <span class='ocr_line' id='line_1_112' title="bbox 2081 5143 3356 5223; baseline 0.002 -23"><span class='ocrx_word' id='word_1_851' title='bbox 2081 5147 2180 5200; x_wconf 89' lang='grc' dir='ltr'>πὸν</span> <span class='ocrx_word' id='word_1_852' title='bbox 2212 5147 2494 5220; x_wconf 79' lang='grc' dir='ltr'>τιθεμένου</span> <span class='ocrx_word' id='word_1_853' title='bbox 2523 5148 2622 5214; x_wconf 75' lang='grc' dir='ltr'>τήν</span> <span class='ocrx_word' id='word_1_854' title='bbox 2657 5146 2811 5223; x_wconf 83' lang='grc' dir='ltr'>φύσιν</span> <span class='ocrx_word' id='word_1_855' title='bbox 2847 5143 3015 5200; x_wconf 56' lang='grc' dir='ltr'>αἰτιον</span> <span class='ocrx_word' id='word_1_856' title='bbox 3046 5145 3356 5216; x_wconf 87' lang='grc' dir='ltr'>ποιητικόν.</span> 
     </span>
    </p>
   </div>
   <div class='ocr_carea' id='block_1_113' title="bbox 2150 5410 3733 5491">
    <p class='ocr_par' dir='ltr' id='par_1_113' title="bbox 2150 5410 3733 5491">
     <span class='ocr_line' id='line_1_113' title="bbox 2185 5412 3351 5436; baseline 0 -5"><span class='ocrx_word' id='word_1_857' title='bbox 2185 5417 2194 5431; x_wconf 68' lang='grc' dir='ltr'><em>ι</em></span> <span class='ocrx_word' id='word_1_858' title='bbox 2287 5415 2300 5436; x_wconf 73' lang='grc'><strong>,</strong></span> <span class='ocrx_word' id='word_1_859' title='bbox 2357 5413 2379 5431; x_wconf 59' lang='grc' dir='ltr'>η</span> <span class='ocrx_word' id='word_1_860' title='bbox 2555 5419 2576 5429; x_wconf 59' lang='grc' dir='ltr'>ν</span> <span class='ocrx_word' id='word_1_861' title='bbox 2926 5412 2946 5434; x_wconf 70' lang='grc' dir='ltr'>,ι</span> <span class='ocrx_word' id='word_1_862' title='bbox 3215 5413 3228 5432; x_wconf 63' lang='lat'>.</span> <span class='ocrx_word' id='word_1_863' title='bbox 3339 5412 3351 5431; x_wconf 75' lang='grc' dir='ltr'><em>ν</em></span> 
     </span>
     <span class='ocr_line' id='line_1_114' title="bbox 2150 5410 3733 5491; baseline 0 -23"><span class='ocrx_word' id='word_1_864' title='bbox 2150 5420 2302 5490; x_wconf 82' lang='grc' dir='ltr'>γ.Ει</span> <span class='ocrx_word' id='word_1_865' title='bbox 2353 5416 2410 5469; x_wconf 73' lang='grc' dir='ltr'>οὲ</span> <span class='ocrx_word' id='word_1_866' title='bbox 2456 5434 2696 5489; x_wconf 84' lang='grc' dir='ltr'>κρειττον</span> <span class='ocrx_word' id='word_1_867' title='bbox 2750 5415 2778 5467; x_wconf 87' lang='grc' dir='ltr'>ὁ</span> <span class='ocrx_word' id='word_1_868' title='bbox 2829 5410 3058 5468; x_wconf 90' lang='grc' dir='ltr'>Πλατων</span> <span class='ocrx_word' id='word_1_869' title='bbox 3106 5433 3230 5487; x_wconf 87' lang='grc' dir='ltr'>περι</span> <span class='ocrx_word' id='word_1_870' title='bbox 3259 5433 3466 5468; x_wconf 89' lang='grc' dir='ltr'>τουτων</span> <span class='ocrx_word' id='word_1_871' title='bbox 3501 5411 3733 5491; x_wconf 85' lang='grc' dir='ltr'>φιλοσο-</span> 
     </span>
    </p>
   </div>
   <div class='ocr_carea' id='block_1_114' title="bbox 2083 5500 3734 5583">
    <p class='ocr_par' dir='ltr' id='par_1_114' title="bbox 2083 5500 3734 5583">
     <span class='ocr_line' id='line_1_115' title="bbox 2083 5500 3734 5583; baseline 0 -25"><span class='ocrx_word' id='word_1_872' title='bbox 2083 5509 2191 5583; x_wconf 80' lang='grc' dir='ltr'>φεῖ,</span> <span class='ocrx_word' id='word_1_873' title='bbox 2223 5505 2313 5558; x_wconf 84' lang='grc' dir='ltr'>τὸν</span> <span class='ocrx_word' id='word_1_874' title='bbox 2347 5505 2722 5580; x_wconf 85' lang='grc' dir='ltr'>ἀρχικώτατον</span> <span class='ocrx_word' id='word_1_875' title='bbox 2750 5509 2872 5559; x_wconf 90' lang='grc' dir='ltr'>νοῦν</span> <span class='ocrx_word' id='word_1_876' title='bbox 2926 5500 3094 5558; x_wconf 47' lang='grc' dir='ltr'>αἴτιον</span> <span class='ocrx_word' id='word_1_877' title='bbox 3146 5502 3433 5573; x_wconf 85' lang='grc' dir='ltr'>ποιητικὸν</span> <span class='ocrx_word' id='word_1_878' title='bbox 3481 5503 3734 5558; x_wconf 82' lang='grc' dir='ltr'>ἁπάντων</span> 
     </span>
    </p>
   </div>
  </div>
