4094 6432
319 439 474 503 1097

1652 434 1998 503 ΕΡΙΤΟΜΕ
2042 438 2407 503 PHYSICA.

3577 444 3604 500 1
3616 443 3736 503 098

315 570 773 648 ἀποφαινόμενος,
852 569 1137 647 ὀργανικὸν
1218 568 1308 625 καὶ
1363 571 1462 640 τὴν
1531 569 1686 648 φύσιν
1747 568 1920 626 αἴτιον
1953 616 1967 641 ,

2085 575 2445 645 pronuntiat,
2507 590 2575 629 ex
2633 573 2837 628 eadem
2898 572 3271 644 proportione
3327 573 3540 629 volenti
3600 591 3731 646 per-

318 658 492 716 ei'toov
535 661 824 732 συναίτιον,
880 660 940 716 ἐκ
975 667 1074 731 τῆς
1122 659 1289 729 αὐτῆς
1344 659 1632 736 ἀναλογίας
1682 659 1848 732 ἔξεστι
1891 665 1971 733 τῷ

321 748 645 825 βουλομένῳ
673 754 974 806 κατανοεῖν.
1006 751 1124 803 Ὅτι
1178 750 1271 820 μὲν
1316 746 1406 803 οῦν
1437 749 1500 802 τὸ
1549 755 1768 826 φυσικὸν
1811 753 1971 822 σῶμα

315 840 406 894 καὶ
457 837 594 909 ὕλην
646 835 762 915 ἕχει
821 837 912 893 καὶ
964 835 1106 900 εἶδος
1160 837 1243 908 (ἐκ
1285 836 1491 892 τούτων
1545 838 1691 914 γὰρ),
1742 837 1831 892 καὶ
1885 836 1967 891 ὅτι

315 925 564 1004 γενητὸν,
593 927 683 982 καὶ
735 924 825 982 διὰ
870 930 1031 982 τοῦτο
1079 927 1290 998 κίνησιν
1338 921 1453 1002 ἔχει
1483 927 1583 996 τήν
1626 925 1713 980 ἐπὶ
1742 924 1967 1002 γένεσιν,

313 1016 404 1072 καὶ
453 1017 560 1089 πρὸ
605 1017 822 1071 πάντων
871 1015 935 1070 τὸ
984 1022 1088 1085 τῆς
1137 1017 1404 1085 κινήσεως
1459 1011 1630 1070 αἷίτιον
1681 1017 1968 1088 (κινήσεως

229 1131 232 1134 ’
313 1105 415 1182 γὰρ
463 1102 652 1177 οῦσης,
698 1106 916 1166 πάντως
966 1102 1076 1159 ἔστι
1127 1126 1180 1158 τι
1227 1104 1291 1158 τὸ
1338 1105 1583 1176 κινοῦν),
1625 1107 1793 1157 ταῦτα
1838 1108 1967 1157 πᾶσι

313 1199 434 1256 τοῖς
460 1192 630 1270 λόγου
664 1192 986 1269 μετέχουσιν
1032 1190 1417 1268 ὡμολόγηται.
1451 1191 1637 1247 Τοίνυν
1687 1191 1824 1247 κατὰ
1867 1192 1967 1259 τὴν

315 1282 726 1360 προειρημένην
776 1279 1068 1350 ἀναλογίαν
1118 1279 1451 1358 ἁναλογείτω
1507 1281 1600 1353 μὲν
1653 1284 1732 1352 τῷ
1774 1277 1970 1356 χαλκῷ

316 1376 397 1444 τῷ
455 1367 678 1444 δυνάμει
747 1368 1020 1446 ἀνδριάντι
1073 1373 1108 1440 ἡ
1169 1371 1362 1444 πρώτη
1420 1369 1509 1425 καὶ
1567 1367 1802 1432 ἀνείδεος
1860 1366 1966 1438 ὕλη

313 1461 404 1516 καὶ
465 1461 734 1538 ἄμορφος,
791 1462 826 1529 ἡ
885 1459 1045 1533 μόνον
1097 1457 1301 1535 ἔχουσα
1344 1460 1407 1514 τὸ
1456 1456 1699 1532 δυνάμει,
1730 1455 1902 1532 ἤγουν
1932 1459 1967 1527 ἡ

317 1546 449 1604 οὖσα
479 1544 703 1621 δυνάμει
734 1547 904 1602 πάντα
949 1547 1016 1601 τά
1065 1547 1282 1625 φυσικὰ,
1329 1547 1521 1602 ταυτὸν
1569 1544 1613 1601 δ’
1664 1546 1854 1615 εἰπεῖν,
1904 1547 1971 1600 τὰ

316 1637 634 1711 σωματικά.
689 1639 784 1708 Τῷ
833 1633 962 1690 εἷ’δει
1011 1633 1067 1689 δὲ
1120 1640 1218 1690 τοῦ
1275 1633 1586 1712 ἀνδριάντος
1637 1636 1699 1689 τὸ
1747 1635 1967 1713 φυσικὸν

317 1722 459 1788 εἶδος
509 1725 574 1780 τὸ
619 1727 718 1794 τῆς
772 1721 912 1795 ὕλης
967 1723 1312 1801 μορφωτικόν
1348 1743 1361 1756 ’
1412 1726 1447 1794 ἡ
1500 1721 1557 1779 δὲ
1603 1727 1700 1778 τοῦ
1745 1721 1967 1797 δυνάμει

317 1815 593 1891 ἐνέργεια,
653 1810 821 1889 ἤγουν
878 1814 913 1882 ἠ
987 1813 1201 1884 κίνησις
1255 1813 1370 1868 καθ’
1427 1814 1494 1882 ἣν
1559 1811 1852 1888 ἐνεργεῖται
1905 1811 1968 1866 τὸ

316 1900 542 1976 δυνάμει
591 1901 966 1978 προαγόμενον
1027 1901 1103 1964 εἲς
1157 1902 1220 1956 τὸ
1278 1899 1534 1977 ἐνεργείᾳ,
1585 1904 1654 1974 τῇ
1699 1905 1795 1954 τοῦ
1825 1899 1967 1976 χαλ-

313 1997 413 2048 κοῦ
442 1992 577 2068 πρὸς
604 1990 668 2046 τὸ
718 1987 1304 2063 ἀνδριαντοποιηθῆναι
1353 1993 1561 2060 κινήσει
1606 1989 1967 2064 ἀναλογείτω,

314 2087 382 2157 τῇ
429 2079 693 2151 διαλύσει,
740 2085 809 2155 τῇ
861 2079 1169 2148 διαπλάσει,
1216 2083 1284 2154 τῇ
1331 2077 1579 2150 διαξέσει.
1631 2080 1775 2134 Κατὰ
1803 2083 1969 2134 ταῦτα

313 2172 414 2248 γὰρ
473 2172 502 2226 ὁ
560 2167 784 2243 δυνάμει
843 2167 1082 2244 ἀνδριὰς,
1140 2167 1309 2245 ⁹ἤγουν
1366 2170 1394 2223 ὁ
1451 2167 1683 2245 χαλκὸς.
1740 2174 1970 2223 κινεῖται

315 2261 453 2336 πρὸς
503 2259 567 2314 τὸ
610 2258 855 2334 γενέσθαι
903 2263 972 2331 τῇ
1023 2257 1266 2333 ἐνεργείᾳ
1313 2255 1550 2333 ἀνδριάς.
1592 2258 1662 2312 Τὸ
1712 2254 1756 2312 δ’
1797 2254 1966 2310 αἶ’τιον

313 2351 412 2418 τῆς
469 2349 733 2419 κινήσεως
791 2351 860 2421 τῇ
913 2345 1038 2421 ὕλῃ,
1096 2348 1214 2410 καθ’
1272 2347 1332 2416 ἢν
1382 2345 1594 2417 κίνησιν
1643 2346 1706 2400 τὸ
1743 2343 1967 2418 δυνάμει

315 2436 482 2506 αὐτῆς
537 2435 854 2511 ἐνεργεῖται,
911 2434 1157 2491 τουτέστι
1211 2435 1331 2499 καθ’
1384 2436 1445 2504 ἣν
1495 2434 1710 2506 κίνησιν
1765 2433 1825 2488 ἐκ
1870 2438 1968 2488 τοῦ

315 2523 536 2599 δυνάμει
570 2524 701 2579 εἶναι
751 2529 910 2598 σῶμα
959 2525 1181 2601 φυσικὸν
1228 2525 1263 2594 ἡ
1297 2521 1402 2594 ὕλη
1459 2523 1756 2599 προάγεται
1805 2523 1879 2585 είς
1905 2523 1968 2578 τὸ

315 2612 555 2691 ἐνεργείᾳ
584 2614 714 2668 εἶναι
763 2617 922 2686 σῶμα
969 2614 1188 2691 φυσικὸν
1240 2617 1420 2687 (τοῦτο
1470 2609 1528 2667 δὲ
1554 2614 1616 2667 τὸ
1666 2610 1836 2667 αἷίτιον
1866 2613 1966 2681 τήν

314 2703 468 2782 φύσιν
528 2701 830 2779 ἐλέγομεν),
888 2701 1227 2777 ἀναλογείτω
1280 2706 1346 2776 τῇ
1415 2699 1967 2778 ἀνδριαντοποιητικῇ

313 2793 502 2868 τέχνῃ.
549 2796 637 2863 Τῷ
682 2787 1110 2866 ἀνδριαντοποιῷ
1155 2795 1282 2866 γοῦν
1337 2790 1484 2862 αὐτῷ
1531 2794 1611 2862 τῷ
1658 2789 1878 2865 τεχνίτῃ
1915 2788 1969 2844 τί

313 2881 378 2936 τὸ
426 2878 748 2954 ἀναλογοῦν,
797 2879 833 2948 ἢ
885 2878 1100 2940 πάντως
1145 2879 1173 2932 6
1220 2882 1438 2955 πρῶτος
1483 2878 1573 2932 καὶ
1622 2877 1836 2948 ἀληθὴς
1881 2898 1968 2932 τε-

317 2968 516 3046 χνίτης
560 2973 650 3024 καὶ
701 2965 1054 3044 δημιουργὸς,
1105 2966 1165 3030 ὅς
1214 2966 1353 3022 ἐστιν
1405 2968 1430 3020 6
1485 2966 1614 3030 Θεός
1666 2985 1679 3036 ;
1737 2965 1967 3021 Δυνατὸν

319 3056 411 3114 οὖν
441 3059 541 3128 τήν
583 3056 787 3133 τέχνην
845 3055 996 3118 ἐκτὸς
1043 3057 1176 3110 εἶναι
1223 3060 1320 3111 τοῦ
1369 3055 1622 3131 τεχνίτου
1658 3074 1670 3124 ;
1705 3054 1802 3109 Καὶ
1850 3059 1968 3117 πῶς

318 3143 463 3203 ἔσται
487 3146 744 3224 τεχνίτης
779 3143 934 3208 οὗτος
961 3146 1060 3215 τήν
1101 3145 1302 3220 τέχνην
1357 3144 1456 3199 οὐκ
1485 3143 1628 3220 ἔχων
1661 3150 1712 3199 εν
1746 3145 1920 3216 ἑαυτῷ
1953 3163 1966 3214 ;

317 3238 387 3293 Ἦ
440 3236 568 3314 γοῦν
629 3234 684 3290 οῗ
735 3239 804 3309 τῇ
851 3235 1021 3310 τέχνῃ
1067 3234 1166 3302 τὴν
1222 3233 1376 3312 φύσιν
1430 3233 1730 3303 εἰκάζοντες
1765 3230 1969 3288 δώσου-

2080 663 2304 733 spicere
2335 662 2484 717 licet.
2519 663 2680 726 Quod
2717 662 2896 733 igitur
2928 662 3198 717 naturale
3240 680 3452 734 corpus
3502 670 3559 719 et
3607 682 3729 719 ma-

2080 751 2286 806 teriam
2339 755 2395 806 et
2439 751 2686 806 formam
2719 750 2932 806 habeat
2965 754 3057 822 (ex
3105 751 3199 806 his
3250 752 3406 806 enim
3458 755 3726 824 constat),

2080 841 2356 911 quodque
2387 847 2728 912 generatum
2769 841 2865 910 sit,
2899 846 2956 896 et
3002 841 3157 912 quod
3209 847 3434 895 motum
3469 843 3614 896 101
3653 843 3723 896 ad

2079 929 2513 1000 generationem
2539 929 2772 998 habeat,
2796 933 2852 983 et
2880 933 3016 984 ante
3047 929 3245 984 omnia
3269 935 3462 986 motus
3487 947 3725 985 causam

2079 1016 2317 1088 (quippe
2366 1018 2414 1071 si
2467 1023 2664 1072 motus
2715 1018 2811 1084 sit,
2845 1017 3086 1072 omnino
3136 1018 3438 1089 quippiam
3487 1035 3729 1075 movens

2079 1122 2207 1162 esse
2239 1123 2475 1161 necesse
2516 1111 2668 1176 est);
2725 1105 2847 1161 haec
2895 1106 3048 1178 apud
3095 1123 3300 1162 omnes
3331 1107 3552 1163 ratione
3583 1125 3727 1179 prae-

2079 1194 2232 1249 ditos
2263 1194 2322 1248 in
2354 1194 2619 1249 confesso
2649 1197 2810 1249 sunt.
2835 1195 3198 1266 Quapropter
3225 1195 3548 1249 secundum
3583 1211 3726 1266 prm-

2079 1283 2295 1338 dictam
2327 1283 2760 1356 proportionem
2793 1282 2891 1337 aari
2935 1283 3089 1354 quod
3140 1288 3426 1354 potestate
3475 1289 3564 1339 est
3611 1288 3728 1340 sta-

2077 1375 2200 1443 tua,
2231 1371 2419 1444 prima
2449 1377 2507 1426 et
2537 1371 2750 1444 speciei
2781 1387 3006 1444 expers,
3041 1376 3100 1426 et
3149 1371 3419 1427 informis
3460 1373 3729 1445 materia,

2079 1476 2208 1532 qum
2239 1460 2346 1516 hoc
2375 1465 2606 1516 tantum
2639 1459 2834 1527 habet,
2869 1465 2934 1514 ut
2981 1464 3265 1532 potestate
3297 1460 3409 1529 sit;
3460 1461 3570 1516 hoc
3616 1465 3727 1531 est,

2079 1565 2207 1620 quis
2237 1553 2519 1622 potestate
2572 1553 2661 1604 est
2708 1565 2799 1604 res
2847 1549 3040 1605 omnis
3090 1549 3375 1604 naturalis
3422 1549 3540 1606 sive
3571 1553 3728 1622 quod

2077 1639 2232 1694 idem
2265 1638 2421 1693 dictu
2455 1642 2563 1704 est,
2597 1655 2769 1693 omne
2799 1654 3036 1710 corpus,
3069 1637 3441 1709 proportione
3485 1655 3726 1712 respon-

2079 1727 2212 1783 deat
2243 1744 2254 1781 :
2289 1731 2348 1782 at
2378 1728 2574 1782 formas
2607 1731 2811 1783 statuae
2842 1727 3030 1782 forma
3060 1725 3348 1782 naturalis
3379 1744 3506 1798 quas
3542 1735 3725 1784 mate-

2077 1818 2225 1872 riam
2260 1815 2552 1872 informat.
2578 1815 2708 1870 Jam
2739 1831 2873 1870 vero
2905 1818 3072 1870 actus
3101 1815 3230 1885 ejus
3257 1816 3412 1887 quod
3444 1821 3730 1888 potestate

2078 1908 2186 1976 est,
2220 1904 2329 1960 hoc
2358 1909 2466 1970 est,
2501 1907 2694 1959 motus
2726 1920 2840 1976 quo
2871 1904 3124 1959 efﬁcitur
3164 1903 3223 1959 id
3264 1905 3419 1976 quod
3452 1921 3521 1960 ex
3564 1911 3724 1977 pote-

2079 1998 2228 2050 state
2260 2011 2388 2049 esse
2417 1994 2488 2048 ad
2523 1998 2655 2049 actu
2682 2010 2810 2048 esse
2840 1995 3182 2065 producitur
3217 2011 3228 2048 :
3272 1993 3403 2048 tBI‘lS
3435 1993 3622 2049 motui
3653 1996 3726 2050 ad

2081 2083 2187 2138 hoc
2237 2086 2302 2137 ut
2352 2089 2546 2137 statua
2597 2081 2960 2148 conficiatur,
3014 2082 3121 2138 hoc
3171 2087 3277 2153 est,
3329 2083 3725 2154 dissolutioni,

2080 2172 2379 2237 efﬁctioni,
2409 2171 2749 2243 expolitioni
2781 2170 3082 2242 analogice
3114 2173 3480 2242 respondeat.
3517 2173 3732 2228 Secun-

2079 2262 2221 2316 dum
2255 2261 2363 2315 hoc
2411 2261 2568 2315 enim
2617 2260 2674 2313 id
2733 2261 2889 2331 quod
2933 2265 3219 2330 potestate
3249 2265 3338 2315 est
3367 2265 3583 2329 statua,
3620 2261 3731 2317 hoc

2079 2354 2168 2405 est
2197 2367 2293 2416 aes,
2328 2350 2399 2405 ad
2449 2349 2506 2404 id
2559 2353 2827 2404 movetur
2875 2355 2940 2402 ut
2987 2354 3118 2404 actu
3166 2350 3270 2403 ﬁat
3314 2353 3528 2404 statua.
3565 2351 3728 2414 Quod

2079 2438 2333 2509 denique
2363 2437 2618 2492 materiae
2649 2453 2828 2493 causa
2857 2442 3053 2492 motus
3083 2443 3193 2505 est,
3218 2455 3333 2510 quo
3367 2443 3527 2494 motu
3559 2439 3631 2494 ab
3663 2457 3730 2496 eo

2080 2527 2237 2598 quod
2269 2530 2554 2598 potestate
2585 2529 2674 2580 est
2702 2542 2914 2597 corpus
2945 2525 3211 2581 naturale
3240 2528 3313 2582 ad
3343 2526 3453 2582 hoc
3491 2532 3556 2582 ut
3595 2533 3729 2584 actu

2078 2615 2156 2670 sit
2177 2632 2386 2685 corpus
2407 2614 2694 2682 naturale,
2721 2614 2967 2670 materia
2990 2615 3336 2686 producitur
3359 2616 3544 2687 (atqui
3576 2617 3730 2672 hanc

2078 2719 2339 2769 causam,
2367 2708 2638 2758 naturam
2663 2703 3048 2774 dicebamus),
3073 2705 3374 2759 statuariaa
3395 2706 3501 2759 arti
3525 2707 3727 2761 eadem

2078 2793 2452 2864 proportione
2486 2793 2851 2863 respondeat.
2877 2793 3169 2848 Statuario
3202 2794 3384 2866 igitur
3413 2795 3524 2866 ipsi
3557 2801 3613 2850 et
3643 2813 3732 2851 ar-

2077 2882 2219 2938 tiﬁci
2253 2882 2392 2954 quid
2442 2887 2532 2937 est
2579 2882 2732 2953 quod
2769 2883 2922 2938 102
2957 2883 3328 2954 proportione
3360 2885 3730 2958 respondeat,

2079 2988 2257 3043 quam
2289 2971 2525 3026 omnino
2558 2971 2786 3042 primus
2829 2971 2928 3026 ille
2981 2976 3035 3025 et
3083 2988 3255 3026 verus
3309 2973 3514 3030 artifex
3552 2979 3731 3046 atque

2078 3061 2344 3115 conditor
2396 3061 2496 3132 qui
2543 3066 2633 3115 est
2680 3061 2879 3114 Deus?
2924 3060 3146 3116 Fierine
3195 3061 3374 3132 igitur
3421 3068 3628 3132 potest,
3663 3069 3730 3118 ut

2079 3165 2174 3204 ars
2205 3149 2281 3204 sit
2309 3153 2469 3203 extra
2499 3149 2779 3203 artificem
2808 3153 2832 3204 Ρ
2880 3151 2948 3204 Ει
2996 3167 3111 3221 quo
3150 3150 3385 3205 tandem
3430 3153 3603 3207 modo
3633 3152 3728 3208 hic

2079 3237 2188 3293 erit
2217 3238 2440 3304 artifex,
2473 3237 2573 3308 qui
2606 3241 2790 3293 artem
2822 3236 2883 3292 in
2914 3254 2976 3293 se
3015 3255 3131 3293 non
3163 3239 3421 3294 habeat?
3465 3241 3572 3305 Qui
3618 3241 3730 3314 igi-

319 3347 400 3381 σιν
434 3309 570 3380 εἶναι
615 3326 714 3394 τήν
762 3309 1113 3403 φύσινηπαρὰ
1310 3326 1425 3395 Θεῷ
1467 3323 1557 3377 καὶ
1607 3326 1741 3378 Θεοῦ
1781 3321 1968 3400 σοφίαν

2084 3330 2181 3381 tur
2230 3327 2338 3381 arti
2391 3330 2660 3382 naturam
2712 3332 3077 3397 comparant,
3109 3333 3210 3383 aut
3259 3334 3529 3384 naturam
3577 3309 3732 3402 apud

317 3413 409 3470 καὶ
462 3417 656 3490 γνῶσιν
709 3411 910 3484 ταύτην
964 3409 1306 3484 καλέσουσιν,
1366 3412 1400 3481 ἢ
1463 3412 1514 3466 οἱ
1574 3410 1824 3488 λέγοντες
1872 3411 1972 3480 τήν

321 3503 477 3583 φύσιν
525 3501 848 3580 ἐνυπάρχειν
895 3506 1016 3564 τοῖς
1066 3506 1312 3579 φυσικοῖς
1357 3501 1474 3572 τὸν,
1526 3501 1653 3556 Θεὸν
1703 3507 1806 3570 τῆς
1861 3501 1977 3556 ἑαυ-

319 3596 416 3648 τοῦ
474 3591 665 3670 σοφίας
721 3590 812 3646 καὶ
872 3590 1125 3666 γνώσεως
1185 3588 1639 3664 ἀλλοτριώσουσι.
1699 3589 1787 3660 Μή
1845 3610 1978 3644 ποτε

322 3685 453 3757 γοῦν
489 3726 504 3753 ,
564 3679 784 3756 ἐπείπερ
839 3677 890 3734 ἐν
959 3684 1080 3741 ταῖς
1149 3679 1370 3754 τέχναις
1440 3678 1530 3734 καὶ
1588 3673 1789 3755 ὄργανά
1844 3678 1974 3733 εἰσιν

325 3770 646 3847 ὑπουργικά,
712 3767 926 3845 βέλτιον
973 3767 1140 3824 εἷπεῖν
1192 3769 1293 3838 τήν
1353 3766 1508 3846 φύσιν
1563 3767 1774 3844 ὀργάνῳ
1835 3766 1976 3840 μᾶλ-

327 3859 423 3916 λον
481 3856 763 3935 ἀναλογεῖν
832 3857 948 3930 θείᾳ
1006 3856 1147 3933 ῥοπῇ
1207 3856 1530 3930 κινουμένην
1564 3904 1576 3928 ,
1637 3856 1727 3911 καὶ
1779 3853 1981 3912 ἄλλοτε

327 3946 515 4011 ἄλλως
565 3948 634 4002 τὰ
690 3946 888 4026 φυσικᾶ
966 3946 1388 4020 μετατιθεμένην
1442 3945 1531 4001 καὶ
1594 3946 1928 4020 μετατρὲπου
1959 3979 1981 3988 -

328 4059 444 4108 σαν,
507 4038 591 4099 οἷς
650 4037 678 4091 6
737 4033 1074 4112 δημιουργὸς
1126 4034 1404 4090 ἐπίσταται
1461 4032 1653 4110 λόγοις
1706 4034 1842 4090 κατὰ⁴
1877 4036 1977 4104 τὴν

328 4125 564 4205 ἔμφυτον
617 4123 781 4180 αὐτοῦ
840 4123 1028 4204 σοφίαν
1088 4123 1178 4178 καὶ
1233 4121 1614 4194 ἀκατάληπτον
1649 4168 1662 4195 ,
1719 4125 1820 4192 τήν
1874 4128 1982 4177 τῶν

327 4215 470 4272 ὅλων
528 4215 822 4286 ποιητικὴν
881 4215 971 4269 καὶ
1028 4214 1344 4284 συνεκτικὴν
1404 4212 1493 4268 καὶ
1551 4206 1979 4285 διακυϐερνητι-

325 4309 452 4377 κήν.

402 4481 465 4542 δ’.
497 4488 738 4539 Τοσαῦτα
766 4481 857 4539 καὶ
900 4481 1024 4559 περὶ
1076 4480 1310 4561 φύσεως,
1353 4477 1477 4550 ἤτις
1509 4478 1673 4550 ἐστὶν,
1724 4479 1798 4542 ὡς
1831 4477 1981 4556 εἶ’ρη-

328 4593 438 4643 ται,
487 4578 606 4636 τοῖς
670 4574 762 4646 μὲν
820 4569 1162 4646 κινουμένοις
1224 4569 1429 4644 μόνον,
1491 4570 1635 4646 ἀρχὴ
1694 4573 1983 4640 κινήσεως,

2085 3415 2270 3470 Deum
2302 3432 2431 3470 esse
2461 3415 2804 3487 concedent,
2828 3414 3046 3486 Deique
3075 3415 3424 3488 sapientiam
3457 3423 3514 3473 et
3543 3419 3738 3490 cogni-

2085 3503 2303 3559 tionem
2335 3521 2463 3560 eam
2496 3503 2877 3576 appellabunt
2910 3521 2922 3557 :
2957 3509 3058 3560 aut
3087 3506 3135 3560 si
3169 3511 3441 3562 naturam
3471 3506 3530 3562 in
3564 3508 3739 3565 rebus

2088 3593 2458 3649 naturalibus
2487 3593 2681 3648 inesse
2708 3593 2924 3662 dicent,
2953 3594 3140 3650 Deum
3168 3612 3200 3650 a
3231 3612 3339 3651 sua
3369 3595 3654 3667 sapientia
3683 3602 3742 3652 et

2087 3682 2417 3755 cognitione
2447 3682 2845 3738 removebunt.
2876 3682 3154 3755 Nunquid
3185 3683 3364 3756 igitur
3394 3701 3528 3740 cum
3563 3686 3621 3740 in
3655 3703 3744 3741 ar-

2091 3772 2246 3828 tibus
2296 3770 2471 3827 etiam
2522 3771 2920 3827 instrumenta
2961 3773 3310 3829 administra
3355 3774 3494 3844 sint,
3529 3774 3742 3831 melius

2089 3861 2199 3917 erit
2228 3861 2441 3928 dicere,
2476 3866 2745 3915 naturam
2780 3877 2914 3916 cum
2947 3861 3339 3916 instrumento
3385 3861 3582 3934 potius
3630 3862 3739 3918 ha-

2089 3951 2224 4005 bere
2254 3949 2711 4021 proportionem,
2746 3965 2872 4020 quae
2917 3949 3110 4004 divino
3144 3953 3288 4004 nutu
3323 3955 3647 4018 moveatur,
3681 3956 3742 4007 et

2091 4039 2235 4094 alias
2266 4037 2380 4094 alio
2412 4038 2584 4092 modo
2615 4054 2708 4092 res
2739 4037 3035 4094 naturales
3065 4041 3412 4111 transponat
3449 4043 3506 4094 et
3547 4040 3738 4096 inver-

2088 4130 2196 4190 tat,
2219 4124 2546 4180 rationibus
2579 4123 2860 4180 nimirum
2891 4125 2988 4190 iis,
3011 4142 3158 4196 quas
3190 4126 3314 4198 ipse
3339 4129 3605 4182 conditor
3634 4145 3738 4200 pro

2091 4231 2199 4270 sua
2229 4212 2341 4268 sibi
2391 4212 2567 4268 insita
2608 4216 2666 4267 et
2711 4213 2979 4268 omnium
3011 4213 3319 4270 hominum
3352 4216 3742 4288 comprehen-

2091 4303 2318 4358 sionem
2377 4301 2689 4372 eﬁ‘ugiente
2747 4302 3053 4374 sapientia,
3116 4321 3229 4375 qua
3288 4305 3561 4361 universa
3621 4305 3743 4361 haec

2091 4391 2291 4457 efﬁcit,
2325 4395 2522 4445 tuetur
2550 4394 2606 4444 et
2635 4392 2944 4462 gubernat,
2976 4393 3240 4465 cognitas
3272 4393 3446 4450 habet
3469 4395 3496 4448 ‘?

2165 4481 2218 4534 4.
2253 4480 2320 4535 Et
2349 4479 2469 4534 hac
2501 4480 2672 4534 etiam
2707 4481 2778 4535 de
2809 4486 3038 4551 natura,
3073 4499 3222 4553 quae,
3256 4487 3322 4538 ut
3351 4483 3598 4556 dictum,
3628 4483 3747 4541 illis

2094 4587 2222 4642 quae
2271 4569 2555 4624 duntaxat
2602 4573 2930 4636 moventur,
2966 4571 3321 4642 principium
3377 4579 3618 4629 motus:
3675 4573 3748 4630 iis

329 4666 448 4725 τοῖς
506 4659 564 4716 δὲ
615 4661 955 4735 κινουμένοις
1004 4659 1094 4715 καὶ
1152 4660 1473 4735 ἠρεμοῦσιν,
1526 4658 1671 4734 ἀρχὴ
1719 4659 1972 4729 κινήσεως

2097 4676 2225 4731 qua;
2257 4661 2563 4713 moventur
2592 4662 2650 4712 et
2679 4657 3007 4727 quiescunt,
3035 4665 3230 4715 motus
3260 4666 3317 4716 et
3346 4661 3560 4732 quietis
3596 4661 3750 4733 prin-

331 4751 422 4806 καὶ
478 4749 733 4828 ἠρεμίας,
793 4751 940 4826 ἀρχὴ
999 4748 1087 4805 καὶ
1146 4747 1293 4803 αἶ’τία
1347 4748 1650 4824 προσεχής*
1713 4747 1774 4801 τὸ
1819 4751 1985 4801 κινεῖν

335 4834 537 4914 ἔχουσα
583 4838 675 4894 καὶ
725 4839 1007 4915 ἠρεμίζειν
1051 4838 1120 4893 τὰ
1171 4837 1274 4891 ὑπὸ
1323 4839 1423 4907 τὴν
1452 4832 1721 4908 αἴσθησιν,
1760 4833 1990 4890 τοιῶσδέ

334 4948 452 4990 πως
493 4925 740 4997 ἕκαστον,
788 4927 925 4984 κατά
969 4929 1070 4997 τήν
1117 4930 1291 4982 νεῦσιν
1332 4930 1429 4981 τοῦ
1480 4924 1649 4998 μόνου
1698 4928 1867 5003 σοφοῦ
1898 4925 1990 5001 ἁρ-

334 5016 651 5092 χιτέκτονος
679 5015 768 5071 καὶ
799 5014 1116 5071 πανταιτίου
1144 5017 1298 5070 Θεοῦ.

2097 4747 2338 4819 cipium,
2366 4745 2720 4817 principium
2742 4745 2985 4817 inquam
3012 4756 3068 4802 et
3098 4765 3274 4804 causa
3306 4751 3605 4820 proxima:
3641 4750 3750 4805 hoc

2098 4837 2343 4903 habens,
2379 4839 2443 4889 ut
2473 4841 2719 4898 moveat,
2752 4841 2808 4891 et
2857 4837 2928 4890 ad
2973 4838 3229 4907 quietem
3260 4839 3412 4894 103
3446 4839 3746 4910 perducat,

2097 4944 2167 4983 ea
2214 4943 2340 4996 quae
2389 4925 2499 4980 sub
2549 4942 2790 4980 sensum
2842 4927 3080 4990 cadunt,
3111 4931 3266 4982 certo
3312 4928 3546 4998 singula
3578 4929 3750 4984 modo

2100 5032 2203 5088 pro
2255 5015 2432 5069 unius
2479 5013 2640 5068 illius
2689 5015 2973 5085 sapientis
3016 5016 3317 5071 architecti
3364 5017 3752 5088 omniumque

2100 5121 2296 5160 rerum
2329 5104 2584 5159 auctoris
2617 5103 2718 5159 Dei
2750 5109 2897 5159 nutu
2939 5110 2994 5160 et
3023 5105 3284 5160 arbitrio.

1605 5318 1986 5382 SYNOPSIS
2032 5321 2125 5381 CA
2137 5319 2336 5380 PITIS
2381 5319 2460 5378 IX
2477 5364 2492 5390 ,

1504 5430 1662 5483 QUOD
1707 5432 1816 5477 EST
1857 5433 1936 5476 DE
1977 5433 2125 5479 LOCO
2168 5433 2247 5477 ET
2286 5433 2592 5478 TEMPORE.

342 5530 401 5590 1.
434 5528 500 5590 Ε
501 5547 539 5590 a
569 5546 700 5609 qua
728 5535 884 5594 sunt,
917 5523 1368 5606 quadrifariam
1397 5519 1633 5590 dividit,
1671 5527 1732 5582 tn
1775 5532 2283 5609 mot_us,_m_otuum
2310 5523 2640 5603 principia,
2674 5543 2899 5609 eaquae
2931 5536 3254 5598 moventur,
3289 5537 3345 5588 et
3390 5527 3640 5607 denique
3694 5546 3765 5588 ea

422 5626 555 5692 qum
573 5603 719 5669 sunt
747 5603 955 5668 Ιιονιιηῖι
981 5615 1186 5692 grana
1205 5622 1231 5680 ,°
1259 5612 1315 5662 et
1340 5611 1635 5692 praeterea
1659 5606 1957 5692 emporia,
1983 5603 2116 5692 lori,
2149 5613 2358 5671 motus,
2403 5612 2462 5692 et
2505 5603 2796 5692 temporis
2835 5617 3096 5692 mutuam
3128 5609 3318 5682 σχέσιν
3351 5628 3451 5668 seu
3493 5603 3762 5686 affectio-

423 5681 557 5751 nem
582 5689 889 5771 proponit.
923 5681 1003 5733 -ἔ
1033 5690 1092 5746 2.
1129 5681 1352 5771 Locum
1377 5681 1656 5771 describit
1680 5681 2210 5771 etidescrzptionem
2230 5681 2691 5771 parun/tragice
2719 5686 3003 5771 captet-at,
3036 5697 3104 5771 et,
3135 5681 3331 5771 primo
3368 5681 3557 5771 genus
3571 5707 3770 5771 quare

425 5763 767 5855 superﬁcies
796 5768 1032 5830 dicatur
1055 5763 1298 5849 probat,
1319 5771 1376 5826 et
1400 5763 1862 5848 participatione
1888 5763 2069 5830 locati
2086 5763 2546 5828 dimensioaibus
2575 5763 2966 5849 longitudinis
2996 5779 3052 5830 et
3083 5763 3421 5832 [cite'tudt'nl's
3442 5763 3768 5848 subjectum

632 5904 899 5970 ΡΑτειοι.
949 5903 1060 5968 Gn.
1107 5898 1342 5978 CXLII.

3409 5907 3485 5969 35
