4094 6422
322 370 350 427 1
361 367 478 429 099

1563 363 1988 427 NICEPHORI
2032 335 2473 429 BLEMMIDtE

3578 360 3747 443 uno

402 518 516 561 esse
545 506 857 570 monstrat,
890 500 1032 579 quia
1058 500 1343 559 nimirum
1370 506 1454 559 est
1478 498 1837 578 superﬁcies.
1871 531 1950 579 5—-
1979 500 2041 579 3.
2078 498 2376 579 Exempla
2409 497 2524 558 loci
2547 504 2816 579 recenset,
2850 506 2907 558 et
2936 495 2999 557 in
3036 494 3235 577 primo
3265 513 3377 579 per
3403 496 3747 579 occupatio-

401 600 530 641 nem
561 579 744 640 dituit
761 576 1138 659 objectionem
1173 582 1437 658 tacitam,
1463 590 1518 640 et
1548 576 1613 638 in
1642 576 1832 640 altero
1863 577 2204 638 divisionem
2231 576 2348 638 loci
2375 580 2433 639 in
2464 577 2947 638 universaliorem
2975 584 3032 636 et
3047 576 3601 659 particulariorem,
3626 577 3750 637 sive

405 661 673 721 latiorem
704 668 759 719 et
788 655 1185 739 angustiorem
1220 655 1505 722 insinuat.
1539 694 1615 703 —
1642 662 1703 718 4.
1744 659 1958 719 Locum
1983 659 2385 739 pmpinquum
2416 659 2527 739 qui
2547 659 2723 719 etiam
2752 676 2943 739 magis
2979 655 3267 739 proprius
3293 664 3395 739 _est
3441 655 3743 739 declarat,

402 751 457 801 et
483 742 785 819 geminum
812 735 942 817 efus
971 739 1241 820 ofﬁcium
1270 740 1537 821 exponit,
1563 740 1856 821 continere
1883 749 1941 798 et
1966 735 2255 818 suscipere
2286 735 2561 821 locatum.
2585 772 2664 783 —
2689 740 2750 798 5.
2783 735 3011 798 Relicta
3040 737 3152 821 Izac
3181 735 3253 796 de
3281 735 3404 821 loco
3431 737 3742 821 sententia,

404 815 744 902 quinetiam
774 815 1240 902 Aristotelisest,
1274 815 1585 901 propriam
1627 820 1807 902 a/I‘ert
1850 815 2217 902 sententiam,
2250 828 2331 902 et,
2356 818 2543 880 locum
2590 837 2708 902 non
2758 827 2991 879 tantum
3030 818 3238 902 primo
3285 815 3500 902 deﬁnit
3526 826 3595 902 _et
3630 834 3750 902 pro

406 895 636 981 duplici
696 907 851 961 104
898 900 1041 960 situs
1090 895 1447 979 diﬂ‘erentia,
1477 895 1795 981 essentialts
1840 910 1896 958 et
1946 900 2275 969 adventitti,
2311 901 2371 981 in
2424 899 2752 981 naturalem
2801 909 2875 981 et
2905 895 3323 958 accidentalem
3352 895 3605 981 dividit,
3638 896 3747 957 sed

405 977 582 1042 etiam
606 1000 717 1061 pro
746 980 1070 1040 essentialis
1098 977 1243 1039 situs
1275 982 1604 1041 variatione
1635 980 1821 1039 locum
1850 978 2437 1061 quoque_naturalem
2467 978 2812 1061 subdividit,
2849 979 2912 1037 in
2956 997 3087 1061 eum
3133 995 3307 1058 quem
3349 977 3625 1057 quaslibet
3654 996 3751 1037 res

407 1061 583 1122 liabet
607 1058 677 1119 ut
706 1070 889 1120 totum
915 1080 1033 1142 per,
1049 1080 1108 1119 se
1136 1073 1396 1142 accepta,
1430 1071 1485 1121 et
1516 1063 1577 1119 in
1605 1079 1732 1119 eum
1778 1058 1948 1140 quem
1976 1058 2166 1142 :liabet
2217 1069 2281 1119 ut
2321 1079 2467 1141 pars
2513 1060 2781 1142 universi
2805 1058 3192 1142 considerata.
3228 1076 3399 1142 quem
3430 1068 3758 1142 utrumque

408 1152 676 1220 exempto
708 1149 880 1201 terrae
909 1138 1195 1212 declarat,
1228 1138 1284 1201 et
1324 1142 1670 1221 posterioris
1699 1138 1875 1200 etiam
1926 1139 2041 1198 vim
2088 1138 2425 1200 naturalem
2451 1140 2717 1221 exponit.
2752 1173 2829 1184 ——
2856 1143 2918 1221 6.
2954 1138 3183 1221 Locum
3220 1139 3372 1197 hunc
3421 1158 3593 1219 quem
3648 1139 3759 1221 ille

410 1216 712 1299 intelligit,
742 1230 921 1299 negat
949 1223 1212 1301 corporis
1244 1216 1593 1281 continentis
1621 1221 2053 1301 extremitatem
2083 1239 2219 1287 esse,
2255 1229 2309 1279 et
2353 1216 2616 1280 eumdem
2660 1237 2697 1279 a
2742 1238 2808 1278 re
2838 1217 3290 1301 inseparabilem
3319 1216 3441 1278 esse
3464 1216 3745 1289 ostendit,

408 1321 540 1381 cum
568 1298 798 1381 quidem
820 1298 1238 1361 Aristotelicus
1272 1301 1428 1361 locus
1455 1302 1534 1360 sit
1558 1299 1927 1381 separabilis,
1964 1308 2029 1359 ut
2058 1319 2137 1381 ex
2162 1301 2484 1360 locatorum
2513 1318 2824 1381 corporum
2853 1298 3240 1358 translatione
3272 1308 3439 1381 patet
3463 1317 3514 1381 ,ογ
3538 1308 3594 1358 et
3638 1317 3760 1375 per

415 1378 658 1455 udptcila
689 1382 893 1460 infert,
926 1400 1056 1461 quae
1082 1391 1387 1442 moventur
1416 1378 1698 1461 localiter,
1729 1380 1954 1461 partim
2003 1381 2066 1461 in
2113 1378 2259 1461 loco,
2291 1381 2516 1461 partim
2547 1378 2665 1439 non
2706 1379 2767 1438 in
2797 1378 2920 1461 loco
2949 1397 3087 1438 esse.
3120 1411 3199 1422 -—
3227 1378 3294 1461 '7.
3319 1378 3540 1461 Aperit
3577 1397 3760 1461 quem

410 1480 596 1542 supra
622 1456 825 1541 nempe
852 1456 1109 1542 membro
1138 1463 1343 1540 quinto
1370 1481 1480 1542 per
1507 1456 1775 1542 accidens
1808 1459 1994 1542 locum
2024 1458 2269 1542 dixerit,
2291 1456 2523 1521 scilicet
2553 1458 3041 1542 Aristotelicum;
3068 1477 3239 1539 quem
3267 1456 3402 1519 item
3450 1456 3542 1525 ibi
3571 1456 3756 1542 iitum

412 1539 796 1603 adventitium
824 1539 1173 1621 appellarit.
1206 1576 1283 1588 —
1312 1539 1381 1602 8.
1406 1541 1821 1679 Del/initionem
1870 1539 1984 1599 loci
2026 1539 2276 1601 alteram
2323 1559 2455 1621 quae
2496 1549 2601 1613 est,
2635 1558 2907 1600 mensura
2951 1541 3101 1598 situs
3140 1557 3346 1598 eorum
3385 1556 3514 1619 quae
3562 1540 3763 1619 posita

412 1632 569 1679 sunt.
603 1622 1016 1679 commendat:
1044 1621 1205 1679 auod
1228 1640 1451 1679 omnem
1510 1640 1675 1679 acum
1704 1619 2177 1679 comprehendat.
2206 1639 2339 1679 cum
2386 1640 2519 1679 eum
2564 1620 2675 1679 aui
2715 1630 2797 1679 est
2844 1621 2903 1679 in
2933 1617 3302 1679 corporibus.
3337 1627 3459 1679 tum
3487 1637 3620 1679 eum
3651 1618 3763 1679 aui

412 1632 569 1694 sunt,
603 1617 1016 1694 commendat;
1044 1621 1205 1701 quod
1228 1640 1451 1683 omnem
1484 1617 1675 1681 locum
1704 1619 2177 1702 comprehendat,
2206 1617 2349 1681 cuni
2386 1640 2519 1681 eum
2564 1620 2675 1702 qui
2715 1630 2797 1680 est
2844 1621 2903 1702 in
2933 1617 3318 1702 corporibus,
3337 1617 3459 1702 tum
3487 1617 3620 1702 eum
3651 1618 3769 1700 qui

416 1712 497 1764 est
525 1704 588 1761 in
618 1704 997 1783 incorporeas,
1031 1697 1099 1761 ut
1126 1702 1303 1763 etiam
1333 1703 1395 1761 in
1424 1702 1683 1763 numeris
1702 1721 1726 1777 ,'
1755 1697 1902 1783 quin
1942 1707 1999 1760 et
2038 1719 2404 1783 corporeum,
2431 1697 2589 1783 cum'
2618 1698 2975 1783 naturalem,
3014 1697 3136 1759 tum
3185 1697 3615 1783 accidentalem
3633 1697 3679 1776 ,⁵
3706 1706 3767 1760 et

416 1782 749 1864 naturalem
779 1777 1002 1842 iterum
1052 1791 1387 1864 utrumque.
1422 1785 1618 1864 Atque
1666 1777 2259 1864 ita—disputationem
2300 1780 2371 1841 de
2419 1781 2541 1841 loco
2586 1779 2903 1864 concludit.
2936 1783 3103 1864 —_9_.
3154 1777 3254 1864 {4d
3297 1777 3763 1864 disputationem

416 1860 644 1943 accedit
669 1862 739 1922 de
770 1870 1046 1942 tempore,
1075 1863 1235 1943 quod
1263 1857 1533 1943 primum
1564 1857 1907 1941 incomplete
1939 1880 2055 1941 per
2100 1879 2408 1921 numerum
2452 1869 2639 1921 motus
2694 1858 2964 1943 deﬁnit_;_
2980 1857 3202 1943 deinde
3243 1857 3555 1943 numerum
3601 1857 3768 1939 facit

418 1942 708 2022 duplicem
756 1938 1120 2003 numeratem
1176 1953 1233 2004 et
1263 1938 1673 2013 numeratum,
1708 1938 2014 2022 ipsumque
2046 1947 2219 2022 Δ1115
2252 1950 2656 2002 numerantem
2684 1938 3012 2022 subdividit
3038 1941 3103 1999 in
3132 1958 3264 1999 eum
3290 1940 3404 2020 qui
3425 1948 3511 2001 est
3548 1938 3764 2000 secun-

418 2019 555 2083 dum
586 2032 999 2102 quantitatem,
1032 2032 1085 2082 et
1113 2024 1173 2082 in
1201 2044 1331 2082 eum
1362 2025 1471 2104 qui
1493 2031 1573 2082 est
1601 2019 1927 2083 secundum
1944 2019 2232 2104 ordinem,
2268 2040 2353 2104 ac_
2368 2022 2618 2104 denique
2648 2020 2897 2080 ostendit
2925 2029 3145 2104 tempus
3187 2019 3495 2104 numerum
3543 2039 3669 2104 esse
3709 2027 3765 2082 et

420 2099 818 2163 numerantem
851 2111 903 2162 et
933 2114 1303 2163 numeratum
1325 2099 1478 2178 [sed
1503 2112 1870 2161 numeratum
1902 2102 2220 2161 secundum
2241 2099 2531 2182 ordinem,
2555 2100 2663 2162 hoc
2690 2111 2794 2175 est,
2821 2099 3137 2182 secundum
3160 2100 3332 2180 prius
3360 2109 3417 2160 et
3438 2099 3758 2182 posterius,

424 2183 599 2263 idque
630 2186 692 2243 in
723 2194 884 2242 motu
906 2184 1103 2263 primo
1152 2194 1211 2243 et
1246 2183 1508 2263 simplici
1530 2182 1835 2255 circulari,
1868 2182 2061 2262 qualis
2111 2191 2193 2242 est
2239 2181 2479 2263 caelestis
2526 2190 2714 2241 motus
2745 2198 2768 2239 .'
2817 2178 3104 2263 quomodo
3157 2178 3454 2263 temporis
3483 2179 3759 2263 deﬁnitio

422 2259 770 2343 completur.
804 2296 880 2306 —-
909 2259 1006 2323 10.
1045 2262 1304 2324 Ostendit
1333 2259 1558 2343 tempus
1600 2259 1939 2343 mensurare
1984 2271 2202 2343 motum
2249 2261 2627 2331 circularem,
2658 2259 2903 2342 eumque
2951 2259 3392 2333 caelestem,‘sed
3431 2259 3563 2340 per
3590 2259 3764 2320 illum

424 2342 620 2404 omnes
648 2342 800 2403 alios
828 2356 1016 2402 motus
1044 2363 1067 2404 .'
1115 2353 1172 2403 et
1197 2362 1313 2404 esse
1342 2342 1575 2423 quidem
1608 2352 1799 2423 motus
1827 2342 2141 2402 circularis
2170 2361 2480 2402 numerum
2533 2350 2653 2401 tum
2700 2348 3128 2423 numerantem,
3161 2350 3286 2400 tum
3331 2350 3709 2423 numeratum
3739 2359 3771 2417 ;

431 2424 535 2514 s_e_d
558 2432 1194 2514 ceterorummontum
1220 2419 1624 2514 numerantem
1653 2422 1968 2495 duntaxat,
2000 2441 2119 2482 non
2163 2423 2338 2514 etiam
2384 2433 2781 2514 numeratum.
2810 2420 2989 2514 'l/nde
3035 2422 3225 2514 infert
3259 2431 3494 2513 tempus
3541 2419 3764 2514 ubique

435 2505 587 2565 idem
615 2523 865 2594 esse._”—-
892 2506 957 2563 11
974 2503 1331 2594 .nllationem
1358 2504 1641 2594 assignat,
1671 2522 1857 2594 quare
1885 2502 2295 2594 tempusqutul
2317 2521 2457 2594 cum
2480 2512 2642 2594 motu
2671 2501 2865 2594 locali_
2880 2510 2971 2594 est
3009 2499 3344 2594 evidentius
3370 2499 3476 2594 sit
3495 2520 3563 2594 eo
3606 2499 3775 2582 quod

430 2594 511 2646 est
538 2603 667 2645 cum
692 2582 834 2665 aliis
862 2583 1152 2653 motibus;
1180 2594 1236 2645 et
1264 2584 1441 2665 quasi
1461 2580 1570 2665 per
1595 2580 2011 2665 correctionem
2034 2580 2274 2663 subjicit
2301 2581 2457 2643 illud
2485 2584 2676 2663 ipsum
2705 2580 2865 2662 quod
2889 2590 2973 2642 est
2999 2601 3129 2665 cum
3161 2580 3344 2643 locali
3356 2589 3519 2665 motu
3542 2580 3773 2659 tenipus

430 2666 609 2725 etiam
639 2663 785 2725 alios
814 2673 1001 2723 motus
1037 2661 1399 2725 mensurare.
1433 2661 1509 2710 ὲ-
1543 2668 1640 2725 12.
1694 2662 1922 2724 Probat
1968 2661 2187 2743 tempus
2232 2682 2347 2723 non
2397 2661 2621 2724 tantum
2662 2661 3083 2743 motuum,_sed
3126 2671 3305 2722 etiam
3347 2663 3609 2742 quietum
3653 2680 3774 2723 esse

425 2763 780 2835 mensuram,
804 2743 918 2835 “ubi
944 2745 1619 2835 etiamduplicemjacit
1645 2753 1889 2835 motum,
1914 2741 2098 2835 unum
2128 2744 2238 2823 qui
2258 2743 2453 2835 quieti
2468 2745 2807 2835 opponitur,
2833 2752 2892 2835 et
2912 2741 3166 2835 alterum
3186 2761 3290 2822 qui
3318 2741 3498 2835 etiam
3515 2742 3775 2835 quietem.

425 2825 885 2906 comprehendit,
917 2835 969 2884 et
998 2820 1248 2905 denique
1277 2820 1672 2906 deﬁnitionem
1706 2824 1982 2906 temporis
2025 2820 2239 2906 novam
2262 2820 2553 2903 subiicit.—
2582 2858 2659 2868 —
2692 2824 2790 2884 13.
2823 2822 3061 2900 [ndicat
3106 2820 3294 2906 quare
3342 2820 3566 2902 tempus
3609 2820 3777 2903 quod

423 2915 508 2967 est
535 2901 821 2985 continua
855 2901 1160 2985 quantitas
1190 2901 1467 2965 numerus
1495 2905 1755 2977 dicatur,
1790 2904 1895 2964 ubi
1916 2902 2166 2964 ostendit
2194 2901 2532 2984 ipsumnon
2567 2912 2798 2963 tantum
2837 2901 3148 2964 numerum
3192 2901 3294 2963 sed
3335 2912 3391 2963 et
3434 2901 3776 2985 mensuram

419 3005 537 3047 esse
559 2982 948 3067 unerindefut
972 2993 1027 3045 et
1056 3005 1333 3046 numerus
1361 2988 1473 3067 qui
1495 2996 1553 3045 et
1582 2986 1702 3065 ipse
1731 2994 1812 3067 est
1843 3003 1925 3067 ex
1945 2982 2520 3067 quatuor'mensuris
2551 2990 2716 3067 10¢
2744 3002 2891 3067 quas
2916 2992 3227 3067 enumerat
3263 2991 3319 3043 et
3364 2982 3651 3067 explicat.
3686 3016 3770 3067 τ·-

425 3070 524 3127 14.
546 3061 811 3146 Tempus
841 3065 899 3124 in
924 3068 1296 3146 praeteritum
1332 3061 1388 3125 εἰ
1433 3061 1703 3145 futurum
1726 3061 1973 3146 dividit,—
2019 3073 2075 3124 et
2101 3061 2163 3115 τὸ
2192 3083 2348 3146 nunc
2388 3084 2499 3146 per
2542 3063 2704 3146 quod
2747 3061 2957 3146 divisio
3003 3062 3078 3146 ﬁt
3126 3063 3402 3146 temporis
3438 3061 3769 3146 analogicis

426 3141 713 3237 declarat,
747 3155 800 3237 et
833 3141 1055 3237 tempus
1081 3165 1196 3237 esse
1225 3141 1537 3237 neq-uti.—
1562 3150 1670 3236 _15.
1704 3145 1904 3226 Ipsum
1935 3146 2125 3237 etiam
2151 3141 2215 3236 τὸ
2244 3141 2401 3237 nunc
2428 3141 2645 3237 dividit
2674 3144 2736 3203 in
2766 3142 2831 3237 id
2873 3141 3036 3225 quod
3070 3141 3269 3237 primo
3316 3152 3370 3203 et
3414 3162 3527 3235 per
3557 3141 3778 3237 'se'hita

428 3227 671 3298 dicitur,
710 3234 764 3286 et
787 3223 1050 3306 partium
1079 3235 1257 3307 atque
1287 3226 1592 3286 divisionis
1621 3223 1835 3306 expers
1864 3233 1945 3284 est
1971 3244 1995 3299 ,'
2043 3233 2102 3307 et
2130 3225 2220 3307 Ain,
2258 3224 2325 3285 id
2369 3223 2532 3305 quod
2578 3233 2842 3305 respectu
2881 3223 3189 3307 praesentis
3220 3227 3501 3307 temporis
3528 3223 3773 3299 dicitur,

430 3325 501 3368 ac
529 3302 807 3387 temporis
830 3324 977 3386 pars
1005 3314 1087 3367 est
1112 3302 1267 3374 {ubi
1292 3308 1467 3367 etiam
1490 3302 1748 3386 prasens
1778 3313 2002 3384 tempus
2031 3303 2262 3384 deﬁnit,
2300 3313 2357 3365 et
2374 3302 2579 3386 'ipsum
2610 3302 2841 3386 quoque
2871 3302 3032 3366 nunc
3063 3302 3190 3366 dici
3211 3302 3486 3366 ostendit.

992 3463 1227 3520 CAPUT
1266 3463 1357 3520 IX.

876 3558 958 3609 De
987 3553 1103 3609 loco
1135 3556 1185 3608 et
1215 3557 1473 3625 tempore.

422 3643 475 3696 1.
510 3642 724 3697 Eorum
756 3658 884 3713 quae
917 3645 1078 3711 sunt,
1110 3642 1224 3697 alia
1273 3646 1470 3698 motus
1520 3645 1678 3713 sunt,
1712 3645 1777 3696 ut
1822 3657 2001 3714 gene-

347 3730 601 3786 rationes
648 3735 705 3786 et
758 3731 1155 3797 alterationes,
1199 3735 1256 3786 et
1308 3730 1546 3804 reliquae
1597 3730 1997 3787 mutationes:

345 3819 462 3875 alia
490 3823 685 3875 autem
717 3824 986 3875 motuum
1018 3818 1332 3893 principia,
1360 3824 1425 3875 ut
1452 3818 1729 3892 primario
1760 3819 1998 3891 quidem

345 3913 499 3964 Deus
528 3908 647 3980 (hic
676 3907 834 3964 enim
873 3925 1111 3964 summa
1155 3913 1211 3963 et
1260 3908 1549 3980 praecipue
1579 3908 1772 3964 omnis
1804 3911 1999 3963 motus

346 4013 526 4054 causa
545 3997 689 4069 est);
713 4001 1137 4069 consequenter
1156 4002 1355 4052 autem
1377 3998 1576 4053 anima
1598 4014 1726 4069 qua:
1748 3997 2001 4069 ipsemet

345 4104 380 4143 a
418 4103 482 4143 se
511 4090 704 4142 movet
732 4086 832 4142 illa
863 4103 988 4158 quae
1020 4085 1207 4157 ipsius
1237 4091 1379 4141 sunt
1409 4085 1751 4158 participia;
1785 4102 1851 4141 ac
1884 4089 1997 4141 ter-

344 4175 427 4231 tio
458 4176 696 4231 demum
731 4174 854 4230 loco
886 4179 1116 4243 natura,
1146 4191 1273 4246 qua
1304 4174 1456 4230 hanc
1488 4174 1875 4247 aptitudinem
1909 4191 1996 4230 re-

344 4264 458 4320 bus
488 4263 858 4320 naturalibus
887 4264 1073 4333 ati‘ert,
1110 4267 1173 4318 ut
1220 4279 1322 4335 per
1370 4279 1431 4319 se
1480 4267 1845 4330 moveantur,
1878 4279 1995 4319 non

343 4353 482 4409 item
529 4370 599 4409 ex
645 4368 726 4409 se.
769 4356 917 4408 Nam
970 4352 1079 4407 hoc
1134 4351 1481 4407 animalium
1531 4355 1621 4408 est
1669 4352 1992 4423 proprium.

343 4443 514 4515 Ergo,
545 4441 810 4514 inquam,
851 4458 1055 4496 eorum
1105 4457 1228 4511 quae
1278 4446 1417 4495 sunt
1467 4439 1580 4495 alia
1628 4444 1849 4507 motus,
1880 4441 1997 4496 alia

342 4535 612 4587 motuum
660 4534 797 4587 sunt
846 4529 1177 4602 principia;
1222 4529 1337 4585 alia
1388 4546 1518 4601 qua
1569 4534 1893 4598 moventur,
1929 4534 1996 4585 ut

340 4636 585 4693 corpora
610 4619 760 4693 ipsa,
794 4636 927 4675 cum
957 4617 1251 4691 simplicia
1282 4622 1411 4673 tum
1459 4618 1785 4691 composita
1813 4636 1826 4687 ;
1878 4619 1994 4675 alia

340 4709 593 4781 denique
621 4725 824 4764 eorum
856 4707 1038 4779 gratia
1073 4724 1199 4779 quae
1246 4712 1575 4778 moventur,
1610 4711 1675 4761 ut
1722 4706 1886 4763 locus
1936 4712 1994 4763 et

2029 3475 2085 3539 A

2756 3466 3016 3519 ΚΕΦΑΛ.
3058 3462 3133 3519 8'.

2576 3551 2708 3628 Περὶ
2739 3550 2913 3608 τόπου
2944 3549 3035 3606 καὶ
3074 3550 3302 3627 χρόνου.

2184 3641 2247 3696 α’.
2299 3644 2412 3694 Τῶν
2466 3634 2635 3695 ὄντων
2680 3638 2749 3695 τὰ
2801 3639 2896 3714 μὲν
2949 3641 3210 3713 κινήσεις,
3260 3639 3337 3704 ὡς
3382 3638 3638 3716 γενὲσεις,
3685 3639 3782 3697 καὶ

2110 3725 2462 3802 ἀλλοιώσεις,
2512 3728 2603 3784 καὶ
2649 3729 2704 3784 αἱ
2755 3726 2951 3784 λοιπαὶ
3003 3723 3334 3803 μεταϐολαὶ,
3377 3728 3445 3784 τά
3497 3726 3558 3786 δὲ
3606 3728 3781 3806 ἀρχαὶ

2108 3820 2373 3888 κινήσεων
2407 3839 2419 3852 ·
2492 3817 2566 3881 ὠς
2623 3817 3058 3895 προηγουμένως
3138 3818 3231 3893 μὲν
3293 3819 3322 3874 ὁ
3376 3819 3508 3881 Θεὸς
3541 3865 3556 3892 ,
3616 3816 3784 3883 circa;

2106 3906 2206 3983 γάρ
2257 3905 2365 3961 ἐστι
2416 3907 2511 3980 (τὸ
2558 3911 2819 3983 πρῶτον)
2868 3906 2958 3963 καὶ
3012 3907 3355 3984 ἀρχιώτατον
3407 3904 3583 3963 αἶ’τιον
3635 3909 3778 3973 ἀπά-

2107 4015 2205 4065 σης
2231 3996 2498 4066 κινήσεως
2535 4018 2547 4029 ·
2602 3994 2882 4069 ἑπομένως
2939 3992 2995 4051 δὲ
3044 3997 3078 4066 ἠ
3130 3998 3309 4072 ψυχὴ,
3358 3995 3494 4066 αὐτὴ
3526 3996 3614 4075 ὑφ’
3647 3996 3778 4052 ἐαυ-

2104 4089 2205 4153 τῆς
2253 4089 2478 4139 κινοῦσα
2525 4084 2594 4140 τὰ
2636 4085 2842 4155 ταύτης
2898 4084 3199 4161 μετέχοντα
3231 4104 3244 4118 ·
3300 4086 3438 4141 κατὰ
3476 4085 3663 4163 τρίτον
3717 4083 3781 4143 δὶ

2105 4171 2267 4248 λόγον
2300 4174 2330 4243 ἠ
2364 4172 2520 4250 φύσις
2571 4171 2954 4245 ἐπιτηδειότης
3010 4172 3144 4228 οὖσα
3189 4179 3305 4237 τοῖς
3355 4181 3605 4253 φυσικοῖς
3633 4175 3778 4252 πρὸς

2102 4262 2165 4317 τὸ
2192 4267 2453 4327 κινεῖσθαι
2499 4262 2587 4340 ἀφ’
2637 4264 2861 4335 ἑαυτῶν,
2913 4262 2975 4317 οὐ
3030 4264 3140 4336 μὴν
3189 4263 3277 4342 ὑφ’
3325 4264 3549 4319 ἑαυτῶν.
3596 4268 3774 4323 Τοῦτο

2103 4352 2207 4426 γὰρ
2249 4348 2394 4406 ’ἰδιον
2444 4355 2551 4406 τῶν
2603 4351 2779 4420 ζώων.
2828 4350 2904 4406 Τὰ
2949 4352 3043 4424 μὲν
3097 4349 3190 4406 οὖν
3234 4356 3341 4407 τῶν
3393 4346 3564 4408 ὅντων
3610 4354 3775 4424 κινή-

2103 4461 2211 4502 σεις
2266 4439 2388 4512 εἶσὶ,
2446 4441 2513 4495 τὰ
2570 4437 2629 4495 δὲ
2687 4439 2854 4517 ἀρχαὶ
2898 4441 3188 4514 κινήσεων,
3236 4442 3306 4497 τὰ
3352 4439 3410 4497 δὲ
3447 4441 3768 4516 κιονύμενα,

2103 4529 2176 4591 ὡς
2222 4530 2290 4584 τὰ
2332 4529 2578 4603 σώματα,
2627 4530 2695 4583 τά
2740 4550 2801 4585 τε
2849 4528 2999 4586 ἁπλᾶ
3042 4529 3134 4584 καὶ
3181 4529 3250 4585 τὰ
3298 4528 3559 4587 σύνθετα·
3588 4531 3658 4585 τὰ
3686 4527 3769 4603 δὲ,

2103 4615 2192 4673 διὰ
2218 4617 2285 4673 τὰ
2312 4616 2625 4691 κινούμενα,
2678 4617 2754 4681 ὡς
2800 4617 2969 4680 τόπος
3017 4616 3107 4675 καί
3156 4617 3379 4695 χρόνος.
3424 4619 3497 4674 Τὸ
3545 4619 3638 4694 μὲν
3673 4616 3768 4676 οὖν

2102 4711 2262 4780 σῶμα
2292 4707 2343 4762 ἐν
2375 4706 2531 4780 τόπῳ
2562 4706 2726 4777 ἐστὶν,
2758 4708 2793 4777 ἡ
2829 4704 2888 4762 δὲ
2933 4707 3149 4780 κίνησις
3179 4707 3232 4764 ἐν
3259 4713 3338 4781 τῷ
3379 4709 3615 4783 σώματι·
3648 4709 3677 4765 6
3711 4706 3771 4767 δὲ

337 4797 821 4870 tempus.Corpus
845 4796 1025 4869 igitur
1046 4796 1283 4869 quidem
1314 4796 1372 4850 in
1406 4795 1553 4866 loco,
1577 4800 1770 4851 motus
1794 4801 1989 4852 autem

337 4886 393 4912 ε..
443 4903 675 4912 mnu.-.“
737 4891 787 4912 ..ι
820 4887 967 4912 ιιηη
1006 4890 1240 4912 tam“..-
1276 4884 1526 4912 ,ξπ-,επηη
1574 4884 1628 4912 ε..
1686 4889 1844 4912 υκαι..
1881 4890 1964 4912 ,και

2108 4796 2301 4873 χρόνος
2335 4796 2386 4852 ἐν
2417 4800 2487 4872 τῇ
2517 4799 2749 4868 κινήσει.

337 4886 398 4942 in
440 4903 699 4959 corpore,
735 4891 791 4942 et
820 4887 967 4941 107
1006 4890 1243 4956 tempus
1274 4884 1529 4956 denique
1574 4884 1633 4938 in
1686 4889 1845 4939 motu
1879 4890 1988 4940 est.

408 4979 462 5031 2.
502 4976 567 5030 Et
598 4974 760 5031 locus
788 4976 830 5009 ¹⁵
877 4975 1111 5046 quidem
1144 4978 1231 5028 est
1273 4972 1625 5028 continentis
1684 4973 1991 5045 [corporis]

343 5065 682 5120 extremitas
714 5063 1034 5118 immobilis
1067 5080 1181 5133 qua
1211 5064 1468 5116 continet
1510 5061 1567 5115 id
1619 5062 1771 5132 quod
1806 5063 1988 5117 conti-

342 5157 517 5207 netur
549 5153 592 5187 ¹⁶
626 5168 637 5206 :
691 5151 799 5206 hoc
829 5157 936 5218 est,
970 5167 1087 5222 qua
1118 5150 1173 5204 id
1206 5150 1360 5221 quod
1394 5149 1727 5205 continetur
1756 5167 1888 5205 cum
1923 5167 1989 5206 eo

342 5241 496 5312 quod
543 5239 802 5295 continet
850 5244 1181 5295 contactum
1232 5238 1426 5293 habet.
1480 5237 1987 5317 Quemadmodum

339 5330 495 5384 enim
529 5345 629 5383 vas
662 5329 816 5401 quod
859 5327 1022 5384 locus
1062 5329 1163 5400 qui
1194 5328 1499 5383 transferri
1533 5333 1724 5399 potest
1753 5328 1984 5396 dicitur,

337 5435 454 5473 non
486 5418 680 5488 ipsum
712 5422 901 5473 totum
937 5419 1065 5488 ejus
1097 5418 1249 5488 quod
1283 5416 1617 5472 continetur
1659 5416 1824 5472 locus
1875 5424 1984 5485 est,

334 5507 434 5562 sed
469 5510 700 5562 interna
728 5507 856 5577 ejus
886 5524 1141 5562 concava
1170 5505 1513 5579 superficies
1553 5522 1671 5577 qua
1719 5505 1780 5560 id
1829 5508 1985 5578 quod

332 5594 661 5650 continetur
692 5596 925 5668 attingit
960 5614 972 5651 :
1014 5596 1218 5652 eodem
1250 5596 1423 5650 modo
1455 5594 1631 5650 etiam
1662 5593 1845 5658 locus,
1882 5596 1984 5668 qui

332 5701 433 5740 vas
456 5685 608 5755 quod
634 5684 939 5739 transferri
964 5701 1078 5740 non
1105 5685 1293 5755 possit
1324 5684 1563 5751 dicitur,
1584 5685 1754 5753 juxta
1785 5700 1987 5756 super-

333 5773 526 5829 ﬁciem
575 5789 691 5845 qua
745 5777 1017 5830 contenta
1048 5789 1292 5845 corpora
1322 5771 1577 5844 attingit,
1612 5771 1981 5846 intelligitur.

2179 4975 2242 5050 β’.
2277 4972 2376 5029 Καῖ
2422 4974 2590 5037 τόπος
2646 4974 2740 5047 μὲν
2783 4972 2892 5031 ἔστι
2942 4976 3005 5032 τὸ
3050 4996 3148 5031 του
3196 4976 3555 5052 περιέχοντος
3591 4977 3765 5054 πὲρας

2100 5063 2355 5132 ἀκίνητον
2403 5065 2519 5117 καθ’
2578 5064 2607 5117 ’ὸ
2656 5063 2902 5140 περιέχει
2945 5066 3007 5120 τὸ
3054 5065 3448 5142 περιεχόμενον
3489 5109 3504 5123 .
3555 5066 3760 5122 Ταυτὸν

2100 5149 2147 5206 δ’
2229 5151 2397 5206 εἰπεῖν
2500 5153 2616 5208 καθ’
2703 5152 2733 5207 ὃ
2836 5157 3042 5233 συναφή
3144 5153 3255 5209 ἐστι
3357 5156 3762 5232 περιεχομένου

2097 5238 2187 5292 καὶ
2246 5237 2603 5315 περιέχοντος
2637 5282 2651 5297 .
2711 5241 2800 5303 Ὡς
2874 5242 2977 5317 γὰρ
3051 5244 3114 5297 τὸ
3190 5242 3408 5319 ἀγγεῖον
3485 5244 3515 5299 ’ὁ
3588 5243 3764 5309 τόπος

2100 5325 2315 5402 λέγεται
2398 5329 2776 5406 μεταφορητὸς
2828 5373 2842 5399 ,
2922 5329 3022 5385 οὐκ
3098 5326 3209 5387 ἔστι
3291 5331 3507 5406 σύμπαν
3588 5333 3763 5399 τόπος

2094 5420 2191 5471 τοῦ
2240 5418 2662 5493 περιεχομένου,
2714 5416 2842 5473 ἀλλ’
2885 5420 2919 5490 ἠ
2973 5418 3122 5484 ἐντὸς
3170 5421 3334 5477 αὐτοῦ
3362 5419 3528 5494 κοίλη
3563 5421 3760 5503 ἐπιφά-

2094 5526 2226 5577 νεια,
2286 5507 2403 5561 καθ’
2462 5508 2531 5576 ἢν
2565 5512 2646 5580 τῷ
2690 5507 3071 5585 περιεχομένῳ
3129 5511 3469 5566 συνάπτεται·
3529 5512 3621 5567 τὸν
3667 5511 3764 5568 αὖ·

2093 5596 2184 5650 τὸν
2240 5595 2443 5668 τρόπον
2501 5597 2590 5651 καὶ
2652 5598 2681 5651 ὁ
2737 5597 2927 5671 τόπος,
2981 5599 3041 5661 ὃς
3074 5599 3286 5676 ἀγγεῖον
3342 5600 3765 5680 ἀμεταφόρητον

2094 5681 2360 5759 λέγεται,
2416 5686 2554 5740 κατὰ
2607 5687 2708 5756 τὴν
2787 5687 3095 5761 ἁπτομένην
3165 5691 3278 5743 τῶν
3344 5688 3759 5768 περιεχομένων

2093 5774 2360 5847 σωμάτων
2421 5772 2731 5855 ἐπιφάνειαν
2789 5781 3013 5835 νοεῖται.
3071 5775 3258 5836 Τοίνυν
3312 5779 3404 5837 καὶ
3459 5779 3756 5856 ἀσώματος

406 5889 447 5925 ³⁵
477 5888 510 5944 4
538 5886 711 5961 Pbys.
742 5904 793 5944 c.
825 5890 877 5960 4,
910 5892 951 5943 t.
987 5888 1075 5961 14,
1108 5892 1166 5944 et
1194 5905 1242 5944 ο.
1275 5889 1329 5960 6,
1360 5893 1403 5945 t.
1438 5888 1525 5947 41.
1605 5889 1648 5925 1⁸
1678 5889 1709 5944 4
1740 5888 1912 5965 Phys.
1950 5907 1991 5949 ο.

2117 5896 2160 5949 t.
2205 5893 2293 5963 17,
2336 5899 2394 5951 et
2432 5910 2482 5951 ο.
2514 5896 2569 5965 6,
2601 5899 2643 5952 t.
2675 5895 2779 5965 41;
2802 5896 2889 5954 42.
