4094 6432
391 423 544 486 1101
1718 421 2066 486 EPITOME
2111 426 2469 488 PHYSICA.
3649 435 3806 496 “02

391 557 420 610 6
464 554 632 617 τόπος
680 553 791 611 ἐστὶ
843 554 932 610 καὶ
992 553 1273 617 διαστατὸς
1341 555 1476 610 κατὰ
1540 555 1743 628 μέθεξιν
1818 560 1915 611 τοῦ
1986 555 2019 611 ἐ·

2155 559 2404 616 Proinde
2450 563 2489 595 ¹⁷
2537 561 2699 617 locus
2755 562 3016 634 corporis
3064 579 3268 635 expers
3327 568 3415 620 est
3473 568 3801 624 secundum

387 645 562 718 τόπῳ·
633 643 915 724 ἐπιφάνεια
988 643 1088 722 γάρ
1141 643 1316 700 ἐστιν·
1386 647 1422 714 ἡ
1492 641 1538 698 δ’
1602 643 1882 720 ἐπιφάνεια
1949 667 2017 699 κα

2152 649 2664 722 participationem
2697 651 2825 722 ejus
2857 653 3010 724 quod
3044 652 3100 706 in
3151 651 3276 708 loco
3306 657 3415 719 est,
3447 655 3800 712 dimensioni

392 734 682 807 ἀσώματος
717 734 949 810 ὑπάρχει
980 734 1071 789 καὶ
1117 733 1253 789 κατᾶ
1300 740 1476 807 μῆκος
1521 733 1612 788 καὶ
1660 733 1867 796 πλάτος
1922 730 2019 788 δια·

2151 738 2467 808 subjicitur
2499 757 2512 805 ;
2547 741 2763 811 quippe
2793 740 3133 812 superﬁcies
3164 745 3273 812 est,
3320 745 3659 814 superficies
3691 763 3798 800 au-

387 823 576 893 στατή.
2151 831 2267 882 tem
2305 833 2361 882 et
2392 844 2634 900 corpore
2663 835 2851 896 vacat,
2883 835 2940 884 et
2995 831 3320 886 secundum
3369 831 3797 904 longitudinem

2147 920 2204 970 et
2234 915 2607 972 latitudinem
2643 917 2995 974 dimensioni
3026 923 3115 974 est
3143 919 3413 975 obnoxia.

453 1039 522 1114 γ’.
570 1040 687 1092 Τῶν
759 1036 853 1108 μὲν
914 1032 1005 1091 οὗν
1074 1035 1223 1098 ἐντὸς
1312 1039 1408 1090 τοῦ
1474 1027 1705 1112 οὖρανοῦ
1767 1034 2034 1110 σωμάτων

384 1126 634 1182 ἀπάντων
682 1125 849 1188 τόπος
899 1125 1040 1180 ἐστὶν
1090 1127 1125 1195 ἡ
1169 1123 1334 1195 κοίλη
1407 1130 1502 1179 τοῦ
1561 1125 1789 1201 οὐρανοῦ
1847 1123 2037 1203 ἐπιφά-

381 1236 517 1271 νεια.
547 1215 615 1271 Εἴ
662 1216 766 1291 γὰρ
815 1214 905 1269 καὶ
953 1219 1178 1269 κινεῖται
1229 1214 1257 1267 ὁ
1303 1213 1530 1289 οὐρανὸς
1581 1215 1716 1268 κατὰ
1769 1214 1867 1282 τήν
1926 1218 2033 1268 τῶν

387 1304 594 1380 μορίων
653 1304 844 1383 φορὰν,
907 1301 1032 1358 ἀλλ’
1089 1299 1272 1380 ἕτερον
1316 1301 1518 1378 τρόπον
1580 1302 1832 1373 ἀκίνητός
1901 1302 2032 1373 ἐστι,

381 1393 516 1458 καθὸ
568 1393 646 1466 μὴ
699 1389 1059 1466 μεταλλάσσει
1108 1393 1272 1448 τόπον
1320 1391 1466 1454 ὅλως
1518 1393 1680 1465 ὁμοῦ.
1730 1393 1856 1447 Καθ’
1902 1390 2031 1447 ὅλον

386 1483 481 1557 μὲν
513 1481 606 1538 οὖν
639 1481 894 1554 ἀκίνητός
924 1481 1054 1537 ἐστι·
1107 1483 1245 1537 κατά
1280 1481 1418 1558 μέρη
1473 1479 1530 1536 δὲ
1575 1482 1794 1551 κινητός
1839 1503 1898 1537 τε
1943 1482 2032 1536 καὶ

381 1570 635 1642 ἀκίνητος
689 1571 779 1626 καὶ
839 1569 1216 1644 ὁμαλεστάτην
1273 1572 1374 1639 τὴν
1431 1570 1640 1640 κίνησιν
1707 1569 1797 1624 καί
1855 1571 2033 1646 ἄκρως

376 1660 709 1737 τεταγμένην
757 1659 1109 1732 ποιούμενος.
1147 1658 1384 1728 Πάλινή
1432 1659 1568 1714 κατὰ
1611 1659 1710 1727 τὴν
1759 1660 1896 1735 πρὸς
1939 1659 2029 1714 τὸν

380 1749 512 1826 ἀέρα
542 1748 780 1827 συναφὴν
815 1747 1096 1826 ἐπιφάνεια
1141 1753 1238 1803 τοῦ
1288 1748 1504 1824 αἰθέρος
1550 1747 1718 1810 τόπος
1765 1746 1874 1802 ἐστὶ
1922 1753 2029 1803 τῶν

378 1838 482 1893 ὑπὸ
531 1837 768 1910 σελήνην
821 1838 1107 1912 στοιχείων
1159 1837 1248 1892 καὶ
1312 1841 1420 1892 τῶν
1491 1834 1698 1892 λοιπῶν
1760 1836 2027 1910 σωμάτων

2216 1040 2270 1094 3.
2304 1040 2518 1096 Eorum
2548 1041 2726 1113 igitur
2755 1041 3020 1097 omnium
3051 1059 3178 1114 qua:
3211 1043 3365 1100 intra
3414 1044 3626 1101 ccelum
3659 1053 3802 1104 sunt

2147 1145 2458 1200 corporum
2491 1133 2656 1185 locus
2685 1135 2774 1186 est
2803 1147 3055 1187 concava
3083 1132 3206 1188 coeli
3228 1135 3798 1205 superficies.Nam”

2147 1219 2254 1273 etsi
2281 1219 2439 1289 quad
2471 1219 2727 1290 partium
2787 1219 3064 1276 lationem
3117 1229 3384 1276 movetur
3412 1223 3646 1290 caelum,
3681 1225 3796 1282 alio

2145 1312 2341 1362 tamen
2377 1309 2548 1363 modo
2579 1313 2669 1363 est
2699 1307 3000 1364 immobile
3036 1327 3049 1376 ;
3083 1315 3374 1381 quatenus
3400 1310 3590 1368 locum
3623 1312 3683 1368 in
3711 1318 3795 1370 to-

2143 1399 2266 1450 tum
2303 1395 2478 1451 simul
2512 1413 2625 1451 non
2660 1397 2954 1452 immutat.
2988 1400 3192 1470 Itaque
3232 1401 3422 1470 quoad
3457 1405 3674 1469 totum,
3707 1407 3798 1458 est

2143 1484 2446 1540 immobile
2476 1503 2488 1553 ;
2526 1486 2716 1556 quoad
2747 1491 2941 1558 partes
2965 1493 3185 1551 autem,
3218 1489 3432 1544 mobile
3464 1507 3477 1558 ;
3514 1495 3795 1563 motuque

2143 1573 2602 1645 aequabilissimo
2634 1580 2691 1629 et
2720 1575 3160 1631 ordinatissimo
3211 1577 3416 1632 cietur.
3472 1579 3697 1635 Rursus
3727 1597 3794 1635 ea

2142 1663 2372 1718 aetheris
2404 1663 2556 1718 108
2588 1664 2948 1735 superficies,
2981 1682 3098 1736 qua
3127 1682 3259 1720 cum
3320 1683 3452 1721 aere
3483 1668 3794 1741 conjungi-

2140 1751 2319 1822 gitur,
2353 1751 2777 1807 elementorum
2805 1752 2960 1808 infra
2987 1752 3189 1808 lunam
3223 1759 3281 1811 et
3311 1753 3671 1826 reliquorum
3702 1757 3789 1812 in-

2142 1841 2419 1896 feriorum
2452 1857 2761 1912 corporum
2786 1840 2949 1897 locus
2981 1843 3162 1898 est.Et
3184 1843 3267 1898 sic
3297 1844 3573 1917 deinceps
3601 1861 3790 1918 usque

375 1921 481 1982 τῶν
529 1926 844 2003 κατωτέρω,
895 1926 986 1980 καὶ
1037 1926 1161 1996 ἑξῆς
1217 1924 1381 2002 μέχρι
1429 1925 1520 1980 καὶ
1566 1929 1674 1980 τῶν
1726 1923 1810 1980 ἐπὶ
1864 1926 2019 2000 μέρος

2139 1929 2209 1984 ad
2252 1929 2636 2001 particularia
2682 1946 2944 2001 corpora,
3000 1930 3287 2003 ampliora
3334 1936 3390 1988 et
3447 1933 3792 2005 angustiora

373 2017 643 2090 σωμάτων
693 2014 1122 2090 καθολικώτεροι
1173 2013 1335 2069 τόποι
1381 2013 1472 2069 καὶ
1525 2014 1881 2090 μερικώτεροι
1933 2015 2024 2069 εὑ-

373 2107 712 2181 ρεθήσονται.

443 2209 506 2269 δ’.
540 2211 640 2266 Καὶ
681 2211 709 2266 6
758 2213 1040 2287 προσεχὴς
1085 2209 1278 2279 τόπος,
1327 2209 1525 2273 ἐκεῖνος
1568 2210 1658 2264 καὶ
1708 2207 2022 2285 ἷδιαίτερος,

370 2299 432 2364 ὅς
489 2300 628 2357 ἐστιν
675 2300 710 2371 ἠ
761 2301 897 2355 κατὰ
940 2301 1041 2370 τὴν
1093 2299 1231 2376 πρὸς
1272 2299 1336 2354 τὸ
1377 2299 1633 2375 περιέχον
1693 2303 1852 2371 σῶμα
1904 2319 2023 2352 συν-

369 2390 512 2468 αφὴν
543 2388 823 2468 ἐπιφάνεια
862 2392 960 2443 τοῦ
1009 2388 1188 2464 ἀέρος,
1219 2387 1256 2457 ἢ
1287 2392 1384 2442 τοῦ
1423 2385 1620 2450 ὕδατος
1665 2388 1699 2457 ἢ
1748 2394 1848 2456 τῆς
1894 2393 2020 2464 γῆς,

373 2480 448 2554 μὴ
482 2473 868 2555 μεταῤῥέοντος
899 2474 1158 2548 δηλονότι
1209 2481 1308 2533 τοῖ’)
1365 2475 1582 2548 ὕδατος,
1607 2474 1697 2531 ’ίνα
1731 2478 1804 2550 μὴ
1839 2476 1915 2538 ὡς
1965 2477 2016 2531 ἐν

366 2566 572 2644 ἀγγείῳ
633 2566 844 2641 μᾶλλον
894 2567 929 2636 ἢ
981 2567 1057 2630 ὡς
1107 2565 1160 2622 ἐν
1204 2567 1358 2640 τόπῳ
1401 2567 1466 2622 τὸ
1515 2566 1566 2621 έν
1613 2565 1802 2638 ἐκείνῳ
1859 2569 2018 2637 σῶμα

364 2655 708 2735 ὑποληφθείη
779 2654 870 2711 διὰ
934 2657 997 2711 τὸ
1070 2656 1443 2733 μεταφορητὸν
1517 2660 1608 2712 τοῦ
1681 2655 1853 2709 τόπου
1918 2660 2016 2709 τοῦ

362 2744 414 2800 ἐν
467 2748 548 2816 τῷ
595 2741 771 2800 ὕδατι·
821 2745 912 2799 καὶ
979 2741 1216 2818 μάλιστα
1265 2745 1312 2799 εἰ
1371 2745 1462 2800 καὶ
1518 2745 1580 2799 τὸ
1657 2749 1816 2817 σῶμα
1877 2765 2014 2816 συμ-

362 2834 740 2913 μεταφέροιτο.
794 2835 851 2887 Ὁ
912 2833 1006 2907 μὲν
1073 2832 1164 2888 οὖν
1227 2833 1517 2910 εἰρημένος
1569 2833 1736 2895 τόπος
1795 2834 1822 2888 6
1878 2833 2014 2887 κατά

353 2923 454 2993 τὴν
505 2925 778 3000 περιοχήν
823 2921 936 2978 ἐστι
981 2922 1070 2977 καὶ
1123 2919 1428 2998 ὑποδοχήν.
1480 2921 1577 2977 Καὶ
1635 2923 1738 2998 γὰρ
1786 2919 2009 2977 ἕκαστον

354 3016 464 3068 τῶν
496 3010 866 3087 περιεχόντων
897 3010 1100 3086 γίνεται
1140 3010 1310 3074 τόπος
1354 3016 1433 3082 τῷ
1487 3009 1884 3086 περιεχομένῳ,
1919 3009 2010 3065 καὶ

355 3101 433 3164 ὡς
461 3101 800 3177 περιεκτικὸς
833 3100 1018 3173 αὐτοῦ,
1052 3100 1147 3155 καὶ
1176 3100 1262 3162 ὡς’
1282 3097 1657 3162 ὑποδεκτικός.

2136 2017 2264 2074 loca
2295 2017 2677 2090 reperientur.

2203 2214 2255 2270 4.
2287 2214 2356 2268 Et
2383 2213 2750 2286 prOpinquus
2797 2213 2894 2271 ille
2947 2214 3110 2271 locus
3153 2215 3308 2272 idem
3358 2217 3536 2273 etiam
3586 2217 3776 2290 magis

2132 2305 2222 2358 est
2251 2301 2652 2375 proprius,qui
2677 2304 3004 2359 secundum
3027 2303 3457 2376 copulationem
3486 2322 3620 2362 cum
3643 2323 3776 2362 con-

2129 2391 2348 2448 tinente
2379 2407 2618 2463 corpore
2649 2392 2989 2463 superficies
3018 2397 3106 2449 est
3137 2393 3308 2462 aeris,
3340 2398 3442 2450 aut
3471 2399 3777 2467 aquae,aut

2128 2483 2315 2552 terra),
2350 2497 2463 2535 non
2495 2481 2882 2537 transﬂuente
2923 2481 3192 2538 videlicet
3249 2499 3424 2554 aqua,
3473 2500 3545 2539 ne
3603 2488 3669 2539 ut
3715 2483 3776 2538 in

2126 2585 2260 2625 vase
2292 2569 2486 2641 potius
2519 2585 2695 2641 quam
2730 2574 2793 2624 ut
2823 2569 2882 2624 in
2915 2569 3039 2626 loco
3070 2587 3282 2643 corpus
3314 2571 3471 2643 quod
3503 2571 3562 2626 in
3598 2587 3663 2627 eo
3688 2576 3777 2628 est

2125 2657 2465 2729 accipiatur,
2491 2659 2630 2730 quia
2658 2659 2964 2714 transferri
2996 2664 3188 2730 potest
3227 2659 3392 2715 locus
3414 2661 3513 2731 qui
3535 2661 3593 2715 in
3619 2677 3775 2732 aqua

2125 2751 2233 2814 est,
2262 2763 2330 2802 ac
2361 2753 2483 2802 tum
2533 2748 2879 2819 praesertim,
2931 2764 3064 2802 cum
3096 2749 3273 2803 etiam
3327 2765 3541 2820 corpus
3591 2749 3771 2805 simul

2122 2836 2492 2892 transfertur.
2524 2838 2711 2908 Atque
2743 2835 2836 2891 hic
2884 2836 3122 2907 quidem
3172 2837 3338 2893 locus
3386 2838 3770 2909 comprehen-

2122 2924 2304 2981 sionis
2333 2930 2392 2980 et
2411 2925 2800 2997 susceptionis
2825 2925 3048 2981 ratione
3078 2926 3587 2992 exsistit.Quodvis
3610 2927 3767 2983 enim

2120 3029 2322 3069 eorum
2355 3030 2480 3085 quas
2512 3014 2811 3070 continent
2841 3013 3005 3070 locus
3035 3015 3101 3070 fit
3129 3016 3180 3071 ei
3211 3017 3369 3088 quod
3414 3017 3764 3081 continetur,

2119 3119 2251 3158 cum
2285 3104 2439 3175 quod
2468 3103 2664 3176 ipsum
2695 3104 3172 3177 comprehendat,
3205 3107 3334 3160 tum
3393 3105 3546 3177 quod
3578 3106 3765 3162 susci-

2115 3190 2257 3263 piat.

426 3333 484 3390 ε’.
518 3332 616 3387 Καὶ
655 3331 812 3393 οὗτός
867 3330 1006 3386 ἐστιν
1066 3331 1094 3384 6
1147 3328 1437 3392 πλατυκῶς
1489 3329 1787 3405 λεγόμενος
1835 3327 2006 3392 τόπος

2189 3333 2242 3389 5’
2275 3335 2462 3406 Atque
2509 3333 2605 3389 hic
2652 3333 2858 3390 latiore
2905 3334 3334 3407 significatione
3382 3335 3576 3392 dictus
3602 3337 3768 3394 locus

352 3421 414 3484 ὃς
441 3422 532 3477 καὶ
562 3421 817 3490 ἀκίνητός
848 3420 958 3475 ἐστι
987 3419 1077 3475 καὶ
1116 3420 1388 3495 χωριστὸς
1437 3417 1638 3474 ἄλλοτε
1686 3417 1873 3480 ἄλλως
1922 3440 2011 3494 γι-

356 3505 589 3584 νόμενος
634 3509 771 3565 κατὰ
814 3510 915 3580 τὴν
959 3513 1066 3564 τῶν
1117 3509 1386 3582 σωμάτων
1442 3509 1783 3581 μετάστασιν.
1827 3513 2012 3563 ’Έοικε

359 3598 420 3656 δὲ
476 3600 613 3655 κατᾶ
657 3597 820 3676 λόγον
880 3592 1256 3676 ἀκριϐέστερον
1309 3599 1337 3652 6
1384 3597 1575 3667 τόπος,
1630 3598 1824 3671 μέτρον
1876 3597 2012 3652 εἴναι

355 3692 454 3760 τῆς
506 3692 612 3744 τῶν
662 3685 923 3761 κειμένων
971 3685 1189 3751 θέσεωςο
1243 3685 1423 3764 ὥσπερ
1453 3686 1544 3742 καὶ
1587 3687 1614 3741 6
1657 3685 1858 3763 χρόνος
1913 3687 2011 3760 μέ-

354 3798 484 3856 τρον
536 3776 646 3832 έστὶ
694 3783 796 3846 τῆς
851 3781 956 3831 τῶν
1005 3776 1336 3850 κινουμένων
1401 3779 1688 3847 κινήσεως.
1743 3777 1904 3845 Διττὴ
1955 3774 2012 3830 δὲ

356 3868 391 3937 ἠ
453 3866 615 3939 θέσις,
673 3867 708 3936 ἡ
783 3865 876 3940 μὲν
928 3863 1226 3936 οὐσιώδης,
1275 3867 1309 3935 ἠ
1353 3862 1398 3920 δ’
1442 3864 1776 3928 ἐπείσακτος.
1824 3865 2012 3927 Διττὸς

358 3953 452 4011 οὗν
495 3955 585 4010 καὶ
630 3954 658 4009 6
705 3953 896 4026 τόπος,
929 3954 957 4008 6
1003 3954 1098 4027 μὲν
1142 3953 1278 4009 κατὰ
1324 3955 1502 4032 φύσιν,
1535 3955 1562 4008 6
1596 3951 1653 4008 δὲ
1701 3954 1837 4010 κατά
1873 3975 2010 4027 συμ-

358 4038 616 4116 ϐεϐηκός.
660 4040 837 4100 Ἀλλά
883 4041 974 4097 καὶ
1021 4043 1056 4112 ἠ
1107 4038 1381 4113 οὗσιώδης
1433 4043 1574 4106 θέσις
1623 4041 1800 4112 διττὴ,
1833 4043 1867 4112 ἠ
1915 4042 2009 4115 μὲν

355 4132 492 4189 κατᾶ
536 4131 629 4188 τὸν
683 4131 996 4205 εὐθετισμὸν
1051 4131 1142 4185 καὶ
1185 4130 1283 4198 τήν
1335 4129 1574 4201 εὐταξίαν
1628 4135 1736 4185 τῶν
1795 4129 2010 4186 οἷγείων

361 4221 568 4296 μορίων
626 4219 853 4276 ἑκάστου
901 4219 1249 4295 πράγματος,
1305 4218 1379 4282 ὡς
1429 4217 1563 4274 ὅλου
1613 4217 2010 4295 θεωρουμένου,

358 4311 476 4367 καθ’
541 4311 602 4380 ἣν
668 4308 880 4389 κεφαλὴ
930 4309 1024 4382 μὲν
1075 4307 1164 4363 καὶ
1219 4313 1401 4384 χεῖρες
1452 4307 1540 4362 καὶ
1589 4305 1753 4370 πόδες
1801 4307 1892 4363 καὶ
1947 4309 2016 4363 τὰ

362 4397 534 4456 λοιπά
593 4402 704 4454 τῶν
763 4396 969 4473 μορίων
1038 4396 1127 4452 ἐπὶ
1173 4399 1314 4466 ζῴου
1370 4394 1601 4452 τοιῶσδε
1654 4401 1825 4451 κεῖται
1880 4396 2015 4472 πρὸς

365 4485 593 4559 ἄλληλά
643 4508 703 4544 τε
732 4487 823 4542 καὶ
871 4481 1005 4563 πρὸς
1052 4486 1114 4541 τὸ
1148 4485 1276 4540 ὅλον
1334 4490 1469 4556 ζῶον
1510 4484 1599 4540 καὶ
1629 4485 1692 4541 τὸ
1722 4484 1851 4541 ὅλον
1879 4485 2016 4561 πρὸς

357 4578 426 4632 τὰ
472 4580 634 4654 μέρη-
689 4575 832 4654 ῥίζαι
882 4573 940 4631 δὲ
994 4577 1085 4630 καὶ
1135 4574 1371 4651 στελέχη
1420 4574 1511 4630 καὶ
1540 4571 1738 4629 κλάδοι
1786 4574 1874 4628 ἐπὶ
1923 4596 2018 4652 φυ-

2121 3427 2232 3488 est,
2263 3423 2362 3496 qui
2394 3423 2568 3479 etiam
2602 3428 2692 3480 est
2721 3423 3042 3479 immobilis
3076 3429 3134 3480 et
3161 3425 3593 3496 separabilis,et
3623 3427 3768 3484 alias

2123 3511 2276 3568 alius
2308 3529 2411 3585 pro
2453 3529 2761 3584 corporum
2815 3513 3165 3585 migratione
3214 3513 3486 3572 efficitur.
3532 3518 3606 3571 At
3636 3533 3770 3573 vero

2122 3599 2306 3672 lacus,
2336 3601 2384 3657 si
2415 3601 2745 3656 accuratius
2776 3601 3110 3673 loquamur,
3153 3603 3304 3658 situs
3336 3620 3535 3659 rerum
3567 3621 3768 3661 earum

2123 3705 2249 3760 quae
2282 3689 2482 3762 positas
2514 3694 2653 3744 sunt
2693 3707 2971 3746 mensura
3020 3708 3147 3747 esse
3195 3693 3446 3761 videtur,
3482 3694 3771 3764 quemad-

2123 3779 2365 3833 modum
2397 3777 2570 3833 etiam
2605 3784 2840 3850 tempus
2872 3779 3151 3835 motionis
3184 3796 3385 3835 earum
3419 3798 3614 3837 rerum
3642 3799 3770 3853 quae

2125 3871 2434 3924 moventur
2462 3884 2738 3922 mensura
2769 3874 2876 3924 est.
2910 3868 3135 3940 Duplex
3195 3873 3391 3925 autem
3433 3870 3584 3925 situs
3631 3876 3721 3926 est
3754 3887 3767 3925 :

2122 3973 2278 4012 unus
2306 3954 2658 4022 essentialis,
2692 3955 2836 4012 alter
2883 3956 3036 4011 109
3095 3958 3466 4037 adventitius.
3527 3959 3772 4014 Proinde

2123 4045 2300 4100 etiam
2337 4042 2504 4099 locus
2544 4043 2758 4115 duplex
2802 4050 2937 4101 est:
2973 4062 3128 4102 unus
3184 4046 3256 4101 ad
3316 4051 3591 4102 naturam
3641 4065 3771 4119 per-

2123 4132 2342 4198 tinens,
2377 4134 2524 4188 alter
2554 4149 2624 4188 ex
2654 4132 2973 4189 accidente.
3008 4134 3120 4189 Sed
3147 4139 3203 4188 et
3257 4133 3587 4190 essentialis
3620 4137 3770 4191 situs

2125 4221 2340 4293 duplex
2389 4227 2496 4276 est.
2542 4221 2708 4278 Unus
2755 4222 2978 4279 ratione
3027 4222 3324 4278 concinnae
3379 4229 3436 4279 et
3492 4225 3770 4281 ordinata:

2124 4308 2526 4366 collocationis
2555 4310 2816 4381 partium
2869 4310 3186 4382 cujuslibet
3237 4312 3318 4368 rei
3370 4317 3661 4384 quatenus
3709 4318 3774 4369 ut

2123 4403 2311 4454 totum
2345 4398 2770 4466 consideratur,
2796 4400 2969 4470 juxta
3015 4417 3192 4472 quam
3245 4407 3420 4474 caput
3453 4403 3689 4474 quidem
3720 4407 3776 4458 et

2127 4504 2339 4543 manus
2374 4493 2432 4542 et
2459 4487 2633 4559 pedes
2692 4492 2750 4543 et
2794 4494 3014 4544 cfeterze
3061 4494 3259 4562 partes
3317 4491 3591 4546 animalis
3621 4496 3776 4548 certo

2127 4576 2402 4648 quopiam
2435 4576 2608 4631 modo
2653 4575 2776 4632 sitaa
2827 4583 2965 4633 sunt
3013 4594 3147 4633 cum
3199 4579 3271 4634 ad
3323 4596 3387 4636 se
3419 4580 3687 4648 invicem,
3721 4585 3778 4636 et

356 4669 464 4721 τῶν
523 4665 755 4739 ὁμοίως·
803 4665 838 4735 ἠ
897 4661 955 4720 δὲ
1025 4664 1161 4719 κατὰ
1201 4662 1294 4719 τὸν
1336 4667 1432 4719 τοῦ
1490 4658 1624 4717 ὅλου
1685 4663 1761 4725 ὡς
1815 4663 2013 4738 μέρους

2133 4665 2194 4720 ad
2225 4668 2413 4719 totum
2446 4663 2684 4731 animal,
2717 4669 2844 4721 tum
2874 4665 3070 4738 ipsum
3130 4671 3323 4723 totum
3381 4669 3648 4741 [animal]
3703 4670 3772 4724 ad

358 4755 497 4831 πρὸς
553 4754 616 4808 τὸ
675 4751 1006 4830 ὁλικώτερον
1071 4752 1356 4831 ἀναφοράν.
1388 4754 1480 4815 Ὠς
1535 4753 1638 4828 γὰρ
1676 4755 1784 4806 τῶν
1836 4756 2014 4827 μερῶν

359 4839 580 4898 ἕκαστον
613 4844 734 4906 καθ’
763 4843 922 4897 έαυτὸ
957 4843 1053 4915 μὲν
1085 4840 1215 4898 ὅλον
1241 4841 1294 4897 τί
1329 4840 1462 4909 ἐστι,
1494 4841 1631 4918 πρὸς
1678 4838 1736 4896 δὲ
1779 4841 1842 4895 τὸ
1887 4840 2016 4896 ὅλον

362 4930 574 5009 λέγεται
638 4930 820 5007 μέροςο
875 4933 990 4986 οἷον
1033 4933 1068 5001 ἠ
1100 4930 1312 5008 κεφαλή
1351 4932 1470 4994 καθ’
1515 4931 1708 5000 έαυτήν
1764 4931 1856 5004 μὲν
1911 4928 2016 5000 ὅλη

360 5019 646 5096 τυγχάνει,
683 5019 848 5096 μέρος
906 5017 964 5075 δὲ
1019 5024 1117 5074 τοῦ
1160 5020 1413 5092 σώματος
1445 5018 1683 5094 λέγεται’
1711 5019 1801 5073 τὸν
1860 5018 2018 5073 αὐτὸν

362 5109 565 5187 τρόπον
610 5110 701 5164 καὶ
750 5110 814 5164 τὸ
863 5107 992 5165 ὅλον
1047 5108 1182 5186 πρὸς
1252 5109 1584 5184 ὁλικώτερον
1637 5106 1799 5180 ἄλλο,
1857 5108 2020 5182 μέρος

366 5198 528 5255 ἐστίν·
584 5200 700 5254 οἷον
749 5200 784 5270 ἡ
817 5206 890 5275 γῆ
925 5200 1040 5254 καθ’
1088 5199 1280 5267 ἑαυτὴν
1336 5198 1429 5271 μὲν
1481 5196 1585 5268 ὅλη
1638 5196 1770 5270 ἐστὶ,
1799 5198 1934 5273 πρὸς
1967 5195 2024 5252 δὲ

365 5289 430 5344 τὸ
489 5289 704 5363 σύμπαν
762 5293 859 5344 τοῦ
919 5288 1131 5362 κόσμου
1189 5287 1401 5364 λέγεται
1466 5290 1651 5362 μέρος.
1685 5286 1872 5348 Διττὸς
1931 5283 2021 5341 οὖν

367 5376 477 5434 ἐστι
520 5389 611 5434 καί
643 5379 671 5432 6
704 5379 841 5433 κατὰ
888 5377 1044 5456 φύσιν
1094 5376 1282 5438 τόπος⁸
1317 5378 1345 5430 6
1382 5376 1474 5450 μὲν
1522 5380 1629 5430 τῶν
1672 5374 1889 5430 οἰκείων
1923 5395 2023 5448 μο-

369 5467 501 5546 ρίων
560 5469 784 5524 ἑκάστου
833 5465 1168 5541 εὐθετισμὸς,
1210 5467 1238 5521 6
1270 5462 1328 5521 δὲ
1383 5458 1685 5544 ἀφορισμὸς
1738 5464 1828 5520 καὶ
1885 5462 2025 5534 κλῆ-

445 5760 486 5799 ιτ
521 5759 552 5814 4
575 5757 751 5841 Phys.
786 5773 834 5815 ο.
872 5757 925 5825 3,
959 5760 1001 5812 t.
1035 5757 1088 5826 8,
1126 5757 1212 5815 ιο.
1294 5756 1336 5792 η
1368 5756 1399 5810 4
1432 5753 1604 5830 Phys.
1638 5770 1686 5812 c.
1716 5755 1771 5812 7.
1805 5756 1846 5814 t.
1875 5753 1965 5812 74.

2131 4756 2364 4826 partes;
2393 4753 2617 4808 radices
2648 4753 2787 4809 item
2819 4759 2876 4809 et
2916 4754 3147 4826 stipites
3180 4761 3237 4810 et
3286 4758 3434 4813 rami
3467 4758 3523 4814 in
3561 4758 3778 4831 plantis

2129 4841 2381 4898 similem
2415 4841 2473 4896 in
2508 4842 2771 4899 modum.
2819 4841 2980 4898 Alter
3027 4849 3224 4900 autem
3275 4847 3497 4902 ratione
3545 4864 3613 4903 ea
3663 4864 3780 4918 qua

2129 4935 2315 4985 totum
2352 4934 2417 4985 ut
2445 4947 2580 5002 pars
2611 4932 2681 4986 ad
2732 4931 2786 4986 id
2843 4933 2996 5002 quod
3046 4931 3224 4989 latius
3273 4940 3453 5006 patet,
3507 4936 3775 4990 refertur.

2130 5020 2634 5083 Quemadmodum
2663 5018 3108 5092 enim'partium
3133 5022 3410 5093 quaelibet
3439 5040 3542 5094 per
3563 5041 3625 5079 se
3647 5024 3778 5096 qui-

2133 5109 2262 5163 dem
2289 5113 2474 5163 totum
2509 5113 2596 5162 est
2628 5108 2948 5180 aliquid,ad
2983 5115 3167 5165 totum
3202 5116 3396 5166 autem
3431 5111 3612 5167 relata
3644 5129 3781 5184 pars

2133 5197 2345 5253 dicitur
2377 5215 2390 5252 :
2423 5196 2602 5252 veluti
2635 5202 2810 5268 caput
2829 5214 2930 5270 per
2954 5215 3019 5254 se
3050 5199 3288 5270 quidem
3315 5205 3506 5256 totum
3530 5201 3780 5269 exsistit,

2135 5304 2269 5359 pars
2301 5292 2494 5342 autern
2529 5286 2788 5358 corporis
2819 5287 3035 5343 dicitur
3074 5304 3085 5342 :
3121 5290 3392 5344 eumdem
3437 5289 3509 5344 ad
3543 5291 3784 5345 modum

2135 5381 2323 5432 totum
2356 5375 2534 5431 etiam
2568 5378 2639 5430 ad
2669 5375 2888 5448 aliquid
2926 5375 3104 5432 latius
3155 5381 3363 5450 patens
3396 5378 3444 5434 si
3477 5379 3786 5446 referatur,

2136 5481 2272 5539 pars
2302 5469 2393 5520 est
2426 5482 2440 5535 ;
2473 5464 2721 5538 exempli
2753 5465 2961 5540 gratia,
2996 5469 3152 5522 terra
3182 5481 3286 5541 per
3317 5484 3380 5524 se
3424 5467 3663 5542 quidem
3696 5471 3787 5524 to-
