4094 6426
304 373 460 433 1103

1559 367 1982 431 NICEPHORI
2027 369 2465 432 BLEMMIDE

3557 371 3719 435 1104

303 512 430 562 tum
462 510 550 560 est
578 504 803 560 ratione
833 506 1030 558 autem
1062 502 1243 558 totius
1276 502 1504 567 mundi,
1557 519 1692 574 pars
1740 503 1955 558 dicitur

2073 523 2159 577 ρος
2209 501 2286 564 εἷς
2333 504 2577 579 κατοχὴν
2628 503 2700 558 ἑνὶ
2752 503 2958 576 έκάστῳ
3003 506 3112 557 τῶν
3159 505 3256 557 τοῦ
3303 499 3440 558 ὅλου
3503 502 3716 578 κόσμου

304 596 523 667 Duplex
552 599 642 649 est
677 593 857 664 igitur
877 592 1051 647 etiam
1082 591 1369 647 naturalis
1398 593 1559 647 locus
1594 610 1606 647 :
1641 609 1795 648 unus
1826 610 1953 664 pro-

306 685 866 758 priarumcujusque
881 682 960 735 rei
999 681 1253 753 partium
1280 687 1415 751 apta
1439 686 1494 734 et
1524 682 1810 735 concinna
1841 681 1952 737 col-

304 771 988 843 locatio;alterseparatio
1003 775 1058 825 et
1089 788 1214 825 sors
1239 771 1307 823 ad
1335 771 1717 825 continendas
1749 772 1950 844 singu-

302 863 391 919 las
420 862 600 917 totius
638 860 843 914 mundi
879 862 1222 931 partes.Quo
1248 860 1399 913 no
1434 860 1762 931 signiﬁcatu
1792 862 1952 916 locus

303 958 470 1007 terra)
501 951 715 1005 dicitur
747 949 999 1003 universi
1034 949 1314 1003 medium.
1362 952 1439 1002 Ac
1471 949 1517 1002 si
1552 949 1684 1019 quis
1735 955 1950 1004 terram

307 1059 338 1098 e
367 1042 482 1097 situ
520 1056 693 1111 quem
726 1038 900 1092 habet
930 1038 988 1092 in
1021 1037 1225 1091 mundi
1257 1038 1447 1091 medio
1488 1037 1785 1103 emoverit,
1820 1055 1950 1109 pro-

307 1131 568 1204 priarum
601 1128 875 1199 equidem
909 1127 1163 1198 partium
1198 1131 1394 1196 aptam
1428 1124 1867 1182 collocationem
1893 1127 1951 1181 in

308 1219 640 1290 integritate
674 1234 780 1270 sua
810 1216 1084 1270 retinebit
1116 1233 1128 1268 :
1165 1216 1264 1268 sed
1300 1221 1424 1268 tum
1459 1220 1523 1268 ut
1554 1215 1954 1270 universitatis

309 1325 446 1381 pars
477 1307 654 1360 situm
690 1322 863 1359 suum
899 1321 1009 1358 non
1062 1303 1318 1358 habebit.
1365 1303 1729 1376 Quapropter
1776 1305 1952 1359 etiam

309 1399 440 1469 ipsa
468 1399 591 1451 tota
620 1394 879 1450 demissa
910 1394 980 1448 ad
1010 1392 1271 1448 medium
1307 1392 1544 1459 feretur,
1570 1393 1801 1448 tametsi
1831 1411 1957 1465 par-

312 1493 396 1543 tes
425 1485 614 1557 ipsius
655 1481 1096 1538 collocationem
1146 1481 1645 1552 [conjunctionem
1691 1481 1956 1551 localem]

311 1579 580 1631 mutuam
613 1571 920 1641 retineant,
955 1586 1090 1625 cum
1123 1570 1250 1641 ipsa
1280 1570 1456 1624 etiam
1497 1574 1654 1626 extra
1695 1572 1954 1626 medium

310 1663 558 1718 existere
589 1659 936 1731 cogitatione
984 1658 1366 1728 concipiatur.
1426 1657 1614 1727 Hujus
1662 1657 1772 1713 loci
1822 1675 1957 1731 gra-

2067 595 2266 666 μερῶν·
2295 592 2429 654 καθὸ
2483 589 2693 667 λέγεται
2749 590 2916 652 τόπος
2972 597 3072 659 τῆς
3129 596 3236 664 γῆς
3282 590 3346 645 τὸ
3397 591 3558 663 μέσον
3617 596 3716 647 τοῦ

2061 680 2280 742 παντός.
2314 678 2418 734 Κᾶν
2467 701 2549 742 τις
2599 679 2872 750 ἐκστήσειε
2916 679 3013 748 τήν
3064 685 3170 753 γῆν
3219 685 3318 748 τῆς
3367 679 3491 754 περὶ
3520 681 3583 734 τὸ
3620 681 3712 753 μέ-

2063 789 2152 822 σον
2208 773 2304 822 τοῦ
2356 770 2554 830 παντὸς
2605 769 2822 839 θέσεως,
2854 772 2960 821 τῶν
3014 767 3106 839 μὲν
3158 766 3372 822 οἰκείων
3411 772 3589 844 μερῶν
3621 769 3713 824 τὸν

2064 855 2374 930 εὐθετισμὸν
2420 857 2468 910 ἐν
2639 857 2810 928 οἷ’κείᾳ
2852 856 3057 927 καθέξει
3091 855 3342 926 6Msz-
3401 858 3501 926 τὴν
3537 853 3583 911 δ’
3638 856 3715 920 ὡς

2067 945 2228 1021 μέρος
2277 952 2373 1000 τοῦ
2417 949 2616 1008 παντὸς
2665 947 2771 1022 οὐχ
2815 943 2919 1019 ἕξει
2961 945 3081 1000 τότε
3110 943 3273 1002 θέσιν.
3308 946 3400 1000 Διὸ
3429 946 3522 1000 καὶ
3576 945 3714 1016 αὕτη

2063 1034 2168 1103 ὅλη
2210 1035 2461 1113 ἀφεθεῖσα
2489 1035 2574 1090 ἐπὶ
2604 1037 2666 1090 τὸ
2702 1035 2859 1108 μέσον
2891 1034 3095 1105 οἷσθείη
3148 1034 3228 1088 ἄν·
3280 1034 3459 1090 καίτοι
3511 1039 3619 1090 τῶν
3663 1034 3716 1090 ἐν

2063 1123 2199 1197 αὐτῇ
2253 1129 2432 1198 μερῶν
2477 1126 2574 1193 τὴν
2627 1125 2763 1201 πρὸς
2815 1122 3040 1194 ἄλληλα
3088 1121 3472 1201 φυλαττόντων
3534 1123 3721 1179 συντό-

2064 1235 2260 1282 πωσιν,
2292 1214 2379 1268 καὶ
2431 1213 2554 1268 ὅταν
2588 1213 2722 1283 αὕτη
2756 1218 2937 1267 νοοῖτο
2989 1209 3090 1282 ἔξω
3142 1216 3240 1266 τοῦ
3295 1213 3460 1286 μέσου
3517 1214 3724 1289 τυγχά-

2063 1323 2243 1358 νουσα.
2277 1303 2374 1356 Διά
2417 1303 2509 1356 τὸν
2553 1301 2719 1356 τόπον
2766 1305 2985 1369 τοῦτον,
3025 1299 3114 1355 καὶ
3163 1301 3229 1355 τὰ
3274 1299 3570 1375 κινούμενα
3626 1322 3724 1378 φυ-

2067 1395 2230 1452 σικῶς
2304 1391 2396 1445 καὶ
2459 1391 2527 1446 τά
2590 1391 2872 1463 ἱστάμενα,
2928 1389 2997 1444 τὰ
3067 1390 3162 1462 μὲν
3233 1395 3479 1461 κινεῖται,
3536 1389 3607 1444 τὰ
3673 1387 3722 1444 δ’

2064 1477 2309 1550 ἕστηκεν·
2363 1478 2457 1534 ’ἱνα
2513 1486 2615 1549 τῆς
2681 1480 2758 1541 ὡς
2834 1479 2972 1555 μέρη
3047 1473 3246 1540 θέσεως
3304 1477 3356 1533 ἐν
3410 1475 3721 1552 καταλήψει

2067 1570 2327 1644 γένωνται
2382 1570 2449 1623 τὰ
2501 1567 2816 1641 κινούμενα·
2851 1567 2918 1622 τὰ
2974 1564 3018 1621 δ’
3074 1567 3337 1640 ἱστάμενα
3390 1571 3472 1640 τῷ
3529 1565 3724 1644 ἀφορι-

2067 1657 2242 1712 σθέντι
2301 1653 2455 1730 τόπῳ
2509 1657 2725 1719 τούτοις
2783 1657 2857 1718 ὡς
2910 1656 3123 1734 μέρεσιν
3175 1653 3722 1733 ἐμφιλοχωροῦνται.

314 1751 417 1819 tia,
452 1754 508 1805 et
555 1767 622 1804 ea
671 1765 797 1820 quso
845 1751 1172 1814 moventur,
1217 1745 1564 1802 naturaliter
1613 1748 1678 1804 1°.
1742 1752 1796 1802 et
1837 1764 1961 1818 quae
2010 1749 2364 1818 consistunt,
2426 1749 2641 1820 partim
2701 1752 3029 1818 moventur,
3079 1745 3293 1819 partim
3343 1749 3730 1816 consistunt;

311 1845 378 1895 ut
406 1856 533 1911 quae
565 1841 889 1904 moventur,
923 1841 1207 1906 tanquam
1240 1840 1455 1907 partes,
1487 1836 1668 1891 situm
1701 1835 2146 1908 apprehendant
2178 1855 2191 1907 ;
2225 1855 2352 1910 quae
2382 1838 2735 1905 consistunt,
2768 1837 2828 1893 in
2858 1836 2985 1893 loco
3015 1834 3129 1892 sibi
3160 1839 3226 1890 ut
3253 1836 3522 1908 partibus
3553 1835 3730 1892 attri-

310 1929 473 1996 buto,
506 1927 763 1982 suaviter
791 1929 1248 1981 commorentur.

380 2017 436 2071 6.
472 2017 584 2070 Hac
617 2015 795 2086 igitur
825 2013 1048 2068 ratione
1077 2011 1240 2067 locus
1302 2029 1416 2067 non
1475 2012 1586 2068 erit
1626 2012 1962 2068 extremitas
1993 2018 2041 2082 B

311 2104 668 2161 continentis
699 2100 1023 2175 [corporis].
1057 2101 1356 2164 Quomodo
1406 2101 1563 2156 enim
1609 2101 1962 2156 continentis

313 2193 572 2265 corporis
605 2191 939 2248 extremitas
980 2190 1156 2245 fuerit
1198 2190 1421 2245 ordinis
1472 2196 1528 2245 et
1576 2190 1962 2261 separationis

315 2298 496 2338 causa
519 2297 653 2336 cum
685 2281 816 2352 ipsa
845 2279 1041 2351 potius
1071 2279 1408 2334 extremitas
1456 2279 1527 2333 ab
1579 2280 1664 2334 eis
1723 2296 1851 2350 quaa
1901 2279 1961 2333 in

316 2372 448 2443 ipsa
479 2374 618 2425 sunt
647 2373 702 2424 et
732 2369 803 2423 ab
834 2369 963 2439 ipsa
993 2368 1389 2433 continentur,
1448 2368 1780 2422 definiatur.
1824 2372 1961 2422 Pro-

319 2459 580 2532 priarum
605 2473 742 2529 ergo
775 2458 1063 2528 cujusque
1092 2456 1174 2511 rei
1207 2456 1463 2527 partium
1497 2462 1632 2528 apta
1670 2461 1726 2512 et
1757 2473 1962 2512 conve-

318 2550 488 2606 niens
517 2547 818 2604 collocatio
849 2556 937 2602 est
967 2546 1132 2602 locus
1180 2545 1610 2618 inseparabilis,
1669 2546 1789 2602 sive
1841 2562 1962 2600 mo-

315 2642 520 2694 veatur
549 2638 670 2692 sive
702 2637 965 2708 quiescat
993 2652 1106 2690 res.
1141 2635 1286 2689 Nam
1318 2637 1471 2690 idem
1507 2651 1739 2705 semper
1770 2638 1968 2688 manet

318 2727 661 2783 illdonec
709 2742 801 2780 res
852 2724 1156 2779 exstiterit.
1216 2723 1498 2795 Reliquus
1555 2729 1750 2776 autem
1802 2721 1966 2778 locus

317 2822 643 2888 separatur.
677 2813 920 2880 Quando
949 2813 1106 2868 enim
1157 2817 1464 2867 moventur
1519 2827 1781 2882 corpora,
1828 2827 1964 2866 cum

316 2905 462 2977 ipsis
484 2905 653 2976 juxta
684 2921 797 2959 non
852 2908 1136 2958 movetur.
1167 2919 1293 2972 quae
1327 2903 1397 2956 de
1429 2917 1606 2954 causa
1627 2900 1802 2954 etiam
1836 2916 1964 2971 quae

319 2994 644 3050 secundum
675 2992 870 3047 locum
904 2995 1229 3058 moVentur,
1265 2989 1699 3060 quodammodo
1731 2987 1788 3041 in
1841 2987 1966 3042 loco

320 3098 472 3149 esse,
507 3080 943 3152 quodammodo
995 3080 1052 3132 in
1092 3078 1218 3133 loco
1251 3094 1365 3132 non
1396 3093 1525 3132 esse
1574 3076 1868 3130 dicuntur.
1904 3076 1966 3130 In

320 3171 446 3226 loco
477 3170 633 3226 enim
665 3168 758 3223 his
814 3173 880 3223 ut
931 3167 1196 3239 partibus
1253 3167 1323 3220 de
1381 3165 1609 3236 signato
1661 3181 1773 3219 non
1808 3168 1966 3219 sunt.

320 3258 483 3314 Alias
512 3259 669 3313 enim
737 3257 1126 3328 quiescerent,
1184 3255 1234 3310 si
1271 3254 1428 3308 hunc
1457 3253 1648 3309 locum
1680 3256 1964 3309 tenerent.

2142 2019 2204 2076 ς’.
2239 2013 2385 2068 Κατὰ
2433 2017 2627 2068 τοῦτον
2663 2011 2755 2068 οὖν
2795 2013 2886 2066 τὸν
2941 2010 3104 2088 λόγον
3138 2012 3166 2065 ὁ
3200 2010 3370 2074 τόπος
3421 2010 3520 2065 οὐκ
3579 2010 3731 2066 ἔσται

2071 2103 2132 2156 τὸ
2171 2101 2337 2178 πέρας
2391 2106 2488 2156 τοῦ
2537 2101 2912 2178 περιέχοντος.
2942 2105 3068 2162 Πῶς
3118 2101 3221 2176 γὰρ
3271 2101 3331 2155 ἂν
3388 2097 3472 2170 εἴη
3518 2099 3582 2154 τὸ
3632 2104 3732 2155 τοῦ

2073 2190 2426 2267 περιέχοντος
2480 2191 2645 2266 πέρας
2699 2190 2899 2261 τάξεως
2945 2186 3118 2244 αἷίτιον
3149 2189 3185 2258 ἢ
3232 2189 3564 2266 ἀφορισμοῦ,
3597 2187 3730 2243 αὐτὸ

2078 2278 2290 2352 μᾶλλον
2321 2280 2384 2334 τὸ
2415 2279 2580 2356 πέρας
2610 2279 2927 2354 ὁριζόμενον
2975 2279 3078 2333 ὑπὸ
3122 2282 3230 2333 τῶν
3281 2278 3334 2333 έν
3380 2277 3526 2350 αὖτῷ
3582 2298 3730 2355 γινο-

2079 2367 2253 2440 μένων
2310 2369 2399 2423 καὶ
2473 2369 2560 2424 ὑπ’
2619 2369 2783 2424 αὐτοῦ
2859 2369 3306 2445 περιεχομένων;
3365 2371 3420 2421 ‘0
3480 2366 3574 2441 μὶν
3635 2364 3728 2422 οὖν

2071 2461 2178 2511 τῶν
2221 2458 2436 2513 οἰκείων
2499 2458 2704 2534 μορίων
2767 2458 2992 2513 ἑκάστου
3051 2456 3362 2529 εὐθετισμὸς
3415 2455 3731 2533 ἀχώριστός

2075 2545 2186 2600 ἐστι
2239 2547 2429 2620 τόπος,
2479 2549 2574 2602 κᾶν
2629 2555 2842 2618 κινῆται
2894 2549 2956 2602 τὸ
3033 2553 3278 2624 πρᾶγμα,
3335 2545 3434 2601 κᾶν
3515 2546 3726 2622 ἠρεμῇ·

2079 2631 2221 2708 μένει
2281 2636 2384 2712 γὰρ
2444 2634 2698 2707 διηνεκὴς
2741 2638 2769 2690 ὁ
2800 2637 2980 2708 αὐτὸς,
3015 2633 3118 2691 ἔστ’
3176 2635 3235 2690 ἂν
3285 2633 3322 2710 ᾖ
3360 2636 3422 2690 τὸ
3479 2640 3725 2709 πρᾶγμα·

2075 2726 2103 2778 ὁ
2137 2723 2193 2779 δὲ
2243 2723 2438 2788 λοιπὸς
2485 2726 2654 2788 τόπος
2705 2727 3024 2801 χωρίζεται.
3058 2723 3406 2797 Κινουμένων
3460 2724 3562 2800 γὰρ
3618 2727 3730 2778 τῶν

2073 2813 2340 2886 σωμάτων
2398 2815 2459 2870 οὗ
2511 2821 2836 2891 συγκινεῖται
2889 2814 3092 2876 αὐτοῖς·
3149 2811 3235 2868 διὸ
3295 2815 3386 2868 καὶ
3458 2813 3527 2867 τὰ
3591 2813 3729 2867 κατὰ

2073 2899 2239 2956 τόπον
2299 2902 2588 2976 κινούμενα
2640 2908 2755 2965 πῶς
2819 2903 2912 2976 μὲν
2971 2905 3023 2957 έν
3071 2901 3226 2974 τόπῳ
3259 2901 3392 2956 εἶναι
3451 2899 3725 2977 λέγονται,

2075 2996 2191 3053 πῶς
2253 2989 2298 3046 δ’
2330 2991 2430 3047 οὐκ
2485 2991 2535 3046 ἐν
2591 2992 2765 3066 τόπῳ.
2800 2994 2884 3046 Ἐν
2950 2993 3042 3066 μὲν
3101 2992 3206 3068 γὰρ
3252 2995 3331 3063 τῷ
3359 2989 3728 3069 ἀφωρισμένῳ

2073 3079 2228 3153 τόπῳ
2285 3080 2503 3143 τούτοις
2561 3082 2634 3144 ὡς
2693 3082 2905 3157 μέρεσιν
2945 3080 3044 3136 οὐκ
3097 3080 3248 3135 εἰσίν·
3283 3080 3319 3149 ἢ
3351 3079 3455 3156 γὰρ
3485 3078 3731 3156 ἠρέμουν

2074 3170 2165 3224 τὸν
2191 3174 2436 3225 τοιοῦτον
2469 3170 2638 3225 τόπον
2671 3171 2973 3246 κατέχοντα
2999 3176 3085 3226 Ἐν
3138 3167 3195 3225 δὲ
3223 3169 3378 3242 τόπῳ
3411 3168 3544 3224 εἰσὶν
3575 3167 3728 3247 ἀφω-

2079 3259 2320 3331 ρισμένῳ
2403 3259 2644 3333 σώμασιν
2734 3257 2949 3331 ἄλλοις,
3005 3263 3085 3331 τῷ
3155 3257 3275 3334 ἀέρι
3329 3258 3500 3333 τυχὸν
3557 3257 3593 3326 ἢ
3650 3261 3734 3330 τῷ

322 3353 397 3404 At
425 3347 486 3403 in
515 3347 638 3402 loco
667 3345 1010 3418 corporibus
1055 3343 1185 3399 aliis
1246 3347 1514 3415 separato
1571 3347 1732 3411 sunt,
1794 3347 1860 3397 ut
1906 3341 1966 3397 in
1999 3389 2043 3455 Ο
2082 3344 2256 3404 ὕδατι.

435 3453 447 3455 -
486 3435 642 3455 ---μμ
681 3435 855 3455 ___.:_
898 3439 994 3455 ---ι
1030 3449 1172 3455 _____

326 3453 456 3494 aere
485 3435 644 3491 verbi
676 3435 864 3507 gratia
894 3439 998 3489 aut
1027 3449 1200 3504 aqua.

393 3525 449 3578 7.
480 3526 669 3596 Atque
700 3523 793 3578 hic
825 3528 913 3578 est.
939 3523 988 3577 is
1011 3522 1174 3578 locus
1191 3521 1289 3593 qui
1323 3520 1528 3576 latiore
1546 3519 1971 3593 significatione

325 3614 410 3668 sic
433 3612 666 3682 dicitur,
700 3611 830 3666 aliis
870 3611 1106 3682 quidem
1164 3611 1521 3682 assignatus,
1554 3627 1622 3664 ex
1674 3609 1971 3664 accidente

328 3708 526 3758 autem
559 3717 760 3756 eorum
805 3717 932 3771 quae
985 3705 1293 3754 moventur
1339 3699 1503 3754 locus
1534 3699 1790 3754 effectus.
1820 3699 1967 3754 Nam

329 3796 526 3846 motus
587 3806 704 3862 quo
761 3788 983 3860 aliquid
1045 3789 1370 3844 secundum
1429 3787 1622 3842 locum
1677 3793 1967 3854 movetur,

325 3879 470 3936 alias
499 3878 644 3934 alios
665 3877 815 3933 situs
847 3876 1117 3942 assumit,
1143 3875 1488 3932 intermedio
1519 3892 1652 3931 aere
1676 3880 1778 3930 aut
1813 3892 1968 3948 aqua

319 3967 522 4023 divisis
562 3968 745 4023 donec
794 3965 1135 4038 praeterierit
1181 3965 1239 4020 id
1311 3965 1466 4036 quod
1516 3963 1806 4020 valentius
1855 3970 1960 4021 est.

316 4058 506 4128 Atque
538 4056 689 4112 situs
721 4071 895 4126 quem
932 4054 1144 4127 accipit
1182 4055 1238 4109 id
1292 4055 1446 4125 quod
1499 4059 1781 4120 movetur,
1832 4071 1963 4124 par-

313 4147 465 4202 tium
498 4145 650 4200 aeris
682 4149 783 4200 aut
809 4160 972 4214 aquae
1003 4144 1153 4198 situs
1183 4147 1272 4198 est
1310 4149 1324 4209 -,‘
1357 4143 1424 4196 lit
1477 4146 1671 4197 autem
1704 4141 1878 4198 etiam
1911 4142 1964 4198 ei

315 4235 470 4306 quod
504 4233 950 4301 movetur,situs
981 4231 1528 4294 adventitius.Quod
1559 4230 1741 4304 igitur
1764 4231 1960 4303 ipsum

313 4328 381 4378 ut
411 4323 490 4378 rei
527 4327 753 4378 motum
799 4322 1108 4377 subeuntis
1157 4320 1339 4376 situm
1391 4320 1651 4390 metitur,
1701 4320 1752 4375 ei
1802 4321 1958 4392 quod

314 4415 580 4468 movetur
643 4411 807 4466 locus
877 4411 940 4464 fit
983 4427 1086 4482 per
1139 4411 1432 4466 accidens.
1496 4408 1861 4481 QuaprOpter
1907 4410 1958 4464 ei

313 4501 468 4572 quod
503 4499 726 4555 ratione
756 4499 866 4554 loci
899 4503 1406 4570 movetur,praeter
1435 4503 1632 4569 aptam
1664 4502 1721 4554 et
1752 4515 1956 4555 conve-

311 4589 570 4646 nientem
603 4605 845 4644 suarum
875 4589 1128 4660 partium
1162 4586 1600 4642 collocationem
1645 4585 1808 4643 locus
1840 4605 1955 4644 non

306 4683 396 4732 est
427 4678 720 4749 proprius.
755 4680 937 4743 Quem
971 4677 1127 4732 enim
1169 4679 1464 4746 permutat
1515 4674 1708 4730 locum
1757 4693 1872 4732 non
1905 4677 1954 4733 is

2153 3528 2212 3595 ζ’.
2245 3526 2344 3581 Καὶ
2375 3526 2535 3590 οὗτός
2572 3526 2712 3582 ἐστιν
2764 3528 2792 3581 ὁ
2841 3526 2892 3580 έν
2937 3523 3131 3580 πλάτει
3191 3522 3484 3600 λεγόμενος
3539 3523 3736 3595 τόπος,

2079 3612 2272 3676 ἄλλοις
2309 3615 2404 3686 μὲν
2434 3615 2767 3691 κληρωθεῖς,
2799 3614 2935 3670 κατὰ
2973 3609 3316 3688 συμϐεϐηκὸς
3363 3610 3422 3668 δὲ
3476 3613 3568 3668 καὶ
3621 3617 3732 3669 τῶν

2075 3704 2412 3776 κινουμένων
2469 3704 2636 3766 τόπος
2692 3704 2996 3780 γινόμενος.
3054 3709 3113 3757 Ἣ
3170 3703 3274 3778 γὰρ
3348 3703 3487 3756 κατὰ
3556 3701 3729 3758 τόπον

2075 3791 2286 3862 κίνησις
2335 3794 2529 3856 θέσεων
2589 3791 2790 3848 ἄλλοτε
2849 3793 3035 3849 ἄλλων
3095 3792 3208 3847 ἐστὶ
3264 3791 3570 3866 μετάληψις
3624 3797 3726 3847 τοῦ

2080 3880 2272 3952 μεταξὺ
2304 3879 2458 3958 ἀέρος
2488 3882 2521 3950 ἢ
2549 3887 2646 3936 τοῦ
2677 3879 2872 3944 ὕδατος
2902 3879 3284 3956 διαιρουμένου
3325 3877 3431 3944 ἓως
3481 3880 3542 3937 ἂν
3591 3901 3730 3957 παρ-

2075 3966 2228 4032 έλθοί
2282 3969 2346 4024 τὸ
2399 3969 2774 4047 ἰσχυρότερον.
2826 3971 2924 4026 Καὶ
2983 3971 3017 4040 ἡ
3050 3969 3194 4034 θέσις
3249 3971 3312 4039 ἣν
3375 3965 3730 4043 μεταλαμϐάο

2072 4079 2147 4112 νει
2179 4058 2241 4112 τὸ
2270 4059 2587 4133 κινούμενον
2617 4064 2725 4114 τῶν
2759 4065 2854 4115 τοῦ
2905 4060 3062 4136 ἀέρος
3109 4058 3222 4115 ἐστὶ
3284 4057 3490 4136 μορίων
3554 4058 3727 4130 θέσις,

2071 4147 2105 4215 ἢ
2137 4151 2245 4200 τῶν
2276 4151 2372 4201 τοῦ
2402 4146 2618 4210 ὕδατος.
2650 4148 2856 4204 Γίνεται
2889 4146 2947 4204 δὲ
2995 4149 3084 4203 καὶ
3141 4152 3219 4222 τῷ
3267 4147 3574 4222 κινουμένῳ
3635 4150 3726 4205 θέ-

2072 4257 2152 4297 σις
2182 4233 2517 4299 ἐπείσακτος.
2547 4237 2619 4291 Τὸ
2651 4242 2781 4313 γοῦν
2819 4242 3047 4314 μετροῦν
3082 4236 3249 4306 αὐτὴν
3283 4237 3358 4300 ὡς
3404 4241 3502 4292 τοῦ
3547 4259 3731 4293 κινου-

2075 4324 2240 4397 μένου
2290 4324 2430 4380 θέσιν
2481 4325 2648 4388 τόπος
2700 4326 2812 4381 έστὶ
2858 4331 2937 4398 τῷ
2986 4327 3293 4399 κινουμένῳ
3336 4325 3472 4381 κατό⁴
3523 4321 3728 4399 συμϐε-

2068 4409 2259 4484 ϐηκός.
2294 4416 2454 4469 Ὥστε
2498 4419 2577 4487 τῷ
2622 4416 2929 4490 κινουμένῳ
2965 4415 3103 4471 κατᾶ
3143 4411 3311 4470 τόπον
3364 4412 3502 4478 ἴδιος
3558 4415 3730 4478 τόπος

2067 4502 2166 4557 οὐκ
2215 4501 2327 4557 ἔστι
2376 4504 2521 4577 παρὰ
2569 4505 2660 4559 τὸν
2713 4504 3026 4578 εὐθετισμὸν
3084 4509 3193 4560 τῶν
3240 4502 3457 4559 οἷ’κείων
3521 4509 3725 4580 μερῶν.

2064 4593 2154 4646 Ὃν
2205 4594 2306 4669 γὰρ
2357 4587 2626 4666 διαμείϐει
2675 4594 2866 4665 τόπον,
2917 4594 3016 4649 οὐκ
3071 4593 3236 4649 αὐτοῦ
3296 4594 3530 4669 ὑπάρχει
3586 4593 3725 4672 ἀφο-

2067 4681 2282 4756 ρισμὸς,
2316 4680 2460 4737 ἀλλά
2489 4686 2584 4736 τοῦ
2615 4685 2969 4759 περιέχοντος
3003 4682 3160 4757 ἀέρος
3189 4683 3226 4751 ἢ
3269 4678 3469 4744 ὕδατος
3518 4682 3579 4737 οὗ
3629 4684 3722 4738 καὶ

305 4768 462 4823 112
497 4766 582 4820 illi
614 4772 870 4822 secretus
915 4770 1022 4834 est,
1084 4766 1184 4820 sed
1244 4764 1601 4820 continentis
1651 4766 1803 4822 aeris
1856 4771 1959 4822 aut

2073 4771 2127 4823 τὸ
2175 4769 2494 4844 κινούμενον
2549 4757 2847 4827 ἄλλοτενέν
2900 4769 3057 4845 ἄλλῳ
3110 4772 3264 4850 μέφει
3309 4770 3513 4849 πέφυκε
3570 4770 3718 4847 γίνε-

302 4873 468 4928 aquai
503 4873 516 4912 :
546 4857 716 4926 cujus
747 4856 926 4911 etiam
948 4854 1096 4910 alias
1125 4853 1186 4909 in
1216 4852 1331 4908 alia
1355 4857 1517 4924 parte
1549 4852 1831 4910 constitui
1862 4871 1956 4910 so-

299 4943 382 5000 let
411 4944 469 4999 id
502 4945 657 5016 quod
693 4949 973 4999 movetur.

371 5035 424 5088 8.
459 5031 740 5088 Praeclare
770 5032 952 5104 igitur
993 5031 1188 5086 locum
1238 5030 1548 5097 deﬁniunt,
1600 5030 1700 5102 qui
1753 5030 1951 5102 ipsum

302 5121 453 5176 situs
486 5138 688 5176 eorum
721 5139 849 5192 quae
882 5119 1070 5192 posita
1101 5125 1239 5173 sunt
1260 5134 1595 5174 mensuram
1628 5135 1756 5174 esse
1786 5120 1952 5175 aiunt

295 5208 438 5264 Nam
476 5210 595 5265 haac
619 5210 878 5265 definitio
905 5225 1137 5265 omnem
1162 5207 1355 5263 locum
1372 5207 1946 5280 comprehendit,qui

297 5312 431 5352 cum
464 5298 523 5352 in
556 5300 920 5370 corporibus,
955 5304 1082 5352 tum
1117 5298 1173 5352 in
1207 5296 1566 5367 incorporeis
1611 5298 1942 5352 considera-

293 5387 408 5439 tur.
445 5386 668 5457 Quippe
699 5393 755 5442 et
785 5388 841 5441 in
875 5386 1235 5459 incorporeis
1267 5385 1416 5440 situs
1466 5386 1690 5440 ratione
1721 5387 1942 5444 ordinis

292 5470 644 5546 intelligitur
677 5501 690 5545 ;
725 5477 1227 5549 quemadmodum
1260 5474 1525 5532 binarius
1582 5479 1716 5532 ante
1745 5481 1940 5535 terna-

365 5678 410 5724 ⁸⁸
439 5679 471 5738 4
503 5679 678 5756 Phys.
713 5697 764 5747 ο,
795 5682 848 5754 4,
881 5686 926 5740 t.
959 5684 1046 5755 48,
1079 5684 1167 5742 49.

2068 4861 2206 4918 σθαι.

2135 5039 2204 5108 η’.
2240 5036 2434 5100 Καλῶς
2493 5036 2582 5092 οὖν
2645 5039 2912 5116 ὁρίζονται
2968 5040 3061 5094 τὸν
3131 5037 3299 5094 τόπον
3355 5039 3407 5093 οἱ
3465 5036 3718 5114 λέγοντες

2061 5125 2220 5181 αὐτὸν
2278 5125 2471 5202 μέτρον
2521 5127 2652 5182 εἶναι
2700 5135 2801 5197 τῆς
2850 5132 2959 5182 τῶν
3008 5127 3345 5201 κινουμένων
3399 5126 3623 5189 θέσεως.
3658 5129 3718 5181 Ὃ

2058 5216 2161 5290 γάρ
2213 5216 2443 5292 ὁρισμὸς
2473 5216 2629 5278 οὗτος
2673 5212 3071 5292 περιλαμϐάνει
3117 5218 3290 5273 πάντα
3332 5215 3502 5271 τόπον
3551 5213 3603 5271 ἔν
3659 5234 3720 5272 τε

2055 5305 2299 5376 σώμασιν
2325 5302 2377 5358 ἕν
2416 5325 2475 5359 τε
2523 5304 2835 5378 ἀσωμάτοις
2882 5305 3280 5380 θεωρούμενον.
3312 5305 3412 5359 Καὶ
3461 5305 3513 5360 ἐν
3567 5303 3717 5360 ἀσω-

2058 5392 2246 5466 μάτοις
2291 5394 2392 5470 γάρ
2445 5393 2588 5458 θέσις
2633 5400 2832 5450 νοεῖται
2881 5396 3019 5450 κατά
3062 5397 3160 5466 τήν
3211 5395 3378 5466 τάξιν
3435 5394 3511 5456 ὡς
3555 5391 3712 5470 λέγε-

2047 5502 2135 5538 ται
2189 5484 2394 5538 κεῖσθαι
2452 5483 2552 5553 τήν
2605 5480 2774 5540 δυάδα
2831 5484 2939 5563 πρὸ
3004 5491 3106 5557 τῆς
3169 5481 3413 5561 τριάδος,
3465 5483 3554 5540 καὶ
3609 5483 3711 5554 τήν
