4094 6476
391 505 548 574 4408

1695 500 2049 570 EPITOME
2090 500 2457 572 PHYSICA.

3647 516 3805 583 H06

385 639 582 720 τριάδα
634 660 743 719 προ
797 646 899 713 τῆς
955 635 1233 718 τετράδος·
1290 637 1381 697 καὶ
1437 637 1576 697 κατὰ
1617 640 1717 711 τήν
1782 636 2038 708 τοιαύτην

2153 639 2329 708 rium,
2363 646 2420 699 et
2446 645 2741 705 ternarius
2773 652 2907 707 ante
2935 649 3376 723 quaternarium
3417 652 3645 726 positus
3674 668 3804 712 esse

390 732 533 790 θέσιν
580 731 786 796 τόπους
851 727 1075 806 οἷ’δαμεν
1143 732 1413 808 ἀριθμῶν.
1459 733 1613 789 ’Ἐστι
1663 727 1721 785 δὲ
1766 729 1862 785 κάν
1920 732 2037 791 τοῖς

389 823 605 896 σώμασι
655 820 815 892 θέσις,
849 822 924 884 ὡς
974 819 1205 898 εἶ’ρηται,
1238 824 1273 891 ἡ
1315 817 1589 892 ούσιώδης
1637 821 1727 875 καὶ
1774 822 1810 890 ἡ
1861 816 2037 874 ἐπείσ-

388 932 549 975 ακτος
576 911 667 967 καὶ
696 914 732 981 ἡ
766 908 1037 982 οὖσιώδης
1080 908 1257 982 διττή.
1307 913 1469 966 Ὥστε
1513 910 1649 965 κατὰ
1692 909 1756 964 τὸ
1811 911 1910 978 τῆς
1957 909 2039 972 θέ-

386 1022 521 1064 σεως
577 998 835 1079 διάφορον
897 1002 926 1057 6
987 998 1389 1075 ἀποδεδομένος
1444 999 1615 1055 τόπου
1682 994 1851 1074 λόγος
1920 1003 2036 1060 τοῖς

388 1088 671 1170 διαφόροις
712 1089 1008 1169 ἐφαρμόζει
1055 1087 1270 1154 τόπδις.
1295 1089 1356 1144 Τί
1403 1090 1498 1163 μὶν
1552 1087 1644 1145 οὖν
1705 1087 1815 1144 ἐστι
1869 1087 2039 1150 τόπος

389 1179 827 1239 ὕποτετύπωται.

456 1359 520 1416 θ’.
554 1358 758 1433 Χρόνος
816 1356 873 1415 δέ
945 1357 1085 1414 ἐστιν
1145 1357 1378 1432 ἀριθμὸς
1435 1359 1720 1429 κινήσεως.
1780 1354 2038 1412 Καλεῖται

386 1446 433 1504 δ’
491 1449 720 1525 ἀριθμὸς
803 1447 893 1503 καὶ
969 1449 998 1504 6
1074 1448 1319 1525 ἀριθμῶν
1387 1447 1477 1503 καὶ
1531 1448 1559 1502 6
1616 1445 2036 1524 ἀριθμούμενος,

385 1536 567 1615 ὥσπερ
598 1534 815 1613 λέγεται
851 1538 1047 1615 μέτρον
1076 1537 1140 1593 τὸ
1188 1541 1416 1614 μετροῦν
1465 1557 1524 1594 τε
1570 1536 1659 1591 καὶ
1701 1537 1763 1591 τὸ
1816 1530 2039 1613 μετρού-

388 1646 568 1702 μενον·
602 1628 717 1682 οἷον
769 1628 797 1683 6
851 1624 1142 1701 μοναδικὸς
1200 1626 1454 1699 ἀριθμὸς,
1484 1623 1657 1702 ἤγουν
1693 1626 1721 1680 6
1752 1624 1813 1680 ἐκ
1870 1625 2036 1698 μονά-

385 1715 493 1773 δων
544 1715 973 1790 συντεθειμένος,
1003 1716 1095 1772 καὶ
1138 1716 1368 1790 ἀριθμὸς
1408 1714 1596 1771 ⁹ίππων
1647 1716 1683 1785 ἢ
1738 1716 1903 1790 βοῶν.
1937 1714 2037 1770 Καὶ

381 1806 550 1863 πάλιν
606 1808 784 1883 χοῖνιξ
816 1808 851 1876 ἡ
883 1804 1073 1878 ξυλίνη
1134 1805 1290 1875 καὶὴ
1322 1810 1419 1861 τοῦ
1477 1804 1649 1861 σίτου·
1709 1805 1799 1860 καὶ
1858 1804 2037 1881 ἀμφο-

384 1896 506 1971 ρεὺς
535 1896 564 1952 6
615 1895 905 1972 κεράμειος
965 1895 1054 1951 καὶ
1105 1896 1134 1950 ὁ
1184 1900 1281 1951 τοῦ
1337 1892 1553 1958 ὕδατος.
1615 1892 1791 1952 Ἀλλὰ
1837 1893 1927 1949 καὶ
1974 1894 2037 1949 τὸ

384 1984 785 2075 ἀριθμούμενον
833 1983 1009 2041 διττόν
1070 1983 1201 2075 ἐστι,
1240 1985 1304 2040 τὸ
1363 1984 1651 2075 μὲν-κατὰ
1704 1984 1893 2075 ποσὸν,
1959 1983 2034 2075 (in;
2068 2010 2114 2075 B

381 2073 615 2153 λέγομεν
664 2072 759 2131 δύο
807 2076 1051 2146 κινήσεις
1080 2074 1117 2144 ἢ
1147 2080 1315 2151 τρεῖς·
1364 2075 1427 2130 τὸ
1475 2072 1533 2130 δὲ
1575 2075 1711 2129 κατὰ
1752 2073 1926 2147 τάξιν,
1957 2072 2033 2135 ὡς

382 2164 618 2240 λέγομεν
676 2162 946 2238 προτέραν
1001 2163 1214 2234 κίνησιν
1256 2163 1347 2219 καὶ
1380 2163 1623 2239 ὑστέραν.
1665 2163 1847 2218 Ἔστιν
1880 2159 1971 2217 οῦν
2006 2162 2035 2216 6

379 2251 587 2331 χρόνος
638 2252 869 2330 ἀριθμὸς
923 2254 1190 2323 κινήσεως
1244 2251 1335 2307 καὶ
1391 2251 1467 2314 ὡς
1524 2251 1769 2326 ἀριθμῶν
1810 2249 1901 2305 καὶ
1960 2248 2034 2310 ὡς

379 2340 804 2419 ἀριθμούμενος·
863 2339 1267 2418 ἀριθμούμενος
1343 2337 1403 2396 δὲ
1478 2341 1614 2397 κατά
1686 2341 1786 2409 τήν
1861 2337 2030 2409 τάξιν·

378 2429 506 2502 ἤτοι
558 2431 697 2487 κατὰ
741 2431 805 2487 τὸ
862 2430 1124 2507 πρότερόν
1167 2451 1228 2486 τε
1278 2429 1369 2485 καὶ
1421 2428 1663 2502 ὕστερον·
1707 2433 1805 2485 τοῦ
1835 2428 2030 2505 πρότε-

382 2542 473 2598 ρον
531 2518 623 2580 καί
678 2519 896 2597 ὕστερον
931 2514 1365 2594 λαμϐανομένων
1394 2521 1530 2575 κατᾶ
1583 2521 1682 2589 τὴν
1742 2522 1838 2573 τοῦ
1897 2518 2031 2573 εἶναι

380 2606 696 2685 παράτασιν.
738 2608 1082 2685 ’Δριθμεῖται
1143 2608 1238 2682 μὲν
1294 2605 1385 2663 οὗν
1434 2608 1462 2663 6
1506 2607 1708 2685 χρόνος
1770 2608 1873 2663 ὑπὸ
1927 2613 2029 2677 τῆς

380 2697 607 2774 πρώτης
660 2695 750 2752 καὶ
807 2694 991 2767 ἁπλῆς
1073 2699 1341 2768 κινήσεως
1418 2704 1521 2766 τῆς
1598 2694 2027 2776 κυκλοφορικῆς·

381 2782 790 2857 ἀνταριθμεῖται
824 2780 883 2838 δὲ
935 2781 1101 2838 πάλιν
1134 2782 1322 2857 αὐτήν,
1353 2784 1417 2839 Εἰ
1470 2786 1545 2858 μὴ
1596 2785 1696 2861 γὰρ
1746 2785 1849 2840 ὑπὸ
1898 2784 2031 2862 χρό-

381 2895 478 2929 νου
506 2875 543 2944 ἡ
575 2872 800 2942 τοιαύτη
828 2872 1060 2944 κίνησις,
1095 2873 1198 2928 ὑπὸ
1225 2873 1372 2937 τίνος
1403 2874 1733 2949 ἀριθμηθείη
1767 2874 1827 2929 ἄν
1854 2893 1869 2944 ;

459 3057 510 3110 ι’.
548 3051 655 3122 Τὴν
687 3055 912 3126 πρώτην
945 3048 1037 3107 οὖν
1077 3049 1167 3106 καὶ
1208 3052 1547 3127 κυριωτάτην
1590 3056 1699 3107 τῶν
1766 3054 2032 3124 κινήσεων

380 3140 482 3210 τὴν
541 3138 907 3219 κυκλοφορίαν
940 3140 968 3194 6
998 3139 1197 3217 χρόνος
1246 3145 1476 3217 μετρῶν,
1506 3142 1622 3196 κατ’
1678 3139 1887 3212 ἐκείνην
1945 3141 2036 3197 καὶ

384 3230 482 3293 τὰς
537 3225 712 3293 ἄλλας
767 3230 1010 3301 κινήσεις
1073 3234 1279 3304 μετρεῖ.
1339 3238 1477 3286 Ωστε
1516 3236 1620 3301 τῆς
1681 3231 1773 3304 μὲν
1833 3230 2036 3288 κυκλο-

385 3321 620 3398 φορικῆς
676 3320 945 3389 κινήσεως
1001 3318 1236 3394 ἀριθμὸς
1293 3315 1438 3375 ἔσται
1498 3320 1527 3373 6
1584 3319 1779 3396 χρόνος
1827 3319 1915 3375 καὶ
1963 3320 2039 3383 ὡς

386 3409 633 3486 ἀριθμῶν
665 3408 755 3464 καὶ
785 3408 859 3471 ὡς
894 3409 1312 3485 ἀριθμούμενος·
1351 3413 1460 3465 τῶν
1512 3406 1570 3464 δὲ
1618 3407 1829 3465 λοιπῶν
1879 3412 2035 3481 κινή-

384 3518 520 3553 σεων
552 3497 627 3560 ὡς
662 3496 905 3574 ἀριθμῶν
958 3496 1147 3570 μόνον,
1181 3495 1243 3551 ού
1297 3499 1403 3572 μήν
1451 3497 1541 3553 καὶ
1591 3498 1665 3561 ὡς
1704 3497 2039 3572 ἀριθμούμε-

382 3607 498 3649 νος.
533 3585 607 3641 Οὐ
655 3586 762 3663 γὰρ
792 3583 925 3661 (καί)
975 3576 1078 3655 τῆς
1123 3584 1263 3659 ἐμῆς
1323 3584 1610 3664 βαδίσεως,
1645 3587 1735 3642 καὶ
1777 3594 1880 3657 τῆς
1937 3594 2038 3657 σῆς

385 3673 722 3738 λευκάνσεως
754 3675 986 3752 ἀριθμὸς
1018 3669 1164 3729 ἔσται
1196 3676 1225 3730 6
1263 3675 1466 3751 χρόνος
1514 3676 1589 3738 ὡς
1632 3675 2038 3754 ἀριθμούμενος

385 3764 526 3838 (ἐπεὶ
585 3764 633 3820 εἰ
685 3763 849 3820 τοῦτό
896 3785 981 3841 γε,
1012 3763 1113 3820 οὐκ
1164 3763 1222 3819 ἂν
1278 3765 1346 3835 ἧν
1406 3762 1723 3845 ἀδιάφορος,
1758 3764 1871 3822 οὐδ’
1928 3768 2041 3840 ἅμα

384 3854 504 3920 καθ’
550 3852 607 3909 ’ὲν
664 3857 758 3908 νῦν
816 3851 1257 3931 ἀφοριζόμενος),
1316 3852 1463 3910 ἀλλὰ
1512 3861 1613 3925 τῆς
1670 3855 1896 3931 πρώτης
1949 3855 2037 3909 καὶ

388 3942 571 4014 ἁπλῆς
600 3947 698 3998 τοῦ
728 3941 957 4017 ούρανοῦ
1014 3944 1279 4014 κινήσεως
1339 3942 1512 4015 μόνης
1563 3943 1870 4020 ,ἀριθμητὸν
1905 3942 1977 3999 ὢν
2013 3945 2041 3999 ὁ

385 4031 591 4110 χρόνος
646 4034 783 4088 κατὰ
834 4033 897 4087 τὸ
960 4030 1172 4102 ἐκείνης
1247 4031 1509 4109 πρότερόν
1566 4053 1626 4087 τε
1675 4032 1766 4088 καὶ
1818 4033 2037 4110 ὕστερον

387 4122 472 4197 (τὸ
526 4121 630 4199 γὰρ
688 4120 952 4199 πρότερόν
1008 4141 1069 4176 τε
1122 4119 1212 4176 καὶ
1269 4119 1488 4197 ὕστερον
1531 4124 1630 4191 τῆς
1656 4121 1916 4194 τοιαύτης
1962 4144 2044 4178 κι-

385 4212 595 4282 νήσεως
654 4210 1057 4288 ἀριθμούμενον
1098 4211 1127 4265 6
1184 4210 1384 4287 χρόνος
1442 4210 1629 4285 ἐστίν).
1678 4210 1862 4275 Οὕτως
1919 4212 2038 4288 ἀρι-

387 4303 517 4375 θμεῖ
559 4300 628 4355 τὰ
671 4298 723 4356 έν
772 4305 890 4363 τοῖς
938 4296 1222 4379 διαφόροις
1267 4302 1508 4371 κινήσεσι
1556 4299 1795 4377 πρότερά
1838 4321 1899 4356 τε
1950 4302 2041 4356 καὶ

388 4389 587 4465 ὕστερα
642 4390 762 4454 καθ’
789 4388 846 4446 ’ἐν
904 4389 969 4444 τὸ
1030 4389 1229 4445 οἰκεῖον
1256 4393 1372 4448 νῦν.
1404 4390 1498 4445 Διὸ
1544 4391 1633 4445 καὶ
1683 4391 1797 4463 ἅμα
1842 4410 2040 4445 παντα-

388 4484 497 4557 χοῦ
528 4479 557 4534 6
587 4477 749 4542 αύτός
780 4477 892 4534 ἐστι
920 4478 1122 4555 χρόνος
1171 4478 1365 4554 μέτρον
1416 4476 1678 4555 ὑπάρχων
1733 4477 1909 4550 πάσης
1961 4500 2043 4535 κι-

387 4570 617 4640 νήσεως.
703 4566 901 4645 Χρόνῳ
1009 4568 1115 4644 γὰρ
1201 4570 1473 4644 μετρεῖται
1559 4566 1814 4642 σύμπασα
1888 4567 2044 4639 κίνη-

389 4678 495 4722 σις.

466 4842 549 4891 ια’.
607 4836 811 4911 ’Ὠσπερ
867 4831 927 4890 δὶ
977 4837 1087 4890 τῶν
1147 4830 1334 4891 ἄλλων
1377 4836 1641 4907 κινήσεων
1697 4832 2049 4912 ἐναργεστέρα

390 4924 533 4982 ἰστὶν
565 4926 601 4995 ἡ
632 4925 770 4981 κατὰ
794 4924 934 4999 (τὸν)
961 4923 1151 4980 τόπον·
1200 4922 1343 4979 οὕτω
1380 4921 1471 4980 καί
1504 4926 1533 4981 6
1561 4923 1729 5000 ταύτῃ
1773 4930 1842 5000 τῇ
1896 4928 2049 4997 κινή-

393 5035 474 5070 σει
517 5014 691 5070 συνὼν
723 5012 928 5090 χρόνος
956 5011 1330 5091 ἑναργέστερός
1359 5012 1469 5069 ἐστι
1526 5018 1621 5069 τοῦ
1674 5020 1795 5077 ταῖς
1854 5012 2049 5078 ἄλλαις

393 5101 647 5165 συνόντος
675 5104 942 5174 κινήσεσι.
976 5103 1064 5173 Μή
1097 5122 1231 5157 ποτε
1261 5098 1308 5157 δ’
1336 5096 1714 5179 ἀκριϐέστερον
1756 5109 2047 5159 σκοποῦντι

392 5191 485 5248 καὶ
515 5191 571 5248 αἱ
622 5188 792 5248 ἄλλαι
838 5196 1007 5247 πᾶσαι
1053 5192 1297 5262 κινήσεις
1346 5192 1460 5246 οἷον
1487 5189 1740 5267 γενέσεις,
1774 5192 2047 5267 αὐξήσεις,

387 5279 721 5345 ἀλλοιώσεις
773 5280 876 5337 ὑπὸ
922 5285 1020 5336 τοῦ
1062 5276 1268 5358 χρόνου
1331 5285 1648 5355 μετροῦνται
1679 5281 1925 5358 (τούτου)
1952 5287 2049 5338 τοῦ

386 5374 460 5447 τῇ
489 5374 695 5445 τοπικῇ
748 5369 1003 5433 συνόντος
1053 5371 1286 5442 κινήσει.
1316 5372 1509 5446 Ὥραις
1536 5370 1637 5448 γὰρ
1684 5370 1775 5426 καὶ
1817 5371 2050 5449 ἡμέραις

386 5460 480 5518 καὶ
542 5460 679 5537 μησὶ
736 5460 827 5517 καὶ
886 5459 1150 5523 ἐνιαυτοῖς
1205 5458 1297 5515 καὶ
1351 5463 1460 5516 τῶν
1525 5457 1710 5517 ἄλλων
1782 5463 2047 5531 κινήσεων

390 5548 651 5627 ὁρίζομεν
676 5548 780 5619 τὴν
807 5548 1126 5625 παράτασιν.

2149 728 2382 788 dicitur.
2440 736 2628 808 Atque
2684 738 2864 812 hujus
2922 740 3073 797 situs
3141 741 3363 797 ratione
3420 759 3802 800 numerorum

2146 817 2306 876 locos
2362 823 2654 883 novimus.
2712 829 2814 884 Est
2863 835 3056 885 autem
3111 830 3288 886 etiam
3338 832 3399 886 in
3458 834 3804 906 corporibus

2149 908 2299 965 situs
2332 916 2835 983 quemadmodum
2866 919 3086 975 dictum
3120 926 3227 989 est,
3262 922 3590 978 essentialis
3621 928 3679 977 et
3708 924 3804 978 ad-

2148 1001 2448 1058 ventitius.
2482 1004 2551 1060 Et
2580 1006 2911 1064 essentialis
2941 1008 3177 1080 duplex.
3215 1010 3321 1066 Pro
3351 1009 3679 1067 differentia
3708 1028 3797 1068 er-

2146 1106 2221 1162 go
2251 1091 2405 1148 situs
2436 1094 2737 1167 assignate
2781 1096 2891 1153 loci
2938 1098 3203 1155 definitio
3252 1099 3500 1156 diversis
3530 1100 3672 1158 locis
3703 1120 3796 1159 ac-

2149 1182 2576 1238 commodatur.
2610 1184 2758 1249 Quid
2789 1202 2926 1259 ergo
2982 1186 3148 1243 locus
3179 1188 3276 1260 sit,
3312 1189 3394 1245 ita
3422 1190 3797 1263 designatum

2148 1270 2255 1323 est.

2217 1358 2271 1412 9.
2304 1358 2563 1432 Tempus
2615 1365 2812 1419 autem
2843 1365 2890 1400 ²⁰
2918 1369 3008 1421 est
3054 1382 3339 1424 numerus
3368 1372 3583 1426 motus.
3615 1369 3801 1427 Voca-

2147 1448 2246 1499 tur
2275 1452 2471 1502 autem
2504 1466 2789 1507 numerus
2820 1469 2953 1508 cum
2985 1453 3035 1509 is
3067 1455 3167 1526 qui
3214 1462 3506 1523 numerat,
3540 1462 3664 1513 tum
3698 1459 3797 1531 qui

2148 1542 2519 1605 numeratur;
2544 1542 3044 1610 quemadmodum
3065 1560 3343 1600 mensura
3357 1545 3573 1601 dicitur
3586 1548 3654 1615 ²¹,
3674 1551 3795 1603 tam

2149 1639 2276 1694 quae
2309 1633 2631 1698 mensurat,
2666 1647 2842 1701 quam
2875 1648 3001 1703 qua:
3028 1637 3426 1689 mensuratur.
3451 1634 3645 1691 Veluti
3676 1653 3797 1692 mo-

2148 1713 2394 1769 nadicus
2414 1732 2715 1785 numerus,
2730 1719 2838 1775 hoc
2850 1726 2958 1792 est,
2978 1737 3047 1776 ex
3061 1722 3385 1779 unitatibus
3398 1725 3762 1797 compositus
3781 1737 3796 1789 ε

2146 1805 2203 1856 et
2231 1819 2515 1861 numerus
2536 1822 2820 1877 equorum
2850 1815 2951 1865 aut
2971 1811 3173 1866 boum.
3203 1812 3271 1866 Et
3317 1830 3526 1870 rursus
3569 1814 3799 1870 chosnix

2146 1890 2570 1964 lignea,etitem
2585 1897 2762 1954 tritici
2786 1900 3165 1972 ;etamphora
3182 1901 3619 1975 ﬁglina,etitem
3631 1919 3800 1976 aqua;

2147 1982 2301 2038 118
2334 1984 2637 2056 amphora.
2662 1986 2774 2041 Sed
2804 1986 2859 2041 id
2895 1989 2999 2043 cod
3032 1994 3398 2059 numeratur,
3432 1991 3645 2064 duplex
3665 1997 3792 2051 est:

2145 2087 2330 2126 unum
2361 2072 2589 2129 ratione
2618 2075 2983 2145 quantitatis,
3025 2079 3319 2149 quomodo
3349 2080 3499 2137 duos
3546 2086 3649 2137 aut
3676 2086 3795 2140 tres

2146 2164 2342 2217 motus
2374 2160 2626 2219 dicimus
2653 2188 2667 2231 ;
2696 2163 2946 2219 alterum
2979 2165 3200 2222 ratione
3229 2169 3473 2239 ordinis,
3497 2174 3793 2242 quomodo

2145 2249 2400 2321 priorem
2427 2255 2484 2306 et
2520 2252 2902 2324 posteriorem
2953 2259 3179 2310 motum
3228 2256 3503 2314 dicimus.
3536 2260 3795 2332 Tempus

2142 2337 2327 2409 igitur
2356 2344 2553 2397 motus
2578 2356 2713 2397 cum
2737 2346 2803 2397 ut
2832 2358 3173 2410 numerans,
3204 2350 3330 2399 tum
3364 2351 3429 2401 ut
3451 2354 3794 2406 numeratus

2143 2444 2425 2484 numerus
2449 2433 2539 2484 est
2561 2446 2575 2497 ;
2601 2446 2920 2487 numerans
2942 2436 3133 2488 autem
3153 2435 3481 2491 secundum
3503 2436 3790 2509 ordinem,

2141 2516 2262 2573 sive
2293 2519 2618 2574 secundum
2653 2520 2817 2590 prius
2847 2525 2905 2576 et
2936 2522 3250 2593 posterius,
3287 2524 3464 2596 priori
3508 2529 3566 2582 et
3597 2532 3789 2599 poste-

2142 2606 2282 2661 riori
2310 2608 2634 2662 secundum
2659 2608 2848 2680 ipsius
2871 2626 2998 2665 esse
3019 2612 3415 2668 extensionem
3444 2615 3699 2686 acceptis
3721 2618 3789 2671 9’.

2140 2695 2500 2751 Numeratur
2526 2713 2664 2769 ergo
2692 2701 2927 2769 tempus
2957 2715 2992 2753 a
3034 2699 3224 2770 primo
3253 2704 3311 2755 et
3339 2701 3594 2773 simplici
3626 2708 3789 2760 motu

2142 2784 2434 2855 circulari,
2483 2785 2868 2857 vicissimque
2904 2803 3038 2842 eum
3090 2794 3381 2844 numerat.
3413 2790 3539 2847 Nisi
3568 2792 3722 2849 enim
3757 2812 3792 2850 a

2142 2880 2404 2947 tempore
2429 2875 2720 2945 ejusmodi
2753 2880 2950 2932 motus
2970 2878 3447 2951 [numeraretur],
3470 2897 3505 2936 a
3525 2898 3641 2954 quo
3669 2888 3791 2939 tan-

2144 2965 2277 3020 dem
2308 2963 2716 3019 numerabitur
2732 2963 2760 3019 ?

2216 3053 2305 3109 40.
2339 3053 2489 3109 Dum
2520 3069 2656 3125 ergo
2713 3054 2969 3126 primum
3017 3060 3075 3112 et
3106 3056 3360 3113 maxime
3406 3058 3793 3132 principalem

2148 3148 2400 3209 motum,
2432 3142 2870 3199 conversionem
2902 3144 3207 3210 nimirum,
3262 3152 3500 3219 tempus
3531 3149 3791 3220 metitur,

2148 3232 2476 3288 secundum
2505 3230 2668 3286 illam
2706 3231 2881 3287 etiam
2932 3232 3079 3289 alios
3123 3239 3317 3290 motus
3348 3238 3606 3293 metitur.
3640 3239 3796 3302 Qua-

2149 3325 2388 3394 propter
2418 3325 2652 3391 tempus
2684 3321 2797 3376 erit
2845 3321 3148 3377 circularis
3191 3322 3430 3394 quidem
3464 3328 3658 3381 motus
3686 3344 3797 3380 nu-

2151 3426 2348 3465 merus
2422 3426 2554 3463 cum
2631 3412 2698 3463 ut
2770 3425 3111 3476 numerans,
3190 3414 3316 3467 tum
3388 3416 3454 3467 ut
3522 3430 3796 3469 numera-

2152 3505 2285 3567 tus;
2344 3504 2686 3555 caaterorum
2752 3503 2950 3553 autem
3013 3504 3283 3555 motuum
3356 3505 3422 3556 ut
3477 3519 3797 3560 numerans

2148 3589 2451 3654 duntaxat,
2503 3603 2620 3642 non
2668 3586 2804 3642 item
2864 3591 2929 3642 ut
2976 3592 3342 3643 numeratus.
3390 3588 3589 3661 Neque
3635 3592 3793 3646 enim

2149 3676 2568 3734 ambulationis
2648 3692 2808 3741 meae,
2887 3682 2945 3731 et
3016 3680 3129 3731 tua;
3200 3677 3591 3735 dealbationis
3645 3686 3793 3737 tem-

2149 3786 2260 3841 pus
2290 3773 2379 3822 est
2408 3781 2690 3821 numerus
2732 3769 2797 3819 ut
2840 3771 3183 3821 numeratus
3214 3767 3713 3840 (quandoquidem
3744 3769 3795 3825 si

2148 3858 2259 3914 hoc
2291 3859 2371 3912 ita
2399 3860 2694 3921 esset,non
2725 3854 3258 3923 essetinditl‘erens,
3303 3872 3493 3927 neque
3523 3857 3702 3913 simul
3732 3858 3793 3914 in

2151 3962 2267 4001 uno
2299 3949 2514 4017 puncto
2545 3943 2965 4015 secerneretur)
2991 3960 3004 4010 ;
3056 3944 3157 3999 sed
3189 3960 3324 3999 cum
3356 3945 3530 4017 primi
3562 3950 3622 4001 et
3649 3947 3792 4003 sim-

2151 4034 2318 4107 plicis
2369 4035 2565 4087 motus
2595 4032 2752 4087 114
2800 4030 3052 4087 caelestis
3104 4031 3288 4088 solius
3340 4033 3418 4089 sit
3460 4038 3699 4107 tempus
3736 4036 3795 4090 id

2152 4123 2306 4196 quod
2341 4124 2687 4177 numeratur
2731 4121 3057 4176 secundum
3104 4120 3265 4177 illius
3314 4122 3477 4194 prius
3516 4128 3573 4179 et
3603 4128 3797 4197 poste-

2151 4213 2293 4268 rius.
2327 4210 2498 4279 (Nani
2548 4208 2711 4281 prius
2759 4214 2817 4264 et
2864 4209 3158 4281 posterius
3206 4211 3384 4283 hujus
3433 4216 3628 4270 motus
3660 4230 3799 4270 cum

2152 4303 2498 4357 numeratur
2549 4303 2782 4369 tempus
2830 4298 2963 4369 est.)
3006 4298 3099 4354 Sic
3147 4300 3401 4371 denique
3446 4316 3519 4359 et
3561 4319 3688 4374 quin
3738 4302 3799 4359 in

2152 4388 2558 4445 differentibus
2609 4386 2868 4442 motibus
2920 4387 3115 4459 priora
3162 4391 3220 4442 et
3270 4390 3593 4459 posteriora
3638 4395 3801 4455 sunt,

2153 4476 2476 4533 secundum
2500 4490 2684 4530 unum
2702 4490 2877 4529 suum
2899 4491 3055 4530 nunc
3067 4481 3339 4531 numerat
3354 4476 3420 4530 ’5.
3440 4480 3805 4551 QuaprOpter

2152 4567 2329 4624 etiam
2362 4564 2540 4621 simul
2570 4564 2790 4634 ubique
2836 4564 2993 4619 idem
3036 4568 3271 4636 tempus
3300 4569 3393 4620 est
3421 4568 3574 4638 quod
3609 4567 3803 4623 omnis

2153 4659 2351 4713 motus
2381 4669 2661 4709 mensura
2688 4650 2934 4708 exsistit.
2957 4651 3242 4725 Tempore
3270 4653 3427 4710 enim
3457 4655 3652 4712 omnis
3676 4672 3803 4712 mo-

2068 4747 2117 4812 D
2150 4749 2248 4802 tus
2277 4747 2675 4800 mensuratur.

2231 4834 2317 4889 14.
2342 4830 2851 4899 Quemadmodum
2872 4833 3069 4885 autem
3090 4830 3367 4886 omnibus
3389 4830 3522 4889 aliis
3544 4833 3803 4891 motibus

2159 4922 2480 4980 evidentior
2527 4926 2616 4977 est
2665 4919 2717 4975 is
2766 4919 2867 4990 qui
2913 4918 3137 4974 ratione
3184 4917 3294 4973 loci
3343 4920 3449 4988 ﬁt;
3501 4920 3586 4976 sic
3624 4921 3800 4977 etiam

2158 5019 2394 5084 tempus
2424 5010 2580 5082 quod
2614 5026 2750 5064 cum
2791 5009 2919 5079 ipso
2948 5013 3038 5063 est
3084 5006 3408 5063 evidentius
3439 5015 3529 5064 est
3552 5026 3618 5066 eo
3648 5011 3806 5083 quod

2160 5119 2295 5158 cum
2326 5100 2456 5156 aliis
2486 5099 2747 5155 motibus
2776 5098 3025 5152 exsistit.
3049 5102 3240 5168 Atque
3269 5096 3443 5152 etiam
3476 5098 3635 5154 haud
3666 5099 3809 5169 scio,

2160 5209 2234 5248 an
2270 5207 2385 5246 non
2416 5189 2464 5244 si
2513 5205 2635 5244 rem
2686 5185 3017 5242 accuratius
3064 5184 3654 5255 consideraverimus,
3702 5188 3814 5245 hoc

2160 5288 2396 5353 tempus
2447 5279 2602 5351 quod
2652 5294 2787 5332 cum
2838 5273 3006 5330 locali
3064 5278 3226 5329 motu
3275 5277 3659 5345 conjunctum
3702 5282 3812 5346 est,

2161 5378 2399 5428 cazteros
2430 5374 2603 5424 etiam
2636 5372 2855 5431 motus,
2887 5364 3044 5419 velut
3071 5364 3498 5435 generationes,
3535 5382 3815 5440 augmen-

2160 5462 2437 5525 tationes,
2470 5455 2845 5513 alterationes
2877 5454 3154 5510 metiatur
3175 5453 3203 5507 ‘I
3235 5454 3341 5509 Per
3363 5455 3537 5510 horas
3568 5456 3723 5511 enim
3756 5461 3814 5513 et

2161 5551 2287 5607 dies
2313 5554 2371 5604 et
2417 5562 2650 5602 menses
2699 5548 2757 5600 et
2795 5559 2981 5597 annos
3033 5542 3283 5597 aliorum
3332 5542 3508 5599 etiam
3540 5549 3810 5601 motuum

2160 5637 2559 5698 extensionem
2592 5633 2911 5690 definimus
2936 5632 3001 5687 ³⁸.

458 5801 506 5838 ³ο
534 5800 781 5875 &_Phys.
806 5815 858 5875 _o_.
888 5798 1059 5875 46,_t._
1102 5797 1229 5875 494.
1305 5799 1717 5875 ’14APbys._c.
1750 5802 1839 5870 46,
1870 5806 1913 5858 t.
1962 5803 2038 5861 401

2166 5802 2265 5857 ²²ἇ
2300 5798 2471 5869 Phys.
2505 5813 2553 5852 ο.
2611 5795 2700 5861 46,
2750 5799 2791 5849 t.
2841 5794 2931 5847 99.
3011 5793 3056 5827 2³
3085 5793 3116 5846 4
3168 5791 3338 5865 Phys.
3374 5809 3423 5847 ο.
3457 5792 3547 5863 47,
3578 5798 3619 5848 t.
3661 5795 3788 5863 103;

386 5876 448 5931 et
475 5889 529 5932 ο.
559 5872 650 5948 48,
680 5870 725 5931 ι.
757 5871 882 5932 440.
959 5870 1007 5908 ³⁸
1034 5871 1068 5929 4
1094 5870 1274 5945 Phys.
1304 5888 1356 5929 c.
1387 5871 1477 5943 49,
1508 5870 1709 5931 ιζ448.
