4094 6444
300 467 453 529 4407

370 603 456 656 12.
489 598 615 655 Non
646 601 842 655 autem
891 595 1218 653 motionum
1265 598 1521 664 tantum,
1570 592 1670 648 sed
1701 596 1758 647 et
1783 589 1943 662 quie-
1976 591 2028 656 Α

294 694 422 746 tum
458 705 736 745 mensura
783 692 1017 759 tempus
1066 692 1173 741 est.
1214 685 1358 740 Nam
1404 687 1460 738 et
1506 683 1592 737 hae
1622 700 1657 738 a
1686 687 1949 751 tempore

299 797 403 852 per
431 779 701 835 accidens
749 782 1188 833 rnensurantnr.
1224 774 1424 845 Neque
1466 772 1621 827 enim
1656 775 1948 842 quatenus

302 869 549 940 quietes,
582 867 694 922 hoc
725 873 835 932 est,
884 871 1153 921 motuum
1198 864 1474 919 absentiae
1516 866 1673 931 sunt,
1708 865 1949 915 eatenus

301 962 756 1024 mensurantur;
790 958 889 1011 sed
925 959 1213 1026 quatenus
1257 957 1315 1008 et
1353 952 1484 1024 ipsa
1514 948 1949 1023 quodammodo

300 1046 454 1103 115
489 1050 684 1101 motus
714 1045 829 1100 dici
861 1048 1104 1117 queunt.
1156 1042 1380 1114 Duplex
1422 1040 1577 1096 enim
1615 1044 1810 1094 motus
1838 1042 1946 1102 est,

301 1153 456 1192 unus
489 1135 670 1207 quieti
694 1134 1021 1207 oppositus,
1046 1132 1193 1187 alter
1213 1132 1387 1186 ﬂuxio
1410 1129 1756 1201 simpliciter
1785 1135 1841 1183 et
1857 1145 1950 1183 ex-

300 1225 511 1294 tensio,
562 1223 663 1295 qui
711 1224 885 1278 etiam
943 1222 1196 1293 quietem
1257 1219 1718 1291 comprehendit.
1775 1219 1948 1273 Tem-

300 1332 413 1386 pus
444 1314 623 1386 igitur
650 1330 785 1368 cum
819 1312 874 1365 id
927 1311 1079 1383 quod
1115 1314 1398 1377 movetur,
1439 1313 1563 1362 tum
1596 1308 1750 1379 quod
1784 1305 1946 1378 quie-

304 1404 439 1469 scit,
456 1403 715 1457 metitur.
747 1402 889 1457 Nam
908 1405 966 1455 et
989 1404 1252 1454 motuum
1273 1398 1401 1467 ejus
1421 1397 1777 1461 metietur,et
1794 1395 1949 1467 quie-

302 1498 420 1549 tem
453 1496 674 1564 quanta
702 1490 797 1554 sit,
830 1490 936 1544 hoc
970 1494 1056 1544 est
1086 1489 1396 1558 utriusque
1426 1504 1628 1542 eorum
1661 1491 1946 1557 quantum

304 1573 377 1628 ad
407 1571 723 1627 essentiam
757 1570 986 1636 attinet,
1039 1568 1460 1623 extensionem.
1508 1567 1695 1630 Quare
1735 1572 1798 1620 ut
1826 1582 1949 1620 rem

307 1660 511 1733 paucis
539 1658 732 1715 verbis
780 1659 995 1726 dicam,
1043 1661 1277 1728 tempus
1324 1658 1454 1727 ejus
1505 1655 1777 1710 ﬂuxionis
1822 1670 1951 1726 quae

305 1750 365 1804 in
399 1748 772 1822 generatione
801 1751 891 1803 est
920 1763 1201 1802 mensura
1228 1749 1317 1801 est
1339 1788 1353 1813 ,
1378 1762 1505 1818 quae
1538 1744 1775 1816 quidem
1800 1759 1954 1798 com-

306 1837 505 1893 munis
535 1841 625 1893 est
649 1842 707 1892 et
738 1841 933 1891 motus
963 1838 1020 1891 et
1050 1834 1265 1907 quietis
1286 1839 1343 1889 et
1372 1831 1641 1889 essentiaa
1671 1832 1729 1886 in
1761 1830 1951 1886 omni-

305 1927 419 1982 bus
450 1926 625 1983 rebus
656 1942 784 1997 quae
816 1928 1193 1997 generantur.

379 2016 465 2071 13.
516 2014 773 2087 Tempus
817 2018 1012 2070 autem
1064 2012 1289 2069 dictum
1342 2010 1453 2066 fuit
1502 2026 1808 2079 numerus,
1842 2026 1955 2064 non

311 2105 466 2176 quod
519 2102 865 2176 simpliciter
909 2117 1194 2157 numerus
1244 2100 1319 2156 sit
1367 2098 1870 2172 (quandoquidem
1903 2102 1961 2153 et

311 2194 508 2266 ipsum
567 2198 626 2249 et
682 2193 1049 2257 continuum,
1100 2189 1600 2262 quemadmodum
1654 2192 1848 2243 motus
1897 2192 1957 2244 et

311 2282 698 2355 magnitudo),
750 2282 853 2338 sed
901 2281 1059 2352 quod
1108 2296 1211 2352 per
1259 2277 1697 2334 distinctionem
1748 2276 1961 2350 prioris

309 2375 367 2427 et
395 2370 734 2443 posterioris
766 2371 915 2440 ejus,
967 2369 1121 2440 quod
1172 2368 1228 2422 in
1278 2366 1718 2423 continuatione
1746 2371 1856 2438 est,
1889 2366 1962 2421 ab

310 2459 385 2514 iis
407 2459 767 2531 agnoscitur,
794 2457 890 2528 qui
913 2462 1148 2529 tempus
1171 2456 1388 2511 sentire
1409 2461 1674 2527 possunt,
1703 2460 1962 2527 propter-

309 2563 378 2603 ea
406 2564 688 2603 numerus
736 2547 951 2602 dicitur
994 2547 1059 2601 ³⁵.
1110 2546 1225 2602 Nec
1276 2562 1409 2600 vero
1464 2543 1813 2616 simpliciter
1852 2563 1960 2600 nu-

311 2653 509 2691 merus
539 2641 649 2704 est,
679 2637 778 2692 sed
832 2640 889 2692 et
916 2636 1045 2707 ipsa
1094 2651 1373 2690 mensura
1419 2638 1526 2701 est,
1573 2635 1961 2706 quemadmo-

310 2725 451 2780 dum
484 2742 788 2781 numerus.
821 2724 1083 2789 Quatuor
1131 2724 1285 2779 enim
1319 2739 1610 2778 mensuras
1658 2727 1819 2793 sunt,
1852 2740 1962 2777 nu-

310 2830 531 2881 merus,
564 2815 933 2888 magnitudo,
982 2812 1146 2869 locus
1196 2816 1254 2868 et
1279 2816 1533 2883 tempus.
1578 2811 1648 2867 Et
1677 2828 1962 2868 numerus

310 2902 548 2974 quidem
563 2903 972 2959 discretionem
990 2921 1004 2970 ;
1022 2902 1388 2975 magnitudo,
1404 2900 1742 2957 distantiam
1766 2919 1779 2969 ;
1797 2899 1962 2957 locus

310 2994 505 3050 omnis
533 2992 766 3066 generis
788 2992 966 3047 situm
994 3009 1007 3059 ;
1031 2996 1287 3063 tempus,
1312 2989 1705 3063 generationis
1736 2989 1960 3046 ﬂuxum

311 3084 466 3138 110
496 3086 552 3138 et
580 3081 976 3137 extensionem
1010 3081 1270 3135 metitur.

380 3170 470 3226 44.
497 3171 673 3225 Porro
695 3174 931 3242 tempus
954 3168 1185 3240 proprie
1206 3166 1486 3223 dividitur
1508 3166 1569 3221 in
1597 3166 1958 3239 praeteritum

1551 452 1977 522 NICEPHORI
2019 447 2461 521 BLEMMIDE

3556 437 3720 515 i408

2134 584 2224 658 ιβ’.
2274 581 2348 639 O6
2409 580 2573 655 μόνον
2630 576 2687 635 δὲ
2739 582 2847 635 τῶν
2920 577 3184 649 κινήσεων
3244 571 3440 653 μέτρον
3501 571 3641 633 ἰστὶν
3678 575 3710 633 6

2057 673 2283 749 χρόνος,
2313 670 2461 728 ἀλλὰ
2525 668 2592 740 δὴ
2638 663 2728 725 xui
2772 673 2879 724 τῶν
2922 669 3193 742 ἠρεμιῶν.
3245 663 3347 722 Καὶ
3394 664 3551 721 αὗται
3607 663 3711 742 γὰρ

2060 763 2164 818 ὑπὸ
2214 762 2418 838 χρόνου
2489 765 2807 836 μετροῦνται
2871 759 3006 813 κατὰ
3070 750 3441 831 συμϐεϐηκός.
3492 753 3567 810 Οὐ
3608 757 3716 832 γὰρ

2057 852 2192 916 καθὸ
2256 848 2506 927 ἠρεμίαι,
2554 848 2850 922 τουτέστιν,
2902 845 3154 903 ἀπουσίαι
3226 847 3513 917 κινήσεων,
3580 844 3721 900 κατὰ

2056 945 2217 995 τοῦτο
2273 944 2611 1015 μετροῦνται·
2658 935 2807 994 ἀλλὰ
2846 937 2981 1001 καθὸ
3027 936 3119 992 καὶ
3166 935 3321 992 αὗταί
3386 956 3504 997 πως
3562 936 3716 1005 κινή-

2059 1050 2168 1092 σεις
2198 1028 2443 1106 λεχθεῖεν
2496 1026 2577 1085 ἄν.
2613 1028 2776 1096 Διττὴ
2827 1029 2931 1105 γὰρ
2963 1029 2999 1097 ἡ
3029 1023 3266 1098 κίνησις,
3316 1025 3352 1095 ἠ
3407 1024 3501 1097 μὲν
3573 1024 3718 1079 ἀντι-

2056 1118 2280 1192 κειμένη
2349 1122 2418 1191 τῇ
2467 1117 2694 1194 ἠρεμίᾳ,
2744 1119 2779 1187 ἠ
2824 1114 2883 1172 δὲ
2931 1115 3033 1192 ῥοὴ
3080 1112 3273 1178 ἁπλῶς
3319 1113 3410 1170 xui
3467 1112 3714 1190 παράτα-

2059 1229 2159 1279 σις,
2207 1207 2333 1277 ἥτις
2376 1206 2487 1262 ἐστὶ
2536 1214 2639 1277 τῆς
2688 1205 2923 1279 ἠρεμίας
2970 1203 3370 1281 περιληπτική.
3410 1203 3575 1258 Ὥστε
3626 1222 3724 1275 με-

2057 1299 2246 1375 τρήσει
2278 1297 2306 1352 6
2338 1296 2540 1373 χρόνος
2587 1295 2677 1351 καὶ
2722 1295 2786 1350 τὸ
2831 1293 3149 1367 κινούμενον
3195 1290 3285 1347 xui
3339 1292 3403 1347 16
3449 1293 3715 1369 ἠρεμοῦν.

2057 1387 2165 1456 Τήν
2211 1387 2313 1463 γὰρ
2352 1385 2565 1456 κίνησιν
2618 1383 2782 1439 αὐτοῦ
2834 1386 3090 1458 μετρήσει
3156 1380 3246 1437 xui
3311 1381 3415 1450 τήν
3479 1380 3717 1455 ἠρεμίαν

2060 1473 2233 1543 ὁπόση
2284 1495 2386 1543 τις,
2437 1471 2609 1549 ἤγουν
2662 1472 2913 1548 ἑκατέρας
2964 1471 3140 1528 αὐτῶν
3187 1471 3287 1539 τὴν
3343 1468 3481 1525 κατὰ
3525 1470 3593 1529 τὸ
3641 1468 3719 1524 εί-

2058 1585 2145 1619 ναι
2238 1564 2558 1640 παράτασιν.
2648 1565 2809 1618 Ὥστε
2888 1559 3179 1618 συνελόντα
3262 1558 3441 1637 φάναι,
3518 1558 3719 1635 μέτρον

2060 1650 2200 1707 ἐστὶν
2231 1653 2260 1707 6
2290 1652 2494 1728 χρόνος
2523 1655 2622 1721 τῆς
2675 1651 2726 1707 έν
2774 1648 2974 1726 γενέσει
3029 1649 3185 1726 ῥοῆς,
3217 1647 3340 1718 ἥτις
3393 1646 3503 1703 ἐστὶ
3556 1648 3720 1717 κοινή

2060 1741 2149 1796 καὶ
2215 1742 2482 1811 κινήσεως
2548 1740 2636 1796 xui
2705 1738 2938 1818 ἠρεμίας
3001 1737 3092 1795 καὶ
3154 1741 3253 1793 τοῦ
3319 1736 3370 1792 έν
3418 1742 3548 1795 πᾶσι
3603 1743 3725 1800 τοῖς

2060 1829 2372 1907 γινομένοις
2406 1829 2560 1885 εἶναι.

2145 2009 2228 2085 ιγ’.
2293 2006 2557 2064 Λέλεκται
2632 2005 2691 2064 δὲ
2771 2006 3001 2084 ἀριθμὸς
3068 2006 3097 2061 6
3156 2004 3382 2083 χρόνος,
3448 2001 3564 2079 οὐχ
3637 2001 3727 2058 ὅτι

2069 2095 2261 2160 ἁπλῶς
2307 2096 2447 2152 ἐστιν
2509 2096 2742 2175 ἀριθμὸς
2788 2094 2928 2172 (ἐπεὶ
2965 2095 3202 2171 συνεχὴς
3250 2094 3341 2151 καὶ
3386 2091 3569 2164 αὐτὸς,
3616 2090 3729 2147 ὥσ-

2068 2205 2170 2260 περ
2202 2188 2237 2257 ἠ
2268 2185 2480 2258 κίνησις
2519 2186 2610 2241 καὶ
2657 2186 2720 2241 τὸ
2762 2186 3026 2263 μέγεθος),
3058 2183 3185 2241 ἀλλ’
3214 2183 3291 2247 ὡς
3329 2186 3411 2255 τῷ
3449 2179 3730 2257 διορισμῷ

2067 2279 2165 2331 τοῦ
2218 2274 2269 2330 έν
2313 2279 2382 2349 τῇ
2433 2273 2685 2353 συνεχείᾳ
2733 2274 3021 2352 (προτέρου
3075 2273 3167 2329 καὶ
3233 2272 3481 2350 ὑστέρου)
3521 2289 3729 2347 γνωρι-

2074 2364 2299 2439 ζόμενος
2352 2365 2455 2420 ὑπὸ
2498 2369 2604 2420 τῶν
2660 2363 2931 2420 αἰσθέσθαι
2993 2362 3199 2441 χρόνου
3249 2359 3583 2435 δυναμένων,
3636 2355 3734 2414 διὰ

2068 2458 2230 2510 τοῦτο
2265 2452 2475 2531 λέγεται
2511 2454 2766 2531 ἀριθμός.
2799 2453 2911 2509 Οὐκ
2959 2450 3067 2509 ἔστι
3118 2450 3165 2508 δ’
3216 2451 3409 2514 ἁπλῶς
3465 2449 3731 2524 ἀριθμὸς,

2073 2541 2218 2600 ἆλλά
2268 2542 2461 2619 μέτρον
2509 2543 2602 2598 καὶ
2651 2542 2833 2615 αὐτὸς,
2872 2541 3054 2617 ὥσπερ
3104 2542 3133 2597 6
3182 2539 3435 2618 ἀριθμός.
3485 2535 3733 2613 Τέσσαρα

2070 2631 2170 2709 γάρ
2220 2632 2322 2688 εἶσι
2377 2631 2565 2708 μέτρα,
2619 2630 2876 2707 ἂριθμὸς,
2929 2630 3177 2706 μέγεθος,
3225 2628 3395 2693 τόπος
3451 2628 3542 2684 καὶ
3590 2626 3734 2704 χρό-

2071 2742 2182 2783 νος.
2216 2720 2319 2776 Καὶ
2368 2723 2396 2776 6
2446 2721 2539 2794 μὲν
2584 2721 2817 2798 ἀριθμὸς
2865 2721 2965 2790 τήν
3017 2717 3283 2797 διάκρισιν
3334 2722 3539 2794 μετρεῖ,
3574 2716 3641 2772 τὸ
3672 2712 3737 2771 δὲ

2076 2810 2305 2886 μέγεθος
2365 2811 2465 2881 τὴν
2531 2808 2827 2879 διαστάσιν,
2872 2811 2901 2865 6
2950 2806 3008 2865 δὲ
3069 2809 3240 2871 τόπος
3301 2809 3403 2877 τήν
3463 2804 3727 2863 παντοίαν

2072 2900 2239 2973 θέσιν,
2273 2901 2301 2956 ὁ
2333 2897 2392 2955 δὲ
2423 2899 2624 2975 χρόνος
2654 2901 2755 2969 τήν
2782 2907 2884 2970 τῆς
2916 2898 3177 2976 γενέσεως
3226 2896 3358 2974 ῥοὴν
3402 2896 3494 2953 καὶ
3546 2894 3726 2972 παρά-

2068 3010 2169 3044 τασ
2174 3009 2218 3043 ιν
2228 3029 2242 3044 ο

2145 3163 2227 3222 ιδ’.
2263 3171 2557 3245 Διαιρεῖται
2609 3163 2667 3222 δὲ
2715 3167 2743 3221 6
2785 3165 2987 3243 χρόνος
3032 3165 3233 3241 κυρίως
3278 3165 3355 3228 είς
3403 3160 3727 3240 παρεληλυ-

308 3265 368 3316 et
400 3260 702 3314 futurum:
753 3262 812 3313 et
859 3274 961 3329 per
1008 3272 1165 3312 NUNC
1212 3255 1511 3310 dividitur.
1561 3255 1777 3326 Estque
1804 3270 1957 3309 NUNC

2071 3256 2201 3312 θότα
2266 3255 2356 3311 καὶ
2428 3253 2723 3329 μέλλοντα,
2767 3256 2856 3311 καὶ
2927 3253 3216 3332 διαιρεῖται
3274 3253 3413 3311 κατὰ
3450 3253 3516 3309 τὸ
3565 3258 3724 3311 ΝΥΝ.

308 3346 586 3420 praeteriti
618 3346 857 3418 quidem
890 3345 1048 3410 finis,
1094 3345 1275 3399 futuri
1327 3350 1522 3398 autem
1556 3342 1950 3415 principium:

2071 3344 2165 3401 Καὶ
2227 3342 2337 3401 ἔστι
2406 3346 2471 3401 τὸ
2537 3352 2668 3401 ΝΥΝ
2732 3343 2898 3421 πέρας
2954 3345 3048 3419 μὲν
3097 3349 3195 3400 τοῖ’)
3250 3340 3726 3418 παρεληλυθότος,

307 3436 590 3508 temporis
618 3451 752 3491 vero
784 3450 921 3505 pars
942 3449 1015 3488 ne
1046 3432 1292 3488 minima
1312 3432 1551 3504 quidem
1575 3432 1639 3486 2⁸.
1663 3431 1773 3486 Sed
1799 3431 1957 3503 quod

306 3530 396 3581 est
439 3525 500 3579 in
552 3522 704 3578 linea
752 3526 1035 3594 punctum
1084 3526 1142 3577 et
1187 3522 1246 3576 in
1295 3526 1457 3576 motu
1517 3518 1723 3593 κίνημα
1777 3538 1790 3576 :
1849 3521 1958 3577 hoc

304 3615 484 3670 etiam
510 3616 600 3669 est
621 3628 780 3668 NUNC
809 3611 868 3667 in
900 3616 1181 3683 tempore.
1213 3609 1567 3677 Quantitatis
1593 3611 1749 3666 enim
1784 3614 1841 3666 et
1876 3610 1960 3665 di-

303 3703 548 3759 visionis
590 3702 847 3773 expertia
876 3707 1016 3756 sunt
1044 3701 1089 3736 ²⁷
1124 3705 1433 3771 punctum,
1463 3697 1669 3772 κίνημα
1698 3705 1755 3756 et
1784 3717 1956 3757 NUNC.

306 3789 375 3845 Et
400 3790 482 3845 ita
510 3791 750 3863 quidem
796 3807 859 3846 se
906 3791 1081 3846 habet
1129 3790 1284 3861 quod
1334 3788 1523 3861 primo
1571 3794 1629 3844 et
1676 3805 1778 3859 per
1816 3807 1957 3845 NUNC

305 3879 541 3935 dicitur.

374 3970 461 4024 45.
497 3970 1002 4033 Quemadmodum
1036 3973 1233 4024 autem
1268 3968 1432 4023 locus
1462 3967 1702 4035 dicitur,
1733 3972 1788 4023 et
1819 3984 1955 4024 con-

302 4058 545 4114 tinentis
593 4059 951 4125 extremitas,
1003 4063 1061 4113 et
1113 4063 1235 4113 tota
1283 4058 1494 4114 domus
1539 4056 1700 4113 locus
1741 4057 1959 4113 dicitur

303 4148 431 4218 ejus
462 4147 562 4218 qui
594 4146 655 4201 in
677 4148 851 4201 domo
873 4152 1283 4218 est,quatenus
1313 4147 1670 4202 continentis
1688 4147 1958 4202 extremi-

302 4240 487 4291 tatem
516 4235 572 4290 in
608 4252 668 4291 se
698 4236 1066 4291 continenter
1087 4236 1260 4291 habet
1288 4253 1301 4291 :
1327 4236 1411 4291 sic
1433 4237 1609 4291 etiam
1639 4252 1792 4290 NUNC
1819 4235 1958 4290 dici-

303 4331 400 4380 tur
428 4325 491 4389 “,
523 4340 654 4379 cum
687 4324 744 4379 id
771 4325 925 4396 quod
962 4325 1152 4397 primo
1183 4329 1238 4379 et
1270 4341 1371 4396 per
1402 4341 1483 4388 se,
1519 4325 1627 4379 hoc
1656 4331 1763 4391 est,
1798 4325 1953 4396 quod

304 4412 560 4482 partium
594 4418 652 4468 et
680 4412 984 4469 divisionis
1032 4430 1271 4484 expers:
1323 4418 1451 4468 tum
1487 4413 1542 4467 id
1572 4415 1766 4484 ipsum
1800 4414 1954 4483 quod

306 4501 530 4556 ratione
561 4503 870 4573 praesentis
892 4503 1170 4571 temporis
1194 4501 1428 4568 dicitur,
1461 4502 1616 4573 quod
1644 4517 1784 4556 sane
1814 4506 1957 4556 tem-

305 4590 463 4660 poris
496 4606 629 4661 pars
662 4595 769 4656 est,
803 4598 858 4645 et
888 4592 1207 4645 secundum
1248 4588 1512 4645 latiorem
1545 4589 1890 4645 divisionem
1924 4606 1956 4643 a

2067 3434 2214 3511 ἀρχή
2267 3432 2325 3489 δὲ
2372 3434 2462 3490 καὶ
2502 3438 2599 3490 τοῦ
2651 3432 2971 3507 μέλλοντος,
3020 3433 3228 3511 χρόνου
3274 3429 3336 3489 δὲ
3384 3430 3553 3509 μέρος
3598 3427 3729 3487 οὐδὲ

2064 3522 2451 3600 τούλάχιστον,
2483 3522 2611 3579 ἀλλ’
2644 3523 2777 3599 ὅπερ
2808 3522 2948 3579 ἐστὶν
2982 3522 3035 3579 έν
3065 3526 3298 3600 γραμμῇ
3347 3526 3599 3594 σημεῖονο
3633 3520 3729 3576 καὶ

2065 3611 2277 3684 κίνημα
2334 3611 2387 3668 ἐν
2437 3614 2667 3683 κινήσει’
2718 3616 2880 3669 τοῦτο
2949 3609 3007 3668 δὲ
3068 3611 3120 3667 έν
3188 3610 3377 3688 χρόνῳ
3439 3611 3504 3666 τὸ
3566 3615 3729 3667 ΝΥΝ.

2066 3703 2281 3759 Ἀποσα
2323 3702 2426 3779 γὰρ
2470 3701 2560 3757 καὶ
2609 3698 2788 3775 ἄτομα
2839 3702 2904 3757 τὸ
2952 3706 3213 3775 σημεῖον,
3250 3701 3314 3756 τὸ
3360 3698 3572 3773 κίνημα
3635 3699 3729 3755 καὶ

2064 3791 2128 3846 16
2176 3797 2329 3846 ΝΥΝ.
2381 3790 2479 3845 Καὶ
2520 3789 2695 3854 οὕτως
2741 3791 2834 3865 μὶν
2885 3786 3001 3867 ἔχει
3043 3791 3108 3847 τὸ
3150 3791 3385 3867 πρώτως
3445 3789 3537 3845 καὶ
3605 3788 3731 3853 καθ’

2066 3877 2196 3934 αὐτὸ
2227 3877 2527 3954 λεγόμενον
2557 3885 2709 3934 ΝΥΝ.

2142 3969 2220 4026 ιε’.
2276 3970 2480 4045 ’Ὠσπερ
2539 3965 2597 4023 δὲ
2652 3970 2818 4031 τόπος
2876 3966 3093 4044 λέγεται
3154 3969 3248 4042 μὶν
3304 3967 3394 4023 καὶ
3449 3967 3513 4023 τὸ
3558 3967 3731 4043 πέρας

2063 4061 2163 4112 τοῦ
2227 4058 2607 4135 περιέχοντος·
2681 4056 2892 4133 λέγεται
2961 4055 3019 4114 δὲ
3084 4057 3174 4114 καὶ
3230 4061 3267 4128 ἡ
3336 4056 3483 4115 οἰκία
3556 4062 3727 4126 πᾶσα,

2063 4146 2232 4210 τόπος
2280 4152 2378 4202 τοῦ
2428 4145 2480 4202 ἐν
2529 4151 2600 4222 τῇ
2649 4146 2797 4218 οἰκίᾳ
2840 4142 3012 4220 ὄντος,
3059 4147 3289 4203 καθόσον
3340 4145 3459 4225 ἔχει
3525 4165 3728 4223 προσε-

2067 4240 2186 4312 χῶς
2230 4236 2283 4292 έν
2332 4236 2495 4310 ἑαυτῇ
2537 4236 2601 4291 16
2647 4241 2745 4291 τοῦ
2791 4236 3145 4313 περιέχοντος
3195 4236 3384 4311 πέραςο
3437 4234 3582 4291 οὕτω
3633 4232 3730 4290 λέ-

2066 4346 2218 4401 γεται
2277 4325 2365 4380 καὶ
2416 4331 2548 4380 ΝΥΝ
2598 4324 2660 4381 τό
2708 4346 2767 4380 τε
2822 4327 3056 4403 πρώτως
3108 4324 3199 4380 καὶ
3252 4323 3556 4392 καθταότὸ,
3594 4344 3726 4380 του-

2063 4414 2230 4486 τέστι,
2285 4415 2348 4469 τὸ
2408 4413 2607 4490 ἀμερὲς
2652 4415 2744 4469 καὶ
2805 4411 3129 4490 ἀδιαίρετον,
3179 4413 3270 4470 xui
3336 4412 3468 4473 αὐτὸ
3536 4410 3604 4483 δὴ
3659 4413 3728 4470 16

2064 4504 2201 4558 κατὰ
2261 4502 2462 4580 χρόνον
2533 4504 2626 4557 τὸν
2697 4502 2960 4558 ἐνεστῶτα
3027 4502 3349 4579 λεγόμενον·
3402 4501 3536 4580 ὅπερ
3614 4500 3729 4558 ἐστὶ

2071 4592 2234 4665 μέρος
2302 4590 2530 4667 χρόνου,
2582 4588 3087 4669 ἀντιδιαιροόμενον
3152 4591 3289 4647 κατὰ
3350 4591 3450 4660 τήν
3527 4587 3737 4651 πλατυο

308 4678 596 4750 ρΓίΒῐΟΓίίο
630 4684 686 4733 et
714 4680 910 4734 futuro
939 4685 1145 4735 contra
1177 4679 1580 4751 distinguitur.
1613 4678 1956 4750 Diciturque

2071 4680 2168 4748 κῆν
2250 4676 2511 4757 διαίρεσιν
2591 4680 2729 4756 πρὸς
2790 4679 3213 4757 παρεληλυθότα
3274 4678 3366 4735 xui
3432 4676 3733 4753 μέλλοντα·

306 4766 417 4822 boc
448 4785 624 4833 NUNC,
677 4768 960 4840 temporis
1016 4785 1191 4839 pars;
1227 4772 1518 4840 quatenus
1571 4767 1631 4821 in
1678 4783 1739 4822 se
1769 4767 1961 4821 conti-

307 4862 512 4911 neuter
544 4857 737 4923 habet,
773 4858 930 4929 quod
983 4857 1173 4928 primo
1220 4862 1276 4912 et
1308 4873 1408 4929 per
1447 4858 1510 4913 se
1542 4873 1695 4912 NUNC
1725 4856 1958 4911 dicitur.

308 4946 567 5000 Prazsens
598 4944 779 5017 igitur
808 4950 1046 5017 tempus
1079 4951 1185 5011 est,
1221 4947 1377 5017 quod
1403 4946 1461 5000 in
1492 4951 1804 5017 utramque
1838 4963 1963 5017 par-

303 5038 422 5088 tem
463 5036 691 5105 adjacet
740 5033 972 5105 proprie
1017 5033 1161 5088 dicti
1206 5049 1400 5102 NUNc;
1431 5033 1784 5106 particulare
1813 5039 1959 5089 tem-

305 5138 437 5194 pus,
471 5139 537 5177 ex
573 5123 869 5194 praeterito
917 5127 972 5177 et
1003 5124 1151 5177 117
1203 5122 1403 5178 futuro
1452 5128 1771 5192 constans;
1800 5123 1957 5193 quod

301 5208 374 5263 ob
409 5208 932 5281 prOpinquitatem,
972 5226 1151 5281 quam
1184 5226 1318 5265 cum
1352 5210 1585 5282 proprie
1616 5211 1770 5267 dicto
1803 5227 1959 5267 NUNC

299 5294 497 5365 habet,
532 5299 856 5370 ipsummet
885 5297 1061 5354 etiam
1098 5315 1256 5354 NUNC
1288 5298 1525 5356 dicitur.

2071 4768 2161 4823 καὶ
2205 4767 2420 4846 λέγεται
2483 4775 2615 4824 ΝΥΝ
2680 4771 2743 4824 16
2809 4774 3063 4826 τοιοῦτον
3116 4775 3221 4825 τοῦ
3274 4768 3481 4847 χρόνου
3541 4767 3731 4845 μέρος,

2073 4857 2300 4922 καθόσον
2354 4857 2475 4935 ἔχει
2522 4857 2573 4912 ἐν
2636 4858 2808 4932 έαυτῷ
2875 4864 3164 4937 προσεχῶς
3220 4859 3284 4915 τὸ
3339 4859 3573 4936 πρώτως
3638 4858 3733 4915 καὶ

2071 4953 2187 5010 καθ’
2243 4946 2374 5002 αὐτὸ
2449 4944 2749 5022 λεγόμενον
2831 4955 2982 5006 ΝΥΝ.
3042 4948 3301 5010 Ἐνεστὼς
3366 4945 3459 5003 οὗν
3523 4947 3730 5025 χρόνος

2070 5034 2210 5090 ἐστὶν
2264 5037 2292 5090 6
2340 5035 2421 5115 ἐφ’
2467 5035 2692 5113 ἑκάτερα
2737 5037 3132 5113 παρακείμενος
3179 5041 3259 5110 τῷ
3316 5037 3523 5113 κυρίως
3568 5041 3726 5093 N-I'N.

2069 5124 2270 5202 χρόνος
2341 5124 2561 5199 μερικὸς
2627 5124 2686 5180 ἐκ
2747 5124 3198 5204 παρεληλυθότος
3263 5124 3369 5185 καὶ.
3416 5122 3724 5200 μέλλοντος

2068 5215 2351 5286 συνεστὼς,
2401 5215 2491 5270 καὶ
2555 5212 2645 5270 διὰ
2703 5215 2804 5285 τὴν
2851 5212 2987 5289 πρὸς
3033 5216 3095 5271 τὸ
3151 5215 3356 5293 κυρίως
3404 5221 3545 5270 ΝΥΝπ
3601 5234 3725 5290 γει-

2065 5302 2263 5375 νίασιν,
2296 5309 2427 5359 ΝΥΝ
2456 5302 2757 5381 λεγόμενος
2785 5303 2875 5360 καὶ
2900 5302 3086 5367 αὐτός.

367 5474 413 5507 ²⁵
440 5474 473 5528 4
507 5475 677 5546 Phys.
708 5492 758 5530 c.
790 5476 881 5548 49,
914 5480 954 5532 t.
992 5476 1114 5533 144.
1191 5477 1236 5513 ²⁶
1266 5477 1299 5531 4
1328 5477 1505 5552 Phys.
1534 5495 1583 5535 c.
1617 5480 1707 5549 49,
1730 5484 1772 5537 t.
1805 5480 1928 5551 421,

2071 5519 2085 5543 ι
2164 5482 2212 5521 ³⁷
2238 5484 2271 5539 4
2303 5483 2476 5558 Pbys.
2510 5501 2562 5542 c.
2585 5486 2675 5556 44,
2711 5487 2753 5541 t.
2777 5484 2871 5547 89.
2945 5485 2992 5520 ³⁷
3020 5486 3053 5541 4
3083 5483 3259 5558 Phys.
3284 5483 3451 5557 0,49,
3476 5487 3523 5541 t.
3554 5483 3689 5548 422.
