4094 6440
401 464 559 534 1⁸109

1711 464 2065 535 EPITOME
2108 467 2466 536 PHYSICA.

3665 464 3825 529 mo

1724 604 2070 663 SYNOPSIS
2108 604 2390 663 CAPITIS
2438 606 2504 663 X.

1750 711 1903 759 QUOD
1940 711 2045 751 EST
2080 712 2152 751 DE
2191 712 2309 752 INFI
2326 714 2477 752 NI’I‘O.

401 797 459 856 1.
498 791 769 886 Quinque
797 792 1142 886 signiﬁcata
1173 793 1693 886 inﬁnitirecenset,
1725 813 1977 886 quorum
2017 795 2278 873 primum
2311 795 2584 886 cgnqenit
2605 795 2875 876 partium
2903 803 2959 886 et
2985 793 3343 886 quantitatis
3360 790 3723 886 expertibus.
3745 798 3817 885 .ut

476 873 694 954 puncto
725 875 910 941 (meat,
939 873 1166 934 mutato
1289 884 1468 947 motu,
1491 884 1545 934 et
1558 873 1839 935 momento
1863 876 1933 956 in,
1946 884 2222 956 tempore.
2247 911 2323 919 —
2341 879 2400 935 2.
2426 873 2879 956 Γαλίιηὲριορίθν
2892 873 3158 956 ﬁguram
3179 895 3297 934 non
3321 876 3451 934 licet
3476 885 3539 934 ut
3556 873 3819 956 invenias

479 952 906 1015 extremitatem
930 975 952 1022 ,'
977 974 1078 1014 seu
1106 953 1265 1035 quod
1288 958 1756 1047 progressionem
1787 955 2024 1036 quidem
2053 952 2252 1027 habet,
2277 956 2380 1016 sed
2395 955 2478 1016 ad
2495 952 2667 1029 cuius
2692 952 3185 1035 finempe’rvenire
3197 976 3311 1015 non
3370 956 3532 1015 ossis.
3555 956 3614 1015 3.
3646 952 3817 1028 Quod

479 1037 931 1095 construetionis
959 1053 1137 1096 causa
1168 1036 1393 1095 inmum
1423 1045 1522 1106 est,
1556 1045 1663 1096 aut
1687 1055 1845 1114 aegre
1875 1036 2131 1096 transiri
2163 1046 2370 1114 potest.
2402 1072 2481 1080 —
2536 1040 2594 1097 4.
2650 1036 2818 1111 Quod
2855 1056 2964 1097 sua
3019 1047 3241 1096 natura
3289 976 3525 1114 ρξιίτωη
3568 1044 3669 1104 est,
3719 1030 3817 1093 sed

479 1037 931 1095 construetionis
959 1053 1137 1096 causa
1168 1036 1393 1095 invium
1423 1045 1522 1106 est,
1556 1045 1663 1096 aut
1687 1055 1845 1115 aegre
1875 1036 2131 1096 transiri
2163 1046 2370 1115 potest.
2402 1072 2481 1080 —
2536 1040 2594 1097 4.
2650 1036 2818 1111 Quod
2855 1056 2964 1097 sua
3019 1047 3241 1096 natura

3340 1035 3525 1094 nitum
3568 1044 3669 1104 est,
3719 1030 3822 1093 sed

470 1124 719 1196 propter
745 1118 1105 1175 extrinsecus
1137 1115 1450 1175 adueniens
1479 1116 1967 1196 impedimentum
2000 1118 2269 1188 transiri,
2293 1137 2411 1176 non
2436 1125 2641 1194 potest.
2660 1151 2725 1161 —-
2756 1120 2815 1176 5.
2844 1116 2960 1194 ('u]
2972 1136 3036 1176 us
3062 1135 3290 1193 semper
3317 1115 3524 1196 aliqua
3541 1133 3685 1192 pars
3713 1134 3815 1196 su-

475 1194 687 1255 menda
714 1205 912 1264 restat,
946 1197 1124 1276 quale
1150 1205 1231 1254 est
1264 1194 1617 1277 innumero.
1654 1195 2087 1273 magnitudine,
2122 1205 2188 1255 et
2221 1207 2499 1273 tempore.
2544 1232 2614 1241 ——
2642 1198 2701 1257 6.
2732 1197 3038 1275 Inﬁnitum
3069 1196 3271 1277 quinti
3284 1194 3450 1277 modi
3466 1214 3597 1255 cum
3636 1196 3698 1252 in
3737 1194 3813 1277 iis

477 1292 610 1357 quas
636 1272 971 1357 augentur:
986 1286 1111 1335 tum
1131 1293 1260 1357 quae
1289 1276 1663 1357 diuiduntur,
1693 1283 1983 1357 potestate
2006 1284 2234 1339 tantum
2266 1272 2443 1338 inesse
2458 1277 2691 1355 probat,
2720 1272 2837 1357 non
2853 1286 3010 1339 actu.
3133 1283 3193 1337 7.
3218 1274 3505 1357 Declarat
3526 1272 3821 1357 quomodo

481 1354 778 1437 inﬁnitum
810 1357 871 1415 in
900 1375 963 1415 eo
992 1354 1151 1437 quod
1184 1354 1372 1437 dividi
1401 1365 1453 1418 et
1482 1359 1642 1435 quod
1664 1354 1892 1437 augere
1917 1364 2129 1433 potest,
2158 1359 2317 1428 insit,
2350 1393 2428 1402 —
2455 1354 2493 1417 8
2550 1356 2846 1435 Eri-plicat
2874 1359 2929 1417 in
2956 1356 3249 1437 inﬁnitum
3272 1356 3480 1415 divisio
3509 1364 3565 1414 et
3577 1354 3819 1437 _au_ctio-

477 1432 673 1518 qualis
700 1444 863 1518 actus
892 1432 1155 1518 sitfejus
1185 1436 1313 1495 nim
1330 1432 1677 1518 iram—quod
1690 1432 1977 1518 potestate
2006 1444 2109 1509 est,
2144 1447 2203 1498 et
2228 1447 2391 1497 actus
2424 1432 2823 1518 imperfectus,
2880 1432 3041 1518 quod
3082 1436 3274 1518 simili
3294 1444 3501 1518 motus
3549 1432 3811 1518 declara,

478 1513 595 1576 tur.
714 1515 1094 1598 Sententiam
1127 1514 1403 1598 bactenus
1432 1513 1771 1598 expositam,
1789 1516 1858 1577 de
1888 1520 2045 1576 118
2081 1517 2340 1598 inﬁnito,
2375 1513 2536 1598 quod
2561 1513 2846 1578 nimirum
2875 1513 3160 1598 consistat
3185 1517 3246 1576 in
3278 1515 3510 1594 inﬁnita
3531 1513 3817 1598 divisione

475 1605 531 1657 et
571 1594 909 1679 additione,
928 1596 1281 1679 auctoritate
1313 1593 1580 1657 Platonis
1610 1616 1717 1679 con
1729 1597 1957 1679 ﬁrmat.
1992 1629 2070 1640 -—-
2102 1593 2199 1661 tt).
2231 1593 2461 1659 Probat
2491 1608 2628 1659 actu
2649 1599 2915 1679 perfecto
2942 1596 3170 1679 nullam
3198 1614 3305 1656 nec
3337 1593 3811 1679 Magnitudinem

475 1695 580 1738 nec
604 1676 1038 1760 multitudinem
1071 1675 1377 1760 inﬁnitam
1407 1696 1526 1760 esse
1544 1697 1571 1754 ,'
1600 1673 1779 1759 idque
1805 1678 2071 1760 primum
2100 1680 2381 1760 ostensive
2428 1673 2777 1759 arguménto
2806 1678 2958 1751 caeli,
3005 1676 3167 1760 quod
3191 1673 3524 1760 _corporum
3553 1673 3811 1760 guidem

475 1758 735 1818 omnium
766 1757 1097 1818 maximum
1125 1764 1227 1835 est,
1260 1756 1362 1817 sed
1388 1756 1628 1835 ﬁnitum
1653 1756 1776 1818 tum
1824 1758 2236 1835 magnitudine
2281 1779 2483 1821 rerum
2508 1756 2978 1831 'contentarum;
3012 1756 3236 1819 deinde
3293 1756 3426 1818 vero
3481 1756 3660 1817 etiam
3699 1773 3811 1835 per

479 1835 832 1919 impossibile
859 1834 1236 1918 supponenda
1267 1834 1510 1899 arenam
1550 1856 1666 1899 esse
1696 1834 2019 1918 inﬁnitam.

1044 1999 1301 2051 ΚΕΦΔΛ.
1344 1999 1403 2050 P.

1004 2081 1136 2160 Περὶ
1175 2081 1424 2157 ἀπείρου.

455 2178 528 2227 α’.
588 2170 662 2228 Τὸ
720 2167 941 2248 ἄπειρον
999 2169 1209 2247 λέγεται
1262 2175 1565 2246 πενταχῶς·
1617 2166 1712 2226 ἕνα
1772 2172 1864 2245 μὲν
1917 2168 2048 2246 τρό-

386 2280 486 2317 πον
544 2260 610 2316 τὸ
665 2260 866 2336 ἀμερές
915 2282 972 2316 τε
1028 2261 1117 2317 καὶ
1180 2256 1403 2318 ἅποσον.
1435 2260 1511 2322 ὡς
1552 2259 1605 2315 ἐν
1658 2262 1892 2335 γραμμῇ
1948 2280 2044 2330 ση-

390 2353 566 2425 μεῖον.
598 2351 774 2425 Πέρας
807 2350 903 2424 μὲν
942 2350 1044 2427 γὰρ
1088 2351 1316 2426 ὑκάρχει
1346 2355 1611 2426 γραμμῆς
1667 2349 1730 2404 τὸ
1788 2353 2039 2422 σημεῖον.

380 2438 524 2497 Αὐτὸ
586 2436 645 2495 δὶ
697 2436 763 2495 τὸ
818 2444 1049 2513 σημεῖον
1126 2435 1266 2493 ἴδιον
1323 2437 1491 2515 πέρας
1551 2437 1652 2493 οὐκ
1709 2435 1847 2513 ἔχει,
1902 2434 2042 2492 διότι

388 2526 531 2603 μηδὲ
583 2527 745 2606 μέρος
793 2530 858 2585 τὸ
908 2528 1144 2584 οἶονοῦν.
1193 2528 1348 2583 Ὅθεν
1398 2526 1489 2582 καὶ
1539 2525 1740 2603 ὅσαπερ
1802 2526 1860 2581 ἂν
1921 2547 2040 2581 συν-

381 2616 534 2681 έλθοι
609 2622 832 2690 σημεῖα,
913 2616 1109 2694 μόριον
1192 2616 1292 2672 οὐκ
1373 2614 1691 2671 ἀποτελέσει
1777 2618 2044 2692 γραμμῆς

383 2704 511 2762 οὐδὲ
557 2706 948 2783 τούλάχιστον·
1009 2705 1228 2781 ἐπείπερ
1291 2702 1402 2760 οὐδ’
1456 2703 1724 2775 ἀλλήλων
1785 2706 2043 2759 ἅπτεσθαι

379 2791 621 2867 δύναται,
654 2793 783 2851 ἀλλ’
827 2794 1123 2873 ἐφαρμόζει
1173 2794 1239 2849 τὰ
1268 2793 1462 2849 πάντα.
1496 2796 1572 2848 Τὰ
1628 2793 1732 2870 γὰρ
1766 2792 2043 2866 ἁπτόμενα

379 2885 518 2942 κατὰ
562 2884 768 2961 πέρατα
798 2885 1077 2940 ἅπτονται.
1112 2884 1209 2938 Ὧν
1252 2880 1310 2938 δὲ
1343 2882 1509 2958 μέρος
1540 2882 1715 2941 οὐθὲν.
1752 2879 1922 2952 δῆλον
1958 2881 2042 2935 ὅτι

383 2974 473 3030 καὶ
506 2974 676 3051 πέρας
710 2972 884 3038 οὐθέν·
922 2974 1004 3036 οἷς
1037 2969 1095 3028 δὲ
1128 2973 1205 3046 μή
1239 2970 1351 3026 ἔστι
1380 2969 1570 3045 πέρας,
1604 2970 1729 3025 οὐδὲ
1756 2970 1819 3025 τὸ
1878 2972 2043 3025 ἅπτε-

385 3065 524 3118 σθαι.
586 3065 881 3118 ’Ἂπτεσθαι
939 3062 1044 3138 γὰρ
1103 3059 1376 3137 λέγονται,
1406 3061 1479 3115 ὧν
1539 3060 1653 3133 ἅμα
1699 3061 1766 3113 τὰ
1813 3059 2039 3135 πέρατα.

385 3154 479 3208 Ὃν
513 3148 573 3207 δὲ
601 3150 768 3228 λόγον
801 3150 916 3228 ἔχει
973 3151 1037 3206 τὸ
1077 3155 1305 3224 σημεῖον
1362 3148 1414 3204 ἐν
1449 3151 1705 3225 γραμμῇ,
1736 3148 1828 3204 τὸν
1880 3147 2040 3203 αὐτὸν

388 3239 442 3297 ἐν
522 3241 714 3319 χρόνῳ
786 3238 850 3297 τὸ
924 3246 1078 3311 ΝΥΝ,
1136 3239 1227 3294 καὶ
1286 3239 1337 3294 ἐν
1401 3240 1610 3309 κινήσει
1683 3238 1747 3293 τὸ
1810 3236 2040 3310 κίνημα.

381 3331 544 3385 ’Ὥστε
588 3331 653 3386 τὸ
725 3334 976 3403 σημεῖον.
1057 3328 1118 3383 τὸ
1198 3333 1352 3399 ΝΥΝ,
1408 3326 1500 3382 καὶ
1556 3327 1618 3381 τὸ
1673 3326 1898 3399 κίνημα,
1962 3326 2038 3398 μὴ

383 3416 586 3496 ἔχοντα
624 3418 788 3495 μέρη,
832 3417 1113 3473 κάντεῦθεν
1175 3412 1316 3490 μηδὲ
1373 3414 1578 3491 πέρατα
1628 3413 1719 3469 διὰ
1745 3418 1907 3469 τοῦτο
1957 3413 2046 3470 λέ-

380 3527 569 3585 γονται
607 3504 821 3583 ἄπειρα,
853 3506 1050 3562 ταυτὸν
1086 3503 1131 3560 δ’
1163 3504 1355 3577 εἷπεῖν,
1389 3504 1733 3579 ἆπεράτωτα.

2075 2000 2131 2064 Α

2817 1997 3048 2054 CAPUT
3087 1997 3154 2053 Χ.

2801 2088 2876 2142 De
2921 2086 3167 2157 inﬁnito.

2233 2177 2283 2232 1.
2318 2175 2621 2233 Infinitum
2657 2175 2920 2249 quinque
2950 2175 3140 2231 modis
3170 2174 3387 2231 dicitur
3412 2176 3478 2231 ’9.
3512 2175 3639 2232 Uno
3684 2176 3811 2249 qui-

2158 2265 2290 2321 dem
2326 2265 2521 2332 modo,
2554 2266 2709 2337 quod
2742 2264 2998 2337 partium
3029 2267 3087 2320 et
3105 2264 3452 2335 quantitatis
3473 2280 3678 2336 expers
3699 2269 3808 2332 est,

2158 2357 2226 2409 ut
2254 2358 2541 2424 punctum
2574 2353 2633 2408 in
2666 2353 2839 2409 linea.
2892 2352 3115 2425 Quippe
3163 2357 3452 2425 punctum
3506 2351 3671 2408 linea:
3721 2357 3811 2410 est

2157 2441 2512 2498 extremitas.
2572 2441 2750 2514 Atqui
2796 2440 2995 2514 ipsum
3045 2445 3327 2512 punctum
3376 2441 3805 2497 extremitatem

2158 2531 2454 2603 propriam
2483 2549 2599 2587 non
2631 2530 2829 2599 habet,
2863 2533 3170 2602 propterea
3191 2530 3345 2600 quod
3369 2546 3557 2601 neque
3581 2534 3806 2603 partem

2158 2619 2341 2675 ullam
2375 2620 2571 2675 habet.
2608 2619 2772 2675 Unde
2804 2620 2890 2689 ﬁt,
2915 2623 2998 2685 ut,
3027 2622 3406 2690 quotcunque
3428 2635 3569 2674 sane
3592 2622 3810 2690 puncta

2156 2709 2630 2781 congrediantur,
2664 2724 2735 2763 ne
2784 2707 3095 2763 minimam
3148 2711 3346 2763 tamen
3397 2712 3622 2779 partem
3672 2707 3808 2762 eﬂ‘e-

2155 2803 2318 2853 ctura
2346 2798 2465 2853 sint
2490 2816 2503 2867 ;
2527 2799 2745 2871 quippe
2767 2814 2903 2852 cum
2924 2814 2997 2853 ne
3019 2798 3258 2870 quidem
3289 2795 3540 2852 invicem
3586 2813 3647 2851 se
3677 2799 3806 2851 tan-

2156 2904 2289 2960 gere
2320 2887 2569 2959 possint,
2608 2887 2707 2942 sed
2738 2886 2937 2942 omnia
2968 2886 3079 2941 sibi
3107 2889 3454 2959 congruant.
3487 2886 3622 2951 Quae
3644 2884 3803 2940 enim

2156 2992 2217 3031 se
2247 2979 2520 3047 tangunt,
2555 2975 2747 3047 quoad
2796 2975 3193 3029 extremitates
3241 2990 3305 3029 se
3352 2976 3623 3046 tangunt.
3674 2974 3811 3039 Quae

2156 3070 2353 3120 autem
2388 3068 2609 3136 partem
2642 3063 2866 3119 nullam
2898 3063 3140 3129 habent,
3185 3080 3255 3119 ea
3307 3079 3412 3119 nec
3467 3060 3807 3118 extremita-

2152 3157 2273 3209 tem
2316 3153 2531 3208 habere
2587 3157 2835 3209 constat.
2887 3154 3022 3218 Quae
3077 3151 3331 3224 denique
3381 3151 3810 3208 extremitatem

2153 3258 2270 3297 non
2301 3241 2540 3311 habent,
2574 3241 2647 3297 iis
2672 3257 2745 3297 ne
2768 3240 3006 3313 quidem
3031 3240 3226 3313 ipsum
3250 3245 3490 3313 tangere
3512 3238 3802 3295 convenit.

2151 3330 2413 3401 Tangere
2444 3330 2598 3385 I19
2631 3330 2787 3385 enim
2822 3346 2884 3384 se
2932 3327 3211 3383 dicuntur
3253 3327 3503 3383 invicem
3551 3327 3617 3393 ³ο,
3666 3342 3811 3399 quo-

2158 3434 2289 3473 rum
2324 3418 2723 3473 extremitates
2756 3416 2935 3473 simul
2968 3421 3126 3472 sunt.
3160 3416 3335 3472 Porro
3363 3431 3540 3487 quam
3572 3413 3635 3469 in
3656 3413 3813 3469 linea

2157 3512 2445 3578 punctum
2480 3524 2493 3562 :
2527 3524 2652 3563 eam
2684 3523 2841 3562 nunc
2871 3506 2931 3560 in
2983 3513 3262 3577 tempore,
3314 3509 3371 3560 et
3413 3507 3707 3559 mutatum
3746 3502 3808 3557 in

384 3602 548 3655 motu
581 3598 869 3654 rationem
903 3597 1098 3653 habet.
1133 3596 1380 3652 Proinde
1411 3599 1698 3667 punctum
1760 3611 1935 3661 nunc,
1993 3598 2053 3649 et
2110 3601 2428 3661 mutatum,
2488 3613 2622 3651 cum
2686 3599 2883 3667 partes
2939 3611 3057 3650 non
3115 3594 3389 3660 habeant,
3446 3598 3504 3649 et
3563 3591 3807 3665 proinde

381 3704 487 3745 nec
510 3686 929 3753 extremitates,
960 3685 1113 3741 hanc
1145 3684 1218 3740 ob
1250 3700 1490 3740 causam
1522 3683 1780 3752 infinita,
1811 3689 1867 3739 et
1899 3684 2058 3755 quod
2088 3683 2248 3740 idem
2277 3685 2436 3739 dictu
2468 3689 2577 3755 est,
2610 3684 3047 3739 extremitatum
3078 3682 3333 3754 expertia
3364 3682 3661 3737 dicuntur.

554 3774 702 3830 Κατὰ
743 3771 991 3850 δεύτερον
1036 3771 1240 3848 τρόπον
1295 3768 1517 3848 ἄπειρον
1562 3768 1802 3847 λέγεται,
1838 3770 1900 3824 οὗ
1959 3768 2049 3824 διὰ

382 3865 446 3920 τὸ
519 3869 716 3941 σχῆμα
790 3862 959 3938 πέρας
1032 3861 1131 3916 οὐκ
1190 3858 1329 3915 ἔστιν
1391 3861 1590 3938 εὑρεῖν,
1651 3861 1729 3923 ὡς
1790 3859 1879 3915 ἐπὶ
1936 3863 2043 3914 τῶν

383 3950 660 4009 κυκλικῶν
707 3970 767 4007 τε
811 3950 903 4007 καὶ
956 3953 1277 4030 σφαιρικῶν.
1325 3950 1449 4005 Ἐπὶ
1506 3948 1713 4005 τούτων
1775 3946 1875 4024 γάρ
1936 3948 2049 4003 ἐστι

382 4043 493 4118 (τὸ)
568 4035 863 4116 λαμϐάνειν
938 4039 1020 4095 ἀεὶ
1095 4039 1233 4094 κατά
1315 4040 1416 4107 τήν
1501 4039 1894 4115 περιστροφὴν,
1950 4038 2044 4092 κᾶν

382 4132 490 4187 ἀπὸ
541 4135 651 4187 τῶν
710 4128 885 4185 αὐτῶν
948 4128 1038 4183 ἐπὶ
1092 4132 1262 4183 ταῦτα
1311 4125 1477 4183 πάλιν
1527 4125 1619 4181 καὶ
1649 4125 1816 4182 πάλιν
1850 4128 1886 4196 ἡ
1920 4125 2046 4180 ἀνα-

378 4217 648 4291 κύκλησις
675 4218 916 4294 γίνηται.

448 4315 515 4387 γ’.
561 4308 751 4383 Τρίτον
813 4306 1020 4383 τρόπον
1079 4302 1302 4383 ἄπειρον
1362 4303 1575 4379 λέγεται
1632 4303 1697 4359 τὸ
1747 4300 1837 4358 διὰ
1891 4323 2051 4358 κατα-

392 4400 591 4468 οκῑυὴν
660 4396 908 4474 ὑπάρχον
968 4392 1358 4469 ἂδιαπόρευτον
1414 4395 1450 4463 ἣ
1503 4392 1717 4466 μᾶλλον
1763 4390 2051 4447 δυσδιαπό-

386 4508 594 4568 ρευτοψ
655 4488 731 4550 ὡς
789 4487 818 4542 6
872 4480 1195 4561 λαϐύρινθος
1268 4484 1415 4561 παρᾶ
1490 4482 1662 4556 Κρησὶ
1736 4483 1826 4536 καὶ
1904 4482 2051 4556 παρᾶ

384 4575 836 4652 Λακεδαιμονίοις
890 4575 920 4630 6
995 4571 1221 4646 Κεάδας,
1283 4568 1406 4629 ἔνθα
1484 4570 1613 4635 τοὺς
1692 4570 2047 4648 κατακρίτους

390 4662 667 4723 ἐνέϐαλον.
734 4667 857 4720 Ὅτι
909 4665 1015 4741 γὰρ
1074 4660 1416 4737 διεξώδευται
1476 4656 1825 4737 λαϐύρινθος,
1885 4657 2051 4733 ἔδειξε

392 4753 657 4817 Δαίδαλος
717 4755 746 4810 6
800 4753 1203 4827 τεκτηνάμενος
1283 4750 1462 4823 αὐτὰν,
1531 4749 1621 4805 ὅτε
1706 4750 2048 4826 καθειρχθεὶς

2227 3774 2282 3827 2.
2316 3774 2585 3829 Secundo
2618 3778 2816 3829 autem
2840 3773 3012 3827 modo
3042 3771 3338 3827 inﬁnitum
3369 3769 3603 3839 dicitur,
3638 3769 3807 3841 cujus

2157 3862 2495 3918 extremitas
2528 3865 2767 3933 propter
2796 3861 3048 3933 figuram
3078 3859 3327 3915 inveniri
3356 3875 3471 3915 non
3494 3862 3707 3931 potest,
3740 3860 3809 3913 ut

2159 3951 2219 4006 in
2260 3950 2647 4006 circularibus
2678 3954 2734 4004 et
2763 3948 3041 4022 globosis.
3075 3950 3138 4004 In
3171 3948 3267 4004 his
3313 3948 3469 4003 enim
3525 3963 3626 4018 per
3667 3962 3806 4001 con-

2158 4039 2485 4095 versionem
2520 4053 2754 4109 semper
2783 4035 3004 4107 aliquid
3038 4035 3176 4091 licet
3205 4040 3271 4090 ut
3319 4035 3594 4106 accipias,
3647 4038 3807 4089 tam-

2158 4128 2266 4184 etsi
2297 4126 2512 4184 iterum
2562 4130 2737 4198 atquc
2794 4125 3008 4180 iterum
3065 4125 3137 4180 ab
3196 4123 3408 4179 iisdem
3468 4123 3540 4179 ad
3599 4121 3804 4178 eadem

2157 4215 2438 4272 revolutio
2478 4215 2596 4271 ﬁat.

2227 4305 2281 4359 3.
2313 4304 2500 4359 Tertio
2551 4304 2723 4359 modo
2773 4302 3070 4357 inﬁnitum
3133 4300 3370 4367 dicitur,
3439 4300 3594 4372 quod
3662 4314 3801 4355 con-

2160 4392 2495 4451 structionis
2575 4409 2755 4449 causa
2834 4391 3187 4463 impervium
3262 4392 3373 4454 est,
3448 4388 3538 4445 vel
3607 4387 3804 4460 potius

2164 4499 2315 4554 aegre
2363 4481 2602 4537 transiri
2653 4484 2867 4553 potest,
2928 4484 2992 4534 ut
3038 4478 3412 4551 labyrinthus
3459 4477 3614 4549 apud
3670 4479 3802 4533 Cre-

2158 4574 2376 4636 tenses,
2409 4575 2467 4625 et
2498 4571 2649 4643 apud
2703 4568 3175 4625 Lacedaemonios
3226 4567 3466 4633 Ceadas,
3516 4565 3575 4620 in
3625 4581 3802 4635 quem

2160 4659 2581 4715 condemnatos
2614 4660 3006 4730 conjecerunt.
3039 4657 3202 4722 Quod
3234 4656 3393 4712 enim
3432 4653 3804 4728 labyrinthus

2161 4752 2502 4820 penetratus
2532 4748 2725 4812 fuerit,
2757 4746 3025 4803 Daedalus
3048 4746 3148 4818 qui
3172 4762 3305 4801 eum
3330 4742 3803 4800 fabret‘ecitindi-

393 4845 500 4902 ὑπὸ
556 4843 774 4905 Μίνωος
833 4842 928 4898 σὺν
972 4848 1054 4916 τῷ
1104 4843 1207 4915 υἱῷ
1250 4841 1466 4917 Ἰκαρίῳ
1518 4837 1668 4902 ἐντὸς
1722 4834 2045 4916 λαϐυρίνθου

2166 4838 2252 4892 cio
2283 4842 2393 4906 est,
2424 4838 2660 4908 quando
2688 4854 2722 4892 a
2747 4837 2937 4892 Minoe
2968 4838 3123 4891 intra
3151 4851 3285 4890 eum
3318 4850 3452 4889 cum
3484 4832 3603 4888 ﬁlio
3642 4834 3803 4888 Icaro

396 4930 623 5011 ἆπέδρα’
656 4932 747 4988 καὶ
813 4932 921 5010 πρὸ
975 4930 1172 4987 τούτου
1232 4929 1438 5002 Θησεὺς
1493 4927 1641 4984 λίνον
1701 4926 1895 5002 ἐξάψας
1950 4933 2053 4996 τῆς

393 5021 560 5101 θύρας
647 5021 698 5077 ἐν
778 5025 860 5095 τῷ
939 5020 1160 5077 εἰσιέναι
1238 5021 1540 5090 ὑποθήκαις
1610 5015 1903 5086 Δαιδάλου,
1961 5015 2051 5071 καὶ

397 5116 561 5169 τοῦτο
638 5110 1003 5191 ἐφελκόμενος
1061 5109 1113 5165 ἐν
1187 5112 1268 5180 τῷ
1323 5107 1536 5179 ἐξιέναι.
1595 5110 1714 5161 Ὅτι
1770 5103 1829 5160 δὲ
1878 5105 1966 5160 καὶ
2023 5106 2051 5160 ὁ

394 5198 620 5275 Κεάδας,
679 5198 955 5272 ἐδήλωσεν
1030 5201 1065 5268 ἡ
1144 5197 1377 5268 ἀλώπηξ
1454 5198 1490 5266 ἡ
1566 5196 1657 5251 τὸν
1748 5197 2049 5265 Μεσσήνιον

383 5288 783 5368 Ἀριστομένην
839 5285 1205 5364 ποδηγήσασα
1259 5284 1351 5341 καὶ
1423 5285 1524 5354 τήν
1598 5280 1837 5355 διέξοδον
1906 5281 2052 5355 αὐτῷ

388 5376 738 5453 ὑποδείξασα.

459 5466 524 5528 δ’.
560 5469 822 5542 Τέταρτον
882 5465 1085 5543 τρόπον
1141 5461 1355 5538 λέγεται
1417 5459 1663 5539 ἄπειρον,
1724 5462 1754 5517 ’ὀ
1810 5461 2049 5538 πεφυκὸς

387 5555 734 5636 διαπόρευσιν
806 5550 951 5633 ἔχειν
1009 5550 1343 5626 ἀδιεξίτητόν
1402 5550 1543 5607 ἐστιν
1615 5548 1823 5612 ἄλλως·
1882 5548 2048 5605 καθά-

388 5667 488 5723 περ
541 5650 577 5718 ἡ
640 5643 1034 5720 διακεκαυμένη
1110 5642 1200 5698 καὶ
1255 5643 1292 5711 ἠ
1350 5640 1752 5717 κατεψυγμένη.
1804 5643 1892 5711 Τῷ
1952 5639 2047 5710 μὲν

465 5811 512 5847 ³⁸
538 5810 573 5867 3
598 5808 771 5884 Phys.
803 5824 854 5865 ο.
885 5806 942 5876 6,
974 5808 1018 5863 ι.
1050 5804 1138 5865 35.
1215 5805 1262 5841 ⁸ο
1288 5804 1325 5860 5
1348 5803 1524 5878 Phys.
1558 5820 1608 5860 ο.
1640 5804 1695 5875 5,
1727 5806 1772 5859 t.
1805 5802 1895 5857 22.

2163 4926 2479 4981 conclusus
2501 4927 2684 4981 evasit
2706 4931 2793 4990 ;et
2818 4930 2951 4981 ante
2972 4941 3108 4979 eum
3134 4924 3414 4989 Theseus,
3440 4920 3564 4994 qui,
3591 4919 3803 4976 Daedali

2163 5032 2367 5085 suasu,
2400 5014 2564 5069 ﬁlum
2609 5014 2830 5069 foribus
2858 5031 2993 5070 cum
3023 5014 3427 5085 ingrederetur
3473 5009 3802 5082 alligatum,

2160 5102 2315 5158 inter
2342 5102 2761 5175 egrediendum
2798 5118 3033 5174 quoque
3080 5117 3279 5157 secum
3332 5100 3587 5156 attraxit.
3639 5097 3802 5164 Quod

2163 5195 2358 5245 autem
2389 5190 2545 5245 I20
2574 5190 2749 5244 etiam
2779 5207 2809 5245 e
2856 5190 3047 5245 Ceada
3080 5189 3223 5244 exiri
3277 5188 3551 5262 potuerit,
3599 5187 3803 5259 vulpes

2162 5279 2544 5335 manifestum
2576 5277 2732 5348 fecit,
2777 5295 2902 5350 quae
2949 5278 3306 5333 Aristomeni
3356 5276 3648 5333 Messenio
3696 5276 3803 5331 du-

2161 5369 2309 5424 ctrix
2339 5367 2468 5438 fuit,
2500 5373 2558 5423 et
2589 5366 2811 5422 exitum
2843 5369 3347 5422 commonstravit.

2232 5457 2284 5512 4.
2326 5456 2545 5519 Quarto
2592 5455 2763 5510 modo
2819 5454 3119 5510 inﬁnitum
3176 5454 3410 5525 dicitur,
3462 5454 3615 5526 quod
3669 5469 3806 5509 cum

2160 5551 2372 5602 natura
2399 5546 2479 5601 ita
2509 5548 2917 5616 comparatum
2951 5544 3047 5611 sit,
3086 5547 3149 5598 ut
3170 5543 3405 5613 transiri
3440 5543 3666 5615 possit;
3692 5541 3808 5597 alia

2157 5640 2353 5691 tamen
2385 5633 2608 5689 ratione
2639 5633 2954 5689 transitum
2991 5649 3105 5688 non
3137 5631 3413 5702 admittit,
3475 5638 3539 5687 ut
3583 5632 3806 5687 torrida
