4094 6464
281 422 428 487 HM

1531 412 1959 483 NICEPHORI
2000 413 2436 483 BLEMMIDE

3533 412 3698 481 1112

282 563 341 614 et
393 559 605 632 frigida
661 560 852 629 [terrae
909 557 1103 630 Zona].
1165 556 1312 621 Quia
1369 555 1523 612 enim
1584 554 1926 628 magnitudo

2067 550 2143 623 ’ἂρ
2206 551 2430 624 ὡρίσθαι
2490 553 2553 609 τὸ
2624 552 2846 630 μέγεθος
2926 551 3123 624 αὐτῶν,
3187 545 3534 628 διαπορευταὶ
3600 548 3696 606 καὶ

283 647 544 719 ipsarum
578 649 820 704 deﬁnita
848 653 957 717 est,
991 647 1174 702 ambae
1199 647 1373 700 etiam
1397 646 1631 700 transiri
1657 650 1923 718 possunt.

2038 636 2203 717 ἄμφω
2262 640 2414 696 εἰσίν.
2452 641 2609 699 Ἀλλ’
2649 645 2684 713 ἡ
2735 647 2833 698 τοῦ
2880 642 3039 718 ἀέρος
3089 640 3432 718 ἀσυμμετρία
3486 639 3694 696 κωλύει

284 739 502 792 Verum
565 739 716 793 aeris
775 737 1151 809 intemperies
1209 736 1424 801 obstat,
1486 752 1557 791 ne
1636 736 1926 808 peragrari

2071 729 2134 796 ἡν
2169 728 2343 784 αὐτῶν
2379 728 2719 802 διεξέλευσιν.

285 833 523 898 queant.

355 917 409 969 5.
449 916 727 982 Quintum
761 917 804 952 ³¹
837 921 890 970 et
928 916 1116 987 magis
1145 915 1445 987 prOprium
1482 914 1694 969 inﬁniti
1746 915 1931 985 signi-

289 1008 526 1060 ticatum
563 1012 669 1075 est,
703 1006 870 1076 cujus
906 1021 1137 1076 semper
1157 1003 1375 1074 aliquid
1400 1003 1533 1059 licet
1563 1009 1627 1058 ut
1653 1005 1928 1075 accipias,

289 1111 401 1148 non
436 1095 589 1149 idem
625 1102 820 1149 tamen
853 1095 917 1147 3’.
954 1094 1071 1148 Hoc
1103 1098 1294 1147 autem
1329 1093 1387 1147 in
1448 1110 1690 1148 numero
1737 1094 1929 1164 quoad

290 1183 689 1248 additionem;
751 1183 809 1237 in
862 1182 1290 1253 magnitudine,
1337 1183 1525 1252 quoad
1586 1182 1931 1237 divisionem

292 1277 613 1342 spectatur.
646 1272 792 1326 Nam
832 1276 888 1325 et
937 1271 1095 1326 omni
1141 1287 1384 1325 numero
1433 1287 1662 1341 semper
1711 1271 1930 1342 aliquid

293 1361 505 1414 addere
533 1360 684 1427 licet,
716 1365 771 1415 et
801 1377 974 1414 omne
1005 1360 1347 1414 continuum
1382 1359 1440 1413 in
1489 1360 1784 1415 inﬁnitum
1833 1377 1934 1432 po-

291 1453 410 1503 test
442 1448 640 1502 dividi.
675 1449 735 1502 In
767 1453 1028 1518 tempore
1075 1453 1270 1502 autem
1317 1450 1488 1503 ambo
1543 1449 1932 1504 conveniunt:

294 1537 516 1591 additio
547 1535 825 1590 nimirum
869 1541 922 1590 et
963 1535 1187 1590 divisio.
1240 1536 1310 1590 Et
1356 1536 1652 1593 additione
1695 1538 1934 1609 quidem

2112 908 2167 964 ε’.
2203 906 2457 981 Πέμπτον
2496 909 2899 982 σημαινόμενον
2929 913 3026 964 τοῦ
3069 907 3294 981 ἀπείρου
3341 907 3430 963 καὶ
3487 909 3697 982 κυριώ-

2038 1015 2211 1070 τερον,
2268 995 2329 1050 οῦ
2381 996 2521 1052 ἐστιν
2572 993 2992 1071 ἀντιλαμϐάνειν
3041 997 3103 1053 οὗ
3148 998 3212 1053 τὸ
3263 997 3414 1053 αὐτό.
3445 1002 3614 1053 Τοῦτο
3649 995 3699 1053 δ’

2043 1083 2129 1138 ἐπὶ
2180 1089 2276 1139 τοῦ
2321 1086 2554 1160 ἀριθμοῦ
2603 1089 2883 1164 θεωρεῖται
2948 1087 3084 1142 κατὰ
3137 1086 3443 1163 πρόσθεσιν·
3495 1086 3584 1141 ἐπὶ
3639 1085 3700 1142 δὲ

2047 1173 2306 1247 μεγέθους
2390 1175 2527 1228 κατὰ
2602 1172 2883 1251 διαίρεσιν.
2944 1173 3108 1230 Παντί
3174 1196 3232 1229 τε
3301 1176 3404 1251 γὰρ
3480 1175 3700 1251 ἀριθμῷ

2042 1261 2383 1335 προστιθέναι
2451 1261 2589 1318 ἔστιν
2655 1264 2757 1332 ἀεὶ,
2809 1265 2898 1318 καὶ
2945 1269 3048 1318 πᾶν
3103 1264 3324 1340 συνεχὲς
3398 1263 3481 1318 ἐπ’
3549 1261 3701 1319 ἄπει-

2047 1369 2136 1424 ρον
2212 1351 2443 1428 ὑπάρχει
2503 1350 2792 1429 διαιρετόν.
2855 1353 2975 1408 Ἐπὶ
3034 1350 3091 1408 δὲ
3164 1358 3262 1408 τοῦ
3334 1352 3542 1430 χρόνου
3605 1354 3700 1409 καὶ

2046 1436 2212 1518 ἄμφω
2273 1442 2647 1517 συνέρχονται,
2707 1441 2995 1518 πρόσθεσις
3049 1439 3266 1514 δηλαδὴ
3332 1443 3422 1497 καὶ
3497 1439 3701 1519 διαίρε-

2045 1549 2144 1590 σις.
2201 1528 2301 1583 Καὶ
2356 1529 2639 1606 προσθέσει
2699 1531 2793 1604 μὲν
2829 1532 2856 1586 ὁ
2893 1530 3113 1604 μέλλων
3164 1529 3279 1606 ἔχει
3327 1532 3390 1586 τὸ
3448 1531 3695 1608 ἄπειρον·

293 1625 560 1679 futurum
594 1629 825 1696 tempus
857 1623 1033 1680 habet
1061 1629 1126 1679 ut
1156 1624 1453 1679 inﬁnitum
1485 1624 1561 1680 sit
1589 1641 1601 1692 ;
1655 1625 1937 1682 divisione

2067 1635 2074 1669 ι
2105 1615 2508 1694 παρεληλυθὼς
2539 1616 2598 1674 δὲ
2627 1616 2904 1694 διαιρέσει.

292 1720 488 1771 autem
521 1713 899 1785 prateritum.

363 1805 418 1858 6.
450 1804 625 1858 Porro
652 1807 848 1857 autem
881 1805 937 1856 et
967 1801 1025 1856 in
1056 1801 1149 1857 his
1181 1818 1307 1874 quae
1339 1806 1631 1874 augentur
1657 1803 1720 1870 ⁸³,
1769 1808 1824 1858 et
1875 1803 1934 1858 in

2119 1816 2179 1858 ς.
2215 1795 2316 1850 Καὶ
2343 1801 2462 1859 τοῖς
2507 1793 2826 1870 αὺξομένοις
2876 1793 2934 1852 δὲ
2982 1797 3072 1852 καὶ
3117 1802 3235 1859 τοῖς
3293 1793 3702 1875 διαιρουμένοις

290 1893 384 1948 his
414 1908 541 1964 quae
573 1891 938 1958 dividuntur,
958 1895 1246 1962 potestate
1268 1891 1566 1946 inﬁnitum
1594 1891 1748 1948 inest
1768 1892 1936 1964 ,quia

2067 1884 2268 1958 ἲυνάμει
2297 1882 2360 1940 τι)
2393 1883 2612 1960 ἄπειρον
2644 1884 2964 1941 ἔνεστιν-ὅτι
2986 1882 3204 1941 δύναται
3229 1883 3489 1956 δηλονότι
3513 1887 3578 1943 τὸ
3601 1888 3702 1960 μὶν

2088 1969 2143 1989 νὴ
2215 1984 2228 1989 Α
2379 1974 2393 1989 \
2438 1972 2482 1989 λι
2525 1972 2549 1989 Β
2697 1980 2719 1989 .-
2764 1987 2774 1989 -
2884 1975 2898 1989 ς
2943 1975 2954 1989 Ι
3014 1971 3081 1989 All
3215 1975 3228 1989 1
3314 1975 3328 1989 I
3399 1977 3422 1989 Α
3482 1976 3496 1989 ι
3563 1975 3579 1989 ς

291 1980 515 2036 scilicet
541 1977 642 2034 illa
685 1979 907 2052 augeri,
959 1979 1080 2034 haac
1125 1978 1331 2050 dividi,
1382 1995 1616 2051 semper
1663 1984 1933 2052 possunt.

289 2068 491 2140 Neque
521 2067 678 2122 enim
711 2083 990 2122 numerus
1023 2070 1157 2122 actu
1197 2067 1258 2121 in
1289 2067 1586 2122 inﬁnitum
1619 2073 1830 2124 auctus
1851 2071 1940 2124 est

292 2156 531 2230 (quippe
575 2155 769 2212 omnis
826 2157 975 2212 I21
1038 2159 1173 2211 actu
1235 2160 1530 2227 sumptus,
1590 2157 1940 2213 terminatus

292 2246 400 2317 est)
426 2262 440 2313 ;
469 2261 660 2315 neque
691 2244 1038 2316 magnitudo
1071 2245 1130 2298 in
1161 2244 1424 2300 inﬁnitas
1454 2250 1649 2316 partes
1674 2247 1785 2302 erit
1806 2252 1936 2303 actu

295 2334 501 2390 divisa.
530 2333 735 2390 Omnis
767 2333 922 2387 enim
959 2332 1165 2387 divisio
1206 2336 1336 2387 actu
1379 2333 1552 2397 facta.
1601 2334 1798 2390 ﬁnitas
1847 2353 1942 2391 se-

300 2424 521 2479 ctiones
553 2422 804 2493 reponit.
828 2420 1117 2494 Sicigitur
1133 2421 1306 2476 etiam
1333 2438 1505 2477 omne
1527 2427 1762 2495 tempus
1788 2425 1942 2495 quod

304 2517 438 2567 actu
470 2511 724 2566 divisum
757 2515 864 2580 est,
896 2515 997 2564 aut
1027 2509 1386 2565 additionem
1419 2513 1699 2582 suscepit,
1741 2515 1945 2568 termi-

305 2605 510 2656 natum
544 2603 650 2655 est.
683 2601 1045 2671 Quapropter
1073 2599 1368 2653 inﬁnitum
1401 2599 1460 2653 in
1504 2600 1720 2672 quibus
1771 2602 1947 2657 rebus

307 2691 479 2754 inest,
538 2693 825 2760 potestate
880 2687 1271 2760 cognoscitur.
1333 2689 1395 2743 In
1455 2705 1521 2744 eo
1575 2690 1731 2744 enim
1791 2691 1946 2762 quod

307 2795 538 2849 semper
568 2777 748 2832 secari
783 2776 990 2848 possit,
1021 2793 1124 2832 nec
1148 2794 1407 2849 unquam
1442 2778 1620 2834 sectio
1680 2779 1945 2845 desinat;

306 2872 363 2922 et
395 2881 626 2938 semper
655 2865 852 2937 augeri
890 2865 1092 2937 possit,
1127 2882 1230 2920 nec
1264 2883 1526 2937 unquam
1557 2867 1790 2923 desinat
1845 2884 1948 2922 au—

305 2955 439 3024 ctio,
471 2954 774 3009 inﬁnitum
808 2954 1233 3009 consideratur.

373 3044 428 3097 7.
471 3043 720 3098 Proinde
751 3042 1050 3098 inﬁnitum
1080 3043 1137 3098 in
1171 3060 1237 3099 eo
1268 3044 1422 3116 quod
1454 3045 1658 3112 dividi,
1691 3045 1833 3101 etin
1883 3062 1949 3102 eo

305 3133 460 3205 quod
493 3131 688 3204 augeri
724 3135 934 3201 potest,
969 3131 1159 3186 locum
1212 3131 1405 3188 habet.
1459 3133 1576 3188 Etsi
1625 3134 1782 3188 enim
1834 3152 1948 3190 non

303 3221 617 3284 dividatur,
651 3219 709 3273 id
752 3220 907 3289 quod
968 3219 1148 3274 dividi
1209 3224 1421 3291 potest,
1483 3226 1586 3277 aut
1644 3227 1948 3294 augeatur,

306 3310 459 3382 quod
489 3307 688 3381 augeri
722 3312 932 3378 potest,
965 3313 1160 3364 tamen
1191 3309 1334 3363 illud
1366 3309 1600 3379 quidem
1652 3293 1948 3366 iniinﬁni-
1983 3293 2026 3358 (ἶ

309 3403 434 3453 tum
466 3397 666 3463 dividi,
702 3397 809 3450 hoc
839 3401 1034 3450 autem
1069 3396 1128 3450 in
1161 3396 1462 3452 inﬁnitum
1493 3399 1691 3471 augeri
1738 3404 1947 3472 potest.

306 3486 657 3556 Quanquam
691 3488 888 3539 autem
919 3485 1094 3540 etiam
1141 3485 1200 3540 in
1250 3502 1317 3541 eo
1366 3487 1520 3557 quod
1570 3488 1852 3544 dividitur
1897 3493 1955 3544 et

309 3573 464 3645 quod
496 3576 766 3644 augetur,
798 3573 1101 3629 inﬁnitum
1144 3575 1570 3644 consideratur,
1623 3579 1707 3633 sic
1756 3583 1952 3633 tamen

309 3662 542 3733 saltem,
579 3661 840 3734 quandiu
874 3663 1157 3718 dividitur
1185 3669 1241 3719 et
1272 3671 1540 3738 augetur.

380 3752 435 3806 8.
469 3752 686 3823 Estque
737 3750 926 3808 auctio
976 3757 1032 3808 et
1079 3753 1286 3810 divisio
1329 3753 1387 3809 in
1437 3753 1734 3810 inﬁnitum
1788 3760 1954 3811 actus

309 3843 436 3911 ejus
469 3842 622 3912 quod
656 3845 940 3912 potestate
971 3847 1079 3906 est,
1114 3847 1171 3897 et
1201 3843 1577 3915 imperfectus
1625 3849 1812 3900 actus.
1867 3845 1957 3900 Fit

309 3930 464 3984 enim
494 3934 831 3985 remanente
862 3947 927 3984 en
961 3931 1115 4000 quod
1151 3936 1434 4002 potestate
1464 3938 1573 4001 est,
1618 3937 1675 3988 et
1718 3933 1776 3987 in
1829 3933 1952 3988 ﬁeri

309 4035 482 4072 suum
516 4035 645 4073 esse
676 4018 869 4073 habet.
925 4020 990 4073 Et
1039 4021 1541 4091 quemadmodum
1586 4022 1665 4076 rei
1719 4021 1956 4077 mobilis

308 4111 474 4161 actus
509 4108 608 4178 qui
645 4107 834 4178 ipsum
874 4112 1155 4180 potestate
1183 4114 1393 4176 servat,
1425 4114 1620 4165 motus
1651 4127 1780 4166 esse
1801 4111 1954 4166 dice-

310 4196 500 4263 batur,
534 4196 612 4250 ita
643 4196 816 4251 etiam
851 4198 978 4265 ejus
1006 4199 1159 4267 quod
1211 4198 1392 4252 dividi
1447 4203 1503 4253 et
1549 4199 1747 4271 augeri
1800 4200 1954 4256 122

310 4288 499 4354 potest
529 4290 695 4339 actus
727 4285 825 4356 qui
861 4285 1052 4356 ipsum
1088 4291 1370 4355 potestate
1396 4287 1623 4352 retinet,
1659 4288 1952 4342 inﬁnitum

311 4372 551 4427 obtinet.
583 4374 730 4427 Nam
764 4373 939 4428 simul
983 4391 1048 4427 ac
1082 4392 1112 4428 a
1145 4378 1427 4445 potestate
1477 4392 1604 4430 esse
1653 4377 1956 4447 sejunctus

313 4462 508 4528 fuerit,
541 4463 967 4518 extremitatem
1000 4463 1244 4534 accepit,
1269 4468 1325 4517 et
1358 4463 1748 4520 inﬁnitionem
1779 4467 1953 4537 depo-

315 4551 449 4606 suit.
485 4552 847 4623 Quapropter
878 4551 1178 4605 inlinitum
1212 4551 1284 4606 ab
1313 4551 1422 4606 hoc
1457 4556 1520 4606 ut
1550 4558 1831 4624 potestate
1854 4555 1952 4624 sit,

315 4656 428 4694 non
461 4640 689 4696 decedit
711 4642 776 4694 3".

381 4730 433 4782 9.
468 4729 563 4783 Sic
595 4729 770 4784 etiam
802 4728 966 4783 Plato
1007 4745 1286 4800 magnum
1339 4735 1396 4785 et
1444 4747 1710 4802 parvum,
1759 4732 1956 4788 inﬁni-

310 4822 437 4872 tum
471 4819 717 4883 dicebat,
752 4817 890 4890 quia
920 4817 976 4872 in
1024 4823 1272 4889 utroque
1323 4819 1620 4874 inﬁnitum
1673 4825 1958 4892 potestate

308 4911 414 4962 est.
448 4907 512 4959 ³⁵.

379 4996 465 5049 10.
517 4997 588 5049 At
617 4999 748 5050 actu
798 4994 1055 5065 perfecto
1098 4993 1259 5049 nulla
1307 5011 1411 5050 nec
1461 4996 1804 5068 magnitudo
1848 5015 1955 5054 nec

305 5083 623 5138 multitudo
657 5083 888 5138 inﬁnita
919 5084 976 5137 in
1009 5084 1228 5138 mundo
1260 5089 1368 5138 est.
1403 5083 1544 5140 Cum
1578 5085 1733 5140 enim
1767 5087 1958 5157 major

303 5173 446 5229 ccelo
482 5173 827 5246 magnitudo
864 5190 973 5228 non
1020 5173 1117 5235 sit,
1171 5171 1278 5227 hoc
1326 5176 1520 5227 tamen
1571 5175 1952 5231 terminatum

299 5267 427 5328 est;
463 5262 944 5332 quandoquidem
976 5261 1151 5316 etiam
1185 5265 1382 5316 motus
1415 5260 1575 5317 illius
1605 5265 1953 5320 terminatus

302 5355 409 5404 est.
443 5350 656 5404 Totum
693 5351 849 5405 enim
874 5349 1123 5404 breviori
1148 5366 1325 5420 quam
1353 5350 1528 5405 unius
1552 5353 1952 5424 nychthemeri

304 5452 403 5489 seu
439 5436 732 5492 naturalis
761 5439 873 5494 diei
899 5438 1088 5509 spatio
1121 5439 1190 5492 ab
1216 5439 1416 5493 eodem
1445 5446 1660 5510 puncto
1692 5443 1764 5496 ad
1797 5442 1951 5498 idem

304 5523 797 5581 circumvolvitur.
848 5527 994 5582 Cum
1046 5532 1240 5581 autem
1291 5526 1500 5583 caelum
1552 5530 1704 5599 quod
1755 5531 1955 5586 omnia

382 5666 466 5736 ‘72;
498 5668 668 5736 Phys.
702 5683 750 5721 c.
783 5669 838 5732 6,
871 5673 910 5724 t.
933 5670 1021 5722 63.

560 5684 668 5743 Lys.
702 5683 750 5721 c.
783 5669 910 5743 6,,ι.
933 5670 1058 5743 631-
1159 5671 1205 5702 3'3
1232 5671 1264 5723 3
1297 5668 1466 5743 Ifhys.
1527 5687 1577 5725 c.
1609 5673 1661 5726 6.
1698 5676 1740 5727 t.
1773 5673 1863 5739 46,
1889 5677 2022 5730 etc.
2057 5675 2112 5743 7,
2141 5678 2181 5730 t.
2209 5675 2300 5729 68.

309 5746 358 5784 ο.
393 5735 444 5801 4,
478 5741 517 5791 t.
549 5735 638 5808 27,
673 5743 806 5792 etc.
838 5740 891 5808 (-3,
926 5744 967 5794 t.
1002 5741 1090 5794 61.
1170 5743 1212 5775 κδ
1243 5743 1275 5795 3
1307 5735 1479 5813 Ph'ys.
1514 5745 1650 5811 0.5,
1684 5747 1723 5799 t.
1757 5735 1858 5807 59,
1876 5750 1982 5802 etc.

2049 1969 2317 2045 αὔξεσθαι,
2339 1974 2402 2029 τὸ
2435 1972 2491 2029 δὲ
2521 1972 2840 2052 διαιρεῖσθαι
2873 1975 2974 2030 ἀεί.
3009 1971 3143 2031 Οὔτε
3170 1975 3272 2052 γὰρ
3303 1975 3536 2052 ἀριθμὸς
3560 1975 3708 2052 ἐνερ-

2047 2061 2167 2137 γείᾳ
2216 2061 2355 2118 ἐστὶν
2406 2061 2484 2126 εἷς
2531 2065 2751 2140 ἄπειρον
2801 2063 3050 2138 αὐξηθεὶς
3100 2065 3227 2138 (πᾶς
3271 2064 3373 2142 γὰρ
3405 2065 3434 2120 ὁ
3469 2063 3704 2143 ληφθεὶς

2051 2149 2289 2228 ἐνεργείᾳ
2343 2151 2715 2227 πεπέρασται),
2778 2149 2902 2209 οὔτε
2965 2152 3188 2230 μέγεθος
3251 2153 3489 2232 ἐνεργείᾳ
3554 2151 3708 2210 ἔσται

2052 2237 2379 2316 διῃρημένον
2430 2240 2506 2303 εἰς
2557 2238 2769 2318 ἄπειρα.
2819 2247 2968 2297 Πᾶσα
2997 2242 3102 2318 γὰρ
3149 2240 3410 2319 διαίρεσις
3466 2242 3711 2320 ἐνεργείᾳ

2051 2334 2330 2406 γεγονυῖα,
2383 2332 2764 2407 πεπερασμένα
2817 2331 2885 2385 τὰ
2938 2333 3205 2405 τμήματα
3257 2330 3490 2402 τίθησιν.
3549 2331 3708 2388 Οὕτω

2051 2419 2230 2474 τοίνυν
2286 2418 2377 2473 καὶ
2421 2425 2523 2481 πᾶς
2570 2420 2770 2495 χρόνος
2819 2419 3056 2497 ἐνεργείᾳ
3101 2417 3411 2495 διαιρεθεὶς,
3447 2422 3483 2491 ἢ
3531 2417 3708 2499 πρόσ-

2057 2517 2199 2571 θεσιν
2291 2504 2632 2583 δεδεγμένος,
2701 2507 3050 2585 πεπέρασται.
3115 2511 3277 2564 ’Ώστε
3353 2513 3416 2565 τὸ
3483 2508 3707 2585 ἄπειρον

2057 2598 2245 2673 οἷσπερ
2290 2592 2480 2668 ἔνεστι,
2534 2595 2756 2670 δυνάμει
2819 2598 3164 2673 γινώσκεται·
3216 2599 3268 2653 ἐν
3321 2599 3426 2676 γὰρ
3476 2605 3556 2671 τῷ
3611 2598 3708 2656 δύ-

2056 2688 2243 2741 νασθαι
2311 2685 2542 2741 πάντοτε
2587 2686 2873 2760 τέμνεσθαι
2922 2687 3012 2742 καὶ
3067 2685 3326 2761 μηδαμοῦ
3373 2688 3709 2764 καταλήγειν

2055 2777 2154 2844 τὴν
2206 2777 2406 2849 τομὴν,
2455 2776 2545 2830 καὶ
2597 2775 2760 2831 πάλιν
2816 2774 3059 2847 αὔξεσθαι
3101 2776 3332 2834 πάντοτε
3376 2778 3466 2833 καὶ
3529 2776 3707 2851 μηδα-

2063 2868 2167 2936 μοῦ
2238 2861 2564 2940 καταλήγειν
2636 2865 2736 2933 τήν
2801 2861 3044 2939 αὔξησιν,
3095 2867 3377 2941 θεωρεῖται
3419 2867 3483 2921 τὸ
3554 2863 3710 2923 ἄπει-

2061 2973 2173 3029 ρον.

2134 3043 2192 3111 ζ’.
2255 3042 2339 3097 Ἐν
2387 3046 2468 3114 τῷ
2517 3039 2770 3118 διαιρετῷ
2834 3043 2937 3119 ἄρα
2983 3041 3047 3098 τὰ
3097 3041 3340 3121 ἄπειρον,
3389 3045 3479 3099 καὶ
3529 3043 3583 3101 έν
3629 3067 3714 3119 τῳ

2059 3129 2292 3203 αὐξητῷ.
2342 3129 2446 3185 Κᾶν
2499 3131 2603 3205 γὰρ
2656 3133 2731 3204 μὴ
2786 3130 3060 3207 διαιρῆται
3109 3133 3170 3188 τὸ
3224 3129 3515 3210 διαιρετὸν,
3545 3133 3580 3204 ἢ
3614 3131 3713 3189 αῦ-

2061 3218 2216 3290 ξηται
2245 3220 2307 3273 τὸ
2339 3215 2587 3290 αὐξητόν·
2623 3218 2750 3275 ἀλλ’
2780 3217 2880 3275 οῦκ
2929 3221 2993 3276 τὸ
3045 3221 3138 3294 μὲν
3191 3220 3275 3276 ἐπ’
3328 3223 3549 3299 ἄπειρόν
3602 3222 3716 3279 ἐστι

2065 3304 2354 3382 διαιρετὸν,
2385 3309 2448 3362 τὸ
2507 3305 2551 3362 δ’
2611 3306 2693 3362 ἐπ’
2754 3307 2973 3386 ἄπειρον
3007 3309 3257 3380 αὐξητόν.
3286 3309 3347 3365 Εἰ
3381 3309 3440 3366 δὲ
3479 3311 3574 3366 κάν
3633 3316 3716 3384 τῷ

2063 3393 2425 3470 διαιρουμένῳ
2481 3395 2571 3451 καὶ
2638 3396 2919 3470 αὐξομένῳ
2995 3404 3275 3474 θεωρεῖται
3339 3399 3402 3454 τὸ
3465 3397 3710 3476 ἄπειρον,

2063 3482 2191 3540 ἀλλ’
2221 3481 2328 3538 ἔστ’
2361 3483 2419 3538 ἂν
2454 3481 2729 3559 διαιρῆται
2758 3485 2792 3554 ἢ
2827 3481 3072 3556 αὔξηται.

2134 3750 2206 3819 η’.
2240 3748 2339 3803 Καὶ
2387 3743 2527 3804 ἔστιν
2578 3751 2613 3819 ἠ
2666 3748 2748 3804 ἐπ’
2798 3748 3018 3828 ἄπειρον
3070 3749 3292 3824 αὔξησις
3357 3753 3447 3809 καὶ
3512 3752 3716 3832 διαίρε-

2065 3858 2146 3898 σις
2205 3836 2442 3914 ἐνέργεια
2487 3841 2584 3892 τοῦ
2616 3835 2860 3912 δυνάμει,
2891 3839 2980 3894 καὶ
3039 3839 3240 3911 ἀτελὴς
3299 3842 3550 3920 ὶνέργεια.
3602 3845 3716 3902 Μέ-

2062 3947 2253 3988 νοντος
2308 3927 2411 4002 γὰρ
2471 3931 2566 3982 τοῦ
2617 3925 2840 4000 δυνάμει
2880 3928 3103 4003 γίνεται,
3157 3931 3252 3985 κάν
3331 3936 3411 4004 τῷ
3477 3932 3718 4008 γίνεσθαι

2062 4016 2126 4070 τὸ
2176 4016 2308 4069 εἶναι
2359 4014 2495 4093 ἔχει.
2529 4016 2627 4071 Καὶ
2681 4016 2861 4093 ὥσπερ
2907 4020 2942 4088 ἡ
2973 4023 3069 4073 τοῦ
3125 4025 3351 4090 κινητοῦ
3409 4020 3721 4100 ἐντελέχεια

2065 4103 2408 4182 φυλάττουσα
2435 4106 2496 4160 τὸ
2547 4103 2794 4177 δυνάμει,
2826 4106 3039 4178 κίνησις
3090 4106 3310 4184 ἐλέγετο
3359 4111 3513 4166 εἶναι·
3575 4109 3721 4169 οὕτω

2063 4194 2153 4248 καὶ
2211 4195 2246 4264 ἡ
2305 4199 2403 4250 τοῦ
2457 4192 2728 4268 διαιρετοῦ
2774 4195 2862 4250 καὶ
2923 4201 3018 4251 τοῦ
3099 4198 3333 4271 αὐξητοῦ
3407 4199 3723 4277 ἐντελεχεια

2065 4281 2411 4360 φυλάττουσα
2453 4283 2518 4338 τὸ
2561 4280 2807 4355 δυνάμει,
2852 4285 2915 4338 τὸ
2963 4285 3182 4360 ἄπειρον
3235 4285 3373 4364 ἔχει.
3405 4293 3512 4347 Τοῦ
3567 4286 3721 4346 δυνάο

2071 4392 2156 4443 μει
2213 4372 2314 4447 γὰρ
2383 4372 2717 4447 χωρισθεῖσα
2773 4372 2942 4448 πέρας
3000 4369 3182 4442 ἔλαϐε,
3237 4375 3327 4430 καὶ
3382 4377 3446 4432 τὸ
3495 4378 3719 4453 ἄπειρον

2066 4454 2390 4518 ἀπελάϐετο.
2461 4463 2621 4514 Ὥστε
2688 4465 2785 4514 τοῦ
2864 4457 3088 4536 δυνάμει
3164 4465 3228 4519 τὸ
3304 4465 3523 4544 ἄπειρον
3622 4467 3724 4523 οὐκ

2068 4547 2350 4618 ἐξίσταται.

2139 4730 2198 4790 θ’,
2228 4727 2382 4782 Οὕτω
2440 4727 2529 4782 καὶ
2585 4726 2814 4783 Πλάτων
2872 4729 2935 4784 τὸ
3009 4730 3150 4804 μέγα
3224 4733 3315 4788 καὶ
3388 4735 3451 4788 τὸ
3523 4736 3719 4812 μικρὸν

2069 4817 2287 4893 ἄπειρον
2358 4813 2570 4891 ἔλεγεν,
2633 4815 2714 4871 ὅτι
2784 4815 2865 4894 ἐφ’
2923 4819 3145 4895 ἑκάτερά
3203 4820 3344 4877 ἐστιν
3406 4825 3441 4892 ἡ
3501 4823 3725 4900 ἀπειρία

2068 4903 2312 4978 δυνάμει.

2143 4997 2190 5050 ι’.
2225 4992 2503 5069 Ἐνεργείᾳ
2565 4991 2621 5048 δὲ
2694 4993 2877 5066 τελείᾳ
2943 4994 3048 5050 οὐκ
3112 4994 3254 5053 ἔστιν
3319 4999 3540 5078 ἄπειρον
3599 4999 3725 5059 οὔτε

2074 5085 2320 5160 μέγεθος,
2353 5081 2482 5137 οὔτε
2536 5081 2748 5153 πλῆθος
2796 5082 2847 5138 ἐν
2904 5089 2984 5157 τῷ
3022 5085 3216 5160 κόσμῳ
3273 5087 3448 5148 οὐδέν.
3481 5092 3726 5169 Μέγεθος

2065 5174 2168 5249 γὰρ
2226 5172 2326 5228 οὐκ
2373 5170 2484 5228 ἔστι
2539 5177 2722 5244 μεῖζον
2766 5176 2863 5226 τοῦ
2909 5171 3160 5250 οὐρανοῦ,
3190 5177 3280 5232 καὶ
3332 5179 3492 5244 οὗτος
3550 5182 3724 5260 ὑπάρ-

2065 5282 2154 5338 χει
2238 5261 2667 5338 πεπερασμένοςο
2751 5257 2938 5330 ἐπειδὴ
3000 5265 3090 5317 καὶ
3152 5267 3186 5336 ἡ
3243 5266 3440 5325 τούτου
3510 5257 3726 5344 κίνησις

2064 5351 2467 5425 πεπερασμένη·
2519 5349 2618 5438 Καὶ
2667 5349 2771 5426 γὰρ
2816 5347 3060 5438 ἐλάττονι
3114 5354 3302 5431 χρόνῳ
3359 5363 3456 5414 τοῦ
3513 5363 3724 5438 νυχθη-

2069 5440 2236 5512 μέρου
2295 5437 2512 5512 σύμπας
2566 5437 2625 5493 ἐκ
2669 5442 2767 5493 τοῦ
2824 5437 2988 5493 αὐτοῦ
3048 5440 3123 5504 εἰς
3154 5444 3216 5498 τὸ
3247 5443 3378 5502 αὐτὸ
3429 5450 3723 5526 περιστρέ-

2064 5549 2239 5609 φεται.
2271 5533 2375 5583 Τοῦ
2407 5526 2454 5583 δ’
2484 5525 2713 5604 οὐρανοῦ
2759 5530 2857 5581 τοῦ
2885 5528 2949 5582 τὸ
2992 5535 3096 5585 πᾶν
3151 5525 3511 5614 περιέχοντος
3560 5560 3725 5597 πεπε-

2423 5673 2470 5707 ³³
2498 5673 2531 5727 3
2562 5671 2736 5745 Phys.
2772 5687 2821 5729 ο.
2853 5672 2909 5742 6,
2934 5677 2975 5729 t.
3009 5674 3082 5730 57
3105 5681 3162 5734 et
3189 5679 3278 5737 59.
3413 5683 3460 5719 “
3489 5683 3524 5740 3
3547 5683 3718 5759 Phys.
