4094 6458
310 453 469 519 1118

1569 457 1992 524 NICEPHORI
2034 453 2478 522 ΒιΕΜΜιυιΕ

3569 459 3748 526 1116

307 588 634 663 principiis,
669 591 740 646 de
785 590 1033 648 materia
1077 590 1346 650 videlicet
1392 598 1449 651 et
1497 595 1704 665 forma,
1738 595 1856 651 sive
1888 595 1957 650 de

2071 591 2268 654 παντὸς
2301 592 2556 665 σώματος
2588 594 2836 672 φυσικοῦ,
2884 598 2984 663 τῆς
3035 590 3177 665 ὕλης
3225 588 3442 665 δηλαδή
3493 591 3583 650 καὶ
3627 599 3741 652 τοῦ

313 681 558 734 materia
587 679 889 751 qualitatis
921 687 1171 752 experte,
1194 687 1252 737 et
1283 682 1560 754 qualitate
1584 683 1956 740 immateriali

310 773 523 837 (forma
566 771 722 825 enim
775 770 1028 842 qualitas
1076 777 1187 834 est,
1221 775 1695 845 quandoquidem
1746 791 1958 845 corpus

312 858 593 930 qualitate
625 861 894 914 affectum
929 861 1242 930 informat),
1263 863 1484 917 dictum
1517 863 1752 933 quidem
1788 868 1959 917 antea

307 952 434 1015 est;
470 965 624 1003 nunc
655 956 851 1004 autem
883 949 952 1004 de
973 949 1106 1004 aliis
1127 950 1477 1020 quibusdam
1507 953 1780 1006 secundis
1802 954 1948 1008 127

311 1036 614 1108 principiis
647 1039 962 1108 corporeis,
995 1055 1121 1110 quae
1167 1055 1234 1094 ex
1281 1041 1487 1111 primis
1537 1040 1654 1095 illis
1707 1042 1956 1096 conflata

304 1130 465 1194 sunt,
498 1127 681 1181 oratio
725 1128 1104 1193 instituetur;
1159 1145 1286 1198 quae
1323 1131 1551 1200 prOprie
1581 1130 1869 1185 elementa
1898 1137 1955 1185 et

303 1215 600 1285 simplicia
631 1232 874 1288 corpora
921 1217 1307 1288 appellantur.
1343 1219 1640 1273 Elementa
1693 1221 1950 1290 quidem,

304 1304 458 1374 quod
518 1311 722 1358 caetera
781 1305 1075 1360 naturalia
1135 1323 1376 1378 corpora
1436 1308 1696 1378 proxime
1747 1327 1812 1362 ex
1861 1309 1954 1363 his

303 1397 608 1457 constant;
666 1393 957 1464 simplicia
1005 1401 1196 1449 autem
1251 1413 1514 1467 corpora,
1566 1396 1612 1450 si
1668 1414 1799 1450 cum
1863 1397 1952 1450 bis

303 1497 431 1553 quae
462 1481 789 1536 conﬂantur
818 1499 885 1537 ex
917 1483 1082 1552 ipsis,
1118 1485 1516 1538 conferantur.
1551 1483 1763 1540 Omnia
1794 1484 1949 1539 enim

305 1586 375 1624 ex
399 1570 616 1640 quibus
647 1572 992 1642 compositio
1027 1573 1107 1640 fit,
1143 1572 1235 1627 his
1268 1590 1394 1644 qua:
1425 1590 1492 1628 ex
1541 1574 1684 1645 ipsis
1715 1591 1951 1645 compo-

305 1664 554 1729 nuntur,
585 1660 944 1732 simpliciora
973 1667 1132 1717 sunt.

378 1750 432 1803 2.
461 1750 620 1813 Quod
655 1749 839 1821 igitur
868 1749 926 1804 in
959 1751 1164 1807 formis
1205 1752 1585 1808 contrarietas
1633 1751 1708 1807 sit
1736 1753 1952 1823 (omnis

302 1836 457 1892 enim
489 1839 785 1909 generatio
807 1854 874 1893 ex
895 1841 1207 1906 contrario,
1222 1846 1279 1896 et
1298 1857 1505 1897 rursus
1526 1841 1718 1896 omnis
1749 1858 1951 1896 corru-

300 1923 421 1996 ptio
445 1925 502 1979 in
532 1927 891 1981 contrarium
907 1928 988 1998 ﬁt)
1005 1933 1138 1984 ante
1151 1935 1676 1985 commemoratum
1695 1931 1954 1995 est.Quo-

302 2012 462 2068 niam
495 2018 688 2070 autem
719 2015 762 2049 ³⁷
795 2017 1148 2072 naturalium
1173 2022 1231 2073 et
1248 2017 1620 2074 sensibilium
1643 2035 1952 2090 corporum

303 2101 569 2157 omnium
601 2103 951 2176 inquirendo
984 2105 1287 2178 principia,
1323 2107 1629 2161 materiam
1651 2111 1709 2162 et
1731 2111 1954 2162 contra-

304 2192 570 2246 rietatem
597 2192 933 2248 invenimus
958 2200 1014 2249 et
1046 2196 1463 2251 constituimus
1490 2214 1502 2263 ;
1536 2197 1807 2267 princeps
1828 2213 1947 2250 om-

307 2279 400 2336 nis
429 2281 833 2346 contrarietas,
851 2284 1148 2340 seusibilis
1170 2284 1304 2351 erit;
1331 2301 1435 2340 nec
1458 2291 1653 2340 tamen
1677 2302 1953 2357 quaecun-

306 2386 420 2442 que
448 2370 768 2438 sensibilis,
805 2373 905 2427 sed
939 2390 1006 2428 ea
1046 2374 1282 2429 demum
1336 2391 1463 2446 quae
1514 2375 1770 2429 materiae
1821 2391 1953 2442 pro-

302 2457 458 2513 xime
498 2460 814 2530 conjuncta
862 2466 920 2516 et
960 2462 1213 2517 maxime
1261 2464 1594 2518 communis
1626 2470 1732 2527 est,
1769 2479 1824 2518 et
1855 2480 1956 2534 per

301 2547 501 2602 omnia
531 2565 770 2618 corpora
818 2557 1082 2621 vagatur.
1121 2552 1424 2622 Ejusmodi
1484 2559 1678 2608 autem
1740 2559 1830 2607 est
1887 2570 1956 2607 ea

303 2653 430 2708 quae
463 2638 574 2692 sub
604 2642 827 2692 tactum
863 2641 1038 2694 cadit.
1065 2642 1209 2696 Cum
1245 2642 1398 2696 enim
1428 2642 1652 2713 primus
1686 2641 1954 2696 omnium

301 2742 586 2782 sensuum
637 2729 960 2783 secundum
1017 2737 1289 2785 naturam
1343 2732 1419 2785 sit
1471 2737 1701 2798 tactus;
1749 2732 1954 2786 merito

302 2815 480 2872 etiam
513 2817 1000 2873 communissima
1021 2819 1244 2874 ratione
1267 2821 1440 2875 rebus
1462 2821 1738 2876 omnibus
1762 2821 1954 2876 sensi-

305 2903 524 2960 bilibus
555 2904 664 2961 hoc
695 2907 954 2978 impertit
985 2914 1048 2962 ut
1079 2909 1239 2979 tangi
1275 2911 1521 2979 possint.
1558 2917 1766 2965 Eorum
1797 2910 1955 2965 enim

307 3009 438 3064 qua
464 2994 767 3049 sensibilia
801 3001 958 3063 sunt,
985 2997 1252 3068 quaedam
1284 2999 1462 3053 videri
1501 2999 1650 3055 128
1685 3016 1798 3054 non
1824 3016 1956 3071 pos-

301 3085 463 3147 sunt,
497 3089 801 3155 prepterea
829 3087 982 3156 quod
1027 3087 1220 3142 colore
1251 3092 1469 3155 carent,
1496 3089 1687 3160 qualis
1711 3093 1800 3144 est
1829 3106 1955 3157 aer;

302 3172 568 3243 quaadam
587 3173 776 3228 audiri
795 3181 1109 3246 nequeunt,
1136 3176 1272 3247 quia
1286 3178 1592 3248 strepitum
1617 3195 1731 3232 non
1755 3179 1957 3245 edunt,

304 3264 367 3314 ut
400 3260 653 3332 spungia
675 3267 731 3316 et
765 3262 933 3330 lana;
971 3265 1448 3336 quandoquidem
1471 3267 1646 3322 etiam
1677 3266 1882 3322 solidis
1903 3271 1960 3322 et

2069 678 2268 754 εἷ’δους,
2300 677 2424 750 ἤτοι
2471 687 2574 750 τῆς
2621 680 2816 737 ἀποίου
2864 679 3003 751 ὕλης
3052 680 3143 738 καὶ
3187 689 3290 752 τῆς
3348 681 3520 739 ἀΰλου
3568 683 3740 740 ποιό-

2064 791 2252 840 τητος·
2312 769 2540 839 ποιότης
2597 771 2697 846 γὰρ
2753 771 2816 825 τὸ
2889 768 3032 832 εἶδος
3068 793 3080 803 ·
3143 771 3256 827 ἐπεὶ
3312 773 3570 845 σώματος
3630 794 3734 830 πε-

2066 859 2376 933 ποιωμὲνου
2427 857 2732 915 εἰδοποιόν·
2791 865 2882 915 νῦν
2939 858 2995 915 δὲ
3053 861 3177 937 περί
3234 882 3394 916 τινων
3451 861 3638 917 ἄλλων
3704 865 3737 918 ὁ

2067 947 2232 1021 λόγος
2289 949 2476 1024 ἀρχῶν
2526 945 2786 1024 δευτὲρων
2846 947 3253 1022 σωματοειδῶν,
3313 949 3371 1005 ἐκ
3406 954 3515 1005 τῶν
3571 951 3731 1027 πρώ-

2063 1058 2169 1092 των
2218 1037 2587 1111 συγκειμένων
2639 1038 2847 1114 ἀρχῶν,
2897 1039 3094 1100 α’“τινες
3142 1036 3295 1100 ἰδίως
3340 1045 3588 1114 στοιχεῖα
3635 1040 3728 1094 καί

2065 1125 2212 1181 ἀπλᾶ
2258 1125 2750 1202 προσαγορεύονται
2812 1128 3071 1199 σώματαο
3131 1133 3379 1203 στοιχεῖα
3439 1130 3534 1200 μὲν
3572 1171 3586 1194 ,
3639 1128 3726 1184 ὅτι

2060 1216 2126 1269 τὰ
2216 1213 2384 1270 λοιπὰ
2465 1217 2662 1293 φυσικά
2736 1215 2964 1288 σώματα
3040 1222 3327 1292 προσεχῶς
3404 1216 3463 1271 ἐκ
3528 1216 3744 1277 τούτων

2065 1303 2428 1358 συνίστανται·
2489 1305 2718 1376 σώματα
2782 1301 2830 1358 δ’
2888 1303 3055 1373 ἁπλᾶ,
3117 1306 3252 1380 πρὸς
3309 1306 3377 1360 τά
3419 1306 3748 1382 συγκείμενα

2063 1390 2122 1446 ἐκ
2183 1392 2392 1447 τούτων
2489 1386 2960 1467 παραϐαλλόμενα
2993 1436 3005 1448 .
3099 1392 3279 1448 Πάντα
3345 1393 3448 1470 γὰρ
3528 1392 3580 1464 ἐξ
3650 1391 3729 1448 ὧν

2061 1483 2096 1550 ἡ
2157 1481 2393 1544 σύνθεσις
2458 1485 2566 1536 τῶν
2631 1480 2679 1553 ἐξ
2756 1479 2970 1536 ἐκείνων
3031 1482 3424 1555 συντιθεμένων
3486 1481 3668 1537 ἁπλού
3704 1516 3728 1526 -

2062 1590 2238 1645 στερα.

2133 1743 2198 1801 ϐ’.
2233 1752 2350 1802 Ὅτι
2387 1748 2482 1821 μὶν
2519 1746 2609 1802 οὖν
2645 1747 2956 1818 ἐναντιότης
2989 1746 3041 1802 ἐν
3079 1751 3198 1809 τοῖς
3228 1744 3392 1802 εἷ’δεσι
3423 1748 3592 1821 (πᾶσα
3621 1749 3728 1822 γὰρ

2059 1836 2261 1912 γένεσις
2318 1835 2376 1891 ἐκ
2425 1841 2521 1891 τοῦ
2579 1835 2856 1909 ἐναντίου,
2914 1835 3004 1890 καὶ
3057 1834 3222 1892 πάλιν
3279 1835 3355 1898 εἰς
3410 1835 3730 1892 τούναντίον

2059 1931 2206 1980 πᾶσα
2297 1927 2493 2003 φθορὰ)
2571 1926 3023 2001 προϋπὲμνησται
3076 1945 3087 1956 ’
3152 1923 3237 1979 ὅτι
3316 1919 3375 1979 δὲ
3450 1922 3726 1996 σωμάτων

2062 2018 2299 2093 φυσικῶν
2355 2015 2446 2069 καὶ
2504 2014 2774 2084 αἰσθητῶν
2836 2014 3083 2068 ἁπάντων
3149 2017 3435 2083 ζητοῦντες
3497 2013 3678 2089 ἀρχὰς
3714 2059 3729 2086 ,

2061 2104 2157 2170 τὴν
2217 2101 2356 2158 ῧλπν
2410 2103 2500 2157 καὶ
2556 2103 2654 2171 τήν
2712 2101 3020 2157 ἐναντίωσιν
3075 2099 3339 2178 ἔγνωμεν,
3397 2103 3634 2172 αἰσθητὴ
3669 2103 3735 2157 ἂν

2063 2189 2145 2262 εἷίη
2200 2198 2343 2247 πᾶσα
2400 2189 2710 2253 ἐναντίωσις
2764 2191 2969 2266 ἀρχικὴ
3002 2236 3016 2262 ,
3075 2189 3164 2245 καὶ
3226 2189 3332 2266 οὐχ
3389 2193 3425 2261 ἡ
3482 2195 3738 2266 τυχοῦσα

2063 2281 2334 2353 αἰσθητὴ,
2385 2279 2514 2335 ἀλλ’
2565 2283 2598 2349 ἡ
2651 2284 2720 2354 τῇ
2773 2279 2878 2354 ὕλῃ
2934 2279 3341 2355 προσεχεστάτη
3403 2279 3494 2334 καὶ
3541 2301 3731 2335 κοινο-

2060 2371 2194 2441 τάτη
2247 2370 2337 2425 καὶ
2388 2367 2478 2424 διά
2506 2369 2725 2423 πάντων
2777 2373 2883 2423 τῶν
2932 2368 3202 2442 σωμάτων
3256 2366 3542 2440 διήκουσα.
3599 2374 3736 2424 Τοι-

2063 2459 2199 2529 αύτη
2249 2457 2307 2514 δὲ
2348 2457 2490 2512 ἐστιν
2541 2461 2576 2528 ἡ
2628 2459 2792 2528 ἁπτή.
2846 2458 3045 2534 Ηρώτη
3091 2458 3192 2533 γὰρ
3227 2455 3361 2513 οὖσα
3406 2458 3544 2513 κατά
3573 2458 3734 2536 φύσιν

2063 2551 2097 2617 ἡ
2158 2548 2265 2626 ἀφῆ
2342 2551 2525 2602 πασῶν
2587 2551 2694 2601 τῶν
2755 2546 3058 2617 αἰσθήσεων
3091 2593 3104 2618 ,
3169 2546 3394 2609 εἰκότως
3469 2547 3559 2602 καὶ
3635 2552 3737 2602 τοῦ

2065 2639 2236 2692 ἁτττοῦ
2302 2633 2627 2709 μεταδίδωσι
2685 2637 3017 2697 κοινοτάτως
3073 2640 3204 2690 πᾶσι
3253 2641 3370 2698 τοῖς
3424 2636 3734 2706 αἰσθητοῖς.

2063 2727 2192 2780 Τινά
2254 2726 2346 2799 μὲν
2397 2725 2498 2800 γὰρ
2558 2729 2666 2780 τῶν
2726 2723 2997 2794 αἰσθητῶν
3044 2724 3247 2799 ἀόρατα
3292 2721 3380 2780 διὰ
3424 2725 3488 2780 τὸ
3537 2725 3738 2802 ἀχρω-

2069 2816 2346 2889 μάτιστον,
2397 2815 2510 2876 οἷος
2558 2814 2586 2868 ὁ
2636 2815 2764 2889 ἀήρ’
2818 2813 2940 2868 τινὰ
2991 2811 3050 2868 δὲ
3101 2813 3428 2887 ἀνήκουστα,
3476 2815 3554 2877 ὡς
3593 2815 3735 2890 ἀψό-

2066 2927 2211 2984 φητα
2241 2905 2356 2966 οἷος
2390 2905 2417 2959 ὁ
2449 2903 2684 2980 σπόγγος
2713 2902 2804 2957 καὶ
2852 2903 2915 2958 τὸ
2963 2900 3126 2979 ἔριον·
3178 2902 3318 2958 ὅπου
3367 2924 3432 2980 γε
3481 2904 3570 2959 καὶ
3601 2911 3739 2974 ἵτοῖς

2063 2999 2171 3050 τῶν
2203 2994 2470 3067 σωμάτων
2526 2992 2836 3054 ἀντιτύποις
2887 2991 2949 3046 οὐ
2995 2991 3112 3046 καθ’
3163 2991 3318 3064 αὐτὰ,
3372 2996 3442 3066 τῇ
3488 2990 3546 3047 δὲ
3593 2993 3737 3070 πρὸς

2065 3085 2154 3140 τὸν
2215 3083 2347 3159 ἀέρα
2398 3081 2713 3158 προσρήξει,
2765 3081 2970 3159 πέφυκε
3011 3081 3073 3136 τὸ
3123 3083 3353 3160 ψοφεῖν.
3404 3080 3557 3138 Ἀλλ’
3607 3080 3740 3138 οὐδὲ

2067 3175 2122 3228 αἱ
2185 3172 2350 3246 ὀσμαὶ
2407 3169 2497 3226 διὰ
2541 3171 2753 3226 πάντων
2808 3175 2916 3224 τῶν
2968 3169 3285 3241 αἰσθητῶν.
3340 3167 3484 3226 Ἰδοὺ
3541 3171 3646 3248 γάρ
3706 3173 3737 3227 ὁ

2067 3263 2174 3338 ἀὴρ
2223 3261 2403 3333 ὥσπερ
2455 3261 2776 3336 χρώματος,
2831 3258 2974 3314 οὕτω
3028 3258 3116 3314 καί
3168 3259 3348 3332 ὀσμῆς
3401 3257 3542 3323 ἰδίας
3597 3261 3737 3334 ἀμέ-

299 3347 688 3404 renitentibus
717 3346 1066 3422 corporibus
1095 3371 1209 3407 non
1235 3371 1334 3425 per
1361 3357 1553 3426 se,sed
1581 3361 1816 3428 propter
1835 3356 1951 3410 col-

2071 3353 2274 3414 Θεκτος·
2335 3349 2427 3406 καὶ
2484 3348 2652 3424 ταύτῃ
2702 3346 3194 3424 διαπορθμευτικὸς
3249 3347 3452 3424 γίνεται
3499 3351 3738 3425 χρωμά-

303 3435 570 3491 lisionem
607 3455 741 3494 cum
773 3457 900 3495 aere
933 3443 1202 3497 convenit
1243 3444 1608 3510 naturaliter,
1642 3450 1708 3500 ut
1739 3445 1954 3516 strepi-

305 3529 432 3580 tum
460 3526 654 3581 edant.
688 3529 794 3583 Sed
831 3547 933 3584 nec
965 3530 1138 3586 etiarn
1190 3533 1398 3588 odores
1449 3549 1549 3605 per
1591 3535 1790 3589 omnia
1821 3551 1956 3590 sen-

307 3612 502 3669 sibilia
531 3616 887 3690 [vagantur].
913 3619 1140 3674 Videsis
1171 3621 1324 3676 enim
1360 3639 1550 3678 aerem
1577 3640 1590 3688 ;
1627 3623 1676 3677 is
1709 3629 1774 3677 ut
1804 3622 1959 3678 colo-

307 3701 409 3770 ris,
443 3702 525 3757 ita
555 3704 726 3759 etiam
755 3708 972 3778 proprii
995 3709 1188 3765 odoris
1212 3727 1416 3782 expers
1442 3716 1566 3779 est;
1601 3716 1657 3767 et
1683 3713 1960 3768 hactenus

305 3795 894 3862 transportandorum
927 3797 1188 3854 colorum
1237 3805 1294 3854 et
1324 3800 1569 3854 odorum
1621 3799 1957 3856 facultatem

302 3878 501 3936 habet.
533 3882 681 3947 Quin
715 3899 786 3939 ne
819 3885 1058 3956 quidem
1089 3887 1264 3942 etiam
1311 3887 1623 3959 qualitates
1673 3907 1799 3960 qua
1850 3890 1959 3945 sub

300 3973 541 4040 gustum
574 3972 815 4037 cadunt,
850 3980 992 4030 sunt
1017 3975 1076 4030 in
1109 3977 1410 4032 omnibus.
1444 3979 1611 4049 Aqua
1640 3979 1797 4034 enim
1832 3994 1964 4050 quae

2062 3463 2170 3498 των
2219 3462 2277 3496 τε
2324 3440 2414 3495 καὶ
2467 3439 2675 3513 ὀσμῶν.
2729 3438 2884 3494 Ἀλλ’
2915 3434 3043 3493 οὐδὲ
3086 3437 3304 3514 γευσταὶ
3348 3437 3640 3508 ποιότητες
3675 3437 3731 3494 ἐν

2067 3531 2225 3586 πᾶσίν
2275 3530 2398 3587 εἰσι.
2430 3528 2502 3584 Τὸ
2543 3532 2671 3604 γοῦν
2721 3525 2868 3603 ὕδωρ
2917 3531 3035 3590 τοῖς
3090 3532 3295 3602 χυμοῖς
3344 3527 3738 3600 ὑποκείμενον⁷

2069 3618 2284 3696 ἄχυμόν
2331 3618 2444 3674 ἐστι
2498 3619 2616 3673 καθ’
2665 3615 2794 3672 αὐτό
2820 3634 2833 3648 ·
2890 3616 3058 3689 μόνας
3099 3613 3158 3670 δὲ
3209 3613 3301 3670 διὰ
3355 3616 3573 3670 πάντων
3624 3621 3739 3672 τῶν

2070 3707 2338 3781 σωμάτων
2386 3703 2870 3784 διαπεφοιτηκυίας
2921 3706 3019 3767 τὰς
3070 3704 3243 3766 ἁπτάς
3294 3705 3509 3779 ὁρῶμεν
3569 3704 3740 3759 ποιό-

2067 3817 2258 3866 τητας.
2291 3795 2482 3852 Ἀπταὶ
2514 3793 2617 3872 ἄρα
2659 3795 2762 3850 εἶεν
2815 3793 2874 3849 ἂν
2921 3793 3261 3855 ἐναντιώσεις
3312 3793 3368 3847 αἱ
3399 3789 3489 3847 διὰ
3518 3792 3738 3849 πάντων

2067 3890 2178 3941 τῶν
2236 3886 2503 3959 σωμάτων
2566 3881 2772 3956 διήκειν
2827 3879 3140 3956 δυνάμεναι,
3199 3881 3291 3936 καὶ
3349 3881 3740 3938 καινόταταται

2072 3975 2202 4030 εἶναι
2234 3973 2422 4050 ἀρχαί.

303 4059 615 4129 saporibus
644 4063 908 4134 subjecta
950 4069 1058 4130 est,
1094 4083 1196 4137 per
1243 4083 1305 4122 se
1353 4067 1579 4138 saporis
1629 4084 1832 4139 expers
1881 4071 1987 4123 est.
2023 4065 2190 4122 Solae
2221 4070 2417 4120 autem
2448 4081 2548 4120 eas
2577 4062 2893 4136 qualitates
2922 4078 3052 4134 qua:
3083 4062 3194 4118 sub
3224 4065 3449 4117 tactum
3481 4062 3740 4134 cadunt,

305 4147 505 4204 omnia
535 4165 780 4221 corpora
811 4169 1117 4226 peragrare
1148 4155 1434 4210 videmus.
1462 4155 1576 4210 Illae
1605 4157 1783 4229 igitur
1813 4157 2252 4212 contrarietates
2281 4155 2391 4209 sub
2411 4158 2630 4208 tactum
2663 4152 2925 4219 veniunt,
2960 4167 3087 4223 quas
3121 4168 3224 4224 per
3255 4149 3455 4206 omnia
3484 4167 3745 4224 corpora

307 4238 583 4309 grassari,
618 4244 674 4294 et
704 4242 1200 4298 communissima
1229 4244 1520 4315 principia
1550 4262 1679 4301 esse
1714 4251 1984 4316 possunt.

378 4325 431 4379 3.
465 4325 742 4389 Quaenam
773 4347 911 4400 ergo
943 4336 1084 4386 sunt
1111 4349 1188 4387 eae
1221 4336 1663 4390 contrarietates
1695 4352 1822 4407 quis
1845 4337 1956 4390 sub

306 4416 527 4469 tactum
560 4419 776 4473 cadunt
799 4420 881 4472 33?
904 4421 1170 4476 caliditas
1201 4426 1257 4476 et
1289 4423 1600 4495 frigiditas,
1635 4425 1956 4480 bumiditas

307 4505 365 4557 et
390 4504 643 4577 siccitas,
671 4506 873 4564 levitas
905 4513 963 4564 et
992 4512 1268 4582 gravitas,
1297 4512 1570 4568 mollities
1601 4519 1656 4568 et
1686 4513 1955 4583 durities,

307 4591 615 4650 viscositas
647 4601 704 4651 et
733 4598 998 4667 ariditas,
1032 4597 1238 4656 levitas
1270 4605 1327 4656 et
1360 4603 1669 4673 asperitas,
1702 4603 1958 4660 tenuitas

309 4685 368 4736 et
397 4685 712 4754 crassities,
738 4687 946 4742 raritas
973 4693 1030 4742 et
1058 4690 1339 4756 densitas,
1360 4708 1486 4762 quae
1518 4709 1722 4748 omnes
1753 4693 1956 4764 conju-

310 4771 577 4842 gationes
607 4791 853 4830 numero
879 4778 1032 4833 129
1065 4782 1193 4833 octo
1242 4785 1400 4835 sunt.
1448 4780 1666 4836 Harum
1720 4782 1958 4853 quidem

2137 4333 2202 4408 γ’.
2261 4331 2410 4393 Τίνες
2470 4327 2560 4384 οὖν
2622 4327 2960 4392 ἐναντιώσεις
3019 4326 3186 4382 ἀπται
3243 4346 3257 4398 ;
3302 4327 3589 4404 Θερμότης
3648 4328 3740 4383 καὶ

2066 4421 2353 4497 ψυχρότης
2386 4467 2399 4492 ,
2482 4418 2718 4496 ὑγρότης
2787 4417 2880 4473 καὶ
2956 4416 3192 4494 ξηρότης
3227 4464 3240 4490 ,
3301 4416 3579 4496 κουφότης
3646 4418 3740 4473 καὶ

2071 4511 2333 4586 βαρύτης,
2391 4508 2706 4583 μαλακότης
2754 4507 2843 4562 καὶ
2894 4504 3234 4581 σκληρότης,
3269 4504 3614 4583 γλισχρότης
3645 4507 3741 4562 καὶ

2066 4599 2392 4676 κραυρότης,
2468 4596 2686 4667 λειότης
2768 4595 2859 4650 καὶ
2916 4594 3198 4671 τραχύτης
3238 4638 3253 4665 ,
3310 4593 3584 4665 λεπτότης
3641 4594 3740 4650 καὶ

2066 4688 2339 4764 παχύτης,
2405 4687 2644 4761 μανότης
2701 4700 2792 4741 και
2847 4683 3124 4754 πυκνότης
3160 4727 3174 4753 ,
3227 4683 3323 4739 τὸν
3384 4684 3616 4760 ἀριθμὸν
3681 4686 3740 4740 αἱ

2067 4783 2232 4832 πᾶσαι
2265 4777 2505 4853 συζυγίαι
2558 4775 2724 4832 ὀκτώ.
2773 4773 2990 4830 Τούτων
3037 4773 3179 4836 τινὲς
3225 4773 3320 4847 μὲν
3373 4772 3436 4828 οὗ
3481 4770 3738 4830 δύνανται

313 4860 527 4932 aliqua:
558 4862 617 4917 in
651 4880 713 4919 se
741 4863 986 4920 invicem
1021 4883 1192 4940 agere
1222 4875 1544 4938 nequeunt,
1579 4869 1787 4941 aliquae
1831 4887 1957 4926 vero

2076 4864 2205 4944 δρᾷν
2264 4866 2340 4929 εἰς
2395 4865 2671 4936 ἀλλήλας,
2726 4864 2870 4926 τινες
2930 4860 2987 4918 δὲ
3041 4867 3161 4926 ταῖς
3213 4859 3409 4925 ἄλλαις
3467 4861 3741 4940 ἐμπεριὲ-

312 4953 370 5004 in
405 4949 538 5006 aliis
560 4953 947 5009 continentur.
977 4958 1050 5012 At
1074 4957 1437 5028 principibus
1457 4959 1966 5016 contrarietatibus

310 5041 600 5108 convenit,
637 5047 702 5097 ut
729 5047 788 5098 et
815 5049 946 5099 totae
980 5062 1081 5115 per
1111 5051 1265 5101 totas
1297 5046 1355 5102 in
1389 5064 1451 5102 se
1484 5052 1662 5119 agant
1691 5047 1966 5115 invicem,

310 5131 463 5202 quod
501 5148 600 5201 per
643 5148 742 5186 eas
784 5135 1081 5204 generatio
1130 5138 1187 5189 et
1235 5137 1531 5208 corruptio
1582 5137 1964 5208 perﬁciatur;

310 5235 415 5274 nec
462 5219 588 5274 alia:
634 5220 744 5276 sub
800 5221 933 5276 aliis
993 5221 1369 5278 collocentur.
1403 5224 1512 5287 Qui
1554 5225 1713 5281 enim
1754 5225 1966 5299 aequali

310 5306 528 5364 honore
562 5309 853 5380 principia
882 5327 1012 5366 esse
1039 5311 1327 5382 possent?

381 5397 432 5450 4.
465 5396 650 5452 Grave
681 5399 861 5470 igitur
887 5404 944 5454 et
973 5400 1114 5468 leve,
1150 5417 1545 5474 saperumque
1571 5406 1628 5458 et
1657 5403 1819 5471 laeve,
1860 5420 1966 5460 nec

313 5500 482 5554 agere
535 5501 641 5540 nec
699 5487 818 5558 pati
878 5485 1154 5560 possunt.
1201 5490 1401 5562 Neque
1451 5491 1607 5546 enim
1657 5491 1744 5547 vel
1794 5509 1967 5565 grave

315 5573 678 5642 gravitatem,
708 5575 796 5630 vel
833 5576 956 5633 leve
1001 5577 1295 5634 levitatem
1343 5580 1534 5636 vicino
1581 5581 1808 5653 corpori
1849 5584 1966 5638 im-

379 5767 423 5801 ³⁷
451 5771 487 5826 2
516 5773 596 5830 De
624 5775 758 5828 ortu
788 5775 847 5828 et
876 5773 1114 5831 interitu
1145 5793 1196 5832 ο.
1229 5777 1282 5833 1.
1361 5777 1405 5812 ³⁸
1436 5777 1584 5835 Ibid.
1615 5794 1666 5835 c.
1700 5780 1754 5835 2.

2081 4976 2294 5033 χονται.
2357 4956 2628 5030 Προσήκει
2674 4951 2731 5009 δὲ
2785 4957 2903 5016 ταῖς
2962 4952 3217 5028 ἀρχικαῖς
3264 4950 3596 5023 ἐναντιότησι
3643 4952 3739 5008 καὶ

2077 5044 2205 5120 δρᾷν
2248 5044 2322 5105 εἰς
2369 5041 2625 5114 ἀλλήλας
2674 5041 2809 5104 ὅλας
2858 5041 2928 5096 δι’
2978 5039 3149 5113 ὅλων,
3201 5039 3278 5103 ὡς
3328 5040 3389 5096 ἂν
3435 5038 3505 5096 δι’
3554 5039 3737 5097 αὐτῶν

2077 5131 2387 5189 ἐπιτελοῖτο
2444 5132 2654 5208 γένεσις
2709 5131 2800 5186 καὶ
2857 5130 3051 5206 φθορὰ,
3096 5128 3186 5184 καὶ
3240 5127 3370 5202 psi-8’
3418 5127 3592 5192 ἄλλας
3645 5129 3740 5186 ὁπ’

2076 5220 2250 5286 ἄλλας
2281 5220 2561 5296 τετάχθαι.
2600 5223 2720 5282 Πῶς
2770 5219 2871 5296 γὰρ
2913 5217 2972 5274 ἂν
3023 5217 3124 5274 εἶεν
3175 5217 3464 5292 ὁμοτίμως
3516 5217 3686 5296 ἀρχαί
3722 5238 3740 5292 ;

2148 5399 2210 5456 δ’.
2263 5402 2333 5456 Τὸ
2391 5401 2484 5474 μὲν
2536 5397 2626 5453 οὖν
2677 5396 2814 5475 βαρὺ
2857 5397 2949 5453 καὶ
2993 5396 3057 5452 τδ
3103 5399 3330 5473 κοῦφον,
3375 5393 3439 5449 τό
3468 5395 3648 5473 τραχύ
3677 5417 3744 5453 τε

2074 5490 2257 5547 καὶτὸ
2305 5489 2476 5560 λεῖον,
2533 5485 2657 5544 οὔτε
2712 5491 2888 5543 ποιεῖν
2950 5482 3076 5541 οὔτε
3129 5485 3361 5560 πάσχειν
3423 5482 3738 5560 ἰσχύουσιν.

2075 5577 2209 5637 Οὔτε
2261 5579 2363 5656 γὰρ
2436 5578 2499 5634 τὸ
2581 5576 2726 5654 βαρὺ·
2779 5573 3040 5650 μεταδοίη
3094 5575 3154 5631 ἃν
3207 5575 3286 5644 τῷ
3349 5573 3742 5650 παρακειμένῳ
