4094 6448
375 445 531 512 1117

1708 445 2059 514 EPITOME
2099 445 2463 518 PHYSICA.

3631 439 3793 507 1118

377 579 704 659 βαρύτητος,
753 575 878 638 οὔτε
929 578 992 636 :6
1039 585 1239 661 κοῦφον
1308 581 1665 662 κουφότητος·
1717 578 1830 638 οὔτ’
1888 581 2017 638 αὐτὸ

2142 588 2344 658 pertire
2392 593 2568 664 queat
2605 607 2617 660 ;
2671 605 2776 646 nec
2823 603 3030 645 rursus
3081 599 3376 659 asperum,
3423 581 3789 656 speritatem,

370 671 548 748 τραχὺ
578 671 942 748 τραχύτητος,
977 666 1100 726 οὔτε
1128 673 1190 727 τὸ
1221 669 1367 727 λεῖον
1403 671 1706 742 λειότητος.

445 762 502 818 ε’.
534 761 611 817 Τὸ
665 758 907 833 μαλακὸν
960 757 1016 815 δὲ
1062 761 1151 816 καὶ
1199 761 1263 816 τὸ
1311 761 1572 838 σκληρὸν,
1621 763 1684 817 τὸ
1749 761 2018 839 γλίσχρον

369 848 458 905 καί
503 850 568 905 τὸ
616 854 872 926 κραῦρον,
911 850 975 906 :6
1027 849 1222 906 λεπτὸν
1272 850 1360 906 καί
1403 852 1463 906 τὸ
1512 851 1687 928 παχὺ,
1737 851 1799 906 τὸ
1854 851 2018 925 μανὸν

371 939 462 994 καὶ
517 939 581 994 τὸ
638 940 862 1009 πυκνὸν,
914 944 1081 995 ταῦτα
1153 939 1326 995 πάντα
1396 945 1476 1013 τῷ
1556 941 1702 1016 ὑγρῷ
1780 940 1868 995 καὶ
1944 944 2023 1012 τῷ

373 1031 523 1104 ξηρῷ
586 1027 966 1102 συνυπάγεται.
1021 1029 1090 1082 Τὸ
1152 1029 1246 1101 μὲν
1301 1030 1402 1106 γὰρ
1465 1030 1624 1104 ὑγρὸν
1680 1029 1792 1106 ὅρῳ
1849 1027 2021 1084 ἄλλοι

370 1116 506 1194 τρίῳ
564 1116 840 1194 εὑόριστόν
902 1116 1013 1172 ἐστι
1067 1117 1155 1172 καὶ
1207 1123 1314 1173 τῶν
1375 1118 1558 1194 πόρων
1592 1117 2019 1189 ἀναπληστικόν.

445 1207 508 1271 ς’.
558 1211 810 1261 Τοιοῦτον
893 1207 982 1261 καὶ
1062 1206 1123 1260 τὸ
1198 1206 1554 1284 λεπτομερὲς,
1621 1207 2024 1284 εὑπεριόριστον

373 1294 487 1372 ὅρῳ
529 1295 687 1350 παντί
741 1295 828 1350 καὶ
878 1300 984 1349 τῶν
1033 1298 1338 1367 κενοτήτων
1401 1295 1876 1373 ἀναπληρωτικόν.
1929 1295 2021 1357 Εἰς

375 1381 636 1459 μέδιμνον
680 1384 781 1460 γὰρ
829 1383 1042 1460 καρύων
1112 1381 1505 1459 ἐμϐαλλομένη
1570 1385 1877 1460 σεμίδαλις,
1930 1383 2022 1440 6'5-

367 1493 523 1529 ναται
571 1469 885 1528 διεισδὺνειν
939 1473 1071 1547 (καὶ)
1122 1473 1196 1536 εἷς
1241 1475 1336 1536 τὰς
1403 1474 1597 1547 μεταξὺ
1655 1479 1761 1529 τῶν
1807 1475 2020 1550 καρύων

369 1563 525 1625 κενὰς
595 1567 692 1617 :06
775 1567 993 1635 στερεοῦ
1070 1563 1324 1636 σώματος
1395 1564 1584 1639 χώρας
1665 1565 1754 1618 καὶ
1826 1564 2021 1627 ταύτας

370 1650 746 1728 ἀναπληροῦν.
776 1653 846 1706 Τὸ
889 1651 1021 1707 αὐτὸ
1073 1649 1130 1707 δὲ
1173 1652 1263 1707 καὶ
1315 1653 1378 1707 τὸ
1410 1653 1568 1728 ὑγρὸν
1601 1659 1767 1709 ποιεῖ.
1800 1654 1869 1707 Τὸ
1919 1653 2021 1728 γὰρ

372 1737 521 1816 ὕδωρ
565 1741 723 1794 παντὶ
772 1740 1067 1805 ἀκολουθεῖ
1112 1740 1224 1816 ὅρῳ
1260 1747 1338 1814 τῷ
1369 1743 1660 1815 ἁπτομένῳ
1704 1741 1792 1797 καὶ
1841 1743 2020 1818 περιέ-

372 1848 551 1906 χοντι.
585 1829 684 1884 Διά
737 1834 904 1884 ταῦτα
953 1830 1132 1885 τοίνυν
1198 1831 1300 1886 ὑπὸ
1342 1831 1405 1885 τὸ
1454 1831 1614 1907 ὑγρὸν
1664 1831 1913 1886 τάττουσι
1961 1832 2024 1887 τὸ

373 1916 592 1976 λεπτόν,
651 1917 890 1992 Ὁμοίως
956 1917 1010 1973 ’δὲ
1063 1918 1151 1975 καὶ
1218 1919 1320 1976 ὑπὸ
1395 1920 1456 1974 τὸ
1515 1919 1676 1996 ξηρὸν
1725 1918 1787 1974 :o‘
1844 1919 2016 1997 παχύ.
2054 1955 2104 2021 Β

374 2006 622 2084 Καθάπερ
671 2008 775 2086 γὰρ
831 2009 894 2063 τὸ
954 2008 1115 2083 ξηρὸν
1160 2013 1240 2080 τῷ
1289 2009 1382 2083 μὲν
1435 2010 1621 2082 οἰκείῳ
1675 2007 1789 2085 ὅρῳ
1850 2008 2025 2086 εὑόρι-

372 2118 519 2169 στον,
550 2102 631 2170 τῷ
676 2095 724 2154 δ’
773 2095 1055 2174 ἀλλοτρίῳ
1119 2095 1433 2171 δυσόριστον
1501 2093 1864 2172 (ἀντιϐατικὸν
1921 2101 2024 2176 γάρ

374 2184 506 2258 ἐστι,
564 2184 656 2242 καί
735 2192 853 2249 τοῖς
938 2186 1304 2264 περιέχουσιν,
1375 2187 1473 2243 οὐκ
1544 2185 1872 2263 ἀκολουθεῖ)·
1931 2189 2023 2243 τὸν

373 2275 532 2332 αὑτόν
591 2275 793 2352 τρόπον
851 2277 941 2331 καὶ
997 2277 1059 2332 τὸ
1115 2276 1265 2354 παχὺ
1328 2275 1698 2354 μεγαλομερὲς
1729 2279 1786 2332 ὃν
1817 2279 1915 2333 οὑκ
1947 2278 2024 2340 εἷς

371 2367 560 2442 χώραν
592 2363 779 2420 δίεισιν
813 2366 1019 2420 ἅπασαν
1030 2410 1042 2422 .

445 2457 504 2524 ζ’.
536 2453 809 2518 Ὡσαύτως
874 2455 963 2510 καὶ
1031 2455 1094 2509 τὸ
1151 2453 1351 2510 πυκνόν
1419 2457 1507 2511 καὶ
1574 2456 1636 2511 τὸ
1704 2457 1911 2532 ἀραιὸν,
1961 2457 2026 2511 τὸ

376 2544 470 2618 μὲν
505 2544 606 2598 ὑπὸ
636 2543 698 2598 τὸ
729 2544 890 2620 ξηρὸν
921 2543 1148 2618 τιθέασι,
1179 2544 1241 2600 τὸ
1273 2541 1318 2599 δ’
1354 2545 1455 2600 ὑπὸ
1485 2545 1548 2600 τὸ
1588 2545 1772 2620 ὑγρόν.

441 2635 515 2704 η’.
566 2635 793 2704 Μήποτε
855 2631 914 2688 δὲ
977 2633 1066 2688 καὶ
1130 2635 1192 2689 τὸ
1251 2632 1447 2688 λεπτὸν
1497 2633 1585 2689 καί
1634 2635 1698 2690 τὸ
1743 2635 1915 2710 παχὺ,
1963 2636 2026 2690 τὸ

374 2721 542 2796 μανόν
593 2743 651 2778 τε
698 2723 787 2777 καὶ
834 2722 897 2776 τὸ
945 2723 1141 2778 πυκνὸν
1190 2728 1298 2778 τῶν
1350 2728 1652 2793 ποιητικῶν
1703 2724 1792 2779 καὶ
1850 2727 2023 2794 παθη-

367 2816 532 2867 τικῶν
607 2809 1096 2884 ἀποδοκιμασθεῖεν
1155 2811 1541 2880 ἐναντιώσεων,
1603 2810 1692 2868 διὰ
1764 2813 1826 2868 τὸ
1895 2811 2025 2886 μηδ’

372 2899 508 2956 αὐτὰ
537 2898 796 2965 δύνασθαι
827 2898 955 2977 δρᾷν
989 2899 1095 2956 ὅλοι
1125 2899 1195 2956 δι’
1225 2901 1369 2958 ὅλων
1405 2901 1480 2964 εἷς
1512 2900 1754 2973 ἄλληλα·
1788 2903 1876 2957 καὶ
1927 2901 2026 2957 οὑκ

373 2987 433 3044 ἃν
491 2991 590 3060 τήν
653 2991 836 3063 αμμον
870 2991 904 3060 ἦ
957 2991 1054 3058 τὴν
1101 2989 1296 3068 τέφραν
1354 2991 1710 3066 ἀναγκασθείη
1760 3012 1841 3052 τις
1891 2993 2026 3067 ὑγρὰ

372 3078 596 3134 καλέσαι
657 3077 748 3134 διὰ
797 3080 897 3148 τήν
958 3078 1176 3134 ἐνοῦσαν
1208 3078 1392 3142 αὐτοῖς
1444 3079 1853 3156 λεπτομέρειαν,
1889 3080 2025 3156 ξηρά

372 3164 672 3244 προδήλως
708 3169 1044 3245 ὑπάρχοντα.

439 3258 502 3311 θ’.
552 3258 622 3312 Τὸ
681 3255 950 3334 γλίσχρον
1024 3256 1082 3313 δὲ
1156 3262 1400 3336 φανερῶς
1470 3257 1631 3334 ὑγρόν
1710 3257 1822 3313 ἐστι
1889 3257 2023 3331 μετά

367 3347 572 3409 πάθους
615 3345 786 3408 τινός.
837 3347 900 3400 Εἰ
952 3344 1008 3401 δὲ
1054 3347 1118 3402 :6
1157 3346 1427 3423 γλίσχρον
1489 3347 1668 3423 ὑγρὸν,
1709 3346 2020 3402 τοῦναντίον

366 3434 534 3508 αὐτῷ,
593 3435 842 3490 τουτέστι
913 3435 977 3491 :6
1033 3440 1290 3513 κραῦρον,
1352 3431 1498 3490 ἔσται
1549 3435 1732 3512 ξηρόν.
1792 3436 1866 3490 Τὰ
1919 3436 2019 3512 γὰρ

363 3521 574 3580 ἐναντία
602 3529 718 3586 τοῖς
749 3523 1010 3587 ἐναντίοις
1043 3523 1402 3602 ὑπάρχουσιν.

437 3613 486 3670 ι’.
521 3613 752 3668 Ὑπείκει
812 3610 870 3668 δὲ
913 3614 978 3669 τὸ
1047 3612 1291 3687 μαλακὸν
1341 3618 1412 3688 τῇ
1463 3615 1570 3692 ἁφῇ
1621 3615 1752 3669 καθὸ
1801 3614 2018 3691 μετέχει

361 3700 687 3778 ὑγρότητος.
748 3701 820 3756 Τὸ
873 3703 977 3776 γὰρ
1039 3702 1277 3758 ὑπείκειν
1334 3700 1471 3758 ἴδιόν
1534 3702 1642 3758 ἐστι
1683 3708 1781 3758 :06
1832 3704 2016 3782 ὑγροῦ.

360 3791 455 3845 Διὸ
483 3790 572 3846 καὶ
601 3789 662 3846 τὸ
692 3790 938 3865 μαλακὸν
969 3790 1442 3870 περιληφθήσεται
1472 3797 1551 3864 τῷ
1583 3793 1750 3868 ὑγρῷ.
1949 3785 1960 3796 ’

435 3969 518 4022 ια’.
555 3968 730 4043 Δῇλον
761 3966 808 4023 δ’
837 3967 922 4024 ὅτι
980 3969 1070 4023 καὶ
1098 3967 1160 4025 :6
1193 3967 1433 4046 σκληρὸν
1464 3975 1542 4042 τῷ
1573 3970 1741 4046 ξηρῷ.
1783 3972 2020 4046 Φανερὸν

361 4055 453 4113 οὖν
483 4057 746 4131 ἐντεῦθεν,
779 4059 856 4120 ὡς
887 4055 983 4113 δὺο
1016 4058 1383 4130 ἐναντιότητες
1416 4060 1581 4115 ἁπταὶ
1609 4059 2018 4135 περιλείπονται

359 4153 650 4226 πεφυκυῖαι
699 4152 875 4202 ποιεῖν
925 4169 983 4202 τε
1027 4147 1116 4203 καὶ
1163 4149 1392 4224 πάσχειν
1443 4148 1567 4203 ὅλαι
1619 4145 1689 4202 δι’
1726 4146 1894 4217 ὅλων,
1926 4149 2016 4204 καὶ

364 4231 634 4309 μηδαμῶς
683 4256 821 4292 τισιν
892 4235 1377 4312 ἐμπεριεχόμεναι·
1429 4236 1702 4312 θερμότης
1747 4237 1899 4292 αὗται
1948 4235 2014 4305 δὴ

355 4325 447 4380 καὶ
506 4325 817 4402 ψυχρότης,
878 4325 1116 4402 ὑγρότης
1176 4345 1235 4381 τε
1286 4327 1375 4380 καὶ
1435 4325 1694 4402 ξηρότης,
1743 4326 1798 4380 αἳ
1839 4327 2016 4381 κοιναὶ

356 4414 574 4477 πάντως
633 4413 736 4470 ε’ίεν
796 4414 856 4470 ἂν
900 4411 1170 4470 εἷδοποιοὶ
1243 4413 1412 4490 ἀρχαὶ
1469 4415 1684 4469 πάντων
1746 4420 2013 4489 σωμάτων

353 4507 462 4560 τῶν
503 4504 779 4574 αἰσθητῶν
792 4549 804 4562 .

430 4595 520 4670 ιβ’.
556 4595 656 4649 Καὶ
698 4598 796 4648 :06
843 4590 1025 4669 διεροῦ
1080 4590 1139 4648 δὲ
1188 4591 1279 4648 καὶ
1335 4597 1433 4648 :06
1500 4588 1862 4670 βεϐρεγμένου
1925 4595 2015 4649 καὶ

2132 684 2234 733 aut
2265 679 2422 744 leave,
2454 680 2792 736 laevitatem.

2201 769 2257 824 5.
2287 771 2358 824 At
2389 769 2561 825 molle
2591 786 2720 825 vero
2752 773 2809 824 et
2841 769 3079 836 durum,
3113 764 3407 820 viscosum
3440 765 3496 818 et
3526 761 3783 827 aridum,

2131 861 2306 912 tenue
2337 863 2392 914 et
2421 875 2925 926 crassum,rarum
2959 859 3015 912 et
3043 852 3532 916 densum,o:nnia
3562 851 3685 905 haec
3716 852 3786 904 ad

2133 945 2443 1002 humidum
2475 954 2530 1004 et
2560 948 2779 1003 siccum
2804 947 3184 1000 reducuntur.
3207 941 3525 997 Humidum
3561 939 3715 994 enim
3739 938 3784 973 3°

2132 1034 2320 1091 alieno
2352 1037 2602 1092 termino
2633 1035 2800 1092 facile
2835 1035 3036 1090 ﬁnitur
3064 1039 3121 1088 et
3144 1036 3443 1087 meatuum
3476 1027 3782 1100 replendc-

2134 1141 2262 1178 rum
2299 1124 2572 1180 facultate
2603 1131 2691 1180 est
2722 1124 3053 1196 praeditum.

2203 1215 2255 1268 6.
2280 1214 2620 1284 Cujusmodi
2639 1214 2816 1268 etiam
2843 1218 2933 1267 est
2957 1211 3113 1283 quod
3134 1213 3328 1281 partes
3351 1208 3527 1262 habet
3542 1211 3780 1271 tenues;

2134 1307 2199 1356 ut
2228 1303 2381 1373 quod
2415 1302 2574 1357 omni
2609 1303 2856 1356 termino
2881 1301 3048 1356 facile
3077 1299 3469 1366 contineatur,
3499 1301 3556 1350 et
3587 1293 3786 1350 inania

2132 1392 2322 1462 spatia
2366 1392 2610 1462 expleat.
2647 1392 2702 1446 Si
2741 1391 2896 1446 enim
2954 1390 3010 1444 in
3048 1405 3264 1443 nucum
3317 1387 3579 1440 modium
3614 1383 3784 1454 siligo

2133 1479 2447 1549 injiciatur,
2480 1481 2538 1536 in
2563 1481 2942 1536 intermedias
2959 1477 3128 1535 solidi
3154 1476 3413 1548 corporis
3445 1490 3660 1530 nucum
3695 1489 3783 1527 re-

2133 1569 2335 1640 giones
2383 1586 2596 1624 vacuas
2659 1574 2963 1642 penetrare
3031 1581 3248 1638 easque
3297 1563 3518 1635 replere
3572 1565 3782 1634 potest.

2133 1658 2294 1722 Quod
2325 1659 2480 1714 idem
2515 1675 2654 1714 sane
2685 1659 2863 1714 etiam
2888 1657 3196 1712 humidum
3221 1652 3416 1709 efﬁcit.
3439 1655 3606 1724 Aqua
3626 1649 3785 1706 enim

2133 1763 2369 1802 omnem
2402 1747 2720 1803 terminum
2753 1746 3068 1802 comitatur
3093 1743 3191 1815 qui
3226 1744 3382 1798 180
3413 1741 3651 1812 quidem
3691 1743 3786 1794 at-

2132 1835 2307 1908 tingit
2323 1842 2378 1891 et
2399 1836 2673 1892 continet.
2687 1833 3197 1907 Eapropterigitur
3218 1832 3327 1887 sub
3345 1830 3588 1886 humido
3609 1833 3786 1884 tenue

2138 1925 2464 1993 collocant;
2515 1929 2571 1981 et
2619 1925 2796 1980 simili
2848 1923 3074 1980 ratione
3131 1937 3398 1977 crassum
3444 1919 3554 1974 sub
3607 1917 3783 1973 sicco.

2137 2015 2644 2082 Quemadmodum
2678 2014 2834 2069 enim
2866 2013 3088 2068 siccum
3120 2027 3226 2067 suo
3267 2009 3502 2081 quidem
3534 2004 3785 2062 termino

2138 2104 2324 2170 facile,
2350 2103 2539 2160 alieno
2563 2108 2759 2159 autem
2792 2100 3107 2158 difﬁculter
3127 2102 3425 2156 coercetur
3445 2100 3671 2164 (contra
3695 2094 3782 2148 ni-

2136 2194 2292 2248 tendi
2325 2194 2480 2248 enim
2514 2193 2632 2248 vim
2664 2193 2861 2258 habet,
2897 2207 3003 2246 nec
3034 2189 3109 2244 iis
3139 2205 3266 2261 qua
3293 2186 3594 2242 continent
3621 2183 3786 2239 obse-

2135 2283 2358 2356 quitur)
2391 2299 2404 2336 :
2434 2283 2640 2338 eodem
2671 2282 2844 2337 modo
2873 2281 3046 2336 etiam
3071 2293 3336 2334 crassum
3369 2290 3501 2330 cum
3533 2273 3788 2345 grandes

2136 2377 2332 2444 partes
2361 2371 2592 2441 habeat,
2626 2371 2685 2426 in
2717 2386 2950 2426 omnem
2985 2368 3281 2440 regionem
3313 2381 3430 2419 non
3464 2364 3746 2435 penetrat.

2203 2461 2258 2515 7.
2297 2463 2457 2516 llaud
2493 2477 2661 2516 secus
2691 2461 2868 2515 etiam
2915 2460 3163 2513 densum
3196 2461 3251 2510 et
3281 2469 3502 2517 rarum,
3533 2450 3784 2506 alterum

2137 2550 2244 2606 sub
2274 2550 2448 2615 sicco,
2482 2549 2730 2604 alterum
2763 2551 2872 2604 sub
2906 2547 3150 2602 humido
3183 2544 3568 2600 constituunt.

2205 2642 2258 2694 8.
2291 2640 2604 2712 Nunquam
2628 2656 2758 2694 vero
2782 2627 2957 2692 etiam
2989 2642 3162 2691 tenue
3193 2640 3248 2688 et
3279 2644 3784 2695 crassum,rarum

2135 2736 2191 2786 et
2221 2731 2465 2785 densum
2501 2731 2572 2784 ab
2603 2729 2990 2784 efficientibus
3013 2732 3069 2781 et
3098 2724 3454 2798 patientibus
3471 2719 3787 2775 contrarie-

2134 2820 2357 2874 tatibus
2405 2818 2534 2874 ideo
2579 2819 3066 2889 repudiabuntur,
3120 2818 3425 2886 propterea
3475 2809 3630 2882 quod
3683 2823 3789 2862 nec

2133 2909 2262 2981 ipsa
2295 2913 2416 2964 tota
2447 2925 2547 2980 per
2577 2913 2697 2962 tota
2718 2908 2773 2962 in
2807 2923 2868 2961 se
2890 2904 3141 2960 invicem
3172 2919 3342 2975 agere
3374 2901 3645 2972 possunt.
3673 2897 3786 2953 Nec

2134 3014 2370 3053 arenam
2403 3001 2503 3052 aut
2553 2997 2806 3052 cinerem
2840 2994 2912 3050 ob
2959 3011 3087 3048 eam
3133 2991 3390 3064 partium
3439 2986 3786 3044 tenuitatem

2133 3103 2262 3158 quae
2312 3086 2466 3142 inest
2511 3085 2678 3157 ipsis,
2712 3084 2959 3140 humida
3007 3097 3213 3139 vocare
3260 3083 3500 3152 cogetur
3547 3075 3783 3148 aliquis,

2133 3192 2265 3231 cum
2305 3176 2612 3231 manifesto
2643 3175 2798 3229 sicca
2827 3173 2964 3228 sint.

2203 3265 2258 3319 9.
2292 3265 2466 3319 Porro
2498 3264 2814 3328 viscosum,
2849 3261 3160 3317 manifesto
3191 3257 3498 3313 humidum
3533 3257 3622 3310 est
3645 3270 3782 3309 cum

2135 3354 2436 3409 affectione
2484 3353 2780 3424 quapiam.
2816 3353 2975 3417 Quod
3029 3349 3076 3405 si
3129 3349 3421 3403 viscosum
3468 3350 3557 3399 est
3586 3343 3782 3398 humi-

2131 3444 2296 3507 dum,
2345 3442 2703 3496 contrarium
2761 3442 2910 3510 ejus,
2957 3439 3065 3494 hoc
3114 3441 3203 3492 est
3254 3436 3507 3500 aridum,
3558 3432 3781 3488 siccum

2131 3531 2276 3597 erit;
2312 3531 2604 3586 contraria
2633 3529 2848 3601 quippe
2881 3529 3086 3584 insunt
3117 3524 3442 3581 contrariis.

2204 3621 2287 3675 10.
2327 3619 2497 3675 Molle
2527 3619 2781 3691 denique
2829 3618 3008 3672 tactui
3055 3616 3227 3677 cedit.
3261 3619 3555 3685 quatenus
3584 3610 3780 3666 humi-

2130 3710 2329 3766 ditatis
2378 3715 2468 3766 est
2515 3709 2825 3780 particeps.
2858 3708 3070 3764 Cedere
3121 3721 3377 3775 namque
3420 3701 3645 3756 humidi
3693 3703 3783 3754 est

2129 3799 2452 3871 proprium.
2481 3801 2844 3870 Quapropter
2863 3797 3037 3852 etiam
3061 3797 3208 3850 131
3243 3792 3418 3848 molle
3440 3793 3549 3847 sub
3581 3789 3780 3845 humi-

2130 3888 2202 3942 do
2235 3887 2798 3958 comprehendetur;
2833 3889 2890 3940 et
2919 3889 2984 3940 ut
3012 3883 3432 3954 liquetdurum
3466 3879 3576 3935 sub
3601 3879 3774 3934 sicco.

2202 3977 2288 4030 11.
2321 3977 2401 4030 Ex
2429 3975 2522 4030 his
2551 3975 2729 4046 igitur
2758 3977 2936 4046 patet,
2960 3973 3105 4027 duas
3139 3968 3782 4042 relinquicontrarieta-

2128 4068 2216 4120 tes
2244 4063 2493 4130 tactiles,
2513 4081 2640 4136 quae
2672 4065 2755 4118 ita
2788 4067 2997 4117 natura
3013 4065 3361 4131 comparatas
3391 4059 3530 4125 sint,
3554 4062 3618 4112 ut
3646 4060 3777 4112 totae

2128 4170 2232 4226 per
2261 4159 2414 4209 totas
2437 4158 2614 4225 agant
2635 4157 2691 4207 et
2712 4151 3030 4224 patiantur,
3056 4155 3113 4206 et
3139 4149 3480 4220 neutiquam
3515 4147 3625 4202 sub
3647 4145 3779 4201 aliis

2128 4241 2424 4312 aliquibus
2457 4240 2871 4296 contineantur
2903 4256 2915 4294 :
2951 4257 3077 4312 quae
3111 4243 3251 4293 sunt
3290 4236 3559 4292 caliditas
3590 4239 3648 4290 et
3678 4235 3778 4289 fri-

2127 4331 2363 4400 giditas,
2397 4331 2724 4384 humiditas
2751 4334 2806 4384 et
2831 4329 3086 4392 siccitas,
3121 4345 3247 4398 quae
3280 4325 3488 4397 utique
3510 4340 3776 4380 commu-

2130 4420 2226 4474 nia
2256 4423 2394 4474 sunt
2423 4419 2688 4474 omnium
2721 4418 3024 4474 sensilium
3058 4431 3364 4488 corporum
3398 4413 3780 4468 informantia

2127 4507 2436 4580 principia.

2199 4598 2284 4652 12.
2320 4597 2598 4653 Caelerum
2652 4601 2711 4652 et
2759 4591 2955 4668 διερὸν,
2987 4595 3097 4650 hoc
3144 4598 3252 4664 est,
3287 4593 3529 4648 madens
3581 4595 3638 4647 et
3665 4591 3775 4646 hu-

354 4687 454 4738 τοῦ
507 4680 665 4745 ἰδίως
727 4683 916 4760 ὑγροῦ,
965 4683 1096 4737 καθὸ
1151 4686 1396 4753 τοιαῦτα,
1452 4681 1516 4737 τὸ
1586 4681 1776 4746 ἁπλῶς
1855 4682 2016 4757 ὑγρὸν

2142 4691 2402 4754 uectum,
2437 4689 2493 4740 et
2521 4686 2676 4757 quod
2710 4685 2942 4757 proprie
2995 4684 3308 4739 humidum
3340 4687 3449 4746 est,
3483 4684 3775 4752 quatenus

355 4769 699 4846 περιεκτικόν
753 4770 884 4826 ἐστι.
920 4771 1102 4845 Διερὸν
1162 4771 1257 4844 μὲν
1315 4769 1406 4826 οὖν
1469 4771 1684 4846 λέγεται
1726 4773 1788 4826 τὸ
1821 4771 2012 4827 ἐπιπο-

360 4859 465 4930 λῆς
535 4856 663 4936 ἔχον
741 4857 1039 4937 ἀλλοτρίαν
1115 4859 1407 4937 ὑγρότητα·
1470 4861 1546 4923 ὡς
1605 4858 1657 4916 εἶ’
1707 4881 1787 4923 νις
1867 4858 2013 4938 ὕδωρ

361 4947 576 5024 ἐπιχέοι
612 4945 754 5021 λίθῳ
781 4948 952 5025 τυχὸν
981 4948 1016 5018 ἢ
1051 4947 1198 5022 ξύλῳ
1229 4948 1263 5018 ἢ
1309 4950 1450 5019 ζώου
1504 4951 1718 5024 σώματι
1747 4950 1782 5018 ἣ
1811 4949 2016 5022 ἱματίῳ

365 5035 619 5115 μετρίως.
650 5037 722 5092 T6
750 5038 852 5114 γὰρ
896 5037 948 5092 ἐν
984 5035 1132 5114 βάθει
1183 5039 1282 5108 τήν
1331 5036 1627 5114 ἀλλοτρίαν
1680 5035 1807 5115 ἔχον
1851 5039 2014 5115 ὑγρό-

356 5145 496 5198 τητα
559 5119 927 5200 βεϐρεγμένον
982 5126 1428 5199 κατονομάζεται,
1461 5129 1578 5190 οἷος
1639 5127 1869 5204 ὑπάρχει
1927 5127 2016 5182 καὶ

359 5216 389 5270 6
427 5214 636 5287 πηλός.
699 5212 877 5278 ’ἰδίως
935 5211 994 5270 δὲ
1051 5213 1297 5270 καλεῖται
1358 5217 1515 5293 ὑγρὸν
1563 5217 1626 5271 :6
1657 5215 1785 5294 ἔχον
1815 5216 2014 5272 οἰκείαν

360 5303 413 5361 ἐν
463 5308 544 5378 τῷ
607 5305 759 5381 βάθει
838 5305 1222 5382 κεκρυμμένην
1297 5305 1569 5383 ὑγρότητα
1625 5306 1714 5361 καὶ
1775 5303 2014 5360 δεικνὺον

353 5393 546 5466 αὑτήν·
607 5394 852 5470 καθάπερ
899 5394 928 5448 6
987 5394 1160 5468 κηρὸς
1216 5393 1308 5450 καὶ
1364 5396 1393 5450 6
1459 5389 1750 5470 μόλιϐδος,
1800 5393 1887 5449 καὶ
1951 5394 2019 5448 :a‘:

362 5483 536 5541 λοιπὰ
560 5487 668 5539 τῶν
700 5486 917 5553 τηκτῶν
948 5481 1040 5539 ὅτε
1065 5484 1347 5553 τήκονται.

437 5789 484 5826 ³ο
505 5791 543 5845 2
570 5789 653 5847 De
681 5791 812 5846 ortu
841 5791 900 5846 et
926 5787 1167 5846 interitu
1197 5803 1329 5861 cap.
1358 5789 1415 5849 2.
1493 5789 1538 5825 ⁴⁰
1568 5789 1720 5848 Ibid.

2124 4775 2416 4844 ejusmodi
2438 4777 2756 4840 sunt,abeo
2781 4775 2933 4845 quod
2959 4773 3310 4846 simpliciter
3330 4769 3641 4825 humidum
3667 4773 3777 4837 est,

2125 4864 2642 4935 comprehenditur
2673 4866 2736 4918 ‘0.
2772 4864 3014 4918 Madens
3037 4863 3273 4934 quidem
3302 4860 3545 4931 proinde
3566 4858 3781 4912 dicitur

2127 4955 2282 5026 quod
2317 4954 2625 5024 superﬁcie
2645 4959 2819 5008 tenus
2842 4951 3090 5008 alienam
3124 4951 3298 5006 habet
3322 4948 3733 5004 humiditatem
3761 4963 3775 5014 ;

2128 5048 2193 5097 ut
2219 5043 2265 5096 si
2300 5043 2434 5114 quis
2464 5041 2522 5096 in
2569 5041 2824 5114 lapidem
2858 5039 3108 5112 exempli
3156 5038 3363 5110 gratia,
3395 5041 3499 5092 aut
3525 5036 3776 5108 lignum,

2125 5137 2226 5187 aut
2247 5148 2458 5203 corpus
2481 5130 2752 5186 animalis
2773 5136 2874 5186 aut
2895 5136 3136 5192 vestem.
3161 5144 3330 5201 parce
3353 5143 3567 5199 aquam
3599 5125 3782 5180 effun-

2127 5221 2251 5276 dat.
2288 5221 2348 5276 Id
2405 5220 2562 5276 enim
2609 5220 2765 5290 quod
2817 5219 2874 5274 in
2920 5217 3296 5274 interioribus
3346 5216 3616 5288 partibus
3647 5213 3780 5269 alie-

2127 5326 2264 5365 nam
2299 5308 2711 5364 humiditatem
2746 5309 2937 5374 habet,
2973 5307 3313 5362 humectum
3362 5310 3775 5374 nuncupatur;

2127 5398 2301 5471 quale
2329 5397 2516 5453 lutum
2550 5403 2657 5454 est.
2696 5396 2926 5469 Proprie
2957 5401 3151 5450 antem
3186 5393 3497 5450 humidum
3515 5396 3774 5458 vocatur,

2129 5488 2283 5560 quod
2320 5485 2671 5560 peculiarem
2706 5486 2763 5540 in
2797 5486 2915 5541 imo
2936 5484 3342 5540 absconditam
3375 5482 3552 5538 habet
3580 5481 3778 5537 humi-

2127 5577 2370 5633 ditatem
2399 5592 2646 5648 eamque
2678 5574 2956 5643 ostendit,
2988 5579 3052 5628 ut
3081 5591 3233 5639 cera,
3264 5577 3323 5629 et
3351 5571 3686 5646 plumbum,
3719 5573 3778 5625 et

2127 5668 2335 5723 castera
2363 5681 2493 5737 qua:
2523 5664 2845 5736 liquescere
2874 5668 3143 5735 possunt,
3176 5679 3311 5719 cum
3342 5661 3700 5734 liquescunt.
