4094 6426
323 437 482 504 1119

399 576 485 632 13.
517 574 680 641 Quod
713 575 763 633 si
811 575 1158 650 simpliciter
1206 578 1518 636 humidum
1566 596 1635 635 ea
1659 595 1786 652 quas
1819 578 1974 633 dicta
2003 579 2058 644 Α

328 671 486 731 sunt,
520 667 984 739 comprehendit,
1020 670 1174 726 182
1207 668 1391 742 liquet
1422 669 1476 724 id
1511 671 1667 741 quod
1701 667 1976 739 simplici-

322 759 413 810 ter
439 755 661 811 siccum
693 763 802 822 est,
837 758 1128 814 contraria
1158 759 1334 814 etiam
1368 759 1681 814 continere.
1715 757 1972 829 Opponi-

322 847 417 898 tur
448 848 642 899 autem
672 845 932 900 madenti
955 847 1192 918 quidem
1220 848 1276 902 id
1306 848 1461 919 quod
1497 847 1727 919 pr0prie
1749 847 1974 901 siccum

324 937 433 1001 est,
458 934 612 1004 quod
639 950 710 988 ne
733 936 1040 1005 superﬁcie
1060 941 1231 992 tenus
1253 937 1487 1007 quidem
1515 936 1762 991 alienam
1780 935 1975 990 humi-

324 1021 566 1076 ditatem
600 1023 840 1094 recipit;
878 1024 1150 1081 humecto
1179 1026 1389 1081 deinde
1413 1027 1468 1080 id
1505 1027 1660 1098 quod
1685 1026 1979 1080 humecta-

327 1111 509 1166 tionis
529 1128 734 1182 expers
758 1119 876 1180 est;
910 1114 1160 1186 denique
1191 1116 1343 1186 quod
1373 1116 1603 1188 proprie
1637 1115 1977 1170 humectum

328 1205 438 1265 est,
472 1201 623 1270 quod
675 1207 1009 1257 concretum
1043 1210 1133 1259 est
1163 1208 1220 1259 et
1272 1205 1551 1277 rigidum,
1587 1210 1652 1259 ut
1702 1209 1895 1259 ostrea
1922 1207 1979 1257 et

331 1289 587 1359 metalla,
638 1307 771 1344 curn
821 1308 952 1362 quae
993 1292 1312 1360 liquescere
1362 1312 1476 1349 non
1530 1299 1795 1365 possunt,
1851 1299 1976 1346 tum

1578 435 2003 506 NIGEPHORI
2045 435 2485 504 BLEMMIDE

3582 436 3757 502 1120

2161 595 2250 649 ιγ.
2310 573 2374 629 Εἰ
2429 568 2487 628 δὲ
2542 575 2650 628 τῶν
2710 569 2981 649 ῥηθέντων
3055 565 3452 648 περιληπτικόν
3518 569 3633 628 ἐστι
3680 571 3753 628 τὸ

2086 661 2278 726 ἁπλῶς
2333 663 2518 739 ὑγρὸν,
2579 659 2748 732 δῆλον
2804 660 2886 718 ὅτι
2945 662 3036 716 καὶ
3083 666 3188 716 τῶν
3238 662 3630 736 ἀντικειμένων
3682 663 3754 718 τὸ

2086 751 2276 815 ἁπλῶς
2307 753 2490 828 ξηρόν.
2525 752 2846 808 ’Δντίκειται
2889 749 2947 807 δὲ
2987 757 3066 824 τῷ
3108 751 3201 825 μὲν
3255 749 3420 828 διερῷ
3467 753 3530 806 τὸ
3586 749 3755 814 ἰδίως

2085 842 2266 918 ξηρὸν,
2328 841 2459 917 ὅπερ
2539 839 2652 896 οὐδ’
2732 839 3005 911 ἐπιπολῆς
3088 840 3385 915 ἀλλοτρίαν
3469 841 3758 916 ὑγρότητα

2087 929 2349 986 δέδεκται·
2398 935 2477 1003 τῷ
2525 927 2582 985 δὲ
2629 925 2978 1006 βεϐρεγμένῳ
3025 929 3089 984 τὸ
3139 925 3403 1005 ἄϐροχον·
3455 934 3538 1000 τῷ
3589 927 3753 992 ἰδίως

2089 1021 2234 1096 ὑγρῷ
2291 1018 2348 1074 δὲ
2404 1021 2466 1074 τὸ
2513 1019 2779 1096 πεπηγός·
2841 1020 2930 1074 οἶά
2999 1018 3100 1074 εἰσι
3173 1019 3236 1074 τὸ
3308 1014 3596 1094 ὄστρακον,
3655 1019 3754 1073 καὶ

2084 1115 2192 1165 τῶν
2227 1109 2511 1182 μετάλλων
2543 1111 2610 1165 τά
2638 1131 2696 1165 τε
2757 1111 2832 1182 μὴ
2887 1109 3062 1180 τηκτά
3116 1108 3207 1163 καὶ
3263 1110 3330 1163 τὰ
3385 1110 3563 1180 τηκτᾶ
3616 1109 3752 1186 πρὶν

2085 1204 2244 1273 τακῇ.
2304 1205 2418 1255 Τῶν
2479 1201 2584 1276 γὰρ
2656 1198 2987 1274 πεπηγότων
3041 1199 3111 1253 τὰ
3169 1199 3263 1272 μὲν
3320 1199 3514 1270 τηκτὰ,
3576 1199 3645 1253 τὰ
3703 1199 3753 1253 δ’

2088 1310 2313 1359 ατηκτα.

327 1395 454 1450 quae
488 1385 733 1449 possunt
762 1379 1102 1452 liquescere,
1136 1385 1235 1438 sed
1269 1391 1583 1454 antequam
1617 1383 1963 1454 liquescant.
2000 1381 2415 1437 Concretorum
2463 1380 2620 1436 enim
2651 1386 2710 1436 et
2758 1381 3082 1453 rigidorum
3115 1379 3383 1452 quedam
3418 1379 3751 1452 liquescere

328 1472 614 1538 possunt;
650 1469 916 1538 quaedam
951 1487 1062 1525 non
1098 1478 1344 1543 possunt
1375 1472 1698 1544 liquescere

399 1555 487 1610 14.
519 1555 650 1610 Jam
681 1573 812 1612 vero
843 1558 1188 1630 simpliciter
1233 1561 1543 1616 humidum
1573 1566 1682 1625 est,
1711 1561 1865 1633 quod
1897 1565 1979 1615 to-

328 1648 456 1699 tum
490 1660 591 1716 per
619 1646 818 1701 omnia
840 1648 1210 1704 manifestam
1234 1651 1648 1706 humiditatem
1683 1649 1978 1722 propriam

330 1749 562 1804 semper
592 1734 812 1790 obtinet
843 1751 856 1789 :
890 1741 947 1791 et
977 1737 1198 1792 siccum
1223 1739 1591 1810 simpliciter,
1613 1739 1762 1810 quod
1798 1737 1977 1793 simili

331 1822 555 1877 ratione
584 1827 770 1878 totum
804 1841 907 1895 per
934 1829 1133 1882 omnia
1164 1827 1487 1883 siccitatem
1521 1828 1696 1883 habet
1719 1827 1976 1882 insitam.

404 1911 489 1966 15.
511 1912 645 1976 Quae
668 1930 802 1968 cum
826 1915 906 1969 ita
925 1931 1052 1970 sese
1075 1915 1348 1982 habeant,
1373 1917 1654 1988 quoniam
1680 1917 1736 1972 in
1760 1916 1980 1971 univer-

2161 1553 2244 1611 ιδ’.
2301 1556 2489 1632 Ὑγρὸν
2551 1553 2599 1611 δ’
2658 1554 2870 1629 ἁπλῶς,
2931 1556 3064 1632 ὅπερ
3144 1554 3273 1612 ὅλον
3334 1553 3403 1612 δι’
3462 1553 3592 1611 ὅλον
3665 1555 3756 1612 ἀεὶ

2089 1647 2313 1723 φανερὰν
2397 1645 2600 1701 οἰκείαν
2685 1647 2962 1722 ὑγρότητα
3045 1645 3323 1717 κέκτηται·
3406 1644 3497 1700 καὶ
3583 1645 3751 1721 ξηρὸν

2091 1732 2302 1805 ἁπλῶς,
2364 1732 2496 1810 ὅπερ
2555 1734 2684 1791 ὅλον
2747 1733 2818 1790 δι’
2867 1735 3002 1792 δλου
3059 1735 3270 1809 ὁμοίως
3330 1730 3567 1812 ἔμφυτον
3631 1733 3756 1811 ἔχει

2089 1822 2381 1899 ξηρότητα.

2163 1914 2240 1969 ιε’.
2271 1913 2486 1967 Τούτων
2561 1911 2733 1975 οὑτως
2810 1913 3070 1989 ἐχόντων,
3129 1911 3244 1968 ἐπεὶ
3303 1912 3543 1968 καθόλου
3604 1920 3756 1968 πᾶσα

331 2016 462 2055 sum
497 2001 691 2058 omnis
721 2004 1103 2060 contrarietas
1135 2022 1264 2076 quas
1294 2005 1472 2061 tactui
1505 2005 1817 2077 subjicitur
1846 2022 1979 2061 cum

2116 2001 2402 2072 ναντιότης
2454 2003 2594 2072 ἁπτὴ
2645 2004 2909 2072 ποιητική
2960 2003 3050 2058 καὶ
3103 2003 3402 2074 παθητικὴ,
3433 2008 3551 2064 ταῖς
3601 2002 3756 2078 εἰρη-

330 2089 541 2162 agendi
589 2094 715 2146 tum
768 2093 1027 2164 patiendi
1073 2094 1411 2150 facultatem
1455 2095 1678 2150 habens
1730 2095 1801 2150 ad
1832 2095 1981 2150 duas

329 2177 463 2234 illas
531 2186 1020 2238 commemoratas
1085 2184 1349 2257 syzygias
1417 2185 1731 2258 colligitur,
1776 2188 1984 2240 neutra

331 2271 526 2324 autem
579 2267 789 2324 harum
840 2272 952 2326 sub
1003 2272 1186 2328 altera
1234 2273 1532 2330 invenitur
1575 2273 1982 2346 (nequeenim

333 2355 523 2412 ullum
553 2357 813 2414 calidum
844 2365 947 2415 aut
993 2361 1215 2418 siccum
1248 2365 1358 2418 sub
1412 2363 1593 2419 altero
1625 2363 1942 2420 collocatur
1969 2381 1982 2431 ;

335 2445 552 2518 quippe
581 2445 727 2503 alias
757 2465 930 2504 omne
962 2449 1217 2506 calidum
1241 2453 1419 2508 etiam
1455 2453 1694 2518 siccum,
1728 2458 1784 2507 et
1813 2467 1986 2507 omne

335 2535 558 2591 siccum
589 2536 762 2591 etiam
795 2537 1049 2594 calidum
1086 2541 1267 2608 foret;
1302 2557 1490 2612 neque
1521 2543 1675 2598 188
1709 2541 1986 2613 frigidum

335 2628 393 2681 et
420 2624 731 2680 humidum
782 2627 970 2682 ullum
1024 2631 1134 2684 sub
1184 2631 1366 2686 altero
1413 2633 1615 2686 eadem
1657 2632 1728 2687 de
1767 2647 1986 2698 causa;

339 2713 526 2768 multo
557 2720 750 2770 autem
786 2718 983 2772 minus
1031 2718 1323 2774 contraria
1365 2721 1475 2775 sub
1506 2720 1853 2787 contrariis;
1888 2718 1988 2791 qui

335 2807 494 2858 enim
529 2806 984 2875 repugnantium
1032 2807 1148 2862 alia
1198 2809 1308 2864 sub
1341 2808 1470 2864 aliis
1521 2825 1650 2865 esse
1683 2808 1988 2880 possint);

341 2891 486 2946 satis
518 2895 774 2963 profecto
815 2900 1046 2950 constat
1073 2913 1141 2951 ea
1185 2913 1429 2969 corpora
1459 2915 1586 2970 quas
1636 2915 1670 2952 a
1701 2896 1992 2969 praedictis

343 2981 858 3038 contrarietatibus
916 2985 1106 3056 primo
1155 2986 1571 3056 informantur,
1632 2985 1993 3042 naturalium

344 3085 654 3140 corporum
687 3071 953 3128 omnium
987 3074 1250 3145 proxima
1279 3075 1566 3132 elementa
1594 3092 1742 3132 esse.

421 3159 506 3213 16.
541 3160 901 3216 lnformatur
945 3161 1142 3234 itaque
1187 3165 1373 3235 primo
1408 3165 1564 3237 ignis
1593 3166 1831 3236 quidem
1865 3164 2000 3220 cali-

345 3247 528 3303 ditate
577 3254 634 3304 et
681 3249 942 3306 siccitate
967 3252 1034 3318 ‘1,
1072 3257 1130 3307 et
1177 3269 1308 3308 vero
1355 3254 1649 3310 caliditate
1699 3254 1993 3308 maxime:

345 3353 446 3393 aer
475 3337 771 3394 caliditate
800 3345 857 3394 et
882 3339 1250 3412 bumiditate,
1286 3343 1472 3415 magis
1503 3349 1698 3398 tamen
1733 3342 1995 3398 bumidi-

2095 2091 2274 2164 μέναις
2323 2087 2418 2146 δύο
2469 2091 2746 2166 συζυγίαις
2796 2091 3100 2167 συνάγεται,
3144 2088 3374 2164 οὐδεμία
3423 2087 3483 2145 δὲ
3535 2089 3750 2146 τούτων

2094 2179 2197 2235 ὑπὸ
2243 2181 2342 2248 τήν
2397 2181 2579 2256 ἑτέραν
2631 2179 2929 2254 εὑρίσκεται
2961 2178 3111 2254 (οὐδὲ
3141 2181 3244 2255 γὰρ
3293 2178 3356 2234 τὸ
3406 2180 3608 2252 θερμὸν
3662 2180 3759 2235 καὶ

2091 2269 2154 2324 τὸ
2212 2268 2374 2343 ξηρὸν
2445 2266 2597 2324 οὐδὲν
2678 2269 2780 2324 ὑπὸ
2856 2271 3076 2345 θάτερον
3163 2267 3434 2326 τάττεται.
3496 2267 3594 2323 Καὶ
3652 2267 3760 2345 γὰρ

2095 2355 2268 2420 οὕτως
2303 2357 2361 2412 ἂν
2389 2357 2456 2426 ἦν
2487 2363 2589 2412 πᾶν
2623 2359 2825 2434 θερμὸν
2867 2358 2958 2413 καὶ
3009 2357 3196 2431 ξηρὸν,
3228 2359 3262 2426 ἣ
3292 2364 3397 2412 πᾶν
3453 2358 3614 2433 ξηρὸν
3665 2357 3763 2412 καὶ

2095 2446 2315 2520 θερμόν·
2349 2444 2474 2501 οὕτε
2527 2447 2590 2501 τὸ
2643 2448 2857 2522 ψυχρὸν
2907 2447 2996 2501 καὶ
3044 2447 3108 2502 τὸ
3144 2447 3308 2522 ὑγρὸν
3343 2444 3497 2502 οὐδὲν
3534 2446 3637 2501 ὑπὸ
3694 2448 3764 2502 τὸ

2097 2535 2292 2591 λοιπὸν
2352 2533 2440 2590 διὰ
2495 2537 2680 2591 ταυτά·
2713 2535 2914 2608 πολλῷ
2942 2557 3002 2612 γε
3051 2534 3266 2609 μᾶλλον
3323 2533 3450 2591 οὐδὲ
3509 2535 3770 2590 τάναντία

2101 2625 2204 2680 ὑπὸ
2263 2625 2536 2680 τάναντία·
2590 2629 2710 2688 πῶς
2768 2626 2872 2700 γὰρ
2942 2623 3134 2680 ἔσοιντ⁹
3193 2623 3253 2679 ἂν
3337 2621 3640 2695 ὑπάλληλα
3693 2625 3769 2680 τὰ

2105 2714 2698 2791 μαχόμενα;),πάντως
2730 2711 2990 2784 εὔδηλον,
3021 2713 3105 2769 ὅτι
3140 2715 3206 2769 τὰ
3250 2714 3488 2789 πρώτως
3521 2714 3623 2770 ὑπὸ
3653 2718 3768 2769 τῶν

2102 2802 2406 2879 ἐίρημένων
2515 2802 2878 2859 ἐναντιώσεων
2980 2801 3404 2870 εἴδοποιοὺμενα
3509 2803 3764 2875 σώματα,

2101 2895 2249 2949 ταῦτ’
2305 2892 2364 2948 ἃν
2424 2892 2526 2949 εἶεν
2586 2897 2838 2968 στοιχεῖα
2895 2899 3144 2970 προσεχῆ
3204 2891 3422 2947 πάντων
3485 2893 3762 2964 σωμάτων

2101 2987 2210 3038 τῶν
2243 2987 2506 3060 φυσικῶν.

2182 3161 2264 3224 ις’.
2315 3157 2685 3215 Είδοποιεῖται
2737 3159 2831 3233 μὲν
2878 3156 2973 3214 οὖν
3014 3158 3249 3234 πρώτως
3297 3157 3361 3213 τὸ
3419 3161 3528 3234 πῦρ
3557 3157 3765 3234 θερμό-

2105 3273 2230 3322 τητι
2278 3251 2368 3306 καὶ
2424 3249 2704 3327 ξηρότητι·
2758 3250 2849 3305 καὶ
2903 3247 3141 3324 μάλιστά
3197 3269 3259 3325 γε
3305 3248 3623 3322 θερμότητι·
3658 3248 3688 3303 ὁ
3723 3244 3773 3302 δ’

2110 3341 2216 3416 ἀήρ
2276 3338 2574 3412 θερμότητι
2629 3338 2719 3394 καὶ
2769 3338 3054 3414 ὑγρότητι,
3109 3337 3200 3394 καὶ
3258 3336 3428 3393 πλέον
3483 3336 3768 3414 ὑγρότητι·

343 3429 504 3494 tate;
537 3443 688 3498 aqua
720 3428 1068 3485 humiditate
1097 3437 1153 3485 et
1182 3401 1518 3503 ἰτῖεἰᾶίῖοῐθ,
1538 3434 1637 3488 sed
1675 3431 1862 3504 magis
1896 3431 1996 3486 fri-

2116 3401 2196 3484 τὸ..
2229 3426 2276 3483 δ’
2333 3401 2973 3503 ὑθωόὺγρότητιηκαί.
3019 3401 3351 3504 ψυχρότητι,
3395 3426 3488 3481 καὶ
3528 3401 3770 3500 ’μᾶλλον

349 3515 624 3589 giditate;
660 3521 815 3572 terra
845 3517 1162 3590 trigiditate
1192 3526 1250 3575 et
1281 3520 1565 3587 siccitate,
1589 3523 1689 3576 sed
1723 3527 1788 3576 ut
1819 3519 2000 3593 pluri-

351 3621 516 3660 mum
575 3605 834 3662 siccitate
888 3608 956 3663 ‘3.
1007 3609 1163 3679 Ignis
1214 3611 1454 3680 proinde
1504 3616 1560 3664 et
1609 3626 1707 3664 aer
1754 3615 1811 3665 et
1847 3615 2004 3665 terra

350 3696 808 3765 compositorum
841 3697 1201 3753 naturalium
1247 3715 1556 3771 corporum
1591 3699 1856 3772 proxima
1885 3698 2004 3755 ele-

353 3788 551 3838 menta
580 3789 739 3840 sunt.

426 3872 512 3926 17.
545 3873 680 3937 Quae
725 3873 1004 3930 nimirum
1058 3875 1367 3946 elemenla,
1400 3893 1516 3933 non
1565 3882 1856 3950 quatenus
1887 3876 2002 3932 ele-

353 3966 552 4018 menta
567 3967 724 4030 sunt,
743 3965 842 4019 sed
869 3969 1163 4036 quatenus
1184 3983 1428 4038 corpora
1449 3967 1730 4038 qualitate
1744 3967 2004 4038 praedita,

352 4065 488 4105 cum
519 4068 588 4107 ex
617 4068 679 4108 se
710 4052 956 4109 invicem
987 4060 1362 4126 generantur,
1393 4061 1520 4111 tum
1575 4056 1632 4111 in
1665 4073 1726 4112 se
1760 4056 2007 4112 invicem

355 4145 832 4212 corrumpuntur.
867 4145 945 4197 Ac
975 4159 1176 4198 eorum
1203 4143 1440 4216 quidem
1474 4162 1602 4216 quae
1633 4161 2008 4201 communem

355 4227 698 4300 qualitatem
735 4231 1003 4286 obtinent
1033 4233 1099 4300 ⁸⁸,
1134 4238 1198 4287 ut
1229 4233 1382 4306 ignis
1413 4239 1469 4288 et
1499 4251 1598 4289 aer
1626 4233 2008 4300 caliditatem,

357 4315 619 4386 itemque
667 4335 824 4388 aqua
867 4325 924 4374 et
955 4326 1110 4375 terra
1153 4321 1552 4393 l'rigiditatem,
1591 4323 1756 4377 facile
1807 4323 1920 4378 alia
1951 4321 2011 4376 in

361 4403 476 4460 alia
505 4411 830 4473 mutantur,
867 4414 931 4462 ut
973 4425 1099 4480 quze
1153 4410 1332 4465 unius
1379 4411 1664 4466 duntaxat
1709 4411 2014 4483 qualitatis

363 4494 587 4550 ratione
618 4501 938 4552 mutentur.
972 4497 1106 4561 Quae
1139 4504 1334 4554 autem
1375 4500 1682 4571 utriusque
1713 4499 2014 4571 qualitatis

2109 3517 2440 3594 ψυχρότητι·
2495 3519 2530 3588 ἡ
2595 3514 2654 3572 δὲ
2704 3519 2779 3592 γῆ
2825 3516 3135 3593 ψυχρότητι
3193 3516 3283 3571 καὶ
3328 3515 3614 3592 ξηρότητι,
3676 3515 3773 3570 καὶ

2109 3607 2376 3662 τοὺπίπαν
2409 3606 2688 3682 ξηρότητι.
2727 3610 2840 3680 Πῦρ
2873 3603 2976 3682 ἄρα
3013 3604 3102 3660 καὶ
3163 3604 3270 3680 ἀὴρ
3323 3603 3414 3659 καὶ
3473 3601 3622 3680 ὕδωρ
3679 3603 3775 3658 καὶ

2110 3703 2181 3774 γῆ
2231 3699 2479 3771 στοιχεῖα
2547 3696 2799 3770 προσεχῆ
2854 3698 2961 3749 τῶν
3020 3693 3283 3750 συνθέτων
3340 3691 3611 3765 σωμάτων
3657 3697 3771 3748 τῶν

2114 3789 2373 3864 φυσικῶν.

2191 3879 2270 3944 ιζ’.
2303 3877 2370 3930 Ἃ
2419 3869 2485 3942 δὴ
2545 3871 2910 3948 στοιχεῖα,οὑ
2969 3871 3104 3936 καθὸ
3164 3875 3432 3948 στοιχεῖα,
3491 3870 3624 3926 καθὸ
3682 3871 3778 3926 καὶ

2117 3963 2344 4036 σώματα
2371 3961 2745 4036 πεποιωμένα,
2775 3961 2828 4032 ἐξ
2858 3958 3126 4032 ἀλλήλων
3169 3982 3228 4016 τε
3284 3961 3489 4036 γίνεται
3545 3959 3637 4014 καὶ
3697 3959 3779 4021 είς

2119 4050 2342 4122 ἄλληλα
2428 4050 2718 4129 φθείρεται.
2777 4051 2877 4105 Καὶ
2933 4049 3002 4106 τὰ
3063 4050 3158 4123 μὶν
3217 4051 3403 4119 κοινὴν
3470 4047 3782 4122 κεκτημένα

2117 4141 2406 4212 ποιότητα,
2438 4141 2678 4215 καθάπερ
2707 4141 2770 4195 τὸ
2800 4144 2908 4215 πῦρ
2938 4138 3028 4196 καὶ
3061 4140 3087 4196 ὁ
3117 4139 3225 4216 ἀὴρ
3281 4141 3378 4210 τήν
3432 4137 3770 4214 θερμότητα,

2119 4230 2208 4288 καὶ
2238 4231 2299 4286 τὸ
2329 4227 2476 4306 ὕδωρ
2507 4228 2595 4284 καὶ
2625 4231 2660 4298 ἡ
2691 4236 2760 4306 γῆ
2807 4230 2908 4299 τήν
2961 4228 3306 4306 ψυχρότητα,
3341 4225 3542 4304 ῥᾳδίως
3607 4231 3779 4282 ταῦτα

2125 4315 2456 4394 μεταϐάλλει
2503 4317 2578 4380 εἲς
2606 4316 2852 4390 ἄλληλα,
2883 4318 3021 4373 κατὰ
3061 4319 3188 4391 μίαν
3235 4316 3506 4388 ποιότητα
3546 4317 3776 4389 πάμπαν

2123 4407 2190 4479 δὴ
2245 4403 2676 4482 μεταϐάλλοντα·
2707 4408 2775 4462 τὰ
2834 4405 2894 4463 δὲ
2947 4407 3037 4462 καὶ
3089 4408 3206 4462 κατ’
3255 4408 3422 4486 ἄμφω
3469 4407 3564 4468 τὰς
3620 4403 3779 4460 ποιό-

2121 4519 2289 4570 τητας
2399 4496 2762 4570 ἀντικείμενα,
2853 4493 3182 4574 βραδυτέραν
3297 4501 3533 4552 ποιεῖται
3641 4495 3781 4571 πρὸς

359 4582 584 4639 ratione
617 4591 1015 4657 opponuntur,
1047 4588 1276 4644 tardius
1320 4590 1476 4644 184
1523 4589 1584 4644 in
1615 4605 1678 4645 se
1708 4594 1996 4644 mutantui

2125 4585 2350 4658 ἄλληλα
2379 4587 2477 4656 τήν
2523 4581 2853 4659 μεταϐολήν·
2899 4587 2974 4649 ὡς
3018 4586 3081 4642 τὸ
3135 4583 3282 4663 ὕδωρ
3333 4585 3424 4641 καὶ
3469 4585 3532 4640 τὸ
3580 4587 3714 4662 πῦρ,
3745 4585 3782 4652 ἡ

358 4671 633 4740 invicem,
667 4680 732 4730 ut
777 4691 931 4746 aqua
979 4681 1037 4731 et
1087 4677 1262 4749 ignis,
1295 4677 1555 4750 itemque
1600 4683 1758 4732 terra
1805 4681 1863 4732 et
1895 4691 2012 4744 aer,

360 4776 489 4833 quae
521 4780 664 4819 sane
694 4763 872 4820 etiam
905 4764 1168 4822 absolute
1200 4771 1340 4822 sunt
1364 4766 1677 4822 contraria.

432 4853 517 4907 18.
551 4851 671 4908 Etsi
705 4870 836 4909 vero
867 4855 913 4889 “
966 4855 1086 4911 haec
1135 4855 1478 4911 substantiae
1523 4860 1681 4925 sunt,
1716 4853 1863 4911 nihil
1913 4870 2012 4909 au-

355 4945 474 4997 tem
509 4942 853 4998 substantiae
885 4949 974 4999 est
998 4944 1356 5000 contrarium
1385 4963 1398 5012 ;
1435 4961 1547 5000 non
1580 4951 1776 4999 tamen
1809 4948 2012 5016 quate-

359 5036 531 5086 tenus
563 5033 910 5088 substantias
933 5037 990 5088 et
1019 5033 1287 5104 subjecta
1317 5039 1476 5098 sunt,
1500 5038 1743 5088 eatenus
1771 5031 1924 5087 inter
1953 5047 2016 5087 se

363 5121 657 5177 contraria
686 5127 826 5178 sunt
857 5123 1012 5194 ignis
1049 5131 1105 5178 et
1135 5140 1308 5195 aqua,
1343 5123 1601 5195 itemque
1633 5139 1730 5177 aer
1759 5127 1816 5176 et
1840 5125 2015 5192 terra,

362 5210 463 5265 sed
517 5212 710 5282 quoad
771 5212 1086 5284 qualitates
1135 5212 1359 5283 quibus.
1401 5212 1816 5266 informantur.
1871 5210 2018 5265 Nam

359 5296 515 5370 ignis
539 5299 807 5355 caliditas
836 5300 1137 5374 frigiditati
1161 5319 1324 5374 aquae
1358 5299 2015 5372 repugnat,vincissim-

361 5403 474 5457 que
507 5387 742 5444 siccitas
775 5388 1133 5446 humiditati.
1166 5391 1236 5446 Et
1273 5407 1480 5446 rursus
1511 5391 1664 5444 aeris
1697 5387 2019 5444 humiditas

365 5472 614 5532 siccitati
643 5481 833 5544 terrae,
866 5483 923 5534 et
951 5477 1220 5535 caliditas
1268 5478 1593 5551 frigiditati.
1630 5481 1702 5533 Ac
1732 5476 2020 5550 simplici-

368 5569 460 5619 ter
489 5565 546 5620 in
580 5566 858 5622 omnibus
887 5567 1194 5624 elementis
1214 5569 1516 5624 contrariae
1545 5566 1862 5641 qualitates
1891 5582 2023 5622 con-

377 5653 570 5711 trariis
599 5662 996 5728 opponuntur.

2046 4769 2095 4834 D

2124 4682 2196 4752 γῆ
2227 4696 2286 4731 τε
2308 4675 2398 4730 καὶ
2430 4675 2458 4729 ὁ
2484 4675 2611 4752 ἀὴρ,
2644 4673 2677 4729 ’ἀ
2709 4672 2776 4745 δὴ
2809 4673 2898 4730 καὶ
2931 4673 3122 4737 ἁπλῶς
3152 4673 3362 4730 ἐναντία
3390 4671 3546 4731 εἷ’σίν.

2195 4861 2283 4924 ιη’.
2317 4853 2381 4910 El
2413 4850 2458 4908 δ’
2490 4853 2666 4909 οὐσίαι
2708 4857 2898 4924 ταῦτα,
2928 4856 2997 4928 τῇ
3042 4851 3199 4926 οὐσίᾳ
3228 4851 3274 4909 δ’
3307 4851 3546 4910 ἐναντίον
3599 4847 3781 4924 οὑδὶν,

2123 4941 2250 4998 ἀλλ’
2295 4941 2356 4997 οὗ
2407 4943 2527 4997 καθ’
2575 4942 2604 4997 ὃ
2653 4941 2829 4997 οὐσίαι
2879 4943 2969 4997 καὶ
3027 4942 3382 5016 ὑποκείμενα,
3429 4941 3568 4998 κατὰ
3613 4944 3783 4996 τοῦτο

2125 5031 2486 5088 ἐναντιοῦνται
2513 5031 2650 5108 πρὸς
2680 5028 2906 5102 ἄλληλα
2960 5035 3068 5108 πῦρ
3115 5031 3206 5087 καὶ
3263 5029 3434 5108 ὕδωρ,
3465 5030 3558 5086 καὶ
3616 5030 3785 5086 πάλιν

2128 5121 2233 5196 ἀὴρ
2264 5120 2353 5175 καὶ
2399 5127 2494 5196 γῆ,
2527 5118 2674 5176 ἀλλὰ
2729 5121 2848 5185 καθ’
2879 5120 2943 5183 ἃς
3001 5117 3402 5177 εἰδοποιοῦνται
3459 5119 3782 5191 ποιότητας.

2127 5211 2190 5266 Ἡ
2246 5209 2346 5286 γὰρ
2409 5208 2460 5265 ἐν
2519 5209 2650 5287 πυρὶ
2710 5209 2984 5286 θερμότης
3039 5213 3108 5285 τῇ
3157 5209 3208 5265 ἐν
3260 5208 3413 5266 ὕδατι
3472 5208 3786 5286 ψυχρότητι

2133 5299 2389 5375 μάχεται,
2419 5298 2508 5354 καὶ
2557 5301 2592 5369 ἡ
2643 5298 2880 5376 ξηρότης
2929 5298 2996 5354 αὗ
3041 5302 3109 5374 τῇ
3146 5298 3430 5376 ὑγρότητι.
3464 5298 3563 5354 Καὶ
3623 5294 3789 5353 πάλιν

2129 5392 2165 5459 ἡ
2199 5388 2250 5444 ἐν
2313 5387 2428 5464 ἀέρι
2491 5387 2724 5464 ὑγρότης
2777 5390 2846 5462 τῇ
2903 5385 2956 5444 ἐν
3014 5392 3088 5464 γῇ
3143 5387 3424 5466 ξηρότητι·
3477 5387 3634 5458 καὶὴ
3668 5389 3792 5461 θερ-

2136 5477 2309 5552 μότης
2356 5481 2426 5552 τῇ
2481 5475 2817 5554 ψυχρότητι.
2850 5476 2950 5534 Καὶ
3009 5477 3199 5540 ἁπλῶς
3256 5476 3343 5534 ἐπὶ
3403 5478 3622 5534 πάντων
3681 5480 3793 5531 τῶν

2133 5566 2421 5643 στοιχείων
2507 5567 2563 5623 αἱ
2650 5565 2878 5623 ἐναντίαι
2955 5566 3248 5640 ποιότητες
3329 5571 3449 5632 ταῖς
3522 5565 3797 5629 ἐναντίαις

2136 5655 2464 5712 ἀντίκεινται
2476 5699 2488 5712 .

448 5777 490 5813 ⁴¹
523 5787 559 5842 2
582 5780 663 5838 De
695 5785 825 5838 ortu
856 5787 914 5840 et
943 5780 1184 5840 interitu
1215 5798 1264 5838 ο.
1299 5783 1352 5838 4.
1430 5782 1474 5818 ﬂ
1504 5779 1653 5838 Ibid.
1682 5797 1732 5838 ο.
1765 5782 1817 5837 3.
1895 5782 1940 5817 ‘3
1973 5780 1995 5839 Ι

2116 5827 2117 5836 ,
2150 5799 2201 5840 c.
2233 5783 2288 5854 λι,
2317 5782 2374 5839 5.
2451 5782 2497 5820 ιι
2528 5780 2676 5840 Ibid.
2710 5781 2822 5840 0.3
2850 5785 2908 5839 et
2933 5783 2990 5840 8.
