4094 6446
301 384 455 451 1121

299 611 423 668 τινὰ
479 610 641 684 (μετὰ
697 611 802 685 γάρ
858 613 955 664 τοῦ
1007 609 1226 685 πρώτου
1286 609 1644 682 ὑποκειμένου
1694 605 1954 679 δηλονότι

301 704 402 769 τῆς
453 697 592 769 ὕλης
646 696 975 753 ἀποτελοῦσι
1020 697 1083 752 τὸ
1127 694 1372 773 δεύτερον
1430 696 1782 771 ὑποκείμενον
1831 696 1955 766 ἦτοι

303 791 367 846 τὸ
397 790 601 862 σῶμα)’
660 785 806 856 πλήν
865 786 989 850 καθ’·
1039 784 1200 848 αὐτὰς
1245 786 1612 864 θεωρούμεναι
1645 787 1819 862 χωρὶς
1862 791 1958 840 τοῦ

310 874 692 950 ὑποκειμένου.
754 869 1142 948 συμϐεϐηκότα
1197 875 1339 930 ε’σί.
1403 876 1494 931 Διὸ
1550 876 1638 931 καὶ
1693 873 1809 945 ε”δη
1868 875 1959 930 καὶ

311 962 578 1021 εἰδοποιοῖ
625 961 920 1018 καλοῦνται
961 962 1253 1034 ποιότητες
1299 965 1374 1027 ὡς
1433 965 1617 1037 ἑτέρου
1665 959 1816 1027 ὄντος
1864 969 1960 1020 τοῖ’)

341 1050 390 1075 an
539 1052 560 1069 η
745 1056 773 1066 ~
1006 1051 1020 1070 κ
1108 1053 1121 1072 \
1207 1050 1259 1094 γα
1478 1055 1488 1071 ν
1518 1054 1538 1074 η
1617 1055 1642 1089 'r

312 1069 488 1114 ειοους
540 1073 568 1107 o
614 1072 832 1106 ποιουσι
884 1071 1030 1128 παρα
1067 1073 1131 1108 το
1181 1067 1322 1115 ε.οος
1369 1065 1470 1118 καθ
1519 1075 1548 1108 o
1581 1075 1733 1110 αδται
1768 1053 1959 1129 λὲγον-

308 1163 397 1198 ται
453 1137 594 1211 εἷ’δη.
657 1141 726 1195 Τὸ
789 1140 884 1214 μὲν
937 1141 1038 1218 γὰρ
1097 1142 1230 1216 μετᾶ
1280 1149 1380 1212 τῆς
1442 1141 1580 1212 ὕλης
1629 1149 1831 1199 νοεῖται
1873 1143 1963 1198 καὶ

314 1228 471 1286 οὐσία
498 1229 588 1285 καὶ
647 1229 996 1303 ὑποκείμενόν
1055 1229 1214 1286 ἐστιν·
1275 1231 1350 1294 ὡς
1399 1233 1461 1286 τὸ
1507 1237 1614 1308 πῦρ
1662 1235 1795 1289 καθὸ
1834 1237 1964 1309 πῦρ,

313 1319 403 1374 καὶ
433 1320 468 1388 ἠ
499 1325 569 1395 γῆ
603 1318 736 1373 καθὸ
765 1325 861 1392 γῆ,
893 1319 982 1374 καὶ
1020 1319 1088 1374 τὰ
1141 1318 1310 1375 λοιπὰ
1357 1325 1466 1376 τῶν
1514 1321 1963 1396 ἀποτελουμένων

317 1405 496 1464 εἰδῶν.
534 1408 737 1462 Ἐκεῖνο
769 1405 826 1462 δὲ
845 1407 910 1462 τὸ
940 1405 1084 1470 εἶδος
1119 1410 1254 1473 καθὸ
1281 1409 1334 1464 αἱ
1379 1409 1669 1482 ποιότητες
1718 1410 1966 1488 λέγονται

319 1492 438 1565 εἷ’δη
496 1494 673 1572 χωρίς
727 1516 787 1551 τε
840 1501 938 1565 τῆς
995 1494 1136 1568 ὕλης
1208 1495 1501 1553 ἐπινοεῖται
1552 1500 1689 1573 (πῶς
1746 1499 1847 1576 γὰρ
1907 1498 1965 1554 ἂν

319 1583 506 1647 ἄλλως
537 1584 588 1654 ἐξ
618 1583 758 1656 ὕλης
805 1583 896 1639 καὶ
950 1581 1128 1647 εἷ’δους
1162 1583 1404 1661 λεχθεῖεν
1435 1587 1503 1642 τὰ
1534 1587 1797 1662 σώματα;
1828 1594 1849 1660 )
1879 1589 1968 1644 καὶ

319 1673 420 1728 οὐκ
467 1668 608 1728 ἔστιν
652 1669 766 1727 οὐδ’
822 1671 979 1728 οὐσία
1034 1670 1148 1728 οὐδ’
1207 1674 1580 1748 ὑποκείμενον,
1639 1675 1689 1732 ἐν
1753 1677 1970 1733 ὑποκει-

328 1761 473 1836 μένῳ
502 1760 561 1816 δέ
595 1759 848 1833 μάλιστα.

1621 381 1973 448 EPITOME
2016 381 2379 450 PHYSICA.

375 523 457 577 ιϐ’.
497 521 668 577 Πὰσαι
724 515 772 575 δ’
818 514 1100 581 οὗσιώδεις
1145 517 1453 590 ποιότητες,
1504 518 1600 574 κᾶν
1646 519 1776 573 ὧσιν
1830 516 1947 590 εἷ’δη
1983 522 2036 588 Α

3555 390 3712 451 1122

2140 523 2222 577 19.
2257 521 2431 578 Porro
2458 537 2799 593 quanquam
2829 535 3033 577 omnes
3069 521 3491 578 substantiales
3524 523 3710 595 quali-

2064 616 2213 667 tates
2246 617 2385 667 sunt
2414 612 2609 666 formae
2641 612 2907 682 quaedam
2940 612 3097 681 (cum
3158 611 3346 683 primo
3376 615 3532 667 enim
3565 614 3710 668 sub-

2058 701 2236 771 jecto,
2271 700 2512 755 materia
2545 700 2847 769 nimirum,
2910 699 3321 755 secundarium
3355 701 3712 770 subjectum,

2067 789 2185 844 sive
2214 805 2428 860 corpus
2460 788 2791 855 absolvunt)
2816 806 2828 855 ;
2863 805 2965 858 per
2990 805 3050 842 se
3075 795 3270 843 tamen
3293 788 3418 844 sine
3450 790 3714 858 subjecto

2069 878 2464 945 considerate,
2497 877 2816 932 accidentia
2847 883 3004 931 sunt.
3039 879 3400 948 Quapropter
3429 883 3485 932 et
3517 878 3714 933 forma:

2070 971 2127 1021 et
2154 966 2540 1022 informantes
2574 966 2886 1038 qualitates
2931 969 3235 1033 vocantur,
3296 967 3450 1037 quod
3484 967 3716 1022 diversa

2072 1056 2149 1110 sit
2181 1056 2360 1110 formai
2397 1073 2572 1128 quam
2613 1056 2876 1111 efﬁciunt
2930 1056 3005 1110 ab
3064 1073 3128 1111 ea
3188 1056 3510 1111 secundum
3543 1073 3722 1127 quam

2073 1145 2211 1216 ipsae
2270 1145 2467 1199 formae
2525 1150 2826 1199 vocantur.
2885 1145 3078 1199 Altera
3110 1143 3266 1199 enim
3299 1161 3433 1200 cum
3479 1145 3728 1200 materia

2073 1232 2503 1304 intelligitur,et
2528 1232 2785 1288 essentia
2807 1237 2981 1304 atque
2995 1233 3331 1303 subjectum
3354 1237 3462 1301 est;
3485 1237 3551 1288 ut
3571 1232 3724 1306 ignis

2075 1327 2364 1393 quatenus
2399 1321 2572 1394 ignis,
2604 1325 2660 1377 et
2689 1326 2842 1376 terra
2875 1325 3164 1393 quatenus
3186 1326 3363 1392 terra,
3395 1326 3453 1378 et
3483 1321 3725 1394 reliquae

2079 1411 2275 1465 formas
2307 1427 2431 1483 qua:
2462 1409 2866 1466 absolvuntur.
2919 1409 3024 1465 Illa
3069 1415 3263 1466 autem
3324 1411 3474 1468 135
3513 1412 3725 1478 forma,

2070 1499 2238 1571 juxta
2268 1517 2445 1570 quam
2504 1499 2818 1571 qualitates
2852 1500 3129 1554 dicuntur
3177 1501 3395 1568 formae,
3428 1517 3562 1555 cum
3599 1499 3730 1556 sine

2079 1589 2325 1644 materia
2354 1590 2610 1661 cogitatu
2639 1589 2917 1660 (quonam
2943 1589 3100 1644 enim
3131 1588 3278 1644 alias
3305 1593 3470 1660 pacto
3500 1607 3570 1645 ex
3602 1606 3730 1645 ma-

2078 1678 2224 1734 teria
2241 1683 2298 1733 et
2314 1678 2496 1734 forma
2509 1677 2618 1732 dici
2635 1694 2878 1750 corpora
2892 1677 3179 1749 possent?)
3193 1682 3322 1732 tum
3342 1696 3446 1735 nec
3459 1680 3729 1735 substan-

2079 1767 2183 1834 tia,
2207 1783 2312 1822 nec
2344 1767 2677 1838 subjectum
2705 1773 2830 1834 est;
2865 1768 2962 1822 sed
2997 1766 3055 1821 in
3091 1767 3352 1838 subjecto
3387 1768 3657 1824 maxime.

391 1851 459 1907 κ’.
521 1848 626 1904 Κᾶν
684 1870 818 1906 ποτε
874 1849 1028 1905 οὐσία
1087 1849 1342 1927 λεχθείη,
1404 1850 1492 1908 διὰ
1544 1858 1707 1909 τοῦτο
1761 1854 1970 1931 λέγεται

431 1937 442 1956 1
563 1935 588 1956 δ
625 1939 639 1956 \
735 1939 749 1956 \
921 1939 936 1956 ἱ
1060 1943 1088 1954 ευ
1149 1940 1162 1956 Ι
1387 1940 1397 1956 Ι
1555 1940 1609 1956 ἢ,
1719 1945 1742 1956 Α
1897 1943 1908 1956 ι

2151 1831 2241 1911 20.
2297 1856 2366 1910 Ει
2423 1831 2764 1927 quanquam
2820 1831 3140 1926 aliquando
3192 1831 3527 1911 substantia
3577 1857 3734 1912 dicta

324 1937 500 2011 οὐσία,
560 1935 650 1993 διὰ
694 1939 758 1993 τὸ
812 1939 946 2013 μετὰ
994 1943 1092 1994 τοῦ
1143 1940 1500 2016 ὑποκειμένου
1551 1940 1803 1999 δύνασθαι
1848 1943 1971 2018 μίαν

327 2025 508 2082 οὐσίαν
567 2025 875 2098 ἀποτελεῖν,
934 2028 1024 2083 καὶ
1083 2030 1159 2102 μὴ
1219 2029 1567 2106 ἀπογίνεσθαι
1629 2037 1727 2088 τοῦ
1778 2033 1970 2088 ἀποτε-

327 2115 608 2178 λεσθέντος
639 2117 815 2192 χωρὶς
848 2123 948 2187 τῆς
993 2116 1191 2172 τούτου
1239 2125 1462 2196 φθορᾶς,
1503 2121 1694 2177 ταυτὸν
1729 2118 1775 2176 δ’
1808 2122 1974 2177 εἰπεῖν

326 2201 648 2268 διαλύσεως.

394 2294 496 2351 κα’.
548 2294 646 2349 Διὰ
705 2295 875 2350 ταῦτά
917 2316 1004 2350 τοι
1051 2294 1116 2351 τὰ
1166 2293 1308 2360 εἶδος
1353 2297 1442 2353 καὶ
1496 2295 1717 2378 δευτέρα
1763 2299 1980 2377 λέγεται

326 2383 416 2438 καὶ
445 2381 626 2452 ἥττων
659 2383 833 2456 οὐσία,
871 2383 1082 2457 μᾶλλον
1134 2382 1192 2440 δὲ
1237 2385 1497 2451 οὐσιῶδες
1545 2390 1634 2444 καὶ
1666 2391 1765 2446 οὐκ
1804 2390 1977 2449 ούσία.

328 2472 427 2527 Καὶ
486 2469 551 2526 αὖ
597 2471 763 2529 πάλιν
811 2473 1120 2550 κυριώτατα
1173 2475 1264 2530 καὶ
1313 2477 1547 2552 πρώτως
1597 2479 1686 2534 καὶ
1747 2478 1985 2554 μάλιστα

332 2559 488 2616 οὐσία
544 2560 921 2640 φιλοσοφεῖται
964 2563 1111 2639 παρά
1154 2567 1262 2618 τῶν
1311 2558 1482 2628 ὅντως
1528 2565 1844 2648 φιλοσόφων
1893 2570 1983 2624 καὶ

335 2647 742 2725 δογματίζεται.
772 2651 844 2706 Τὸ
903 2650 998 2724 μὲν
1057 2651 1161 2726 γὰρ
1220 2650 1342 2708 ἄνευ
1389 2661 1490 2725 τῆς
1551 2654 1692 2719 ὕλπς
1725 2657 1980 2713 ἐπινοού-

338 2759 495 2812 μενον
556 2739 630 2801 ὡς
690 2739 1032 2813 ὑποκειμένῳ
1080 2745 1150 2816 τῇ
1199 2740 1304 2817 ὕλῃ
1352 2741 1647 2817 δυνάμενον
1708 2745 1854 2823 ἔχειν
1887 2750 1988 2817 τὴν

341 2826 563 2904 ὕπαρξιν
623 2827 849 2891 εῖκότως
907 2827 1061 2884 οὐσία
1116 2829 1179 2884 ού
1234 2832 1437 2907 κυρίως
1493 2831 1745 2909 λεγεται·
1808 2835 1871 2890 τὸ
1931 2835 1991 2892 δὲ

346 2916 480 2991 μετά
523 2918 622 2986 τῆς
673 2914 812 2988 ὕλης
863 2915 921 2972 ὂν
971 2916 1214 2994 ἐνεργείᾳ
1253 2920 1342 2974 καὶ
1395 2923 1510 2994 μετ’
1555 2923 1720 2992 αὐτῆς
1768 2944 1990 3001 χρημα-

339 3005 488 3075 τίζον
539 3005 592 3060 ἓν
637 3006 1014 3080 ὑποκείμενον,
1066 3009 1142 3070 ὡς
1183 3008 1319 3064 κατᾶ
1365 3009 1695 3088 συνεκδοχῆν
1747 3013 1806 3068 ἐκ
1843 3015 1990 3069 θατέ-

346 3113 440 3170 ρου
495 3098 602 3149 τῶν
665 3090 1031 3151 συνελθόντων
1091 3096 1166 3159 εἰς
1225 3098 1315 3152 τὸν
1367 3104 1464 3154 τοῦ
1521 3101 1771 3156 συνθέτου
1819 3103 1990 3179 ἀπαρ-

339 3183 532 3257 τισμὸν
565 3186 1106 3261 προσαγορευομένου
1149 3189 1248 3240 τοῦ
1278 3185 1607 3260 σύμπαντος,
1637 3191 1700 3244 τὸ
1746 3195 1992 3246 τοιοῦτον

343 3269 487 3327 εἶδος
540 3269 764 3336 δικαίως
815 3272 874 3328 ἂν
934 3272 1090 3328 οὐσία
1143 3274 1452 3351 κυριώτατά
1505 3299 1563 3333 τε
1609 3279 1700 3333 καὶ
1758 3281 1992 3357 πρώτως

341 3360 432 3416 καὶ
481 3359 720 3434 μάλιστα
765 3360 1002 3439 λέγοιτο.
1047 3367 1215 3418 Τοῦτο
1264 3361 1321 3420 δὲ
1368 3364 1478 3421 ἐστι
1523 3368 1586 3422 τὸ
1644 3365 1991 3424 εῗδικώτατον

342 3453 526 3505 πασῶν
583 3454 690 3504 τῶν
764 3449 852 3506 ἐπὶ
932 3451 1130 3528 μὲρους
1200 3453 1394 3509 οὐσιῶν
1452 3455 1847 3532 περιληπτικὸν
1905 3459 1996 3513 καὶ

344 3535 719 3608 συλληπτικὸν
793 3539 883 3594 καὶ
961 3539 1124 3618 λόγον
1181 3539 1308 3618 ἔχον
1379 3544 1517 3621 πρὸς
1576 3545 1740 3610 αύτάς
1775 3591 1789 3618 ,
1848 3548 1906 3603 ὃν
1959 3549 1995 3617 ἡ

346 3625 549 3699 ὁλότης
594 3629 733 3703 πρὸς
776 3630 874 3692 τὰς
922 3630 1306 3708 ὁμοιομερείας
1358 3633 1544 3704 αὐτῆς.
1596 3635 1750 3691 Οὕτω
1801 3634 1867 3706 δὴ
1907 3638 1997 3692 καὶ

348 3715 577 3772 Πλάτων
607 3716 736 3779 τοὺς
767 3717 904 3773 κατὰ
927 3718 1089 3796 μέρος
1109 3719 1431 3798 ἀνθρώπους
1452 3723 1738 3800 ἀνθρώπου
1760 3726 1852 3804 κὲρ
1861 3748 2002 3801 ματα

351 3805 814 3882 προσηγόρευσεν.

422 3983 530 4060 κβ’.
592 3983 780 4042 Ούσῶν
837 3969 896 4040 δέ
950 3985 1220 4062 τεσσάρων
1277 3991 1587 4060 ποιοτήτων
1646 3991 1951 4050 καθολικῶν
1987 4042 2000 4068 ,

353 4073 578 4136 εἰκότως
624 4073 714 4128 καὶ
762 4073 827 4128 τά
873 4081 1122 4152 στοιχεῖα
1166 4075 1395 4154 τέσσαρα
1439 4081 1642 4156 γὲγονε,
1691 4083 1781 4136 καὶ
1824 4082 2004 4148 διττὰς

349 4160 406 4218 ’ὲν
461 4159 684 4218 ἕκαστον
742 4162 918 4218 αὐτῶν
976 4164 1272 4236 ποιότητας
1352 4166 1704 4244 ἐκληρώσατο
1740 4217 1752 4228 .
1814 4173 2006 4235 Μόνως

352 4251 457 4328 γὰρ
485 4249 665 4314 οὕτως
710 4257 828 4316 τοῖς
878 4253 1179 4331 στοιχείοις
1228 4255 1538 4329 ἐναντιότης
1583 4280 1644 4314 τε
1671 4261 1761 4314 καὶ
1811 4261 2006 4338 συγγέ-

351 4360 496 4427 νειαν
549 4338 809 4416 πρόσεστι
844 4387 856 4398 .
917 4339 989 4396 δι’
1043 4341 1104 4404 ἃς
1174 4345 1384 4419 γένεσις
1453 4347 1543 4401 καὶ
1600 4350 1773 4427 φθορὰ
1824 4351 1914 4406 καὶ
1970 4353 2005 4421 ἡ

355 4426 592 4502 διαμονή
649 4435 748 4484 τοῦ
797 4431 1020 4494 παντός.
1079 4433 1177 4486 Διά
1228 4433 1322 4506 μὲν
1388 4433 1490 4511 γὰρ
1544 4436 1644 4506 τήν
1703 4437 2006 4495 ἐναντίωσιν

357 4515 684 4573 ἐπιτελεῖται
752 4520 959 4605 γένεσις
1011 4520 1101 4577 καὶ
1161 4521 1336 4598 φθορά
1367 4544 1380 4557 ο
1439 4530 1584 4579 πᾶσα
1648 4526 1748 4603 γὰρ
1804 4529 2008 4605 γένεσις

2084 1945 2282 2014 fuerit,
2343 1949 2649 2016 propterea
2678 1949 2872 1999 tamen
2934 1943 3268 1999 substantia
3327 1944 3560 2015 dicitur,
3594 1945 3734 2018 quia

2085 2050 2219 2088 cum
2254 2033 2515 2104 subjecto
2548 2050 2725 2088 unam
2758 2033 3149 2088 substantiam
3183 2032 3480 2088 absolvere
3512 2037 3724 2105 potest,

2086 2141 2193 2179 nec
2227 2124 2298 2178 ab
2329 2140 2394 2178 eo
2427 2123 2580 2194 quod
2615 2121 2948 2178 absolutum
2978 2127 3068 2176 est
3097 2121 3374 2193 citraipsi
3409 2122 3733 2190 interitum,

2088 2212 2208 2268 sive
2239 2213 2393 2284 quod
2424 2212 2579 2266 idem
2609 2216 2717 2280 est,
2751 2211 3194 2266 dissolutionem
3227 2211 3410 2266 abest.

2157 2302 2249 2356 21.
2283 2302 2465 2366 Quam
2500 2317 2640 2356 sane
2697 2299 2770 2354 ob
2802 2315 3036 2354 causam
3097 2299 3284 2354 forma
3313 2304 3371 2354 et
3398 2299 3655 2354 secunda
3683 2302 3742 2353 et

2092 2391 2292 2446 minus
2348 2389 2682 2444 substantia
2737 2389 2968 2456 dicitur,
3021 2388 3163 2460 quin
3223 2387 3343 2443 imo
3376 2388 3571 2460 potius
3601 2386 3743 2442 sub-

2094 2478 2367 2536 stantiale
2396 2478 2641 2550 aliquid,
2682 2483 2738 2533 et
2793 2494 2906 2532 non
2966 2476 3317 2532 substantia.
3365 2477 3741 2548 Rursumque

2094 2569 2270 2626 etiam
2305 2567 2707 2639 propriissime
2735 2570 2792 2621 et
2820 2565 3008 2638 primo
3039 2570 3096 2620 et
3127 2566 3380 2622 maxime
3410 2565 3742 2620 substantia

2097 2677 2131 2714 a
2202 2657 2354 2712 veris
2422 2654 2786 2728 philosophis
2839 2653 3092 2709 traditur
3136 2658 3194 2709 et
3245 2653 3542 2709 statuitur.
3604 2653 3739 2717 Qua:

2097 2747 2254 2802 enim
2286 2746 2522 2817 quidem
2557 2743 2683 2799 sine
2714 2744 2960 2798 materia
2988 2744 3333 2814 concipitur,
3366 2749 3647 2815 tanquam
3679 2741 3741 2796 in

2097 2838 2380 2906 subjecto,
2415 2834 2658 2888 materia
2687 2833 2908 2888 scilicet
2946 2833 3315 2888 existentiam
3363 2833 3575 2887 habere
3608 2848 3742 2904 pos-

2101 2927 2195 2995 sit,
2244 2924 2449 2980 merito
2499 2923 2833 2978 substantia
2881 2921 3111 2993 proprie
3163 2938 3274 2976 non
3321 2921 3555 2976 dicitur.
3609 2923 3743 2986 Quae

2101 3021 2297 3070 autem
2325 3030 2460 3068 cum
2495 3012 2737 3066 materia
2770 3015 2897 3066 actu
2933 3014 3104 3081 est,et
3133 3027 3266 3064 cum
3299 3027 3367 3065 ea
3398 3027 3580 3064 unum
3614 3009 3748 3064 sub-

2095 3107 2320 3175 jectum
2379 3101 2737 3169 nominatur,
2795 3105 3078 3170 tanquam
3111 3115 3212 3170 per
3242 3099 3643 3169 synecdochen
3675 3097 3747 3153 ab

2104 3193 2284 3248 altero
2301 3208 2501 3246 eorum
2522 3207 2646 3261 quae
2670 3190 2743 3244 ad
2766 3187 3157 3258 compositum
3180 3188 3457 3243 omnibus
3479 3188 3743 3244 numeris

2103 3281 2523 3338 absolvendum
2597 3281 2954 3333 concurrunt
3011 3277 3280 3332 universo
3355 3281 3754 3348 nuncupato;

2103 3368 2447 3442 hujusmodi
2491 3368 2679 3423 forma
2701 3369 2836 3438 jure
2861 3366 3081 3438 optimo
3105 3366 3438 3421 substantia
3467 3366 3750 3438 propriis-

2106 3460 2254 3517 sime
2285 3465 2342 3515 et
2372 3457 2629 3529 primum
2687 3461 2745 3512 et
2779 3456 3028 3511 maxime
3057 3455 3212 3510 186
3243 3454 3356 3510 dici
3390 3462 3586 3526 queat.
3619 3454 3752 3510 Haec

2106 3554 2301 3606 autem
2333 3546 2587 3603 maxime
2616 3543 2890 3618 specialis
2918 3553 3027 3608 est,
3059 3561 3185 3616 quae
3217 3542 3599 3616 particulares
3627 3559 3756 3598 om-

2107 3655 2210 3694 nes
2243 3635 2602 3692 substantias
2633 3633 3097 3705 circumpletilur
3126 3638 3182 3689 et
3203 3632 3666 3704 comprehendit,
3700 3637 3758 3688 et

2107 3727 2374 3784 eamdem
2406 3725 2477 3780 ad
2510 3724 2876 3796 ipsas,quam
2909 3723 3203 3793 integrum
3235 3721 3475 3793 aliquod
3507 3722 3579 3776 ad
3596 3721 3760 3776 simi-

2109 3818 2261 3873 lares
2291 3833 2429 3871 suas
2465 3819 2657 3886 partes
2689 3813 2971 3867 rationem
3005 3811 3180 3866 habet
3209 3811 3273 3864 ‘5.
3328 3811 3421 3866 Sic
3446 3810 3608 3866 Plato
3639 3809 3760 3866 sin-

2111 3906 2282 3979 gulos
2311 3903 2602 3967 homines,
2630 3900 2887 3956 hominis
2920 3901 3245 3970 fragmenta
3275 3899 3656 3970 nuncupavit.

2182 3994 2272 4048 22.
2310 3993 2479 4048 Porro
2511 4007 2642 4045 cum
2687 3987 3044 4044 universales
3092 3986 3406 4058 qualitates
3463 3987 3584 4042 sint
3613 4004 3757 4059 qua-

2113 4091 2265 4149 tuor,
2324 4098 2437 4136 non
2469 4077 2762 4134 immerito
2793 4076 2966 4132 etiam
2999 4081 3249 4147 quatuor
3278 4074 3566 4130 elementa
3593 4080 3753 4143 sunt,

2114 4178 2171 4228 et
2192 4170 2484 4243 duplicem
2517 4167 2853 4240 qualitatem
2887 4181 3089 4220 eorum
3121 4163 3356 4236 singula
3384 4169 3755 4235 acceperunt.

2114 4263 2204 4317 Sic
2233 4260 2389 4316 enim
2421 4259 2705 4312 duntaxat
2723 4255 3028 4310 elementis
3058 4261 3186 4308 tum
3219 4253 3599 4308 contrarietas
3633 4259 3760 4309 tum

2116 4349 2384 4423 cognatio
2415 4347 2586 4410 inest,
2619 4360 2870 4416 quarum
2917 4359 3096 4398 causa
3143 4342 3439 4414 generatio
3470 4347 3528 4397 et
3557 4359 3757 4398 corru-

2118 4440 2238 4512 ptio
2265 4444 2323 4494 et
2351 4436 2530 4492 totius
2563 4434 2818 4490 universi
2850 4431 3213 4488 conservatio
3239 4430 3487 4487 exsistit.
3521 4430 3766 4487 Contra-

2120 4527 2346 4583 rietatis
2378 4524 2532 4580 enim
2565 4539 2744 4578 causa
2773 4521 3070 4594 generatio
3100 4526 3158 4576 et
3187 4519 3482 4592 corruptio
3514 4519 3765 4576 absolvi-

358 4605 419 4661 ἐκ
461 4611 560 4662 τοῦ
617 4604 858 4664 ἐναντίου
890 4609 993 4666 ὑπὸ
1041 4615 1139 4666 τοῦ
1189 4611 1430 4668 ἐναντίου
1464 4633 1477 4646 ’
1520 4614 1611 4668 καὶ
1661 4621 1804 4671 πᾶσα
1833 4619 1989 4695 φθορέ

2114 4623 2248 4684 tur;
2282 4615 2501 4687 quippe
2543 4611 2737 4668 omnis
2791 4610 3088 4684 generatio
3148 4626 3216 4665 ex
3273 4609 3563 4664 contrario
3614 4613 3768 4665 esta

361 4694 438 4758 εἷς
464 4695 777 4752 τούναντίον
812 4697 914 4754 ὑπό
959 4704 1057 4754 τοῦ
1097 4699 1338 4756 ἐναντίου
1382 4700 1572 4762 πάλιν.
1604 4703 1724 4781 Ούχ
1772 4694 1875 4761 ὑπὸ
1916 4711 2014 4762 τοῦ

358 4784 624 4861 τυχόντος
653 4787 757 4864 γὰρ
787 4789 988 4865 πάσχει
1018 4789 1080 4845 τὸ
1130 4789 1364 4867 πάσχον,
1417 4790 1542 4848 ἀλλ’
1594 4793 1698 4848 ὑπὸ
1740 4799 1837 4850 τοῦ
1869 4797 2015 4852 ἐναν-

361 4873 500 4929 τίου·
535 4875 649 4930 οἷον
708 4877 771 4930 τὸ
828 4878 1040 4955 ψυχρὸν
1107 4878 1210 4934 ὑπὸ
1257 4884 1354 4935 τοῦ
1403 4885 1608 4955 θερμοῦ
1659 4884 1860 4959 πάσχει
1912 4886 2012 4954 τήν

361 4963 675 5038 θὲρμανσιν.
730 4964 835 5050 Κᾶν
869 4968 896 5022 ὁ
937 4965 1142 5044 λύχνος
1193 4968 1270 5032 είς
1319 4972 1584 5046 πυρκαϊὰν
1634 4974 2016 5050 προσενεχθεὶς

360 5052 549 5128 πάσχῃ
598 5053 698 5122 τήν
756 5049 952 5129 σϐέσιν,
1012 5055 1140 5111 ἀλλ’
1197 5057 1304 5134 ούχ
1361 5060 1448 5137 ὑφ’
1506 5059 1704 5133 ὁμοίου
1751 5062 1951 5139 πάσχει
1986 5064 2014 5117 ὁ

363 5139 590 5230 λύχνος,
648 5141 750 5198 ὑπὸ
797 5141 842 5198 δ’
887 5145 1150 5204 ἐναντίου.
1207 5148 1302 5202 Καὶ
1351 5148 1452 5225 γὰρ
1502 5151 1536 5218 ἡ
1590 5147 1826 5206 ἐλάττων
1879 5151 2016 5230 φλὸξ

360 5225 720 5285 ἐκδαπανᾶται
777 5233 879 5288 ὑπὸ
932 5242 1036 5305 τῆς
1096 5236 1342 5310 μείζονος
1377 5255 1390 5268 ’
1449 5236 1779 5294 ἐναντιοῦται
1841 5225 1902 5295 δέ
1953 5241 2016 5296 τὸ

363 5323 548 5392 μεῖζον
576 5323 654 5392 τῷ
696 5319 903 5390 ἥττονι.
956 5325 1053 5379 Διὰ
1103 5325 1196 5398 μὲν
1246 5324 1337 5380 οὖν
1389 5327 1488 5395 τὴν
1543 5326 1850 5383 ἐναντίωσιν
1899 5329 2016 5385 ἐπι-

356 5405 595 5494 τελεῖται
644 5409 850 5484 γένεσις
893 5412 983 5467 καὶ
1036 5415 1230 5493 φθορά·
1283 5413 1372 5470 διὰ
1417 5413 1474 5470 δὲ
1517 5418 1616 5486 τήν
1666 5420 1973 5494 συγγένειαν
2002 5466 2017 5490 ,

362 5493 605 5569 διαμένει
661 5499 723 5553 τὸ
771 5505 895 5555 πᾶν.
958 5501 1291 5559 Συνάπτεται
1349 5505 1450 5581 γὰρ
1506 5507 1542 5575 ἡ
1601 5513 1673 5582 γῆ
1727 5493 1806 5579 τῷ
1864 5505 2016 5563 ὕδατι

361 5585 501 5645 κατὰ
525 5587 589 5642 τὸ
619 5589 856 5666 ψυχρὸν,
885 5591 976 5647 καὶ
1017 5592 1081 5647 τὸ
1131 5589 1279 5671 ὕδωρ
1327 5598 1406 5669 τῷ
1452 5593 1594 5674 ἀέρι,
1639 5595 1703 5653 τὸ
1735 5595 1897 5678 ὑγρὸν
1926 5599 2018 5656 καὶ

435 5712 484 5755 ⁴⁴
507 5711 547 5776 2
573 5713 655 5775 De
684 5719 816 5778 ortu
846 5721 905 5779 et
932 5717 1170 5780 interitu
1196 5736 1248 5780 ο.
1276 5721 1332 5785 5.

2123 4705 2450 4773 contrario;
2481 4706 2681 4758 contra
2701 4699 2894 4755 omnis
2911 4697 3206 4770 corruptio
3240 4698 3298 4752 in
3323 4697 3683 4753 contrarium
3732 4714 3768 4753 a

2125 4792 2436 4853 contrario.
2498 4791 2625 4848 Non
2673 4789 2828 4844 enim
2877 4805 2910 4842 a
2961 4787 3165 4859 quovis
3215 4791 3438 4859 patitur
3491 4786 3548 4841 id
3609 4785 3764 4858 quod

2125 4883 2364 4959 patitur,
2423 4880 2522 4937 sed
2557 4896 2589 4934 a
2620 4877 2950 4940 contrario;
2981 4875 3154 4932 veluti
3210 4876 3487 4947 frigidum
3517 4893 3553 4931 a
3581 4875 3770 4931 calido

2125 4970 2562 5030 calefactionem
2609 4967 2880 5023 sustinet.
2914 4969 2990 5020 Ac
3034 4982 3370 5037 quanquam
3417 4964 3656 5020 lucerna
3711 4964 3772 5019 in

2125 5063 2420 5135 ingentem
2451 5073 2655 5130 rogum
2689 5057 2950 5125 conjecta
2971 5054 3413 5109 exstinctionem
3445 5053 3624 5115 subit,
3655 5069 3774 5108 non

2125 5158 2323 5207 tamen
2355 5166 2388 5203 a
2419 5146 2597 5203 simili
2659 5146 2878 5216 patitur
2909 5143 3171 5211 lucerna,
3231 5145 3332 5198 sed
3392 5160 3425 5198 a
3456 5141 3770 5198 contrario.

2125 5241 2349 5312 Quippe
2380 5237 2571 5292 minor
2591 5235 2830 5290 ﬂamma
2852 5251 2885 5287 a
2909 5234 3126 5303 majore
3156 5233 3548 5298 consumitur,
3575 5231 3772 5302 majus

2128 5338 2322 5386 autem
2354 5325 2564 5381 minori
2595 5328 2685 5379 est
2713 5322 3094 5377 contrarium.
3120 5326 3308 5389 Quare
3339 5319 3772 5377 contrarietatis

2126 5435 2306 5476 causa
2334 5412 2628 5488 generatio
2678 5416 2734 5466 et
2762 5411 3056 5482 corruptio
3091 5411 3407 5482 perficitur.
3441 5412 3514 5465 At
3559 5425 3772 5481 cogna-

2126 5507 2304 5565 tionis
2360 5503 2548 5577 gratia
2602 5500 2955 5556 universitas
3021 5506 3346 5573 permanet.
3415 5499 3562 5556 Nam
3621 5504 3776 5554 terra

2127 5613 2291 5672 aqua
2322 5593 2473 5655 1³7
2515 5588 2708 5669 quoad
2740 5587 3140 5666 frigiditatem,
3174 5595 3233 5648 et
3261 5605 3416 5666 aqua
3471 5588 3590 5647 aeri
3621 5584 3778 5664 quod
