4114 6460
354 425 511 488 1123

1601 410 2025 476 NICEPHORI
2070 400 2508 472 BLEMMIDIE

3607 413 3778 480 1124

351 558 783 624 bumiditatem,
807 557 864 608 et
892 570 990 608 aer
1014 550 1135 624 igni
1157 551 1346 622 quoad
1379 548 1821 612 caliditatem,et
1839 546 1984 616 ignis

2107 542 2136 594 ὁ
2167 540 2272 616 ἀὴρ
2331 545 2412 612 τῷ
2468 542 2598 617 πυρὶ
2630 543 2858 597 κατὰτὸ
2888 539 3110 618 θερμὸν,
3141 543 3232 599 καὶ
3283 543 3348 600 τὸ
3400 548 3507 624 πῦρ
3565 551 3634 622 τῇ
3696 553 3776 625 γῇ

350 655 521 704 ιρι-ηε
550 645 740 718 quoad
775 642 1097 698 siccitatem
1118 638 1512 710 coniungitur.
1549 644 1734 710 Atque
1765 641 1842 692 ita
1865 653 2000 690 con-

350 738 562 794 cinnus
620 734 857 806 quidam
890 730 1146 786 circulus
1205 729 1438 784 unionis
1478 745 1669 782 rerum
1732 743 2000 798 pugnan-

349 827 498 882 tium
530 841 596 880 ac
621 824 836 878 chorus
867 837 935 876 ex
961 819 1478 874 contrarietatibus
1523 824 1579 872 et
1610 818 1999 872 communita-

349 915 510 971 tibus
540 913 649 968 sibi
679 918 882 966 mutuo
912 909 1218 963 devinctus
1268 908 1543 961 omnibus
1573 906 1698 960 suis
1732 905 1998 976 partibus

351 1003 692 1060 absolvitur.

419 1094 510 1148 23.
575 1090 721 1155 Quin
783 1091 842 1144 et
899 1087 1221 1158 ponderum
1294 1101 1527 1156 quoque
1603 1085 1826 1139 ratione
1883 1083 1998 1138 ele-

355 1188 551 1238 menta
599 1185 658 1234 et
709 1177 1057 1248 cepulantur
1104 1181 1160 1230 et
1212 1175 1589 1228 dirimuntur.
1651 1174 1793 1228 Nam
1846 1179 2000 1228 terra

345 1278 580 1326 tantum
613 1267 806 1340 gravis
837 1272 947 1330 est,
984 1282 1101 1336 qua
1157 1265 1227 1318 de
1261 1281 1441 1319 causa
1472 1268 1661 1318 sustat
1697 1263 1993 1316 omnibus.

348 1361 505 1433 Ignis
561 1364 788 1413 tantum
849 1355 1010 1420 levis,
1073 1360 1427 1424 quaprOpter
1485 1354 1659 1407 etiam
1721 1352 1995 1406 omnibus

346 1448 636 1505 imminet.
689 1463 816 1517 qua
869 1449 1082 1498 natura
1131 1444 1457 1496 secundum
1511 1449 1724 1495 rectam
1776 1440 1991 1494 lineam

349 1541 693 1600 moventur;
744 1549 898 1604 aqua
929 1547 1104 1601 quam
1159 1535 1315 1584 terra
1371 1530 1609 1601 quidem
1661 1527 1863 1594 levior,
1914 1526 1992 1581 ei-

346 1643 460 1699 pue
519 1622 882 1688 imminens;
945 1621 1045 1675 sed
1095 1624 1291 1674 tamen
1348 1617 1577 1689 gravior
1636 1633 1812 1686 quam
1873 1633 1991 1681 aer,

344 1716 577 1787 ipsique
616 1713 894 1768 substans
955 1727 968 1764 :
1027 1725 1126 1763 aer
1154 1707 1407 1778 denique
1451 1722 1605 1776 aqua
1656 1704 1855 1772 levior,
1889 1705 1989 1759 sed

341 1803 462 1876 igni
496 1801 743 1874 gravior.
769 1801 1133 1869 Quapmpter
1159 1811 1259 1866 per
1284 1811 1346 1849 se
1375 1799 1432 1849 et
1465 1793 1992 1865 simpliciter,terra

2111 630 2248 684 κατὰ
2277 630 2339 684 τὸ
2371 629 2553 703 ξηρόν.
2589 630 2685 684 Καὶ
2719 629 2862 685 οὕτω
2909 653 2992 694 τις
3041 631 3246 694 κύκλος
3305 631 3626 710 ἐναρμόνιος
3667 643 3779 708 τῆς

2109 723 2217 772 τῶν
2291 715 2618 795 μαχομένων
2699 719 2941 782 ὲνώσεως
3018 721 3387 798 ἀπαρτίζεται,
3447 724 3537 778 καὶ
3591 727 3776 803 χορὸς

2109 805 2512 876 ἀλληλένδετος
2561 808 2610 882 ἐξ
2678 809 3064 880 ἐναντιοτήτων
3123 811 3212 866 καὶ
3269 819 3571 870 κοινωνιῶν
3633 837 3776 890 συμ-

2108 896 2516 971 πληρούμενος.

2179 1082 2281 1150 κγ¹.
2344 1077 2442 1130 Καὶ
2500 1077 2634 1131 κατὰ
2688 1076 2786 1139 τὰς
2845 1076 3016 1152 ῥοπὰς
3095 1075 3153 1134 δὲ
3225 1078 3293 1134 τὰ
3361 1082 3609 1157 στοιχεῖα
3673 1084 3771 1139 καὶ

2110 1163 2465 1219 συνάπτονται
2519 1165 2608 1220 καὶ
2665 1162 2984 1222 διίστανται.
3034 1173 3229 1241 Βαρεῖα
3280 1168 3374 1241 μὲν
3425 1169 3530 1245 γὰρ
3584 1172 3771 1244 μόνως

2107 1255 2142 1322 ἡ
2202 1260 2298 1328 γῆ·
2364 1251 2449 1308 διὸ
2497 1255 2586 1308 καὶ
2647 1259 2805 1308 πᾶσιν
2857 1254 3160 1332 ὑφίσταται.
3198 1262 3408 1336 Κοῦφον
3461 1255 3519 1313 δὶ
3579 1261 3770 1334 μόνως

2103 1342 2166 1396 τὸ
2220 1347 2347 1418 πῦρ·
2382 1339 2467 1397 διὸ
2523 1343 2612 1397 καὶ
2669 1349 2827 1398 πᾶσιν
2889 1341 3204 1414 ἐπιπολάζει
3238 1346 3384 1409 ὅσοις
3439 1347 3523 1402 ἐπ’
3554 1348 3768 1413 εὐθείας

2102 1431 2164 1484 τὸ
2212 1430 2462 1509 φέρεσθαι
2521 1436 2782 1510 φυσικῶς.
2827 1433 2896 1487 Τὸ
2947 1431 2992 1488 δ’
3054 1430 3200 1511 ὕδωρ
3266 1436 3596 1513 κουφότερον
3661 1438 3766 1512 μὶν

2101 1527 2202 1589 τῆς
2260 1527 2364 1595 γῆς
2422 1521 2512 1575 καὶ
2561 1521 2729 1596 ταύτῃ
2782 1519 3132 1595 ἐπιπολάζον,
3192 1523 3482 1602 βαρύτερον
3545 1523 3605 1581 δὲ
3659 1533 3764 1584 τοῦ

2104 1611 2262 1684 ἀέρος
2326 1609 2416 1664 καὶ
2479 1609 2662 1684 τούτῳ
2731 1611 3112 1688 ὑφιστάμενον.
3167 1613 3304 1688 ’Δήρ
3365 1611 3422 1670 δὲ
3497 1619 3596 1671 τοῦ
3659 1618 3760 1688 μὲν

2102 1694 2294 1760 ὕδατος
2350 1699 2704 1778 κουφότερος,
2752 1705 2850 1755 τοῦ
2905 1701 3076 1776 πυρὸς
3128 1698 3187 1756 δὲ
3234 1702 3554 1780 βαρύτερος.
3594 1707 3766 1762 Ὥστε

2099 1789 2218 1841 καθ’
2275 1787 2404 1843 αὐτὸ
2461 1789 2551 1843 καὶ
2612 1787 2804 1850 ἁπλῶς
2864 1787 2999 1864 βαρὺ
3071 1789 3167 1861 μὶν
3225 1797 3500 1870 στοιχεῖον
3558 1795 3594 1864 ἡ
3655 1803 3760 1870 γῆ,

341 1874 578 1964 quidem
607 1905 776 1961 grave
811 1887 1208 1951 elementum;
1256 1883 1430 1955 ignis,
1465 1881 1622 1950 leve;
1657 1899 1754 1938 aer
1787 1899 1984 1953 porro-

2102 1880 2301 1955 κοῦερον
2361 1875 2418 1931 δὲ
2461 1878 2524 1931 τὸ
2571 1882 2698 1954 πῦρ·
2750 1879 2779 1933 ὁ
2825 1874 2872 1932 δ’
2921 1877 3025 1954 ἀὴρ
3073 1878 3164 1933 καὶ
3205 1880 3268 1934 τὸ
3299 1877 3446 1957 ὕδωρ
3503 1882 3642 1958 πρός
3701 1905 3760 1939 τι

2175 1965 2186 1982 ι
2431 1971 2457 1982 -
2520 1967 2530 1982 ι
2756 1968 2767 1982 .
2827 1967 2856 1982 ι.
2938 1965 2948 1982 .
3065 1966 3078 1982 .
3124 1966 3137 1982 .
3267 1969 3281 1982 .
3343 1965 3453 1982 ...
3578 1975 3600 1982 -
3731 1971 3746 1982 .

339 1986 394 2036 et
424 1997 578 2052 aqua
607 1978 679 2034 ad
713 1975 935 2047 aliquid
972 1978 1028 2029 et
1059 1974 1471 2044 quadantenus
1501 1988 1635 2026 cum
1668 1969 1817 2027 levia
1847 1978 1988 2025 sunt

337 2075 463 2125 tum
495 2067 712 2140 gravia,
737 2071 794 2120 et
824 2079 930 2119 suo
954 2063 1278 2117 interventu
1324 2061 1645 2132 plurimum
1678 2077 1710 2113 a
1741 2078 1801 2115 se
1833 2060 1983 2114 invi-

335 2174 460 2214 cem
493 2155 722 2215 dissita.
782 2154 977 2225 ignem
1038 2150 1304 2205 videlicet
1331 2154 1390 2204 et
1445 2154 1684 2216 terram,
1718 2150 1868 2204 inter
1925 2166 1986 2205 se

338 2253 544 2302 mutuo
576 2242 931 2299 devinciunt.

407 2335 499 2389 24.
533 2333 794 2396 Quodam
828 2330 982 2385 enim
1046 2329 1217 2383 modo
1276 2327 1463 2398 magis
1521 2327 1814 2382 contraria
1849 2335 1987 2384 sunt

335 2422 492 2495 ignis
521 2426 578 2477 et
607 2436 760 2491 aqua
795 2436 806 2473 :
841 2419 1097 2490 quodam
1133 2417 1303 2471 modo
1359 2415 1512 2487 ignis
1544 2423 1599 2470 et
1630 2426 1800 2470 terra.
1838 2417 1982 2472 Nam

335 2511 560 2567 ratione
635 2509 872 2580 quidem
945 2506 1244 2577 agentium
1315 2509 1372 2560 et
1429 2504 1772 2575 patientium
1831 2507 1982 2560 138

335 2597 864 2670 qualitatem,ignis
895 2600 952 2652 et
980 2612 1133 2666 aqua
1166 2593 1354 2665 magis
1388 2599 1528 2648 sunt
1558 2595 1982 2658 contraria,sed

333 2691 559 2744 ratione
590 2687 914 2759 ponderum
948 2690 1102 2739 terra
1131 2689 1188 2738 et
1221 2683 1373 2754 ignis
1405 2681 1516 2737 sibi
1565 2681 1810 2737 invicem
1846 2688 1986 2739 sunt

331 2777 623 2834 contraria
650 2776 1048 2830 maxime.Hac
1063 2773 1219 2827 enim
1243 2789 1310 2827 ex
1331 2788 1506 2826 causa
1529 2772 1704 2826 etiam
1731 2773 1986 2828 maxime.

334 2867 482 2937 ipsis
514 2865 733 2920 ratione
766 2863 871 2918 loci
897 2863 1180 2916 distantia
1209 2861 1452 2932 contigit
1479 2877 1492 2926 ;
1525 2862 1679 2931 quod
1717 2862 1985 2932 superior

335 2955 616 3011 nimirum
647 2960 801 3007 terra
844 2951 1122 3007 omnibus
1179 2951 1520 3020 corporibus
1564 2955 1654 3002 est
1700 2949 1979 3017 inferior;

333 3043 600 3114 superior
623 3040 959 3110 contra,boc
988 3044 1098 3106 est,
1132 3037 1391 3110 proxime
1424 3038 1576 3091 infra
1606 3036 1806 3092 lunam
1833 3039 1983 3110 ignis

332 3132 572 3187 exstitit.

397 3223 490 3275 25.
523 3219 812 3274 Caeterum
835 3216 930 3271 bic
951 3217 1023 3272 de
1046 3214 1386 3271 elementari
1421 3214 1555 3286 igne
1584 3214 1884 3286 loquimur
1913 3218 1977 3285 ‘6,

2097 1965 2186 2019 καί
2235 1987 2311 2034 πη
2362 1967 2537 2044 κοῦφά
2582 1989 2641 2023 τε
2681 1968 2771 2022 καὶ
2826 1965 2994 2044 βαρέα
3039 1966 3164 2038 εἶσὶ,
3194 1969 3284 2023 καὶ
3339 1965 3408 2024 δι’
3439 1969 3641 2025 ἑαυτῶν
3682 1971 3758 2027 τὰ

2095 2054 2349 2110 πλεῖστον
2384 2053 2664 2127 διεστῶτα,
2695 2056 2758 2110 τὸ
2789 2061 2896 2134 πῦρ
2929 2054 3145 2128 δηλαδὴ
3177 2056 3266 2114 καὶ
3297 2059 3396 2126 τὴν
3429 2065 3533 2134 γῆν
3568 2057 3757 2132 ἀλλή-

2098 2144 2218 2206 λοις
2249 2143 2594 2200 συνάπτουσι.

2166 2321 2263 2379 κδ’.
2296 2327 2420 2386 Πῶς
2477 2324 2570 2396 μὲν
2619 2323 2720 2400 γὰρ
2771 2322 2984 2379 ἐναντία
3034 2323 3246 2398 μᾶλλον
3295 2326 3358 2380 τὸ
3387 2331 3497 2404 πῦρ
3545 2325 3638 2382 καί
3682 2329 3753 2383 τὸ

2096 2409 2264 2488 ὕδωρ,
2309 2418 2427 2474 πῶς
2481 2410 2538 2467 δὲ
2565 2413 2628 2467 τὸ
2660 2416 2766 2488 πῦρ
2812 2413 2900 2467 καὶ
2943 2415 2977 2483 ἡ
3008 2420 3121 2489 γῆ;
3163 2415 3309 2469 Κατὰ
3359 2415 3453 2489 μὲν
3501 2416 3604 2493 γὰρ
3652 2417 3756 2480 τὰς

2093 2502 2384 2570 ποιητικὰς
2432 2501 2522 2556 καὶ
2570 2503 2873 2571 παθητικὰς
2922 2502 3221 2573 ποιότητας
3258 2504 3323 2558 τὸ
3370 2507 3478 2580 πῦρ
3535 2504 3627 2559 καὶ
3683 2505 3754 2561 τὸ

2094 2587 2240 2665 ὕδωρ
2298 2590 2509 2644 ἐναντία
2570 2589 2781 2663 μᾶλλόν
2837 2590 3121 2662 εἶσι,κατᾶ
3151 2589 3210 2647 δέ
3253 2593 3350 2656 τὰς
3404 2593 3574 2669 ῥοπὰς
3601 2595 3638 2663 ἡ
3670 2600 3747 2670 γῆ

2091 2679 2180 2732 καὶ
2209 2680 2271 2733 τὸ
2313 2684 2420 2755 πῦρ
2469 2677 2745 2750 ἀλλήλοις
2789 2678 3163 2738 ἐναντιώτατα.
3200 2682 3298 2736 Καὶ
3347 2682 3450 2758 γὰρ
3500 2681 3746 2747 ἐντεῦθεν

2092 2769 2127 2837 ἡ
2157 2768 2292 2822 κατὰ
2315 2769 2480 2823 τόπον
2513 2768 2601 2822 ἀπ’
2633 2765 2899 2838 ἀλλήλων
2933 2765 3206 2832 διάστασις
3265 2768 3493 2842 πλείστη
3525 2773 3751 2836 τούτοις

2093 2852 2425 2930 συμϐέϐηκε
2500 2857 2790 2932 κατωτέρω
2878 2859 2972 2930 μὲν
3067 2863 3175 2913 τῶν
3250 2857 3397 2914 ὅλων
3473 2860 3750 2934 σωμάτων

2093 2944 2259 3016 οὔσης
2305 2953 2403 3016 τῆς
2453 2953 2579 3021 γῆς,
2631 2945 2882 3020 ἀνωτέρω
2931 2943 2989 3002 δὶ
3037 2945 3225 3013 πάλιν,
3273 2945 3441 3025 ἤγουν
3494 2949 3597 3005 ὑπὸ
3644 2951 3751 3020 τὴν

2093 3035 2328 3106 σελήνην
2359 3035 2510 3098 εὐθὺς
2560 3035 2902 3111 ὑπάρχοντος
2934 3041 3030 3091 τοῦ
3061 3036 3252 3114 πυρός.

2163 3221 2255 3272 κε’.
2302 3215 2559 3269 Ἐνταῦθα
2612 3210 2669 3268 δὲ
2733 3215 2796 3268 τὸ
2840 3212 3193 3291 στοιχειῶδες
3242 3214 3478 3291 λέγομεν
3534 3220 3668 3293 πῦρ,
3721 3218 3754 3273 ὃ

328 3309 428 3380 qui
461 3306 765 3363 succensio
809 3304 1041 3376 proprie
1081 3311 1338 3372 vocatur,
1390 3304 1528 3373 quia
1585 3319 1719 3357 cum
1755 3309 1978 3359 motum

2102 3302 2334 3358 καλεῖται
2391 3300 2543 3365 ἰδίως
2578 3301 2913 3376 ὑπέκκαυμα,
2949 3301 3039 3358 διὰ
3077 3303 3140 3359 τὸ
3197 3307 3462 3376 κινήσεως
3519 3303 3748 3382 ἐπιτυγ-

329 3397 586 3468 aliquem
621 3394 1001 3460 nanciscitur,
1065 3392 1411 3464 plerumque
1471 3391 1893 3458 inﬂammatur,
1925 3399 1983 3448 et

330 3484 621 3556 ejusmodi
655 3483 723 3538 fit
779 3483 933 3554 ignis
983 3481 1087 3552 qui
1139 3481 1309 3536 nobis
1340 3481 1474 3536 usui
1505 3485 1594 3535 est
1637 3486 1694 3536 et
1718 3482 1978 3537 inservit.

333 3574 537 3630 Diti'ert
565 3571 722 3628 enim
752 3571 904 3644 ignis
947 3569 1319 3625 elementaris
1375 3569 1446 3624 ab
1479 3585 1545 3624 eo
1601 3570 1698 3640 qui
1742 3571 1984 3626 inservit

333 3661 506 3718 nobis
536 3662 601 3727 ιτ,
633 3661 788 3732 quod
821 3659 870 3714 is
901 3659 998 3730 qui
1033 3659 1204 3714 nobis
1235 3658 1494 3722 inservit,
1529 3675 1709 3729 supra
1740 3661 1980 3714 modum

337 3751 594 3806 fervidus
625 3754 750 3816 est;
783 3747 1281 3820 quemadmodum
1304 3746 1518 3817 glacies
1539 3763 1717 3818 supra
1739 3749 1981 3802 modum

332 3839 565 3912 frigida.
627 3837 791 3892 Unde
847 3853 1033 3906 neque
1075 3853 1109 3890 a
1165 3834 1370 3906 glacie,
1431 3851 1620 3906 neque
1676 3837 1748 3890 ab
1780 3853 1846 3890 eo
1879 3836 1980 3907 qui

330 3927 502 3984 nobis
530 3927 591 3982 in
623 3943 736 3982 usu
767 3930 855 3981 est
884 3925 1019 3997 igne
1050 3924 1371 3996 quidquam
1405 3923 1686 3995 gignitur.
1719 3924 1982 3980 Elemen-

330 4016 476 4073 taris
500 4033 632 4072 vero
663 4015 816 4087 ignis
872 4020 930 4070 et
967 4031 1121 4085 aqua
1149 4013 1519 4068 elementaris
1550 4013 1824 4085 gignendi
1859 4014 1976 4068 vim

333 4105 634 4168 habent,et
664 4103 736 4158 ad
767 4103 1230 4174 compositorum
1265 4117 1576 4172 corporum
1608 4103 1976 4158 constitutio-

333 4211 469 4250 nem
501 4198 928 4258 assumuntur;
962 4191 1197 4262 quando
1254 4195 1449 4245 autem
1509 4191 1579 4244 ad
1625 4191 1977 4248 immodera-

331 4283 552 4338 tionem
581 4281 914 4346 discedunt,
968 4281 1090 4334 haec
1147 4279 1385 4349 quidem
1413 4277 1683 4350 glaciem,
1717 4279 1816 4334 ille
1848 4297 1978 4337 vero

333 4373 530 4444 ignem
563 4367 1004 4424 ministerialem
1037 4366 1233 4422 efﬁcit.

400 4460 492 4514 26.
540 4457 685 4513 Cum
741 4457 924 4529 igitur
979 4455 1228 4511 alterum
1278 4456 1632 4512 elementum
1711 4457 1978 4530 pluribus

328 4549 599 4623 partibus
637 4547 862 4602 excedit
909 4545 1193 4613 alterum;
1228 4550 1355 4600 tum
1388 4547 1544 4616 quod
1598 4546 1798 4602 minus
1829 4553 1917 4603 est
1946 4565 1979 4603 a

2090 3391 2252 3469 χάνον
2296 3393 2443 3454 τινὸς
2493 3391 2765 3454 πολλάκις
2816 3392 3119 3448 ἐκκαίεσθαι
3187 3393 3276 3448 καὶ
3338 3394 3578 3470 γίνεσθαι
3635 3400 3750 3471 πῦρ

2091 3483 2279 3536 ὁποῖον
2313 3482 2372 3535 τὸ
2405 3480 2457 3536 ἐν
2484 3484 2553 3554 τῇ
2585 3483 2781 3556 χρήσει
2812 3481 2901 3536 καὶ
2955 3479 3288 3540 διακονικόν.
3319 3483 3388 3537 Τὸ
3439 3483 3543 3560 γὰρ
3593 3504 3747 3538 στοι-

2090 3567 2319 3646 χειῶδες
2371 3573 2476 3645 πῦρ
2527 3568 2666 3624 ἄλλο
2714 3569 2766 3623 τί
2818 3569 2926 3623 ἐστι
2975 3569 3121 3646 παρὰ
3148 3571 3211 3624 τὸ
3241 3567 3568 3626 διακονικόν·
3603 3568 3749 3627 διότι

2087 3659 2150 3714 τὸ
2200 3656 2504 3713 διακονικὸν
2555 3653 2864 3732 ὑπερϐολὴν
2927 3657 3042 3734 ἔχει
3091 3657 3304 3728 ζέσεως·
3359 3658 3539 3737 ὥσπερ
3597 3660 3691 3714 καὶ
3721 3661 3750 3714 ὁ

2089 3745 2432 3823 κρύσταλλος
2497 3745 2725 3820 ψύξεως.
2799 3747 2950 3801 Ὅθεν
3031 3743 3141 3801 οὔθ’
3217 3747 3320 3802 ὑπὸ
3396 3747 3752 3823 κρυστάλλου

2095 3835 2444 3910 ζωογονεῖταί
2476 3852 2549 3899 τι,
2583 3832 2696 3898 οὗθ’
2737 3832 2840 3889 ὑπδ
2895 3839 2993 3889 τοῦ
3031 3834 3082 3889 ἐν
3116 3837 3315 3912 χρήσει
3345 3835 3540 3912 πυρός.
3571 3837 3644 3891 Τὸ
3693 3835 3754 3892 δὲ

2093 3921 2444 3999 στοιχειῶδες
2499 3927 2605 3997 πῦρ
2661 3922 2751 3978 καὶ
2806 3923 2869 3977 τὸ
2924 3921 3278 4000 στοιχειῶδες
3317 3921 3465 4002 ὕδωρ
3503 3925 3756 4000 ζωογόνα

2095 4013 2217 4082 εἰσὶ,
2275 4013 2364 4067 καὶ
2423 4013 2561 4088 πρὸς
2638 4012 2886 4066 σύστασιν
2959 4017 3063 4067 τῶν
3143 4014 3407 4069 συνθέτων
3471 4016 3749 4088 σωμάτων

2092 4096 2633 4178 παραλαμϐάνονται’
2707 4099 2914 4171 ἐξιόντα
2971 4098 3018 4155 δ’
3072 4100 3153 4156 ἐπ’
3205 4101 3488 4178 ἀμετρίαν,
3538 4103 3603 4158 τὸ
3656 4104 3759 4177 μὶν

2086 4191 2179 4246 τὸν
2221 4187 2585 4267 κρύσταλλον,
2616 4189 2678 4244 τὸ
2711 4187 2769 4243 δὲ
2796 4193 2962 4244 τοῦτο
2998 4189 3062 4245 τὸ
3106 4186 3414 4246 διακονικὸν
3462 4190 3752 4269 ἐργάζεται

2090 4285 2218 4353 πῦρ.

2161 4459 2260 4522 κς’.
2305 4457 2492 4513 Ἠνίκα
2546 4457 2639 4530 μὲν
2695 4477 2784 4510 ουν
2847 4457 3067 4532 θάτερον
3127 4462 3232 4512 τῶν
3296 4460 3586 4535 στοιχείων
3657 4458 3750 4516 ἐπὶ

2090 4545 2279 4601 πλεῖον
2315 4545 2567 4622 ὑπερέχει
2598 4544 2843 4622 θατέρου,
2874 4545 2998 4600 τότε
3059 4541 3394 4619 μεταϐάλλει
3422 4548 3486 4602 τὸ
3517 4545 3748 4605 ἔλαττον

328 4637 535 4708 majori
596 4639 939 4706 superatum
995 4634 1364 4704 immutatur,
1427 4635 1581 4688 139
1641 4640 1700 4690 et
1755 4639 1868 4690 tale
1913 4639 1979 4692 fit

2102 4637 2198 4690 ὕπὸ
2229 4640 2326 4690 τοῦ
2373 4633 2632 4696 πλείονος
2679 4635 3070 4710 κρατούμενον,
3100 4636 3190 4690 καὶ
3245 4638 3452 4712 γίνεται
3499 4637 3563 4692 τὸ
3612 4638 3754 4712 σύμ-

328 4731 519 4782 totum
551 4723 725 4796 quale
758 4724 814 4778 id
868 4724 1022 4796 quod
1055 4728 1382 4794 superatur.
1435 4727 1578 4778 Cum
1619 4729 1814 4780 autem
1847 4743 1983 4782 con-

327 4817 511 4872 traria
542 4813 743 4870 omnia
771 4813 1027 4884 aequales
1059 4813 1493 4883 quodammodo
1534 4813 1684 4868 vires
1742 4815 1979 4887 habent,

329 4903 682 4975 nullumque
713 4902 1006 4973 reliquum
1036 4918 1386 4973 magnopere
1416 4908 1694 4973 superat;
1729 4908 1854 4959 tum
1887 4907 1983 4962 de-

330 5010 494 5050 mum
527 4992 920 5064 compositum
971 4991 1242 5053 efﬁcitur,
1279 4991 1418 5044 dum
1465 4991 1713 5046 alterum
1745 4995 1866 5065 agit
1920 4996 1979 5050 in

332 5081 581 5138 alterum
613 5088 670 5136 et
700 5098 906 5136 rursus
936 5080 1187 5136 alterum
1231 5080 1451 5151 patitur
1483 5081 1554 5134 ab
1589 5081 1806 5149 altero;
1841 5101 1980 5140 neu-

329 5178 606 5242 trumque
619 5171 691 5226 ab
717 5170 895 5226 altero
918 5175 1154 5242 propter
1168 5169 1377 5224 virium
1400 5170 1567 5241 quasi
1591 5171 1982 5242 aequalitatem

333 5261 718 5329 vincitur,sed
752 5261 1062 5327 utriusque
1083 5259 1422 5314 extremitas
1445 5261 1982 5334 retunditur,atque

333 5349 750 5405 intermedium
781 5348 1010 5420 aliquod
1043 5349 1246 5403 oritur.
1281 5347 1427 5410 Quia
1474 5353 1669 5402 autem
1699 5348 1980 5406 interme-

332 5437 494 5493 dium
556 5437 714 5492 istud
775 5437 1026 5510 simplex
1081 5443 1138 5492 et
1195 5437 1503 5492 inviduum
1583 5453 1695 5492 non
1756 5445 1844 5494 est
1901 5442 1981 5512 (in

332 5524 642 5582 latitudine
694 5525 850 5581 enim
900 5525 1322 5592 consideraiur,
1363 5529 1422 5580 et
1468 5525 1720 5581 multum
1753 5527 1984 5585 differre

335 5612 502 5683 solet,
537 5615 1029 5686 quemedmodum
1073 5615 1188 5671 albi
1218 5620 1276 5671 et
1305 5615 1456 5687 nigri
1517 5615 1930 5673 intermedium
1965 5646 1979 5689 ς

401 5756 448 5834 ἕο
477 5757 504 5817 1
539 5756 775 5813 Meteor.
835 5775 884 5816 c.
945 5761 993 5813 4.
1073 5761 1112 5793 δῖ
1145 5760 1178 5814 3
1209 5758 1287 5814 De
1319 5764 1447 5814 ortu
1481 5764 1535 5813 et
1566 5757 1801 5817 interitu
1835 5780 1881 5819 c.
1916 5768 1967 5823 3.

2093 4746 2196 4779 παν
2258 4727 2447 4779 ὁποῖον
2492 4723 2555 4777 τὸ
2597 4718 2964 4799 ὑπερϐάλλον.
2998 4726 3158 4779 Ὅταν
3194 4721 3252 4780 δέ
3280 4747 3399 4788 πως
3434 4725 3589 4801 ἰσάζῃ
3617 4727 3755 4782 τάν-

2094 4814 2248 4869 αντία
2304 4813 2477 4868 πάντα
2533 4811 2622 4867 καὶ
2666 4809 2834 4884 μηδὲν
2868 4812 3311 4890 ἐπικρατέστερον
3343 4813 3380 4889 ᾖ
3410 4815 3547 4870 κατά
3601 4815 3752 4872 πολὺ

2092 4910 2188 4960 τοῦ
2233 4905 2454 4973 λοιποῦ,
2487 4901 2598 4957 τότ’
2648 4901 2992 4958 ἀποτελεῖται
3037 4904 3100 4958 τὸ
3161 4903 3432 4971 σύνθετον,
3493 4904 3752 4982 ἑκατέρου

2095 4993 2332 5068 δρῶντος
2384 4993 2462 5054 εἷς
2523 4991 2772 5065 ἑκάτερον
2854 4991 2942 5046 καὶ
3001 4992 3104 5047 ὑπὸ
3161 4993 3385 5070 θατέρου
3438 4995 3753 5071 πάσχοντος

2095 5086 2337 5154 θατέρον,
2387 5082 2477 5136 καὶ
2539 5077 2837 5157 μηδετέρου
2896 5086 3356 5158 κατακρατοῦντος
3415 5084 3599 5155 ἑτέρου
3661 5081 3753 5138 διὰ

2091 5175 2189 5242 τήν
2241 5173 2354 5227 οἷον
2407 5170 2632 5240 ἰσότητα
2673 5174 2781 5224 τῶν
2831 5167 3134 5244 δυνάμεων,
3165 5171 3310 5227 ἀλλὰ
3363 5171 3748 5245 κολαζομένης

2097 5265 2190 5336 μὲν
2245 5268 2345 5330 τῆς
2422 5259 2686 5333 ἑκατέρων
2767 5259 3071 5334 ἀκρότητος
3146 5262 3436 5337 γινομένου
3495 5258 3554 5316 δέ
3601 5282 3750 5324 τινος

2098 5350 2312 5426 μεταξύ.
2348 5348 2493 5404 Διότι
2539 5345 2585 5401 δ’
2619 5347 2722 5402 οὐκ
2759 5344 2897 5402 ἔστιν
2949 5349 3148 5404 ἐνιαῖον
3192 5351 3283 5404 καὶ
3333 5351 3536 5424 ἄτομον
3583 5355 3749 5406 τοῦτο

2091 5442 2154 5496 τὸ
2215 5438 2409 5513 μεταξὺ
2463 5437 2574 5511 (καὶ
2631 5439 2734 5512 γάρ
2794 5436 2845 5491 ἐν
2885 5435 3080 5492 πλάτει
3112 5440 3393 5516 θεωρεῖται
3449 5439 3539 5494 καὶ
3599 5437 3750 5494 πολὺ

2096 5529 2354 5608 διάφορόν
2387 5527 2522 5600 ἐστι,
2567 5526 2706 5590 καθᾶ
2751 5526 2840 5581 καὶ
2887 5526 2950 5582 τὸ
3001 5526 3196 5602 μεταξὺ
3245 5533 3344 5583 τοῦ
3403 5527 3601 5584 λευκοῦ
3655 5526 3750 5584 καὶ

2091 5625 2189 5678 τοῦ
2226 5618 2481 5694 μέλανος.
2513 5615 2711 5694 Ὥχρὸν
2741 5616 2842 5694 γὰρ
2881 5615 2973 5672 καὶ
3029 5616 3234 5697 πυῤῥὸν
3294 5616 3383 5673 καὶ
3443 5617 3600 5699 φαιὸν
3658 5616 3751 5673 καὶ
